4032 6202
464 328 580 398 967
1753 337 2033 404 MENSIS

2207 337 2524 404 'UARIUS.
3701 345 3799 414 968

1723 663 2552 829 ΑΘΛΗΣΙΣ

553 977 901 1107 ΤΟΥ
1015 976 1549 1108 ΑΓΙΟΥ
1661 975 2927 1108 ΙΕΡΟΜΑΡΥΡΟΣ
3043 981 3742 1114 ΒΑΒΥΛΑ

1622 1236 2171 1290 ΑΡΧΙΕΠΙΣΚΟΠΟΥ
2231 1237 2666 1291 ΑΝΤΙΟΧΕΙΑΣ.

471 521 3784 550 __________._______________________________________

1775 1561 2335 1670 CERTAM
2355 1560 2535 1670 EN

1147 1832 1918 1922 SACBOSANCTI
2002 1831 2576 1916 MARTYRIS
2648 1833 3110 1921 BABYLE

1606 2030 2176 2100 ARCHIEPISCOPI
2232 2031 2693 2098 ANTIOCHIE.

780 2211 1018 2280 (Graec:
1057 2217 1236 2268 textus
1261 2224 1399 2265 nunc
1429 2207 1646 2280 primum
1687 2205 1848 2278 prodit
1878 2220 1941 2260 ex
1968 2201 2140 2260 codice
2170 2201 2332 2268 Regio
2363 2203 2645 2263 Parisiensi
2681 2225 2732 2265 n.
2769 2210 2906 2269 1607
2937 2217 3129 2278 notato,
3163 2213 3340 2270 seculi
3369 2215 3522 2284 xm.)

540 2488 588 2552 Ι.
617 2488 764 2553 Cum
795 2487 1205 2553 Numerianus
1229 2494 1463 2568 sceptra
1493 2485 1895 2548 Romanorum
1927 2503 2132 2550 acce-i

2273 2485 2362 2546 A'.
2428 2496 2786 2568 Νυυμεριανοῦ
2853 2493 2918 2550 τὰ
3005 2482 3283 2568 Ῥωμαίων
3355 2497 3608 2569 σκῆπτρι
3686 2491 3811 2569 παρὰ

464 2581 650 2662 pisset
699 2599 733 2642 a
760 2577 1133 2662 parentibus,
1167 2577 1375 2640 fuisset
1405 2585 1601 2639 autem
1635 2575 1827 2638 haeres
1869 2575 2046 2638 illoru

2223 2573 2440 2662 πατέρων
2501 2578 2872 2656 ἐκδεξαμένου,
2919 2581 3262 2662 κληρονόμου
3289 2581 3341 2640 δὲ
3377 2584 3466 2640 καὶ
3499 2587 3595 2649 τῆς
3624 2580 3815 2636 ἐκείνων

458 2660 1170 2749 impietatis,movebatur
1192 2685 1374 2746 grave
1399 2675 1456 2727 et
1485 2665 1746 2726 immane
1769 2664 1990 2727 bellum
2012 2685 2044 2726 a

2220 2660 2440 2729 εσεδείας
2522 2673 2904 2748 γεγενημένου,
2965 2660 3126 2749 βαρὺς
3187 2676 3215 2730 ὁ
3299 2673 3440 2729 κατᾶ
3513 2675 3812 2747 Χριστιανῶν

459 2777 668 2822 versus
689 2757 1302 2822 Christianos.0mnia
1326 2756 1487 2818 enim
1515 2765 1745 2828 aatas,et
1764 2774 1951 2832 genus
1977 2774 2051 2816 on

2218 2753 2432 2829 πόλεμος
2479 2757 2735 2841 ἐκινεῖτο,
2794 2764 2881 2819 καὶ
2912 2761 3137 2842 σφοδρὸν
3170 2761 3317 2820 ἔπνει
3349 2766 3443 2819 καὶ
3479 2759 3810 2840 ἀγριώτατον.

461 2868 538 2912 ne
560 2848 897 2930 eorum.qui
925 2848 1203 2928 pietatem
1229 2845 1832 2925 delegerant.acerbis
1854 2853 2053 2908 torme:

2218 2844 2348 2900 Ιᾶσά
2393 2867 2449 2902 τε
2507 2849 2607 2925 γὰρ
2651 2850 2833 2918 ἡλικία
2876 2854 2967 2909 καὶ
3015 2853 3170 2930 γένος
3228 2851 3364 2908 ἂπαν
3419 2855 3528 2908 τῶν
3570 2846 3810 2907 εὐσέϐειαν

459 2937 536 2999 tis
557 2944 616 2998 et
635 2936 796 3016 gravi
819 2945 1008 2998 morte
1028 2933 1615 3015 interibant.[mpius
1640 2952 1780 3013 ergo
1803 2932 2049 2996 Numeri

2216 2931 2465 3008 ιλομὲνων
2515 2939 2768 3021 βασάνοις
2812 2957 3033 3020 πικραῖς
3085 2944 3174 2998 καὶ
3217 2942 3430 3014 θανάτῳ
3473 2939 3696 3021 χαλεπῷ
3745 2934 3808 2991 δι·

456 3043 569 3088 nus
590 3027 926 3088 Antiochiae
948 3024 1270 3104 aliquando
1293 3041 1700 3104 versans,quae
1721 3023 1890 3084 estad
1910 3022 2048 3104 Dapl

2217 3024 2520 3100 ηιρθείροντο,
2589 3020 2644 3087 Ὀ
2698 3031 2867 3088 τοίνυν
2932 3029 3286 3096 ἀσεϐέστατος
3351 3020 3723 3110 Νουμεριανὸς,
3763 3026 3809 3082 ἓν

456 3133 599 3195 neu,
627 3133 703 3176 ne
725 3115 1019 3177 abstinuit
1043 3113 1284 3195 quidem
1313 3132 1342 3175 a
1371 3131 1542 3175 sacro
1565 3113 1786 3202 templo
1822 3113 2042 3176 Christi

2223 3123 2507 3194 Αντιοχείᾳ
2552 3125 2618 3195 τῇ
2650 3123 2782 3198 πρὸς
2837 3123 3053 3202 Δάφνην
3098 3145 3230 3180 ποτε
3261 3119 3568 3198 διατρίϐων,
3603 3116 3708 3178 οὐδὲ
3735 3121 3809 3173 τοῦ

455 3222 696 3279 norum,
729 3203 836 3266 sed
889 3204 1070 3265 etiam
1122 3203 1410 3264 adversus
1461 3202 1518 3264 id
1566 3201 1741 3264 struit
1792 3202 2047 3283 quemda

2221 3209 2339 3278 εροῦ
2382 3206 2489 3263 τῶν
2548 3214 2876 3286 Χριστιανῶν
2933 3201 3185 3287 τεμένους
3217 3211 3523 3291 ἀπέσχετο,
3555 3207 3684 3266 ἀλλά
3710 3227 3810 3262 τινα

459 3277 691 3357 dolum,
716 3291 786 3355 Et
808 3312 944 3355 cum
977 3292 1355 3355 daemonibus
1379 3292 1454 3353 de
1492 3310 1660 3354 more
1689 3277 2051 3354 sacrificasse

2216 3293 2285 3349 ιαὶ
2323 3291 2442 3350 κατ’
2483 3298 2642 3358 αὖτοῦ
2683 3297 2836 3357 δόλον
2884 3301 3116 3380 ὑφαίνει.
3183 3302 3278 3359 Καὶ
3336 3298 3606 3380 δαίμοσιν,
3657 3297 3808 3371 ὥσπερ

466 3393 524 3447 et
545 3383 766 3446 caedem
791 3382 1034 3445 fecisset
1053 3383 1312 3445 maxime
1337 3381 1693 3460 nefariam(l
1709 3382 1994 3462 ),infante
2011 3382 2053 3444 il

2212 3381 2311 3445 ἔθος
2347 3387 2512 3465 αὐτῷ,
2570 3388 2756 3463 θύσας,
2809 3411 2897 3447 και
2949 3391 3160 3449 πάντων
3222 3389 3578 3470 ἒναγέστατον
3609 3385 3804 3466 ὶργασά·

466 3473 628 3552 regis
650 3472 796 3547 tilio,
817 3490 995 3554 quem
1025 3490 1060 3534 a
1082 3481 1250 3552 patre
1276 3490 1380 3552 pro
1406 3471 1566 3552 pacis
1591 3471 1837 3552 pignore
1858 3489 2058 3553 accepi

2215 3493 2360 3535 ιενος
2405 3476 2589 3556 φόνον,
2621 3479 2682 3534 τὸ
2715 3478 2921 3537 παιδίον
2975 3480 3152 3537 ἐκεῖνο
3184 3481 3244 3538 τὸ
3285 3479 3593 3558 βασιλικὸν,
3623 3477 3652 3534 ’ὁ
3689 3474 3807 3552 παρᾶ

459 3573 574 3639 rat,
602 3562 1024 3626 crudelissime
1045 3561 1563 3642 occiso,pergebat
1592 3563 1664 3623 ad
1696 3561 2039 3636 ecclesiam,

2211 3568 2293 3650 τοῦ
2349 3566 2546 3642 πατρὸς
2597 3568 2828 3648 ἀσφαλὲς
2873 3569 3122 3650 ἐνέχυρον
3179 3575 3282 3638 τῆς
3327 3571 3552 3646 εἰρήνης
3604 3566 3803 3644 siluis“.

462 3655 572 3718 Dei
593 3653 877 3734 templum
904 3653 1234 3714 conabatur
1258 3653 1572 3732 profanare
1588 3669 1695 3732 per
1708 3670 1881 3712 suum
1903 3652 2054 3714 intro

2212 3649 2544 3718 ἰιπηνέστατα
2594 3649 2991 3739 κατασφάξας,
3032 3661 3158 3739 πρὸς
3218 3661 3317 3727 τὴν
3375 3657 3666 3726 ἐκκλησίαν
3713 3655 3804 3721 ἠπ-

463 3741 771 3806 tum.Nam
796 3743 908 3804 hoc
926 3761 1163 3824 quoque
1183 3741 1556 3804 existimabat
1577 3760 1710 3803 esse
1734 3760 1852 3802 non
1872 3760 2049 3822 parvu

2214 3741 2395 3818 είγετο,
2457 3747 2544 3801 καὶ
2600 3744 2906 3823 βεϐηλῶσαι
2951 3749 3011 3804 τὸ
3077 3755 3158 3806 τοῦ
3201 3756 3334 3808 Θεοῦ
3361 3747 3588 3824 τέμενος
3619 3744 3698 3802 διὰ
3731 3743 3806 3807 τῆς

461 3834 687 3898 cultum
712 3833 1045 3896 deorum.si
1067 3831 1142 3893 ab
1168 3851 1239 3894 eo
1267 3832 1719 3912 profanarentur
1741 3843 1801 3893 et
1821 3840 2052 3894 contam

2212 3832 2394 3896 >ἷκείας
2457 3836 2588 3904 πρὸς
2647 3838 2713 3894 τὰ
2757 3835 2899 3894 ἔνδον
2957 3837 3230 3918 ἐπεχείρει
3257 3835 3518 3918 παρόδου,
3550 3831 3804 3914 Θεραπείαν

462 3932 752 3986 narentur
771 3933 976 3986 sancta
997 3921 1752 3987 Christianorum.Divinus
1779 3931 1974 3985 autem
1997 3922 2054 3984 B:

2211 3921 2323 4007 γὰρ,
2346 3919 2462 4001 ᾔδει
2493 3926 2580 3981 καὶ
2638 3933 2792 3983 τοῦτο
2837 3925 3104 4003 δαιμόνων
3137 3931 3196 3986 οὗ
3227 3929 3444 4007 μικρὰν,
3478 3930 3528 3984 εἰ
3555 3921 3803 4004 βεϐηλωθῇ

461 4013 627 4096 bylas
641 4035 711 4077 eo
732 4023 848 4076 tem
859 4033 1154 4094 pore,quo
1173 4013 1272 4075 hic
1296 4023 1462 4076 actus
1475 4011 2052 4086 adornabatur,cura

2209 4005 2327 4087 παρ’
2382 4009 2538 4068 αδδτοό
2591 4015 2677 4072 καὶ
2733 4015 2990 4096 χρανθείη
3039 4016 3106 4072 τὰ
3151 4017 3258 4074 τῶν
3292 4005 3621 4096 Χριστιανῶν
3678 4010 3801 4086 ἅγια·

464 4123 684 4182 gerens
706 4105 859 4166 sacri
883 4105 1080 4183 gregis
1107 4103 1556 4175 Antioclieni,et
1585 4101 1791 4164 sedem
1823 4102 2056 4164 admini:

2211 4097 2438 4168 Βαϐύλας
2470 4101 2524 4160 δὲ
2556 4107 2583 4162 ὁ
2612 4109 2778 4186 θεῖος,
2807 4109 2946 4164 κατὰ
2975 4109 3066 4166 τὸν
3131 4111 3311 4188 καιρὸν
3363 4108 3573 4166 ἐκεῖνον
3616 4101 3722 4162 καθ’
3757 4096 3803 4154 ὅν

464 4199 630 4254 trans
653 4194 1228 4273 episc0palem,cum
1254 4192 1356 4254 diu
1374 4191 1681 4272 ante,quid
1711 4191 1910 4253 animo
1932 4195 2056 4271 agit;

2209 4192 2257 4248 τὸ
2315 4189 2487 4271 δρᾶμα
2532 4204 2964 4272 συνεσκευάζετο,
3012 4202 3110 4265 τῆς
3169 4201 3312 4276 ἱερᾶς
3365 4205 3472 4255 τῶν
3511 4189 3801 4271 Ἀντιοχέων

460 4290 554 4344 ret
595 4291 653 4344 et
686 4281 1076 4344 meditaretur
1129 4291 1437 4363 tyrannus,
1472 4290 1530 4343 et
1577 4282 1738 4359 quod
1771 4299 2049 4344 accessur

2209 4281 2437 4356 ποίμνης
2485 4284 2927 4362 ἐπιμελούμενος,
2989 4290 3074 4344 καὶ
3117 4290 3207 4344 τὸν
3259 4295 3352 4346 τοῦ
3387 4286 3674 4345 ἐπισκόπου
3700 4279 3801 4356 Θρό-

462 4381 614 4454 erat,
644 4380 703 4435 et
747 4390 1005 4453 quonam
1040 4373 1242 4446 modo,
1276 4371 1720 4449 intellexisset;
1772 4390 2031 4452 cumque

2207 4393 2295 4427 νον
2353 4369 2569 4449 διέπων,
2602 4376 2701 4443 την
2760 4376 2995 4435 ἐπίνοιαν
3046 4377 3266 4454 ἐκείνην,
3302 4381 3364 4434 hx
3392 4376 3596 4435 πολλοῦ
3622 4374 3698 4432 καὶ
3722 4368 3799 4432 τὴν

461 4463 688 4544 templo
732 4474 1092 4541 congregata
1121 4461 1401 4524 universa
1421 4462 1660 4543 piorum
1708 4461 2052 4524 multitudin

2208 4460 2460 4539 μελέτην,
2523 4468 2610 4523 καὶ
2663 4466 2751 4523 ὅτε
2803 4470 2829 4524 ὁ
2893 4469 3144 4546 τύραννος
3207 4469 3480 4543 ὶπισταίη,
3548 4468 3630 4526 καὶ
3682 4462 3800 4518 ὅπως

464 4553 609 4614 satis
633 4570 738 4616 eos
759 4551 1092 4628 incitasset,
1117 4562 1178 4614 ut
1201 4570 1376 4633 opem
1397 4552 1623 4614 ferrent
1646 4551 1752 4614 Dei
1775 4551 2032 4631 legibus,

2207 4553 2410 4632 μαθὼν,
2459 4556 2798 4634 συναθροίσας
2845 4559 2905 4613 τὸ
2958 4555 3170 4620 εὐσεϐὲς
3203 4557 3340 4616 ἅπαν
3373 4559 3509 4615 κατὰ
3565 4558 3648 4613 τὸν
3699 4549 3799 4606 ναὸν

461 4659 608 4722 quas
633 4641 1024 4703 exercebatur
1056 4644 1339 4724 tyrannis,
1370 4641 1770 4724 precibusque
1803 4650 1860 4704 et
1882 4641 2053 4722 suppl

2206 4639 2498 4724 πλήρωμα,
2552 4645 2647 4701 καί
2680 4647 2897 4711 τούτους
2939 4648 3134 4724 ἀμῦναι
3191 4662 3306 4712 τοῖς
3358 4657 3450 4707 τοῦ
3492 4645 3623 4706 Θεοῦ
3653 4642 3798 4716 νόμοις

459 4730 796 4793 cationibus
813 4730 920 4794 Dei
949 4731 1286 4795 invocasset
1307 4733 1618 4806 auxilium,
1645 4747 1866 4812 magno
1897 4740 1953 4793 et
1981 4731 2051 4793 ἴοι

2206 4733 2634 4808 τυραννουμένοις
2692 4736 2885 4800 ἱκανῶς
2962 4738 3290 4814 παραθήξας,
3350 4740 3438 4795 καὶ
3509 4735 3705 4807 δεήσεσι
3753 4726 3798 4781 τδ

455 4820 656 4884 animo
683 4829 796 4884 stat
817 4831 958 4886 ante
980 4831 1178 4903 portas
1204 4823 1428 4904 templi.
1472 4821 1542 4883 Et
1572 4840 1707 4884 cum
1742 4825 2047 4904 perrupiss

2202 4826 2359 4877 Θεϊον
2389 4825 2478 4879 καὶ
2509 4840 2846 4906 προσευχαῖς
2881 4828 2955 4892 εἰς
2987 4829 3303 4908 συμμαχίαν
3334 4827 3589 4899 καλέσας,
3623 4819 3794 4908 ἀνδρειῗ

455 4910 1091 4992 supercilliumeorum
1117 4914 1215 4992 qui
1243 4909 1988 4991 praecedebant,etfastum
2017 4930 2047 4973 e

2205 4910 2363 4967 ότατα
2417 4915 2520 4992 πρὸ
2563 4921 2666 4973 τῶν
2709 4904 2802 4972 τοῦ
2859 4923 2988 4975 ναοῦ
3045 4904 3226 4974 πυλῶν
3268 4917 3512 4998 ἵσταται,
3545 4917 3628 4975 καὶ
3655 4904 3797 4968 διόιιόο

458 4999 718 5082 rum.qui
743 5000 1007 5082 gloriose
1033 5010 1090 5063 et
1108 4999 1371 5082 superbe
1395 4998 1752 5062 incedebant
1769 4998 2050 5062 satellitur

2204 5003 2307 5074 ψας
2357 5003 2454 5070 τὴν
2515 5005 2674 5084 ὀφρὺν
2735 5013 2840 5064 τῶν
2901 5007 3344 5086 προηγουμένων,
3393 5012 3498 5065 τῶν
3540 5001 3796 5066 σοϐούντων

460 5089 730 5171 inquam,
758 5099 816 5152 et
837 5091 1210 5172 stipatorum,
1240 5090 1600 5153 sceleratum
1625 5088 1792 5151 illum
1818 5089 2052 5152 accede:

2203 5092 2290 5145 τὸν
2347 5093 2527 5173 τύφον,
2586 5106 2704 5159 τοὺς
2763 5094 3102 5177 δορυφόρους,
3150 5099 3270 5163 τοὺς
3317 5099 3666 5166 ὑπασπιστὰς.
3715 5087 3795 5144 ξπ·

460 5185 583 5242 tem
640 5180 993 5262 increpavit,
1028 5189 1086 5243 et
1119 5181 1204 5261 (2)
1244 5181 1545 5243 dexteram
1582 5179 1711 5260 ejus
1746 5179 1974 5262 pectori
2003 5197 2052 5241 ai

2204 5181 2422 5255 ετίμησε
2453 5184 2530 5258 τῷ
2566 5192 2741 5263 μιαρῷ
2787 5175 2971 5262 ἐκείνῳ
3027 5189 3321 5266 προσιόντι,
3381 5191 3471 5247 καὶ
3514 5189 3609 5257 τὴν
3661 5175 3796 5266 δεξιᾶν

462 5269 731 5352 movit;et
755 5271 844 5333 sic
871 5270 1190 5332 retardavit
1213 5269 1343 5351 ejus
1365 5270 1651 5350 impetum
1681 5270 1740 5331 in
1771 5269 2054 5332 ecclesiam

2201 5269 2273 5333 είς
2330 5273 2390 5326 τὸ
2417 5275 2610 5339 στῆθος
2641 5273 2927 5351 ἆπήρεισε,
2960 5278 3048 5334 καὶ
3070 5265 3249 5344 οὕτως
3300 5280 3456 5338 αὐτὸν
3485 5284 3584 5347 τῆς
3634 5275 3696 5336 εἰς
3719 5265 3793 5331 τὴν

458 5367 518 5420 et
549 5358 722 5421 illum
759 5379 792 5422 a
821 5363 1012 5422 sacris
1043 5361 1268 5442 repulit
1296 5360 1645 5423 ambitibus.
1685 5361 1975 5440 Loquenti
2005 5380 2050 5422 ai

2202 5357 2490 5427 ἐκκλησίαν
2547 5363 2716 5442 ὁρμῆς
2774 5365 3066 5447 ἀνέστειλε,
3129 5369 3218 5424 καὶ
3269 5375 3377 5425 τῶν
3404 5371 3555 5448 ἱερῶν
3584 5365 3794 5424 ἀπώσατο

459 5457 577 5512 tem
625 5449 964 5514 libertatem
999 5451 1326 5513 admiratus
1379 5449 1805 5531 Numerianus,
1839 5459 1899 5511 et
1945 5450 2051 5512 illii

2199 5449 2517 5529 περιϐόλων.
2566 5453 2675 5520 Τὴν
2721 5453 3016 5534 παῤῥησίαν
3070 5457 3242 5514 τοίνυν
3288 5456 3646 5537 καταπλαγεὶς
3683 5457 3791 5537 NW”

455 5537 673 5604 famam
711 5549 998 5621 preterea
1041 5542 1357 5616 reveritus,
1390 5557 1519 5622 quae
1547 5547 1675 5603 erat
1718 5558 1930 5620 magna
1955 5545 2047 5602 eti

2199 5542 2471 5622 μεριανὸς,
2517 5544 2648 5621 πρὸς
2693 5541 2746 5599 δὲ
2807 5547 2893 5602 καὶ
2939 5545 3037 5613 τὴν
3093 5553 3187 5603 τοῦ
3229 5545 3421 5628 ἀνδρὸς
3454 5535 3635 5625 φήμην
3662 5535 3791 5598 εὐλα-

533 5675 614 5746 (1)
645 5673 918 5733 Pluribus
971 5673 1145 5758 hujus
1176 5672 1281 5732 niti
1319 5673 1473 5746 regis
1502 5687 1704 5757 necem
1733 5671 2006 5733 describit
2041 5673 2098 5733 S.
2257 5675 2346 5808 (ιᾶ
2367 5677 2820 5749 Cbrysostomus
2848 5700 2860 5734 :
2893 5678 3238 5740 «Dexteram
3269 5681 3572 5754 impactum
3615 5680 3664 5737 in
3689 5679 3792 5744 νεα·

533 5757 910 5808 irvsostomus
941 5745 1178 5805 homine
1209 5756 1407 5805 contra
1440 5746 1706 5808 gentiles.
2190 5759 2285 5808 tus
2347 5749 2562 5808 rmavit
2583 5751 2668 5808 ira
2697 5747 3012 5808 tumidum
3043 5765 3112 5808 ac
3139 5751 3295 5808 caede
3320 5752 3565 5808 fervens.
3599 5773 3621 5807 ι
3649 5755 3739 5808 etc.

459 5745 910 5821 Chrysostomus
941 5745 1178 5805 homilia
1209 5745 1407 5805 contra
1440 5746 1706 5820 gentiles.
2190 5745 2285 5810 tus
2305 5745 2562 5809 ﬁrmavit
2583 5751 2668 5810 ira
2697 5747 3012 5824 turgidum
3043 5765 3112 5810 ac
3139 5751 3295 5812 cede
3320 5745 3565 5822 fervens,
3599 5773 3621 5807 ι
3649 5755 3739 5808 etc.
