4032 6202
228 347 346 410 969

1580 355 1761 417 VITA
1808 356 1869 417 S.
1917 350 2261 419 BABYL/E.

3477 354 3596 418 970

222 483 403 553 ϐηθείς
447 484 668 563 (πολὺς
713 486 812 564 γὰρ
857 486 924 553 ἦν
973 484 1222 565 ταύτην),
1257 489 1468 551 ἓκεῖνος
1502 484 1570 543 δι’
1616 488 1864 545 ἁπάντων

1957 468 2187 549 omnem
2217 496 2441 569 partem
2477 488 2861 570 pervadebat;
2886 506 2959 549 an
2983 486 3197 550 audaci
3222 495 3361 548 tunc
3388 494 3590 568 ccepto

220 575 425 653 ἒχώρει
458 591 473 606 ·
537 579 636 640 τῆς
681 582 920 649 πονηρᾶς
968 576 1097 639 τέως
1144 575 1423 655 ἀπέσχετο
1482 575 1714 652 τόλμης,
1757 578 1870 634 εἴτε

219 663 409 719 στάσιν
455 686 568 719 τινα
629 668 761 740 πρὸς
822 673 915 721 τοῦ
973 663 1147 745 ὄχλου
1192 666 1515 742 γενήσεσθαι
1550 665 1868 743 ὅπιδὸμενος

219 753 334 831 (καὶ
393 754 494 830 γὰρ
581 753 718 810 πολὺ
796 753 998 820 πλῆθος
1072 756 1194 810 ἐκεῖ
1250 753 1707 821 συνεληλύθεισαν
1763 762 1871 812 τῶν

218 847 480 921 πιστῶν),
516 842 628 897 εἴτε
660 840 725 909 δὴ
750 846 839 900 καὶ
870 842 1049 905 ἄλλως
1094 846 1235 917 αὖτῷ
1263 842 1570 921 βουλευθὲν,
1608 844 1868 924 χαλεπῶς

219 931 408 1006 μέντοι
440 933 530 988 καὶ
562 932 794 1010 βαρέως,
829 938 956 1010 σιγῇ
989 930 1044 989 δὲ
1097 932 1247 1007 ὅμως
1294 940 1391 1000 τὴν
1423 931 1573 1012 ὕϐριν
1606 935 1866 1012 ἐνεγκὼν,

219 1021 569 1101 ἀναστρέφειν
599 1020 805 1078 κελεύει
839 1024 970 1101 πρὸς
994 1024 1060 1079 τὰ
1090 1021 1359 1099 βασίλεια.

305 1110 393 1171 Β’.
442 1118 521 1188 Τῇ
550 1110 603 1167 δὲ
636 1111 756 1179 ἑξῆς
788 1115 881 1168 τὸν
933 1112 1190 1192 ἀρχιερέα
1224 1113 1736 1191 παραστησάμενος,
1770 1116 1869 1182 τὴν

227 1210 316 1258 τοὺ
374 1208 502 1258 ναοῦ
559 1200 791 1261 κώλυσιν
847 1203 920 1266 ὡς
951 1202 1184 1281 φανερὰν
1214 1199 1367 1280 ὕϐριν
1401 1204 1544 1274 αὖτῷ
1600 1202 1867 1284 ἐνεκάλει,

216 1292 333 1363 καὶ,
367 1292 477 1348 Τίνι
497 1289 721 1368 θαῤῥῶν,
761 1289 968 1370 ἔλεγεν,
1001 1293 1046 1346 ὦ
1085 1290 1290 1347 πάντων
1323 1290 1619 1348 ἁθλιώτατε
1649 1296 1735 1366 συ,
1770 1299 1868 1361 τῆς

217 1378 298 1443 εἷς
341 1380 432 1433 τὸν
463 1380 590 1434 ut».
622 1377 829 1435 εἰσόδου
860 1380 919 1435 τὸ
978 1378 1109 1453 ἐμὸν
1154 1380 1348 1457 κράτος
1380 1378 1690 1455 ἐτόλμησας
1744 1382 1867 1438 ἐπι-

219 1470 388 1547 σχεῖν
421 1488 437 1540 ;
469 1468 503 1536 ἢ
535 1467 753 1546 ἀγνοεῖς
786 1468 909 1525 ὅσον
932 1469 1070 1525 ἐστὶν
1102 1471 1266 1526 κακὸν
1296 1472 1330 1538 ἡ
1363 1470 1437 1533 εἷς
1468 1470 1692 1546 βασιλέα
1723 1469 1867 1552 ὕϐρις

217 1559 311 1613 καὶ
340 1557 612 1633 παρονίας
678 1550 735 1615 Ὀ
795 1556 872 1629 δὲ,
925 1565 1042 1615 Τῶν
1072 1559 1157 1615 ἐπὶ
1190 1565 1292 1636 γῆς
1327 1559 1424 1633 μέδ
1472 1559 1665 1639 οὖδενὶ,
1712 1563 1866 1641 φησὶ,

216 1653 297 1719 τῷ
353 1648 409 1702 ἐν
439 1648 686 1718 οὗρανοῖς
718 1644 773 1704 δὲ
802 1649 1068 1713 πεποιθὼς
1117 1646 1356 1723 βασιλεῖ,
1410 1648 1467 1713 ὅς
1504 1672 1570 1723 με
1617 1656 1703 1707 καὶ
1739 1674 1865 1708 ποι-

220 1735 355 1809 μένα
398 1742 504 1791 τῶν
551 1738 710 1793 αὑτοῦ
740 1734 1024 1814 προϐάτων
1084 1736 1250 1809 ἔθετο,
1319 1741 1410 1793 καί
1468 1742 1601 1815 πρὸς
1633 1742 1729 1807 τὴν
1777 1751 1867 1800 τ-ῖῦ

1953 577 2203 652 destitit,
2237 576 2360 640 sive
2392 579 2731 659 suspicatus
2779 579 3035 645 futuram
3070 576 3385 658 quamdam
3420 595 3452 637 a
3480 595 3591 657 po-

1952 666 2091 747 pulo
2149 666 2508 730 seditionem
2573 667 2737 748 (illuc
2785 668 2947 730 enim
2983 673 3352 728 convenerat
3385 683 3595 744 magna

1955 756 2271 818 multitudo
2306 756 2627 836 ﬁdelium),
2678 758 2805 821 sive
2856 755 3058 837 aliquo
3089 753 3206 817 alio
3238 773 3271 815 a
3322 772 3386 815 se
3419 762 3592 834 capto

1953 846 2226 920 consilio,
2259 864 2429 928 aeque
2462 847 2705 929 quidem
2754 858 2814 910 et
2870 846 3152 925 graviter,
3214 843 3319 907 sed
3352 843 3593 906 silentio

1954 942 2150 996 tamen
2183 935 2384 998 ferens
2414 937 2866 1013 contumeliam,
2893 945 2950 998 et
2980 952 3259 998 reversus
3284 944 3376 996 est
3404 933 3465 995 in
3496 951 3591 995 re-

1949 1030 2130 1103 giam.

2035 1112 2219 1177 ll.Die
2248 1123 2448 1176 autem
2472 1116 2750 1200 sequenti
2778 1135 2916 1178 cum
2936 1114 3011 1178 ad
3033 1133 3098 1176 se
3136 1113 3589 1196 producendum

1951 1213 2215 1266 curasset
2231 1205 2765 1287 pontiﬁcem,quod
2781 1222 2846 1267 se
2864 1223 2896 1268 a
2909 1204 3130 1284 templo
3152 1204 3585 1285 prohibuisset,

1952 1300 2228 1375 tanquam
2266 1296 2578 1357 manilesta
2610 1294 2861 1357 allectus
2913 1294 3298 1370 contumelia,
3331 1312 3465 1357 eum
3501 1309 3592 1357 est

1949 1383 2327 1465 criminatus;
2361 1395 2444 1459 et,
2479 1383 2778 1459 Quonam,
2813 1386 3031 1465 inquit,
3065 1384 3276 1458 fretus,
3314 1404 3347 1447 ο
3381 1393 3442 1446 ιιι
3466 1404 3593 1447 om-

1951 1478 2113 1534 nium
2144 1481 2669 1549 miserrime,ansus
2692 1494 2754 1535 es
2779 1494 2962 1536 meum
2989 1479 3238 1535 retinere
3252 1483 3588 1550 potentiam,

1954 1575 2025 1616 ne
2050 1563 2103 1617 in
2136 1563 2415 1633 tr‘mplum
2438 1562 2813 1634 ingrederer?
2831 1562 3028 1621 Nescis
3051 1572 3331 1634 quantum
3356 1562 3424 1619 sit
3466 1579 3590 1622 ma-

1950 1643 2073 1705 lum
2110 1646 2326 1726 probro
2354 1654 2413 1708 et
2440 1646 2800 1709 contumelia
2838 1646 3080 1708 afﬁcere
3111 1646 3536 1726 imperatorem
3563 1654 3591 1710 ?

1947 1735 2053 1799 llle
2075 1748 2293 1814 autem,
2319 1738 2493 1802 Nullo
2519 1738 2787 1819 quidem,
2823 1738 3041 1817 inquit,
3075 1755 3285 1801 eorum
3318 1740 3414 1819 qui
3450 1750 3591 1800 sunt

217 1824 383 1882 λύκου
412 1824 684 1883 καθεύδειν
741 1826 929 1905 ἔφοδον
984 1830 1079 1884 οὐκ
1112 1828 1170 1898 ἑᾷ
1203 1844 1216 1858 ⁸
1278 1830 1371 1884 οὔκ
1417 1829 1490 1891 εἰς
1521 1829 1744 1905 βασιλέα
1804 1853 1864 1908 γε

1957 1827 2007 1886 in
2034 1835 2214 1901 terra,
2246 1828 2348 1889 sed
2381 1828 2567 1890 fretus
2596 1826 2757 1907 Rege
2815 1826 2914 1909 qui
2939 1828 3107 1890 estin
3132 1827 3323 1903 malis,
3358 1828 3458 1909 qui
3493 1848 3587 1890 me

220 1917 333 1989 μὴν
379 1912 567 1993 ὕϐρισα
623 1914 857 1993 (αὔθαδες
916 1916 1017 1995 γὰρ
1060 1916 1134 1980 ὡς
1193 1915 1405 1982 ἂληθῶς
1456 1924 1616 1974 τοῦτο
1668 1921 1754 1974 καὶ
1807 1922 1866 1978 οὗ

1957 1918 2124 1978 etiam
2150 1917 2288 1978 fecit
2314 1927 2609 1997 pastorem
2628 1936 2872 1980 suarum
2896 1917 3320 1999 ovium,neqne
3337 1936 3431 1979 me
3455 1917 3593 1978 dor-

219 2001 400 2080 πόρῤω
430 2004 675 2084 μανίας),
729 2002 850 2059 ἀλλ’
884 2005 958 2066 εἷς
989 2005 1054 2060 τὰ
1086 2001 1211 2079 ἅγια
1245 2002 1510 2080 ἐνυϐρίσαι
1543 2006 1866 2078 πειραθέντα

218 2091 478 2171 ἐπέσχον,
540 2077 694 2150 Ὥστε
738 2096 827 2149 καὶ
871 2093 1033 2173 χάριν
1077 2090 1137 2148 o3
1194 2114 1243 2149 τι
1297 2096 1494 2173 μικρὰν
1526 2092 1713 2151 εἰδέναι
1773 2120 1864 2171 μοι

218 2179 425 2245 δίκαιος
459 2181 519 2238 ἄν
551 2183 699 2256 εἴης,
735 2181 816 2238 ὅτι
864 2204 923 2237 σε
970 2182 1213 2238 τοιούτου
1268 2181 1567 2240 διεκώλυσα
1600 2184 1863 2265 ἐγχειρή-

220 2293 417 2351 ματος,
447 2271 536 2351 67’
563 2274 625 2329 οὗ
651 2274 787 2341 πρὸς
817 2271 1053 2351 ἔσχατον
1084 2273 1143 2327 ἃν
1203 2273 1553 2353 κατηνέχθης
1604 2274 1863 2353 βάραθρον

218 2360 490 2425 ἀπωλείας
520 2363 593 2426 εἷς
627 2362 786 2418 αὒτὸν
818 2361 1095 2441 ἁμαρτὼν,
1130 2362 1189 2418 οὗ
1244 2363 1302 2417 τὸ
1353 2365 1608 2418 ἐκπεσεῖν
1639 2365 1863 2423 θανάτου

220 2452 420 2512 παντὸς
455 2450 867 2531 χαλεπώτερον,
907 2453 1002 2510 Καὶ
1034 2453 1061 2506 ὃ
1088 2454 1475 2527 Νουμεριανὸς,
1514 2452 1669 2528 Δέον,
1703 2457 1856 2534 φησὶ,

219 2539 307 2597 ἐπὶ
362 2553 485 2606 τοῖς
536 2543 764 2622 φθάσασι
812 2540 1260 2617 μεταμελεῖσθαι,
1321 2541 1461 2598 ἀλλὰ
1492 2543 1617 2620 σύγε
1650 2564 1859 2621 μακρο-

218 2628 383 2707 τέρας
438 2633 578 2705 ἡμῖν
615 2631 907 2712 καταχέεις
959 2632 1055 2693 τὰς
1092 2628 1384 2709 λοιδορίας.
1426 2634 1520 2688 Καὶ
1577 2635 1602 2687 ὁ
1659 2635 1859 2710 ξιᾶρτυς

219 2715 531 2794 ὑπολαϐὼν,
590 2724 700 2780 Οὐκ
729 2717 897 2786 ἔξεστι
932 2720 1031 2795 μὲν
1066 2721 1204 2795 ἡμῖν
1235 2721 1362 2798 τάγε
1394 2719 1555 2795 ἄλλα,
1602 2719 1731 2802 ἔφη,
1762 2721 1860 2775 ἂν-

219 2808 444 2885 θρώπων
488 2808 656 2866 ουδενὶ
715 2808 1097 2888 λοιδορεῖσθαι,
1136 2807 1325 2866 οὔκουν
1369 2807 1485 2869 οὗδὲ
1536 2811 1617 2865 σοὶ
1674 2808 1860 2865 λοιδο-

1952 2006 2100 2066 mire
2129 2005 2295 2082 sinit,
2332 2026 2465 2069 cum
2518 2008 2695 2088 lupus
2751 2006 2946 2086 irruit,
3009 2007 3434 2086 imperatorem
3468 2025 3588 2068 non

1947 2094 2121 2156 alfeci
2144 2097 2508 2160 contumelia
2525 2105 2705 2175 (esset
2727 2096 2888 2159 enim
2905 2096 3017 2158 hoc
3040 2095 3372 2159 insolentiae
3385 2106 3590 2177 etpro-

1949 2185 2270 2264 pemodum
2300 2185 2596 2266 insanire),
2617 2184 2724 2249 sed
2750 2205 2883 2248 cum
2910 2185 3089 2248 vellet
3118 2194 3323 2249 sancta
3347 2185 3591 2248 allicere

1946 2274 2330 2348 contumelia,
2365 2277 2655 2339 continui.
2689 2274 3092 2348 Quamobrem
3152 2273 3409 2337 deberes
3444 2275 3586 2336 mihi

1949 2381 2065 2423 non
2093 2381 2324 2442 parvam
2351 2365 2465 2427 hoc
2486 2371 2729 2427 nomine
2748 2382 2926 2444 agere
2944 2364 3389 2446 gratiam,quod
3409 2364 3585 2426 talem

1949 2466 2107 2514 tuum
2124 2466 2397 2515 conatum
2423 2457 2919 2528 probibuerim,ex
2944 2473 3059 2529 quo
3085 2454 3588 2515 deturbatusesses

1946 2542 2005 2602 in
2024 2550 2356 2603 extremum
2379 2541 2725 2604 barathrum
2742 2542 3183 2617 interitus,cum
3204 2548 3265 2604 in
3287 2560 3421 2604 eum
3449 2561 3586 2624 pec-

1945 2649 2144 2693 casses
2174 2651 2206 2692 a
2239 2652 2353 2713 quo
2387 2632 2671 2694 excidere
2702 2640 2793 2694 est
2834 2634 3040 2714 quavis
3081 2641 3271 2694 morte
3320 2632 3583 2709 gravius.

1944 2721 2344 2783 Numerianus
2369 2729 2565 2783 autem
2596 2742 2609 2781 :
2640 2723 2788 2783 Cum
2816 2721 3424 2802 te,inquit,oporteret
3456 2741 3586 2803 pte-

1947 2808 2140 2871 nitere
2165 2828 2370 2870 eorum
2394 2829 2525 2891 qua:
2578 2820 3039 2891 praecesserunt,
3076 2819 3137 2874 tu
3161 2829 3269 2873 nos
3294 2812 3586 2892 prolixio-

220 2896 449 2976 ρούμεθα
483 2914 500 2928 ⁸
547 2904 664 2963 πῶς
715 2900 816 2977 γὰρ
871 2901 1005 2954 Θεοῦ
1056 2897 1277 2973 πλάσμα
1311 2898 1447 2969 ὀντι,
1481 2900 1570 2955 καὶ
1601 2904 1669 2975 τῇ
1703 2902 1862 2956 αὖτοῦ

1957 2898 2110 2959 ribus
2131 2899 2399 2979 aspergis
2427 2900 3005 2981 maledictilelartyr
3027 2910 3220 2962 autem
3254 2900 3585 2983 excipiens:

219 2987 383 3044 εἰκόνι
414 2988 761 3063 τετιμημένῳ
796 3004 812 3063 ;
851 2989 905 3045 ΕΞ
935 2985 989 3043 δὲ
1021 2989 1141 3066 περῖ
1168 2990 1299 3044 Θεὸν
1325 2990 1353 3044 ὁ
1384 2987 1751 3052 κίνδυνος.,,.,

1945 2985 2504 3070 Nobis,inqnit,non
2530 2989 2672 3052 licet
2695 2989 2918 3071 alioqui
2941 2988 3125 3051 ullum
3147 2988 3453 3052 hominem
3477 3009 3588 3071 ap-

222 3083 429 3158 petere
459 3075 836 3139 maledictis:
872 3093 983 3138 nec
1033 3094 1181 3155 ergo
1213 3085 1268 3138 te
1303 3075 1637 3138 maledictis
1690 3076 2049 3159 appetimus.
2084 3076 2397 3149 Quomodo
2448 3081 2635 3154 enim,
2664 3098 2804 3141 cum
2857 3082 2939 3141 sis
2973 3078 3080 3143 Dei
3127 3081 3497 3160 ﬁgmentum,
3533 3091 3595 3144 et.

220 3165 359 3247 ejus
382 3165 712 3228 honoratus
741 3165 1002 3246 imagine
1032 3167 1060 3227 ?
1091 3164 1206 3230 Sed
1239 3166 1287 3227 si
1316 3166 1392 3228 de
1418 3165 1541 3228 Deo
1570 3175 1877 3247 agatur....

300 3244 381 3319 1".
431 3258 528 3313 Καὶ
572 3258 601 3312 ὂ
645 3244 1031 3334 Νουμεριανὸς,
1079 3256 1346 3332 ἐπικύψας
1400 3259 1544 3331 αὒτῷ
1575 3244 1675 3326 την
1734 3280 1860 3314 συν-

1986 3255 2495 3321 Ill.Numerianus
2511 3259 3195 3341 autem,interrumpens
3218 3270 3562 3324 contextum

222 3344 430 3417 ἱπειαν,
489 3342 660 3401 Ἀλλά
709 3344 921 3426 χαίρειν
965 3345 1154 3418 εἰπὼν,
1209 3345 1336 3425 ἔφη,
1372 3351 1442 3423 τῇ
1487 3343 1669 3422 πολλῇ
1696 3346 1865 3424 ταύτῃ

220 3438 329 3491 τῶν
387 3432 567 3512 λόγων
593 3435 773 3516 ἰσχύϊ,
809 3431 864 3491 εἴ
891 3456 953 3513 γε
984 3431 1050 3501 δὴ
1088 3436 1174 3491 καὶ
1206 3432 1486 3514 διαφυγεῖν
1517 3433 1736 3513 βούλοιο
1766 3436 1866 3503 τὴν

220 3523 313 3580 ἐπὶ
351 3528 431 3583 τῶ
458 3521 757 3602 ἐγκλήματι
801 3523 981 3605 δίκην,
1032 3536 1153 3590 τοῖς
1201 3524 1477 3604 μεγίστοις
1506 3528 1663 3584 θῦσον
1692 3528 1861 3592 θεοῖς.

225 3614 339 3671 Καὶ
368 3614 397 3669 ὁ
438 3610 640 3692 μάρτυς
682 3612 947 3693 πρότερον
989 3615 1123 3694 πρὸς
1179 3614 1280 3682 τὴν
1332 3612 1593 3692 ἔγκλησιν
1651 3612 1862 3672 ἀπολο-

219 3701 553 3781 γησάμενος,
582 3704 676 3761 καὶ
705 3705 881 3783 φήσας
909 3703 1042 3781 ὑπὲρ
1073 3709 1167 3760 τοῦ
1195 3703 1449 3779 ποιμνίου
1508 3704 1684 3764 πάντα
1730 3704 1868 3778 μετὰ

218 3792 514 3872 προθυμίας
583 3796 853 3873 αἱρεῖσθαι
924 3796 1144 3867 παθεῖν,
1205 3791 1393 3850 ἔπειτα
1453 3791 1747 3866 διαλαχὼν,
1797 3798 1870 3854 Οὒ

219 3880 466 3963 δυνατὸν,
504 3878 720 3962 mw,
762 3885 811 3939 ὦ
873 3881 1117 3961 βασιλεῦ,
1177 3890 1271 3941 τοῦ
1330 3882 1497 3946 ὅντως
1564 3882 1871 3943 ἀποστάντα

223 3969 359 4030 Θεοῦ
403 3970 771 4051 ψευδωνύμως
814 3970 1109 4054 προσέχειν
1143 3973 1323 4053 θεοῖς,
1367 3976 1455 4039 οἷς
1486 3974 1575 4030 καὶ
1605 3973 1873 4050 ὀνομάσαι

222 4058 393 4139 μόνον
446 4063 684 4146 αἰσχύνη
727 4079 848 4127 τοις
895 4061 1138 4121 εὖσεϐεῖν
1181 4063 1554 4141 βουλομένοις.
1595 4054 1653 4123 Ὀ
1684 4062 1763 4139 δὲ,
1798 4064 1875 4123 Τὰ

222 4150 458 4231 πρότερά
484 4172 571 4210 σοι
599 4154 691 4212 καὶ
741 4151 905 4211 πάλιν
937 4152 1064 4231 ἒρῶ,
1098 4155 1233 4234 φησί
1266 4171 1281 4187 ⁶
1314 4154 1436 4216 τοὺς
1490 4153 1727 4230 μακροὺς
1764 4152 1874 4224 λή-

225 4244 357 4321 ρους·
382 4238 571 4318 ἰάσας,
616 4245 775 4302 θῦσον
826 4255 947 4308 τοῖς
996 4246 1145 4306 θεοῖς
1179 4258 1195 4275 ·
1231 4244 1276 4299 εἰ
1305 4240 1350 4298 δ’
1385 4243 1500 4318 οὖν,
1534 4241 1675 4300 ἀλλὰ
1705 4242 1871 4300 κακόν

225 4351 290 4389 σε
318 4330 501 4401 κακῶς
532 4334 594 4390 τὸ
637 4330 768 4410 ἰμὸν
819 4330 1076 4391 ἀπολέσει
1130 4330 1347 4411 κράτος.
1390 4333 1486 4391 Καὶ
1516 4335 1545 4389 ὁ
1576 4330 1817 4398 Βαϐύλας
1850 4350 1868 4370 ⁸

226 4417 389 4500 Ἐμοὶ
416 4416 487 4480 δι’
524 4421 696 4504 εὒχῆς
722 4423 793 4491 ἦν
824 4422 963 4481 ὥστε
1024 4423 1112 4479 καὶ
1168 4422 1229 4479 σὲ
1272 4422 1370 4489 τῆς
1430 4422 1872 4504 περικεχυμένης

228 4504 313 4569 σοι
352 4511 555 4580 ταύτης
583 4514 896 4593 ἀνενεγκεῖν
928 4511 1162 4595 ἀχλύος,
1195 4510 1354 4591 εἴπερ
1401 4512 1500 4569 κὸίν
1533 4513 1630 4578 τὰς
1662 4512 1872 4592 μακρὰς

1950 3346 2079 3427 ejus
2101 3348 2530 3423 orationis,Sed
2543 3348 2790 3429 jubens,
2821 3350 3036 3430 inquit,
3063 3349 3261 3412 valere
3283 3350 3436 3413 hanc
3473 3370 3591 3414 ma-

1948 3454 2123 3512 gnam
2149 3442 2261 3497 vim
2285 3442 2677 3508 verborum,si
2704 3442 2841 3499 velis
2865 3457 3062 3514 pmnas
3085 3441 3337 3515 etlugere
3359 3457 3596 3517 propter

1947 3524 2175 3585 crimen
2206 3523 2574 3600 subeundas,
2612 3526 2887 3588 maximis
2919 3526 3033 3586 diis
3060 3526 3357 3589 sacriﬁca.
3379 3527 3592 3610 Martyr

1949 3622 2147 3676 autem
2186 3633 2320 3676 cum
2368 3616 2534 3695 prius
2556 3616 2969 3697 respondisset
2990 3615 3063 3678 ad
3087 3616 3592 3692 criminationem,

1952 3712 2011 3767 et
2040 3702 2287 3765 dixisset
2317 3721 2381 3766 se
2415 3716 2696 3787 prompto
2741 3714 2801 3769 et
2822 3705 3005 3768 alacri
3046 3704 3247 3767 animo
3276 3723 3382 3785 pro
3413 3725 3593 3785 grege

1953 3793 2174 3876 quasvis
2196 3812 2329 3856 esse
2348 3812 2690 3876 passurum,
2721 3794 2944 3858 deinde
2969 3811 3340 3876 prosequens
3372 3814 3387 3856 :
3411 3793 3594 3875 Fieri,

1953 3883 2302 3964 inquit,non
2327 3892 2584 3964 potest,o
2606 3884 2955 3966 imperator,
2992 3892 3111 3945 uta
3131 3900 3270 3945 vero
3292 3882 3416 3945 Deo
3440 3882 3595 3945 deﬁ-

1958 3973 2149 4048 ciens,
2184 3991 2289 4035 eos
2313 3973 2529 4048 colam,
2557 3973 2658 4055 qui
2692 3973 2839 4035 falso
2872 3972 3253 4055 appellantur
3284 3971 3365 4033 dii
3392 3992 3409 4054 ;
3443 3991 3597 4051 quos

1958 4065 2045 4126 vel
2073 4062 2267 4126 solum
2316 4064 2630 4127 nominare
2675 4073 3064 4143 estmagnum
3099 4063 3362 4125 dedecus
3392 4063 3468 4125 iis
3499 4063 3603 4144 qui

1958 4153 2165 4215 volunt
2188 4171 2319 4215 esse
2343 4152 2565 4235 pii.Ille
2591 4161 2814 4217 autem:
2844 4152 3297 4233 Eadem,inquit
3315 4152 3599 4230 tibidico,

1960 4260 2091 4324 quae
2114 4247 2280 4324 prius
2313 4263 2326 4305 :
2369 4243 2628 4324 prolixas
2667 4243 2911 4306 mittens
2934 4260 3120 4324 nugas
3136 4242 3256 4305 diis
3282 4242 3552 4308 sacriﬁca
3584 4262 3600 4309 :

1954 4332 2048 4393 sin
2079 4331 2299 4407 minus,
2334 4342 2390 4394 te
2454 4335 2672 4397 malum
2708 4333 2859 4397 male
2893 4352 3025 4397 mea
3058 4333 3273 4414 perdet
3306 4334 3596 4414 potentia.

1956 4419 2203 4502 Babylas
2225 4430 2429 4485 autem
2467 4440 2481 4483 :
2511 4425 2684 4506 Mihi,
2729 4424 2945 4505 inquit,
2979 4430 3107 4486 erat
3129 4423 3189 4485 in
3225 4423 3397 4500 votis,
3430 4430 3494 4485 ut
3523 4421 3599 4486 ab

1958 4511 2094 4588 hac,
2127 4530 2241 4592 qua
2273 4530 2336 4573 es
2367 4512 2793 4588 circumfusus,
2833 4511 3094 4593 caligine
3125 4511 3472 4576 liberareris
3506 4531 3521 4577 :
3555 4512 3607 4574 si

228 4596 435 4686 Ξκείνας
487 4603 577 4685 καὶ
629 4601 924 4670 ἀθανάτους
979 4602 1241 4683 τιμωρίας
1306 4597 1535 4681 διέδρας,
1596 4601 1767 4659 Ἀλλὰ
1813 4603 1867 4658 σὺ

1959 4618 2075 4681 qua
2096 4602 2329 4663 ratione
2352 4603 2479 4664 ﬁeri
2507 4612 2729 4683 posset,
2746 4611 2812 4665 ut
2836 4602 3011 4683 longa
3033 4601 3136 4665 illa
3160 4609 3220 4663 et
3239 4600 3612 4665 immortalia

229 4684 347 4748 καῖ
374 4684 585 4759 ἄλλους
628 4690 717 4750 επὶ
774 4692 975 4762 ταύτην
1024 4690 1389 4773 παρακαλεῖς,
1421 4693 1642 4768 μείζονα
1701 4693 1867 4767 ἑαυτῷ

1961 4690 2259 4768 effugeres
2289 4691 2609 4773 supplicia.
2642 4692 2762 4755 Sed
2823 4701 2886 4755 tu
2916 4692 3069 4754 alios
3100 4709 3336 4773 quoque
3368 4690 3441 4753 ad
3475 4710 3607 4756 eam

232 4780 336 4849 τὴν
382 4779 765 4863 ἠπειλημένην
794 4781 1048 4846 ἀνάπτων
1076 4781 1298 4863 γέενναν
1334 4799 1347 4814 ·
1387 4788 1523 4840 Θεοῦ
1550 4781 1653 4862 γὰρ
1683 4787 1880 4855 ζῶντος

234 4860 751 4953 διώφυγετνχετρας
775 4860 1101 4954 ἀμήχανον(
1125 4872 1199 4930 Τὸ
1228 4868 1284 4928 δὲ
1317 4871 1408 4929 καὶ
1428 4860 1635 4929 ἁλῶναι
1662 4870 1879 4936 ταύταις

234 4959 449 5042 ἡλίκον,
484 4961 515 5019 ὃ
543 4958 685 5028 ἅπαξ
714 4961 967 5039 ὶμπεσὼν
1013 4960 1243 5020 εἴσεται.

326 5229 419 5291 Δ’.
462 5237 641 5290 Ταῦτα
704 5229 858 5307 εἶπε,
886 5229 973 5290 καὶ
1004 5227 1178 5286 πάντα
1207 5227 1390 5310 ὥσπερ
1421 5229 1681 5311 ὀστράκου
1712 5251 1887 5306 μετα-

241 5319 500 5386 πεσόντος
550 5321 642 5380 ὶπί
692 5322 750 5378 τὸ
793 5319 1032 5378 ἐναντίον
1091 5319 1290 5399 ὶχὼρει
1326 5335 1341 5349 ·
1389 5319 1490 5385 τὴν
1536 5320 1637 5400 γὰρ
1679 5320 1890 5378 σύνεσιν

334 5486 419 5569 (3)
451 5488 657 5553 Graece
705 5489 899 5569 «barren
941 5489 1205 5560 ὀστράκου
1237 5488 1662 5569 μεταπεσόντος,
1702 5509 1726 5546 ε
1768 5498 1886 5553 tes.

245 5565 373 5626 tula
399 5565 843 5628 iransmutata.)
859 5565 1780 5642 'De_ostracismo,suﬂragiorum
1805 5583 1897 5642 ge-

244 5651 390 5700 nere
423 5652 527 5712 per
558 5641 818 5700 calculos
847 5654 914 5699 ac
952 5638 1133 5704 labes,
1186 5649 1242 5697 et
1274 5637 1604 5698 ostracinda
1642 5637 1769 5699 ludi
1797 5637 1901 5714 ἆο-

571 5757 809 5820 ΡΑτιιοι.
850 5755 967 5824 Gn.
1008 5752 1222 5819 CXIV.

1963 4779 2326 4856 adhortaris,
2392 4783 2681 4864 majorem
2745 4782 2852 4844 tibi
2903 4782 3244 4845 accendens
3273 4781 3611 4863 gehennam

1965 4871 2142 4953 cujus
2191 4870 2370 4932 minas
2423 4879 2561 4933 sunt
2592 4871 2702 4934 tibi
2733 4872 3064 4934 intentata.
3100 4872 3263 4935 Fieri
3296 4871 3457 4935 enim
3490 4889 3613 4932 non

1972 4967 2186 5042 potest,
2221 4968 2286 5022 ut
2316 4960 2564 5041 eﬂ'ugias
2593 4978 2806 5024 manus
2834 4959 2942 5024 Dei
2968 4961 3020 5023 vi
3033 4961 3241 5025 ventis.
3264 4958 3613 5039 Cujusmodi

1968 5058 2169 5113 autem
2200 5049 2278 5112 sit
2307 5049 2381 5112 ab
2410 5051 2496 5113 eis
2528 5069 2661 5115 esse
2689 5051 3164 5133 apprehensum,
3209 5050 3360 5112 sciet
3388 5048 3494 5126 qui
3522 5064 3613 5110 se-

1972 5139 2090 5202 mel
2119 5139 2182 5200 in
2214 5158 2315 5202 eas
2341 5140 2637 5206 inciderit.

2053 5228 2156 5294 IV.
2184 5227 2322 5292 Haec
2345 5230 2513 5292 dixit:
2539 5242 2602 5295 et
2623 5231 2827 5294 omnia
2852 5230 3103 5313 perinde
3123 5249 3192 5292 ac
3216 5230 3265 5291 si
3290 5246 3617 5293 conversus

1974 5328 2136 5384 esset
2162 5319 2247 5402 (3)
2274 5320 2792 5400 calculus,mutata
2811 5335 2952 5383 sunt
2975 5319 3040 5382 in
3063 5319 3460 5383 contrarium.
3496 5318 3614 5382 Viri

1975 5505 2137 5555 nere,
2171 5491 2327 5564 unde
2349 5490 2620 5564 adagium
2653 5493 2763 5551 hoc
2794 5486 3436 5562 desumptum,consulo
3472 5488 3610 5547 Era-

1977 5576 2167 5621 smum
2201 5564 2258 5620 in
2292 5562 2550 5634 Adagiis.

3149 5757 3217 5823 3i
