  <div class='ocr_page' id='page_1' title='image "/cluster/home/n/w/nwhite01/storage/ocr_20150623/114/hvd.32044073502254/493.png"; bbox 0 0 4032 6202; ppageno 0'>
   <div class='ocr_carea' id='block_1_1' title="bbox 362 316 478 382">
    <p class='ocr_par' dir='ltr' id='par_1_1' title="bbox 362 316 478 382">
     <span class='ocr_line' id='line_1_1' title="bbox 362 316 478 382; baseline 0 -1"><span class='ocrx_word' id='word_1_1' title='bbox 362 316 478 382; x_wconf 80' lang='grc'><strong>975</strong></span> 
     </span>
    </p>
   </div>
   <div class='ocr_carea' id='block_1_2' title="bbox 1645 323 2442 387">
    <p class='ocr_par' dir='ltr' id='par_1_2' title="bbox 1645 323 2442 387">
     <span class='ocr_line' id='line_1_2' title="bbox 1645 323 2442 387; baseline 0.004 -3"><span class='ocrx_word' id='word_1_2' title='bbox 1645 324 1928 386; x_wconf 88' lang='lat' dir='ltr'><strong>MENSIS</strong></span> <span class='ocrx_word' id='word_1_3' title='bbox 1980 323 2442 387; x_wconf 80' lang='lat' dir='ltr'><strong>JANUARIUS.</strong></span> 
     </span>
    </p>
   </div>
   <div class='ocr_carea' id='block_1_3' title="bbox 3640 323 3760 388">
    <p class='ocr_par' dir='ltr' id='par_1_3' title="bbox 3640 323 3760 388">
     <span class='ocr_line' id='line_1_3' title="bbox 3640 323 3760 388; baseline -0.017 0"><span class='ocrx_word' id='word_1_4' title='bbox 3640 323 3760 388; x_wconf 82' lang='lat'><strong>976</strong></span> 
     </span>
    </p>
   </div>
   <div class='ocr_carea' id='block_1_4' title="bbox 371 456 2004 539">
    <p class='ocr_par' dir='ltr' id='par_1_4' title="bbox 371 456 2004 534">
     <span class='ocr_line' id='line_1_4' title="bbox 371 456 2004 534; baseline 0.002 -20"><span class='ocrx_word' id='word_1_5' title='bbox 371 463 580 534; x_wconf 86' lang='lat' dir='ltr'><strong>aperte</strong></span> <span class='ocrx_word' id='word_1_6' title='bbox 613 461 832 516; x_wconf 61' lang='lat' dir='ltr'><strong>nostra</strong></span> <span class='ocrx_word' id='word_1_7' title='bbox 873 456 1088 516; x_wconf 67' lang='lat' dir='ltr'><strong>animae</strong></span> <span class='ocrx_word' id='word_1_8' title='bbox 1115 461 1387 516; x_wconf 77' lang='lat' dir='ltr'><strong>amanter</strong></span> <span class='ocrx_word' id='word_1_9' title='bbox 1431 471 1636 516; x_wconf 90' lang='lat' dir='ltr'><strong>curam</strong></span> <span class='ocrx_word' id='word_1_10' title='bbox 1672 457 1848 534; x_wconf 86' lang='lat' dir='ltr'><strong>gerit.</strong></span> <span class='ocrx_word' id='word_1_11' title='bbox 1891 460 2004 518; x_wconf 80' lang='lat' dir='ltr'><strong>Ma-</strong></span> 
     </span>
    </p>
   </div>
   <div class='ocr_carea' id='block_1_5' title="bbox 2095 456 3758 539">
    <p class='ocr_par' dir='ltr' id='par_1_5' title="bbox 2100 458 3758 539">
     <span class='ocr_line' id='line_1_5' title="bbox 2100 458 3758 539; baseline 0.001 -27"><span class='ocrx_word' id='word_1_12' title='bbox 2100 460 2256 532; x_wconf 72' lang='grc' dir='ltr'>ἡμῶν</span> <span class='ocrx_word' id='word_1_13' title='bbox 2300 458 2670 539; x_wconf 79' lang='grc' dir='ltr'><strong>φιλοστόργως</strong></span> <span class='ocrx_word' id='word_1_14' title='bbox 2729 460 3146 535; x_wconf 80' lang='grc' dir='ltr'>ἐπιμελόμενος.</span> <span class='ocrx_word' id='word_1_15' title='bbox 3193 459 3597 518; x_wconf 78' lang='grc' dir='ltr'>Μετακσλεῐται</span> <span class='ocrx_word' id='word_1_16' title='bbox 3661 465 3758 527; x_wconf 71' lang='grc' dir='ltr'>τὴν</span> 
     </span>
    </p>
   </div>
   <div class='ocr_carea' id='block_1_6' title="bbox 374 541 2022 624">
    <p class='ocr_par' dir='ltr' id='par_1_6' title="bbox 374 541 2022 624">
     <span class='ocr_line' id='line_1_6' title="bbox 374 541 2022 624; baseline 0.002 -22"><span class='ocrx_word' id='word_1_17' title='bbox 374 550 525 603; x_wconf 90' lang='lat' dir='ltr'><strong>trem</strong></span> <span class='ocrx_word' id='word_1_18' title='bbox 552 562 794 624; x_wconf 92' lang='lat' dir='ltr'><strong>quoque</strong></span> <span class='ocrx_word' id='word_1_19' title='bbox 811 543 1066 605; x_wconf 90' lang='lat' dir='ltr'><strong>accersit</strong></span> <span class='ocrx_word' id='word_1_20' title='bbox 1087 544 1438 622; x_wconf 74' lang='lat' dir='ltr'><strong>imperator,</strong></span> <span class='ocrx_word' id='word_1_21' title='bbox 1465 551 1522 604; x_wconf 89' lang='lat' dir='ltr'><strong>et</strong></span> <span class='ocrx_word' id='word_1_22' title='bbox 1533 541 1706 622; x_wconf 88' lang='lat' dir='ltr'><strong>jubet</strong></span> <span class='ocrx_word' id='word_1_23' title='bbox 1729 562 1858 605; x_wconf 89' lang='lat' dir='ltr'><strong>eam</strong></span> <span class='ocrx_word' id='word_1_24' title='bbox 1894 563 2022 607; x_wconf 90' lang='lat' dir='ltr'><strong>res-</strong></span> 
     </span>
    </p>
   </div>
   <div class='ocr_carea' id='block_1_7' title="bbox 373 633 2022 713">
    <p class='ocr_par' dir='ltr' id='par_1_7' title="bbox 373 633 2022 713">
     <span class='ocr_line' id='line_1_7' title="bbox 373 633 2022 713; baseline 0.001 -20"><span class='ocrx_word' id='word_1_25' title='bbox 373 633 969 713; x_wconf 88' lang='lat' dir='ltr'><strong>pondere,quomodo</strong></span> <span class='ocrx_word' id='word_1_26' title='bbox 993 633 1120 712; x_wconf 88' lang='lat' dir='ltr'><strong>ipsa</strong></span> <span class='ocrx_word' id='word_1_27' title='bbox 1149 640 1416 706; x_wconf 84' lang='lat' dir='ltr'><strong>vocetur,</strong></span> <span class='ocrx_word' id='word_1_28' title='bbox 1440 641 1498 694; x_wconf 83' lang='lat' dir='ltr'><strong>et</strong></span> <span class='ocrx_word' id='word_1_29' title='bbox 1517 651 1591 693; x_wconf 89' lang='lat' dir='ltr'><strong>an</strong></span> <span class='ocrx_word' id='word_1_30' title='bbox 1618 633 1693 694; x_wconf 89' lang='lat' dir='ltr'><strong>sit</strong></span> <span class='ocrx_word' id='word_1_31' title='bbox 1724 644 1921 696; x_wconf 83' lang='lat' dir='ltr'><strong>mater</strong></span> <span class='ocrx_word' id='word_1_32' title='bbox 1944 635 2022 695; x_wconf 89' lang='lat' dir='ltr'><strong>il-</strong></span> 
     </span>
    </p>
   </div>
   <div class='ocr_carea' id='block_1_8' title="bbox 372 719 2026 801">
    <p class='ocr_par' dir='ltr' id='par_1_8' title="bbox 372 719 2026 801">
     <span class='ocr_line' id='line_1_8' title="bbox 372 719 2026 801; baseline 0.001 -21"><span class='ocrx_word' id='word_1_33' title='bbox 372 719 706 782; x_wconf 87' lang='lat' dir='ltr'><strong>lorum.llla</strong></span> <span class='ocrx_word' id='word_1_34' title='bbox 730 719 1102 783; x_wconf 78' lang='lat' dir='ltr'><strong>auteszihi</strong></span> <span class='ocrx_word' id='word_1_35' title='bbox 1135 720 1404 801; x_wconf 89' lang='lat' dir='ltr'><strong>quidem,</strong></span> <span class='ocrx_word' id='word_1_36' title='bbox 1431 720 1648 801; x_wconf 90' lang='lat' dir='ltr'><strong>inquit,</strong></span> <span class='ocrx_word' id='word_1_37' title='bbox 1683 741 1899 783; x_wconf 84' lang='lat' dir='ltr'><strong>nomen</strong></span> <span class='ocrx_word' id='word_1_38' title='bbox 1933 730 2026 784; x_wconf 83' lang='lat' dir='ltr'><strong>est</strong></span> 
     </span>
    </p>
   </div>
   <div class='ocr_carea' id='block_1_9' title="bbox 369 808 2026 883">
    <p class='ocr_par' dir='ltr' id='par_1_9' title="bbox 369 808 2026 883">
     <span class='ocr_line' id='line_1_9' title="bbox 369 808 2026 883; baseline 0.001 -13"><span class='ocrx_word' id='word_1_39' title='bbox 369 808 790 881; x_wconf 89' lang='lat' dir='ltr'><strong>Christodula;</strong></span> <span class='ocrx_word' id='word_1_40' title='bbox 846 811 904 872; x_wconf 92' lang='lat' dir='ltr'><strong>hi</strong></span> <span class='ocrx_word' id='word_1_41' title='bbox 937 829 1076 872; x_wconf 90' lang='lat' dir='ltr'><strong>vero</strong></span> <span class='ocrx_word' id='word_1_42' title='bbox 1107 821 1249 873; x_wconf 84' lang='lat' dir='ltr'><strong>sunt</strong></span> <span class='ocrx_word' id='word_1_43' title='bbox 1278 811 1503 871; x_wconf 84' lang='lat' dir='ltr'><strong>fructus</strong></span> <span class='ocrx_word' id='word_1_44' title='bbox 1534 812 1652 872; x_wconf 92' lang='lat' dir='ltr'><strong>mei</strong></span> <span class='ocrx_word' id='word_1_45' title='bbox 1686 817 1931 883; x_wconf 83' lang='lat' dir='ltr'><strong>ventris,</strong></span> <span class='ocrx_word' id='word_1_46' title='bbox 1968 821 2026 874; x_wconf 86' lang='lat' dir='ltr'><strong>et</strong></span> 
     </span>
    </p>
   </div>
   <div class='ocr_carea' id='block_1_10' title="bbox 370 899 2026 981">
    <p class='ocr_par' dir='ltr' id='par_1_10' title="bbox 370 899 2026 981">
     <span class='ocr_line' id='line_1_10' title="bbox 370 899 2026 981; baseline 0.002 -22"><span class='ocrx_word' id='word_1_47' title='bbox 370 917 474 959; x_wconf 91' lang='lat' dir='ltr'><strong>eos</strong></span> <span class='ocrx_word' id='word_1_48' title='bbox 501 903 618 960; x_wconf 88' lang='lat' dir='ltr'><strong>mei</strong></span> <span class='ocrx_word' id='word_1_49' title='bbox 659 909 865 980; x_wconf 92' lang='lat' dir='ltr'><strong>partus</strong></span> <span class='ocrx_word' id='word_1_50' title='bbox 895 901 1188 981; x_wconf 85' lang='lat' dir='ltr'><strong>primitias</strong></span> <span class='ocrx_word' id='word_1_51' title='bbox 1219 899 1340 962; x_wconf 90' lang='lat' dir='ltr'><strong>Deo</strong></span> <span class='ocrx_word' id='word_1_52' title='bbox 1389 899 1574 962; x_wconf 87' lang='lat' dir='ltr'><strong>obtuli</strong></span> <span class='ocrx_word' id='word_1_53' title='bbox 1611 921 1624 962; x_wconf 92' lang='lat'><strong>:</strong></span> <span class='ocrx_word' id='word_1_54' title='bbox 1660 901 1895 963; x_wconf 79' lang='lat' dir='ltr'><strong>conﬁdo</strong></span> <span class='ocrx_word' id='word_1_55' title='bbox 1923 920 2026 963; x_wconf 88' lang='lat' dir='ltr'><strong>au-</strong></span> 
     </span>
    </p>
   </div>
   <div class='ocr_carea' id='block_1_11' title="bbox 369 990 2024 1072">
    <p class='ocr_par' dir='ltr' id='par_1_11' title="bbox 369 990 2024 1072">
     <span class='ocr_line' id='line_1_11' title="bbox 369 990 2024 1072; baseline 0.002 -23"><span class='ocrx_word' id='word_1_56' title='bbox 369 996 486 1050; x_wconf 89' lang='lat' dir='ltr'><strong>tem</strong></span> <span class='ocrx_word' id='word_1_57' title='bbox 533 990 683 1064; x_wconf 84' lang='lat' dir='ltr'><strong>fore,</strong></span> <span class='ocrx_word' id='word_1_58' title='bbox 720 1000 782 1050; x_wconf 94' lang='lat' dir='ltr'><strong>ut</strong></span> <span class='ocrx_word' id='word_1_59' title='bbox 817 991 877 1052; x_wconf 90' lang='lat' dir='ltr'><strong>in</strong></span> <span class='ocrx_word' id='word_1_60' title='bbox 905 991 1040 1054; x_wconf 78' lang='lat' dir='ltr'><strong>cceli</strong></span> <span class='ocrx_word' id='word_1_61' title='bbox 1070 991 1310 1053; x_wconf 87' lang='lat' dir='ltr'><strong>horreis</strong></span> <span class='ocrx_word' id='word_1_62' title='bbox 1364 1008 1469 1052; x_wconf 72' lang='lat' dir='ltr'><strong>eos</strong></span> <span class='ocrx_word' id='word_1_63' title='bbox 1501 1000 1756 1070; x_wconf 83' lang='lat' dir='ltr'><strong>reponat</strong></span> <span class='ocrx_word' id='word_1_64' title='bbox 1785 992 2024 1072; x_wconf 84' lang='lat' dir='ltr'><strong>sapiens</strong></span> 
     </span>
    </p>
   </div>
   <div class='ocr_carea' id='block_1_12' title="bbox 364 1076 1416 1158">
    <p class='ocr_par' dir='ltr' id='par_1_12' title="bbox 364 1076 1416 1158">
     <span class='ocr_line' id='line_1_12' title="bbox 364 1076 1416 1158; baseline 0.004 -19"><span class='ocrx_word' id='word_1_65' title='bbox 364 1076 619 1158; x_wconf 87' lang='lat' dir='ltr'><strong>Babylas</strong></span> <span class='ocrx_word' id='word_1_66' title='bbox 655 1100 670 1155; x_wconf 92' lang='lat'><strong>;</strong></span> <span class='ocrx_word' id='word_1_67' title='bbox 709 1080 796 1140; x_wconf 89' lang='lat' dir='ltr'><strong>illi</strong></span> <span class='ocrx_word' id='word_1_68' title='bbox 829 1081 990 1142; x_wconf 91' lang='lat' dir='ltr'><strong>enim</strong></span> <span class='ocrx_word' id='word_1_69' title='bbox 1025 1099 1130 1141; x_wconf 86' lang='lat' dir='ltr'><strong>eos</strong></span> <span class='ocrx_word' id='word_1_70' title='bbox 1161 1080 1416 1143; x_wconf 85' lang='lat' dir='ltr'><strong>credidi.</strong></span> 
     </span>
    </p>
   </div>
   <div class='ocr_carea' id='block_1_13' title="bbox 447 1167 2022 1248">
    <p class='ocr_par' dir='ltr' id='par_1_13' title="bbox 447 1167 2022 1248">
     <span class='ocr_line' id='line_1_13' title="bbox 447 1167 2022 1248; baseline 0.002 -21"><span class='ocrx_word' id='word_1_71' title='bbox 447 1167 608 1232; x_wconf 88' lang='lat' dir='ltr'><strong>VIII.</strong></span> <span class='ocrx_word' id='word_1_72' title='bbox 663 1169 800 1232; x_wconf 72' lang='lat' dir='ltr'><strong>Hzec</strong></span> <span class='ocrx_word' id='word_1_73' title='bbox 833 1188 966 1231; x_wconf 92' lang='lat' dir='ltr'><strong>cum</strong></span> <span class='ocrx_word' id='word_1_74' title='bbox 1004 1170 1291 1242; x_wconf 88' lang='lat' dir='ltr'><strong>audisset,</strong></span> <span class='ocrx_word' id='word_1_75' title='bbox 1327 1168 1415 1230; x_wconf 87' lang='lat' dir='ltr'><strong>ira</strong></span> <span class='ocrx_word' id='word_1_76' title='bbox 1470 1168 1758 1248; x_wconf 89' lang='lat' dir='ltr'><strong>impletur</strong></span> <span class='ocrx_word' id='word_1_77' title='bbox 1790 1171 2022 1232; x_wconf 83' lang='lat' dir='ltr'><strong>Nume-</strong></span> 
     </span>
    </p>
   </div>
   <div class='ocr_carea' id='block_1_14' title="bbox 357 1258 2024 1339">
    <p class='ocr_par' dir='ltr' id='par_1_14' title="bbox 357 1258 2024 1339">
     <span class='ocr_line' id='line_1_14' title="bbox 357 1258 2024 1339; baseline 0.001 -20"><span class='ocrx_word' id='word_1_78' title='bbox 357 1258 592 1334; x_wconf 89' lang='lat' dir='ltr'><strong>rianus,</strong></span> <span class='ocrx_word' id='word_1_79' title='bbox 628 1267 686 1322; x_wconf 89' lang='lat' dir='ltr'><strong>et</strong></span> <span class='ocrx_word' id='word_1_80' title='bbox 711 1260 886 1339; x_wconf 84' lang='lat' dir='ltr'><strong>jubet</strong></span> <span class='ocrx_word' id='word_1_81' title='bbox 921 1260 973 1320; x_wconf 90' lang='lat' dir='ltr'><strong>ei</strong></span> <span class='ocrx_word' id='word_1_82' title='bbox 1005 1258 1222 1322; x_wconf 82' lang='lat' dir='ltr'><strong>faciem</strong></span> <span class='ocrx_word' id='word_1_83' title='bbox 1271 1259 1526 1338; x_wconf 88' lang='lat' dir='ltr'><strong>percuti,</strong></span> <span class='ocrx_word' id='word_1_84' title='bbox 1562 1267 1616 1319; x_wconf 90' lang='lat' dir='ltr'><strong>et</strong></span> <span class='ocrx_word' id='word_1_85' title='bbox 1650 1258 1912 1320; x_wconf 85' lang='lat' dir='ltr'><strong>dictitari</strong></span> <span class='ocrx_word' id='word_1_86' title='bbox 1946 1277 2024 1320; x_wconf 90' lang='lat' dir='ltr'><strong>ne</strong></span> 
     </span>
    </p>
   </div>
   <div class='ocr_carea' id='block_1_15' title="bbox 366 1347 2025 1429">
    <p class='ocr_par' dir='ltr' id='par_1_15' title="bbox 366 1347 2025 1429">
     <span class='ocr_line' id='line_1_15' title="bbox 366 1347 2025 1429; baseline -0.001 -20"><span class='ocrx_word' id='word_1_87' title='bbox 366 1357 484 1410; x_wconf 91' lang='lat' dir='ltr'><strong>tam</strong></span> <span class='ocrx_word' id='word_1_88' title='bbox 522 1357 750 1411; x_wconf 89' lang='lat' dir='ltr'><strong>temere</strong></span> <span class='ocrx_word' id='word_1_89' title='bbox 781 1349 1188 1429; x_wconf 89' lang='lat' dir='ltr'><strong>alloqueretur</strong></span> <span class='ocrx_word' id='word_1_90' title='bbox 1220 1349 1676 1428; x_wconf 85' lang='lat' dir='ltr'><strong>imperatorem.</strong></span> <span class='ocrx_word' id='word_1_91' title='bbox 1710 1347 1889 1409; x_wconf 81' lang='lat' dir='ltr'><strong>Pueri</strong></span> <span class='ocrx_word' id='word_1_92' title='bbox 1924 1367 2025 1410; x_wconf 84' lang='lat' dir='ltr'><strong>au-</strong></span> 
     </span>
    </p>
   </div>
   <div class='ocr_carea' id='block_1_16' title="bbox 362 1433 2019 1516">
    <p class='ocr_par' dir='ltr' id='par_1_16' title="bbox 362 1433 2019 1516">
     <span class='ocr_line' id='line_1_16' title="bbox 362 1433 2019 1516; baseline -0.001 -16"><span class='ocrx_word' id='word_1_93' title='bbox 362 1447 482 1501; x_wconf 90' lang='lat' dir='ltr'><strong>tem</strong></span> <span class='ocrx_word' id='word_1_94' title='bbox 517 1438 789 1501; x_wconf 87' lang='lat' dir='ltr'><strong>videntes</strong></span> <span class='ocrx_word' id='word_1_95' title='bbox 854 1433 1104 1499; x_wconf 86' lang='lat' dir='ltr'><strong>matrem</strong></span> <span class='ocrx_word' id='word_1_96' title='bbox 1141 1437 1386 1516; x_wconf 90' lang='lat' dir='ltr'><strong>pulsari,</strong></span> <span class='ocrx_word' id='word_1_97' title='bbox 1422 1437 1623 1497; x_wconf 91' lang='lat' dir='ltr'><strong>animo</strong></span> <span class='ocrx_word' id='word_1_98' title='bbox 1675 1437 1838 1498; x_wconf 82' lang='lat' dir='ltr'><strong>fuere</strong></span> <span class='ocrx_word' id='word_1_99' title='bbox 1869 1456 2019 1498; x_wconf 89' lang='lat' dir='ltr'><strong>con-</strong></span> 
     </span>
    </p>
   </div>
   <div class='ocr_carea' id='block_1_17' title="bbox 367 1527 2022 1607">
    <p class='ocr_par' dir='ltr' id='par_1_17' title="bbox 367 1527 2022 1607">
     <span class='ocr_line' id='line_1_17' title="bbox 367 1527 2022 1607; baseline -0.001 -17"><span class='ocrx_word' id='word_1_100' title='bbox 367 1528 685 1604; x_wconf 88' lang='lat' dir='ltr'><strong>turbati,et</strong></span> <span class='ocrx_word' id='word_1_101' title='bbox 714 1527 1020 1589; x_wconf 78' lang='lat' dir='ltr'><strong>dixerunt:</strong></span> <span class='ocrx_word' id='word_1_102' title='bbox 1054 1530 1385 1607; x_wconf 80' lang='lat' dir='ltr'><strong>Imperator</strong></span> <span class='ocrx_word' id='word_1_103' title='bbox 1407 1537 1657 1588; x_wconf 83' lang='lat' dir='ltr'><strong>matrem</strong></span> <span class='ocrx_word' id='word_1_104' title='bbox 1683 1527 1855 1590; x_wconf 59' lang='lat' dir='ltr'><strong>caedit</strong></span> <span class='ocrx_word' id='word_1_105' title='bbox 1890 1546 2022 1588; x_wconf 82' lang='lat' dir='ltr'><strong>vera</strong></span> 
     </span>
    </p>
   </div>
   <div class='ocr_carea' id='block_1_18' title="bbox 360 1616 2024 1698">
    <p class='ocr_par' dir='ltr' id='par_1_18' title="bbox 360 1616 2024 1698">
     <span class='ocr_line' id='line_1_18' title="bbox 360 1616 2024 1698; baseline -0.002 -18"><span class='ocrx_word' id='word_1_106' title='bbox 360 1619 694 1682; x_wconf 91' lang='lat' dir='ltr'><strong>dicentem.</strong></span> <span class='ocrx_word' id='word_1_107' title='bbox 725 1621 861 1698; x_wconf 90' lang='lat' dir='ltr'><strong>Ipse</strong></span> <span class='ocrx_word' id='word_1_108' title='bbox 892 1627 1090 1680; x_wconf 87' lang='lat' dir='ltr'><strong>autem</strong></span> <span class='ocrx_word' id='word_1_109' title='bbox 1121 1617 1266 1678; x_wconf 89' lang='lat' dir='ltr'><strong>iram</strong></span> <span class='ocrx_word' id='word_1_110' title='bbox 1304 1617 1443 1678; x_wconf 91' lang='lat' dir='ltr'><strong>ludo</strong></span> <span class='ocrx_word' id='word_1_111' title='bbox 1475 1616 2024 1696; x_wconf 87' lang='lat' dir='ltr'><strong>temperaus.jubet</strong></span> 
     </span>
    </p>
   </div>
   <div class='ocr_carea' id='block_1_19' title="bbox 362 1706 2024 1789">
    <p class='ocr_par' dir='ltr' id='par_1_19' title="bbox 362 1706 2024 1789">
     <span class='ocr_line' id='line_1_19' title="bbox 362 1706 2024 1789; baseline -0.002 -18"><span class='ocrx_word' id='word_1_112' title='bbox 362 1709 653 1788; x_wconf 85' lang='lat' dir='ltr'><strong>majorem</strong></span> <span class='ocrx_word' id='word_1_113' title='bbox 713 1708 957 1789; x_wconf 84' lang='lat' dir='ltr'><strong>quidem</strong></span> <span class='ocrx_word' id='word_1_114' title='bbox 991 1726 1060 1768; x_wconf 85' lang='lat' dir='ltr'><strong>ex</strong></span> <span class='ocrx_word' id='word_1_115' title='bbox 1107 1706 1308 1787; x_wconf 89' lang='lat' dir='ltr'><strong>pueris</strong></span> <span class='ocrx_word' id='word_1_116' title='bbox 1358 1706 1677 1768; x_wconf 89' lang='lat' dir='ltr'><strong>duodecim</strong></span> <span class='ocrx_word' id='word_1_117' title='bbox 1710 1707 1897 1787; x_wconf 78' lang='lat' dir='ltr'><strong>plagis</strong></span> <span class='ocrx_word' id='word_1_118' title='bbox 1942 1707 2024 1768; x_wconf 79' lang='lat' dir='ltr'><strong>af-</strong></span> 
     </span>
    </p>
   </div>
   <div class='ocr_carea' id='block_1_20' title="bbox 2107 548 3758 628">
    <p class='ocr_par' dir='ltr' id='par_1_20' title="bbox 2107 548 3758 628">
     <span class='ocr_line' id='line_1_20' title="bbox 2107 548 3758 628; baseline 0 -24"><span class='ocrx_word' id='word_1_119' title='bbox 2107 549 2314 627; x_wconf 82' lang='grc' dir='ltr'>μητέρα</span> <span class='ocrx_word' id='word_1_120' title='bbox 2372 551 2398 604; x_wconf 99' lang='lat'><strong>6</strong></span> <span class='ocrx_word' id='word_1_121' title='bbox 2435 549 2730 624; x_wconf 65' lang='grc' dir='ltr'>ξβασιλεὺς,</span> <span class='ocrx_word' id='word_1_122' title='bbox 2763 552 2844 605; x_wconf 77' lang='grc' dir='ltr'><strong>καὶ</strong></span> <span class='ocrx_word' id='word_1_123' title='bbox 2903 549 3052 610; x_wconf 84' lang='grc' dir='ltr'>ὅπως</span> <span class='ocrx_word' id='word_1_124' title='bbox 3096 551 3228 616; x_wconf 78' lang='grc' dir='ltr'>αὕτη</span> <span class='ocrx_word' id='word_1_125' title='bbox 3273 548 3523 628; x_wconf 77' lang='grc' dir='ltr'>καλοῖτο,</span> <span class='ocrx_word' id='word_1_126' title='bbox 3554 552 3649 606; x_wconf 84' lang='grc' dir='ltr'><strong>καί</strong></span> <span class='ocrx_word' id='word_1_127' title='bbox 3709 552 3758 604; x_wconf 81' lang='grc' dir='ltr'><strong>εὶ</strong></span> 
     </span>
    </p>
   </div>
   <div class='ocr_carea' id='block_1_21' title="bbox 2107 629 3755 717">
    <p class='ocr_par' dir='ltr' id='par_1_21' title="bbox 2107 629 3755 717">
     <span class='ocr_line' id='line_1_21' title="bbox 2107 629 3755 717; baseline 0.001 -25"><span class='ocrx_word' id='word_1_128' title='bbox 2107 640 2290 715; x_wconf 73' lang='grc' dir='ltr'>μήτηρ</span> <span class='ocrx_word' id='word_1_129' title='bbox 2350 638 2562 694; x_wconf 85' lang='grc' dir='ltr'>ἐκείνων</span> <span class='ocrx_word' id='word_1_130' title='bbox 2639 637 2732 704; x_wconf 62' lang='grc' dir='ltr'><strong>εἵη</strong></span> <span class='ocrx_word' id='word_1_131' title='bbox 2789 638 3168 716; x_wconf 81' lang='grc' dir='ltr'>ἀποκρίνασθαι</span> <span class='ocrx_word' id='word_1_132' title='bbox 3240 637 3464 700; x_wconf 84' lang='grc' dir='ltr'>κελεύει.</span> <span class='ocrx_word' id='word_1_133' title='bbox 3547 629 3609 696; x_wconf 67' lang='grc' dir='ltr'><strong><em>Ἦ</em></strong></span> <span class='ocrx_word' id='word_1_134' title='bbox 3675 637 3755 717; x_wconf 67' lang='grc' dir='ltr'>δὲ,</span> 
     </span>
    </p>
   </div>
   <div class='ocr_carea' id='block_1_22' title="bbox 2107 725 3757 807">
    <p class='ocr_par' dir='ltr' id='par_1_22' title="bbox 2107 725 3757 807">
     <span class='ocr_line' id='line_1_22' title="bbox 2107 725 3757 807; baseline 0 -24"><span class='ocrx_word' id='word_1_135' title='bbox 2107 725 2466 804; x_wconf 75' lang='grc' dir='ltr'>Χριστοδούλη</span> <span class='ocrx_word' id='word_1_136' title='bbox 2512 726 2611 801; x_wconf 82' lang='grc' dir='ltr'><strong>μέν</strong></span> <span class='ocrx_word' id='word_1_137' title='bbox 2671 727 2812 802; x_wconf 74' lang='grc' dir='ltr'>ἐμοὶ,</span> <span class='ocrx_word' id='word_1_138' title='bbox 2859 729 3041 807; x_wconf 83' lang='grc' dir='ltr'>φησὶν,</span> <span class='ocrx_word' id='word_1_139' title='bbox 3103 727 3293 803; x_wconf 69' lang='grc' dir='ltr'>ὄνομα·</span> <span class='ocrx_word' id='word_1_140' title='bbox 3358 732 3456 797; x_wconf 77' lang='grc' dir='ltr'>τῆς</span> <span class='ocrx_word' id='word_1_141' title='bbox 3513 729 3654 804; x_wconf 77' lang='grc' dir='ltr'>ἐμῆς</span> <span class='ocrx_word' id='word_1_142' title='bbox 3697 726 3757 783; x_wconf 73' lang='grc' dir='ltr'><strong>δὲ</strong></span> 
     </span>
    </p>
   </div>
   <div class='ocr_carea' id='block_1_23' title="bbox 2108 816 3760 897">
    <p class='ocr_par' dir='ltr' id='par_1_23' title="bbox 2108 816 3760 897">
     <span class='ocr_line' id='line_1_23' title="bbox 2108 816 3760 897; baseline 0 -26"><span class='ocrx_word' id='word_1_143' title='bbox 2108 816 2314 881; x_wconf 75' lang='grc' dir='ltr'>κοιλίας</span> <span class='ocrx_word' id='word_1_144' title='bbox 2375 825 2515 874; x_wconf 87' lang='grc' dir='ltr'>οῦτοι</span> <span class='ocrx_word' id='word_1_145' title='bbox 2587 816 2813 894; x_wconf 76' lang='grc' dir='ltr'>καρποῖ,</span> <span class='ocrx_word' id='word_1_146' title='bbox 2872 819 2961 873; x_wconf 77' lang='grc' dir='ltr'><strong>καί</strong></span> <span class='ocrx_word' id='word_1_147' title='bbox 3033 821 3253 878; x_wconf 67' lang='grc' dir='ltr'>τούτους</span> <span class='ocrx_word' id='word_1_148' title='bbox 3325 817 3577 897; x_wconf 72' lang='grc' dir='ltr'>ἀπαρχὰξ</span> <span class='ocrx_word' id='word_1_149' title='bbox 3643 825 3760 873; x_wconf 72' lang='grc' dir='ltr'>τῶν</span> 
     </span>
    </p>
   </div>
   <div class='ocr_carea' id='block_1_24' title="bbox 2106 903 3755 984">
    <p class='ocr_par' dir='ltr' id='par_1_24' title="bbox 2106 903 3755 984">
     <span class='ocr_line' id='line_1_24' title="bbox 2106 903 3755 984; baseline 0.001 -24"><span class='ocrx_word' id='word_1_150' title='bbox 2106 905 2252 979; x_wconf 82' lang='grc' dir='ltr'>ἐμῶν</span> <span class='ocrx_word' id='word_1_151' title='bbox 2313 903 2511 962; x_wconf 79' lang='grc' dir='ltr'>ὠδίνων</span> <span class='ocrx_word' id='word_1_152' title='bbox 2571 908 2913 984; x_wconf 73' lang='grc' dir='ltr'><strong>προσήνεγκα</strong></span> <span class='ocrx_word' id='word_1_153' title='bbox 2961 911 3039 979; x_wconf 81' lang='grc' dir='ltr'><strong>τῷ</strong></span> <span class='ocrx_word' id='word_1_154' title='bbox 3098 915 3237 980; x_wconf 84' lang='grc' dir='ltr'>Θεῷ·</span> <span class='ocrx_word' id='word_1_155' title='bbox 3287 907 3508 964; x_wconf 72' lang='grc' dir='ltr'>πέποιθα</span> <span class='ocrx_word' id='word_1_156' title='bbox 3550 905 3605 962; x_wconf 79' lang='grc' dir='ltr'><strong>δὲ</strong></span> <span class='ocrx_word' id='word_1_157' title='bbox 3669 907 3755 963; x_wconf 81' lang='grc' dir='ltr'><strong>ὅτι</strong></span> 
     </span>
    </p>
   </div>
   <div class='ocr_carea' id='block_1_25' title="bbox 2103 996 3757 1075">
    <p class='ocr_par' dir='ltr' id='par_1_25' title="bbox 2103 996 3757 1075">
     <span class='ocr_line' id='line_1_25' title="bbox 2103 996 3757 1075; baseline 0.001 -24"><span class='ocrx_word' id='word_1_158' title='bbox 2103 998 2193 1051; x_wconf 79' lang='grc' dir='ltr'><strong>καὶ</strong></span> <span class='ocrx_word' id='word_1_159' title='bbox 2267 996 2342 1058; x_wconf 81' lang='grc' dir='ltr'><strong>εὶς</strong></span> <span class='ocrx_word' id='word_1_160' title='bbox 2399 997 2464 1050; x_wconf 81' lang='grc' dir='ltr'>τὰ</span> <span class='ocrx_word' id='word_1_161' title='bbox 2506 1008 2730 1069; x_wconf 77' lang='grc' dir='ltr'><strong>ταμιεῖα</strong></span> <span class='ocrx_word' id='word_1_162' title='bbox 2788 997 2896 1052; x_wconf 78' lang='grc' dir='ltr'>τῶν</span> <span class='ocrx_word' id='word_1_163' title='bbox 2965 998 3201 1075; x_wconf 72' lang='grc' dir='ltr'>οὑρανῶν</span> <span class='ocrx_word' id='word_1_164' title='bbox 3243 999 3272 1052; x_wconf 84' lang='lat'><strong>6</strong></span> <span class='ocrx_word' id='word_1_165' title='bbox 3329 999 3490 1075; x_wconf 72' lang='grc' dir='ltr'>σοφὸς</span> <span class='ocrx_word' id='word_1_166' title='bbox 3561 997 3757 1058; x_wconf 76' lang='grc' dir='ltr'>αὐτοὺς</span> 
     </span>
    </p>
   </div>
   <div class='ocr_carea' id='block_1_26' title="bbox 2103 1081 3752 1166">
    <p class='ocr_par' dir='ltr' id='par_1_26' title="bbox 2103 1081 3752 1166">
     <span class='ocr_line' id='line_1_26' title="bbox 2103 1081 3752 1166; baseline 0.003 -27"><span class='ocrx_word' id='word_1_167' title='bbox 2103 1085 2434 1154; x_wconf 74' lang='grc' dir='ltr'>ἀποϐήσεται</span> <span class='ocrx_word' id='word_1_168' title='bbox 2484 1081 2746 1147; x_wconf 78' lang='grc' dir='ltr'>Βαϐύλας·</span> <span class='ocrx_word' id='word_1_169' title='bbox 2795 1083 2980 1158; x_wconf 69' lang='grc' dir='ltr'>ἐκείνῳ</span> <span class='ocrx_word' id='word_1_170' title='bbox 3036 1085 3137 1163; x_wconf 74' lang='grc' dir='ltr'>γὰρ</span> <span class='ocrx_word' id='word_1_171' title='bbox 3179 1086 3367 1146; x_wconf 67' lang='grc' dir='ltr'>αὐτοὺς</span> <span class='ocrx_word' id='word_1_172' title='bbox 3419 1085 3752 1166; x_wconf 68' lang='grc' dir='ltr'>ἑνεχείρισα.</span> 
     </span>
    </p>
   </div>
   <div class='ocr_carea' id='block_1_27' title="bbox 2189 1172 3758 1252">
    <p class='ocr_par' dir='ltr' id='par_1_27' title="bbox 2189 1172 3758 1252">
     <span class='ocr_line' id='line_1_27' title="bbox 2189 1172 3758 1252; baseline 0.001 -24"><span class='ocrx_word' id='word_1_173' title='bbox 2189 1173 2277 1235; x_wconf 84' lang='grc' dir='ltr'><strong>Β’.</strong></span> <span class='ocrx_word' id='word_1_174' title='bbox 2325 1174 2524 1230; x_wconf 81' lang='grc' dir='ltr'>Τούτου</span> <span class='ocrx_word' id='word_1_175' title='bbox 2571 1172 2832 1250; x_wconf 76' lang='grc' dir='ltr'>ἀκούσας,</span> <span class='ocrx_word' id='word_1_176' title='bbox 2859 1173 3025 1252; x_wconf 79' lang='grc' dir='ltr'>ὀργῆς</span> <span class='ocrx_word' id='word_1_177' title='bbox 3079 1173 3486 1246; x_wconf 65' lang='grc' dir='ltr'><strong>ὑποπίμπλαται</strong></span> <span class='ocrx_word' id='word_1_178' title='bbox 3535 1185 3758 1250; x_wconf 78' lang='grc' dir='ltr'>Νουμε-</span> 
     </span>
    </p>
   </div>
   <div class='ocr_carea' id='block_1_28' title="bbox 2105 1262 3754 1344">
    <p class='ocr_par' dir='ltr' id='par_1_28' title="bbox 2105 1262 3754 1344">
     <span class='ocr_line' id='line_1_28' title="bbox 2105 1262 3754 1344; baseline 0.001 -26"><span class='ocrx_word' id='word_1_179' title='bbox 2105 1265 2313 1341; x_wconf 80' lang='grc' dir='ltr'>ριανὸς,</span> <span class='ocrx_word' id='word_1_180' title='bbox 2376 1264 2464 1318; x_wconf 80' lang='grc' dir='ltr'><strong>καὶ</strong></span> <span class='ocrx_word' id='word_1_181' title='bbox 2516 1263 2691 1320; x_wconf 71' lang='grc' dir='ltr'>πκίειδ</span> <span class='ocrx_word' id='word_1_182' title='bbox 2749 1262 2913 1329; x_wconf 77' lang='grc' dir='ltr'>αὐτὴν</span> <span class='ocrx_word' id='word_1_183' title='bbox 2973 1264 3108 1319; x_wconf 82' lang='grc' dir='ltr'>κατὰ</span> <span class='ocrx_word' id='word_1_184' title='bbox 3164 1262 3358 1342; x_wconf 78' lang='grc' dir='ltr'>κόῤῥης</span> <span class='ocrx_word' id='word_1_185' title='bbox 3405 1265 3754 1344; x_wconf 83' lang='grc' dir='ltr'>προστάττει,</span> 
     </span>
    </p>
   </div>
   <div class='ocr_carea' id='block_1_29' title="bbox 2104 1352 3756 1431">
    <p class='ocr_par' dir='ltr' id='par_1_29' title="bbox 2104 1352 3756 1431">
     <span class='ocr_line' id='line_1_29' title="bbox 2104 1352 3756 1431; baseline 0.001 -21"><span class='ocrx_word' id='word_1_186' title='bbox 2104 1355 2192 1410; x_wconf 75' lang='grc' dir='ltr'><strong>καί</strong></span> <span class='ocrx_word' id='word_1_187' title='bbox 2233 1352 2526 1430; x_wconf 76' lang='grc' dir='ltr'>ἐπιλέγειν,</span> <span class='ocrx_word' id='word_1_188' title='bbox 2560 1354 2636 1424; x_wconf 78' lang='grc' dir='ltr'>μὴ</span> <span class='ocrx_word' id='word_1_189' title='bbox 2681 1359 2902 1409; x_wconf 82' lang='grc' dir='ltr'>τοιαῦτα</span> <span class='ocrx_word' id='word_1_190' title='bbox 2949 1354 3078 1430; x_wconf 82' lang='grc' dir='ltr'>πρὸς</span> <span class='ocrx_word' id='word_1_191' title='bbox 3127 1355 3218 1410; x_wconf 80' lang='grc' dir='ltr'>τὸν</span> <span class='ocrx_word' id='word_1_192' title='bbox 3257 1354 3478 1430; x_wconf 78' lang='grc' dir='ltr'>βασιλέα</span> <span class='ocrx_word' id='word_1_193' title='bbox 3535 1375 3756 1431; x_wconf 82' lang='grc' dir='ltr'>προπε-</span> 
     </span>
    </p>
   </div>
   <div class='ocr_carea' id='block_1_30' title="bbox 2103 1440 3755 1522">
    <p class='ocr_par' dir='ltr' id='par_1_30' title="bbox 2103 1440 3755 1522">
     <span class='ocr_line' id='line_1_30' title="bbox 2103 1440 3755 1522; baseline -0.001 -24"><span class='ocrx_word' id='word_1_194' title='bbox 2103 1450 2210 1506; x_wconf 81' lang='grc' dir='ltr'><strong>τῶς</strong></span> <span class='ocrx_word' id='word_1_195' title='bbox 2277 1442 2616 1522; x_wconf 75' lang='grc' dir='ltr'>φθέγγεσθαι.</span> <span class='ocrx_word' id='word_1_196' title='bbox 2665 1452 2740 1500; x_wconf 78' lang='lat' dir='ltr'><strong>Ta</strong></span> <span class='ocrx_word' id='word_1_197' title='bbox 2801 1440 2979 1498; x_wconf 80' lang='grc' dir='ltr'>παιδία</span> <span class='ocrx_word' id='word_1_198' title='bbox 3031 1443 3203 1502; x_wconf 84' lang='grc' dir='ltr'>τοίνυν</span> <span class='ocrx_word' id='word_1_199' title='bbox 3261 1445 3597 1518; x_wconf 75' lang='grc' dir='ltr'>τυπτομένην</span> <span class='ocrx_word' id='word_1_200' title='bbox 3654 1444 3755 1508; x_wconf 70' lang='grc' dir='ltr'>τήν</span> 
     </span>
    </p>
   </div>
   <div class='ocr_carea' id='block_1_31' title="bbox 2105 1529 3760 1610">
    <p class='ocr_par' dir='ltr' id='par_1_31' title="bbox 2105 1529 3760 1610">
     <span class='ocr_line' id='line_1_31' title="bbox 2105 1529 3760 1610; baseline 0.002 -24"><span class='ocrx_word' id='word_1_201' title='bbox 2105 1531 2314 1609; x_wconf 64' lang='grc' dir='ltr'>μητέρα</span> <span class='ocrx_word' id='word_1_202' title='bbox 2366 1534 2593 1606; x_wconf 80' lang='grc' dir='ltr'>ὁρῶντα,</span> <span class='ocrx_word' id='word_1_203' title='bbox 2627 1529 2860 1610; x_wconf 77' lang='grc' dir='ltr'>διέφθορε</span> <span class='ocrx_word' id='word_1_204' title='bbox 2918 1533 3009 1588; x_wconf 81' lang='grc' dir='ltr'><strong>τὸν</strong></span> <span class='ocrx_word' id='word_1_205' title='bbox 3062 1533 3204 1598; x_wconf 77' lang='grc' dir='ltr'>νοῦν,</span> <span class='ocrx_word' id='word_1_206' title='bbox 3263 1531 3615 1604; x_wconf 60' lang='grc' dir='ltr'>διασέσειστκι</span> <span class='ocrx_word' id='word_1_207' title='bbox 3658 1533 3760 1597; x_wconf 67' lang='grc' dir='ltr'><strong>τὰς</strong></span> 
     </span>
    </p>
   </div>
   <div class='ocr_carea' id='block_1_32' title="bbox 2104 1611 3759 1700">
    <p class='ocr_par' dir='ltr' id='par_1_32' title="bbox 2104 1611 3759 1700">
     <span class='ocr_line' id='line_1_32' title="bbox 2104 1611 3759 1700; baseline 0 -24"><span class='ocrx_word' id='word_1_208' title='bbox 2104 1622 2320 1700; x_wconf 80' lang='grc' dir='ltr'>φρένας,</span> <span class='ocrx_word' id='word_1_209' title='bbox 2382 1611 2440 1677; x_wconf 73' lang='grc' dir='ltr'>Ὀ</span> <span class='ocrx_word' id='word_1_210' title='bbox 2507 1619 2783 1695; x_wconf 81' lang='grc' dir='ltr'>βασιλεὺς,</span> <span class='ocrx_word' id='word_1_211' title='bbox 2845 1618 3049 1696; x_wconf 82' lang='grc' dir='ltr'>ἔλεγον,</span> <span class='ocrx_word' id='word_1_212' title='bbox 3107 1626 3206 1687; x_wconf 80' lang='grc' dir='ltr'><strong>την</strong></span> <span class='ocrx_word' id='word_1_213' title='bbox 3277 1622 3486 1700; x_wconf 84' lang='grc' dir='ltr'>μητέρα</span> <span class='ocrx_word' id='word_1_214' title='bbox 3541 1621 3759 1688; x_wconf 76' lang='grc' dir='ltr'>τάληθῆ</span> 
     </span>
    </p>
   </div>
   <div class='ocr_carea' id='block_1_33' title="bbox 2105 1708 3760 1787">
    <p class='ocr_par' dir='ltr' id='par_1_33' title="bbox 2105 1708 3760 1787">
     <span class='ocr_line' id='line_1_33' title="bbox 2105 1708 3760 1787; baseline 0.001 -22"><span class='ocrx_word' id='word_1_215' title='bbox 2105 1709 2366 1787; x_wconf 79' lang='grc' dir='ltr'>λέγουσαν</span> <span class='ocrx_word' id='word_1_216' title='bbox 2423 1711 2700 1779; x_wconf 82' lang='grc' dir='ltr'>αἰκίζεται.</span> <span class='ocrx_word' id='word_1_217' title='bbox 2759 1709 2892 1765; x_wconf 72' lang='grc' dir='ltr'>Εἶτα</span> <span class='ocrx_word' id='word_1_218' title='bbox 2954 1709 3138 1781; x_wconf 76' lang='grc' dir='ltr'>παιδιᾷ</span> <span class='ocrx_word' id='word_1_219' title='bbox 3170 1712 3198 1765; x_wconf 93' lang='lat'><strong>6</strong></span> <span class='ocrx_word' id='word_1_220' title='bbox 3245 1708 3493 1785; x_wconf 80' lang='grc' dir='ltr'>βασιλεὺς</span> <span class='ocrx_word' id='word_1_221' title='bbox 3523 1712 3614 1766; x_wconf 77' lang='grc' dir='ltr'>τὸν</span> <span class='ocrx_word' id='word_1_222' title='bbox 3657 1714 3760 1766; x_wconf 84' lang='grc' dir='ltr'>θυ-</span> 
     </span>
    </p>
   </div>
   <div class='ocr_carea' id='block_1_34' title="bbox 367 1795 2004 1878">
    <p class='ocr_par' dir='ltr' id='par_1_34' title="bbox 367 1795 2004 1876">
     <span class='ocr_line' id='line_1_34' title="bbox 367 1795 2004 1876; baseline 0 -18"><span class='ocrx_word' id='word_1_223' title='bbox 367 1797 488 1870; x_wconf 85' lang='lat' dir='ltr'><strong>ﬁci,</strong></span> <span class='ocrx_word' id='word_1_224' title='bbox 524 1797 861 1858; x_wconf 88' lang='lat' dir='ltr'><strong>secundum</strong></span> <span class='ocrx_word' id='word_1_225' title='bbox 913 1804 1112 1858; x_wconf 88' lang='lat' dir='ltr'><strong>autem</strong></span> <span class='ocrx_word' id='word_1_226' title='bbox 1166 1813 1401 1870; x_wconf 76' lang='lat' dir='ltr'><strong>novem,</strong></span> <span class='ocrx_word' id='word_1_227' title='bbox 1439 1805 1495 1856; x_wconf 90' lang='lat' dir='ltr'><strong>et</strong></span> <span class='ocrx_word' id='word_1_228' title='bbox 1550 1795 1824 1856; x_wconf 89' lang='lat' dir='ltr'><strong>ultimum</strong></span> <span class='ocrx_word' id='word_1_229' title='bbox 1881 1814 2004 1876; x_wconf 16' lang='lat' dir='ltr'><strong>sepe</strong></span> 
     </span>
    </p>
   </div>
   <div class='ocr_carea' id='block_1_35' title="bbox 2095 1795 3763 1878">
    <p class='ocr_par' dir='ltr' id='par_1_35' title="bbox 2107 1797 3763 1878">
     <span class='ocr_line' id='line_1_35' title="bbox 2107 1797 3763 1878; baseline -0.001 -23"><span class='ocrx_word' id='word_1_230' title='bbox 2107 1802 2209 1874; x_wconf 83' lang='grc' dir='ltr'>μὸν</span> <span class='ocrx_word' id='word_1_231' title='bbox 2267 1799 2599 1872; x_wconf 81' lang='grc' dir='ltr'>ἀνακεράσσς</span> <span class='ocrx_word' id='word_1_232' title='bbox 2673 1797 2879 1854; x_wconf 88' lang='grc' dir='ltr'>κελεύει</span> <span class='ocrx_word' id='word_1_233' title='bbox 2947 1800 3035 1854; x_wconf 72' lang='grc' dir='ltr'>τὸν</span> <span class='ocrx_word' id='word_1_234' title='bbox 3108 1799 3206 1871; x_wconf 74' lang='grc' dir='ltr'>μὲν</span> <span class='ocrx_word' id='word_1_235' title='bbox 3275 1797 3579 1878; x_wconf 69' lang='grc' dir='ltr'>προέχοντα</span> <span class='ocrx_word' id='word_1_236' title='bbox 3649 1804 3763 1856; x_wconf 81' lang='grc' dir='ltr'><strong>τῶν</strong></span> 
     </span>
    </p>
   </div>
   <div class='ocr_carea' id='block_1_36' title="bbox 365 1885 2018 1969">
    <p class='ocr_par' dir='ltr' id='par_1_36' title="bbox 365 1885 2018 1969">
     <span class='ocr_line' id='line_1_36' title="bbox 365 1885 2018 1969; baseline 0 -21"><span class='ocrx_word' id='word_1_237' title='bbox 365 1895 511 1968; x_wconf 90' lang='lat' dir='ltr'><strong>tem,</strong></span> <span class='ocrx_word' id='word_1_238' title='bbox 542 1889 800 1969; x_wconf 60' lang='lat' dir='ltr'><strong>aequales</strong></span> <span class='ocrx_word' id='word_1_239' title='bbox 831 1903 1084 1948; x_wconf 90' lang='lat' dir='ltr'><strong>numero</strong></span> <span class='ocrx_word' id='word_1_240' title='bbox 1111 1885 1310 1965; x_wconf 82' lang='lat' dir='ltr'><strong>plagas</strong></span> <span class='ocrx_word' id='word_1_241' title='bbox 1345 1887 1662 1966; x_wconf 87' lang='lat' dir='ltr'><strong>imponens</strong></span> <span class='ocrx_word' id='word_1_242' title='bbox 1694 1885 2018 1966; x_wconf 84' lang='lat' dir='ltr'><strong>unicuique</strong></span> 
     </span>
    </p>
   </div>
   <div class='ocr_carea' id='block_1_37' title="bbox 364 1973 2013 2058">
    <p class='ocr_par' dir='ltr' id='par_1_37' title="bbox 364 1973 2013 2058">
     <span class='ocr_line' id='line_1_37' title="bbox 364 1973 2013 2058; baseline -0.002 -18"><span class='ocrx_word' id='word_1_243' title='bbox 364 1997 472 2058; x_wconf 92' lang='lat' dir='ltr'><strong>pro</strong></span> <span class='ocrx_word' id='word_1_244' title='bbox 536 1995 792 2040; x_wconf 89' lang='lat' dir='ltr'><strong>numero</strong></span> <span class='ocrx_word' id='word_1_245' title='bbox 847 1994 1142 2038; x_wconf 89' lang='lat' dir='ltr'><strong>annorum</strong></span> <span class='ocrx_word' id='word_1_246' title='bbox 1199 1973 1409 2038; x_wconf 82' lang='lat' dir='ltr'><strong>aetatis.</strong></span> <span class='ocrx_word' id='word_1_247' title='bbox 1473 1975 1564 2036; x_wconf 91' lang='lat' dir='ltr'><strong>Illi</strong></span> <span class='ocrx_word' id='word_1_248' title='bbox 1622 1985 1817 2036; x_wconf 79' lang='lat' dir='ltr'><strong>autem</strong></span> <span class='ocrx_word' id='word_1_249' title='bbox 1877 1993 2013 2037; x_wconf 92' lang='lat' dir='ltr'><strong>cum</strong></span> 
     </span>
    </p>
   </div>
   <div class='ocr_carea' id='block_1_38' title="bbox 367 2064 2010 2149">
    <p class='ocr_par' dir='ltr' id='par_1_38' title="bbox 367 2064 2010 2149">
     <span class='ocr_line' id='line_1_38' title="bbox 367 2064 2010 2149; baseline -0.002 -19"><span class='ocrx_word' id='word_1_250' title='bbox 367 2069 569 2149; x_wconf 86' lang='lat' dir='ltr'><strong>ﬂagris</strong></span> <span class='ocrx_word' id='word_1_251' title='bbox 617 2071 1023 2138; x_wconf 70' lang='lat' dir='ltr'><strong>caederentur,</strong></span> <span class='ocrx_word' id='word_1_252' title='bbox 1063 2064 1391 2128; x_wconf 84' lang='lat' dir='ltr'><strong>laudabant</strong></span> <span class='ocrx_word' id='word_1_253' title='bbox 1441 2065 1759 2128; x_wconf 85' lang='lat' dir='ltr'><strong>Dominum</strong></span> <span class='ocrx_word' id='word_1_254' title='bbox 1796 2083 1811 2139; x_wconf 91' lang='lat'><strong>;</strong></span> <span class='ocrx_word' id='word_1_255' title='bbox 1845 2083 2010 2144; x_wconf 60' lang='lat' dir='ltr'><strong>quae-</strong></span> 
     </span>
    </p>
   </div>
   <div class='ocr_carea' id='block_1_39' title="bbox 362 2153 2012 2234">
    <p class='ocr_par' dir='ltr' id='par_1_39' title="bbox 362 2153 2012 2234">
     <span class='ocr_line' id='line_1_39' title="bbox 362 2153 2012 2234; baseline -0.002 -15"><span class='ocrx_word' id='word_1_256' title='bbox 362 2158 577 2222; x_wconf 90' lang='lat' dir='ltr'><strong>rebant</strong></span> <span class='ocrx_word' id='word_1_257' title='bbox 633 2167 828 2220; x_wconf 92' lang='lat' dir='ltr'><strong>autem</strong></span> <span class='ocrx_word' id='word_1_258' title='bbox 897 2157 1269 2234; x_wconf 88' lang='lat' dir='ltr'><strong>magistrum,</strong></span> <span class='ocrx_word' id='word_1_259' title='bbox 1305 2173 1440 2216; x_wconf 91' lang='lat' dir='ltr'><strong>cum</strong></span> <span class='ocrx_word' id='word_1_260' title='bbox 1475 2173 1546 2216; x_wconf 90' lang='lat' dir='ltr'><strong>eo</strong></span> <span class='ocrx_word' id='word_1_261' title='bbox 1593 2153 2012 2217; x_wconf 80' lang='lat' dir='ltr'><strong>desiderantes</strong></span> 
     </span>
    </p>
   </div>
   <div class='ocr_carea' id='block_1_40' title="bbox 362 2246 1194 2311">
    <p class='ocr_par' dir='ltr' id='par_1_40' title="bbox 362 2246 1194 2311">
     <span class='ocr_line' id='line_1_40' title="bbox 362 2246 1194 2311; baseline -0.006 0"><span class='ocrx_word' id='word_1_262' title='bbox 362 2247 540 2311; x_wconf 88' lang='lat' dir='ltr'><strong>etiam</strong></span> <span class='ocrx_word' id='word_1_263' title='bbox 575 2246 801 2309; x_wconf 89' lang='lat' dir='ltr'><strong>versari</strong></span> <span class='ocrx_word' id='word_1_264' title='bbox 832 2246 892 2306; x_wconf 90' lang='lat' dir='ltr'><strong>in</strong></span> <span class='ocrx_word' id='word_1_265' title='bbox 927 2262 1194 2307; x_wconf 87' lang='lat' dir='ltr'><strong>carcere.</strong></span> 
     </span>
    </p>
   </div>
   <div class='ocr_carea' id='block_1_41' title="bbox 437 2422 2003 2504">
    <p class='ocr_par' dir='ltr' id='par_1_41' title="bbox 437 2422 2003 2504">
     <span class='ocr_line' id='line_1_41' title="bbox 437 2422 2003 2504; baseline -0.003 -14"><span class='ocrx_word' id='word_1_266' title='bbox 437 2427 537 2490; x_wconf 88' lang='lat' dir='ltr'><strong>IX.</strong></span> <span class='ocrx_word' id='word_1_267' title='bbox 572 2425 975 2488; x_wconf 88' lang='lat' dir='ltr'><strong>Numerianus</strong></span> <span class='ocrx_word' id='word_1_268' title='bbox 998 2443 1139 2502; x_wconf 90' lang='lat' dir='ltr'><strong>ergo</strong></span> <span class='ocrx_word' id='word_1_269' title='bbox 1171 2443 1304 2486; x_wconf 91' lang='lat' dir='ltr'><strong>cum</strong></span> <span class='ocrx_word' id='word_1_270' title='bbox 1331 2442 1399 2484; x_wconf 86' lang='lat' dir='ltr'><strong>ex</strong></span> <span class='ocrx_word' id='word_1_271' title='bbox 1434 2422 1717 2485; x_wconf 83' lang='lat' dir='ltr'><strong>tribunali</strong></span> <span class='ocrx_word' id='word_1_272' title='bbox 1740 2423 2003 2504; x_wconf 88' lang='lat' dir='ltr'><strong>impera-</strong></span> 
     </span>
    </p>
   </div>
   <div class='ocr_carea' id='block_1_42' title="bbox 360 2513 2002 2599">
    <p class='ocr_par' dir='ltr' id='par_1_42' title="bbox 360 2513 2002 2599">
     <span class='ocr_line' id='line_1_42' title="bbox 360 2513 2002 2599; baseline -0.004 -17"><span class='ocrx_word' id='word_1_273' title='bbox 360 2519 510 2582; x_wconf 92' lang='lat' dir='ltr'><strong>torio</strong></span> <span class='ocrx_word' id='word_1_274' title='bbox 548 2536 654 2599; x_wconf 92' lang='lat' dir='ltr'><strong>per</strong></span> <span class='ocrx_word' id='word_1_275' title='bbox 686 2516 995 2577; x_wconf 89' lang='lat' dir='ltr'><strong>ministros</strong></span> <span class='ocrx_word' id='word_1_276' title='bbox 1027 2521 1282 2599; x_wconf 74' lang='lat' dir='ltr'><strong>matrem</strong></span> <span class='ocrx_word' id='word_1_277' title='bbox 1328 2513 1631 2576; x_wconf 83' lang='lat' dir='ltr'><strong>eduxisset</strong></span> <span class='ocrx_word' id='word_1_278' title='bbox 1660 2523 1720 2576; x_wconf 91' lang='lat' dir='ltr'><strong>et</strong></span> <span class='ocrx_word' id='word_1_279' title='bbox 1766 2533 2002 2594; x_wconf 91' lang='lat' dir='ltr'><strong>pueros,</strong></span> 
     </span>
    </p>
   </div>
   <div class='ocr_carea' id='block_1_43' title="bbox 356 2601 2008 2688">
    <p class='ocr_par' dir='ltr' id='par_1_43' title="bbox 356 2601 2008 2688">
     <span class='ocr_line' id='line_1_43' title="bbox 356 2601 2008 2688; baseline -0.002 -20"><span class='ocrx_word' id='word_1_280' title='bbox 356 2607 632 2688; x_wconf 77' lang='lat' dir='ltr'><strong>Babylam</strong></span> <span class='ocrx_word' id='word_1_281' title='bbox 669 2603 977 2667; x_wconf 87' lang='lat' dir='ltr'><strong>accersite</strong></span> <span class='ocrx_word' id='word_1_282' title='bbox 1007 2603 1298 2677; x_wconf 89' lang='lat' dir='ltr'><strong>custodia,</strong></span> <span class='ocrx_word' id='word_1_283' title='bbox 1327 2612 1384 2664; x_wconf 84' lang='lat' dir='ltr'><strong>et</strong></span> <span class='ocrx_word' id='word_1_284' title='bbox 1417 2601 1668 2682; x_wconf 83' lang='lat' dir='ltr'><strong>perinde</strong></span> <span class='ocrx_word' id='word_1_285' title='bbox 1697 2620 1766 2664; x_wconf 79' lang='lat' dir='ltr'><strong>ac</strong></span> <span class='ocrx_word' id='word_1_286' title='bbox 1797 2603 2008 2664; x_wconf 83' lang='lat' dir='ltr'><strong>ludens</strong></span> 
     </span>
    </p>
   </div>
   <div class='ocr_carea' id='block_1_44' title="bbox 355 2691 2003 2775">
    <p class='ocr_par' dir='ltr' id='par_1_44' title="bbox 355 2691 2003 2775">
     <span class='ocr_line' id='line_1_44' title="bbox 355 2691 2003 2775; baseline -0.003 -16"><span class='ocrx_word' id='word_1_287' title='bbox 355 2700 415 2758; x_wconf 90' lang='lat' dir='ltr'><strong>in</strong></span> <span class='ocrx_word' id='word_1_288' title='bbox 469 2714 674 2775; x_wconf 88' lang='lat' dir='ltr'><strong>scena,</strong></span> <span class='ocrx_word' id='word_1_289' title='bbox 710 2701 811 2756; x_wconf 90' lang='lat' dir='ltr'><strong>aut</strong></span> <span class='ocrx_word' id='word_1_290' title='bbox 865 2694 1221 2755; x_wconf 87' lang='lat' dir='ltr'><strong>histrionem</strong></span> <span class='ocrx_word' id='word_1_291' title='bbox 1275 2692 1494 2754; x_wconf 88' lang='lat' dir='ltr'><strong>stultus</strong></span> <span class='ocrx_word' id='word_1_292' title='bbox 1547 2709 1774 2771; x_wconf 85' lang='lat' dir='ltr'><strong>agens:</strong></span> <span class='ocrx_word' id='word_1_293' title='bbox 1827 2691 2003 2769; x_wconf 85' lang='lat' dir='ltr'><strong>Ecce,</strong></span> 
     </span>
    </p>
   </div>
   <div class='ocr_carea' id='block_1_45' title="bbox 353 2780 2000 2868">
    <p class='ocr_par' dir='ltr' id='par_1_45' title="bbox 353 2780 2000 2868">
     <span class='ocr_line' id='line_1_45' title="bbox 353 2780 2000 2868; baseline -0.005 -19"><span class='ocrx_word' id='word_1_294' title='bbox 353 2786 569 2868; x_wconf 91' lang='lat' dir='ltr'><strong>inquit,</strong></span> <span class='ocrx_word' id='word_1_295' title='bbox 604 2785 712 2846; x_wconf 92' lang='lat' dir='ltr'><strong>tibi</strong></span> <span class='ocrx_word' id='word_1_296' title='bbox 745 2783 964 2845; x_wconf 87' lang='lat' dir='ltr'><strong>cecidit</strong></span> <span class='ocrx_word' id='word_1_297' title='bbox 993 2799 1206 2860; x_wconf 88' lang='lat' dir='ltr'><strong>magna</strong></span> <span class='ocrx_word' id='word_1_298' title='bbox 1243 2789 1338 2842; x_wconf 92' lang='lat' dir='ltr'><strong>tua</strong></span> <span class='ocrx_word' id='word_1_299' title='bbox 1372 2780 1644 2859; x_wconf 87' lang='lat' dir='ltr'><strong>gloriatio</strong></span> <span class='ocrx_word' id='word_1_300' title='bbox 1676 2789 1734 2841; x_wconf 92' lang='lat' dir='ltr'><strong>et</strong></span> <span class='ocrx_word' id='word_1_301' title='bbox 1762 2782 2000 2860; x_wconf 88' lang='lat' dir='ltr'><strong>jactan-</strong></span> 
     </span>
    </p>
   </div>
   <div class='ocr_carea' id='block_1_46' title="bbox 355 2869 1998 2952">
    <p class='ocr_par' dir='ltr' id='par_1_46' title="bbox 355 2869 1998 2952">
     <span class='ocr_line' id='line_1_46' title="bbox 355 2869 1998 2952; baseline -0.002 -16"><span class='ocrx_word' id='word_1_302' title='bbox 355 2878 456 2952; x_wconf 89' lang='lat' dir='ltr'><strong>tia,</strong></span> <span class='ocrx_word' id='word_1_303' title='bbox 492 2884 550 2937; x_wconf 90' lang='lat' dir='ltr'><strong>et</strong></span> <span class='ocrx_word' id='word_1_304' title='bbox 599 2875 772 2936; x_wconf 89' lang='lat' dir='ltr'><strong>aliter</strong></span> <span class='ocrx_word' id='word_1_305' title='bbox 796 2891 894 2933; x_wconf 89' lang='lat' dir='ltr'><strong>res</strong></span> <span class='ocrx_word' id='word_1_306' title='bbox 925 2871 1110 2933; x_wconf 88' lang='lat' dir='ltr'><strong>cessit</strong></span> <span class='ocrx_word' id='word_1_307' title='bbox 1139 2889 1315 2950; x_wconf 88' lang='lat' dir='ltr'><strong>quam</strong></span> <span class='ocrx_word' id='word_1_308' title='bbox 1366 2869 1623 2950; x_wconf 90' lang='lat' dir='ltr'><strong>putabas</strong></span> <span class='ocrx_word' id='word_1_309' title='bbox 1655 2872 1856 2950; x_wconf 90' lang='lat' dir='ltr'><strong>pueris</strong></span> <span class='ocrx_word' id='word_1_310' title='bbox 1891 2892 1907 2946; x_wconf 91' lang='lat'><strong>;</strong></span> <span class='ocrx_word' id='word_1_311' title='bbox 1959 2873 1998 2932; x_wconf 92' lang='lat' dir='ltr'><strong>ii</strong></span> 
     </span>
    </p>
   </div>
   <div class='ocr_carea' id='block_1_47' title="bbox 354 2959 1999 3043">
    <p class='ocr_par' dir='ltr' id='par_1_47' title="bbox 354 2959 1999 3043">
     <span class='ocr_line' id='line_1_47' title="bbox 354 2959 1999 3043; baseline -0.004 -16"><span class='ocrx_word' id='word_1_312' title='bbox 354 2968 514 3028; x_wconf 88' lang='lat' dir='ltr'><strong>enim</strong></span> <span class='ocrx_word' id='word_1_313' title='bbox 551 2973 688 3026; x_wconf 89' lang='lat' dir='ltr'><strong>sunt</strong></span> <span class='ocrx_word' id='word_1_314' title='bbox 723 2963 914 3043; x_wconf 86' lang='lat' dir='ltr'><strong>parati</strong></span> <span class='ocrx_word' id='word_1_315' title='bbox 938 2961 1054 3023; x_wconf 90' lang='lat' dir='ltr'><strong>diis</strong></span> <span class='ocrx_word' id='word_1_316' title='bbox 1085 2959 1567 3022; x_wconf 80' lang='lat' dir='ltr'><strong>sacriﬁcarellle</strong></span> <span class='ocrx_word' id='word_1_317' title='bbox 1596 2969 1792 3021; x_wconf 91' lang='lat' dir='ltr'><strong>autem</strong></span> <span class='ocrx_word' id='word_1_318' title='bbox 1819 2960 1999 3028; x_wconf 86' lang='lat' dir='ltr'><strong>(scie-</strong></span> 
     </span>
    </p>
   </div>
   <div class='ocr_carea' id='block_1_48' title="bbox 353 3048 1995 3134">
    <p class='ocr_par' dir='ltr' id='par_1_48' title="bbox 353 3048 1995 3134">
     <span class='ocr_line' id='line_1_48' title="bbox 353 3048 1995 3134; baseline -0.005 -17"><span class='ocrx_word' id='word_1_319' title='bbox 353 3058 457 3117; x_wconf 86' lang='lat' dir='ltr'><strong>bat</strong></span> <span class='ocrx_word' id='word_1_320' title='bbox 484 3055 643 3116; x_wconf 91' lang='lat' dir='ltr'><strong>enim</strong></span> <span class='ocrx_word' id='word_1_321' title='bbox 691 3052 899 3134; x_wconf 88' lang='lat' dir='ltr'><strong>quales</strong></span> <span class='ocrx_word' id='word_1_322' title='bbox 933 3071 1038 3113; x_wconf 92' lang='lat' dir='ltr'><strong>eos</strong></span> <span class='ocrx_word' id='word_1_323' title='bbox 1073 3050 1408 3131; x_wconf 87' lang='lat' dir='ltr'><strong>peperisset</strong></span> <span class='ocrx_word' id='word_1_324' title='bbox 1437 3049 1700 3130; x_wconf 88' lang='lat' dir='ltr'><strong>spiritu),</strong></span> <span class='ocrx_word' id='word_1_325' title='bbox 1734 3048 1995 3125; x_wconf 88' lang='lat' dir='ltr'><strong>Videris,</strong></span> 
     </span>
    </p>
   </div>
   <div class='ocr_carea' id='block_1_49' title="bbox 2103 1884 3763 1966">
    <p class='ocr_par' dir='ltr' id='par_1_49' title="bbox 2103 1884 3763 1966">
     <span class='ocr_line' id='line_1_49' title="bbox 2103 1884 3763 1966; baseline 0 -21"><span class='ocrx_word' id='word_1_326' title='bbox 2103 1886 2304 1945; x_wconf 81' lang='grc' dir='ltr'>παίδων</span> <span class='ocrx_word' id='word_1_327' title='bbox 2363 1886 2606 1961; x_wconf 81' lang='grc' dir='ltr'>πληγαῖς</span> <span class='ocrx_word' id='word_1_328' title='bbox 2675 1884 2987 1942; x_wconf 58' lang='grc' dir='ltr'>δυοκαίδεκα</span> <span class='ocrx_word' id='word_1_329' title='bbox 3043 1887 3366 1960; x_wconf 68' lang='grc' dir='ltr'><strong>αἰκισθῆναι,</strong></span> <span class='ocrx_word' id='word_1_330' title='bbox 3431 1890 3521 1943; x_wconf 81' lang='grc' dir='ltr'>τὸν</span> <span class='ocrx_word' id='word_1_331' title='bbox 3564 1887 3763 1966; x_wconf 71' lang='grc' dir='ltr'><strong>ἑφεξῆς</strong></span> 
     </span>
    </p>
   </div>
   <div class='ocr_carea' id='block_1_50' title="bbox 2099 1974 3760 2054">
    <p class='ocr_par' dir='ltr' id='par_1_50' title="bbox 2099 1974 3760 2054">
     <span class='ocr_line' id='line_1_50' title="bbox 2099 1974 3760 2054; baseline 0.002 -23"><span class='ocrx_word' id='word_1_332' title='bbox 2099 1974 2154 2032; x_wconf 82' lang='grc' dir='ltr'><strong>δὲ</strong></span> <span class='ocrx_word' id='word_1_333' title='bbox 2203 1977 2375 2054; x_wconf 75' lang='grc' dir='ltr'>ἐννέα,</span> <span class='ocrx_word' id='word_1_334' title='bbox 2412 1978 2500 2033; x_wconf 74' lang='grc' dir='ltr'><strong>καί</strong></span> <span class='ocrx_word' id='word_1_335' title='bbox 2543 1974 2676 2032; x_wconf 68' lang='grc' dir='ltr'><strong>ἔπτᾶ</strong></span> <span class='ocrx_word' id='word_1_336' title='bbox 2733 1979 2825 2031; x_wconf 78' lang='grc' dir='ltr'>τὸν</span> <span class='ocrx_word' id='word_1_337' title='bbox 2871 1976 3127 2054; x_wconf 70' lang='grc' dir='ltr'>ἔσχατον,</span> <span class='ocrx_word' id='word_1_338' title='bbox 3181 1978 3484 2053; x_wconf 72' lang='grc' dir='ltr'>ἰσαρίθμους</span> <span class='ocrx_word' id='word_1_339' title='bbox 3540 1978 3760 2050; x_wconf 73' lang='grc' dir='ltr'>ἔκᾶστῳ</span> 
     </span>
    </p>
   </div>
   <div class='ocr_carea' id='block_1_51' title="bbox 2101 2065 3753 2143">
    <p class='ocr_par' dir='ltr' id='par_1_51' title="bbox 2101 2065 3753 2143">
     <span class='ocr_line' id='line_1_51' title="bbox 2101 2065 3753 2143; baseline 0.001 -21"><span class='ocrx_word' id='word_1_340' title='bbox 2101 2067 2191 2127; x_wconf 75' lang='grc' dir='ltr'><strong>τὰς</strong></span> <span class='ocrx_word' id='word_1_341' title='bbox 2252 2065 2466 2143; x_wconf 81' lang='grc' dir='ltr'>πληγὰς</span> <span class='ocrx_word' id='word_1_342' title='bbox 2515 2079 2626 2127; x_wconf 77' lang='grc' dir='ltr'>τοῖς</span> <span class='ocrx_word' id='word_1_343' title='bbox 2669 2070 2766 2132; x_wconf 81' lang='grc' dir='ltr'>τῆς</span> <span class='ocrx_word' id='word_1_344' title='bbox 2828 2067 3044 2132; x_wconf 77' lang='grc' dir='ltr'>ἡλικίας</span> <span class='ocrx_word' id='word_1_345' title='bbox 3102 2065 3298 2130; x_wconf 74' lang='grc' dir='ltr'>ἐπιθεὶς</span> <span class='ocrx_word' id='word_1_346' title='bbox 3357 2065 3521 2128; x_wconf 70' lang='grc' dir='ltr'>ἔτεσι.</span> <span class='ocrx_word' id='word_1_347' title='bbox 3560 2069 3632 2125; x_wconf 74' lang='grc' dir='ltr'><strong>Τὰ</strong></span> <span class='ocrx_word' id='word_1_348' title='bbox 3689 2066 3753 2124; x_wconf 80' lang='grc' dir='ltr'><strong>δέ</strong></span> 
     </span>
    </p>
   </div>
   <div class='ocr_carea' id='block_1_52' title="bbox 2098 2152 3755 2235">
    <p class='ocr_par' dir='ltr' id='par_1_52' title="bbox 2098 2152 3755 2235">
     <span class='ocr_line' id='line_1_52' title="bbox 2098 2152 3755 2235; baseline 0.001 -24"><span class='ocrx_word' id='word_1_349' title='bbox 2098 2155 2197 2234; x_wconf 80' lang='grc' dir='ltr'><strong>ἄρα</strong></span> <span class='ocrx_word' id='word_1_350' title='bbox 2257 2158 2341 2212; x_wconf 81' lang='grc' dir='ltr'>καὶ</span> <span class='ocrx_word' id='word_1_351' title='bbox 2401 2156 2764 2229; x_wconf 75' lang='grc' dir='ltr'>μαστιζόμενα</span> <span class='ocrx_word' id='word_1_352' title='bbox 2819 2152 3029 2231; x_wconf 78' lang='grc' dir='ltr'>εὑλόγει</span> <span class='ocrx_word' id='word_1_353' title='bbox 3073 2155 3172 2215; x_wconf 78' lang='grc' dir='ltr'>μὲν</span> <span class='ocrx_word' id='word_1_354' title='bbox 3212 2156 3304 2211; x_wconf 77' lang='grc' dir='ltr'>τὸν</span> <span class='ocrx_word' id='word_1_355' title='bbox 3363 2157 3517 2235; x_wconf 79' lang='grc' dir='ltr'>Θεὸν,</span> <span class='ocrx_word' id='word_1_356' title='bbox 3573 2157 3755 2228; x_wconf 63' lang='grc' dir='ltr'>ἐζήτει</span> 
     </span>
    </p>
   </div>
   <div class='ocr_carea' id='block_1_53' title="bbox 2093 2243 3758 2321">
    <p class='ocr_par' dir='ltr' id='par_1_53' title="bbox 2093 2243 3758 2321">
     <span class='ocr_line' id='line_1_53' title="bbox 2093 2243 3758 2321; baseline 0.001 -21"><span class='ocrx_word' id='word_1_357' title='bbox 2093 2243 2148 2300; x_wconf 76' lang='grc' dir='ltr'><strong>δὲ</strong></span> <span class='ocrx_word' id='word_1_358' title='bbox 2192 2247 2284 2301; x_wconf 78' lang='grc' dir='ltr'><strong>τὸν</strong></span> <span class='ocrx_word' id='word_1_359' title='bbox 2313 2243 2650 2317; x_wconf 71' lang='grc' dir='ltr'>διδάσκαλον,</span> <span class='ocrx_word' id='word_1_360' title='bbox 2683 2257 2921 2301; x_wconf 79' lang='grc' dir='ltr'>συνεῖναι</span> <span class='ocrx_word' id='word_1_361' title='bbox 2966 2244 3109 2318; x_wconf 78' lang='grc' dir='ltr'><strong>αὑτῷ</strong></span> <span class='ocrx_word' id='word_1_362' title='bbox 3157 2246 3241 2301; x_wconf 78' lang='grc' dir='ltr'><strong>καὶ</strong></span> <span class='ocrx_word' id='word_1_363' title='bbox 3298 2244 3354 2300; x_wconf 77' lang='grc' dir='ltr'>ἒν</span> <span class='ocrx_word' id='word_1_364' title='bbox 3402 2252 3481 2317; x_wconf 81' lang='grc' dir='ltr'>τῷ</span> <span class='ocrx_word' id='word_1_365' title='bbox 3541 2244 3758 2321; x_wconf 75' lang='grc' dir='ltr'>δεσμωο</span> 
     </span>
    </p>
   </div>
   <div class='ocr_carea' id='block_1_54' title="bbox 2091 2333 2612 2414">
    <p class='ocr_par' dir='ltr' id='par_1_54' title="bbox 2091 2333 2612 2414">
     <span class='ocr_line' id='line_1_54' title="bbox 2091 2333 2612 2414; baseline 0.006 -23"><span class='ocrx_word' id='word_1_366' title='bbox 2091 2339 2256 2414; x_wconf 80' lang='grc' dir='ltr'>τηρίῳ</span> <span class='ocrx_word' id='word_1_367' title='bbox 2286 2333 2612 2413; x_wconf 87' lang='grc' dir='ltr'>γλιχόμενα.</span> 
     </span>
    </p>
   </div>
   <div class='ocr_carea' id='block_1_55' title="bbox 2173 2422 3748 2502">
    <p class='ocr_par' dir='ltr' id='par_1_55' title="bbox 2173 2422 3748 2502">
     <span class='ocr_line' id='line_1_55' title="bbox 2173 2422 3748 2502; baseline 0.002 -22"><span class='ocrx_word' id='word_1_368' title='bbox 2173 2423 2262 2486; x_wconf 84' lang='grc' dir='ltr'><strong>Θ¹.</strong></span> <span class='ocrx_word' id='word_1_369' title='bbox 2327 2425 2684 2502; x_wconf 69' lang='grc' dir='ltr'>Νουμεριαιὸς</span> <span class='ocrx_word' id='word_1_370' title='bbox 2742 2423 2854 2497; x_wconf 76' lang='grc' dir='ltr'>οὖν,</span> <span class='ocrx_word' id='word_1_371' title='bbox 2887 2423 2983 2480; x_wconf 81' lang='grc' dir='ltr'><strong>τοῦ</strong></span> <span class='ocrx_word' id='word_1_372' title='bbox 3021 2422 3300 2501; x_wconf 70' lang='grc' dir='ltr'>βασιλικοῦ</span> <span class='ocrx_word' id='word_1_373' title='bbox 3355 2424 3597 2501; x_wconf 69' lang='grc' dir='ltr'>βήματος</span> <span class='ocrx_word' id='word_1_374' title='bbox 3656 2425 3748 2483; x_wconf 69' lang='grc' dir='ltr'>διὰ</span> 
     </span>
    </p>
   </div>
   <div class='ocr_carea' id='block_1_56' title="bbox 2091 2513 3747 2592">
    <p class='ocr_par' dir='ltr' id='par_1_56' title="bbox 2091 2513 3747 2592">
     <span class='ocr_line' id='line_1_56' title="bbox 2091 2513 3747 2592; baseline 0.002 -22"><span class='ocrx_word' id='word_1_375' title='bbox 2091 2521 2196 2570; x_wconf 80' lang='grc' dir='ltr'>τῶν</span> <span class='ocrx_word' id='word_1_376' title='bbox 2252 2513 2693 2590; x_wconf 64' lang='grc' dir='ltr'>ὑπηρετουμένων</span> <span class='ocrx_word' id='word_1_377' title='bbox 2751 2513 2848 2580; x_wconf 77' lang='grc' dir='ltr'>τὴν</span> <span class='ocrx_word' id='word_1_378' title='bbox 2907 2515 3114 2592; x_wconf 80' lang='grc' dir='ltr'>μητέρα</span> <span class='ocrx_word' id='word_1_379' title='bbox 3163 2517 3250 2570; x_wconf 84' lang='grc' dir='ltr'><strong>καὶ</strong></span> <span class='ocrx_word' id='word_1_380' title='bbox 3305 2517 3371 2572; x_wconf 76' lang='grc' dir='ltr'>τὰ</span> <span class='ocrx_word' id='word_1_381' title='bbox 3411 2513 3592 2571; x_wconf 81' lang='grc' dir='ltr'>παιδία</span> <span class='ocrx_word' id='word_1_382' title='bbox 3649 2515 3747 2582; x_wconf 71' lang='grc' dir='ltr'><strong>ἰξ-</strong></span> 
     </span>
    </p>
   </div>
   <div class='ocr_carea' id='block_1_57' title="bbox 2092 2601 3746 2688">
    <p class='ocr_par' dir='ltr' id='par_1_57' title="bbox 2092 2601 3746 2688">
     <span class='ocr_line' id='line_1_57' title="bbox 2092 2601 3746 2688; baseline -0.001 -28"><span class='ocrx_word' id='word_1_383' title='bbox 2092 2605 2336 2682; x_wconf 73' lang='grc' dir='ltr'>αγκγὼν,</span> <span class='ocrx_word' id='word_1_384' title='bbox 2396 2602 2804 2677; x_wconf 80' lang='grc' dir='ltr'>μεταπέμπεται</span> <span class='ocrx_word' id='word_1_385' title='bbox 2859 2604 2959 2671; x_wconf 74' lang='grc' dir='ltr'>τῆς</span> <span class='ocrx_word' id='word_1_386' title='bbox 3028 2601 3267 2683; x_wconf 69' lang='grc' dir='ltr'>φυλακῆς</span> <span class='ocrx_word' id='word_1_387' title='bbox 3324 2606 3417 2660; x_wconf 80' lang='grc' dir='ltr'><strong>τὸν</strong></span> <span class='ocrx_word' id='word_1_388' title='bbox 3471 2602 3746 2688; x_wconf 71' lang='grc' dir='ltr'>Βαϐύλαν,</span> 
     </span>
    </p>
   </div>
   <div class='ocr_carea' id='block_1_58' title="bbox 2089 2691 3750 2771">
    <p class='ocr_par' dir='ltr' id='par_1_58' title="bbox 2089 2691 3750 2771">
     <span class='ocr_line' id='line_1_58' title="bbox 2089 2691 3750 2771; baseline 0.001 -21"><span class='ocrx_word' id='word_1_389' title='bbox 2089 2697 2177 2750; x_wconf 87' lang='grc' dir='ltr'>καὶ</span> <span class='ocrx_word' id='word_1_390' title='bbox 2239 2693 2473 2770; x_wconf 72' lang='grc' dir='ltr'>καθάπερ</span> <span class='ocrx_word' id='word_1_391' title='bbox 2524 2693 2578 2748; x_wconf 81' lang='grc' dir='ltr'>ἐν</span> <span class='ocrx_word' id='word_1_392' title='bbox 2606 2698 2782 2768; x_wconf 87' lang='grc' dir='ltr'>σκηνῇ</span> <span class='ocrx_word' id='word_1_393' title='bbox 2833 2693 3036 2763; x_wconf 85' lang='grc' dir='ltr'>παίζων</span> <span class='ocrx_word' id='word_1_394' title='bbox 3091 2691 3330 2771; x_wconf 72' lang='grc' dir='ltr'>ἢδρᾶμα</span> <span class='ocrx_word' id='word_1_395' title='bbox 3386 2696 3750 2771; x_wconf 73' lang='grc' dir='ltr'>ὑποκρινόμεο</span> 
     </span>
    </p>
   </div>
   <div class='ocr_carea' id='block_1_59' title="bbox 2092 2779 3748 2861">
    <p class='ocr_par' dir='ltr' id='par_1_59' title="bbox 2092 2779 3748 2861">
     <span class='ocr_line' id='line_1_59' title="bbox 2092 2779 3748 2861; baseline 0.004 -25"><span class='ocrx_word' id='word_1_396' title='bbox 2092 2805 2178 2846; x_wconf 92' lang='grc' dir='ltr'><strong>νος</strong></span> <span class='ocrx_word' id='word_1_397' title='bbox 2240 2785 2267 2838; x_wconf 93' lang='lat'><strong>6</strong></span> <span class='ocrx_word' id='word_1_398' title='bbox 2311 2782 2564 2853; x_wconf 80' lang='grc' dir='ltr'>ἀνόητος,</span> <span class='ocrx_word' id='word_1_399' title='bbox 2603 2779 2734 2838; x_wconf 82' lang='grc' dir='ltr'>Ἰδού</span> <span class='ocrx_word' id='word_1_400' title='bbox 2785 2804 2893 2859; x_wconf 88' lang='grc' dir='ltr'>σοι,</span> <span class='ocrx_word' id='word_1_401' title='bbox 2948 2783 3101 2861; x_wconf 77' lang='grc' dir='ltr'>φησὶ,</span> <span class='ocrx_word' id='word_1_402' title='bbox 3138 2783 3354 2840; x_wconf 77' lang='grc' dir='ltr'>πάντως</span> <span class='ocrx_word' id='word_1_403' title='bbox 3397 2782 3748 2842; x_wconf 78' lang='grc' dir='ltr'>διαπέπτωκε</span> 
     </span>
    </p>
   </div>
   <div class='ocr_carea' id='block_1_60' title="bbox 2082 2867 3749 2950">
    <p class='ocr_par' dir='ltr' id='par_1_60' title="bbox 2082 2867 3749 2950">
     <span class='ocr_line' id='line_1_60' title="bbox 2082 2867 3749 2950; baseline 0.002 -22"><span class='ocrx_word' id='word_1_404' title='bbox 2082 2875 2144 2928; x_wconf 66' lang='grc' dir='ltr'>τδ</span> <span class='ocrx_word' id='word_1_405' title='bbox 2175 2868 2553 2950; x_wconf 55' lang='grc' dir='ltr'>μεγάλαυχον,</span> <span class='ocrx_word' id='word_1_406' title='bbox 2586 2873 2674 2926; x_wconf 88' lang='grc' dir='ltr'><strong>καὶ</strong></span> <span class='ocrx_word' id='word_1_407' title='bbox 2719 2873 2779 2926; x_wconf 84' lang='grc' dir='ltr'>τὸ</span> <span class='ocrx_word' id='word_1_408' title='bbox 2822 2876 2928 2926; x_wconf 83' lang='grc' dir='ltr'>τῶν</span> <span class='ocrx_word' id='word_1_409' title='bbox 2973 2867 3195 2926; x_wconf 82' lang='grc' dir='ltr'>παιδίων</span> <span class='ocrx_word' id='word_1_410' title='bbox 3239 2875 3364 2948; x_wconf 85' lang='grc' dir='ltr'>περί</span> <span class='ocrx_word' id='word_1_411' title='bbox 3416 2873 3480 2928; x_wconf 76' lang='grc' dir='ltr'>τὰ</span> <span class='ocrx_word' id='word_1_412' title='bbox 3531 2874 3749 2932; x_wconf 75' lang='grc' dir='ltr'>ἒναντία</span> 
     </span>
    </p>
   </div>
   <div class='ocr_carea' id='block_1_61' title="bbox 2082 2955 3748 3040">
    <p class='ocr_par' dir='ltr' id='par_1_61' title="bbox 2082 2955 3748 3040">
     <span class='ocr_line' id='line_1_61' title="bbox 2082 2955 3748 3040; baseline 0.003 -24"><span class='ocrx_word' id='word_1_413' title='bbox 2082 2973 2281 3040; x_wconf 80' lang='grc' dir='ltr'>χωρεῖ’</span> <span class='ocrx_word' id='word_1_414' title='bbox 2332 2967 2495 3016; x_wconf 86' lang='grc' dir='ltr'>ταῦτα</span> <span class='ocrx_word' id='word_1_415' title='bbox 2539 2960 2640 3038; x_wconf 72' lang='grc' dir='ltr'>γὰρ</span> <span class='ocrx_word' id='word_1_416' title='bbox 2682 2960 2822 3016; x_wconf 89' lang='grc' dir='ltr'>θύειν</span> <span class='ocrx_word' id='word_1_417' title='bbox 2879 2962 2989 3016; x_wconf 70' lang='grc' dir='ltr'>εστὶ</span> <span class='ocrx_word' id='word_1_418' title='bbox 3045 2973 3167 3023; x_wconf 76' lang='grc' dir='ltr'>τοῖς</span> <span class='ocrx_word' id='word_1_419' title='bbox 3225 2962 3372 3026; x_wconf 82' lang='grc' dir='ltr'>θεοτς</span> <span class='ocrx_word' id='word_1_420' title='bbox 3415 2961 3629 3037; x_wconf 76' lang='grc' dir='ltr'>ἕτοιμα.</span> <span class='ocrx_word' id='word_1_421' title='bbox 3681 2955 3748 3021; x_wconf 68' lang='grc'><strong>’0</strong></span> 
     </span>
    </p>
   </div>
   <div class='ocr_carea' id='block_1_62' title="bbox 2082 3046 3740 3132">
    <p class='ocr_par' dir='ltr' id='par_1_62' title="bbox 2082 3046 3740 3132">
     <span class='ocr_line' id='line_1_62' title="bbox 2082 3046 3740 3132; baseline 0.001 -28"><span class='ocrx_word' id='word_1_422' title='bbox 2082 3047 2136 3104; x_wconf 77' lang='grc' dir='ltr'><strong>δὲ</strong></span> <span class='ocrx_word' id='word_1_423' title='bbox 2193 3046 2338 3126; x_wconf 74' lang='grc' dir='ltr'>(ᾔδει</span> <span class='ocrx_word' id='word_1_424' title='bbox 2399 3051 2497 3126; x_wconf 82' lang='grc' dir='ltr'>γὰρ</span> <span class='ocrx_word' id='word_1_425' title='bbox 2547 3049 2694 3112; x_wconf 84' lang='grc' dir='ltr'>τίνας</span> <span class='ocrx_word' id='word_1_426' title='bbox 2749 3048 2957 3113; x_wconf 79' lang='grc' dir='ltr'>ἐκεῖνος</span> <span class='ocrx_word' id='word_1_427' title='bbox 3022 3052 3100 3122; x_wconf 74' lang='grc' dir='ltr'>τῷ</span> <span class='ocrx_word' id='word_1_428' title='bbox 3169 3051 3436 3123; x_wconf 86' lang='grc' dir='ltr'>πνεύματι</span> <span class='ocrx_word' id='word_1_429' title='bbox 3495 3049 3740 3132; x_wconf 77' lang='grc' dir='ltr'>ὤδινεν),</span> 
     </span>
    </p>
   </div>
   <div class='ocr_carea' id='block_1_63' title="bbox 351 3136 2004 3235">
    <p class='ocr_par' dir='ltr' id='par_1_63' title="bbox 351 3139 1999 3235">
     <span class='ocr_line' id='line_1_63' title="bbox 351 3139 1999 3235; baseline -0.005 -29"><span class='ocrx_word' id='word_1_430' title='bbox 351 3147 565 3228; x_wconf 89' lang='lat' dir='ltr'><strong>inquit,</strong></span> <span class='ocrx_word' id='word_1_431' title='bbox 617 3163 652 3206; x_wconf 90' lang='grc' dir='ltr'><strong>ο</strong></span> <span class='ocrx_word' id='word_1_432' title='bbox 712 3145 1058 3235; x_wconf 72' lang='lat' dir='ltr'><strong>imperator,</strong></span> <span class='ocrx_word' id='word_1_433' title='bbox 1116 3141 1374 3235; x_wconf 73' lang='lat' dir='ltr'><strong>teipsum</strong></span> <span class='ocrx_word' id='word_1_434' title='bbox 1427 3139 1624 3235; x_wconf 79' lang='lat' dir='ltr'><strong>potius</strong></span> <span class='ocrx_word' id='word_1_435' title='bbox 1678 3139 1999 3235; x_wconf 77' lang='lat' dir='ltr'><strong>fallere,_et</strong></span> 
     </span>
    </p>
   </div>
   <div class='ocr_carea' id='block_1_64' title="bbox 2095 3136 3744 3235">
    <p class='ocr_par' dir='ltr' id='par_1_64' title="bbox 2095 3136 3744 3217">
     <span class='ocr_line' id='line_1_64' title="bbox 2095 3136 3744 3217; baseline 0.002 -24"><span class='ocrx_word' id='word_1_436' title='bbox 2095 3139 2332 3212; x_wconf 79' lang='grc' dir='ltr'>Ἔοικας,</span> <span class='ocrx_word' id='word_1_437' title='bbox 2393 3139 2577 3217; x_wconf 78' lang='grc' dir='ltr'>φησὶν,</span> <span class='ocrx_word' id='word_1_438' title='bbox 2629 3139 2676 3194; x_wconf 82' lang='grc' dir='ltr'><em>ὦ</em></span> <span class='ocrx_word' id='word_1_439' title='bbox 2731 3136 2974 3215; x_wconf 81' lang='grc' dir='ltr'>βασιλεῦ,</span> <span class='ocrx_word' id='word_1_440' title='bbox 3035 3141 3258 3196; x_wconf 81' lang='grc' dir='ltr'>σεαυτὸν</span> <span class='ocrx_word' id='word_1_441' title='bbox 3315 3137 3616 3215; x_wconf 77' lang='grc' dir='ltr'>ψεύδεσθαι,</span> <span class='ocrx_word' id='word_1_442' title='bbox 3650 3142 3744 3197; x_wconf 80' lang='grc' dir='ltr'><strong>καὶ</strong></span> 
     </span>
    </p>
   </div>
   <div class='ocr_carea' id='block_1_65' title="bbox 350 3226 1996 3308">
    <p class='ocr_par' dir='ltr' id='par_1_65' title="bbox 350 3226 1996 3308">
     <span class='ocr_line' id='line_1_65' title="bbox 350 3226 1996 3308; baseline -0.005 -12"><span class='ocrx_word' id='word_1_443' title='bbox 350 3226 456 3296; x_wconf 83' lang='lat' dir='ltr'><strong>tibi</strong></span> <span class='ocrx_word' id='word_1_444' title='bbox 512 3234 773 3295; x_wconf 89' lang='lat' dir='ltr'><strong>inaniter</strong></span> <span class='ocrx_word' id='word_1_445' title='bbox 803 3230 1139 3308; x_wconf 87' lang='lat' dir='ltr'><strong>indulgere.</strong></span> <span class='ocrx_word' id='word_1_446' title='bbox 1191 3226 1345 3291; x_wconf 86' lang='lat' dir='ltr'><strong>Oves</strong></span> <span class='ocrx_word' id='word_1_447' title='bbox 1404 3227 1566 3288; x_wconf 90' lang='lat' dir='ltr'><strong>enim</strong></span> <span class='ocrx_word' id='word_1_448' title='bbox 1605 3229 1718 3288; x_wconf 88' lang='lat' dir='ltr'><strong>mei</strong></span> <span class='ocrx_word' id='word_1_449' title='bbox 1777 3229 1996 3308; x_wconf 88' lang='lat' dir='ltr'><strong>gregis,</strong></span> 
     </span>
    </p>
   </div>
   <div class='ocr_carea' id='block_1_66' title="bbox 350 3317 1996 3406">
    <p class='ocr_par' dir='ltr' id='par_1_66' title="bbox 350 3317 1996 3406">
     <span class='ocr_line' id='line_1_66' title="bbox 350 3317 1996 3406; baseline -0.005 -20"><span class='ocrx_word' id='word_1_450' title='bbox 350 3343 482 3406; x_wconf 78' lang='lat' dir='ltr'><strong>quae</strong></span> <span class='ocrx_word' id='word_1_451' title='bbox 539 3332 675 3386; x_wconf 90' lang='lat' dir='ltr'><strong>sunt</strong></span> <span class='ocrx_word' id='word_1_452' title='bbox 707 3321 928 3383; x_wconf 88' lang='lat' dir='ltr'><strong>Christi</strong></span> <span class='ocrx_word' id='word_1_453' title='bbox 961 3319 1102 3392; x_wconf 90' lang='lat' dir='ltr'><strong>mei,</strong></span> <span class='ocrx_word' id='word_1_454' title='bbox 1138 3327 1197 3378; x_wconf 85' lang='lat' dir='ltr'><strong>et</strong></span> <span class='ocrx_word' id='word_1_455' title='bbox 1235 3318 1366 3396; x_wconf 85' lang='lat' dir='ltr'><strong>agni</strong></span> <span class='ocrx_word' id='word_1_456' title='bbox 1421 3317 1694 3397; x_wconf 89' lang='lat' dir='ltr'><strong>pastoris,</strong></span> <span class='ocrx_word' id='word_1_457' title='bbox 1733 3317 1996 3380; x_wconf 88' lang='lat' dir='ltr'><strong>alienum</strong></span> 
     </span>
    </p>
   </div>
   <div class='ocr_carea' id='block_1_67' title="bbox 351 3407 2002 3494">
    <p class='ocr_par' dir='ltr' id='par_1_67' title="bbox 351 3407 2002 3494">
     <span class='ocr_line' id='line_1_67' title="bbox 351 3407 2002 3494; baseline -0.006 -18"><span class='ocrx_word' id='word_1_458' title='bbox 351 3431 657 3494; x_wconf 87' lang='lat' dir='ltr'><strong>nunquam</strong></span> <span class='ocrx_word' id='word_1_459' title='bbox 710 3408 899 3471; x_wconf 89' lang='lat' dir='ltr'><strong>secuti</strong></span> <span class='ocrx_word' id='word_1_460' title='bbox 931 3407 1197 3469; x_wconf 85' lang='lat' dir='ltr'><strong>l&#39;uerint:</strong></span> <span class='ocrx_word' id='word_1_461' title='bbox 1239 3407 1342 3467; x_wconf 90' lang='lat' dir='ltr'><strong>sed</strong></span> <span class='ocrx_word' id='word_1_462' title='bbox 1403 3425 1596 3468; x_wconf 85' lang='lat' dir='ltr'><strong>meam</strong></span> <span class='ocrx_word' id='word_1_463' title='bbox 1649 3425 1879 3481; x_wconf 88' lang='lat' dir='ltr'><strong>vocem,</strong></span> <span class='ocrx_word' id='word_1_464' title='bbox 1911 3414 2002 3468; x_wconf 87' lang='lat' dir='ltr'><strong>sat</strong></span> 
     </span>
    </p>
   </div>
   <div class='ocr_carea' id='block_1_68' title="bbox 349 3495 1997 3582">
    <p class='ocr_par' dir='ltr' id='par_1_68' title="bbox 349 3495 1997 3582">
     <span class='ocr_line' id='line_1_68' title="bbox 349 3495 1997 3582; baseline -0.005 -17"><span class='ocrx_word' id='word_1_465' title='bbox 349 3504 500 3582; x_wconf 89' lang='lat' dir='ltr'><strong>scio,</strong></span> <span class='ocrx_word' id='word_1_466' title='bbox 533 3502 879 3564; x_wconf 88' lang='lat' dir='ltr'><strong>desiderant</strong></span> <span class='ocrx_word' id='word_1_467' title='bbox 913 3518 927 3574; x_wconf 88' lang='lat'><strong>;</strong></span> <span class='ocrx_word' id='word_1_468' title='bbox 978 3516 1096 3558; x_wconf 91' lang='lat' dir='ltr'><strong>non</strong></span> <span class='ocrx_word' id='word_1_469' title='bbox 1132 3497 1352 3568; x_wconf 88' lang='lat' dir='ltr'><strong>minus,</strong></span> <span class='ocrx_word' id='word_1_470' title='bbox 1389 3515 1564 3577; x_wconf 89' lang='lat' dir='ltr'><strong>quam</strong></span> <span class='ocrx_word' id='word_1_471' title='bbox 1615 3501 1747 3572; x_wconf 81' lang='lat' dir='ltr'><strong>agni</strong></span> <span class='ocrx_word' id='word_1_472' title='bbox 1784 3495 1997 3557; x_wconf 87' lang='lat' dir='ltr'><strong>inclusi</strong></span> 
     </span>
    </p>
   </div>
   <div class='ocr_carea' id='block_1_69' title="bbox 348 3584 1993 3666">
    <p class='ocr_par' dir='ltr' id='par_1_69' title="bbox 348 3584 1993 3666">
     <span class='ocr_line' id='line_1_69' title="bbox 348 3584 1993 3666; baseline -0.005 -12"><span class='ocrx_word' id='word_1_473' title='bbox 348 3595 409 3654; x_wconf 90' lang='lat' dir='ltr'><strong>in</strong></span> <span class='ocrx_word' id='word_1_474' title='bbox 441 3593 673 3654; x_wconf 66' lang='lat' dir='ltr'><strong>{edibus</strong></span> <span class='ocrx_word' id='word_1_475' title='bbox 707 3598 929 3650; x_wconf 87' lang='lat' dir='ltr'><strong>matres</strong></span> <span class='ocrx_word' id='word_1_476' title='bbox 952 3606 1084 3666; x_wconf 87' lang='lat' dir='ltr'><strong>quae</strong></span> <span class='ocrx_word' id='word_1_477' title='bbox 1117 3589 1275 3666; x_wconf 89' lang='lat' dir='ltr'><strong>ipsos</strong></span> <span class='ocrx_word' id='word_1_478' title='bbox 1305 3595 1668 3664; x_wconf 88' lang='lat' dir='ltr'><strong>genuerunt.</strong></span> <span class='ocrx_word' id='word_1_479' title='bbox 1708 3584 1781 3646; x_wconf 91' lang='lat' dir='ltr'><strong>Et</strong></span> <span class='ocrx_word' id='word_1_480' title='bbox 1811 3586 1861 3646; x_wconf 90' lang='lat' dir='ltr'><strong>si</strong></span> <span class='ocrx_word' id='word_1_481' title='bbox 1897 3585 1993 3646; x_wconf 88' lang='lat' dir='ltr'><strong>lu-</strong></span> 
     </span>
    </p>
   </div>
   <div class='ocr_carea' id='block_1_70' title="bbox 349 3673 1994 3763">
    <p class='ocr_par' dir='ltr' id='par_1_70' title="bbox 349 3673 1994 3763">
     <span class='ocr_line' id='line_1_70' title="bbox 349 3673 1994 3763; baseline -0.004 -20"><span class='ocrx_word' id='word_1_482' title='bbox 349 3701 458 3763; x_wconf 90' lang='lat' dir='ltr'><strong>pus</strong></span> <span class='ocrx_word' id='word_1_483' title='bbox 492 3699 594 3742; x_wconf 89' lang='lat' dir='ltr'><strong>eos</strong></span> <span class='ocrx_word' id='word_1_484' title='bbox 626 3679 912 3758; x_wconf 88' lang='lat' dir='ltr'><strong>rapuerit,</strong></span> <span class='ocrx_word' id='word_1_485' title='bbox 945 3677 1074 3737; x_wconf 84' lang='lat' dir='ltr'><strong>sive</strong></span> <span class='ocrx_word' id='word_1_486' title='bbox 1105 3675 1304 3756; x_wconf 91' lang='lat' dir='ltr'><strong>aliqua</strong></span> <span class='ocrx_word' id='word_1_487' title='bbox 1335 3673 1452 3736; x_wconf 91' lang='lat' dir='ltr'><strong>alia</strong></span> <span class='ocrx_word' id='word_1_488' title='bbox 1494 3674 1684 3736; x_wconf 91' lang='lat' dir='ltr'><strong>bestia</strong></span> <span class='ocrx_word' id='word_1_489' title='bbox 1717 3693 1820 3737; x_wconf 90' lang='lat' dir='ltr'><strong>eos</strong></span> <span class='ocrx_word' id='word_1_490' title='bbox 1852 3674 1994 3736; x_wconf 90' lang='lat' dir='ltr'><strong>abs-</strong></span> 
     </span>
    </p>
   </div>
   <div class='ocr_carea' id='block_1_71' title="bbox 347 3764 1990 3844">
    <p class='ocr_par' dir='ltr' id='par_1_71' title="bbox 347 3764 1990 3844">
     <span class='ocr_line' id='line_1_71' title="bbox 347 3764 1990 3844; baseline -0.005 -10"><span class='ocrx_word' id='word_1_491' title='bbox 347 3771 612 3844; x_wconf 88' lang='lat' dir='ltr'><strong>traxerit,</strong></span> <span class='ocrx_word' id='word_1_492' title='bbox 647 3768 915 3838; x_wconf 89' lang='lat' dir='ltr'><strong>abibunt,</strong></span> <span class='ocrx_word' id='word_1_493' title='bbox 951 3775 1014 3828; x_wconf 86' lang='lat' dir='ltr'><strong>et</strong></span> <span class='ocrx_word' id='word_1_494' title='bbox 1057 3764 1484 3827; x_wconf 88' lang='lat' dir='ltr'><strong>abstrahentur</strong></span> <span class='ocrx_word' id='word_1_495' title='bbox 1515 3783 1610 3826; x_wconf 88' lang='lat' dir='ltr'><strong>me</strong></span> <span class='ocrx_word' id='word_1_496' title='bbox 1641 3766 1990 3827; x_wconf 88' lang='lat' dir='ltr'><strong>clamantes:</strong></span> 
     </span>
    </p>
   </div>
   <div class='ocr_carea' id='block_1_72' title="bbox 2087 3228 3741 3308">
    <p class='ocr_par' dir='ltr' id='par_1_72' title="bbox 2087 3228 3741 3308">
     <span class='ocr_line' id='line_1_72' title="bbox 2087 3228 3741 3308; baseline 0.002 -25"><span class='ocrx_word' id='word_1_497' title='bbox 2087 3228 2329 3303; x_wconf 80' lang='grc' dir='ltr'>ματαίως</span> <span class='ocrx_word' id='word_1_498' title='bbox 2389 3229 2864 3308; x_wconf 80' lang='grc' dir='ltr'>καταχᾶρίζεσθιι·</span> <span class='ocrx_word' id='word_1_499' title='bbox 2913 3229 2989 3291; x_wconf 83' lang='grc' dir='ltr'><strong>ὡς</strong></span> <span class='ocrx_word' id='word_1_500' title='bbox 3019 3229 3148 3306; x_wconf 82' lang='grc' dir='ltr'>τάγε</span> <span class='ocrx_word' id='word_1_501' title='bbox 3200 3233 3298 3296; x_wconf 81' lang='grc' dir='ltr'><strong>τῆς</strong></span> <span class='ocrx_word' id='word_1_502' title='bbox 3334 3229 3468 3304; x_wconf 78' lang='grc' dir='ltr'><strong>ἒμῆς</strong></span> <span class='ocrx_word' id='word_1_503' title='bbox 3500 3232 3741 3306; x_wconf 82' lang='grc' dir='ltr'>ποίμνης</span> 
     </span>
    </p>
   </div>
   <div class='ocr_carea' id='block_1_73' title="bbox 2083 3317 3734 3400">
    <p class='ocr_par' dir='ltr' id='par_1_73' title="bbox 2083 3317 3734 3400">
     <span class='ocr_line' id='line_1_73' title="bbox 2083 3317 3734 3400; baseline 0.001 -25"><span class='ocrx_word' id='word_1_504' title='bbox 2083 3318 2386 3396; x_wconf 85' lang='grc' dir='ltr'>θρέμματα,</span> <span class='ocrx_word' id='word_1_505' title='bbox 2419 3317 2485 3372; x_wconf 76' lang='grc' dir='ltr'>τὰ</span> <span class='ocrx_word' id='word_1_506' title='bbox 2525 3324 2620 3374; x_wconf 83' lang='grc' dir='ltr'><strong>τοῦ</strong></span> <span class='ocrx_word' id='word_1_507' title='bbox 2663 3318 2794 3392; x_wconf 82' lang='grc' dir='ltr'>ἐμοῦ</span> <span class='ocrx_word' id='word_1_508' title='bbox 2852 3325 3078 3391; x_wconf 75' lang='grc' dir='ltr'>Χριστοῦ</span> <span class='ocrx_word' id='word_1_509' title='bbox 3107 3319 3200 3375; x_wconf 77' lang='grc' dir='ltr'><strong>γαῖ</strong></span> <span class='ocrx_word' id='word_1_510' title='bbox 3249 3319 3501 3395; x_wconf 88' lang='grc' dir='ltr'>ποιμένος</span> <span class='ocrx_word' id='word_1_511' title='bbox 3557 3321 3734 3400; x_wconf 84' lang='grc' dir='ltr'>ἀρνία,</span> 
     </span>
    </p>
   </div>
   <div class='ocr_carea' id='block_1_74' title="bbox 2086 3406 3731 3486">
    <p class='ocr_par' dir='ltr' id='par_1_74' title="bbox 2086 3406 3731 3486">
     <span class='ocr_line' id='line_1_74' title="bbox 2086 3406 3731 3486; baseline -0.001 -22"><span class='ocrx_word' id='word_1_512' title='bbox 2086 3408 2180 3464; x_wconf 79' lang='grc' dir='ltr'><strong>οῦκ</strong></span> <span class='ocrx_word' id='word_1_513' title='bbox 2223 3407 2287 3462; x_wconf 75' lang='grc' dir='ltr'>ἄν</span> <span class='ocrx_word' id='word_1_514' title='bbox 2332 3427 2460 3463; x_wconf 86' lang='grc' dir='ltr'>ποτε</span> <span class='ocrx_word' id='word_1_515' title='bbox 2509 3406 2772 3486; x_wconf 75' lang='grc' dir='ltr'>ἀλλοτρίῳ</span> <span class='ocrx_word' id='word_1_516' title='bbox 2815 3406 3193 3485; x_wconf 73' lang='grc' dir='ltr'>ἀκολούθήσοι,</span> <span class='ocrx_word' id='word_1_517' title='bbox 3227 3406 3366 3465; x_wconf 75' lang='grc' dir='ltr'>ἀλλὰ</span> <span class='ocrx_word' id='word_1_518' title='bbox 3424 3409 3522 3477; x_wconf 78' lang='grc' dir='ltr'><strong>τὴν</strong></span> <span class='ocrx_word' id='word_1_519' title='bbox 3564 3409 3731 3486; x_wconf 47' lang='lat' dir='ltr'><strong>ipim,</strong></span> 
     </span>
    </p>
   </div>
   <div class='ocr_carea' id='block_1_75' title="bbox 2084 3495 3734 3579">
    <p class='ocr_par' dir='ltr' id='par_1_75' title="bbox 2084 3495 3734 3579">
     <span class='ocr_line' id='line_1_75' title="bbox 2084 3495 3734 3579; baseline 0 -25"><span class='ocrx_word' id='word_1_520' title='bbox 2084 3495 2232 3574; x_wconf 84' lang='grc' dir='ltr'>οἶδα,</span> <span class='ocrx_word' id='word_1_521' title='bbox 2266 3498 2449 3576; x_wconf 73' lang='grc' dir='ltr'>φωνὴν</span> <span class='ocrx_word' id='word_1_522' title='bbox 2492 3496 2715 3554; x_wconf 83' lang='grc' dir='ltr'>ἀκοῦσαι</span> <span class='ocrx_word' id='word_1_523' title='bbox 2760 3499 2968 3575; x_wconf 64' lang='lat' dir='ltr'><strong>mea!&quot;</strong></span> <span class='ocrx_word' id='word_1_524' title='bbox 3002 3499 3106 3579; x_wconf 85' lang='grc' dir='ltr'><strong>οὑχ</strong></span> <span class='ocrx_word' id='word_1_525' title='bbox 3147 3499 3312 3566; x_wconf 81' lang='grc' dir='ltr'>ἧττον</span> <span class='ocrx_word' id='word_1_526' title='bbox 3353 3498 3390 3566; x_wconf 70' lang='grc' dir='ltr'>ἢ</span> <span class='ocrx_word' id='word_1_527' title='bbox 3420 3498 3486 3555; x_wconf 77' lang='grc' dir='ltr'><strong>τὰ</strong></span> <span class='ocrx_word' id='word_1_528' title='bbox 3531 3498 3734 3556; x_wconf 77' lang='grc' dir='ltr'>ἀποκε-</span> 
     </span>
    </p>
   </div>
   <div class='ocr_carea' id='block_1_76' title="bbox 2079 3585 3736 3666">
    <p class='ocr_par' dir='ltr' id='par_1_76' title="bbox 2079 3585 3736 3666">
     <span class='ocr_line' id='line_1_76' title="bbox 2079 3585 3736 3666; baseline 0.002 -23"><span class='ocrx_word' id='word_1_529' title='bbox 2079 3586 2369 3662; x_wconf 83' lang='grc' dir='ltr'>κλεισμὲνα</span> <span class='ocrx_word' id='word_1_530' title='bbox 2426 3585 2481 3642; x_wconf 85' lang='grc' dir='ltr'>ἑν</span> <span class='ocrx_word' id='word_1_531' title='bbox 2511 3586 2729 3661; x_wconf 77' lang='grc' dir='ltr'>οἰκίσκῳ</span> <span class='ocrx_word' id='word_1_532' title='bbox 2780 3587 2931 3664; x_wconf 81' lang='grc' dir='ltr'>ἀρνία</span> <span class='ocrx_word' id='word_1_533' title='bbox 2988 3593 3097 3646; x_wconf 81' lang='grc' dir='ltr'>τῶν</span> <span class='ocrx_word' id='word_1_534' title='bbox 3142 3588 3555 3666; x_wconf 79' lang='grc' dir='ltr'>γεννησαμένων</span> <span class='ocrx_word' id='word_1_535' title='bbox 3597 3590 3736 3646; x_wconf 74' lang='grc' dir='ltr'>αὐτὰ</span> 
     </span>
    </p>
   </div>
   <div class='ocr_carea' id='block_1_77' title="bbox 2080 3674 3734 3756">
    <p class='ocr_par' dir='ltr' id='par_1_77' title="bbox 2080 3674 3734 3756">
     <span class='ocr_line' id='line_1_77' title="bbox 2080 3674 3734 3756; baseline 0.001 -24"><span class='ocrx_word' id='word_1_536' title='bbox 2080 3677 2350 3754; x_wconf 65' lang='grc' dir='ltr'>μητέρων</span> <span class='ocrx_word' id='word_1_537' title='bbox 2414 3674 2512 3731; x_wconf 79' lang='grc' dir='ltr'><strong>κᾶν</strong></span> <span class='ocrx_word' id='word_1_538' title='bbox 2542 3674 2698 3741; x_wconf 75' lang='grc' dir='ltr'>λύκος</span> <span class='ocrx_word' id='word_1_539' title='bbox 2743 3675 2958 3756; x_wconf 76' lang='grc' dir='ltr'>ἁρπάσῃ</span> <span class='ocrx_word' id='word_1_540' title='bbox 3008 3677 3162 3752; x_wconf 75' lang='grc' dir='ltr'>αὐτὰ,</span> <span class='ocrx_word' id='word_1_541' title='bbox 3199 3676 3295 3734; x_wconf 77' lang='grc' dir='ltr'><strong>κᾶν</strong></span> <span class='ocrx_word' id='word_1_542' title='bbox 3336 3674 3470 3736; x_wconf 69' lang='grc' dir='ltr'>ἄλλο</span> <span class='ocrx_word' id='word_1_543' title='bbox 3516 3700 3571 3735; x_wconf 91' lang='grc' dir='ltr'><strong>τι</strong></span> <span class='ocrx_word' id='word_1_544' title='bbox 3611 3677 3734 3736; x_wconf 77' lang='grc' dir='ltr'>δια-</span> 
     </span>
    </p>
   </div>
   <div class='ocr_carea' id='block_1_78' title="bbox 2081 3763 3732 3846">
    <p class='ocr_par' dir='ltr' id='par_1_78' title="bbox 2081 3763 3732 3846">
     <span class='ocr_line' id='line_1_78' title="bbox 2081 3763 3732 3846; baseline 0.001 -22"><span class='ocrx_word' id='word_1_545' title='bbox 2081 3771 2189 3838; x_wconf 80' lang='grc' dir='ltr'>σπᾷ</span> <span class='ocrx_word' id='word_1_546' title='bbox 2219 3765 2426 3842; x_wconf 87' lang='grc' dir='ltr'>θηρίον,</span> <span class='ocrx_word' id='word_1_547' title='bbox 2459 3763 2554 3838; x_wconf 77' lang='grc' dir='ltr'><strong>ἐμὲ</strong></span> <span class='ocrx_word' id='word_1_548' title='bbox 2584 3763 2849 3822; x_wconf 83' lang='grc' dir='ltr'>καλοῦντα</span> <span class='ocrx_word' id='word_1_549' title='bbox 2881 3767 3166 3846; x_wconf 77' lang='grc' dir='ltr'>οίχήσεται</span> <span class='ocrx_word' id='word_1_550' title='bbox 3197 3770 3292 3823; x_wconf 84' lang='grc' dir='ltr'><strong>καί</strong></span> <span class='ocrx_word' id='word_1_551' title='bbox 3337 3766 3732 3839; x_wconf 73' lang='grc' dir='ltr'>διασπασθήσε-</span> 
     </span>
    </p>
   </div>
   <div class='ocr_carea' id='block_1_79' title="bbox 345 3853 2004 3942">
    <p class='ocr_par' dir='ltr' id='par_1_79' title="bbox 345 3855 1995 3942">
     <span class='ocr_line' id='line_1_79' title="bbox 345 3855 1995 3942; baseline -0.003 -20"><span class='ocrx_word' id='word_1_552' title='bbox 345 3873 403 3924; x_wconf 75' lang='lat' dir='ltr'><strong>et</strong></span> <span class='ocrx_word' id='word_1_553' title='bbox 449 3862 624 3942; x_wconf 88' lang='lat' dir='ltr'><strong>lupus</strong></span> <span class='ocrx_word' id='word_1_554' title='bbox 658 3877 808 3938; x_wconf 86' lang='lat' dir='ltr'><strong>agno</strong></span> <span class='ocrx_word' id='word_1_555' title='bbox 840 3857 1038 3938; x_wconf 90' lang='lat' dir='ltr'><strong>potius</strong></span> <span class='ocrx_word' id='word_1_556' title='bbox 1094 3855 1476 3935; x_wconf 90' lang='lat' dir='ltr'><strong>persuaserit,</strong></span> <span class='ocrx_word' id='word_1_557' title='bbox 1515 3857 1758 3936; x_wconf 89' lang='lat' dir='ltr'><strong>propria</strong></span> <span class='ocrx_word' id='word_1_558' title='bbox 1805 3865 1995 3918; x_wconf 90' lang='lat' dir='ltr'><strong>matre</strong></span> 
     </span>
    </p>
   </div>
   <div class='ocr_carea' id='block_1_80' title="bbox 2095 3853 3734 3942">
    <p class='ocr_par' dir='ltr' id='par_1_80' title="bbox 2095 3853 3734 3934">
     <span class='ocr_line' id='line_1_80' title="bbox 2095 3853 3734 3934; baseline 0.002 -22"><span class='ocrx_word' id='word_1_559' title='bbox 2095 3877 2185 3934; x_wconf 76' lang='grc' dir='ltr'>ται,</span> <span class='ocrx_word' id='word_1_560' title='bbox 2226 3856 2310 3911; x_wconf 76' lang='grc' dir='ltr'><strong>καὶ</strong></span> <span class='ocrx_word' id='word_1_561' title='bbox 2367 3853 2498 3932; x_wconf 75' lang='grc' dir='ltr'>ἄρνα</span> <span class='ocrx_word' id='word_1_562' title='bbox 2553 3855 2810 3934; x_wconf 79' lang='grc' dir='ltr'>πρδτερον</span> <span class='ocrx_word' id='word_1_563' title='bbox 2862 3854 2924 3912; x_wconf 80' lang='grc' dir='ltr'><strong>ἂν</strong></span> <span class='ocrx_word' id='word_1_564' title='bbox 2982 3854 3141 3921; x_wconf 86' lang='grc' dir='ltr'>λύκος</span> <span class='ocrx_word' id='word_1_565' title='bbox 3183 3859 3384 3916; x_wconf 88' lang='grc' dir='ltr'>πνίσειε</span> <span class='ocrx_word' id='word_1_566' title='bbox 3437 3856 3538 3926; x_wconf 77' lang='grc' dir='ltr'><strong>τῆς</strong></span> <span class='ocrx_word' id='word_1_567' title='bbox 3592 3857 3734 3926; x_wconf 75' lang='grc' dir='ltr'>ἰδίας</span> 
     </span>
    </p>
   </div>
   <div class='ocr_carea' id='block_1_81' title="bbox 343 3942 1994 4026">
    <p class='ocr_par' dir='ltr' id='par_1_81' title="bbox 343 3942 1994 4026">
     <span class='ocr_line' id='line_1_81' title="bbox 343 3942 1994 4026; baseline -0.005 -12"><span class='ocrx_word' id='word_1_568' title='bbox 343 3953 580 4025; x_wconf 88' lang='lat' dir='ltr'><strong>relicta,</strong></span> <span class='ocrx_word' id='word_1_569' title='bbox 615 3968 749 4011; x_wconf 90' lang='lat' dir='ltr'><strong>eum</strong></span> <span class='ocrx_word' id='word_1_570' title='bbox 797 3945 990 4026; x_wconf 89' lang='lat' dir='ltr'><strong>sequi,</strong></span> <span class='ocrx_word' id='word_1_571' title='bbox 1026 3963 1201 4025; x_wconf 89' lang='lat' dir='ltr'><strong>quam</strong></span> <span class='ocrx_word' id='word_1_572' title='bbox 1235 3943 1276 4003; x_wconf 91' lang='lat' dir='ltr'><strong>ii</strong></span> <span class='ocrx_word' id='word_1_573' title='bbox 1309 3942 1738 4006; x_wconf 79' lang='lat' dir='ltr'><strong>obliviscantur</strong></span> <span class='ocrx_word' id='word_1_574' title='bbox 1769 3944 1994 4026; x_wconf 88' lang='lat' dir='ltr'><strong>proprii</strong></span> 
     </span>
    </p>
   </div>
   <div class='ocr_carea' id='block_1_82' title="bbox 345 4039 1011 4117">
    <p class='ocr_par' dir='ltr' id='par_1_82' title="bbox 345 4039 1011 4117">
     <span class='ocr_line' id='line_1_82' title="bbox 345 4039 1011 4117; baseline -0.014 -14"><span class='ocrx_word' id='word_1_575' title='bbox 345 4042 566 4103; x_wconf 86' lang='lat' dir='ltr'><strong>amoris</strong></span> <span class='ocrx_word' id='word_1_576' title='bbox 595 4039 654 4100; x_wconf 91' lang='lat' dir='ltr'><strong>in</strong></span> <span class='ocrx_word' id='word_1_577' title='bbox 690 4047 1011 4117; x_wconf 84' lang='lat' dir='ltr'><strong>pastorem.</strong></span> 
     </span>
    </p>
   </div>
   <div class='ocr_carea' id='block_1_83' title="bbox 423 4210 1992 4293">
    <p class='ocr_par' dir='ltr' id='par_1_83' title="bbox 423 4210 1992 4293">
     <span class='ocr_line' id='line_1_83' title="bbox 423 4210 1992 4293; baseline -0.003 -14"><span class='ocrx_word' id='word_1_578' title='bbox 423 4216 493 4279; x_wconf 83' lang='lat' dir='ltr'><strong>X.</strong></span> <span class='ocrx_word' id='word_1_579' title='bbox 522 4215 660 4278; x_wconf 71' lang='lat' dir='ltr'><strong>Haec</strong></span> <span class='ocrx_word' id='word_1_580' title='bbox 687 4233 804 4276; x_wconf 93' lang='lat' dir='ltr'><strong>non</strong></span> <span class='ocrx_word' id='word_1_581' title='bbox 830 4214 1036 4274; x_wconf 78' lang='lat' dir='ltr'><strong>ferens</strong></span> <span class='ocrx_word' id='word_1_582' title='bbox 1059 4210 1477 4275; x_wconf 87' lang='lat' dir='ltr'><strong>Numerianus:</strong></span> <span class='ocrx_word' id='word_1_583' title='bbox 1516 4213 1589 4274; x_wconf 87' lang='lat' dir='ltr'><strong>At</strong></span> <span class='ocrx_word' id='word_1_584' title='bbox 1614 4231 1746 4292; x_wconf 88' lang='lat' dir='ltr'><strong>ego,</strong></span> <span class='ocrx_word' id='word_1_585' title='bbox 1771 4212 1992 4293; x_wconf 82' lang='lat' dir='ltr'><strong>inquit,</strong></span> 
     </span>
    </p>
   </div>
   <div class='ocr_carea' id='block_1_84' title="bbox 345 4297 1996 4383">
    <p class='ocr_par' dir='ltr' id='par_1_84' title="bbox 345 4297 1996 4383">
     <span class='ocr_line' id='line_1_84' title="bbox 345 4297 1996 4383; baseline -0.005 -14"><span class='ocrx_word' id='word_1_586' title='bbox 345 4307 596 4370; x_wconf 81' lang='lat' dir='ltr'><strong>efﬁciam</strong></span> <span class='ocrx_word' id='word_1_587' title='bbox 631 4314 694 4366; x_wconf 92' lang='lat' dir='ltr'><strong>ut</strong></span> <span class='ocrx_word' id='word_1_588' title='bbox 725 4299 1121 4383; x_wconf 89' lang='lat' dir='ltr'><strong>opportunius</strong></span> <span class='ocrx_word' id='word_1_589' title='bbox 1151 4301 1336 4362; x_wconf 86' lang='lat' dir='ltr'><strong>utaris</strong></span> <span class='ocrx_word' id='word_1_590' title='bbox 1377 4297 1897 4380; x_wconf 86' lang='lat' dir='ltr'><strong>responsionibus.</strong></span> <span class='ocrx_word' id='word_1_591' title='bbox 1927 4299 1996 4362; x_wconf 88' lang='lat' dir='ltr'><strong>Et</strong></span> 
     </span>
    </p>
   </div>
   <div class='ocr_carea' id='block_1_85' title="bbox 345 4389 1992 4472">
    <p class='ocr_par' dir='ltr' id='par_1_85' title="bbox 345 4389 1992 4472">
     <span class='ocr_line' id='line_1_85' title="bbox 345 4389 1992 4472; baseline -0.005 -12"><span class='ocrx_word' id='word_1_592' title='bbox 345 4396 544 4460; x_wconf 87' lang='lat' dir='ltr'><strong>statim</strong></span> <span class='ocrx_word' id='word_1_593' title='bbox 571 4397 628 4456; x_wconf 90' lang='lat' dir='ltr'><strong>in</strong></span> <span class='ocrx_word' id='word_1_594' title='bbox 656 4394 816 4472; x_wconf 87' lang='lat' dir='ltr'><strong>ligno</strong></span> <span class='ocrx_word' id='word_1_595' title='bbox 850 4393 906 4453; x_wconf 87' lang='lat' dir='ltr'><strong>in</strong></span> <span class='ocrx_word' id='word_1_596' title='bbox 934 4391 1120 4452; x_wconf 87' lang='lat' dir='ltr'><strong>altum</strong></span> <span class='ocrx_word' id='word_1_597' title='bbox 1153 4389 1421 4452; x_wconf 86' lang='lat' dir='ltr'><strong>sublatus</strong></span> <span class='ocrx_word' id='word_1_598' title='bbox 1453 4399 1543 4451; x_wconf 85' lang='lat' dir='ltr'><strong>est</strong></span> <span class='ocrx_word' id='word_1_599' title='bbox 1563 4389 1807 4464; x_wconf 85' lang='lat' dir='ltr'><strong>athleta,</strong></span> <span class='ocrx_word' id='word_1_600' title='bbox 1837 4397 1894 4452; x_wconf 88' lang='lat' dir='ltr'><strong>et</strong></span> <span class='ocrx_word' id='word_1_601' title='bbox 1923 4408 1992 4452; x_wconf 84' lang='lat' dir='ltr'><strong>ex</strong></span> 
     </span>
    </p>
   </div>
   <div class='ocr_carea' id='block_1_86' title="bbox 2078 3944 3734 4024">
    <p class='ocr_par' dir='ltr' id='par_1_86' title="bbox 2078 3944 3734 4024">
     <span class='ocr_line' id='line_1_86' title="bbox 2078 3944 3734 4024; baseline 0.003 -23"><span class='ocrx_word' id='word_1_602' title='bbox 2078 3946 2282 4024; x_wconf 76' lang='grc' dir='ltr'>μητρὸς</span> <span class='ocrx_word' id='word_1_603' title='bbox 2339 3944 2604 4023; x_wconf 75' lang='grc' dir='ltr'>ἀφέμενον</span> <span class='ocrx_word' id='word_1_604' title='bbox 2636 3946 2779 4019; x_wconf 73' lang='grc' dir='ltr'>αὑτῷ</span> <span class='ocrx_word' id='word_1_605' title='bbox 2821 3966 2878 4002; x_wconf 87' lang='grc' dir='ltr'><strong>τε</strong></span> <span class='ocrx_word' id='word_1_606' title='bbox 2926 3944 3150 4004; x_wconf 75' lang='grc' dir='ltr'>ἕπεσθπι</span> <span class='ocrx_word' id='word_1_607' title='bbox 3197 3947 3286 4004; x_wconf 77' lang='grc' dir='ltr'>καὶ</span> <span class='ocrx_word' id='word_1_608' title='bbox 3342 3949 3487 4005; x_wconf 81' lang='grc' dir='ltr'>αὑτῶ</span> <span class='ocrx_word' id='word_1_609' title='bbox 3540 3962 3734 4007; x_wconf 73' lang='grc' dir='ltr'>συνετ-</span> 
     </span>
    </p>
   </div>
   <div class='ocr_carea' id='block_1_87' title="bbox 2078 4033 3735 4118">
    <p class='ocr_par' dir='ltr' id='par_1_87' title="bbox 2078 4033 3735 4118">
     <span class='ocr_line' id='line_1_87' title="bbox 2078 4033 3735 4118; baseline 0.003 -28"><span class='ocrx_word' id='word_1_610' title='bbox 2078 4057 2186 4114; x_wconf 88' lang='grc' dir='ltr'>ναι,</span> <span class='ocrx_word' id='word_1_611' title='bbox 2225 4035 2255 4102; x_wconf 68' lang='grc' dir='ltr'>ἢ</span> <span class='ocrx_word' id='word_1_612' title='bbox 2298 4033 2462 4090; x_wconf 80' lang='grc' dir='ltr'>ταῦτα</span> <span class='ocrx_word' id='word_1_613' title='bbox 2506 4035 2605 4103; x_wconf 75' lang='grc' dir='ltr'>τῆς</span> <span class='ocrx_word' id='word_1_614' title='bbox 2662 4036 2792 4112; x_wconf 79' lang='grc' dir='ltr'>πρὸς</span> <span class='ocrx_word' id='word_1_615' title='bbox 2843 4034 2932 4092; x_wconf 81' lang='grc' dir='ltr'>τὸν</span> <span class='ocrx_word' id='word_1_616' title='bbox 2965 4036 3167 4094; x_wconf 76' lang='grc' dir='ltr'>οἰκεῖον</span> <span class='ocrx_word' id='word_1_617' title='bbox 3214 4038 3445 4113; x_wconf 84' lang='grc' dir='ltr'>ποιμένα</span> <span class='ocrx_word' id='word_1_618' title='bbox 3497 4039 3735 4118; x_wconf 71' lang='grc' dir='ltr'>στοργῆς</span> 
     </span>
    </p>
   </div>
   <div class='ocr_carea' id='block_1_88' title="bbox 2079 4123 2404 4186">
    <p class='ocr_par' dir='ltr' id='par_1_88' title="bbox 2079 4123 2404 4186">
     <span class='ocr_line' id='line_1_88' title="bbox 2079 4123 2404 4186; baseline 0.003 -6"><span class='ocrx_word' id='word_1_619' title='bbox 2079 4123 2404 4186; x_wconf 71' lang='grc' dir='ltr'>ἐπιλάθοιτο.</span> 
     </span>
    </p>
   </div>
   <div class='ocr_carea' id='block_1_89' title="bbox 2161 4205 3736 4294">
    <p class='ocr_par' dir='ltr' id='par_1_89' title="bbox 2161 4205 3736 4294">
     <span class='ocr_line' id='line_1_89' title="bbox 2161 4205 3736 4294; baseline 0.006 -26"><span class='ocrx_word' id='word_1_620' title='bbox 2161 4205 2222 4276; x_wconf 87' lang='grc' dir='ltr'>ι’,</span> <span class='ocrx_word' id='word_1_621' title='bbox 2283 4222 2458 4272; x_wconf 85' lang='grc' dir='ltr'>Ταῦτα</span> <span class='ocrx_word' id='word_1_622' title='bbox 2501 4214 2580 4290; x_wconf 80' lang='grc' dir='ltr'><strong>μὴ</strong></span> <span class='ocrx_word' id='word_1_623' title='bbox 2623 4212 2856 4292; x_wconf 75' lang='grc' dir='ltr'>ἐνεγκὼν</span> <span class='ocrx_word' id='word_1_624' title='bbox 2901 4217 3285 4294; x_wconf 77' lang='grc' dir='ltr'>Νουμεριανὸς,</span> <span class='ocrx_word' id='word_1_625' title='bbox 3336 4215 3486 4274; x_wconf 78' lang='grc' dir='ltr'>Ἀλλ’</span> <span class='ocrx_word' id='word_1_626' title='bbox 3543 4220 3736 4277; x_wconf 67' lang='grc' dir='ltr'>εὑκαιο</span> 
     </span>
    </p>
   </div>
   <div class='ocr_carea' id='block_1_90' title="bbox 2077 4302 3734 4386">
    <p class='ocr_par' dir='ltr' id='par_1_90' title="bbox 2077 4302 3734 4386">
     <span class='ocr_line' id='line_1_90' title="bbox 2077 4302 3734 4386; baseline 0.004 -26"><span class='ocrx_word' id='word_1_627' title='bbox 2077 4304 2289 4382; x_wconf 85' lang='grc' dir='ltr'>ρότερόν</span> <span class='ocrx_word' id='word_1_628' title='bbox 2349 4324 2406 4359; x_wconf 86' lang='grc' dir='ltr'><strong>σε</strong></span> <span class='ocrx_word' id='word_1_629' title='bbox 2471 4315 2594 4366; x_wconf 77' lang='grc' dir='ltr'>ταῖς</span> <span class='ocrx_word' id='word_1_630' title='bbox 2657 4302 3004 4382; x_wconf 74' lang='grc' dir='ltr'>ἀποκρίσεσιν</span> <span class='ocrx_word' id='word_1_631' title='bbox 3071 4306 3181 4382; x_wconf 66' lang='grc' dir='ltr'><strong>εγὼ</strong></span> <span class='ocrx_word' id='word_1_632' title='bbox 3254 4309 3489 4386; x_wconf 74' lang='grc' dir='ltr'>χρῆσθαι</span> <span class='ocrx_word' id='word_1_633' title='bbox 3545 4330 3734 4386; x_wconf 75' lang='grc' dir='ltr'>παρα-</span> 
     </span>
    </p>
   </div>
   <div class='ocr_carea' id='block_1_91' title="bbox 2078 4392 3730 4473">
    <p class='ocr_par' dir='ltr' id='par_1_91' title="bbox 2078 4392 3730 4473">
     <span class='ocr_line' id='line_1_91' title="bbox 2078 4392 3730 4473; baseline 0.004 -24"><span class='ocrx_word' id='word_1_634' title='bbox 2078 4393 2344 4466; x_wconf 81' lang='grc' dir='ltr'>σκευάσω,</span> <span class='ocrx_word' id='word_1_635' title='bbox 2379 4392 2531 4471; x_wconf 69' lang='grc' dir='ltr'>φησί’</span> <span class='ocrx_word' id='word_1_636' title='bbox 2604 4393 2692 4448; x_wconf 82' lang='grc' dir='ltr'><strong>καὶ</strong></span> <span class='ocrx_word' id='word_1_637' title='bbox 2742 4393 2930 4449; x_wconf 67' lang='grc' dir='ltr'>αὐτίκα</span> <span class='ocrx_word' id='word_1_638' title='bbox 2989 4393 3254 4473; x_wconf 81' lang='grc' dir='ltr'>μετέωρος</span> <span class='ocrx_word' id='word_1_639' title='bbox 3297 4393 3385 4452; x_wconf 79' lang='grc' dir='ltr'>ὶπὶ</span> <span class='ocrx_word' id='word_1_640' title='bbox 3420 4399 3515 4454; x_wconf 72' lang='grc' dir='ltr'><strong>τοῦ</strong></span> <span class='ocrx_word' id='word_1_641' title='bbox 3570 4396 3730 4463; x_wconf 79' lang='grc' dir='ltr'>ξύλου</span> 
     </span>
    </p>
   </div>
   <div class='ocr_carea' id='block_1_92' title="bbox 344 4477 2004 4566">
    <p class='ocr_par' dir='ltr' id='par_1_92' title="bbox 344 4477 1992 4566">
     <span class='ocr_line' id='line_1_92' title="bbox 344 4477 1992 4566; baseline -0.005 -17"><span class='ocrx_word' id='word_1_642' title='bbox 344 4487 596 4549; x_wconf 83' lang='lat' dir='ltr'><strong>adverso</strong></span> <span class='ocrx_word' id='word_1_643' title='bbox 631 4485 800 4566; x_wconf 85' lang='lat' dir='ltr'><strong>pueri</strong></span> <span class='ocrx_word' id='word_1_644' title='bbox 834 4481 1049 4542; x_wconf 84' lang='lat' dir='ltr'><strong>ferreis</strong></span> <span class='ocrx_word' id='word_1_645' title='bbox 1099 4479 1597 4560; x_wconf 83' lang='lat' dir='ltr'><strong>discerpebantur</strong></span> <span class='ocrx_word' id='word_1_646' title='bbox 1627 4479 1887 4558; x_wconf 86' lang='lat' dir='ltr'><strong>ungulis.</strong></span> <span class='ocrx_word' id='word_1_647' title='bbox 1923 4477 1992 4540; x_wconf 90' lang='lat' dir='ltr'><strong>Et</strong></span> 
     </span>
    </p>
   </div>
   <div class='ocr_carea' id='block_1_93' title="bbox 2095 4477 3725 4566">
    <p class='ocr_par' dir='ltr' id='par_1_93' title="bbox 2095 4479 3725 4560">
     <span class='ocr_line' id='line_1_93' title="bbox 2095 4479 3725 4560; baseline 0.003 -21"><span class='ocrx_word' id='word_1_648' title='bbox 2095 4504 2103 4538; x_wconf 69' lang='grc' dir='ltr'><strong>ι</strong></span> <span class='ocrx_word' id='word_1_649' title='bbox 2153 4480 2414 4555; x_wconf 68' lang='grc' dir='ltr'>ἀθλητὴς,</span> <span class='ocrx_word' id='word_1_650' title='bbox 2473 4479 2687 4559; x_wconf 76' lang='grc' dir='ltr'>ἅντικρυ</span> <span class='ocrx_word' id='word_1_651' title='bbox 2734 4483 2824 4538; x_wconf 79' lang='grc' dir='ltr'>καὶ</span> <span class='ocrx_word' id='word_1_652' title='bbox 2878 4483 2946 4539; x_wconf 74' lang='grc' dir='ltr'>τὰ</span> <span class='ocrx_word' id='word_1_653' title='bbox 3003 4481 3185 4540; x_wconf 79' lang='grc' dir='ltr'>παιδία</span> <span class='ocrx_word' id='word_1_654' title='bbox 3241 4483 3485 4560; x_wconf 78' lang='grc' dir='ltr'>σιδηροῖς</span> <span class='ocrx_word' id='word_1_655' title='bbox 3538 4484 3725 4552; x_wconf 80' lang='grc' dir='ltr'>ξαινό-</span> 
     </span>
    </p>
   </div>
   <div class='ocr_carea' id='block_1_94' title="bbox 343 4569 2004 4656">
    <p class='ocr_par' dir='ltr' id='par_1_94' title="bbox 343 4569 1986 4656">
     <span class='ocr_line' id='line_1_94' title="bbox 343 4569 1986 4656; baseline -0.004 -18"><span class='ocrx_word' id='word_1_656' title='bbox 343 4577 464 4639; x_wconf 88' lang='lat' dir='ltr'><strong>illis</strong></span> <span class='ocrx_word' id='word_1_657' title='bbox 499 4574 740 4656; x_wconf 87' lang='lat' dir='ltr'><strong>quidem</strong></span> <span class='ocrx_word' id='word_1_658' title='bbox 776 4571 980 4632; x_wconf 86' lang='lat' dir='ltr'><strong>divina</strong></span> <span class='ocrx_word' id='word_1_659' title='bbox 997 4571 1269 4650; x_wconf 81' lang='lat' dir='ltr'><strong>quaedam</strong></span> <span class='ocrx_word' id='word_1_660' title='bbox 1300 4569 1562 4650; x_wconf 90' lang='lat' dir='ltr'><strong>desuper</strong></span> <span class='ocrx_word' id='word_1_661' title='bbox 1582 4569 1843 4631; x_wconf 87' lang='lat' dir='ltr'><strong>animum</strong></span> <span class='ocrx_word' id='word_1_662' title='bbox 1877 4569 1986 4631; x_wconf 92' lang='lat' dir='ltr'><strong>ad-</strong></span> 
     </span>
    </p>
   </div>
   <div class='ocr_carea' id='block_1_95' title="bbox 2095 4569 3723 4656">
    <p class='ocr_par' dir='ltr' id='par_1_95' title="bbox 2095 4570 3723 4656">
     <span class='ocr_line' id='line_1_95' title="bbox 2095 4570 3723 4656; baseline 0.002 -28"><span class='ocrx_word' id='word_1_663' title='bbox 2095 4593 2211 4628; x_wconf 88' lang='grc' dir='ltr'>ιενα</span> <span class='ocrx_word' id='word_1_664' title='bbox 2254 4570 2416 4636; x_wconf 83' lang='grc' dir='ltr'>ὅνυξι.</span> <span class='ocrx_word' id='word_1_665' title='bbox 2469 4572 2566 4628; x_wconf 75' lang='grc' dir='ltr'><strong>Καὶ</strong></span> <span class='ocrx_word' id='word_1_666' title='bbox 2595 4584 2716 4635; x_wconf 79' lang='grc' dir='ltr'>τοῖς</span> <span class='ocrx_word' id='word_1_667' title='bbox 2761 4571 2859 4646; x_wconf 80' lang='grc' dir='ltr'>μὲν</span> <span class='ocrx_word' id='word_1_668' title='bbox 2912 4572 3149 4652; x_wconf 77' lang='grc' dir='ltr'>θειοτέρα</span> <span class='ocrx_word' id='word_1_669' title='bbox 3179 4593 3262 4638; x_wconf 78' lang='grc' dir='ltr'><strong>τις</strong></span> <span class='ocrx_word' id='word_1_670' title='bbox 3311 4571 3510 4632; x_wconf 71' lang='grc' dir='ltr'>ἄνωθεν</span> <span class='ocrx_word' id='word_1_671' title='bbox 3553 4577 3723 4656; x_wconf 75' lang='grc' dir='ltr'>χάρις</span> 
     </span>
    </p>
   </div>
   <div class='ocr_carea' id='block_1_96' title="bbox 343 4659 2004 4745">
    <p class='ocr_par' dir='ltr' id='par_1_96' title="bbox 343 4659 1990 4743">
     <span class='ocr_line' id='line_1_96' title="bbox 343 4659 1990 4743; baseline -0.004 -15"><span class='ocrx_word' id='word_1_672' title='bbox 343 4667 493 4728; x_wconf 89' lang='lat' dir='ltr'><strong>dens</strong></span> <span class='ocrx_word' id='word_1_673' title='bbox 518 4664 1208 4743; x_wconf 84' lang='lat' dir='ltr'><strong>gratia,promptumque</strong></span> <span class='ocrx_word' id='word_1_674' title='bbox 1243 4668 1299 4720; x_wconf 90' lang='lat' dir='ltr'><strong>et</strong></span> <span class='ocrx_word' id='word_1_675' title='bbox 1331 4660 1533 4722; x_wconf 87' lang='lat' dir='ltr'><strong>alacre</strong></span> <span class='ocrx_word' id='word_1_676' title='bbox 1553 4677 1777 4738; x_wconf 83' lang='lat' dir='ltr'><strong>augens</strong></span> <span class='ocrx_word' id='word_1_677' title='bbox 1805 4659 1990 4721; x_wconf 89' lang='lat' dir='ltr'><strong>animi</strong></span> 
     </span>
    </p>
   </div>
   <div class='ocr_carea' id='block_1_97' title="bbox 2095 4659 3718 4745">
    <p class='ocr_par' dir='ltr' id='par_1_97' title="bbox 2095 4659 3718 4745">
     <span class='ocr_line' id='line_1_97' title="bbox 2095 4659 3718 4745; baseline 0.004 -27"><span class='ocrx_word' id='word_1_678' title='bbox 2095 4663 2258 4740; x_wconf 63' lang='grc' dir='ltr'>ιάρσος</span> <span class='ocrx_word' id='word_1_679' title='bbox 2324 4659 2624 4737; x_wconf 76' lang='grc' dir='ltr'>ἐμπνέουσᾶ</span> <span class='ocrx_word' id='word_1_680' title='bbox 2697 4661 2785 4718; x_wconf 82' lang='grc' dir='ltr'><strong>καὶ</strong></span> <span class='ocrx_word' id='word_1_681' title='bbox 2856 4661 3146 4729; x_wconf 74' lang='grc' dir='ltr'>αὒξάνουσα</span> <span class='ocrx_word' id='word_1_682' title='bbox 3227 4663 3328 4731; x_wconf 77' lang='grc' dir='ltr'>τὴν</span> <span class='ocrx_word' id='word_1_683' title='bbox 3401 4667 3718 4745; x_wconf 63' lang='grc' dir='ltr'>προὼμίαν,</span> 
     </span>
    </p>
   </div>
   <div class='ocr_carea' id='block_1_98' title="bbox 342 4747 2004 4832">
    <p class='ocr_par' dir='ltr' id='par_1_98' title="bbox 342 4747 1984 4828">
     <span class='ocr_line' id='line_1_98' title="bbox 342 4747 1984 4828; baseline -0.007 -11"><span class='ocrx_word' id='word_1_684' title='bbox 342 4754 634 4827; x_wconf 87' lang='lat' dir='ltr'><strong>studium,</strong></span> <span class='ocrx_word' id='word_1_685' title='bbox 669 4749 963 4814; x_wconf 90' lang='lat' dir='ltr'><strong>reddebat</strong></span> <span class='ocrx_word' id='word_1_686' title='bbox 1007 4767 1113 4810; x_wconf 89' lang='lat' dir='ltr'><strong>eos</strong></span> <span class='ocrx_word' id='word_1_687' title='bbox 1142 4748 1351 4810; x_wconf 90' lang='lat' dir='ltr'><strong>statuis</strong></span> <span class='ocrx_word' id='word_1_688' title='bbox 1383 4747 1571 4828; x_wconf 88' lang='lat' dir='ltr'><strong>magis</strong></span> <span class='ocrx_word' id='word_1_689' title='bbox 1602 4747 1984 4828; x_wconf 87' lang='lat' dir='ltr'><strong>impatibiles.</strong></span> 
     </span>
    </p>
   </div>
   <div class='ocr_carea' id='block_1_99' title="bbox 2095 4747 3116 4832">
    <p class='ocr_par' dir='ltr' id='par_1_99' title="bbox 2095 4749 3116 4832">
     <span class='ocr_line' id='line_1_99' title="bbox 2095 4749 3116 4832; baseline 0.002 -25"><span class='ocrx_word' id='word_1_690' title='bbox 2095 4749 2390 4828; x_wconf 76' lang='grc' dir='ltr'>ινδριάντων</span> <span class='ocrx_word' id='word_1_691' title='bbox 2420 4750 2806 4828; x_wconf 81' lang='grc' dir='ltr'>ἀπαθεστέρους</span> <span class='ocrx_word' id='word_1_692' title='bbox 2835 4750 3116 4832; x_wconf 74' lang='grc' dir='ltr'>ἀπέφαινε.</span> 
     </span>
    </p>
   </div>
   <div class='ocr_carea' id='block_1_100' title="bbox 420 4836 1991 4919">
    <p class='ocr_par' dir='ltr' id='par_1_100' title="bbox 420 4836 1991 4919">
     <span class='ocr_line' id='line_1_100' title="bbox 420 4836 1991 4919; baseline -0.006 -12"><span class='ocrx_word' id='word_1_693' title='bbox 420 4843 518 4907; x_wconf 84' lang='grc' dir='ltr'><strong>ΧΙ.</strong></span> <span class='ocrx_word' id='word_1_694' title='bbox 552 4842 638 4905; x_wconf 79' lang='lat' dir='ltr'><strong>Ex</strong></span> <span class='ocrx_word' id='word_1_695' title='bbox 668 4843 740 4902; x_wconf 89' lang='lat' dir='ltr'><strong>iis</strong></span> <span class='ocrx_word' id='word_1_696' title='bbox 783 4846 1011 4917; x_wconf 85' lang='lat' dir='ltr'><strong>autem,</strong></span> <span class='ocrx_word' id='word_1_697' title='bbox 1045 4844 1145 4919; x_wconf 88' lang='lat' dir='ltr'><strong>qui</strong></span> <span class='ocrx_word' id='word_1_698' title='bbox 1183 4838 1674 4914; x_wconf 87' lang='lat' dir='ltr'><strong>circumstabant,</strong></span> <span class='ocrx_word' id='word_1_699' title='bbox 1710 4836 1991 4900; x_wconf 88' lang='lat' dir='ltr'><strong>dicebant</strong></span> 
     </span>
    </p>
   </div>
   <div class='ocr_carea' id='block_1_101' title="bbox 339 4927 1994 5016">
    <p class='ocr_par' dir='ltr' id='par_1_101' title="bbox 339 4927 1994 5016">
     <span class='ocr_line' id='line_1_101' title="bbox 339 4927 1994 5016; baseline -0.005 -20"><span class='ocrx_word' id='word_1_700' title='bbox 339 4933 582 5016; x_wconf 89' lang='lat' dir='ltr'><strong>quidam</strong></span> <span class='ocrx_word' id='word_1_701' title='bbox 615 4930 816 4994; x_wconf 87' lang='lat' dir='ltr'><strong>divino</strong></span> <span class='ocrx_word' id='word_1_702' title='bbox 850 4927 1082 5009; x_wconf 68' lang='lat' dir='ltr'><strong>Babylaa</strong></span> <span class='ocrx_word' id='word_1_703' title='bbox 1113 4950 1124 4986; x_wconf 93' lang='lat'><strong>:</strong></span> <span class='ocrx_word' id='word_1_704' title='bbox 1161 4927 1488 5004; x_wconf 88' lang='lat' dir='ltr'><strong>Quousque</strong></span> <span class='ocrx_word' id='word_1_705' title='bbox 1518 4928 1638 4988; x_wconf 90' lang='lat' dir='ltr'><strong>eris</strong></span> <span class='ocrx_word' id='word_1_706' title='bbox 1670 4934 1994 5016; x_wconf 82' lang='lat' dir='ltr'><strong>amens,et</strong></span> 
     </span>
    </p>
   </div>
   <div class='ocr_carea' id='block_1_102' title="bbox 339 5015 1993 5098">
    <p class='ocr_par' dir='ltr' id='par_1_102' title="bbox 339 5015 1993 5098">
     <span class='ocr_line' id='line_1_102' title="bbox 339 5015 1993 5098; baseline -0.005 -12"><span class='ocrx_word' id='word_1_707' title='bbox 339 5015 496 5086; x_wconf 83' lang='lat' dir='ltr'><strong>male</strong></span> <span class='ocrx_word' id='word_1_708' title='bbox 530 5021 637 5084; x_wconf 91' lang='lat' dir='ltr'><strong>tibi</strong></span> <span class='ocrx_word' id='word_1_709' title='bbox 662 5020 943 5083; x_wconf 88' lang='lat' dir='ltr'><strong>consules</strong></span> <span class='ocrx_word' id='word_1_710' title='bbox 967 5018 997 5077; x_wconf 83' lang='lat'><strong>?</strong></span> <span class='ocrx_word' id='word_1_711' title='bbox 1020 5017 1105 5080; x_wconf 90' lang='lat' dir='ltr'><strong>Ne</strong></span> <span class='ocrx_word' id='word_1_712' title='bbox 1140 5034 1462 5098; x_wconf 89' lang='lat' dir='ltr'><strong>puerorum</strong></span> <span class='ocrx_word' id='word_1_713' title='bbox 1487 5015 1728 5097; x_wconf 89' lang='lat' dir='ltr'><strong>quidem</strong></span> <span class='ocrx_word' id='word_1_714' title='bbox 1761 5015 1993 5097; x_wconf 86' lang='lat' dir='ltr'><strong>species</strong></span> 
     </span>
    </p>
   </div>
   <div class='ocr_carea' id='block_1_103' title="bbox 337 5106 1988 5186">
    <p class='ocr_par' dir='ltr' id='par_1_103' title="bbox 337 5106 1988 5186">
     <span class='ocr_line' id='line_1_103' title="bbox 337 5106 1988 5186; baseline -0.004 -11"><span class='ocrx_word' id='word_1_715' title='bbox 337 5113 522 5177; x_wconf 85' lang='lat' dir='ltr'><strong>ﬂectit</strong></span> <span class='ocrx_word' id='word_1_716' title='bbox 551 5113 666 5174; x_wconf 89' lang='lat' dir='ltr'><strong>hoc</strong></span> <span class='ocrx_word' id='word_1_717' title='bbox 700 5122 863 5172; x_wconf 88' lang='lat' dir='ltr'><strong>tuum</strong></span> <span class='ocrx_word' id='word_1_718' title='bbox 921 5126 1024 5170; x_wconf 92' lang='lat' dir='ltr'><strong>cor</strong></span> <span class='ocrx_word' id='word_1_719' title='bbox 1056 5109 1274 5170; x_wconf 89' lang='lat' dir='ltr'><strong>durum</strong></span> <span class='ocrx_word' id='word_1_720' title='bbox 1315 5118 1373 5168; x_wconf 91' lang='lat' dir='ltr'><strong>et</strong></span> <span class='ocrx_word' id='word_1_721' title='bbox 1401 5106 1656 5182; x_wconf 89' lang='lat' dir='ltr'><strong>immite,</strong></span> <span class='ocrx_word' id='word_1_722' title='bbox 1691 5125 1822 5186; x_wconf 62' lang='lat' dir='ltr'><strong>qua;</strong></span> <span class='ocrx_word' id='word_1_723' title='bbox 1869 5114 1988 5169; x_wconf 88' lang='lat' dir='ltr'><strong>tam</strong></span> 
     </span>
    </p>
   </div>
   <div class='ocr_carea' id='block_1_104' title="bbox 339 5194 1990 5282">
    <p class='ocr_par' dir='ltr' id='par_1_104' title="bbox 339 5194 1990 5282">
     <span class='ocr_line' id='line_1_104' title="bbox 339 5194 1990 5282; baseline -0.004 -18"><span class='ocrx_word' id='word_1_724' title='bbox 339 5203 562 5264; x_wconf 91' lang='lat' dir='ltr'><strong>misere</strong></span> <span class='ocrx_word' id='word_1_725' title='bbox 595 5201 768 5282; x_wconf 90' lang='lat' dir='ltr'><strong>perit,</strong></span> <span class='ocrx_word' id='word_1_726' title='bbox 797 5207 856 5261; x_wconf 90' lang='lat' dir='ltr'><strong>et</strong></span> <span class='ocrx_word' id='word_1_727' title='bbox 881 5207 1020 5260; x_wconf 89' lang='lat' dir='ltr'><strong>ante</strong></span> <span class='ocrx_word' id='word_1_728' title='bbox 1054 5203 1317 5276; x_wconf 82' lang='lat' dir='ltr'><strong>tempus?</strong></span> <span class='ocrx_word' id='word_1_729' title='bbox 1351 5195 1592 5257; x_wconf 91' lang='lat' dir='ltr'><strong>Illorum</strong></span> <span class='ocrx_word' id='word_1_730' title='bbox 1623 5211 1763 5274; x_wconf 88' lang='lat' dir='ltr'><strong>ergo</strong></span> <span class='ocrx_word' id='word_1_731' title='bbox 1795 5194 1990 5258; x_wconf 89' lang='lat' dir='ltr'><strong>verbis</strong></span> 
     </span>
    </p>
   </div>
   <div class='ocr_carea' id='block_1_105' title="bbox 340 5284 1986 5373">
    <p class='ocr_par' dir='ltr' id='par_1_105' title="bbox 340 5284 1986 5373">
     <span class='ocr_line' id='line_1_105' title="bbox 340 5284 1986 5373; baseline -0.004 -19"><span class='ocrx_word' id='word_1_732' title='bbox 340 5301 562 5373; x_wconf 80' lang='lat' dir='ltr'><strong>martyr</strong></span> <span class='ocrx_word' id='word_1_733' title='bbox 592 5307 940 5362; x_wconf 83' lang='lat' dir='ltr'><strong>conversus,</strong></span> <span class='ocrx_word' id='word_1_734' title='bbox 979 5297 1038 5348; x_wconf 86' lang='lat' dir='ltr'><strong>et</strong></span> <span class='ocrx_word' id='word_1_735' title='bbox 1067 5294 1275 5368; x_wconf 88' lang='lat' dir='ltr'><strong>aperte</strong></span> <span class='ocrx_word' id='word_1_736' title='bbox 1309 5284 1639 5346; x_wconf 87' lang='lat' dir='ltr'><strong>ostendens</strong></span> <span class='ocrx_word' id='word_1_737' title='bbox 1668 5303 1732 5346; x_wconf 91' lang='lat' dir='ltr'><strong>se</strong></span> <span class='ocrx_word' id='word_1_738' title='bbox 1779 5304 1986 5348; x_wconf 88' lang='lat' dir='ltr'><strong>eorum</strong></span> 
     </span>
    </p>
   </div>
   <div class='ocr_carea' id='block_1_106' title="bbox 336 5374 1987 5460">
    <p class='ocr_par' dir='ltr' id='par_1_106' title="bbox 336 5374 1987 5460">
     <span class='ocr_line' id='line_1_106' title="bbox 336 5374 1987 5460; baseline -0.001 -20"><span class='ocrx_word' id='word_1_739' title='bbox 336 5382 522 5444; x_wconf 85' lang='lat' dir='ltr'><strong>vicem</strong></span> <span class='ocrx_word' id='word_1_740' title='bbox 558 5399 712 5460; x_wconf 77' lang='lat' dir='ltr'><strong>aegre</strong></span> <span class='ocrx_word' id='word_1_741' title='bbox 739 5380 894 5442; x_wconf 83' lang='lat' dir='ltr'><strong>ferre</strong></span> <span class='ocrx_word' id='word_1_742' title='bbox 928 5389 990 5439; x_wconf 84' lang='lat' dir='ltr'><strong>et</strong></span> <span class='ocrx_word' id='word_1_743' title='bbox 1011 5377 1241 5439; x_wconf 88' lang='lat' dir='ltr'><strong>dolere:</strong></span> <span class='ocrx_word' id='word_1_744' title='bbox 1279 5374 1563 5449; x_wconf 69' lang='lat' dir='ltr'><strong>Quaenam</strong></span> <span class='ocrx_word' id='word_1_745' title='bbox 1588 5375 1715 5437; x_wconf 71' lang='lat' dir='ltr'><strong>haec</strong></span> <span class='ocrx_word' id='word_1_746' title='bbox 1746 5385 1859 5452; x_wconf 91' lang='lat' dir='ltr'><strong>est,</strong></span> <span class='ocrx_word' id='word_1_747' title='bbox 1887 5383 1987 5438; x_wconf 87' lang='lat' dir='ltr'><strong>in-</strong></span> 
     </span>
    </p>
   </div>
   <div class='ocr_carea' id='block_1_107' title="bbox 336 5465 1988 5553">
    <p class='ocr_par' dir='ltr' id='par_1_107' title="bbox 336 5465 1988 5553">
     <span class='ocr_line' id='line_1_107' title="bbox 336 5465 1988 5553; baseline -0.002 -21"><span class='ocrx_word' id='word_1_748' title='bbox 336 5473 687 5553; x_wconf 82' lang='lat' dir='ltr'><strong>quit,gravis</strong></span> <span class='ocrx_word' id='word_1_749' title='bbox 709 5481 767 5530; x_wconf 88' lang='lat' dir='ltr'><strong>et</strong></span> <span class='ocrx_word' id='word_1_750' title='bbox 788 5468 1116 5547; x_wconf 83' lang='lat' dir='ltr'><strong>caliginosa</strong></span> <span class='ocrx_word' id='word_1_751' title='bbox 1147 5465 1504 5547; x_wconf 74' lang='lat' dir='ltr'><strong>nubes,quae</strong></span> <span class='ocrx_word' id='word_1_752' title='bbox 1522 5467 1743 5528; x_wconf 82' lang='lat' dir='ltr'><strong>mentis</strong></span> <span class='ocrx_word' id='word_1_753' title='bbox 1772 5475 1988 5529; x_wconf 64' lang='lat' dir='ltr'><strong>vestrae</strong></span> 
     </span>
    </p>
   </div>
   <div class='ocr_carea' id='block_1_108' title="bbox 336 5555 1986 5637">
    <p class='ocr_par' dir='ltr' id='par_1_108' title="bbox 336 5555 1986 5637">
     <span class='ocr_line' id='line_1_108' title="bbox 336 5555 1986 5637; baseline -0.003 -14"><span class='ocrx_word' id='word_1_754' title='bbox 336 5559 967 5634; x_wconf 87' lang='lat' dir='ltr'><strong>obstruitoculos,nec</strong></span> <span class='ocrx_word' id='word_1_755' title='bbox 999 5556 1142 5618; x_wconf 91' lang='lat' dir='ltr'><strong>sinit</strong></span> <span class='ocrx_word' id='word_1_756' title='bbox 1173 5555 1388 5620; x_wconf 77' lang='lat' dir='ltr'><strong>caelum</strong></span> <span class='ocrx_word' id='word_1_757' title='bbox 1421 5555 1778 5637; x_wconf 86' lang='lat' dir='ltr'><strong>intueri,sed</strong></span> <span class='ocrx_word' id='word_1_758' title='bbox 1802 5555 1986 5618; x_wconf 87' lang='lat' dir='ltr'><strong>deor-</strong></span> 
     </span>
    </p>
   </div>
   <div class='ocr_carea' id='block_1_109' title="bbox 333 5644 1983 5726">
    <p class='ocr_par' dir='ltr' id='par_1_109' title="bbox 333 5644 1983 5726">
     <span class='ocr_line' id='line_1_109' title="bbox 333 5644 1983 5726; baseline -0.001 -13"><span class='ocrx_word' id='word_1_759' title='bbox 333 5666 470 5715; x_wconf 72' lang='lat' dir='ltr'><strong>sum</strong></span> <span class='ocrx_word' id='word_1_760' title='bbox 493 5650 742 5713; x_wconf 88' lang='lat' dir='ltr'><strong>inclinat</strong></span> <span class='ocrx_word' id='word_1_761' title='bbox 767 5659 824 5711; x_wconf 92' lang='lat' dir='ltr'><strong>et</strong></span> <span class='ocrx_word' id='word_1_762' title='bbox 860 5658 1037 5711; x_wconf 75' lang='lat' dir='ltr'><strong>term</strong></span> <span class='ocrx_word' id='word_1_763' title='bbox 1062 5645 1218 5726; x_wconf 83' lang='lat' dir='ltr'><strong>cogit</strong></span> <span class='ocrx_word' id='word_1_764' title='bbox 1248 5645 1485 5709; x_wconf 82' lang='lat' dir='ltr'><strong>afﬂxum</strong></span> <span class='ocrx_word' id='word_1_765' title='bbox 1519 5652 1682 5710; x_wconf 78' lang='lat' dir='ltr'><strong>esse?</strong></span> <span class='ocrx_word' id='word_1_766' title='bbox 1710 5644 1861 5721; x_wconf 85' lang='lat' dir='ltr'><strong>Quid</strong></span> <span class='ocrx_word' id='word_1_767' title='bbox 1895 5666 1983 5726; x_wconf 85' lang='lat' dir='ltr'><strong>es,</strong></span> 
     </span>
    </p>
   </div>
   <div class='ocr_carea' id='block_1_110' title="bbox 2155 4840 3720 4925">
    <p class='ocr_par' dir='ltr' id='par_1_110' title="bbox 2155 4840 3720 4925">
     <span class='ocr_line' id='line_1_110' title="bbox 2155 4840 3720 4925; baseline 0.003 -27"><span class='ocrx_word' id='word_1_768' title='bbox 2155 4840 2264 4901; x_wconf 79' lang='lat' dir='ltr'><strong>IA’.</strong></span> <span class='ocrx_word' id='word_1_769' title='bbox 2327 4843 2443 4898; x_wconf 82' lang='grc' dir='ltr'>Τῶν</span> <span class='ocrx_word' id='word_1_770' title='bbox 2473 4840 2530 4896; x_wconf 76' lang='grc' dir='ltr'>δὲ</span> <span class='ocrx_word' id='word_1_771' title='bbox 2583 4842 2956 4918; x_wconf 86' lang='grc' dir='ltr'>περιεστώτων</span> <span class='ocrx_word' id='word_1_772' title='bbox 2985 4845 3152 4924; x_wconf 73' lang='grc' dir='ltr'>τινὲς,</span> <span class='ocrx_word' id='word_1_773' title='bbox 3183 4845 3326 4925; x_wconf 75' lang='grc' dir='ltr'>παρὰ</span> <span class='ocrx_word' id='word_1_774' title='bbox 3357 4850 3434 4907; x_wconf 82' lang='grc' dir='ltr'>τῶ</span> <span class='ocrx_word' id='word_1_775' title='bbox 3491 4845 3720 4925; x_wconf 75' lang='grc' dir='ltr'>γενναίῳ</span> 
     </span>
    </p>
   </div>
   <div class='ocr_carea' id='block_1_111' title="bbox 2075 4927 3722 5013">
    <p class='ocr_par' dir='ltr' id='par_1_111' title="bbox 2075 4927 3722 5013">
     <span class='ocr_line' id='line_1_111' title="bbox 2075 4927 3722 5013; baseline 0.002 -25"><span class='ocrx_word' id='word_1_776' title='bbox 2075 4932 2291 4993; x_wconf 80' lang='grc' dir='ltr'>στάντες</span> <span class='ocrx_word' id='word_1_777' title='bbox 2351 4927 2582 5006; x_wconf 76' lang='grc' dir='ltr'>Βαϐύλᾳ,</span> <span class='ocrx_word' id='word_1_778' title='bbox 2630 4929 2807 5010; x_wconf 70' lang='grc' dir='ltr'>Μέχρι</span> <span class='ocrx_word' id='word_1_779' title='bbox 2859 4933 3026 5010; x_wconf 86' lang='grc' dir='ltr'>τίνος,</span> <span class='ocrx_word' id='word_1_780' title='bbox 3088 4933 3296 5013; x_wconf 76' lang='grc' dir='ltr'>ἔλεγον,</span> <span class='ocrx_word' id='word_1_781' title='bbox 3354 4937 3562 5013; x_wconf 80' lang='grc' dir='ltr'>ἁπονοῇ</span> <span class='ocrx_word' id='word_1_782' title='bbox 3628 4936 3722 4992; x_wconf 75' lang='grc' dir='ltr'><strong>καὶ</strong></span> 
     </span>
    </p>
   </div>
   <div class='ocr_carea' id='block_1_112' title="bbox 2073 5019 3724 5104">
    <p class='ocr_par' dir='ltr' id='par_1_112' title="bbox 2073 5019 3724 5104">
     <span class='ocr_line' id='line_1_112' title="bbox 2073 5019 3724 5104; baseline 0.003 -27"><span class='ocrx_word' id='word_1_783' title='bbox 2073 5019 2300 5098; x_wconf 72' lang='grc' dir='ltr'>βουλεύῃ</span> <span class='ocrx_word' id='word_1_784' title='bbox 2355 5022 2473 5093; x_wconf 80' lang='grc' dir='ltr'>περὶ</span> <span class='ocrx_word' id='word_1_785' title='bbox 2537 5029 2732 5080; x_wconf 82' lang='grc' dir='ltr'>σαυτοῦ</span> <span class='ocrx_word' id='word_1_786' title='bbox 2791 5027 3019 5104; x_wconf 69' lang='grc' dir='ltr'>κκιιῶςς</span> <span class='ocrx_word' id='word_1_787' title='bbox 3081 5022 3210 5084; x_wconf 76' lang='grc' dir='ltr'>Οῦδὲ</span> <span class='ocrx_word' id='word_1_788' title='bbox 3273 5027 3302 5094; x_wconf 72' lang='grc' dir='ltr'>ἡ</span> <span class='ocrx_word' id='word_1_789' title='bbox 3355 5031 3464 5084; x_wconf 82' lang='grc' dir='ltr'><strong>τῶν</strong></span> <span class='ocrx_word' id='word_1_790' title='bbox 3520 5023 3724 5083; x_wconf 80' lang='grc' dir='ltr'>παίδων</span> 
     </span>
    </p>
   </div>
   <div class='ocr_carea' id='block_1_113' title="bbox 2073 5109 3724 5192">
    <p class='ocr_par' dir='ltr' id='par_1_113' title="bbox 2073 5109 3724 5192">
     <span class='ocr_line' id='line_1_113' title="bbox 2073 5109 3724 5192; baseline 0.004 -24"><span class='ocrx_word' id='word_1_791' title='bbox 2073 5111 2186 5190; x_wconf 78' lang='grc' dir='ltr'>ὥρα</span> <span class='ocrx_word' id='word_1_792' title='bbox 2231 5111 2329 5179; x_wconf 78' lang='grc' dir='ltr'><strong>τὴν</strong></span> <span class='ocrx_word' id='word_1_793' title='bbox 2364 5109 2602 5187; x_wconf 82' lang='grc' dir='ltr'>σκληράν</span> <span class='ocrx_word' id='word_1_794' title='bbox 2649 5131 2743 5168; x_wconf 92' lang='grc' dir='ltr'><strong>σου</strong></span> <span class='ocrx_word' id='word_1_795' title='bbox 2789 5113 2987 5180; x_wconf 81' lang='grc' dir='ltr'>ταύτην</span> <span class='ocrx_word' id='word_1_796' title='bbox 3028 5115 3118 5171; x_wconf 82' lang='grc' dir='ltr'><strong>καὶ</strong></span> <span class='ocrx_word' id='word_1_797' title='bbox 3159 5114 3441 5174; x_wconf 79' lang='grc' dir='ltr'>ἀτίθασσον</span> <span class='ocrx_word' id='word_1_798' title='bbox 3481 5115 3724 5192; x_wconf 56' lang='lat' dir='ltr'><strong>imitata-</strong></span> 
     </span>
    </p>
   </div>
   <div class='ocr_carea' id='block_1_114' title="bbox 2073 5197 3723 5285">
    <p class='ocr_par' dir='ltr' id='par_1_114' title="bbox 2073 5197 3723 5285">
     <span class='ocr_line' id='line_1_114' title="bbox 2073 5197 3723 5285; baseline 0.002 -26"><span class='ocrx_word' id='word_1_799' title='bbox 2073 5222 2194 5260; x_wconf 77' lang='grc' dir='ltr'>πτει</span> <span class='ocrx_word' id='word_1_800' title='bbox 2254 5197 2492 5279; x_wconf 82' lang='grc' dir='ltr'>καρδίαν,</span> <span class='ocrx_word' id='word_1_801' title='bbox 2542 5201 2730 5281; x_wconf 86' lang='grc' dir='ltr'>ἀώρως</span> <span class='ocrx_word' id='word_1_802' title='bbox 2775 5201 2913 5258; x_wconf 77' lang='grc' dir='ltr'>οὕτω</span> <span class='ocrx_word' id='word_1_803' title='bbox 2941 5205 3030 5259; x_wconf 84' lang='grc' dir='ltr'><strong>καὶ</strong></span> <span class='ocrx_word' id='word_1_804' title='bbox 3073 5201 3277 5270; x_wconf 83' lang='grc' dir='ltr'>ἀθλίως</span> <span class='ocrx_word' id='word_1_805' title='bbox 3320 5204 3723 5285; x_wconf 73' lang='grc' dir='ltr'>ἀπολλυμένης</span> 
     </span>
    </p>
   </div>
   <div class='ocr_carea' id='block_1_115' title="bbox 2075 5290 3726 5375">
    <p class='ocr_par' dir='ltr' id='par_1_115' title="bbox 2075 5290 3726 5375">
     <span class='ocr_line' id='line_1_115' title="bbox 2075 5290 3726 5375; baseline 0.002 -26"><span class='ocrx_word' id='word_1_806' title='bbox 2075 5291 2436 5370; x_wconf 76' lang='grc' dir='ltr'>Ἐπιστρεφὴς</span> <span class='ocrx_word' id='word_1_807' title='bbox 2466 5290 2639 5348; x_wconf 87' lang='grc' dir='ltr'>τοίνυν</span> <span class='ocrx_word' id='word_1_808' title='bbox 2670 5292 2845 5351; x_wconf 87' lang='grc' dir='ltr'>τοίνυν</span> <span class='ocrx_word' id='word_1_809' title='bbox 2871 5305 2988 5358; x_wconf 74' lang='grc' dir='ltr'>τοῖς</span> <span class='ocrx_word' id='word_1_810' title='bbox 3021 5291 3238 5352; x_wconf 76' lang='grc' dir='ltr'>ἐκείνων</span> <span class='ocrx_word' id='word_1_811' title='bbox 3254 5295 3439 5374; x_wconf 85' lang='grc' dir='ltr'>λόγοις</span> <span class='ocrx_word' id='word_1_812' title='bbox 3467 5297 3495 5353; x_wconf 91' lang='lat'><strong>6</strong></span> <span class='ocrx_word' id='word_1_813' title='bbox 3523 5295 3726 5375; x_wconf 83' lang='grc' dir='ltr'>μάρτυς</span> 
     </span>
    </p>
   </div>
   <div class='ocr_carea' id='block_1_116' title="bbox 2071 5379 3709 5462">
    <p class='ocr_par' dir='ltr' id='par_1_116' title="bbox 2071 5379 3709 5462">
     <span class='ocr_line' id='line_1_116' title="bbox 2071 5379 3709 5462; baseline 0.004 -25"><span class='ocrx_word' id='word_1_814' title='bbox 2071 5381 2384 5461; x_wconf 85' lang='grc' dir='ltr'>γενόμενος,</span> <span class='ocrx_word' id='word_1_815' title='bbox 2427 5382 2516 5438; x_wconf 87' lang='grc' dir='ltr'><strong>καὶ</strong></span> <span class='ocrx_word' id='word_1_816' title='bbox 2572 5379 2735 5449; x_wconf 81' lang='grc' dir='ltr'>δῆλος</span> <span class='ocrx_word' id='word_1_817' title='bbox 2788 5380 2864 5438; x_wconf 81' lang='grc' dir='ltr'>ὢν</span> <span class='ocrx_word' id='word_1_818' title='bbox 2913 5382 3225 5462; x_wconf 79' lang='grc' dir='ltr'>ὑπεραλγῶν</span> <span class='ocrx_word' id='word_1_819' title='bbox 3269 5385 3413 5443; x_wconf 82' lang='grc' dir='ltr'><strong>αὒτῶ</strong></span> <span class='ocrx_word' id='word_1_820' title='bbox 3461 5388 3550 5443; x_wconf 85' lang='grc' dir='ltr'>καὶ</span> <span class='ocrx_word' id='word_1_821' title='bbox 3604 5405 3709 5443; x_wconf 81' lang='grc' dir='ltr'>πε-</span> 
     </span>
    </p>
   </div>
   <div class='ocr_carea' id='block_1_117' title="bbox 2071 5471 3710 5556">
    <p class='ocr_par' dir='ltr' id='par_1_117' title="bbox 2071 5471 3710 5556">
     <span class='ocr_line' id='line_1_117' title="bbox 2071 5471 3710 5556; baseline 0.004 -28"><span class='ocrx_word' id='word_1_822' title='bbox 2071 5472 2434 5552; x_wconf 83' lang='grc' dir='ltr'>ρικαιόμενος,</span> <span class='ocrx_word' id='word_1_823' title='bbox 2483 5471 2541 5530; x_wconf 83' lang='grc' dir='ltr'>Τί</span> <span class='ocrx_word' id='word_1_824' title='bbox 2595 5473 2657 5528; x_wconf 77' lang='grc' dir='ltr'>τὸ</span> <span class='ocrx_word' id='word_1_825' title='bbox 2710 5472 2840 5550; x_wconf 85' lang='grc' dir='ltr'><strong>βαρὺ</strong></span> <span class='ocrx_word' id='word_1_826' title='bbox 2881 5482 3058 5550; x_wconf 83' lang='grc' dir='ltr'>τοῦτο,</span> <span class='ocrx_word' id='word_1_827' title='bbox 3103 5471 3274 5554; x_wconf 78' lang='grc' dir='ltr'>λέγει,</span> <span class='ocrx_word' id='word_1_828' title='bbox 3333 5478 3420 5534; x_wconf 85' lang='grc' dir='ltr'><strong>καὶ</strong></span> <span class='ocrx_word' id='word_1_829' title='bbox 3475 5473 3710 5556; x_wconf 67' lang='grc' dir='ltr'>ζοφῶδες</span> 
     </span>
    </p>
   </div>
   <div class='ocr_carea' id='block_1_118' title="bbox 2071 5559 3712 5649">
    <p class='ocr_par' dir='ltr' id='par_1_118' title="bbox 2071 5559 3712 5649">
     <span class='ocr_line' id='line_1_118' title="bbox 2071 5559 3712 5649; baseline 0.004 -31"><span class='ocrx_word' id='word_1_830' title='bbox 2071 5562 2250 5642; x_wconf 73' lang='grc' dir='ltr'>νέφος,</span> <span class='ocrx_word' id='word_1_831' title='bbox 2283 5559 2311 5616; x_wconf 79' lang='grc' dir='ltr'><strong>ὅ</strong></span> <span class='ocrx_word' id='word_1_832' title='bbox 2355 5581 2417 5638; x_wconf 80' lang='grc' dir='ltr'><strong>γε</strong></span> <span class='ocrx_word' id='word_1_833' title='bbox 2474 5561 2567 5623; x_wconf 79' lang='grc' dir='ltr'><strong>τὰς</strong></span> <span class='ocrx_word' id='word_1_834' title='bbox 2617 5562 2716 5628; x_wconf 77' lang='grc' dir='ltr'><strong>τῆς</strong></span> <span class='ocrx_word' id='word_1_835' title='bbox 2778 5559 3009 5626; x_wconf 82' lang='grc' dir='ltr'>διανοίας</span> <span class='ocrx_word' id='word_1_836' title='bbox 3060 5562 3212 5640; x_wconf 71' lang='grc' dir='ltr'>ἅψεις</span> <span class='ocrx_word' id='word_1_837' title='bbox 3237 5567 3386 5642; x_wconf 79' lang='grc' dir='ltr'>ὑμῶν</span> <span class='ocrx_word' id='word_1_838' title='bbox 3443 5562 3712 5649; x_wconf 69' lang='grc' dir='ltr'>ἱμφρίξαν</span> 
     </span>
    </p>
   </div>
   <div class='ocr_carea' id='block_1_119' title="bbox 2070 5649 3726 5737">
    <p class='ocr_par' dir='ltr' id='par_1_119' title="bbox 2070 5649 3726 5737">
     <span class='ocr_line' id='line_1_119' title="bbox 2070 5649 3726 5737; baseline 0.003 -26"><span class='ocrx_word' id='word_1_839' title='bbox 2070 5656 2163 5713; x_wconf 77' lang='grc' dir='ltr'><strong>οῦκ</strong></span> <span class='ocrx_word' id='word_1_840' title='bbox 2193 5649 2253 5726; x_wconf 71' lang='grc' dir='ltr'><strong>ἐᾷ</strong></span> <span class='ocrx_word' id='word_1_841' title='bbox 2297 5657 2428 5732; x_wconf 86' lang='grc' dir='ltr'>πρὸς</span> <span class='ocrx_word' id='word_1_842' title='bbox 2459 5652 2552 5709; x_wconf 77' lang='grc' dir='ltr'><strong>τὸν</strong></span> <span class='ocrx_word' id='word_1_843' title='bbox 2605 5653 2824 5737; x_wconf 67' lang='grc' dir='ltr'>οὖρανὸν</span> <span class='ocrx_word' id='word_1_844' title='bbox 2854 5649 3013 5736; x_wconf 72' lang='grc' dir='ltr'>ἰδεῖν,</span> <span class='ocrx_word' id='word_1_845' title='bbox 3047 5651 3184 5712; x_wconf 75' lang='grc' dir='ltr'>ἀλλὰ</span> <span class='ocrx_word' id='word_1_846' title='bbox 3237 5655 3384 5714; x_wconf 70' lang='grc' dir='ltr'>κάτω</span> <span class='ocrx_word' id='word_1_847' title='bbox 3412 5657 3576 5718; x_wconf 78' lang='grc' dir='ltr'>νεύειν</span> <span class='ocrx_word' id='word_1_848' title='bbox 3633 5656 3726 5717; x_wconf 68' lang='grc' dir='ltr'>ιιι</span> 
     </span>
    </p>
   </div>
  </div>
