4098 6202
369 345 487 411 977
1709 344 1892 411 VITA
1945 345 2005 407 S.

2074 345 2422 410 BABYLE.
3634 344 3752 411 978

372 483 505 558 πρὸς
547 482 647 549 τὴν
677 486 781 558 γῆν
828 478 1122 562 κεχηνέναι
1174 480 1461 559 βιάζεται,
1517 480 1578 540 Τί
1606 480 1668 537 τὸ
1718 486 1982 557 γοητεῦσα

2071 480 2262 560 ιιιιιοὰ
2299 489 2553 544 vestram
2615 478 2703 542 sic
2731 478 3056 542 incantavit
3103 477 3392 556 animam,
3425 485 3486 543 et
3510 479 3656 543 talia
3680 480 3743 545 in

369 572 470 638 τὴν
519 570 779 649 διακέραν
822 571 1011 650 ψυχὴν
1059 571 1155 628 καί
1205 578 1425 629 τοιαῦτα
1478 569 1709 647 κεράσαν
1739 567 1861 625 κατ’
1918 570 2019 626 αύ-

367 660 468 727 τῆς
515 661 796 738 φάρμακα,
827 662 903 724 ὡς
952 660 1108 724 ὅλους
1152 660 1289 733 ὑμᾶς
1322 659 1615 737 προαδῆσαι
1647 660 1714 734 τῇ
1754 658 2016 734 ἀπωλείᾳ,

368 750 456 806 καὶ
525 750 603 823 μὴ
671 751 880 816 ὑπόσην
976 750 1067 805 οὖν
1138 747 1384 829 φροντίδα
1456 750 1720 826 σωτηρίας
1793 749 2018 804 τίθεσθαι

368 852 726 917 συγγωρεῖνς
789 838 957 917 Ἐγὼ,
1018 838 1111 895 ’ίνα
1169 839 1234 895 τὰ
1303 840 1429 917 περί
1502 836 1865 913 Νουμέριανοῦ
1926 843 2015 892 νῦν

366 926 650 984 καταλίπω
704 925 840 996 (οὖδέ
892 928 991 1006 γὰρ
1046 925 1109 983 ἂν
1170 930 1353 984 τοῦτον
1411 928 1646 999 ὀνήσειε,
1694 928 1738 983 εἰ
1781 928 1867 984 καὶ
1910 948 2013 1000 μυ-

364 1016 540 1093 ριάκις
584 1015 834 1090 βασιλεὺς
882 1018 1025 1072 εἶναι
1084 1013 1319 1088 δοκοίη),
1366 1014 1489 1072 ἀλλ’
1531 1016 1661 1093 ὑπὲρ
1717 1015 1868 1090 ὑμῶν
1928 1016 2014 1071 καὶ

363 1106 462 1171 τῆς
537 1106 822 1184 ὒιιετέρας,
879 1105 1023 1183 φεῦι
1085 1103 1355 1180 ἀπωλείας
1428 1102 1690 1168 πολλάκις
1748 1126 1840 1179 μοι
1912 1107 2011 1161 καὶ

363 1198 555 1272 μικρὸν
626 1194 859 1272 προῆλθε
929 1193 1208 1271 δακρῦσαι,
1272 1196 1360 1252 καὶ
1430 1195 1653 1270 οἰμῶξαι
1724 1194 1885 1272 μέγα,
1934 1193 2014 1251 ὅτι

359 1283 508 1361 λόγῳ
535 1284 867 1357 τιμηθέντες,
905 1282 1138 1362 ἀλόγων,
1172 1286 1247 1347 ὡς
1292 1286 1422 1360 ὁρῶ,
1461 1285 1712 1360 γεγόνατε
1746 1282 2011 1361 ἀλογώτε-

2105 587 2236 632 eam
2266 570 2478 633 eliudit
2508 569 2850 651 pharmace,
2885 576 2952 629 ut
2986 586 3088 631 vos
3119 576 3273 631 totos
3301 570 3507 650 alliget
3534 571 3750 634 interi-

2107 659 2218 733 tui,
2253 669 2317 721 et
2348 678 2458 721 nec
2503 658 2662 720 sinat
2689 676 2793 720 vos
2822 658 3004 720 ullam
3038 658 3248 721 salutis
3276 659 3500 722 ducere
3556 660 3747 723 ratio-

2104 749 2274 811 nem?
2304 749 2423 826 Ego
2448 756 2742 830 autem,ut
2763 748 2839 810 de
2867 745 3233 810 Numeriano
3255 768 3417 811 nunc
3447 750 3742 825 omittam,

2102 838 2253 901 nihil
2299 839 2458 900 enim
2490 857 2626 901 eum
2654 837 2900 918 juverit,
2937 836 3171 900 etiamsi
3231 838 3431 900 milies
3480 837 3748 903 videatur

2097 946 2233 990 esse
2292 928 2644 1009 imperator,
2678 926 2783 989 sed
2812 927 2887 988 de
2936 925 3103 989 vobis
3136 935 3195 989 et
3226 936 3420 990 vestro
3473 929 3744 1011 interitu,

2098 1035 2259 1098 saepe
2287 1018 2450 1080 venit
2481 1018 2541 1079 in
2574 1025 2836 1079 mentem
2896 1015 3117 1079 acerbe
3149 1017 3485 1098 lacrymari,
3522 1026 3579 1080 et
3606 1036 3746 1096 gra-

2096 1107 2249 1169 viter
2305 1108 2555 1188 ejulare,
2592 1106 2753 1187 quod
2794 1124 2929 1167 cum
2980 1104 3113 1168 sitis
3163 1105 3437 1169 honorati
3486 1108 3743 1188 ratione,

2097 1197 2394 1273 evasistis,
2431 1207 2493 1259 ut
2534 1197 2734 1277 video,
2769 1201 2967 1257 minus
3019 1196 3257 1277 praediti
3286 1196 3521 1260 ratione
3563 1216 3742 1279 quam

2097 1287 2266 1350 bruta
2301 1307 2314 1348 :
2370 1295 2427 1349 et
2459 1305 2597 1349 cum
2632 1293 2961 1367 oporteret,
2997 1286 3046 1348 si
3100 1286 3261 1349 ullus
3290 1295 3449 1350 esset
3499 1306 3739 1364 sensus,

356 1390 461 1447 ρον
519 1374 606 1430 καὶ
648 1370 765 1430 δέον
824 1374 915 1430 τὸν
956 1374 1159 1431 οἱκεῦον
1221 1373 1511 1451 ἐπιγνῶναι
1559 1374 1920 1450 Δημιουργὸν,
1953 1390 1978 1428 ε

2088 1386 2346 1439 vestrum
2380 1394 2707 1457 agnoscere
2724 1376 3093 1457 Creatorem,
3122 1394 3230 1439 vos
3255 1376 3327 1439 ad
3356 1378 3519 1441 hunc
3541 1378 3736 1443 solum

355 1484 437 1524 τις
495 1461 769 1536 αἴσθησις,
804 1460 927 1518 ἀλλ’
971 1462 1127 1536 ὑμεῖς
1158 1464 1290 1539 πρὸς
1340 1463 1498 1518 αὖτὸν
1529 1461 1693 1536 μόνον
1736 1462 1892 1537 ὁρᾶτε
1925 1461 1982 1530 (τὶ

2091 1464 2408 1527 intuemini
2436 1465 2696 1545 (adjecto
2731 1465 2978 1528 nomine
3007 1465 3399 1544 Numeriani),
3425 1471 3576 1530 etab
3607 1468 3738 1549 ejus

357 1553 715 1629 Νουμεριανος
779 1552 1021 1629 προσθεὶς
1084 1550 1304 1630 ὄνομα),
1355 1552 1440 1607 καὶ
1494 1552 1591 1617 τῆς
1651 1549 1809 1607 αὖτοῦ
1852 1554 1982 1606 mei

2091 1554 2303 1617 umbra
2336 1563 2393 1616 et
2423 1555 2585 1616 vultu
2618 1555 2924 1635 tyrannica
2956 1555 3251 1637 pendetis.
3306 1555 3476 1629 Quod
3508 1558 3581 1620 ad
3641 1577 3739 1621 me

354 1644 442 1698 καὶ
509 1651 605 1701 τοῦ
668 1648 981 1718 τυραννικοῦ
1051 1639 1377 1717 ὲκκρὲμασθε
1449 1642 1731 1716 νεύματος.
1809 1639 1885 1698 Τὰ
1950 1636 1978 1694 δ

2088 1655 2286 1707 autem
2322 1644 2555 1717 attinet,
2592 1643 2885 1706 videtisne
2922 1636 3430 1726 quemadmodum
3462 1646 3738 1711 Christus

351 1729 479 1801 ἐμὰ,
535 1733 691 1807 ὁρᾶτε
768 1731 842 1795 ὡς
912 1732 1241 1810 ὶπικουφίζιι
1316 1745 1447 1804 μοῖς
1524 1730 1708 1794 πόνοις
1776 1728 1804 1784 ὃ
1874 1727 1982 1803 ipe

2091 1751 2258 1794 meos
2313 1730 2556 1795 labores
2605 1732 2849 1807 allevet,
2895 1741 2955 1795 et
3004 1751 3075 1796 ex
3124 1742 3331 1796 sancto
3391 1732 3734 1798 habitacula

351 1822 600 1898 Χριστὸς,
661 1821 748 1876 καί
802 1841 898 1895 μοι
960 1820 1211 1896 βοήθειαν
1280 1820 1334 1884 εξ
1381 1820 1535 1896 ἁγίου
1590 1817 1982 1894 κατοικητηρίοι

2087 1822 2318 1886 emittat
2369 1821 2686 1903 auxilium,
2714 1830 2776 1883 et
2824 1821 3040 1886 incitet
3069 1822 3146 1884 ad
3195 1822 3458 1898 labores,
3490 1831 3551 1886 et
3595 1824 3731 1885 ani-

349 1907 640 1981 ἑγπᾶμπει,
686 1909 781 1964 καὶ
844 1910 975 1985 πρὸς
1034 1908 1158 1972 τοὺς
1212 1907 1402 1973 ἆθλους
1449 1908 1662 1987 ἀγείρει,
1722 1908 1809 1964 καὶ
1869 1908 1997 1983 πρὸς

346 1997 469 2062 τοὺς
520 1997 732 2075 ἀγῶνας
780 1995 1148 2075 ἔπιθαῤῥύνεις
1204 1998 1279 2056 Τὰ
1329 1998 1430 2071 μὲν
1487 1996 1554 2067 δὴ
1594 2008 1687 2056 τοῦ
1730 1997 1997 2075 μάρτυρος

345 2088 478 2165 πρὸς
520 2091 639 2153 τοὺς
666 2087 888 2161 δημίοῦς
920 2093 1165 2148 τοιαῦτα.

427 2174 757 2234 18¹Ἀ>λ⁸
855 2176 867 2192 '
998 2174 1162 2207 ἠ’
1313 2175 1354 2197 ’δ’
1499 2184 1522 2195 ο
1667 2175 1680 2194 ν
1864 2175 1956 2209 ἰ

520 2224 533 2239 ,
691 2225 697 2231 .
737 2198 771 2232 α
803 2198 914 2250 μην
961 2198 1081 2235 Ουοι
1114 2199 1177 2233 τα
1214 2197 1388 2233 καιοια
1439 2198 1527 2236 του
1559 2197 1806 2249 τυραννοτ
1853 2200 1995 2250 τιμι-

345 2262 453 2322 λειο
499 2264 622 2322 ἀλλ’
652 2265 707 2322 ἑν
760 2265 871 2337 ὅσῳ
903 2268 989 2322 καὶ
1033 2271 1196 2321 ταῦτα
1252 2266 1495 2344 μετέωρα
1543 2265 1672 2344 εἶχε
1702 2265 1761 2321 τὸ
1822 2265 1997 2339 ξύλον,

341 2361 448 2411 τῶν
504 2354 902 2433 καταρρεόντων
945 2355 1043 2429 μὲν
1088 2364 1179 2415 τοῦ
1240 2354 1489 2431 σώματος
1543 2354 1722 2428 μελῶν
1780 2352 1995 2430 ἀμελῶς

346 2445 476 2524 εἶχε
522 2445 606 2500 καὶ
639 2444 906 2519 ῥᾳθύμως·
945 2450 1088 2501 πᾶσα
1132 2442 1188 2500 δὲ
1218 2444 1417 2500 τούτων
1449 2445 1523 2508 εἷς
1561 2444 1651 2500 τὸν
1681 2440 1995 2501 διδὶσκαλον

344 2533 638 2611 ἐτέτραπτο
692 2535 727 2601 ἡ
756 2534 938 2612 ψυχί,
973 2532 1068 2589 καί
1111 2533 1242 2611 ὺπίρ
1271 2533 1473 2591 ἒκείνου
1513 2538 1691 2595 κακῶς
1725 2531 1865 2591 οὕτω
1907 2531 1997 2588 τον

345 2624 599 2698 τύραννον
668 2621 872 2699 ἔλεγονο
949 2624 1058 2680 Οὔκ
1126 2621 1271 2698 αἰδῇ,
1346 2621 1516 2695 ἄθλιε,
1590 2623 1663 2686 εἰς
1739 2622 1992 2687 τοιαύτην

2086 1931 2248 1975 mum
2299 1912 2481 1974 addat
2510 1910 2582 1973 ad
2640 1911 3027 1974 certamina?
3076 1915 3273 1993 Atque
3302 1914 3430 1976 haec
3478 1912 3727 1991 quidem

2081 2002 2322 2065 dicebat
2352 2014 2600 2065 sanctus
2631 2000 3045 2065 carniﬁcibus.

2162 2180 2292 2245 ΧΠ.
2321 2180 2474 2253 Quin
2503 2180 2683 2243 etiam
2717 2198 2828 2244 nec
2853 2181 3022 2261 pueri
3055 2181 3297 2262 quidem
3334 2181 3559 2246 redditi
3589 2184 3728 2248 fue-

2082 2279 2216 2332 rant
2245 2269 2583 2332 imbecilles
2618 2288 2632 2334 :
2671 2269 2780 2332 sed
2813 2269 2954 2332 dum
2986 2269 3030 2331 ii
3077 2270 3425 2351 pendebant
3454 2271 3517 2333 in
3566 2271 3729 2353 ligno

2080 2358 2394 2435 sublimes,
2428 2360 2677 2422 ﬂuentia
2699 2358 2945 2437 quidem
3004 2359 3274 2421 membra
3300 2366 3572 2440 corporis
3609 2380 3730 2424 non

2080 2448 2374 2511 curabant
2408 2467 2423 2511 :
2456 2450 2544 2511 eis
2564 2456 2764 2511 autem
2797 2456 2958 2510 totus
2984 2448 3222 2510 animus
3252 2466 3579 2513 conversus
3603 2458 3732 2513 erat

2079 2537 2152 2602 ad
2191 2540 2565 2618 magistrum,
2602 2546 2661 2599 et
2688 2555 2798 2618 pro
2846 2537 2947 2598 illo
2976 2537 3064 2600 sic
3094 2537 3434 2600 maledictis
3462 2539 3725 2602 insecta-

2077 2627 2294 2691 bantur
2351 2639 2663 2709 tyrannum
2697 2648 2712 2689 :
2748 2629 2882 2692 Non
2915 2635 2973 2689 te
3031 2628 3239 2708 pudet,
3273 2647 3308 2689 ο
3342 2629 3572 2710 infelix,
3603 2639 3722 2693 tam

347 2710 517 2799 οὕτως
574 2712 756 2785 τιμίαν
804 2710 1041 2791 κεφαλὴν
1099 2710 1433 2788 ὶνυὸρίζων;
1489 2711 1597 2770 Dim
1630 2709 1982 2790 ἐγκαλύπτγις

2074 2719 2483 2780 venerandum
2513 2724 2691 2799 caput
2713 2724 2873 2779 tanta
2895 2716 3134 2779 allicere
3164 2709 3563 2781 contumelia?
3587 2721 3722 2784 Non

339 2801 412 2859 Οὔ
441 2797 640 2874 δέδιας,
675 2801 898 2863 σκότους
929 2802 1088 2863 αύτὸς
1120 2799 1302 2863 δοῦλος
1331 2800 1433 2881 ὢν,
1464 2803 1655 2876 κήρυκι
1695 2802 1867 2880 φωτὸς
1900 2801 1982 2856 καί

2071 2806 2409 2880 erubescis,
2444 2797 2700 2871 cuiuisis
2750 2808 2880 2887 ipso
2912 2805 3073 2868 ﬁlius
3121 2805 3532 2883 tenebrarum,
3566 2808 3719 2873 lucis

332 2888 574 2967 ὑπηρέτῃ
619 2888 972 2968 προσϐάλλων
1000 2938 1018 2962 ,
1079 2891 1188 2948 Οὐκ
1219 2892 1451 2971 αἰσχύνῃ
1498 2888 1697 2947 παίδων
1741 2890 1982 2968 παίγνιον

2072 2916 2409 2976 praeconem
2445 2906 2504 2959 et
2538 2897 2885 2959 ministrum
2915 2895 3003 2958 sic
3035 2903 3292 2959 tractare
3320 2896 3352 2956 Ἰ
3396 2896 3573 2959 Nullo
3605 2918 3718 2980 pu-

330 2979 434 3035 ὓπὸ
496 2993 619 3044 ταῖς
649 2992 859 3043 κοιναῖς
918 2978 1075 3055 ὄψεσι
1121 2980 1338 3043 ταύταις
1370 2978 1649 3057 γινόμενος
1686 2998 1702 3054 ς
1761 2979 1834 3035 Σὺ
1882 2980 1982 3053 μὲν

2071 2986 2213 3048 dore
2238 2986 2633 3055 sutl‘underis,
2670 2986 2832 3067 quod
2863 3003 3066 3048 coram
3130 2984 3409 3048 omnibus
3440 2978 3717 3051 habearis

330 3069 430 3145 γὰρ
489 3068 747 3145 ταράττῃ,
810 3070 900 3125 καὶ
958 3068 1233 3142 μέμηνας,
1281 3071 1369 3126 καὶ
1439 3066 1654 3144 διακαίη
1696 3069 1761 3125 τὰ
1832 3067 1980 3126 ἔνδον

2071 3074 2271 3155 pueris
2301 3076 2562 3138 ludibrio
2595 3081 2622 3138 ?
2654 3066 2804 3140 Nam
2840 3083 2899 3137 tu
2930 3074 3174 3156 quidem
3228 3073 3630 3152 conturbaris,
3655 3085 3718 3140 et

328 3170 444 3220 τοῖς
506 3166 599 3217 τοῦ
626 3160 793 3232 θυμοῦ
826 3156 1155 3236 φλεγόμενος
1189 3156 1448 3236 ἄνθραξιν·
1507 3160 1669 3232 ἡμεῖς
1702 3155 1756 3214 δὲ
1797 3157 1979 3236 ὥσπερ

2071 3163 2239 3240 luris,
2270 3174 2328 3226 et
2386 3165 2545 3226 intus
2576 3164 2771 3226 ureris
2824 3166 2932 3225 ira:
2956 3155 3247 3226 incensus
3296 3163 3661 3228 carbonibus
3694 3184 3709 3230 :

328 3244 538 3303 ἄνθεσιν
598 3245 836 3324 ἐαρινο·’ς
891 3262 1008 3312 το”ς
1067 3249 1170 3302 τῶν
1232 3253 1340 3303 σῶν
1400 3255 1670 3326 τιμωριῶν
1722 3268 1973 3325 στιγμασι

2071 3273 2174 3316 nos
2215 3265 2442 3327 autem,
2483 3262 2768 3332 tauquam
2820 3253 3027 3316 vernis
3068 3252 3343 3330 ﬂoribus,
3372 3254 3710 3336 supplicio-

324 3333 806 3411 διαποικιλλόμεθα
818 3384 832 3399 ,

408 3424 521 3487 ll".
585 3426 945 3504 Νουμεριανὶς
1004 3426 1176 3482 τοίνυν
1235 3428 1440 3483 ἒκόϊθιν
1502 3426 1632 3485 αὖτᾶ
1690 3427 1826 3501 μετὰ
1881 3437 1975 3486 τοι)

322 3512 644 3573 διδαακάλου
698 3515 1045 3593 καταγαγὼν,
1081 3516 1172 3572 τὸν
1223 3518 1329 3589 μὰν
1388 3517 1545 3573 αὑτοῦ
1589 3537 1689 3572 που
1741 3514 1973 3583 πλησίον

325 3605 430 3661 ὑπὸ
475 3618 593 3667 τοῖς
628 3602 871 3683 σιδηροῖς
918 3603 1247 3669 ὶκείνοιςέτι
1297 3603 1518 3679 δεσμοῖς
1549 3604 1690 3682 παρά
1728 3605 1833 3660 ’τίνι
1864 3627 1968 3661 κα-

317 3692 518 3751 ταλιίει
592 3694 821 3768 οίκῖσκῳ
854 3710 868 3725 ⁸
958 3695 1438 3771 παροστησάμενος
1521 3692 1573 3749 δὲ
1651 3695 1717 3750 τὰ
1786 3691 1968 3751 παιδία

319 3784 466 3861 (ῥᾷον
513 3784 615 3862 γὰρ
672 3785 804 3840 αὖτὰ
872 3781 958 3840 διὰ
1015 3785 1077 3840 τὸ
1131 3782 1339 3840 ἀπαλον
1396 3788 1496 3850 τῆς
1554 3782 1761 3861 φύσεως
1820 3782 1967 3839 ἑλεῖν

313 3872 506 3953 ᾤετο),
553 3872 808 3936 ποικίλως
853 3874 1118 3931 ἰθώπευεν
1179 3874 1310 3932 «erat
1352 3873 1441 3930 καὶ
1482 3872 1752 3952 ὑπέρχετο
1808 3872 1966 3930 τέκνα

314 3961 495 4020 καλῶν
526 4009 543 4036 ,
597 3964 685 4020 καὶ
756 3960 913 4031 ἤθους
988 3963 1231 4040 γενναίου
1293 3959 1490 4027 παῖδας
1526 4009 1541 4034 ,
1616 3963 1704 4018 καὶ
1759 3963 1966 4042 φύσεως

317 4052 540 4128 ἀρίστης
615 4052 797 4132 ψυχὰς
836 4099 853 4127 ,
910 4054 998 4108 καὶ
1071 4054 1332 4131 χρήματα
1402 4050 1573 4115 διδοὺς
1646 4053 1736 4107 καὶ
1804 4053 1961 4127 τιμὰς

312 4142 766 4221 ὑπισχνούμενος,
831 4141 925 4198 καί
985 4140 1214 4206 πολλοῖς
1279 4154 1555 4221 τρυφεροῖς
1627 4143 1758 4218 πρὸς
1832 4143 1963 4200 αύτὰ

316 4232 409 4289 καὶ
439 4230 757 4293 κολακικοῖς
791 4244 909 4294 τοῖς
937 4229 1137 4306 ῥήμασι
1171 4232 1478 4311 ⁸(ρώμενος,
1532 4232 1607 4289 Τὰ
1637 4228 1716 4303 δὲ,
1748 4232 1821 4294 ὡς
1875 4231 1963 4309 ὕφ’

317 4319 399 4377 ἑνί
457 4319 705 4398 λογισμῶ
748 4322 836 4376 καὶ
890 4319 1108 4398 γλιζτττ,
1168 4328 1294 4397 μιᾷ,
1349 4320 1530 4399 Δάλιε,
1587 4319 1824 4398 λέγουσι,
1874 4323 1963 4379 καὶ

314 4416 606 4489 πανοῦργε,
650 4410 700 4465 τί
742 4407 926 4486 δέλεαρ
984 4412 1122 4484 ἡμῖν
1168 4419 1331 4468 ταῦτα
1390 4409 1707 4488 προτείνειε,
1754 4409 1956 4468 συλλα-

313 4496 433 4556 ϐεῖν
483 4500 577 4557 οἶα
609 4498 851 4577 στρουθία
883 4498 949 4575 τῇ
992 4499 1172 4577 παγίδι
1208 4499 1532 4576 βουλόμενος
1567 4518 1584 4575 ;
1620 4502 1725 4558 Οὔκ
1783 4499 1953 4578 ἀρνη-

313 4588 516 4663 σόμεθα
574 4610 658 4661 σε,
716 4594 888 4667 μῗηερ
934 4587 1302 4670 Εύσέϐεια,οξ›
1359 4589 1662 4666 ψευσόμεθα
1721 4610 1803 4664 σε,
1837 4590 1953 4669 φίλε

310 4675 564 4734 παιδευτὰ
628 4674 863 4734 Βαϐύλα.
925 4679 1042 4757 Οὖχ
1078 4680 1285 4756 αἱρήσει
1342 4678 1589 4756 βασιλεὺς
1632 4680 1775 4752 ἡμᾶς
1834 4678 1952 4739 οὖδὲ

302 4771 417 4837 εἷς,
476 4765 575 4822 κᾶν
645 4768 689 4822 εί
761 4769 847 4824 καὶ
916 4768 1102 4825 πολλὼ
1175 4775 1532 4847 Νουμεριανοῦ
1605 4765 1952 4847 σφοδρότερον

301 4856 543 4912 πνεύαειε
557 4903 569 4916 .

387 5032 504 5095 lA'.
542 5041 717 5093 Ταῦτα
747 5042 850 5092 τῶν
887 5035 1089 5093 παίδων
1130 5038 1365 5116 ἰσχυρῶς
1403 5040 1531 5114 πρὸς
1581 5040 1670 5097 τὸν
1700 5040 1951 5119 τύραννον

299 5122 734 5199 διατεινομένων,
768 5127 855 5182 καὶ
898 5126 1039 5203 μέγα
1089 5126 1366 5202 βοώντων,
1416 5127 1443 5183 ὃ
1499 5142 1718 5205 γενναῖς
1778 5126 1949 5186 Βαϐύ-

303 5211 401 5273 λας
449 5215 535 5268 καὶ
591 5213 757 5277 ὄντως
816 5213 1030 5271 ἐκείνων
1090 5213 1427 5287 διδάαιιαλος,
1488 5217 1715 5284 πλησίον
1771 5218 1827 5273 ἐν
1869 5222 1946 5292 τῷ

2060 3363 2193 3407 rum
2230 3344 2530 3406 variamur
2560 3341 2959 3423 stigmatibus.

2138 3433 2301 3498 XIII.
2340 3433 2748 3497 Numerianus
2765 3442 2966 3496 autem
2988 3452 3123 3497 cum
3150 3452 3252 3497 eos
3273 3451 3392 3495 una
3413 3452 3547 3497 cum
3580 3452 3709 3497 ma-

2055 3525 2248 3605 gistrp
2282 3524 2449 3585 illinc
2473 3522 3131 3603 deduxisset,Babylam
3155 3524 3396 3603 quidem
3430 3543 3617 3607 prope
3642 3544 3708 3590 se

2053 3612 2270 3675 ferreis
2303 3613 2421 3674 illis
2453 3612 2720 3674 vinclum
2748 3613 3021 3686 vinculis,
3059 3612 3315 3674 includit
3345 3612 3405 3673 in
3451 3614 3705 3694 quadam

2054 3702 2604 3764 domuncula.Cum
2628 3718 2851 3782 pueros
2866 3709 3068 3763 autem
3094 3701 3167 3763 ad
3199 3720 3264 3764 se
3294 3712 3564 3766 curasset
3591 3705 3703 3767 ad-

2053 3789 2656 3870 ducendos(putabat
2683 3788 2847 3851 enim
2879 3807 2945 3851 se
2967 3789 3206 3853 facilius
3222 3808 3325 3852 eos
3351 3809 3485 3853 esse
3515 3810 3701 3872 supe-

2049 3887 2315 3942 raturum
2344 3886 2591 3960 propter
2618 3878 2811 3942 aetatis
2841 3878 3337 3959 teneritudinem)
3359 3880 3612 3942 includit
3638 3882 3699 3944 in

2046 3970 2164 4032 alia
2186 3969 2554 4032 donuncula:
2590 3976 2651 4032 et
2671 3968 2835 4031 varie
2857 3969 2944 4031 eis
2974 3968 3416 4043 asseutabatur,
3443 3977 3501 4029 et
3521 3968 3697 4031 blan-

2049 4058 2353 4132 diebatur,
2381 4068 2436 4120 et
2469 4077 2534 4120 se
2566 4058 2656 4120 eis
2684 4056 3052 4131 iusiuuabat,
3075 4074 3179 4118 eos
3207 4074 3424 4118 vocans
3453 4055 3701 4132 ﬁlios,et

2049 4149 2307 4228 egregiae
2339 4148 2560 4210 indolis
2591 4165 2810 4228 pueros
2835 4156 2893 4209 et
2920 4147 3193 4227 praeclari
3224 4144 3476 4224 ingenii,
3510 4145 3696 4210 dans-

2046 4257 2164 4319 que
2197 4239 2288 4301 eis
2320 4238 2604 4319 pecunias
2633 4245 2691 4299 et
2738 4237 3003 4300 honores
3034 4236 3350 4317 pollicens,
3376 4236 3696 4319 multisque

2043 4326 2283 4391 blandis
2318 4338 2378 4390 et
2409 4325 2691 4389 dulcibus
2719 4326 2921 4388 verbis
2952 4324 3108 4408 apud
3146 4343 3249 4387 eos
3279 4325 3573 4389 utensllli
3595 4345 3694 4389 au-

2043 4428 2187 4495 tem,
2223 4418 2402 4481 veluti
2428 4437 2545 4479 una
2571 4426 2774 4479 mente
2803 4428 2861 4479 et
2891 4435 3010 4479 uno
3035 4433 3162 4479 ore:
3188 4416 3429 4491 Dolose,
3454 4416 3685 4494 dicunt,

2043 4519 2104 4570 et
2129 4508 2611 4587 malitiose,quod
2638 4507 2765 4569 haec
2789 4506 3276 4587 nobis,tanquam
3311 4523 3513 4567 escam
3545 4525 3688 4587 por-

2038 4598 2207 4678 rigis,
2238 4598 2449 4660 volens
2482 4616 2612 4671 nos,
2650 4605 2934 4677 tanquam
2970 4614 3244 4677 passeres
3272 4595 3503 4677 laquaao
3531 4616 3691 4661 com-

2038 4687 2443 4769 prehendere.
2468 4687 2602 4749 Non
2636 4695 2693 4747 te
2725 4684 3106 4764 negabimus,
3144 4694 3336 4747 mater
3366 4685 3557 4765 pietas
3577 4688 3684 4766 (6),

2034 4776 2166 4840 Non
2201 4786 2257 4838 te
2287 4777 2587 4851 fallemus,
2612 4776 2795 4838 chare
2822 4775 3038 4837 doctor
3068 4773 3308 4853 Babyla.
3346 4775 3559 4839 Nullus
3580 4796 3688 4840 nos

2034 4868 2233 4946 capiet
2284 4866 2641 4947 imperator,
2699 4865 2934 4929 etiamsi
2995 4863 3363 4928 Numeriano
3421 4865 3684 4929 furorem

2033 4954 2751 5037 apiraritvehementius.

2093 5035 2392 5100 XIV.Haac
2413 5037 2570 5117 apud
2598 5045 2909 5116 tyrannum
2940 5035 3138 5117 pueris
3159 5036 3687 5108 afﬁrmantibus,et

2036 5144 2248 5206 magna
2274 5145 2417 5188 voce
2440 5124 3154 5204 clamantibus,egregius
3183 5123 3518 5204 Babylas,et
3545 5143 3683 5188 vere

2033 5216 2271 5278 illorum
2301 5216 2609 5296 magister,
2635 5215 2739 5296 qui
2760 5222 2890 5277 erat
2910 5214 3180 5277 inclusus
3201 5215 3259 5276 in
3286 5214 3677 5291 domuncula,

301 5303 521 5376 οἷκίακῳ
580 5302 1084 5380 συγκεκλαιαμένος,
1120 5306 1206 5361 καὶ
1240 5305 1426 5361 τούτου
1471 5305 1678 5363 ἆγούων
1738 5308 1943 5382 μεστὴν

2071 5314 2088 5366 t
2142 5325 2247 5367 eos
2279 5305 2585 5380 audiebat,
2620 5313 2866 5387 propter
2894 5304 3021 5366 hanc
3079 5303 3192 5366 fuit
3224 5322 3438 5381 magna
3486 5304 3682 5386 reple-

299 5392 463 5471 εἶχεν
522 5390 715 5460 ἡδονῆς
774 5395 871 5460 τὴν
916 5396 1102 5473 ψυχὴν
1153 5410 1271 5458 τοῖς
1331 5402 1578 5471 παροῦσι,
1624 5398 1712 5452 καὶ
1767 5397 1938 5454 ονῦκέτι

2071 5414 2121 5457 ιε
2152 5394 2358 5456 laetitia
2391 5415 2405 5476 ;
2442 5413 2640 5476 neque
2671 5401 2798 5457 erat
2819 5393 3079 5475 amplius
3100 5393 3176 5455 de
3202 5393 3399 5456 futuro
3432 5393 3676 5469 dubius,

294 5478 385 5536 ἔπ’
445 5479 727 5560 ἀμφιϐόλῳ
773 5485 846 5557 τῷ
905 5482 1157 5559 μέλλοντι
1197 5486 1285 5557 ἦν,
1322 5482 1482 5561 ἀλλὰ,
1519 5485 1674 5564 Εὖγε,
1708 5489 1751 5537 ὠ
1798 5486 1935 5563 φίλοι

2071 5483 2152 5548 ad:
2177 5483 2365 5563 Euge,
2389 5484 2693 5560 dicebat,o
2722 5482 2887 5546 chari
2913 5483 3101 5566 pueri!
3132 5500 3304 5567 euge,
3323 5502 3458 5547 mea
3489 5483 3673 5548 disci-

376 5640 462 5719 (6)
491 5639 695 5703 Graece
727 5650 898 5724 μῆτερ
934 5642 1206 5706 Εὑσέϐεια.
1247 5642 1340 5706 An
1375 5640 1489 5706 hoc
1523 5645 1727 5707 matris
1762 5645 1956 5727 potius

2071 5664 2210 5708 men
2244 5662 2417 5728 quam
2452 5641 2809 5707 Theodula?
