4098 6202
388 363 505 432 979
527 367 530 375 ’

1682 362 1966 431 MENSIS
2002 366 2460 432 JANUARIUS.

3642 358 3765 429 980

392 502 577 585 plina!
605 501 835 585 accipio
868 494 1207 564 mercedem
1238 514 1389 560 mea:
1414 495 2039 581 educationis,colligo

2154 500 2338 573 παῖδες,
2400 499 2606 579 ἔλεγεν,
2668 502 2813 576 εὖγε,
2871 498 2918 555 ὦ
2974 494 3192 553 παιδεία
3249 497 3381 571 ὁμή⁸
3444 496 3641 579 ἀπέχω
3696 500 3764 555 τὰ

395 594 660 675 majores
690 594 919 655 fructus
948 589 1248 651 laborum.
1271 591 1401 667 Ago
1433 587 1543 649 tibi
1575 589 1818 667 gratias,
1844 590 2044 652 divina

2157 605 2370 671 ροφετα,
2423 591 2668 665 μείζονας
2727 592 2831 644 τῶν
2899 588 3073 644 πόνων
3131 586 3390 662 δρέπομαι
3449 590 3570 651 τοὺς
3627 610 3766 661 καρ-

394 684 456 746 ίη
490 702 599 745 nos
646 680 1041 762 providentia,
1075 677 1230 759 quod
1281 695 1377 738 me
1404 676 1652 756 dignum
1702 682 2041 756 censueris,

2154 682 2280 744 τούς.
2346 683 2663 759 ῐίὒχαριστῶ
2707 700 2809 740 σοι,
2844 679 2955 734 θεία
3000 678 3106 732 τῶν
3164 678 3283 742 περὶ
3326 679 3467 753 ἡμᾶς
3514 679 3764 754 Πρόνοια,

392 773 496 852 qui
526 787 774 833 vocarer
805 768 1088 847 magister
1116 765 1347 845 talium,
1383 785 1502 828 non
1552 786 1905 847 puerorum,
1939 770 2042 831 sed

2154 771 2209 826 ἔτι
2265 771 2519 826 τοιούτων
2579 790 2645 843 με
2714 766 2979 834 κληθῆναι
3051 765 3363 822 διδάσκαλον
3436 768 3773 832 κατηξίωσας

391 861 635 923 fortium
692 859 890 940 potius
940 858 1260 935 virorum;
1310 874 1431 918 non
1483 864 1657 919 astate
1704 857 2043 933 infantium,

393 949 499 1011 sed
534 950 753 1012 virtute
785 948 1216 1029 perfectorum.

474 1038 859 1102 XVJnterim
895 1046 1093 1100 autem
1128 1055 1263 1099 eum
1296 1055 1537 1118 quoque
1568 1037 1696 1099 sisti
1727 1047 1898 1100 curat
1925 1037 2046 1100 Nu-

397 1127 1037 1192 merianus:et:Nonne
1065 1135 1208 1190 sunt
1228 1127 1663 1207 tui,inquit,isti
1686 1126 2048 1207 pueri?nam,

397 1237 508 1301 per
554 1220 782 1293 Jovem,
821 1225 961 1279 sunt
1013 1216 1110 1278 isti
1160 1217 1267 1278 tibi
1323 1216 1625 1278 sententia
1653 1217 1838 1279 animi
1880 1215 2050 1279 valde

397 1308 656 1371 similes.
680 1308 788 1373 llle
815 1315 1013 1369 autem
1051 1324 1066 1369 :
1103 1305 1353 1387 Spiritu,
1390 1307 1603 1386 inquit,
1628 1326 1662 1369 ο
1695 1308 2046 1387 imperator,

399 1407 542 1461 sunt
571 1399 702 1474 ﬁlii,
731 1416 852 1460 non
877 1415 1083 1478 carne;
1105 1396 1386 1479 corporei
1418 1396 1576 1457 enim
1609 1398 1833 1459 amoris
1863 1408 1921 1457 et
1950 1414 2053 1457 cu-

398 1487 541 1551 bilis
570 1506 814 1550 sensum
868 1486 939 1548 ad
975 1487 1087 1548 hoc
1133 1504 1322 1568 usque
1355 1493 1592 1567 tempus
1620 1505 1741 1547 non
1780 1483 2050 1567 percepi.

401 1576 520 1641 Sed
544 1595 652 1641 cur
674 1596 816 1652 non,
846 1576 1044 1657 inquit
1073 1575 1507 1648 Numerianus,
1534 1574 1651 1635 cito
1679 1575 2049 1653 sacriﬁcans,

400 1677 463 1731 et
493 1675 552 1731 te
582 1676 643 1731 et
675 1685 786 1729 nos
815 1666 1091 1728 liberasa
1123 1663 1441 1726 molestiis?
1461 1664 1566 1726 Sin
1598 1672 1800 1728 autem
1832 1683 1948 1725 non
1976 1664 2054 1723 si-

403 1765 554 1820 nunt
574 1774 662 1819 eaa
682 1773 820 1834 qua;
843 1763 1288 1834 praecesserunt
1310 1753 1620 1827 molestiae,
1646 1753 1749 1815 sed
1780 1752 2055 1814 mordent

2130 863 2190 917 οὒ
2232 858 2457 932 παίδων,
2512 857 2632 913 ἀλλ’
2691 857 2972 934 ἀριστέων,
3006 860 3067 914 ού
3124 856 3327 922 νηπίων
3384 859 3482 925 τὴν
3535 857 3775 934 ἠλικίαν,

2131 948 2271 1006 ἀλλὰ
2314 947 2529 1005 τελείων
2560 948 2658 1013 τὴν
2687 946 2903 1022 ἀρετήν,

2219 1038 2332 1098 1Ε¹.
2397 1040 2495 1097 Καὶ
2543 1036 2738 1111 μεταξὺ
2797 1036 3083 1113 παρίστησι
3122 1035 3210 1091 καὶ
3258 1038 3415 1092 αὐτὸν
3474 1047 3778 1110 Νουμερια-

2135 1133 2247 1202 νὸς,
2283 1122 2561 1207 112,19:
2606 1126 2729 1205 οὒχὶ
2758 1127 2824 1181 σά
2878 1125 2990 1182 ἐστι
3034 1126 3277 1181 ταυτὶτᾶ
3333 1125 3518 1182 παιδία
3558 1144 3574 1199 ς
3620 1126 3775 1205 φησί,

2135 1220 2214 1287 Νὴ
2278 1230 2373 1273 Δια
2404 1233 2488 1294 γε’
2553 1216 2687 1272 πάνυ)
2718 1215 2817 1292 γάρ
2872 1238 2956 1272 σοι
2985 1214 3085 1282 τὴν
3143 1215 3366 1292 γνώμην
3410 1215 3665 1276 ἐοίκασιν.
3713 1217 3779 1272 Ὃ

2133 1308 2211 1381 δὲ,
2264 1314 2349 1380 Τῷ
2407 1306 2691 1379 πνεύματι,
2745 1304 2985 1382 βασιλεῦ,
3038 1304 3159 1382 ἔφη,
3215 1308 3305 1359 καὶ
3353 1305 3412 1359 οὔ
3468 1307 3536 1380 τῇ
3596 1305 3777 1380 σαρκί’

2135 1396 2329 1474 ἔρωτος
2359 1396 2460 1473 γὰρ
2516 1394 2625 1471 ἐγὼ
2653 1393 2961 1467 σωματικοῦ
3016 1394 3089 1456 εἷς
3120 1391 3237 1449 τόδε
3281 1394 3477 1472 χρόνου
3508 1396 3596 1450 καὶ
3653 1396 3776 1450 κοί-

2133 1508 2234 1552 της
2292 1483 2571 1557 ἄγευστος,
2607 1482 2774 1539 Ἀλλὰ
2804 1493 2852 1538 τι
2882 1486 2959 1554 μὴ
2987 1486 3175 1538 θᾶττον
3230 1484 3412 1562 θύσας,
3444 1488 3584 1562 φησι
3632 1493 3776 1541 Νου-

2137 1576 2407 1651 μεριανὸς,
2444 1573 2772 1648 πραγμάτων
2809 1574 2897 1628 καὶ
2928 1573 3119 1629 σαυτὸν
3167 1573 3259 1629 καί
3292 1576 3436 1646 ἡμᾶς
3493 1571 3778 1628 ἀπαλλάτ-

2135 1686 2244 1729 τεις
2281 1681 2297 1740 ;
2333 1664 2390 1721 Εἰ
2431 1661 2485 1718 δὲ
2529 1664 2595 1720 τὰ
2624 1659 2963 1736 προ)αϐόντα
3008 1660 3151 1718 δεινὰ
3177 1662 3274 1721 όῦκ
3303 1666 3384 1735 ἑᾷ,
3420 1661 3559 1717 ἀλλὰ
3601 1661 3779 1718 δάκνει

2136 1756 2224 1810 καὶ
2278 1752 2433 1824 ὁδοιιᾷ
2492 1752 2578 1807 καὶ
2634 1752 2708 1814 εἷς
2773 1751 2922 1806 ἀνίαν
2977 1749 3254 1826 ἐμϐάλλειι
3330 1752 3466 1807 ἂλλᾶ
3520 1751 3781 1825 δυναίμην

402 1865 473 1908 ac
494 1845 849 1909 excruciant
869 1851 926 1906 et
944 1844 1215 1905 dolorem
1240 1842 1588 1904 afferuntmt
1610 1861 1719 1921 ego
1733 1852 1790 1903 te
1808 1859 2051 1922 possum

2154 1842 2204 1898 ἓν
2260 1841 2431 1919 ἔγωγε
2462 1841 2666 1916 μείζοσί
2694 1862 2751 1895 σε
2784 1839 2971 1913 πολλῷ
3013 1844 3101 1897 καὶ
3129 1840 3337 1899 πλείοσι
3380 1856 3497 1904 τοῖς
3526 1862 3778 1922 χρηστο-

402 1934 781 1997 remunerari
808 1934 987 2011 longe
1017 1930 1290 2013 pluribus
1314 1938 1372 1991 et
1406 1932 1738 2010 majoribus
1768 1930 1968 2001 bonis,
2002 1938 2062 1991 et

402 2023 696 2087 inducere
720 2022 794 2085 ad
816 2022 1055 2085 illarum
1085 2020 1727 2086 oblivionem.Deinde
1750 2021 2065 2083 videbatur

407 2114 585 2176 etiam
625 2113 684 2177 ei
733 2112 955 2174 bonum
991 2109 1138 2172 dare
1171 2109 1493 2173 consilium
1528 2110 1602 2171 ad
1631 2129 1701 2173 ea
1731 2130 1863 2189 quae
1892 2117 2066 2173 erant

406 2205 1033 2280 proposita:0porteret
1056 2213 1270 2270 autem.
1298 2204 1556 2273 dicens,o
1580 2206 1877 2275 magister,
1902 2213 2063 2261 tuam

414 2290 691 2354 canitiem
716 2305 1042 2369 suggerere
1060 2305 1386 2368 puerorum
1414 2289 1573 2350 aetati
1595 2288 1653 2350 id
1686 2288 1845 2369 quod
1867 2288 2064 2350 decet.

417 2389 478 2442 et
503 2379 593 2442 eis
614 2380 1007 2461 persuadere,
1033 2397 1109 2439 ne
1130 2376 1282 2439 adeo
1316 2378 1829 2459 intempestive,et
1852 2378 1911 2438 in
1935 2377 2066 2458 ipso

415 2470 567 2533 liora
617 2476 990 2533 marcescant
1044 2466 1499 2530 miserabiliter.
1561 2468 1811 2530 Divinus
1868 2475 2063 2528 autem

421 2557 694 2641 Babylas,
730 2558 942 2622 videns
973 2556 1138 2619 illam
1170 2557 1521 2619 Numeriani
1567 2556 2056 2628 sollicitudinem,

419 2658 481 2713 et
510 2649 572 2710 in
606 2666 673 2710 se
696 2648 894 2730 ipsum
928 2657 986 2710 et
1009 2647 1067 2708 in
1096 2665 1314 2725 pueros
1334 2655 1742 2726 comparatam
1773 2646 2062 2709 callidita-

415 2747 538 2800 tem
574 2756 587 2801 :
621 2738 889 2819 Videris,
923 2735 1144 2819 inquit,
1178 2755 1213 2798 ο
1238 2736 1590 2817 imperator,
1621 2737 1817 2799 valere
1842 2736 2064 2816 jubens

415 2826 732 2898 Barbaros,
759 2845 896 2890 cum
951 2826 1169 2907 quibus
1202 2834 1262 2888 te
1310 2826 1568 2888 maxime
1597 2834 1900 2907 oporteret
1930 2826 2064 2887 bel-

418 2916 540 2978 lum
568 2924 876 2997 gerere,et
904 2914 1170 2977 externis
1193 2915 1357 2977 curis
1379 2915 1667 2991 dimissis,
1692 2916 1753 2976 in
1786 2934 1897 2977 nos
1923 2915 2061 2975 uni-

419 3023 661 3068 versum
686 3004 1058 3068 convertisse
1079 3004 1498 3082 studium;non
1522 3022 1593 3067 eo
1616 3013 1778 3067 tuum
1799 3005 2065 3083 dirigens

419 3104 794 3175 apparatum,
828 3103 893 3154 ut
916 3103 1030 3156 tum
1051 3111 1210 3155 cura;
1233 3093 1309 3154 iis
1340 3093 1687 3175 prosintqui
1723 3102 1823 3154 tuo
1857 3103 2068 3172 parent

417 3183 678 3281 imperio
709 3205 732 3281 ;_
759 3184 865 3246 sed
893 3191 955 3244 ut
983 3190 1277 3281 tprmenta
1311 3183 1634 3281 echgites,
1671 3200 1777 3262 per
1805 3200 1935 3264 qua:
1963 3182 2068 3243 irm
2086 3228 2129 3281 Ο

420 3279 537 3334 tum
566 3271 880 3351 indulgeas
911 3278 971 3332 et
996 3270 1220 3332 feritati
1252 3271 1532 3334 naturali.

502 3357 657 3423 XVI.
694 3358 801 3423 His
832 3367 955 3421 toto
988 3359 1174 3421 corde
1204 3358 1504 3421 ebulliens
1556 3368 1615 3421 et
1642 3361 1925 3422 incensus
1955 3358 2073 3421 Nu-

425 3451 756 3525 merianus,
785 3448 961 3529 jubet
991 3448 1063 3509 ad
1098 3457 1351 3510 mortem
1386 3458 1550 3512 recta
1591 3449 1732 3512 duci
1760 3457 2069 3531 martyres.

420 3539 615 3619 Atque
646 3537 736 3599 illi
789 3538 1030 3619 quidem
1096 3536 1473 3600 ducebantur
1515 3538 1802 3619 laetantes,
1837 3548 1896 3600 et
1951 3540 2074 3600 haec

422 3627 629 3707 lingua
681 3633 935 3689 canebat
964 3645 1099 3689 cum
1142 3625 1357 3704 gaudio
1393 3646 1406 3690 :
1470 3628 1850 3700 Benedictus,
1884 3628 2066 3710 Deus,

420 3718 521 3798 qui
557 3714 696 3778 olim
729 3715 972 3797 quidem
998 3734 1069 3777 ex
1100 3715 1432 3778 infantibus
1465 3725 1523 3778 et
1554 3716 1920 3780 lactentibus
1952 3719 2074 3779 Iau-

420 3805 557 3869 dem
595 3805 902 3886 perfectsti
937 3823 954 3879 ;
1008 3823 1168 3867 nunc
1218 3812 1417 3869 autem
1452 3824 1520 3868 ex
1572 3806 1927 3880 infantibus,
1960 3806 2072 3869 etsi

420 3912 541 3957 non
602 3892 992 3967 lactentibus,
1026 3903 1086 3955 et
1146 3912 1215 3956 ex
1279 3912 1433 3956 cano
1488 3912 1634 3958 sene
1683 3896 2069 3972 sacriﬁcium,

419 3984 771 4065 sanguinem
806 4001 1013 4045 eorum
1050 3984 1297 4064 accipis.
1332 3983 1437 4045 His
1468 4001 1633 4062 ergo,
1661 3993 1722 4046 et
1750 3985 1847 4063 (7)
1877 3984 2076 4046 multis

416 4074 555 4137 aliis
600 4081 996 4135 contexentes
1038 4072 1360 4151 gratiarum
1420 4075 1744 4155 actionem,
1780 4092 2071 4155 pervene-

417 4170 559 4223 runt
616 4162 689 4222 ad
745 4162 943 4223 locum
1004 4162 1295 4242 martyrii.
1349 4161 1420 4224 Et
1477 4181 1610 4225 cum
1657 4173 2075 4226 sacrosanctos

419 4260 560 4313 ante
617 4268 683 4311 se
715 4268 940 4330 pueros
994 4252 1301 4312 statuisset
1341 4252 1410 4313 B.
1470 4252 1739 4333 Babylas,
1774 4251 1909 4313 illos
1951 4270 2073 4315 sua;

422 4339 713 4403 doctrinm
743 4339 1063 4421 pulchrum
1098 4340 1354 4402 fructum
1388 4341 1509 4403 Deo
1541 4341 1776 4403 obtulit.

482 4516 670 4582 XVII.
693 4517 1015 4599 Postquam
1042 4526 1240 4580 autem
1267 4518 1405 4580 illos
1433 4518 1577 4581 vidit
1605 4528 2069 4597 consummatos,

423 4606 657 4670 beatam
689 4586 1087 4670 illam-emisit
1129 4626 1336 4670 vocem
1369 4607 1573 4671 :.Ecce
1603 4628 1733 4689 ego,
1770 4611 1979 4693 inquit,
2017 4586 2142 4672 etD

422 4696 774 4778 pueri,quos
795 4696 964 4758 dedit
995 4696 1143 4759 mihi
1164 4697 1346 4761 Deus.
1382 4699 1567 4760 Porro
1588 4707 1789 4761 autem
1820 4719 1924 4761 eos
1954 4717 2074 4778 quo

419 4787 671 4866 que,qui
693 4784 1230 4863 aderant,rogavit,
1259 4795 1320 4848 ut
1338 4786 1470 4866 ipsa
1492 4786 1665 4867 signa
1678 4790 2074 4849 certaminum

422 4892 556 4936 cum
589 4892 663 4937 eo
706 4874 1063 4955 sepelirent.
1105 4877 1240 4956 Ipsa
1273 4878 1431 4937 enim
1480 4886 1726 4958 propter
1769 4877 2074 4939 Christum

420 4963 657 5026 amabat
679 4973 739 5026 et
763 4964 1265 5045 amplectebatur;
1289 4974 1348 5026 et
1378 4983 1489 5027 nec
1512 4964 1748 5027 volebat
1768 4984 1839 5028 ea
1858 4966 2078 5027 auferri

419 5071 456 5116 a
484 5052 668 5115 surdo
698 5053 865 5115 illius
916 5053 1197 5133 pulvere:
1232 5072 1366 5135 quas
1395 5054 1641 5132 quidem
1674 5054 1920 5135 pulchra
1948 5071 2083 5116 esse

420 5161 489 5204 su
518 5165 550 5199 ιε
569 5143 899 5221 sepultura
917 5149 1294 5215 ornamenta,
1320 5143 1572 5223 pulchre
1606 5153 1868 5205 noverat.
1902 5143 2079 5216 Quae-

422 5250 557 5293 nam
589 5240 707 5292 aut.
733 5250 788 5292 m
822 5249 895 5293 ea
932 5229 1131 5293 erant?
1155 5230 1413 5306 Collare,
1439 5240 1496 5293 et
1520 5232 1698 5294 ferrei
1744 5233 1878 5312 ejus
1910 5251 2078 5294 com-

2151 1935 2314 2010 ιέροις
2373 1932 2697 2005 ἀμείψασθαι,
2746 1932 2835 1986 καὶ
2892 1932 2965 1994 εἰς
3023 1929 3193 2000 λήθην
3253 1933 3466 1987 ἐκείνων
3524 1932 3777 2009 seum,

2147 2026 2283 2079 Εἶτα
2354 2021 2442 2077 καὶ
2484 2017 2780 2093 σύμϐουλος
2838 2018 2981 2092 αύτῷ
3027 2018 3195 2076 ἐδόκει
3267 2023 3505 2099 χρηστὸς
3577 2023 3649 2081 εἰς
3719 2021 3789 2076 τὰ

2147 2110 2472 2188 προκείμενα
2528 2109 2785 2186 γίνεσθαυ
2840 2107 3042 2186 Ἐχρῆν
3098 2108 3153 2163 δὲ
3224 2108 3343 2184 ἄρα,
3395 2109 3588 2186 λέγων,
3633 2108 3787 2165 διδά-

2149 2198 2337 2279 σκαλε,
2372 2199 2467 2266 τὴν
2525 2198 2627 2263 σὴν
2655 2195 2847 2254 πολιὰν
2877 2202 2945 2271 τῇ
2977 2200 3084 2252 τῶν
3139 2195 3336 2254 παίδων
3366 2198 3547 2272 ἡλικίᾳ
3577 2200 3636 2254 τὸ
3669 2197 3786 2254 δέον

2146 2292 2444 2359 ὑποθεῖναι,
2504 2290 2591 2343 καὶ
2663 2300 2848 2342 πεῖσαι
2905 2287 2983 2360 μὴ
3055 2286 3227 2364 ἄωρον
3297 2288 3433 2343 οὕτω
3505 2290 3590 2344 καὶ
3662 2287 3789 2364 παρ’

2148 2379 2312 2446 αὐτὴν
2368 2378 2468 2443 τὴν
2526 2375 2657 2441 ἄνθη
2718 2374 2962 2434 ἐλεεινῶς
3022 2374 3479 2454 ἀπομαρανθῆναι,
3544 2368 3601 2433 Ὀ
3644 2381 3791 2442 θεῖος

2144 2471 2311 2526 τοίνυν
2372 2464 2610 2528 Βαιῗύλας
2657 2465 2718 2520 τὸ
2770 2464 3023 2538 ἐπιμελὲς
3067 2465 3244 2521 ἐκεῖνο
3289 2466 3647 2543 Νουμεριανοῦ
3701 2468 3792 2523 καὶ

2145 2555 2328 2619 δεινῶς
2386 2555 2684 2630 πανοῦργον
2714 2555 2831 2629 περὶ
2887 2554 3043 2610 αὒτὸν
3085 2555 3173 2610 καὶ
3229 2556 3353 2619 τοὺς
3383 2554 3580 2619 παῖδας
3635 2554 3787 2629 ἰδὼν,

2145 2646 2392 2720 Ἔοικας,
2424 2644 2550 2725 ἔφη,
2585 2642 2827 2720 βασιλεῦ,
2860 2643 2923 2698 τὸ
2972 2646 3105 2722 πρὸς
3149 2644 3271 2707 τοὺς
3318 2645 3616 2723 Βαρόἀρους
3652 2647 3789 2724 χαί-

2147 2757 2255 2813 ρειν
2287 2736 2468 2809 ὲάσας,
2506 2738 2592 2797 οἷς
2642 2755 2702 2789 σε
2733 2734 2948 2790 πάντων
2987 2735 3219 2806 μάλιστα
3266 2733 3528 2808 πολεμεῖν
3556 2735 3785 2814 ἐρχρῆν,

2146 2827 2233 2881 καὶ
2278 2823 2416 2887 ὅλως
2454 2830 2559 2879 τῶν
2600 2822 2774 2887 ἕεοθεν
2823 2821 3109 2899 φροντίδων
3153 2822 3439 2901 ἀφέμενος,
3472 2825 3569 2890 τὴν
3612 2846 3790 2881 σπου-

2149 2913 2243 2980 δὴν
2312 2914 2523 2970 ἃπασαν
2593 2911 2674 2990 ὶφ’
2746 2914 2892 2986 ἡμᾶς
2962 2912 3250 2990 τρέψασθαι
3304 2915 3393 2968 καὶ
3457 2913 3556 2981 ττῖν
3610 2935 3792 2992 παρα-

2149 3004 2366 3082 σκευὴν,
2402 3004 2504 3080 ούχ
2559 3000 2703 3064 ὅπως
2734 3001 3021 3079 ὠφελῆσῃς
3055 3023 3104 3058 τι
3165 3003 3223 3058 τὸ
3254 3004 3488 3071 ὂπήκοον
3520 3001 3603 3059 διὰ
3633 3006 3793 3081 μερί-

2149 3115 2290 3168 μνης
2342 3092 2634 3166 τιθέμενος,
2668 3088 2788 3146 ἁλ)’
2816 3090 2954 3147 ὥστε
3002 3090 3245 3168 βασάνων
3277 3090 3461 3148 λαϐεῖν
3521 3093 3791 3172 ἀφορμὰς,

2150 3180 2219 3238 δι’
2276 3183 2349 3237 ὧν
2380 3181 2442 3236 ἃν
2501 3185 2579 3253 τῷ
2633 3184 2781 3255 θυμῷ
2837 3182 3041 3259 χαρίσῃ
3101 3183 3187 3237 καὶ
3240 3188 3309 3257 τῇ
3357 3188 3553 3261 φυσικῇ
3603 3184 3800 3260 ἀγριό-

2153 3293 2274 3340 τητι
2288 3320 2301 3334 ,

2236 3360 2320 3435 ις’
2323 3357 2361 3419 ὀ
2429 3361 2647 3424 Τούτοις
2706 3358 2839 3426 ὅλῆν
2903 3359 3190 3436 ὁπερζέσας
3259 3361 3360 3427 τὴν
3426 3360 3643 3429 καρδίαν
3710 3362 3803 3418 καὶ

2156 3450 2481 3531 ἀναφλεγείς
2555 3449 2937 3527 Νοομεριανὸς,
2996 3447 3212 3526 ἄγεσθαι
3282 3450 3382 3517 τὴν
3438 3450 3524 3507 ἐπὶ
3591 3450 3804 3523 θανάτῳ

2156 3539 2359 3595 κελεύει
2405 3540 2524 3603 τιὺς
2569 3538 2863 3616 μάρτυρας,
2896 3540 2955 3595 Οἱ
3012 3537 3110 3612 μὲν
3138 3536 3203 3605 δὴ
3237 3540 3541 3617 χαέροντες,
3573 3538 3797 3617 ἤγοντο,

2154 3631 2241 3686 καὶ
2280 3631 2310 3697 ἡ
2341 3626 2557 3707 γλῶττα
2607 3625 2880 3701 ὑπέψαλλε
2912 3634 3075 3684 ταῦτα
3131 3629 3222 3683 σὶιν
3253 3626 3441 3705 ἠδονῇ-
3493 3627 3800 3707 Εὐλογητὸς

2154 3722 2230 3793 εἷ,
2265 3721 2293 3774 6
2352 3721 2506 3798 Θεὸς,
2540 3720 2567 3773 6
2624 3715 2788 3774 πάλαι
2818 3716 2919 3791 μὲν
2972 3716 3033 3773 ἐκ
3087 3718 3288 3783 νηπίων
3317 3720 3407 3774 καὶ
3457 3717 3801 3789 θηλαζόντων

2154 3808 2308 3864 αἶνον
2366 3821 2844 3884 καταρτισαμενος’
2879 3811 2966 3860 νῦν
3014 3803 3070 3860 δὲ
3120 3806 3180 3862 ἐκ
3233 3808 3462 3881 νηπίων,
3496 3808 3541 3863 εἰ
3567 3807 3666 3863 καὶ
3718 3808 3797 3882 μὴ

2153 3895 2519 3968 θηλαζόντων,
2552 3896 2642 3952 καὶ
2687 3894 2880 3952 πολιοῦ
2929 3893 3175 3972 γέροντος
3229 3896 3410 3951 θυσίαν
3467 3897 3533 3953 τὰ
3588 3895 3801 3970 αἵματα

2156 3987 2330 4043 αὐτῶν
2399 3984 2856 4063 προσδεχόμενος.
2945 3987 3161 4047 Τούτοις
3233 3984 3322 4042 οὖν
3403 3984 3501 4043 καὶ
3567 3985 3800 4050 πολλοῖς

2155 4075 2340 4139 ἅλλοις
2401 4073 2779 4136 διαπλέκοντες
2810 4076 2911 4140 τὴν
2968 4074 3340 4153 εὐχαριστίαν,
3374 4076 3465 4131 τὸν
3509 4083 3603 4132 τοῦ
3653 4097 3798 4152 μαρτ-

2155 4169 2330 4244 τυρίου
2394 4163 2558 4220 τόπον
2619 4162 2937 4225 κατέλαϐον,
2991 4164 3086 4222 Καὶ
3128 4162 3262 4229 δῆτα
3323 4166 3443 4227 τοὺς
3493 4163 3799 4243 ἱερόπαιδας

2156 4256 2183 4311 6
2241 4255 2501 4330 μακάριος
2576 4251 2817 4316 Βαϐύκας
2862 4255 3055 4310 ἑαυτοῦ
3107 4254 3545 4329 προστησάμενος
3595 4256 3802 4327 καρπὸν

2153 4343 2356 4415 ὥρατον
2419 4343 2610 4407 αὐτοὺς
2668 4343 2764 4410 τῆς
2824 4345 3024 4408 οἰκείας
3068 4341 3405 4405 διδασκαλίας
3465 4345 3801 4422 προσήνεγκε

2154 4441 2231 4507 τῷ
2261 4440 2400 4507 Θεῳ.

2237 4521 2338 4581 ΙΖ’.
2405 4519 2563 4580 Ἐπεὶ
2592 4521 2648 4578 δὲ
2679 4524 2767 4579 καὶ
2825 4521 3202 4588 τελειωθέντας
3234 4521 3374 4594 εἶδε,
3408 4524 3507 4587 τὴν
3539 4522 3804 4598 μακαρίαν

2159 4613 2334 4677 ἐκείνη
2391 4614 2563 4692 ἀφῆκε
2594 4611 2798 4691 ιρωννιίν⁹
2865 4610 2996 4667 Ἰδοὺ
3051 4612 3160 4687 ἐγὼ
3202 4613 3287 4668 καὶ
3320 4613 3382 4667 τὰ
3424 4610 3603 4668 παιδία
3634 4611 3670 4667 ἆ
3712 4632 3805 4685 μοι

2159 4700 2354 4757 ἔδωκεν
2413 4704 2439 4756 6
2471 4703 2624 4763 Θεὸς.
2691 4702 2786 4758 Καὶ
2836 4702 2959 4764 τοὺς
3018 4703 3284 4778 παρόντας
3341 4700 3484 4768 ἠξίου
3513 4702 3644 4758 αὖ»τᾶ
3698 4706 3806 4758 τῶν

2159 4789 2332 4848 ἄθλων
2381 4794 2526 4863 αὒτῷ
2557 4791 2814 4866 συνθάψαι
2876 4791 2937 4846 τὰ
2982 4789 3243 4864 σύμϐολα
3306 4790 3474 4869 ἐφίλει
3514 4791 3614 4866 γὰρ
3674 4790 3807 4847 αὖτᾶ

2159 4879 2244 4937 διὰ
2304 4882 2537 4959 Χριστὸν
2607 4884 2693 4937 καὶ
2748 4880 3039 4956 ἠσπάξετο,
3099 4880 3194 4935 καῖ
3265 4878 3381 4935 οὒδὲ
3453 4880 3547 4945 τῆς
3615 4884 3803 4959 κωφῆς

2161 4970 2360 5026 ἐκείνου
2416 4970 2615 5031 κόνεως
2671 4971 3015 5050 ἀφαιρεθῆναι
3086 4970 3216 5026 αὐτὰ
3278 4968 3485 5040 ἤθελεν,
3521 4970 3552 5026 ἂ
3594 4969 3659 5036 δή
3716 4971 3806 5024 καὶ

2164 5058 2303 5115 καλὰ
2352 5065 2530 5125 καλῶς
2562 5059 2783 5139 ἐνταφια
2830 5057 2972 5139 ᾔδει.
3008 5060 3134 5116 Τίνα
3164 5058 3219 5115 δὲ
3250 5065 3414 5114 ταῦτα
3452 5058 3518 5125 ἦν
3553 5077 3569 5131 ;
3631 5050 3690 5115 Ὀ
3720 5058 3807 5113 ἐπὶ

2164 5155 2237 5221 τῳ
2281 5147 2546 5227 τραχήλῳ
2575 5148 2780 5222 κλοιὸς,
2816 5150 2903 5203 καὶ
2958 5150 2983 5203 6
3014 5149 3133 5211 τοὺς
3166 5146 3330 5209 πόδας
3375 5149 3618 5227 συνέχων
3650 5145 3805 5213 σίδη-

2162 5252 2270 5315 ρος.
2335 5238 2472 5293 Εἶτα
2522 5238 2621 5304 τὴν
2683 5237 2917 5315 κειραλῆν
2974 5239 3059 5292 καὶ
3120 5236 3273 5299 αὐτὸς
3334 5240 3663 5316 ἀφαιρεῖται,
3714 5256 3808 5291 τε-

422 5320 633 5402 pedes.
667 5319 713 5381 D
734 5320 913 5382 eiude
942 5318 997 5382 ei
1026 5338 1266 5400 quoque
1297 5329 1473 5400 caput
1501 5329 1843 5401 amputatur
1864 5330 2064 5401 quarto

2154 5327 2351 5405 τάρτην
2399 5328 2516 5383 τότε
2547 5333 2639 5382 τοῦ
2686 5325 3045 5402 Σεπτεμϐρίου
3097 5328 3269 5401 μηνὸς
3303 5327 3550 5402 ἄγοντος.
3620 5336 3810 5383 Κεῖται

420 5407 522 5470 die
551 5407 953 5490 Septembris.
989 5409 1156 5471 Jacet
1185 5418 1385 5469 autem
1429 5410 1520 5489 (8)
1559 5429 1714 5471 nunc
1746 5429 1982 5492 quoque
2013 5413 2064 5471 in

2156 5414 2209 5470 δὲ
2260 5416 2347 5471 καὶ
2378 5423 2464 5471 νῦν
2522 5415 2577 5470 ὲν
2606 5422 2674 5492 τῇ
2715 5422 2856 5492 σορῷ
2899 5413 3160 5487 Βαϐύλας,
3198 5417 3286 5470 σὺν
3337 5420 3413 5488 τῷ
3469 5436 3810 5493 περιτραχηο

497 5529 572 5601 (7)
630 5527 759 5585 Hac
791 5529 968 5601 verba
1034 5527 1238 5598 psalmi
1281 5544 1319 5601 a
1357 5527 1567 5599 Babyla
1635 5534 1861 5588 cantata
1909 5533 2078 5589 retert
2231 5533 2304 5601 (8)
2364 5531 2503 5589 Cum
2539 5532 2815 5589 nimirum
2850 5533 2981 5589 Acta
3040 5532 3154 5587 haec
3187 5532 3462 5589 Leontius
3493 5530 3812 5598 setibtbat,

430 5598 682 5656 Suidas:
746 5598 1171 5675 canvertere,
1232 5600 1420 5675 anima
1482 5598 1631 5675 mea,
1690 5604 1747 5657 in
1816 5602 2076 5675 requiem
2159 5598 3007 5675 aut'certeSuCnrysostomi
3074 5613 3353 5675 tempore,
3388 5605 3488 5675 qui
3550 5603 3816 5675 o_ratione

424 5682 620 5744 quam.
662 5671 794 5743 quia
830 5668 1110 5731 Dominus
1141 5671 1425 5729 benefacit
1463 5672 1588 5730 tibi.
1624 5691 1645 5724 ι
1896 5668 1915 5675 ’
2162 5677 2330 5732 citata
2373 5674 2442 5731 de
2478 5674 2536 5732 S.
2577 5668 2810 5746 Babylo.
2848 5675 2925 5731 ita
2968 5674 3038 5730 de
3067 5676 3150 5732 eis
3181 5668 3432 5732 s'cribit‘:
3500 5692 3525 5729 ι
3566 5673 3817 5733 Exstant
