4098 6202
489 338 607 405 987

1776 344 2057 409 MENSIS
2095 339 2556 412 JANUARIUS.

491 486 645 557 ceat,
673 486 1031 544 servatorem
1065 476 1322 560 aliquem
1356 484 1414 540 et
1445 479 1637 542 tutiim
1673 481 1778 543 viae
1809 480 2046 551 ducem.
2073 491 2133 545 et

2228 484 2278 541 τὸ
2335 481 2616 550 ξενιτεύειν
2672 480 2945 559 εἱλόμεθα·
2991 480 3131 542 ἆλλᾶ
3187 484 3401 565 σωτῆρᾶ
3455 504 3574 542 τινα
3626 481 3711 539 καὶ
3748 475 3834 537 ὀδ-

492 589 610 632 non
644 579 939 634 errantem
972 570 1043 630 ad
1100 586 1208 629 nos
1240 568 1495 633 mittere.
1531 570 1684 630 sicut
1714 571 1856 632 otim
1889 572 2127 634 Theclaa

2228 574 2347 650 πιγὸν
2410 574 2548 647 ἡμῖν
2620 571 2832 641 ἀπλανῆ
2906 571 3198 641 εὖδόκησον
3269 574 3603 651 ιπιπάμψαι,
3671 569 3836 645 ὥσπερ

492 660 767 722 Paulum:
792 668 851 720 et
873 659 1043 737 cujus
1070 666 1393 736 sequentes
1420 659 1990 739 vestigia,possimus
2018 679 2129 722 nos

493 749 728 809 miserae
784 747 840 808 ei
872 747 1120 826 abjectae
1175 756 1334 806 tuam
1368 746 1520 807 viam
1574 747 1831 826 ingredi.
1868 751 1949 812 Ea
2005 750 2132 812 haec

488 851 720 920 orante,
758 836 849 899 eis
881 836 1185 897 inventum
1221 844 1309 897 est
1368 836 1513 898 illud
1572 835 1767 913 Osem,
1801 858 2020 920 nempe
2054 842 2073 890 ί
2116 861 2129 901 :

490 918 656 988 Sicut
684 925 1035 986 matutinum
1074 933 1310 1005 paratus
1339 925 1518 1001 Deus,
1546 935 1781 988 noctem
1810 918 2140 991 dissolvens

488 1032 691 1076 rerum
743 1014 1103 1077 difficilium.
1167 1016 1449 1079 Protinus
1481 1015 1641 1079 enim
1699 1017 1861 1078 visus
1920 1027 2010 1080 est
2054 1023 2141 1080 eis

495 1102 674 1163 homo
725 1103 992 1185 quidam,
1027 1104 1366 1166 ascendens
1398 1124 1429 1166 e
1462 1114 1657 1186 portu,
1688 1106 1852 1167 canis
1882 1107 2136 1187 capillis,

493 1191 742 1254 formam
778 1211 902 1273 pra:
932 1211 997 1254 se
1029 1193 1230 1255 ferens
1263 1195 1682 1269 monasticam,
1717 1204 1963 1276 aspectu
1997 1215 2143 1277 pras-

492 1282 675 1350 claro.
715 1292 775 1345 et
826 1293 889 1345 ut
921 1283 1142 1345 dixerit
1175 1284 1499 1365 quispiam,
1534 1286 1698 1345 omni
1731 1304 1798 1346 ex
1845 1295 2012 1367 parte
2042 1306 2143 1347 an-

491 1371 742 1451 gelicus.
778 1370 923 1434 Eum
958 1391 1093 1434 cum
1125 1373 1368 1437 vidisset
1398 1374 1559 1453 virgo
1587 1373 1834 1448 Christi,
1868 1383 1927 1437 et
1956 1376 2139 1456 spiri-

492 1460 593 1522 tali
623 1460 840 1538 gaudio
897 1470 985 1523 est
1014 1462 1265 1542 repleta,
1301 1475 1361 1525 et
1392 1482 1638 1525 currens
1683 1465 2001 1542 prehendit
2031 1483 2138 1546 pe-

493 1550 622 1624 des,
683 1550 742 1611 in
798 1568 903 1613 eos
951 1552 1192 1632 quidem
1256 1551 1513 1615 fundens
1571 1553 1879 1633 lacrymas,
1934 1561 2143 1634 petens

489 1647 713 1712 autem,
748 1647 811 1701 ut
840 1658 958 1701 non
991 1659 1092 1702 eas
1124 1642 1485 1721 despiceret,
1516 1642 1621 1703 sed
1663 1642 2143 1705 desiderantibus

490 1728 743 1791 salutem
779 1730 1137 1803 attenderct,
1174 1740 1232 1792 et
1260 1749 1382 1792 non
1439 1731 1862 1793 intermitteret
1893 1732 2139 1808 docere,

2214 663 2420 721 Παῦλον
2479 660 2657 739 Θέκλῃ
2714 664 2777 718 τὸ
2834 663 3113 741 πρότερον,
3147 667 3193 737 ᾧ
3248 662 3720 721 κατακολουθοῦσαι
3758 658 3838 715 καὶ

2215 754 2276 808 οὗ
2330 757 2436 807 τῶν
2467 751 2645 829 ὲχνῶν
2703 752 2984 827 ἑπόμεναι,
3016 752 3223 829 βαδίσαι
3270 754 3370 820 τὴν
3399 753 3481 810 σοὶ
3533 749 3838 831 ὶρὸσιουσαν

2218 840 2576 920 ἀπροσκόπως
2622 842 2674 896 αἱ
2729 841 2973 897 ταπειναὶ
3031 839 3402 917 δυνηθείημεν,
3463 848 3637 900 Ταῦτα
3684 858 3838 917 προσ·-

2221 930 2548 1010 ευχομένης,
2584 930 2768 1009 εὒρέθη
2813 931 3002 995 αὐταῖς
3057 932 3120 987 τὸ
3149 938 3242 988 τοῦ
3301 930 3489 1010 Ὠσηὶ,
3526 921 3620 992 Ὠς
3676 927 3839 1006 ὄρθρος

2222 1018 2443 1093 ἄτοιμος
2494 1022 2521 1075 6
2575 1021 2726 1094 Θεὸς,
2758 1019 2856 1087 τὴν
2914 1020 3076 1076 νύκτα
3135 1025 3238 1076 τῶν
3280 1019 3553 1100 δυσχερῶν
3608 1016 3838 1078 διαλύων.

2226 1109 2385 1174 Εὐθὺς
2457 1110 2555 1187 γὰρ
2598 1106 2874 1185 ἅνθρωπός
2919 1131 2998 1171 τις
3057 1110 3262 1188 ἑωρᾶτο
3319 1116 3413 1168 τοῦ
3469 1107 3685 1182 λιμένος
3738 1104 3841 1181 ἄρτι

2224 1200 2354 1275 πρὸς
2388 1200 2546 1263 αὐτὰς
2596 1199 2779 1277 ἀνιὼν,
2812 1196 2998 1261 πολιὸς
3050 1198 3149 1266 τὴν
3182 1198 3363 1279 τρίχα,
3394 1200 3456 1255 τὸ
3485 1196 3635 1259 εἶδος
3681 1195 3843 1260 ἄσκη-

2225 1288 2422 1360 τικὸςς,
2458 1286 2553 1355 τήν
2598 1286 2721 1362 ὄψιν
2782 1288 3051 1366 λαμπρὸς,
3083 1288 3172 1343 καὶ
3228 1289 3303 1352 ὡς
3360 1286 3424 1344 ἄν
3455 1307 3536 1352 τις
3593 1283 3761 1357 εἴποι,
3790 1282 3842 1339 τὸ

2226 1378 2440 1449 σύμπαν
2472 1375 2786 1454 ἆγγελικός.
2841 1382 3036 1433 Τοῦτον
3091 1379 3125 1445 ἡ
3180 1384 3276 1434 τοῦ
3326 1381 3551 1455 Χριστοῦ
3607 1372 3844 1451 παρθένῦς

2223 1464 2402 1522 ἰδοῦσα
2452 1472 2628 1545 χαρᾶς
2686 1486 2745 1520 τε
2796 1470 3162 1540 πνευματικῆς
3222 1465 3547 1546 ἐπληροῦτο,
3590 1464 3681 1521 καὶ
3731 1460 3848 1539 δρα-

2226 1563 2398 1630 μοῦσα
2452 1556 2556 1612 τῶν
2593 1552 2766 1611 ποδῶν
2819 1555 3037 1635 ε’ίχετο,
3089 1554 3285 1633 δάκρυα
3325 1556 3424 1631 μὲν
3466 1556 3640 1612 αὗτῶν
3691 1571 3844 1609 καταο

2226 1644 2452 1726 χέουσα,
2485 1645 2770 1719 αἰτουμένη
2820 1643 2875 1701 δὲ
2904 1650 2984 1721 μὴ
3014 1643 3257 1722 παριδεῖν
3313 1643 3479 1719 ὅλως,
3510 1641 3651 1700 ἆλλᾶ
3689 1661 3843 1719 προσ-

2224 1751 2389 1815 σχετν
2473 1734 2738 1809 σωτηρίας
2819 1734 3124 1812 ἐφιεμέναις
3158 1782 3174 1814 ,
3268 1736 3356 1792 καὶ
3437 1734 3516 1810 μὴ
3599 1729 3851 1790 διολιτεεῐν

492 1817 844 1895 admonere,
877 1820 939 1881 in
997 1838 1124 1882 eam
1157 1820 1306 1881 viam
1341 1837 1472 1901 quae
1521 1820 1680 1882 ducit
1705 1820 1775 1881 ad
1831 1821 2132 1884 Christum

2228 1823 2559 1898 διδάσκοντα,
2607 1832 2990 1901 παραινοῦντα,
3024 1826 3157 1899 πρὸς
3210 1824 3308 1887 τὴν
3359 1825 3434 1888 είς
3465 1826 3628 1883 Θεδον
3673 1821 3848 1902 φέρου-

492 1908 820 1983 deducere,
879 1917 938 1970 et
989 1918 1050 1971 ut
1099 1908 1285 1971 semel
1337 1908 1556 1985 dicam,
1619 1911 1876 1972 externis
1933 1912 2136 1974 omnia

494 1996 707 2060 efﬁcis.
1250 2042 1251 2045 η

574 2086 672 2148 VI.
708 2085 854 2150 Cum
878 2096 1074 2151 autem
1110 2088 1355 2151 vidisset
1386 2089 1713 2151 monachus
1745 2091 1832 2151 six
1865 2089 2135 2151 affectam

494 2176 883 2255 virginem,et
904 2196 1173 2260 quaenam
1200 2186 1400 2239 essent
1429 2179 1820 2256 interrogavit
1845 2178 2139 2258 protinus,

495 2274 554 2327 et
575 2266 1075 2346 quemadmodum
1099 2268 1187 2329 sic
1206 2278 1477 2331 errarent
1497 2268 1556 2329 in
1575 2268 1788 2329 insula.
1830 2268 2141 2350 Postquam

494 2363 691 2417 autem
714 2356 1003 2419 intellexit
1024 2376 1155 2420 esse
1178 2358 1419 2440 quidem
1445 2376 1546 2420 eas
1562 2376 1783 2435 genere
1815 2359 2138 2433 Romanas,

496 2459 784 2510 externas
834 2467 973 2510 vero
1006 2459 1066 2510 et
1109 2458 1380 2511 errantes
1434 2458 1681 2530 propter
1728 2447 2051 2523 Christum,
2086 2455 2142 2509 et

498 2534 658 2615 quod
692 2538 1022 2614 procedere
1053 2546 1113 2600 et
1151 2538 1343 2601 videri
1372 2538 1445 2600 ab
1476 2537 1774 2618 aliquibus
1805 2555 1879 2600 ex
1913 2536 2009 2608 iis,
2041 2536 2143 2619 qui

498 2624 597 2685 hic
623 2634 848 2699 sunt,et
867 2636 1037 2710 turpe
1053 2637 1235 2703 est,et
1265 2648 1382 2689 non
1405 2636 1496 2691 est
1529 2633 1773 2689 omnino
1799 2627 2140 2701 ferendum,

499 2713 1041 2796 Atqui,inquit,vos
1064 2736 1300 2800 quoque
1327 2719 1458 2780 volo
1490 2718 1701 2779 eadem
1727 2717 1802 2779 de
1829 2735 1922 2777 me
1950 2716 2144 2777 exsis-

501 2803 895 2869 timare.Nam
917 2807 1045 2889 ipse
1075 2827 1314 2889 quoque
1345 2826 1476 2867 sum
1502 2807 1812 2888 hospes,et
1839 2805 2145 2884 hujusloci

499 2894 746 2956 omnino
774 2895 1034 2974 ignarus,
1061 2906 1125 2959 ut
1155 2898 1251 2977 qui
1286 2914 1319 2958 e
1341 2897 1527 2958 sacris
1556 2897 1706 2957 locis
1741 2898 1915 2963 modo
1943 2899 2141 2963 enavi-

500 2983 787 3058 gaverim.
817 2986 1139 3061 Postquam
1168 2986 1326 3045 enim
1361 2985 1484 3047 illic
1508 2985 1588 3045 fui
1611 2986 1796 3063 gratia
1824 2988 2137 3066 prationis,

501 3067 575 3129 ad
597 3088 787 3132 meam
815 3092 972 3134 nunc.
996 3074 1298 3135 descendo
1328 3074 1603 3152 patriam.
1639 3076 1788 3136 Eum
1815 3076 2013 3157 itaque
2044 3078 2139 3138 in-

504 3160 819 3237 terrogavit
846 3160 1042 3235 beata,
1076 3164 1385 3242 cujusnam
1412 3170 1570 3222 esset
1594 3162 1874 3235 civitatis,
1907 3174 1962 3226 et
1992 3184 2141 3246 qua-

502 3262 640 3306 nam
656 3267 791 3309 esse
808 3250 1095 3327 dignitate
1114 3249 1808 3331 prmditusExistimabat
1825 3255 1980 3314 enim
2003 3274 2142 3317 eum

507 3352 641 3397 esse
669 3337 1331 3419 episcopum,quantum
1352 3338 1652 3416 conjicere
1675 3351 1911 3421 poterat
1933 3362 2000 3405 ex
2034 3345 2143 3405 ha-

507 3424 771 3488 bitullle
792 3428 1222 3493 autem.Patria
1246 3427 1892 3508 quidem,inquit,mihi
1924 3442 2013 3494 est
2035 3433 2142 3495 Ca-

504 3514 614 3578 ria:
640 3516 847 3579 civitas
874 3519 1310 3599 vero,Mylassa.
1332 3520 1438 3583 Est
1462 3531 1660 3582 autem
1688 3521 1834 3583 mihi
1860 3523 1990 3585 talis
2020 3541 2149 3584 ves-

504 3604 893 3668 timentorum
919 3608 1184 3688 habitus,
1208 3608 1368 3686 quod
1400 3608 1510 3670 sint
1545 3610 1853 3691 presbyter
1880 3621 1938 3672 et
1971 3631 2147 3691 parvo

504 3694 738 3756 cuidam
771 3698 939 3775 gregi
973 3700 1233 3778 praesim,
1267 3699 1487 3778 magni,
1518 3699 1786 3779 inquam,
1820 3720 1887 3762 ex
1927 3701 2144 3764 Christi

504 3781 818 3866 discipulis
845 3788 1125 3859 Andreae,
1166 3806 1387 3849 nomen
1438 3797 1632 3850 autem
1669 3790 1813 3851 mihi
1846 3800 1935 3852 est
1983 3802 2141 3862 (nam

508 3872 620 3934 hoc
641 3893 880 3957 quoque
901 3877 1065 3939 voles
1087 3878 1336 3940 fortasse
1360 3877 1536 3951 scire)
1558 3879 1949 3941 Paulus.Eam
1978 3899 2138 3955 vero,

505 3979 640 4023 cum
667 3965 778 4026 hoc
801 3967 1288 4041 uomen,Paulus,
1317 3966 1625 4042 audiisset,
1649 3969 1810 4048 cepit
1832 3988 1947 4031 non
1970 3987 2145 4051 parva

504 4051 1006 4136 admiratioquod
1029 4076 1163 4117 cum
1189 4064 1419 4119 orasset
1444 4056 1617 4117 talem
1643 4058 1761 4119 sibi
1790 4058 1917 4120 dari
1939 4059 2147 4137 magis-

2219 1937 2318 1971 σαν
2361 1912 2676 1992 ὀδηγοῦννα,
2730 1916 2817 1970 καὶ
2874 1912 3196 1971 ωνελοῦσαν
3263 1913 3444 1994 φάναι,
3507 1914 3684 1971 πάντα
3738 1920 3851 1967 ταῖς

2219 2002 2389 2071 ξέναις
2420 2006 2559 2071 ἡμῖν
2589 2004 2895 2081 γινόμενον,

2302 2095 2409 2168 ς’.
2466 2094 2562 2150 Καὶ
2591 2095 2619 2149 6
2649 2093 2892 2173 μοναχὸς
2951 2091 3115 2158 οὕτως
3145 2092 3269 2151 ίδὼν
3318 2091 3550 2174 ἔχουσαν
3578 2091 3682 2160 τὴν
3721 2110 3853 2167 παρ-

2224 2182 2395 2257 θένον,
2430 2183 2569 2246 τίνες
2615 2203 2672 2238 τε
2735 2182 2852 2239 εἷεν
2896 2181 3043 2247 εὐθὺς
3100 2181 3378 2262 ἐπηρώτα,
3423 2182 3517 2238 καί
3550 2180 3699 2245 ὅπως
3729 2178 3854 2262 οὕτω

2227 2276 2383 2329 πόναι
2413 2273 2529 2342 περὶ
2572 2272 2668 2339 τὴν
2725 2275 2887 2338 νῆσον
2929 2268 3185 2333 ἀλῶνται.
3213 2259 3220 2262 ⁷
3247 2259 3440 2328 Μαθὼν
3489 2268 3548 2327 δὲ
3590 2268 3673 2326 δτι
3730 2259 3854 2325 Ῥω-

2227 2374 2387 2435 μαῐαι
2434 2361 2532 2436 μὲν
2562 2362 2625 2417 τὸ
2684 2359 2860 2439 γένος,
2895 2357 3034 2425 ξέναι
3074 2358 3129 2416 δὲ
3159 2358 3245 2416 διὰ
3303 2360 3435 2417 Θεὸν
3460 2360 3549 2415 καὶ
3593 2354 3853 2434 ἂλήτιδεε,

2225 2453 2314 2508 καὶ
2344 2451 2425 2508 ὅτι
2486 2451 2573 2508 καὶ
2604 2451 2664 2506 τὸ
2696 2448 2973 2529 προελθεῖν
3015 2450 3175 2513 αὖνὰς
3204 2450 3294 2507 καὶ
3349 2448 3573 2529 ὀφθῆναί
3598 2469 3706 2504 τισι
3761 2445 3857 2501 τῶν

2227 2541 2468 2619 ἐνταῦθα,
2501 2542 2576 2604 ὡς
2635 2541 2899 2618 αἰσχύνην
2941 2540 3096 2618 φέρον
3140 2537 3251 2596 ἑστι
3303 2541 3390 2595 καὶ
3442 2537 3579 2602 ἅλως
3624 2535 3722 2595 οὒκ
3765 2534 3856 2591 ἇν-

2227 2633 2404 2704 εκτὸν,
2441 2628 2591 2688 Ἀλλ’
2645 2631 2780 2704 ὓμᾶς
2840 2650 2926 2705 γε,
2959 2628 3061 2707 ἔφη
3123 2629 3209 2685 καὶ
3258 2630 3378 2708 περὶ
3423 2627 3554 2703 ipa?)
3610 2624 3859 2703 βούλομαι

2226 2729 2391 2779 ταῦτα
2447 2715 2866 2793 ὑπολαμϐάνει-ι·
2951 2715 3095 2783 Ξένος
3166 2716 3266 2796 γὰρ
3319 2717 3492 2796 κάγὼ,
3549 2718 3640 2773 καὶ
3711 2716 3861 2771 τόπον

2228 2807 2376 2868 τοῦδε
2433 2808 2770 2865 παντάπααιν
2830 2807 3066 2887 ἆμαθὴν,
3127 2805 3245 2886 ἄρτι
3289 2809 3393 2863 τῶν
3456 2808 3612 2885 ἱερῶν
3670 2805 3859 2861 ἀποπε-

2221 2898 2464 2963 πλεόκὼς
2523 2898 2727 2957 τόπων.
2799 2896 2956 2953 Ἐκεῖ
3029 2897 3128 2973 γὰρ
3199 2896 3484 2974 γενόμενος
3556 2898 3860 2974 προσευχῆς

2223 2988 2406 3068 χάριν,
2442 2994 2526 3043 νῦν
2583 2988 2713 3061 πρὸς
2745 2986 2844 3053 τὴν
2895 2984 3118 3063 πατρίδα
3153 2985 3492 3065 κατέρχομαι
3547 2984 3649 3052 τὴν
3708 2984 3857 3059 ἄμην.

2225 3076 2425 3154 ⁸Ἠρετο
2481 3082 2607 3152 γοῦν
2668 3077 2699 3142 ἡ
2752 3074 3006 3152 μακαρία,
3038 3075 3134 3132 καί
3177 3074 3332 3138 ποίας
3383 3081 3444 3132 ὗν
3485 3074 3578 3141 εἴη
3636 3071 3859 3134 πόλεως.

2228 3167 2276 3222 τί
2333 3164 2385 3221 δὲ
2457 3165 2546 3220 καὶ
2598 3166 2659 3220 τὸ
2722 3163 2927 3239 ἀξίωμα
2983 3166 3012 3220 ὃ
3077 3161 3457 3240 περιϐέϐληται
3532 3161 3647 3242 (καὶ
3701 3159 3861 3225 ἔδοξεν

2227 3255 2520 3311 ἐπίσκοπον
2578 3254 2731 3310 αὐτὸν
2760 3253 2928 3331 εἶναι,
2961 3251 3086 3308 ὅσον
3143 3251 3249 3308 ἀπὸ
3277 3258 3370 3309 τοῦ
3418 3263 3710 3332 σχήματος
3735 3250 3861 3315 δπῆν

2229 3345 2457 3416 ἐννοεῖν)
2547 3332 2606 3401 Ὀ
2650 3340 2727 3416 δὲ,
2769 3343 2958 3417 Πατρὶς
3015 3340 3114 3417 μὲν
3144 3340 3286 3415 ἑμοὶ,
3326 3340 3452 3418 ἔφη,
3488 3342 3677 3416 Καρία,
3719 3336 3860 3399 πόλις

2228 3433 2282 3510 δε
2317 3431 2593 3505 Μύξασσα,
2627 3435 2823 3511 σχῆμα
2866 3428 2922 3486 δὲ
2950 3436 3019 3507 τῇ
3063 3428 3230 3505 στολῇ
3273 3428 3478 3487 τοιόνδε
3508 3429 3584 3503 τῷ
3638 3424 3859 3505 πρεσϐύ-

2229 3544 2380 3601 τερον
2440 3522 2584 3578 εἶναί
2640 3542 2732 3600 με,
2766 3521 2852 3576 καὶ
2910 3519 3103 3587 ποίνῆς
3167 3519 3414 3597 ἡγεῖσθαι
3456 3515 3523 3587 δή
3570 3539 3717 3581 τινος
3763 3516 3862 3573 61i-

2229 3633 2354 3689 γης,
2394 3617 2480 3667 τοῦ
2537 3609 2797 3687 μεγὰλου,
2833 3609 2995 3687 φημὶ,
3028 3630 3136 3666 των
3186 3615 3413 3686 Χριστοῦ
3454 3609 3715 3682 μαθητῶν
3742 3604 3859 3662 Ἀν-

2227 3700 2398 3778 δρέου’
2448 3701 2618 3758 ὄνομα
2675 3697 2729 3755 δέ
2782 3720 2873 3773 μοι
2920 3696 3201 3775 (βουλήσει
3258 3697 3358 3774 γὰρ
3410 3718 3499 3752 και
3553 3700 3716 3752 τοῦτο
3766 3714 3861 3768 μα-

2225 3792 2365 3861 θεῖν)
2419 3789 2644 3854 Παῦλος.
2679 3788 2788 3855 Τὴν
2833 3786 2888 3843 δὲ
2942 3788 3029 3859 τὸ,
3061 3784 3293 3866 Παῦλος,
3324 3785 3627 3842 ἀκούσασαν
3670 3779 3860 3857 θάμϐος

2227 3881 2285 3937 οὗ
2343 3880 2534 3957 μικρὸν
2593 3880 2735 3952 ᾕρει,
2795 3876 2941 3939 ὅπως
3021 3875 3312 3947 εὐξαμένης
3368 3870 3686 3931 διδᾶσόαλον
3741 3872 3863 3945 αὐτῇ

2226 3976 2465 4026 τοιοῦτον
2517 3967 2714 4024 ὁποῖον
2772 3963 2838 4032 δη
2868 3966 2955 4021 καὶ
3010 3964 3189 4041 Θέιιλη
3233 3966 3325 4021 τὸν
3360 3961 3568 4021 Παῦλον
3616 3961 3860 4041 ῳανῆναι,

2227 4059 2505 4137 ταχύτατα
2535 4061 2633 4123 τῆς
2692 4054 2861 4135 εὒχῆς
2893 4056 2922 4110 6
2969 4054 3100 4118 Θεὸς
3153 4051 3357 4128 μᾶλλον
3387 4049 3442 4110 δὲ
3498 4051 3587 4108 καὶ
3617 4051 3722 4129 πρὸ
3774 4050 3863 4137 τῆς

506 4146 684 4216 trum,
724 4144 914 4222 qualis
960 4146 1198 4207 Theclre
1251 4147 1624 4225 apparuisset
1664 4145 1903 4223 Paulus,
1938 4136 2142 4228 preces

2232 4136 2423 4226 εῦχῑές,
2457 4145 2651 4212 ἤκουσε
2708 4144 2927 4219 ταύτης,
2959 4142 3053 4199 ἵνα
3082 4142 3143 4198 τὸ
3171 4149 3265 4199 τοῦ
3313 4137 3483 4198 Δαὸἰδ
3512 4139 3785 4215 εἴποιμεν,
3815 4136 3863 4193 ἂν

508 4228 667 4289 Deus
692 4233 1027 4303 celerrime,
1053 4235 1146 4295 vel
1180 4234 1373 4313 potius
1394 4244 1535 4296 ante
1559 4252 1765 4315 preces
1795 4254 1924 4298 eam
1946 4227 2142 4299 exau-

2230 4243 2296 4313 τῇ
2347 4240 2444 4302 τῆς
2500 4230 2712 4312 καρδίας
2772 4232 3074 4311 ὶτοιμασίᾳ,
3128 4230 3216 4288 καὶ
3269 4233 3422 4295 οὗτος
3472 4229 3537 4297 ἦν
3584 4229 3613 4285 6
3666 4227 3871 4305 μέλλων

505 4316 785 4408 disset,ut
808 4320 950 4382 illud
972 4322 1240 4384 dicamus
1258 4323 1689 4397 Davidicum,in
1715 4323 1912 4385 cordis
1926 4343 2142 4405 praepa-

2229 4328 2546 4408 ὀφθήσεσθαι
2615 4323 2781 4389 ταύτη
2864 4321 3069 4387 Παῦλος
3102 4368 3118 4401 ,
3180 4322 3240 4378 οῦ
3307 4320 3620 4398 πράγματος
3687 4317 3865 4408 μόνον,

507 4406 737 4471 ratione
767 4429 781 4470 :
817 4419 869 4474 et
898 4411 991 4473 hic
1016 4414 1114 4492 qui
1140 4420 1266 4474 erat
1291 4413 1344 4473 ei
1367 4412 1746 4492 appariturus
1769 4412 2009 4494 Paulus,
2029 4430 2142 4474 non

2232 4406 2370 4471 ἀλλὰ
2478 4415 2567 4469 καὶ
2650 4412 2911 4485 ὀνόματος
2996 4411 3141 4483 αὐτῷ
3244 4414 3539 4469 κοινωνῶν,
3630 4407 3871 4483 Δακρύων

504 4496 694 4558 solum
727 4500 838 4574 rei,
869 4500 973 4561 sed
1001 4502 1178 4563 otiam
1230 4501 1487 4563 nominis
1514 4501 1744 4562 futurus
1771 4511 1897 4563 erat
1922 4492 2142 4564 socius.

2235 4505 2322 4561 οὗν
2403 4503 2524 4566 τούς
2610 4499 2911 4579 ὀφθαλμοὺς
2995 4500 3272 4572 πλήσασα,
3346 4494 3558 4562 πολλὴν
3632 4502 3713 4569 τῷ
3781 4492 3871 4568 μὶν

505 4586 649 4647 Cum
679 4587 954 4669 lacrymis
978 4609 1118 4669 ergo
1152 4591 1459 4671 implesset
1494 4591 1720 4663 oculos,
1753 4593 1876 4655 Deo
1904 4590 2142 4672 quidem

2233 4600 2350 4667 Θεῷ
2431 4592 2526 4658 τὴν
2620 4588 2993 4669 εὒχαρεστίαν,
3080 4594 3157 4659 τῷ
3235 4585 3432 4660 Παύλῳ
3498 4584 3555 4640 δὲ
3640 4586 3872 4661 προσῆγε

509 4693 776 4753 magnam
803 4680 1130 4757 gratiarum
1160 4680 1477 4743 actionem.
1501 4678 1682 4741 Paulo
1715 4690 1911 4741 autem
1939 4679 2142 4741 obtulit

2231 4683 2332 4749 τὴν
2380 4680 2632 4759 ἱκετείαν,
2686 4678 2928 4756 γενέσθαι
2989 4679 3121 4753 αὐτῇ
3177 4677 3314 4733 κατὰ
3369 4681 3575 4749 πνεῦμα
3646 4672 3869 4774 Πατέρα,

2553 4768 2589 4774 -.
2682 4770 2691 4774 -
2802 4767 2906 4774 ..
3052 4765 3269 4774 .--μ
3447 4765 3458 4774 .
3710 4757 3843 4774 ,η

505 4766 1023 4849 supplicationem,
1046 4778 1107 4831 ut
1138 4778 1295 4831 esset
1326 4768 1380 4830 ei
1415 4778 1581 4849 pater
1602 4770 1931 4831 secundum
1963 4768 2142 4850 spiri-

2233 4773 2322 4829 καὶ
2352 4769 2487 4837 ὅλην
2544 4757 2739 4837 δὶιττην
2798 4767 3004 4835 ἐκείνης
3047 4765 3300 4823 ὑπελθεῖν
3358 4765 3633 4843 πρόνοιαν.
3680 4757 3740 4820 Ὀ
3797 4757 3871 4831 δὲ,

516 4862 661 4928 tum,
692 4866 743 4917 et
772 4865 888 4919 tota
914 4861 1199 4939 penderet
1247 4857 1318 4920 ab
1348 4859 1478 4938 ejus
1508 4876 1652 4920 cura
1673 4869 1732 4920 et
1764 4858 2147 4939 providentia.

509 4942 616 5006 Ille
641 4964 778 5008 vero
814 4965 826 5009 :
860 4946 919 5010 Si
952 4949 1044 5009 hic
1069 4950 1339 5030 quidem,
1365 4949 1572 5028 inquit,
1611 4948 1760 5022 sitis,
1797 4968 1912 5010 non
1947 4956 2152 5028 potero

509 5032 673 5095 vobis
715 5037 977 5117 amplius
1017 5038 1324 5115 {rodesse,
1360 5044 1421 5098 ut
1456 5042 1555 5117 qui
1590 5036 1719 5116 ipse
1750 5055 1986 5117 quoque
2042 5042 2152 5095 sim

510 5124 751 5202 hospes,
786 5128 925 5187 etin
969 5145 1070 5189 vos
1099 5128 1157 5188 in
1205 5126 1460 5188 transitu
1492 5125 1802 5187 inciderim
1840 5145 1853 5187 :
1887 5136 1943 5185 et
1978 5126 2155 5186 maxi-

513 5231 606 5273 me
634 5232 767 5274 cum
806 5234 914 5276 nec
946 5216 1166 5295 possim
1200 5215 1445 5295 quidem
1495 5214 1754 5294 amplius
1778 5222 2151 5294 exspectare,

509 5299 757 5381 Oportet
809 5305 992 5386 enim,
1029 5305 1245 5385 inquit,
1279 5323 1384 5364 nos
1435 5304 1675 5373 reverti,
1710 5321 1949 5381 gregem
2004 5322 2148 5365 nos-

510 5400 661 5454 trum
696 5393 1053 5457 visitaturus.
1090 5397 1205 5455 Vos
1236 5404 1458 5468 autem,
1491 5394 1541 5453 si
1594 5392 1827 5467 voletis,
1864 5393 2153 5457 abeuntes

508 5499 618 5542 nos
642 5483 999 5564 sequemini.
1035 5484 1131 5547 Sic
1164 5485 1324 5545 enim
1358 5483 1486 5562 ipse
1513 5501 1751 5564 quoque
1796 5502 1898 5564 pro
1924 5482 2152 5546 viribus

511 5587 669 5630 curre
696 5581 956 5633 vestrum
988 5573 1265 5649 gerendae
1295 5591 1409 5632 non
1442 5569 1646 5633 deero.

595 5677 612 5720 ¹
647 5675 824 5754 Osee,
855 5695 939 5754 νι,
971 5682 1033 5745 3.

2235 4859 2515 4931 Ἐνταῦθα,
2551 4858 2648 4933 μὲν
2702 4855 2890 4934 οὕαης,
2934 4856 3118 4936 ςρησὶν,
3173 4852 3318 4914 οὐδέν
3376 4875 3427 4910 τι
3485 4850 3649 4908 πλέον
3682 4852 3870 4916 ὀνῆσαι

2235 4947 2454 5012 δυνατὸς
2511 4948 2725 5025 ἔσομαι,
2757 4945 2901 5010 ξένος
2960 4943 3033 5002 ὢν
3091 4945 3179 5001 καὶ
3221 4943 3377 5008 αὐτὸς
3418 4942 3507 4999 καὶ
3545 4940 3683 4997 κατὰ
3737 4938 3872 5014 πάρ-

2235 5035 2355 5094 οδον
2415 5037 2548 5110 ὑμῖν
2605 5035 2835 5115 ἐτυχὼν,
2894 5034 2982 5090 καὶ
3035 5031 3209 5095 ἄλλως
3268 5030 3386 5092 οὐδὲ
3429 5028 3746 5108 προσμένειν
3802 5028 3872 5082 ἔτι

2235 5126 2398 5183 πϐέον
2460 5138 2576 5191 ora:
2607 5124 2701 5182 ὢν·
2757 5122 2842 5181 δεῖ
2902 5124 3001 5199 γὰρ
3042 5121 3378 5196 ἐπανελθεῖν,
3411 5121 3575 5199 φησί,
3606 5119 3733 5202 τὴν*
3754 5116 3874 5172 ἑαυ-

2237 5222 2345 5271 τῶν
2401 5215 2634 5290 ποίμνην
2694 5215 2840 5289 ἡμᾶς
2900 5210 3375 5286 ἐπισκεψομένους,
3429 5209 3520 5266 καὶ
3569 5209 3727 5281 ὑμεῖς
3799 5203 3870 5276 δὲ,

2236 5304 2391 5383 εἴπερ
2436 5302 2786 5380 βουλομέναις
2835 5300 2944 5356 ἐστὶ
2988 5302 3165 5373 τοῦτο,
3212 5300 3453 5356 ἀπιοῦσιν
3483 5298 3620 5369 ἧμϊν
3666 5295 3870 5370 ἔψεσθε·

2236 5397 2374 5452 οὒιω
2430 5395 2647 5473 γὰρκαὶ
2700 5392 2854 5456 «se;
2914 5388 3062 5447 οὐδὲν
3120 5388 3221 5458 τῆς
3262 5388 3400 5445 κατὰ
3455 5384 3674 5462 δύναμιν
3729 5386 3872 5460 ὑμῶν

2236 5483 2485 5564 προνοίας
2516 5482 2788 5560 ολιγωρῶν
2818 5479 3032 5556 ἔσομαι,
