4098 6202
311 362 429 438 Μ

1643 358 1828 430 νιΤΑ
1871 367 1930 430 S.
1994 364 2354 432 EUSEBIE.

3564 368 3682 433 990

374 508 486 575 PZ'.
551 500 701 569 Ἐπεὶ
776 506 864 565 οῦν
929 484 1172 582 ἆσμὲνως
1225 504 1314 563 τόν
1375 527 1430 562 τε
1488 492 1649 584 λόγον
1695 502 1951 574 ἐδέξαντο,

2122 503 2247 567 VII.
2284 505 2428 568 Cum
2465 525 2549 568 em
2582 514 2775 569 autem
2812 505 2892 582 id,
2928 504 3085 588 quod
3115 504 3365 579 dixerat,
3401 504 3681 568 lubenter

316 606 414 659 καὶ
501 600 811 657 ἀκολουθεῖν
892 595 1307 676 ἐπῃγγείλαντο,
1377 593 1552 651 λαϐὼν
1629 595 1816 668 αὒτὰς,
1886 595 1960 654 εἰς

323 690 610 747 Μύλασσαν
668 691 771 755 τὴν
836 687 992 744 πόλιν
1056 686 1327 765 καταίρει,
1375 685 1643 758 οἰκήματα
1686 705 1742 739 τε
1773 685 1959 743 αὒταϊς

320 783 380 837 εὗ
421 780 621 860 ἔχοντα
658 780 790 856 προς
828 779 1087 856 ἡσυχίαν,
1123 773 1351 841 πλησίον
1396 780 1489 830 τοῦ
1548 776 1689 849 ἱεροῦ
1730 771 1907 828 δίδωσι
1944 789 1958 803 ο

317 868 441 925 ἔνθα
498 870 585 925 καὶ
629 869 787 924 οἶκον
850 866 1127 941 εὖκτήριον
1184 863 1331 929 Ξὲξιη
1384 864 1638 942 Στεφάνῳ
1691 869 1767 935 τῷ
1808 881 1957 936 πρω-

319 959 605 1036 τομάρτυρι
650 957 857 1028 ἂνιστᾷ.
919 954 1102 1018 Ἐντὸς
1156 951 1209 1008 δὲ
1262 952 1442 1030 ὀλίγου
1472 952 1671 1031 χρόνου
1701 952 1790 1006 καὶ
1820 969 1963 1025 παρ-

318 1049 485 1104 θένων
531 1048 803 1112 συνίστησι
864 1044 1249 1122 μοναστήριον,
1312 1047 1418 1097 τῶν
1448 1044 1602 1117 ἱερῶν
1633 1047 1723 1096 τοῦ
1758 1037 1964 1094 Παύλου

322 1135 610 1216 φροντίδων
690 1138 785 1191 γαὶ
876 1135 1004 1192 αὐτὸ
1091 1132 1456 1209 ἀναρτήσασα,
1535 1129 1719 1188 Οὒδενί
1781 1128 1961 1202 μέντοι

321 1225 447 1304 παρ’
492 1225 627 1294 ὅλην
660 1225 826 1290 αὒτῆς
859 1224 957 1289 τὴν
1003 1223 1149 1293 ζωὴν
1181 1220 1451 1299 γνώριμον
1507 1218 1729 1298 ὑπῆρξε,
1786 1218 1867 1282 τίς
1904 1238 1963 1272 τε

321 1317 410 1391 ἧν,
445 1319 530 1372 καὶ
561 1317 744 1387 πόθεν,
790 1317 879 1370 καὶ
909 1304 976 1368 δι’
1027 1312 1094 1379 ἣν
1140 1311 1310 1366 αἰτίαν
1342 1316 1450 1365 τῶν
1481 1309 1689 1365 οἰκείων
1735 1308 1961 1385 ἀναχω-

324 1408 505 1482 ρήσοι,
551 1404 647 1460 καί
680 1404 793 1464 πῶς
827 1401 892 1470 δὴ
928 1401 1152 1458 καλοῖτο
1189 1415 1203 1430 ·
1256 1399 1395 1455 ἀλλὰ
1424 1398 1573 1465 Ξένη
1601 1400 1731 1475 πρὸς
1762 1397 1963 1457 πάντας

324 1495 551 1555 ἕωασκεν
610 1495 982 1568 ὀνομάζεσθαι,
1046 1492 1134 1545 καὶ
1195 1497 1347 1545 τοῦτο
1404 1492 1539 1565 αὒτῇ
1608 1488 1777 1561 ὄνομα
1819 1486 1962 1541 εἶναι

322 1586 524 1663 κύριον,
561 1582 711 1662 ἔλεγε
772 1604 853 1652 τε,
886 1582 974 1637 καὶ
1017 1579 1248 1658 λέγουσα
1300 1579 1498 1640 ἔπειθε,
1537 1579 1633 1635 Καὶ
1664 1575 1869 1639 Παῦλος
1908 1574 1963 1630 δὲ

323 1678 351 1731 ὁ
408 1675 691 1750 μακάριος,
737 1686 854 1735 τοῖς
918 1671 1187 1749 ἐρωτῶσιν
1247 1669 1309 1725 ἐκ
1366 1674 1466 1735 τῆς
1517 1673 1606 1724 Κῶ
1647 1668 1742 1734 τῆς
1801 1666 1964 1735 νήσου

327 1764 502 1841 λέγων
548 1766 709 1826 αὖτὰς
756 1763 1009 1840 ἀγαγεῖν,
1047 1761 1143 1817 οὒκ
1175 1759 1371 1816 ἅπιστα
1428 1758 1606 1836 λέγειν
1648 1756 1764 1816 οὐδὲ
1794 1752 1964 1831 ψευδῆ

2044 595 2500 674 accepissent.et
2516 616 2579 659 se
2593 616 2727 658 eum
2746 616 2878 659 esse
2893 604 3198 658 secuturas
3214 597 3261 658 si
3270 596 3675 674 gniﬁcassent,

2045 682 2118 745 iis
2151 689 2438 764 acceptis,
2473 688 2646 748 solvit
2675 688 2734 748 in
2768 686 3072 767 Mylassam
3106 685 3433 761 civitatem,
3466 686 3685 764 datque

2046 774 2134 834 eis
2152 774 2491 837 habitacula
2505 778 2577 838 ad
2599 780 2854 857 quietem
2872 777 3320 839 accommodata
3336 794 3519 856 prope
3541 785 3689 837 tem-

2049 863 2210 943 plum
2241 885 2254 926 :
2283 884 2397 945 quo
2418 865 2477 927 in
2503 866 2633 927 loco
2658 867 2896 927 domum
2923 884 3162 947 quoque
3179 865 3496 926 oratoriam
3524 864 3684 926 exci-

2049 961 2127 1014 tat
2149 952 2395 1034 Hospita
2409 952 2708 1036 Stephano
2730 955 3343 1037 protomartyriJntra
3367 954 3546 1016 breve
3571 971 3683 1014 au-

2046 1053 2159 1103 tem
2188 1056 2415 1118 tempus
2434 1047 2726 1105 constituit
2748 1049 2914 1105 etiam
2940 1050 3353 1107 monasterium
3375 1046 3685 1117 virginum,

2047 1131 2105 1193 id
2125 1150 2361 1212 quoque
2386 1150 2569 1193 sacrae
2595 1132 2760 1193 Pauli
2781 1151 2940 1194 cura;
2959 1133 3519 1195 committensToto
3544 1147 3685 1191 vero

2047 1229 2317 1301 tempore
2342 1223 2475 1301 ejus
2494 1223 2625 1284 vita;
2649 1242 2828 1283 nemo
2872 1223 3167 1299 cognovit,
3199 1241 3467 1304 quaenam
3501 1229 3683 1286 esset.

2047 1330 2159 1373 nec
2190 1312 2447 1391 cujas,et
2473 1321 2715 1393 prapter
2740 1331 3062 1392 quamnam
3095 1332 3333 1374 causam
3366 1332 3398 1372 a
3430 1311 3553 1373 suis
3582 1328 3684 1372 re-

2047 1402 2415 1472 cessisset,et
2433 1403 2733 1484 quomodo
2750 1411 3084 1464 vocaretur:
3111 1403 3212 1464 sed
3236 1401 3471 1464 dicebat
3493 1399 3689 1461 omni-

2047 1490 2254 1565 bu8,se
2276 1491 2473 1552 vocari
2496 1491 2707 1569 Hospit
2727 1511 2802 1553 im
2836 1511 2848 1555 :
2877 1492 3117 1553 dicebat
3140 1493 3251 1553 hoc
3269 1491 3387 1552 sibi
3413 1508 3546 1553 esse
3572 1508 3684 1550 no-

2050 1598 2184 1641 men
2219 1581 2894 1661 proprium,etdicendo
2929 1582 3539 1661 persuadebaLPorro
3571 1597 3682 1641 au-

2048 1676 2167 1731 tem
2202 1670 2413 1730 beatus
2434 1688 2673 1750 quoque
2698 1670 2915 1731 Paulus
2947 1671 3156 1733 dicens
3182 1667 3690 1750 interrogantibus

2049 1778 2111 1821 se
2135 1759 2459 1821 adduxisse
2476 1760 2615 1821 illas
2637 1780 2708 1821 ex
2723 1758 2802 1822 Co
2826 1759 3560 1833 insula,necincredibilia
3579 1776 3689 1821 nec

330 1854 622 1929 ἐνομίζετο.
657 1853 816 1911 ’Ὅθεν
872 1853 937 1918 δὴ
993 1852 1083 1906 καὶ
1139 1853 1200 1906 τὸ
1241 1850 1598 1924 μοναστήριον
1630 1851 1816 1908 αὖταϊς
1861 1851 1967 1900 τῶν

2062 1848 2195 1910 Falsa
2218 1848 2529 1910 videbatur
2544 1850 3070 1922 dicere.Quccirca
3089 1869 3294 1912 earum
3317 1866 3555 1931 quoque
3568 1867 3693 1909 mo-

330 1943 499 2002 Κῶων
526 1944 742 2021 ἐλέγετο
774 1943 943 2019 εῖναι,
1005 1938 1414 2003 ἀκολουθοῦντος
1473 1936 1680 2004 δηλαδὴ
1716 1943 1809 1993 τοῦ
1840 1933 1966 1991 ὀνό-

336 2054 504 2108 ματος
545 2038 614 2108 τῇ
641 2038 749 2087 τῶν
807 2029 1021 2087 πολλῶν
1078 2027 1201 2105 δόξῃ
1243 2029 1329 2084 καὶ
1387 2040 1506 2091 τοῖς
1556 2026 1963 2106 φημιζομένοις.

330 2122 590 2201 Κυρίλλου
650 2120 702 2177 δὲ
748 2131 841 2179 τοῦ
882 2120 980 2186 τῆς
1023 2117 1233 2182 πόλεως
1294 2117 1393 2184 τὴν
1452 2116 1754 2182 ἐπισκοπὴν
1784 2115 1969 2171 ἐπιτε-

327 2213 631 2288 τραμμένου
700 2218 991 2278 τηνικαῦτα
1074 2212 1164 2265 τὸν
1251 2210 1363 2282 βίον
1442 2205 1825 2283 ἆπολιποντος,
1901 2210 1968 2274 τῇ

329 2301 482 2358 πόλει
542 2308 734 2362 κοινῶς
817 2300 1099 2376 ἔψηρίζετο
1182 2299 1273 2353 τὸν
1328 2304 1418 2353 τοῦ
1480 2294 1735 2369 Κυρίλλου
1785 2297 1970 2371 θρόνον

329 2392 421 2447 τὸν
473 2390 680 2447 Παῦλον
724 2387 1031 2445 ἀντιλαϐεῖν
1068 2404 1081 2417 ⁶
1130 2388 1157 2441 ὃ
1214 2385 1278 2452 δή
1309 2387 1399 2441 καὶ
1442 2384 1592 2449 τέλος
1625 2384 1769 2447 εὐθὺς
1813 2384 1966 2462 εἶχε,

330 2482 419 2536 καὶ
445 2482 546 2547 τὴν
574 2481 912 2559 χειροτονίαν
943 2481 1095 2536 οὗτος
1128 2473 1376 2555 ἐδέχετο,

414 2569 509 2626 Π¹.
545 2568 764 2642 Ἀμέλει
812 2567 905 2623 καί
940 2565 1194 2643 πρόεδρος
1228 2565 1379 2624 οὗτος
1429 2561 1715 2627 Μυλάσσης
1753 2560 1969 2617 ἀναδει-

337 2661 512 2739 χθεὶς,
573 2661 733 2715 πείθει
784 2659 871 2714 καὶ
913 2658 1011 2724 τὴν
1066 2656 1246 2721 Ξέιην
1310 2655 1401 2708 τὸν
1447 2653 1715 2728 ἱερατικὸν
1767 2652 1971 2743 βαθμὸν

336 2747 621 2825 ἀναϐῆναι,
678 2750 766 2804 καὶ
847 2759 1152 2827 λειροτονεῐ
1208 2745 1412 2807 ταύτην
1479 2741 1726 2796 διάκοναν
1810 2741 1970 2801 Ητυς

336 2838 455 2895 ἐπεί
502 2840 597 2905 τήν
644 2844 739 2904 τῆς
797 2837 1061 2901 διακονίας
1104 2834 1389 2898 ἐπιστεύθη
1420 2832 1581 2904 τιμὴν
1623 2830 1802 2909 (ἀξίως
1846 2830 1968 2904 μὲν,

335 2929 596 2992 ἀκουσίως
646 2925 749 3005 δὲ),
798 2931 892 2985 οὐκ
929 2926 1079 2982 ἔστιν
1123 2925 1296 2980 εἰπεῖν
1327 2922 1468 2986 ὅσοις
1514 2922 1697 2983 πόνοις
1726 2923 1787 2976 τὸ
1819 2927 1974 2992 σῶμα

335 3017 634 3097 παρέδωκε,
709 3018 797 3074 καὶ
870 3015 1103 3090 μάλιστα
1161 3012 1330 3092 τρυῶῇ
1395 3012 1538 3081 πάσῃ
1600 3013 1662 3066 τὸ
1720 3011 1974 3088 πρότερον

338 3111 425 3165 καὶ
468 3108 717 3180 εὐπαθείᾳ
782 3105 1169 3179 συνειθιεμένον
1204 3119 1217 3132 ⁶
1284 3102 1460 3159 καινόν
1503 3124 1621 3157 τινα
1663 3100 1829 3163 ὄντως
1888 3102 1976 3156 καὶ

2050 1940 2377 2001 nasterium
2395 1938 2705 2001 dicebatur
2718 1958 2849 2001 esse
2862 1939 3439 2020 Coorum,sequente
3462 1937 3694 2000 scilicet

2054 2027 2298 2089 nomine
2330 2028 2655 2089 multorum
2690 2029 3126 2110 opinionem,et
3157 2047 3226 2090 ea
3257 2047 3388 2110 qua
3417 2026 3689 2108 famaja-

2053 2116 2364 2179 ctabantur
2392 2119 2542 2179 Cum
2568 2125 2765 2179 autem
2792 2117 3173 2199 Cyrillus,cui
3196 2118 3390 2180 fuerat
3411 2114 3691 2180 commis-

2055 2226 2155 2268 sus
2186 2208 2441 2269 civitatis
2475 2208 2886 2288 episcovatus,
2924 2217 3063 2269 tunc
3094 2225 3128 2269 e
3153 2208 3272 2268 vita
3306 2200 3689 2281 excessisset,

2053 2297 2357 2358 communi
2389 2296 2647 2359 civitatis
2681 2297 2961 2375 suﬂ'ragio
2989 2296 3357 2370 decernitur,
3391 2305 3454 2357 ut
3483 2296 3546 2356 in
3576 2293 3688 2376 Cy-

2051 2386 2170 2448 rilli
2204 2387 2348 2447 sede
2379 2386 2597 2448 Paulus
2627 2387 2912 2447 succedat
2946 2406 2960 2446 :
3007 2387 3163 2467 quod
3196 2385 3438 2466 quidem
3474 2392 3535 2447 et
3564 2392 3694 2445 sta-

2054 2478 2156 2537 tim
2190 2477 2371 2537 Iinem
2406 2477 2659 2555 accepit,
2687 2486 2744 2538 et
2767 2476 2818 2536 is
2850 2476 2957 2538 fuit
2988 2477 3320 2539 ordinatus.

2138 2565 2287 2627 VIII.
2321 2565 2449 2628 Jam
2482 2585 2625 2627 vero
2670 2568 2722 2627 is
2768 2575 3005 2628 creatus
3031 2565 3393 2647 Mylassenus
3424 2564 3688 2635 antistes,

2054 2653 2315 2733 Hospita;
2350 2674 2584 2735 quoque
2619 2656 3035 2735 persuatlvtmt
3065 2656 3136 2718 ad
3171 2672 3407 2718 sacrum
3444 2654 3691 2732 gradum

2054 2747 2570 2817 ascendat,eteam
2597 2746 2833 2806 ordinat
2856 2744 3431 2818 diaconissam.Quae
3452 2744 3692 2825 quidem

2056 2851 2358 2909 postquam
2382 2839 2481 2894 fuit
2501 2839 2625 2910 ejus
2651 2839 2781 2895 ﬁdei
2805 2839 3108 2895 mandatus
3132 2838 3314 2897 honor
3337 2840 3697 2899 diaconatus,

2057 2943 2238 3000 quem
2278 2925 2627 2987 merebatur
2658 2925 2932 3006 quidem,
2968 2924 3153 2985 invita
3181 2934 3385 2986 tamen
3416 2922 3687 3004 accepit:

2058 3014 2173 3074 dici
2199 3032 2316 3074 non
2344 3014 2802 3095 poteshqttautis
2816 3033 3032 3093 corpus
3051 3015 3364 3076 tradiderit
3388 3011 3696 3075 laboribus

2059 3114 2116 3165 et
2147 3105 2403 3165 maxime
2434 3105 2592 3185 quod
2618 3114 2745 3165 erat
2769 3113 3072 3165 assuetum
3114 3104 3347 3166 deliciis
3370 3101 3700 3165 etlautitiis

337 3197 482 3263 ξένον
509 3198 544 3266 ἡ
580 3197 728 3271 Ξένη
773 3195 1014 3272 βιώσασα
1068 3195 1202 3270 βίον,
1238 3193 1325 3250 καὶ
1357 3192 1478 3247 οἷον
1506 3190 1664 3247 ἅΰλον
1694 3192 1783 3247 καὶ
1825 3189 1972 3245 ἀσώ-

2062 3194 2364 3269 omnibus,
2390 3195 2709 3274 quamdam
2740 3212 2881 3256 vere
2908 3212 3114 3255 novam
3149 3204 3207 3255 et
3236 3195 3493 3256 alienam
3518 3192 3696 3253 vitam

341 3308 534 3365 ματον,
568 3289 641 3348 ὡς
673 3288 758 3342 καὶ
809 3286 998 3349 αὖτοὺς
1044 3283 1293 3357 δαίμονας
1344 3280 1608 3360 πόῤῥωθεο
1637 3281 1972 3358 ὑποφρίσσειν

2062 3298 2268 3345 Sectata
2293 3300 2342 3344 et
2361 3288 2528 3358 ρΙείηο
2552 3298 2642 3343 ext
2683 3297 2931 3353 rnam,et
2953 3288 3127 3347 veluti
3151 3290 3401 3344 materiae
3414 3293 3700 3356 expertem

338 3380 438 3443 τὴν
492 3377 795 3450 ἀποτομίαν
854 3374 951 3441 τῆς
1013 3375 1261 3451 ἀγωγῆς,
1319 3372 1406 3427 καὶ
1463 3369 1599 3445 μηδέ
1659 3368 1979 3435 πλησιάσειν

341 3466 481 3530 ὅλως
528 3466 706 3542 ἐκείνῃ
750 3462 978 3538 τολμᾷν,
1027 3462 1101 3519 ’Ἠ
1150 3482 1209 3538 γε
1257 3460 1456 3518 λύουσα
1500 3460 1597 3533 μὲν
1629 3458 1888 3523 πολλάκις
1918 3458 1978 3513 τὸ

340 3557 479 3611 arsi-au
526 3557 770 3611 σύντονον
829 3554 919 3608 καὶ
977 3552 1149 3630 τραχὺ
1193 3551 1291 3617 τῆς
1336 3551 1640 3621 ἀσκήσεως,
1689 3550 1783 3603 οὒκ
1831 3548 1979 3609 ἐντὸς

340 3646 429 3703 δύο
483 3647 569 3702 καὶ
643 3649 801 3723 τριῶν
895 3642 1101 3709 ἤσθιειν
1158 3642 1397 3716 ἡμερῶν.
1458 3637 1589 3694 ’Ὅτε
1647 3634 1700 3692 δὲ
1759 3636 1981 3711 ἀγώνων

349 3736 571 3808 ἥπτετο,
631 3736 719 3789 καὶ
778 3730 1073 3810 ἀκριϐείας,
1135 3732 1207 3790 ὡς
1254 3729 1422 3803 εἰκὸς,
1486 3726 1704 3806 εἴχετο,
1763 3727 1850 3781 καὶ
1906 3726 1979 3784 εἷς

344 3827 479 3882 ἐπτὰ
544 3823 862 3902 παρέτεινειν
912 3820 1116 3889 ἄσιτος,
1173 3819 1354 3893 νόμοις
1409 3817 1703 3896 μαχομένη
1747 3816 1975 3894 φύσεως,

345 3913 435 3971 διὰ
468 3916 558 3970 τὸν
592 3915 757 3989 νόμον
815 3919 907 3967 τοῦ
951 3910 1275 3984 πνεύματος.
1328 3908 1476 3971 Πλὴν
1526 3904 1662 3961 ἀλλὰ
1694 3907 1780 3959 καὶ
1813 3904 1978 3968 οὕτως

347 4005 448 4079 ὀψὲ
508 4003 601 4059 καί
660 4002 818 4078 μόλις
880 4002 953 4063 εἷς
996 4000 1198 4076 τροφὴν
1254 4006 1528 4067 κατιοῦσα,
1589 3996 1678 4049 καὶ
1735 3994 1865 4071 πρὸς
1921 3996 1983 4050 τὸ

345 4100 503 4166 σῶμα
557 4090 640 4147 διὰ
692 4094 782 4147 τὸν
846 4087 1137 4163 σύνδεσμον
1193 4086 1459 4161 βλέψασα,
1525 4084 1675 4140 ο’ίνου
1730 4081 1827 4157 μὲν
1887 4085 1981 4139 καί

347 4182 551 4261 ἐλαίου,
586 4182 829 4260 λαχάνου
872 4200 952 4257 τε,
1008 4179 1168 4256 φημὶ,
1220 4178 1307 4231 καὶ
1338 4174 1557 4252 ὀσπρίου
1614 4187 1702 4228 καὶ
1760 4174 1979 4245 παντὸς,

350 4273 422 4337 ὡς
467 4274 661 4350 εἰπεῖν,
699 4272 725 4325 ὃ
757 4268 840 4325 διὰ
885 4270 1046 4344 πυρὸς
1078 4267 1201 4346 ἔχει
1235 4267 1333 4332 τὴν
1364 4270 1589 4344 χρῆσιν,
1638 4262 1776 4325 ὅλως
1825 4262 1981 4318 ἀπεί-

352 4384 509 4441 γετο,
550 4363 674 4438 πρὸς
707 4358 761 4415 δὲ
792 4360 882 4414 καὶ
940 4357 1036 4411 ὅσα
1095 4356 1340 4435 φέρουσιν
1372 4355 1505 4425 ὧραι
1541 4353 1752 4408 πάντων
1786 4352 1981 4425 ὁμοίως

351 4452 607 4528 ἄγευστος
675 4451 739 4517 ἧν
769 4464 785 4479 ⁶
851 4445 991 4525 ἄρτῳ
1056 4444 1107 4500 δὲ
1155 4447 1302 4519 μόνῳ
1343 4445 1439 4511 τὴν
1479 4444 1667 4521 χρείαν
1724 4441 1981 4520 ἐπλήρου,

348 4542 436 4597 καὶ
479 4547 664 4597 τοῦτον
705 4543 808 4618 οὐχ
853 4537 1039 4599 ἁπλῶς
1084 4538 1170 4594 καὶ
1210 4534 1420 4599 ἀπόνως
1478 4532 1830 4610 προσιεμένη,
1863 4531 1981 4587 ἀλλ’

351 4628 537 4690 αῦτοτς
572 4627 793 4705 δάκρυσι
841 4626 1134 4705 βρέχουσα,
1168 4631 1234 4700 τῇ
1282 4621 1462 4696 σποδῷ
1516 4644 1572 4677 τε
1603 4628 1693 4677 τοῦ
1722 4625 1981 4693 θυμιατη-

350 4718 464 4796 ρίου
495 4718 916 4795 προσμάσσιυσα
954 4733 966 4747 ⁸
1000 4717 1069 4769 ὡς
1119 4714 1252 4789 μηδὲ
1288 4715 1349 4768 τὸ
1382 4712 1591 4779 ἐσθίειν,
1629 4712 1656 4766 ὃ
1686 4716 1842 4785 κοινῇ
1870 4722 1985 4773 τοῖς

349 4803 657 4886 φιλοπόνοις
689 4805 799 4862 ἐστῖ
828 4805 1012 4881 μετρία
1045 4802 1407 4881 παράκλησις,
1433 4801 1631 4857 ἄπονον
1661 4804 1796 4875 αὖτῇ
1817 4798 1984 4871 εἶναι,

349 4894 445 4950 καί
479 4895 837 4958 κακοπαθείας
870 4892 1163 4969 ἐλεύθερον.

2011 4602 2053 4652 D

2064 3381 2119 3433 et
2145 3375 2562 3452 incorpoream
2604 3373 2793 3435 :adeo
2828 3382 2893 3433 ut
2919 3381 3216 3435 austeram
3252 3375 3380 3454 ejus
3412 3374 3585 3432 vitam
3610 3367 3699 3432 vel

2065 3463 2269 3542 procul
2324 3464 2639 3523 horrerent
2681 3463 3014 3543 diemoues,
3070 3472 3128 3526 et
3163 3480 3274 3524 nec
3303 3461 3594 3524 auderent
3626 3458 3698 3521 ad

2064 3570 2191 3612 eam
2244 3552 2492 3611 omnino
2548 3554 2860 3613 accedere.
2924 3552 3064 3624 Qum
3096 3553 3336 3632 quidem
3370 3571 3504 3611 cum
3538 3568 3699 3629 saepe

2065 3642 2322 3701 solveret
2349 3640 2645 3702 intensam
2671 3655 2729 3702 et
2750 3660 3021 3721 asperam
3048 3640 3560 3711 exercitationem,
3584 3658 3702 3700 non

2067 3735 2213 3789 intra
2237 3735 2479 3790 duorum
2504 3745 2598 3790 aut
2625 3734 2798 3789 trium
2828 3735 3047 3789 diorum
3078 3735 3322 3803 spatium
3343 3732 3702 3790 comedebat.

2066 3818 2314 3891 Quando
2374 3827 2568 3877 autem
2636 3818 2706 3878 ad
2742 3818 3075 3880 certamina
3107 3826 3380 3879 accurate
3412 3826 3469 3877 et
3502 3824 3706 3877 exacte

2063 3907 2731 3987 aggrediebatur,etiam
2758 3908 3083 3987 ad'septem
3108 3926 3301 3988 usque
3325 3908 3452 3969 dies
3472 3925 3706 3986 perma-

2067 3998 2492 4077 nebatjejuna,
2512 4016 2780 4080 pugnans
2804 4015 2936 4059 cum
2961 4006 3185 4058 natura:
3206 3998 3437 4077 legibus
3463 4004 3706 4076 propter

2070 4089 2260 4167 legem
2287 4087 2907 4168 spiritusuuinetiam
2931 4107 3062 4149 cum
3089 4087 3175 4147 sic
3199 4106 3435 4167 quoque
3457 4087 3545 4146 vix
3576 4096 3669 4146 tan
3689 4119 3705 4131 -

2070 4178 2205 4237 dem
2230 4178 2543 4238 accederet
2566 4178 2636 4237 ad
2662 4177 2860 4238 cibum
2888 4177 3268 4257 capiendum,
3306 4186 3363 4236 et
3388 4176 3460 4238 ad
3493 4193 3709 4255 corpus

2070 4284 2231 4346 prop
2250 4284 2315 4326 er
2328 4267 2629 4327 vinculum
2646 4267 3045 4343 intueretur,a
3063 4267 3199 4328 vino
3212 4267 3457 4344 quidem
3476 4265 3704 4340 etoleo,

2068 4367 2125 4417 et
2150 4356 2221 4415 ab
2249 4356 2517 4416 oleribus
2543 4368 2599 4418 et
2625 4358 3125 4435 leguminibus,et
3156 4376 3188 4420 a
3214 4356 3575 4438 quolibet.ut
3605 4374 3702 4417 se~

2070 4445 2185 4505 mel
2210 4445 2553 4525 dicam,quo
2576 4446 2696 4526 igni
2718 4448 2963 4508 admoto
2998 4447 3498 4520 utimur,omnino
3520 4445 3707 4506 alisti-

2071 4540 2241 4595 ndbat
2273 4538 2453 4596 Porro
2476 4553 2665 4596 autem
2690 4541 2919 4597 nullum
2948 4556 3176 4612 quoque
3200 4542 3444 4597 fructum
3470 4538 3711 4597 omnino

2072 4625 2368 4702 gustabat,
2404 4626 2508 4686 sed
2560 4627 2688 4687 solo
2752 4644 2901 4706 pane
2934 4625 3337 4688 satisfaciebat
3369 4625 3714 4686 necessitati

2072 4722 2295 4775 naturze
2330 4735 2343 4771 :
2381 4725 2435 4775 et
2466 4734 2575 4777 nec
2610 4734 2745 4776 eum
2780 4716 2930 4775 adeo
2955 4716 3166 4777 leviter
3201 4726 3257 4775 et
3280 4717 3425 4777 citra
3448 4714 3710 4775 laborem

2071 4803 2556 4877 admittebat,sed
2581 4824 2716 4867 eum
2742 4806 3015 4887 lacrymis
3036 4805 3406 4886 irrigabat,ct
3425 4802 3711 4866 tliuribuli

2071 4894 2275 4954 cinere
2306 4895 2733 4975 aspergebat”,
2772 4905 2834 4956 ut
2866 4914 2974 4957 nec
3029 4898 3219 4976 ipsum
3253 4897 3497 4978 quidem
3524 4892 3713 4967 vesci,

348 4982 511 5063 quod
561 4982 971 5044 communiter
1000 4979 1315 5040 laboriosis
1366 4978 1517 5041 solet
1547 4995 1681 5040 esse
1738 4978 2062 5045 mediocris
2106 4984 2458 5065 consolatio,
2495 4986 2550 5046 ei
2587 4996 2747 5047 esset
2795 4984 2940 5048 citra
2969 4986 3254 5061 laborem,
3290 4998 3350 5047 et
3397 4985 3650 5047 liberum
3685 4998 3718 5040 a

352 5072 491 5134 mali
524 5071 934 5154 perpessione.

431 5162 521 5225 ϐ’,
559 5165 656 5220 Καὶ
702 5166 852 5223 οὗτος
896 5166 1091 5233 τρόπος
1137 5166 1204 5235 τῇ
1249 5158 1397 5225 Ξὲνη
1443 5158 1666 5237 τροῳῆς,
1703 5156 1826 5235 παρ’
1860 5157 1991 5225 ὅλην

350 5255 516 5317 αὐτῆς
556 5252 654 5319 τὴν
698 5253 867 5323 ζωὴν,
903 5252 975 5312 ὡς
1008 5250 1093 5304 καὶ
1127 5249 1291 5314 αὒτὴν
1344 5249 1481 5322 μετὰ
1514 5245 1678 5302 Angit?
1707 5253 1799 5303 τοῦ
1827 5249 1987 5322 θείου,

348 5339 545 5396 σποδὸν
577 5342 707 5396 ὼσεὶ
756 5340 911 5418 ἄρτον
942 5350 1158 5417 φαγεῖν,
1209 5336 1303 5392 καί
1340 5342 1517 5412 κιρνᾷν
1550 5339 1611 5393 τὸ
1662 5338 1808 5408 πόμα
1855 5339 1989 5409 μετὰ

348 5429 640 5505 κλαυθμοῦ.
705 5440 880 5487 Ταυτα
934 5426 988 5481 δὲ
1034 5437 1284 5497 ποιοῦσα,
1318 5428 1407 5481 καὶ
1451 5426 1616 5488 οὕτως
1649 5425 1804 5501 ἄρτον
1862 5423 1986 5479 ὀδύ-

348 5541 443 5584 νης
476 5519 734 5598 ἐσθίουσα,
794 5518 887 5574 ’ίνα
938 5518 1026 5573 καὶ
1086 5519 1231 5579 αὖθις
1277 5518 1341 5572 τὰ
1399 5525 1491 5573 του
1550 5511 1711 5572 Δαϐὶδ
1755 5513 1990 5592 φθέγξω-

425 5678 459 5728 9
485 5677 642 5742 Psal.
675 5693 756 5753 ct,
787 5680 889 5740 40.
976 5676 1009 5727 3
1035 5674 1187 5738 ibid.

2157 5162 2252 5225 lX.
2282 5164 2415 5225 Fuit
2438 5174 2635 5225 autem
2662 5163 2922 5244 Hospites
2950 5165 3045 5227 hic
3072 5183 3135 5226 se
3164 5163 3468 5226 nutriendi
3506 5161 3718 5222 modus

2076 5269 2182 5329 per
2211 5260 2390 5313 totam
2429 5273 2594 5314 suam
2650 5255 2856 5329 vitam,
2889 5259 3040 5315 aeleo
3101 5262 3161 5315 ut
3189 5261 3316 5334 ipsa
3347 5272 3480 5315 cum
3514 5252 3716 5313 divino

2075 5338 2297 5400 Davide
2323 5342 2589 5403 cinerem
2616 5353 2896 5422 tanquam
2925 5360 3135 5421 panem
3163 5343 3597 5417 comederet,et
3619 5359 3718 5420 po-

2074 5437 2195 5488 tum
2221 5449 2355 5491 cum
2381 5433 2521 5492 ﬂetu
2550 5433 2829 5492 misceret.
2847 5430 3049 5493 3.Hcec
3074 5441 3269 5494 autem
3297 5434 3612 5506 faciens,et
3634 5428 3720 5490 sic

2075 5534 2287 5588 panem
2316 5520 2539 5582 doloris
2564 5521 2889 5582 comedens
2911 5523 2994 5600 (ut
3012 5538 3224 5583 rursus
3250 5523 3612 5603 dicam,quaa
3636 5517 3723 5580 di-

2902 5616 2915 5641 Ι
