4098 6202
436 302 541 369 991
1739 311 2018 376 MENSIS
2059 311 2516 376 JANUARIUS.
3684 317 3810 384 002

435 442 608 532 vinus
631 444 839 527 David)
868 443 1101 509 etiamsi
1124 444 1272 508 alias
1291 462 1365 508 ex
1390 446 1722 522 sororibus,
1761 466 1863 510 eas
1882 455 2059 510 tamen

2165 472 2287 525 μαι,
2353 451 2396 506 εί
2439 448 2530 508 καὶ
2571 447 2665 514 τὰς
2724 447 2895 514 ἄλλας
2957 454 3064 508 τῶν
3113 449 3376 532 ἀδελφῶν,
3417 450 3563 510 ἀλλὰ
3588 453 3687 518 τὰς
3715 451 3809 510 δύο

436 531 608 608 duas,
644 554 779 613 quae
808 538 862 597 ei
924 535 1293 617 assidebant,
1328 543 1392 599 et
1422 536 1574 612 fugae
1605 537 1847 600 fuerant
1877 538 2054 600 socias

2162 541 2359 606 ταύτης
2415 538 2705 618 παρέδρους
2749 541 2838 596 καὶ
2880 545 2981 608 τῆς
3039 546 3215 621 φυγῆς
3259 531 3557 608 κοινωνοὺς
3600 542 3807 600 λανθά-

435 623 622 684 latere
649 643 767 686 non
795 626 987 703 potuit
1013 643 1025 688 :
1055 625 1203 687 clam
1240 626 1400 688 enim
1435 626 1977 708 aspiciebant,qum
2002 627 2059 689 at

2161 652 2270 686 νειν
2301 629 2396 686 ούκ
2453 629 2605 707 εἶχε.
2662 631 2761 688 Καὶ
2806 630 2907 708 γὰρ
2950 631 3087 698 ἦσαν
3134 632 3363 707 κρυφίως
3395 633 3463 689 τὰ
3502 630 3594 689 ὑπ’
3638 637 3806 700 αὐτῆς

435 730 506 773 ea
539 710 784 786 fiebant,
818 713 900 774 ita
933 722 996 775 ut
1027 714 1172 794 ipsa;
1190 715 1484 788 videntes,
1521 735 1638 778 non
1669 717 2023 778 viderentur
2057 766 2059 774 .

2160 720 2416 796 γινόμενα
2476 717 2794 794 βλέπουσαι,
2849 720 2935 775 καὶ
2996 718 3163 786 οὕτως
3207 719 3346 777 ὥστε
3377 720 3584 799 ὁρώσας
3643 723 3805 787 αύτὰς

432 801 554 862 imo
591 818 725 863 vero
759 822 877 864 non
903 804 1097 866 solum
1132 805 1544 879 videbant,sed
1581 806 1761 868 etiam
1798 826 1904 888 pro
1925 807 2059 869 viri-

2160 809 2237 881 μη
2294 811 2536 884 ὁρᾶσθαι,
2586 806 2791 866 μᾶλλον
2844 806 2898 864 δὲ
2950 810 3055 888 ούχ
3090 811 3289 886 ὁρῶσαι
3320 810 3506 885 μόνον,
3541 809 3684 866 ἀλλὰ
3714 812 3806 867 καὶ

433 888 543 951 bus
571 891 887 954 studebant
924 893 1170 954 imitari.
1205 893 1350 956 Cum
1411 902 1609 955 autem
1649 905 1762 957 tam
1803 915 1980 975 parce
2014 910 2059 958 e1

2157 897 2350 969 ζηλοῦν
2395 898 2533 952 κατὰ
2585 899 2644 952 τὸ
2695 895 2913 954 δυνατὸν
2964 900 3151 961 αὐταῖς
3181 898 3523 958 σπεύδουσαι.
3559 899 3717 958 Οὕτω
3745 898 3802 956 δὲ

431 981 675 1043 nonnisi
696 983 1054 1044 necessitate
1077 984 1387 1065 compulsa
1409 983 1844 1057 aleretur,num
1869 987 2059 1047 fortas-

2156 991 2355 1066 τροφῆς
2414 986 2617 1066 ἔχουσα
2674 985 2790 1042 λίαν
2835 984 3023 1052 ἐνδεῶς
3073 989 3163 1043 καὶ
3220 987 3666 1066 ἠναγκασμέναις,
3702 988 3805 1065 ἆρα

433 1087 500 1133 se
541 1090 750 1133 somno
772 1073 950 1134 aliter
976 1072 1345 1151 utebatur,et
1375 1073 1464 1135 sic
1495 1074 1615 1135 vim
1651 1075 2059 1138 consolabatur

2157 1078 2233 1151 μὴ
2276 1083 2352 1150 τῷ
2380 1075 2528 1148 ὕπνῳ
2562 1075 2738 1141 ἄλλως
2771 1074 3000 1155 ἐχρῆτο,
3045 1078 3134 1131 καὶ
3162 1077 3300 1135 οὕτω
3331 1077 3430 1143 τὴν
3472 1077 3592 1152 βίαν
3651 1099 3798 1152 παρ-

430 1162 726 1240 corporis,
760 1162 941 1239 idque
975 1163 1158 1224 multa
1208 1164 1486 1224 laborans
1539 1163 1764 1242 inedia,
1801 1173 1857 1226 et
1889 1167 2069 1228 veluti

423 1251 1157 1325 concidens,sustentabat
1187 1261 1244 1315 et
1265 1253 1581 1316 recreabat
1604 1262 1630 1317 ‘I
1654 1257 2064 1335 Nequaquam.

427 1338 545 1401 Sed
579 1348 693 1402 tam
727 1342 1054 1404 toleranter
1097 1344 1340 1424 quidem
1377 1343 1708 1420 jejunabat,
1745 1354 1806 1404 ut
1837 1345 1925 1406 vel
1955 1346 2069 1406 hoc

423 1430 619 1504 solum
654 1431 955 1494 sufﬁceret
975 1432 1046 1492 ad
1073 1433 1522 1495 dissolvendum
1553 1436 1742 1496 robur
1772 1435 2068 1516 corporis,

429 1519 541 1580 etsi
569 1520 716 1580 nihil
744 1530 904 1583 esset
926 1521 1278 1602 aliud,quod
1301 1540 1430 1584 eam
1455 1523 1762 1601 atlligeret.
1796 1523 1935 1585 Plus
1956 1543 2067 1585 au-

425 1615 543 1670 tem
569 1609 1055 1692 vigilabat,quam
1076 1611 1409 1690 jejunabat,
1439 1621 1497 1673 et
1520 1613 1606 1674 sic
1630 1631 1874 1674 carnem
1908 1615 2066 1676 8ίίιί-

420 1698 619 1776 gebat,
655 1708 777 1760 tota
801 1719 981 1761 manu
1009 1701 1211 1762 ferens
1234 1719 1410 1780 opem
1435 1704 1695 1782 spiritui.
1733 1702 1795 1764 1d
1824 1722 1962 1764 vero
1996 1723 2066 1766 ex

2153 1169 2402 1240 εμυθεϊτο
2459 1175 2553 1224 τοῦ
2608 1164 2882 1241 σώματος,
2942 1167 3032 1222 καὶ
3112 1167 3214 1222 ὑπὸ
3295 1166 3506 1233 πολλῆς
3574 1166 3790 1226 ἀσιτίας

2150 1256 2354 1328 κάμνον
2412 1253 2538 1311 αὐτὸ
2623 1252 2719 1309 καῖ
2791 1255 2957 1311 οἱονεί
3033 1257 3365 1311 ιαταπίπτον
3425 1254 3677 1332 ὑπήρειδεῖ
3741 1276 3801 1312 τε

2151 1343 2245 1400 καῖ
2302 1341 2715 1416 ἀνελάμϐανεν;
2778 1345 2852 1400 Ού
2893 1342 2991 1418 μὲν
3027 1343 3139 1416 οὗν,
3202 1343 3341 1401 ἀλλὰ
3398 1346 3485 1400 καἱ
3538 1345 3798 1414 ἔνήστευε

2151 1433 2251 1507 μὲν
2295 1431 2434 1490 οὕτω
2479 1433 2773 1510 καρτερῶς,
2835 1434 2972 1489 ὥστε
3023 1441 3180 1492 τοῦτο
3218 1434 3381 1508 μόνον
3426 1433 3615 1513 ἀρκοῦν
3649 1437 3796 1490 εἶναι

2149 1525 2242 1580 τὸν
2296 1523 2448 1580 τόνον
2480 1521 2756 1579 ὗπολεύειν
2790 1521 2882 1580 τοῦ
2912 1522 3185 1596 σώματος,
3218 1523 3307 1579 καὶ
3339 1524 3383 1579 εί
3413 1521 3580 1598 μηδὲν
3612 1523 3796 1601 ἕτερον

2149 1613 2213 1681 ἧν
2271 1615 2332 1670 τὸ
2414 1625 2686 1669 σοντεϊνον
2771 1614 2844 1676 εἰς
2935 1613 3302 1669 κακοπάθειαν
3339 1628 3352 1639 ’
3421 1611 3676 1692 ἠγρύπνει
3737 1611 3792 1670 δὲ

2150 1701 2354 1777 μᾶλλον
2410 1702 2446 1769 ἢ
2498 1701 2772 1781 ἐνήστευε,
2817 1701 2918 1758 καί
2961 1700 3100 1758 οὕτω
3157 1701 3440 1758 κατεπόνει
3476 1702 3573 1768 τὴν
3621 1703 3795 1777 σάρκα

427 1788 540 1850 hoc
558 1798 648 1850 est
676 1789 944 1864 evidens,
980 1791 1141 1871 quod
1171 1809 1304 1852 cum
1341 1800 1503 1863 se,ut
1531 1791 1783 1868 solebat,
1818 1792 2059 1855 dederet

2150 1793 2251 1870 ὅλη
2311 1794 2458 1872 χειρὶ
2516 1794 2782 1868 βοηθοῦσα
2828 1797 2904 1864 τῷ
2935 1792 3199 1867 πνεύματι
3233 1811 3249 1827 ο
3285 1794 3374 1850 καὶ
3419 1800 3572 1849 τοῦτο
3628 1790 3798 1861 δῆλον

425 1880 704 1952 orationi,
731 1880 990 1960 solejam
1014 1881 1328 1942 occidente
1354 1899 1474 1942 non
1500 1881 1667 1960 prius
1692 1901 1865 1962 quam
1891 1888 2063 1945 veni-

421 1977 561 2030 rent
585 1987 825 2031 sorores
853 1969 928 2030 ad
963 1969 1256 2032 cantanda
1279 1971 1562 2032 matutina
1597 1971 2063 2045 cantica,solve-

424 2055 525 2119 bat
553 2058 887 2120 orationem
927 2081 939 2118 :
976 2059 1082 2121 sed
1108 2078 1538 2140 nonnunquam
1568 2060 2065 2141 deprehendeba-

418 2153 518 2208 tur
549 2147 622 2209 ab
657 2149 741 2209 eis
777 2148 1000 2210 tollens
1034 2167 1270 2211 manus.
1327 2149 1662 2228 Aliquando
1693 2159 1890 2211 autem
1925 2169 2060 2213 cum

417 2254 665 2317 vespere
697 2237 859 2298 humi
893 2237 1238 2299 inclinasset
1270 2256 1486 2316 genua,
1522 2246 1644 2299 tota
1676 2257 1787 2300 nox
1812 2258 1943 2301 eam
1977 2242 2062 2303 sic

416 2326 662 2388 tenebat
680 2328 984 2408 jacentem
1011 2337 1068 2389 et
1089 2327 1502 2401 deﬂentem,et
1524 2328 1710 2390 Deum
1739 2329 2062 2392 vehemen-

425 2422 515 2476 ter
546 2427 817 2479 orantem
856 2437 871 2477 :
900 2426 958 2478 et
988 2419 1145 2494 quod
1187 2424 1276 2478 est
1299 2419 1568 2478 omnium
1595 2418 1848 2480 maxime
1873 2418 2059 2480 admi-

415 2505 697 2582 randum,
732 2526 866 2568 cum
903 2507 1004 2569 illa
1034 2509 1123 2570 sic
1153 2526 1218 2568 se
1272 2507 1332 2568 in
1388 2508 1506 2568 vita
1535 2517 1869 2579 exerceret,
1899 2517 2060 2570 tanta

421 2604 551 2658 erat
581 2598 714 2677 ejus
745 2597 1143 2672 humilitas,ut
1175 2598 1376 2659 nullus
1409 2617 1478 2658 ex
1507 2597 1717 2674 iis,qui
1746 2616 1812 2658 se
1843 2608 2059 2677 gerunt

413 2686 889 2767 improbissime,
923 2696 1123 2768 posset
1153 2707 1243 2759 ea,
1271 2706 1388 2767 qua
1423 2690 1548 2768 ipsa
1579 2696 1729 2762 erat,
1765 2707 1900 2750 esse
1934 2707 2061 2750 m0-

418 2775 749 2838 deratione.

497 2865 650 2927 X.Et
683 2875 746 2927 ut
775 2867 887 2929 alia
921 2867 1372 2948 omittam,qtta3
1403 2868 1689 2928 atferrent
1722 2867 2053 2927 molestiam

418 2962 666 3034 propter
699 2955 1168 3027 multitudinem,
1198 2975 1267 3018 ea
1285 2957 1530 3036 quidem
1564 2964 1894 3034 certe,quaa
1921 2962 2060 3015 sunt

417 3047 546 3118 ejus
567 3045 816 3106 maxime
844 3044 1086 3124 propria
1106 3053 1164 3104 et
1190 3046 1366 3123 longe
1404 3045 1784 3123 apertissima
1812 3043 2056 3122 indicia,

2148 1885 2291 1941 ἐστιν
2335 1882 2386 1947 ιξ
2442 1900 2514 1937 ων
2558 1887 2627 1957 τῇ
2671 1884 2810 1961 εὒχῇ
2854 1882 3093 1950 σδνήθως
3153 1881 3349 1948 ἑαυτὴν
3405 1881 3792 1959 ἱπιτράπουσα,

2147 1973 2304 2042 ἡλίου
2373 1974 2496 2046 πρὸς
2541 1971 2742 2044 δυσμὰς
2773 1971 2951 2042 ὄντος,
2985 1973 3047 2028 ού
3098 1971 3354 2050 πρότερον
3397 1970 3434 2038 ἢ
3486 1971 3581 2034 τὰς
3625 1969 3792 2028 ἀδελ-

2147 2064 2247 2142 φὰς
2301 2060 2572 2120 συνελθεῖν
2616 2063 2735 2137 περὶ
2779 2061 2873 2122 τὰς
2919 2070 3014 2120 τοῦ
3078 2060 3263 2137 ὄρθρου
3320 2058 3460 2123 ὡδὰς
3522 2059 3644 2116 ἔλυε
3685 2060 3790 2128 τὴν

2147 2154 2316 2232 εὐχήν
2350 2168 2365 2184 °
2413 2149 2535 2207 ἄλλ’
2581 2150 2747 2213 οὕτως
2796 2150 2887 2206 ὑπ’
2931 2150 3104 2207 αὐτῶν
3149 2149 3292 2205 ἔστιν
3322 2149 3410 2206 ὅτε
3442 2147 3792 2225 κατελαμϐά-

2146 2264 2262 2315 νετο
2307 2242 2515 2320 ἠρμένη
2562 2241 2657 2300 τὰς
2701 2253 2922 2320 χεῖρας.
2979 2238 3214 2296 ’Ἃλλοτε
3243 2237 3297 2295 δὲ
3342 2241 3415 2302 εἲς
3449 2239 3677 2317 ἑσπέραν
3723 2244 3793 2314 τῇ

2142 2338 2214 2410 γῇ
2243 2332 2308 2388 τὰ
2338 2333 2540 2408 γόνατα
2583 2329 2773 2388 δοῦσαν
2802 2332 2836 2397 ἡ
2869 2328 2972 2396 δ’λη
3006 2326 3093 2394 νὺξ
3125 2329 3288 2397 αὒτὴν
3342 2330 3473 2409 εἶχε
3525 2327 3788 2402 κειμένην

2144 2422 2282 2478 οὕτω
2327 2423 2413 2477 καὶ
2484 2419 2795 2489 κλαίουσαν,
2863 2421 2952 2475 καὶ
2995 2425 3112 2493 Θεῷ
3161 2423 3370 2496 θερμῶς
3425 2417 3736 2498 εὐχομένην
3771 2433 3786 2450 ·

2139 2513 2226 2567 καὶ
2281 2512 2308 2567 ὃ
2369 2508 2586 2566 πάντων
2643 2510 2928 2584 θαυμάζειν
2973 2506 3144 2580 ἄξιον,
3208 2510 3289 2565 ὁτι
3320 2515 3557 2564 τοιοῦτον
3606 2507 3790 2572 ἱκείνη

2139 2602 2251 2678 βίον
2297 2601 2542 2657 ἀσκοῦσα
2570 2605 2809 2655 τοιοῦτον
2835 2597 2966 2677 εἶχε
2998 2600 3058 2654 τὸ
3109 2596 3358 2676 φρόνημα
3403 2598 3676 2669 ταπεινὸν,
3714 2598 3791 2657 ὼς

2140 2689 2344 2763 μηδένα
2375 2690 2513 2770 φημὶ
2543 2691 2647 2744 τῶν
2680 2686 2747 2743 τὰ
2777 2687 3116 2765 πονηρότατα
3147 2685 3392 2763 δρώντων
3419 2685 3610 2752 ἇπίσης
3650 2687 3789 2761 αὐτῇ

2139 2778 2386 2837 δύνασθαι
2416 2792 2847 2858 μετριοφρονεῐν.

2220 2867 2289 2930 1'.
2330 2871 2427 2927 Καὶ
2468 2867 2560 2923 ’ίνα
2604 2865 2775 2924 τὲὶλλα
2830 2873 3008 2944 παρῶ,
3055 2866 3155 2924 ὅσα
3209 2870 3298 2925 καὶ
3325 2868 3424 2937 τὴν
3455 2866 3628 2934 ἀκοὴν
3688 2869 3783 2923 ἱν-

2141 2957 2383 3037 οχλήπει
2426 2955 2512 3015 διὰ
2547 2959 2604 3013 τὸ
2647 2955 2877 3028 πλῆθος,
2910 2955 3049 3012 ἀλλὰ
3077 2958 3144 3013 τά
3175 2979 3235 3034 γε
3276 2957 3538 3014 ἰδιαίτατα
3580 2956 3786 3022 ταύτης

2143 3052 2252 3121 καί,
2286 3048 2361 3109 ὡς
2392 3048 2454 3102 ἂν
2499 3044 2704 3122 εἴποις,
2762 3051 2908 3126 σαφῆ
2969 3049 3314 3124 γνωρίσματα
3343 3059 3468 3110 ταῖς
3509 3044 3783 3126 φιλοθὼις

418 3132 646 3193 tradam
672 3134 782 3212 piis
813 3135 1282 3212 animis,nempe
1314 3135 1605 3212 insignem
1644 3132 2051 3194 mansuetudi-

2146 3134 2444 3214 παραδώσω
2500 3140 2714 3215 ψυχαῖς
2755 3151 2768 3166 ·
2826 3137 2888 3193 τὸ
2940 3139 3037 3193 καθ
3094 3133 3396 3212 ὑπερϐολὴν
3451 3142 3649 3214 πρᾶον,
3695 3137 3790 3191 καὶ

416 3239 553 3282 nem
582 3231 641 3282 et
667 3222 823 3302 quod
854 3223 1080 3285 nemini
1109 3239 1365 3302 unquam
1387 3224 1507 3283 visa
1531 3223 1611 3284 sit
1631 3223 1783 3282 irata
1824 3240 1838 3284 :
1872 3222 2061 3284 chari-

418 3318 768 3392 tatem,quaa
789 3330 1028 3374 sorores
1044 3331 1280 3373 summo
1299 3311 1812 3392 complectebatur
1828 3330 2055 3390 amore,

423 3409 481 3462 et
512 3420 712 3461 earum
738 3420 946 3462 curam
974 3402 1223 3480 gerebat
1251 3419 1263 3462 :
1293 3401 1488 3462 inanis
1537 3401 1744 3481 gloriae
1781 3419 2056 3479 magnum

417 3490 1316 3572 0dium,indumentorum,quze
1339 3491 1424 3553 vel
1451 3491 1649 3554 idiota:
1679 3491 2055 3565 conveniret,

413 3580 828 3654 utilitatem,et
862 3580 959 3642 cui
995 3580 1222 3643 nullius
1257 3580 1480 3660 aequari
1512 3580 2055 3661 posset,t‘rugalita-

418 3677 563 3734 tem:
592 3671 738 3732 tales
757 3671 918 3731 enim
950 3680 1121 3733 erant
1143 3671 1401 3750 egregiae
1448 3670 1611 3732 illius
1654 3670 1898 3748 virginis
1922 3689 2053 3730 ves-

417 3760 744 3840 tes.quales
769 3760 856 3822 vel
883 3779 950 3821 ex
977 3759 1076 3834 iis,
1112 3761 1214 3841 qui
1241 3761 1298 3821 in
1324 3761 1448 3821 foro
1475 3759 1845 3833 mendicant,
1878 3759 2055 3822 dedi-

414 3859 626 3928 gnatus
649 3859 806 3911 esset
826 3850 1041 3930 aliquis
1064 3849 1250 3911 videri
1275 3850 1744 3929 gestarezeordis
1761 3868 2054 3910 summam

413 3940 901 4020 tranquillitatem
927 3949 986 4000 et
1007 3939 1562 4019 serenitatem,quze
1581 3938 1652 3999 ad
1692 3937 2053 4019 profundum

415 4047 606 4110 usque
627 4031 775 4090 adeo
799 4038 1194 4110 processerat,
1223 4037 1279 4089 et
1303 4048 1434 4090 eam
1458 4037 1774 4109 acceperat
1796 4027 2053 4107 qualita-

417 4127 561 4196 tem,
589 4128 646 4177 ut
671 4137 740 4178 ex
767 4128 1013 4180 externo
1041 4119 1242 4180 habitu
1268 4125 1428 4180 esset
1449 4118 1717 4180 evidens.
1746 4115 2054 4178 Postremo

2142 3228 2204 3283 τὸ
2262 3223 2532 3298 μηδέποτε
2589 3224 2778 3299 μηδενὶ
2831 3225 3063 3305 φανερὰν
3113 3225 3354 3304 γενέσθαι
3406 3223 3786 3303 ὀργιζομένην,

2141 3321 2203 3373 τὸ
2258 3320 2356 3381 τῆς
2415 3315 2632 3392 ἀγάπης
2687 3311 3008 3394 φιλάδελφόν
3067 3334 3128 3369 τε
3172 3314 3258 3370 οιαὶ
3309 3311 3692 3388 κηδεμονικὸν,
3725 3315 3790 3369 τὸ

2143 3408 2272 3485 πρὸς
2304 3403 2602 3469 κενοδοξίαν
2661 3402 2862 3479 κομιδῇ
2922 3403 3311 3479 μισοπόνηρον,
3370 3403 3433 3459 τὸ
3488 3409 3596 3458 τῶν
3628 3399 3787 3460 ἐνδυ-

2141 3497 2326 3570 μάτων
2383 3493 2569 3558 δεινῶς
2622 3491 2914 3571 ἰδιωτικὸν,
2968 3493 3058 3549 καὶ
3118 3495 3146 3550 ὃ
3190 3489 3421 3567 μηδενὸς
3481 3490 3649 3549 ἄλλου
3690 3491 3784 3565 ἦν,

2141 3586 2272 3663 πρὸς
2336 3583 2606 3642 εὐτέλειαν
2664 3583 3000 3658 ἐξισούμενον
3059 3583 3308 3662 (τοιαῦτα
3376 3582 3477 3660 γὰρ
3544 3583 3610 3638 τὰ
3681 3585 3786 3647 τῆς

2143 3677 2385 3752 εύτεεοοῧς
2417 3673 2622 3739 ἐκείνης
2663 3673 2961 3743 ἐσθήματα,
3009 3673 3109 3728 οἶα
3138 3673 3201 3727 ἃν
3255 3671 3344 3728 καὶ
3385 3676 3493 3726 τῶν
3534 3670 3622 3726 ἐπὶ
3678 3671 3784 3739 τῆς

2141 3765 2335 3842 ἀγορᾶς
2394 3763 2754 3820 ἐπαιτουντων
2799 3761 3072 3828 ἀπηξίωσε
3114 3782 3197 3825 τις
3257 3761 3482 3839 ὀφθῆναι
3514 3759 3714 3840 φορῶν)
3755 3775 3773 3790 ⁸

2139 3857 2201 3909 τὸ
2258 3859 2356 3920 τῆς
2402 3851 2614 3931 καρδίας
2674 3851 2921 3929 ἐσχάτως
2971 3850 3204 3924 νήνεμόν
3251 3870 3309 3906 τε
3367 3851 3456 3906 καὶ
3512 3846 3777 3925 γαληνὸν,

2140 3942 2280 3999 οὕτω
2336 3947 2595 4022 χωρῆσαν
2639 3942 2712 4004 είς
2743 3940 2901 4016 βάθος
2948 3940 3036 3996 καὶ
3067 3939 3320 4012 ποιωθὲν,
3355 3940 3426 4000 ὡς
3468 3938 3558 3997 καὶ
3612 3937 3780 4005 δῆλον

2140 4032 2244 4089 ὰπὸ
2290 4037 2388 4098 τῆς
2434 4031 2534 4097 ἔξω
2576 4033 2808 4108 γίνεσθαι
2853 4029 3233 4090 καταστάσεως
3265 4060 3290 4073 ο
3319 4027 3406 4084 ἐπὶ
3437 4033 3598 4083 πᾶσιν
3627 4026 3656 4082 ὃ
3682 4027 3780 4082 καί

2138 4123 2395 4200 τετάχθαι
2451 4122 2554 4194 πρὸ
2613 4120 2827 4176 πάντων
2882 4116 3053 4197 ἄξιον,
3116 4119 3178 4173 τὸ
3210 4118 3428 4176 σύννουν
3472 4117 3636 4183 αύτῆς
3693 4115 3787 4173 καί

417 4206 501 4285 id,
537 4206 694 4287 quod
740 4219 864 4268 erat
905 4208 1345 4286 pra'l'erendum
1395 4213 1652 4284 caeteris,
1689 4206 1846 4288 quod
1897 4214 2058 4268 esset

2146 4212 2492 4288 προσεκτικὸν
2535 4211 2624 4266 καὶ
2682 4207 2914 4285 ἀκριϐῶς
2944 4206 3234 4288 ἀδιᾶχυτον
3271 4223 3285 4238 ·
3320 4205 3371 4273 ἐξ
3417 4207 3582 4281 οὗπερ
3638 4204 3780 4261 ἀκο-

417 4312 658 4375 semper
677 4295 1077 4374 cogitabunda
1100 4305 1158 4356 et
1178 4305 1490 4369 attenta,et
1515 4297 1692 4376 plane
1728 4295 2052 4374 ejusmodi,

2146 4300 2354 4359 λουθούν
2413 4300 2567 4378 εἶχε,
2602 4301 2663 4355 τὸ
2716 4296 2988 4373 μηδέποτε
3048 4297 3248 4364 ταύτης
3307 4297 3428 4361 τοὺς
3473 4292 3779 4374 ὀφθαλμοὺς

416 4393 480 4447 ut
503 4404 618 4446 non
642 4386 856 4465 gaudio
878 4385 1426 4446 ditl‘underetur.Ex
1449 4404 1568 4461 quo
1593 4386 1703 4448 hoc
1727 4403 2056 4466 conseque-

2146 4389 2371 4467 δακρύων
2404 4391 2618 4466 ὁρᾶσθαι
2652 4388 2862 4466 κενοὺς,
2897 4385 3020 4443 ἀλλ’
3085 4383 3291 4443 ὠδίνειν
3335 4385 3442 4458 ἀεὶ,
3488 4385 3624 4441 κατὰ
3679 4383 3781 4445 τὰς

414 4473 679 4552 batur,ut
706 4493 1002 4556 nunquam
1027 4475 1372 4536 viderentur
1401 4476 1534 4553 ejus
1551 4476 1713 4538 oculi
1737 4475 1950 4536 inanes
1974 4475 2050 4536 la-

2146 4480 2217 4535 Ξιεὶ
2247 4477 2535 4556 βλοζούσας
2565 4479 2671 4533 τῶν
2704 4474 2904 4534 ὓδατων
2934 4476 3136 4554 πηγάς.

415 4564 658 4644 crymis,
687 4565 789 4626 sed
815 4582 1055 4643 semper
1077 4564 1446 4645 parturirent
1466 4564 1840 4646 aliquid,non
1873 4581 2048 4625 secus

415 4671 485 4715 ac
513 4655 730 4729 fontes,
764 4671 836 4716 ex
867 4653 1086 4733 quibus
1117 4673 1273 4733 aqua
1301 4672 1545 4736 semper
1574 4653 1842 4718 scaturit.

498 4743 596 4806 ΧΙ.
633 4727 813 4806 Porro
837 4727 1030 4806 autem
1070 4727 1202 4806 cum
1230 4764 1299 4806 ea
1323 4727 1482 4806 esset
1505 4764 1536 4805 e
1565 4747 1679 4806 vita
1704 4760 2044 4815 excessura,

2216 4727 2325 4797 Μ’.
2389 4737 2596 4802 Ταύτης
2655 4736 2741 4791 οὖν
2798 4736 2890 4791 τὸν
2949 4733 3061 4810 βίον
3121 4732 3422 4802 μελλούσης
3453 4728 3775 4803 απολιπεϊν,

416 4837 780 4908 eratquideir
802 4838 923 4893 dies
939 4839 1113 4893 festus
1131 4838 1283 4893 beati
1301 4837 1708 4907 Ephraim,n0n
1724 4851 1895 4908 quem
1911 4836 2054 4892 aluit

2146 4829 2290 4906 ἑορτὴ
2349 4828 2447 4902 μὲν
2525 4826 2591 4893 ἦν
2669 4832 2762 4882 τοῦ
2820 4825 3081 4900 μακαρίου
3135 4821 3388 4903 Ἐφραὶμ,
3447 4821 3554 4900 ούχ
3612 4819 3672 4874 ὃν
3737 4821 3774 4888 ἡ

416 4922 718 5002 δγτὶοβθιί
744 4923 839 5002 qui
866 4929 991 4983 erat
1013 4922 1230 4984 civitati
1257 4932 1430 4983 notus
1454 4931 1510 4982 et
1533 4921 1885 4983 familiaris:
1923 4919 2046 5000 qui,

2146 4919 2318 4994 Σύρων
2376 4915 2560 4992 ἔθρεψε
2605 4920 2702 4994 γῆ,
2758 4912 2898 4969 ἀλλὰ
2928 4913 3196 4991 γνωρίμου
3236 4913 3333 5002 καὶΔ
3383 4911 3638 5002 συνηθους
3705 4914 3780 4985 τῇ

415 4998 972 5094 ἰῐῖίιυειιη,ρι·ὲοείθιό
998 5012 1150 5073 rexit
1171 5013 1375 5073 sedem
1401 5011 1889 5092 Mylassenorum.
1911 4998 2052 5089 Epi-

2146 5007 2314 5076 πόλει,
2363 5012 2456 5061 τοῦ
2498 5006 2588 5060 τὸν
2632 5005 2838 5082 θρόνον,
2894 5003 3053 5080 φημὶ,
3086 5007 3194 5057 τῶν
3238 4998 3562 5056 Μυλασσέων
3615 5018 3776 5076 περι-

413 5086 632 5182 scepus
662 5086 863 5163 autem
901 5101 1120 5162 Paulus
1153 5120 1285 5163 cum
1343 5086 1478 5162 toto-
1519 5100 1738 5180 pepulo
1774 5086 2048 5170 civitatis,

2146 5103 2315 5173 φανῶς
2373 5095 2773 5168 κοσμήσαντος,
2839 5086 2896 5148 Ὀ
2955 5091 3136 5166 μέντοι
3199 5088 3491 5153 ὶπίσκοπος
3564 5086 3777 5150 Παῦλος

414 5177 564 5251 ierat
586 5191 656 5250 ad
685 5196 873 5252 vicum
901 5189 1303 5252 Leucen.ll'ic
1329 5190 1486 5250 enim
1509 5177 1629 5250 erat
1661 5197 1714 5247 et
1737 5186 2051 5265 templum,

2146 5187 2228 5240 σὺν
2272 5184 2384 5260 ἅμα
2428 5187 2584 5240 παντὶ
2628 5188 2705 5256 τῷ
2746 5182 2937 5253 πλήθει
2970 5186 3065 5248 τῆς
3097 5178 3328 5256 πόλεως,
3374 5179 3460 5235 ἐπὶ
3491 5177 3592 5244 τὴν
3637 5183 3778 5234 Δευ-

419 5290 472 5341 et
495 5280 675 5341 divini
706 5280 984 5359 Epliraim
1005 5288 1176 5339 erant
1197 5297 1382 5340 sacra)
1404 5277 1680 5355 reposita)
1697 5275 2057 5355 reliquiae,et

2146 5276 2237 5342 κῆν
2269 5273 2460 5343 κώμην
2505 5272 2669 5349 ἀπῄει
2702 5291 2715 5305 ⁸
2760 5271 2878 5328 ἐκεῖ
2912 5271 3012 5349 γὰρ
3045 5271 3128 5326 καὶ
3159 5271 3185 5325 δ
3239 5269 3363 5332 ναὸς
3412 5268 3503 5347 ἦν,
3551 5267 3640 5323 καὶ
3683 5273 3780 5323 τοῦ

415 5370 630 5431 festum
659 5357 989 5430 celebraba'
1007 5387 1081 5430 ur
1103 5368 1437 5447 splendide.
1456 5367 1557 5428 [Ila
1581 5384 1718 5426 vero
1737 5383 1868 5425 cum
1893 5364 1966 5425 ad
1991 5382 2054 5424 se

2146 5367 2276 5422 θείου
2335 5361 2562 5443 Ἐφραὶμ
2615 5362 2753 5439 ἱερὸν
2812 5361 3065 5418 ἀπέκειτο
3111 5361 3385 5437 λείψανον,
3433 5358 3523 5415 καὶ
3568 5357 3634 5413 τὰ
3686 5361 3781 5422 τῆς

416 5477 627 5520 omnes
650 5476 890 5519 sorores
913 5445 1410 5532 accersiisset,his
1429 5455 1628 5516 verbis
1645 5453 1796 5536 apud
1821 5472 1919 5514 eas
1941 5471 2055 5514 caa-

2146 5457 2331 5532 ἑορτῆς
2367 5453 2505 5511 πάνυ
2556 5451 2800 5527 λαμπρὸς
2859 5449 3118 5510 ἐτελεῖτο.
3172 5452 3236 5506 Ἠ
3295 5445 3349 5503 δὲ
3409 5449 3584 5508 πάσας
3644 5449 3781 5520 αδτῇ

415 5547 501 5628 pit
540 5547 648 5619 uti,
679 5565 810 5624 qua)
843 5564 1109 5623 magnam
1146 5545 1443 5606 habebant
1477 5533 1979 5615 moderationem,
2003 5551 2059 5601 et

2146 5547 2234 5606 τὰς
2287 5541 2515 5618 ἀδελφὰς
2560 5539 2929 5615 μετακλήτους
2961 5537 3331 5611 ποιησαμένη,
3369 5536 3545 5613 λόγων
3574 5533 3780 5614 ἤρχετο

415 5625 533 5698 una
558 5655 688 5696 cum
717 5636 1132 5697 moderatione
1167 5636 1552 5715 conjunctum
1581 5653 1845 5698 amorem
1872 5633 1931 5694 in
1958 5651 2057 5693 se-

2146 5637 2272 5708 πρός
2319 5635 2476 5698 iure;
2519 5627 2759 5708 τοιῶνδε,
2811 5629 2946 5686 πολὺ
3005 5632 3065 5687 τὸ
3121 5629 3330 5707 μέτριον
3363 5625 3627 5707 ἑχόντων,
3688 5625 3781 5679 γαὶ
