4032 6202
219 365 350 432 993

1573 371 1754 433 VlTA
1804 372 1864 432 S.
1911 369 2274 435 EUSEBI/E.

3491 372 3602 435 994

213 514 305 580 τῷ
361 513 560 585 μετρίῳ
616 505 1046 584 συγκεκραμένον
1101 506 1190 561 καὶ
1243 507 1304 561 τὸ
1361 501 1702 583 φιλάδελφον.
1769 512 1874 560 Κυι-

1968 505 2432 568 rores:Domince
2456 504 2864 584 meae,dicens,
2894 512 2949 565 et
2970 523 3350 586 sorores,ego
3370 507 3615 586 quidem

215 595 334 674 ρίαι
367 618 471 672 μου
516 596 612 652 καί
659 593 902 674 ἀδελφαὶ,
937 593 1189 671 λέγουσα,
1223 593 1333 670 ἐγὼ
1375 592 1472 667 μὲν
1516 593 1616 658 τὴν
1677 589 1884 657 πολλὴν

215 685 376 758 ὑμῶν
431 687 549 762 περὶ
580 684 674 758 εμὲ
729 683 1052 758 κηδεμονίαν
1111 681 1341 760 ἀκριϐῶς
1401 681 1518 737 λίαν
1568 681 1880 760 ἐπίσταμαι³

221 774 321 830 καὶ
378 773 525 836 ὅπως
585 773 739 839 ξένης
799 774 890 829 καὶ
946 770 1270 842 πλαντξτιδος
1315 770 1478 838 οὔσης
1535 768 1885 826 αντελάϐεσθέ

221 885 338 936 μου
395 867 494 928 τῆς
552 862 846 932 ἀσθενείας,
907 863 996 918 καὶ
1054 863 1189 918 εἴσω
1234 863 1340 918 τῶν
1392 861 1660 935 ὑμετέρων
1712 859 1884 916 ἔθεσθε

219 951 613 1032 σπλάγχνων,
686 953 771 1009 ναὶ
845 952 1230 1030 φιλανθρώπως
1299 953 1444 1025 ἡμᾶς
1516 951 1880 1024 ῴκειώσαοθε·

222 1041 372 1097 ἀλλὰ
413 1043 508 1100 καί
581 1043 738 1098 τανῦν
793 1042 944 1116 ὑμῶν
998 1038 1208 1120 δέομαι,
1272 1043 1354 1096 ναὶ
1411 1037 1610 1118 σφόδρα
1672 1037 1880 1115 δέομαι,

224 1129 374 1205 μηδὲ
430 1131 692 1198 ἀπιούσης
725 1129 866 1206 λήθῃ
894 1133 956 1186 τὸ
1006 1130 1138 1204 ἐμὸν
1165 1129 1369 1209 δοῦναι,
1401 1127 1539 1186 ἀλλὰ
1571 1132 1658 1185 καὶ
1700 1127 1886 1202 πολλῷ

223 1219 438 1294 μᾶλλον
497 1217 717 1288 αὐξῆσαι
770 1221 829 1275 τὸ
880 1219 1120 1299 φίλτρον,
1153 1218 1250 1276 καί
1303 1221 1403 1283 τὴν
1463 1218 1601 1293 ἐμὴν
1661 1217 1887 1292 μνήμην

224 1309 574 1388 ἀνάγραπτον
617 1313 742 1374 ταῖς
771 1310 918 1384 ὑμῶν
968 1307 1474 1387 δσίαιςέγχαρὲξαι
1527 1312 1762 1387 ψυχαῖς,
1795 1308 1884 1364 καὶ

223 1399 386 1456 ἆνίκα
429 1398 476 1455 δ’
506 1401 569 1456 ἃν
621 1401 709 1456 καὶ
754 1403 872 1471 Θεῷ
927 1398 1326 1478 προσέρχησθε,
1360 1399 1446 1454 καὶ
1489 1411 1682 1476 χεῖρας
1738 1397 1883 1461 ὁσίας

225 1490 426 1567 αἵρητε
471 1491 602 1567 πρὸς
657 1489 840 1562 αὐτὸν,
899 1491 986 1544 καὶ
1042 1487 1173 1563 ἐμοῦ
1229 1491 1326 1554 τῆς
1385 1485 1626 1550 εύτελοΰς
1670 1486 1779 1561 (καὶ
1836 1487 1886 1541 τί

226 1583 336 1658 γαρ
364 1576 498 1636 ἄλλο
528 1579 565 1646 ἢ
608 1576 800 1644 δούλης
861 1578 1007 1652 δμῶν
1049 1597 1065 1648 ;
1107 1577 1260 1644 εἴητε
1305 1577 1668 1651 μεμνημέναι,
1703 1575 1882 1638 Olim):

223 1669 343 1746 εγὼ
381 1671 528 1739 ζῶσα
583 1669 671 1723 καὶ
714 1667 974 1730 ἀθάνατος
1034 1664 1252 1741 ἔσομαι,
1304 1668 1391 1720 καὶ
1429 1667 1566 1740 μετὰ
1623 1664 1776 1730 τέλος
1831 1663 1885 1720 εἷ’

224 1778 314 1820 τις
364 1757 617 1824 αἴσθησις
660 1753 1014 1834 διαφερόντως
1073 1755 1402 1829 ἡσθήσομαι.
1463 1760 1567 1813 Νῦν
1625 1754 1746 1831 γὰρ,
1809 1755 1883 1811 ὡς

1972 612 2458 676 magnam,quam
2485 595 2602 656 mei
2626 595 2914 673 gessistis,
2951 613 3153 656 curam
3187 607 3350 659 recte
3383 596 3533 672 scio,
3557 605 3614 658 et

1970 686 2477 763 quemadmodum
2541 703 2672 745 cum
2727 701 2920 745 essem
2985 695 3231 746 externa
3281 696 3341 746 et
3379 705 3610 760 errans,

1971 789 2164 833 meam
2217 774 2574 850 suscepistis
2606 773 3094 839 imbecillitatem.
3133 782 3190 835 et
3239 774 3394 836 intra
3425 785 3616 836 vestra

1970 860 2203 923 viscera
2237 862 2582 943 posueritis,
2610 880 2828 942 meque
2858 861 3117 941 benigne
3139 863 3302 923 vobis
3333 864 3616 926 effecistis

1968 950 2349 1030 familiarem,
2376 953 2491 1013 Sed
2531 971 2689 1012 nunc
2725 952 2870 1012 mihi
2907 950 3072 1013 vobis
3102 962 3191 1014 est
3222 971 3392 1034 opus,
3418 953 3612 1026 valde,

1968 1039 2307 1120 inquam,et
2331 1060 2502 1121 opus,
2538 1054 2603 1104 ut
2636 1059 2748 1103 nec
2782 1059 2916 1102 cum
2951 1059 3283 1114 recessero,
3312 1061 3409 1104 me
3441 1061 3613 1104 man-

1970 1129 2126 1190 detis
2149 1129 2574 1192 oblivionizsed
2611 1129 2796 1192 multo
2825 1131 3014 1209 magis
3037 1149 3304 1192 amorem
3327 1132 3614 1210 augeatis,

1969 1226 2025 1280 et
2047 1219 2166 1281 mei
2193 1220 2542 1281 memoriam
2566 1220 2626 1281 in
2649 1219 2864 1281 vestris
2887 1219 3110 1281 sanctis
3133 1220 3354 1282 animis
3383 1221 3617 1283 descri-

1968 1316 2125 1388 ptam
2179 1318 2239 1370 et
2281 1309 2637 1390 impressam
2689 1317 3062 1372 conservetis
3095 1330 3110 1370 :
3145 1319 3202 1371 et
3256 1311 3495 1390 quando
3544 1310 3617 1373 ad

1971 1395 2154 1457 Deum
2190 1397 2513 1472 accedetis,
2551 1407 2609 1459 et
2640 1405 2878 1460 sanctas
2925 1417 3135 1459 manus
3166 1399 3238 1458 ad
3267 1399 3460 1478 ipsum
3497 1399 3616 1460 tol-

1968 1485 2281 1548 letis.meae
2301 1506 2536 1567 quoque
2554 1487 2800 1548 humilis
2822 1497 2882 1550 et
2898 1488 3240 1567 abjectte,et
3260 1489 3403 1568 quid
3429 1489 3613 1564 aliud,

1968 1575 2086 1635 nisi
2109 1584 2324 1639 vestrae
2343 1576 2607 1639 ancillae?
2627 1578 2756 1637 sitis
2779 1577 3205 1642 memores.Sic
3234 1595 3342 1656 ego
3365 1595 3469 1639 ero
3491 1582 3620 1641 viva

1967 1671 2028 1726 et
2059 1664 2444 1731 immortalis.
2479 1676 2538 1728 et
2585 1675 2718 1746 post
2749 1667 2927 1728 finem
2963 1667 3011 1727 si
3055 1667 3214 1728 ullus
3246 1677 3334 1729 est
3380 1687 3612 1732 sensus.

1970 1752 2139 1815 valde
2169 1753 2616 1818 lmtabor.Nunc
2647 1773 2784 1816 eum
2818 1765 3102 1836 quantum
3126 1775 3368 1837 possum
3389 1759 3612 1832 videre,

227 1851 361 1926 δρᾷν
413 1845 550 1926 ἔχω,
611 1843 766 1907 τέλος
824 1842 942 1924 ἔχει
1007 1845 1070 1899 τὰ
1134 1844 1252 1900 καθ’
1297 1845 1466 1918 ἡμᾶς,
1513 1843 1602 1899 καί
1673 1843 1740 1918 μέ
1805 1864 1881 1908 τις

1971 1842 2116 1904 mihi
2159 1843 2297 1904 finis
2329 1844 2629 1925 imminet,
2661 1852 2722 1906 et
2750 1846 3020 1925 quaedam
3058 1846 3274 1925 premit
3314 1847 3615 1922 molestia,

229 1934 390 2003 ὀδύνη
446 1935 688 2014 συνέχει,
730 1934 826 1991 καί
888 1930 1051 2014 φόϐος
1110 1931 1337 2011 ἄῤῥητος
1380 1931 1595 1990 διασείει
1644 1955 1745 2007 μου
1785 1933 1886 2000 τὴν

229 2023 472 2101 καρδίαν,
515 2026 593 2101 μή
631 2047 722 2098 μοι
766 2022 1026 2100 γένωνται
1069 2021 1320 2097 ἐμποδὼν
1373 2025 1424 2078 αἱ
1454 2021 1650 2080 πολλαί
1704 2023 1885 2101 ἁμαρ-

229 2115 338 2171 τίαι
390 2135 517 2190 μου,
578 2113 678 2172 καί
746 2117 848 2176 τῆς
924 2115 1052 2190 πρὸς
1131 2115 1263 2168 Θεὸν
1334 2111 1618 2189 ἀπείρξωσι
1684 2110 1877 2190 τρίϐου.

233 2201 384 2261 Ἀλλ’
443 2202 648 2280 εὕροιμι
692 2203 787 2266 τὰς
832 2203 978 2277 ὑμῶν
1035 2203 1176 2272 ἱερὰς
1236 2202 1403 2280 εὐχὰς
1457 2199 1684 2278 ὁδηγοὺς
1741 2201 1884 2280 ἀγα-

229 2292 351 2365 θᾶς,
397 2295 488 2350 καὶ
530 2293 631 2360 τὴν
687 2290 806 2348 ὁδόν
881 2315 973 2366 μοι
1035 2292 1232 2359 ταύτην
1299 2292 1701 2368 εὖμαριζούσας.
1771 2291 1882 2349 Κὰ-

229 2395 384 2440 κεῐνο
442 2379 497 2437 δὲ
534 2379 693 2438 πάλιν
721 2384 782 2440 ού
839 2382 1065 2459 μετρίως
1118 2382 1327 2456 θράττει
1377 2401 1481 2454 μου
1522 2380 1622 2446 την
1667 2379 1879 2458 ψυχὴν,

234 2472 321 2528 ὅτι
355 2473 443 2528 καὶ
491 2469 695 2526 Παύλου
724 2477 815 2527 τοῦ
849 2472 1032 2527 κοινοῦ
1083 2469 1310 2546 πατέρος
1342 2467 1757 2543 ὰπολὲλειμμαι,
1795 2469 1884 2525 καὶ

239 2559 358 2619 οὒδὶ
409 2561 570 2624 ἀίιτὸς
602 2559 715 2638 ἄρτι
769 2559 1030 2639 τυγχάνει
1085 2560 1266 2635 παρὼν
1305 2557 1720 2635 ὕπερευζόμενός
1781 2579 1883 2632 μου

237 2655 336 2717 τῆς
379 2646 708 2723 ἀποδημίας,
741 2649 836 2705 καί
894 2649 1106 2726 ἀγαθῶν
1161 2646 1388 2705 ελπίδων
1441 2649 1535 2704 οὐκ
1587 2646 1759 2724 ἔρημα
1819 2648 1884 2702 τὰ

237 2739 355 2795 ἐκεῖ
416 2760 509 2813 μοι
550 2738 749 2807 θήσωνο
817 2735 938 2794 ἀλλ’
985 2739 1138 2812 ὅμεϊς
1189 2759 1250 2813 γε
1293 2738 1496 2793 ἒλθόντι
1548 2737 1762 2809 εἴπατε,
1799 2737 1887 2792 καὶ

236 2827 347 2884 ἀνθ’
409 2829 565 2903 ἡμῶν
624 2827 892 2902 ἐπιμελῶς
953 2828 1089 2884 πάνυ
1144 2826 1394 2898 δεήθητε,
1429 2827 1508 2901 μὴ
1552 2826 1887 2882 ἐπιλαθέσθαι

233 2939 338 2994 μου
395 2922 495 2984 τῆς
553 2919 758 2997 Ξένης,
791 2917 860 2985 ἣν
909 2918 1061 2982 αὐτὸς
1113 2924 1248 2973 κατὰ
1293 2918 1384 2972 τὸν
1439 2921 1670 2994 Χριστοῦ
1724 2913 1885 2992 λόγον

231 3008 530 3086 συνήγαγε,
563 3009 650 3064 καὶ
685 3009 813 3084 πρὸς
847 3006 1048 3073 ταύτην
1078 3005 1250 3085 ἤγαγε
1280 3007 1380 3074 τὴν
1424 3003 1565 3065 ὁδόν.

312 3096 418 3156 ω’.
485 3104 661 3154 Ταῦτα
702 3100 868 3163 αὐτῆς
919 3094 1205 3174 λεγούσης,
1269 3096 1489 3152 ἆστακτὶ
1531 3096 1592 3152 τὸ
1656 3092 1877 3172 δάκρυον

227 3187 427 3251 πάσαις
494 3185 707 3265 ἀπέρρει
765 3190 873 3242 τῶν
942 3183 1229 3265 ὀφθαλμῶν
1272 3185 1416 3260 λύπῃ
1485 3205 1540 3242 τε
1586 3183 1874 3263 ἀπορῤήτῳ

227 3276 331 3343 τὴν
387 3276 576 3355 ψυχὴν
639 3275 1060 3355 ἐσπαράττοντο,
1107 3274 1203 3330 καί
1279 3275 1472 3351 ἁθυμία
1533 3275 1870 3354 σανείχοντο,

226 3365 322 3421 καὶ
359 3367 516 3422 οἱονεὶ
570 3370 756 3432 κοινῆς
811 3366 1020 3440 μητρὸς
1076 3366 1166 3421 καὶ
1220 3362 1536 3443 φιλόπαιδος
1588 3364 1875 3438 ἀπιούσης,

229 3453 412 3528 κύκλῳ
455 3453 860 3532 περιιστάμεναι
917 3454 1017 3521 τὴν
1065 3454 1316 3533 ὀρφανίαν
1358 3453 1646 3534 ὠδύροντο’
1697 3452 1881 3528 πολλῷ

228 3541 284 3598 δὲ
330 3543 493 3602 πλέον
537 3550 642 3600 τῶν
688 3541 776 3601 δύο
833 3541 1215 3620 θεραπαινίδων
1274 3545 1464 3620 αὒτῃς,
1517 3544 1579 3606 ἃς
1637 3543 1726 3600 καὶ
1782 3548 1880 3610 τῆς

228 3641 400 3712 φυγῆς
460 3633 590 3713 εἶχε
621 3633 710 3690 καὶ
762 3637 861 3700 τῆς
898 3633 954 3689 ἐν
1000 3638 1068 3710 τῇ
1110 3630 1233 3708 ξένῃ
1263 3630 1536 3711 διαγωγῆς
1571 3633 1878 3705 κοινωνοὺς,

107 3782 112 3786 ,
227 3723 293 3779 τὸ
350 3723 514 3786 πάθος
546 3721 776 3791 ἥπτετο.
836 3721 1047 3780 Πολλοῦ
1103 3729 1254 3801 γοῦν,
1289 3723 1363 3785 ὼς
1409 3723 1575 3797 εἰκὸς,
1615 3719 1882 3796 κλαυθμού

225 3812 318 3868 καὶ
366 3810 606 3890 οἰμωγῆς
662 3812 749 3869 καὶ
790 3811 1032 3891 ταράχου
1093 3810 1524 3890 συγκινηθέντος,
1573 3813 1646 3873 είς
1692 3811 1882 3867 οἶκτον

230 3901 329 3960 καί
374 3901 511 3969 αὕτη
557 3903 642 3958 καὶ
698 3899 895 3980 δάκρυα
935 3901 1105 3980 θερμᾶ
1163 3901 1501 3981 κατηνέχθηο
1549 3899 1693 3968 πλὴν
1743 3899 1880 3956 ἀλλὰ

225 3996 424 4050 θᾶττον
481 3991 615 4061 αὐτή
650 4012 710 4048 τε
754 4011 811 4047 τε
866 3991 1150 4072 ἀνήνεγκε,
1183 3992 1456 4056 κάκείναις
1486 3991 1712 4070 παρῄνει
1772 3996 1878 4046 τῶν

224 4079 463 4157 ὀδυρμῶν
533 4080 800 4160 ἀφεμένας
872 4081 1061 4144 ἑαυτὰς
1133 4081 1478 4161 εὐτρεπίζειν,
1554 4081 1651 4137 καί
1725 4085 1880 4137 τοῦτο

225 4168 434 4245 μᾶλλον
493 4183 748 4243 σκσπετν,
805 4169 995 4235 ’Ὅπως
1066 4172 1143 4244 μὴ
1219 4169 1274 4226 ἐν
1335 4173 1407 4244 τῷ
1474 4170 1642 4243 τέλει,
1692 4170 1874 4248 φησὶν,

229 4259 350 4326 ἄξια
407 4258 648 4338 δακρύων
705 4260 742 4327 ἦ
803 4260 869 4315 τὰ
911 4259 1173 4338 ἡμέτερα.
1238 4269 1336 4316 Δεῖ
1389 4259 1490 4338 γὰρ
1540 4262 1636 4324 τὰς
1695 4263 1878 4341 φρονί-

227 4371 363 4427 μους
419 4356 528 4406 τῶν
597 4348 874 4429 παρθένων
925 4348 1191 4431 ζηλῶσαι,
1271 4349 1367 4406 καί
1436 4350 1529 4414 τὰς
1598 4347 1878 4424 λαμπάδας

228 4440 456 4515 ἀνάψαι,
504 4439 599 4496 καί
671 4449 829 4498 τοῦτο
868 4439 1048 4496 θέσθαι
1107 4437 1192 4495 διὰ
1262 4434 1562 4520 φροντίδος,
1607 4439 1745 4496 ὥστε
1815 4437 1880 4506 δὴ

227 4528 321 4585 καὶ
363 4525 542 4585 ἔλαιον
602 4527 656 4584 έν
717 4541 836 4591 τοῖς
889 4526 1126 4606 ἃγγείοις
1186 4525 1397 4591 λαϐεῖν,
1461 4526 1772 4604 Ἐμέμνητο
1827 4526 1880 4583 δὲ

227 4619 317 4676 καὶ
364 4618 544 4699 θείων,
593 4618 873 4698 ῥημάτων,
921 4616 1002 4674 ὅτι
1051 4619 1138 4686 Μὴ
1195 4615 1444 4696 βραδυνετ
1503 4619 1717 4694 Κύριος³
1766 4617 1878 4686 ἥξει

229 4709 331 4788 γὰρ
384 4710 420 4777 ἡ
480 4707 653 4788 ἡπέρα
742 4709 930 4786 Κυρίου
991 4710 1065 4773 ὡς
1137 4706 1400 4782 κλέπτης,
1463 4707 1615 4765 Ἐπεὶ
1666 4704 1719 4772 δξ
1789 4710 1876 4766 καὶ

229 4797 368 4875 μετὰ.
447 4798 547 4865 τὴν
630 4797 938 4877 παραίνεσιν
1022 4797 1098 4854 ἔτι
1182 4796 1388 4874 μᾶλλον
1476 4799 1636 4862 αὒτὰς
1748 4799 1878 4877 εἶχε

226 4889 290 4945 τὸ
374 4885 563 4950 πένθος
598 4933 615 4964 ,
689 4887 780 4943 καὶ
862 4893 961 4954 τῆς
1057 4885 1245 4954 κλίνης
1351 4889 1467 4945 λίαν
1568 4891 1876 4965 περιπαθῶς

231 4976 480 5058 εἴχοντο,
544 4979 628 5034 καὶ
685 4975 802 5034 οὐδὲ
860 4979 1051 5055 μικρὸν
1102 4977 1404 5044 ἀποστῆναι
1475 4978 1669 5045 ταύτης
1725 4977 1877 5047 ἠνεί-

231 5082 420 5149 χοντο⁶
467 5067 604 5135 αὕτη
661 5069 758 5124 καί
798 5067 996 5148 χεῖρας
1052 5068 1142 5124 καὶ
1198 5065 1418 5144 ὄμματα
1463 5070 1594 5146 πρὸς
1667 5070 1881 5147 οὐρανὸν

231 5155 427 5238 ἄρασα,
480 5158 571 5214 καὶ
628 5168 750 5222 τοῖς
801 5162 908 5214 τῶν
971 5155 1259 5238 ὀφθαλμῶν
1306 5155 1520 5235 δάκρυσι
1582 5158 1680 5225 τὴν
1737 5155 1881 5215 ἔνδον

233 5244 464 5305 διάθεσιν
500 5251 600 5314 τῆς
645 5249 833 5326 ψυχῆς
891 5244 1330 5325 ἀπαγγέλλουσα,
1390 5238 1448 5305 Ὀ
1493 5247 1650 5326 Θεὸς,
1696 5245 1822 5326 ἔφη,
1855 5249 1884 5303 ὁ

240 5336 408 5394 πάντα
462 5357 556 5412 μοι
616 5334 784 5417 μέχρι
840 5342 936 5392 τοῦ
978 5342 1066 5392 νῦν
1104 5333 1584 5416 φιλανθρωπότατα
1623 5337 1882 5415 γεγονὼς,

235 5426 324 5482 καὶ
363 5426 566 5506 πατὴρ,
599 5426 689 5484 καὶ
729 5426 940 5505 μήτηρ,
998 5425 1087 5482 καὶ
1141 5428 1364 5504 τροφὸς,
1425 5428 1514 5482 καὶ
1571 5424 1790 5503 πατρίς,
1824 5428 1884 5482 τὸ

238 5512 402 5588 μόνον
439 5515 528 5572 καὶ
557 5511 652 5584 ἡδὺ
706 5519 807 5583 τῆς
835 5512 992 5583 ξενης
1049 5514 1181 5591 έμοῦ
1221 5515 1576 5596 παραμύθιον,
1611 5514 1768 5579 αύτός
1816 5537 1883 5592 με

319 5673 356 5726 4
385 5671 590 5737 Matth.
621 5687 760 5753 ειν,
790 5674 853 5739 4.

1970 1941 2029 1993 et
2058 1931 2498 2013 inexplicabilis
2553 1945 2752 1996 metus
2781 1952 2888 1997 cor
2941 1953 3136 1996 meum
3169 1936 3369 2014 agitat,
3400 1955 3475 1998 ne
3500 1939 3620 2000 sint

1971 2022 2118 2083 mihi
2151 2022 2588 2103 impedimento
2619 2025 2802 2085 multa
2839 2041 2968 2085 mea
3001 2035 3268 2105 peccata,
3296 2035 3620 2091 etarceant

1968 2110 2042 2172 ab
2061 2129 2293 2192 ea,qute
2312 2113 2383 2174 ad
2420 2111 2607 2173 Deum
2644 2112 2859 2184 tendit,
2887 2113 2999 2174 via:
3037 2115 3140 2175 sed
3177 2115 3482 2178 inveniam
3516 2135 3617 2180 sa-

1969 2218 2102 2262 cras
2125 2212 2350 2262 vestras
2374 2220 2585 2282 preces
2609 2202 2795 2264 bonas
2817 2202 3092 2279 duces,et
3117 2204 3269 2266 hanc
3294 2205 3442 2268 mihi
3466 2213 3616 2269 viam

1968 2290 2295 2352 reddentes
2327 2291 2560 2352 facilem
2595 2300 2653 2353 et
2684 2291 3048 2372 expeditam.
3088 2292 3272 2354 Porro
3303 2305 3500 2356 autem
3533 2297 3613 2358 il-

1967 2378 2067 2441 lud
2103 2397 2341 2458 quoque
2367 2399 2566 2440 meum
2598 2399 2717 2440 non
2743 2399 2950 2460 parum
2977 2381 3290 2444 conturbat
3320 2385 3610 2466 animum,

1968 2468 2125 2548 quod
2154 2478 2213 2529 et
2240 2487 2274 2528 a
2307 2468 2490 2530 Paulo
2514 2467 2727 2531 absum
2751 2478 3054 2532 communi
3079 2483 3284 2533 nostro
3315 2475 3614 2554 patre,qui

1967 2565 2245 2638 precatus
2276 2567 2438 2620 esset
2473 2577 2578 2638 pro
2611 2577 2745 2620 meo
2790 2560 3066 2635 decessu,
3102 2569 3159 2621 et
3191 2562 3512 2638 effecisset,
3545 2571 3616 2625 ut

1971 2665 2088 2707 non
2118 2647 2274 2708 bona
2303 2666 2410 2728 spe
2438 2648 2673 2710 defecta
2707 2649 2848 2712 illuc
2881 2652 3322 2730 proficiscerer.
3356 2653 3470 2715 Sed
3504 2669 3613 2716 vos

1971 2736 2031 2796 id
2064 2735 2119 2797 ei
2153 2755 2286 2797 cum
2319 2737 2551 2799 venerit
2577 2739 2852 2814 dicite,et
2886 2755 2991 2820 pro
3017 2739 3192 2801 nobis
3219 2741 3613 2804 vehementer

1975 2835 2162 2900 orate,
2200 2843 2274 2886 ne
2327 2827 2444 2888 mei
2494 2827 2878 2889 obliviscatur
2926 2827 3207 2909 Hospites,
3254 2849 3429 2911 quam
3481 2831 3610 2912 ipse

1967 2915 2400 2978 cenvenienter
2445 2918 2666 2980 Christi
2715 2919 2874 2980 dicto
2923 2918 3185 2998 collegit,
3221 2927 3302 2998 et_
3337 2921 3394 2980 in
3457 2921 3610 2984 hanc

1963 3005 2116 3067 viam
2149 3007 2416 3068 deduxit.

2015 3099 2116 3157 XII
2143 3100 2268 3157 Haec
2287 3117 2420 3159 cum
2445 3118 2508 3160 ea
2530 3103 3050 3167 diceret,omnibus
3073 3103 3340 3174 lacryme
3362 3103 3613 3176 proﬂue-

1959 3185 2101 3244 bant
2121 3200 2192 3242 ex
2215 3187 2423 3250 oculis.
2444 3198 2496 3244 et
2528 3187 2855 3258 dolore.qui
2881 3187 2993 3244 dici
3021 3202 3138 3245 non
3165 3195 3372 3258 potest,
3407 3205 3609 3248 earum

1960 3271 2330 3330 cruciabatur
2351 3271 2834 3344 animus,et‘gravi
2853 3285 3098 3330 mmrore
3122 3271 3609 3345 atfligebantur,et

1961 3365 2160 3427 utpote
2182 3359 2476 3416 communi
2505 3367 2558 3414 et
2590 3355 2845 3414 filiorum
2869 3358 3264 3413 amantissima
3303 3368 3488 3417 matre
3515 3373 3612 3416 re-

1963 3437 2288 3504 cedentem
2313 3440 2515 3496 orbem
2537 3439 3058 3504 circumsistentes,
3085 3439 3372 3499 deﬂebant
3391 3442 3610 3499 orbita-

1969 3531 2104 3582 tem:
2130 3526 2310 3583 multo
2340 3535 2530 3583 autem
2553 3523 2739 3596 magis
2761 3523 2904 3581 duas
2925 3524 3344 3595 ancillas,quas
3373 3536 3428 3584 et
3453 3527 3607 3599 fugae

1965 3617 2021 3664 et
2043 3608 2319 3678 vits,quaa
2338 3609 2392 3664 in
2419 3617 2655 3665 externa
2674 3609 2912 3678 regione
2926 3615 3052 3665 acta
3070 3609 3384 3671 est,babuit
3399 3611 3609 3678 socias,

1965 3693 2154 3763 attigit
2183 3699 2376 3751 motus
2399 3693 2600 3750 animi.
2635 3693 2775 3750 Cum
2798 3694 2991 3764 itaque
3023 3691 3337 3764 multus,ut
3374 3710 3479 3766 par
3499 3707 3610 3762 est.

1965 3776 2138 3839 fletus
2161 3778 2472 3858 luctusque
2489 3784 2547 3838 et
2571 3777 2862 3839 tumultus
2886 3785 3046 3839 esset
3067 3777 3443 3856 excitatus,ei
3462 3799 3612 3860 quo-

1965 3888 2081 3951 que
2109 3889 2313 3933 earum
2337 3870 2650 3934 miserenti
2673 3869 2886 3932 calidae
2912 3867 3275 3933 decidebant
3303 3871 3604 3952 lacrymte.

1963 3963 2255 4028 Caeterum
2279 3973 2337 4027 et
2355 3965 2486 4044 ipsa
2507 3964 2624 4026 cito
2646 3963 2718 4024 ad
2740 3981 2806 4025 se
2821 3963 3091 4039 rediit,et
3110 3963 3243 4026 illas
3273 3972 3364 4026 est
3385 3966 3606 4027 exhor-

1966 4067 2181 4134 tata,ut
2199 4058 2431 4121 relictis
2448 4057 2949 4138 fletibus,seipsas
2968 4065 3405 4137 componerent
3423 4068 3480 4121 et
3495 4059 3610 4123 hoc

1965 4155 2162 4235 potius
2185 4152 2750 4228 considerarent,ne
2773 4152 2834 4215 in
2860 4152 2979 4213 fine
2997 4152 3140 4232 ipsae
3166 4161 3368 4214 essent
3388 4153 3607 4235 dignm,

1965 4265 2101 4329 quas
2123 4245 2738 4327 defleantur.0portet
2761 4247 2944 4321 enim,
2971 4246 3188 4327 inquit,
3208 4264 3316 4308 vos
3341 4249 3609 4329 pruden-

1968 4355 2058 4405 tes
2079 4342 2298 4404 imitari
2319 4341 2708 4421 virgines‘,et
2729 4342 3064 4405 accendere
3080 4342 3192 4402 lam
3204 4342 3477 4423 pades,et
3496 4343 3610 4407 hoc

1963 4453 2203 4510 curare,
2229 4445 2293 4497 ut
2325 4436 2384 4496 in
2409 4436 2619 4497 vestris
2641 4434 2798 4497 vasis
2829 4435 3144 4515 accipiatis
3165 4436 3390 4498 oleum.
3423 4436 3608 4500 Porro

1964 4535 2163 4588 autem
2183 4525 2520 4589 divinorum
2547 4544 2782 4606 quoque
2799 4527 3120 4586 verborum
3150 4527 3610 4608 meminit,quod

1905 4607 1946 4660 ο
1964 4614 2092 4679 Non
2118 4616 2309 4678 tardat
2324 4616 2846 4690 Dominus;veniet
2866 4616 3026 4677 enim
3051 4616 3182 4677 dies
3199 4617 3438 4679 Domini
3459 4607 3610 4679 sicut

1961 4705 2076 4768 fur.
2113 4704 2258 4770 Cum
2299 4723 2442 4767 vero
2488 4715 2619 4786 post
2645 4705 3121 4767 admonitionem
3162 4706 3367 4781 lugere
3420 4705 3610 4785 magis

1964 4803 2380 4874 pergerent,et
2401 4794 2555 4857 lecto
2580 4795 2877 4856 haererent
2904 4797 3073 4856 valde
3101 4795 3612 4872 miserabiliter,et

1963 4903 2075 4946 nec
2096 4884 2410 4946 minimum
2437 4884 2682 4964 quidem
2697 4883 2770 4945 ab
2792 4903 2862 4946 eo
2885 4885 3200 4947 discedere
3217 4883 3605 4961 sustinerent,

1966 4975 2094 5056 ipsa
2117 4992 2252 5036 cum
2275 4985 2334 5038 et
2360 4991 2572 5036 manus
2597 4984 2652 5035 et
2682 4974 2888 5036 oculos
2907 4976 2978 5037 ad
3007 4975 3222 5038 caelum
3245 4975 3605 5050 sustulisset,

1968 5073 2026 5125 et
2052 5063 2363 5126 oculorum
2408 5064 2684 5145 lacrymis
2717 5065 3012 5126 internam
3044 5067 3227 5126 animi
3275 5065 3611 5143 signiﬁcas-

1966 5162 2059 5216 set
2103 5155 2507 5230 aifectionem,
2542 5153 2726 5234 Deus,
2760 5155 2975 5235 inquit,
3012 5154 3112 5236 qui
3145 5153 3204 5214 in
3247 5155 3608 5215 hodiernum

1969 5261 2158 5325 usque
2188 5245 2349 5306 diem
2401 5244 2602 5307 omnia
2637 5244 2782 5305 mihi
2811 5245 2971 5306 fuisti
3022 5243 3474 5322 benignissime,
3512 5262 3610 5324 pa-

1969 5343 2062 5397 ter
2092 5343 2149 5396 et
2184 5343 2376 5394 mater
2407 5344 2465 5396 et
2497 5334 2718 5406 nutrix,
2755 5342 2812 5395 et
2844 5332 3052 5413 patria,
3089 5333 3281 5392 solum
3312 5343 3370 5392 et
3394 5333 3610 5411 jucun-

1968 5424 2110 5485 dum
2145 5423 2259 5484 mei
2302 5422 2562 5504 hospitae
2591 5423 2894 5496 solatium,
2929 5423 3059 5501 ipse
3112 5439 3373 5502 quoque,
3407 5421 3611 5484 Domi-

1970 5530 2068 5595 ne,
2104 5511 2352 5591 dignare
2401 5529 2495 5573 me
2545 5529 2719 5574 mane
2767 5510 3080 5592 suscipere
3156 5509 3219 5572 in
3282 5527 3606 5594 supernam
