4098 6202
466 337 583 422 995

1755 280 2036 400 MEl‘iSlS
2081 334 2529 403 JANUARlUS.

3708 341 3826 408 996

471 474 746 554 patriam,
781 482 938 539 tuam
964 473 1263 535 civitatem
1297 472 1658 536 Jerusalem.
1692 474 1988 534 Memento
2011 493 2113 533 au-

2212 477 2287 529 ιαὶ
2318 482 2404 530 νίν
2435 478 2508 539 εἰς
2539 477 2636 544 τὴν
2669 475 2777 531 ἅνω
2808 476 3030 554 πατρίδα
3061 476 3159 544 τὴν
3189 474 3343 533 πόλιν
3384 477 3484 545 τιζν
3515 477 3612 544 σὴν
3643 470 3824 554 Ἰερου-

470 573 588 626 tem
613 565 822 625 harum
847 580 1085 643 quoque
1109 561 1410 635 omnium,
1435 580 1570 641 ιιυεε
1604 562 1748 622 mihi
1782 564 2118 622 secundum

467 653 745 734 spiritum
779 653 1113 731 conjunctae
1134 662 1299 723 sunt,
1338 662 1398 711 ut
1442 669 1705 726 sorores,
1742 665 1791 709 et
1831 670 2121 713 conserva

470 758 570 807 eas
592 742 935 821 superiores
960 738 1242 802 omnibus
1274 741 1521 819 maligni
1543 740 1834 802 daemonis
1856 741 2116 802 insidiis.

463 826 688 890 Harum
721 847 963 909 quoque
991 829 1239 890 duarum
1295 831 1443 890 mihi
1476 829 1781 909 praecipue
1812 848 2124 892 conserva-

465 935 599 979 rum
634 926 937 978 memento
963 919 1155 998 tu,qui
1175 918 1370 980 bonus
1394 929 1552 993 es,et
1577 920 1881 999 quomodo
1904 921 1962 980 in
1989 921 2122 994 hac,

472 1025 603 1086 qum
626 1022 711 1068 est
733 1008 802 1067 ad
828 1009 1296 1088 tempus,vita,et
1321 1008 1561 1085 fngm,et
1589 1008 1961 1084 laborum,et
1982 1010 2124 1070 alio-

474 1115 630 1170 rum,
666 1117 800 1175 quae
824 1097 881 1158 in
916 1107 1161 1159 externa
1195 1098 1445 1176 regione
1494 1099 1794 1172 feruntur,
1832 1102 2121 1159 malorum

474 1185 645 1250 fuere
675 1187 871 1257 sociaa,
902 1195 960 1247 et
989 1206 1023 1248 a
1056 1206 1150 1248 me
1179 1199 1469 1267 perpetuo
1502 1206 1780 1248 mansere
1810 1188 2119 1267 insepara-

474 1274 739 1337 bileszita
774 1284 836 1339 ut
867 1294 976 1337 nos
1005 1295 1246 1357 quoque
1278 1278 1397 1338 illic
1445 1278 1636 1338 simus
1670 1279 2119 1358 inseparabiles,

474 1375 533 1427 et
563 1364 732 1426 beata
766 1375 864 1426 tua
895 1366 1010 1426 vita
1038 1365 1305 1428 fruamur
1339 1366 1633 1428 concede.

552 1454 851 1517 Xli[.H:BC
877 1475 1008 1516 cum
1037 1468 1290 1535 praecata
1316 1466 1496 1528 esset,
1529 1457 1760 1534 rogavit
1789 1464 2124 1529 sorores,ut

474 1565 601 1607 eam
632 1565 838 1626 parum
864 1545 1436 1618 dimitterentQuod
1466 1548 1708 1626 quidem
1734 1566 1868 1606 cum
1902 1546 2118 1606 factum

2202 562 2387 637 σαλῆμ
2459 564 2845 642 παραμϐανειν.
2924 566 3190 639 Δέσποτα,
3265 564 3611 632 καταξίωσον⁹
3692 569 3827 639 μνή-

2203 656 2356 718 σθητι
2386 652 2440 709 δὲ
2465 657 2552 710 καὶ
2574 657 2772 711 τούτων
2806 660 3012 728 πασῶν,
3043 658 3102 711 αἳ
3129 657 3263 712 κατὰ
3293 653 3498 730 πνεῖ)μᾶ
3520 677 3611 729 μοι
3633 654 3833 734 ἃέελφι·

2205 748 2308 803 κὼς
2358 746 2824 819 συνηρμόσθησαν,
2859 745 2946 799 καὶ
3002 743 3267 821 ἀνωτέρας
3316 743 3475 805 αὐτὰς
3516 742 3693 807 πάσης
3747 743 3830 799 ἐν·

2206 828 2358 908 ἑδρας
2392 839 2483 888 τοῦ
2514 840 2751 902 πονηροῦ
2803 830 3145 909 διατήρησον·
3183 834 3270 887 καὶ
3300 836 3500 889 τούτων
3528 830 3581 886 δέ
3610 854 3710 905 μου
3734 839 3829 888 τῶν

2206 920 2294 976 δύο
2358 927 2464 977 τῶν
2528 920 2895 998 κατεξαίρετον
2952 920 3279 995 ὁμοδούλων,
3342 925 3370 978 ὁ
3426 922 3644 998 ἀγαθὸς,
3702 923 3832 991 μνή-

2208 1012 2384 1083 σθητι,
2450 1011 2537 1070 καὶ
2591 1010 2771 1088 ὥσπερ
2830 1011 2883 1066 ἐν
2928 1017 2994 1086 τῇ
3057 1011 3361 1087 προσκαίρῳ
3401 1032 3565 1087 ταυτῃ
3608 1017 3722 1085 ζωῇ
3758 1014 3836 1067 καὶ

2208 1121 2379 1176 φυγης
2422 1098 2547 1173 ἐμοὶ
2580 1101 2666 1154 καὶ
2724 1101 2900 1155 πόνων
2935 1100 3020 1155 καὶ
3059 1107 3165 1155 τῶι
3195 1099 3373 1155 ἄλλων
3403 1100 3511 1155 τῶν
3541 1101 3593 1153 ἓν
3634 1104 3703 1172 τῇ
3729 1095 3835 1172 ξένῃ

2207 1193 2385 1243 κακῶν
2444 1188 2830 1261 ἐκοινώνησαν,
2866 1191 2954 1245 καὶ
2985 1188 3281 1267 ἀχώριστοι
3311 1212 3413 1262 μου
3459 1188 3621 1267 μέχρι
3667 1187 3833 1246 τέλους

2203 1274 2490 1350 διέμειναν,
2530 1277 2668 1333 οὕτω
2723 1278 2990 1334 κάκεῖθειν
3021 1280 3161 1347 ἡμᾶς
3222 1279 3513 1357 ἁχωρίτου;
3562 1281 3725 1348 εἶναι,
3754 1277 3834 1331 καὶ

2204 1365 2301 1433 τῆς
2346 1366 2487 1443 παρὰ
2518 1368 2600 1422 σοὶ
2646 1368 2909 1445 μακαρίας
2969 1366 3260 1422 ἀπολαύειν
3307 1368 3449 1437 ζωῆς
3495 1366 3831 1431 καταξίωσον,

2287 1454 2399 1516 ll".
2460 1466 2633 1513 Ταῦτα
2708 1457 3131 1532 προσευξαμένη,
3186 1459 3373 1533 μικρὸν
3445 1456 3651 1534 ἐφεῖναι
3714 1457 3835 1521 αύτῆ

2204 1546 2298 1604 τὰς
2361 1543 2587 1609 ἀδελφὰς
2656 1545 2819 1611 ἠξίου’
2884 1546 3044 1622 οὗπερ
3101 1545 3165 1612 δὴ
3233 1546 3542 1622 γενομένου,
3588 1545 3836 1601 κάκείνων

475 1645 656 1710 esset,
692 1642 751 1696 et
799 1634 918 1696 illa:
949 1645 1152 1697 essent
1203 1654 1487 1715 egressae,
1524 1655 1555 1695 e
1609 1636 1763 1695 lecto
1813 1634 2124 1696 descendit

2212 1633 2546 1710 ὲξελθουσῶν,
2582 1640 2679 1700 τῆς
2711 1636 2897 1701 κλίνης
2934 1638 2963 1702 ἡ
3009 1635 3157 1702 Ξένη
3189 1634 3509 1693 διαναστᾶσα
3554 1638 3630 1707 τῷ
3660 1638 3840 1699 εὐκτι-

471 1721 744 1806 Hospita,
772 1734 832 1785 et
880 1726 1047 1786 venit
1077 1724 1148 1786 ad
1200 1728 1557 1786 oratorium.
1596 1724 1824 1786 Deinde
1868 1725 2119 1796 inclusa,

2212 1727 2310 1799 ρὶῳ
2360 1724 2740 1801 προσέρχεται·
2780 1724 2902 1779 εἶτα
2960 1724 3354 1800 ἒγκλεισαμὲνη
3407 1725 3491 1778 καὶ
3521 1724 3647 1799 γόνυ
3690 1720 3839 1778 δοῦσα

473 1834 608 1885 cum
634 1833 790 1894 genu
816 1815 1080 1875 ﬂexisset
1101 1813 1163 1875 in
1187 1822 1430 1887 terram,
1459 1816 1694 1875 intense
1715 1815 1947 1885 orabat,
1975 1814 2122 1873 dna-

2212 1818 2276 1887 τῇ
2345 1817 2439 1890 γῇ,
2496 1813 2865 1887 συντεταμένω
2933 1816 3300 1892 προσηύχετο,
3352 1819 3457 1868 τῶν
3527 1812 3618 1869 δύο
3690 1816 3838 1890 θερα-

478 1903 592 1965 bus
608 1903 847 1964 ancillis
870 1903 1244 1965 extrinsecus
1266 1923 1395 1964 eam
1416 1902 2124 1983 contemplantibus.Cum

2212 1902 2463 1958 παινίδων
2531 1901 2716 1966 ἔξωθεν
2786 1902 3086 1980 φιλοπόνως
3160 1904 3326 1970 αὐτὴν
3398 1901 3838 1979 παραθεωμὰων,

477 2010 547 2055 ea
580 2012 725 2071 ergo
765 1992 1102 2053 diutissime
1137 1995 1494 2074 produceret
1542 1994 1896 2063 orationem,
1930 1994 2124 2054 vident

2219 1992 2315 2058 Υῆς
2384 1997 2554 2070 εὐχῆς
2641 1995 2727 2047 οὖν
2804 1994 2887 2049 ἐπὶ
2970 1992 3225 2050 πλεῖστον
3313 1994 3445 2069 αύτῇ
3529 2011 3837 2068 παρατεινοο

475 2095 727 2161 repente
750 2082 942 2143 laetam
969 2093 1027 2143 et
1049 2081 1269 2144 claram
1296 2083 1489 2144 lucem
1518 2084 1760 2143 domum
1785 2082 2129 2153 cireumful—

474 2171 624 2233 sisse
653 2191 669 2232 :
705 2180 763 2233 et
785 2191 918 2232 cum
944 2189 1210 2245 suavem,
1241 2172 1344 2252 qui
1370 2173 1485 2232 dici
1511 2191 1625 2232 non
1655 2182 1867 2251 potest,
1897 2176 2125 2232 sensis-

473 2268 612 2323 sent
633 2261 902 2331 ederem,
934 2260 1030 2321 cui
1062 2261 1226 2322 nulla
1256 2271 1509 2338 possunt
1530 2262 1814 2332 conferri,
1837 2281 1970 2341 quae
1990 2270 2127 2322 sunt

470 2349 533 2411 in
570 2358 749 2424 terra,
784 2356 1078 2430 aromata,
1109 2355 1305 2412 statim
1343 2351 1499 2411 fores
1541 2352 1821 2428 aperiunt
1855 2370 1865 2412 :
1904 2362 1959 2412 et
1984 2371 2123 2411 cum

472 2437 653 2500 simul
680 2438 997 2499 iuuissent
1030 2438 1088 2516 (ο
1135 2440 1395 2501 divinam
1441 2442 1934 2519 Providentiam;
1967 2440 2128 2501 inve-

472 2527 646 2589 niunt
679 2527 986 2608 Hospitem
1028 2527 1286 2591 feliciter
1315 2529 1718 2603 obdormisse,
1755 2539 1813 2590 et
1843 2531 1913 2589 ad
1947 2549 2125 2609 quem

470 2616 852 2680 desiderabat
903 2618 1201 2681 Christum
1235 2636 1370 2680 esse
1428 2620 1752 2693 profectam
1786 2620 1929 2681 hora
1960 2630 2124 2680 sexta

471 2707 591 2770 diei
624 2707 890 2772 Sabbati.
924 2706 1194 2787 Egressze
1224 2727 1366 2787 ergo
1399 2726 1533 2771 cum
1570 2709 1784 2771 ﬂentes
1814 2721 1873 2771 et
1902 2710 2127 2771 vocife-

469 2807 679 2861 rantes
710 2814 953 2861 sorores
980 2807 1437 2874 convocassent,
1473 2817 1601 2859 eam
1638 2798 2124 2872 circumstabant,

474 2894 533 2947 et
563 2906 776 2949 omnes
829 2887 1010 2951 simul
1044 2886 1426 2967 plangebant.
1488 2888 1652 2950 Deus
1682 2897 1879 2948 autem
1926 2888 2129 2949 volens

473 2974 736 3055 desuper
785 2976 1134 3050 ostendere,
1166 2975 1508 3055 cujnsmodi
1561 2975 1661 3038 lux
1711 2976 2017 3038 celabatur
2065 2977 2126 3037 in

480 3082 695 3125 occasu
749 3065 925 3143 hujus
968 3066 1123 3138 vitae,
1159 3065 1418 3125 maximo
1470 3066 1643 3142 signo
1692 3083 1822 3126 eam
1875 3065 2129 3127 honorat

2212 2080 2403 2158 μένης,
2463 2082 2650 2158 ἀθρόον
2722 2086 2882 2160 ὁρῶσι
2949 2083 3061 2158 φῶς
3121 2084 3210 2139 τὸν
3283 2082 3441 2140 οἷκον
3504 2081 3843 2156 περιλάμψαν

2212 2168 2449 2250 φαιδρὰν
2542 2170 2769 2247 ἀρρήτου
2854 2174 2907 2225 τὲ
2990 2195 3130 2235 τινος
3217 2172 3524 2244 αἰσθόμεναι
3607 2168 3843 2240 εὐωδίας,

2212 2258 2377 2318 οὐδενὶ
2423 2266 2527 2333 τῶν
2573 2260 2655 2315 ἐπὶ
2714 2261 2812 2337 γῆς
2848 2261 3144 2338 ἀρωμάτων
3204 2260 3576 2333 εἰκαζομένης,
3608 2260 3705 2322 τὰς
3761 2259 3850 2314 πύ-

2210 2351 2306 2414 λας
2380 2351 2523 2412 εὒθὺς
2590 2352 2854 2427 ἀνοίγουσι
2929 2353 3013 2405 καὶ
3077 2357 3509 2407 συνεισπεσοῦσαι
3574 2348 3647 2419 (ὣ
3710 2352 3849 2410 θεῖας

2209 2441 2511 2512 οἰκονομίας
2548 2437 2623 2516 ξ),
2669 2441 2765 2507 τὴν
2821 2441 3080 2515 μοκαρίαν
3148 2444 3307 2517 ὁρῶσι
3365 2440 3547 2506 Ξὲντ,ν
3580 2440 3851 2514 μακαρίως

2212 2529 2556 2602 ὑπνώσασαν,
2618 2532 2711 2585 καῖ
2775 2532 2870 2597 τὴν
2941 2531 3071 2606 πρὸς
3146 2531 3203 2583 ὃν
3259 2532 3561 2595 ὲπεποθησε
3635 2530 3852 2603 Χριστὸν

2211 2617 2593 2693 στειλαμένην,
2662 2618 2823 2683 ἕκτης
2886 2619 3025 2695 ὥρας
3097 2618 3214 2675 καθ’
3284 2620 3486 2696 ἡμέρας
3583 2615 3851 2673 Σάϐϐατον

2211 2708 2526 2780 ἱσταμένης.
2619 2709 2870 2775 Εἷξήλοον
2955 2709 3066 2780 οὖν,
3142 2710 3229 2764 καὶ
3311 2709 3405 2772 τὰς
3490 2705 3722 2785 ἀδελφὰς
3803 2705 3850 2760 ὲν

2213 2798 2465 2871 κλαυθμῷ
2507 2802 2593 2855 καὶ
2803 2798 3216 2877 συγκαλέσασει,
3262 2797 3597 2873 περιίαταντό
3640 2816 3701 2852 τε
3758 2799 3850 2853 αύ-

2213 2889 2334 2962 τὴν,
2369 2890 2460 2944 καὶ
2502 2888 2614 2961 ἅμα
2646 2889 2841 2952 πάσαις
2904 2889 3216 2949 ἐκόπτοντο,
3256 2877 3311 2944 Ὀ
3356 2886 3537 2959 μέντοι
3572 2887 3705 2949 Θεὸς
3737 2882 3849 2940 δεῖ·

2212 2978 2293 3041 ξαι
2353 2983 2479 3033 πᾶσι
2524 2976 2847 3053 βουλόμενος
2893 2977 3114 3051 ἄνωθεν,
3149 2981 3267 3035 οἷον
3315 2983 3426 3054 φῶς
3483 2976 3536 3033 ἓν
3589 2987 3716 3037 ταῖς
3746 2979 3852 3052 ,τοῦ

2211 3066 2326 3142 βίου
2407 3065 2555 3122 τοῦδε
2637 3066 2865 3142 δυσμαῖς
2949 3068 3264 3145 ὶκρύπτετο,
3349 3067 3577 3143 μεγίστῃ
3666 3070 3852 3128 ταύτην

474 3160 608 3233 post
666 3161 946 3215 mortem.
996 3152 1143 3214 Cum
1205 3152 1367 3217 enim
1424 3171 1558 3215 eam
1608 3155 1732 3233 jam
1781 3153 2124 3235 reliquisset

2215 3156 2351 3231 μετὰ,
2406 3154 2557 3217 τέλος
2616 3157 2877 3232 Osos-apio,
2939 3163 3090 3230 τιμᾷ.
3155 3154 3298 3223 "Han
3334 3156 3434 3233 γὰρ
3491 3152 3855 3218 ἀπολιπούσης

470 3241 670 3304 anima
718 3240 998 3316 meridie,
1029 3251 1304 3322 essetque
1336 3261 1444 3304 aer
1477 3260 1752 3316 serenus,
1787 3253 1844 3304 et
1873 3243 1961 3305 sol
1993 3261 2124 3306 res-

2213 3246 2379 3307 abtiw
2448 3251 2546 3313 τῆς
2622 3249 2805 3325 ψυχῆς
2877 3247 3145 3321 μεσούσης
3231 3247 3433 3323 ἡμέρας
3463 3291 3479 3317 ,
3552 3243 3722 3308 αἱθίας
3802 3263 3855 3298 τε

470 3330 793 3413 plenderet
813 3330 1173 3406 clarissime,
1199 3332 1261 3392 in
1292 3333 1449 3396 coelo
1480 3343 1728 3413 apparet
1756 3333 1943 3395 veluti
1974 3352 2131 3414 quae-

472 3422 608 3483 dam
664 3439 906 3496 corona,
941 3439 1074 3501 quae
1102 3421 1297 3483 stellis
1349 3421 1640 3483 circulum
1673 3422 2135 3485 circumscribe-

472 3509 574 3572 bat
611 3533 624 3575 :
663 3510 726 3572 in
758 3511 957 3573 medio
988 3520 1186 3573 autem
1219 3530 1464 3574 coronae
1496 3512 1769 3575 cernitur
1799 3532 1966 3594 crux,
2001 3532 2133 3595 quae

471 3601 610 3681 ipsa
672 3621 909 3683 quoque
969 3612 1097 3664 erat
1154 3603 1347 3665 stellis
1404 3603 1621 3665 lucidis
1670 3604 1935 3682 ﬁgurata.
1979 3606 2127 3665 Cum

473 3709 616 3769 ergo
652 3692 1010 3755 miraculum
1064 3691 1152 3753 sic
1181 3692 1471 3756 evasisset
1510 3694 1895 3756 manifestum
1930 3695 2129 3755 omni-

471 3781 609 3857 bus,
640 3782 961 3864 episcopus
1007 3783 1244 3862 Paulus,
1277 3782 1377 3864 qui
1411 3782 1473 3844 in
1519 3782 1714 3846 Leuce
1751 3786 1880 3846 vico
1930 3784 2127 3847 adhuc

473 3872 708 3952 agebat,
742 3891 876 3933 cum
926 3872 1038 3935 hoc
1074 3880 1289 3953 praeter
1339 3892 1506 3954 spem
1540 3874 1947 3954 spectaculum
2001 3876 2123 3936 suis

471 3963 773 4042 acciperet
830 3963 1043 4037 oculis,
1080 3962 1281 4024 divino
1342 3962 1574 4040 Spiritu
1634 3973 1852 4037 motus,
1892 3964 1986 4040 iis,
2021 3964 2123 4045 qui

472 4052 816 4131 congregati
867 4060 1062 4130 erant,
1123 4052 1319 4114 dixit:
1378 4050 1634 4114 Domina
1688 4051 1939 4133 Hospita
1991 4053 2125 4114 dor-

475 4140 625 4216 miit,
660 4149 720 4203 et
766 4141 880 4203 hoc
911 4149 1001 4203 est
1049 4140 1183 4220 ejus
1236 4141 1473 4221 signum
1516 4160 1755 4205 coronm
1795 4151 1852 4204 et
1902 4142 2120 4205 crucis.

552 4317 705 4383 XIV.
739 4317 1056 4400 Postquam
1079 4326 1276 4382 autem
1299 4319 1372 4382 ab
1394 4338 1466 4383 eo
1497 4320 1609 4382 fuit
1629 4330 1937 4402 peractum
1970 4324 2121 4385 sacri

476 4409 743 4489 mysterii
767 4409 1194 4483 ministerium,
1221 4428 1434 4489 magno
1458 4411 1659 4474 studio
1680 4412 1845 4474 illinc
1867 4413 2117 4477 recedit:

476 4518 596 4561 una
646 4517 781 4561 vero
808 4517 941 4560 cum
996 4518 1066 4560 eo
1098 4499 1200 4563 ivit
1250 4501 1519 4581 reliquus
1563 4521 1801 4583 quoque
1846 4504 2120 4582 populus.

474 4588 710 4651 Deinde
730 4606 865 4651 cum
891 4588 1148 4668 ingressi
1172 4599 1373 4652 essent
1396 4595 1719 4672 civitatem,
1748 4592 1952 4654 vident
1972 4592 2124 4672 episo

474 4696 691 4758 copum
718 4678 867 4740 nihil
900 4698 1035 4743 esse
1065 4679 1311 4742 omnino
1337 4680 1551 4742 falsum
1574 4700 1681 4743 sua
1713 4681 2123 4762 praedictione,

474 4767 581 4829 sed
613 4767 822 4830 eadem
857 4769 931 4830 ho
944 4788 1005 4830 ra
1028 4767 1339 4845 Hospitam
1364 4788 1398 4830 a
1422 4769 1606 4832 rebus
1636 4771 1962 4834 mundanis
1988 4790 2125 4834 vere

470 4857 657 4920 fuisse
687 4868 1145 4940 externam.qua
1168 4859 1317 4920 illud
1348 4859 1591 4939 signum
1614 4863 1905 4942 apparuit,
1939 4871 1996 4922 et
2028 4861 2126 4923 hic

471 4947 561 5010 vir
590 4947 790 5010 divino
822 4948 1046 5028 Spiritu
1077 4948 1330 5022 amatus,
1367 4949 1442 5011 de
1466 4969 1535 5011 ea
1573 4961 1663 5011 est
1707 4952 1833 5012 haec
1866 4951 2121 5012 locutus.

473 5035 618 5099 Cum
649 5047 767 5100 toto
793 5057 934 5117 ergo
973 5038 1193 5119 populo
1221 5038 1659 5102 concurrebant
1688 5059 1901 5102 omnes
1930 5039 2041 5101 viri
2071 5047 2128 5100 et

471 5127 928 5202 mulieres,cum
963 5145 1175 5206 magna
1200 5126 1626 5189 vociferatione
1654 5137 1712 5189 et
1733 5128 2128 5188 admiratione

475 5216 980 5282 dicenteszGloria
1007 5215 1404 5287 tibi,Christe,
1428 5217 1747 5296 gloria,qui
1774 5217 2016 5278 noluisti
2046 5227 2129 5279 ta-

472 5307 590 5369 lem
619 5309 960 5369 thesaurum
988 5306 1049 5367 in
1073 5317 1235 5368 terra
1259 5305 1465 5367 latere.
1493 5303 1694 5367 Gloria
1727 5305 2129 5379 tibi,omnium

470 5394 871 5479 Opifex,quod
895 5413 1128 5475 parvam
1155 5406 1422 5457 nostram
1450 5405 1509 5456 et
1540 5396 1597 5456 in
1632 5394 1992 5457 hodiernum
2028 5415 2125 5460 us-

466 5505 583 5566 que
607 5487 767 5549 diem
795 5485 1111 5547 obscuram
1146 5485 1473 5559 civitatem,
1509 5494 1626 5545 tam
1660 5484 1953 5546 illustrem
1989 5487 2119 5549 red-

467 5575 819 5651 dideris,'et
853 5574 1093 5643 dedisti,
1127 5585 1190 5636 ut
1222 5583 1424 5655 posset
1453 5574 1529 5636 de
1579 5574 1954 5655 tali‘gloriari
1988 5578 2124 5639 the-

467 5684 648 5729 sauro
707 5667 779 5730 Et
808 5666 896 5727 sic
930 5666 1173 5747 quidem
1206 5682 1419 5727 omnes
1473 5665 1902 5745 communiter,
1940 5668 2125 5732 multo

2214 3335 2400 3415 οὓσης,
2461 3336 2549 3391 καὶ
2607 3342 2699 3392 τοῦ
2758 3334 2908 3403 ἡλίου
2976 3334 3297 3414 φαιδρότατα
3354 3334 3694 3404 λάμποντος,
3752 3333 3856 3387 στέο

2213 3446 2377 3504 φανος
2428 3427 2546 3487 οἷος
2592 3424 2645 3481 ἐν
2706 3432 2783 3499 τῷ
2838 3427 3042 3505 οὖρανῷ
3090 3424 3441 3502 διαφαίνεται,
3502 3421 3569 3478 δι’
3628 3422 3854 3498 ἀστέρων

2215 3515 2306 3571 τὸν
2361 3514 2556 3571 κύκλον
2654 3517 3131 3595 περιγραφόμενος,
3199 3513 3255 3569 ἐν
3308 3520 3387 3587 τῷ
3444 3510 3592 3587 μέσῳ
3649 3510 3707 3566 δὲ
3772 3516 3855 3566 τοῦ

2215 3603 2477 3684 στεφάνου
2531 3607 2753 3682 σταυρὸς
2805 3608 3081 3683 καθωρᾶτο
3139 3602 3413 3681 λαμπροῖς
3480 3601 3706 3675 ἄστρασι
3776 3600 3857 3655 καὶ

2214 3694 2366 3759 οὗτος
2447 3693 2944 3774 σχηματιζόμενος.
3018 3696 3119 3752 Τοῦ
3189 3694 3458 3768 θαύματος
3532 3690 3621 3747 οὖν
3701 3689 3856 3753 οὕτως

2210 3783 2377 3843 ἅπασι
2437 3784 2724 3861 γενομένου
2796 3789 3155 3864 καταφανοῦς,
3218 3785 3246 3838 ὁ
3308 3783 3597 3844 ἒπίσκοπος
3664 3784 3857 3841 [Ιαῦλος

2212 3873 2288 3931 ἔτι
2348 3874 2467 3953 περὶ
2511 3875 2607 3940 την
2662 3873 2871 3940 Λευκὴν
2920 3873 3110 3942 κώμην
3169 3869 3390 3949 διάγων,
3426 3872 3511 3927 καὶ
3565 3870 3625 3926 τὸ
3688 3868 3856 3946 παρά-

2208 3962 2357 4030 δοξον
2414 3970 2570 4021 τοῦτο
2628 3964 2799 4038 θέαμα
2837 3962 3135 4043 ὀφθαλμοῖς
3189 3960 3336 4026 ἰδίοις
3396 3959 3848 4039 παραλαμϐάνων,

2208 4052 2337 4131 γείῳ
2395 4054 2661 4127 Πνεύματι
2715 4054 2978 4131 κινηθεὶς,
3017 4044 3077 4107 ’Π
3122 4054 3272 4128 κυρία
3324 4049 3498 4128 Ξένη,
3547 4050 3683 4127 πρὸς
3737 4048 3850 4109 τοὺς

2209 4140 2646 4219 συνειλεγμένοῦς
2710 4140 2835 4221 ἔφη,
2870 4142 3212 4220 κεκοίμηται,
3246 4141 3330 4196 καθ
3386 4141 3581 4207 ταύτης
3637 4137 3745 4215 ἄρα
3799 4137 3853 4193 τὸ

2206 4246 2443 4307 σημεῖον
2472 4238 2563 4288 τοῦ
2594 4232 2853 4311 στεφάνου
2882 4239 3038 4287 τοῦτο
3067 4231 3160 4291 καί
3187 4236 3279 4288 τοῦ
3311 4237 3558 4307 σταυροῦ.

2288 4320 2380 4378 IA’
2475 4320 2533 4378 ’E
2927 4321 2973 4376 ’λ
3314 4321 3325 4335 ‘
3417 4321 3651 4373 ναι*
3767 4319 3803 4348 *-

2394 4370 2407 4383 .
2539 4344 2626 4378 πει
2660 4338 2714 4376 OE
2763 4344 2847 4379 και
2884 4342 2937 4376 τε
2977 4344 3029 4384 ος
3090 4343 3236 4390 αυτῳ
3276 4342 3341 4377 τα
3380 4341 3481 4385 τη..
3561 4339 3686 4396 ερας
3735 4335 3854 4393 ειιε

2209 4411 2783 4488 μυσταγωγίας,’κατὰ
2839 4409 3074 4477 σπουδὴν
3104 4410 3307 4467 ἐκεῖθεν
3365 4409 3543 4484 ἀνῄει·
3609 4402 3856 4480 συνανῄει

2209 4500 2264 4557 δὲ
2322 4500 2464 4573 αὐτῷ
2496 4501 2582 4555 καὶ
2638 4502 2665 4555 ὁ
2694 4498 2879 4563 λοιπὸς
2911 4499 3052 4563 ἅπας
3098 4498 3291 4580 ὄχλος*
3327 4498 3451 4555 εἶτα
3481 4499 3569 4553 καὶ
3600 4503 3701 4563 τῆς
3755 4495 3856 4550 πό·

2212 4590 2347 4653 λεως
2406 4586 2551 4647 ἔνδον
2584 4590 2886 4666 γενόμενοι,
2920 4593 3203 4666 θεωροῦσιν
3261 4586 3404 4645 οὐδὲν
3440 4585 3581 4651 ὅλως
3641 4583 3857 4661 διαμαρο

2209 4686 2369 4735 τόντα
2431 4680 2524 4735 τὸν
2578 4680 2868 4735 ἐπίσκοπον
2948 4682 3045 4745 τῆς
3104 4676 3469 4755 προῤῥήσεως,
3527 4673 3666 4730 ἀλλὰ
3744 4670 3858 4729 κατ’

2211 4769 2374 4836 αὑτὴν
2432 4770 2532 4836 τὴν
2561 4768 2702 4846 ὥραν
2762 4768 2861 4835 τὴν
2905 4768 3083 4834 Ξένην
3141 4766 3301 4834 ξανην
3344 4767 3510 4828 ὄντως
3569 4764 3859 4841 γενομένην

2209 4860 2314 4913 τῶν
2375 4858 2696 4935 ὲγκοσμίων,
2732 4856 2848 4913 καθ’
2891 4857 2958 4923 ἣν
3013 4855 3116 4926 ἤδη
3149 4858 3236 4912 καὶ
3278 4859 3341 4913 τὸ
3373 4868 3608 4929 σημεῖον
3663 4854 3858 4931 ἐφάνη,

2211 4950 2297 5004 καὶ
2368 4950 2395 5002 ὁ
2463 4948 2895 5025 πνευματοφόρος
2954 4946 3105 5010 οὗτος
3156 4946 3292 5022 ἀνὴρ
3361 4946 3429 5012 τὴ
3500 4942 3626 5021 περί
3694 4942 3856 5008 αὐτῆς

2210 5035 2583 5116 ἀνεφθέγξατο.
2636 5037 2966 5116 Συνέτρεχον
3010 5036 3096 5092 οὖν
3127 5033 3447 5110 παμπληθεί
3502 5033 3727 5100 πάντες.
3761 5028 3855 5085 ἄν·

2209 5125 2325 5205 δρες
2377 5124 2583 5193 δηλαδὴ
2614 5136 2700 5184 και
2760 5139 3038 5203 γυναῖκες,
3070 5126 3160 5181 σὺν
3207 5124 3384 5201 πολλῇ
3410 5129 3476 5199 τῇ
3505 5124 3608 5199 βοῇ
3639 5123 3731 5179 καὶ
3786 5120 3859 5191 τῷ

2210 5217 2464 5295 θαύματι,
2530 5216 2666 5281 Δόξα
2725 5238 2830 5292 σοι,
2900 5215 3118 5291 Χριστὲ,
3157 5212 3430 5290 λέγοντες,
3479 5210 3601 5277 δόξα
3651 5216 3723 5286 τῇ
3786 5210 3859 5283 μὴ

2217 5306 2400 5363 λαθεῖν
2485 5306 2571 5362 ἐπὶ
2637 5311 2737 5383 γῆς
2820 5315 3072 5365 τοσοῦτον
3143 5303 3492 5371 ειόδοκήσαντι
3568 5298 3857 5377 θησαυρόν·

2210 5394 2332 5461 δόξα
2376 5405 2484 5470 σοι,
2516 5397 2727 5451 πάντων
2792 5395 3118 5471 Δημιουργὲ,
3151 5392 3233 5451 ὅτι
3289 5393 3376 5449 καὶ
3428 5391 3718 5447 Μύλασσαν
3767 5387 3861 5454 τὴν

2211 5488 2406 5561 μικρὴν
2460 5487 2615 5561 ἡμῶν
2647 5487 2734 5542 οιαὶ
2792 5484 2958 5563 μέχρι
2989 5485 3075 5541 καὶ
3131 5490 3217 5540 νῦν
3262 5480 3445 5547 ἄδοξον
3508 5478 3690 5557 πόλιν,
3720 5477 3860 5535 οὕτω

2209 5580 2473 5655 περιφανῆ
2531 5576 2795 5651 τέθεικας,
2857 5577 2945 5630 καὶ
3026 5574 3250 5646 τοιούτῳ
3306 5570 3538 5636 δέδωκας
3598 5567 3859 5642 σεμνύνε-

2209 5668 2329 5724 σθαι
2401 5663 2688 5743 κειμηλίῳ.
2762 5667 2861 5723 Καὶ
2929 5662 3070 5721 οὕτω
3148 5663 3249 5741 μὶν
3282 5700 3291 5705 -
3326 5662 3520 5728 κοινῶς
3572 5657 3856 5725 ίᾶπαντις
