4098 6202
323 343 439 415 997

1650 356 1835 422 VITA
1877 357 1938 419 S.
1988 354 2349 420 EUSEBIIE.

3572 353 3689 420 998

324 484 515 560 πολλῷ
555 484 612 543 δὲ
644 486 850 561 μᾶλλον
883 489 946 544 τὰ
977 487 1157 559 πλήθη
1200 496 1304 548 τῶν
1358 499 1644 569 γυναικῶν,
1691 494 1803 565 ἅμα
1864 493 1962 567 μὲν

2054 500 2243 553 autem
2306 493 2490 571 magis
2546 492 2865 554 multitudo
2921 490 3263 567 mulierum,
3315 512 3448 573 qua:
3501 491 3683 554 simul

324 581 403 649 τῷ
432 575 735 652 θερμοτέρῳ
778 578 1057 644 τινηθέντσ
1114 584 1214 646 τῆς
1273 581 1503 658 φύσεως,
1535 581 1647 656 ἅμα
1678 579 1733 637 δὲ
1761 583 1846 638 καὶ
1891 586 1967 652 τῷ

324 667 425 732 τὴν
482 667 724 744 ὁμογενῆ
797 665 1013 743 βλέπειν
1085 666 1225 724 οὕτω
1279 671 1592 744 θαυμαστὴν
1668 671 1967 734 ἐκαθέκτως

324 755 529 811 ἑαυτῶν
587 754 836 835 ἕχοδσαι,
883 757 1002 830 μεθ’
1047 759 1220 833 ὁρμῆς
1260 759 1383 820 οἵας
1427 768 1505 832 τῷ
1533 762 1780 839 ἀρχιερεῖ
1807 781 1965 837 προσ·

327 846 519 924 ᾔεσαν,
558 846 644 911 Μὴ
688 847 894 923 κρύψῃς
960 848 1114 920 ἡμῶν
1165 849 1264 915 τὴν
1317 851 1416 915 τῆς
1478 848 1713 921 πόλεως,
1770 848 1964 926 λέγον-

323 955 438 1009 σαι,
472 930 649 1013 δόξαν,
696 936 776 1009 μὴ
805 934 1055 1011 καλύψῃς
1101 938 1193 992 τὸν
1224 936 1467 1017 ἔπαινον,
1508 940 1603 995 τὸν
1634 939 1967 1016 μαργαρίτην

325 1023 406 1098 μὴ
426 1022 760 1102 καταχώσῃς
798 1039 811 1053 ⁸
859 1026 1043 1093 κοινὴν
1074 1025 1271 1092 ταύτης
1302 1028 1400 1096 τὴν
1429 1028 1761 1105 προπομπὴν
1797 1049 1966 1095 ποιη-

326 1112 567 1191 σώμεθα,
613 1111 846 1189 δημοσίᾳ
881 1115 970 1170 τὸν
1030 1113 1226 1194 λύχνον
1272 1117 1624 1192 βαστάσωμεν
1666 1136 1680 1149 ’
1714 1114 1968 1173 ίδὲτωςαν

325 1202 524 1268 πάντες
566 1205 640 1268 ὡς
671 1207 768 1262 οὒκ
823 1201 1111 1272 ἀπόϐλητα
1162 1202 1229 1274 δὴ
1273 1208 1338 1262 τὰ
1385 1213 1675 1283 γυναικῶν,
1741 1209 1815 1270 ὡς
1872 1211 1967 1266 οὐκ

324 1292 492 1367 ἄτιμα
526 1311 539 1327 ⁶
585 1289 841 1349 ίδέτωσαν
883 1293 1003 1351 οἵου
1060 1292 1243 1352 δοῦλαι
1303 1297 1643 1374 τυγχάνομεν
1676 1294 1962 1372 βασιλέως·

325 1380 580 1439 ἶδέτωσαν
610 1380 904 1460 ἽΞλληνες,
941 1380 1217 1460 Ἰουδαῖοι,
1275 1387 1364 1442 καὶ
1406 1387 1639 1464 ἐντροπῆ
1683 1386 1749 1441 τὰ
1794 1385 1966 1463 πρόσ-

327 1493 451 1528 ωπα
510 1470 937 1546 καλυψᾶσθωσαν
972 1493 987 1508 ο
1064 1475 1356 1552 γνώτωσαν
1412 1475 1491 1537 τίς
1564 1478 1592 1531 ὁ
1649 1476 1966 1552 σταυρωθεὶς

325 1560 420 1618 ὑπ’
461 1561 659 1641 αὖτῶν,
719 1562 807 1618 καὶ
863 1562 1244 1638 κοψάσθωσαν.
1297 1564 1359 1621 Αἱ
1419 1566 1519 1640 μὲν
1562 1572 1653 1622 οὖν
1711 1579 1966 1643 γυναῖκες

327 1648 495 1713 οὕτως
507 1698 521 1712 .

410 1739 523 1799 IE’.
557 1741 620 1796 Ὀ
672 1735 733 1796 δέ
775 1761 837 1818 γε
884 1740 1176 1807 ἐπίσκοπος
1229 1749 1296 1820 τῇ
1339 1745 1491 1822 κλίνῃ
1546 1767 1603 1802 τε
1663 1745 1968 1821 προσελθὼν

327 1829 417 1886 καὶ
460 1828 665 1908 αὐχένα
720 1829 937 1902 κλίνας,
989 1832 1107 1907 μεθ’
1165 1831 1296 1900 ὅσης
1346 1833 1410 1889 ἂν
1452 1833 1638 1897 εἵποϊς
1668 1842 1762 1891 τοῦ
1792 1832 1964 1898 αἰδοῦς

327 1920 418 1976 καὶ
480 1918 576 1987 τῆς
650 1918 923 1983 εὐλαϐείας
993 1928 1072 1994 τῷ
1142 1921 1348 1996 σώματι
1406 1926 1716 2001 προσεκύνει
1754 1942 1770 1959 ’
1834 1925 1966 2002 πρὸς

2050 583 2291 660 quidem
2355 591 2529 644 motae
2586 592 2645 644 et
2704 583 2904 644 calore
2963 591 3212 654 naturai,
3249 583 3488 663 etquod
3524 601 3681 655 eam,

2050 687 2182 749 quae
2213 681 2338 732 erat
2367 674 2636 749 ejusdem
2662 689 2863 745 sexus,
2893 670 3165 731 viderent
3187 672 3338 733 adeo
3369 670 3687 733 admirabi-

2050 755 2193 830 lem,
2231 777 2347 820 non
2404 768 2678 839 potentes
2728 778 2792 821 se
2842 759 3183 835 continere,
3218 779 3430 838 magno
3465 762 3687 841 impetu

2048 847 2344 909 accedunt
2373 849 2445 910 ad
2481 849 2826 928 pontiﬁcem
2864 870 2876 911 :
2909 847 2994 911 Ne
3026 867 3159 929 nos,
3198 850 3490 923 dicentes,
3521 849 3685 911 cela-

2051 936 2206 997 veris
2233 936 2470 998 laudem
2506 946 2721 999 nostra;
2752 936 3035 1011 civitatis,
3070 944 3449 1018 margaritam
3487 957 3560 1000 ne
3588 939 3686 999 in-

2047 1024 2295 1100 foderis,
2358 1027 2510 1089 hanc
2568 1028 2967 1089 communiter
3019 1028 3436 1090 deducamus:
3483 1028 3685 1089 lucer-

2052 1133 2186 1175 nam
2222 1116 2484 1178 feramus
2518 1116 2777 1197 publice.
2817 1117 3072 1179 Videant
3130 1137 3340 1179 omnes
3382 1136 3503 1179 non
3554 1134 3690 1181 esse

2049 1203 2412 1283 rejiciendas
2472 1206 2746 1281 feminas,
2812 1216 2874 1266 ut
2923 1225 3056 1287 quas
3086 1226 3207 1269 non
3237 1215 3376 1268 sunt
3405 1206 3681 1269 infames.

2049 1291 2304 1355 Videant
2333 1297 2500 1373 cujus
2528 1298 2691 1372 regis
2722 1314 2931 1357 sumus
2953 1296 3209 1359 ancillae.
3256 1294 3509 1359 Videant
3530 1315 3687 1375 gen-

2050 1383 2232 1458 tiles,
2315 1387 2556 1447 videant
2625 1384 2857 1459 Judaei,
2922 1396 2982 1448 et
3041 1396 3235 1449 vuttus
3293 1405 3435 1447 suos
3493 1393 3691 1464 tegant

2051 1489 2172 1553 prae
2233 1474 2460 1553 pudore
2513 1498 2527 1534 :
2591 1485 2960 1554 cognoscant
3008 1477 3286 1552 quisnam
3342 1478 3419 1536 sit
3477 1475 3551 1536 ab
3604 1476 3691 1536 eis

2048 1564 2387 1641 cruciﬁxus,
2448 1574 2506 1626 et
2558 1567 2858 1645 plangant.
2910 1566 3105 1647 Atque
3154 1567 3241 1627 sic
3294 1566 3539 1647 quidem
3594 1564 3686 1625 fe-

2052 1671 2251 1714 minae.

2093 1740 2568 1823 XV.Episcopus
2589 1753 2784 1805 autem
2811 1762 2944 1805 cum
2971 1744 3041 1804 ad
3072 1744 3290 1806 lectum
3309 1745 3686 1819 accessisset,

2052 1840 2110 1891 et
2131 1849 2264 1893 cum
2289 1842 2512 1912 quanta
2534 1833 2653 1894 dici
2680 1842 2874 1914 potest
2904 1834 3569 1902 reverentia,cervicem
3595 1834 3688 1894 in.

2051 1920 2356 1996 clinasset,
2391 1940 2608 2001 corpus
2628 1921 3080 1996 adoravitQuin
3106 1924 3286 1984 etiam
3312 1924 3691 1984 sacerdotum

329 2007 386 2065 δὲ
434 2010 524 2066 καὶ
565 2012 592 2066 δ
636 2008 825 2073 λοιπὸς
870 2016 975 2066 τῶν
1029 2010 1213 2088 ἱερέων
1257 2015 1423 2091 χορὸς
1454 2012 1549 2069 καί
1594 2013 1794 2090 κλῆρος
1826 2013 1961 2074 ἅπας

2054 2015 2313 2086 reliquus
2329 2018 2550 2073 chorus
2573 2027 2627 2074 et
2653 2018 2963 2073 universus
2980 2017 3177 2075 clerus
3191 2016 3692 2087 eumdemjacenti

324 2103 393 2174 τῇ
442 2098 663 2176 κειμένῃ
693 2099 790 2167 τὴν
832 2097 964 2166 ’ίσην
1009 2102 1283 2177 προσῆγον
1316 2104 1481 2176 τιμήν
1518 2121 1532 2135 '
1569 2105 1656 2159 καὶ
1687 2103 1825 2160 οὕτω
1868 2105 1963 2171 τὴν

2054 2100 2412 2162 exhibebant
2435 2100 2976 2182 bonorem.Sicque
3003 2102 3224 2163 lectum
3252 2100 3692 2172 ferentes,mul-

325 2187 516 2254 κλίνην
558 2185 1005 2253 ὃιαὸαστάσαντες
1034 2191 1137 2246 ὑπὸ
1167 2189 1350 2265 πολλῷ
1378 2199 1456 2266 τῷ
1506 2193 1647 2271 φωτί
1679 2194 1784 2250 τῶν
1815 2193 1961 2266 λαμ-

2054 2189 2127 2250 tis
2158 2190 2582 2252 comitantibus
2613 2191 2992 2271 lampadibus
3050 2201 3110 2251 et
3165 2210 3347 2253 suave
3392 2190 3690 2254 olentibus

328 2274 510 2360 πάδων
553 2278 643 2335 καὶ
671 2290 790 2341 τοῖς
822 2278 1066 2356 ἆρώμασι
1113 2277 1198 2335 διὰ
1229 2281 1399 2355 μέσης
1431 2281 1568 2359 ἦγον
1596 2288 1696 2349 τῆς
1727 2282 1959 2346 πολεως.

2054 2278 2556 2360 aromatibus,per
2579 2282 2836 2343 mediam
2861 2280 3159 2343 duxerunt
3188 2281 3509 2341 civitatem.
3545 2279 3687 2342 Illa-

337 2359 397 2427 ι0
427 2366 483 2423 δὲ
532 2375 639 2425 τῶν
682 2367 919 2438 ἀστέρων
960 2368 1175 2426 ἐκείνων
1226 2371 1507 2450 στέφανος,
1554 2374 1642 2428 καὶ
1685 2374 1777 2428 σὺν
1825 2375 1967 2445 αὗτῷ

2054 2385 2182 2428 rum
2219 2384 2358 2427 vero
2385 2370 2691 2430 stellarum
2726 2386 2973 2441 corona,
2999 2378 3060 2429 et
3095 2386 3227 2450 quas
3275 2386 3409 2430 cum
3465 2386 3533 2429 ea
3564 2378 3691 2430 erat

345 2455 519 2527 δήπου
570 2458 659 2513 καὶ
717 2460 744 2513 ὃ
803 2460 1050 2538 σταυρὸς,
1105 2459 1403 2537 φερομένης
1462 2462 1559 2535 μὲν
1616 2461 1713 2529 τῆς
1755 2462 1963 2537 κλίνης,

332 2547 423 2604 καὶ
464 2549 624 2611 αὖτὸς
668 2545 855 2603 ε’ίπετο
889 2564 903 2578 ·
965 2548 1259 2621 ίτταμένης
1294 2548 1374 2621 δὲ,
1406 2550 1564 2616 δῆλος
1599 2555 1665 2619 ἦν
1698 2553 1963 2630 ἑστηκὼς,

333 2639 424 2692 καὶ
468 2637 755 2716 μονοδουχὶ
810 2637 910 2704 τήν
962 2638 1146 2704 κλίνην
1191 2637 1539 2717 παραδεικνὺς
1589 2642 1677 2696 καὶ
1737 2642 1966 2721 φθεγγό-

337 2747 520 2801 μενος,
574 2725 655 2781 ὅτι
714 2725 798 2782 διὰ
851 2729 1052 2795 ταύτην
1098 2729 1329 2809 ἐκεῖνος,
1370 2732 1456 2787 καὶ
1504 2730 1592 2787 ὑπ’
1625 2732 1758 2807 αὐτῇ
1789 2730 1969 2809 ὁδηγῷ

333 2816 431 2883 τὴν
489 2813 620 2871 ἰδίαν
681 2816 888 2881 γίνησίν
948 2839 1002 2872 τε
1061 2819 1150 2875 καὶ
1193 2820 1380 2876 στάσιν
1436 2820 1582 2885 οὖτος
1617 2835 1788 2881 ποιεῖ.
1822 2825 1883 2879 Ὀ
1913 2821 1967 2877 δὲ

331 2903 494 2983 λόγος
537 2912 631 2964 τοῦ
671 2906 937 2982 θαύματος
995 2910 1082 2973 καὶ
1140 2909 1264 2970 τοὺς
1312 2907 1413 2975 ἕξω
1474 2908 1677 2987 σποδδῇ
1735 2912 1966 2988 περιῄει,

332 2995 421 3050 καὶ
466 2994 665 3058 πάντες
699 2994 1022 3075 συνέτρεχον
1068 2998 1213 3063 εὐθὺς
1266 2999 1599 3079 θεασόμενοι,
1654 3002 1728 3065 ὡς
1782 3010 1971 3076 μικροῦ

332 3084 432 3151 τὴν
492 3082 648 3140 πόλιν
683 3089 1136 3164 στενοχωρεῖσθαι
1179 3100 1297 3152 τοῖς
1343 3086 1592 3158 πλήθεσι.
1657 3095 1835 3147 Πᾶσαν
1880 3090 1970 3147 οὗν

333 3169 499 3238 οὕτως
541 3172 753 3241 ἐκείνην
807 3175 907 3242 τὴν
964 3175 1126 3232 νύκτα
1178 3173 1690 3259 ὃιαγρυπνήσαντες,
1725 3178 1844 3247 ἥτις
1880 3181 1969 3236 καὶ

332 3263 486 3341 κυρία
538 3268 646 3319 τῶν
701 3262 920 3343 ἡμερῶν
979 3263 1068 3338 ἧν,
1132 3264 1338 3331 πολλάς
1382 3266 1606 3325 totum;
1659 3270 1748 3325 καὶ
1805 3270 1969 3334 ἰάσεις

335 3354 472 3428 ὁμοῦ
497 3352 846 3428 τελουμένας.
906 3358 1018 3419 Πᾶς
1073 3356 1174 3435 γὰρ
1226 3352 1377 3420 ὅστίς
1407 3358 1440 3424 ἡ
1486 3358 1676 3438 χρονίᾳ
1709 3358 1870 3433 νόσῳ,
1932 3358 1967 3426 ἢ

329 3443 487 3499 πάθει
546 3442 828 3519 ἀνηκέστῳ
868 3445 1194 3524 κεκράτητο,
1248 3448 1308 3503 οὗ
1353 3447 1528 3504 πόνων
1586 3446 1781 3518 δδεήθη
1826 3447 1964 3505 πολε

332 3529 465 3605 λῶν,
525 3532 585 3588 οὔ
638 3534 963 3612 χρημάτων,
1032 3536 1093 3591 ού
1155 3535 1352 3615 χρόνου
1409 3558 1466 3592 τε
1525 3542 1612 3593 καὶ
1670 3535 1967 3617 διατριϐῆς,

330 3616 470 3676 ἀλλᾶ
499 3621 845 3699 προσεγγίσαι
888 3624 1050 3698 μόνον
1095 3624 1163 3692 τῆ
1192 3622 1346 3701 κλίνῃ
1377 3626 1463 3681 καὶ
1496 3625 1567 3699 ἄψ
1588 3628 1729 3681 ισθκι
1764 3641 1778 3655 ⁸
1814 3627 1903 3682 καὶ

331 3707 443 3786 ὰφῆ
473 3711 669 3770 παντὸς
701 3710 768 3778 ἦν
796 3713 943 3778 εὔθὺς
975 3712 1266 3792 ἀπαλλαγὴ
1305 3724 1398 3773 τοῦ
1428 3714 1722 3785 πιέζοντος.

413 3887 548 3960 ις’.
611 3878 844 3966 Ἡμέρας
888 3890 978 3948 οὖν
1032 3890 1136 3959 ἤδη
1198 3890 1606 3968 διαλαμψάσης,
1640 3894 1730 3949 καὶ
1788 3894 1968 3971 τρίτης

334 3973 576 4043 ἑστώσης
608 3975 775 4056 ὥρας,
821 3978 908 4035 ἰπὶ
963 3983 1055 4038 τὸν
1099 3979 1264 4038 τόπον
1319 3980 1636 4057 κατέλαϐον,
1690 3984 1746 4046 ὃς
1805 3983 1964 4039 Συκί-

332 4085 445 4119 νιον
504 4064 603 4141 μὲν
661 4066 928 4149 καλεῖται,
995 4071 1126 4145 πρὸς
1170 4075 1248 4142 τῷ
1291 4072 1451 4145 νοτίῳ
1506 4070 1561 4127 δὲ
1608 4077 1708 4140 τῆς
1759 4072 1969 4139 πόλεως

331 4150 592 4243 διάκειται
649 4156 821 4237 μέρει,
871 4156 991 4216 ἔνθα
1021 4157 1085 4226 δὴ
1129 4161 1216 4215 κἰἶ
1265 4161 1295 4228 ἡ
1343 4159 1491 4228 Ξένη
1544 4167 1719 4242 ταφῆς
1776 4174 1969 4243 τυχεῖν

334 4240 681 4322 ἒπισκήψασα
739 4251 830 4328 ἦν,
889 4248 1143 4305 θάπτουσι
1220 4250 1441 4331 ταύτην,
1507 4240 1655 4327 νόμω
1712 4252 1810 4326 μὲν
1846 4240 1972 4309 ἠθα-

337 4333 496 4390 νάτου
551 4340 620 4411 τῇ
674 4340 747 4413 γῇ
802 4337 1197 4415 κρυπτομένην,
1245 4338 1393 4418 λόγω
1435 4338 1490 4395 δὲ
1533 4342 1724 4418 ἀρετῆς
1758 4364 1968 4399 παντα-

2050 2472 2218 2530 crux,
2254 2475 2386 2518 cum
2421 2457 2611 2520 lectus
2641 2458 2886 2539 quidem
2922 2459 3251 2531 ferebatur,
3290 2458 3419 2537 ipsa
3447 2475 3690 2538 quoque

2051 2546 2461 2622 sequebatur:
2526 2565 2660 2610 cum
2710 2547 2906 2608 stabat
2962 2557 3185 2621 autem,
3238 2556 3402 2607 stans
3453 2564 3690 2627 quoque

2050 2644 2253 2714 aperte
2269 2634 2657 2697 cernebatur:
2687 2645 2745 2698 et
2772 2637 3204 2716 propemodum
3235 2635 3450 2698 lectum
3484 2643 3692 2696 osten-

2051 2722 2227 2796 dens,
2253 2734 2312 2785 et
2335 2724 2584 2806 loquens
2609 2726 2768 2805 quod
2791 2726 2893 2787 illa
2919 2726 2996 2786 sit
3018 2734 3262 2806 propter
3282 2724 3503 2805 ipsum,
3534 2731 3593 2785 et
3622 2741 3693 2786 eo

2053 2814 2207 2875 duce
2228 2822 2285 2876 et
2307 2823 2515 2888 stet,et
2542 2824 2865 2877 moveatur.
2909 2817 3086 2876 Fama
3114 2833 3254 2876 vero
3282 2813 3552 2876 miraculi
3575 2813 3694 2874 cito

2055 2903 2325 2983 pervenit
2361 2905 2434 2966 ad
2459 2916 2718 2974 exteros.
2755 2922 3086 2985 omnesque
3118 2904 3390 2984 protinus
3418 2903 3479 2964 id
3511 2901 3697 2964 visuri

2054 2994 2501 3056 concurrebant
2525 3012 2540 3054 :
2564 3003 2628 3054 ut
2648 2994 2850 3056 civitas
2873 3004 3030 3055 esset
3053 2992 3489 3073 propemodum
3516 2991 3698 3052 nimis

2054 3093 2302 3161 angusta
2332 3082 2580 3145 civitati.
2604 3084 2752 3146 Cum
2778 3091 2958 3143 totam
2985 3101 3126 3161 ergo
3149 3081 3312 3145 illam
3341 3092 3577 3143 noctem
3611 3080 3697 3141 sic

2052 3172 2391 3250 vigilassent
2409 3176 2565 3249 (erat
2585 3183 2783 3235 autem
2809 3171 2940 3234 dies
2962 3171 3698 3250 Dominicus),cernebant

2053 3261 2142 3324 sic
2189 3280 2428 3342 quoque
2482 3262 2695 3324 multas
2745 3263 2876 3324 ﬁeri
2929 3261 3299 3324 curationes.
3335 3259 3698 3337 Quicunque

2054 3350 2214 3413 enim
2241 3351 2328 3411 vel
2354 3351 2563 3414 morbo
2587 3351 2870 3415 diuturno
2898 3359 3026 3415 erat
3044 3349 3447 3426 detentus,vel
3479 3349 3693 3411 imme-

2051 3439 2294 3503 dicabili
2323 3442 2523 3522 aliqua
2553 3441 2895 3515 affectione,
2931 3460 3052 3503 non
3086 3439 3290 3503 multis
3320 3458 3473 3520 opus
3504 3438 3696 3501 babe-

2052 3530 2151 3590 bat
2182 3528 2508 3603 laboribus,
2547 3549 2666 3592 non
2699 3531 2997 3611 pecuniis,
3029 3548 3150 3591 non
3181 3539 3451 3608 tempore
3482 3537 3542 3589 et
3569 3547 3693 3590 mo-

2050 3636 2116 3681 ra
2152 3638 2166 3681 :
2201 3618 2307 3679 sed
2341 3620 2481 3679 satis
2503 3629 2632 3679 erat
2651 3620 3027 3681 solummodo
3052 3620 3125 3680 ad
3148 3620 3368 3678 lectum
3400 3617 3691 3679 accedere

2053 3716 2112 3770 et
2143 3716 2385 3786 tangere
2420 3726 2434 3770 :
2468 3715 2717 3788 eratque
2775 3717 3082 3770 contactus
3114 3706 3385 3786 protinus
3414 3706 3689 3768 liberatio

2052 3814 2086 3856 a
2117 3798 2404 3876 quolibet,
2438 3798 2598 3877 quod
2632 3798 2961 3877 premebat.

2131 3883 2283 3949 XVI.
2321 3886 2464 3949 Cum
2496 3896 2695 3948 autem
2720 3887 2846 3965 jam
2905 3887 3034 3948 dies
3079 3885 3398 3959 illuxisset,
3435 3892 3496 3945 et
3526 3890 3693 3945 esset

2052 3976 2200 4038 hora
2224 3977 2529 4050 tertia,ubi
2554 3987 2956 4057 pervenerunt
2980 3978 3055 4038 ad
3083 3976 3299 4048 locum,
3327 3972 3427 4053 qui
3451 3981 3690 4033 vocatur

2053 4065 2296 4145 quidem
2321 4065 2652 4146 Sycinium:
2679 4065 2830 4128 situs
2850 4084 2985 4128 vero
3009 4073 3098 4128 est
3120 4064 3193 4126 ad
3219 4075 3448 4142 partem
3464 4069 3689 4125 austra-

2050 4160 2161 4214 lem
2186 4160 2584 4230 civitatis,quo
2606 4160 2840 4230 quidem
2864 4163 2919 4215 in
2949 4160 3078 4216 loco
3102 4157 3409 4214 mandarat
3434 4155 3688 4224 Hospita,

2055 4251 2115 4305 ut
2137 4244 2494 4325 sepeliretur
2520 4263 2533 4305 :
2562 4263 2692 4306 eam
2717 4244 3111 4326 sepeliunt,ut
3135 4241 3420 4324 quaalege
3444 4238 3689 4321 quidem

2054 4336 2262 4395 mortis
2284 4335 2452 4395 humi
2472 4335 2547 4397 sit
2568 4333 3070 4409 condita,virtutis
3092 4343 3290 4395 autem
3317 4336 3544 4392 ratione
3561 4328 3693 4391 ubi«

334 4421 469 4502 χόσε
513 4425 939 4503 κηρδττομὲνην,
977 4427 1297 4508 Ἐθεωρεττο
1322 4417 1376 4484 δὲ
1432 4417 1577 4492 αὖθις
1620 4430 1653 4486 6’
1681 4452 1738 4487 τε
1771 4430 1967 4495 κύκλος

2054 4441 2168 4504 que
2201 4423 2582 4505 praedicetur.
2608 4422 2981 4486 Cernebatur
3011 4432 3206 4484 autem
3240 4438 3452 4482 rursus
3477 4425 3536 4480 et
3565 4417 3691 4480 cir-

334 4514 425 4569 καὶ
473 4514 501 4570 δ
556 4516 778 4594 σταυρὸς
837 4518 905 4573 τὰ
973 4518 1132 4592 ὅμοια
1213 4516 1369 4597 δρῶν,
1432 4517 1720 4577 συνοδεύων
1778 4542 1834 4577 τε
1904 4526 1970 4598 τῇ

332 4598 513 4679 κλίνη,
548 4603 644 4661 καῖ
686 4605 974 4681 ἱσταμένης
1000 4607 1282 4683 ἱστάμενος
1319 4627 1331 4640 ⁸
1382 4606 1495 4683 ἅμα
1525 4607 1580 4665 δὲ
1609 4612 1686 4684 τῷ
1716 4609 1968 4690 κρυϐῆναι

332 4696 403 4767 τῇ
447 4694 520 4769 γῇ
549 4690 769 4769 ταύτην,
827 4696 916 4751 καὶ
960 4697 1115 4761 αὐτὸς
1163 4693 1394 4775 κρυϐεὶς,
1423 4699 1511 4753 καὶ
1577 4699 1773 4773 μηκέτι
1805 4697 1968 4769 δῆλος

337 4781 525 4855 μηδενὶ
579 4784 891 4860 γενόμενος.
939 4784 1119 4848 Οὕτως
1165 4784 1256 4842 οὖν
1313 4786 1432 4843 ἐκεῖ
1486 4788 1685 4855 ταύτην
1715 4793 1968 4846 καταθεν-

336 4889 450 4943 τες,
485 4872 575 4927 καὶ
603 4870 784 4951 ὥσπερ
814 4875 955 4937 εἰκὸς
1012 4879 1105 4955 ἦν,
1156 4875 1466 4955 μυρίσαντες
1498 4880 1592 4941 τὰς
1627 4877 1968 4954 ἐπικειμένας

334 4962 415 5032 τῷ
445 4958 685 5037 λειψὰνῳ
727 4962 997 5035 σινδόσας,
1027 4966 1409 5044 περιμάχητον
1443 4969 1629 5031 αὐτοῖς
1672 4966 1883 5025 ἐποίουν
1911 4970 1972 5024 τὸ

337 5051 557 5130 χρῆμα,
590 5053 618 5106 ὁ
646 5052 938 5117 ὶπίσκοπος
983 5052 1191 5120 δηλαδὴ
1248 5057 1335 5111 καὶ
1365 5056 1412 5112 οἱ
1443 5063 1778 5134 προεστῶτες
1814 5076 1828 5092 ο
1886 5060 1971 5115 καὶ

337 5136 519 5218 ὥσπερ
577 5140 694 5196 τινὰ
737 5139 938 5219 κλῆρον
981 5143 1054 5208 εἷς
1108 5140 1375 5213 ἀλλήλους
1406 5141 1829 5222 διανειμάμενοι,
1859 5170 1967 5203 πα-

334 5228 441 5282 θῶν
484 5227 595 5304 ἅμα
651 5231 739 5286 καὶ
782 5232 1107 5308 νοσημάτων
1154 5232 1247 5288 καῖ
1300 5235 1497 5300 παντὸς
1530 5234 1710 5311 ἐτέρου
1741 5234 1972 5293 λυποῦν-

336 5336 426 5381 τος
457 5316 780 5396 ἀπαλλαγὴν
828 5320 982 5401 ἔχειν
1028 5320 1097 5377 δι’
1157 5321 1372 5379 ἐκείνων
1413 5322 1711 5401 ἐπίστευον,
1748 5328 1835 5383 καὶ
1866 5333 1972 5382 τῶν

339 5402 565 5463 ἰλπίδων
624 5407 683 5463 οὗ
740 5406 1151 5486 διεψεύσθησαν.
1210 5410 1378 5470 Ἀλλὰ
1437 5435 1545 5487 μην
1590 5415 1680 5470 καὶ
1731 5418 1758 5470 ὁ
1811 5417 1973 5482 τόπος

339 5492 551 5575 πλήρης
608 5497 825 5579 ἷάσεων,
870 5499 930 5564 ὃς
976 5502 1036 5556 τὸ
1093 5501 1231 5580 ἱερὸν
1262 5501 1460 5569 ταύτης
1495 5504 1744 5583 κρύπτειν
1773 5505 1968 5578 ηύμοί-

335 5605 469 5664 ρησε
500 5591 682 5663 σῶμα,
728 5590 991 5669 θησαυρὸν
1035 5590 1300 5648 ἆκένωτόν
1345 5612 1404 5648 τε
1461 5593 1550 5649 καὶ
1606 5590 1966 5660 ἂδαπάνητον.

337 5674 411 5734 Οὔ
458 5675 621 5741 πολὺς
683 5682 708 5736 ἱ.
768 5680 964 5757 μεταξὺ
1023 5683 1245 5760 χρόνος,
1304 5683 1393 5741 καὶ
1451 5683 1505 5741 αἱ
1563 5683 1748 5741 πισταὶ
1772 5683 1969 5753 ταύτης

2053 4512 2223 4575 culus
2253 4520 2309 4575 et
2332 4529 2473 4574 crux
2497 4513 2693 4575 facere
2718 4512 3193 4593 similia,nempe
3217 4519 3275 4571 et
3295 4508 3528 4586 ingredi
3555 4526 3691 4569 cum

2052 4598 2207 4665 lecto
2242 4623 2254 4665 :
2292 4612 2351 4663 et
2374 4620 2509 4663 cum
2542 4602 3088 4679 staret,consistere
3118 4618 3133 4663 :
3168 4598 3342 4660 simul
3375 4616 3444 4659 ac
3475 4615 3614 4658 vero
3639 4596 3692 4658 is

2050 4692 2164 4753 fuit
2195 4702 2361 4753 terra
2380 4690 2735 4765 absconsus,
2770 4691 2900 4772 ipse
2930 4709 3164 4773 quoque
3192 4688 3454 4763 latuisse,
3489 4696 3547 4750 et
3572 4705 3692 4749 non

2053 4784 2394 4858 apparuisse
2415 4785 2839 4856 amplius.Cum
2856 4801 2980 4843 eam
3008 4799 3147 4856 ergo
3166 4786 3249 4839 sic
3267 4782 3329 4839 de
3343 4782 3691 4853 posuissent,

2054 4882 2113 4933 et
2149 4880 2213 4932 ut
2235 4888 2343 4950 par
2375 4880 2520 4947 erat,
2560 4870 2871 4931 unxissent
2903 4869 3110 4950 lintea,
3134 4886 3268 4946 qua;
3295 4874 3465 4928 erant
3490 4864 3693 4945 impo-

2054 4961 2165 5023 sita
2189 4959 2491 5040 reliquiis,
2521 4960 2821 5039 ejusmodi
2853 4977 2987 5020 esse
3016 4960 3333 5030 duxerunt,
3377 4965 3442 5015 ut
3472 4971 3577 5034 pro
3604 4954 3695 5014 eis

2056 5049 2820 5129 depugnarent,episcopus
2843 5049 3077 5110 scilicet
3103 5056 3161 5109 et
3192 5047 3250 5123 ii,
3278 5046 3381 5126 qui
3402 5044 3691 5113 aderant;

2058 5147 2117 5200 et
2146 5157 2280 5200 cum
2318 5137 2500 5199 veluti
2528 5140 2848 5218 quamdam
2884 5137 3294 5199 bmreditatem
3347 5151 3416 5194 ea
3443 5131 3601 5192 inter
3629 5148 3694 5190 se

2059 5227 2420 5303 divisissent,
2455 5245 2489 5288 a
2529 5226 2756 5289 morbis
2788 5236 2847 5288 et
2875 5225 3311 5298 affectionibus,
3345 5232 3404 5283 et
3433 5240 3466 5282 a
3494 5219 3692 5300 quoli-

2057 5317 2158 5379 bet
2187 5316 2496 5399 alio.quod
2521 5335 2682 5397 aegre
2710 5327 2892 5392 esset,
2920 5315 3337 5378 liberationem
3369 5329 3475 5393 per
3498 5310 3600 5371 illa
3631 5326 3696 5369 se

2056 5407 2280 5469 habere
2300 5407 2852 5486 credebant,ueque
2873 5425 2978 5487 spe
2998 5406 3128 5467 falsi
3148 5400 3685 5474 fuere.Quinetiam

2055 5498 2223 5560 locus
2253 5513 2491 5577 quoque
2522 5507 2650 5558 erat
2682 5497 2895 5577 plenus
2925 5492 3429 5569 curationum,cui
3453 5488 3686 5568 obtigit,

2059 5598 2124 5653 ut
2173 5605 2407 5649 sacrum
2438 5586 2571 5665 ejus
2603 5605 2823 5667 corpus
2874 5585 3183 5659 conderet,
3216 5584 3564 5645 thesaurum
3589 5577 3692 5658 qui

2058 5676 2355 5748 exinaniri
2385 5694 2507 5739 non
2537 5685 2734 5761 potest
2761 5684 2823 5739 et
2850 5674 3283 5743 consumi.Nou
3314 5672 3567 5738 multum
3595 5669 3692 5735 in-
