4098 6202
427 343 546 410 999
1713 349 1996 415 MENSIS
2037 351 2491 416 JANUARIUS.
3645 351 3797 418 1000

427 485 704 546 tercessit
761 483 1072 565 temporis,
1131 491 1192 544 et
1245 481 1451 544 fideles
1506 489 1636 564 ejus
1667 486 1920 561 ancillas,
1957 500 2057 550 aut.

2156 489 2472 564 θεράπαιναι,
2535 490 2571 555 ἢ
2631 487 2721 544 τοῦ
2781 495 2911 546 Θεοῦ
2966 485 3178 560 μᾶλλον
3243 487 3520 564 εὖάρεστοι
3581 485 3791 562 δοῦλαι,

428 570 534 636 Dei
590 573 784 654 potius
838 582 1016 651 grata;
1072 589 1279 640 servre,
1334 589 1366 633 e
1399 575 1512 634 vita
1545 575 1866 656 excedunt,
1903 585 1962 639 et
1989 577 2059 639 ad

2156 580 2238 635 τὸν
2295 580 2408 654 βίον
2441 577 2898 650 ἆπολιμπίινουσι,
2933 578 3020 633 καὶ
3049 579 3180 654 πρὸς
3223 589 3342 641 τοῖς
3397 579 3520 634 ποσὶ
3550 579 3794 634 θάπτον-

426 663 616 742 pedes
645 662 904 722 dominae
932 661 1331 740 sepeliuntur,
1365 679 1439 724 ex
1473 667 1720 726 veritate
1753 666 1939 745 magis
1965 685 2060 728 os-

425 752 591 813 tendi
627 752 912 823 volentes,
964 768 1141 831 quam
1174 769 1242 811 ex
1276 769 1372 824 eo,
1405 753 1560 833 quod
1593 765 1721 816 erat
1751 754 2061 817 humilita-

427 839 502 900 tis
531 839 766 919 legibus
793 840 1202 920 dispensatum
1240 858 1252 900 :
1292 852 1350 901 et
1383 852 1445 902 ut
1494 861 1601 922 per
1646 846 2062 925 pr0pinquita-

2147 691 2231 725 ται
2294 672 2393 737 τῆς
2443 666 2750 748 δεσποίνης,
2804 666 3054 729 ἑλόμεναι
3115 665 3328 740 μᾶλλον
3375 665 3610 734 ὰπὸ-τῆς
3640 667 3792 735 ἄλη-

2146 757 2313 829 θείας,
2364 757 2399 825 ἢ
2444 757 2550 814 ἀπὸ
2594 765 2688 814 τοῦ
2743 758 2933 831 νόμοις
2987 756 3365 818 ταπεινώσεως
3400 757 3791 831 οἰκονομηθέν-

2149 868 2238 909 τος
2295 843 2610 919 δείκνυσθαι,
2645 847 2734 903 καὶ
2781 844 2860 900 ἵν’
2904 846 2957 902 ἐν
3005 846 3149 918 αὒτῷ
3192 847 3281 902 καὶ
3325 845 3390 901 τὰ
3441 848 3540 913 τῆς
3585 846 3792 908 εὐνοίας

422 940 539 992 tem
573 928 754 990 simul
798 937 1156 990 cerneretur
1205 948 1374 991 amor
1423 939 1484 992 et
1531 931 1972 1010 benevolentia,
2009 944 2059 998 et

2156 938 2233 992 mi
2284 937 2349 992 τὰ
2411 935 2506 1003 τῆς
2540 940 2794 1014 στοργῆς,
2828 933 2912 990 διὰ
2941 939 3040 1001 τῆς
3084 934 3402 1011 ἐγγύτητος,
3453 938 3550 990 καὶ
3594 936 3661 992 τὶ
3693 934 3792 1003 τῆς

419 1019 673 1082 servitus
703 1037 916 1081 rursus
945 1028 1005 1082 et
1035 1019 1332 1099 subjectio
1367 1039 1476 1100 per
1499 1023 1796 1086 ordinem.

498 1196 677 1263 XVII.
711 1196 797 1260 Ex
827 1196 1048 1278 quibus
1089 1216 1226 1259 cum
1261 1217 1392 1279 quae
1424 1200 1617 1280 primo
1651 1211 1776 1264 erat
1808 1211 2061 1279 mortua,

416 1289 491 1352 de
548 1307 655 1351 sua
711 1289 846 1367 fuga
903 1287 1050 1349 nihil
1079 1290 1438 1368 aperuisset,
1477 1298 1759 1370 quoniam
1794 1293 2057 1355 secunda

417 1397 656 1460 quoque
680 1387 806 1440 erat
833 1378 1007 1458 paulo
1041 1389 1172 1458 post
1193 1381 1504 1450 moritura,
1534 1399 1771 1443 sorores
1799 1401 1927 1444 eam
1961 1402 2056 1444 sa-

416 1478 721 1534 cramento
743 1487 918 1548 quam
946 1468 1203 1530 maxime
1228 1470 1533 1531 hom-udo
1559 1472 2060 1551 adjurantes,efﬁ-

2147 1021 2384 1088 δουλείας
2445 1023 2602 1080 πάλιν
2661 1025 2749 1080 καὶ
2811 1029 2910 1091 τῆς
2963 1024 3241 1101 ὑποταγῆς
3303 1021 3390 1079 διὰ
3449 1023 3540 1091 τῆς
3589 1022 3788 1090 τάξεως

2145 1113 2524 1191 ὑποφαίνηται,

2230 1192 2309 1258 ιζ’
2396 1193 2492 1257 Ὧν
2548 1207 2610 1258 τ’
2802 1201 2814 1224 ⁷
2906 1225 2925 1237 ς
2982 1205 3010 1257 0
3123 1202 3135 1222 ¹
3336 1200 3420 1258 ν’δὲ
3607 1203 3622 1220 “
3720 1207 3750 1218 ⁹

2317 1249 2331 1264 .
2582 1224 2648 1269 ης
2708 1223 2924 1281 πρωτη,
3018 1223 3243 1267 ανουσης
3303 1223 3366 1259 ο)
3427 1227 3454 1256 ν
3506 1225 3626 1280 περι
3683 1225 3788 1269 της

2143 1293 2343 1348 ἑαυτῶν
2403 1292 2574 1370 φυγῆς
2635 1290 3088 1366 ἀποκαλυψάσίις,
3155 1291 3270 1346 ἐπεὶ
3333 1291 3431 1348 καὶ
3488 1294 3523 1360 ἡ
3569 1290 3790 1369 δευτέρα

2143 1383 2280 1442 μετὰ
2335 1383 2524 1459 μικρὸν
2587 1378 2809 1455 ἔμελλεν
2886 1381 3268 1451 ἀποθνήσκειν,
3327 1380 3506 1459 ὅρκοις
3560 1383 3636 1446 ὡς
3709 1381 3788 1436 ἔνι

2145 1469 2378 1544 μάλιστα
2421 1483 2666 1548 φριιτοῖς
2713 1471 2763 1524 αἱ
2815 1467 3032 1547 ἀδελφαὶ
3106 1471 3305 1538 ταύτην
3359 1468 3781 1546 κατα)αὸοὖσαι,

415 1563 580 1622 ciunt
609 1568 670 1623 ut
705 1559 854 1621 nihil
885 1557 1041 1619 celet
1072 1577 1140 1620 ex
1194 1559 1288 1632 iis,
1345 1579 1478 1640 qua;
1531 1561 1686 1622 facta
1718 1562 1971 1632 fuerant,
2002 1573 2059 1623 et

2156 1559 2308 1626 ιηδὲν
2385 1566 2489 1615 τῶν
2551 1559 2853 1636 γενομένων
2910 1559 3216 1637 ἀποκρύψαι
3297 1560 3778 1639 παρασκευάζωσι,

413 1651 609 1713 statim
672 1648 871 1710 omnia
927 1666 1063 1708 vere
1126 1651 1426 1712 narravit:
1487 1653 1787 1712 undenam
1823 1654 2058 1713 venerit

2156 1651 2228 1704 ιαὶ
2285 1651 2430 1712 εὒθὺς
2463 1650 2636 1705 πάντα
2679 1648 2856 1714 ἐκείνη
2919 1647 3195 1727 διηγόρευε
3245 1649 3557 1728 φιλαλήθως
3595 1669 3611 1685 ⁸
3663 1650 3784 1706 ﬁn

416 1750 639 1816 sancta,
671 1750 732 1801 et
763 1738 1117 1818 quibusnam
1152 1738 1332 1800 claris
1356 1750 1486 1801 orta
1515 1743 1591 1802 sit
1618 1741 2055 1820 parentibus,et

2156 1759 2193 1794 τε
2240 1738 2462 1816 ὥρμητο
2493 1741 2526 1806 ἡ
2580 1739 2726 1815 ἁγία,
2790 1740 2879 1794 καὶ
2935 1740 3138 1800 ὁποίοις
3193 1740 3468 1818 ἐχρήσατο
3519 1740 3780 1817 πατράσιν

400 1848 680 1916 quamam
715 1829 768 1891 ei
792 1828 975 1892 fuerit
1006 1848 1186 1891 causa
1217 1830 1443 1892 erroris
1493 1840 1552 1893 et
1608 1831 1783 1909 fugai,
1839 1849 2056 1910 nempe

2156 1831 2450 1903 ίπισήμοις,
2483 1829 2561 1891 τίς
2617 1848 2673 1883 τε
2733 1831 2761 1884 ὁ
2805 1831 2901 1892 τῆς
2945 1826 3154 1896 πλάνης
3191 1831 3320 1904 αὖτξ,
3355 1831 3441 1884 καὶ
3474 1833 3572 1896 τῆς
3603 1833 3779 1908 φογῆς

399 1914 504 1986 Dei
535 1938 707 1984 amor
729 1918 1235 1999 inexpugnabilis,
1273 1932 1518 2002 propter
1550 1939 1728 2001 quem
1775 1930 1834 1981 et
1861 1921 2053 1981 maxi-

2156 1917 2321 1996 ιόγος,
2355 1914 2437 1973 ὅτι
2470 1925 2600 1974 Θεου
2628 1915 2843 1998 ἄμαχος
2876 1918 3030 1996 ἔρως,
3066 1916 3134 1973 δι’
3165 1919 3222 1974 ὃν
3255 1919 3344 1974 καὶ
3385 1919 3580 1979 πόνους
3614 1919 3780 1996 ὅπερ·

403 2031 536 2075 mos
567 2009 805 2072 labores
832 2017 890 2070 et
913 2009 1300 2071 immodicam
1335 2010 1754 2074 sustinuerunt
1780 2009 2052 2071 aﬂlictio-

2156 2020 2309 2086 ευιτς,
2393 2007 2478 2064 καὶ
2538 2008 2634 2074 τὴν
2712 2007 2942 2083 ἄμετρον
3012 2007 3310 2087 ἠνέσχοντο
3395 2009 3778 2081 κακοπάθειαν,

402 2120 539 2165 nem
578 2119 592 2164 :
627 2107 686 2161 et
735 2100 1035 2180 quodnam
1071 2109 1230 2162 esset
1277 2100 1407 2179 ejus
1459 2119 1678 2162 nomen
1714 2101 2048 2181 proprium,

2156 2098 2220 2154 ιαὶ
2275 2097 2326 2152 τί
2371 2098 2428 2152 τὸ
2483 2097 2674 2172 κυρίως
2720 2095 2884 2162 αὒτῆς
2921 2097 3111 2170 ὁνομα,
3170 2096 3252 2152 ὅτι
3300 2093 3520 2154 Εὒσεϐία
3555 2112 3571 2127 ⁹
3619 2103 3779 2153 τοῦτο

403 2209 624 2270 nempe
655 2189 939 2264 Eusebia,
995 2196 1074 2250 ita
1131 2190 1294 2250 enim
1330 2189 1754 2252 nominabatur
1783 2209 1816 2251 a
1841 2191 2050 2252 divino

2156 2186 2233 2263 γὰρ
2293 2185 2400 2242 ἀπὸ
2457 2194 2550 2243 τοῦ
2605 2185 2745 2244 θείου
2790 2185 3162 2262 βαπτίσματος
3219 2186 3526 2258 ὠνομάζετο
3560 2202 3575 2216 ⁸
3611 2187 3674 2242 τὸ
3719 2184 3776 2242 δὲ

400 2281 777 2362 baptismate.
815 2279 1098 2360 Imposito
1143 2289 1345 2342 autem
1402 2280 1672 2355 nomine,
1714 2279 1922 2342 maluit
1952 2280 2053 2342 illa

2156 2273 2412 2332 ιαλεῖσθαι
2471 2275 2619 2342 Ξένη
2689 2273 3001 2337 ὲπιθετικῶς
3063 2274 3268 2348 ἐκείνη,
3337 2276 3660 2354 φερωνύμως
3722 2272 3778 2330 δὲ

403 2371 595 2434 vocari
628 2367 896 2450 Hospita,
933 2377 1251 2450 propterea
1273 2370 1429 2450 quod
1462 2388 1496 2432 a
1525 2369 1706 2432 rebus
1734 2369 2052 2431 mundanis

2156 2364 2341 2420 ιᾶλλον
2399 2366 2596 2443 εἰπεῖν,
2657 2362 2743 2420 διὰ
2799 2365 2861 2420 τὸ
2925 2363 3216 2431 ξενωθῆναι
3263 2371 3369 2422 τῶν
3411 2375 3508 2425 τοῦ
3536 2365 3774 2441 κόσμου,

403 2469 562 2525 esset
595 2459 772 2538 plane
803 2459 1024 2538 hospes
1058 2469 1114 2519 et
1143 2458 1342 2520 aliena
1375 2477 1389 2518 :
1445 2467 1502 2520 et
1552 2459 1728 2521 etiam
1763 2468 1827 2520 ut
1863 2459 2051 2538 magis

2156 2453 2434 2533 προείλετο,
2496 2457 2585 2511 καὶ
2626 2453 2718 2510 ἵνα
2764 2457 2853 2511 καὶ
2896 2453 3031 2531 λάθῃ
3086 2453 3318 2535 μᾶλλον,
3377 2457 3412 2521 in
3471 2457 3531 2511 τὰ
3585 2454 3778 2512 λαθεῖν

399 2549 638 2629 lateret,
669 2547 766 2610 cui
799 2547 988 2609 latere
1018 2557 1250 2626 gratum
1284 2555 1435 2610 erat.

2156 2546 2455 2623 εγαπήσασα
2465 2592 2479 2607 ,

479 2625 686 2702 XVlll.
741 2637 958 2700 Paucis
1012 2625 1154 2699 vero
1207 2647 1344 2717 post
1395 2636 1610 2700 diebus
1659 2637 2047 2700 beatissimus

2211 2638 2322 2696 ΗΓ.
2385 2625 2620 2712 Ὀλίγαις
2672 2633 2727 2690 δὲ
2769 2633 2986 2709 ὕστερον
3047 2635 3295 2714 ἡμέραις,
3360 2635 3447 2692 καὶ
3492 2637 3520 2691 ὁ
3583 2656 3771 2709 μακα-

398 2746 635 2811 quoque
668 2729 887 2790 Paulus
943 2726 1193 2806 emigrat
1253 2726 1538 2806 gloriose,
1572 2727 1672 2809 qui
1701 2726 1808 2788 fuit
1842 2745 2049 2789 revera

2156 2723 2388 2788 ιιῶτατος
2471 2723 2677 2788 Παῦλος
2749 2727 2975 2790 εὐκλεῶς
3047 2725 3478 2799 μετανίσταται,
3564 2731 3774 2797 ποιμὴν

398 2817 596 2881 bonus
628 2828 849 2898 pastor,
887 2835 1176 2898 suamque
1198 2818 1374 2878 vitam
1411 2826 1539 2897 post
1587 2827 1843 2878 mortem
1877 2835 2047 2879 com-

2156 2814 2327 2890 εγαθὸς
2376 2819 2454 2888 τῷ
2503 2813 2612 2870 ὄντι
2658 2813 2966 2891 γενόμενος,
3036 2815 3127 2870 καὶ
3179 2814 3412 2888 θαύμασι
3459 2815 3552 2870 τὶν
3580 2815 3773 2872 ἑαυτοῦ

399 2908 671 2990 probavit
703 2907 1034 2983 miraculis,
1077 2915 1136 2968 et
1167 2926 1302 2969 cum
1339 2907 1479 2970 aliis
1511 2927 1582 2968 eo
1614 2925 1850 2987 quoque
1882 2907 2047 2966 dives

2156 2906 2244 2958 Liov
2274 2905 2410 2976 μετὰ
2456 2903 2680 2960 θάνατον
2730 2905 3160 2979 πιστωσάμενος,
3221 2905 3308 2960 καὶ
3347 2903 3574 2960 πλουτεῖ
3632 2904 3771 2978 μετὰ

399 2975 488 3060 est
518 2996 773 3078 Mylassa
804 2975 1031 3058 civitas:
1065 2999 1381 3076 Templum
1412 3014 1552 3057 vero
1585 2975 1838 3058 Ahdreai
1863 3012 2044 3068 apos-

2159 2998 2233 3048 ὦν
2295 2990 2469 3048 ἄλλων
2513 2993 2602 3049 καὶ
2650 2995 2808 3049 αὖτὸν
2842 2996 2876 3061 ἡ
2925 2993 3182 3050 Μύλασσα
3213 2992 3392 3067 πόλις,
3420 2994 3509 3049 καί
3550 2993 3612 3048 τὸ
3675 2997 3774 3048 τοῦ

398 3087 500 3149 toli
530 3087 665 3167 ejus
715 3104 934 3167 corpus
979 3094 1264 3166 tanquam
1315 3105 1551 3148 sacrum
1586 3085 1854 3164 suscipit.
1893 3082 2044 3146 Sunt

2156 3080 2430 3138 ;ποστόλου
2489 3083 2626 3159 ἱερὸν
2706 3080 2955 3162 Ἀνδρέου
3042 3084 3133 3139 τὸν
3217 3084 3403 3141 τούτου
3454 3084 3637 3160 νεκρὸν
3694 3083 3772 3140 ὡς

397 3194 537 3238 vero
587 3193 698 3237 nec
758 3175 800 3236 ii
849 3174 1111 3256 Mylassa;
1169 3188 1615 3250 ornamentum,
1673 3183 1870 3236 turres
1911 3191 2044 3254 quae

2156 3172 2264 3246 ερον
2321 3170 2668 3253 ὅποδέχεται,
2729 3175 2817 3228 καὶ
2864 3181 2952 3230 νῦν
2982 3175 3082 3228 εἱσι
3115 3178 3184 3249 τῇ
3217 3171 3478 3248 Μυλάσσῃ
3535 3172 3768 3245 κόσμος,

397 3265 597 3346 rumpi
628 3272 956 3345 nequeunt,
993 3263 1256 3324 thesauri
1289 3263 1422 3326 sine
1452 3274 1721 3344 sumptu,
1757 3272 1816 3324 et
1847 3262 2043 3324 bono-

2156 3261 2316 3337 πύργοι
2372 3259 2625 3340 ἅῤῥηιιτοι
2657 3310 2673 3342 ,
2733 3261 2990 3319 ἀδάπανοι
3050 3263 3343 3340 θησαυροὶ,
3405 3263 3495 3318 καὶ
3545 3262 3767 3317 παντων

393 3372 528 3416 rum
558 3355 831 3416 omnium
885 3352 1368 3434 suppeditatores
1397 3375 1410 3417 :
1446 3353 1507 3415 in
1539 3353 1789 3434 gloriam
1825 3351 2040 3430 Patris,

2156 3354 2340 3427 ιγσθῶν
2374 3353 2630 3431 χορηγοὶ,
2666 3353 2738 3417 εἰς
2768 3349 2920 3416 δόξαν
2956 3353 3160 3430 Πατρὺς
3189 3352 3277 3406 καὶ
3311 3351 3430 3407 Υἱοῦ
3486 3353 3575 3406 καὶ
3617 3350 3774 3418 ἇγίοδ

395 3453 456 3507 et
483 3442 647 3524 Filii,
679 3450 738 3506 et
761 3449 949 3505 sancti
993 3441 1278 3524 Spiritus,
1308 3461 1468 3506 nunc
1503 3451 1562 3504 et
1589 3460 1854 3526 semper,
1890 3449 1950 3506 et
1981 3442 2042 3505 in

2156 3441 2463 3516 Ινεύματος,
2525 3448 2612 3499 νῦν
2670 3443 2758 3499 καὶ
2807 3442 2888 3498 ἀεὶ
2947 3444 3034 3498 aui
3092 3442 3165 3505 εἷς
3225 3441 3347 3503 τοὺς
3413 3440 3609 3504 αἰῶνας
3664 3445 3775 3498 τῶν

401 3533 618 3598 saecula
649 3533 1033 3597 saeculorum.
1066 3533 1284 3596 Amen.

2156 3533 2355 3596 ,idivuw,
2390 3531 2589 3607 ’Δμήιη
