4098 6202
431 333 576 403 1011
1720 331 2003 407 ΜΕΝεῐε
2023 329 2490 398 'JANUARiUS.
3633 331 3793 412 10:2

1603 632 1700 695 DE
1753 633 2070 699 SANCTlS
2126 633 2577 702 CONJUGIBUS

1032 853 2224 986 XENOPHONTE
2329 855 2551 989 ET
2669 859 3207 991 MABIA

1697 1121 2016 1178 EORUIQUE
2059 1124 2293 1172 SANCTIS
2333 1127 2515 1175 FILIIS

1461 1303 1952 1394 ARCADIO
2034 1309 2168 1392 ΕΤ
2253 1310 2723 1398 JOANNE.

1148 1530 1404 1588 Saculum
1435 1543 1491 1586 ν.
1524 1561 1595 1572 --
1629 1531 1777 1589 Acta
1804 1536 2116 1590 sanctorum
2142 1529 2388 1589 Bolland.
2422 1531 2483 1588 ad
2513 1532 2646 1590 diem
2678 1531 2748 1590 26
2775 1531 3053 1602 Januarii.)

493 1886 984 1967 Xenophontem.
1031 1903 1100 1948 ac
1125 1884 1366 1948 Mariam
1400 1885 1560 1948 illius
1591 1887 1931 1962 coniugem,
1968 1888 2298 1962 eorumque
2328 1881 2549 1946 liberos
2571 1883 2898 1948 Arcadium
2936 1891 2989 1942 et
3016 1883 3335 1953 Joannem,
3369 1877 3667 1942 senatoria
3691 1876 3794 1937 di-

417 1980 644 2058 gnitate
692 1980 1198 2061 amplissimisque
1247 1979 1728 2058 possessionibus
1775 1977 2086 2055 abdicatis,
2127 1981 2510 2038 monasticam
2566 1979 2740 2040 vitam
2793 1976 3224 2056 Ilierosolymis
3275 1975 3400 2056 pari
3449 1975 3791 2035 animorum

415 2073 632 2136 ardore
661 2074 982 2152 professos,
1025 2085 1380 2136 venerantur
1416 2073 1606 2137 Graeci
1643 2076 1755 2134 hoc
1787 2073 1884 2134 die
1918 2073 2116 2133 ofﬁcio
2150 2073 2579 2138 ecclesiastico.
2605 2072 2688 2135 Ita
2714 2092 2969 2154 namque
3003 2073 3403 2150 Anthologton
3431 2089 3463 2129 a
3485 2069 3793 2133 Clemente

414 2166 548 2230 VIII
589 2169 986 2249 approbatum
1022 2189 1036 2228 :
1100 2193 1127 2223 α
1157 2169 1378 2231 Eodem
1415 2188 1641 2241 mense,
1678 2169 1772 2228 die
1802 2168 1901 2239 26,
1938 2168 2128 2230 sancti
2181 2166 2367 2227 Patris
2401 2172 2582 2228 nostri
2618 2169 3036 2248 Xenophontis
3082 2178 3138 2229 et
3170 2165 3494 2227 sociorum.
3541 2165 3676 2225 Sani
3701 2169 3794 2220 tus

417 2261 514 2326 hic
560 2260 892 2340 Xenophon
927 2261 1437 2341 Constantinopoli
1495 2274 1642 2324 erat.
1681 2274 2056 2323 externarum
2098 2281 2276 2339 opum
2332 2265 2502 2342 copia
2552 2264 2830 2334 alﬂnens,
2864 2273 2916 2322 at
2953 2267 3136 2321 multo
3169 2261 3343 2320 etiam
3396 2265 3626 2318 Interna
3651 2272 3796 2333 erga

415 2356 605 2417 Deum
639 2357 930 2436 religione
957 2359 1196 2437 clarior,
1225 2359 1484 2438 quicum
1522 2359 1670 2418 duos
1708 2361 1859 2419 ﬁlios
1892 2374 2033 2417 suos
2079 2356 2398 2418 Arcadium
2433 2369 2486 2416 et
2518 2355 2834 2433 Jo:-.nnem,
2870 2355 3145 2435 Berytum
3181 2353 3388 2412 urbem
3423 2351 3479 2410 ir.
3515 2351 3795 2413 l’ho'nice

414 2447 870 2528 sitam,adjuris
893 2450 1211 2531 legumque
1244 2449 1623 2530 disciplinam
1659 2462 1712 2510 et
1746 2450 2056 2512 scientiam
2092 2450 2602 2528 consequendam.
2638 2451 2874 2519 missos,
2912 2447 3278 2524 naufragium
3307 2445 3395 2506 fec
3423 2461 3520 2506 sse
3549 2441 3792 2504 intelle-

414 2541 619 2609 xisset.
641 2542 712 2603 ad
749 2562 851 2602 eos
882 2545 1322 2624 ronq..irendos
1354 2561 1468 2603 una
1500 2563 1632 2605 cum
1669 2561 1851 2604 uxore
1885 2546 2190 2621 profectus
2214 2552 2303 2601 est
2334 2546 2511 2602 domo
2570 2546 2930 2622 tandemque
2964 2541 3050 2603 lii.-
3077 2539 3390 2620 rosolytnis
3411 2557 3514 2599 eos
3544 2536 3792 2616 repetit,

419 2636 771 2698 monachico
803 2636 1006 2700 babitu
1043 2639 1325 2700 indutos:
1361 2637 1460 2697 ubi
1494 2648 1552 2697 et
1605 2642 1729 2717 ipse
1765 2655 1830 2697 ac
1863 2638 2078 2716 eoi-jus
2113 2637 2436 2697 svlttariam
2468 2637 2727 2717 an-plexi
2766 2636 2962 2701 vitam.
3001 2652 3266 2714 eousque
3295 2631 3470 2694 ambo
3511 2632 3570 2691 in
3601 2628 3798 2689 stadio

415 2729 656 2791 virtutis
688 2732 946 2810 provecti
979 2746 1142 2803 sunt,
1176 2741 1237 2793 ut
1268 2750 1476 2792 eorum
1511 2749 1746 2810 quoque
1780 2731 1908 2802 ﬁlii,
1944 2739 2004 2789 ut
2032 2731 2320 2790 miracula
2352 2730 2526 2791 etiam
2562 2738 2885 2810 patrarent.
2919 2730 3392 2790 Perseverarunt
3422 2733 3620 2785 autem
3653 2740 3794 2784 om-

414 2841 520 2885 nes
554 2826 611 2885 in
645 2825 752 2886 Dei
793 2827 1061 2898 servitio,
1097 2844 1163 2887 ac
1207 2828 1444 2887 tandem
1479 2828 1549 2885 ad
1585 2844 1719 2886 eum
1757 2828 2153 2901 emigrarunt.
2187 2849 2208 2880 ι

495 2915 568 2980 Il.
597 2918 816 2979 Eadem
847 2919 1026 2980 habet
1056 2918 1343 2981 Maximus
1375 2920 1717 2999 Cythereus,
1745 2939 1813 2978 ac
1849 2919 2092 2989 Menma,
2119 2919 2221 2978 sed
2251 2919 2374 2979 haec
2400 2917 2598 2978 multis
2633 2929 2919 2998 praeterea
2951 2914 3292 2994 antiphonis
3323 2932 3430 2976 eos
3459 2910 3790 2974 celebrant.

414 3010 782 3074 Referuntur
811 3012 1135 3093 quoquein
1169 3014 1373 3075 Graeco
1407 3012 1760 3090 Menolugio.
1799 3011 1842 3072 E
1872 3012 2090 3072 Latinis
2121 3009 2462 3073 Galesinius
2492 3013 2562 3073 ad
2597 3012 2755 3073 hunc
2783 3013 2939 3073 diem
2979 3011 3088 3071 ista
3121 3008 3327 3071 scribit
3363 3030 3376 3071 :
3413 3030 3438 3066 ι
3473 3009 3535 3070 In
3563 3003 3794 3068 Graecia

417 3103 480 3168 S.
511 3103 925 3183 XenOphontis
955 3105 1336 3167 confessoris.
1385 3105 1487 3166 His
1521 3107 1835 3166 excellenti
1870 3107 1926 3165 in
1985 3106 2166 3167 Deum
2203 3105 2444 3188 pietate,
2481 3125 2738 3188 ergaqne
2799 3122 3091 3186 pauperes
3124 3103 3490 3182 benignitate
3517 3097 3792 3160 incredi-

416 3197 546 3278 bili,
582 3195 1053 3280 IIierosolymam
1089 3201 1390 3279 profectus
1425 3201 1770 3260 monasticae
1807 3201 1932 3260 vita:
1968 3201 2145 3262 institi
2178 3210 2232 3262 ta
2289 3201 2588 3281 Suscepit:
2625 3204 2683 3261 in
2717 3219 2904 3276 eaque
2938 3199 3165 3260 vivendi
3199 3198 3428 3259 ratione
3457 3195 3537 3257 ita
3583 3211 3650 3256 se
3679 3211 3789 3254 ex-

415 3291 624 3366 coluit,
657 3303 719 3354 ut
769 3291 877 3354 Dei
904 3293 1093 3371 gratia
1123 3312 1191 3354 ac
1239 3293 1416 3354 domo
1467 3294 1672 3354 multis
1725 3293 2076 3355 mirabiliter
2105 3294 2288 3374 gestis
2340 3295 2544 3366 rebus,
2582 3307 2828 3374 ar'aque
2885 3292 3265 3354 sanctissime
3313 3296 3428 3352 vita
3452 3287 3669 3350 abierit
3713 3285 3786 3349 ad

415 3384 762 3447 Dominum.
801 3411 830 3442 ι
883 3389 947 3450 1η
983 3387 1137 3447 notis
1167 3387 1477 3465 accepi~se
1508 3405 1572 3447 se
1605 3389 1731 3448 l‘aac
1776 3407 1808 3448 e
1841 3389 2243 3450 monumentis
2276 3387 2495 3451 Graecis
2545 3387 2755 3449 scribit
2785 3407 2800 3448 :
2837 3397 2894 3448 at
2927 3391 3141 3447 mirum
3190 3392 3282 3446 est
3309 3403 3448 3444 eum
3490 3381 3690 3444 Mariae
3719 3399 3789 3443 ac

416 3476 674 3540 filiorum
725 3497 842 3539 non
875 3479 1250 3541 meminisse.
1311 3481 1530 3540 Eadem
1565 3499 1632 3542 ex
1683 3480 1988 3543 Galesinio
2023 3482 2230 3542 recitat
2287 3481 2560 3541 Canisius
2607 3480 2663 3541 in
2703 3480 3020 3559 posteriori
3074 3478 3362 3540 editione.
3397 3476 3667 3538 Molanus
3723 3474 3784 3536 in

408 3571 592 3634 addit.
627 3572 701 3633 ad
735 3571 1070 3636 Usuardum
1109 3593 1123 3634 :
1168 3597 1190 3631 α
1227 3574 1332 3638 Die
1359 3573 1456 3648 εἶθ,
1484 3576 1675 3636 sancti
1707 3574 1901 3636 Patris
1925 3575 2362 3654 Xenophontis,
2398 3583 2454 3635 et
2482 3573 2804 3634 comitatus
2845 3573 3055 3652 ipsius.
3098 3595 3118 3626 ι
3751 3613 3756 3618 -

490 3667 593 3731 ΙΙΙ.
625 3667 786 3730 Idem
815 3687 989 3749 porro
1023 3669 1430 3750 Anthologion
1464 3674 1526 3732 S.
1559 3669 1824 3734 Januarii
1862 3671 1973 3732 ista
2006 3669 2204 3731 habet:
2244 3667 2503 3730 «Eodem
2541 3686 2771 3741 mense,
2807 3668 2905 3729 die
2937 3676 3165 3742 octavo,
3192 3663 3256 3728 S.
3288 3661 3708 3744 Xenophontis
3728 3670 3789 3723 et

408 3763 732 3838 sociorum,
767 3770 826 3824 et
871 3762 932 3826 S.
967 3763 1243 3826 Marciani
1281 3765 1630 3845 presbyteri,
1671 3775 1787 3826 etc.
1825 3786 1854 3822 ι
1911 3765 2040 3838 Quo
2072 3764 2170 3824 die
2221 3762 2529 3843 Philippus
2562 3763 2871 3826 Ferrarius
2901 3761 2960 3823 in
2993 3759 3258 3840 generali
3289 3759 3563 3836 Catalogo
3612 3774 3786 3818 sanc-

409 3863 602 3919 torum
641 3877 656 3919 :
699 3882 717 3913 ι
759 3855 1266 3939 ConstantinOpoli
1297 3860 1358 3924 S.
1394 3858 1806 3940 Xenophontis
1839 3857 2262 3920 confessoris.»
2303 3860 2525 3919 Menaea
2557 3859 2594 3915 6
2625 3856 2816 3920 Martii
2851 3856 3171 3918 Arcadium
3197 3852 3488 3924 referunt,
3516 3851 3787 3912 ﬁliumne

406 3946 818 4030 Xenophontis
845 3967 920 4012 an
951 3951 1160 4024 alium,
1194 3951 1369 4013 nobis
1401 3953 1864 4033 incompertum;
1891 3951 2000 4013 ista
2023 3951 2214 4012 solum
2241 3949 2717 4011 habentondem
2745 3948 3061 4030 die,sancti
3091 3947 3282 4010 Patris
3303 3945 3491 4008 nostri
3512 3942 3781 4007 Arcadii.

1058 4071 1080 4100 tt
1119 4043 1378 4106 Lumbos
1410 4045 1508 4126 qui
1534 4047 1644 4106 sub
1669 4046 2122 4125 intelligentiam
2156 4045 2402 4120 cadunt,
2432 4045 2754 4105 virtutibus
2785 4043 3162 4121 prin-cinctus,

1054 4161 1074 4191 α
1114 4136 1361 4217 Egregie
1397 4150 1640 4200 ornatus
1671 4139 1934 4219 cingulo,
1970 4137 2210 4209 Arcadi,
2245 4141 2314 4199 atl
2340 4140 2555 4200 caelum
2589 4138 2784 4198 curris
2849 4161 2870 4192 ι

485 4225 584 4290 IV.
619 4226 810 4291 Vitam
841 4231 908 4292 S.
938 4232 1354 4312 XenOphontis
1385 4241 1443 4292 et
1475 4231 1800 4304 sociorum,
1837 4250 1868 4292 a
1901 4234 2183 4296 Simeone
2235 4231 2654 4313 Motaphraste,
2685 4241 2786 4292 aut
2815 4232 2933 4293 alio
2965 4229 3244 4310 quopiam
3279 4229 3603 4292 vetustiore
3631 4246 3780 4290 auc-

409 4329 564 4402 tore,
598 4323 1017 4401 conscriptam,
1051 4335 1363 4405 acceperat
1412 4324 1774 4406 Rosweydus
1827 4345 1859 4388 e
1889 4326 2096 4388 codice
2146 4325 2350 4389 Gi-ceco
2407 4327 2790 4389 bibliothecae
2843 4324 3342 4389 Christianissimi
3393 4325 3573 4404 regis.
3634 4322 3778 4386 Eam

404 4414 613 4478 Latine
643 4417 818 4477 vertit
846 4415 1030 4480 Ortho
1064 4417 1257 4498 Zylius
1287 4428 1513 4485 noster.
1552 4421 1839 4480 hactenus
1871 4439 2170 4500 nunquam
2203 4422 2318 4484 luci
2351 4424 2573 4484 datam.

484 4507 560 4572 Μ.
613 4506 738 4579 Qua
766 4517 935 4571 aelate
963 4511 1173 4571 vixerit
1205 4510 1265 4574 S.
1296 4511 1650 4592 Xenophon,
1687 4531 1754 4574 ex
1789 4512 2123 4592 Nicephoro
2158 4516 2398 4577 Callisto
2451 4516 2659 4596 liquet.
2694 4515 2747 4576 Is
2779 4513 2818 4578 l.
2873 4531 2996 4585 xw,
3029 4532 3084 4577 c.
3134 4513 3234 4588 δι’,
3270 4531 3403 4575 cum
3436 4512 3513 4573 de
3566 4529 3778 4589 magno

402 4598 718 4680 Euthymio
749 4601 989 4683 egisset,
1023 4603 1098 4663 de
1130 4623 1246 4683 quo
1295 4622 1402 4664 nos
1430 4604 1507 4664 20
1534 4604 1826 4669 Januarii.
1859 4606 1934 4668 de
1966 4609 2042 4671 Xo
2064 4628 2158 4679 na,
2192 4609 2317 4670 sive
2349 4609 2626 4676 Eusebia.
2663 4609 2738 4670 (le
2786 4627 2902 4686 qua
2930 4607 3002 4671 24
3036 4607 3199 4686 Jan.,
3235 4609 3310 4670 de
3337 4606 3599 4670 EudOcia
3645 4609 3778 4668 Au-

405 4703 595 4772 gusta,
632 4713 664 4756 e
697 4696 825 4756 aliis
855 4697 956 4776 qui
1000 4698 1210 4772 quinto
1242 4698 1480 4770 saeculo,
1515 4701 1842 4760 sanctitatis
1896 4701 2179 4780 opinione
2232 4703 2495 4764 illustres
2538 4703 2844 4781 exstitere,
2883 4702 2991 4763 ista
3043 4701 3307 4763 adnectit
3341 4722 3356 4761 :
3423 4727 3446 4755 «ι
3484 4699 3779 4762 Praeterea

403 4786 842 4850 celeberrimus
873 4791 974 4851 ille
1003 4789 1332 4870 Xenophon
1367 4792 1577 4853 iisdem
1611 4794 1982 4872 temperibus
2014 4797 2231 4872 floruit,
2263 4799 2362 4878 qui
2395 4796 2559 4877 prius
2592 4796 2874 4857 senatorii
2905 4795 3133 4857 ordinis
3160 4795 3374 4866 fuerat,
3410 4813 3526 4856 non
3579 4794 3778 4856 minus

405 4882 671 4945 externis
696 4884 931 4963 opibus,
961 4904 1135 4965 quam
1173 4885 1423 4946 internis
1453 4887 1631 4948 animi
1665 4889 1902 4950 dotibus
1934 4891 2320 4970 conspicuus.
2357 4889 2598 4950 Miseaat
2626 4890 2674 4950 is
2707 4892 3003 4969 Berytum,
3031 4907 3161 4964 quae
3193 4888 3461 4950 Pcenices
3491 4887 3634 4948 urbs
3659 4896 3772 4960 est,

403 4975 741 5058 disciplinae
769 4988 828 5038 et
859 4979 1056 5059 lequm
1089 4979 1505 5041 discendorum
1538 4983 1746 5056 gratia,
1780 4983 2098 5044 Arcadium
2133 4993 2189 5046 et
2217 4983 2505 5046 Joannem
2541 4984 2693 5045 ﬁlios
2723 5002 2887 5045 suos.
2923 4982 3068 5045 Cum
3100 4993 3297 5044 autem
3332 4983 3368 5042 ii
3403 4980 3773 5060 naufragium

403 5070 465 5134 in
499 5072 650 5134 mari
682 5073 840 5153 passi
871 5083 1094 5147 essent,
1127 5074 1197 5134 ad
1232 5092 1334 5136 eos
1367 5079 1801 5156 perquirendos
1824 5098 1937 5140 una
1968 5098 2102 5141 cum
2132 5083 2385 5155 conjuge
2413 5105 2422 5150 ι
2452 5079 2710 5142 rofsctus
2735 5088 2846 5142 est.
2873 5082 3008 5142 Pori
3029 5100 3062 5139 o
3089 5078 3188 5140 ubi
3222 5096 3326 5140 eos
3349 5075 3778 5157 Hierosolymis

402 5166 792 5228 monasticam
827 5165 1164 5228 institutum
1197 5186 1408 5230 omnes
1436 5171 1778 5250 complexos
1811 5172 2059 5245 invenit,
2090 5173 2221 5254 ipse
2251 5192 2510 5254 quoque,
2543 5183 2601 5233 et
2647 5193 2779 5234 cum
2813 5192 2882 5234 eo
2913 5174 3150 5253 conjux.
3181 5171 3613 5253 lranquitlioris
3643 5169 3776 5232 vitae

399 5257 669 5321 habitum
703 5257 984 5324 induunt.
1018 5261 1109 5322 Ad
1140 5279 1268 5322 eam
1303 5280 1442 5323 vero
1473 5282 1686 5324 omnes
1715 5266 1990 5326 virtutem
2027 5285 2375 5345 pervenere,
2413 5275 2473 5326 ut
2518 5275 2574 5326 et
2605 5265 3014 5327 faciendorum
3053 5265 3473 5326 miraculorum
3521 5263 3772 5343 gratiam

395 5370 430 5419 ι
459 5352 581 5416 Deo
612 5354 921 5420 consecuti
948 5355 1092 5419 sint.
1124 5353 1392 5438 Cumque
1422 5367 1724 5437 acceptam
1764 5361 1886 5422 Deo
1917 5360 2091 5422 vitam
2123 5361 2407 5440 egissent,
2443 5360 2513 5421 ad
2549 5378 2684 5423 eum
2723 5360 2957 5424 tandem
2989 5359 3376 5439 emigrarunt.
3418 5382 3439 5414 υ
