4098 6202
308 303 462 382 1033
1504 303 1692 376 VITA
1747 311 1807 374 s.
1869 305 2441 375 XENOPHONTIS.
3534 306 3688 380 1034

298 475 385 510 vov
445 451 618 532 ἔχων,
675 453 775 506 καὶ
810 450 1086 526 σκήπτρου
1114 447 1381 526 ἐχόμενος
1418 464 1431 477 '
1469 452 1496 505 ὁ
1539 447 1594 504 δὲ
1638 431 1938 527 Ἀρκάδιοις1

2036 444 2375 507 ἀὶοάεηιοιθ
2409 442 2680 526 plurimis
2708 461 2777 504 ac
2827 441 3271 523 splendissimis
3315 444 3501 508 stellis
3560 445 3684 508 ful-

297 541 562 622 στέφανον
596 540 690 597 καί
736 540 896 602 αὒτὸς
953 536 1332 612 ⁴ὶναδεδεμένος
1366 537 1426 592 ἐκ
1457 537 1716 595 ποικίλων
1747 537 1938 614 ἅστρωπ

2032 546 2209 614 gente
2270 535 2607 608 redimitus,
2665 532 2992 613 dextraque
3045 551 3278 597 crecem
3332 535 3681 616 praeferens,

298 635 392 689 καὶ
441 629 863 708 λαμπροτάτων,
905 628 1133 706 σταυρόν
1166 650 1223 684 τε
1268 628 1337 695 τῇ
1369 626 1512 699 δεξιᾷ
1541 628 1817 708 κατέχων,
1854 648 1938 681 και

2033 643 2222 705 prope
2274 630 2642 685 constratum
2696 621 2768 682 ad
2829 629 3091 704 quietem
3124 623 3411 687 lectulum
3444 626 3678 690 viseba-

298 721 487 788 κλίνην
516 722 664 799 ἔχων
691 720 763 784 εἷς
795 718 1093 774 ἀνάπαυσιν
1124 718 1213 774 καὶ
1245 719 1558 792 στρωμνήν,

383 809 473 870 K'.
523 808 620 867 Ἐκ
645 809 833 865 τούτου
867 805 1133 869 συνιέντες
1178 807 1298 870 τοὺς
1335 803 1534 869 παῖδας
1582 807 1752 862 αὐτῶν
1783 804 1944 878 τιμῆς

296 899 545 978 μεγάλης
578 897 832 966 ἠξιῶσθαι
869 896 1012 971 παρὰ
1058 899 1196 974 Θεῷ,
1249 897 1336 951 καὶ
1380 902 1540 952 τοῦτο
1572 894 1626 950 δὲ
1658 891 1943 974 διδαχθέν-

292 1012 382 1056 τες
436 987 579 1067 παρὰ
613 992 715 1054 τῆς
760 987 1014 1066 χάριτος,
1046 985 1099 1041 ἐν
1153 983 1545 1062 Ἰεροσολύμοις
1602 985 1791 1047 αὖτοὺς
1849 984 1943 1040 εἶ·-

294 1103 404 1154 ναι,
451 1078 624 1138 τᾶλλα
668 1077 843 1134 πάντα
901 1076 1067 1152 μικρὰ
1127 1075 1365 1150 θέμενοι,
1398 1079 1496 1132 καὶ
1557 1076 1776 1155 χρυσίον
1837 1073 1942 1130 λα-

294 1168 480 1232 ϐόντες
513 1169 717 1248 συχνὸν
779 1164 1022 1244 εὐλογίας
1064 1165 1227 1245 χάριν
1282 1164 1377 1222 καί
1411 1164 1806 1242 παρακλήσεως
1835 1165 1943 1222 τῶν

294 1261 483 1341 χρείαν
516 1258 781 1338 ἐχόντων,
812 1253 933 1312 ὁδοῦ
962 1260 1061 1322 τῆς
1094 1254 1180 1311 ἐπ’
1211 1256 1342 1313 αὐτὰ
1392 1255 1656 1334 φερούσης
1690 1253 1936 1333 εἴχοντο.

292 1349 445 1407 Ἐπεὶ
487 1345 541 1404 δὲ
605 1348 694 1403 καὶ
753 1342 1078 1418 κατέλαϐον,
1140 1345 1262 1405 τοὺς
1327 1345 1511 1422 ἁγίους
1569 1343 1937 1421 περιελθόντες

289 1440 512 1510 τόπους,
541 1437 629 1494 καὶ
660 1443 816 1492 τοῦτο
847 1435 945 1510 μὶν
999 1439 1302 1514 προσευχῇ,
1353 1434 1508 1491 τοῦτο
1559 1431 1613 1489 δὲ
1672 1435 1761 1490 καὶ
1815 1431 1936 1489 δια-

293 1536 431 1605 νομῇ
501 1525 728 1608 χρυσίου
788 1526 1038 1602 συνεργὸν
1097 1527 1158 1580 τὸ
1219 1532 1379 1580 Θετον
1434 1531 1527 1580 τοῦ
1585 1522 1938 1602 προκειμένου

291 1618 648 1695 κτησάμενοι,
702 1615 892 1671 ἔπειτα
952 1614 1041 1670 καὶ
1101 1615 1166 1670 τὰ
1219 1613 1556 1692 μοναστήρια
1612 1611 1930 1688 διελθόντες,

2035 723 2155 776 tur.

2111 802 2237 864 XX.
2274 804 2357 866 Ex
2403 802 2622 883 quibus
2645 821 2779 864 cum
2803 801 2959 864 filios
2976 800 3032 864 in
3060 820 3278 885 magno
3295 804 3455 886 apud
3483 803 3676 872 Deum

2031 893 2255 954 honore
2279 892 2500 953 versari
2526 891 3035 969 intelligerent,cu
3048 913 3226 976 mque
3249 895 3448 959 divino
3469 915 3676 962 mune-

2027 1000 2094 1044 re
2113 1001 2216 1045 eos
2235 980 2664 1062 Hierosolymis
2687 980 2904 1060 degere
2927 983 3070 1046 satis
3107 985 3541 1068 perspicerent,
3575 1005 3674 1051 res

2027 1079 2273 1133 caeteras
2297 1091 2407 1133 ceu
2435 1071 2696 1132 minores
2718 1072 3430 1157 aspernati,sumptaque,
3452 1085 3670 1158 quanta

2025 1163 2096 1223 ad
2130 1163 2407 1224 solatium
2441 1170 2498 1223 et
2528 1161 2796 1223 levamen
2830 1161 3071 1244 inopum
3104 1183 3252 1244 opus
3283 1175 3462 1242 esset,
3480 1186 3670 1246 pecu-

2025 1251 2146 1326 nia,
2179 1253 2240 1313 in
2272 1253 2421 1312 viam
2459 1270 2527 1313 eo
2562 1252 2852 1313 ferentem
2879 1269 2944 1313 se
2968 1251 3426 1327 dederunt.Quo
3451 1264 3514 1320 ut
3535 1276 3671 1339 per-

2028 1351 2259 1404 ventum
2293 1341 2852 1414 est,circumeuntes
2885 1341 3018 1402 loca
3047 1360 3236 1419 sacra,
3254 1344 3431 1408 simul
3465 1353 3664 1428 preci-

2023 1429 2156 1505 bus,
2191 1431 2370 1492 simul
2405 1429 2702 1507 largitioni
2747 1448 2989 1510 operam
3026 1431 3260 1506 dantes,
3313 1454 3458 1498 auro
3506 1436 3665 1501 velut

2021 1531 2349 1600 coeptorum
2370 1521 2651 1580 divinitus
2673 1538 2918 1599 operum
2940 1519 3514 1604 adjutoreprreclare
3537 1535 3664 1591 ule-

2021 1608 2257 1672 bantur.
2317 1611 2464 1673 lnde
2522 1609 2592 1669 ad
2656 1610 3020 1670 monasteria
3051 1609 3328 1691 digressi,
3366 1635 3659 1698 nusquam

291 1705 523 1777 οὖδαμοῦ
579 1711 674 1762 τοῦ
727 1701 1055 1778 ποθουμένου
1112 1702 1434 1783 ἐτύγχανον,
1481 1702 1596 1758 οὔτε
1651 1703 1758 1776 μὴν
1817 1703 1934 1768 τοὺς

2029 1701 2177 1781 quod
2202 1699 2624 1762 desiderabant
2647 1699 3363 1781 consecuti,optatissimo
3382 1716 3656 1770 natorum

289 1793 490 1859 παῖδας
537 1795 660 1859 τους
713 1793 916 1850 ἑαυτῶν
973 1793 1138 1872 εἶχον
1196 1791 1355 1851 ἰδεῖν.
1414 1792 1740 1851 Ἐντεῦθενό
1773 1795 1931 1856 πόθος

2029 1800 2342 1870 Lonspectu
2375 1786 3010 1851 frustrabantur.Unde
3041 1798 3099 1851 et
3127 1792 3414 1858 desiderii
3439 1796 3658 1873 fervor,

290 1885 476 1948 αὐτοῖς
541 1883 858 1963 θερμοτέρος
912 1883 1257 1963 ἀνεφλέγετο,
1340 1887 1408 1958 τῇ
1490 1885 1784 1961 παρατάσει
1845 1892 1936 1940 τοῦ

2029 1899 2182 1941 mora
2201 1880 2488 1960 temporis
2505 1878 2738 1939 occulte
2762 1879 3464 1954 nutritus,vehementius
3483 1906 3658 1950 exar-

291 1982 492 2055 χρόνου
540 1975 766 2055 κρυφίως
831 1973 1286 2050 ὑποτρεφόμενος,
1353 1972 1488 2030 Οἴον
1538 1973 1638 2050 γὰρ
1686 1971 1747 2028 τὰ
1801 1970 1932 2028 ἰδεῖν

2029 1969 2321 2042 lescebat.
2358 1968 2512 2041 Quid
2548 1969 2707 2029 enim
2744 1967 3409 2054 desiderabilius,quam
3434 1976 3662 2042 liberos

288 2064 346 2121 ἒν
373 2071 504 2134 ζῶσι
533 2064 696 2121 τέκνα
737 2065 803 2120 τὰ
861 2062 1001 2120 οὕτω
1029 2063 1282 2143 φίλτατα,
1315 2060 1480 2124 οὕτως
1511 2061 1929 2138 ἀπελπισθέντα,

2029 2069 2132 2120 tam
2167 2060 2412 2149 charos,
2444 2069 2684 2149 tamque
2715 2067 2883 2149 extra
2939 2077 3105 2139 spem
3138 2063 3375 2126 videndi
3407 2069 3656 2149 positos,

287 2156 373 2211 καὶ
403 2154 551 2232 παρὰ
582 2159 699 2228 Θεῷ
728 2153 976 2220 τοιαύτης
1008 2153 1247 2233 τύχοντα
1277 2152 1373 2220 τῆς
1405 2151 1748 2218 οἷκειώσεως.

2029 2160 2297 2240 tantaque
2325 2168 2359 2210 a
2386 2148 2507 2240 Dec
2539 2147 2901 2226 benignitate
2931 2154 3419 2230 servatos,adhuc
3449 2147 3656 2240 super;

2016 2239 2184 2300 stites
2216 2235 2483 2299 intueri?

369 2332 500 2396 KA'.
569 2325 677 2391 εΕἶνὶ
729 2331 784 2389 δὲ
828 2331 1123 2389 συναντῶσι
1164 2335 1270 2387 τῶν
1303 2331 1548 2408 οἰκετῶν,
1597 2332 1653 2386 οἳ
1681 2330 1770 2385 καὶ
1801 2351 1927 2388 συν-

2098 2327 2247 2392 XXI.
2267 2330 2403 2390 Post
2424 2326 2550 2388 haec
2574 2325 2632 2386 in
2657 2325 2975 2407 quemdam
3003 2347 3071 2390 ex
3095 2329 3356 2410 famulis,
3385 2336 3486 2416 qui
3517 2357 3650 2400 cum

288 2421 558 2497 απόδημοι
616 2435 734 2488 τοῖς
792 2421 1009 2478 ἐκείνων
1064 2420 1216 2477 παισὶ
1272 2419 1591 2499 ἐτύγχανον,
1654 2420 1931 2500 μοναχικὰ

2029 2418 2155 2480 ﬁliis
2203 2418 2361 2479 foras
2395 2417 2714 2496 profectus,
2750 2418 2856 2478 sed
2890 2437 3053 2480 nunc
3086 2418 3289 2484 habitu
3322 2427 3654 2490 monastico

286 2508 752 2589 περιϐεϐλημένῳ,
807 2510 864 2566 ὃν
921 2512 1008 2567 καὶ
1065 2509 1172 2566 ἀπὸ
1201 2515 1301 2576 τῆς
1337 2514 1547 2589 μορφῆς
1579 2508 1924 2588 ἀναγνόντες,

2037 2509 2254 2569 ndutus
2285 2514 2433 2582 erat,
2461 2505 2966 2599 incidentes,eum
2997 2527 3066 2569 ex
3097 2509 3288 2572 forma
3319 2515 3647 2599 cognitum,

283 2603 373 2658 καὶ
419 2602 497 2675 μὴ
553 2599 738 2658 δοῦλοι
793 2607 904 2675 νῦν,
946 2599 1066 2656 ἀλλ’
1123 2597 1418 2674 ὁμόδουλον
1480 2599 1704 2672 έαυτῶν,
1752 2598 1786 2667 ἢ
1841 2601 1928 2655 καὶ

2031 2617 2249 2680 amque
2283 2615 2400 2658 non
2431 2605 2500 2657 ut
2530 2613 2789 2672 servum,
2825 2595 2932 2656 sed
2965 2604 3027 2657 ut
3048 2615 3428 2679 conservum,
3461 2613 3562 2668 aut
3593 2595 3656 2669 ut

285 2691 604 2770 τιμιώτερον
665 2690 809 2748 εἶναι
864 2691 1160 2768 κρίναντες,
1223 2695 1378 2746 ’τιοῦτο
1435 2688 1532 2764 μὲν
1563 2695 1639 2762 τῷ
1679 2690 1926 2768 σχήματι

2029 2691 2345 2767 tigniorem
2382 2686 2558 2748 etiam
2584 2694 2924 2760 tractantes,
2964 2695 3084 2748 tum
3117 2705 3305 2751 sacrae
3336 2693 3515 2756 vestis
3546 2713 3651 2758 ve-

282 2785 383 2848 τῆς
427 2777 747 2859 περιϐολῆς,
782 2779 942 2836 τοῦτο
973 2776 1027 2834 δὲ
1073 2783 1160 2835 καὶ
1208 2786 1285 2853 τῷ
1339 2778 1576 2858 περιόντι
1625 2781 1723 2846 τῆς
1755 2780 1927 2834 αὐτῶν

2029 2779 2345 2852 ieratione,
2382 2787 2503 2838 tum
2539 2775 2829 2836 modestia
2861 2793 2970 2836 sua
3002 2777 3262 2840 maxima
3289 2780 3554 2862 impulsi,
3589 2792 3650 2848 in

283 2871 766 2952 μετριοφροσύνης,
829 2869 956 2948 γόνυ
1005 2867 1304 2939 κλίναντες,
1370 2869 1729 2947 προσκύνησιν
1788 2872 1926 2943 αύτῷ

2029 2888 2200 2946 genua
2231 2865 2766 2946 abjecti,religiosa
2796 2864 3144 2929 adcretione
3176 2883 3647 2952 prosequuntur.

284 2958 521 3023 εὒλαϐῶς
554 2965 850 3039 προσῆγον,
905 2967 1008 3017 Του
1063 2956 1118 3014 δὲ
1149 2959 1502 3038 βαρυνομένου
1533 2960 1598 3035 τῇ
1631 2963 1728 3026 τῆς
1760 2963 1924 3026 τιμῆς

2029 2957 2194 3030 luem
2220 2956 2468 3018 honoris
2492 2972 2801 3045 excessum
2835 2974 2968 3045 cum
2999 2955 3100 3018 ille
3133 2976 3254 3020 non
3284 2960 3494 3045 ferret,
3517 2962 3649 3028 Non

285 3049 532 3127 ἀμετρίᾳ,
568 3052 641 3108 Οὐ
671 3051 754 3106 σοὶ
785 3055 962 3122 τοῦτο,
1027 3050 1054 3104 ὁ
1097 3052 1238 3112 θεῖος
1293 3047 1612 3124 ἀπεκρίνατο
1643 3051 1923 3130 Ξενοφῶν,

2029 3046 2346 3127 ibi,inquit
2371 3045 2606 3106 divinus
2638 3043 2998 3122 Xenophon,
3023 3047 3130 3107 sed
3161 3049 3398 3113 vestitui
3428 3043 3550 3129 tuo,
3583 3072 3654 3117 ac

285 3139 423 3198 ἀλλὰ
465 3161 543 3213 τῳ
573 3140 823 3220 σχήματι
878 3146 957 3213 τῷ
1017 3141 1095 3212 σῷ
1145 3140 1234 3196 καὶ
1290 3143 1369 3212 τῷ
1412 3139 1498 3194 καὶ
1543 3143 1610 3215 τῇ
1653 3135 1720 3194 δι’
1766 3137 1926 3196 αὺτοῦ

2029 3137 2228 3198 livinae
2256 3133 2670 3230 familiaritatis
2700 3134 2920 3213 sigillo,
2946 3136 3106 3216 quod
3135 3137 3371 3203 habitus
3395 3142 3508 3205 iste
3535 3149 3651 3204 im-

285 3227 536 3310 σφραγῖδι
565 3234 664 3296 τῆς
696 3229 827 3305 πρὸς
856 3230 987 3285 Θεὸν
1017 3225 1360 3290 οἱκειῶσέως.

2029 3227 2251 3301 ηθεεὶι,
2280 3226 2404 3288 haec
2435 3227 2810 3288 deferuntur.

370 3309 495 3381 KB'.
552 3316 704 3376 Ἐπεὶ
735 3316 790 3374 δὲ
841 3319 926 3376 καὶ
971 3319 1357 3392 πυνθανόμενοι
1410 3318 1662 3390 περὶτῶν
1694 3317 1918 3399 παίδων,

2087 3315 2262 3380 XXII.
2324 3317 2472 3378 Tum
2533 3315 2609 3377 de
2663 3313 2874 3376 liberis
2904 3315 3214 3397 sciscitati,
3255 3320 3402 3382 nihil
3434 3333 3653 3403 praeter

285 3407 435 3467 οὐδὲν
460 3407 528 3465 π)
541 3407 626 3466 έον
657 3409 820 3489 εἶχον
853 3412 1070 3484 μαθεῖν,
1103 3407 1183 3464 ὅτι
1217 3408 1292 3482 μὴ
1322 3408 1386 3463 τὰ
1417 3410 1471 3462 kv
1501 3408 1741 3484 θαλάσσῃ
1787 3409 1923 3483 μόνα

2029 3427 2078 3471 εει
2137 3425 2268 3487 quae
2325 3405 2388 3466 in
2445 3406 2596 3466 mari
2641 3405 3007 3485 acciderant,
3041 3421 3462 3491 assequuntur.
3497 3417 3648 3480 Nam

283 3496 561 3574 συμϐάντα
611 3497 774 3570 (ὅπως
830 3499 931 3576 γὰρ
991 3497 1136 3555 αὐτοὶ
1167 3497 1518 3576 διεσώθησαν,
1555 3494 1670 3572 ᾔδει
1714 3497 1921 3562 ἐκεῖνος

2029 3498 2082 3559 le
2141 3497 2332 3558 salute
2390 3496 2656 3576 ipsorum
2719 3496 2867 3556 nihil
2918 3496 3058 3559 huic
3093 3510 3462 3580 compertum
3497 3514 3646 3567 erat.

282 3587 600 3668 οὔδοτιοῦν),
660 3587 720 3643 οὒ
771 3587 914 3655 παρὰ
971 3595 1126 3645 τοῦτο
1198 3586 1544 3665 ῥᾳθυμότεροι
1615 3587 1921 3665 γεγόνασιν,

2029 3585 2236 3660 )uibus
2291 3585 2379 3645 illi
2437 3585 2893 3664 haudquaquam
2944 3588 3256 3665 segniores
3287 3591 3506 3674 effecti,
3536 3594 3650 3657 (le-

283 3677 400 3736 οὐδὲ
431 3676 570 3752 ὄκνῳ
600 3680 690 3734 τὸν
713 3680 873 3734 πόθον
903 3675 1200 3757 ἤμϐλυναν,
1230 3674 1350 3732 ἀλλ’
1378 3674 1452 3732 ἔτι
1476 3674 1680 3749 μᾶλλον
1702 3683 1769 3752 τῇ
1800 3678 1923 3754 περί

2029 3677 2234 3737 ιίόετίο
2263 3674 2554 3752 ignaviam
2601 3677 2964 3749 exculiente,
3018 3676 3285 3757 ipsisque
3315 3683 3650 3748 visceribus

291 3770 410 3831 τοὺς
485 3765 683 3831 παῖδας
757 3766 1004 3840 επιθυμίᾳ
1068 3766 1133 3822 τὰ
1191 3763 1480 3844 σπλάγχνα
1538 3761 1922 3839 διακαιόμενοι,

2029 3766 2202 3844 uagis
2218 3783 2287 3825 ac
2313 3764 2497 3841 magis
2519 3770 2793 3824 natorum
2829 3782 3033 3825 amore
3057 3763 3650 3845 flagrantibus,vesti-

283 3858 498 3936 ἐρεύνης
542 3857 786 3936 εἴχοντο.
827 3855 994 3920 Δόξαν
1039 3855 1129 3912 οὖν
1160 3857 1368 3927 αὐτοῖς,
1431 3854 1518 3909 καὶ
1563 3855 1681 3931 περὶ
1727 3855 1792 3910 τὰ
1835 3866 1928 3914 τοῦ

2029 3855 2185 3935 gandi
2213 3871 2390 3935 porro
2413 3851 2781 3929 diligentiam
2808 3852 3435 3938 intenderunt.ltaque
3461 3859 3649 3923 visum

285 3947 552 4024 Ἰορδάνου
605 3946 743 4022 μέρη
805 3945 1051 4026 ἑφοίτων,
1127 3945 1239 4019 ἅμα
1289 3945 1386 4018 μὲν
1460 3944 1582 4020 περί
1640 3951 1747 3999 τῶν
1804 3946 1928 4001 υἱῶν

2029 3947 2084 4006 is
2105 3945 2234 4016 fuit,
2261 3943 2568 4022 regionem
2593 3939 2870 4002 Jordanis
2892 3943 3228 4006 adeundam
3250 3965 3403 4025 esse,
3433 3948 3533 4010 ubi
3561 3951 3651 4012 si-

285 4038 658 4112 ἇκζητοῦντες,
711 4035 824 4112 ἅμα
868 4033 921 4091 δὲ
964 4038 1053 4092 καὶ
1092 4036 1189 4101 τὴν
1249 4046 1414 4113 χεῖρα
1475 4030 1713 4107 δαψιλῶς
1772 4033 1928 4111 ῥέου-

2029 4035 2135 4095 nul
2159 4033 2380 4094 liberos
2405 4031 2810 4120 qliairitarent,
2837 4032 3013 4094 simul
3035 4044 3377 4098 manentem
3411 4038 3654 4120 largiter

285 4150 382 4186 σαν
455 4139 576 4190 τοῖς
673 4124 944 4200 δεομένοις
1031 4125 1415 4202 προτείνοντες.
1519 4122 1797 4188 Ἀπιόντες
1875 4125 1928 4180 δὲ

2029 4125 2316 4187 lexteram
2350 4119 2663 4201 egentibus
2711 4121 3032 4200 aperirent.
3082 4122 3166 4185 Eo
3197 4144 3331 4187 cum
3364 4128 3656 4195 abiissent

284 4223 612 4278 ωναντῶσιν
669 4215 854 4290 ἱκείνῳ
938 4221 1013 4288 τῷ
1078 4217 1364 4289 θαυμαστῷ
1434 4211 1660 4292 γέροντι,
1727 4213 1783 4279 ὃς
1844 4218 1928 4272 καὶ

2029 4213 2248 4276 )bvium
2277 4212 2540 4274 habuere
2562 4209 2984 4273 admirandum
3003 4213 3168 4274 illum
3187 4219 3654 4298 senem,quiAr-

285 4309 377 4365 τὸν
470 4304 753 4386 Ἀρκάδιον
822 4305 1106 4384 ἀποκείρας
1192 4306 1282 4360 καὶ
1354 4305 1416 4360 τὰ
1499 4304 1603 4360 τῶν
1669 4311 1928 4384 μοναχῶν

2029 4305 2248 4366 :adium
2286 4302 2642 4375 totonderat,
2701 4303 3253 4384 monachorumtu
3297 4309 3523 4372 amictu
3549 4310 3650 4373 in-

287 4399 430 4470 αὒτῷ
457 4393 760 4473 περιϐαλὼν
799 4394 886 4462 ἧν.
942 4395 1125 4468 Τούτῳ
1160 4394 1562 4468 προσελθόντες,
1624 4395 1706 4450 καὶ
1754 4393 1929 4450 ποδῶν

2029 4392 2343 4456 luerat.Ad
2377 4393 2536 4454 hunc
2565 4391 2944 4467 accedentes,
2978 4395 3267 4458 contactis
3305 4399 3492 4462 sacris
3523 4402 3656 4480 ejus

286 4486 491 4544 ἐκείνου
532 4491 639 4542 τῶν
681 4488 834 4563 ἱερῶν
891 4483 1180 4560 ἁψάμενοι,
1246 4480 1451 4539 ἐδέοντο
1506 4481 1673 4562 εύχῆς
1742 4487 1929 4549 αὐτοὺς

2029 4484 2293 4563 pedibus,
2320 4483 2658 4552 obsecrant,
2687 4491 2749 4571 ut
2774 4499 3018 4544 suarum
3050 4483 3206 4564 apud
3228 4484 3416 4550 Deum
3441 4509 3654 4571 preca-

287 4575 509 4641 ἀξιῶσαι
581 4579 680 4642 τῆς
731 4543 877 4651 ιπρὸς
943 4543 1101 4630 Θέόν.
1165 4543 1318 4630 ζΕπεὶ
1378 4570 1464 4627 οὖν
1527 4543 1780 4650 ὁῆγέρων
1835 4579 1928 4633 εὖ-

2029 4556 2244 4637 ξίοηυιη
2273 4571 2592 4652 participes
2614 4570 3054 4634 faciat.Annuit
3089 4543 3222 4636 iuox
3252 4543 3541 4642 benevole
3563 4600 3661 4644 se-

291 4663 555 4742 πρᾶθυμον
613 4665 798 4722 ἑαυτὸν
855 4666 926 4727 εἷς
1004 4663 1160 4720 τοῦτο
1220 4661 1462 4741 παρέσχε
1521 4664 1610 4718 καὶ
1665 4659 1768 4729 ἤδη
1827 4662 1928 4730 nii-

2029 4665 2494 4740 nior,Deumque
2525 4672 2824 4739 precatus,
2847 4661 2972 4722 suis
2991 4680 3097 4724 eos
3116 4667 3436 4746 compellat
3456 4671 3657 4733 nomi-

291 4754 438 4828 ξατο,
487 4755 619 4830 πρὸς
673 4755 842 4831 ὄνομα
885 4753 1101 4819 τούτους
1146 4751 1325 4810 ἐκάλει
1365 4751 1440 4830 (ὢ
1469 4751 1692 4831 χάριτος
1722 4754 1859 4816 θείας
1888 4753 1929 4827 l)

2029 4755 2214 4827 nibus,
2240 4761 2418 4831 atque
2445 4754 2496 4827 (0
2521 4749 2706 4810 divini
2737 4752 3004 4813 muneris
3024 4755 3321 4834 gratiam!)
3354 4757 3544 4838 ipsam
3578 4763 3655 4824 ob

289 4847 586 4919 προστιθεὶς
671 4845 760 4902 καὶ
840 4845 936 4911 τὴν
1024 4844 1078 4900 ἑν
1150 4844 1336 4922 χερσὶν
1429 4842 1696 4916 ὑπόθεσιν,
1787 4843 1930 4919 μάλα

2029 4864 2186 4927 quam
2250 4848 2538 4933 venerant
2593 4859 2856 4933 causam,
2904 4841 3091 4933 divini
3151 4844 3392 4909 luminis
3424 4853 3658 4933 perspi-

288 4932 600 5009 διορατικῶς
667 4935 756 4992 καὶ
822 4934 1184 5014 θεοφορήτως.
1249 4942 1347 4988 Δεῖ
1404 4929 1458 4986 δὲ
1518 4931 1710 5005 οὕτως,
1755 4933 1935 5014 ὥσπερ

2029 4934 2236 4998 cientia
2258 4941 2316 4993 et
2339 4931 2574 4992 visione
2595 4930 3082 5009 cognitam,haud
3108 4944 3461 5001 cunctanter
3483 4929 3664 5020 expo-

289 5023 596 5104 ἐλέχθησαν
633 5071 650 5099 ,
735 5021 1137 5100 ἰδιωτικώτερον
1213 5024 1344 5080 αὔτα
1429 5022 1768 5098 παραθέσθαι.
1845 5026 1934 5088 Τίς

2029 5021 2255 5086 nit.Sed
2290 5021 2418 5102 ipsa
2445 5021 2903 5101 propemodum,
2927 5022 3147 5103 quibus
3167 5044 3307 5087 usus
3337 5035 3424 5088 est
3453 5029 3658 5105 verba,

289 5115 588 5194 ἠνάγκασε,
650 5113 846 5191 λέγων,
909 5114 1000 5169 τὸν
1073 5118 1220 5188 κῦριν
1293 5111 1616 5188 Ξενοφῶντα
1677 5115 1766 5169 καὶ
1836 5115 1934 5183 τὴν

2029 5117 2180 5192 iuvat
2210 5111 2608 5193 particulatim
2656 5111 2871 5173 afferre
2907 5129 2919 5174 :
2958 5113 3280 5190 Quidnam,
3317 5116 3535 5195 inquit,
3585 5121 3658 5180 ad

289 5212 455 5284 κυράν
501 5193 704 5278 Μαρίαν
746 5203 813 5259 τὰ
864 5193 1204 5280 Ἰεροσόλυμα
1247 5196 1484 5256 κατιδεῖν
1518 5218 1534 5279 ;
1573 5199 1754 5268 Οὐδεὶς
1813 5202 1934 5260 ἕπε-

293 5315 382 5372 ρος
426 5293 665 5364 πάντως,
713 5290 794 5348 ὅτι
856 5291 932 5367 μὴ
989 5292 1024 5359 ἡ
1056 5293 1160 5345 τῶν
1208 5287 1408 5345 τέκνων
1452 5291 1671 5367 στοργή.
1710 5293 1794 5358 Μὴ
1849 5293 1937 5349 οὖν

294 5384 548 5456 ἀθυμεῖτε
585 5401 600 5416 ⁸
630 5388 760 5452 ζῶσι
803 5382 925 5460 γὰρ,
980 5387 1140 5451 ζῶσιν
1183 5381 1330 5450 ὑμῶν
1373 5377 1584 5444 άληθῶς
1629 5381 1694 5436 τὰ
1754 5382 1935 5464 τέκνα,

296 5469 476 5547 ὥσπερ
505 5469 571 5536 δὴ
617 5472 707 5527 καὶ
751 5473 879 5535 Θεὸς
926 5473 1060 5546 ἡμῖν
1097 5468 1448 5547 ἔφανέρωσεν.
1503 5464 1650 5524 Ἀλλ’
1710 5471 1938 5549 ὑπάγετε

296 5558 386 5617 καὶ
430 5559 524 5621 τας
581 5560 746 5638 εὐχὰς
804 5560 952 5634 ὑμῶν
995 5556 1221 5615 ἀπόδοτε
1264 5560 1342 5612 τὼ
1387 5563 1526 5631 Θεῷ,
1578 5557 1794 5635 ὶργάται
1850 5568 1939 5618 τοῦ

295 5645 617 5727 ᾧπελῶνος
661 5648 818 5708 αὗτοῦ
851 5663 865 5679 ’
929 5647 1238 5711 ἰπανιόντες
1270 5643 1352 5726 δὲ,
1399 5647 1517 5710 τοὺς
1560 5645 1760 5713 παῖδας
1791 5649 1939 5723 ὑμῶν

620 5764 884 5830 Ρηιιοι..
914 5764 1027 5828 Gn.
1065 5762 1272 5828 CXIV.

2022 5203 2385 5266 inviscndam
2421 5199 2885 5281 Hierosolymam
2936 5202 3248 5264 dominum
3289 5204 3660 5286 Xenophon-

2021 5303 2136 5356 tem
2152 5312 2218 5354 ac
2234 5291 2538 5353 dominam
2554 5289 2794 5352 Mariam
2820 5291 3085 5370 impulit?
3105 5311 3223 5354 non
3238 5293 3398 5357 aliud
3423 5299 3662 5376 profec-

2022 5394 2290 5463 to,quam
2315 5381 2645 5442 liberorum
2659 5379 3012 5442 amor.Bono
3025 5382 3208 5461 igitur
3227 5383 3430 5447 animo
3447 5397 3661 5451 estote.

2024 5473 2242 5534 Vivunt
2277 5469 2464 5541 enim,
2500 5469 2697 5528 vivunt
2731 5469 2977 5530 omnino
3024 5472 3128 5532 lilii
3183 5474 3383 5548 vestri,
3418 5481 3575 5556 quod
3609 5488 3668 5542 et

2022 5560 2305 5622 divinitus
2332 5558 2498 5650 vobis
2519 5559 2850 5650 revelatum
2878 5570 2986 5624 est.
3012 5561 3102 5624 Ite
3129 5562 3326 5641 igitur,
3355 5566 3669 5650 Deumque

2026 5648 2652 5732 precamini,operarii
2678 5655 2862 5712 vineae
2879 5650 3289 5730 ejus.Reversi
3311 5664 3482 5720 natos
3506 5648 3668 5724 vide-

3275 5779 3351 5846 33
