4032 6202
468 299 624 373 1035

1757 303 2039 373 MENSIS
2097 304 2550 375 JANUARIUS.

3692 301 3854 374 1036

467 439 777 504 bitis.Haac
812 437 1426 520 eﬂ‘atus,multamque
1457 439 1577 502 illis
1601 439 1850 501 salutem
1883 439 2095 522 imper-

2200 443 2414 520 ὅψεσθε,
2476 444 2654 510 Οὕτως
2703 447 2887 518 εἰπὼν,
2945 443 3165 510 ἐκείνοις
3211 445 3311 520 μὲν
3352 445 3631 522 σωτηρίαν
3693 444 3852 504 ἕπευ·

469 530 649 610 tiens,
680 528 847 602 abiit,
880 547 1085 590 eorum
1120 531 1470 609 pectoribus
1524 530 1779 591 maxima
1812 529 2112 612 voluptate

466 619 746 701 perfusis.
808 620 1062 698 Jamque
1119 617 1284 680 brevi
1331 638 1396 681 se
1453 619 2109 682 desideratissimorum

465 716 793 787 conspectu
817 706 1105 768 fruituros
1128 718 1291 768 certa
1315 709 1598 770 tenebant
1621 709 1944 790 fide,quam
1971 711 2112 771 satis

464 805 763 860 astrueret
787 805 901 857 tam
936 796 1181 858 definita
1210 796 1285 859 de
1316 797 1502 860 rebus
1531 798 1604 860 ad
1655 797 1818 878 ipsos
1840 807 2110 879 spectan-

463 886 623 949 tibus
654 884 1084 965 pronuntiatio.

543 975 752 1040 XXIII.
790 975 1080 1038 Cmterum
1118 994 1299 1038 senex
1323 976 1393 1037 ad
1419 985 1683 1038 sanctam
1709 975 1925 1039 Christi
1949 978 2109 1040 Ana-

462 1066 668 1130 stasim
696 1066 1238 1147 progressus,haud
1273 1066 1481 1147 procul
1513 1065 1806 1145 Golgotba
1837 1069 2112 1130 consedit

461 1157 652 1221 humi.
686 1155 758 1218 Et
787 1174 929 1218 ecce
957 1153 1224 1218 Joannes
1272 1163 1626 1236 precaturus
1678 1155 1969 1235 procedit,
2006 1159 2108 1239 qui

459 1245 584 1308 viso
611 1264 758 1308 sene
791 1263 925 1306 eum
951 1254 1486 1325 veneratus,atque
1519 1244 1795 1306 elucente
1827 1245 2106 1308 virtutum

457 1335 586 1416 ejus
617 1336 817 1416 specie
850 1342 1065 1411 motus,
1099 1333 1510 1397 adorationem
1545 1345 1822 1414 prompte
1845 1335 2104 1412 exhibet,

459 1425 760 1506 incognito
819 1425 1064 1505 quidem
1127 1424 1378 1505 homini,
1443 1443 1562 1485 non
1599 1434 1798 1486 tamen
1832 1425 1984 1504 ipse,
2023 1425 2108 1486 uti

461 1513 1540 1591 dicemus,incognitus.Admirandus
1573 1515 1732 1574 enim
1760 1533 1941 1576 senex
1973 1535 2107 1576 mox

450 1605 686 1686 jussum
706 1602 1711 1684 consurgere,benedictionemque
1725 1604 2102 1684 impertiens,

458 1712 526 1756 ac
559 1713 666 1756 suo
698 1711 834 1755 eum
883 1693 1129 1753 nomine
1177 1691 1520 1772 appellans,
1555 1693 1726 1753 suavi
1761 1692 2108 1774 blandaque

2195 532 2442 609 ξάμενος,
2489 536 2685 614 ἀφῆκε,
2734 533 2946 601 πολλὴν
2989 533 3161 590 αὒτῶν
3203 537 3273 598 εἷς
3304 534 3406 602 τὴν
3460 531 3692 611 καρδίαν
3749 557 3853 589 κα-

2193 646 2258 680 τα
2266 623 2401 704 Αέάς
2432 625 2531 691 τὴν
2560 623 2780 693 ἡδονάι,
2820 625 2902 699 Τῷ
2936 624 3035 702 γὰρ
3081 622 3218 681 οὕτω
3247 621 3682 701 διορατικώτατα
3729 624 3852 700 περί

2196 713 2368 770 αὒτῶν
2429 712 2684 789 ἐξειπεῖν,
2741 713 2910 770 πίστιν
2957 713 3140 777 αὐτοῖς
3178 725 3413 793 παρεῖχε
3442 711 3544 769 καΐ
3575 713 3708 788 περὶ
3752 717 3854 768 τῶν

2194 805 2344 883 υἱῶν,
2374 802 2472 860 καί
2501 803 2582 860 ὅτι
2614 804 2749 878 μετὰ
2779 804 2969 880 μικρὸν
2999 802 3220 878 ὄψονται
3252 803 3374 867 τοὺς
3405 800 3731 882 φιλτάτους,

2280 980 2406 1042 Kl".
2453 983 2619 1044 Αὐτὸς
2663 979 2717 1037 δὲ
2762 984 2836 1046 εἷς
2901 981 2999 1049 τὴν
3055 988 3150 1039 τοῦ
3208 987 3434 1060 Χριστοῦ
3474 980 3648 1058 ἁγίαν
3685 980 3852 1038 Ἀνέ-

2197 1093 2380 1130 στασιδ
2424 1070 2691 1152 ἀπελθὼν,
2739 1071 2793 1128 ἐν
2837 1071 3090 1148 γειτόνων
3133 1072 3226 1128 τοῦ
3283 1068 3544 1149 Γολγοθᾶ,
3601 1070 3851 1130 ἐκάθισεν

2191 1159 2277 1218 ἔπ’
2324 1161 2564 1242 ἐδάφους.
2619 1163 2718 1219 Καὶ
2768 1159 2901 1237 ἰδοὺ,
2963 1160 3235 1239 πρόσεισιν
3299 1163 3326 1216 6
3375 1158 3642 1228 Ἰωάννης
3701 1158 3848 1224 c626—

2195 1274 2355 1327 μενος
2387 1271 2402 1288 ⁸
2431 1252 2491 1315 ὃς
2521 1251 2636 1308 ἐπεὶ
2666 1249 2773 1308 ἴδοι
2809 1253 2902 1308 τὸν
2946 1250 3192 1331 γέροντα,
3239 1248 3490 1314 αἰδεσθεὶς
3544 1251 3642 1306 καὶ
3688 1249 3848 1324 μόνον

2191 1341 2298 1397 ἀπὸ
2358 1347 2456 1407 τῆς
2514 1339 2913 1418 ἔπιπρεπούσης
2985 1341 3127 1413 οὔτῷ
3199 1339 3413 1418 ἀρετῆς,
3472 1340 3851 1416 προσκύνησιν

2221 1429 2280 1486 θλ
2321 1428 2427 1466 ¹⁹””
2515 1427 2620 1485 ἒδ’δ
2868 1429 2880 1449 ’
3037 1431 3050 1449 ’
3176 1433 3198 1443 ”
3356 1429 3385 1483 6
3503 1425 3530 1448 "
3563 1426 3594 1482 ὃ
3823 1428 3838 1446 ⁸

2193 1451 2248 1486 ε)
2287 1452 2426 1493 αοω,
2575 1455 2588 1484 ι
2622 1451 2705 1504 ου,
2791 1451 2963 1486 καιτοι
3031 1450 3240 1506 αγνοων
3323 1450 3352 1484 τ
3387 1451 3414 1482 ν
3497 1449 3562 1482 αν
3593 1449 3698 1508 pa,
3774 1450 3851 1502 μη

2192 1521 2572 1598 ἀγνοούμενος,
2608 1519 2786 1596 ὥσπερ
2820 1517 2921 1586 ἤδη
2952 1519 3036 1574 καὶ
3068 1521 3096 1574 6
3126 1517 3288 1595 λόγος
3320 1515 3578 1584 δηλώσει,
3617 1515 3848 1583 'Avinr,

2190 1610 2290 1687 γὰρ
2363 1608 2520 1665 αὺτὸν
2580 1612 2916 1688 παραχρῆμα
2976 1610 3004 1664 6
3064 1607 3355 1682 θαυμάσιος
3415 1605 3614 1685 γέρων,
3687 1604 3848 1664 e619-

2190 1699 2362 1776 γήσας
2403 1719 2461 1754 τε
2506 1697 2600 1754 καί
2645 1696 2876 1762 καλέσας
2935 1696 2995 1752 ἐκ
3054 1703 3148 1752 τοῦ
3204 1696 3468 1769 ὀνόματος
3513 1696 3659 1768 ἠπίᾳ
3712 1693 3851 1751 πάνυ

456 1802 623 1847 voce:
641 1781 1450 1862 Ubinam,inquit,hactenus
1473 1780 1911 1855 fuistt,domine
1930 1782 2095 1845 Joan-

2190 1789 2278 1845 καὶ
2323 1800 2586 1866 προσηνεῖ
2642 1793 2710 1864 τῇ
2753 1792 2924 1867 φωνῇ.
2992 1791 3122 1858 Ποῦ,
3156 1785 3325 1865 φησίν
3379 1786 3520 1851 ἦσθα
3559 1785 3628 1840 τὸ
3677 1785 3851 1864 μέχρι

456 1889 566 1932 nes
587 1872 618 1931 ‘I
646 1870 801 1932 Ecce
832 1869 988 1931 enim
1045 1879 1214 1949 pater
1244 1877 1302 1930 et
1335 1877 1524 1929 mater
1555 1869 1659 1944 tui,
1697 1871 1811 1932 huc
1839 1871 2104 1934 advene-

459 1967 968 2040 runt,quaerentes
993 1968 1074 2020 te.
1101 1957 1219 2021 Sed
1246 1965 1304 2020 et
1329 1966 1384 2018 te
1409 1959 1718 2039 qumrendi
1742 1959 1943 2021 fratris
1965 1981 2106 2041 ergo

454 2055 700 2112 venisse
715 2048 1018 2111 novi.Ha3c
1041 2048 1242 2109 divino
1267 2066 1515 2128 prorsus
1538 2049 1825 2110 instinctu
1848 2069 1880 2111 a
1903 2053 2103 2114 senio-

455 2157 523 2200 re
549 2139 775 2221 prolata
797 2137 1231 2211 oratio,Joanni
1250 2147 1558 2219 stuporem
1583 2138 1786 2218 injecit
1806 2160 1822 2214 ;
1846 2158 2103 2222 cumque

455 2228 632 2307 longo
652 2236 774 2307 jam
807 2227 1006 2289 fratris
1038 2227 1341 2290 desiderio
1369 2236 1940 2308 tene,retur,arrepto
1965 2249 2102 2292 con-

451 2318 648 2379 festim
682 2317 982 2399 loquentis
1012 2335 1315 2380 sermone:
1350 2315 1486 2391 Uhi,
1515 2318 1729 2398 inquit,
1756 2317 1881 2399 ubi,
1917 2319 2095 2382 obse-

458 2407 671 2484 cro,mi
706 2410 898 2483 Pater,
936 2420 1028 2468 est
1048 2425 1370 2485 germanus
1394 2406 1596 2469 meus?
1620 2407 1878 2472 Ubinam
1907 2418 2098 2471 terra-

455 2504 620 2561 rum?
643 2498 798 2560 Vivit
821 2497 1044 2576 igitur?
1069 2496 1627 2576 ojucundissimam
1666 2498 1813 2559 mihi
1846 2517 2048 2560 vocem
2077 2500 2090 2562 !

453 2607 490 2651 ο
511 2588 751 2650 dulcem
780 2588 1066 2667 linguam!
1089 2585 1319 2648 Audire
1337 2604 1513 2665 quam
1535 2606 1666 2646 mox
1690 2587 2098 2668 discupio,ubi

451 2679 697 2740 fratrem
731 2685 1168 2756 conspecturus
1193 2673 1548 2737 sim.Nonne
1575 2694 1678 2736 cor
1703 2695 1898 2737 meum
1923 2695 2098 2739 exar-

450 2771 604 2830 sisse
635 2765 1109 2830 animadvertis?
1141 2783 1357 2845 meque
1379 2764 1535 2826 velut
1564 2768 1930 2828 seminecem
1965 2769 2096 2848 ejus

454 2857 758 2920 desiderio
791 2856 1223 2918 contabuisse?
1281 2856 1354 2916 At
1383 2855 1590 2917 senior
1623 2875 1636 2918 :
1669 2853 1776 2916 Hic
1807 2857 1960 2936 apud
2001 2875 2094 2918 me

457 2948 750 3028 tantisper
780 2946 979 3007 asside
1001 2944 1032 3005 ?
1062 2953 1120 3007 et
1147 2963 1283 3006 mox
1313 2944 1554 3007 fratrem
1590 2944 1846 3006 videbis.
1960 2940 1962 2942 ⁷

526 3034 946 3116 XXIV.Neque
968 3035 1144 3115 longa
1166 3034 1276 3095 fuit
1303 3052 1470 3095 mora
1500 3051 1636 3096 cum
1669 3033 1964 3097 Arcadius
1995 3035 2090 3097 ad-

452 3127 588 3203 fuit,
623 3134 781 3188 totus
812 3127 1133 3204 exsanguis
1162 3142 1230 3185 ac
1263 3123 1524 3197 tabidus,
1558 3123 1810 3200 soloque
1842 3133 2004 3185 motu
2036 3133 2098 3189 et

2190 1878 2395 1949 τούτου,
2454 1883 2570 1956 κῦρι
2616 1875 2888 1956 Ἰωάννης
2941 1874 3078 1932 ’ἰδοὺ
3111 1875 3212 1954 γὰρ
3255 1873 3283 1930 ὅ
3331 1895 3386 1930 τε
3432 1874 3614 1952 πατὴρ
3664 1875 3771 1931 καί
3816 1878 3851 1941 ἡ

2189 1968 2372 2044 μήτηρ
2417 1988 2511 2024 σου
2555 1965 2620 2022 τὰ
2665 1965 2882 2021 ἐνταῦθα
2942 1961 3238 2021 κατέλαϐον
3298 1962 3690 2034 ἐπιζητοῦντες
3735 1983 3799 2020 σε
3830 1983 3846 1998 ⁸

2187 2054 2310 2113 οἶδα
2355 2053 2408 2111 δὲ
2439 2055 2518 2112 ὅτι
2550 2055 2646 2112 καί
2690 2055 2845 2120 αὐτὸς
2880 2055 2942 2110 σὺ
2972 2055 3062 2110 τὸν
3096 2050 3319 2132 ἀδελφὸν
3348 2054 3440 2109 τὸν
3470 2054 3564 2109 σὸν
3595 2052 3852 2124 ἐκζητῶν

2186 2144 2468 2216 ἐλήλυθας.
2518 2141 2732 2219 Θᾶμϐος
2779 2145 2990 2211 εἰσῆλθε
3033 2144 3126 2199 τὸν
3173 2139 3453 2215 Ἰωάννην,
3521 2142 3668 2200 οὕτω
3714 2145 3850 2200 θεο-

2184 2236 2454 2298 πνεύστως
2514 2235 2786 2314 εἰρηκότος
2859 2237 2951 2289 τοῦ
3015 2232 3261 2311 γέροντος
3302 2250 3316 2262 ⁸
3372 2234 3460 2288 καὶ
3504 2231 3623 2287 inti
3671 2231 3848 2295 πολὺς

2185 2326 2340 2382 αὖτὸθ
2384 2324 2512 2402 εἶχε
2572 2324 2730 2385 πόθος
2774 2323 2867 2380 τοῦ
2912 2320 3160 2400 ἀδελφοῦ,
3227 2321 3468 2400 ἀρπάσας
3524 2323 3588 2376 τὸ
3637 2323 3845 2400 λεχθὲν

2183 2418 2394 2490 αὐτίκα,
2439 2415 2534 2472 Καὶ
2577 2412 2679 2469 ποῦ
2750 2412 2874 2490 ἆρα,
2941 2419 3066 2490 ποῦ,
3126 2409 3253 2491 ἔφη,
3314 2408 3567 2489 ἀδελφὸς,
3632 2410 3841 2489 Πάτερ,

2184 2507 2211 2560 6
2270 2505 2423 2578 ἐμὸς,
2473 2509 2571 2560 ποῦ
2607 2524 2623 2576 ς
2670 2508 2737 2578 ζῇ
2794 2499 2846 2557 δὲ
2883 2499 3020 2566 ὅλως
3062 2500 3177 2572 ;⁰Ω
3208 2501 3450 2578 ῥήματος
3480 2500 3746 2568 ἠδίστουι
3797 2502 3848 2556 ὢ

2181 2593 2426 2672 γλυκείας
2471 2591 2718 2670 γλώττης
2749 2595 2764 2651 ί
2815 2592 3026 2648 ἀκούσω
3058 2595 3118 2649 τὸ
3147 2590 3345 2670 τάχος,
3395 2596 3500 2647 ποῦ
3541 2593 3638 2646 τὸν
3671 2589 3844 2647 ἀδελ-ι

2181 2685 2278 2760 φὸν
2304 2681 2504 2758 ὄψομαι
2535 2702 2550 2763 ;
2585 2684 2733 2761 ὁρᾷς,
2781 2681 2926 2740 ὅπως
2986 2681 3378 2758 ξμπέπρησμαι
3420 2681 3522 2746 τὴν
3581 2678 3838 2759 καρδίαν,

2181 2773 2328 2836 ὅπως
2361 2771 2624 2838 ἒκτέτηκα
2669 2773 2755 2828 καὶ
2809 2772 3041 2848 ἡμιθνὴς
3095 2771 3204 2847 εἶμι
3257 2767 3324 2826 δι’
3367 2769 3575 2850 αὐτόν;
3645 2770 3749 2829 Καὶ
3810 2772 3839 2826 ὁ

2184 2865 2372 2941 γέρων,
2434 2860 2662 2933 Καόἑζου
2714 2861 2838 2940 παρ’
2884 2861 3028 2941 ἐμοὶ,
3075 2858 3202 2940 ἔφη,
3235 2860 3323 2915 καὶ
3352 2856 3471 2934 ὄψει
3499 2861 3699 2917 θᾶττον
3741 2862 3838 2916 τδν

2179 2949 2431 3029 ἀδελφόν.

2263 3039 2396 3102 ΚΔ’.
2444 3038 2657 3118 Ὀλίγον
2715 3039 2852 3096 πάνυ
2895 3041 2956 3096 τὸ
3001 3037 3196 3115 μεταξὺ
3240 3059 3332 3114 ην,
3378 3039 3465 3096 καὶ
3509 3037 3763 3116 πάρεισιν
3809 3039 3840 3093 6

2179 3128 2491 3207 Ἀρκάδιος,
2542 3130 2725 3209 ὠχρὸς
2775 3128 2908 3207 ἄγαν
2957 3131 3043 3185 καὶ
3100 3129 3358 3209 τακηρδς,
3408 3128 3567 3198 μόλις
3631 3128 3695 3185 τὸ
3757 3128 3839 3203 μὴ

449 3234 596 3278 voce
629 3215 770 3278 viste
799 3215 992 3277 adhuc
1024 3213 1368 3292 superstitis
1416 3212 1642 3274 faciens
1673 3213 1709 3273 ﬁ
1734 3215 1875 3276 lem.
1910 3215 2095 3276 Tanta

2185 3222 2361 3295 νεκρὸς
2409 3224 2548 3276 εἶναι
2594 3233 2713 3286 τοῖς
2754 3221 3012 3295 κινήμασι
3061 3217 3247 3294 μόνοις
3283 3218 3373 3275 καὶ
3421 3219 3490 3295 τῇ
3523 3223 3681 3298 φωνῇ
3734 3240 3840 3273 πι-

450 3306 537 3369 illi
563 3304 917 3368 venerandae
955 3303 1291 3384 sobriasque
1314 3300 1687 3364 abstinentia
1710 3302 1904 3364 fuerat
1928 3323 2093 3366 cura.

449 3397 538 3460 Ad
564 3415 770 3458 senem
793 3395 969 3473 igitur
989 3392 1325 3455 verecunde
1351 3391 1743 3471 modesteque
1773 3394 2092 3470 accedens,

446 3485 940 3567 Ecce,inquit,mi
965 3482 1162 3557 Pater,
1180 3483 1303 3562 jam
1331 3483 1541 3543 tertius
1564 3490 1652 3543 est
1680 3500 1892 3558 annus,
1930 3492 2096 3564 post-

447 3595 621 3658 quam
645 3594 851 3652 agrum
891 3583 1052 3636 tuum
1087 3573 1250 3634 nulla
1294 3572 1671 3652 inspectione
1698 3571 1974 3652 dignatus
2004 3592 2090 3648 es,

447 3665 727 3747 cumipse
747 3665 985 3727 interim
1016 3663 1301 3743 plurimas
1335 3664 1537 3743 spinas
1561 3661 1930 3740 tribulosque
1957 3681 2096 3743 proo

447 3757 672 3820 tulerit.
707 3756 1024 3832 Reliquum
1075 3760 1165 3814 est
1208 3753 1480 3831 igitur,ut
1519 3761 1822 3814 strenuam
1857 3755 1911 3814 ei
1947 3771 2093 3833 pur-

445 3848 639 3930 gando
663 3864 904 3928 operam
937 3840 1256 3905 naves.Cui
1280 3860 1462 3903 senex
1499 3839 1950 3921 :Nequaquam,
1987 3846 2089 3922 ait,

443 3929 526 4001 ita
578 3956 674 3999 res
705 3934 924 4010 habet;
961 3951 1094 3994 nam
1129 3940 1186 3992 et
1218 3929 1486 4012 quotidie
1537 3948 1671 3990 eum
1727 3930 1984 4009 inspexi,
2033 3938 2092 3992 et

447 4029 697 4090 multum
731 4025 806 4086 de
833 4042 904 4085 eo
953 4021 1248 4083 sollicitus
1298 4021 1380 4080 fui
1417 4037 1430 4082 :
1469 4037 1656 4098 quare
1687 4037 1808 4080 non
1860 4019 2086 4100 spinas,

443 4116 680 4196 opinor,
712 4122 811 4176 aut
842 4111 1093 4175 tribulos
1127 4109 1392 4190 protulit,
1431 4107 1533 4170 sed
1565 4127 1707 4170 uvas
1735 4107 2085 4189 bonas,fru-

447 4211 836 4282 mentumque
871 4210 1194 4281 maturum,
1224 4199 1444 4279 quibus
1474 4197 1758 4259 nimirum
1802 4199 1933 4279 ipse
1967 4199 2086 4263 Rex

443 4293 857 4356 universorum
892 4291 1246 4353 delectatur.

523 4381 706 4448 XXV.
739 4380 877 4444 Haec
902 4378 1246 4461 prolocutus
1296 4377 1383 4438 vir
1427 4376 1666 4439 divinus
1702 4377 1967 4439 nondum
2004 4378 2091 4440 eis

443 4493 612 4537 suam
645 4470 1072 4534 fraternitatem
1099 4473 1356 4550 aperuit,
1395 4467 1728 4548 praisertim
1759 4486 1894 4528 cum
1931 4467 2092 4529 invi-

2182 3310 2468 3384 στούμενος
2498 3328 2512 3344 ⁸
2563 3315 2815 3366 τοσοῦτον
2869 3308 3177 3386 ἐγκρατείας
3237 3306 3507 3386 ἔφρδντισε
3565 3311 3672 3374 τῆς
3715 3309 3834 3362 σώ-

2180 3420 2370 3478 φρονος
2424 3400 2512 3457 καὶ
2571 3404 2797 3476 σεμνῆς.
2849 3397 3158 3476 Προσελθὼν
3202 3399 3291 3454 οὗν
3335 3402 3412 3471 τῷ
3452 3395 3670 3478 γέροντι
3714 3396 3837 3454 λίαν

2182 3486 2421 3552 εὒλαϐὦς
2462 3487 2558 3545 καί
2604 3490 2856 3568 μετρίως,
2903 3485 3060 3561 Ἰδοὺ,
3122 3487 3298 3563 τρίτον
3356 3486 3499 3562 ἔτος,
3545 3489 3716 3566 φησί,
3781 3485 3834 3551 ἒξ

2179 3580 2240 3634 οὗ
2295 3579 2385 3636 τὸν
2428 3578 2588 3658 ἀγρὸν
2627 3581 2720 3634 τὸν
2764 3579 2857 3634 σὸν
2912 3575 3187 3657 οὒδεμιᾶς,
3259 3577 3457 3655 Πάτερ,
3516 3577 3831 3645 ἰπισκοπῆς

2177 3665 2428 3743 ἠξίωσας,
2493 3670 2578 3724 Ααὶ
2614 3667 2770 3731 αὐτὸς
2813 3667 3043 3729 ἀκάνθας
3100 3668 3186 3723 καὶ
3243 3664 3526 3741 τριϐόλους
3556 3665 3827 3745 ἀνήνεγκε

2176 3755 2452 3818 πλείστας.
2509 3756 2756 3813 Λείπεται
2829 3755 2918 3814 οὖν
2973 3777 3033 3812 σε
3108 3753 3283 3812 πολλὰ
3355 3755 3609 3813 κοπιάσαι
3689 3757 3827 3834 πρδς

2176 3847 2274 3914 τὴν
2320 3850 2481 3906 αὒτοῦ
2509 3849 2780 3918 κάθαρσιν.
2817 3844 2926 3904 Οὐκ
2982 3844 3178 3924 ἔγωγε,
3211 3845 3369 3902 εἶπεν
3409 3847 3439 3902 6
3467 3845 3666 3925 γέρων,
3700 3844 3826 3902 αλλ’

2174 3936 2379 4015 ἡμέραν
2437 3936 2668 4004 ἑκάστην
2729 3935 3139 4011 ἐπεσκεπτόμην
3202 3935 3383 4010 αὐτὸν,
3465 3935 3548 3991 καὶ
3606 3933 3827 4002 πολλῆς

2173 4026 2346 4093 ἠξίοδν
2391 4024 2724 4102 ἐπιμελείας,
2786 4025 2876 4081 καὶ
2932 4026 3116 4100 οἶμαι,
3172 4025 3246 4090 ὡς
3277 4024 3394 4081 οὔτε
3424 4023 3658 4087 ἀκάνθας
3700 4024 3828 4080 οὗτε

2174 4115 2282 4191 μὴν
2326 4112 2601 4194 τριϐόλους
2659 4114 2877 4195 ἀνῆκεν,
2950 4111 3090 4171 ἀλλᾶ
3146 4113 3419 4195 σταφυλὴν
3497 4112 3667 4182 καλὴν
3724 4115 3830 4168 καῖ

2172 4217 2326 4261 σῖτον
2371 4203 2597 4283 ὥριμον,
2647 4204 2738 4269 οῖς
2785 4203 2884 4284 ἄρα
2942 4205 3032 4262 καὶ
3089 4206 3118 4261 6
3178 4202 3432 4269 Βασιλεὺς
3493 4200 3673 4270 ἥδεται
3718 4209 3832 4260 τῶν

2173 4294 2446 4356 ἁπάντων,

2259 4373 2387 4443 [ιε’.
2428 4382 2522 4440 Καὶ
2555 4380 2692 4440 οὕτω
2721 4381 2820 4458 μὲν
2852 4383 2879 4437 6
2905 4384 3053 4446 θεῖος
3084 4383 3240 4440 εἶπεν
3273 4381 3427 4461 ἁνήρ·
3463 4382 3542 4458 μὴ
3573 4383 3827 4457 προσθεὶς

2172 4472 2226 4529 δὲ
2271 4470 2512 4540 δηλῶσαι
2542 4473 2638 4540 τὴν
2683 4469 3019 4552 ἀδελφότητα
3068 4471 3366 4553 (ἠγνόησαν
3415 4473 3517 4550 γὰρ
3546 4469 3824 4537 ἀλλήλους

443 4581 572 4626 cem
607 4575 722 4625 tam
777 4559 852 4622 ob
910 4559 1299 4620 mutationem
1337 4558 1776 4638 habitus,quam
1812 4557 1886 4618 ob
1919 4575 2086 4618 sum-

2185 4562 2233 4618 ἔκ
2275 4582 2331 4619 τε
2382 4566 2481 4628 τῆς
2528 4558 2832 4637 μεταϐολῆς
2892 4567 2997 4617 τῶν
3027 4559 3330 4638 ἱνδυμάτων
3358 4562 3448 4618 καὶ
3477 4560 3575 4630 τῆς
3603 4559 3823 4628 πολλῆς

444 4670 603 4716 mam
631 4668 948 4731 corporum
971 4648 1454 4710 extenuationem
1497 4647 1956 4726 haudquaquam
1979 4665 2087 4725 ag-

437 4749 785 4813 noscerent;
809 4757 1067 4818 cumque
1093 4738 1208 4799 alia
1231 4737 1486 4818 quadam
1512 4736 1740 4797 ratione
1762 4735 2005 4796 eosdem
2029 4736 2088 4796 in

439 4842 704 4899 mutuam
729 4829 1133 4910 cognitionem
1156 4829 1460 4889 statuisset
1477 4825 1796 4887 adducere.
1813 4825 1900 4886 Ad
1915 4825 2089 4887 Joan-

437 4924 800 5002 nemitaque
831 4938 896 4981 se
927 4914 1507 4992 convertens,Unde,
1544 4914 1875 4990 inquiebat,
1912 4915 2082 4976 veni-

439 5013 549 5078 sti?
571 5013 677 5076 llle
697 5029 841 5074 vero
885 5027 1020 5071 cum
1056 5016 1214 5068 tanta
1245 5005 1434 5069 animi
1467 5005 1880 5065 moderatione
1906 5012 2085 5085 atque

439 5103 1032 5182 humilitate,quauta
1057 5097 1174 5160 dici
1197 5097 1287 5158 vix
1305 5095 1734 5176 potest,eadem
1766 5111 1919 5173 pene
1943 5111 2085 5154 usus

438 5212 606 5270 voce,
640 5210 757 5274 qua
789 5210 822 5252 a
852 5188 1156 5267 naufragio
1200 5198 1482 5248 recenter
1511 5191 1800 5274 servatus,
1840 5185 2081 5274 cumuad

446 5272 875 5347 monasterium
902 5279 1160 5361 primum
1182 5276 1676 5350 accederet,usus
1695 5273 1887 5334 fuerat
1921 5290 1934 5332 :
1970 5272 2088 5336 Ho-

438 5393 559 5449 mo,
595 5372 810 5454 inquit,
845 5379 1125 5432 externus
1156 5385 1222 5428 ac
1255 5366 1389 5429 vilis
1422 5383 1578 5454 sum,
1601 5362 1817 5454 divinat
1852 5363 2083 5425 miseri-

438 5463 658 5526 cordia;
684 5453 1059 5540 tuarumque
1116 5457 1524 5538 precationum
1558 5453 1819 5532 indigus.
1859 5455 2083 5515 Tantus

434 5553 523 5616 illi
559 5554 752 5616 inerat
784 5548 1097 5612 modestiae
1125 5564 1316 5610 amor.
1347 5543 1543 5616 Quare
1571 5548 1632 5604 et
1661 5543 1722 5602 in
1771 5542 2080 5604 meliorem

435 5655 668 5729 partem
690 5641 858 5703 illum
893 5638 1221 5720 Scripturae
1265 5635 1460 5698 locum
1489 5631 1565 5696 de
1597 5652 1670 5696 eo
1696 5633 2085 5714 pronuntiare

2169 4659 2263 4708 τοῦ
2304 4655 2554 4726 σώματος
2585 4649 2838 4729 τήξεως),
2873 4651 3069 4729 τρόπον
3100 4650 3278 4730 ἕτερον
3318 4648 3578 4719 ἠϐούλετο
3607 4656 3822 4715 τούτοις

2170 4742 2260 4798 τὸν
2290 4741 2693 4819 ἆναγνωρισμὸν
2737 4737 3025 4820 ἐμϐαλεῖν.
3067 4740 3233 4797 Πόθεν
3286 4749 3567 4816 τοιγαροῦν
3614 4740 3818 4820 ὥρμη-

2171 4853 2257 4887 σαι
2291 4846 2307 4904 ;
2365 4836 2442 4904 τῷ
2499 4829 2720 4906 Ἰωάννῃ
2773 4830 2928 4897 φησί.
2977 4819 3036 4888 Ὀ
3067 4828 3122 4886 δὲ
3154 4828 3290 4906 μετᾶ
3332 4830 3506 4897 πόσης
3537 4830 3602 4886 ἄν
3632 4827 3818 4896 εἴποις

2170 4925 2266 4987 τῆς
2311 4918 2712 4996 μετριοπαθείας
2765 4919 2855 4975 καὶ
2908 4920 3315 4997 ταπεινώσεως,
3349 4925 3418 4996 τῇ
3446 4920 3582 4996 αὖεῇ
3609 4917 3819 4999 ίχρῆτο

2167 5012 2341 5088 φωνῇ,
2390 5009 2426 5083 ᾗ
2506 5008 2594 5063 καὶ
2665 5007 2920 5086 πρότερον
2983 5009 3044 5065 τδ
3117 5009 3365 5087 ναυάγιον
3430 5009 3668 5073 ὑποστὰς
3723 5011 3822 5066 καὶ

2167 5095 2439 5161 διασωθεὶς
2527 5101 2592 5172 τῇ
2664 5102 2806 5174 μονῇ
2889 5096 3210 5176 προσῆλθεν,
3299 5097 3615 5176 ’Ἄνθρωπος
3675 5100 3819 5179 εἰμι,

2168 5186 2364 5266 λέγων,
2443 5184 2585 5251 ξένος
2641 5189 2734 5242 καί
2807 5189 3078 5262 ταπεινὸς,
3160 5185 3380 5256 ἔπιδεης
3437 5185 3616 5250 ἐλέους
3679 5195 3821 5247 Θεοῦ

2168 5278 2392 5332 καὶτῶν
2437 5279 2544 5330 σῶν
2589 5274 2752 5353 ἁγίων
2796 5275 2973 5356 εὐχῶν
3009 5293 3024 5308 ·
3086 5274 3224 5334 οὕτω
3279 5275 3530 5355 διάπυρος
3583 5276 3818 5355 ίραστὴς

2167 5369 2234 5434 ἦν
2277 5371 2370 5422 τοῦ
2412 5366 2626 5444 μετρίου
2652 5383 2667 5398 ·
2717 5365 2804 5420 καὶ
2834 5364 2928 5420 ’ίνα
2957 5367 3019 5422 τὸ
3049 5365 3146 5434 τῆς
3177 5367 3316 5432 θείας
3348 5366 3564 5447 Γραφῆς
3594 5365 3820 5444 εἴποιμι

2165 5456 2296 5534 πρὸς
2354 5456 2416 5512 τὸ
2474 5454 2838 5535 χρηστότερον
2874 5452 3139 5536 ἐκλαϐὼν,
3193 5479 3219 5512 α
3267 5455 3488 5535 Γέγονεν
3532 5459 3678 5531 αὖτῷ
3734 5459 3820 5522 ὡς

2163 5546 2400 5623 ἱμάτιον,
2433 5543 2462 5602 θ
2510 5540 2910 5622 περιϐάλλεται,
2952 5546 2988 5613 ἡ
3017 5546 3336 5605 ταπείνωσις
3364 5562 3378 5578 ⁶
3419 5568 3444 5606 ι
3482 5548 3613 5626 πρὸς
3639 5553 3821 5605 ταῦτα

2168 5637 2196 5693 6
2239 5635 2439 5714 γέρων,
2488 5635 2611 5712 Ναὶ,
2673 5634 2834 5714 ιρησίν
2867 5657 2881 5674 ο
2951 5632 3074 5691 ἀλλ’
3103 5635 3214 5694 εἰπε
3244 5634 3308 5693 τό
3349 5656 3407 5694 τε
3441 5634 3595 5716 γένος
3625 5637 3690 5694 τὸ
3714 5637 3820 5696 σὸν
