4098 6202
309 359 464 426 1037

1527 361 1720 426 VITA
1762 362 1824 425 S.
1867 361 2441 430 XENOPHONTIS.

3531 368 3550 432 l
3562 368 3680 436 038

309 499 396 555 iui.
436 495 536 563 τῆν
576 495 791 576 χώραν,
848 497 940 554 καί
1007 499 1104 564 τῆν
1171 497 1495 576 ἂνατροφὴν,
1546 495 1636 554 ἵνα
1679 502 1768 556 καὶ
1809 500 1948 559 οὕτω

2043 516 2269 569 possum
2305 517 2318 556 :
2348 499 2548 558 «Facta
2575 507 2695 559 erat
2721 499 2807 556 illi
2832 509 3102 572 tanquam
3123 499 3295 557 vestis
3325 515 3436 573 qua
3467 503 3682 564 indue-

310 589 440 651 Θεὸς
484 585 732 662 δοξασθῇ.
783 578 841 644 (0
904 588 1078 653 τοίνυν
1123 584 1377 655 Ἰωάννης
1425 587 1588 666 λόγου
1646 589 1948 665 ἁψάμενος,

2043 587 2201 644 batur
2226 586 2616 644 humilitas°.-
2647 584 2746 644 Cui
2769 599 2970 650 senex,
3005 584 3178 642 Recte
3199 585 3680 662 quidem,inquit.

310 678 376 736 τὰ
433 673 526 732 ἀπ’
586 675 766 755 ἀρχῆς
811 675 942 754 ἄχρι
1002 675 1189 740 τέλους
1233 675 1412 753 ἐπῄει,
1476 678 1562 733 καὶ
1606 679 1673 746 τῆ
1705 677 1950 757 διηγήσει

309 767 655 845 γνωρίσματα
711 788 830 821 τινα
889 772 986 834 τῆς
1045 766 1353 843 συγγενείας
1411 770 1488 840 τῷ
1548 765 1760 847 ἀδελφῷ
1811 791 1952 845 παρ-

309 868 458 934 εῖχε,
535 855 1011 933 συμμαρτυρούσης
1078 855 1263 918 αὺτοῖς
1332 856 1420 911 καὶ
1475 859 1952 936 συμφθεγγομένης

307 944 404 1012 τῆς
450 943 652 1022 ὅψεως,
700 945 744 1000 εἶ
799 945 886 1001 καὶ
943 945 1064 1009 τοὺς
1114 949 1465 1024 χαρακτῆρας
1522 945 1749 1025 ἀσαφεῖς
1795 947 1956 1026 εἶχεν

309 1032 370 1091 ἐκ
412 1033 510 1101 τῆς
565 1031 772 1102 πολλῆς
844 1031 1238 1109 ἆμϐλυνθέντας
1304 1035 1684 1099 κακοπαθείας,
1751 1027 1843 1100 Ὠς
1902 1034 1956 1092 δὲ

311 1125 400 1181 καὶ
443 1125 561 1200 περὶ
605 1124 706 1192 τὴν
751 1122 1006 1201 διήγησιν
1048 1131 1142 1180 τοῦ
1193 1144 1250 1179 τε
1299 1122 1492 1180 πλοίου
1523 1125 1610 1180 καὶ
1653 1135 1745 1185 τοῦ
1774 1123 1954 1182 κινδύ-

314 1237 402 1271 νου
431 1213 693 1295 κατέστη,
755 1216 843 1272 καὶ
902 1214 985 1270 ὅτι
1039 1213 1265 1294 ἀδελφὸς
1295 1213 1440 1288 αύτῷ
1467 1218 1557 1287 ῆν,
1605 1218 1665 1271 οὗ
1693 1217 1780 1272 καὶ
1825 1218 1956 1295 πρὸς

310 1305 478 1379 ὄνομα
511 1305 786 1382 μνησθεὶς,
833 1301 1076 1367 ἐστέναξε
1128 1306 1216 1360 καὶ
1268 1301 1464 1382 δάκρυα
1519 1302 1806 1370 κατέσταξε
1865 1312 1958 1362 τοῦ

311 1394 622 1471 προσώπου,
659 1395 736 1468 μῆ
767 1394 1000 1471 ἐνεγκὼν
1045 1395 1072 1449 6
1117 1393 1395 1470 Ἀρκάόιος
1452 1394 1552 1460 τὴν
1610 1399 1708 1461 τῆς
1750 1396 1955 1474 φύσεως

307 1480 608 1558 τυραννίδα,
673 1483 928 1556 ἀναστὰς,
991 1483 1087 1538 καί
1163 1488 1239 1556 τῷ
1318 1483 1526 1561 γέροντι
1609 1490 1952 1566 προσπεσὼν,

307 1575 498 1648 Οὗτος,
559 1571 736 1649 ἔλεγε,
794 1572 840 1629 ὦ
899 1573 1095 1651 Πάτερ,
1137 1575 1164 1627 6
1205 1571 1335 1646 ἐμὸς
1380 1570 1607 1652 ἀδελφὸς
1669 1573 1951 1652 Ἰωάννης,

307 1665 458 1727 οὗτος
521 1667 548 1722 6
604 1664 883 1743 φίλτατος,
946 1664 1100 1726 οὗτος
1157 1663 1395 1734 ἐκεῖνος,
1430 1667 1458 1721 6
1519 1666 1617 1733 τῆν
1662 1666 1828 1733 αὐτὴν
1858 1689 1956 1743 μοι

311 1753 677 1830 συμπλεύσας,
732 1757 819 1811 καὶ
889 1755 952 1811 τὸ
1022 1754 1150 1810 αὒτὸ
1223 1753 1475 1831 ναυᾶγιον
1545 1756 1806 1826 ὑποστὰς,
1871 1759 1955 1813 καὶ

309 1842 646 1924 παραδόξως,
692 1846 766 1908 ὡς
812 1846 938 1922 ὁρᾷν
995 1842 1206 1924 ἔχοιμι,
1270 1843 1658 1924 συνδιασωθεὶς,
1724 1847 1812 1902 καὶ
1867 1869 1956 1902 νυν

310 1935 430 2010 ἰμοὶ
476 1931 909 2013 παραδοξοτέρως
965 1933 1263 2012 ἐπιφανείς.
1297 1931 1371 1988 ’Ώ
1403 1935 1546 2000 θείας
1597 1937 1900 2012 οἰκονομίας
1936 1937 1950 1996 !

311 2025 357 2081 ὣ
406 2030 538 2080 Θεοῦ
592 2025 866 2101 χριμάτων
935 2023 1263 2104 ὑπερφυῶνε
1324 2023 1370 2079 ὢ
1437 2026 1609 2081 πάντα
1653 2024 1814 2103 λόγον
1871 2049 1955 2082 νι-

309 2115 493 2181 κώσης
538 2113 792 2192 Προνοίας
829 2111 842 2173 ί
910 2115 1009 2172 Καὶ
1068 2116 1094 2169 6
1143 2112 1338 2192 γέρων,
1378 2115 1540 2191 Κάγὼ
1567 2112 1736 2190 ᾔδειν,
1799 2117 1952 2195 φησὶ,

312 2202 450 2260 ἀλλὰ
492 2204 678 2264 τούτου
712 2203 868 2283 χάριν
901 2203 1158 2284 ἐπέσχον,
1190 2201 1272 2258 ⁹ίν⁹
1310 2202 1576 2272 ἀλλήλους
1609 2205 1762 2280 δμεῖς
1794 2204 1954 2263 οἴκο-

312 2297 397 2350 θεν
431 2292 716 2371 ἐπιγνῶτε.
757 2293 854 2350 Καὶ
907 2294 1044 2349 οὕτω
1098 2291 1196 2367 μὲν
1229 2295 1254 2348 6
1285 2295 1431 2354 θεῖος
1484 2293 1640 2369 ἀνήρ.
1676 2297 1735 2352 Οἱ
1781 2292 1834 2349 δὲ
1880 2299 1954 2360 εἷς

315 2381 645 2460 περιπλοκὰς
724 2381 988 2462 ἐχώρουν,
1049 2383 1136 2438 καὶ
1199 2379 1580 2459 περιλαϐόντες
1660 2382 1951 2455 ἀλλήλους,

308 2472 396 2529 καὶ
440 2470 508 2527 τοὶ
550 2469 750 2550 ἀδελφὰ
792 2477 947 2529 τοῦτο
999 2471 1094 2546 μὲν
1131 2471 1646 2551 προσφθεγξάμενοι,
1703 2482 1859 2531 τοῦτο
1901 2474 1954 2530 δὲ

307 2561 395 2616 καὶ
454 2559 924 2635 περιπτυξσίμενοι,
994 2558 1165 2639 εὐχήν
1229 2581 1285 2615 τε
1332 2561 1473 2639 παρὰ
1516 2564 1606 2616 τοῦ
1660 2563 1800 2621 θείου
1855 2563 1952 2641 γέ-

307 2671 494 2727 ροντος
549 2650 923 2729 αίτησάμενοι,
984 2649 1172 2716 κοινὴν
1229 2650 1329 2715 τὴν
1389 2652 1735 2729 εὐχαριστίαν
1764 2651 1950 2708 ἀπεδίο

308 2737 465 2796 δοσαν
497 2745 574 2812 τῷ
607 2745 744 2813 Θεῷ,
779 2743 884 2818 οὐχ
931 2737 1090 2806 ἧττον
1121 2738 1218 2806 τῆς
1267 2749 1358 2798 τοῦ
1389 2737 1629 2796 κινδύνου
1663 2739 1954 2822 διαφυγῆς,

307 2833 344 2898 ἢ
374 2834 473 2896 τῆς
508 2827 760 2898 ἀλλήλων
785 2829 909 2892 θέας
941 2830 1026 2885 καὶ
1083 2829 1390 2908 συναφείας,
1439 2831 1527 2886 καὶ
1572 2830 1762 2886 τούτου
1805 2832 1952 2904 μᾶλ-

305 2928 401 2975 λον
433 2921 530 2986 τῆς
578 2917 661 2977 διὰ
690 2940 786 2976 του
811 2917 1013 2976 τοιοῦδε
1059 2920 1375 2997 σχήματος,
1407 2920 1496 2975 καὶ
1529 2919 1622 2976 τοῦ
1652 2920 1792 3000 βίου,
1824 2923 1954 2998 πρὸς

308 3010 441 3064 Θεὸν
485 3009 791 3087 εἰσαγωγῆς
822 3030 880 3064 τε
910 3010 997 3064 καὶ
1029 3007 1347 3070 οἰκειώσεως
1385 3025 1398 3039 ⁸
1452 3009 1590 3065 ὥστε
1623 3007 1949 3086 συμϐαίνειν,

307 3097 637 3162 πολλαπλῶς
670 3099 856 3163 αὐτοὺς
899 3096 1138 3177 ἥδεσθαι,
1191 3101 1278 3154 καὶ
1313 3103 1429 3174 Θεῷ
1471 3100 1570 3156 civ
1633 3101 1792 3179 χάριν
1845 3105 1953 3177 ὁμ-

308 3187 527 3287 ολογεῖν
553 3186 685 3287 ὑπὲρ
871 3188 1097 3287 factum,
1127 3189 1417 3287 ⁸ίκτὲριιτῆς
1464 3189 1715 3260 ἀλλήλων
1749 3189 1954 3260 δηλαδὴ
1974 3237 2014 3287 c

309 3278 605 3355 σωτηρίας,
651 3277 781 3355 ὑπὲρ
838 3282 936 3344 τῆς
997 3279 1071 3341 εἷς
1127 3277 1181 3333 ἓν
1217 3277 1378 3334 πάλιν
1427 3286 1768 3358 συναγωγῆς,
1825 3281 1956 3362 ὺπέρ

311 3367 408 3434 τῆς
468 3369 541 3432 εἷς
590 3373 828 3424 τοιοῦτον
886 3367 1000 3442 βίον
1045 3366 1334 3446 ἀναγωγῆς
1384 3391 1438 3425 τε
1467 3373 1564 3426 καὶ
1598 3369 1951 3438 τελειώσεως.

310 3454 479 3512 Ἀλλὰ
508 3457 573 3512 τὰ
603 3457 702 3519 μὲν
733 3455 948 3513 ἐκείνων
981 3456 1172 3522 οὕτως.

2035 669 2153 733 Sed
2201 680 2258 732 et
2286 689 2477 748 genus
2508 680 2696 745 tuum,
2725 680 2786 732 et
2820 669 3094 750 patriam,
3141 677 3198 730 et
3231 669 3679 747 educationem,

2037 774 2102 826 ut
2127 764 2269 826 hinc
2297 783 2535 846 quoque
2578 767 2701 828 Deo
2746 763 2995 844 gloriam
3029 761 3387 841 tribuamus,
3424 783 3679 846 expone.

2040 857 2188 920 Tum
2211 858 2474 922 Joannes
2499 875 2840 920 sermonem
2868 856 3179 938 adoriens,
3211 857 3284 919 ab
3307 858 3479 922 initio
3503 859 3576 922 ad
3608 860 3680 922 ﬁ-

2041 967 2176 1010 nem
2203 967 2390 1030 usque
2412 955 2625 1010 cuncta
2650 947 3240 1028 persequitur,atque
3261 945 3419 1011 inter
3439 967 3686 1013 narran-

2040 1040 2182 1102 dum
2207 1038 2372 1100 fratri
2395 1036 2689 1099 nonnulla
2709 1036 3080 1116 cognationis
3104 1035 3329 1098 indicia
3357 1037 3521 1116 facit,
3554 1058 3686 1121 qua

2040 1128 2234 1190 vultus
2257 1125 2447 1208 ipsius
2465 1127 2627 1188 velut
2647 1125 2988 1188 testimonio
3013 1132 3114 1188 aut
3137 1125 3266 1187 viva
3294 1127 3548 1204 quadam
3571 1146 3685 1191 vo-

2041 1237 2109 1281 ce
2127 1217 2784 1294 conﬁrmabautur,elsi
2801 1216 3165 1279 lineamenta
3179 1217 3450 1296 ejusdem
3466 1225 3556 1280 tot
3571 1237 3688 1281 ma-

2043 1308 2231 1370 lorum
2263 1307 2650 1389 perpessione
2678 1307 2957 1368 hebetata
2997 1323 3066 1368 ac
3112 1307 3544 1388 propemodum
3578 1327 3687 1370 ex-

2041 1399 2252 1460 stincta
2274 1394 2872 1459 viderentur.Verum
2896 1394 2998 1457 ubi
3023 1396 3400 1458 recensendo
3424 1405 3548 1459 tum
3575 1417 3687 1461 na-

2040 1487 2177 1566 vigii
2209 1496 2329 1548 tum
2366 1486 2615 1565 periculi
2649 1487 3016 1548 mentionem
3051 1485 3284 1566 injecit,
3319 1505 3388 1548 ac
3445 1486 3686 1550 fratrem

2038 1595 2215 1658 quem
2248 1575 2552 1637 habuisset
2580 1575 2931 1648 nominavit,
2967 1581 3090 1637 tum
3135 1575 3442 1637 enimvero
3475 1578 3674 1640 Arca-

2040 1666 2196 1740 dius,
2233 1674 2458 1726 naturae
2486 1664 2830 1726 violentiam
2864 1663 3016 1725 ultra
3051 1682 3169 1725 non
3221 1664 3447 1740 ferens,
3470 1682 3686 1728 erum-

2039 1755 2318 1836 pentibus
2349 1753 2645 1836 suspiriis,
2682 1753 2959 1834 lacrymis
2985 1771 3090 1816 ora
3122 1753 3512 1834 perfundens,
3546 1772 3688 1816 sur-

1981 1876 2017 1927 B
2039 1846 2213 1919 rexit,
2244 1854 2421 1925 atque
2453 1844 2524 1904 ad
2587 1844 2846 1905 senioris
2903 1842 3090 1922 pedes
3120 1843 3467 1924 provolutus
3502 1861 3516 1906 :
3551 1843 3681 1923 Hic,

2041 1935 2256 2017 inquit,
2296 1937 2373 1995 mi
2431 1935 2628 2010 Pater,
2685 1940 2777 1994 est
2830 1931 3015 1994 frater
3065 1951 3260 2006 meus,
3293 1934 3686 1996 charissimus

2039 2024 2430 2098 Joannes,hic
2454 2024 2587 2104 ipse
2609 2023 2708 2104 qui
2739 2031 3022 2100 suscepta
3053 2042 3288 2086 mecum
3316 2023 3688 2104 navigatione

2041 2114 2413 2194 naufragium
2450 2113 2718 2194 pertulit,
2750 2113 2912 2175 velut
2946 2112 3257 2191 miraculo,
3286 2113 3689 2195 quemadmo-

2040 2205 2180 2265 dum
2215 2204 2416 2265 videre
2452 2203 2648 2277 datur,
2699 2210 3108 2278 conservatus,
3161 2210 3222 2265 et
3268 2221 3427 2265 nunc
3461 2205 3690 2282 majore

2042 2295 2219 2357 etiam
2246 2292 2532 2355 miraculo
2559 2292 2702 2354 mihi
2726 2290 3041 2356 oblatus.0
3058 2291 3323 2355 divinum
3349 2293 3527 2374 plane
3551 2310 3690 2354 con-

2041 2384 2240 2446 silium
2271 2382 2283 2444 !
2322 2403 2355 2444 o
2380 2383 2608 2461 judicia
2639 2381 2749 2444 Dei
2773 2392 3044 2442 naturam
3071 2381 3399 2444 vincentia!
3433 2400 3467 2443 ο
3489 2381 3688 2462 provi-

2042 2473 2304 2536 dentiam
2336 2471 2501 2533 nulla
2535 2470 2804 2533 oratione
2837 2483 2934 2532 aut
2969 2471 3203 2532 ratione
3234 2468 3683 2552 explicandam!

2045 2562 2313 2644 Subjecit
2332 2560 2553 2623 deinde
2576 2579 2764 2623 senex
2788 2580 2802 2620 :
2830 2563 3039 2642 Neque
3064 2578 3204 2622 vero
3228 2578 3322 2621 me
3345 2559 3473 2621 haec
3495 2559 3688 2640 fugie-

2038 2654 2198 2732 bant;
2226 2669 2429 2712 verum
2449 2651 2674 2712 idcirco
2699 2649 3002 2711 silendum
3029 2649 3268 2723 duxi,ut
3296 2647 3537 2710 indiciis
3572 2649 3684 2710 do-

2040 2741 2311 2804 mesticis
2337 2740 2588 2801 invicem
2612 2736 3174 2817 agnosceretis.Sub
3200 2737 3326 2799 hac
3357 2736 3547 2800 divini
3567 2737 3684 2799 lio-

2039 2832 2217 2894 minis
2239 2828 2419 2892 verba
2441 2829 2526 2890 illi
2549 2827 2611 2889 in
2636 2827 2949 2909 amplexus
2971 2834 3219 2890 ruentes
3240 2825 3574 2889 arctissime
3596 2826 3690 2888 in-

2039 2922 2220 2984 vicem
2258 2919 2720 2999 stringebant,et
2748 2937 2903 2980 uunc
2935 2918 3180 3000 quidem
3209 2918 3472 2979 fraterne
3491 2915 3688 2980 collo-

2040 3023 2318 3093 quentes,
2380 3028 2540 3070 nunc
2594 3007 2938 3088 amplexum
2989 3007 3492 3087 redintegrautes,
3527 3024 3689 3068 nunc

2038 3101 2252 3182 optimi
2302 3099 2463 3161 senis
2497 3099 2902 3179 precationem
2955 3098 3374 3179 deposcentes,
3433 3116 3552 3160 uno
3583 3114 3690 3159 ore

2039 3192 2256 3270 gratias
2313 3189 2558 3252 Numini
2617 3186 2982 3259 referebant,
3049 3200 3173 3248 tum
3223 3188 3381 3269 quod
3415 3185 3688 3269 periculo

2041 3288 2200 3342 tanto
2228 3278 2485 3358 exempti
2516 3287 2871 3352 essent,tum
2907 3275 3065 3358 quod
3103 3285 3311 3339 mutuo
3341 3275 3691 3358 conspectui

2040 3381 2096 3434 et
2121 3367 2534 3450 conjunctioni
2583 3367 2870 3442 restituti,
2907 3373 3030 3428 tum
3085 3369 3342 3429 maxime
3372 3368 3536 3448 quod
3587 3365 3692 3427 tali

2038 3459 2246 3523 habitu
2272 3459 2503 3538 vitaque
2534 3455 2783 3535 dignati,
2822 3457 2896 3517 ad
2924 3462 3142 3518 tantam
3173 3455 3282 3518 Dei
3312 3464 3551 3538 tamque
3577 3454 3692 3516 do-

314 3545 620 3606 mesticam
661 3544 1102 3625 quodammodo
1155 3545 1617 3610 familiaritatem
1670 3555 2100 3629 pervenissent.
2155 3548 2361 3628 Neque
2413 3546 2550 3607 ﬁnis
2605 3554 2752 3619 erat,
2786 3553 2887 3605 aut
2935 3546 3273 3606 communis
3322 3546 3560 3626 laetitiae,
3591 3552 3694 3607 aut

310 3635 675 3714 agendarum
709 3636 831 3697 Deo
864 3635 1184 3711 gratiarum
1218 3637 1308 3698 vel
1341 3634 1416 3697 ob
1448 3655 1619 3698 suam
1652 3640 1946 3723 cujusque
1977 3653 2038 3707 et
2087 3643 2405 3704 fraternam
2439 3634 2718 3709 salutem,
2748 3635 2837 3694 vel
2872 3633 2946 3694 oh
2975 3652 3182 3695 novam
3217 3635 3512 3714 ejusmodi
3542 3653 3692 3696 con-

309 3724 706 3802 gressionem,
741 3723 831 3786 vel
881 3724 957 3786 ob
1020 3726 1152 3787 talis
1200 3727 1329 3787 vitae
1388 3726 1726 3789 institutum
1779 3750 1912 3794 cum
1951 3741 2113 3796 tanta
2171 3724 2545 3808 perfectione
2604 3731 2971 3804 susceptum.
3028 3723 3224 3803 Atque
3277 3724 3387 3784 hac
3448 3723 3688 3804 quidem

310 3813 544 3876 ratione
566 3832 697 3894 quas
725 3813 798 3875 ad
829 3813 967 3875 illos
1009 3816 1318 3893 pertinent
1346 3833 1481 3877 sese
1512 3816 1758 3884 habent.

1789 3999 2042 4066 CAPUT
2087 3999 2213 4063 Vll.

945 4183 1248 4248 Parentes
1278 4184 1442 4265 ﬁlios
1473 4187 1723 4252 tandem
1752 4197 2099 4271 agnoscunt
2132 4209 2152 4252 :
2198 4188 2443 4267 utrique
2473 4183 2792 4247 sanctitate
2820 4182 3060 4260 ﬂorent.

407 4330 532 4418 κζ’
576 4343 829 4402 Βούλτται
874 4344 927 4400 δὲ
972 4347 1059 4403 καὶ
1101 4349 1232 4411 Θεὸς
1283 4348 1368 4403 καὶ
1418 4349 1446 4403 6
1489 4347 1650 4428 λόγος
1706 4350 1810 4418 ἤδη
1842 4365 1957 4415 τοῖς

2124 4348 2518 4414 XXVI.Nunc
2541 4350 2738 4405 autem
2749 4341 2894 4424 ,Deo
2917 4350 2977 4406 et
3001 4341 3349 4404 narratione
3366 4358 3439 4404 eo
3459 4341 3690 4405 ducen-

320 4432 571 4513 ἀδελφοῖς
605 4435 834 4510 συνάψαι
892 4436 982 4492 καὶ
1024 4437 1145 4500 τοὺς
1193 4438 1540 4514 γεννήτορας.
1597 4442 1962 4497 Συνέπτονται

318 4521 374 4578 δὲ
407 4523 599 4585 οὕτως.
632 4523 794 4581 Οὔπω
823 4525 923 4602 γὰρ
953 4524 1041 4582 δύο
1102 4525 1374 4603 παρῆλθον
1433 4529 1656 4605 ἡμέραι,
1716 4532 1803 4587 καὶ
1865 4536 1965 4590 αὖ-

317 4615 400 4670 τοὶ
457 4614 729 4690 παρῆσαν,
795 4615 1062 4693 φιλοτίμῳ
1122 4619 1272 4696 χειρὶ
1318 4618 1413 4682 τὰς
1471 4617 1727 4694 διανομὰς
1773 4623 1966 4678 ποιού-

325 4725 476 4779 μενοι
535 4704 666 4783 πρός
726 4726 784 4760 τε
842 4706 904 4760 τὸ
958 4705 1113 4785 ἅγιον
1159 4707 1250 4762 τυῦ
1297 4707 1517 4785 Κρανίου
1575 4707 1696 4784 ὅρος
1753 4712 1847 4785 ,καὶ
1875 4713 1968 4768 τὸν

321 4795 602 4872 ζωηφόρον
661 4794 828 4876 τάφον
883 4801 1114 4874 Χριστοῦ
1173 4803 1264 4852 τοῦ
1325 4784 1458 4852 Θεοῧ
1512 4800 1692 4873 ἡμῶν.
1739 4784 1968 4858 Ἔπειτα

320 4881 544 4949 ἐξιοῦσιν
599 4887 626 4940 6
686 4888 832 4950 Θεϊος
884 4885 1093 4950 ἐκεῖνος
1150 4892 1378 4957 συναντᾷ
1437 4886 1630 4964 γέρων,
1666 4889 1723 4953 ὃς
1761 4892 1846 4945 ιαὶ
1877 4897 1970 4947 τοῦ

317 4975 417 5050 ζῇν
477 4973 664 5038 αὐτοῖς
722 4975 846 5038 τοὺς
892 4971 1090 5037 παῖδας
1148 4970 1513 5049 διεϐεϐαίωσε,
1548 4978 1636 5033 καὶ
1667 4977 1790 5035 ὅσον
1823 4977 1970 5036 οὔπω

316 5064 535 5128 θεατοὺς
591 5062 827 5124 ἔσεσθαι.
892 5062 1073 5136 Τούτῴ
1124 5068 1249 5139 γοῦν
1295 5062 1701 5146 προσελθόντες,
1756 5067 1844 5123 καὶ
1901 5068 1967 5135 ἢν

315 5150 422 5208 ἔδει
465 5151 647 5217 δόντες
680 5154 866 5231 τιμὴν,
913 5151 1070 5216 τέλος
1114 5150 1275 5227 ᾔτουν
1317 5157 1416 5219 τῆς
1461 5153 1837 5235 ὑποσχέσεως,
1869 5155 1967 5213 καὶ

315 5243 383 5300 τὰ
413 5243 560 5321 σφῶν
590 5243 749 5299 τέκνα
778 5240 956 5310 ἠξίουν
1010 5239 1168 5300 ἰδεῖν.
1228 5231 1412 5298 1Hviaa
1443 5239 1496 5297 δὲ
1526 5231 1692 5301 ταυτα
1724 5231 1965 5324 ἐλέγετο,

319 5334 367 5388 οἱ
420 5344 660 5411 γενναῖοι
720 5329 913 5394 παῖδες
974 5330 1198 5388 ὄπισθεν
1253 5330 1392 5398 ἦσαν
1450 5338 1525 5405 τῷ
1571 5333 1779 5411 γέροντι
1824 5358 1967 5412 παρ-

323 5427 548 5486 εστῶτες
583 5436 597 5451 ⁶
653 5418 775 5476 ἀλλ’
819 5421 1052 5500 ἐπέσχεν
1084 5421 1274 5482 αὐτοὺς
1307 5419 1538 5500 ἐκεῖνος,
1575 5421 1858 5496 μηδοτιοῦν
1889 5422 1969 5480 έί-

320 5521 447 5572 πεῖν
504 5509 900 5585 ἐντειλάμενος,
956 5511 1094 5584 μήτε
1159 5519 1270 5586 μὴν
1316 5508 1508 5580 δήλους
1570 5511 1787 5574 ἑαυτοὺς
1847 5527 1965 5576 τοῖς

404 5693 437 5744 ϐ
468 5692 692 5758 Coloss.
731 5711 820 5772 Ill,
851 5699 949 5760 ll.

2050 4439 2418 4516 tibus,etiam
2452 4441 2732 4516 parentes
2753 4450 2887 4493 cum
2911 4431 3194 4494 fratribus
3224 4432 3690 4512 conjungentur.

2050 4529 2112 4592 Id
2133 4528 2290 4609 quod
2312 4529 2391 4589 ita
2417 4530 2631 4587 evenit.
2669 4521 2779 4585 Vix
2811 4521 2970 4583 enim
2997 4521 3117 4583 duo
3149 4522 3504 4583 efﬂuxerant
3536 4521 3692 4594 dies,

2052 4637 2185 4680 cum
2249 4625 2306 4678 et
2363 4615 2480 4694 ipsi
2514 4613 2750 4686 adsunt,
2792 4611 3073 4672 muniﬁca
3105 4628 3284 4672 manu
3315 4609 3693 4689 largitionem

2053 4701 2554 4775 exercentesQui
2580 4700 2682 4762 ubi
2713 4701 2786 4762 ad
2818 4709 3088 4762 sanctum
3119 4699 3402 4762 Calvariaa
3431 4710 3694 4762 montem

2053 4804 2232 4875 atque
2263 4793 2334 4854 ad
2389 4793 2684 4854 viviﬁcum
2739 4788 2962 4853 Christi
2993 4789 3102 4851 Dei
3133 4790 3322 4852 nostri
3349 4790 3693 4869 sepulcrum

2052 4882 2707 4957 accesserunt,divinus
2738 4879 2839 4941 ille
2871 4899 3053 4942 senex
3085 4879 3173 4942 eis
3203 4881 3482 4956 occurrit,
3515 4879 3616 4960 qui
3641 4887 3701 4939 et

2053 4982 2228 5037 antea
2249 4973 2325 5035 de
2348 4982 2620 5034 natorum
2641 4969 2758 5030 vita
2780 4969 3066 5032 certiores
3095 4968 3464 5042 reddiderat,
3493 4979 3552 5030 et
3575 4971 3698 5044 jam

2051 5070 2276 5127 tantum
2310 5081 2432 5123 non
2464 5061 2681 5122 adesse
2707 5077 2777 5120 ac
2807 5058 2994 5121 videri
3020 5059 3481 5138 signiﬁcaverat.
3525 5055 3699 5117 Hunc

2050 5153 2152 5216 ubi
2187 5153 2468 5215 adierunt
2503 5149 2792 5220 exhibita,
2827 5149 2914 5210 uti
2949 5167 3053 5229 par
3083 5156 3232 5221 erat,
3284 5145 3696 5221 veneratione,

2051 5241 2336 5326 promissi
2367 5241 2544 5302 ﬁdem
2580 5239 2845 5320 exigunt,
2899 5238 3280 5318 ﬁliorumque
3311 5243 3698 5326 conspectum

2049 5325 2388 5413 requirunt.
2448 5328 2684 5391 Interea
2727 5329 2870 5390 dum
2922 5327 2984 5388 hi
3025 5345 3340 5388 sermones
3375 5325 3698 5399 habentur,

2051 5421 2324 5501 generosi
2345 5421 2599 5500 juvenes
2625 5427 2792 5480 retro
2818 5415 3095 5480 astabant
3117 5415 3413 5496 seni,ejus
3427 5415 3703 5496 jassione

2057 5510 2362 5589 prohibiti,
2401 5527 2476 5570 ne
2505 5516 2606 5570 aut
2628 5507 2879 5570 verbum
2913 5506 3203 5582 facerent,
3239 5516 3338 5568 aut
3363 5507 3567 5586 aliqua
3601 5525 3701 5570 ra-
