  <div class='ocr_page' id='page_1' title='image "/cluster/home/n/w/nwhite01/storage/ocr_20150623/114/hvd.32044073502254/525.png"; bbox 0 0 4098 6202; ppageno 0'>
   <div class='ocr_carea' id='block_1_1' title="bbox 468 355 624 432">
    <p class='ocr_par' dir='ltr' id='par_1_1' title="bbox 468 355 624 432">
     <span class='ocr_line' id='line_1_1' title="bbox 468 355 624 432; baseline 0 0"><span class='ocrx_word' id='word_1_1' title='bbox 468 368 493 432; x_wconf 90' lang='grc'>1</span> <span class='ocrx_word' id='word_1_2' title='bbox 505 355 624 432; x_wconf 85' lang='lat'><strong>039</strong></span> 
     </span>
    </p>
   </div>
   <div class='ocr_carea' id='block_1_2' title="bbox 1757 353 2532 430">
    <p class='ocr_par' dir='ltr' id='par_1_2' title="bbox 1757 353 2532 430">
     <span class='ocr_line' id='line_1_2' title="bbox 1757 353 2532 430; baseline 0 -2"><span class='ocrx_word' id='word_1_3' title='bbox 1757 353 2042 430; x_wconf 78' lang='lat' dir='ltr'><strong>MENSIS</strong></span> <span class='ocrx_word' id='word_1_4' title='bbox 2079 354 2532 428; x_wconf 70' lang='lat' dir='ltr'><strong>IANUABIUS.</strong></span> 
     </span>
    </p>
   </div>
   <div class='ocr_carea' id='block_1_3' title="bbox 3672 362 3826 436">
    <p class='ocr_par' dir='ltr' id='par_1_3' title="bbox 3672 362 3826 436">
     <span class='ocr_line' id='line_1_3' title="bbox 3672 362 3826 436; baseline 0.013 -2"><span class='ocrx_word' id='word_1_5' title='bbox 3672 362 3826 436; x_wconf 76' lang='grc'><strong>1040</strong></span> 
     </span>
    </p>
   </div>
   <div class='ocr_carea' id='block_1_4' title="bbox 466 499 2091 586">
    <p class='ocr_par' dir='ltr' id='par_1_4' title="bbox 466 500 2091 586">
     <span class='ocr_line' id='line_1_4' title="bbox 466 500 2091 586; baseline -0.005 -20"><span class='ocrx_word' id='word_1_6' title='bbox 466 509 780 586; x_wconf 80' lang='grc' dir='ltr'>γεννήτόρσι</span> <span class='ocrx_word' id='word_1_7' title='bbox 839 506 1169 571; x_wconf 77' lang='grc' dir='ltr'>καταστῆσαι</span> <span class='ocrx_word' id='word_1_8' title='bbox 1202 519 1216 534; x_wconf 81' lang='grc'><strong><em>⁸</em></strong></span> <span class='ocrx_word' id='word_1_9' title='bbox 1278 503 1405 582; x_wconf 88' lang='grc' dir='ltr'>παρ’</span> <span class='ocrx_word' id='word_1_10' title='bbox 1445 504 1472 560; x_wconf 88' lang='grc' dir='ltr'><strong>ὃ</strong></span> <span class='ocrx_word' id='word_1_11' title='bbox 1503 503 1590 560; x_wconf 80' lang='grc' dir='ltr'><strong>καὶ</strong></span> <span class='ocrx_word' id='word_1_12' title='bbox 1623 500 1888 574; x_wconf 85' lang='grc' dir='ltr'>διέμειναν</span> <span class='ocrx_word' id='word_1_13' title='bbox 1919 507 2091 562; x_wconf 73' lang='grc' dir='ltr'>αὖτοῖι</span> 
     </span>
    </p>
   </div>
   <div class='ocr_carea' id='block_1_5' title="bbox 2180 499 3826 586">
    <p class='ocr_par' dir='ltr' id='par_1_5' title="bbox 2190 499 3826 586">
     <span class='ocr_line' id='line_1_5' title="bbox 2190 499 3826 586; baseline 0.005 -26"><span class='ocrx_word' id='word_1_14' title='bbox 2190 500 2353 564; x_wconf 99' lang='lat' dir='ltr'><strong>tione</strong></span> <span class='ocrx_word' id='word_1_15' title='bbox 2383 519 2449 562; x_wconf 87' lang='lat' dir='ltr'><strong>se</strong></span> <span class='ocrx_word' id='word_1_16' title='bbox 2474 499 2822 581; x_wconf 86' lang='lat' dir='ltr'><strong>parentibus</strong></span> <span class='ocrx_word' id='word_1_17' title='bbox 2858 499 3617 580; x_wconf 89' lang='lat' dir='ltr'><strong>proderent.Quamobrem</strong></span> <span class='ocrx_word' id='word_1_18' title='bbox 3653 506 3826 586; x_wconf 86' lang='lat' dir='ltr'><strong>plane</strong></span> 
     </span>
    </p>
   </div>
   <div class='ocr_carea' id='block_1_6' title="bbox 467 591 2100 674">
    <p class='ocr_par' dir='ltr' id='par_1_6' title="bbox 467 591 2100 674">
     <span class='ocr_line' id='line_1_6' title="bbox 467 591 2100 674; baseline -0.004 -20"><span class='ocrx_word' id='word_1_19' title='bbox 467 597 735 674; x_wconf 79' lang='grc' dir='ltr'><strong>ἄγνωστοι</strong></span> <span class='ocrx_word' id='word_1_20' title='bbox 779 593 947 668; x_wconf 83' lang='grc' dir='ltr'>μηδὲν</span> <span class='ocrx_word' id='word_1_21' title='bbox 1017 593 1111 659; x_wconf 83' lang='grc' dir='ltr'><strong>τῆς</strong></span> <span class='ocrx_word' id='word_1_22' title='bbox 1169 593 1345 667; x_wconf 55' lang='grc' dir='ltr'>ὅψεως</span> <span class='ocrx_word' id='word_1_23' title='bbox 1404 593 1860 666; x_wconf 80' lang='grc' dir='ltr'>ὓποσημηνάσης,</span> <span class='ocrx_word' id='word_1_24' title='bbox 1912 591 1996 647; x_wconf 79' lang='grc' dir='ltr'><strong>διὰ</strong></span> <span class='ocrx_word' id='word_1_25' title='bbox 2048 594 2100 648; x_wconf 83' lang='grc' dir='ltr'>τὸ</span> 
     </span>
    </p>
   </div>
   <div class='ocr_carea' id='block_1_7' title="bbox 466 681 2099 764">
    <p class='ocr_par' dir='ltr' id='par_1_7' title="bbox 466 681 2099 764">
     <span class='ocr_line' id='line_1_7' title="bbox 466 681 2099 764; baseline -0.004 -22"><span class='ocrx_word' id='word_1_26' title='bbox 466 689 798 764; x_wconf 75' lang='grc' dir='ltr'><strong>μαρανθῆναι</strong></span> <span class='ocrx_word' id='word_1_27' title='bbox 871 689 936 757; x_wconf 78' lang='grc' dir='ltr'>τῇ</span> <span class='ocrx_word' id='word_1_28' title='bbox 996 682 1210 759; x_wconf 82' lang='grc' dir='ltr'><strong>ἀμέτρῳ</strong></span> <span class='ocrx_word' id='word_1_29' title='bbox 1293 683 1642 761; x_wconf 67' lang='grc' dir='ltr'><strong>κακοπαθείᾳ,</strong></span> <span class='ocrx_word' id='word_1_30' title='bbox 1704 684 1777 745; x_wconf 83' lang='grc' dir='ltr'>ὡς</span> <span class='ocrx_word' id='word_1_31' title='bbox 1837 685 1924 736; x_wconf 84' lang='grc' dir='ltr'>καὶ</span> <span class='ocrx_word' id='word_1_32' title='bbox 1995 681 2099 748; x_wconf 67' lang='grc' dir='ltr'>ἤδη</span> 
     </span>
    </p>
   </div>
   <div class='ocr_carea' id='block_1_8' title="bbox 465 769 2097 853">
    <p class='ocr_par' dir='ltr' id='par_1_8' title="bbox 465 769 2097 853">
     <span class='ocr_line' id='line_1_8' title="bbox 465 769 2097 853; baseline -0.006 -21"><span class='ocrx_word' id='word_1_33' title='bbox 465 777 759 853; x_wconf 75' lang='grc' dir='ltr'><strong>φθάσαντες</strong></span> <span class='ocrx_word' id='word_1_34' title='bbox 808 771 1182 845; x_wconf 75' lang='grc' dir='ltr'><strong>ἐδηλώσαμεν,</strong></span> <span class='ocrx_word' id='word_1_35' title='bbox 1243 774 1460 835; x_wconf 88' lang='grc' dir='ltr'>Πάντως</span> <span class='ocrx_word' id='word_1_36' title='bbox 1519 769 1572 827; x_wconf 79' lang='grc' dir='ltr'>δὲ</span> <span class='ocrx_word' id='word_1_37' title='bbox 1604 773 1664 828; x_wconf 77' lang='grc' dir='ltr'>οὗ</span> <span class='ocrx_word' id='word_1_38' title='bbox 1692 771 1877 828; x_wconf 79' lang='grc' dir='ltr'>σιτίων</span> <span class='ocrx_word' id='word_1_39' title='bbox 1909 772 2097 850; x_wconf 84' lang='grc' dir='ltr'>μόνον,</span> 
     </span>
    </p>
   </div>
   <div class='ocr_carea' id='block_1_9' title="bbox 462 859 2095 938">
    <p class='ocr_par' dir='ltr' id='par_1_9' title="bbox 462 859 2095 938">
     <span class='ocr_line' id='line_1_9' title="bbox 462 859 2095 938; baseline -0.002 -19"><span class='ocrx_word' id='word_1_40' title='bbox 462 862 600 920; x_wconf 81' lang='grc' dir='ltr'>ἀλλὰ</span> <span class='ocrx_word' id='word_1_41' title='bbox 653 864 740 917; x_wconf 84' lang='grc' dir='ltr'><strong>καὶ</strong></span> <span class='ocrx_word' id='word_1_42' title='bbox 783 861 1030 938; x_wconf 79' lang='grc' dir='ltr'><strong>γλώττης</strong></span> <span class='ocrx_word' id='word_1_43' title='bbox 1092 859 1280 935; x_wconf 85' lang='grc' dir='ltr'>πολλῷ</span> <span class='ocrx_word' id='word_1_44' title='bbox 1335 859 1540 936; x_wconf 84' lang='grc' dir='ltr'>μᾶλλον</span> <span class='ocrx_word' id='word_1_45' title='bbox 1591 861 1872 938; x_wconf 79' lang='grc' dir='ltr'>ἐγκρατεῖς</span> <span class='ocrx_word' id='word_1_46' title='bbox 1935 860 2095 927; x_wconf 80' lang='grc' dir='ltr'>ἦσαν,</span> 
     </span>
    </p>
   </div>
   <div class='ocr_carea' id='block_1_10' title="bbox 462 949 2096 1030">
    <p class='ocr_par' dir='ltr' id='par_1_10' title="bbox 462 949 2096 1030">
     <span class='ocr_line' id='line_1_10' title="bbox 462 949 2096 1030; baseline -0.002 -20"><span class='ocrx_word' id='word_1_47' title='bbox 462 951 592 1010; x_wconf 70' lang='grc' dir='ltr'>οὐδε</span> <span class='ocrx_word' id='word_1_48' title='bbox 625 953 723 1028; x_wconf 78' lang='grc' dir='ltr'>γὰρ</span> <span class='ocrx_word' id='word_1_49' title='bbox 753 952 970 1028; x_wconf 89' lang='grc' dir='ltr'>μέτριον</span> <span class='ocrx_word' id='word_1_50' title='bbox 1012 951 1104 1025; x_wconf 74' lang='grc' dir='ltr'>ἦν,</span> <span class='ocrx_word' id='word_1_51' title='bbox 1156 949 1274 1006; x_wconf 75' lang='grc' dir='ltr'>οὐδὲ</span> <span class='ocrx_word' id='word_1_52' title='bbox 1332 958 1550 1030; x_wconf 79' lang='grc' dir='ltr'>κοῦφον,</span> <span class='ocrx_word' id='word_1_53' title='bbox 1584 953 1644 1008; x_wconf 81' lang='grc' dir='ltr'>τὸ</span> <span class='ocrx_word' id='word_1_54' title='bbox 1696 951 1937 1026; x_wconf 79' lang='grc' dir='ltr'><strong>πατέρων</strong></span> <span class='ocrx_word' id='word_1_55' title='bbox 1999 950 2096 1006; x_wconf 76' lang='grc' dir='ltr'><strong>αὖ·</strong></span> 
     </span>
    </p>
   </div>
   <div class='ocr_carea' id='block_1_11' title="bbox 457 1038 2093 1118">
    <p class='ocr_par' dir='ltr' id='par_1_11' title="bbox 457 1038 2093 1118">
     <span class='ocr_line' id='line_1_11' title="bbox 457 1038 2093 1118; baseline -0.004 -20"><span class='ocrx_word' id='word_1_56' title='bbox 457 1043 581 1106; x_wconf 80' lang='grc' dir='ltr'>τοὺς</span> <span class='ocrx_word' id='word_1_57' title='bbox 611 1043 683 1102; x_wconf 78' lang='grc' dir='ltr'><strong>εἰς</strong></span> <span class='ocrx_word' id='word_1_58' title='bbox 743 1040 868 1116; x_wconf 71' lang='grc' dir='ltr'>ἄψιν</span> <span class='ocrx_word' id='word_1_59' title='bbox 928 1038 1176 1102; x_wconf 75' lang='grc' dir='ltr'><strong>ἐλθόντας</strong></span> <span class='ocrx_word' id='word_1_60' title='bbox 1237 1041 1372 1115; x_wconf 81' lang='grc' dir='ltr'>μετὰ</span> <span class='ocrx_word' id='word_1_61' title='bbox 1429 1039 1753 1118; x_wconf 78' lang='grc' dir='ltr'>δριμυτάτην</span> <span class='ocrx_word' id='word_1_62' title='bbox 1793 1039 2093 1114; x_wconf 76' lang='grc' dir='ltr'>ἐπιθυμίαν,</span> 
     </span>
    </p>
   </div>
   <div class='ocr_carea' id='block_1_12' title="bbox 463 1127 2097 1205">
    <p class='ocr_par' dir='ltr' id='par_1_12' title="bbox 463 1127 2097 1205">
     <span class='ocr_line' id='line_1_12' title="bbox 463 1127 2097 1205; baseline -0.002 -20"><span class='ocrx_word' id='word_1_63' title='bbox 463 1131 550 1186; x_wconf 80' lang='grc' dir='ltr'><strong>καὶ</strong></span> <span class='ocrx_word' id='word_1_64' title='bbox 607 1129 747 1186; x_wconf 76' lang='grc' dir='ltr'>οὕτω</span> <span class='ocrx_word' id='word_1_65' title='bbox 798 1130 900 1203; x_wconf 80' lang='grc' dir='ltr'>μὲν</span> <span class='ocrx_word' id='word_1_66' title='bbox 958 1129 1146 1192; x_wconf 69' lang='grc' dir='ltr'>αὐτοὺς</span> <span class='ocrx_word' id='word_1_67' title='bbox 1206 1129 1521 1205; x_wconf 75' lang='grc' dir='ltr'><strong>ποθοῦντας,</strong></span> <span class='ocrx_word' id='word_1_68' title='bbox 1567 1127 1706 1185; x_wconf 68' lang='grc' dir='ltr'>οὕτω</span> <span class='ocrx_word' id='word_1_69' title='bbox 1736 1127 1790 1184; x_wconf 75' lang='grc' dir='ltr'>δὲ</span> <span class='ocrx_word' id='word_1_70' title='bbox 1827 1129 2097 1201; x_wconf 80' lang='grc' dir='ltr'>ποθουμέ-</span> 
     </span>
    </p>
   </div>
   <div class='ocr_carea' id='block_1_13' title="bbox 461 1215 2097 1295">
    <p class='ocr_par' dir='ltr' id='par_1_13' title="bbox 461 1215 2097 1295">
     <span class='ocr_line' id='line_1_13' title="bbox 461 1215 2097 1295; baseline -0.003 -19"><span class='ocrx_word' id='word_1_71' title='bbox 461 1240 601 1290; x_wconf 79' lang='grc' dir='ltr'>νους,</span> <span class='ocrx_word' id='word_1_72' title='bbox 647 1221 940 1292; x_wconf 82' lang='grc' dir='ltr'>ὑπομεῖναι</span> <span class='ocrx_word' id='word_1_73' title='bbox 1003 1219 1103 1285; x_wconf 76' lang='grc' dir='ltr'><strong>τὴν</strong></span> <span class='ocrx_word' id='word_1_74' title='bbox 1161 1218 1397 1295; x_wconf 75' lang='grc' dir='ltr'>σιωπὴν,</span> <span class='ocrx_word' id='word_1_75' title='bbox 1461 1219 1546 1275; x_wconf 86' lang='grc' dir='ltr'><strong>καὶ</strong></span> <span class='ocrx_word' id='word_1_76' title='bbox 1589 1218 1668 1292; x_wconf 64' lang='grc' dir='ltr'>μὴ</span> <span class='ocrx_word' id='word_1_77' title='bbox 1714 1217 1876 1291; x_wconf 83' lang='grc' dir='ltr'>μόνον</span> <span class='ocrx_word' id='word_1_78' title='bbox 1929 1215 2097 1291; x_wconf 75' lang='grc' dir='ltr'>μηδὲν</span> 
     </span>
    </p>
   </div>
   <div class='ocr_carea' id='block_1_14' title="bbox 462 1305 2094 1389">
    <p class='ocr_par' dir='ltr' id='par_1_14' title="bbox 462 1305 2094 1389">
     <span class='ocr_line' id='line_1_14' title="bbox 462 1305 2094 1389; baseline -0.002 -23"><span class='ocrx_word' id='word_1_79' title='bbox 462 1307 803 1389; x_wconf 82' lang='grc' dir='ltr'>φθέγξασθαι,</span> <span class='ocrx_word' id='word_1_80' title='bbox 864 1307 1003 1364; x_wconf 81' lang='grc' dir='ltr'>ἀλλὰ</span> <span class='ocrx_word' id='word_1_81' title='bbox 1059 1305 1196 1383; x_wconf 84' lang='grc' dir='ltr'>μηδὲ</span> <span class='ocrx_word' id='word_1_82' title='bbox 1251 1305 1474 1386; x_wconf 83' lang='grc' dir='ltr'>δάκρυον</span> <span class='ocrx_word' id='word_1_83' title='bbox 1533 1307 1625 1364; x_wconf 80' lang='grc' dir='ltr'><strong>ὑπ’</strong></span> <span class='ocrx_word' id='word_1_84' title='bbox 1651 1306 1885 1384; x_wconf 79' lang='grc' dir='ltr'>ἀμέτρου</span> <span class='ocrx_word' id='word_1_85' title='bbox 1941 1327 2094 1381; x_wconf 86' lang='grc' dir='ltr'>περι-</span> 
     </span>
    </p>
   </div>
   <div class='ocr_carea' id='block_1_15' title="bbox 459 1397 2094 1480">
    <p class='ocr_par' dir='ltr' id='par_1_15' title="bbox 459 1397 2094 1480">
     <span class='ocr_line' id='line_1_15' title="bbox 459 1397 2094 1480; baseline -0.003 -24"><span class='ocrx_word' id='word_1_86' title='bbox 459 1401 683 1480; x_wconf 80' lang='grc' dir='ltr'>χαρείας</span> <span class='ocrx_word' id='word_1_87' title='bbox 743 1397 1042 1475; x_wconf 80' lang='grc' dir='ltr'><strong>ἐξενεγκεῖν</strong></span> <span class='ocrx_word' id='word_1_88' title='bbox 1077 1416 1093 1432; x_wconf 69' lang='grc' dir='ltr'>θ</span> <span class='ocrx_word' id='word_1_89' title='bbox 1152 1398 1180 1452; x_wconf 97' lang='lat'><strong>6</strong></span> <span class='ocrx_word' id='word_1_90' title='bbox 1235 1398 1460 1464; x_wconf 81' lang='grc' dir='ltr'>καὶτῆς</span> <span class='ocrx_word' id='word_1_91' title='bbox 1503 1397 1619 1472; x_wconf 85' lang='grc' dir='ltr'>βίας</span> <span class='ocrx_word' id='word_1_92' title='bbox 1679 1397 1926 1471; x_wconf 84' lang='grc' dir='ltr'>κρεῖττόν</span> <span class='ocrx_word' id='word_1_93' title='bbox 1983 1398 2094 1451; x_wconf 62' lang='grc' dir='ltr'>ἔστι</span> 
     </span>
    </p>
   </div>
   <div class='ocr_carea' id='block_1_16' title="bbox 458 1486 1564 1568">
    <p class='ocr_par' dir='ltr' id='par_1_16' title="bbox 458 1486 1564 1568">
     <span class='ocr_line' id='line_1_16' title="bbox 458 1486 1564 1568; baseline -0.001 -23"><span class='ocrx_word' id='word_1_94' title='bbox 458 1489 698 1568; x_wconf 80' lang='grc' dir='ltr'>φανερῶς</span> <span class='ocrx_word' id='word_1_95' title='bbox 727 1493 828 1554; x_wconf 82' lang='grc' dir='ltr'>τῆς</span> <span class='ocrx_word' id='word_1_96' title='bbox 859 1487 1031 1543; x_wconf 82' lang='grc' dir='ltr'>πάντα</span> <span class='ocrx_word' id='word_1_97' title='bbox 1069 1486 1304 1552; x_wconf 78' lang='grc' dir='ltr'>νικώσης</span> <span class='ocrx_word' id='word_1_98' title='bbox 1335 1486 1564 1565; x_wconf 88' lang='grc' dir='ltr'>φύσεως.</span> 
     </span>
    </p>
   </div>
   <div class='ocr_carea' id='block_1_17' title="bbox 543 1570 2095 1655">
    <p class='ocr_par' dir='ltr' id='par_1_17' title="bbox 543 1570 2095 1655">
     <span class='ocr_line' id='line_1_17' title="bbox 543 1570 2095 1655; baseline -0.004 -20"><span class='ocrx_word' id='word_1_99' title='bbox 543 1570 667 1638; x_wconf 68' lang='grc' dir='ltr'><strong>ΚΖ’.</strong></span> <span class='ocrx_word' id='word_1_100' title='bbox 729 1575 881 1634; x_wconf 76' lang='grc' dir='ltr'>Ἐπεὶ</span> <span class='ocrx_word' id='word_1_101' title='bbox 931 1585 1020 1635; x_wconf 80' lang='grc' dir='ltr'>οὖν</span> <span class='ocrx_word' id='word_1_102' title='bbox 1051 1579 1097 1632; x_wconf 83' lang='grc' dir='ltr'>οἱ</span> <span class='ocrx_word' id='word_1_103' title='bbox 1127 1577 1419 1651; x_wconf 67' lang='grc' dir='ltr'>θαυμαστοὶ</span> <span class='ocrx_word' id='word_1_104' title='bbox 1459 1574 1678 1655; x_wconf 68' lang='grc' dir='ltr'>παῖδες,</span> <span class='ocrx_word' id='word_1_105' title='bbox 1726 1577 1846 1640; x_wconf 83' lang='grc' dir='ltr'>τοὺς</span> <span class='ocrx_word' id='word_1_106' title='bbox 1894 1575 2095 1630; x_wconf 78' lang='grc' dir='ltr'>ἑαυτῶν</span> 
     </span>
    </p>
   </div>
   <div class='ocr_carea' id='block_1_18' title="bbox 455 1663 2096 1746">
    <p class='ocr_par' dir='ltr' id='par_1_18' title="bbox 455 1663 2096 1746">
     <span class='ocr_line' id='line_1_18' title="bbox 455 1663 2096 1746; baseline -0.003 -22"><span class='ocrx_word' id='word_1_107' title='bbox 455 1667 797 1746; x_wconf 32' lang='grc' dir='ltr'>ἔπιγνόντεςῄ</span> <span class='ocrx_word' id='word_1_108' title='bbox 823 1665 1081 1746; x_wconf 86' lang='grc' dir='ltr'>πατέρας,</span> <span class='ocrx_word' id='word_1_109' title='bbox 1145 1667 1290 1723; x_wconf 81' lang='grc' dir='ltr'>αὐτοὶ</span> <span class='ocrx_word' id='word_1_110' title='bbox 1342 1663 1468 1744; x_wconf 84' lang='grc' dir='ltr'>παρ’</span> <span class='ocrx_word' id='word_1_111' title='bbox 1531 1666 1752 1730; x_wconf 72' lang='grc' dir='ltr'>ἐκείνοις</span> <span class='ocrx_word' id='word_1_112' title='bbox 1823 1664 2096 1732; x_wconf 81' lang='grc' dir='ltr'>διέμειναν</span> 
     </span>
    </p>
   </div>
   <div class='ocr_carea' id='block_1_19' title="bbox 457 1741 2098 1835">
    <p class='ocr_par' dir='ltr' id='par_1_19' title="bbox 457 1741 2098 1835">
     <span class='ocr_line' id='line_1_19' title="bbox 457 1741 2098 1835; baseline -0.005 -18"><span class='ocrx_word' id='word_1_113' title='bbox 457 1741 746 1835; x_wconf 74' lang='grc' dir='ltr'>ἄγνωστοι,</span> <span class='ocrx_word' id='word_1_114' title='bbox 777 1741 992 1830; x_wconf 55' lang='lat' dir='ltr'><strong>&quot;Anne,</strong></span> <span class='ocrx_word' id='word_1_115' title='bbox 1039 1741 1169 1834; x_wconf 57' lang='grc' dir='ltr'>φησὶ</span> <span class='ocrx_word' id='word_1_116' title='bbox 1211 1757 1341 1827; x_wconf 80' lang='grc' dir='ltr'>πρὸς</span> <span class='ocrx_word' id='word_1_117' title='bbox 1413 1741 1600 1818; x_wconf 73' lang='grc' dir='ltr'>αὐτοὺς</span> <span class='ocrx_word' id='word_1_118' title='bbox 1665 1757 1692 1810; x_wconf 88' lang='grc' dir='ltr'>ὁ</span> <span class='ocrx_word' id='word_1_119' title='bbox 1749 1753 1919 1832; x_wconf 83' lang='grc' dir='ltr'>γέρων</span> <span class='ocrx_word' id='word_1_120' title='bbox 1963 1753 2098 1827; x_wconf 80' lang='grc' dir='ltr'>μετὰ</span> 
     </span>
    </p>
   </div>
   <div class='ocr_carea' id='block_1_20' title="bbox 2183 589 3821 674">
    <p class='ocr_par' dir='ltr' id='par_1_20' title="bbox 2183 589 3821 674">
     <span class='ocr_line' id='line_1_20' title="bbox 2183 589 3821 674; baseline 0.004 -24"><span class='ocrx_word' id='word_1_121' title='bbox 2183 591 2329 671; x_wconf 92' lang='lat' dir='ltr'><strong>ipsis</strong></span> <span class='ocrx_word' id='word_1_122' title='bbox 2360 589 2669 669; x_wconf 72' lang='lat' dir='ltr'><strong>incogniti,</strong></span> <span class='ocrx_word' id='word_1_123' title='bbox 2706 608 2781 652; x_wconf 92' lang='lat' dir='ltr'><strong>ne</strong></span> <span class='ocrx_word' id='word_1_124' title='bbox 2828 589 3088 653; x_wconf 78' lang='lat' dir='ltr'><strong>vultibus</strong></span> <span class='ocrx_word' id='word_1_125' title='bbox 3119 594 3358 673; x_wconf 85' lang='lat' dir='ltr'><strong>quidem</strong></span> <span class='ocrx_word' id='word_1_126' title='bbox 3395 595 3821 674; x_wconf 83' lang='lat' dir='ltr'><strong>prodebantur,</strong></span> 
     </span>
    </p>
   </div>
   <div class='ocr_carea' id='block_1_21' title="bbox 2183 679 3825 763">
    <p class='ocr_par' dir='ltr' id='par_1_21' title="bbox 2183 679 3825 763">
     <span class='ocr_line' id='line_1_21' title="bbox 2183 679 3825 763; baseline 0.002 -23"><span class='ocrx_word' id='word_1_127' title='bbox 2183 679 2621 749; x_wconf 86' lang='lat' dir='ltr'><strong>immodica.uti</strong></span> <span class='ocrx_word' id='word_1_128' title='bbox 2638 679 3190 756; x_wconf 82' lang='lat' dir='ltr'><strong>diximus,laborum</strong></span> <span class='ocrx_word' id='word_1_129' title='bbox 3207 682 3528 763; x_wconf 86' lang='lat' dir='ltr'><strong>asperitate</strong></span> <span class='ocrx_word' id='word_1_130' title='bbox 3549 702 3825 746; x_wconf 82' lang='lat' dir='ltr'><strong>consum-</strong></span> 
     </span>
    </p>
   </div>
   <div class='ocr_carea' id='block_1_22' title="bbox 2185 767 3824 854">
    <p class='ocr_par' dir='ltr' id='par_1_22' title="bbox 2185 767 3824 854">
     <span class='ocr_line' id='line_1_22' title="bbox 2185 767 3824 854; baseline 0.002 -22"><span class='ocrx_word' id='word_1_131' title='bbox 2185 771 2324 851; x_wconf 87' lang='lat' dir='ltr'><strong>ptis.</strong></span> <span class='ocrx_word' id='word_1_132' title='bbox 2351 767 2480 830; x_wconf 86' lang='lat' dir='ltr'><strong>Non</strong></span> <span class='ocrx_word' id='word_1_133' title='bbox 2501 769 2695 830; x_wconf 83' lang='lat' dir='ltr'><strong>solum</strong></span> <span class='ocrx_word' id='word_1_134' title='bbox 2722 769 2880 830; x_wconf 87' lang='lat' dir='ltr'><strong>enim</strong></span> <span class='ocrx_word' id='word_1_135' title='bbox 2909 787 3117 832; x_wconf 87' lang='lat' dir='ltr'><strong>eorum</strong></span> <span class='ocrx_word' id='word_1_136' title='bbox 3143 791 3276 852; x_wconf 69' lang='lat' dir='ltr'><strong>quae</strong></span> <span class='ocrx_word' id='word_1_137' title='bbox 3297 774 3369 834; x_wconf 80' lang='lat' dir='ltr'><strong>ad</strong></span> <span class='ocrx_word' id='word_1_138' title='bbox 3397 775 3609 835; x_wconf 84' lang='lat' dir='ltr'><strong>victum</strong></span> <span class='ocrx_word' id='word_1_139' title='bbox 3636 774 3824 854; x_wconf 87' lang='lat' dir='ltr'><strong>perti-</strong></span> 
     </span>
    </p>
   </div>
   <div class='ocr_carea' id='block_1_23' title="bbox 2185 858 3816 942">
    <p class='ocr_par' dir='ltr' id='par_1_23' title="bbox 2185 858 3816 942">
     <span class='ocr_line' id='line_1_23' title="bbox 2185 858 3816 942; baseline 0.001 -22"><span class='ocrx_word' id='word_1_140' title='bbox 2185 858 2466 932; x_wconf 88' lang='lat' dir='ltr'><strong>nent,sed</strong></span> <span class='ocrx_word' id='word_1_141' title='bbox 2493 858 2678 920; x_wconf 90' lang='lat' dir='ltr'><strong>multo</strong></span> <span class='ocrx_word' id='word_1_142' title='bbox 2697 860 2874 920; x_wconf 88' lang='lat' dir='ltr'><strong>etiam</strong></span> <span class='ocrx_word' id='word_1_143' title='bbox 2902 860 3090 939; x_wconf 80' lang='lat' dir='ltr'><strong>magis</strong></span> <span class='ocrx_word' id='word_1_144' title='bbox 3107 860 3324 939; x_wconf 61' lang='lat' dir='ltr'><strong>lingua</strong></span> <span class='ocrx_word' id='word_1_145' title='bbox 3345 870 3616 942; x_wconf 88' lang='lat' dir='ltr'><strong>potentes</strong></span> <span class='ocrx_word' id='word_1_146' title='bbox 3629 870 3816 925; x_wconf 76' lang='lat' dir='ltr'><strong>erant.</strong></span> 
     </span>
    </p>
   </div>
   <div class='ocr_carea' id='block_1_24' title="bbox 2181 946 3820 1030">
    <p class='ocr_par' dir='ltr' id='par_1_24' title="bbox 2181 946 3820 1030">
     <span class='ocr_line' id='line_1_24' title="bbox 2181 946 3820 1030; baseline 0.003 -22"><span class='ocrx_word' id='word_1_147' title='bbox 2181 946 2252 1009; x_wconf 88' lang='lat' dir='ltr'><strong>Et</strong></span> <span class='ocrx_word' id='word_1_148' title='bbox 2279 966 2425 1011; x_wconf 85' lang='lat' dir='ltr'><strong>sane</strong></span> <span class='ocrx_word' id='word_1_149' title='bbox 2449 967 2566 1010; x_wconf 94' lang='lat' dir='ltr'><strong>non</strong></span> <span class='ocrx_word' id='word_1_150' title='bbox 2600 947 2748 1010; x_wconf 85' lang='lat' dir='ltr'><strong>levis</strong></span> <span class='ocrx_word' id='word_1_151' title='bbox 2781 966 2982 1030; x_wconf 89' lang='lat' dir='ltr'><strong>neque</strong></span> <span class='ocrx_word' id='word_1_152' title='bbox 3039 949 3360 1012; x_wconf 89' lang='lat' dir='ltr'><strong>mediocris</strong></span> <span class='ocrx_word' id='word_1_153' title='bbox 3410 949 3644 1013; x_wconf 84' lang='lat' dir='ltr'><strong>virtutis</strong></span> <span class='ocrx_word' id='word_1_154' title='bbox 3674 959 3820 1028; x_wconf 85' lang='lat' dir='ltr'><strong>erat,</strong></span> 
     </span>
    </p>
   </div>
   <div class='ocr_carea' id='block_1_25' title="bbox 2184 1037 3825 1120">
    <p class='ocr_par' dir='ltr' id='par_1_25' title="bbox 2184 1037 3825 1120">
     <span class='ocr_line' id='line_1_25' title="bbox 2184 1037 3825 1120; baseline 0.002 -22"><span class='ocrx_word' id='word_1_155' title='bbox 2184 1048 2315 1118; x_wconf 89' lang='lat' dir='ltr'><strong>post</strong></span> <span class='ocrx_word' id='word_1_156' title='bbox 2330 1037 2923 1100; x_wconf 87' lang='lat' dir='ltr'><strong>vehementissimum</strong></span> <span class='ocrx_word' id='word_1_157' title='bbox 2947 1037 3456 1107; x_wconf 83' lang='lat' dir='ltr'><strong>desiderium.tam</strong></span> <span class='ocrx_word' id='word_1_158' title='bbox 3475 1049 3825 1120; x_wconf 80' lang='lat' dir='ltr'><strong>expetentes</strong></span> 
     </span>
    </p>
   </div>
   <div class='ocr_carea' id='block_1_26' title="bbox 2181 1127 3821 1212">
    <p class='ocr_par' dir='ltr' id='par_1_26' title="bbox 2181 1127 3821 1212">
     <span class='ocr_line' id='line_1_26' title="bbox 2181 1127 3821 1212; baseline 0.002 -23"><span class='ocrx_word' id='word_1_159' title='bbox 2181 1136 2420 1208; x_wconf 89' lang='lat' dir='ltr'><strong>tamque</strong></span> <span class='ocrx_word' id='word_1_160' title='bbox 2443 1127 2740 1210; x_wconf 85' lang='lat' dir='ltr'><strong>expetitos</strong></span> <span class='ocrx_word' id='word_1_161' title='bbox 2760 1127 2821 1188; x_wconf 86' lang='lat' dir='ltr'><strong>in</strong></span> <span class='ocrx_word' id='word_1_162' title='bbox 2851 1135 3161 1208; x_wconf 90' lang='lat' dir='ltr'><strong>parentum</strong></span> <span class='ocrx_word' id='word_1_163' title='bbox 3187 1140 3574 1212; x_wconf 86' lang='lat' dir='ltr'><strong>conspectum</strong></span> <span class='ocrx_word' id='word_1_164' title='bbox 3597 1132 3821 1207; x_wconf 79' lang='lat' dir='ltr'><strong>venire,</strong></span> 
     </span>
    </p>
   </div>
   <div class='ocr_carea' id='block_1_27' title="bbox 2179 1217 3826 1294">
    <p class='ocr_par' dir='ltr' id='par_1_27' title="bbox 2179 1217 3826 1294">
     <span class='ocr_line' id='line_1_27' title="bbox 2179 1217 3826 1294; baseline 0.004 -17"><span class='ocrx_word' id='word_1_165' title='bbox 2179 1235 2248 1279; x_wconf 87' lang='lat' dir='ltr'><strong>ac</strong></span> <span class='ocrx_word' id='word_1_166' title='bbox 2279 1217 2584 1279; x_wconf 88' lang='lat' dir='ltr'><strong>silentium</strong></span> <span class='ocrx_word' id='word_1_167' title='bbox 2616 1227 2945 1291; x_wconf 83' lang='lat' dir='ltr'><strong>servare,et</strong></span> <span class='ocrx_word' id='word_1_168' title='bbox 2977 1236 3094 1279; x_wconf 93' lang='lat' dir='ltr'><strong>non</strong></span> <span class='ocrx_word' id='word_1_169' title='bbox 3144 1227 3367 1282; x_wconf 88' lang='lat' dir='ltr'><strong>tantum</strong></span> <span class='ocrx_word' id='word_1_170' title='bbox 3401 1239 3436 1283; x_wconf 91' lang='lat' dir='ltr'><strong>a</strong></span> <span class='ocrx_word' id='word_1_171' title='bbox 3463 1220 3687 1294; x_wconf 82' lang='lat' dir='ltr'><strong>verbis,</strong></span> <span class='ocrx_word' id='word_1_172' title='bbox 3720 1237 3826 1284; x_wconf 82' lang='lat' dir='ltr'><strong>ve-</strong></span> 
     </span>
    </p>
   </div>
   <div class='ocr_carea' id='block_1_28' title="bbox 2180 1304 3828 1386">
    <p class='ocr_par' dir='ltr' id='par_1_28' title="bbox 2180 1304 3828 1386">
     <span class='ocr_line' id='line_1_28' title="bbox 2180 1304 3828 1386; baseline 0.003 -19"><span class='ocrx_word' id='word_1_173' title='bbox 2180 1324 2310 1368; x_wconf 92' lang='lat' dir='ltr'><strong>rum</strong></span> <span class='ocrx_word' id='word_1_174' title='bbox 2347 1306 2527 1368; x_wconf 89' lang='lat' dir='ltr'><strong>etiam</strong></span> <span class='ocrx_word' id='word_1_175' title='bbox 2580 1325 2615 1368; x_wconf 88' lang='lat' dir='ltr'><strong>a</strong></span> <span class='ocrx_word' id='word_1_176' title='bbox 2674 1304 2947 1386; x_wconf 79' lang='lat' dir='ltr'><strong>Iacrymis</strong></span> <span class='ocrx_word' id='word_1_177' title='bbox 2993 1308 3053 1368; x_wconf 93' lang='lat' dir='ltr'><strong>in</strong></span> <span class='ocrx_word' id='word_1_178' title='bbox 3115 1315 3229 1370; x_wconf 88' lang='lat' dir='ltr'><strong>tam</strong></span> <span class='ocrx_word' id='word_1_179' title='bbox 3265 1309 3580 1372; x_wconf 65' lang='lat' dir='ltr'><strong>immensa;</strong></span> <span class='ocrx_word' id='word_1_180' title='bbox 3609 1309 3828 1372; x_wconf 68' lang='lat' dir='ltr'><strong>laetitia:</strong></span> 
     </span>
    </p>
   </div>
   <div class='ocr_carea' id='block_1_29' title="bbox 2179 1395 3825 1480">
    <p class='ocr_par' dir='ltr' id='par_1_29' title="bbox 2179 1395 3825 1480">
     <span class='ocr_line' id='line_1_29' title="bbox 2179 1395 3825 1480; baseline 0.002 -23"><span class='ocrx_word' id='word_1_181' title='bbox 2179 1395 2550 1458; x_wconf 85' lang='lat' dir='ltr'><strong>abundantia</strong></span> <span class='ocrx_word' id='word_1_182' title='bbox 2577 1407 2940 1477; x_wconf 86' lang='lat' dir='ltr'><strong>temperare.</strong></span> <span class='ocrx_word' id='word_1_183' title='bbox 2975 1395 3146 1470; x_wconf 87' lang='lat' dir='ltr'><strong>Quod</strong></span> <span class='ocrx_word' id='word_1_184' title='bbox 3176 1398 3479 1462; x_wconf 64' lang='lat' dir='ltr'><strong>violentia:</strong></span> <span class='ocrx_word' id='word_1_185' title='bbox 3506 1417 3695 1480; x_wconf 79' lang='lat' dir='ltr'><strong>genus</strong></span> <span class='ocrx_word' id='word_1_186' title='bbox 3715 1417 3825 1462; x_wconf 81' lang='lat' dir='ltr'><strong>na-</strong></span> 
     </span>
    </p>
   </div>
   <div class='ocr_carea' id='block_1_30' title="bbox 2181 1486 3488 1567">
    <p class='ocr_par' dir='ltr' id='par_1_30' title="bbox 2181 1486 3488 1567">
     <span class='ocr_line' id='line_1_30' title="bbox 2181 1486 3488 1567; baseline 0.005 -21"><span class='ocrx_word' id='word_1_187' title='bbox 2181 1495 2309 1547; x_wconf 83' lang='lat' dir='ltr'><strong>tura</strong></span> <span class='ocrx_word' id='word_1_188' title='bbox 2337 1486 2538 1547; x_wconf 84' lang='lat' dir='ltr'><strong>omnia</strong></span> <span class='ocrx_word' id='word_1_189' title='bbox 2567 1493 2885 1566; x_wconf 87' lang='lat' dir='ltr'><strong>superante</strong></span> <span class='ocrx_word' id='word_1_190' title='bbox 2911 1488 3208 1567; x_wconf 78' lang='lat' dir='ltr'><strong>potentius</strong></span> <span class='ocrx_word' id='word_1_191' title='bbox 3244 1489 3488 1553; x_wconf 84' lang='lat' dir='ltr'><strong>exstitit.</strong></span> 
     </span>
    </p>
   </div>
   <div class='ocr_carea' id='block_1_31' title="bbox 2258 1574 3818 1660">
    <p class='ocr_par' dir='ltr' id='par_1_31' title="bbox 2258 1574 3818 1660">
     <span class='ocr_line' id='line_1_31' title="bbox 2258 1574 3818 1660; baseline 0.003 -24"><span class='ocrx_word' id='word_1_192' title='bbox 2258 1574 2640 1639; x_wconf 87' lang='lat' dir='ltr'><strong>XXVll.Cum</strong></span> <span class='ocrx_word' id='word_1_193' title='bbox 2676 1578 2876 1656; x_wconf 84' lang='lat' dir='ltr'><strong>itaque</strong></span> <span class='ocrx_word' id='word_1_194' title='bbox 2903 1577 3241 1640; x_wconf 89' lang='lat' dir='ltr'><strong>admirandi</strong></span> <span class='ocrx_word' id='word_1_195' title='bbox 3267 1579 3524 1658; x_wconf 85' lang='lat' dir='ltr'><strong>juvenes</strong></span> <span class='ocrx_word' id='word_1_196' title='bbox 3549 1579 3818 1660; x_wconf 86' lang='lat' dir='ltr'><strong>parenti-</strong></span> 
     </span>
    </p>
   </div>
   <div class='ocr_carea' id='block_1_32' title="bbox 2182 1666 3819 1746">
    <p class='ocr_par' dir='ltr' id='par_1_32' title="bbox 2182 1666 3819 1746">
     <span class='ocr_line' id='line_1_32' title="bbox 2182 1666 3819 1746; baseline 0.002 -19"><span class='ocrx_word' id='word_1_197' title='bbox 2182 1666 2290 1728; x_wconf 87' lang='lat' dir='ltr'><strong>bus</strong></span> <span class='ocrx_word' id='word_1_198' title='bbox 2306 1667 2426 1746; x_wconf 86' lang='lat' dir='ltr'><strong>jam</strong></span> <span class='ocrx_word' id='word_1_199' title='bbox 2454 1667 2704 1746; x_wconf 75' lang='lat' dir='ltr'><strong>cognitis</strong></span> <span class='ocrx_word' id='word_1_200' title='bbox 2735 1667 2930 1728; x_wconf 83' lang='lat' dir='ltr'><strong>adhuc</strong></span> <span class='ocrx_word' id='word_1_201' title='bbox 2951 1675 3157 1729; x_wconf 89' lang='lat' dir='ltr'><strong>essent</strong></span> <span class='ocrx_word' id='word_1_202' title='bbox 3187 1667 3819 1746; x_wconf 75' lang='lat' dir='ltr'><strong>incogniti,Abite,in-</strong></span> 
     </span>
    </p>
   </div>
   <div class='ocr_carea' id='block_1_33' title="bbox 2180 1755 3824 1839">
    <p class='ocr_par' dir='ltr' id='par_1_33' title="bbox 2180 1755 3824 1839">
     <span class='ocr_line' id='line_1_33' title="bbox 2180 1755 3824 1839; baseline 0.002 -22"><span class='ocrx_word' id='word_1_203' title='bbox 2180 1755 2306 1836; x_wconf 87' lang='lat' dir='ltr'><strong>quit</strong></span> <span class='ocrx_word' id='word_1_204' title='bbox 2329 1774 2512 1818; x_wconf 77' lang='lat' dir='ltr'><strong>senex</strong></span> <span class='ocrx_word' id='word_1_205' title='bbox 2547 1757 2678 1818; x_wconf 63' lang='lat' dir='ltr'><strong>laeto</strong></span> <span class='ocrx_word' id='word_1_206' title='bbox 2699 1756 2901 1818; x_wconf 90' lang='lat' dir='ltr'><strong>animo</strong></span> <span class='ocrx_word' id='word_1_207' title='bbox 2943 1756 3285 1839; x_wconf 76' lang='lat' dir='ltr'><strong>linguaque.</strong></span> <span class='ocrx_word' id='word_1_208' title='bbox 3317 1767 3376 1820; x_wconf 93' lang='lat' dir='ltr'><strong>et</strong></span> <span class='ocrx_word' id='word_1_209' title='bbox 3404 1758 3618 1820; x_wconf 85' lang='lat' dir='ltr'><strong>bonam</strong></span> <span class='ocrx_word' id='word_1_210' title='bbox 3650 1758 3824 1822; x_wconf 81' lang='lat' dir='ltr'><strong>nobis</strong></span> 
     </span>
    </p>
   </div>
   <div class='ocr_carea' id='block_1_34' title="bbox 455 1843 2091 1928">
    <p class='ocr_par' dir='ltr' id='par_1_34' title="bbox 455 1843 2091 1928">
     <span class='ocr_line' id='line_1_34' title="bbox 455 1843 2091 1928; baseline -0.006 -23"><span class='ocrx_word' id='word_1_211' title='bbox 455 1847 856 1928; x_wconf 79' lang='grc' dir='ltr'>κεχαρισμένης</span> <span class='ocrx_word' id='word_1_212' title='bbox 890 1847 976 1902; x_wconf 86' lang='grc' dir='ltr'><strong>καὶ</strong></span> <span class='ocrx_word' id='word_1_213' title='bbox 1021 1844 1268 1921; x_wconf 84' lang='grc' dir='ltr'>γλώττης</span> <span class='ocrx_word' id='word_1_214' title='bbox 1326 1846 1410 1902; x_wconf 67' lang='grc' dir='ltr'><strong>καὶ</strong></span> <span class='ocrx_word' id='word_1_215' title='bbox 1463 1849 1672 1924; x_wconf 73' lang='grc' dir='ltr'>ψυχῆς,</span> <span class='ocrx_word' id='word_1_216' title='bbox 1731 1843 1903 1911; x_wconf 74' lang='grc' dir='ltr'>καλὴν</span> <span class='ocrx_word' id='word_1_217' title='bbox 1959 1845 2091 1917; x_wconf 74' lang='grc' dir='ltr'>ἡμῖν</span> 
     </span>
    </p>
   </div>
   <div class='ocr_carea' id='block_1_35' title="bbox 2180 1843 3825 1928">
    <p class='ocr_par' dir='ltr' id='par_1_35' title="bbox 2184 1846 3825 1927">
     <span class='ocr_line' id='line_1_35' title="bbox 2184 1846 3825 1927; baseline 0.002 -23"><span class='ocrx_word' id='word_1_218' title='bbox 2184 1862 2448 1906; x_wconf 89' lang='lat' dir='ltr'><strong>mensam</strong></span> <span class='ocrx_word' id='word_1_219' title='bbox 2473 1857 2788 1924; x_wconf 86' lang='lat' dir='ltr'><strong>apparate:</strong></span> <span class='ocrx_word' id='word_1_220' title='bbox 2808 1863 2920 1923; x_wconf 81' lang='lat' dir='ltr'><strong>ego</strong></span> <span class='ocrx_word' id='word_1_221' title='bbox 2945 1863 3078 1907; x_wconf 89' lang='lat' dir='ltr'><strong>mox</strong></span> <span class='ocrx_word' id='word_1_222' title='bbox 3101 1864 3235 1908; x_wconf 90' lang='lat' dir='ltr'><strong>cum</strong></span> <span class='ocrx_word' id='word_1_223' title='bbox 3258 1846 3497 1908; x_wconf 88' lang='lat' dir='ltr'><strong>duobus</strong></span> <span class='ocrx_word' id='word_1_224' title='bbox 3515 1846 3825 1927; x_wconf 82' lang='lat' dir='ltr'><strong>discipulis</strong></span> 
     </span>
    </p>
   </div>
   <div class='ocr_carea' id='block_1_36' title="bbox 459 1931 2097 2013">
    <p class='ocr_par' dir='ltr' id='par_1_36' title="bbox 459 1931 2097 2013">
     <span class='ocr_line' id='line_1_36' title="bbox 459 1931 2097 2013; baseline -0.004 -20"><span class='ocrx_word' id='word_1_225' title='bbox 459 1938 832 2012; x_wconf 81' lang='grc' dir='ltr'>ἐτοιμάσοντες</span> <span class='ocrx_word' id='word_1_226' title='bbox 896 1935 1184 2013; x_wconf 83' lang='grc' dir='ltr'>τράπεζαν.</span> <span class='ocrx_word' id='word_1_227' title='bbox 1252 1931 1574 2010; x_wconf 75' lang='grc' dir='ltr'>Ἐλεύσομαι</span> <span class='ocrx_word' id='word_1_228' title='bbox 1630 1933 1686 1990; x_wconf 76' lang='grc' dir='ltr'>δὲ</span> <span class='ocrx_word' id='word_1_229' title='bbox 1743 1935 1901 1996; x_wconf 73' lang='grc' dir='ltr'>αὗτὸς</span> <span class='ocrx_word' id='word_1_230' title='bbox 1961 1933 2097 2007; x_wconf 86' lang='grc' dir='ltr'><strong>μετά</strong></span> 
     </span>
    </p>
   </div>
   <div class='ocr_carea' id='block_1_37' title="bbox 457 2021 2094 2102">
    <p class='ocr_par' dir='ltr' id='par_1_37' title="bbox 457 2021 2094 2102">
     <span class='ocr_line' id='line_1_37' title="bbox 457 2021 2094 2102; baseline -0.005 -17"><span class='ocrx_word' id='word_1_231' title='bbox 457 2034 564 2085; x_wconf 89' lang='grc' dir='ltr'><strong>τῶν</strong></span> <span class='ocrx_word' id='word_1_232' title='bbox 621 2025 710 2084; x_wconf 86' lang='grc' dir='ltr'><strong>δύο</strong></span> <span class='ocrx_word' id='word_1_233' title='bbox 742 2048 843 2101; x_wconf 90' lang='grc' dir='ltr'><strong>μου</strong></span> <span class='ocrx_word' id='word_1_234' title='bbox 901 2028 1153 2100; x_wconf 79' lang='grc' dir='ltr'>μαθητῶν</span> <span class='ocrx_word' id='word_1_235' title='bbox 1213 2021 1377 2080; x_wconf 87' lang='grc' dir='ltr'>τῶνδε</span> <span class='ocrx_word' id='word_1_236' title='bbox 1435 2021 2094 2102; x_wconf 69' lang='grc' dir='ltr'>συμπαρακλὴθησομενος</span> 
     </span>
    </p>
   </div>
   <div class='ocr_carea' id='block_1_38' title="bbox 453 2111 2094 2193">
    <p class='ocr_par' dir='ltr' id='par_1_38' title="bbox 453 2111 2094 2193">
     <span class='ocr_line' id='line_1_38' title="bbox 453 2111 2094 2193; baseline -0.005 -19"><span class='ocrx_word' id='word_1_237' title='bbox 453 2120 611 2193; x_wconf 80' lang='grc' dir='ltr'>ὑμῖν,</span> <span class='ocrx_word' id='word_1_238' title='bbox 656 2117 746 2174; x_wconf 85' lang='grc' dir='ltr'><strong>καὶ</strong></span> <span class='ocrx_word' id='word_1_239' title='bbox 782 2117 842 2172; x_wconf 83' lang='grc' dir='ltr'>τὸ</span> <span class='ocrx_word' id='word_1_240' title='bbox 885 2115 1072 2172; x_wconf 79' lang='grc' dir='ltr'>λοιπὸν</span> <span class='ocrx_word' id='word_1_241' title='bbox 1130 2113 1319 2179; x_wconf 75' lang='grc' dir='ltr'>ἀπάξω</span> <span class='ocrx_word' id='word_1_242' title='bbox 1350 2114 1492 2192; x_wconf 79' lang='grc' dir='ltr'>παρὰ</span> <span class='ocrx_word' id='word_1_243' title='bbox 1532 2117 1624 2170; x_wconf 83' lang='grc' dir='ltr'>τὸν</span> <span class='ocrx_word' id='word_1_244' title='bbox 1653 2112 1818 2170; x_wconf 78' lang='grc' dir='ltr'>τόπον</span> <span class='ocrx_word' id='word_1_245' title='bbox 1847 2114 2004 2184; x_wconf 78' lang='grc' dir='ltr'>ὑμᾶς,</span> <span class='ocrx_word' id='word_1_246' title='bbox 2039 2111 2094 2167; x_wconf 77' lang='grc' dir='ltr'>ἐν</span> 
     </span>
    </p>
   </div>
   <div class='ocr_carea' id='block_1_39' title="bbox 463 2203 2092 2286">
    <p class='ocr_par' dir='ltr' id='par_1_39' title="bbox 463 2203 2092 2286">
     <span class='ocr_line' id='line_1_39' title="bbox 463 2203 2092 2286; baseline -0.005 -21"><span class='ocrx_word' id='word_1_247' title='bbox 463 2212 509 2282; x_wconf 83' lang='grc' dir='ltr'>ᾧ</span> <span class='ocrx_word' id='word_1_248' title='bbox 552 2209 674 2269; x_wconf 79' lang='grc' dir='ltr'>τοὺς</span> <span class='ocrx_word' id='word_1_249' title='bbox 735 2205 1017 2286; x_wconf 78' lang='grc' dir='ltr'>φιλτάτους</span> <span class='ocrx_word' id='word_1_250' title='bbox 1077 2206 1216 2267; x_wconf 76' lang='grc' dir='ltr'>υἱοὺς</span> <span class='ocrx_word' id='word_1_251' title='bbox 1277 2205 1494 2279; x_wconf 78' lang='grc' dir='ltr'>ὄψεσθε.</span> <span class='ocrx_word' id='word_1_252' title='bbox 1547 2203 1845 2271; x_wconf 85' lang='grc' dir='ltr'>’Ήσθησαν</span> <span class='ocrx_word' id='word_1_253' title='bbox 1893 2203 2092 2259; x_wconf 79' lang='grc' dir='ltr'>ἐκεῖνοι</span> 
     </span>
    </p>
   </div>
   <div class='ocr_carea' id='block_1_40' title="bbox 455 2291 2092 2369">
    <p class='ocr_par' dir='ltr' id='par_1_40' title="bbox 455 2291 2092 2369">
     <span class='ocr_line' id='line_1_40' title="bbox 455 2291 2092 2369; baseline -0.005 -15"><span class='ocrx_word' id='word_1_254' title='bbox 455 2304 610 2354; x_wconf 83' lang='grc' dir='ltr'>τοῦτο</span> <span class='ocrx_word' id='word_1_255' title='bbox 666 2295 1007 2369; x_wconf 73' lang='grc' dir='ltr'>ἀκούσαντες,</span> <span class='ocrx_word' id='word_1_256' title='bbox 1072 2296 1132 2350; x_wconf 72' lang='grc' dir='ltr'>οὔ</span> <span class='ocrx_word' id='word_1_257' title='bbox 1189 2291 1394 2368; x_wconf 83' lang='grc' dir='ltr'>μᾶλλον</span> <span class='ocrx_word' id='word_1_258' title='bbox 1457 2293 1544 2350; x_wconf 68' lang='grc' dir='ltr'><strong>ἰπὶ</strong></span> <span class='ocrx_word' id='word_1_259' title='bbox 1593 2298 1671 2366; x_wconf 80' lang='grc' dir='ltr'>τῷ</span> <span class='ocrx_word' id='word_1_260' title='bbox 1699 2291 2092 2369; x_wconf 70' lang='grc' dir='ltr'>ἐπαγγελθῆναι</span> 
     </span>
    </p>
   </div>
   <div class='ocr_carea' id='block_1_41' title="bbox 453 2381 2092 2459">
    <p class='ocr_par' dir='ltr' id='par_1_41' title="bbox 453 2381 2092 2459">
     <span class='ocr_line' id='line_1_41' title="bbox 453 2381 2092 2459; baseline -0.005 -16"><span class='ocrx_word' id='word_1_261' title='bbox 453 2388 576 2448; x_wconf 86' lang='grc' dir='ltr'>τοὺς</span> <span class='ocrx_word' id='word_1_262' title='bbox 645 2383 844 2447; x_wconf 85' lang='grc' dir='ltr'>παῖδας</span> <span class='ocrx_word' id='word_1_263' title='bbox 899 2382 1055 2456; x_wconf 79' lang='grc' dir='ltr'>ἰδεῖν,</span> <span class='ocrx_word' id='word_1_264' title='bbox 1135 2382 1260 2438; x_wconf 84' lang='grc' dir='ltr'>ὅσον</span> <span class='ocrx_word' id='word_1_265' title='bbox 1331 2384 1420 2439; x_wconf 68' lang='lat' dir='ltr'><strong>hri</strong></span> <span class='ocrx_word' id='word_1_266' title='bbox 1478 2387 1557 2455; x_wconf 83' lang='grc' dir='ltr'><strong>τῷ</strong></span> <span class='ocrx_word' id='word_1_267' title='bbox 1617 2381 1788 2448; x_wconf 81' lang='grc' dir='ltr'>ἀξίους</span> <span class='ocrx_word' id='word_1_268' title='bbox 1847 2385 2092 2459; x_wconf 79' lang='grc' dir='ltr'>κριθῆναι</span> 
     </span>
    </p>
   </div>
   <div class='ocr_carea' id='block_1_42' title="bbox 456 2470 2093 2554">
    <p class='ocr_par' dir='ltr' id='par_1_42' title="bbox 456 2470 2093 2554">
     <span class='ocr_line' id='line_1_42' title="bbox 456 2470 2093 2554; baseline -0.004 -22"><span class='ocrx_word' id='word_1_269' title='bbox 456 2475 642 2554; x_wconf 73' lang='grc' dir='ltr'>ἀνδρὸς</span> <span class='ocrx_word' id='word_1_270' title='bbox 704 2474 1013 2550; x_wconf 76' lang='grc' dir='ltr'>ἑστιάτορας</span> <span class='ocrx_word' id='word_1_271' title='bbox 1083 2473 1304 2550; x_wconf 75' lang='grc' dir='ltr'>ὀφθῆναι</span> <span class='ocrx_word' id='word_1_272' title='bbox 1371 2473 1636 2532; x_wconf 89' lang='grc' dir='ltr'>τοιούτου.</span> <span class='ocrx_word' id='word_1_273' title='bbox 1721 2470 1937 2549; x_wconf 76' lang='grc' dir='ltr'>Ἐώρων</span> <span class='ocrx_word' id='word_1_274' title='bbox 1993 2472 2093 2548; x_wconf 79' lang='grc' dir='ltr'>γὰρ</span> 
     </span>
    </p>
   </div>
   <div class='ocr_carea' id='block_1_43' title="bbox 454 2560 2087 2641">
    <p class='ocr_par' dir='ltr' id='par_1_43' title="bbox 454 2560 2087 2641">
     <span class='ocr_line' id='line_1_43' title="bbox 454 2560 2087 2641; baseline -0.007 -16"><span class='ocrx_word' id='word_1_275' title='bbox 454 2565 549 2625; x_wconf 74' lang='grc' dir='ltr'><strong>οὐκ</strong></span> <span class='ocrx_word' id='word_1_276' title='bbox 611 2567 682 2628; x_wconf 81' lang='grc' dir='ltr'><strong>εἰς</strong></span> <span class='ocrx_word' id='word_1_277' title='bbox 727 2564 788 2620; x_wconf 79' lang='grc' dir='ltr'>τὸ</span> <span class='ocrx_word' id='word_1_278' title='bbox 839 2562 990 2641; x_wconf 87' lang='grc' dir='ltr'>γένος</span> <span class='ocrx_word' id='word_1_279' title='bbox 1041 2563 1128 2618; x_wconf 80' lang='grc' dir='ltr'><strong>καὶ</strong></span> <span class='ocrx_word' id='word_1_280' title='bbox 1170 2563 1270 2628; x_wconf 73' lang='grc' dir='ltr'>τὴν</span> <span class='ocrx_word' id='word_1_281' title='bbox 1327 2560 1670 2639; x_wconf 86' lang='grc' dir='ltr'>περιφάνειαν</span> <span class='ocrx_word' id='word_1_282' title='bbox 1725 2560 1827 2626; x_wconf 79' lang='grc' dir='ltr'><strong>την</strong></span> <span class='ocrx_word' id='word_1_283' title='bbox 1869 2561 2087 2631; x_wconf 76' lang='grc' dir='ltr'>οἰκείαν,</span> 
     </span>
    </p>
   </div>
   <div class='ocr_carea' id='block_1_44' title="bbox 452 2647 2094 2729">
    <p class='ocr_par' dir='ltr' id='par_1_44' title="bbox 452 2647 2094 2729">
     <span class='ocr_line' id='line_1_44' title="bbox 452 2647 2094 2729; baseline -0.004 -18"><span class='ocrx_word' id='word_1_284' title='bbox 452 2654 572 2711; x_wconf 85' lang='grc' dir='ltr'>ἀλλ’</span> <span class='ocrx_word' id='word_1_285' title='bbox 631 2655 704 2717; x_wconf 80' lang='grc' dir='ltr'>εἷς</span> <span class='ocrx_word' id='word_1_286' title='bbox 763 2654 862 2720; x_wconf 81' lang='grc' dir='ltr'><strong>την</strong></span> <span class='ocrx_word' id='word_1_287' title='bbox 921 2651 1122 2709; x_wconf 81' lang='grc' dir='ltr'>ἐκείνου</span> <span class='ocrx_word' id='word_1_288' title='bbox 1182 2651 1312 2729; x_wconf 83' lang='grc' dir='ltr'>πρὸς</span> <span class='ocrx_word' id='word_1_289' title='bbox 1375 2653 1506 2707; x_wconf 81' lang='grc' dir='ltr'>Θεὸν</span> <span class='ocrx_word' id='word_1_290' title='bbox 1561 2651 1850 2720; x_wconf 79' lang='grc' dir='ltr'>οὶκείωσιν,</span> <span class='ocrx_word' id='word_1_291' title='bbox 1905 2647 2094 2722; x_wconf 81' lang='grc' dir='ltr'>πολλῷ</span> 
     </span>
    </p>
   </div>
   <div class='ocr_carea' id='block_1_45' title="bbox 451 2740 2090 2820">
    <p class='ocr_par' dir='ltr' id='par_1_45' title="bbox 451 2740 2090 2820">
     <span class='ocr_line' id='line_1_45' title="bbox 451 2740 2090 2820; baseline -0.004 -18"><span class='ocrx_word' id='word_1_292' title='bbox 451 2745 784 2820; x_wconf 72' lang='grc' dir='ltr'>τιμιωτέραν</span> <span class='ocrx_word' id='word_1_293' title='bbox 840 2742 1070 2800; x_wconf 80' lang='grc' dir='ltr'>πλούτω</span> <span class='ocrx_word' id='word_1_294' title='bbox 1127 2745 1214 2798; x_wconf 81' lang='grc' dir='ltr'>καὶ</span> <span class='ocrx_word' id='word_1_295' title='bbox 1271 2743 1535 2818; x_wconf 68' lang='grc' dir='ltr'>εὐγενείας</span> <span class='ocrx_word' id='word_1_296' title='bbox 1595 2740 1787 2818; x_wconf 75' lang='grc' dir='ltr'>ἀρετὴν</span> <span class='ocrx_word' id='word_1_297' title='bbox 1819 2740 1963 2796; x_wconf 82' lang='grc' dir='ltr'>εῖναι</span> <span class='ocrx_word' id='word_1_298' title='bbox 1996 2760 2090 2795; x_wconf 88' lang='grc' dir='ltr'>νο-</span> 
     </span>
    </p>
   </div>
   <div class='ocr_carea' id='block_1_46' title="bbox 450 2828 2092 2911">
    <p class='ocr_par' dir='ltr' id='par_1_46' title="bbox 450 2828 2092 2911">
     <span class='ocr_line' id='line_1_46' title="bbox 450 2828 2092 2911; baseline -0.005 -19"><span class='ocrx_word' id='word_1_299' title='bbox 450 2837 718 2911; x_wconf 80' lang='grc' dir='ltr'>μίζοντες.</span> <span class='ocrx_word' id='word_1_300' title='bbox 781 2833 1031 2892; x_wconf 84' lang='grc' dir='ltr'>Ἐκείνων</span> <span class='ocrx_word' id='word_1_301' title='bbox 1112 2841 1389 2909; x_wconf 81' lang='grc' dir='ltr'>τοιγαροῦν</span> <span class='ocrx_word' id='word_1_302' title='bbox 1445 2829 1772 2910; x_wconf 73' lang='grc' dir='ltr'>οἰχομένων,</span> <span class='ocrx_word' id='word_1_303' title='bbox 1837 2832 1864 2886; x_wconf 82' lang='lat'><strong>6</strong></span> <span class='ocrx_word' id='word_1_304' title='bbox 1922 2828 2092 2908; x_wconf 80' lang='grc' dir='ltr'>γέρων</span> 
     </span>
    </p>
   </div>
   <div class='ocr_carea' id='block_1_47' title="bbox 449 2919 2090 3000">
    <p class='ocr_par' dir='ltr' id='par_1_47' title="bbox 449 2919 2090 3000">
     <span class='ocr_line' id='line_1_47' title="bbox 449 2919 2090 3000; baseline -0.005 -18"><span class='ocrx_word' id='word_1_305' title='bbox 449 2928 562 2985; x_wconf 85' lang='grc' dir='ltr'>τοὶς</span> <span class='ocrx_word' id='word_1_306' title='bbox 616 2925 820 2992; x_wconf 82' lang='grc' dir='ltr'>παισὶν,</span> <span class='ocrx_word' id='word_1_307' title='bbox 882 2920 1177 2996; x_wconf 76' lang='grc' dir='ltr'>Ἀπίωμεν,</span> <span class='ocrx_word' id='word_1_308' title='bbox 1251 2919 1376 3000; x_wconf 77' lang='grc' dir='ltr'>ἔφη,</span> <span class='ocrx_word' id='word_1_309' title='bbox 1446 2921 1912 2993; x_wconf 77' lang='grc' dir='ltr'>συνεστιασόμενοι</span> <span class='ocrx_word' id='word_1_310' title='bbox 1972 2930 2090 2980; x_wconf 80' lang='grc' dir='ltr'>τοῖς</span> 
     </span>
    </p>
   </div>
   <div class='ocr_carea' id='block_1_48' title="bbox 453 3003 2087 3090">
    <p class='ocr_par' dir='ltr' id='par_1_48' title="bbox 453 3003 2087 3090">
     <span class='ocr_line' id='line_1_48' title="bbox 453 3003 2087 3090; baseline -0.006 -19"><span class='ocrx_word' id='word_1_311' title='bbox 453 3015 682 3090; x_wconf 81' lang='grc' dir='ltr'>πατράσι</span> <span class='ocrx_word' id='word_1_312' title='bbox 737 3012 860 3074; x_wconf 83' lang='grc' dir='ltr'>τοῖς</span> <span class='ocrx_word' id='word_1_313' title='bbox 916 3011 1218 3089; x_wconf 77' lang='grc' dir='ltr'>ὑμετέροις,</span> <span class='ocrx_word' id='word_1_314' title='bbox 1251 3009 1364 3067; x_wconf 74' lang='grc' dir='ltr'>ἐπεὶ</span> <span class='ocrx_word' id='word_1_315' title='bbox 1424 3007 1594 3084; x_wconf 81' lang='grc' dir='ltr'>μηδὲν</span> <span class='ocrx_word' id='word_1_316' title='bbox 1622 3009 1783 3083; x_wconf 78' lang='grc' dir='ltr'>ὑμεῖς</span> <span class='ocrx_word' id='word_1_317' title='bbox 1813 3003 2087 3084; x_wconf 78' lang='grc' dir='ltr'>βλαϐήσε-</span> 
     </span>
    </p>
   </div>
   <div class='ocr_carea' id='block_1_49' title="bbox 453 3095 2090 3181">
    <p class='ocr_par' dir='ltr' id='par_1_49' title="bbox 453 3095 2090 3181">
     <span class='ocr_line' id='line_1_49' title="bbox 453 3095 2090 3181; baseline -0.006 -21"><span class='ocrx_word' id='word_1_318' title='bbox 453 3107 542 3160; x_wconf 84' lang='grc' dir='ltr'><strong>σθε</strong></span> <span class='ocrx_word' id='word_1_319' title='bbox 574 3103 716 3181; x_wconf 80' lang='grc' dir='ltr'>παρὰ</span> <span class='ocrx_word' id='word_1_320' title='bbox 745 3111 924 3161; x_wconf 85' lang='grc' dir='ltr'>τοῦτο.</span> <span class='ocrx_word' id='word_1_321' title='bbox 988 3102 1138 3176; x_wconf 82' lang='grc' dir='ltr'>Φημὶ</span> <span class='ocrx_word' id='word_1_322' title='bbox 1195 3101 1318 3178; x_wconf 77' lang='grc' dir='ltr'>γὰρ,</span> <span class='ocrx_word' id='word_1_323' title='bbox 1379 3097 1536 3162; x_wconf 81' lang='grc' dir='ltr'>ὅσους</span> <span class='ocrx_word' id='word_1_324' title='bbox 1589 3097 1652 3154; x_wconf 75' lang='grc' dir='ltr'><strong>ἂν</strong></span> <span class='ocrx_word' id='word_1_325' title='bbox 1682 3099 1771 3153; x_wconf 88' lang='grc' dir='ltr'><strong>καὶ</strong></span> <span class='ocrx_word' id='word_1_326' title='bbox 1799 3095 1867 3151; x_wconf 89' lang='grc' dir='ltr'><strong>δι’</strong></span> <span class='ocrx_word' id='word_1_327' title='bbox 1899 3097 2090 3172; x_wconf 77' lang='grc' dir='ltr'>ἀρετὴν</span> 
     </span>
    </p>
   </div>
   <div class='ocr_carea' id='block_1_50' title="bbox 2179 1934 3819 2018">
    <p class='ocr_par' dir='ltr' id='par_1_50' title="bbox 2179 1934 3819 2018">
     <span class='ocr_line' id='line_1_50' title="bbox 2179 1934 3819 2018; baseline 0.002 -24"><span class='ocrx_word' id='word_1_328' title='bbox 2179 1935 2330 1996; x_wconf 89' lang='lat' dir='ltr'><strong>meis</strong></span> <span class='ocrx_word' id='word_1_329' title='bbox 2349 1952 2449 1995; x_wconf 83' lang='lat' dir='ltr'><strong>vos</strong></span> <span class='ocrx_word' id='word_1_330' title='bbox 2465 1934 2886 1996; x_wconf 87' lang='lat' dir='ltr'><strong>consolaturus</strong></span> <span class='ocrx_word' id='word_1_331' title='bbox 2901 1934 3505 2017; x_wconf 89' lang='lat' dir='ltr'><strong>subsequar,et,quod</strong></span> <span class='ocrx_word' id='word_1_332' title='bbox 3523 1937 3819 2018; x_wconf 85' lang='lat' dir='ltr'><strong>reliquum</strong></span> 
     </span>
    </p>
   </div>
   <div class='ocr_carea' id='block_1_51' title="bbox 2179 2024 3824 2106">
    <p class='ocr_par' dir='ltr' id='par_1_51' title="bbox 2179 2024 3824 2106">
     <span class='ocr_line' id='line_1_51' title="bbox 2179 2024 3824 2106; baseline 0.001 -22"><span class='ocrx_word' id='word_1_333' title='bbox 2179 2033 2291 2098; x_wconf 84' lang='lat' dir='ltr'><strong>est,</strong></span> <span class='ocrx_word' id='word_1_334' title='bbox 2353 2024 2426 2085; x_wconf 88' lang='lat' dir='ltr'><strong>ad</strong></span> <span class='ocrx_word' id='word_1_335' title='bbox 2485 2024 2682 2086; x_wconf 88' lang='lat' dir='ltr'><strong>locum</strong></span> <span class='ocrx_word' id='word_1_336' title='bbox 2744 2025 2844 2084; x_wconf 90' lang='lat' dir='ltr'><strong>ubi</strong></span> <span class='ocrx_word' id='word_1_337' title='bbox 2891 2024 3244 2086; x_wconf 76' lang='lat' dir='ltr'><strong>charissima</strong></span> <span class='ocrx_word' id='word_1_338' title='bbox 3298 2026 3548 2106; x_wconf 81' lang='lat' dir='ltr'><strong>pignora</strong></span> <span class='ocrx_word' id='word_1_339' title='bbox 3577 2026 3824 2088; x_wconf 77' lang='lat' dir='ltr'><strong>videatis</strong></span> 
     </span>
    </p>
   </div>
   <div class='ocr_carea' id='block_1_52' title="bbox 2178 2112 3824 2186">
    <p class='ocr_par' dir='ltr' id='par_1_52' title="bbox 2178 2112 3824 2186">
     <span class='ocr_line' id='line_1_52' title="bbox 2178 2112 3824 2186; baseline 0.002 -12"><span class='ocrx_word' id='word_1_340' title='bbox 2178 2113 2496 2174; x_wconf 88' lang='lat' dir='ltr'><strong>deducam.</strong></span> <span class='ocrx_word' id='word_1_341' title='bbox 2523 2112 2751 2186; x_wconf 87' lang='lat' dir='ltr'><strong>Quibus</strong></span> <span class='ocrx_word' id='word_1_342' title='bbox 2784 2112 2871 2175; x_wconf 90' lang='lat' dir='ltr'><strong>illi</strong></span> <span class='ocrx_word' id='word_1_343' title='bbox 2901 2115 3122 2178; x_wconf 87' lang='lat' dir='ltr'><strong>auditis</strong></span> <span class='ocrx_word' id='word_1_344' title='bbox 3153 2115 3358 2178; x_wconf 67' lang='lat' dir='ltr'><strong>laetitia</strong></span> <span class='ocrx_word' id='word_1_345' title='bbox 3385 2135 3504 2178; x_wconf 89' lang='lat' dir='ltr'><strong>non</strong></span> <span class='ocrx_word' id='word_1_346' title='bbox 3531 2117 3824 2178; x_wconf 79' lang='lat' dir='ltr'><strong>mediocri</strong></span> 
     </span>
    </p>
   </div>
   <div class='ocr_carea' id='block_1_53' title="bbox 2179 2203 3818 2286">
    <p class='ocr_par' dir='ltr' id='par_1_53' title="bbox 2179 2203 3818 2286">
     <span class='ocr_line' id='line_1_53' title="bbox 2179 2203 3818 2286; baseline 0.002 -22"><span class='ocrx_word' id='word_1_347' title='bbox 2179 2203 2405 2283; x_wconf 84' lang='lat' dir='ltr'><strong>perfusi</strong></span> <span class='ocrx_word' id='word_1_348' title='bbox 2435 2221 2725 2278; x_wconf 79' lang='lat' dir='ltr'><strong>sunt,non</strong></span> <span class='ocrx_word' id='word_1_349' title='bbox 2760 2213 2988 2266; x_wconf 92' lang='lat' dir='ltr'><strong>tantum</strong></span> <span class='ocrx_word' id='word_1_350' title='bbox 3022 2208 3179 2286; x_wconf 88' lang='lat' dir='ltr'><strong>quod</strong></span> <span class='ocrx_word' id='word_1_351' title='bbox 3207 2205 3466 2268; x_wconf 90' lang='lat' dir='ltr'><strong>ﬁliorum</strong></span> <span class='ocrx_word' id='word_1_352' title='bbox 3489 2207 3638 2286; x_wconf 90' lang='lat' dir='ltr'><strong>ipsis</strong></span> <span class='ocrx_word' id='word_1_353' title='bbox 3669 2225 3818 2269; x_wconf 62' lang='lat' dir='ltr'><strong>cono</strong></span> 
     </span>
    </p>
   </div>
   <div class='ocr_carea' id='block_1_54' title="bbox 2177 2294 3823 2375">
    <p class='ocr_par' dir='ltr' id='par_1_54' title="bbox 2177 2294 3823 2375">
     <span class='ocr_line' id='line_1_54' title="bbox 2177 2294 3823 2375; baseline 0.002 -21"><span class='ocrx_word' id='word_1_354' title='bbox 2177 2303 2446 2372; x_wconf 87' lang='lat' dir='ltr'><strong>spectum</strong></span> <span class='ocrx_word' id='word_1_355' title='bbox 2479 2294 3002 2374; x_wconf 89' lang='lat' dir='ltr'><strong>polliceretur,sed</strong></span> <span class='ocrx_word' id='word_1_356' title='bbox 3031 2294 3185 2375; x_wconf 90' lang='lat' dir='ltr'><strong>quod</strong></span> <span class='ocrx_word' id='word_1_357' title='bbox 3213 2295 3358 2356; x_wconf 92' lang='lat' dir='ltr'><strong>tanti</strong></span> <span class='ocrx_word' id='word_1_358' title='bbox 3378 2294 3492 2356; x_wconf 82' lang='lat' dir='ltr'><strong>viri</strong></span> <span class='ocrx_word' id='word_1_359' title='bbox 3513 2315 3634 2358; x_wconf 88' lang='lat' dir='ltr'><strong>non</strong></span> <span class='ocrx_word' id='word_1_360' title='bbox 3656 2295 3823 2359; x_wconf 81' lang='lat' dir='ltr'><strong>indi-</strong></span> 
     </span>
    </p>
   </div>
   <div class='ocr_carea' id='block_1_55' title="bbox 2175 2383 3824 2464">
    <p class='ocr_par' dir='ltr' id='par_1_55' title="bbox 2175 2383 3824 2464">
     <span class='ocr_line' id='line_1_55' title="bbox 2175 2383 3824 2464; baseline 0.005 -23"><span class='ocrx_word' id='word_1_361' title='bbox 2175 2390 2272 2459; x_wconf 79' lang='lat' dir='ltr'><strong>gni</strong></span> <span class='ocrx_word' id='word_1_362' title='bbox 2291 2384 2552 2446; x_wconf 63' lang='lat' dir='ltr'><strong>conviva;</strong></span> <span class='ocrx_word' id='word_1_363' title='bbox 2567 2383 3220 2464; x_wconf 86' lang='lat' dir='ltr'><strong>judicarentur.Neque</strong></span> <span class='ocrx_word' id='word_1_364' title='bbox 3239 2385 3397 2446; x_wconf 88' lang='lat' dir='ltr'><strong>enim</strong></span> <span class='ocrx_word' id='word_1_365' title='bbox 3417 2403 3589 2446; x_wconf 88' lang='lat' dir='ltr'><strong>suum</strong></span> <span class='ocrx_word' id='word_1_366' title='bbox 3610 2395 3707 2447; x_wconf 89' lang='lat' dir='ltr'><strong>aut</strong></span> <span class='ocrx_word' id='word_1_367' title='bbox 3725 2404 3824 2463; x_wconf 56' lang='grc' dir='ltr'><strong>εει</strong></span> 
     </span>
    </p>
   </div>
   <div class='ocr_carea' id='block_1_56' title="bbox 2177 2473 3823 2556">
    <p class='ocr_par' dir='ltr' id='par_1_56' title="bbox 2177 2473 3823 2556">
     <span class='ocr_line' id='line_1_56' title="bbox 2177 2473 3823 2556; baseline 0.002 -22"><span class='ocrx_word' id='word_1_368' title='bbox 2177 2491 2290 2534; x_wconf 90' lang='lat' dir='ltr'><strong>nus</strong></span> <span class='ocrx_word' id='word_1_369' title='bbox 2311 2483 2411 2534; x_wconf 92' lang='lat' dir='ltr'><strong>aut</strong></span> <span class='ocrx_word' id='word_1_370' title='bbox 2440 2473 2824 2554; x_wconf 88' lang='lat' dir='ltr'><strong>splendorem</strong></span> <span class='ocrx_word' id='word_1_371' title='bbox 2858 2473 3302 2554; x_wconf 88' lang='lat' dir='ltr'><strong>respiciebant:</strong></span> <span class='ocrx_word' id='word_1_372' title='bbox 3338 2475 3442 2536; x_wconf 87' lang='lat' dir='ltr'><strong>sed</strong></span> <span class='ocrx_word' id='word_1_373' title='bbox 3472 2476 3659 2556; x_wconf 86' lang='lat' dir='ltr'><strong>ipsius</strong></span> <span class='ocrx_word' id='word_1_374' title='bbox 3685 2495 3823 2538; x_wconf 88' lang='lat' dir='ltr'><strong>cum</strong></span> 
     </span>
    </p>
   </div>
   <div class='ocr_carea' id='block_1_57' title="bbox 2176 2560 3828 2644">
    <p class='ocr_par' dir='ltr' id='par_1_57' title="bbox 2176 2560 3828 2644">
     <span class='ocr_line' id='line_1_57' title="bbox 2176 2560 3828 2644; baseline 0.004 -21"><span class='ocrx_word' id='word_1_375' title='bbox 2176 2560 2298 2623; x_wconf 91' lang='lat' dir='ltr'><strong>Deo</strong></span> <span class='ocrx_word' id='word_1_376' title='bbox 2322 2563 3116 2641; x_wconf 87' lang='lat' dir='ltr'><strong>conjunctionem,virtutem</strong></span> <span class='ocrx_word' id='word_1_377' title='bbox 3145 2564 3352 2644; x_wconf 84' lang='lat' dir='ltr'><strong>utique</strong></span> <span class='ocrx_word' id='word_1_378' title='bbox 3377 2565 3602 2627; x_wconf 79' lang='lat' dir='ltr'><strong>divitiis</strong></span> <span class='ocrx_word' id='word_1_379' title='bbox 3631 2583 3702 2628; x_wconf 88' lang='lat' dir='ltr'><strong>ac</strong></span> <span class='ocrx_word' id='word_1_380' title='bbox 3720 2584 3828 2628; x_wconf 82' lang='lat' dir='ltr'><strong>no-</strong></span> 
     </span>
    </p>
   </div>
   <div class='ocr_carea' id='block_1_58' title="bbox 2178 2650 3822 2735">
    <p class='ocr_par' dir='ltr' id='par_1_58' title="bbox 2178 2650 3822 2735">
     <span class='ocr_line' id='line_1_58' title="bbox 2178 2650 3822 2735; baseline 0.003 -24"><span class='ocrx_word' id='word_1_381' title='bbox 2178 2650 2597 2732; x_wconf 75' lang='lat' dir='ltr'><strong>bilitatelonge</strong></span> <span class='ocrx_word' id='word_1_382' title='bbox 2621 2653 2913 2734; x_wconf 89' lang='lat' dir='ltr'><strong>potiorem</strong></span> <span class='ocrx_word' id='word_1_383' title='bbox 2939 2651 3422 2735; x_wconf 89' lang='lat' dir='ltr'><strong>ducebant.lpsis</strong></span> <span class='ocrx_word' id='word_1_384' title='bbox 3443 2653 3618 2732; x_wconf 79' lang='lat' dir='ltr'><strong>igitur</strong></span> <span class='ocrx_word' id='word_1_385' title='bbox 3633 2657 3822 2718; x_wconf 82' lang='lat' dir='ltr'><strong>Deum</strong></span> 
     </span>
    </p>
   </div>
   <div class='ocr_carea' id='block_1_59' title="bbox 2177 2741 3825 2824">
    <p class='ocr_par' dir='ltr' id='par_1_59' title="bbox 2177 2741 3825 2824">
     <span class='ocr_line' id='line_1_59' title="bbox 2177 2741 3825 2824; baseline 0.002 -22"><span class='ocrx_word' id='word_1_386' title='bbox 2177 2741 2585 2822; x_wconf 88' lang='lat' dir='ltr'><strong>precantibus,</strong></span> <span class='ocrx_word' id='word_1_387' title='bbox 2622 2741 2829 2803; x_wconf 88' lang='lat' dir='ltr'><strong>senior</strong></span> <span class='ocrx_word' id='word_1_388' title='bbox 2860 2741 3001 2803; x_wconf 88' lang='lat' dir='ltr'><strong>ﬁliis</strong></span> <span class='ocrx_word' id='word_1_389' title='bbox 3033 2741 3684 2824; x_wconf 74' lang='lat' dir='ltr'><strong>:Eamus,inquit,cum</strong></span> <span class='ocrx_word' id='word_1_390' title='bbox 3715 2761 3825 2824; x_wconf 82' lang='lat' dir='ltr'><strong>pa-</strong></span> 
     </span>
    </p>
   </div>
   <div class='ocr_carea' id='block_1_60' title="bbox 2174 2831 3824 2910">
    <p class='ocr_par' dir='ltr' id='par_1_60' title="bbox 2174 2831 3824 2910">
     <span class='ocr_line' id='line_1_60' title="bbox 2174 2831 3824 2910; baseline 0.004 -20"><span class='ocrx_word' id='word_1_391' title='bbox 2174 2831 2446 2892; x_wconf 85' lang='lat' dir='ltr'><strong>rentibus</strong></span> <span class='ocrx_word' id='word_1_392' title='bbox 2476 2832 2690 2893; x_wconf 88' lang='lat' dir='ltr'><strong>vestris</strong></span> <span class='ocrx_word' id='word_1_393' title='bbox 2752 2832 3050 2910; x_wconf 87' lang='lat' dir='ltr'><strong>pransuri,</strong></span> <span class='ocrx_word' id='word_1_394' title='bbox 3101 2849 3238 2894; x_wconf 88' lang='lat' dir='ltr'><strong>cum</strong></span> <span class='ocrx_word' id='word_1_395' title='bbox 3299 2833 3447 2894; x_wconf 76' lang='lat' dir='ltr'><strong>nihil</strong></span> <span class='ocrx_word' id='word_1_396' title='bbox 3482 2832 3624 2895; x_wconf 87' lang='lat' dir='ltr'><strong>inde</strong></span> <span class='ocrx_word' id='word_1_397' title='bbox 3655 2833 3824 2896; x_wconf 86' lang='lat' dir='ltr'><strong>vobis</strong></span> 
     </span>
    </p>
   </div>
   <div class='ocr_carea' id='block_1_61' title="bbox 2176 2921 3825 3004">
    <p class='ocr_par' dir='ltr' id='par_1_61' title="bbox 2176 2921 3825 3004">
     <span class='ocr_line' id='line_1_61' title="bbox 2176 2921 3825 3004; baseline 0.002 -23"><span class='ocrx_word' id='word_1_398' title='bbox 2176 2939 2346 2982; x_wconf 63' lang='lat' dir='ltr'><strong>noxae</strong></span> <span class='ocrx_word' id='word_1_399' title='bbox 2371 2923 2630 2983; x_wconf 83' lang='lat' dir='ltr'><strong>futurum</strong></span> <span class='ocrx_word' id='word_1_400' title='bbox 2676 2921 2772 2983; x_wconf 88' lang='lat' dir='ltr'><strong>sit.</strong></span> <span class='ocrx_word' id='word_1_401' title='bbox 2812 2923 2909 2985; x_wconf 90' lang='lat' dir='ltr'><strong>Sic</strong></span> <span class='ocrx_word' id='word_1_402' title='bbox 2939 2923 3098 2984; x_wconf 91' lang='lat' dir='ltr'><strong>enim</strong></span> <span class='ocrx_word' id='word_1_403' title='bbox 3147 2923 3366 2998; x_wconf 90' lang='lat' dir='ltr'><strong>sentio,</strong></span> <span class='ocrx_word' id='word_1_404' title='bbox 3405 2931 3825 3004; x_wconf 87' lang='lat' dir='ltr'><strong>quantoscun-</strong></span> 
     </span>
    </p>
   </div>
   <div class='ocr_carea' id='block_1_62' title="bbox 2173 3011 3820 3092">
    <p class='ocr_par' dir='ltr' id='par_1_62' title="bbox 2173 3011 3820 3092">
     <span class='ocr_line' id='line_1_62' title="bbox 2173 3011 3820 3092; baseline 0.002 -22"><span class='ocrx_word' id='word_1_405' title='bbox 2173 3029 2292 3090; x_wconf 92' lang='lat' dir='ltr'><strong>que</strong></span> <span class='ocrx_word' id='word_1_406' title='bbox 2313 3011 2387 3071; x_wconf 89' lang='lat' dir='ltr'><strong>ad</strong></span> <span class='ocrx_word' id='word_1_407' title='bbox 2419 3011 2904 3092; x_wconf 81' lang='lat' dir='ltr'><strong>consequendam</strong></span> <span class='ocrx_word' id='word_1_408' title='bbox 2930 3017 3202 3074; x_wconf 82' lang='lat' dir='ltr'><strong>virtutem</strong></span> <span class='ocrx_word' id='word_1_409' title='bbox 3233 3011 3466 3075; x_wconf 86' lang='lat' dir='ltr'><strong>labores</strong></span> <span class='ocrx_word' id='word_1_410' title='bbox 3489 3011 3820 3086; x_wconf 86' lang='lat' dir='ltr'><strong>subieritis,</strong></span> 
     </span>
    </p>
   </div>
   <div class='ocr_carea' id='block_1_63' title="bbox 2175 3101 3821 3182">
    <p class='ocr_par' dir='ltr' id='par_1_63' title="bbox 2175 3101 3821 3182">
     <span class='ocr_line' id='line_1_63' title="bbox 2175 3101 3821 3182; baseline 0.003 -23"><span class='ocrx_word' id='word_1_411' title='bbox 2175 3118 2550 3180; x_wconf 87' lang='lat' dir='ltr'><strong>nequaquam</strong></span> <span class='ocrx_word' id='word_1_412' title='bbox 2605 3109 2806 3162; x_wconf 92' lang='lat' dir='ltr'><strong>tamen</strong></span> <span class='ocrx_word' id='word_1_413' title='bbox 2867 3119 2973 3162; x_wconf 91' lang='lat' dir='ltr'><strong>vos</strong></span> <span class='ocrx_word' id='word_1_414' title='bbox 3031 3101 3103 3164; x_wconf 88' lang='lat' dir='ltr'><strong>ad</strong></span> <span class='ocrx_word' id='word_1_415' title='bbox 3139 3110 3454 3182; x_wconf 88' lang='lat' dir='ltr'><strong>parentum</strong></span> <span class='ocrx_word' id='word_1_416' title='bbox 3485 3111 3821 3165; x_wconf 87' lang='lat' dir='ltr'><strong>vestrorum</strong></span> 
     </span>
    </p>
   </div>
   <div class='ocr_carea' id='block_1_64' title="bbox 451 3185 2091 3281">
    <p class='ocr_par' dir='ltr' id='par_1_64' title="bbox 451 3185 2089 3269">
     <span class='ocr_line' id='line_1_64' title="bbox 451 3185 2089 3269; baseline -0.005 -19"><span class='ocrx_word' id='word_1_417' title='bbox 451 3191 714 3259; x_wconf 80' lang='grc' dir='ltr'>ὑπέλθητε</span> <span class='ocrx_word' id='word_1_418' title='bbox 773 3191 999 3269; x_wconf 82' lang='grc' dir='ltr'>κόπους,</span> <span class='ocrx_word' id='word_1_419' title='bbox 1062 3197 1153 3246; x_wconf 80' lang='grc' dir='ltr'>τοῦ</span> <span class='ocrx_word' id='word_1_420' title='bbox 1232 3189 1428 3266; x_wconf 82' lang='grc' dir='ltr'>μέτρου</span> <span class='ocrx_word' id='word_1_421' title='bbox 1482 3194 1588 3243; x_wconf 90' lang='grc' dir='ltr'><strong>τῶν</strong></span> <span class='ocrx_word' id='word_1_422' title='bbox 1647 3185 1888 3264; x_wconf 82' lang='grc' dir='ltr'>πατέρων</span> <span class='ocrx_word' id='word_1_423' title='bbox 1946 3185 2089 3260; x_wconf 67' lang='grc' dir='ltr'>ὃμῶν</span> 
     </span>
    </p>
   </div>
   <div class='ocr_carea' id='block_1_65' title="bbox 2180 3185 3824 3281">
    <p class='ocr_par' dir='ltr' id='par_1_65' title="bbox 2180 3190 3824 3273">
     <span class='ocr_line' id='line_1_65' title="bbox 2180 3190 3824 3273; baseline 0.002 -23"><span class='ocrx_word' id='word_1_424' title='bbox 2180 3207 2514 3252; x_wconf 88' lang='lat' dir='ltr'><strong>mensuram</strong></span> <span class='ocrx_word' id='word_1_425' title='bbox 2548 3190 3309 3263; x_wconf 83' lang='lat' dir='ltr'><strong>accessisse.Quamobrem</strong></span> <span class='ocrx_word' id='word_1_426' title='bbox 3343 3211 3462 3253; x_wconf 92' lang='lat' dir='ltr'><strong>non</strong></span> <span class='ocrx_word' id='word_1_427' title='bbox 3487 3201 3604 3256; x_wconf 90' lang='lat' dir='ltr'><strong>tam</strong></span> <span class='ocrx_word' id='word_1_428' title='bbox 3629 3192 3824 3273; x_wconf 84' lang='lat' dir='ltr'><strong>jactu-</strong></span> 
     </span>
    </p>
   </div>
   <div class='ocr_carea' id='block_1_66' title="bbox 450 3273 2088 3360">
    <p class='ocr_par' dir='ltr' id='par_1_66' title="bbox 450 3273 2088 3360">
     <span class='ocr_line' id='line_1_66' title="bbox 450 3273 2088 3360; baseline -0.005 -21"><span class='ocrx_word' id='word_1_429' title='bbox 450 3280 694 3356; x_wconf 77' lang='grc' dir='ltr'>οὐδαμῶς</span> <span class='ocrx_word' id='word_1_430' title='bbox 756 3280 1019 3360; x_wconf 54' lang='grc' dir='ltr'>ἐφίκοισθε</span> <span class='ocrx_word' id='word_1_431' title='bbox 1049 3293 1063 3309; x_wconf 84' lang='grc'>⁶</span> <span class='ocrx_word' id='word_1_432' title='bbox 1113 3277 1250 3334; x_wconf 82' lang='grc' dir='ltr'>ὥστε</span> <span class='ocrx_word' id='word_1_433' title='bbox 1312 3277 1372 3334; x_wconf 73' lang='grc' dir='ltr'>οὗ</span> <span class='ocrx_word' id='word_1_434' title='bbox 1425 3273 1628 3354; x_wconf 83' lang='grc' dir='ltr'>βλάϐη,</span> <span class='ocrx_word' id='word_1_435' title='bbox 1672 3274 1793 3332; x_wconf 83' lang='grc' dir='ltr'>ἀλλ’</span> <span class='ocrx_word' id='word_1_436' title='bbox 1855 3273 2088 3354; x_wconf 80' lang='grc' dir='ltr'>ὠφέλεια</span> 
     </span>
    </p>
   </div>
   <div class='ocr_carea' id='block_1_67' title="bbox 453 3364 2087 3447">
    <p class='ocr_par' dir='ltr' id='par_1_67' title="bbox 453 3364 2087 3447">
     <span class='ocr_line' id='line_1_67' title="bbox 453 3364 2087 3447; baseline -0.006 -18"><span class='ocrx_word' id='word_1_437' title='bbox 453 3371 656 3447; x_wconf 84' lang='grc' dir='ltr'>μᾶλλον</span> <span class='ocrx_word' id='word_1_438' title='bbox 719 3371 777 3426; x_wconf 78' lang='grc' dir='ltr'>ἐκ</span> <span class='ocrx_word' id='word_1_439' title='bbox 833 3372 926 3426; x_wconf 74' lang='grc' dir='ltr'>τοῦ</span> <span class='ocrx_word' id='word_1_440' title='bbox 978 3366 1196 3442; x_wconf 85' lang='grc' dir='ltr'>ὁμιλεῖν</span> <span class='ocrx_word' id='word_1_441' title='bbox 1239 3367 1500 3428; x_wconf 81' lang='grc' dir='ltr'>τοιούτοις</span> <span class='ocrx_word' id='word_1_442' title='bbox 1551 3364 1859 3424; x_wconf 74' lang='grc' dir='ltr'>ἀκολουθεῖ.</span> <span class='ocrx_word' id='word_1_443' title='bbox 1921 3371 2087 3421; x_wconf 81' lang='grc' dir='ltr'>Τοῦτο</span> 
     </span>
    </p>
   </div>
   <div class='ocr_carea' id='block_1_68' title="bbox 454 3453 2087 3534">
    <p class='ocr_par' dir='ltr' id='par_1_68' title="bbox 454 3453 2087 3534">
     <span class='ocr_line' id='line_1_68' title="bbox 454 3453 2087 3534; baseline -0.005 -17"><span class='ocrx_word' id='word_1_444' title='bbox 454 3464 641 3532; x_wconf 82' lang='grc' dir='ltr'>εἰπὼν,</span> <span class='ocrx_word' id='word_1_445' title='bbox 695 3463 838 3525; x_wconf 76' lang='grc' dir='ltr'>αὖθις</span> <span class='ocrx_word' id='word_1_446' title='bbox 926 3459 1137 3524; x_wconf 75' lang='grc' dir='ltr'>σιωπὴν</span> <span class='ocrx_word' id='word_1_447' title='bbox 1194 3459 1382 3520; x_wconf 75' lang='grc' dir='ltr'>αὐτοῖς</span> <span class='ocrx_word' id='word_1_448' title='bbox 1438 3453 1822 3534; x_wconf 83' lang='grc' dir='ltr'>παραγγέλλει,</span> <span class='ocrx_word' id='word_1_449' title='bbox 1881 3455 1968 3510; x_wconf 80' lang='grc' dir='ltr'>καὶ</span> <span class='ocrx_word' id='word_1_450' title='bbox 2025 3455 2087 3510; x_wconf 78' lang='grc' dir='ltr'>τὸ</span> 
     </span>
    </p>
   </div>
   <div class='ocr_carea' id='block_1_69' title="bbox 453 3545 2087 3628">
    <p class='ocr_par' dir='ltr' id='par_1_69' title="bbox 453 3545 2087 3628">
     <span class='ocr_line' id='line_1_69' title="bbox 453 3545 2087 3628; baseline -0.004 -21"><span class='ocrx_word' id='word_1_451' title='bbox 453 3552 620 3628; x_wconf 78' lang='grc' dir='ltr'>μηδὲν</span> <span class='ocrx_word' id='word_1_452' title='bbox 672 3551 812 3614; x_wconf 76' lang='grc' dir='ltr'>ὅλως</span> <span class='ocrx_word' id='word_1_453' title='bbox 870 3550 1002 3628; x_wconf 78' lang='grc' dir='ltr'>πρὸς</span> <span class='ocrx_word' id='word_1_454' title='bbox 1059 3548 1364 3625; x_wconf 81' lang='grc' dir='ltr'>γνωρισμὸν</span> <span class='ocrx_word' id='word_1_455' title='bbox 1424 3545 1882 3625; x_wconf 78' lang='grc' dir='ltr'>παραφθέγξασθαι</span> <span class='ocrx_word' id='word_1_456' title='bbox 1912 3561 1927 3575; x_wconf 89' lang='grc'><em>’</em></span> <span class='ocrx_word' id='word_1_457' title='bbox 1987 3545 2087 3600; x_wconf 76' lang='grc' dir='ltr'><strong>αὒ-</strong></span> 
     </span>
    </p>
   </div>
   <div class='ocr_carea' id='block_1_70' title="bbox 451 3633 1830 3716">
    <p class='ocr_par' dir='ltr' id='par_1_70' title="bbox 451 3633 1830 3716">
     <span class='ocr_line' id='line_1_70' title="bbox 451 3633 1830 3716; baseline -0.002 -20"><span class='ocrx_word' id='word_1_458' title='bbox 451 3655 568 3706; x_wconf 85' lang='grc' dir='ltr'>τοῖς</span> <span class='ocrx_word' id='word_1_459' title='bbox 599 3654 715 3704; x_wconf 75' lang='grc' dir='ltr'>τοῖς</span> <span class='ocrx_word' id='word_1_460' title='bbox 743 3641 1020 3716; x_wconf 76' lang='grc' dir='ltr'>πράγμασι</span> <span class='ocrx_word' id='word_1_461' title='bbox 1050 3639 1146 3704; x_wconf 73' lang='grc' dir='ltr'><strong>τὴν</strong></span> <span class='ocrx_word' id='word_1_462' title='bbox 1180 3635 1477 3716; x_wconf 82' lang='grc' dir='ltr'>φανέρωσιν</span> <span class='ocrx_word' id='word_1_463' title='bbox 1508 3633 1830 3712; x_wconf 80' lang='grc' dir='ltr'>ἐπιτρέπων.</span> 
     </span>
    </p>
   </div>
   <div class='ocr_carea' id='block_1_71' title="bbox 537 3725 2089 3803">
    <p class='ocr_par' dir='ltr' id='par_1_71' title="bbox 537 3725 2089 3803">
     <span class='ocr_line' id='line_1_71' title="bbox 537 3725 2089 3803; baseline -0.009 -12"><span class='ocrx_word' id='word_1_464' title='bbox 537 3730 670 3792; x_wconf 75' lang='grc' dir='ltr'><strong>ΚΠ’.</strong></span> <span class='ocrx_word' id='word_1_465' title='bbox 704 3731 856 3787; x_wconf 81' lang='grc' dir='ltr'>Ἐπεὶ</span> <span class='ocrx_word' id='word_1_466' title='bbox 885 3728 940 3784; x_wconf 79' lang='grc' dir='ltr'>δὲ</span> <span class='ocrx_word' id='word_1_467' title='bbox 971 3731 1059 3783; x_wconf 85' lang='grc' dir='ltr'>καὶ</span> <span class='ocrx_word' id='word_1_468' title='bbox 1087 3727 1408 3790; x_wconf 83' lang='grc' dir='ltr'>ἀπελθόντες</span> <span class='ocrx_word' id='word_1_469' title='bbox 1443 3728 1568 3803; x_wconf 78' lang='grc' dir='ltr'>πρὸς</span> <span class='ocrx_word' id='word_1_470' title='bbox 1599 3725 1659 3780; x_wconf 79' lang='grc' dir='ltr'>τὸ</span> <span class='ocrx_word' id='word_1_471' title='bbox 1715 3737 1910 3802; x_wconf 82' lang='grc' dir='ltr'>φαγεῖν</span> <span class='ocrx_word' id='word_1_472' title='bbox 1953 3745 2089 3779; x_wconf 90' lang='grc' dir='ltr'>κατ-</span> 
     </span>
    </p>
   </div>
   <div class='ocr_carea' id='block_1_72' title="bbox 453 3813 2087 3895">
    <p class='ocr_par' dir='ltr' id='par_1_72' title="bbox 453 3813 2087 3895">
     <span class='ocr_line' id='line_1_72' title="bbox 453 3813 2087 3895; baseline -0.007 -16"><span class='ocrx_word' id='word_1_473' title='bbox 453 3822 760 3890; x_wconf 79' lang='grc' dir='ltr'>εκλίθησαν,</span> <span class='ocrx_word' id='word_1_474' title='bbox 823 3819 1042 3895; x_wconf 68' lang='grc' dir='ltr'>ἠρώτων</span> <span class='ocrx_word' id='word_1_475' title='bbox 1105 3817 1152 3872; x_wconf 74' lang='grc' dir='ltr'>οἱ</span> <span class='ocrx_word' id='word_1_476' title='bbox 1210 3822 1317 3872; x_wconf 86' lang='grc' dir='ltr'><strong>τῶν</strong></span> <span class='ocrx_word' id='word_1_477' title='bbox 1373 3814 1574 3870; x_wconf 87' lang='grc' dir='ltr'>παίδων</span> <span class='ocrx_word' id='word_1_478' title='bbox 1635 3813 1883 3895; x_wconf 77' lang='grc' dir='ltr'>πατέρες,</span> <span class='ocrx_word' id='word_1_479' title='bbox 1943 3819 2087 3887; x_wconf 85' lang='grc' dir='ltr'>Πῶς,</span> 
     </span>
    </p>
   </div>
   <div class='ocr_carea' id='block_1_73' title="bbox 457 3894 2087 3990">
    <p class='ocr_par' dir='ltr' id='par_1_73' title="bbox 457 3894 2087 3990">
     <span class='ocr_line' id='line_1_73' title="bbox 457 3894 2087 3990; baseline -0.012 -22"><span class='ocrx_word' id='word_1_480' title='bbox 457 3914 651 3990; x_wconf 85' lang='grc' dir='ltr'>Πάτερ,</span> <span class='ocrx_word' id='word_1_481' title='bbox 709 3894 982 3986; x_wconf 76' lang='grc' dir='ltr'>λέγοντες,</span> <span class='ocrx_word' id='word_1_482' title='bbox 1015 3907 1081 3962; x_wconf 75' lang='grc' dir='ltr'><strong>τα</strong></span> <span class='ocrx_word' id='word_1_483' title='bbox 1109 3908 1269 3961; x_wconf 81' lang='grc' dir='ltr'>τέκνα</span> <span class='ocrx_word' id='word_1_484' title='bbox 1298 3907 1453 3977; x_wconf 76' lang='grc' dir='ltr'>ἡμῶν</span> <span class='ocrx_word' id='word_1_485' title='bbox 1487 3903 1604 3982; x_wconf 78' lang='grc' dir='ltr'>ἔχει</span> <span class='ocrx_word' id='word_1_486' title='bbox 1644 3919 1659 3975; x_wconf 83' lang='grc'>;</span> <span class='ocrx_word' id='word_1_487' title='bbox 1718 3894 1776 3960; x_wconf 63' lang='grc' dir='ltr'>Ὀ</span> <span class='ocrx_word' id='word_1_488' title='bbox 1829 3902 1909 3976; x_wconf 60' lang='grc' dir='ltr'>δὲ,</span> <span class='ocrx_word' id='word_1_489' title='bbox 1973 3912 2087 3962; x_wconf 70' lang='grc' dir='ltr'><strong>Κα-</strong></span> 
     </span>
    </p>
   </div>
   <div class='ocr_carea' id='block_1_74' title="bbox 453 3992 2084 4077">
    <p class='ocr_par' dir='ltr' id='par_1_74' title="bbox 453 3992 2084 4077">
     <span class='ocr_line' id='line_1_74' title="bbox 453 3992 2084 4077; baseline -0.006 -20"><span class='ocrx_word' id='word_1_490' title='bbox 453 4001 580 4073; x_wconf 79' lang='grc' dir='ltr'>λῶς,</span> <span class='ocrx_word' id='word_1_491' title='bbox 641 3999 742 4077; x_wconf 71' lang='grc' dir='ltr'>ἔφη</span> <span class='ocrx_word' id='word_1_492' title='bbox 779 4018 790 4030; x_wconf 74' lang='grc'><strong><em>⁸</em></strong></span> <span class='ocrx_word' id='word_1_493' title='bbox 844 3997 987 4073; x_wconf 83' lang='grc' dir='ltr'>ἀγὼν</span> <span class='ocrx_word' id='word_1_494' title='bbox 1040 3995 1140 4070; x_wconf 80' lang='grc' dir='ltr'>γὰρ</span> <span class='ocrx_word' id='word_1_495' title='bbox 1171 3992 1362 4057; x_wconf 73' lang='grc' dir='ltr'>αὐτοῖς</span> <span class='ocrx_word' id='word_1_496' title='bbox 1397 3998 1566 4047; x_wconf 88' lang='grc' dir='ltr'>σῶσαι</span> <span class='ocrx_word' id='word_1_497' title='bbox 1598 3992 1694 4057; x_wconf 74' lang='grc' dir='ltr'><strong>τὴν</strong></span> <span class='ocrx_word' id='word_1_498' title='bbox 1727 3993 1929 4048; x_wconf 82' lang='grc' dir='ltr'>ἑαυτῶν</span> <span class='ocrx_word' id='word_1_499' title='bbox 1979 3997 2084 4068; x_wconf 79' lang='grc' dir='ltr'>ψυ-</span> 
     </span>
    </p>
   </div>
   <div class='ocr_carea' id='block_1_75' title="bbox 455 4079 2088 4168">
    <p class='ocr_par' dir='ltr' id='par_1_75' title="bbox 455 4079 2088 4168">
     <span class='ocr_line' id='line_1_75' title="bbox 455 4079 2088 4168; baseline -0.002 -27"><span class='ocrx_word' id='word_1_500' title='bbox 455 4091 587 4168; x_wconf 77' lang='grc' dir='ltr'>χήν.</span> <span class='ocrx_word' id='word_1_501' title='bbox 623 4087 870 4144; x_wconf 79' lang='grc' dir='ltr'>Κὰκεῖνοι</span> <span class='ocrx_word' id='word_1_502' title='bbox 903 4083 1043 4162; x_wconf 73' lang='grc' dir='ltr'><strong>εὒχῇ</strong></span> <span class='ocrx_word' id='word_1_503' title='bbox 1074 4085 1166 4136; x_wconf 71' lang='grc' dir='ltr'>τὸν</span> <span class='ocrx_word' id='word_1_504' title='bbox 1197 4087 1290 4136; x_wconf 79' lang='grc' dir='ltr'><strong>τοῦ</strong></span> <span class='ocrx_word' id='word_1_505' title='bbox 1317 4079 1559 4158; x_wconf 80' lang='grc' dir='ltr'>γέροντος</span> <span class='ocrx_word' id='word_1_506' title='bbox 1589 4081 1749 4159; x_wconf 81' lang='grc' dir='ltr'>Λόγον</span> <span class='ocrx_word' id='word_1_507' title='bbox 1801 4083 1875 4145; x_wconf 76' lang='grc' dir='ltr'>εἷς</span> <span class='ocrx_word' id='word_1_508' title='bbox 1926 4083 2088 4158; x_wconf 87' lang='grc' dir='ltr'>πέρας</span> 
     </span>
    </p>
   </div>
   <div class='ocr_carea' id='block_1_76' title="bbox 453 4169 2086 4249">
    <p class='ocr_par' dir='ltr' id='par_1_76' title="bbox 453 4169 2086 4249">
     <span class='ocr_line' id='line_1_76' title="bbox 453 4169 2086 4249; baseline -0.004 -17"><span class='ocrx_word' id='word_1_509' title='bbox 453 4178 627 4232; x_wconf 71' lang='grc' dir='ltr'>ἐλθεῖν</span> <span class='ocrx_word' id='word_1_510' title='bbox 674 4175 926 4241; x_wconf 73' lang='grc' dir='ltr'>ἠξίωσαν.</span> <span class='ocrx_word' id='word_1_511' title='bbox 994 4171 1129 4228; x_wconf 71' lang='grc' dir='ltr'>Εἶτα</span> <span class='ocrx_word' id='word_1_512' title='bbox 1173 4172 1412 4248; x_wconf 85' lang='grc' dir='ltr'>προσθεὶς</span> <span class='ocrx_word' id='word_1_513' title='bbox 1444 4172 1471 4226; x_wconf 93' lang='lat'><strong>6</strong></span> <span class='ocrx_word' id='word_1_514' title='bbox 1502 4169 1776 4237; x_wconf 85' lang='grc' dir='ltr'>θεσπέσιος</span> <span class='ocrx_word' id='word_1_515' title='bbox 1808 4175 2086 4249; x_wconf 63' lang='grc' dir='ltr'>Ξενοφῶν,</span> 
     </span>
    </p>
   </div>
   <div class='ocr_carea' id='block_1_77' title="bbox 456 4257 2092 4340">
    <p class='ocr_par' dir='ltr' id='par_1_77' title="bbox 456 4257 2092 4340">
     <span class='ocr_line' id='line_1_77' title="bbox 456 4257 2092 4340; baseline -0.002 -21"><span class='ocrx_word' id='word_1_516' title='bbox 456 4257 549 4326; x_wconf 73' lang='grc' dir='ltr'>Ὠς</span> <span class='ocrx_word' id='word_1_517' title='bbox 621 4261 773 4318; x_wconf 82' lang='grc' dir='ltr'>καλοί</span> <span class='ocrx_word' id='word_1_518' title='bbox 843 4282 957 4340; x_wconf 72' lang='grc' dir='ltr'>σου,</span> <span class='ocrx_word' id='word_1_519' title='bbox 1037 4258 1163 4339; x_wconf 72' lang='grc' dir='ltr'>ἔφη,</span> <span class='ocrx_word' id='word_1_520' title='bbox 1225 4259 1420 4333; x_wconf 86' lang='grc' dir='ltr'>Πάτερ,</span> <span class='ocrx_word' id='word_1_521' title='bbox 1471 4261 1517 4316; x_wconf 86' lang='grc' dir='ltr'>οἷ</span> <span class='ocrx_word' id='word_1_522' title='bbox 1561 4262 1792 4336; x_wconf 85' lang='grc' dir='ltr'>μαθηταὶ</span> <span class='ocrx_word' id='word_1_523' title='bbox 1836 4263 1923 4316; x_wconf 84' lang='grc' dir='ltr'><strong>καὶ</strong></span> <span class='ocrx_word' id='word_1_524' title='bbox 1977 4267 2092 4334; x_wconf 85' lang='grc' dir='ltr'><strong>Θεῴ</strong></span> 
     </span>
    </p>
   </div>
   <div class='ocr_carea' id='block_1_78' title="bbox 452 4349 2090 4430">
    <p class='ocr_par' dir='ltr' id='par_1_78' title="bbox 452 4349 2090 4430">
     <span class='ocr_line' id='line_1_78' title="bbox 452 4349 2090 4430; baseline -0.002 -20"><span class='ocrx_word' id='word_1_525' title='bbox 452 4353 547 4412; x_wconf 78' lang='grc' dir='ltr'><strong>τὰν</strong></span> <span class='ocrx_word' id='word_1_526' title='bbox 603 4356 692 4412; x_wconf 71' lang='grc' dir='ltr'>οὖν</span> <span class='ocrx_word' id='word_1_527' title='bbox 739 4351 828 4430; x_wconf 77' lang='grc'><strong>(1)</strong></span> <span class='ocrx_word' id='word_1_528' title='bbox 865 4349 1210 4426; x_wconf 83' lang='grc' dir='ltr'>διακείμενοι,</span> <span class='ocrx_word' id='word_1_529' title='bbox 1281 4351 1367 4406; x_wconf 85' lang='grc' dir='ltr'><strong>καί</strong></span> <span class='ocrx_word' id='word_1_530' title='bbox 1411 4370 1512 4424; x_wconf 94' lang='grc' dir='ltr'><strong>μου</strong></span> <span class='ocrx_word' id='word_1_531' title='bbox 1568 4351 1838 4428; x_wconf 83' lang='grc' dir='ltr'>κατάκρας</span> <span class='ocrx_word' id='word_1_532' title='bbox 1915 4353 2090 4430; x_wconf 82' lang='grc' dir='ltr'>χαίρει</span> 
     </span>
    </p>
   </div>
   <div class='ocr_carea' id='block_1_79' title="bbox 453 4437 2089 4518">
    <p class='ocr_par' dir='ltr' id='par_1_79' title="bbox 453 4437 2089 4518">
     <span class='ocr_line' id='line_1_79' title="bbox 453 4437 2089 4518; baseline -0.004 -18"><span class='ocrx_word' id='word_1_533' title='bbox 453 4441 539 4500; x_wconf 76' lang='grc' dir='ltr'><strong>ἐπ’</strong></span> <span class='ocrx_word' id='word_1_534' title='bbox 585 4443 769 4506; x_wconf 68' lang='grc' dir='ltr'>αὐτοῖς</span> <span class='ocrx_word' id='word_1_535' title='bbox 887 4440 1064 4518; x_wconf 65' lang='grc' dir='ltr'>ψυχὴ,</span> <span class='ocrx_word' id='word_1_536' title='bbox 1114 4440 1200 4496; x_wconf 80' lang='grc' dir='ltr'><strong>καὶ</strong></span> <span class='ocrx_word' id='word_1_537' title='bbox 1245 4440 1336 4496; x_wconf 81' lang='grc' dir='ltr'>τὸν</span> <span class='ocrx_word' id='word_1_538' title='bbox 1371 4437 1642 4518; x_wconf 80' lang='grc' dir='ltr'>ὀθφαλμὸν</span> <span class='ocrx_word' id='word_1_539' title='bbox 1673 4437 1867 4515; x_wconf 70' lang='grc' dir='ltr'>ἥδομαι</span> <span class='ocrx_word' id='word_1_540' title='bbox 1919 4461 2089 4518; x_wconf 87' lang='grc' dir='ltr'>προσ-</span> 
     </span>
    </p>
   </div>
   <div class='ocr_carea' id='block_1_80' title="bbox 452 4528 2086 4608">
    <p class='ocr_par' dir='ltr' id='par_1_80' title="bbox 452 4528 2086 4608">
     <span class='ocr_line' id='line_1_80' title="bbox 452 4528 2086 4608; baseline -0.003 -19"><span class='ocrx_word' id='word_1_541' title='bbox 452 4531 663 4588; x_wconf 80' lang='grc' dir='ltr'>ϐάλλων</span> <span class='ocrx_word' id='word_1_542' title='bbox 717 4535 928 4594; x_wconf 70' lang='grc' dir='ltr'>αὗτοῖς,</span> <span class='ocrx_word' id='word_1_543' title='bbox 1019 4528 1168 4594; x_wconf 77' lang='grc' dir='ltr'>Εὖξαι</span> <span class='ocrx_word' id='word_1_544' title='bbox 1229 4535 1532 4606; x_wconf 82' lang='grc' dir='ltr'>τοιγαροῦν,</span> <span class='ocrx_word' id='word_1_545' title='bbox 1593 4532 1830 4586; x_wconf 85' lang='grc' dir='ltr'>θειότατε</span> <span class='ocrx_word' id='word_1_546' title='bbox 1893 4529 2086 4608; x_wconf 83' lang='grc' dir='ltr'>Πάτερ,</span> 
     </span>
    </p>
   </div>
   <div class='ocr_carea' id='block_1_81' title="bbox 453 4616 2091 4693">
    <p class='ocr_par' dir='ltr' id='par_1_81' title="bbox 453 4616 2091 4693">
     <span class='ocr_line' id='line_1_81' title="bbox 453 4616 2091 4693; baseline -0.002 -16"><span class='ocrx_word' id='word_1_547' title='bbox 453 4623 545 4678; x_wconf 85' lang='grc' dir='ltr'><strong>καὶ</strong></span> <span class='ocrx_word' id='word_1_548' title='bbox 641 4620 763 4683; x_wconf 84' lang='grc' dir='ltr'>τοὺς</span> <span class='ocrx_word' id='word_1_549' title='bbox 842 4619 982 4681; x_wconf 77' lang='grc' dir='ltr'>υἱοὺς</span> <span class='ocrx_word' id='word_1_550' title='bbox 1052 4619 1209 4693; x_wconf 63' lang='grc' dir='ltr'>ἡμῶν</span> <span class='ocrx_word' id='word_1_551' title='bbox 1289 4616 1555 4685; x_wconf 65' lang='grc' dir='ltr'>ἀποϐῆναι</span> <span class='ocrx_word' id='word_1_552' title='bbox 1623 4619 1915 4682; x_wconf 82' lang='grc' dir='ltr'>τοιούτους.</span> <span class='ocrx_word' id='word_1_553' title='bbox 1996 4623 2091 4677; x_wconf 78' lang='grc' dir='ltr'><strong>Καὶ</strong></span> 
     </span>
    </p>
   </div>
   <div class='ocr_carea' id='block_1_82' title="bbox 455 4708 2094 4789">
    <p class='ocr_par' dir='ltr' id='par_1_82' title="bbox 455 4708 2094 4789">
     <span class='ocr_line' id='line_1_82' title="bbox 455 4708 2094 4789; baseline -0.004 -19"><span class='ocrx_word' id='word_1_554' title='bbox 455 4709 594 4770; x_wconf 65' lang='grc' dir='ltr'>οὕτω</span> <span class='ocrx_word' id='word_1_555' title='bbox 653 4710 753 4786; x_wconf 79' lang='grc' dir='ltr'>μὲν</span> <span class='ocrx_word' id='word_1_556' title='bbox 839 4712 866 4766; x_wconf 88' lang='lat'><strong>6</strong></span> <span class='ocrx_word' id='word_1_557' title='bbox 937 4709 1230 4784; x_wconf 86' lang='grc' dir='ltr'>θαυμάσιος</span> <span class='ocrx_word' id='word_1_558' title='bbox 1306 4713 1563 4789; x_wconf 75' lang='grc' dir='ltr'>Ξενοφῶν</span> <span class='ocrx_word' id='word_1_559' title='bbox 1636 4709 1690 4764; x_wconf 79' lang='grc' dir='ltr'>ἐν</span> <span class='ocrx_word' id='word_1_560' title='bbox 1761 4708 1946 4786; x_wconf 78' lang='grc' dir='ltr'>ἀγνοίᾳ</span> <span class='ocrx_word' id='word_1_561' title='bbox 2027 4711 2094 4764; x_wconf 78' lang='grc' dir='ltr'><strong>τὰ</strong></span> 
     </span>
    </p>
   </div>
   <div class='ocr_carea' id='block_1_83' title="bbox 453 4795 2090 4878">
    <p class='ocr_par' dir='ltr' id='par_1_83' title="bbox 453 4795 2090 4878">
     <span class='ocr_line' id='line_1_83' title="bbox 453 4795 2090 4878; baseline -0.001 -22"><span class='ocrx_word' id='word_1_562' title='bbox 453 4801 644 4859; x_wconf 74' lang='grc' dir='ltr'>ἑαυτοῦ</span> <span class='ocrx_word' id='word_1_563' title='bbox 687 4799 940 4873; x_wconf 81' lang='grc' dir='ltr'>ἐπαινῶν,</span> <span class='ocrx_word' id='word_1_564' title='bbox 989 4801 1075 4854; x_wconf 71' lang='grc' dir='ltr'>καὶ</span> <span class='ocrx_word' id='word_1_565' title='bbox 1136 4796 1262 4872; x_wconf 76' lang='grc' dir='ltr'>ὅπερ</span> <span class='ocrx_word' id='word_1_566' title='bbox 1315 4795 1420 4865; x_wconf 72' lang='grc' dir='ltr'><strong>ἤδη</strong></span> <span class='ocrx_word' id='word_1_567' title='bbox 1465 4800 1520 4854; x_wconf 74' lang='grc' dir='ltr'>ἐν</span> <span class='ocrx_word' id='word_1_568' title='bbox 1564 4801 1749 4878; x_wconf 85' lang='grc' dir='ltr'>χερσὶν</span> <span class='ocrx_word' id='word_1_569' title='bbox 1805 4799 1958 4878; x_wconf 67' lang='grc' dir='ltr'>εἶχε,</span> <span class='ocrx_word' id='word_1_570' title='bbox 2021 4798 2090 4854; x_wconf 80' lang='grc' dir='ltr'>δι’</span> 
     </span>
    </p>
   </div>
   <div class='ocr_carea' id='block_1_84' title="bbox 454 4882 2090 4969">
    <p class='ocr_par' dir='ltr' id='par_1_84' title="bbox 454 4882 2090 4969">
     <span class='ocr_line' id='line_1_84' title="bbox 454 4882 2090 4969; baseline 0 -23"><span class='ocrx_word' id='word_1_571' title='bbox 454 4894 624 4969; x_wconf 76' lang='grc' dir='ltr'>εὒχῆς</span> <span class='ocrx_word' id='word_1_572' title='bbox 679 4888 812 4954; x_wconf 76' lang='grc' dir='ltr'>ἕξειν</span> <span class='ocrx_word' id='word_1_573' title='bbox 886 4889 1229 4963; x_wconf 88' lang='grc' dir='ltr'>ποιούμενος,</span> <span class='ocrx_word' id='word_1_574' title='bbox 1281 4882 1339 4946; x_wconf 78' lang='grc'><strong>’0</strong></span> <span class='ocrx_word' id='word_1_575' title='bbox 1384 4888 1568 4963; x_wconf 88' lang='grc' dir='ltr'>μέντοι</span> <span class='ocrx_word' id='word_1_576' title='bbox 1612 4889 1776 4954; x_wconf 86' lang='grc' dir='ltr'>πολὺς</span> <span class='ocrx_word' id='word_1_577' title='bbox 1818 4890 1917 4955; x_wconf 79' lang='grc' dir='ltr'>τὴν</span> <span class='ocrx_word' id='word_1_578' title='bbox 1961 4891 2090 4946; x_wconf 89' lang='grc' dir='ltr'>σύν-</span> 
     </span>
    </p>
   </div>
   <div class='ocr_carea' id='block_1_85' title="bbox 451 4976 2088 5058">
    <p class='ocr_par' dir='ltr' id='par_1_85' title="bbox 451 4976 2088 5058">
     <span class='ocr_line' id='line_1_85' title="bbox 451 4976 2088 5058; baseline -0.001 -22"><span class='ocrx_word' id='word_1_579' title='bbox 451 5001 562 5036; x_wconf 86' lang='grc' dir='ltr'>εσιν</span> <span class='ocrx_word' id='word_1_580' title='bbox 607 4980 802 5058; x_wconf 87' lang='grc' dir='ltr'>γέρων,</span> <span class='ocrx_word' id='word_1_581' title='bbox 857 4978 981 5035; x_wconf 73' lang='grc' dir='ltr'>Εἰπέ</span> <span class='ocrx_word' id='word_1_582' title='bbox 1013 5000 1132 5053; x_wconf 85' lang='grc' dir='ltr'>μοι,</span> <span class='ocrx_word' id='word_1_583' title='bbox 1166 4977 1294 5058; x_wconf 79' lang='grc' dir='ltr'>ἔφη,</span> <span class='ocrx_word' id='word_1_584' title='bbox 1338 4979 1522 5034; x_wconf 85' lang='grc' dir='ltr'>τέκνον</span> <span class='ocrx_word' id='word_1_585' title='bbox 1559 4976 1712 5058; x_wconf 83' lang='grc' dir='ltr'>(πρὸς</span> <span class='ocrx_word' id='word_1_586' title='bbox 1756 4980 1848 5035; x_wconf 85' lang='grc' dir='ltr'>τὸν</span> <span class='ocrx_word' id='word_1_587' title='bbox 1893 4977 2088 5056; x_wconf 79' lang='grc' dir='ltr'>Ἀρκά-</span> 
     </span>
    </p>
   </div>
   <div class='ocr_carea' id='block_1_86' title="bbox 451 5066 2089 5149">
    <p class='ocr_par' dir='ltr' id='par_1_86' title="bbox 451 5066 2089 5149">
     <span class='ocr_line' id='line_1_86' title="bbox 451 5066 2089 5149; baseline -0.001 -23"><span class='ocrx_word' id='word_1_588' title='bbox 451 5067 564 5127; x_wconf 84' lang='grc' dir='ltr'>διον</span> <span class='ocrx_word' id='word_1_589' title='bbox 594 5067 847 5149; x_wconf 82' lang='grc' dir='ltr'>ἀπιδὼν),</span> <span class='ocrx_word' id='word_1_590' title='bbox 903 5067 1059 5131; x_wconf 87' lang='grc' dir='ltr'>ποίας</span> <span class='ocrx_word' id='word_1_591' title='bbox 1115 5066 1212 5142; x_wconf 76' lang='grc' dir='ltr'>μὲν</span> <span class='ocrx_word' id='word_1_592' title='bbox 1256 5066 1464 5130; x_wconf 89' lang='grc' dir='ltr'>πόλεως</span> <span class='ocrx_word' id='word_1_593' title='bbox 1519 5071 1622 5142; x_wconf 74' lang='grc' dir='ltr'>εἴ,</span> <span class='ocrx_word' id='word_1_594' title='bbox 1669 5069 1836 5124; x_wconf 87' lang='grc' dir='ltr'>ποίων</span> <span class='ocrx_word' id='word_1_595' title='bbox 1875 5067 1932 5124; x_wconf 75' lang='grc' dir='ltr'>δὲ</span> <span class='ocrx_word' id='word_1_596' title='bbox 1989 5092 2089 5146; x_wconf 89' lang='grc' dir='ltr'>γο-</span> 
     </span>
    </p>
   </div>
   <div class='ocr_carea' id='block_1_87' title="bbox 453 5156 2090 5236">
    <p class='ocr_par' dir='ltr' id='par_1_87' title="bbox 453 5156 2090 5236">
     <span class='ocr_line' id='line_1_87' title="bbox 453 5156 2090 5236; baseline 0.001 -23"><span class='ocrx_word' id='word_1_597' title='bbox 453 5160 584 5216; x_wconf 86' lang='grc' dir='ltr'>νέων</span> <span class='ocrx_word' id='word_1_598' title='bbox 617 5179 634 5230; x_wconf 86' lang='lat'><strong>;</strong></span> <span class='ocrx_word' id='word_1_599' title='bbox 689 5161 846 5222; x_wconf 88' lang='grc' dir='ltr'>ποίας</span> <span class='ocrx_word' id='word_1_600' title='bbox 905 5156 956 5214; x_wconf 77' lang='grc' dir='ltr'>δὲ</span> <span class='ocrx_word' id='word_1_601' title='bbox 1015 5162 1115 5224; x_wconf 80' lang='grc' dir='ltr'>τῆς</span> <span class='ocrx_word' id='word_1_602' title='bbox 1143 5157 1447 5235; x_wconf 74' lang='grc' dir='ltr'>ἀνατροφῆς</span> <span class='ocrx_word' id='word_1_603' title='bbox 1480 5156 1670 5236; x_wconf 80' lang='grc' dir='ltr'>ἔτυχες</span> <span class='ocrx_word' id='word_1_604' title='bbox 1706 5179 1722 5232; x_wconf 81' lang='lat'><strong>;</strong></span> <span class='ocrx_word' id='word_1_605' title='bbox 1759 5160 1895 5236; x_wconf 86' lang='grc' dir='ltr'>Πρὸς</span> <span class='ocrx_word' id='word_1_606' title='bbox 1928 5165 2090 5215; x_wconf 82' lang='grc' dir='ltr'>ταῦτα</span> 
     </span>
    </p>
   </div>
   <div class='ocr_carea' id='block_1_88' title="bbox 453 5244 2093 5326">
    <p class='ocr_par' dir='ltr' id='par_1_88' title="bbox 453 5244 2093 5326">
     <span class='ocr_line' id='line_1_88' title="bbox 453 5244 2093 5326; baseline -0.001 -20"><span class='ocrx_word' id='word_1_607' title='bbox 453 5252 481 5306; x_wconf 80' lang='grc' dir='ltr'><strong>ὁ</strong></span> <span class='ocrx_word' id='word_1_608' title='bbox 517 5253 663 5314; x_wconf 83' lang='grc' dir='ltr'>θεῖος</span> <span class='ocrx_word' id='word_1_609' title='bbox 696 5245 999 5326; x_wconf 84' lang='grc' dir='ltr'>’Δρκάδιος,</span> <span class='ocrx_word' id='word_1_610' title='bbox 1033 5244 1201 5326; x_wconf 84' lang='grc' dir='ltr'>Ἐγὼ,</span> <span class='ocrx_word' id='word_1_611' title='bbox 1235 5245 1361 5326; x_wconf 78' lang='grc' dir='ltr'>ἔφη,</span> <span class='ocrx_word' id='word_1_612' title='bbox 1425 5248 1621 5323; x_wconf 86' lang='grc' dir='ltr'>Πάτερ,</span> <span class='ocrx_word' id='word_1_613' title='bbox 1663 5253 1756 5304; x_wconf 83' lang='grc' dir='ltr'>τοῦ</span> <span class='ocrx_word' id='word_1_614' title='bbox 1812 5250 2093 5318; x_wconf 82' lang='grc' dir='ltr'>Βυζαντίου</span> 
     </span>
    </p>
   </div>
   <div class='ocr_carea' id='block_1_89' title="bbox 455 5335 2093 5417">
    <p class='ocr_par' dir='ltr' id='par_1_89' title="bbox 455 5335 2093 5417">
     <span class='ocr_line' id='line_1_89' title="bbox 455 5335 2093 5417; baseline 0.001 -23"><span class='ocrx_word' id='word_1_615' title='bbox 455 5340 553 5412; x_wconf 79' lang='grc' dir='ltr'>μὲν</span> <span class='ocrx_word' id='word_1_616' title='bbox 581 5338 841 5417; x_wconf 80' lang='grc' dir='ltr'>ὥρμημαι</span> <span class='ocrx_word' id='word_1_617' title='bbox 879 5356 892 5370; x_wconf 83' lang='grc'><strong>’</strong></span> <span class='ocrx_word' id='word_1_618' title='bbox 953 5338 1064 5399; x_wconf 78' lang='grc' dir='ltr'>υἱὸς</span> <span class='ocrx_word' id='word_1_619' title='bbox 1108 5335 1163 5392; x_wconf 82' lang='grc' dir='ltr'><strong>δέ</strong></span> <span class='ocrx_word' id='word_1_620' title='bbox 1207 5337 1313 5409; x_wconf 83' lang='grc' dir='ltr'>εἰμι</span> <span class='ocrx_word' id='word_1_621' title='bbox 1359 5336 1558 5414; x_wconf 87' lang='grc' dir='ltr'>γονέων</span> <span class='ocrx_word' id='word_1_622' title='bbox 1612 5340 1838 5414; x_wconf 75' lang='grc' dir='ltr'>εὐγενῶν</span> <span class='ocrx_word' id='word_1_623' title='bbox 1887 5339 1982 5416; x_wconf 81' lang='grc' dir='ltr'><strong>(ὡς</strong></span> <span class='ocrx_word' id='word_1_624' title='bbox 2032 5341 2093 5395; x_wconf 83' lang='grc' dir='ltr'>τὸ</span> 
     </span>
    </p>
   </div>
   <div class='ocr_carea' id='block_1_90' title="bbox 453 5424 2094 5507">
    <p class='ocr_par' dir='ltr' id='par_1_90' title="bbox 453 5424 2094 5507">
     <span class='ocr_line' id='line_1_90' title="bbox 453 5424 2094 5507; baseline -0.001 -21"><span class='ocrx_word' id='word_1_625' title='bbox 453 5428 648 5496; x_wconf 67' lang='grc' dir='ltr'>ἀληθὲς</span> <span class='ocrx_word' id='word_1_626' title='bbox 707 5425 981 5506; x_wconf 79' lang='grc' dir='ltr'>βούλεται)</span> <span class='ocrx_word' id='word_1_627' title='bbox 1042 5427 1130 5482; x_wconf 85' lang='grc' dir='ltr'><strong>καὶ</strong></span> <span class='ocrx_word' id='word_1_628' title='bbox 1199 5433 1524 5507; x_wconf 81' lang='grc' dir='ltr'>περιφανῶν.</span> <span class='ocrx_word' id='word_1_629' title='bbox 1589 5424 1797 5502; x_wconf 64' lang='grc' dir='ltr'><strong>νΟνομα</strong></span> <span class='ocrx_word' id='word_1_630' title='bbox 1863 5435 1940 5502; x_wconf 83' lang='grc' dir='ltr'>τῷ</span> <span class='ocrx_word' id='word_1_631' title='bbox 1997 5431 2094 5505; x_wconf 78' lang='grc' dir='ltr'>μὲν</span> 
     </span>
    </p>
   </div>
   <div class='ocr_carea' id='block_1_91' title="bbox 459 5514 2094 5596">
    <p class='ocr_par' dir='ltr' id='par_1_91' title="bbox 459 5514 2094 5596">
     <span class='ocr_line' id='line_1_91' title="bbox 459 5514 2094 5596; baseline 0.001 -21"><span class='ocrx_word' id='word_1_632' title='bbox 459 5521 618 5596; x_wconf 87' lang='grc' dir='ltr'>πατρὶ</span> <span class='ocrx_word' id='word_1_633' title='bbox 677 5523 961 5596; x_wconf 82' lang='grc' dir='ltr'>Ξενοφῶν,</span> <span class='ocrx_word' id='word_1_634' title='bbox 1008 5521 1076 5592; x_wconf 75' lang='grc' dir='ltr'><strong>τῇ</strong></span> <span class='ocrx_word' id='word_1_635' title='bbox 1129 5517 1293 5596; x_wconf 85' lang='grc' dir='ltr'>μητρὶ</span> <span class='ocrx_word' id='word_1_636' title='bbox 1333 5514 1385 5573; x_wconf 77' lang='grc' dir='ltr'>δὲ</span> <span class='ocrx_word' id='word_1_637' title='bbox 1452 5517 1643 5594; x_wconf 75' lang='grc' dir='ltr'>Μαρία,</span> <span class='ocrx_word' id='word_1_638' title='bbox 1694 5519 1892 5596; x_wconf 81' lang='grc' dir='ltr'>ὡραίαν</span> <span class='ocrx_word' id='word_1_639' title='bbox 1960 5520 2094 5594; x_wconf 81' lang='grc' dir='ltr'>μετὰ</span> 
     </span>
    </p>
   </div>
   <div class='ocr_carea' id='block_1_92' title="bbox 538 5682 1724 5767">
    <p class='ocr_par' dir='ltr' id='par_1_92' title="bbox 538 5682 1724 5767">
     <span class='ocr_line' id='line_1_92' title="bbox 538 5682 1724 5767; baseline -0.003 -19"><span class='ocrx_word' id='word_1_640' title='bbox 538 5685 618 5767; x_wconf 83' lang='grc'><strong>(1)</strong></span> <span class='ocrx_word' id='word_1_641' title='bbox 652 5683 754 5748; x_wconf 85' lang='lat' dir='ltr'><strong>Sic</strong></span> <span class='ocrx_word' id='word_1_642' title='bbox 773 5683 984 5750; x_wconf 80' lang='lat' dir='ltr'><strong>codex.</strong></span> <span class='ocrx_word' id='word_1_643' title='bbox 1015 5682 1416 5750; x_wconf 84' lang='lat' dir='ltr'><strong>Scribendum</strong></span> <span class='ocrx_word' id='word_1_644' title='bbox 1447 5687 1540 5745; x_wconf 78' lang='grc' dir='ltr'><strong>τὸν</strong></span> <span class='ocrx_word' id='word_1_645' title='bbox 1583 5693 1724 5752; x_wconf 80' lang='grc' dir='ltr'>νοῦν,</span> 
     </span>
    </p>
   </div>
   <div class='ocr_carea' id='block_1_93' title="bbox 2173 3278 3822 3360">
    <p class='ocr_par' dir='ltr' id='par_1_93' title="bbox 2173 3278 3822 3360">
     <span class='ocr_line' id='line_1_93' title="bbox 2173 3278 3822 3360; baseline 0.002 -20"><span class='ocrx_word' id='word_1_646' title='bbox 2173 3296 2241 3340; x_wconf 91' lang='lat' dir='ltr'><strong>ra</strong></span> <span class='ocrx_word' id='word_1_647' title='bbox 2271 3278 2461 3356; x_wconf 89' lang='lat' dir='ltr'><strong>vobis,</strong></span> <span class='ocrx_word' id='word_1_648' title='bbox 2495 3298 2670 3360; x_wconf 88' lang='lat' dir='ltr'><strong>quam</strong></span> <span class='ocrx_word' id='word_1_649' title='bbox 2705 3279 2929 3341; x_wconf 90' lang='lat' dir='ltr'><strong>utilitas</strong></span> <span class='ocrx_word' id='word_1_650' title='bbox 2975 3299 3044 3342; x_wconf 86' lang='lat' dir='ltr'><strong>ex</strong></span> <span class='ocrx_word' id='word_1_651' title='bbox 3077 3298 3290 3342; x_wconf 91' lang='lat' dir='ltr'><strong>eorum</strong></span> <span class='ocrx_word' id='word_1_652' title='bbox 3337 3299 3662 3360; x_wconf 81' lang='lat' dir='ltr'><strong>congressu</strong></span> <span class='ocrx_word' id='word_1_653' title='bbox 3705 3283 3822 3344; x_wconf 90' lang='lat' dir='ltr'><strong>ob-</strong></span> 
     </span>
    </p>
   </div>
   <div class='ocr_carea' id='block_1_94' title="bbox 2170 3368 3821 3453">
    <p class='ocr_par' dir='ltr' id='par_1_94' title="bbox 2170 3368 3821 3453">
     <span class='ocr_line' id='line_1_94' title="bbox 2170 3368 3821 3453; baseline 0.002 -23"><span class='ocrx_word' id='word_1_654' title='bbox 2170 3375 2423 3430; x_wconf 82' lang='lat' dir='ltr'><strong>ventura</strong></span> <span class='ocrx_word' id='word_1_655' title='bbox 2455 3368 2682 3431; x_wconf 83' lang='lat' dir='ltr'><strong>est.His</strong></span> <span class='ocrx_word' id='word_1_656' title='bbox 2710 3368 3153 3444; x_wconf 90' lang='lat' dir='ltr'><strong>dictis,rursum</strong></span> <span class='ocrx_word' id='word_1_657' title='bbox 3189 3370 3262 3431; x_wconf 89' lang='lat' dir='ltr'><strong>iis</strong></span> <span class='ocrx_word' id='word_1_658' title='bbox 3291 3371 3596 3433; x_wconf 89' lang='lat' dir='ltr'><strong>silentium</strong></span> <span class='ocrx_word' id='word_1_659' title='bbox 3630 3390 3821 3453; x_wconf 69' lang='lat' dir='ltr'><strong>praes-</strong></span> 
     </span>
    </p>
   </div>
   <div class='ocr_carea' id='block_1_95' title="bbox 2171 3457 3826 3540">
    <p class='ocr_par' dir='ltr' id='par_1_95' title="bbox 2171 3457 3826 3540">
     <span class='ocr_line' id='line_1_95' title="bbox 2171 3457 3826 3540; baseline 0.004 -22"><span class='ocrx_word' id='word_1_660' title='bbox 2171 3457 2372 3532; x_wconf 90' lang='lat' dir='ltr'><strong>cribit,</strong></span> <span class='ocrx_word' id='word_1_661' title='bbox 2407 3459 2526 3520; x_wconf 91' lang='lat' dir='ltr'><strong>imo</strong></span> <span class='ocrx_word' id='word_1_662' title='bbox 2559 3459 2632 3520; x_wconf 89' lang='lat' dir='ltr'><strong>ab</strong></span> <span class='ocrx_word' id='word_1_663' title='bbox 2665 3460 2828 3522; x_wconf 91' lang='lat' dir='ltr'><strong>omni</strong></span> <span class='ocrx_word' id='word_1_664' title='bbox 2863 3479 2930 3522; x_wconf 93' lang='lat' dir='ltr'><strong>re</strong></span> <span class='ocrx_word' id='word_1_665' title='bbox 2952 3479 3087 3540; x_wconf 67' lang='lat' dir='ltr'><strong>qum</strong></span> <span class='ocrx_word' id='word_1_666' title='bbox 3116 3461 3484 3538; x_wconf 80' lang='lat' dir='ltr'><strong>cognitionis</strong></span> <span class='ocrx_word' id='word_1_667' title='bbox 3512 3481 3656 3524; x_wconf 88' lang='lat' dir='ltr'><strong>ansa</strong></span> <span class='ocrx_word' id='word_1_668' title='bbox 3685 3479 3826 3524; x_wconf 88' lang='lat' dir='ltr'><strong>esse</strong></span> 
     </span>
    </p>
   </div>
   <div class='ocr_carea' id='block_1_96' title="bbox 2172 3547 3826 3631">
    <p class='ocr_par' dir='ltr' id='par_1_96' title="bbox 2172 3547 3826 3631">
     <span class='ocr_line' id='line_1_96' title="bbox 2172 3547 3826 3631; baseline 0.003 -22"><span class='ocrx_word' id='word_1_669' title='bbox 2172 3556 2374 3629; x_wconf 88' lang='lat' dir='ltr'><strong>queat,</strong></span> <span class='ocrx_word' id='word_1_670' title='bbox 2409 3547 2481 3610; x_wconf 77' lang='lat' dir='ltr'><strong>ad</strong></span> <span class='ocrx_word' id='word_1_671' title='bbox 2511 3548 2675 3631; x_wconf 89' lang='lat' dir='ltr'><strong>ipsos</strong></span> <span class='ocrx_word' id='word_1_672' title='bbox 2706 3550 3057 3630; x_wconf 78' lang='lat' dir='ltr'><strong>parentibus</strong></span> <span class='ocrx_word' id='word_1_673' title='bbox 3101 3549 3479 3627; x_wconf 86' lang='lat' dir='ltr'><strong>iudicandos,</strong></span> <span class='ocrx_word' id='word_1_674' title='bbox 3513 3550 3826 3614; x_wconf 79' lang='lat' dir='ltr'><strong>abstinere</strong></span> 
     </span>
    </p>
   </div>
   <div class='ocr_carea' id='block_1_97' title="bbox 2167 3635 2360 3717">
    <p class='ocr_par' dir='ltr' id='par_1_97' title="bbox 2167 3635 2360 3717">
     <span class='ocr_line' id='line_1_97' title="bbox 2167 3635 2360 3717; baseline 0 -19"><span class='ocrx_word' id='word_1_675' title='bbox 2167 3635 2360 3717; x_wconf 77' lang='lat' dir='ltr'><strong>jubeL</strong></span> 
     </span>
    </p>
   </div>
   <div class='ocr_carea' id='block_1_98' title="bbox 2254 3725 3828 3794">
    <p class='ocr_par' dir='ltr' id='par_1_98' title="bbox 2254 3725 3828 3794">
     <span class='ocr_line' id='line_1_98' title="bbox 2254 3725 3828 3794; baseline 0.002 -4"><span class='ocrx_word' id='word_1_676' title='bbox 2254 3725 2639 3791; x_wconf 83' lang='lat' dir='ltr'><strong>XXVlll.Ubi</strong></span> <span class='ocrx_word' id='word_1_677' title='bbox 2661 3736 2860 3790; x_wconf 87' lang='lat' dir='ltr'><strong>autem</strong></span> <span class='ocrx_word' id='word_1_678' title='bbox 2885 3730 2958 3792; x_wconf 90' lang='lat' dir='ltr'><strong>ad</strong></span> <span class='ocrx_word' id='word_1_679' title='bbox 2983 3729 3342 3793; x_wconf 87' lang='lat' dir='ltr'><strong>sumendum</strong></span> <span class='ocrx_word' id='word_1_680' title='bbox 3367 3731 3565 3793; x_wconf 90' lang='lat' dir='ltr'><strong>cibum</strong></span> <span class='ocrx_word' id='word_1_681' title='bbox 3598 3749 3828 3794; x_wconf 81' lang='lat' dir='ltr'><strong>conve-</strong></span> 
     </span>
    </p>
   </div>
   <div class='ocr_carea' id='block_1_99' title="bbox 2175 3818 3826 3900">
    <p class='ocr_par' dir='ltr' id='par_1_99' title="bbox 2175 3818 3826 3900">
     <span class='ocr_line' id='line_1_99' title="bbox 2175 3818 3826 3900; baseline 0.003 -24"><span class='ocrx_word' id='word_1_682' title='bbox 2175 3825 2414 3890; x_wconf 90' lang='lat' dir='ltr'><strong>nerunt,</strong></span> <span class='ocrx_word' id='word_1_683' title='bbox 2437 3819 2560 3896; x_wconf 80' lang='lat' dir='ltr'><strong>jam</strong></span> <span class='ocrx_word' id='word_1_684' title='bbox 2587 3818 2973 3880; x_wconf 85' lang='lat' dir='ltr'><strong>considentes</strong></span> <span class='ocrx_word' id='word_1_685' title='bbox 3000 3837 3214 3890; x_wconf 63' lang='lat' dir='ltr'><strong>minare</strong></span> <span class='ocrx_word' id='word_1_686' title='bbox 3247 3828 3580 3900; x_wconf 70' lang='lat' dir='ltr'><strong>caeperunt,</strong></span> <span class='ocrx_word' id='word_1_687' title='bbox 3604 3818 3680 3884; x_wconf 85' lang='lat' dir='ltr'><strong>Ut</strong></span> <span class='ocrx_word' id='word_1_688' title='bbox 3708 3819 3826 3882; x_wconf 87' lang='lat' dir='ltr'><strong>ha-</strong></span> 
     </span>
    </p>
   </div>
   <div class='ocr_carea' id='block_1_100' title="bbox 2174 3905 3822 3989">
    <p class='ocr_par' dir='ltr' id='par_1_100' title="bbox 2174 3905 3822 3989">
     <span class='ocr_line' id='line_1_100' title="bbox 2174 3905 3822 3989; baseline 0.003 -23"><span class='ocrx_word' id='word_1_689' title='bbox 2174 3905 2383 3978; x_wconf 89' lang='lat' dir='ltr'><strong>bent,o</strong></span> <span class='ocrx_word' id='word_1_690' title='bbox 2408 3907 2728 3982; x_wconf 75' lang='lat' dir='ltr'><strong>Pater,ﬁlii</strong></span> <span class='ocrx_word' id='word_1_691' title='bbox 2755 3908 2978 3969; x_wconf 71' lang='lat' dir='ltr'><strong>nosu&#39;i‘.’</strong></span> <span class='ocrx_word' id='word_1_692' title='bbox 2998 3907 3386 3989; x_wconf 84' lang='lat' dir='ltr'><strong>Perbelle,ait</strong></span> <span class='ocrx_word' id='word_1_693' title='bbox 3414 3910 3822 3973; x_wconf 88' lang='lat' dir='ltr'><strong>senex.Nam-</strong></span> 
     </span>
    </p>
   </div>
   <div class='ocr_carea' id='block_1_101' title="bbox 2173 3996 3820 4074">
    <p class='ocr_par' dir='ltr' id='par_1_101' title="bbox 2173 3996 3820 4074">
     <span class='ocr_line' id='line_1_101' title="bbox 2173 3996 3820 4074; baseline 0.004 -19"><span class='ocrx_word' id='word_1_694' title='bbox 2173 4013 2291 4074; x_wconf 90' lang='lat' dir='ltr'><strong>que</strong></span> <span class='ocrx_word' id='word_1_695' title='bbox 2343 3996 2456 4057; x_wconf 89' lang='lat' dir='ltr'><strong>hoc</strong></span> <span class='ocrx_word' id='word_1_696' title='bbox 2487 4014 2672 4057; x_wconf 91' lang='lat' dir='ltr'><strong>unum</strong></span> <span class='ocrx_word' id='word_1_697' title='bbox 2707 3997 3078 4072; x_wconf 84' lang='lat' dir='ltr'><strong>laborant,ut</strong></span> <span class='ocrx_word' id='word_1_698' title='bbox 3135 4008 3374 4060; x_wconf 84' lang='lat' dir='ltr'><strong>servent</strong></span> <span class='ocrx_word' id='word_1_699' title='bbox 3397 3999 3626 4061; x_wconf 87' lang='lat' dir='ltr'><strong>animas</strong></span> <span class='ocrx_word' id='word_1_700' title='bbox 3656 4017 3820 4063; x_wconf 87' lang='lat' dir='ltr'><strong>suas.</strong></span> 
     </span>
    </p>
   </div>
   <div class='ocr_carea' id='block_1_102' title="bbox 2172 4081 3824 4168">
    <p class='ocr_par' dir='ltr' id='par_1_102' title="bbox 2172 4081 3824 4168">
     <span class='ocr_line' id='line_1_102' title="bbox 2172 4081 3824 4168; baseline 0.003 -24"><span class='ocrx_word' id='word_1_701' title='bbox 2172 4081 2324 4144; x_wconf 88' lang='lat' dir='ltr'><strong>Tum</strong></span> <span class='ocrx_word' id='word_1_702' title='bbox 2359 4084 2445 4146; x_wconf 89' lang='lat' dir='ltr'><strong>illi</strong></span> <span class='ocrx_word' id='word_1_703' title='bbox 2477 4087 2838 4166; x_wconf 86' lang='lat' dir='ltr'><strong>supplicant,</strong></span> <span class='ocrx_word' id='word_1_704' title='bbox 2876 4104 2940 4149; x_wconf 91' lang='lat' dir='ltr'><strong>ut</strong></span> <span class='ocrx_word' id='word_1_705' title='bbox 2971 4105 3170 4149; x_wconf 88' lang='lat' dir='ltr'><strong>rerum</strong></span> <span class='ocrx_word' id='word_1_706' title='bbox 3213 4090 3483 4150; x_wconf 91' lang='lat' dir='ltr'><strong>omnium</strong></span> <span class='ocrx_word' id='word_1_707' title='bbox 3516 4107 3650 4168; x_wconf 65' lang='lat' dir='ltr'><strong>qua;</strong></span> <span class='ocrx_word' id='word_1_708' title='bbox 3682 4089 3824 4150; x_wconf 87' lang='lat' dir='ltr'><strong>ﬁliis</strong></span> 
     </span>
    </p>
   </div>
   <div class='ocr_carea' id='block_1_103' title="bbox 2173 4173 3824 4241">
    <p class='ocr_par' dir='ltr' id='par_1_103' title="bbox 2173 4173 3824 4241">
     <span class='ocr_line' id='line_1_103' title="bbox 2173 4173 3824 4241; baseline 0.004 -9"><span class='ocrx_word' id='word_1_709' title='bbox 2173 4173 2533 4237; x_wconf 90' lang='lat' dir='ltr'><strong>accidissent</strong></span> <span class='ocrx_word' id='word_1_710' title='bbox 2559 4175 2795 4236; x_wconf 91' lang='lat' dir='ltr'><strong>tandem</strong></span> <span class='ocrx_word' id='word_1_711' title='bbox 2812 4178 3212 4238; x_wconf 83' lang='lat' dir='ltr'><strong>narrationem</strong></span> <span class='ocrx_word' id='word_1_712' title='bbox 3229 4175 3824 4241; x_wconf 86' lang='lat' dir='ltr'><strong>absolvat.Acsubdi-</strong></span> 
     </span>
    </p>
   </div>
   <div class='ocr_carea' id='block_1_104' title="bbox 2177 4261 3822 4346">
    <p class='ocr_par' dir='ltr' id='par_1_104' title="bbox 2177 4261 3822 4346">
     <span class='ocr_line' id='line_1_104' title="bbox 2177 4261 3822 4346; baseline 0.004 -24"><span class='ocrx_word' id='word_1_713' title='bbox 2177 4261 2264 4322; x_wconf 88' lang='lat' dir='ltr'><strong>dit</strong></span> <span class='ocrx_word' id='word_1_714' title='bbox 2289 4263 2814 4342; x_wconf 78' lang='lat' dir='ltr'><strong>praestantissimus</strong></span> <span class='ocrx_word' id='word_1_715' title='bbox 2836 4263 3191 4346; x_wconf 80' lang='lat' dir='ltr'><strong>Xenophon:</strong></span> <span class='ocrx_word' id='word_1_716' title='bbox 3220 4266 3406 4339; x_wconf 89' lang='lat' dir='ltr'><strong>Quam</strong></span> <span class='ocrx_word' id='word_1_717' title='bbox 3433 4265 3822 4346; x_wconf 66' lang='lat' dir='ltr'><strong>egregiiJ’a-</strong></span> 
     </span>
    </p>
   </div>
   <div class='ocr_carea' id='block_1_105' title="bbox 2176 4352 3826 4437">
    <p class='ocr_par' dir='ltr' id='par_1_105' title="bbox 2176 4352 3826 4437">
     <span class='ocr_line' id='line_1_105' title="bbox 2176 4352 3826 4437; baseline 0.004 -26"><span class='ocrx_word' id='word_1_718' title='bbox 2176 4358 2287 4424; x_wconf 91' lang='lat' dir='ltr'><strong>ter,</strong></span> <span class='ocrx_word' id='word_1_719' title='bbox 2319 4361 2462 4413; x_wconf 89' lang='lat' dir='ltr'><strong>sunt</strong></span> <span class='ocrx_word' id='word_1_720' title='bbox 2509 4352 2569 4414; x_wconf 90' lang='lat' dir='ltr'><strong>hi</strong></span> <span class='ocrx_word' id='word_1_721' title='bbox 2612 4357 2693 4414; x_wconf 88' lang='lat' dir='ltr'><strong>tui</strong></span> <span class='ocrx_word' id='word_1_722' title='bbox 2721 4353 3025 4435; x_wconf 88' lang='lat' dir='ltr'><strong>discipuli,</strong></span> <span class='ocrx_word' id='word_1_723' title='bbox 3059 4373 3358 4437; x_wconf 87' lang='lat' dir='ltr'><strong>quamque</strong></span> <span class='ocrx_word' id='word_1_724' title='bbox 3387 4357 3446 4417; x_wconf 92' lang='lat' dir='ltr'><strong>in</strong></span> <span class='ocrx_word' id='word_1_725' title='bbox 3474 4355 3664 4419; x_wconf 89' lang='lat' dir='ltr'><strong>Deum</strong></span> <span class='ocrx_word' id='word_1_726' title='bbox 3699 4364 3826 4418; x_wconf 80' lang='lat' dir='ltr'><strong>tota</strong></span> 
     </span>
    </p>
   </div>
   <div class='ocr_carea' id='block_1_106' title="bbox 2176 4447 3821 4517">
    <p class='ocr_par' dir='ltr' id='par_1_106' title="bbox 2176 4447 3821 4517">
     <span class='ocr_line' id='line_1_106' title="bbox 2176 4447 3821 4517; baseline 0.004 -16"><span class='ocrx_word' id='word_1_727' title='bbox 2176 4455 2364 4503; x_wconf 79' lang='lat' dir='ltr'><strong>mente</strong></span> <span class='ocrx_word' id='word_1_728' title='bbox 2387 4447 2685 4517; x_wconf 74' lang='lat' dir='ltr'><strong>propensi?</strong></span> <span class='ocrx_word' id='word_1_729' title='bbox 2706 4447 2914 4504; x_wconf 87' lang='lat' dir='ltr'><strong>Eorum</strong></span> <span class='ocrx_word' id='word_1_730' title='bbox 2939 4463 3078 4506; x_wconf 86' lang='lat' dir='ltr'><strong>sane</strong></span> <span class='ocrx_word' id='word_1_731' title='bbox 3099 4464 3380 4507; x_wconf 89' lang='lat' dir='ltr'><strong>occursus</strong></span> <span class='ocrx_word' id='word_1_732' title='bbox 3397 4465 3527 4509; x_wconf 86' lang='lat' dir='ltr'><strong>cum</strong></span> <span class='ocrx_word' id='word_1_733' title='bbox 3552 4451 3821 4508; x_wconf 83' lang='lat' dir='ltr'><strong>animum</strong></span> 
     </span>
    </p>
   </div>
   <div class='ocr_carea' id='block_1_107' title="bbox 2178 4532 3825 4615">
    <p class='ocr_par' dir='ltr' id='par_1_107' title="bbox 2178 4532 3825 4615">
     <span class='ocr_line' id='line_1_107' title="bbox 2178 4532 3825 4615; baseline 0.005 -25"><span class='ocrx_word' id='word_1_734' title='bbox 2178 4549 2376 4591; x_wconf 88' lang='lat' dir='ltr'><strong>meum</strong></span> <span class='ocrx_word' id='word_1_735' title='bbox 2397 4550 2630 4593; x_wconf 86' lang='lat' dir='ltr'><strong>summo</strong></span> <span class='ocrx_word' id='word_1_736' title='bbox 2655 4532 2962 4612; x_wconf 84' lang='lat' dir='ltr'><strong>perfundit</strong></span> <span class='ocrx_word' id='word_1_737' title='bbox 2984 4535 3352 4612; x_wconf 77' lang='lat' dir='ltr'><strong>gaudio,tum</strong></span> <span class='ocrx_word' id='word_1_738' title='bbox 3378 4535 3825 4615; x_wconf 87' lang='lat' dir='ltr'><strong>oculosjucun-</strong></span> 
     </span>
    </p>
   </div>
   <div class='ocr_carea' id='block_1_108' title="bbox 2176 4619 3825 4701">
    <p class='ocr_par' dir='ltr' id='par_1_108' title="bbox 2176 4619 3825 4701">
     <span class='ocr_line' id='line_1_108' title="bbox 2176 4619 3825 4701; baseline 0.005 -22"><span class='ocrx_word' id='word_1_739' title='bbox 2176 4619 2422 4681; x_wconf 87' lang='lat' dir='ltr'><strong>dissima</strong></span> <span class='ocrx_word' id='word_1_740' title='bbox 2445 4620 2742 4701; x_wconf 82' lang='lat' dir='ltr'><strong>voluptate</strong></span> <span class='ocrx_word' id='word_1_741' title='bbox 2765 4622 3082 4686; x_wconf 87' lang='lat' dir='ltr'><strong>exbilarat.</strong></span> <span class='ocrx_word' id='word_1_742' title='bbox 3107 4624 3402 4697; x_wconf 86' lang='lat' dir='ltr'><strong>Quocirca</strong></span> <span class='ocrx_word' id='word_1_743' title='bbox 3424 4623 3610 4686; x_wconf 90' lang='lat' dir='ltr'><strong>Deum</strong></span> <span class='ocrx_word' id='word_1_744' title='bbox 3633 4623 3825 4687; x_wconf 79' lang='lat' dir='ltr'><strong>obse-</strong></span> 
     </span>
    </p>
   </div>
   <div class='ocr_carea' id='block_1_109' title="bbox 2175 4709 3827 4787">
    <p class='ocr_par' dir='ltr' id='par_1_109' title="bbox 2175 4709 3827 4787">
     <span class='ocr_line' id='line_1_109' title="bbox 2175 4709 3827 4787; baseline 0.004 -16"><span class='ocrx_word' id='word_1_745' title='bbox 2175 4709 2687 4782; x_wconf 85' lang='lat' dir='ltr'><strong>cra,divinissime</strong></span> <span class='ocrx_word' id='word_1_746' title='bbox 2709 4709 2978 4787; x_wconf 88' lang='lat' dir='ltr'><strong>Pater,ut</strong></span> <span class='ocrx_word' id='word_1_747' title='bbox 3000 4721 3059 4774; x_wconf 90' lang='lat' dir='ltr'><strong>et</strong></span> <span class='ocrx_word' id='word_1_748' title='bbox 3084 4714 3271 4775; x_wconf 88' lang='lat' dir='ltr'><strong>nostri</strong></span> <span class='ocrx_word' id='word_1_749' title='bbox 3296 4715 3472 4776; x_wconf 87' lang='lat' dir='ltr'><strong>liberi</strong></span> <span class='ocrx_word' id='word_1_750' title='bbox 3495 4714 3643 4776; x_wconf 87' lang='lat' dir='ltr'><strong>tales</strong></span> <span class='ocrx_word' id='word_1_751' title='bbox 3674 4732 3827 4777; x_wconf 83' lang='lat' dir='ltr'><strong>eva-</strong></span> 
     </span>
    </p>
   </div>
   <div class='ocr_carea' id='block_1_110' title="bbox 2177 4801 3829 4878">
    <p class='ocr_par' dir='ltr' id='par_1_110' title="bbox 2177 4801 3829 4878">
     <span class='ocr_line' id='line_1_110' title="bbox 2177 4801 3829 4878; baseline 0.005 -20"><span class='ocrx_word' id='word_1_752' title='bbox 2177 4801 2422 4860; x_wconf 73' lang='lat' dir='ltr'><strong>danttta</strong></span> <span class='ocrx_word' id='word_1_753' title='bbox 2447 4803 3149 4878; x_wconf 83' lang='lat' dir='ltr'><strong>admirandusXenophon</strong></span> <span class='ocrx_word' id='word_1_754' title='bbox 3178 4807 3346 4878; x_wconf 83' lang='lat' dir='ltr'><strong>plane</strong></span> <span class='ocrx_word' id='word_1_755' title='bbox 3373 4807 3596 4866; x_wconf 82' lang='lat' dir='ltr'><strong>inscius</strong></span> <span class='ocrx_word' id='word_1_756' title='bbox 3617 4808 3829 4867; x_wconf 86' lang='lat' dir='ltr'><strong>laudat</strong></span> 
     </span>
    </p>
   </div>
   <div class='ocr_carea' id='block_1_111' title="bbox 2174 4887 3824 4968">
    <p class='ocr_par' dir='ltr' id='par_1_111' title="bbox 2174 4887 3824 4968">
     <span class='ocr_line' id='line_1_111' title="bbox 2174 4887 3824 4968; baseline 0.004 -21"><span class='ocrx_word' id='word_1_757' title='bbox 2174 4904 2273 4947; x_wconf 90' lang='lat' dir='ltr'><strong>res</strong></span> <span class='ocrx_word' id='word_1_758' title='bbox 2303 4904 2463 4959; x_wconf 89' lang='lat' dir='ltr'><strong>suas,</strong></span> <span class='ocrx_word' id='word_1_759' title='bbox 2497 4895 2556 4948; x_wconf 91' lang='lat' dir='ltr'><strong>et</strong></span> <span class='ocrx_word' id='word_1_760' title='bbox 2579 4887 2734 4967; x_wconf 85' lang='lat' dir='ltr'><strong>quod</strong></span> <span class='ocrx_word' id='word_1_761' title='bbox 2770 4887 2828 4948; x_wconf 94' lang='lat' dir='ltr'><strong>in</strong></span> <span class='ocrx_word' id='word_1_762' title='bbox 2865 4889 3141 4950; x_wconf 90' lang='lat' dir='ltr'><strong>manibus</strong></span> <span class='ocrx_word' id='word_1_763' title='bbox 3168 4904 3320 4968; x_wconf 84' lang='lat' dir='ltr'><strong>erat,</strong></span> <span class='ocrx_word' id='word_1_764' title='bbox 3347 4891 3406 4952; x_wconf 88' lang='lat' dir='ltr'><strong>id</strong></span> <span class='ocrx_word' id='word_1_765' title='bbox 3432 4893 3586 4954; x_wconf 82' lang='lat' dir='ltr'><strong>votis</strong></span> <span class='ocrx_word' id='word_1_766' title='bbox 3614 4897 3824 4953; x_wconf 80' lang='lat' dir='ltr'><strong>omni—</strong></span> 
     </span>
    </p>
   </div>
   <div class='ocr_carea' id='block_1_112' title="bbox 2177 4975 3825 5059">
    <p class='ocr_par' dir='ltr' id='par_1_112' title="bbox 2177 4975 3825 5059">
     <span class='ocr_line' id='line_1_112' title="bbox 2177 4975 3825 5059; baseline 0.005 -22"><span class='ocrx_word' id='word_1_767' title='bbox 2177 4975 2287 5037; x_wconf 88' lang='lat' dir='ltr'><strong>bus</strong></span> <span class='ocrx_word' id='word_1_768' title='bbox 2309 4976 2646 5056; x_wconf 81' lang='lat' dir='ltr'><strong>expetebat.</strong></span> <span class='ocrx_word' id='word_1_769' title='bbox 2671 4978 2748 5038; x_wconf 78' lang='lat' dir='ltr'><strong>At</strong></span> <span class='ocrx_word' id='word_1_770' title='bbox 2777 4980 3254 5059; x_wconf 86' lang='lat' dir='ltr'><strong>sapientissimus</strong></span> <span class='ocrx_word' id='word_1_771' title='bbox 3275 4999 3456 5044; x_wconf 83' lang='lat' dir='ltr'><strong>senex</strong></span> <span class='ocrx_word' id='word_1_772' title='bbox 3489 4980 3825 5044; x_wconf 78' lang='lat' dir='ltr'><strong>Arcadium</strong></span> 
     </span>
    </p>
   </div>
   <div class='ocr_carea' id='block_1_113' title="bbox 2175 5067 3826 5153">
    <p class='ocr_par' dir='ltr' id='par_1_113' title="bbox 2175 5067 3826 5153">
     <span class='ocr_line' id='line_1_113' title="bbox 2175 5067 3826 5153; baseline 0.004 -26"><span class='ocrx_word' id='word_1_773' title='bbox 2175 5067 2435 5142; x_wconf 83' lang='lat' dir='ltr'><strong>intuens,</strong></span> <span class='ocrx_word' id='word_1_774' title='bbox 2471 5067 2618 5144; x_wconf 81' lang='lat' dir='ltr'><strong>Age,</strong></span> <span class='ocrx_word' id='word_1_775' title='bbox 2653 5067 2869 5147; x_wconf 84' lang='lat' dir='ltr'><strong>inquit,</strong></span> <span class='ocrx_word' id='word_1_776' title='bbox 2928 5069 3035 5144; x_wconf 88' lang='lat' dir='ltr'><strong>ﬁli,</strong></span> <span class='ocrx_word' id='word_1_777' title='bbox 3066 5089 3199 5150; x_wconf 67' lang='lat' dir='ltr'><strong>quin</strong></span> <span class='ocrx_word' id='word_1_778' title='bbox 3226 5081 3323 5132; x_wconf 93' lang='lat' dir='ltr'><strong>tua</strong></span> <span class='ocrx_word' id='word_1_779' title='bbox 3357 5072 3434 5132; x_wconf 89' lang='lat' dir='ltr'><strong>sit</strong></span> <span class='ocrx_word' id='word_1_780' title='bbox 3466 5072 3673 5152; x_wconf 86' lang='lat' dir='ltr'><strong>patria,</strong></span> <span class='ocrx_word' id='word_1_781' title='bbox 3712 5071 3826 5153; x_wconf 85' lang='lat' dir='ltr'><strong>qui</strong></span> 
     </span>
    </p>
   </div>
   <div class='ocr_carea' id='block_1_114' title="bbox 2178 5155 3827 5236">
    <p class='ocr_par' dir='ltr' id='par_1_114' title="bbox 2178 5155 3827 5236">
     <span class='ocr_line' id='line_1_114' title="bbox 2178 5155 3827 5236; baseline 0.004 -20"><span class='ocrx_word' id='word_1_782' title='bbox 2178 5163 2480 5236; x_wconf 88' lang='lat' dir='ltr'><strong>parentes,</strong></span> <span class='ocrx_word' id='word_1_783' title='bbox 2510 5174 2644 5232; x_wconf 62' lang='lat' dir='ltr'><strong>quas</strong></span> <span class='ocrx_word' id='word_1_784' title='bbox 2674 5155 2976 5234; x_wconf 90' lang='lat' dir='ltr'><strong>educatio,</strong></span> <span class='ocrx_word' id='word_1_785' title='bbox 3003 5159 3178 5221; x_wconf 83' lang='lat' dir='ltr'><strong>nobis</strong></span> <span class='ocrx_word' id='word_1_786' title='bbox 3208 5161 3500 5225; x_wconf 88' lang='lat' dir='ltr'><strong>edissere.</strong></span> <span class='ocrx_word' id='word_1_787' title='bbox 3524 5161 3631 5225; x_wconf 86' lang='lat' dir='ltr'><strong>Cui</strong></span> <span class='ocrx_word' id='word_1_788' title='bbox 3657 5161 3827 5223; x_wconf 79' lang='lat' dir='ltr'><strong>divi-</strong></span> 
     </span>
    </p>
   </div>
   <div class='ocr_carea' id='block_1_115' title="bbox 2181 5245 3827 5329">
    <p class='ocr_par' dir='ltr' id='par_1_115' title="bbox 2181 5245 3827 5329">
     <span class='ocr_line' id='line_1_115' title="bbox 2181 5245 3827 5329; baseline 0.004 -21"><span class='ocrx_word' id='word_1_789' title='bbox 2181 5265 2293 5308; x_wconf 90' lang='lat' dir='ltr'><strong>nus</strong></span> <span class='ocrx_word' id='word_1_790' title='bbox 2325 5245 2616 5307; x_wconf 81' lang='lat' dir='ltr'><strong>Arcadius</strong></span> <span class='ocrx_word' id='word_1_791' title='bbox 2655 5264 2668 5308; x_wconf 89' lang='lat'>:</span> <span class='ocrx_word' id='word_1_792' title='bbox 2697 5247 2989 5326; x_wconf 88' lang='lat' dir='ltr'><strong>Equidem</strong></span> <span class='ocrx_word' id='word_1_793' title='bbox 3011 5247 3288 5329; x_wconf 80' lang='lat' dir='ltr'><strong>Byzantio</strong></span> <span class='ocrx_word' id='word_1_794' title='bbox 3317 5250 3432 5312; x_wconf 86' lang='lat' dir='ltr'><strong>huc</strong></span> <span class='ocrx_word' id='word_1_795' title='bbox 3455 5250 3827 5314; x_wconf 76' lang='lat' dir='ltr'><strong>adveni.Pa-</strong></span> 
     </span>
    </p>
   </div>
   <div class='ocr_carea' id='block_1_116' title="bbox 2179 5335 3831 5413">
    <p class='ocr_par' dir='ltr' id='par_1_116' title="bbox 2179 5335 3831 5413">
     <span class='ocr_line' id='line_1_116' title="bbox 2179 5335 3831 5413; baseline 0.004 -14"><span class='ocrx_word' id='word_1_796' title='bbox 2179 5335 2451 5399; x_wconf 90' lang='lat' dir='ltr'><strong>rentibus</strong></span> <span class='ocrx_word' id='word_1_797' title='bbox 2497 5348 2698 5397; x_wconf 82' lang='lat' dir='ltr'><strong>autem</strong></span> <span class='ocrx_word' id='word_1_798' title='bbox 2753 5336 3075 5413; x_wconf 88' lang='lat' dir='ltr'><strong>nobilibus,</strong></span> <span class='ocrx_word' id='word_1_799' title='bbox 3134 5348 3194 5402; x_wconf 92' lang='lat' dir='ltr'><strong>et</strong></span> <span class='ocrx_word' id='word_1_800' title='bbox 3251 5351 3315 5402; x_wconf 89' lang='lat' dir='ltr'><strong>ut</strong></span> <span class='ocrx_word' id='word_1_801' title='bbox 3343 5339 3536 5402; x_wconf 87' lang='lat' dir='ltr'><strong>dicam</strong></span> <span class='ocrx_word' id='word_1_802' title='bbox 3569 5341 3831 5406; x_wconf 85' lang='lat' dir='ltr'><strong>omnino</strong></span> 
     </span>
    </p>
   </div>
   <div class='ocr_carea' id='block_1_117' title="bbox 2178 5425 3830 5508">
    <p class='ocr_par' dir='ltr' id='par_1_117' title="bbox 2178 5425 3830 5508">
     <span class='ocr_line' id='line_1_117' title="bbox 2178 5425 3830 5508; baseline 0.004 -21"><span class='ocrx_word' id='word_1_803' title='bbox 2178 5426 2334 5508; x_wconf 90' lang='lat' dir='ltr'><strong>quod</strong></span> <span class='ocrx_word' id='word_1_804' title='bbox 2370 5443 2469 5488; x_wconf 89' lang='lat' dir='ltr'><strong>res</strong></span> <span class='ocrx_word' id='word_1_805' title='bbox 2490 5433 2603 5500; x_wconf 89' lang='lat' dir='ltr'><strong>est,</strong></span> <span class='ocrx_word' id='word_1_806' title='bbox 2626 5425 2952 5488; x_wconf 87' lang='lat' dir='ltr'><strong>illustribus</strong></span> <span class='ocrx_word' id='word_1_807' title='bbox 2975 5437 3150 5490; x_wconf 91' lang='lat' dir='ltr'><strong>natus</strong></span> <span class='ocrx_word' id='word_1_808' title='bbox 3179 5429 3502 5492; x_wconf 86' lang='lat' dir='ltr'><strong>sum.Patri</strong></span> <span class='ocrx_word' id='word_1_809' title='bbox 3533 5449 3664 5494; x_wconf 89' lang='lat' dir='ltr'><strong>meo</strong></span> <span class='ocrx_word' id='word_1_810' title='bbox 3700 5450 3830 5494; x_wconf 87' lang='lat' dir='ltr'><strong>no-</strong></span> 
     </span>
    </p>
   </div>
   <div class='ocr_carea' id='block_1_118' title="bbox 2184 5512 3828 5604">
    <p class='ocr_par' dir='ltr' id='par_1_118' title="bbox 2184 5512 3828 5604">
     <span class='ocr_line' id='line_1_118' title="bbox 2184 5512 3828 5604; baseline 0.002 -25"><span class='ocrx_word' id='word_1_811' title='bbox 2184 5535 2325 5579; x_wconf 88' lang='lat' dir='ltr'><strong>men</strong></span> <span class='ocrx_word' id='word_1_812' title='bbox 2356 5521 2484 5578; x_wconf 83' lang='lat' dir='ltr'><strong>erat</strong></span> <span class='ocrx_word' id='word_1_813' title='bbox 2507 5512 2867 5596; x_wconf 87' lang='lat' dir='ltr'><strong>Xenophon,</strong></span> <span class='ocrx_word' id='word_1_814' title='bbox 2899 5519 3074 5580; x_wconf 86' lang='lat' dir='ltr'><strong>matri</strong></span> <span class='ocrx_word' id='word_1_815' title='bbox 3103 5520 3309 5596; x_wconf 86' lang='lat' dir='ltr'><strong>Maria,</strong></span> <span class='ocrx_word' id='word_1_816' title='bbox 3343 5520 3405 5582; x_wconf 89' lang='lat' dir='ltr'><strong>in</strong></span> <span class='ocrx_word' id='word_1_817' title='bbox 3434 5538 3688 5604; x_wconf 85' lang='lat' dir='ltr'><strong>corpore</strong></span> <span class='ocrx_word' id='word_1_818' title='bbox 3707 5540 3828 5583; x_wconf 83' lang='lat' dir='ltr'><strong>ve-</strong></span> 
     </span>
    </p>
   </div>
  </div>
