2049 3101
144 150 216 184 1041

755 155 849 187 VITA
871 156 902 187 S.
924 156 1137 189 XENOPHON
1139 157 1213 189 TlS.

1751 157 1828 192 1042

140 224 228 252 nusto
256 230 358 261 parem
374 225 503 252 mentem
531 223 657 263 adeptae.
686 225 792 255 Frater
807 225 879 255 mihi
906 223 953 253 fuil

999 229 1045 253 τοὺ
1070 224 1196 261 σώματος
1219 224 1322 264 ἐχούσῃ
1338 223 1383 252 καὶ
1407 223 1457 258 τὴν
1472 226 1579 265 ψυχὴν.
1595 218 1646 254 Ἠν
1669 225 1696 254 δέ
1711 237 1757 263 μοι
1784 229 1828 257 καὶ

139 266 270 296 Joannes
282 266 415 297 nomine.
431 268 545 298 Castora
559 268 704 309 deinceps
719 273 867 305 enarrant,
884 278 961 309 que-

139 309 330 341 madmodum
358 310 511 342 institutus
537 312 639 352 fuerit,
656 319 688 344 ut
711 313 902 352 navigaverit,
930 313 962 344 in

137 360 249 395 quanto
274 356 408 395 periculo
434 361 578 391 versatus,
597 361 708 397 quanto
739 357 790 388 Dei
815 357 962 389 beneﬁcio

136 403 269 430 servatus
286 400 336 430 sit.
353 400 422 431 Hec
442 400 493 431 illo
511 407 653 433 narrante
677 412 743 433 mox
759 411 776 432 a
791 402 963 441 parentibus

137 444 230 483 agniti
246 449 329 481 sunt,
349 445 402 486 qui
422 445 630 477 incredibilem
646 447 816 477 animorum
832 447 963 478 exsulta-

138 489 251 520 tionem
268 494 299 521 et
315 490 511 525 alacritatem.
530 490 691 530 cordisque
714 491 865 529 ardorem,
884 493 965 523 velut

138 533 283 573 impetum
300 534 441 565 divinitus
457 534 589 566 afﬂatum
607 545 667 566 non
679 536 820 573 ferentes,
838 541 963 576 repente

139 582 338 618 consurgunt.
355 578 565 619 amplexantur
581 580 702 617 liberos,
720 590 884 621 eorumque
899 590 963 612 cer-

136 622 251 654 vicibus
265 623 451 660 circumfusi,
469 624 559 654 simul
581 625 703 662 osculis,
719 626 807 656 simul
824 625 963 666 lacrymis

136 667 317 699 immensum
331 667 499 699 animorum
517 673 671 709 stuporem
686 669 900 710 excitabant,in
911 671 963 702 has

139 722 227 743 voces
255 717 448 752 erumpentes
467 725 475 750 ;
502 713 628 753 Ergone.
649 714 745 754 Pater,
764 715 791 744 hi
817 719 886 746 sunt
909 716 962 747 lilii

136 757 255 788 nostri?
272 758 301 788 hi
316 767 383 788 vere
399 758 613 790 dilectissimi?
630 759 658 789 hi
677 759 731 798 ipsi
745 770 761 790 a
777 760 865 790 nobis
880 764 961 791 tanto

137 811 204 833 cum
222 802 327 833 dolore
345 803 459 842 quaesiti
476 806 489 834 ‘2
506 803 580 838 Quid
596 804 732 835 deinde?
749 804 812 836 Uno
830 814 883 837 ore
895 806 961 836 lau-

135 846 202 878 dem
221 847 344 879 Numini
361 852 388 878 et
406 849 512 886 gratias
530 848 672 879 tribuunt.

174 891 276 923 XXIX.
294 892 354 922 Nec
372 893 479 922 morati
498 898 565 923 sunt
578 899 715 933 parentes
731 895 801 934 quin
814 895 961 926 ardentis-
974 914 992 939 Β

132 937 218 967 simis
245 937 386 977 precibus
402 942 538 968 sanctum
565 939 659 968 virum
684 939 913 977 obtestarmtur,
931 946 962 971 ut

135 982 220 1022 ipsos
230 991 348 1022 quoque
364 984 474 1012 sacrati
491 983 700 1014 illiushabitus
715 984 811 1021 sigillo
828 989 959 1023 ornaret,

135 1036 194 1066 quo
209 1036 276 1057 cum
293 1027 375 1065 ﬁliis,
388 1027 457 1056 licet
474 1028 613 1066 impares,
633 1029 766 1067 ejusdem
781 1034 878 1059 tamen
892 1028 961 1060 boni

131 1076 304 1111 sectatores,
325 1081 382 1102 non
402 1076 500 1102 autem
528 1073 617 1112 (quod
635 1073 713 1103 Deus
730 1074 891 1111 averteret)
907 1083 960 1105 ex-

135 1121 230 1146 sortes
257 1116 468 1147 redderentur.
488 1117 525 1147 Et
545 1127 703 1157 persuasus
720 1128 822 1148 eorum
848 1119 960 1159 suppli-

135 1160 253 1191 catione
273 1170 365 1191 senex
383 1164 462 1197 (nam
488 1163 517 1192 in
534 1172 566 1192 re
583 1163 671 1202 plane
698 1167 755 1193 tam
773 1168 872 1193 sancta
887 1163 959 1203 quid

136 1205 326 1242 resisteret?)
352 1207 456 1237 eadem
474 1216 525 1236 sua
551 1208 673 1238 dextera
699 1208 826 1238 vertices
852 1217 958 1239 eorum

135 1250 569 1291 totondit,initiavitque,atque
585 1262 635 1282 eos
647 1252 800 1282 dimittens
812 1252 956 1292 praecipit,

133 1300 165 1325 ut
192 1295 220 1325 in
239 1300 388 1335 posterum
404 1296 440 1326 ab
463 1297 544 1326 omni
560 1306 720 1337 corporum
749 1297 956 1328 communica-

133 1341 216 1370 tione
245 1344 458 1381 temperarent,
476 1342 573 1372 dunec
590 1351 748 1373 commune
774 1346 886 1373 natura!
901 1342 956 1374 de-

130 1384 224 1415 bitum
242 1385 458 1424 persolverent.

171 1428 261 1461 XXX.
293 1432 390 1468 Atque
411 1431 579 1469 huiusmodi
605 1432 658 1461 fuit
690 1432 792 1470 optimi
816 1432 954 1464 Numinis

131 1483 201 1512 erga
218 1479 274 1505 tam
293 1474 388 1505 bonos
412 1480 551 1515 parentes
568 1475 738 1515 liberosque
754 1477 952 1516 providentia,

129 1518 336 1550 admirationis
349 1520 444 1558 juxta,
461 1530 494 1550 ac
510 1521 662 1551 suavitatis
676 1521 858 1560 plenissima.
870 1522 952 1553 Adeo

129 1568 158 1593 ut
179 1563 207 1593 iu
229 1564 286 1594 illis
303 1564 458 1602 impletum
476 1565 565 1595 fuerit
578 1566 657 1604 quod
674 1570 710 1595 ab
728 1567 801 1595 Isaia
817 1566 949 1597 dictum:

128 1619 138 1635 ι
163 1609 315 1648 lmponarn
343 1609 484 1649 Spiritum
504 1619 602 1640 meum
621 1620 711 1649 super
735 1620 837 1641 semen
856 1616 948 1648 tuum,

125 1657 155 1683 et
173 1653 401 1685 benedictiones
417 1664 498 1684 meas
514 1664 605 1694 super
622 1656 699 1685 ﬁlios
715 1659 790 1686 tuos.
806 1656 841 1686 l‘lt
854 1656 951 1687 orien-

129 1704 189 1736 tur,
206 1702 278 1728 utin
296 1699 395 1730 medio
411 1709 496 1739 aquae
512 1699 624 1736 fenum,
643 1704 670 1730 et
687 1700 762 1730 sit-ut
775 1700 845 1730 salix
862 1710 952 1741 super

126 1744 379 1782 praeterfluentem
398 1754 503 1784 aquam
522 1745 547 1775 7.
568 1757 577 1771 ι
606 1744 672 1774 Πίος
692 1745 794 1780 lsaias,
812 1745 951 1784 loquente

124 1797 182 1827 per
199 1788 294 1828 ipsum
313 1789 364 1820 Dei
378 1790 471 1828 gratia
489 1798 496 1826 ;
513 1799 589 1829 quae,
609 1791 686 1819 velut
703 1790 726 1819 si
743 1790 777 1819 ad
795 1789 874 1829 ipsos
900 1790 947 1821 di-

124 1834 493 1868 cerentur.convenienter
507 1844 580 1864 sane
592 1836 620 1864 in
631 1834 750 1864 eosdem
769 1839 945 1872 congruunt.

125 1876 298 1916 Cujusmodi
316 1884 343 1908 et
361 1879 436 1909 istud
454 1888 459 1909 2
482 1891 491 1906 ι
507 1880 589 1909 Meus
605 1889 636 1908 es
651 1884 690 1913 tu,
709 1884 736 1909 el
752 1880 777 1909 si
794 1879 948 1910 transieris

123 1931 242 1962 aquam,
260 1928 357 1954 tecum
389 1933 453 1954 sum
473 1924 499 1959 8,
518 1936 530 1953 )
561 1926 594 1955 Et
610 1924 683 1954 hoc:
716 1936 725 1950 ιι
746 1924 884 1954 Αυιιιῑειηι
902 1924 946 1954 fa-

124 1969 198 1997 ciam
229 1968 354 1998 salutem
375 1973 463 1999 tuam.
484 1974 512 1999 et
535 1968 589 1998 sub
616 1969 722 1998 umbra
746 1978 848 1998 manus
875 1978 948 2000 meae

125 2017 275 2052 protegam
292 2018 319 2043 te
335 2013 358 2042 9.
380 2027 391 2040 η
410 2013 476 2044 Filii
493 2018 591 2043 autem
605 2014 641 2043 ad
658 2013 794 2044 ultimum
813 2014 875 2044 vale
892 2023 945 2054 pa-

124 2058 260 2088 rentibus
286 2059 377 2095 dicto,
394 2059 576 2098 spiritualem
604 2064 716 2098 patrem
735 2059 874 2089 libentius
893 2068 944 2090 se-

124 2102 196 2138 Cuti,
215 2113 280 2133 cum
298 2098 378 2133 eoin
396 2104 560 2139 desertum,
577 2113 609 2134 se
626 2103 794 2140 conferunt,
814 2104 945 2134 beatum-

124 2156 182 2187 que
198 2148 237 2177 ibi
254 2149 342 2178 tinem
362 2154 596 2188 consequuntur,
615 2153 682 2178 ante
699 2148 810 2178 obitum
837 2148 946 2180 divinis

123 2201 241 2231 quoque
271 2192 445 2223 munerilus
474 2193 596 2231 dignati,
615 2203 648 2223 ac
678 2198 738 2222 tum
757 2193 824 2222 aliis
852 2193 944 2224 sancti

1002 267 1115 308 ἆδιιλγὸς
1148 268 1234 306 ὄνομα
1250 268 1390 302 Ἰωάννης.
1421 268 1537 297 Ἔπειτα
1563 269 1675 303 καθεξῆς
1701 270 1773 309 λέγει
1796 271 1829 299 τὰ

1003 312 1050 346 τῆς
1078 312 1211 349 παιδείας,
1227 314 1260 343 τὰ
1288 318 1336 343 τοῦ
1361 313 1429 342 πλοῦ
1445 314 1488 342 καὶ
1514 314 1546 344 τὰ
1565 317 1613 343 τοῦ
1638 315 1767 353 κινδύνου³
1785 317 1829 344 καὶ

1004 358 1065 389 οἳας
1089 359 1140 386 ὑπὸ
1156 359 1222 387 Θεοῦ
1251 358 1387 397 τετύχηκε
1408 359 1552 397 σωτηρίας,
1570 358 1646 388 Οὕτω
1671 359 1698 387 δέ
1712 359 1828 392 διεξιόν-

1005 413 1063 440 τος,
1090 403 1114 430 οἱ
1136 409 1226 441 γονεῖς
1248 402 1402 441 ἐπιγνόντες
1429 403 1535 440 αὐτοὺς,
1552 405 1595 432 καὶ
1620 405 1651 432 τὸ
1677 403 1763 441 ἅλμα,
1782 406 1826 433 καὶ

1004 449 1052 480 τὴν
1075 447 1174 486 ὁρμὴν,
1190 447 1234 475 καὶ
1255 447 1304 480 τὴν
1326 450 1376 480 τῆς
1402 447 1509 486 καρδίας
1534 448 1573 485 μὴ
1599 448 1749 487 ἐνεγκόντες
1771 449 1826 477 πύ-

1005 503 1103 532 ρωσιν,
1134 493 1304 520 ὲνθουσιῶσιν
1341 493 1439 529 ὁμοίως
1474 492 1548 524 εὐθὺς
1583 493 1753 534 ἀνέστησαν,
1783 495 1828 522 καὶ

1005 535 1194 576 περιλαϐόντες
1225 537 1284 569 τοὺς
1311 537 1418 576 παιδας,
1437 537 1480 565 καὶ
1505 544 1564 569 τοῖς
1585 539 1671 567 αὐτῶν
1699 539 1826 578 περιφάν-

1004 592 1047 613 τες
1067 581 1232 622 τραχήλοις,
1248 585 1325 610 τοῦτο
1343 581 1393 619 μὲν
1414 581 1557 622 φιλήμασι,
1574 581 1691 611 τοῦτοδὲ
1718 581 1825 621 δάκρυσι

1003 627 1053 660 τὴν
1082 626 1195 665 ἄμετρον
1221 626 1325 659 ὶκείνην
1351 628 1400 660 τῆς
1430 628 1526 666 ψυχῆς
1549 626 1672 656 ἔκστασιν
1700 628 1822 664 παρεκά-

1004 671 1077 709 λουν,
1105 672 1183 700 Οὗτοι
1210 672 1272 707 εἰσι,
1289 671 1386 709 Πάτερ,
1412 671 1547 711 λέγοντες,
1562 672 1586 700 οἱ
1607 673 1685 709 ἡμῶν
1714 671 1821 704 παῖδες.

1003 717 1075 745 οὗτοι
1096 716 1203 750 ἀληθῶς
1226 717 1250 745 οἱ
1275 716 1408 756 φοτατοι,
1426 718 1449 745 οἱ
1467 716 1570 751 πολλὴν
1597 717 1665 754 ἡμῖν
1687 717 1736 751 τὴν
1765 716 1825 755 περὶ

1003 763 1089 790 ἆῦτών
1104 762 1217 797 ζήτησιν
1233 762 1431 801 παρασχόντες,
1447 761 1531 792 οὗτοι.
1549 763 1579 790 Τί
1594 763 1624 791 τὸ
1640 763 1706 800 μετὰ
1725 766 1823 800 tufam;

1004 807 1086 840 Κοινὴ
1099 807 1116 840 ἡ
1132 805 1192 839 δόξα
1205 806 1271 845 πρὸς
1294 806 1360 834 Θεὸν
1375 807 1419 834 καὶ
1433 806 1598 846 εὐχαριστία.

1045 895 1112 925 ΚΘ¹,
1145 895 1214 924 Εἶτα
1227 895 1378 935 θερμοτάτη
1393 896 1447 924 τῶν
1472 896 1638 934 γεννητόρων
1653 895 1742 929 δέησις
1757 898 1824 936 πρὸς

1002 941 1049 969 τὸν
1075 941 1144 979 ἱερὸν
1170 939 1249 979 ἄνδρα
1277 940 1393 980 ἐκεῖνον,
1415 940 1484 969 ὥστε
1498 944 1532 978 τῇ
1560 940 1686 980 σφραγῖδι
1707 942 1751 970 καὶ
1774 944 1822 971 αὖ·

1002 985 1062 1018 τοὺς
1091 986 1260 1022 σημανθῆναι
1296 985 1343 1013 τοῦ
1378 985 1555 1024 ἂγιοπρεποῦς
1592 986 1748 1024 σχήματος,
1781 987 1825 1014 καὶ

1003 1032 1130 1069 φανῆναι,
1147 1030 1169 1057 εἶ
1197 1030 1240 1057 καὶ
1255 1028 1393 1068 δευτέρους
1418 1032 1472 1057 τῶν
1500 1029 1611 1066 τέκνων,
1630 1028 1689 1057 ἀλλ’
1705 1030 1750 1058 οὖν
1778 1034 1826 1059 τοῦ

1004 1073 1064 1103 ἴσου
1079 1074 1162 1103 καλοῦ
1183 1074 1317 1111 μιμητὰς,
1334 1075 1378 1102 καὶ
1403 1075 1442 1112 μὴ
1464 1074 1634 1103 παντάπασιν
1655 1074 1821 1114 ἁμετόχουςο

1001 1119 1068 1159 ὅπερ
1096 1118 1212 1152 ἀνάξιον.
1250 1119 1369 1147 Πείθεται
1404 1119 1507 1151 τούτοις
1537 1118 1650 1151 ἀξιοῦσιν
1687 1120 1700 1147 ὁ
1737 1120 1821 1158 γέρων

1001 1164 1057 1204 (καὶ
1071 1167 1129 1196 πῶς
1145 1164 1195 1203 γὰρ
1219 1164 1259 1200 οὒ,
1276 1162 1415 1203 θεοφιλοῦς
1430 1163 1506 1194 ὄντος
1534 1163 1656 1202 ἀτεχνῶς
1672 1167 1717 1192 τοῦ
1732 1165 1822 1203 πράγ-

1000 1220 1083 1247 ματος
1102 1208 1137 1247 ς),
1154 1209 1199 1237 καὶ
1226 1211 1259 1246 τῇ
1273 1210 1341 1246 αὗτῇ
1356 1206 1428 1244 δεξιᾷ
1451 1207 1586 1239 κάκείνους
1608 1208 1696 1244 κείρας
1712 1218 1740 1236 τε
1765 1208 1821 1246 ἅμα

998 1255 1043 1283 καὶ
1063 1252 1221 1290 τελειώσας,
1244 1252 1426 1292 παραγγείλας
1457 1252 1550 1293 ἀφίησι
1572 1252 1669 1289 μηκέτι
1696 1263 1819 1290 σωματι-

998 1299 1053 1331 ιιῶς
1068 1297 1204 1333 ἀλλήλους
1228 1297 1307 1334 ἰδεῖν,
1330 1297 1380 1330 ἕως
1394 1298 1425 1325 τὸ
1447 1297 1535 1325 κοινὸν
1551 1299 1585 1334 τῇ
1606 1297 1710 1335 γενέσει
1737 1297 1819 1337 χρέος

998 1343 1122 1382 ἑκάτερος
1144 1344 1230 1371 αὐτῶν
1244 1341 1367 1379 ἀποδῴη.

1036 1428 1078 1464 Λ”.
1114 1432 1229 1465 Τοιαύτη
1260 1432 1426 1472 χαριεστάτη
1455 1432 1498 1460 καὶ
1525 1432 1663 1469 θαυμαστὴ
1693 1435 1731 1467 τῷ
1759 1432 1816 1460 ὄντι

995 1478 1131 1514 οἰκονομία
1160 1478 1218 1515 περὶ
1235 1477 1294 1509 τοὺς
1320 1476 1455 1516 χρηστοὺς
1479 1477 1522 1504 καὶ
1548 1476 1664 1515 πατέρας
1679 1477 1723 1505 καὶ
1746 1483 1814 1505 πατ-

994 1522 1039 1555 δας
1063 1523 1134 1561 παρά
1162 1525 1209 1551 τοῦ
1236 1522 1335 1560 ἀγαθοῦ
1357 1523 1424 1549 Θεοῦ
1450 1520 1629 1559 γέγονεν,ὡς
1660 1521 1741 1560 πέραξ
1771 1521 1814 1549 ἐπ’

995 1570 1086 1600 αὺτοῖς
1108 1566 1202 1596 λαϐεῖν
1217 1568 1232 1595 ’ὁ
1247 1566 1289 1594 διὰ
1307 1561 1420 1594 Ἠσαίου
1435 1566 1513 1597 αὐτὸς
1528 1565 1682 1605 φθέγγεται,
1702 1577 1716 1593 ι
1734 1566 1814 1595 Ἐπι-

991 1613 1079 1652 θήσω,
1109 1612 1206 1650 λέγων,
1230 1612 1260 1639 τὸ
1291 1610 1397 1648 Πνεῦμά
1426 1612 1477 1648 μου
1505 1610 1546 1639 ἐπὶ
1576 1612 1606 1639 τὸ
1627 1611 1732 1648 σπέρμα
1754 1621 1812 1648 σου,

992 1658 1036 1686 καί
1049 1658 1097 1689 τὰς
1119 1656 1240 1695 εὐλογίας
1256 1667 1308 1693 μο.)
1336 1656 1380 1684 ὶπὶ
1407 1655 1440 1684 τὰ
1461 1655 1541 1684 τέκνα
1569 1667 1626 1692 σου,
1643 1657 1687 1684 καὶ
1716 1657 1815 1684 ἀνατε-

993 1702 1081 1732 λοῦσιν
1110 1702 1147 1733 ὡς
1162 1701 1296 1739 ἆναμέσον
1321 1699 1413 1733 ὕδατος
1436 1701 1548 1740 χόρτος,
1566 1701 1608 1729 καὶ
1637 1702 1673 1732 ὡς
1688 1701 1745 1729 ἰτέα
1771 1701 1813 1730 ἐπὶ

992 1750 1044 1775 πᾶν
1075 1747 1134 1785 ῥέον
1161 1745 1240 1785 ὕδωρ.
1261 1758 1273 1772 ιι
1308 1746 1356 1774 Καὶ
1391 1749 1473 1774 ταῦτα
1495 1744 1521 1772 δὲ
1552 1740 1664 1774 Ἠσαίου
1693 1746 1741 1783 μέν
1763 1747 1813 1775 εἰσι

989 1792 1032 1820 καὶ
1061 1794 1110 1824 τῆς
1133 1789 1167 1818 δι’
1197 1792 1278 1819 αὖτοῦ
1306 1789 1490 1829 φθεγγομένης
1518 1792 1565 1817 τοῦ
1594 1789 1659 1818 Θεοῦ
1686 1791 1811 1829 χάριτος,

989 1834 1094 1868 πολλὴν
1123 1834 1150 1863 δὲ
1169 1835 1213 1863 καὶ
1241 1834 1307 1872 πρὸς
1331 1834 1426 1864 αὐτοὺς
1448 1833 1569 1872 λέγεσθαι
1585 1834 1635 1867 τὴν
1659 1835 1811 1867 οἰκειότητα

989 1880 1113 1920 φέροντα*
1142 1886 1200 1908 οῖον
1222 1880 1263 1915 τὸ,
1285 1890 1294 1905 ι
1312 1877 1394 1915 Ἐμὸς
1416 1877 1444 1906 εἴ
1472 1878 1513 1912 σὺ,
1531 1878 1575 1906 καὶ
1601 1878 1645 1906 ἐὰν
1674 1877 1810 1916 διαϐαίνῃς

989 1925 1023 1953 δι’
1051 1924 1155 1962 ὕδατος,
1179 1924 1248 1961 μετὰ
1278 1926 1324 1951 σοῦ
1353 1923 1417 1957 εἰμι·
1437 1934 1448 1950 ε
1483 1923 1528 1950 καὶ
1554 1923 1596 1959 τὸ,
1631 1934 1644 1949 σι
1663 1921 1810 1956 Ἀκουστὴν

988 1969 1094 2003 ποιήσω
1123 1970 1171 2002 τὴν
1200 1968 1333 2007 σωτηρίαν
1362 1977 1422 2003 σου,
1438 1967 1482 1995 καὶ
1511 1967 1562 1994 ὑπὸ
1590 1967 1638 2000 τὴν
1655 1978 1731 1995 σχιαν
1760 1969 1808 2000 τῆς

988 2014 1078 2055 χειρός
1095 2025 1145 2052 μου
1167 2013 1293 2041 σκεπάσω
1322 2023 1363 2041 σε.
1379 2022 1394 2041 )
1413 2013 1443 2041 οἱ
1467 2010 1516 2049 μὲν
1531 2011 1575 2040 οὖν
1598 2012 1691 2044 παῖδες
1713 2013 1745 2040 τὰ
1761 2024 1808 2041 τε-

987 2059 1097 2088 λευταῖα
1127 2059 1188 2089 τοὺς
1217 2058 1378 2096 γεννήτορας
1400 2057 1595 2094 ἀσπασάμενοι,
1619 2060 1656 2085 τῶ
1685 2068 1807 2095 πνευμα-

986 2105 1066 2135 τικῶς
1096 2102 1304 2142 ἀναγεννήσαντι
1321 2101 1425 2139 μᾶλλον
1450 2101 1571 2137 εἵποντο,
1588 2102 1631 2130 καὶ
1646 2102 1692 2130 σὺν
1717 2102 1809 2140 ἐκείνῳ

985 2149 1035 2183 τὴν
1050 2148 1151 2188 ἔρημον
1166 2146 1341 2186 εἰσελθόντες,
1358 2146 1416 2174 εκεῖ
1431 2147 1462 2174 τὸ
1491 2146 1621 2185 μακάριον
1642 2147 1807 2187 ὑπέρχονται

985 2193 1074 2230 τέλος,
1089 2193 1265 2233 χαρισμάτων
1294 2192 1339 2220 καὶ
1366 2192 1415 2230 πρὸ
1439 2194 1486 2220 τοῦ
1507 2190 1597 2222 τέλους
1619 2193 1695 2219 θείων
1725 2191 1806 2225 ἀξιω-

122 2235 253 2275 Spiritus
265 2237 362 2273 donis,
381 2242 441 2267 tum
471 2237 651 2267 vaticinandi
669 2238 807 2267 facultate
832 2238 944 2276 pollen-

996 2238 1086 2275 ll'vtsc,
1103 2236 1272 2277 προρῤήσεών
1294 2247 1322 2264 τε
1353 2237 1397 2265 καὶ
1424 2235 1529 2275 δωρεῶν
1557 2235 1645 2267 ἄλλων
1660 2240 1706 2265 τοῦ
1737 2237 1806 2276 ἀγα-

120 2286 351 2357 ωέίΧΧῐῬοιθι·
365 2336 434 2357 vero
450 2326 570 2357 illorum
588 2327 751 2368 pmclarus
766 2327 945 2367 evangelicae

119 2370 288 2411 disciplina;
310 2376 485 2409 assectator,
502 2372 631 2403 dimissis
654 2372 842 2412 venditisque
859 2372 944 2403 bonis

119 2417 271 2453 omnibus,
284 2426 319 2447 ea
336 2416 494 2456 egentibus
510 2417 672 2453 distribuit,
684 2426 813 2457 eumque
830 2417 860 2447 in
878 2427 942 2447 mo-

119 2460 188 2492 dum
206 2461 367 2492 levissimis
388 2461 580 2501 minimisque
592 2462 683 2492 rebus
695 2463 867 2493 universum
884 2461 942 2493 sibi

117 2506 260 2537 ccelorum
271 2516 395 2545 regnum
407 2506 601 2546 comparavit
616 2506 674 2537 Sed
691 2510 720 2536 et
735 2506 831 2537 servis
846 2506 942 2537 omni-

115 2549 171 2581 bus
178 2551 352 2582 domesticis
363 2550 498 2581 libertate
509 2551 696 2587 donatis,hac
706 2551 822 2581 ratione
837 2551 867 2581 in
885 2561 941 2582 nu-

114 2605 230 2627 merum
241 2596 370 2627 ﬁliorum
383 2595 513 2627 ccclesiis
521 2594 617 2626 Patris
627 2595 732 2626 referri
742 2595 939 2627 studuit.lnde

114 2641 192 2671 thori
215 2641 342 2681 vitaeque
368 2645 397 2671 et
421 2640 556 2680 ejusdem
574 2641 661 2680 plane
685 2640 744 2670 voti
768 2645 938 2671 consortem

112 2686 293 2716 venerandis
332 2685 510 2726 quibusdam
542 2685 719 2716 mulieribus
755 2684 938 2724 virginibus-

154 2791 240 2824 715a.
257 2801 337 2831 xuv,
355 2795 385 2826 3.
430 2794 446 2819 8
461 2793 517 2826 Isa.
536 2802 618 2827 xuu.
634 2794 665 2833 2,
683 2801 737 2835 Lu,
755 2793 782 2825 7.

985 2285 1031 2312 θοῦ
1052 2283 1217 2320 Πνεύματος.

1027 2327 1096 2359 ΛΑ¹,
1128 2323 1156 2356 Ὀ
1172 2326 1199 2355 δέ
1228 2337 1258 2365 γε
1281 2325 1369 2364 πατὴρ
1398 2326 1497 2362 αὐτῶν,
1514 2324 1661 2364 πληρωτὴς
1683 2326 1806 2366 ἄντικρὺς

985 2376 1031 2401 τοῦ
1062 2371 1222 2411 Εὖαγγελίου
1252 2370 1396 2400 δείκιωται·
1427 2369 1471 2397 καὶ
1499 2368 1609 2407 πέμψας
1626 2371 1667 2399 καὶ
1691 2372 1724 2399 τὰ
1740 2372 1804 2400 ἑαυ-

985 2420 1031 2446 τοῦ
1057 2416 1185 2451 πωλήσας
1199 2416 1316 2455 ἅπαντα,
1331 2415 1374 2442 καὶ
1402 2414 1498 2447 πένησι
1519 2413 1632 2451 διαδοὺς,
1650 2416 1694 2444 καὶ
1722 2416 1805 2450 οὕτως

983 2461 1096 2490 εὐτελῶν
1130 2472 1159 2489 τε
1189 2462 1233 2489 καὶ
1264 2463 1383 2498 σμικρῶν
1418 2458 1555 2497 βασιλείαν
1592 2462 1710 2499 οὐρανῶν
1738 2461 1804 2495 ὅλην

982 2508 1068 2544 ἑαυτῷ
1102 2507 1288 2543 ὠνησάμενος,
1319 2505 1465 2544 ἐλευθερίας
1499 2515 1528 2532 τε
1563 2505 1632 2533 ἃπαν
1668 2505 1745 2534 αὐτοῦ
1776 2507 1804 2533 τὸ

982 2552 1110 2581 οἰκετικὸν
1139 2551 1265 2585 ἀξιώσας,
1282 2549 1316 2578 δι’
1347 2552 1385 2578 ὧν
1414 2549 1540 2578 ἔσπευσεν
1571 2550 1606 2581 εἱς
1627 2550 1696 2581 υἱοὺς
1724 2550 1802 2581 mare;

981 2597 1130 2636 ἰγγαφῆναι
1154 2600 1200 2624 τοῦ
1215 2596 1333 2634 οὐρανίου
1357 2596 1474 2634 Πατρὸς,
1491 2594 1552 2622 εἶτα
1573 2595 1620 2622 καὶ
1641 2594 1689 2626 τὴν
1715 2595 1803 2623 σύνοι-

980 2653 1026 2670 κον
1055 2642 1126 2677 αὒτῷ
1140 2643 1189 2669 κα¹ι
1221 2639 1333 2677 σάμϐιον
1362 2639 1469 2672 ἀληθῶς
1499 2639 1591 2667 καὶτὸ
1613 2638 1641 2666 ἓν
1670 2639 1801 2668 πνέουσαν

980 2685 1079 2725 γυναιξὶ
1103 2692 1216 2723 σεμναῖς
1246 2685 1288 2713 καὶ
1316 2684 1455 2724 παρθένοις
1493 2683 1621 2722 ἑντάττει,
1651 2682 1720 2712 οὕτω
1754 2685 1800 2716 σὺν

825 2792 841 2819 9
855 2793 912 2824 Isa.
926 2800 967 2831 ιι,
983 2792 1036 2827 46.
