4098 6202
434 236 585 304 1043

1706 243 1985 306 MENSIS
2041 243 2498 308 JANUAPJUS.

3653 246 3672 309 l
3687 243 3822 312 044,

429 385 566 462 αὒτῇ
615 383 846 456 θελήσας
907 387 978 449 εἰς
1037 385 1127 441 τὸν
1186 385 1264 440 ἀεὶ
1323 406 1522 463 χρονον
1582 391 1648 461 τῇ
1707 387 1808 458 μιᾷ
1863 384 2075 464 κειραλῇ

2175 403 2289 468 que
2314 381 2655 458 committit;
2689 381 2776 443 sic
2814 400 2948 442 cum
2981 381 3111 461 ipsa
3142 381 3376 444 Christo
3409 379 3511 441 uni
3544 379 3812 441 omnium

433 475 619 532 πάντα)
633 501 648 531 ι
666 477 890 552 ᾼΧριστῲ
921 473 1268 551 ωναφθῆναι.

515 563 606 622 Α¹.
661 547 803 623 Ἦτις
835 565 923 618 καὶ
983 560 1254 618 πολιτείαν
1314 560 1612 635 μετελοῦσα
1667 561 1783 619 λίαν
1837 566 2075 640 ὑψηλὴν,

2166 475 2346 554 capiti
2382 481 2665 534 aeternum
2693 469 2964 532 connecti
2998 469 3372 532 desiderans.

2242 561 2470 626 XXXII.
2504 567 2702 642 Atque
2735 561 2835 622 ille
2885 559 3124 648 quidem
3159 558 3402 622 sublimi
3447 558 3620 638 plane
3659 576 3815 640 pan-

433 655 519 710 καὶ
564 651 766 728 ὀλίγοις
811 652 1064 726 βάσιμον,
1127 649 1431 729 ἁῤῥαϐὦνας
1488 651 1652 732 ἔσχεν
1709 653 1922 730 ἐντρυθα
1977 656 2076 720 τῆς

2175 654 2370 734 :isque
2419 669 2660 712 accesso
2718 650 2856 711 vita:
2903 648 3348 734 genereﬁipito,
3380 648 3561 710 etiam
3604 649 3817 710 mbas

431 741 558 817 πρὸς
592 740 722 794 Θεὸν
753 739 1072 804 οἰκειώσεως
1127 739 1221 794 καῖ
1252 745 1350 806 τῆς
1382 739 1731 815 ἑκδεξομέντ,ς
1760 741 1920 810 αὐτὴν
1979 743 2074 798 ἐκ-

2175 723 2424 806 obtinuit
2453 759 2558 802 seu
2593 739 2866 801 maximae
2894 723 2991 800 liic
3021 723 3156 800 cum
3181 723 3304 800 Deo
3329 723 3812 812 necessitudinis,

431 832 574 885 εἴθεν
620 827 1046 904 μακαριότητος,
1083 827 1443 904 δαιμονῶντας
1500 831 1792 906 ἷασαμένη,
1821 835 1918 888 καὶ
1951 836 2084 890 πολ-

430 917 539 974 λῶν
598 915 778 973 ἄλλων
850 925 1159 992 ,νοσημάτων
1205 921 1341 999 εὖχῇ
1400 921 1735 998 κρατήσασα,
1799 913 1856 978 Ὀ
1913 920 1966 978 δέ
2027 944 2084 1000 γε

429 1011 577 1071 θεῖος
635 1013 712 1081 τῷ
768 1005 878 1063 ὄντι
931 1010 1018 1064 καὶ
1049 1010 1486 1084 θαυμασιώτατος
1546 1009 1745 1088 ἀνδρῶν
1803 1016 2082 1089 Ξενοφῶν,

430 1097 647 1176 τρίχινα
696 1095 945 1170 ὑπενδὺς,
978 1096 1156 1174 πολλῇ
1195 1119 1250 1153 τε
1296 1100 1413 1176 περὶ
1444 1099 1540 1166 τὴν
1592 1097 1792 1156 δίαιταν
1849 1101 2084 1172 εὐτελείᾳ

435 1185 782 1265 χρῆσάμενος
841 1187 930 1242 καὶ
999 1187 1352 1261 κακοπαθείᾳ,
1415 1188 1502 1243 καὶ
1571 1191 1728 1245 οἱονεὶ
1781 1187 1928 1254 δίκας
1985 1190 2083 1259 τήν

436 1273 808 1351 προλαϐοῦσαν
867 1274 1281 1353 εἰσπραξάμενος
1355 1276 1724 1352 πολυτέλειαν,
1785 1281 1880 1347 τὴν
1945 1302 2082 1336 παν-

437 1364 636 1442 ἑρημόν
689 1385 748 1419 τε
801 1362 1144 1445 καταλαϐὼν,
1177 1366 1337 1422 κάκεῖ
1377 1367 1468 1422 τὸν
1505 1367 1796 1424 ὑπόλοιπον
1841 1377 1930 1426 τοῦ
1971 1369 2085 1444 βίου

437 1453 633 1534 χρόνον
706 1452 1015 1532 διενεγκὼν,
1077 1455 1433 1532 προγνώσεών
1504 1479 1561 1512 τε
1624 1459 1710 1515 καὶ
1782 1460 2086 1537 μυστηρίων

437 1544 524 1598 καὶ
591 1543 841 1622 μεγάλωδ
921 1545 1277 1623 χαρισμάτων
1362 1544 1604 1610 ἆξὶωθεὶς
1641 1592 1658 1622 ,
1733 1545 1920 1611 πολιὸς
1989 1548 2087 1613 τὴν

437 1633 621 1713 τρίχα,
657 1635 840 1711 νεαρὸς
889 1634 988 1701 τὴν
1046 1632 1302 1711 σπουδὴν,
1340 1635 1468 1710 πρὸς
1528 1636 1622 1699 τὰς
1667 1635 1867 1692 ἐκεῖθεν
1923 1637 2087 1708 μονὰς

2167 833 2271 894 sed
2323 828 2622 892 manentis
2653 847 2784 890 eam
2842 829 3132 910 deinceps
3160 827 3480 903 felicitatis,
3514 836 3636 890 tum
3687 827 3815 890 da:-

2169 920 2449 983 monibus
2479 929 2717 981 vexatos
2747 917 3015 980 liberans
3047 927 3173 1000 tum
3208 917 3324 979 alia
3359 917 3543 980 multa
3571 916 3820 978 inﬁmi-

2173 1020 2353 1072 tatum
2408 1026 2630 1087 genera
2661 1008 3002 1088 precatione
3052 1007 3384 1087 depéllens.
3420 1005 3665 1068 Divinus
3705 1025 3815 1069 an-

2171 1109 2286 1162 tem
2341 1107 2520 1180 atque
2572 1099 2724 1160 inter
2775 1097 2931 1159 viros
2982 1097 3384 1159 admiratione
3432 1095 3820 1175 dignissimus

2166 1189 2524 1269 Xenophon,
2563 1187 2780 1249 detrita
2808 1196 2968 1248 veste
3011 1187 3277 1260 indutus,
3313 1204 3660 1268 magnaeque
3691 1192 3816 1248 vic-

2165 1287 2258 1340 tus
2310 1278 2724 1358 parcimonize,
2758 1285 2816 1338 et
2867 1277 3258 1357 asperitaium
3303 1275 3630 1338 tolerantiae
3684 1294 3817 1338 sese

2169 1369 2420 1441 dedens,
2458 1365 2710 1447 perinde
2761 1366 2930 1446 quasi
2978 1366 3241 1446 pristinis
3290 1366 3743 1444 magniﬁcentia:
3783 1384 3821 1426 ι

2170 1476 2236 1518 se
2290 1474 2497 1536 pmnas
2527 1455 2820 1535 exigeret,
2853 1455 2913 1517 in
2971 1456 3442 1540 desertissimum
3473 1455 3667 1517 locum
3719 1473 3818 1517 se-

2169 1547 2371 1620 cessit,
2408 1546 2509 1606 υιοί
2546 1556 2784 1626 peracta
2815 1545 3046 1627 reliqua
3100 1546 3240 1620 vita,
3274 1543 3812 1624 vaticinationibus,

2170 1635 2525 1716 arcanisque
2570 1643 2630 1696 et
2682 1635 2957 1696 maximis
3015 1635 3253 1696 dotibus
3309 1635 3581 1714 insignis,
3634 1653 3816 1696 canus

445 1722 884 1800 παραπέμπεται,
932 1721 1203 1802 ἄνθρωπος
1263 1723 1474 1790 ἀληθῶς
1533 1725 1625 1782 τοῦ
1669 1727 1801 1782 Θεοῦ
1856 1727 2087 1804 γενόμε-

2175 1725 2392 1806 capite,
2427 1724 2740 1803 diligentia
2767 1724 3035 1804 juvenis,
3070 1725 3130 1785 in
3169 1725 3508 1786 mansiones
3556 1725 3686 1786 illas
3715 1742 3816 1785 re-

440 1834 553 1884 νος,
613 1813 700 1868 καὶ
751 1811 876 1867 ὅλον
938 1813 1094 1868 οἷκον
1165 1814 1490 1892 καθιερώσας
1548 1817 1712 1893 αὐτῷ,
1774 1814 1976 1892 σπουδῇ
2031 1837 2089 1872 τε

445 1901 594 1977 πάσῃ
650 1902 975 1980 θεραπεύσας
1033 1903 1345 1974 πανοικεσίᾳ
1415 1903 1533 1959 κατ’
1594 1905 1924 1985 ἀμφοτερους
1972 1906 2089 1969 τοὺς

441 1990 583 2052 υἱοὺς
643 1991 907 2070 μακάριος
979 1988 1343 2070 ἀποδειχθεὶς,
1391 1994 1450 2048 τὸ
1506 1991 1821 2049 καινότστόν
1876 2017 1932 2051 τε
2004 1997 2092 2052 καὶ

443 2077 836 2157 χαλεπώτατον
891 2078 1227 2147 σωτηοιῶδες
1287 2079 1584 2158 ὑποδειγμα
1614 2083 1900 2158 γενόμενος
1958 2091 2088 2140 πᾶσι

443 2180 563 2232 τοῖς
619 2167 719 2234 τὴν
787 2166 1024 2243 ἁλμυρὰν
1080 2169 1216 2243 ἡμῖν
1247 2176 1336 2225 to}
1395 2170 1508 2245 βίου
1564 2171 1782 2228 πλέουσι
1831 2171 2091 2229 θάλατταν

450 2257 540 2312 καὶ
599 2257 857 2328 σώζεσθαι
888 2256 1256 2334 βουλομένοιςο
1311 2260 1368 2314 ὃν
1427 2261 1471 2316 εἰ
1515 2261 1591 2335 μὴ
1641 2263 1925 2334 θαυμάζειν
1984 2263 2091 2338 μό-

447 2369 560 2426 νον,
595 2345 733 2402 ἆλλὰ
783 2348 870 2403 καὶ
928 2351 1230 2422 μιμεῖσθαι,
1275 2347 1660 2425 σπουδάζομεν,
1716 2351 1944 2432 μέτοχοι
1989 2358 2094 2408 τῶν

455 2437 724 2511 μενόντων
786 2438 942 2494 αὐτὸν
997 2437 1208 2515 ἀγαθῶν
1267 2437 1518 2513 ἐσόμεθα,
1549 2442 1605 2495 ἓν
1657 2447 1864 2519 Χριστῷ
1923 2442 2096 2508 ’1ησοῦ

451 2533 529 2600 τῷ
576 2527 748 2604 Κυρίῳ
794 2527 970 2603 ἡμῶν,
1005 2528 1052 2602 ᾦ
1107 2527 1295 2606 πρέπει
1354 2534 1497 2584 πᾶσα
1558 2527 1699 2604 δόξα,
1758 2531 1909 2605 τιμὴ,
1957 2531 2093 2608 κρά-

449 2636 560 2694 τος,
605 2613 948 2694 μεγαλοσύνη
1007 2617 1096 2672 καὶ
1157 2615 1615 2694 μεγαλοπρέπεια,
1670 2625 1777 2694 νῦν,
1843 2623 1930 2676 καὶ
1986 2621 2090 2693 ἀεὶ,

443 2706 532 2761 καὶ
561 2707 634 2770 εἷς
666 2706 787 2771 τοὺς
823 2707 1019 2771 αἰῶνας
1048 2711 1153 2762 τῶν
1185 2707 1412 2769 αἰώνων,
1449 2705 1646 2784 Ἀμήν,

2172 1826 2382 1896 ceptus
2415 1823 2507 1876 est
2536 1835 2550 1875 :
2606 1813 2694 1875 vir
2718 1814 2964 1876 omnino
2997 1814 3119 1876 Deo
3169 1816 3428 1888 deditus,
3461 1825 3522 1876 ut
3546 1815 3648 1894 qui
3678 1833 3818 1875 cono

2173 1912 2408 1966 secrata
2439 1903 2550 1983 ipsi
2583 1904 2762 1965 domo
2795 1912 2934 1975 tota.
2970 1906 3254 1986 omnique
3280 1903 3602 1966 sedulitate
3623 1905 3810 1965 eidem

2171 1994 2439 2055 serviens
2483 2011 2616 2054 cum
2648 1993 2927 2056 universa
2955 1993 3178 2055 familia
3205 1995 3517 2074 utriusque
3561 1994 3692 2055 vitae
3721 1992 3811 2055 fe-

2174 2081 2394 2145 licitate
2451 2082 2814 2164 conspicuus
2866 2083 3129 2145 exstitit:
3195 2084 3475 2144 nimirum
3535 2083 3813 2144 omnibus

2175 2171 2568 2234 salsissimum
2601 2173 2731 2233 vita:
2760 2173 2938 2249 hujus
2970 2191 3132 2235 mare
3192 2171 3622 2252 navigantibus,
3657 2171 3816 2234 salu-

2179 2263 2366 2342 tisque
2411 2261 2694 2322 studiosis
2726 2261 3110 2322 novissimum
3141 2280 3208 2323 ac
3239 2261 3679 2336 difﬁcillimum,
3714 2260 3821 2322 sed

2178 2351 2437 2412 salutare
2487 2351 2825 2431 exemplum
2861 2351 3131 2413 eti'ectus.
3166 2351 3357 2424 Quem
3387 2351 3437 2412 si
3488 2370 3606 2412 non
3635 2350 3821 2412 admi-

2177 2439 2300 2502 rari
2349 2439 2648 2514 duntaxat,
2683 2458 2889 2502 verum
2923 2441 3101 2502 etiam
3139 2441 3359 2502 imitari
3413 2441 3821 2502 studuerimus

2180 2529 2240 2590 in
2298 2529 2569 2592 eamdem
2603 2548 2736 2590 cum
2795 2535 2924 2610 ipso
2984 2529 3277 2593 bonorum
3335 2531 3820 2592 communionem

2178 2620 2511 2693 veniemus,
2547 2618 2608 2680 in
2638 2619 2872 2682 Christo
2901 2618 3047 2683 Iesu
3079 2630 3138 2682 et
3183 2620 3437 2684 Domino
3465 2628 3693 2696 nostro,
3723 2619 3819 2682 cui

2173 2709 2428 2771 debetur
2483 2708 2679 2771 omnis
2734 2710 2948 2790 gloria,
3007 2711 3223 2786 honor,
3277 2711 3483 2784 virtus,
3545 2711 3821 2789 majestas

2171 2817 2240 2860 ac
2291 2799 2755 2878 magniﬁcentia,
2799 2819 2958 2862 nunc
3010 2807 3069 2862 et
3101 2802 3160 2862 in
3191 2799 3407 2863 saecula
3435 2799 3813 2862 saeculorum.

2169 2888 2386 2952 Amen.
