4098 6202
374 294 528 361 ιθιιθ
1421 297 1609 364 νΙΤΑ
1654 300 1714 364 S.
1761 300 2004 364 JOANN

2135 297 2691 362 CHRYSOSTOMI.
3589 289 3742 357 1050

364 435 590 510 εὖρίσνω
635 431 846 510 γραφὴν
905 431 965 486 τὸ
1026 439 1278 487 ταπεινον
1337 442 1492 491 τοῦτο
1551 433 1642 489 καί
1707 433 1833 513 παρ’
1892 438 2004 511 ὑμῖπ

2104 433 2326 496 tionem
2352 432 2762 493 statuissemus
2782 429 3170 510 colere,zegre
3196 424 3488 492 ferentes?
3509 424 3741 490 Deinde

367 522 650 587 δικασταῖς
707 521 1047 578 ἀπόπτυστον
1110 525 1228 598 περί
1274 521 1477 580 πολλοῦ
1537 525 1889 606 ποιουμένην,
1933 547 2003 582 κα

2105 526 2304 587 statim
2357 520 2769 584 adducebatur
2820 518 2880 581 in
2912 519 3255 599 exemplum
3295 517 3503 582 Daniel
3533 524 3592 578 et
3620 522 3742 578 tres

362 615 438 678 ὡς
485 610 635 670 οὐδέν
689 633 743 667 τι
802 608 936 667 ἄλλο
1005 615 1268 684 τιμῶσαν
1331 613 1393 668 τὸ
1447 610 1501 668 δὲ
1560 616 1806 692 περιττὸν
1863 615 2004 694 φιλό-

2106 616 2271 694 pueri
2297 609 2433 674 LEX
2452 611 2671 692 quibus
2695 610 2796 671 ille
2819 609 3087 687 quidem,
3120 608 3586 688 inquit,propter
3607 607 3738 668 ani-
3799 619 3804 624 '

361 724 520 777 τιμον
591 699 653 758 ἐκ
725 700 921 761 παντὸς
996 697 1385 756 διαϐάλλουσαν
1412 748 1428 773 ,
1505 703 1591 758 καὶ
1658 709 1862 781 μικρῶν
1933 704 2004 762 κα

2108 721 2219 762 mae
2251 701 2668 763 contritionem
2724 706 2782 760 et
2829 698 3078 778 spiritus
3133 697 3632 769 moderationem,
3665 695 3743 759 ab

369 789 564 848 ἆθλίων
625 793 819 868 ψυχῶν
851 787 1023 863 ἔρωτα
1081 786 1310 868 μᾶλλον,
1371 789 1501 870 οὗχῖ
1563 790 1837 868 μεγάλων,
1901 792 2004 853 ούδέ

2103 791 2466 853 oreleonum
2492 789 2640 850 adiri
2669 807 2782 851 non
2810 789 3020 867 potuit,
3060 787 3363 850 illiautem
3399 785 3652 864 conjecti
3679 786 3742 848 in

362 879 618 958 γενναίων
675 879 802 937 αὐτὸ
831 875 1137 950 τιθεμένην.
1170 877 1339 935 ’Ὥστε
1385 880 1479 936 οὒκ
1509 881 1725 954 ἀμαθῶς
1758 882 1868 960 ἐγὼ
1896 897 2004 947 τοῖς

2099 881 2406 942 fornacem
2440 880 2851 958 ignis,taotum
2877 877 3065 939 abfuit
3088 885 3149 938 ut
3169 877 3242 938 ab
3268 876 3399 956 ipso
3425 875 3740 938 vinceren-

361 968 613 1031 πλείονος
673 971 882 1042 τίθεμαι
927 966 1091 1044 λόγου
1147 967 1300 1025 τουτί
1363 970 1424 1024 τὸ
1480 969 1724 1047 μέτριονο
1773 971 1886 1028 ἐπεὶ
1928 967 2016 1028 καὶ

361 1057 619 1118 τοίούτοις
681 1054 926 1113 εὖδοκεῖν
955 1057 1207 1131 μανθάνω
1262 1058 1321 1114 τὸ
1363 1061 1531 1132 θεῖον,
1565 1059 1652 1117 καὶ
1697 1061 1858 1139 χάριν
1913 1062 2013 1135 μὲν

362 1148 606 1226 παρέχον
647 1146 770 1212 τοῖς
814 1159 1122 1224 ταπεινοῖς,
1155 1160 1274 1210 τοῖς
1320 1145 1364 1202 δ’
1396 1146 1646 1212 ἐναντίως
1680 1148 1870 1230 ἔχουσι
1915 1150 2009 1207 καί

361 1235 708 1315 μαχόμενον,
797 1244 973 1294 Ταῦτα
1080 1235 1283 1294 ἇκείνου
1367 1234 1618 1313 λέγοντος
1653 1287 1671 1312 ,
1757 1238 2013 1308 ἔκπληξις

361 1323 632 1400 ὶλάμϐανε
684 1325 806 1388 τοὺς
873 1326 1108 1403 πατέρας
1172 1325 1280 1404 [γρ.
1341 1327 1644 1405 τεκόντας].
1705 1327 2014 1386 Ἠκολούθει

361 1412 416 1472 δὲ
477 1415 690 1481 πάντως
753 1415 840 1472 καὶ
869 1415 903 1483 ἡ
947 1414 1053 1472 άπὸ
1108 1417 1217 1474 τῶν
1269 1417 1522 1494 ῥημάτων
1564 1418 1818 1497 ὠφέλεια’
1878 1419 2016 1478 ὥστε

361 1505 552 1580 μισθὸν
581 1507 764 1570 αὐτοῖς
811 1512 1050 1562 τοιοῦτον
1082 1503 1280 1562 διδόναι
1329 1511 1430 1572 τῆς
1463 1509 1534 1572 είς
1586 1509 1676 1564 τὸν
1707 1509 1822 1586 βίον
1877 1531 2015 1589 προ-

358 1591 502 1663 όδου,
564 1595 652 1650 καὶ
711 1593 838 1672 παρ’
899 1593 1113 1650 ὶκείνων
1189 1594 1374 1660 ἁπλῶς
1406 1597 1466 1652 τὸ
1539 1597 1681 1654 εἶναι
1757 1597 2012 1678 λαϐόντα,

361 1683 424 1740 τὸ
475 1684 534 1739 εὖ
603 1683 750 1740 εἶναι
811 1685 1026 1745 τούτους
1089 1685 1384 1763 φιλοτίμως
1441 1683 1769 1760 ἀμείϐεσθαι,
1847 1687 2012 1752 Μόλις

355 1771 412 1828 δὲ
457 1785 578 1836 τοῖς
633 1781 846 1850 γονεῦσι
905 1772 1151 1841 πεισθεὶς
1207 1771 1480 1854 ἠνόσχετιι
1538 1778 1600 1833 τὸ
1641 1778 1732 1833 σὺν
1776 1777 1850 1834 ἐνὶ
1905 1783 2072 1862 trima

353 1860 560 1919 παίδων
617 1862 832 1921 ἀπιέναι
861 1864 992 1942 πρὸς
1041 1863 1142 1931 τὴν
1195 1860 1493 1942 διατριϐήν.
1529 1868 1602 1924 Οὐ
1645 1865 1780 1924 πολὺ
1811 1868 1870 1924 τὸ
1917 1867 2009 1924 ἰν-

363 1951 536 2026 μέσφ,
570 1953 658 2010 καὶ
704 1954 732 2009 δ
775 1952 875 2028 μὲν
920 1952 1097 2032 πατὴρ
1154 1952 1498 2022 ἀπήλλακται
1543 1957 1647 2012 τῶν
1704 1957 2002 2034 παρόντων·

354 2042 389 2109 ἦ
447 2042 630 2118 μήτηρ
686 2039 766 2115 δὲ,
826 2043 917 2099 καὶ
975 2064 1217 2121 προωρον
1275 2044 1456 2124 ὥσπερ
1517 2043 1629 2124 [ῗσ.
1684 2045 1865 2122 ὥσπερ
1921 2047 2007 2103 καὶ

358 2130 626 2210 πρόωρον]
683 2131 1014 2208 ὑπομείνασα
1079 2133 1182 2200 τὴν
1249 2133 1506 2213 χηρείαν,
1567 2136 1653 2192 καὶ
1709 2135 1795 2192 ἰπὶ
1859 2134 2006 2193 παιδὶ

357 2219 462 2293 νέῳ
517 2220 606 2276 τὸν
659 2219 777 2296 βίον
820 2218 1142 2303 σαλεύουσα,
1187 2225 1378 2301 μυρίαν
1432 2229 1559 2304 εἶχε
1617 2225 1717 2291 τὴν
1773 2225 1860 2282 ἐπὶ
1903 2232 2010 2282 τῶν

357 2308 692 2387 πραγμάτων
777 2309 1114 2386 ἀνωμαλίαν,
1195 2314 1283 2370 καὶ
1368 2312 1546 2370 πολλᾶ
1625 2314 1692 2370 τὰ
1771 2312 2009 2395 δυσχερῆ

358 2397 649 2455 συνέπιπτε
696 2397 813 2456 καθ’
871 2399 1129 2474 ἑκάστην,
1180 2405 1274 2459 οἷα
1328 2403 1487 2479 μόναι
1540 2407 1592 2460 αἱ
1637 2411 1856 2461 τοιαῦτα
1898 2428 2009 2462 πα-

357 2489 542 2546 θοῦσαι
612 2491 794 2566 σαφῶς
850 2487 1184 2553 ἐπίστανται.
1273 2491 1486 2550 Τούτων
1558 2491 1735 2560 ἐκείνη
1803 2494 2008 2574 βραχὺν

359 2575 564 2656 ἔχουσα
618 2575 808 2658 λόγον,
842 2576 933 2636 δύο
989 2585 1110 2639 τῶν.
1146 2580 1361 2638 πάντων
1416 2582 1662 2647 πλείοιος
1706 2582 1851 2650 ἠξίου
1911 2605 2008 2657 με-

357 2665 549 2742 ρίμνης
606 2668 669 2723 τὸ
726 2665 954 2742 μηδενὸς
1013 2671 1151 2744 μετὰ
1211 2670 1314 2738 τήν
1370 2677 1463 2727 τοῦ
1521 2669 1707 2748 ἀνδρὸς
1751 2671 2004 2740 τελευτὴν

357 2753 540 2831 ἑτέρου
594 2756 892 2837 προσέχειν
921 2756 1077 2836 ἔρωτι
1119 2759 1365 2836 (καὶγὰρ
1415 2760 1573 2840 εἶχεν
1627 2760 1706 2818 ἔτι
1731 2767 1829 2830 τὴν
1872 2761 2002 2830 ἡλι-

2103 983 2213 1038 tur,
2241 983 2298 1028 ut
2322 973 2492 1029 etiam
2519 968 2938 1040 prapemodum
2967 971 3295 1027 viderentur
3320 966 3589 1025 ministro
3609 968 3743 1039 igne

2099 1066 2356 1131 utentes,
2384 1067 2444 1118 et
2473 1060 2528 1116 in
2558 1055 2858 1130 inimicos,
2889 1056 2989 1132 qui
3020 1051 3567 1123 circumsistebant,
3601 1069 3740 1114 eum

2094 1145 2322 1226 absque
2353 1145 2470 1206 ullo
2504 1144 2898 1205 immitterent
2930 1143 3362 1223 impedimento
3392 1141 3443 1206 9.
3499 1140 3742 1222 Alioqui

2096 1246 2296 1300 autem
2332 1235 2552 1316 ubique
2576 1233 2816 1296 invenio
2840 1233 3098 1296 divinam
3124 1232 3524 1313 Scripturam,
3561 1230 3736 1305 hanc,

2099 1344 2231 1408 quae
2259 1325 2413 1408 apud
2449 1323 2836 1404 vos,judices,
2870 1319 3743 1402 habeturconte'rrptui,hunii-

2101 1418 2311 1476 litatem
2338 1417 2551 1490 ubique
2575 1418 2768 1487 magni
2794 1417 3002 1477 facere.
3037 1425 3091 1473 et
3117 1425 3174 1472 ut
3194 1413 3339 1472 nihil
3365 1411 3739 1484 magis,com-

2101 1502 2388 1564 mandare
2414 1523 2426 1561 :
2462 1501 2675 1563 fastum
2701 1518 2837 1563 vero
2864 1507 2922 1562 et
2951 1500 3196 1563 honoris
3227 1497 3488 1560 studium
3523 1513 3736 1577 repre-

2100 1593 2392 1655 hendere:
2417 1591 2599 1673 idque
2618 1590 2818 1671 pusilli
2842 1599 2898 1652 et
2923 1590 3141 1670 abjecti
3161 1607 3294 1651 esse
3313 1588 3505 1669 potius
3524 1585 3733 1663 animi,

2098 1701 2272 1763 quam
2300 1681 2518 1744 excelsi
2552 1691 2614 1742 et
2645 1681 2868 1760 magni,
2900 1681 3144 1744 ducere.
3177 1677 3579 1752 Quamobrem
3615 1693 3735 1738 non

2097 1793 2207 1853 ego
2238 1775 2586 1855 ignoranter
2610 1773 2800 1854 pluris
2829 1771 2984 1834 facio
3015 1773 3168 1841 hanc
3201 1769 3678 1834 mediocritatem
3718 1786 3732 1827 :

2094 1867 2282 1928 Deum
2309 1865 2470 1927 enim
2509 1863 2687 1926 didici
2734 1862 2830 1925 his
2853 1862 3137 1926 delectari
3163 1861 3339 1940 (solet
3363 1860 3522 1921 enim
3555 1855 3737 1919 simul

2093 1973 2225 2017 cum
2242 1963 2490 2017 externo
2512 1953 2716 2016 habitu
2731 1953 2883 2017 afﬁci
2900 1953 3208 2032 anima),et
3223 1951 3473 2031 gratiam
3493 1947 3734 2028 quidem

2093 2044 2360 2124 prabere
2382 2043 2713 2106 humilibus
2731 2045 2800 2105 δε
2834 2044 2906 2106 iis
2937 2041 3270 2125 autem,qui
3301 2049 3511 2104 contra
3533 2055 3600 2100 se
3623 2036 3732 2099 ha-

2089 2133 2588 2210 bent,adversari.
2622 2133 2761 2197 Haec
2790 2134 2892 2196 illo
2917 2134 3182 2212 dicente,
3209 2139 3492 2213 parentes
3520 2127 3732 2189 obstu-

2095 2236 2375 2304 puerunt.
2410 2225 2749 2287 Consecuta
2777 2233 2868 2286 est
2891 2233 3090 2286 autem
3115 2222 3578 2300 omnino,qutea
3609 2236 3735 2280 ver-

2095 2313 2284 2385 bis,ut
2305 2315 2500 2394 potius
2520 2331 2652 2394 quas
2673 2331 2706 2374 a
2728 2313 2901 2375 factis
2921 2312 3284 2394 procedebat
3304 2309 3554 2372 utilitas:
3578 2307 3729 2370 adeo

2092 2412 2158 2464 ut
2181 2402 2358 2465 talem
2385 2404 2475 2467 eis
2495 2404 2668 2465 daret
2691 2404 3037 2465 mercedem
3063 2420 3188 2464 suae
3208 2401 3270 2464 in
3304 2400 3477 2461 vitam
3511 2395 3731 2476 produ-

2093 2493 2305 2554 ctionis
2329 2514 2344 2554 :
2367 2503 2423 2557 et
2457 2493 2559 2574 qui
2583 2492 2657 2554 ab
2682 2492 2769 2554 eis
2797 2491 3042 2574 quidem
3075 2493 3269 2553 solum
3297 2493 3634 2568 acceperat,
3667 2490 3736 2548 iit

2091 2592 2272 2664 esset;
2301 2582 2536 2646 utbene
2557 2581 2836 2655 i-sset,eis
2861 2581 3143 2645 muniﬁce
3161 2575 3584 2664 redderet.Vix
3608 2585 3734 2639 tan-

2089 2677 2216 2736 dem
2235 2661 2428 2735 autem
2452 2694 2480 2735 ο
2507 2677 2844 2748 parentibus
2867 2691 3201 2748 persuasus,
3235 2677 3292 2732 in
3318 2672 3424 2731 hoc
3440 2661 3526 2731 eis
3548 2678 3728 2744 paret,

2088 2763 2190 2840 qui
2223 2761 2450 2843 alioqui
2479 2779 2544 2824 se
2570 2761 2631 2823 in
2654 2761 2790 2822 aliis
2813 2760 3114 2841 praebebat
3136 2755 3726 2832 obedientissimum,

351 2843 468 2902 κίαν
514 2857 637 2906 ταῖς
691 2847 965 2913 τοιαύταις
1022 2847 1220 2925 πάγαις
1271 2847 1595 2925 ἁλώσιμον),
1652 2853 1741 2908 καὶ
1789 2853 1850 2908 τὸ
1911 2854 2004 2908 τὸν

2090 2858 2152 2912 ut
2174 2868 2554 2932 nequaquam
2586 2851 2829 2931 quidem
2865 2869 3000 2912 cum
3035 2847 3334 2930 pluribus,
3371 2845 3475 2907 sed
3509 2862 3630 2908 uno
3657 2861 3729 2904 ex

351 2931 526 2990 παῖδα
573 2935 713 2992 οὓτω
772 2937 1113 3015 προαγαγεῖν
1169 2935 1277 3020 Ιγρ.
1340 2937 1670 3022 προσάγειν],
1701 2942 1776 3005 ὡς
1829 2940 2004 3016 μηδε-

2090 2940 2324 3003 famulis
2353 2931 2489 3002 eum
2521 2939 2997 3012 comitante,iret
3016 2939 3090 3002 ad
3115 2936 3321 2999 ludum
3340 2934 3698 2999 litterarium
3714 2979 3730 2994 .

355 3023 480 3112 μίαν
551 3023 736 3103 ἑτέραν
801 3023 1096 3084 δείκνυσθαι
1162 3030 1400 3086 τοιούτου
1465 3029 1694 3108 μητέρα.
1760 3030 1909 3089 Ἐπεὶ
1949 3030 2004 3088 δὲ

2090 3028 2214 3092 Non
2250 3030 2504 3092 multum
2538 3031 2921 3112 interjectum
2968 3037 3060 3092 est
3112 3028 3422 3108 temporis,
3475 3032 3531 3088 et
3564 3031 3733 3104 pater

355 3110 571 3176 ἔκεῐνος
632 3115 1017 3192 γραμματικήν
1061 3137 1118 3173 τε
1162 3118 1250 3174 καὶ
1292 3119 1390 3186 τὴν
1451 3118 1732 3198 ἐγκύκλιον
1784 3119 2002 3179 παίδευ-

2090 3119 2331 3197 quidem
2367 3121 2620 3183 excessit
2651 3110 2830 3183 evita
2855 3120 3129 3201 praesenti
3167 3138 3181 3179 :
3216 3125 3406 3180 mater
3441 3119 3737 3186 autem,ut

354 3221 436 3258 σιν
470 3203 733 3291 ,ἐκμαθὼν
764 3203 855 3279 ἦν,
888 3205 1016 3262 εἶτα
1075 3205 1167 3262 καί
1202 3205 1495 3282 ῥητορικῆς
1541 3209 1629 3265 καὶ
1689 3208 2002 3291 φιλοσοφίας

2090 3229 2220 3291 quae
2249 3219 2664 3291 prmmaturam
2689 3209 2976 3273 subiisset
2997 3208 3368 3287 viduitatem,
3397 3215 3454 3268 et
3484 3210 3723 3285 propter

353 3290 624 3382 skﬁapov
653 3292 846 3370 ἤλασε,
884 3294 984 3362 τὴν
1043 3295 1145 3368 μὲν
1172 3297 1246 3362 ὣς
1305 3295 1492 3367 ἄριστα
1525 3296 1768 3358 Διὸανίου
1828 3290 2002 3375 παρα-

2090 3290 2333 3382 puerum
2349 3299 2543 3362 adhuc
2566 3309 2786 3363 teneras
2806 3300 3164 3374 :etatis,vita
3183 3297 3466 3361 fluctibus
3485 3293 3728 3374 agitata,

356 3379 536 3471 λαϐὼν
575 3383 664 3455 (οὗ
706 3383 844 3442 πολὺ
895 3387 958 3443 τὸ
1018 3387 1092 3447 εἷς
1149 3387 1441 3467 ῥητορικὴν
1500 3388 1656 3454 κλέος
1701 3390 1869 3468 ἐστὶ),
1901 3392 2000 3460 τὴν

2090 3379 2292 3452 multis
2317 3398 2376 3452 et
2402 3390 2582 3452 variis
2607 3389 2880 3471 quotidie
2910 3389 3230 3452 vexabatur
3257 3386 3496 3451 casibus
3519 3393 3579 3447 et
3596 3402 3729 3444 mo-

359 3468 415 3528 δὲ
484 3472 650 3532 πάλιν
731 3472 1111 3553 Ἀνδραγαθίοῦ
1181 3476 1490 3557 φιλοπόνως
1573 3479 1997 3559 ἀκροασάμενος,

2090 3480 2558 3561 lestiis,quaseae
2587 3468 2731 3542 sola:
2757 3489 2968 3561 aperte
2999 3481 3223 3554 sciunt,
3255 3495 3390 3560 quae
3420 3475 3554 3538 illas
3583 3492 3729 3536 sen-

352 3561 404 3650 τί
431 3562 631 3641 γίνεται
670 3583 686 3639 ;
2087 3569 2528 3642 tiunt.Quorum
2545 3570 2787 3650 quidem
2804 3588 3044 3650 parvam
3062 3569 3162 3632 illa
3173 3567 3401 3630 ducens
3413 3566 3703 3629 rationem
3719 3609 3734 3638 ,

353 3649 471 3714 duo
499 3670 570 3714 ex
601 3653 882 3716 omnibus
901 3654 1160 3718 maxime
1178 3654 1445 3718 curabat:
1475 3673 1695 3735 nempe
1724 3664 1788 3717 ut
1813 3664 1870 3718 et
1893 3667 2029 3738 post
2046 3658 2138 3718 sui
2165 3658 2359 3720 mariti
2387 3649 2699 3722 decessum
2736 3649 2960 3720 nullius
2981 3676 3186 3720 amore
3205 3667 3522 3737 caperetur
3544 3661 3734 3732 tpote-

352 3750 440 3804 rat
464 3741 623 3803 enim
650 3744 783 3824 ejus
803 3756 946 3808 aetas
965 3745 1162 3807 adhuc
1183 3747 1315 3825 capi
1337 3746 1432 3807 his
1455 3744 1697 3826 laqueis:
1715 3754 1797 3809 :et
1820 3745 2008 3808 [ilium
2033 3751 2120 3808 sic
2143 3748 2430 3810 educeret
2457 3750 2643 3828 (9),ut
2671 3747 2832 3809 nulla
2853 3747 2970 3810 alia
2991 3747 3415 3809 ostenderetur
3437 3751 3627 3806 mater
3645 3750 3730 3803 ta.

352 3830 426 3893 lis
445 3830 904 3915 filii.Postqnam
931 3843 1131 3898 autem
1158 3835 1258 3897 ille
1280 3834 1593 3896 didicisset
1614 3836 2058 3914 grammaticam
2084 3845 2143 3900 et
2169 3836 2380 3900 orbem
2411 3837 2897 3918 disciplinarum,
2923 3837 3142 3899 deinde
3165 3836 3338 3896 etiam
3367 3831 3636 3913 pervenit
3654 3827 3730 3892 ad

348 3940 649 3983 summum
673 3923 918 3986 dicendi
947 3925 1244 3988 facultatis
1262 3933 1448 4006 atque
1465 3925 1869 4006 philosophiae
1895 3947 1909 3986 :
1945 3935 2006 3989 ut
2029 3929 2130 4009 qui
2162 3927 2324 3989 illam
2354 3928 2593 4009 quidem
2629 3946 2806 4010 quam
2835 3931 3061 4006 Optime
3092 3925 3450 4004 acceperita
3483 3920 3728 3984 Libanio

346 4011 520 4092 cujus
549 4021 674 4074 erat
703 4012 955 4094 insignis
987 4015 1142 4077 fama
1166 4021 1226 4076 in
1255 4023 1381 4076 arte
1413 4013 1690 4079 dicendi:
1724 4015 1878 4078 hanc
1907 4025 2107 4080 autem
2127 4017 2201 4078 ab
2232 4016 2640 4097 Andragathio
2673 4016 2993 4096 diligenter
3024 4015 3297 4079 adiverit.
3330 4011 3482 4087 Quid
3512 4013 3622 4074 fit?

429 4104 510 4164 B'.
577 4108 742 4174 Πόθος
777 4111 936 4168 αὺτὸν
981 4115 1226 4175 πλείονος
1277 4109 1516 4174 παιδείας
1577 4112 1664 4167 καὶ
1694 4111 1767 4172 είς
1827 4110 1994 4182 Ἀθή-

2139 4109 2596 4174 II.Desiderium
2623 4111 2868 4191 majoris
2888 4109 3250 4172 eruditionis
3269 4109 3350 4180 (in
3372 4106 3644 4186 pluribus
3667 4123 3726 4168 e-

348 4217 442 4258 νας
515 4196 792 4273 ἀφικέσθαι
867 4201 1281 4277 παρασκευάζεισ
1355 4200 1518 4258 κάκεῖ
1589 4201 1856 4278 σοφιστῶν
1938 4204 1996 4258 τε

2090 4202 2202 4260 nim
2231 4200 2403 4291 bonis
2420 4199 3149 4291 assequendislaborabat
3169 4196 3517 4279 cupiditate)
3543 4193 3728 4258 efﬁcit

349 4286 441 4341 καί
501 4285 817 4368 φιλοσόφων
847 4302 967 4352 τοῖς
1001 4289 1238 4365 ἀρίστοις
1270 4291 1330 4346 ού
1381 4289 1518 4346 κατὰ
1549 4290 1817 4369 πάρεργον
1863 4313 1996 4370 συγ-

2090 4298 2148 4350 ut
2172 4290 2372 4352 veniat
2393 4291 2748 4366 Athenas,et
2771 4289 2894 4352 illic
2917 4288 3092 4351 simul
3118 4305 3360 4350 versans
3385 4305 3516 4348 cum
3544 4301 3731 4365 praes-

348 4375 654 4461 γινόμενος,
686 4375 828 4435 οὕτω
881 4380 971 4436 καὶ
1015 4387 1134 4437 νοῦν
1168 4377 1472 4460 ἐπλούτισε,
1504 4381 1594 4437 καὶ
1625 4379 1867 4458 γλῶτταν
1926 4382 2000 4444 είς

2090 4379 2436 4442 lantissimis
2452 4378 2865 4442 rhetoribuset
2883 4377 3372 4461 philosophis,sic
3388 4385 3444 4438 et
3464 4387 3728 4437 mentem

349 4460 513 4542 ἄκρον
555 4463 824 4543 ἤσκησεν,
855 4470 930 4531 ὡς
965 4466 1151 4544 μηδενὶ
1207 4467 1394 4547 ῥᾳδίως
1425 4476 1519 4528 τοῦ
1549 4469 1672 4526 ἴσου
1729 4493 1996 4552 παραχω-

2090 4468 2490 4549 locupletavit,
2523 4477 2583 4530 et
2605 4469 2869 4548 linguam
2889 4460 3136 4529 summe
3159 4466 3448 4546 exercuit,
3483 4473 3548 4526 ut
3580 4463 3731 4526 nulli

348 4567 490 4629 ρετν.
537 4553 806 4613 Ἐντεῦθεν
864 4555 1131 4639 ὶπίσημος
1204 4557 1259 4615 ἐν
1317 4559 1522 4639 βραχεῖ
1583 4558 1678 4616 οὒκ
1749 4559 1999 4629 ’Δθῆναις

2090 4559 2257 4621 facile
2287 4558 2672 4628 concederet,
2706 4565 2771 4618 ut
2838 4567 2997 4620 esset
3025 4577 3162 4620 cum
3195 4576 3266 4620 eo
3297 4553 3724 4619 conferendus.

351 4643 539 4723 μόνοι,
569 4643 711 4702 ἀλλὰ
759 4648 846 4703 καὶ
902 4638 1117 4705 Ἐλλάδι
1168 4654 1238 4726 τῇ
1287 4638 1459 4726 πάσηί
1491 4649 1715 4730 γίνεται,
1761 4652 1848 4708 καὶ
1905 4673 2000 4708 τοο

2090 4646 2231 4710 Hinc
2260 4647 2476 4709 factum
2512 4654 2695 4721 est,ut
2724 4645 2890 4708 brevi
2922 4656 3082 4710 esset
3107 4647 3507 4725 insignis,non
3531 4643 3723 4706 solum

352 4741 569 4815 σοῦτον,
598 4735 672 4800 ὣς
717 4738 806 4793 καὶ
838 4738 980 4811 αὐτῷ
1010 4735 1074 4807 δὴ
1106 4741 1184 4814 τῷ
1233 4740 1463 4819 ὑπάρχῳ
1491 4739 1589 4807 τῆς
1620 4747 1728 4796 τῶν
1759 4739 1996 4808 Ἀθηνῶν

2090 4735 2470 4806 Athenis,sed
2491 4737 2667 4798 etiam
2690 4737 2748 4798 in
2774 4736 3061 4799 universa
3079 4735 3330 4802 Graecia:
3356 4735 3505 4799 adeo
3529 4745 3589 4796 ut
3611 4734 3726 4815 ipsi

349 4821 585 4904 πόλεως,
611 4826 674 4910 τὸ
732 4825 855 4882 κατ’
885 4827 1010 4904 ὄψιν
1037 4829 1202 4903 μόνον
1253 4827 1452 4906 ἐλθεῖν,
1482 4835 1700 4907 πρᾶγμα
1731 4828 1994 4907 λογισοῆ-

2090 4847 2318 4909 quoque
2343 4827 2622 4908 praefecto
2645 4827 2923 4910 praetorio
2946 4845 3044 4891 res
3071 4827 3376 4891 videretur
3395 4845 3526 4890 esse
3547 4825 3726 4904 digna

346 4933 430 4970 ναι
482 4909 717 4980 σπουδῆς
773 4913 942 4977 ἄξιον.
993 4921 1141 4975 Κατὰ
1199 4938 1316 4973 τινα
1367 4922 1492 4992 γοῦν
1543 4919 1728 4996 καιρὸν
1785 4919 1988 4986 ἐκκλη-

344 5003 616 5082 σιάζοντα,
675 5003 764 5059 καὶ
808 5005 930 5070 τοὺς
991 5005 1077 5062 ἐπὶ
1140 5003 1264 5080 δόξῃ
1337 5007 1425 5061 καὶ
1484 5004 1630 5083 λόγῳ
1681 5008 1747 5063 τὰ
1805 5009 1990 5087 πρῶτα

340 5094 596 5172 φέροντας
651 5093 1022 5168 συγκιλοῦντα
1075 5101 1182 5151 τῶν
1247 5093 1564 5166 Ἀθηναίων,
1616 5098 1776 5160 πόθος
1835 5100 1994 5157 αὐτὸν

339 5180 609 5257 λαμϐάνει
639 5181 900 5244 πλεῖστος
958 5181 1423 5259 μετακαλέσασθαι
1456 5186 1541 5240 καὶ
1578 5185 1669 5242 τὸν
1701 5183 1847 5261 ἅγιον
1900 5189 1992 5244 σὺν

335 5271 517 5347 πολλῇ
561 5272 656 5328 καὶ
685 5271 956 5351 φιλοτίμῳ
985 5280 1053 5350 τῇ
1097 5275 1371 5352 θεραπείᾳ,
1405 5272 1595 5352 ὄχημα
1624 5296 1679 5330 τε
1733 5275 1986 5352 πέμψαν-

333 5383 424 5436 τα,
459 5362 546 5418 καὶ
599 5359 739 5428 ἄλλη
785 5365 960 5432 ὁπόση
991 5366 1070 5430 τίς
1126 5365 1239 5422 ἐστι
1296 5365 1431 5438 πρὸς
1479 5371 1635 5420 τοῦτο
1677 5361 1983 5444 δορυφορία.

2079 4935 2293 4995 magno
2342 4916 2567 4989 studio,
2598 4918 2688 4980 vel
2739 4917 2937 4980 solum
2989 4919 3192 4981 venire
3244 4918 3303 4981 in
3336 4921 3720 4996 conspectum

2074 5007 2472 5072 Athenarum.
2506 5011 2653 5070 Cum
2688 5027 2832 5089 ergo
2859 5008 3116 5092 quodam
3167 5017 3438 5087 tempore
3469 5004 3722 5068 haberet

2077 5098 2459 5174 concionem,
2495 5109 2552 5160 et
2583 5118 2686 5161 eos
2737 5110 3096 5162 convocaret
3127 5117 3196 5160 ex
3224 5092 3716 5166 Atheniensibus,

2076 5189 2181 5270 qui
2212 5201 2270 5249 et
2295 5189 2487 5268 gloria
2512 5199 2572 5251 et
2603 5189 2844 5252 dicendi
2878 5189 3162 5250 facultate
3191 5187 3477 5249 tenebant
3500 5185 3722 5264 primas

2075 5287 2297 5359 partes,
2327 5280 2382 5341 ei
2413 5298 2574 5341 curre
2599 5279 2729 5355 fuit,
2775 5288 2839 5340 ut
2869 5286 3140 5340 sanctum
3174 5294 3418 5356 quoque
3449 5273 3718 5337 ofﬁciose

2075 5378 2310 5430 vocaret
2331 5377 2388 5431 et
2412 5370 2745 5432 honorifice
2773 5390 2786 5426 :
2807 5367 3127 5448 statimque
3150 5368 3397 5429 missum
3426 5365 3535 5428 fuit
3558 5363 3722 5447 vehi.

416 5483 438 5526 ί
471 5483 622 5545 Dan.
658 5499 736 5556 γι,
772 5485 800 5545 1
837 5503 1008 5572 seqq.
1096 5487 1123 5532 ⁸
1153 5486 1306 5552 Dan.
1341 5502 1427 5563 In,
1461 5484 1537 5550 24
1574 5501 1742 5568 seqq.
1824 5485 1859 5538 8
1887 5487 2004 5551 Jac.

2090 5503 2133 5563 γ,
2161 5488 2236 5551 10
2264 5509 2281 5564 ;
2315 5487 2340 5552 Ι
2371 5491 2536 5552 Patr.
2569 5509 2613 5567 ι,
2645 5490 2704 5552 θ.

423 5606 501 5690 (2)
531 5610 580 5693 f.
614 5609 919 5678 educeret.
