4032 6202
409 325 550 394 1051

1701 326 1990 392 MENSIS
2038 325 2496 391 JANUARIUS.

3644 326 3817 394 1052

402 462 1005 542 culum,etalius,qui
1027 462 1096 526 ad
1133 461 1247 524 hoc
1275 459 1537 538 expedit,
1563 462 1904 524 comitatus.
1938 458 2049 525 Sed

2144 459 2297 518 Ἀλλ’
2349 461 2558 526 ἐκεῖνος
2614 466 2803 541 ταῦτα,
2863 461 2936 528 ὡς
2990 462 3213 542 περιτιᾶ
3260 465 3348 520 καὶ
3401 461 3656 531 ἀνόνητα
3713 464 3827 520 ιιιὶ

403 556 508 617 ille
529 557 655 619 haec
679 563 954 636 tanquam
985 568 1424 632 supervacanea
1450 559 1508 611 et
1535 551 1770 612 inutilia
1795 560 1851 612 et
1877 552 2052 614 veluti

408 644 588 708 inane
602 643 1266 722 itinerisadjumentum
1283 641 1780 722 repellens,solus
1797 641 1946 703 viam
1963 651 2053 704 est

405 737 863 815 ingressus,suis
889 742 1062 794 utens
1086 731 1538 812 pedibus,quod
1564 731 1808 812 quidem
1833 732 1949 794 sibi
1973 735 2050 794 fa-

407 825 686 886 ciendum
712 823 1015 886 constituit
1039 822 1224 902 is,qui
1250 829 1340 884 est
1365 831 1636 895 sanus,et
1661 840 1780 882 non
1806 833 2053 903 propter

407 911 807 994 arrogantiam
843 923 900 975 et
923 931 1128 975 vanam
1165 913 1414 991 gloriam
1458 930 1526 973 ea
1553 912 1807 974 sustinet
1828 912 2049 988 facere,

399 1023 528 1086 quae
547 1002 1191 1084 aagroti.Quamobrem
1217 1003 1406 1079 magis
1431 1010 1744 1083 stupentes
1771 1004 1899 1082 ejus
1921 1022 2053 1063 mo-

401 1097 785 1166 derationem,
818 1108 870 1155 et
913 1113 1039 1154 eam
1079 1112 1208 1168 qua:
1231 1096 1541 1168 apparebat
1563 1096 2054 1166 constitutionem,

399 1183 691 1246 ducentes
722 1203 856 1247 esse
886 1183 1207 1263 imaginem
1243 1182 1622 1263 animae,quae
1654 1202 1772 1244 non
1803 1199 2052 1263 appare-

402 1274 662 1355 bat,ipse
688 1276 914 1356 primus
936 1272 1214 1354 praetorio
1241 1273 1556 1353 praefectus
1602 1280 1660 1334 et
1680 1273 1778 1353 qui
1812 1291 1946 1334 cum
1979 1291 2050 1336 eo

403 1364 680 1438 aderant,
713 1364 770 1426 ei
818 1363 1128 1426 accedenti
1162 1361 1441 1424 lubenter
1475 1369 1958 1438 assurrexerunt,
1996 1371 2054 1425 et

408 1473 544 1515 eum
580 1472 758 1534 aSpex
773 1461 950 1516 erunt
983 1453 1168 1515 oculis
1201 1452 1542 1534 reverentia
1575 1451 1766 1534 plenis
1796 1452 2050 1534 etbene-

404 1531 901 1592 volt-ntia'Deinde
915 1535 1089 1590 etiam
1113 1535 1165 1588 vi
1190 1531 2055 1599 attrahentes(resistebatenim

404 1624 648 1696 propter
665 1617 1078 1677 vehementem
1099 1631 1366 1676 amorem
1400 1611 2056 1694 moderationislprimo

405 1705 532 1763 loco
556 1721 688 1763 eum
713 1705 930 1776 dignati
952 1705 1459 1774 sunt,pub|iceque
1482 1711 1768 1760 ornarunt
1788 1705 2058 1775 eloquen-

2137 552 2290 607 κενὸν
2351 554 2472 607 οἷον
2515 551 2732 629 πορείας
2791 550 3060 632 ἐφόλκιον,
3094 549 3446 629 διωσάμενος,
3482 554 3662 628 μόνος
3709 551 3826 608 εἷ-

2137 661 2270 720 χετο
2301 645 2400 706 τῆς
2451 637 2592 714 ὃδοῦ,
2629 641 2751 697 ποσὶ
2802 655 2921 705 τοῖς
2965 642 3165 717 ἑαμτου
3197 641 3509 722 χρώμενος.
3557 639 3695 720 ἰ’-ρ’
3751 645 3828 698 οὗ

2135 730 2224 786 καὶ
2279 728 2482 804 μᾶλλον
2519 731 2677 787 αὐτὸν
2729 729 3088 809 ἐκπλαγέντες
3138 736 3236 798 τῆς
3285 733 3686 811 μετριότητος,
3715 733 3826 787 ιι.ιὶ

2136 820 2236 886 τὴν
2280 820 2611 898 φαινομένην
2660 821 2986 877 κατάστασιν
3038 822 3218 880 εἰκόνα
3260 823 3357 889 τῆς
3390 821 3634 902 ἀφανοῦς
3691 827 3826 896 ψη-

2138 913 2249 988 χῆς
2305 910 2690 985 ποιησάμενοι,
2740 911 2896 973 αύτός
2941 932 2999 966 τε
3047 916 3257 990 πρῶτος
3319 913 3424 990 [γρ.
3477 911 3734 990 πρῶτον]
3787 911 3823 967 ὁ

2137 997 2402 1078 ὕπαρχος,
2437 1001 2526 1057 καὶ
2579 999 2691 1056 ὅσοι
2749 997 2816 1067 δὴ
2871 1002 3249 1080 συμπαρῆσαν,
3282 1003 3372 1059 καὶ
3411 1000 3824 1067 ὁπανέστησαν

2138 1090 2436 1165 προσιόντι,
2490 1090 2579 1146 καὶ
2627 1091 2758 1168 πρὸς
2803 1089 2919 1168 βίαν
2963 1089 3422 1167 ἐπισπασάμενοι,
3468 1096 3570 1160 τῆς
3630 1111 3822 1170 προι-

2137 1176 2304 1255 δρίας,
2346 1177 2542 1258 ἠξίουν,
2577 1176 2811 1254 δημοσίᾳ
2840 1201 2898 1237 τε
2959 1194 3077 1245 τοῖς
3107 1180 3168 1237 ἐκ
3198 1179 3375 1260 λόγων
3405 1181 3660 1246 ἐπαίνοις
3713 1179 3824 1236 καὶ

2133 1279 2256 1331 ταῖς
2315 1265 2505 1331 ἄλλαις
2537 1267 2944 1348 ἐφιλοτιμοῦντο
2995 1283 3209 1346 τιμαῖς.
3264 1278 3439 1330 Ταῦτα
3477 1269 3533 1328 δὲ
3596 1271 3815 1347 πρᾴως

2133 1357 2224 1412 τὸν
2283 1357 2473 1436 φθόνον
2511 1357 2605 1415 οὒκ
2637 1357 2704 1426 ἧν
2747 1358 3015 1440 ἐνεγκεῖν,
3047 1360 3165 1418 οὐδὲ
3214 1374 3334 1427 τοῖς
3364 1362 3470 1418 τῶν
3501 1360 3816 1435 βασκάνων

2139 1441 2361 1519 ἔμελλεν
2423 1445 2727 1524 ὀφθαλμοῖς
2762 1448 2972 1525 φορητὰ
3002 1447 3250 1525 γενέσθαι
3291 1450 3379 1505 καὶ
3408 1447 3615 1510 ἄλυπα,
3683 1452 3816 1512 τῆς

2141 1534 2240 1612 γὰρ
2285 1535 2447 1601 κενῆς
2492 1532 2650 1601 δόξης
2696 1535 2916 1615 σχᾶτως
2990 1536 3445 1618 ἀντιποιούμενοι,
3505 1539 3610 1604 τὴν
3658 1539 3812 1612 πρὸς

2140 1621 2350 1680 ἐκεῖνον
2409 1625 2577 1698 τιμὴν
2632 1626 2734 1692 της
2792 1625 2992 1683 ἑαυτῶν
3049 1626 3238 1706 ὕφεσιν
3309 1628 3554 1700 ἐνόμιζον
3617 1627 3809 1683 εἶναι·

2139 1712 2376 1790 καθάπερ
2433 1711 2498 1780 δὴ
2562 1715 2647 1772 καὶ
2731 1713 2992 1790 Ἀνθεμίῳ
3059 1716 3182 1773 τότε
3251 1714 3576 1788 συνέϐαινεν,
3646 1714 3811 1793 ἆνδρὶ

405 1791 501 1853 tiae
531 1790 811 1852 laudibus
865 1799 922 1852 et
951 1790 1087 1851 aliis
1120 1787 1471 1889 privilegiis.
1497 1785 1676 1889 .Fieri.
1701 1795 1900 1850 autem
1933 1806 2049 1888 non

2139 1801 2237 1868 τὴν
2288 1785 2385 1877 μὲν
2417 1805 2702 1882 θρησκείαν
2749 1785 3193 1879 illnvt,'1118t&
3241 1805 3340 1882 μὲν
3367 1806 3466 1874 την
3509 1785 3636 1885 περι
3670 1785 3807 1868 τοίως

404 1888 731 1962 poterat,ut
759 1880 1089 1942 toleranter
1119 1878 1462 1976 haec-ferret
1495 1877 1717 1976 invidia
1741 1895 1896 1976 inec
1921 1877 2049 1940 sine

2139 1890 2333 1968 λόγους
2368 1877 2601 1962 σπουδὴν
2634 1894 2894 1969 ὀνόματος
2930 1877 2990 1951 ού
3020 1894 3219 1976 φαύλου
3243 1877 3612 1976 ’τετυχηκότες
3649 1917 3806 1971 προ-

402 1971 613 2033 dolore
645 1971 770 2032 haec
787 1971 1128 2051 aspicerent
1156 1967 1492 2031 invidorum
1517 1966 1705 2030 oculi.
1741 1965 1881 2028 Nam
1915 1985 2050 2029 cum

401 2079 608 2124 vanam
632 2061 881 2140 gloriam
915 2078 1148 2121 summe
1173 2057 1286 2120 sibi
1312 2057 1708 2132 vindicarent,
1738 2057 2052 2120 existima-

402 2149 549 2214 bant
571 2151 732 2212 illius
749 2151 1040 2213 honorem
1055 2150 1230 2213 iiloru
1244 2168 1298 2210 m
1315 2147 1532 2211 honori
1545 2146 2053 2220 detrahere.Quo-

403 2240 581 2303 modo
610 2241 850 2314 accidit,
886 2248 950 2301 ut
982 2251 1104 2301 tum
1143 2256 1380 2320 quoque
1434 2238 1778 2300 afﬁceretur
1808 2238 2047 2301 Anthe-

407 2330 584 2403 mius,
621 2332 724 2412 qui
770 2349 887 2391 non
913 2329 1075 2410 parvi
1097 2327 1337 2410 quidem
1383 2327 1773 2389 fuitnominis
1806 2334 2050 2408 propter

403 2419 668 2483 studium
701 2418 1337 2501 eloquentize,gentilis
1358 2425 1555 2480 autem
1579 2425 1706 2478 erat
1729 2416 2045 2494 religione,

404 2520 462 2574 et
488 2509 709 2592 alioqui
737 2509 936 2589 lingua
960 2509 1328 2590 profusus,et
1346 2507 1556 2570 volens
1580 2507 1639 2568 ei
1663 2506 1913 2568 nimium
1951 2506 2047 2567 in-

402 2601 694 2684 dulgere;
731 2600 836 2676 qui
863 2599 1056 2660 sancti
1089 2597 1368 2660 laudibus
1399 2596 1751 2658 nonminus
1787 2613 2047 2667 morsus,

404 2709 580 2771 quam
607 2690 658 2751 si
681 2689 810 2769 ipse
833 2689 1039 2751 fuisset
1062 2706 1296 2750 summa
1312 2688 1558 2750 affectus
1591 2685 2050 2757 contumelia,in

403 2799 536 2843 eum
570 2779 910 2843 vehementi
939 2779 1152 2844 sniritu
1213 2776 1627 2850 invehebatur,
1664 2785 1723 2838 et
1756 2775 2048 2855 injustum

404 2869 652 2933 vocabat
671 2869 920 2951 id,quod
945 2869 1162 2932 iactum
1189 2868 1403 2942 fuerat,
1431 2875 1490 2930 et
1513 2867 1759 2928 dicebat
1781 2884 1916 2927 esse
1941 2884 2048 2928 ne-

404 2960 642 3032 farium,
681 2960 977 3040 hospitem
1004 2969 1060 3021 et
1091 2957 1380 3022 advenam
1409 2957 1636 3037 primos
1660 2957 1749 3018 sic
1782 2957 2050 3018 honores

402 3051 725 3130 consequi:
753 3058 812 3110 et
843 3047 1497 3123 maxime,aiebat,eum
1531 3046 1691 3127 quia
1716 3043 1889 3107 nobis
1916 3045 2048 3124 plu-

403 3139 622 3202 rimum
649 3138 1442 3218 diﬂ‘ertreligione.Propter
1461 3155 1592 3218 quae
1615 3136 1874 3216 primum
1902 3133 2050 3196 invi-

401 3229 560 3292 diam
593 3247 748 3310 aegre
769 3229 971 3292 ferens
1002 3225 1670 3310 praifectusﬂuidnam,
1709 3225 1877 3300 dixit,
1912 3225 2048 3286 fue-

400 3319 477 3380 rit
507 3328 719 3399 praeter
750 3318 1070 3391 rationem,
1105 3317 1152 3378 si
1186 3319 1298 3392 vir,
1332 3315 1431 3397 qui
1464 3325 1557 3378 est
1604 3323 1664 3377 et
1697 3315 1794 3378 tali
1825 3331 2050 3393 genere

402 3416 590 3484 ortus,
626 3416 910 3489 tantaque
933 3414 993 3468 et
1015 3405 1289 3468 doctrina
1316 3416 1376 3469 et
1409 3405 1704 3468 modestia
1737 3403 2045 3486 praeditus,

399 3500 594 3561 fuerat
625 3497 922 3560 indicatus
951 3515 986 3558 a
1016 3495 1189 3558 nobis
1211 3495 1438 3557 honore
1461 3493 1844 3573 dignus,cum
1867 3494 2047 3556 etiam

403 3597 619 3670 praeter
636 3587 978 3668 alia,ipsum
993 3587 1284 3649 honorem
1305 3586 1835 3667 iugere,honorem
1853 3585 2052 3667 acqui-

400 3687 493 3742 rat
524 3677 684 3758 apud
720 3679 959 3758 eos,qui
989 3676 1229 3758 sapiunt
1255 3683 1314 3739 et
1337 3685 1501 3739 recte
1527 3678 1727 3738 sciunt
1743 3673 2051 3756 judicare?

402 3767 630 3832 Deinde
650 3776 848 3831 autem
861 3766 1124 3831 Joannes
1145 3785 1384 3848 quoque
1410 3765 1644 3848 placide
1667 3767 1800 3846 ejus
1821 3783 2048 3827 sermo-

401 3877 536 3922 nem
571 3857 900 3938 excipiens,
923 3859 1055 3922 Non
1085 3855 1422 3938 oportebat,
1454 3857 1711 3936 inquit,o
1733 3856 2045 3927 Anthemi,

400 3965 535 4010 eum
569 3949 667 4030 qui
699 3946 813 4008 sibi
844 3947 1108 4009 vindicat
1156 3945 1626 4027 philosophiam,
1663 3945 1745 4005 ita
1775 3944 2050 4019 superari

398 4037 476 4100 ab
507 4038 737 4099 honore
770 4036 1106 4109 hominum,
1147 4042 1206 4097 et
1239 4052 1372 4095 eum
1431 4036 1711 4113 persequi
1766 4032 2048 4112 tanquam

397 4145 526 4189 rem
560 4143 832 4203 magnam
859 4134 920 4187 et
952 4143 1164 4204 magna
1195 4123 1585 4186 contentione
1615 4121 2045 4204 appetendam,

400 4215 501 4296 qui
535 4233 654 4276 non
678 4214 869 4276 solum
899 4215 1072 4276 nobis
1094 4232 1212 4276 non
1238 4213 1658 4292 prodesse,sed
1688 4213 1867 4275 etiam
1901 4214 2038 4294 plu-

397 4305 617 4367 rimum
651 4313 844 4384 potest
898 4304 1142 4380 laedere,
1177 4303 1334 4384 quod
1388 4303 1600 4366 attinet
1629 4303 1702 4366 ad
1733 4303 2037 4366 virtutem.

2137 1993 2295 2037 πετετ
2323 1979 2378 2037 δὲ
2434 1981 2606 2053 ἄλζως
2635 1982 2769 2066 ὄντι,
2805 1985 2894 2041 καὶ
2946 1989 3014 2061 τῇ
3058 1983 3278 2062 γλώττη
3314 1984 3516 2066 σφόδρα
3559 1988 3802 2066 1:92:-

2136 2073 2254 2126 σθαι
2312 2071 2645 2148 βουλομένῳ.
2703 2058 2796 2138 ⁸1ός
2852 2058 2998 2139 τοῖς-
3026 2058 3159 2152 πρὸς
3207 2077 3298 2132 τὸν
3351 2058 3506 2153 άγιον
3544 2058 3800 2136 ἐπαίνοις

2137 2159 2241 2240 οὐχ
2271 2159 2432 2228 ἧττον
2463 2159 2709 2240 δηχθεὶς,
2745 2161 2780 2230 ἢ
2814 2163 2971 2242 εἴπερ
3001 2163 3162 2228 αὐτὸς
3191 2163 3454 2243 ἐτύγχανε
3483 2164 3550 2223 τὰ
3576 2163 3802 2244 ἔσχατα

2129 2246 2413 2326 ὑϐρισθεὶς,
2446 2250 2613 2313 πολὺς
2657 2248 2780 2307 κατ’
2828 2254 2986 2310 αὐτοῦ
3041 2252 3210 2332 ἔπνει,
3244 2251 3424 2309 ἄδικόν
3479 2273 3538 2309 τε
3568 2253 3634 2309 τὸ
3691 2274 3800 2330 γε-

2132 2338 2427 2417 γενημένον
2485 2338 2800 2420 ἀποκαλῶν,
2862 2343 2953 2398 καὶ
3001 2344 3076 2406 ὡς
3135 2342 3197 2399 οὒ
3257 2343 3476 2418 θεμιτὸν
3528 2342 3650 2418 εἴη,
3698 2343 3796 2400 τὸν

2133 2427 2276 2493 ξένον
2345 2428 2482 2509 οὕτχ
2526 2431 2615 2486 καὶ
2678 2427 2869 2497 νέηλυν
2913 2436 3021 2488 τῶν
3072 2431 3296 2510 πρώτων
3365 2431 3635 2498 ἀξιοῦσθαι
3696 2453 3793 2488 τι-

2133 2524 2274 2594 μῶν,
2314 2520 2400 2576 καὶ
2456 2519 2689 2594 μάλιστα
2731 2519 2858 2598 περί
2917 2521 2979 2577 τὸ
3039 2520 3197 2585 σέϐας
3240 2523 3376 2595 ἡμῖν
3433 2543 3577 2599 παρα
3618 2520 3786 2595 πολὺ,

2133 2613 2284 2688 φησὶ,
2321 2606 2730 2667 διαλλάττοντα.
2769 2607 2893 2688 Ἐφ’
2928 2610 3016 2676 οἷς
3063 2611 3152 2667 καὶ
3179 2615 3363 2684 πρῶτα
3389 2611 3482 2667 τὸν
3509 2609 3786 2692 ὕπαρχον,

2133 2699 2182 2754 τί
2223 2695 2276 2754 δε
2323 2703 2419 2755 καί
2481 2699 2667 2776 γέγονε
2728 2698 2872 2776 παρὰ
2921 2700 3014 2756 τὸν
3055 2698 3240 2778 λόγον,
3293 2701 3491 2774 εἰπεῖν,
3551 2701 3591 2756 εἰ

2137 2787 2276 2844 οὕτω
2334 2787 2431 2862 μὲν
2495 2788 2682 2864 γένους
2743 2787 2890 2868 ἔχων
2935 2789 3023 2846 καὶ
3078 2787 3351 2869 παιδείας,
3407 2787 3548 2846 οὕτω
3590 2788 3648 2846 δὲ
3706 2795 3786 2862 τῷ

2135 2877 2332 2952 μετρίῳ
2389 2877 2699 2955 προσέγων,
2749 2876 2893 2944 ἄξιος
2952 2878 3079 2957 παρ’
3145 2877 3298 2953 ἦμῶν
3356 2877 3536 2957 ἐκρίθη
3592 2878 3780 2957 τιμῆς,

2133 2966 2268 3023 ὅπου
2329 2988 2390 3044 γε
2421 2967 2509 3024 καὶ
2563 2969 2734 3046 χωρὶς
2765 2969 2873 3023 τῶν
2914 2965 3120 3041 ἄλλων,
3156 2969 3284 3025 αὐτὸ
3342 2969 3404 3024 τὸ
3451 2969 3665 3047 φεύγειν
3690 2990 3782 3025 τι-

2133 3057 2264 3135 μὴν,
2324 3056 2489 3131 τιμὴν
2567 3054 2682 3113 οἶδε
2737 3060 3132 3136 περιποιεῖσθαι
3187 3065 3264 3128 τῷ
3335 3058 3414 3133 μὴ
3481 3065 3780 3132 (usuusu;

2133 3145 2317 3202 ἔπειτα
2374 3143 2428 3201 δὲ
2461 3146 2550 3202 καὶ
2603 3147 2695 3202 τὸν
2728 3145 2985 3214 Ἰωάννην
3031 3147 3215 3225 πρᾴως
3247 3149 3340 3206 τὸν
3383 3146 3546 3227 λόγον
3574 3147 3784 3205 ὑπολα-

2132 3233 2318 3308 ϐόντα,
2381 3235 2476 3292 οὒκ
2532 3235 2728 3316 ἐχρῆν,
2789 3239 2834 3292 ὦ
2895 3233 3166 3316 Ἀνθέμιε,
3229 3238 3413 3318 φάναι,
3475 3237 3792 3318 φιλοσοφίας

2133 3326 2574 3400 ἀντιποιούμενον
2650 3331 2814 3402 τιμῆς
2884 3328 3024 3384 οὓτω
3095 3333 3194 3404 τῇν
3289 3328 3433 3406 παρὰ
3502 3327 3791 3404 ἀνθρώπων

2133 3413 2527 3494 ἀμφισϐητεῖν,
2577 3414 2671 3472 καί
2733 3417 2808 3480 ὡς
2869 3417 3010 3495 μέγα
3068 3438 3119 3472 τι
3178 3417 3378 3485 ταύτην
3440 3415 3788 3493 μεταδιώκειν

2133 3506 2222 3562 καὶ
2280 3505 2688 3584 περιμάχητον,
2751 3508 2854 3587 οὐχ
2912 3505 3062 3570 ὅπως
3132 3505 3273 3584 μέγα
3332 3508 3420 3563 καὶ
3481 3504 3787 3586 ἀξιόλογον,

2134 3593 2256 3650 ἀλλ’
2315 3591 2430 3650 οὐδὲ
2487 3595 2675 3672 μικρὸν
2715 3596 2860 3669 ἡμᾶς
2917 3597 2991 3660 εἷς
3064 3596 3157 3652 τὸν
3227 3595 3328 3664 τῆς
3375 3595 3571 3675 ἀρετῆς
3613 3595 3772 3673 λόγον

2133 3681 2364 3763 ὠφελεῖν
2413 3681 2733 3758 δυναμένην.
2772 3687 2828 3742 Τί
2877 3685 2990 3764 γὰρ,
3037 3684 3181 3764 παρὰ
3238 3685 3442 3752 ταύτην
3498 3684 3773 3762 ἄνθρωπος

2133 3761 2322 3830 ἑαυτοῦ
2374 3771 2599 3850 βελτίων
2657 3774 2718 3830 τὸ
2765 3761 2901 3854 πρὸς
2945 3761 3254 3846 “aestu;
3315 3773 3399 3830 ὅτι
3459 3773 3514 3831 δέ
3571 3761 3638 3850 με
3694 3775 3780 3831 καὶ

2132 3862 2396 3938 ἀνομοίως
2455 3864 2585 3938 ὑμῖν
2617 3862 2766 3944 ἔχειν
2825 3866 2942 3942 περί
2989 3865 3053 3920 τὸ
3106 3862 3264 3928 σέϐας
3321 3866 3594 3942 εἰρήκατε,
3625 3871 3774 3921 τοῦτο

2133 3955 2288 4018 αὐτὸς
2337 3955 2432 4012 οὐκ
2472 3952 2802 4027 ἆρνήσόμαι,
2848 3951 3049 4010 πολλοῦ
3104 3973 3165 4031 γε
3204 3953 3293 4011 καὶ
3345 3952 3451 4011 δεῐ⁶
3505 3952 3643 4013 ἀλλᾶ
3684 3953 3773 4010 καί

2134 4051 2245 4119 νῦν,
2297 4041 2453 4110 εἴπερ
2496 4041 2715 4117 ἄλλοτε,
2749 4048 2818 4119 τῇ
2876 4042 3094 4122 γλώττῃ
3155 4044 3382 4121 χάρίτας
3430 4041 3554 4123 ἲξω,
3604 4043 3771 4100 διακο-

2133 4132 2290 4200 νῆσαι
2323 4133 2454 4209 πρὸς
2483 4133 2651 4189 ταῦτά
2680 4154 2774 4207 μοι
2805 4130 3092 4210 δυναμένη.
3145 4134 3307 4199 Θεοὺς
3337 4134 3438 4212 γὰρ
3467 4134 3585 4191 οὔτε
3629 4130 3766 4212 οἶδα,

2133 4221 2250 4279 οὔτε
2311 4220 2716 4299 δμολογάσαιμι
2775 4221 2854 4294 μὴ
2914 4219 3051 4278 οὕτω
3121 4227 3299 4288 κακῶς
3354 4223 3462 4301 ἐγὼ
3518 4223 3606 4280 καὶ
3661 4242 3771 4302 φρει

2127 4317 2230 4366 νῶν
2252 4312 2452 4391 σχοίην
2488 4313 2588 4366 καὶ
2624 4307 2904 4391 γλώττης)
2931 4309 3054 4368 ἀλλ’
3084 4311 3172 4375 εἷς
3197 4310 3319 4387 ἐμοὶ
3347 4313 3474 4378 Θεὸς
3502 4314 3531 4370 ὃ
3561 4311 3768 4390 Χριστὸς

398 4394 550 4468 Quid
569 4394 731 4457 enim
754 4395 938 4457 fuerit
959 4412 1168 4456 revera
1192 4395 1368 4456 homo
1387 4413 1458 4457 ex
1483 4413 1553 4456 eo
1577 4395 1774 4475 seipse
1801 4393 2044 4456 melior?

2133 4400 2182 4456 ἐν
2243 4401 2402 4478 Πατρὶ
2463 4401 2550 4456 καί
2593 4399 2866 4475 Πνεύματι
2925 4401 3343 4479 γνωριζόμενος·
3390 4403 3449 4466 ὃς
3495 4403 3665 4460 πάντα
3715 4420 3766 4458 τε

397 4485 566 4558 Quod
590 4503 730 4548 vero
751 4485 949 4548 dixisti
968 4502 1064 4547 me
1081 4502 1216 4547 esse
1237 4484 1522 4547 dissimili
1541 4483 1706 4546 vobis
1727 4483 2042 4563 religione,

2133 4492 2444 4568 παρήγαγεν
2501 4488 2563 4545 ἐκ
2619 4491 2698 4565 μή
2750 4488 2944 4565 ὄντων,
3005 4491 3095 4548 καὶ
3131 4497 3221 4548 νῦν
3278 4490 3565 4570 άποῤῥήτῳ
3613 4490 3765 4551 edim

396 4574 850 4650 erubescerem,
875 4575 925 4638 si
956 4574 1198 4637 viderer
1232 4582 1454 4650 tacere,
1505 4575 1734 4636 ducens
1767 4562 1878 4636 hoc
1911 4591 2047 4636 esse

2133 4562 2429 4654 διακρατεῐ,
2477 4562 2713 4657 καρπούς
2758 4599 2815 4635 τε
2879 4562 3001 4642 τοὺς
3047 4579 3290 4647 ἐτησίους
3527 4562 3764 4661 χορηγει,

400 4663 896 4746 pudendum.Ego
929 4666 1088 4729 enim
1122 4664 1270 4728 deos
1296 4683 1494 4746 neque
1519 4664 1800 4740 novi,nec
1825 4682 1920 4726 me
1945 4683 2048 4726 eos

2133 4675 2230 4726 καὶ
2301 4669 2528 4748 ἀνοίγων
2587 4673 2747 4728 αὐτοῦ
2803 4669 2900 4737 τὴν
2959 4670 3155 4750 χεῖρα,
3201 4675 3307 4727 πᾶν
3362 4675 3501 4743 ζῶον
3545 4668 3764 4733 εὐδοκίας

403 4771 661 4835 unquam
687 4772 819 4816 esse
841 4757 1247 4835 adoraturum,
1277 4755 1585 4835 professus
1609 4755 1824 4816 fuerim
1853 4775 1868 4836 ;
1895 4754 2049 4816 absit

2133 4757 2460 4836 ἆποπληροι,
2494 4753 2648 4814 Ἀλλ’
2675 4761 2782 4836 οὐχ
2813 4759 2843 4814 ὃ
2889 4759 3142 4838 Χριστὸς,
3177 4759 3338 4817 εἶπεν
3369 4759 3608 4838 ἐγκόψας
3647 4758 3764 4816 Ἀν-

407 4852 473 4904 ut
491 4842 642 4905 adeo
663 4843 1046 4926 desipiam,et
1069 4845 1147 4906 sit
1167 4845 1316 4907 mihi
1340 4845 1543 4924 lingua
1565 4853 1682 4906 tam
1707 4845 2046 4920 temeraria,

2133 4849 2316 4924 θέμιος
2354 4896 2370 4927 ,
2429 4848 2554 4912 τοὺς
2627 4847 2871 4914 ἐτησίους
2945 4848 3162 4914 τούτους
3233 4849 3456 4929 προάγει
3526 4849 3762 4928 καρποὺς,

408 4933 526 4997 Sed
551 4951 704 4996 unus
725 4933 872 4997 mihi
900 4934 1057 4997 Deus
1097 4943 1183 4997 est
1209 4933 1503 5008 Christus,
1538 4936 1638 5015 qui
1668 4935 2049 5014 cognoscitur

2135 4940 2202 4996 τὰ
2261 4950 2521 5016 στοιχεῖα
2563 4934 2618 4994 δὲ
2653 4944 2746 4994 τοὺ
2801 4938 3032 5018 κόσμου,
3065 4941 3220 5018 φησὶ,
3253 4952 3465 5018 καιροῖς
3517 4936 3660 5005 ἰδίοις
3707 4942 3766 5014 τῇ

407 5024 469 5086 in
500 5023 672 5086 Patre
703 5032 763 5087 et
789 5024 850 5087 in
873 5024 1122 5106 Spiritu.
1156 5023 1261 5102 qui
1293 5037 1354 5086 et
1384 5025 1585 5087 omnia
1616 5024 1690 5094 ab
1723 5023 1892 5087 initio
1918 5043 2049 5106 pro-

2134 5036 2242 5086 τῶν
2292 5029 2428 5084 θεῶν
2482 5027 2703 5105 προνοίᾳ
2760 5025 3096 5107 τελεσφορετ,
3157 5027 3310 5104 Ἀμα
3366 5027 3420 5085 δὲ
3481 5034 3558 5103 τῷ
3615 5034 3763 5086 ταῦτα

403 5115 575 5177 duxit
605 5132 675 5177 ex
709 5115 989 5191 nihilo,et
1019 5133 1180 5176 nunc
1212 5113 1504 5177 ineffabili
1556 5133 1626 5176 ea
1655 5115 1871 5178 virtute
1901 5133 2049 5177 con-

2137 5119 2338 5190 εἰπεῖν,
2378 5122 2598 5193 πονηρῷ
2654 5117 2916 5188 πνεύματι
2982 5116 3314 5198 κατάσχετος
3375 5118 3636 5197 γεγονὼς,
3689 5117 3764 5173 καὶ

402 5205 576 5281 tinet,
612 5214 671 5268 et
699 5224 931 5268 annuos
963 5205 1137 5268 nobis
1165 5205 1397 5268 fructus
1438 5205 1803 5286 suppeditat,
1832 5213 1890 5267 et
1921 5223 2049 5266 ma-

2138 5213 2207 5284 τῇ
2255 5205 2354 5284 γῆ,
2387 5207 2626 5282 καθάπερ
2657 5206 2812 5286 εἶχε,
2864 5205 3312 5288 προσαῤῥαχθεὶς,
3345 5206 3516 5264 ἔκειτο
3568 5207 3764 5286 βρύχιον

403 5313 544 5358 num
568 5297 1060 5377 aperiens,omne
1083 5295 1304 5357 animal
1329 5297 1539 5377 implet
1561 5294 1983 5358 benedictione
2000 5297 2049 5357 4.

2141 5301 2228 5353 καὶ
2262 5293 2590 5375 διαστρέφων
2651 5295 2748 5371 μὲν
2779 5294 3108 5376 ὀφθαλμοὺς,
3145 5295 3362 5362 ὀδόντας
3401 5293 3456 5352 δὲ
3498 5295 3766 5374 τετριγὼς,

407 5384 524 5450 Sed
556 5404 676 5448 non
705 5386 1002 5463 Christus,
1034 5383 1183 5448 dixit
1241 5385 1639 5466 interpellans
1670 5385 2049 5463 Anthemius,

2144 5387 2231 5443 καὶ
2300 5385 2465 5465 ἀφρὸν
2531 5384 2855 5462 παραπτύων
2928 5394 3021 5443 τοῦ
3091 5389 3381 5459 στόματος,
3463 5384 3634 5443 Ταῧτα
3686 5386 3766 5442 τὸν

402 5475 680 5556 producit
711 5477 827 5539 hos
855 5477 1090 5540 fructus
1109 5477 1480 5555 annuos,sed
1513 5476 1810 5542 elementa
1843 5474 2048 5544 mundi

2141 5475 2385 5560 ὕπαρχον
2443 5471 2525 5530 δαὶ
2583 5475 2705 5540 τοὺς
2769 5476 3143 5559 συμπαρόντας
3198 5473 3555 5554 θεασαμένους
3612 5473 3769 5551 θαῦμᾶ

478 5639 506 5689 4
540 5638 690 5704 Psal.
725 5653 922 5716 οων,
964 5644 984 5700 t
1015 5638 1075 5702 6.
