4098 6202
307 391 460 464 1053

1330 363 1540 455 ’νιΤΑ
1586 389 1647 451 s.
1691 387 2014 451 JOANNIS
2054 385 2605 455 cmwsos'rom.

3518 383 3668 454 1054

299 557 354 592 τε
401 530 567 608 εἰσῄει
613 529 700 586 καὶ
746 525 1025 600 ἔκπληξις,
1093 528 1178 582 οιαὶ
1236 523 1456 604 Θορύϐου
1515 524 1651 592 ἦσαν
1707 523 1891 599 μεστοί
1921 543 1932 554 ⁸

2040 524 2148 585 suis
2181 525 2556 605 temporibus
2591 525 2957 607 producunt,
2990 525 3235 588 deorum
3267 523 3667 606 providentia.

300 626 486 682 ἔπειτα
529 627 606 696 τῷ
649 618 896 696 μακαρίῳ
933 618 1270 696 προσχόντες
1305 613 1475 671 ἱκέται
1529 614 1786 692 γίνονται,
1842 612 1940 668 καί

298 714 514 790 ἀμύνειν
558 709 761 776 ἀξιοῦσι
822 713 900 781 τῷ
950 707 1128 763 πάθει.
1167 697 1224 763 Ὀ
1261 702 1340 784 δὲ,
1379 703 1491 782 (καὶ
1521 703 1599 766 τίς
1657 704 1756 780 γὰρ
1797 702 1938 757 ἐκεί-

299 825 392 859 νου
445 797 940 880 φιλανθρωπότερος
975 793 1024 873 ς)
1084 794 1179 850 ἆίτε
1237 793 1324 848 καὶ
1404 798 1496 847 τοῦ
1569 790 1942 869 φιλανθρώπου

302 899 530 968 Χριστοῦ
585 887 852 963 μιμητὴς,
915 883 1139 961 ᾤκτειρέ
1209 903 1266 938 τε
1339 884 1438 948 τῆς
1520 886 1793 959 συμφορᾶς
1851 881 1943 936 τὸν

303 981 602 1057 ἄνθρωπον,
649 977 737 1033 καὶ
791 974 921 1050 ὑπὲρ
982 976 1140 1031 αὑτοῦ
1203 970 1407 1036 δεηθεὶς
1453 977 1544 1027 τοῦ
1582 971 1750 1043 μόνου
1803 971 1943 1046 βοη-

301 1075 417 1128 Θετν
486 1066 795 1143 δυναμένου,
875 1061 1068 1129 διπλῆν
1133 1065 1210 1132 τῷ
1266 1059 1500 1134 κειμένῳ
1555 1059 1782 1138 παρέχει
1849 1060 1944 1125 τὴν

302 1158 475 1220 ἴασιν,
514 1154 661 1213 Ἐπεὶ
693 1155 793 1231 γὰρ
822 1152 975 1213 οὗτος
1009 1151 1082 1213 εἰς
1134 1150 1386 1216 αἴσθησιν
1445 1150 1628 1218 ἦλθεν,
1662 1149 1720 1204 οῖ
1779 1153 1948 1207 κακού

305 1249 545 1326 γέγονεν,
599 1244 694 1299 οὑκ
731 1243 1062 1320 ἀποχρῶσαν
1119 1243 1278 1297 αὑτοῦ
1323 1240 1417 1303 τὴν
1459 1240 1739 1314 θεραπείαν
1796 1239 1942 1316 ἡγή-

306 1358 462 1410 σατο,
496 1333 632 1390 ἀλλὰ
664 1333 752 1389 καὶ
780 1334 881 1398 τὴν
911 1328 1106 1399 αἰτίαν,
1138 1326 1205 1383 δι’
1261 1328 1328 1394 ἣν
1379 1329 1452 1390 εἷς
1483 1330 1640 1384 τοῦτο
1671 1333 1944 1408 συμφορᾶς

306 1426 554 1498 ὤλισθεν,
584 1421 760 1479 ἐδεῖτο
789 1422 1199 1497 θεραπευθῆναι,
1235 1419 1335 1474 Τὸν
1360 1415 1414 1472 δὲ
1446 1415 1704 1482 ἐπιδεῖξαί
1733 1439 1790 1473 τε
1821 1438 1947 1493 προα

306 1517 483 1592 θύμως
541 1514 630 1570 καὶ
687 1508 1098 1586 συμϐουλεῦσαι,
1147 1509 1236 1563 τὸν
1297 1506 1557 1586 ἱερείρχῃν
1598 1508 1697 1571 τῆς
1735 1505 1945 1569 πόλεως

306 1609 380 1671 ὡς
425 1605 660 1684 τάχιστα
701 1597 1052 1672 καταλαϐεῖν,
1115 1595 1240 1675 παρ’
1275 1596 1434 1652 αὑτοῦ
1469 1617 1524 1652 τε
1556 1597 1623 1652 τὰ
1655 1599 1775 1652 θεῖα
1807 1617 1944 1651 κατ-

307 1696 588 1775 ηχηθῆναι
665 1691 953 1764 μυστήρια,
1043 1689 1132 1743 καὶ
1215 1685 1309 1742 τοῦ
1378 1691 1476 1752 τῆς
1535 1685 1945 1762 παλιγγενεσίας

2025 614 2300 675 Nondum
2321 615 2500 676 ﬁnem
2526 626 2838 697 acceperat
2864 617 2996 696 ejus
3019 635 3244 691 sermo,
3276 635 3410 677 cum
3435 635 3469 676 a
3491 616 3670 678 mali-

2025 722 2140 781 gno
2160 704 2367 784 spiritu
2393 723 2709 783 possessus
2733 719 2789 766 et
2814 715 2982 767 terra:
3008 705 3242 785 allisus,
3265 705 3484 766 misere
3499 706 3672 782 jace-

2027 791 2124 852 bat
2149 793 2818 874 rugiens,lacrymarum
2853 805 2911 857 et
2933 795 3166 856 timoris
3191 795 3367 856 simul
3394 813 3574 856 causa
3597 796 3671 855 iis

2027 882 2128 962 qui
2159 882 2408 944 aderant
2443 901 2456 945 :
2496 893 2844 964 pervertens
2875 885 3116 964 quidem
3153 884 3381 958 oculos,
3410 883 3672 947 stridens

2027 979 2221 1033 autem
2255 972 2559 1046 dentibus,
2596 992 2866 1054 spumam
2902 992 3041 1036 vero
3077 992 3147 1036 ex
3183 993 3288 1036 ore
3323 973 3672 1054 turpissime
3767 973 3770 980 ’

2031 1061 2494 1141 εχεριιθηεᾘωο
2509 1080 2642 1124 cum
2659 1063 2986 1144 aspexisset
3002 1064 3314 1143 praefectus
3330 1063 3496 1145 etqui
3511 1063 3672 1126 circa

2030 1153 2198 1213 illum
2218 1160 2524 1224 erant,eos
2543 1154 2729 1214 subiit
2755 1153 3072 1216 admiratio
3099 1163 3157 1215 et
3181 1161 3481 1234 stnpor,et
3503 1161 3674 1215 erant

2031 1242 2193 1321 pleni
2224 1243 2500 1306 tumultu.
2537 1241 2768 1305 Deinde
2799 1243 2870 1305 ad
2898 1243 3141 1306 beatum
3175 1246 3464 1307 Joannem
3495 1261 3674 1305 acce-

2031 1331 2267 1395 dentes.
2298 1331 2448 1394 ﬁunt
2471 1333 2524 1394 ei
2543 1334 2868 1413 supplices,
2903 1346 2963 1395 et
2994 1341 3204 1412 rogant
3235 1342 3297 1394 ut
3331 1332 3467 1394 velit
3495 1351 3671 1412 opem

2031 1421 2187 1484 ferre
2219 1421 2661 1486 affectionillle
2693 1430 2890 1485 autem
2918 1425 3074 1504 (quis
3104 1423 3266 1484 enim
3291 1422 3398 1484 fuit
3422 1423 3527 1484 illo
3561 1421 3675 1484 be-

2032 1512 2268 1588 nignior
2292 1509 2344 1590 ἲ)
2368 1513 2549 1593 utqui
2590 1512 2831 1592 benigni
2859 1512 3077 1576 Christi
3109 1520 3266 1574 esset
3300 1513 3583 1585 imitator,
3616 1520 3674 1573 et

2030 1601 2384 1663 calamitatis
2408 1602 2670 1663 hominis
2689 1612 2777 1663 est
2806 1603 3178 1674 misertus,et
3199 1621 3332 1664 cum
3361 1621 3466 1682 pro
3492 1621 3562 1662 oo
3589 1620 3678 1662 ro-

2029 1699 2224 1769 gasset
2257 1690 2529 1771 eum,qui
2562 1692 2650 1752 vel
2683 1692 2846 1753 solus
2875 1703 3069 1774 potest
3090 1710 3267 1773 opem
3295 1692 3546 1764 ferre,ei
3569 1691 3670 1772 qui

309 1783 596 1851 ἀξιωθῆναι
654 1779 896 1857 λουτροῦ,
953 1775 1018 1832 δι’
1078 1775 1138 1833 οὗ
1207 1777 1294 1831 καὶ
1356 1782 1462 1831 τῶν
1535 1775 1751 1853 ἀφανῶν
1808 1779 1948 1847 αὑτῷ

2040 1778 2283 1857 iacebat,
2352 1779 2650 1860 duplicem
2713 1783 2883 1843 affert
2932 1783 3323 1845 curationem.
3361 1780 3506 1843 Nam
3540 1799 3674 1842 cum

309 1875 408 1942 τῆς
463 1876 648 1951 ψυχῆς
706 1867 992 1942 μωλώπων
1033 1864 1183 1930 ἴασις
1241 1863 1411 1935 ἔσται,
1450 1865 1534 1919 καὶ
1579 1870 1674 1932 τῆς
1707 1871 1800 1920 τοὺ
1827 1862 1945 1918 δαί-

2040 1869 2147 1931 iste
2169 1867 2460 1929 liberatus
2486 1887 2518 1930 a
2539 1869 2838 1945 daemone,
2861 1871 3154 1932 sensisset
3181 1871 3241 1932 in
3273 1879 3491 1951 quanto
3522 1871 3676 1932 malo

311 1985 476 2040 μονος
535 1960 787 2036 ἒπηρείας
847 1957 1152 2033 ἀποτροπή.
1190 1953 1362 2030 Οὗπερ
1409 1955 1617 2016 ἐκεῖνος
1668 1960 1746 2028 τῷ
1803 1952 1950 2031 λόγῳ

313 2054 569 2130 πεισθεὶς,
639 2055 706 2126 τῇ
761 2046 1020 2116 ἐκκλησίᾳ
1077 2043 1459 2123 προσέρχεται,
1525 2046 1612 2099 καὶ
1657 2045 1733 2116 τῷ
1782 2044 1950 2121 Κυρίῳ

315 2144 602 2205 πιστεύσας
651 2140 987 2216 βαπτιζεται,
1041 2135 1130 2190 καὶ
1168 2132 1398 2196 πολλοῖς
1453 2131 1750 2210 ὑπόδειγμα
1803 2133 1949 2212 γίνε-

315 2255 404 2290 ται
448 2236 547 2299 τῆς
578 2231 653 2294 εἰς
715 2227 939 2306 Χριστὸν
999 2224 1254 2286 πίστεως,
1301 2223 1462 2278 Φιλεϊ
1505 2224 1605 2301 γάρ
1635 2245 1748 2285 πως
1781 2225 1815 2290 ἡ
1846 2223 1952 2280 τῶν

319 2322 594 2401 ἐπιφανῶν
635 2321 734 2375 καὶ
780 2312 1029 2392 μεγάλων
1065 2311 1151 2369 ἐπὶ
1189 2319 1249 2368 το
1293 2325 1539 2390 κρεῖττον
1568 2311 1604 2380 ἢ
1634 2314 1730 2368 καί
1762 2324 1950 2390 χεῖρον

322 2408 622 2487 μεταϐολὴ,
669 2405 897 2468 πολλοῖς
934 2403 1019 2460 ἐπὶ
1057 2403 1121 2458 τὸ
1162 2402 1288 2458 ἴσον
1347 2402 1580 2478 γίνεσθαι
1623 2402 1722 2468 τῆς
1778 2423 1947 2476 μετα-

320 2500 514 2562 θέσεως
545 2497 780 2576 ἀφορμή.
844 2494 1117 2550 Ἐντεῦθεν
1159 2494 1186 2547 ὑ
1231 2492 1329 2566 μὲν
1373 2497 1478 2548 τῶν
1530 2489 1772 2576 Ἀθηνῶν
1832 2491 1952 2547 ἐπί-

321 2609 543 2661 σκοπος,
725 2585 978 2648 Ἰωάννης
1058 2584 1200 2655 αὑτῷ
1277 2582 1397 2658 περὶ
1459 2582 1558 2647 τὴν
1633 2572 1953 2646 Ἐκκλησίαν

318 2675 552 2734 ἐπίδοσιν
612 2674 917 2753 εἰργάσατο,
989 2671 1342 2744 θεασάμενος,
1409 2669 1573 2733 πολὺς
1638 2671 1699 2737 ἦν
1775 2671 1953 2748 λόγοις

315 2766 429 2841 ἅμα
509 2766 597 2822 καὶ
668 2761 1015 2839 παραινέσεσι
1093 2766 1250 2816 τοῦτο
1335 2760 1778 2833 ὑποποιούμενος,
1866 2760 1955 2815 καὶ

315 2853 565 2935 διάδοχον
620 2855 810 2911 ἑαυτοῦ
849 2851 970 2930 (γαί
1017 2853 1118 2930 γὰρ
1162 2850 1227 2918 ἦν
1273 2848 1376 2917 ἤδη
1406 2850 1505 2916 τὴν
1538 2848 1751 2916 ἡλικίαν
1780 2851 1955 2927 προή-

316 2944 448 3024 κων)
513 2944 931 3019 ἑτοιμαζόμενος
967 2957 981 2971 ⁸
1031 2939 1209 3003 άλλως
1255 2937 1309 2996 δὲ
1339 2942 1374 3008 ἡ
1433 2941 1524 2995 τοῦ
1567 2946 1699 2994 Θεοῦ
1736 2940 1957 3017 πρόνοια

312 3037 378 3092 τὰ
420 3033 540 3092 κατ’
614 3035 774 3093 αὑτὸν
846 3033 1062 3110 ὑπῆρχε
1121 3030 1496 3106 ψηφιζομένη,
1550 3031 1678 3107 πρὸς
1739 3030 1956 3104 μείζονα

311 3125 526 3190 πάντως
557 3125 644 3180 καὶ
674 3121 1010 3200 ὑψηλοτέραν
1061 3118 1286 3200 λυχνίαν
1331 3121 1394 3176 τὸ
1439 3118 1580 3197 μέγα
1631 3117 1810 3175 ἐκεῖνο
1842 3126 1954 3196 φῶς

313 3216 496 3284 θήσειν
527 3212 820 3289 μέλλουσα.

2033 1966 2191 2020 esset
2244 1965 2531 2031 versatus,
2596 1959 2922 2022 arbitratus
2954 1980 3071 2020 non
3105 1959 3505 2023 sufﬁcientem
3542 1977 3675 2021 eam

2035 2066 2171 2110 esse
2202 2049 2597 2124 curationem,
2640 2068 2878 2111 causam
2911 2068 3180 2131 quoque,
3209 2058 3458 2132 propter
3495 2066 3676 2130 quam

2035 2145 2278 2197 venerat
2299 2137 2372 2198 ad
2402 2147 2627 2199 tantam
2653 2137 3330 2216 calamitatem,rngabat
3353 2135 3572 2209 curari,
3602 2151 3678 2194 ne

2035 2229 2234 2287 eadem
2261 2231 2310 2285 ei
2337 2244 2543 2288 rursus
2569 2231 2890 2288 evenirent.
2920 2230 3023 2287 Ille
3046 2242 3237 2287 autem
3262 2231 3502 2300 (sciebat
3523 2230 3682 2286 enim

2035 2313 2160 2375 veri
2185 2315 2291 2376 Dei
2317 2315 2914 2396 ignorationem,ejus
2935 2334 3068 2378 esse
3083 2313 3682 2390 causam)consuluit,

2038 2412 2100 2465 ut
2126 2415 2403 2484 prompto
2435 2413 2492 2466 et
2523 2405 2705 2466 alacri
2755 2405 2956 2466 animo
3003 2405 3446 2486 quamprimum
3495 2403 3688 2466 adiret

2040 2494 2384 2574 pontificem
2419 2494 2765 2566 civitatis,et
2789 2504 3031 2573 rogaret
3060 2503 3124 2556 ut
3172 2494 3234 2555 in
3267 2493 3487 2557 divinis
3515 2502 3682 2555 cate-

2040 2583 2206 2645 chesi
2230 2583 2303 2645 ab
2331 2603 2400 2646 e0
2427 2583 2785 2646 initiaretur:
2815 2594 2871 2646 et
2893 2604 3009 2664 quo
3035 2585 3344 2646 latentium
3369 2583 3581 2644 animae
3606 2584 3690 2643 vi-

2038 2671 2238 2733 bicum
2267 2673 2500 2736 veniret
2529 2673 2849 2750 curatio,et
2881 2693 2913 2735 a
2945 2672 3508 2754 daemonibus,un
3529 2672 3687 2734 cole-

2042 2762 2160 2837 bat,
2198 2765 2444 2824 omnino
2477 2761 2859 2837 liberaretur,
2912 2771 3342 2844 assequeretur
3383 2763 3682 2824 lavacrum

2039 2852 2728 2931 regenerationis.Paret
2751 2853 2880 2934 ejus
2904 2853 3081 2915 dictis
3099 2853 3548 2917 Anthemiuset
3571 2851 3688 2914 cito

2039 2942 2272 3003 accedit
2295 2942 2367 3003 ad
2399 2943 2719 3005 ecclesiam
2749 2964 2762 3006 :
2791 2952 3000 3006 etcum
3026 2943 3278 3005 Domino
3302 2941 3684 3016 credidisset,

2041 3030 2396 3112 baptizatur,
2428 3041 2488 3094 et
2518 3033 2583 3094 fit
2614 3032 2822 3095 multis
2856 3033 3222 3114 exemplum,
3260 3041 3322 3094 ut
3352 3031 3598 3094 credant
3628 3033 3690 3094 in

2040 3119 2686 3183 Christum.Clarorum
2712 3123 2870 3184 enim
2887 3129 2946 3184 et
2971 3139 3320 3202 magnorum
3345 3121 3608 3182 virorum
3628 3122 3689 3182 in

1979 3219 2018 3270 c
2047 3209 2264 3272 melius
2285 3221 2388 3272 aut
2412 3211 2682 3273 deterius
2697 3211 3122 3280 mutatio,solet
3143 3210 3344 3273 multis
3361 3227 3497 3273 esse
3515 3227 3694 3273 causa

316 3303 392 3366 ad
441 3303 600 3365 idem
634 3299 1000 3363 mutationis.
1043 3300 1198 3362 Hinc
1229 3298 1444 3361 factum
1498 3306 1610 3374 est,
1647 3305 1704 3360 ut
1743 3298 2113 3362 Athenarum
2167 3303 2504 3382 episcopus,
2541 3319 2674 3363 cum
2731 3302 3057 3383 aSpexisset
3087 3309 3365 3378 quantam
3399 3300 3529 3380 ejus
3575 3297 3693 3362 Ec-

318 3392 521 3455 clesia;
562 3390 969 3454 accessionem
1003 3387 1244 3452 fecisset
1272 3385 1534 3450 Joannes
1564 3388 1666 3450 ille
1707 3406 1950 3465 aureus,
1986 3388 2188 3452 verbis
2219 3400 2277 3452 et
2311 3391 2552 3453 monitis
2582 3389 2794 3452 crebro
2841 3390 2976 3453 eum
3009 3390 3122 3453 sibi
3156 3392 3509 3466 insinuaret,
3542 3399 3601 3451 et
3633 3397 3696 3451 ut

319 3482 437 3545 sibi
464 3489 622 3544 esset
649 3497 964 3543 successor
994 3479 1136 3560 (jam
1165 3479 1324 3540 enim
1354 3486 1487 3540 erat
1511 3478 1706 3558 gravis
1736 3486 1908 3540 aetate
1942 3489 2313 3558 procuraret.
2374 3481 2569 3544 Aliter
2599 3489 2795 3542 autem
2827 3480 2934 3542 Dei
2967 3479 3339 3562 providentia
3369 3481 3442 3542 de
3473 3497 3544 3542 eo
3570 3492 3694 3540 sta-

323 3580 543 3649 tuerat,
573 3571 636 3633 in
670 3569 882 3651 majori
904 3569 1152 3632 omnino
1182 3587 1253 3630 ex
1285 3567 1598 3630 excelsiori
1629 3567 1992 3630 candelabro
2024 3587 2297 3647 magnam
2329 3570 2492 3632 illam
2522 3570 2718 3631 lucem
2753 3571 3038 3651 positura.

408 3667 496 3732 I".
529 3668 682 3726 Ἐπεὶ
726 3666 780 3722 δὲ
825 3667 913 3723 καὶ
957 3671 1056 3732 τῆς
1105 3669 1209 3720 τῶν
1256 3664 1555 3731 Ἀθηναίων
1607 3663 1847 3728 παιδείας
1880 3663 1966 3720 ἐπὶ

319 3758 578 3816 πλεῖστον
662 3755 938 3831 ἀπώνατο,
1027 3754 1363 3832 σπλάγχνων
1452 3754 1595 3817 αὖθις
1684 3760 1964 3830 μητρικῶν

320 3850 409 3906 καὶ
485 3846 732 3924 πατρίδος
791 3847 1259 3922 ὑπεμιμνήσκετο,
1326 3847 1413 3900 καὶ
1481 3846 1556 3905 εἷς
1621 3845 1966 3924 Ἀντιόχειαν

290 3924 477 3996 ’πάλιν
522 3938 574 4003 ἐξ
625 3930 862 4005 Ἃθηνῶν
908 3936 1290 4016 ἐπανέρχεται.
1342 3933 1482 3992 Εἶτα
1542 3936 1706 4008 μικρὰ
1773 3935 1963 4013 ταῦτα,

317 4027 414 4086 καί
490 4027 684 4106 λόγους
744 4027 836 4084 καί
928 4027 1277 4102 πανηγύρεις,
1353 4025 1442 4082 κάὶ
1498 4021 1598 4080 ὅσα
1656 4023 1966 4103 φιλοτιμίας

317 4119 486 4186 ἧπται
543 4122 644 4185 τῆς
720 4121 976 4192 περιττῆς
1035 4113 1410 4193 ἡγησάμενος,
1474 4114 1564 4169 τὸν
1643 4112 1962 4193 ἂγγελικὸν,

319 4207 427 4265 εἶτ’
472 4209 563 4264 οὗν
622 4207 916 4274 ἀσκητικὸν
970 4203 1174 4284 ἔκρινεν
1253 4203 1578 4284 ἀλχάξασθαι
1623 4205 1760 4284 βίον,
1824 4226 1963 4279 συμ-

317 4295 498 4370 ϐούλῳ
549 4299 680 4369 πρὸς
740 4306 897 4355 τοῦτο
940 4297 1026 4352 καὶ
1069 4301 1313 4368 κοινωνῷ
1359 4300 1449 4350 τοῦ
1501 4301 1704 4351 σκοποῦ
1736 4294 1966 4374 χρώμε-

2130 3662 2206 3726 ΙΙΙ
2217 3713 2229 3726 .
2267 3663 2410 3726 Cum
2448 3681 2586 3726 vero
2618 3664 2678 3724 in
2707 3664 3162 3726 Atheniensium
3200 3665 3473 3726 doctrina
3499 3662 3691 3744 pluri-

2052 3771 2210 3813 mum
2247 3751 2929 3833 profecisset,viscerum
2960 3762 3366 3814 maternorum
3403 3761 3462 3814 et
3493 3753 3698 3831 patrias

2049 3860 2258 3904 rursus
2285 3850 2374 3903 est
2397 3843 2838 3916 recordatus,et
2858 3859 3070 3904 rursus
3100 3842 3357 3904 Athenis
3377 3839 3556 3902 rediit
3578 3843 3697 3903 An-

2052 3931 2358 3994 tiochiam.
2399 3931 2628 3994 Deinde
2682 3932 2808 3992 haec
2842 3949 3016 4013 parva
3048 3949 3180 3993 esse
3211 3938 3449 4012 putans,
3481 3948 3701 4011 nempe

2051 4023 2356 4084 orationes
2403 4031 2464 4084 et
2493 4022 2842 4096 conciones,
2874 4031 2934 4084 et
2962 4039 3332 4103 quaecunque
3361 4021 3434 4082 ad
3479 4038 3700 4102 super-

2051 4130 2370 4175 vacaneam
2419 4112 2725 4193 pertinent
2771 4111 3188 4188 ambitionem,
3225 4111 3557 4192 angelicam
3589 4128 3697 4172 seu

2054 4202 2448 4264 monasticam
2481 4208 2657 4263 vitam
2702 4202 2904 4264 statuit
2928 4203 3262 4282 suscipere,
3294 4202 3366 4264 ad
3402 4201 3514 4263 hoc
3545 4219 3698 4263 con-

2052 4292 2278 4354 sultore
2299 4299 2356 4352 et
2379 4291 2633 4353 instituti
2659 4291 2818 4354 socio
2851 4300 3021 4354 utens
3045 4292 3266 4355 Basilio
3283 4291 3696 4372 (3-4)qu0dam

322 4409 408 4451 νος
461 4385 749 4463 Βασιλείῳ,
785 4384 922 4465 φίλῳ
965 4387 1064 4441 τινὶ
1099 4386 1188 4441 καὶ
1219 4385 1459 4456 συνήθει,
1517 4385 1604 4440 οιαὶ
1633 4385 1695 4441 τὸ
1725 4383 1781 4439 ἓν
1827 4387 1951 4458 ὁμο-

2053 4399 2160 4443 suo
2192 4381 2496 4458 familiari,
2531 4388 2590 4442 et
2619 4382 2721 4462 qui
2755 4390 2880 4444 erat
2916 4384 3094 4446 unius
3125 4383 3340 4444 animae
3365 4389 3424 4443 et
3452 4381 3702 4444 fraterni

325 4477 518 4556 ψύχως
563 4477 706 4550 αὑτῷ
753 4475 842 4531 καὶ
883 4473 1179 4554 ἀδελφικῶς
1240 4474 1552 4536 πνεύσαντι.
1605 4473 1712 4532 Οὔκ
1763 4473 1951 4531 ἐκεῖνος

2053 4490 2189 4534 cum
2223 4490 2294 4533 eo
2327 4471 2600 4552 spiritus.
2635 4469 2764 4534 Non
2790 4477 2839 4532 is
2860 4481 3056 4534 autem
3093 4482 3218 4534 erat
3250 4470 3487 4549 ille,qui
3519 4479 3577 4532 et
3606 4489 3702 4551 pa-

325 4569 479 4632 οὗτος
537 4569 564 4623 ὁ
623 4569 710 4623 καὶ
760 4563 979 4643 πατρίδα
1019 4565 1108 4621 καὶ
1158 4563 1344 4642 θρόνον
1399 4563 1500 4631 τῆς
1531 4566 1637 4619 τῶν
1673 4562 1951 4621 Καππαδο-

2059 4563 2231 4624 triam
2267 4573 2330 4624 et
2360 4560 2568 4622 sedem
2603 4560 2835 4624 omavit
2883 4561 3327 4642 Cappadocum,
3363 4569 3426 4624 ut
3459 4561 3700 4642 quidam

331 4660 440 4712 κῶν
502 4656 834 4731 τετιμηκὼς,
876 4656 948 4718 ὼς
1010 4654 1219 4711 θ’ίονται
1279 4675 1418 4719 τινες
1462 4655 1566 4710 ὑπὸ
1603 4658 1699 4720 τῆς
1756 4655 1951 4722 ὁμωνυ-

2059 4651 2423 4726 existimant,
2449 4649 2686 4730 decepti
2715 4669 2749 4711 a
2780 4651 3175 4713 similitudine
3204 4647 3706 4731 nominis.Siqui-

331 4745 454 4818 μίας
498 4745 635 4811 ἴσως
696 4744 1126 4823 πεπλανημένοι,
1190 4742 1347 4821 εἴπερ
1409 4744 1588 4809 ἱκανὸς
1622 4743 1778 4807 αὑτός
1824 4746 1945 4800 οὖτο

2059 4743 2194 4803 dem
2218 4739 2293 4801 ad
2319 4741 2496 4800 finem
2524 4740 2700 4818 hujus
2723 4739 2812 4802 rei
2843 4739 3316 4813 faciendam,hic
3339 4739 3468 4819 ipse
3492 4740 3709 4802 sufﬁcit

329 4835 358 4891 ὁ
413 4845 639 4914 χρυσοῦς
696 4837 795 4903 τὴν
879 4833 1125 4911 γλῶτταν
1183 4835 1256 4896 εἷς
1333 4834 1508 4891 πίστιν
1568 4834 1864 4912 ἀρκούντως
1920 4833 1943 4890 ἑ

2061 4831 2260 4910 lingua
2290 4846 2530 4900 aureus,
2568 4828 2671 4909 qui
2703 4829 2846 4890 satis
2871 4829 3016 4892 illud
3043 4827 3311 4892 ostendit
3343 4829 3402 4889 in
3430 4827 3600 4890 libris
3631 4828 3708 4892 de

327 4909 469 4989 τοῖς-
510 4927 626 5003 περὶ
685 4925 780 4993 τῆς
844 4909 1136 5004 ἶερωσύνης
1208 4931 1372 4980 ταῦτα
1448 4909 1719 4991 δηλώσας.
1779 4931 1951 4981 Τοῦτο

2040 4909 2422 4983 ‘suCet‘dotio.
2456 4918 2614 4982 Dicit
2670 4919 2830 4980 enim
2864 4937 3001 4981 eum
3036 4937 3171 4982 esse
3201 4919 3394 5001 ipsum
3432 4928 3705 4981 secutum

325 5015 426 5090 μὲν
476 5016 577 5094 γὰρ
634 5017 858 5073 καὶτὸν
903 5015 1115 5070 ἅπαντα
1163 5011 1359 5093 χρόνον
1416 5018 1560 5086 αὐτῷ
1624 5013 1951 5092 παρηκολου-

2061 5018 2181 5071 toto
2218 5017 2514 5089 tempore,
2557 5017 2614 5069 et
2672 5008 2911 5070 easdem
2945 5009 3212 5088 attigisse
3245 5007 3619 5086 disciplinas,
3650 5017 3709 5068 et

325 5105 548 5174 θηκέναι
608 5105 780 5183 λέγει,
812 5105 899 5161 καὶ
932 5103 1268 5178 μαθημάτων
1316 5101 1550 5178 ἅψασθαι
1607 5111 1713 5160 τῶν
1775 5107 1946 5163 αὑτῶν

2058 5099 2301 5162 eosdem
2318 5097 2601 5160 habuisse
2620 5097 3218 5179 praeceptoresQuod
3235 5106 3430 5159 autem
3449 5096 3707 5158 maxime

321 5195 418 5252 καί
477 5194 827 5257 διδασκάλοις
873 5207 988 5258 τοῖς
1043 5197 1228 5256 αὑτοῖς
1287 5194 1621 5271 χρήσασθαι.
1668 5193 1738 5252 ’Ὁ
1784 5192 1837 5249 δὲ
1871 5194 1951 5269 μά

2058 5188 2325 5252 omnium
2362 5186 2663 5268 prohibet,
2699 5206 2816 5249 non
2850 5190 3006 5251 hunc
3041 5206 3175 5250 esse
3209 5204 3486 5266 magnum
3533 5184 3703 5248 illum

322 5284 484 5342 λιστα
527 5285 744 5343 πάντων
790 5284 1030 5362 άπείργει
1075 5283 1152 5357 μὴ
1198 5288 1383 5338 τοῦτον
1445 5281 1587 5338 εἶναι
1620 5283 1712 5338 τὸν
1771 5283 1951 5360 μέγαν

2054 5279 2368 5351 Basilium,
2401 5286 2514 5359 est,
2552 5277 2712 5358 quod
2745 5279 2938 5358 ipsum
2972 5277 3217 5358 quidem
3246 5275 3508 5338 ostendit
3539 5275 3710 5356 ejus-

323 5373 407 5431 ὅτι
470 5375 630 5432 αὑτὸν
702 5374 799 5452 μὲν
859 5375 948 5430 καὶ
1007 5370 1256 5449 πατρίδος
1313 5372 1589 5452 ὑποφαίνει
1650 5378 1747 5439 τῆς
1809 5371 1951 5440 αὐτῆς

2059 5369 2195 5430 dem
2229 5365 2456 5448 patriae,
2493 5366 2804 5446 fuisseque
2836 5374 2894 5428 et
2914 5383 3137 5443 genere
3163 5382 3336 5446 pares
3368 5370 3428 5427 et
3459 5365 3709 5430 divitiis.

326 5467 495 5541 εἶναι,
543 5464 636 5522 καί
681 5470 744 5521 τὸ
776 5463 930 5542 γένος
975 5462 1237 5538 ὁμότιμον
1284 5457 1394 5541 [γρ.
1430 5462 1522 5516 καί
1577 5463 1840 5538 ὁμοτίμου
1883 5469 1951 5517 τοι

2058 5455 2372 5532 Quomodo
2406 5473 2544 5518 vero
2577 5465 2806 5518 statues
2837 5455 2960 5518 haec
3013 5473 3146 5517 esse
3204 5473 3421 5535 magno
3474 5464 3534 5518 et
3568 5455 3711 5519 huic

414 5719 570 5802 (5-4)
599 5719 711 5800 Qui
740 5723 839 5790 hic
867 5721 1050 5789 fuerit
1078 5719 1336 5789 Basilius
1363 5719 1660 5786 incertum
1689 5726 1780 5786 est
1809 5741 1826 5803 ;
1852 5719 1990 5787 vide
2019 5720 2244 5789 Baron.
2279 5726 2422 5784 tom.
2452 5714 2529 5783 IV
2555 5714 2794 5784 Annal.
2825 5713 2898 5780 ad
2930 5732 3153 5782 annum
3185 5713 3328 5784 38‘2.
