4098 6202
404 268 557 337 1055

1681 284 1960 348 MENSIS
2005 286 2458 352 JANUABIUS.

3613 293 3764 362 1056

399 407 660 504 maximo
683 415 1183 504 communia,quae
1204 421 1340 477 sunt
1365 415 1619 478 maxime
1641 416 1876 480 diversa
1896 423 1923 479 ’ἓ
1942 415 2032 480 Si-

2123 421 2336 504 γένους]
2382 424 2470 482 καὶ
2513 422 2649 480 κατᾶ
2718 423 2778 480 τὸ
2829 421 3085 482 πλουτεῖν
3154 425 3479 488 ἰσοστάσιον.
3541 435 3653 488 Ποῦ
3707 428 3765 488 δε

399 498 641 579 quidem
677 503 995 584 plurimum
1032 507 1188 566 inter
1216 525 1282 567 se
1316 506 1600 568 differunt
1629 507 1950 570 Antiochia
1979 517 2038 570 et

399 585 794 670 Cappadocia.
831 595 976 658 Sunt
1017 604 1218 658 autem
1258 595 1442 657 multa
1472 615 1712 677 quoque
1766 596 1884 658 alia
1932 616 2040 678 per

401 695 534 758 quae
555 682 771 761 conjici
805 692 1016 763 potest,
1054 703 1172 746 non
1206 703 1339 747 esse
1371 686 1530 746 hunc
1559 703 1835 763 magnum
1869 687 2040 748 Basi-

399 765 678 842 lium,sed
706 773 1020 852 quemdam
1041 774 1455 848 alium,ortum
1479 774 2039 838 Antiocbizeﬂazte-

397 871 526 916 rum
561 857 633 919 ab
659 859 770 923 hoc
814 865 1088 925 instituto
1120 873 1259 925 tunc
1292 863 1622 944 sapientem
1652 864 1956 926 abducunt
1987 873 2046 928 et

399 944 693 1026 civitas,et
719 953 904 1016 multo
938 955 1124 1034 magis
1149 955 1224 1016 ad
1253 954 1742 1035 persuadendum
1779 955 2045 1018 efficacia

399 1038 450 1100 ei
471 1047 818 1120 temperans
837 1043 1230 1126 lacrymarum
1259 1045 1881 1108 medicamenta.Nam
1907 1046 2046 1108 civi-

391 1137 483 1191 tas
507 1131 1063 1216 quidem,tanquam
1087 1135 1292 1198 fretum
1327 1135 1634 1216 proprium
1654 1144 1711 1196 et
1731 1153 1764 1196 a
1787 1154 1852 1197 se
1881 1135 2036 1198 edu-

395 1227 762 1297 catum,eum
787 1224 1191 1305 amplectitur,
1231 1231 1291 1286 et
1313 1243 1448 1286 eum
1486 1231 1774 1304 perpetuo
1806 1225 2041 1288 volebat

393 1309 706 1376 retinere:
768 1331 839 1376 ea
895 1314 1056 1376 enim
1119 1314 1287 1376 valde
1349 1313 1699 1375 movebatur
1755 1314 2039 1378 suavitate

394 1402 730 1465 orationum
789 1404 1060 1476 Joannis,
1125 1422 1374 1488 quarum
1434 1403 1750 1464 maximam
1810 1413 2037 1484 partem

396 1491 794 1554 consumebat
817 1493 876 1554 in
903 1493 1427 1573 judiciis,assiilue
1459 1492 1602 1555 illuc
1631 1493 1952 1567 ventitans,
1981 1503 2041 1555 et

394 1591 622 1664 partem
657 1582 988 1648 defendens
1049 1583 1398 1646 inferiorem
1433 1591 1492 1644 et
1522 1601 1680 1657 eum,
1718 1583 1819 1664 qui
1849 1583 2037 1645 habe-

396 1676 568 1733 batur
594 1675 990 1755 contemptui,
1025 1691 1307 1736 recreans
1365 1672 1553 1736 Mater
1579 1681 1802 1753 autem,
1831 1681 2038 1754 utpote

2121 520 2286 570 ταῦτα
2330 514 2511 582 θήσεις
2567 516 2655 572 καὶ
2699 522 2775 589 τῷ
2819 515 3040 592 μεγάλῳ
3088 518 3263 597 κοινὰ,
3328 517 3536 592 μᾶλλον
3576 518 3633 578 δὲ
3677 523 3767 579 καὶ

2122 609 2198 675 τῷ
2254 605 2492 681 μεγίστῳ
2549 602 2798 684 διάφορα,
2870 602 3026 682 εἴπερ
3090 605 3264 676 δήπου
3321 609 3410 664 καὶ
3450 605 3765 691 Ἀντιόχεια

2121 692 2278 757 πόλις
2328 694 2416 750 καὶ
2464 691 2817 751 Καππαδοκία
2859 691 3238 775 διενηνόχασιν
3272 715 3290 769 ;
3335 695 3448 754 ἔστι
3477 695 3534 754 δέ
3576 721 3641 777 γε
3668 697 3764 756 καί

2125 781 2263 839 ἄλλα
2295 781 2470 840 πολλὰ
2505 781 2572 839 δι’
2602 785 2678 837 ὧν
2726 781 2789 841 ἄν
2837 804 2917 849 τις
2973 785 3303 862 τεκμήραιτο
3346 787 3426 861 μὴ
3468 788 3558 844 τὸν
3593 788 3767 864 μέγαν

2125 875 2266 929 εἶναι
2322 872 2510 929 τοῦτον
2569 871 2871 948 Βασίλειον,
2926 871 3066 930 ἀλλά
3123 895 3247 931 τινα
3289 875 3494 950 μᾶλλον
3550 875 3610 934 ἐκ
3662 879 3764 944 τῆς

2125 958 2465 1042 Ἀντιοχείας
2539 961 2875 1038 ὁρμώμενον.
2940 961 3107 1020 Ἀλλὰ
3159 972 3253 1022 τοῦ
3325 973 3531 1024 σκοποῦ
3578 967 3768 1032 τούτου

2125 1051 2257 1115 τέως
2318 1051 2346 1118 ἥ
2408 1072 2466 1108 τε
2543 1050 2700 1116 πόλις
2755 1051 2913 1108 αὑτὸν
2969 1054 3258 1131 ἀπάγουσι,
3318 1056 3407 1112 καὶ
3467 1054 3673 1131 μᾶλλον
3730 1058 3767 1124 ἡ

2121 1143 2326 1219 μήτηρ,
2361 1140 2506 1199 δεινὰ
2558 1141 2688 1210 πρὸς
2732 1143 2904 1224 πειθὼ
2959 1142 3025 1198 τὰ
3076 1141 3138 1199 ἐκ
3175 1149 3282 1200 τῶν
3341 1142 3576 1224 δακρύων
3620 1145 3769 1220 αύτῷ

2123 1231 2393 1310 κεράσασα
2461 1231 2738 1311 φάρμακα,
2817 1221 2880 1288 Ἠ
2952 1232 3051 1306 μὲν
3127 1231 3229 1310 γάρ
3288 1221 3452 1298 πόλις
3509 1238 3586 1298 ὡς
3636 1233 3768 1293 ἰδίου

2121 1321 2427 1398 θρέμματος
2457 1322 2790 1400 περιείχετο,
2821 1323 2912 1378 καὶ
2958 1319 3043 1379 διὰ
3072 1325 3270 1388 παντὸς
3299 1323 3564 1403 κατέχειν
3591 1322 3766 1393 ἠϐού-

2121 1409 2270 1472 λετο.
2308 1411 2481 1491 Εἶχον
2526 1412 2628 1489 γὰρ
2673 1411 2838 1478 αὐτὴν
2880 1413 3117 1490 ἰσχυρῶς
3176 1414 3229 1468 αἱ
3270 1419 3377 1471 τῶν
3425 1414 3630 1471 ἐκείνου
3660 1413 3765 1472 λόο

2121 1522 2230 1578 γων
2262 1502 2540 1579 Σειρῆνες,
2575 1504 2658 1562 εἷς
2687 1498 2833 1576 (sic)
2859 1501 2920 1558 τὸ
2951 1500 3210 1559 πλεῖστον
3239 1501 3394 1571 ἔνεμε
3422 1509 3502 1577 τῷ
3551 1502 3764 1576 δικαίῳ,

2118 1603 2238 1652 τοῖς
2295 1588 2660 1666 δικαστηρίοις
2714 1587 3075 1670 ἐνδιατρίεων,
3135 1593 3232 1649 καί
3289 1597 3368 1665 τῷ
3407 1591 3770 1650 καταδεεστέο

2120 1702 2195 1758 ρῳ
2245 1679 2396 1756 μέρει
2438 1677 2735 1754 τιθέμενος.
2782 1670 2843 1735 ’Β
2878 1677 2931 1734 δὲ
2981 1681 3186 1757 μήτηρ,
3241 1680 3338 1738 οῖα
3371 1682 3575 1756 μήτηρ,
3621 1705 3768 1759 γνη-

395 1763 807 1841 mater,magis
824 1781 1110 1842 germane
1127 1779 1262 1824 eum
1283 1761 1885 1843 adiens,doloresque
1910 1779 2032 1842 par-

2119 1767 2377 1847 σιώτερον
2435 1769 2578 1841 αὑτῷ
2632 1766 3018 1846 προσελθοῦσα,
3100 1770 3190 1827 καὶ
3248 1767 3450 1828 ὠδίνων
3504 1770 3619 1846 ἅμα
3676 1772 3772 1828 καὶ

399 1856 491 1910 tus
522 1859 582 1912 et
611 1850 986 1915 lactationem
1046 1856 1098 1916 ei
1162 1853 1221 1913 in
1255 1852 1605 1914 memoriam
1639 1869 1948 1923 revocans,
1977 1859 2036 1914 et

393 1938 548 2002 mala
579 1940 899 2022 viduitatis,
937 1950 996 2004 et
1025 1959 1397 2024 quaecunque
1426 1949 1704 2020 poterant
1731 1941 2036 2004 attrahere

395 2025 682 2104 tilium,ut
715 2031 920 2093 matris
951 2029 1613 2105 misereretur,arcebat
1638 2048 1672 2092 a
1703 2032 2030 2110 proposito.

391 2114 506 2179 Sed
531 2119 716 2180 satius
741 2129 923 2194 est,nt
945 2120 1034 2184 illi
1060 2121 1174 2202 ipsi
1203 2121 1354 2182 hanc
1376 2119 1708 2200 relinquam
1736 2121 2033 2183 narratio-

390 2209 772 2290 nem.Neque
803 2210 963 2272 enim
986 2210 1231 2273 omnino
1253 2209 1342 2272 fas
1376 2216 1609 2283 est,nec
1640 2209 2030 2289 conveniens,

390 2302 454 2357 ut
469 2313 600 2358 cum
627 2299 680 2362 ei
700 2298 876 2362 liceat
895 2319 1001 2363 sua
1025 2319 1133 2381 per
1151 2319 1218 2363 se
1240 2299 1610 2373 dicere,nos,
1638 2298 1756 2360 illis
1777 2300 2029 2377 relictis,

389 2403 457 2447 ex
492 2387 668 2450 nobis
720 2390 868 2473 ipsis
899 2391 1186 2453 faciamus
1217 2389 1622 2453 narrationem
1682 2387 1840 2451 Dicit
1869 2390 2029 2453 enim

385 2473 517 2557 ipse
545 2477 607 2540 in
635 2477 805 2542 libris
836 2480 921 2544 De
951 2482 1286 2544 sacerdotio
1315 2479 1431 2562 (5),
1453 2479 1714 2541 innuens
1743 2482 2026 2556 amicum,

389 2565 490 2647 qui
520 2587 657 2632 eum
689 2581 814 2633 erat
835 2571 1207 2634 abducturus
1236 2571 1311 2634 ad
1341 2570 1608 2651 id,cujus
1638 2570 1834 2632 studio
1865 2579 2030 2633 tene-

385 2656 818 2724 batur.Deinde
849 2671 1123 2735 matrem,
1159 2680 1291 2744 quin
1321 2661 1436 2723 hoc
1468 2660 1814 2735 resciverat,
1841 2660 2027 2722 mise-

385 2747 658 2812 rabiliter
683 2752 1039 2830 accessisse,
1072 2759 1131 2815 et
1162 2751 1220 2814 id
1265 2749 1663 2830 prohibuisse.
1701 2750 1798 2812 Sic
1827 2759 2025 2813 autem

386 2837 565 2902 habet
597 2858 610 2900 :
647 2842 966 2922 Postquam
1001 2841 1162 2904 enim
1197 2843 1386 2903 sensit
1438 2839 1779 2919 consilium,
1809 2840 1965 2920 quod
1993 2859 2028 2903 a

385 2927 564 2992 nobis
595 2930 1068 3011 capiebatur,me
1101 2932 1346 2994 dextera
1374 2937 1721 3010 accepto,et
1752 2930 1814 2990 in
1847 2929 2026 2992 domo

386 3017 444 3080 ei
471 3018 754 3082 attributa
780 3020 855 3082 ad
887 3019 1220 3083 sedendum
1256 3019 1546 3081 collocato
1573 3037 1758 3099 prope
1779 3017 2020 3095 lectum,

2115 1857 2289 1928 θηλης
2351 1859 2734 1936 δπομνήσασα,
2779 1858 2869 1914 καὶ
2915 1858 2978 1914 τὰ
3039 1857 3101 1916 ἐκ
3159 1861 3260 1928 τῆς
3322 1861 3554 1939 χηρείας
3596 1861 3766 1933 κακὰ,

2117 1949 2207 2005 καὶ
2248 1947 2424 2006 πάντα
2467 1946 2565 2004 ὅσα
2631 1943 2851 2004 δυνατὸν
2912 1947 2983 2015 ἧν
3039 1949 3150 2006 υἱὸν
3206 1946 3426 2005 ἐλκῦσαι
3480 1955 3550 2026 τῇ
3603 1950 3772 2027 μητρὶ

2117 2037 2247 2117 πρὸς
2305 2036 2662 2111 συμπάθειαν,
2723 2036 2952 2114 ἀπεῖργε
3016 2044 3110 2094 τοῦ
3154 2037 3504 2114 προκειμένου
3541 2055 3554 2067 ⁸
3616 2039 3769 2113 μᾶλ-

2116 2125 2210 2184 λον
2273 2125 2330 2182 δὲ
2373 2127 2517 2199 αύτῷ
2554 2125 2741 2200 ἐκείνῳ
2801 2124 3012 2204 λέγοντι
3067 2128 3188 2204 περὶ
3243 2127 3432 2184 τούτου
3489 2148 3766 2207 παραχω-

2117 2217 2268 2296 ρήσω
2324 2223 2417 2274 τοῦ
2473 2214 2838 2293 διηγήματος.
2887 2218 3088 2273 Μανίαν
3131 2217 3234 2294 γὰρ
3291 2217 3356 2272 ἃν
3402 2215 3643 2290 άληθῶς,
3699 2217 3765 2273 οῦ

2115 2306 2323 2381 τόλμαν
2364 2305 2617 2380 ἠτιώμην
2660 2303 2902 2379 δικαίως,
2957 2307 3030 2386 εί,
3089 2305 3145 2361 ἐν
3185 2306 3276 2370 οἷς
3317 2306 3387 2363 τὰ
3435 2305 3636 2363 ἐκείνου
3690 2306 3762 2362 δι’

2115 2397 2316 2453 ἐκείνου
2359 2394 2533 2473 λέγειν
2577 2397 2770 2474 παρὸν,
2807 2397 2962 2460 αὐτὸς
3021 2394 3187 2454 ταῦτα
3237 2394 3400 2452 κατα)
3415 2397 3574 2471 ιπὼν,
3633 2393 3766 2474 παρ’

2112 2486 2244 2561 ἐμοῦ
2292 2487 2400 2563 Ιγρ.
2455 2483 2710 2565 ἐμαυτοῦ]
2767 2485 2867 2552 τὴν
2931 2483 3184 2563 διήγησιν
3241 2485 3562 2560 ἐποιούμην,
3605 2485 3761 2552 Φησὶ

2111 2577 2212 2655 γὰρ
2267 2575 2436 2637 οὕτως
2481 2574 2536 2631 ἐν
2579 2587 2696 2639 τοῖς
2741 2573 2868 2651 περί
2925 2575 3218 2652 ἱερωσύνης
3267 2575 3450 2648 αύτὸς,
3481 2576 3576 2631 τὸν
3605 2573 3762 2654 φίλον

2112 2666 2452 2743 εἰσενεγκὼν,
2527 2665 2752 2731 ἀπάξειν
2839 2664 2926 2722 ἐπὶ
2999 2666 3062 2721 τὸ
3119 2661 3552 2736 σπουδαζόμενον
3616 2662 3761 2739 μέλ-

2111 2757 2294 2830 λοντα,
2329 2754 2454 2812 εἷτα
2498 2755 2596 2821 τὴν
2629 2754 2839 2832 μητέρα
2870 2757 3144 2828 μαθοῦσαν
3197 2755 3284 2810 καὶ
3339 2761 3495 2812 τοῦτο
3551 2751 3760 2810 διακω-

2107 2844 2344 2903 λύσασαν
2378 2860 2392 2876 ⁸
2427 2843 2546 2924 ἔχει
2577 2841 2634 2901 δὲ
2666 2843 2836 2907 οὕτως
2874 2860 2887 2874 ⁸
2937 2842 3160 2912 Ἐπειδὴ
3191 2843 3294 2922 γὰρ
3352 2843 3546 2920 ᾔσθετο
3588 2853 3758 2903 ταῦτα

2106 2934 2516 3012 βουλευόμενον,
2589 2931 2826 2992 λαϐοῦσά
2909 2955 2978 3008 με
3053 2933 3152 3002 τῆς
3209 2931 3407 3008 δεξιᾶς,
3466 2933 3758 3010 εἰσήγαγεν

2109 3026 2181 3090 εἷς
2238 3025 2328 3081 τὸν
2382 3024 2817 3101 ἀποτεταγμένον
2890 3028 3043 3082 οἷκον
3114 3027 3276 3100 αὐτῇ,
3342 3023 3438 3080 καί
3497 3023 3758 3080 καθίσασα

385 3107 446 3169 in
461 3127 577 3203 qu_o
599 3127 707 3171 nos
726 3108 1383 3203 pepererat,emittebat
1398 3110 1589 3203 fontes
1607 3107 2024 3203 lacrymarum,

2115 3115 2340 3181 πλησίον
2394 3113 2480 3170 ἐπὶ
2525 3113 2620 3181 τῆς
2666 3117 2844 3188 εὐνῆς,
2891 3113 2958 3182 ἧς
2997 3115 3146 3188 ἡμᾶς
3192 3111 3375 3187 ὤδινε,
3407 3112 3588 3190 πηγὰς
3619 3111 3758 3188 ἐσθίει

387 3205 448 3258 et
479 3197 840 3278 adjungebat
889 3198 1068 3261 virba
1120 3199 1399 3280 lacrymis
1448 3197 1905 3272 miserabiliora,
1939 3197 2026 3259 sic

2115 3204 2374 3282 δακρύων,
2435 3205 2521 3260 καὶ
2592 3210 2700 3261 τῶν
2755 3203 2994 3283 δακρύων
3062 3202 3392 3280 ὶλεεινότερα
3451 3204 3753 3280 προσετίθει

385 3287 540 3368 apud
577 3306 686 3350 nos
718 3289 1055 3352 lamentans
1090 3310 1102 3350 :
1138 3287 1306 3368 Mihi,
1339 3287 1549 3366 inquit,
1597 3306 1630 3349 o
1665 3286 1770 3359 ﬁli,
1805 3287 2027 3349 virtute

2115 3296 2344 3370 ῥήματα,
2389 3296 2610 3350 τοιαῦτα
2643 3294 2774 3370 πρὸς
2813 3295 2956 3368 ἡμᾶς
2989 3290 3283 3370 ὀδυρομένη
3317 3291 3436 3372 [γρ.
3482 3290 3751 3368 ἀποδυρο-

387 3375 473 3438 tui
505 3378 694 3458 patris
744 3378 845 3440 diu
877 3377 995 3440 frui
1023 3396 1142 3440 non
1175 3376 1362 3451 licuit,
1399 3395 1536 3438 cum
1571 3378 1694 3440 Deo
1728 3376 1808 3438 ita
1835 3377 2024 3438 visum

2115 3384 2298 3459 μένηιο
2329 3381 3004 3462 Ἐγὼ,φησὶ,παιδίον,τῆς
3028 3382 3222 3456 ἀρετῆς
3249 3389 3342 3440 τοῦ
3368 3383 3570 3458 πατρὸς
3603 3380 3751 3462 [toﬁ]

388 3477 571 3528 esset.
606 3471 756 3532 Nam
789 3467 1030 3531 dolores
1062 3469 1120 3530 in
1152 3476 1322 3548 partu
1354 3475 1603 3549 propter
1633 3475 1690 3527 te
1721 3476 2020 3548 acceptos,

2115 3481 2203 3533 σοῦ
2247 3475 2342 3531 οὒκ
2373 3475 2595 3553 ἀφείθην
2637 3471 2936 3532 ἀπολαῦσαι
2967 3471 3060 3529 ἐπὶ
3093 3471 3230 3529 πολὺ
3265 3488 3278 3502 ⁸
3333 3475 3412 3543 τῷ
3447 3474 3564 3542 Θεῷ
3593 3472 3752 3526 τοῦτο

388 3572 550 3618 mers
579 3557 742 3620 illius
771 3556 1232 3630 consecuta,tibi
1255 3557 1497 3639 quidem
1530 3555 2025 3631 orbitatem,mihi

2115 3563 2315 3623 δοκοῦν.
2373 3566 2478 3628 Τὰς
2541 3565 2637 3641 γὰρ
2691 3561 2880 3626 ὠδίνας
2923 3563 3018 3625 τὰς
3086 3563 3174 3618 επὶ
3225 3563 3308 3619 σοὶ
3373 3557 3748 3632 διαδεξάμενος

389 3655 586 3710 autem
619 3647 960 3711 viduitatem
994 3647 1192 3712 attulit
1220 3657 1359 3712 ante
1393 3654 1721 3727 tempus,et
1753 3649 1906 3709 mala
1936 3653 2023 3708 vi-

2115 3657 2136 3710 δ
2177 3654 2406 3716 θάνατος
2469 3654 2696 3726 ἐκείνου,
2757 3654 2838 3710 σοὶ
2881 3652 2980 3725 μὲν
3025 3650 3299 3731 ὀρφανίαν,
3345 3650 3464 3723 ἐμοὶ
3518 3648 3748 3728 χηρείαν

388 3735 795 3815 ἀυίιειιὶε,(ιιιω
820 3759 906 3802 eze
923 3739 1066 3801 sola;
1086 3739 1496 3820 demum,quae
1518 3737 1620 3800 illa
1646 3756 1834 3818 passa:
1863 3745 2022 3813 sunt,

2115 3742 2402 3810 ἐπέστησεν
2445 3741 2641 3820 ἄωρον,
2693 3742 2780 3798 καὶ
2845 3745 2944 3808 τῆς
3005 3741 3228 3820 χηρείας
3284 3737 3453 3811 δεινὰ,
3498 3737 3531 3794 ἃ
3587 3739 3750 3812 μόναι

389 3827 544 3891 scire
569 3845 773 3910 aperte
805 3827 1314 3912 potuerint.Nulla
1349 3828 1509 3890 enim
1543 3829 1734 3890 oratio
1767 3828 2030 3909 potuerit

2115 3835 2159 3891 αἱ
2204 3837 2462 3890 παθοῦσαι
2506 3830 2736 3889 δυιαιντ⁹
2781 3829 2844 3888 ἂν
2908 3829 3099 3888 εἰδέναι
3157 3834 3367 3910 σαφῶς.
3429 3828 3603 3904 Λόγος
3646 3827 3750 3904 γὰρ

387 3919 678 4000 consequi
712 3927 1126 4000 tempestatem
1162 3919 1323 3980 illam
1353 3927 1412 3979 et
1443 3919 1656 3980 fluctus
1685 3917 1846 3994 illos,
1880 3936 2026 3998 quos

2115 3921 2286 3988 οόδε“ις
2319 3922 2382 3979 ἂν
2415 3922 2659 3994 ἐφίκοιτο
2690 3927 2783 3979 τοῦ
2814 3927 3089 4002 χειμῶνος
3119 3917 3324 3976 ἐκείνου
3364 3918 3452 3974 καὶ
3480 3925 3576 3976 τοῦ
3615 3913 3750 3972 κλύ-

386 4008 545 4071 subit
571 4009 830 4090 puella,e
867 4011 1041 4071 domo
1073 4009 1314 4090 quidem
1344 4014 1588 4090 paterna
1622 4026 1813 4088 nuper
1834 4026 2026 4085 egres-

2115 4012 2295 4086 Βωνος,
2328 4012 2385 4067 ὃν
2415 4013 2694 4092 ὑφίσταται
2726 4011 2860 4088 κόρῆ
2894 4009 3006 4088 ἄρτι
3041 4009 3138 4080 μὲν
3165 4013 3263 4075 τῆς
3293 4007 3491 4072 οἰκείας
3522 4009 3619 4071 τῆς
3645 4025 3753 4062 παρ

387 4113 474 4167 sa,
509 4105 569 4160 et
598 4116 799 4160 rerum
834 4097 1198 4179 imperita,et
1227 4099 1325 4179 qui
1357 4097 1628 4159 cohiberi
1664 4115 1782 4157 non
1809 4104 2024 4178 potest,

2115 4103 2283 4182 τρῴας
2323 4101 2670 4180 προελθοῦσα,
2715 4101 2804 4156 καὶ
2847 4098 3181 4176 πραγμάτων
3212 4096 3428 4173 ἄπειρος
3459 4097 3612 4167 οὖσα,
3660 4092 3750 4182 ἐξ·-

385 4194 636 4266 repente
667 4187 827 4248 luctu
857 4205 1164 4267 oppressa,
1201 4199 1260 4248 et
1293 4205 1543 4250 necesse
1577 4185 1804 4248 habens
1837 4189 2019 4265 majo-

2115 4180 2296 4272 κίςρνης
2326 4212 2383 4247 τε
2421 4189 2598 4246 πένθει
2628 4188 2848 4268 ἆσχὲτῳ
2877 4186 3191 4264 βαλλομένη
3212 4187 3304 4244 καὶ
3336 4180 3746 4262 ἂναγκαζομένη

386 4292 484 4337 res
531 4283 837 4356 suscipere
890 4275 1352 4355 sollicitudines,
1386 4295 1564 4356 quam
1625 4294 1730 4356 pro
1761 4287 1932 4340 aetate
1967 4284 2024 4338 et

2115 4279 2418 4360 φροντίδων,
2449 4280 2536 4336 καὶ
2567 4283 2665 4344 τῆς
2701 4276 2910 4346 ἡλικίας
2957 4279 3046 4335 καὶ
3075 4276 3170 4345 τῆς
3210 4276 3416 4356 φύσεως
3462 4272 3751 4360 ἀνέχεσθαι

386 4383 554 4429 sexu.
589 4363 834 4446 Oportet
862 4365 1024 4427 enim
1047 4375 1110 4427 ut
1139 4367 1402 4428 arbitror
1429 4365 1789 4427 famulorum
1823 4385 2024 4429 socor-

2115 4359 2390 4443 μειζόνων,
2430 4380 2526 4424 Δεῖ
2556 4368 2678 4447 γὰρ,
2714 4370 2895 4442 οἶμαι,
2930 4368 3183 4445 ῥᾳθυμίας
3231 4366 3452 4422 οἰκετῶν
3496 4359 3748 4440 ἐπιστρέ-

388 4455 546 4517 diam
577 4455 1057 4518 animadvertere
1090 4465 1147 4518 et
1177 4455 1569 4535 corrigere,et
1603 4454 1892 4517 maleficia
1912 4454 2024 4516 ob-

2115 4481 2246 4540 ρειν,
2291 4459 2380 4516 καὶ
2411 4459 2730 4537 κακουργίας
2764 4461 3123 4536 παρατηρεῖν,
3157 4457 3426 4533 συγγενῶν
3458 4451 3750 4524 άποκρούε·

387 4555 1044 4626 servare,cngnatorum
1070 4547 1319 4609 insidias
1343 4546 1712 4627 propulsare,
1751 4543 2022 4625 publica-

2115 4553 2228 4608 σθαι
2272 4546 2581 4627 ἐπιϐουλὰς,
2613 4553 2720 4604 τῶν
2749 4547 2816 4603 τὰ
2864 4545 3100 4622 δημόσια
3158 4543 3583 4621 εἰσπραττόντων
3633 4542 3746 4618 [γρ.

390 4653 608 4697 norum
632 4636 880 4717 injurias
895 4636 1461 4699 etinhumanitatem
1483 4637 1543 4698 in
1565 4635 1872 4714 exigendis
1899 4653 2026 4698 vec.

2115 4638 2474 4714 πραττόντωιή
2533 4638 2629 4702 τὰς
2707 4637 2988 4715 ἐπηρείας,
3062 4637 3149 4693 καὶ
3207 4633 3308 4701 τὴν
3364 4633 3626 4702 ἃπήνειαν
3691 4631 3748 4685 εν

389 4723 664 4803 tigalihus
700 4745 910 4805 magno
956 4737 1014 4788 et
1046 4727 1284 4789 excelso
1333 4727 1534 4788 animo
1567 4726 1748 4788 ferre.
1778 4723 1944 4798 Quod
1978 4724 2028 4786 si

2115 4743 2232 4794 ταῖς
2279 4735 2385 4785 τῶν
2416 4730 2674 4806 εἶαςρορῶν
2705 4723 3036 4791 καταϐολαῖς
3065 4725 3322 4804 γενναίως
3380 4722 3582 4802 φέρειν.
3621 4717 3749 4776 Ἐὰν

386 4814 602 4877 relicto
633 4817 808 4879 etiam
842 4816 1068 4878 infante
1099 4815 1453 4887 decesserit,
1479 4819 1577 4898 qui
1609 4824 1699 4878 est
1730 4829 2024 4888 mortuus,

387 4905 436 4968 si
461 4905 535 4967 sit
557 4905 796 4987 quidem
824 4907 1067 4979 femina,
1097 4925 1370 4986 magnam
1394 4906 1633 4988 quidem
1669 4904 1756 4967 sic
1787 4923 2028 4983 quoque

390 4998 565 5060 matri
587 4996 874 5078 prasbebit
905 4997 1396 5070 sollicitudinem,
1418 5014 1451 5056 a
1468 4994 1803 5075 sumptibus
1827 5002 2026 5055 tamen

389 5096 449 5151 et
477 5098 633 5150 metu
661 5085 1134 5149 liberam.Filius
1156 5095 1355 5148 autem
1383 5104 1510 5148 eam
1533 5083 1799 5166 quotidie
1820 5082 2028 5164 implet

390 5179 704 5242 timoribus
731 5175 1273 5238 innumerabilibus
1296 5185 1353 5238 et
1379 5175 1647 5255 pluribus
1665 5173 2024 5236 sollicitudi-

387 5268 756 5331 nibus.Mitto
781 5276 1084 5347 sumptum
1121 5266 1534 5347 pecuniarum,
1572 5282 1750 5344 quem
1778 5281 2026 5325 necesse

387 5359 574 5423 habet
594 5359 792 5422 facere
810 5359 860 5419 si
880 5375 1018 5421 eum
1041 5356 1299 5420 educare
1322 5354 1486 5436 cupit
1511 5352 2026 5417 liberaliter.Nihil

387 5450 604 5515 horum
627 5456 826 5511 tamen
855 5447 1002 5510 mihi
1036 5446 1427 5529 persuasit,ut
1449 5444 1781 5508 secundum
1809 5443 2023 5506 inirem

475 5613 561 5699 (5)
592 5610 724 5676 Lib.
757 5626 826 5688 ιι,
857 5629 992 5697 up.
1019 5608 1082 5678 2.

2109 4817 2164 4874 δὲ
2204 4819 2292 4875 καὶ
2335 4817 2543 4874 παιδίον
2586 4815 2898 4873 καταλιπὼν
2947 4817 2975 4871 ὁ
3024 4813 3294 4880 τεθνηκὼς
3327 4808 3570 4883 ἀπέλθοι,
3617 4807 3750 4876 θῆλυ

2109 4909 2208 4984 μὲν
2265 4908 2346 4982 ὃν,
2410 4905 2615 4974 πολλὴν
2672 4908 2760 4964 καὶ
2819 4905 2960 4964 οὕτω
3017 4903 3230 4983 παρέξει
3291 4908 3360 4979 τῇ
3429 4901 3588 4979 μητρὶ
3651 4898 3750 4965 τὴν

2109 4996 2377 5078 φροντίδα,
2425 4995 2572 5071 ὅμως
2622 4994 2678 5053 δὲ
2719 4999 2807 5054 καὶ
2866 4994 3234 5068 ἀναλωμάτων
3264 4993 3355 5049 καὶ
3382 4989 3527 5054 δέους
3557 4987 3749 5078 άπηλ-

2109 5077 2384 5164 λαγμένην
2422 5107 2432 5118 ·
2469 5089 2496 5140 ὁ
2533 5083 2588 5141 δὲ
2631 5087 2740 5149 υἱὸς
2787 5087 2985 5162 μυρίων
3018 5083 3184 5151 αὒτὴν
3225 5078 3406 5158 φόϐων
3457 5077 3576 5136 καθ’
3623 5077 3750 5134 ἐκά-

2109 5198 2242 5242 στην
2267 5173 2569 5249 ἐμπίπλησι
2600 5174 2699 5242 τήν
2730 5175 2956 5252 ἡμέραν,
2991 5175 3078 5230 καὶ
3127 5171 3390 5230 πλειόνων
3435 5165 3749 5248 φροντίδων.

2109 5265 2218 5330 Τὴν
2263 5265 2360 5342 γὰρ
2390 5271 2496 5320 τῶν
2525 5263 2828 5343 χρημάτων
2877 5263 2949 5337 ἐῷ
3005 5261 3273 5335 δαπάνην,
3306 5258 3440 5326 ὅσην
3468 5254 3750 5331 ὑπομένειν

2110 5353 2461 5430 ἀναγκάζεται
2494 5353 2801 5431 ἐλευθερίως
2863 5354 3022 5411 αὒτὸν
3071 5349 3360 5429 ἀναθρέψαι
3396 5347 3750 5422 ἐπιθυμοῦσα.

2111 5442 2262 5502 Ἀλλ’
2291 5441 2440 5519 ὅμως
2471 5441 2617 5501 οῦδὲν
2662 5463 2728 5522 με
2759 5442 2960 5499 τούτων
3009 5440 3188 5499 ἔπεισε
3235 5437 3497 5518 δευτέροις
3543 5431 3750 5514 ὁμιλῆ-
