4098 6202
377 289 532 358 1059

381 518 647 598 cepisset
671 517 944 580 ordinem
968 514 1236 596 lectoris,
1257 533 1376 576 non
1408 515 1596 576 libros
1626 533 1830 576 sacros
1866 514 2034 592 lege-

386 607 487 669 bat
511 607 1021 680 solummodo,sed
1047 605 1225 668 etiam
1253 606 1460 685 spiritu
1490 605 1802 685 sapientia).
1823 623 1926 665 eos
1949 604 2039 664 in-

381 696 918 777 terpretaliatur,et
943 713 1151 775 magna
1173 694 1344 756 verbi
1369 695 1502 756 luce
1523 708 1579 756 et
1612 694 1770 756 bono
1795 693 2037 754 eviden-

383 785 476 846 tia:
510 785 787 847 utebatur
817 785 874 845 in
916 785 1312 864 expositione.
1341 783 1619 857 Quamvis
1651 793 1845 846 autem
1879 791 2038 844 tanta

380 881 536 934 esset
557 874 748 953 gratia
779 874 1155 954 praaditus,et
1177 873 1490 936 universus
1517 873 1769 952 pOpulus
1803 870 2034 953 pende-

380 971 472 1025 ret
490 961 564 1024 ab
591 963 722 1041 ejus
747 962 1133 1042 lingua,aegre
1160 972 1354 1025 tamen
1391 962 1592 1024 ferens
1618 957 2035 1040 tumultus,qui

382 1060 552 1113 erant
575 1051 635 1114 in
657 1054 916 1124 civitate,
950 1057 1217 1116 etvitans
1241 1051 1528 1132 quidquid
1566 1051 1703 1113 facit
1724 1050 1796 1112 ad
1828 1059 2034 1111 osten-

382 1141 758 1209 tationem.ut
785 1143 924 1223 quid
953 1150 1306 1204 arceretura
1329 1141 1806 1221 desiierio,quod
1835 1138 1908 1200 ab
1931 1140 2042 1200 ini-

383 1231 462 1292 tio
493 1231 694 1292 animo
718 1231 1284 1312 concipieliat,quod
1315 1239 1444 1292 erat
1466 1229 1574 1291 sub
1600 1233 1723 1292 Deo
1750 1230 2041 1302 vivere,et

383 1321 440 1382 ei
465 1320 575 1382 soli
600 1319 732 1381 ﬂeri
760 1319 1410 1395 manifestum,tristitia
1441 1319 1830 1394 afﬁciebatur,
1860 1336 2037 1397 ange-

385 1411 581 1483 batur,
607 1410 808 1471 animo
843 1411 1087 1489 plurimi
1111 1410 1364 1472 faciebat
1393 1409 1870 1481 solitudinem,et
1899 1417 1995 1468 tan
2019 1441 2035 1451 -

1662 287 1944 355 MENSIS
1985 290 2437 355 JANUARIUS.

464 401 722 492 Nicum
747 429 1049 509 aliquanto
1080 434 1274 488 autem
1309 433 1444 507 post
1471 434 1743 506 tempore
1778 425 1873 486 vix
1908 442 2030 486 sus-
2055 431 2095 481 A

3591 277 3746 347 1060

2205 427 2288 483 Δ’.
2348 427 2495 483 Μετᾶ
2552 425 2605 481 δὲ
2666 424 2865 504 χρόνον
2907 443 3056 499 τινα,
3093 421 3194 487 τὴν
3221 417 3564 495 ἀναγνώστου
3620 414 3768 479 τάξιν

2119 515 2566 591 καταδεξάμενος,
2614 517 2675 572 οὐ
2747 513 2910 588 μόνον
2971 509 3157 573 ἁπλῶς
3213 510 3428 587 ὑπῆρχε
3487 507 3582 569 τὰς
3621 506 3767 583 ἱερὰς

2119 607 2575 684 ὑπαναγινώσκων
2635 601 2869 681 βίϐλους,
2918 599 3056 657 ἀλλὰ
3113 600 3198 655 καὶ
3256 599 3519 673 πνεύματι
3579 597 3767 670 σοφίας

2120 696 2481 773 διερμηνεόων
2538 698 2720 768 αῦτὰς,
2757 695 2844 749 καὶ
2898 689 3082 764 πολλῷ
3142 692 3219 763 τῷ
3273 690 3406 767 φωτῖ
3450 694 3542 745 τοῦ
3604 686 3770 763 λόγου

2119 787 2238 861 περὶ
2281 785 2380 851 τὴν
2409 784 2666 864 ὲξήγησιν
2711 784 3021 862 χρώμενος’
3083 780 3274 856 καίπερ
3330 776 3385 834 δὲ
3417 776 3557 833 οὕτω
3601 776 3765 856 χάρι-

2118 895 2215 936 τας
2247 873 2418 954 ἔχων,
2468 876 2555 930 γαὶ
2617 874 2706 928 τὸν
2739 871 2868 927 λαὸν
2921 869 3131 926 ἅπαντα
3165 873 3261 934 τῆς
3296 865 3542 944 γλώττης
3598 867 3765 941 ἀνηρ-

2119 951 2552 1038 τημένονξάλλὰ
2608 963 2729 1023 τοὺς
2777 961 2830 1018 ἐν
2875 959 3031 1016 πόλει
3090 956 3451 1037 δυσχεραίνων
3492 951 3764 1034 θορύϐους,

2119 1053 2206 1107 καὶ
2279 1054 2339 1108 τὸ
2414 1051 2540 1130 πρὸς
2613 1048 2860 1114 ἐπίδειξιν
2930 1048 3070 1104 ἅπαν
3144 1045 3560 1124 περιϊστάμενος
3592 1089 3608 1114 ,
3683 1042 3770 1100 καὶ

2123 1141 2303 1221 ὥσπερ
2360 1144 2426 1207 ἧς
2497 1138 2552 1206 ἒξ
2612 1141 2787 1219 ἀρχῆς
2845 1137 3030 1194 ὤδινεν
3094 1137 3370 1210 ἐπιθυμίας
3432 1133 3764 1211 εἰργόμενος,

2121 1233 2241 1300 ἥτις
2300 1231 2364 1298 ἦν
2410 1231 2512 1287 ὑπὸ
2573 1231 2690 1303 Θεῷ
2730 1228 2848 1304 ζῆν’
2897 1226 2994 1284 καί
3038 1227 3209 1297 τούτῳ
3269 1223 3417 1300 μόνῳ
3486 1226 3768 1301 καταφανῆ

2120 1323 2352 1397 γίνεσθαι
2408 1317 2711 1398 ἤσχαλλεν,
2767 1316 3063 1395 ἐδυσφόρει,
3125 1315 3223 1380 τὴν
3273 1314 3498 1390 ἐρημίαν
3573 1313 3768 1388 ἠγεῖτο

2119 1416 2212 1464 τοῦ
2271 1411 2468 1474 παντὸς
2516 1408 2683 1474 ἀξίαν·
2731 1409 2819 1463 καὶ
2864 1407 3044 1482 ὥσπερ
3098 1403 3215 1459 ἐκεῖ
3262 1401 3612 1480 κεκρυμμένῳ
3664 1401 3769 1455 τινὶ

387 1519 561 1581 quam
608 1499 734 1560 illic
765 1488 1124 1561 absconsum
1170 1501 1520 1560 inventurus
1559 1499 1930 1576 thesaurum,
1963 1495 2034 1557 ad

2132 1496 2334 1570 ,ιέλλων
2382 1513 2695 1577 περιτυχεῖν
2743 1501 3012 1573 Θησαυρῷ,
3078 1494 3209 1566 πρὶς
3254 1494 3422 1558 αὐτὴν
3492 1488 3766 1559 ἔσπευδεν,

387 1580 518 1652 eam
544 1589 883 1652 feSIinabat.
914 1591 1057 1652 Cum
1094 1589 1205 1650 hoc
1230 1608 1369 1668 ergo
1393 1589 1594 1649 animo
1618 1595 1901 1660 versaret,
1925 1605 2037 1665 op-

2132 1587 2290 1650 υῧτως
2335 1587 2420 1644 ἐπὶ
2466 1596 2586 1646 νοῦν
2637 1588 2807 1666 ἔχων,
2855 1587 2945 1641 τὸν
3007 1581 3309 1650 ἐπιτήδειον
3357 1580 3583 1659 φυλάξας
3639 1601 3768 1635 και-

391 1687 648 1758 portuno
675 1687 946 1759 tempore
976 1678 1318 1750 observato,
1349 1677 1572 1758 jubens
1603 1695 1813 1737 omnes
1843 1676 2038 1736 valere

2132 1680 2236 1753 ρὸν,
2298 1685 2428 1734 πᾶσι
2475 1679 2683 1758 χαίρειν
2743 1676 3125 1755 φθεγξάμενος,
3167 1673 3408 1746 οἰκείοις,
3466 1669 3769 1750 συγγενέσι,

389 1758 1307 1845 cognatos,amicos,familiares,
1337 1767 1577 1846 plausus
1597 1765 1826 1845 civiles,
1843 1774 2040 1826 osten-

2132 1767 2323 1846 οίλοις,
2372 1768 2582 1845 κρότοις
2646 1765 2978 1844 πολιτικοῖς,
3041 1761 3347 1838 ἐπιδείξεσι,
3400 1763 3529 1838 πρὸς
3587 1758 3640 1815 δέ
3683 1761 3769 1814 καί

389 1859 672 1932 tationes,
695 1861 840 1936 quin
865 1857 1042 1917 etiam
1074 1874 1304 1931 eorum,
1335 1854 1556 1936 quibus
1588 1854 1765 1916 fiebat
1795 1853 2035 1933 injuria,

389 1946 867 2008 defensioneszet
890 1964 1001 2005 nec
1026 1943 1374 2006 viduitatem
1403 1945 1605 2005 matris
1629 1947 2039 2021 cogitans,nec

391 2033 617 2096 sororis
651 2051 852 2095 curam
889 2045 1201 2114 reputans,
1228 2052 1358 2114 qua:
1383 2033 1636 2112 juvenili
1660 2051 1912 2112 corpore
1930 2050 2036 2093 su-

397 2121 821 2200 bieratjugum
845 2121 1239 2200 virginitatis,
1277 2139 1548 2202 opusque
1581 2120 1857 2194 habebat,
1895 2130 1956 2180 ut
1983 2119 2038 2181 ei

394 2211 715 2290 diligenter
736 2211 1146 2292 provideretur
1173 2233 1186 2273 :
1211 2221 1387 2292 atque
1409 2213 1558 2273 adeo
1589 2210 1777 2290 ipsam
1805 2227 2042 2291 quoque

393 2301 638 2362 domum
693 2319 900 2381 parum
954 2319 1194 2374 curans,
1247 2301 1454 2362 relicta
1503 2299 1761 2373 civitate,
1813 2297 2044 2361 relictis

392 2389 696 2466 omnibus,
733 2398 852 2450 toto
887 2389 1042 2469 pede
1091 2390 1162 2451 ad
1196 2389 1370 2450 vitam
1404 2390 1663 2470 quietam
1702 2389 2037 2466 transfugit.

457 2477 688 2540 Deinde
703 2496 836 2540 cum
865 2489 1024 2540 esset
1043 2487 1184 2540 mtas
1210 2478 1405 2542 adhuc
1425 2478 1859 2558 juvenilis,etsi
1883 2489 2042 2541 esset

395 2569 450 2630 ei
475 2586 694 2649 corpus
718 2577 929 2630 natura
951 2568 1106 2629 male
1128 2570 1402 2631 aﬂectum
1429 2577 1487 2629 et
1512 2569 2038 2644 valetudinarium,

393 2675 458 2718 se
479 2658 658 2719 tradit
677 2659 1154 2731 monasteriis,in
1179 2656 1527 2738 quibusvita
1554 2659 1843 2738 agebatur
1871 2675 2044 2720 accu-

393 2756 581 2808 ratior
604 2756 662 2807 et
683 2747 1158 2828 asperior,quam
1184 2752 1242 2808 in
1267 2747 1422 2809 aliis:
1458 2757 1516 2808 et
1541 2766 1674 2808 cum
1712 2755 1893 2809 totam
1914 2766 2046 2809 ves-

2124 1865 2200 1930 τῷ
2255 1870 2376 1921 τοῖς
2435 1855 2803 1930 ἀδικουμένοις
2866 1865 3208 1932 συνηγορεῖν,
3242 1853 3330 1908 καὶ
3375 1854 3513 1926 μήτε
3565 1860 3773 1927 μητρὸς

2123 1947 2352 2026 χηρείαν
2427 1949 2499 2010 εἰς
2577 1955 2694 2005 νοῦν
2771 1942 2977 2018 λαϐὼν,
3045 1941 3181 2018 μήτε
3267 1941 3377 2016 μὶν
3445 1939 3773 2018 προστασίαν

2122 2034 2354 2114 ἀδελφῆς
2406 2035 2864 2113 ὑπολογισάμενος
2936 2032 3057 2094 νέας
3133 2031 3208 2087 ἔτι
3285 2027 3482 2104 κομιδῇ
3551 2048 3768 2105 τυγχαο

2125 2124 2342 2200 νούσης,
2391 2128 2481 2182 τὸν
2530 2126 2623 2193 τῆς
2680 2124 2960 2200 παρθενίας
3020 2143 3078 2177 τε
3131 2122 3288 2198 ζυγὸν
3349 2116 3768 2192 ἀναδεξαμένης,

2125 2214 2223 2270 καί
2295 2213 2529 2289 πολλῆς,
2590 2216 2664 2277 ὡς
2734 2215 2900 2285 εἰκὸς,
2946 2212 3194 2291 προνοίας
3266 2206 3508 2270 ἓτιδεοῦς
3577 2204 3766 2277 οὔσης,

2127 2302 2332 2377 μᾶλλον
2393 2302 2448 2359 δὲ
2481 2305 2568 2359 καὶ
2628 2305 2786 2359 αὐτοῦ
2821 2301 2976 2360 οἴκου
3018 2302 3118 2367 τὴν
3148 2297 3458 2373 ἐπιμέλειαν
3493 2297 3566 2358 είς
3623 2291 3772 2350 οῦδὲν

2126 2392 2373 2468 θέμενος,
2429 2391 2714 2448 ἀπολιπὼν
2772 2391 2868 2458 τὴν
2939 2388 3116 2461 πὸλιν,
3180 2390 3312 2466 πρὸς
3381 2388 3475 2443 τὸν
3542 2385 3773 2461 ἡσύχιον

2129 2481 2446 2556 αὑτομολεῖ,
2509 2491 2647 2538 Εἶτα
2679 2484 2776 2547 τῆς
2825 2479 3037 2548 ἡλικίας
3089 2478 3165 2534 ἔτι
3197 2483 3384 2555 νεαρᾶς
3441 2475 3632 2550 οὔσης,
3661 2473 3776 2528 καί·

2126 2594 2207 2628 τοι
2241 2573 2392 2651 φύσει
2435 2579 2532 2628 τοῦ
2575 2571 2822 2644 σώματος
2880 2571 3129 2648 πονήρως
3186 2570 3273 2623 καὶ
3334 2571 3560 2642 νοσερῶς
3608 2563 3776 2643 ἕχον-

2127 2683 2238 2734 τος,
2273 2675 2391 2722 τοῖς
2439 2662 2821 2740 μοναστηρίοις
2853 2672 2971 2724 τοῖς
3002 2657 3208 2735 μᾶλλον
3251 2660 3358 2712 τῶν
3391 2654 3569 2712 ἄλλων
3619 2654 3774 2729 ἀκρι-

2127 2750 2280 2816 ϐείας
2339 2749 2763 2826 ἐπειλημμένοις
2818 2750 3003 2805 ἑαυτὸν
3046 2746 3247 2820 δίδωσι,
3281 2747 3370 2801 καὶ
3423 2745 3520 2811 τὴν
3578 2745 3776 2799 ὶσθῖιτα

395 2843 514 2897 tem
537 2837 798 2898 exuisset
819 2855 954 2898 cum
987 2835 1278 2917 sapientia
1304 2836 1636 2912 carnis,aut
1661 2845 1723 2897 ut
1744 2837 1940 2898 verius
1962 2837 2042 2897 di-

2132 2847 2296 2896 πᾶσαν
2369 2839 2565 2903 ἀποδὺς
2617 2841 2756 2915 μετά
2808 2860 2868 2916 γε
2931 2848 3022 2897 τοῦ
3084 2837 3340 2915 σαρκικοῦ
3395 2833 3768 2913 φρονήματος,

395 2924 729 2998 cam,illam
784 2926 951 3003 prius
979 2927 1225 2996 exisset,
1263 2925 1455 2984 induit
1485 2926 1768 2986 amictum
1802 2944 1872 2986 ex
1908 2924 2044 3005 pilis

2132 2931 2158 2996 ἣ
2229 2927 2617 3006 ταληθὲστερον
2689 2931 2884 3003 εἰπεῖν,
2933 2932 3113 2985 εκεῖ-ιο
3190 2921 3518 3003 προαποδὺς,
3576 2923 3644 2978 τὰ
3716 2921 3778 2976 ἐκ

400 3021 994 3093 contextum,corpus
1015 3013 1210 3074 adhuc
1228 3013 1523 3092 afﬂigens,
1545 3021 1604 3074 et
1624 3013 1805 3076 veluti
1827 3031 2041 3093 qnam-

2132 3018 2381 3096 τριχίνων
2452 3020 2738 3098 ὑφάσματα
2811 3015 3216 3096 περιϐάλλεται,
3293 3016 3504 3093 τρύχων
3576 3010 3650 3068 ἔτι
3715 3012 3778 3066 τὸ

394 3100 529 3160 dam
562 3100 783 3160 nubem
816 3111 1158 3177 attenuans,
1196 3111 1254 3163 et
1284 3102 1487 3162 lumini
1524 3101 1737 3162 mentis
1774 3102 2047 3182 praebens

2132 3107 2311 3185 σῶμα,
2348 3108 2432 3162 καὶ
2489 3110 2607 3164 οἷόν
2650 3131 2700 3164 τι
2759 3109 2914 3185 νέφος
2969 3106 3375 3180 ἀπολεπτύνων,
3407 3105 3502 3160 καί
3553 3103 3631 3176 τῷ
3687 3107 3780 3158 τοῦ

396 3188 1072 3250 libertatemMaximum
1095 3155 1292 3250 autem
1320 3189 1577 3270 ponebat
1601 3155 1944 3252 studii'inivin
1966 3192 2046 3253 le-

2132 3155 2249 3254 νοῦΓ
2290 3155 2424 3274 ξρωτὶ
2519 3197 2772 3277 παρέχων
2821 3155 3164 3274 γὲλῖευτερίιιιν,
3239 3155 3436 3272 Ἔργον
3505 3189 3561 3247 δὲ
3590 3155 3781 3261 Ταὒτῴ

397 3277 610 3356 gendis
639 3277 812 3340 libris
841 3278 1175 3340 divinarum
1221 3280 1687 3360 Scripturarum.
1721 3280 1884 3352 Quod
1918 3282 2045 3361 qui-

2132 3283 2568 3362 σπουδαιότοτον,
2625 3294 2731 3342 τῶν
2793 3288 2944 3343 θείων
3010 3291 3231 3365 Γραφῶν
3286 3283 3491 3339 ἐπιέναι
3551 3280 3645 3345 τὰς
3699 3281 3783 3354 βε·

399 3371 537 3429 dem
562 3367 817 3428 faciebat
841 3377 957 3429 tam
985 3368 1304 3448 diligenter
1329 3381 1391 3430 ut
1420 3368 1534 3429 vim
1557 3387 1791 3444 eorum,
1825 3389 1956 3450 qua;
1988 3376 2046 3432 in

2132 3372 2289 3439 ϐλους
2352 3375 2520 3440 οὕτως
2577 3377 2850 3450 ἐμμελῶς,
2914 3379 2988 3438 ὡς
3074 3375 3222 3434 οῦδὲν
3279 3377 3442 3441 ἧττον
3497 3370 3782 3448 ἐγγράφειν

397 3457 484 3519 eis
511 3456 1136 3532 insunt,nihilominus
1154 3458 1213 3519 in
1241 3467 1442 3518 mente
1467 3459 2043 3539 imprimeretzdein-

2132 3467 2198 3540 τῇ
2239 3463 2443 3538 διανοίᾳ
2497 3471 2603 3522 τῶν
2655 3466 2983 3544 ἐγκειμένων
3026 3467 3124 3532 τὴν
3181 3463 3428 3537 δύναμιν,
3462 3463 3555 3517 καί
3615 3459 3784 3529 οἰκείᾳ

397 3550 472 3609 de
497 3565 675 3608 manu
701 3547 940 3627 propria
963 3557 1024 3609 et
1048 3546 1253 3609 labore
1275 3548 1594 3626 digitorum
1618 3568 1714 3610 eas
1746 3551 2046 3629 interpre—

2133 3557 2276 3634 χειρὶ
2333 3557 2420 3611 καὶ
2482 3557 2707 3632 καμάτῳ
2778 3551 3056 3612 δακτύλων
3139 3551 3499 3632 διερμηνεόειν
3590 3549 3778 3622 αὖτάς,

398 3646 642 3709 taretur,
677 3648 738 3698 ut
767 3637 990 3697 dictum
1023 3648 1143 3698 est:
1189 3649 1246 3698 et
1274 3656 1406 3717 quae
1439 3647 1576 3699 sunt
1607 3641 2048 3719 compreliensu

2133 3645 2313 3722 ὥσπερ
2370 3645 2612 3724 εἴρηται,
2646 3647 2734 3702 καὶ
2791 3650 2937 3723 σαφῆ
2996 3644 3064 3700 τὰ
3109 3641 3388 3709 δύσληπτα
3429 3637 3626 3696 τιθέναι
3655 3650 3778 3702 τοῖς

403 3725 902 3806 ditticilia,aperta
923 3726 1205 3788 redderet
1223 3727 1598 3790 studiosiszet
1615 3747 1787 3808 quam
1815 3739 2048 3790 senten-

2135 3733 2470 3813 φιλολόγοις,
2503 3733 2561 3790 ὅν
2601 3756 2661 3790 τε
2715 3737 2872 3799 αὐτὸς
2928 3735 3076 3807 πόνῳ
3119 3729 3360 3795 συνέλεξε
3417 3739 3563 3808 νοῦν,
3593 3734 3783 3783 τοῦτον

409 3813 546 3876 tiam
572 3815 702 3896 ipse
731 3816 1056 3892 collegerat
1079 3835 1213 3878 cum
1248 3815 1475 3891 labore,
1501 3819 1794 3896 praeberet
1823 3819 1915 3896 iis,
1949 3817 2048 3897 qui

2137 3823 2347 3888 ἀπόνως
2430 3827 2685 3902 θηρᾶσθαι
2755 3823 3016 3904 παρέχειν
3086 3834 3203 3886 τοῖς
3272 3817 3642 3896 βουλομένοις.
3721 3817 3783 3873 Εἰ

408 3905 1121 3986 volebant,accipiendam
1149 3905 1296 3966 citra
1320 3906 1503 3966 ullum
1531 3906 1892 3969 laborem.Si
1909 3925 2052 3986 ergo

409 3996 670 4076 propriis
699 3995 1006 4057 laboribus
1022 4013 1235 4076 panem
1264 4000 1554 4077 praebere,
1579 3997 1859 4058 conciliat
1890 4015 2053 4060 iner-

407 4086 984 4158 cedem,esurientes
1006 4086 1236 4146 animas
1251 4087 1338 4146 sic
1363 4087 1916 4167 exsatiare,quantae
1937 4087 2056 4147 fue-

405 4174 676 4234 ritcausa
695 4173 1223 4236 remunerationis?
1242 4176 1338 4237 Sic
1361 4194 1499 4254 ergo
1524 4176 1752 4237 divinas
1776 4177 2052 4257 Scriptu-

407 4279 506 4322 ras
529 4263 1190 4341 interpretans,deinde
1214 4274 1390 4324 etiam
1418 4283 1518 4324 eas
1539 4273 1782 4328 exornat
1799 4266 2054 4346 eo,quod

408 4351 481 4412 ad
507 4369 704 4413 mores
731 4353 1082 4432 pertinetzut
1113 4353 1257 4414 illud
1284 4355 1525 4434 quidem
1555 4368 1714 4418 esset
1743 4356 1815 4418 ad
1841 4359 2058 4418 mentis

407 4441 574 4502 illum
612 4445 939 4519 nationem,
963 4445 1074 4504 hoc
1097 4453 1291 4504 autem
1324 4445 1396 4505 ad
1442 4463 1674 4506 morum
1713 4463 1915 4507 curam
1950 4464 2051 4526 ge-

406 4531 870 4611 rendam:aut,si
896 4533 1211 4599 mavis.i|lo
1238 4533 1484 4610 quidem
1512 4533 1838 4596 illustraret
1861 4537 2052 4597 solum
2076 4528 2122 4582 ο

410 4618 648 4682 divitias
671 4624 939 4701 spiritus,
973 4641 1104 4701 quae
1121 4625 1326 4701 jacent
1350 4625 1410 4684 in
1435 4624 1752 4704 profundo:
1781 4625 1894 4688 hoc
1916 4645 2054 4688 vero

412 4711 588 4770 etiam
627 4720 835 4791 aperte
867 4711 1218 4787 deduceret,
1252 4723 1311 4774 ut
1345 4714 1476 4792 ejus
1519 4732 1789 4776 essemus
1821 4717 2060 4796 partici-

412 4801 614 4880 pes.ln
643 4801 754 4861 hac
778 4810 939 4880 grata
962 4802 1159 4882 quiete
1178 4811 1234 4863 et
1255 4803 1488 4864 silentio
1521 4817 1962 4885 componuntur
1983 4807 2057 4868 ab

411 4906 482 4951 eo
504 4888 643 4950 libri
667 4892 742 4951 de
761 4891 1120 4954 sacerdotio:
1156 4892 1214 4952 in
1239 4893 1457 4972 quibus
1477 4903 1697 4972 quanta
1720 4896 1958 4974 quidem
1985 4897 2058 4959 sit

412 4979 668 5057 dignitas
713 4981 1058 5055 sacerdotii,
1085 4982 1326 5058 qualem
1370 4992 1566 5042 autem
1608 5001 1742 5044 esse
1791 4997 2060 5064 oporteat

412 5086 574 5146 eum,
600 5068 704 5148 qui
732 5069 846 5131 hoc
866 5079 960 5131 est
981 5069 1570 5147 dignatus,accurate
1590 5071 1871 5133 ostendit.
1893 5075 2059 5135 Tunc

412 5158 585 5219 etiam
637 5158 851 5220 scribit
878 5165 1208 5220 orationem
1268 5161 1340 5220 ad
1396 5162 1717 5236 quamdam
1765 5161 2057 5224 illustrem

413 5249 755 5326 mulierem,
790 5267 924 5329 quae
956 5251 1128 5330 paulo
1175 5256 1310 5310 ante
1341 5249 1570 5310 viderat
1601 5260 1834 5311 noctem
1865 5252 2057 5313 vidui-

414 5338 571 5415 tatis,
607 5349 669 5398 et
702 5357 914 5418 magno
947 5339 1106 5402 luctu
1141 5337 1514 5417 gravabatur,
1547 5357 1680 5399 eam
1715 5340 1936 5403 leniter
1959 5361 2057 5405 re-

413 5445 647 5498 creans,
686 5435 746 5489 et
775 5431 1103 5490 ostendens
1137 5427 1484 5488 viduitatem
1519 5447 1635 5489 non
1667 5447 1800 5492 esse
1833 5448 1958 5494 rem
1983 5433 2061 5494 vi-

413 5517 534 5580 lem
560 5517 953 5597 etabjectam:
989 5517 1092 5579 sed
1125 5536 1398 5596 magnam
1423 5528 1483 5580 et
1507 5521 1910 5584 venerandam
1931 5541 2062 5587 esse

415 5609 547 5694 ejus
566 5605 946 5693 dignitatem,
978 5626 1232 5690 eamque
1253 5609 1488 5688 magnis
1507 5608 1783 5673 laudibus
1806 5629 1938 5676 esse
1969 5613 2062 5678 di-

2137 3913 2226 3970 οὗν
2260 3915 2346 3989 τὸ,
2391 3916 2575 3977 πόνοις
2621 3915 2836 3978 οἷγείοις
2883 3912 3040 3992 ἄρτον
3090 3909 3312 3981 διδόναι,
3347 3911 3538 3986 μισθοῦ
3589 3906 3783 3986 προξε-

2136 4027 2251 4074 νον,
2315 4005 2374 4059 νὸ
2447 4005 2629 4083 ψυχὰς
2690 4002 2826 4059 οὕτω
2897 4003 3148 4082 τρέφειν,
3208 4001 3387 4066 πόσης
3447 3999 3557 4054 ἐστὶ
3610 3995 3786 4066 δήπου

2137 4093 2415 4172 παραίτιον
2486 4091 2953 4168 μισθαποδοσίας;
3025 4092 3190 4168 ταύτῃ
3259 4096 3394 4170 χοῦν
3463 4089 3558 4152 τὰς
3641 4087 3786 4150 θείας

2138 4181 2496 4262 διερμηνεύων
2571 4184 2806 4262 Γραφάς,
2879 4183 2968 4238 καί
3052 4185 3129 4255 τῷ
3197 4182 3364 4252 τηθικῷ
3423 4175 3592 4235 πάλιν
3657 4175 3784 4232 ἄπι-

2139 4284 2360 4346 κοσμεϊο
2416 4273 2488 4336 ὡς
2532 4273 2593 4327 τὸ
2653 4273 2750 4345 μὲν
2797 4271 2940 4328 εἶναι
3009 4272 3140 4349 πρρς
3196 4269 3472 4349 φωτισμὸν
3528 4265 3784 4340 διανοίας,

2137 4364 2199 4418 τὸ
2230 4342 2284 4417 δὲ
2336 4363 2468 4439 πρὸς
2499 4342 3017 4437 ἠθῶν-ἐπιμέλειαν.
3053 4342 3137 4417 WB
3184 4342 3390 4434 μᾶλλον
3422 4356 3556 4415 οὕτω
3609 4369 3784 4413 ποιεῖ’

2139 4453 2216 4525 τῷ
2271 4450 2367 4526 μὲν
2423 4447 2724 4530 διαφωτίξει
2769 4451 2934 4526 μόνον
2987 4453 3080 4507 τὸν
3136 4448 3501 4528 κεκρυμμένον
3559 4446 3790 4503 πλοῦτον

2138 4551 2230 4599 τοῦ
2273 4541 2596 4615 πνεύματος,
2657 4548 2736 4615 τῷ
2798 4543 2879 4622 δὲ,
2937 4540 3084 4604 ὅπως
3134 4538 3197 4595 ἃν
3251 4541 3338 4595 καὶ
3393 4538 3789 4616 μετάσχοιμεν,

2138 4636 2320 4708 σαφῶς
2397 4627 2715 4692 ὶκδιδάσκει,
2791 4629 2881 4688 Ἐν
2951 4631 3120 4705 ταύτῃ
3185 4635 3254 4704 τῇ
3325 4625 3616 4706 φιλησόχῳ
3675 4624 3792 4680 διαο

2136 4725 2315 4798 γωγῇ,
2378 4720 2466 4775 καὶ
2497 4720 2544 4776 οἱ
2603 4722 2726 4796 περῖ
2787 4724 2884 4789 τῆς
2938 4721 3229 4799 ἱερωσύνης
3271 4717 3415 4792 αὖτῷ
3464 4717 3794 4772 συντάττονο

2137 4831 2225 4866 ται
2257 4808 2432 4886 λόγοι·
2468 4808 2522 4864 έν
2576 4809 2661 4874 οἷς
2692 4809 2815 4867 ὅσον
2860 4810 2958 4886 μὲν
2988 4811 3048 4865 τὸ
3075 4811 3183 4873 τῶς
3211 4807 3500 4886 ἱερωσύνης
3556 4805 3789 4881 ἀξίωμα,

2140 4902 2329 4956 ὁποῖον
2383 4895 2437 4954 δὲ
2467 4896 2552 4954 δεῖ
2603 4900 2746 4956 εἶναι
2779 4901 2870 4956 τὸν
2902 4898 3214 4978 ἱερωμένον,
3263 4893 3492 4975 ἀκριϐῶς
3531 4894 3786 4956 δείκνυσι,

2140 4988 2270 5046 Τότε
2329 4989 2416 5042 καὶ
2461 4988 2590 5067 πρός
2634 5011 2750 5045 τινα
2775 4990 2882 5046 τῶν
2941 4993 3244 5068 περιφανῶν
3301 4991 3568 5064 γυναικῶν
3623 4983 3792 5062 λόγον

2142 5077 2455 5156 συγγράφει,
2507 5076 2623 5154 ἄρτι
2684 5079 2911 5159 χηρείας
2959 5077 3170 5137 ἰδοῦσαν
3231 5078 3413 5152 νῦκτα,
3469 5077 3558 5132 καὶ
3600 5072 3794 5148 πολλῷ

2145 5173 2217 5242 τῷ
2271 5167 2449 5222 πένθει
2503 5169 2701 5236 ταύτης
2745 5167 3138 5246 βαρυνομένην,
3203 5164 3420 5241 ὁμαλῶς
3473 5163 3795 5238 ἀνακτώμε-

2142 5279 2232 5320 νος
2289 5260 2375 5312 καὶ
2432 5254 2660 5333 δεικνὺς,
2713 5256 2796 5314 ὅτι
2841 5258 2918 5334 μὴ
2977 5258 3113 5314 πάνυ
3159 5254 3342 5321 ἄδοξον
3393 5255 3480 5311 καὶ
3537 5254 3794 5310 ταπεινὸν

2145 5349 2178 5414 ἡ
2237 5347 2456 5424 χηρεία,
2517 5345 2653 5402 ἀλλὰ
2724 5349 2813 5404 καὶ
2873 5347 3014 5425 μέγα
3073 5346 3160 5402 καὶ
3231 5345 3427 5419 σεμνὸν
3486 5345 3652 5410 αῦτῆς
3724 5344 3795 5399 τὸ

2145 5434 2370 5515 ἀξίωμα,
2423 5437 2510 5492 καὶ
2574 5434 2786 5492 πολλῶν
2845 5436 3076 5502 ἀξιοῦται
3139 5437 3244 5495 τῶν
3302 5434 3582 5512 ἐγκωμίων
3635 5432 3670 5500 ἥ
3728 5435 3794 5510 γε

2144 5525 2242 5596 τὴν
2289 5523 2583 5592 συνείδησιν
2635 5525 2907 5605 φυλάξασα
2963 5531 3042 5602 τῷ
3098 5523 3499 5604 κατοιχομένῳ,
3557 5523 3644 5578 καὶ
3706 5523 3791 5598 μὴ

2147 5613 2407 5694 δευτέροις
2448 5615 2641 5694 γάμοις
2699 5616 2895 5687 ἑαυτήν
2949 5635 3004 5673 τε
3063 5613 3254 5690 ἄτιμον
3308 5616 3486 5691 θεῖσα,
3544 5613 3632 5670 καὶ
3687 5612 3789 5679 τῆς
