4098 6202
346 347 490 414 1061

1391 342 1580 415 VITA
1627 347 1687 413 S.
1748 346 2073 414 JOANNIS
2114 345 2669 412 CHRYSOSTOMI.

3566 353 3590 415 1
3602 351 3720 418 062

342 483 475 559 πρὸς
526 482 617 538 τὸν
675 479 833 560 ἄνδρα
881 485 1110 559 στοργῆς
1163 485 1638 557 καταψευσαμένη.
1707 483 1842 540 Εἶτα
1892 484 1980 540 καὶ

2074 500 2406 563 gnam,quae
2425 500 2590 544 suam
2616 481 2676 543 in
2702 479 3050 542 defunctum
3077 481 3362 560 integram
3388 499 3714 548 conserva—

342 573 462 650 περὶ
524 570 807 648 παρθενίας
864 569 1041 634 ἄλλως
1102 572 1376 628 συντάττει
1436 569 1660 649 βιϐλίον,
1707 572 1984 629 θεσπέσιόν

2074 573 2149 635 vit
2173 573 2706 649 conscientiam,se
2736 570 3020 633 secundis
3051 571 3274 649 nuptiis
3306 591 3424 634 non
3456 575 3718 638 reddidit

344 684 394 718 τι
441 662 502 718 τὸ
544 659 743 724 κάλλος
806 660 969 729 αὖτῆς
1029 661 1117 717 καὶ
1178 659 1404 739 ἅῤῥητον
1448 665 1538 717 τὸν
1583 661 1786 737 κόσμον
1840 663 1983 720 ἁπο-

344 750 616 809 δεικνύων.
709 752 814 808 Καῖ
903 751 1198 828 Σταγειρίῳ
1270 749 1326 806 δὲ
1423 749 1613 828 λόγους
1697 752 1984 831 συγγράφει

344 841 482 920 φίλῳ
523 839 620 915 μὲν
665 838 808 918 ἀνδρὶ
873 840 962 896 καὶ
1022 840 1256 919 συνήθει,
1318 840 1542 919 κατόχῳ
1605 838 1658 896 δὲ
1718 841 1989 917 γενομένῳ

344 936 567 1008 πονηρῷ
641 929 924 1005 πνεύματι.
1012 930 1085 986 Τὸ
1162 926 1218 984 δὲ
1297 925 1500 1005 βιϐλίον
1557 930 1821 1008 προφάσιν
1893 931 1989 1005 μὲν

345 1019 554 1076 ἐκεῖνον
597 1016 887 1094 λαμϐάνει,
933 1030 1112 1098 χωρεῖ
1153 1016 1209 1074 δὲ
1254 1015 1338 1076 διὰ
1401 1019 1578 1085 πάσης
1624 1016 1938 1099 φιλοσοφίας
1971 1035 1984 1049 ⁶

344 1108 432 1163 καὶ
485 1109 596 1164 ἔστι
638 1109 818 1165 κοινὸν
876 1107 1218 1186 εὐχαριστίας
1275 1109 1364 1164 καὶ
1415 1109 1692 1182 ὑπομονῆς
1735 1105 1990 1166 διδασκά-

347 1194 486 1270 λιον,
535 1198 820 1261 τοσαύταις
865 1197 1182 1263 πιθανότησι
1227 1197 1316 1253 καὶ
1364 1194 1620 1274 ἀνάγκαις
1672 1198 1990 1274 ῥητορικαῖς

345 1286 866 1365 συγκεκροτημένον,
907 1285 943 1354 ἢ
984 1284 1192 1360 μᾶλλον
1251 1287 1413 1350 θείαις
1458 1288 1631 1342 εἰπεῖν
1683 1289 1780 1344 καί
1823 1308 1986 1346 πνευ-

347 1389 606 1451 ματικαῖς
659 1377 902 1457 χάρισιν,
939 1376 1011 1440 ὼς
1071 1375 1201 1432 αὐτὸ
1240 1378 1324 1454 τὸ,
1387 1373 1592 1449 δαίμονι
1653 1389 1988 1453 περιπεσεῖν,

346 1466 544 1523 πείθειν
598 1466 880 1546 ἀγαπητὸν
938 1467 1212 1543 ἡγεῖσθαι,
1271 1466 1358 1521 καὶ
1415 1464 1674 1546 ὠφελείας
1733 1467 1990 1542 μεγίστης

348 1557 620 1614 δπόθεσιν.
683 1560 756 1614 ού
823 1556 931 1631 μὴν
1002 1553 1140 1611 ἀλλὰ
1196 1557 1286 1612 καὶ
1345 1557 1463 1633 περὶ
1520 1553 1856 1620 κατανύξεως
1902 1552 1990 1611 δύο

347 1646 470 1702 τότε
517 1648 659 1717 αύτῷ
717 1644 1070 1700 συντέθεινται
1112 1642 1264 1721 λόγοι
1301 1660 1316 1676 ⁹
1375 1644 1448 1700 ὦν
1494 1645 1522 1698 ὃ
1553 1644 1650 1719 μὲν
1683 1645 1757 1708 είς
1792 1646 1988 1720 Δημή-

349 1757 516 1816 τριον,
573 1733 750 1812 ἕτερος
811 1732 864 1789 δὲ
943 1735 1014 1798 εἷς
1083 1730 1377 1812 Στελέχιον
1430 1732 1843 1811 ἐπιγέγραπται,
1919 1735 1990 1799 είς

2071 660 2447 736 infamem,ut
2470 679 2602 742 quae
2626 659 3103 722 benevolentiam
3129 660 3372 721 mentita
3399 662 3476 724 sit
3497 664 3558 724 in
3585 682 3714 724 ma-

2071 751 2516 812 ritnm.Deinde
2536 751 2715 811 etiam
2749 750 2823 810 de
2842 749 3179 828 virginitate
3199 748 3408 812 scribit
3427 751 3603 814 alium
3639 753 3716 814 li-

2073 839 2547 915 brum,divinam
2582 840 2713 919 ejus
2741 840 3065 900 ostendens
3118 837 3626 917 pulchritudinem
3660 853 3719 905 et

2073 948 2353 1008 magnum
2375 929 2506 1009 ejus
2528 926 3236 1005 ornamentum,Stagirio
3256 947 3492 1009 quoque
3511 933 3721 993 scribit

2075 1021 2358 1101 pulchras
2380 1018 2682 1082 orationes
2707 1027 2766 1079 et
2795 1039 2812 1072 ι
2828 1017 2962 1080 alde
2987 1016 3320 1098 praeclaras.
3349 1017 3456 1080 Hic
3477 1020 3566 1082 vir
3585 1030 3720 1086 erat

2076 1115 2124 1171 ei
2153 1114 2316 1171 valde
2339 1112 2860 1170 familiariszfuerat
2879 1123 3069 1168 autem
3095 1127 3164 1181 po
3203 1127 3400 1169 sessus
3420 1129 3447 1170 δ
3465 1115 3718 1185 maligno

2076 1198 2577 1280 daemone,qualia
2606 1207 2743 1260 sunt
2768 1200 2874 1261 Dei
2900 1197 3152 1277 judicia.
3181 1195 3359 1259 Liber
3388 1217 3522 1260 vero
3557 1201 3714 1264 illam

2075 1305 2154 1366 qu
2182 1286 2318 1348 dem
2351 1285 2570 1366 accipit
2592 1284 2898 1347 scribendi
2921 1285 3324 1349 occasionem:
3352 1304 3457 1366 per
3481 1288 3720 1351 univer-

2075 1393 2199 1436 sam
2232 1383 2430 1438 autem
2469 1375 2740 1455 procedit
2785 1373 3220 1456 philosophiam
3273 1394 3286 1438 :
3323 1394 3458 1437 eum
3493 1376 3718 1440 dixeris

2077 1483 2211 1528 esse
2235 1483 2553 1526 commune
2576 1465 3003 1526 documentum
3029 1463 3258 1526 virtutis
3279 1467 3430 1544 grati
3448 1469 3633 1530 animi
3657 1481 3720 1530 et

2077 1553 2427 1625 tolerantiae,
2463 1560 2526 1614 ut
2547 1553 2646 1633 qui
2672 1553 3038 1633 compositus
3071 1552 3146 1613 sit
3179 1563 3336 1618 tanta
3368 1555 3425 1615 in
3461 1556 3717 1620 dicendo

2079 1643 2643 1723 probabilitate,tam
2671 1643 2994 1724 multisque
3016 1645 3374 1707 necessariis
3388 1644 3716 1710 Rhetorum

2076 1733 2468 1810 argumentis,
2503 1742 2624 1804 aut,
2661 1742 2726 1792 ut
2756 1734 2973 1794 melius
3005 1732 3446 1809 dicam,divinis
3470 1746 3526 1797 et
3547 1738 3721 1818 spiri—

346 1824 577 1905 ἰσχατον
647 1821 918 1902 ἀκριϐείας
981 1823 1073 1878 τὸν
1137 1820 1417 1900 φιλάρετον
1475 1820 1842 1896 ἐκπονοῦντες,
1903 1825 1987 1879 καὶ

2077 1823 2292 1882 talibus
2313 1821 2701 1899 gr.ntiis,adeo
2737 1829 2796 1882 ut
2819 1821 2930 1884 hoc
2955 1822 3148 1904 ipsum
3172 1824 3329 1904 quod
3358 1826 3637 1888 inciderit
3658 1829 3717 1890 in

349 1913 522 1970 δεινὸν
588 1913 785 1990 μύωπα
840 1909 1175 1976 κατανύξεως
1234 1923 1356 1974 ταῖς
1441 1909 1706 1990 φιλοθέοις
1765 1911 1990 1976 ἐνιέντες

350 2008 578 2083 ψυχαῖς,
649 2002 821 2059 Ἀλλὰ
868 2004 1081 2065 τούτους
1113 2000 1237 2076 μὲν,
1269 2000 1412 2057 ὥστε
1455 2001 1532 2074 μὴ
1576 2000 1811 2076 πίπτειν,
1873 2025 1988 2077 μη-

347 2090 403 2148 δὲ
462 2104 582 2156 ταῖς
669 2093 766 2148 τοῦ
839 2097 1078 2169 πονηροῦ
1145 2089 1361 2170 τέχναις
1419 2088 1692 2164 ἁλώσιμον
1757 2092 1988 2168 γίνεσθαι

346 2184 438 2238 τὸν
497 2180 741 2260 φιλόθεον
777 2197 792 2213 ⁸
853 2179 1032 2259 ἕτερον
1090 2179 1144 2235 δὲ
1213 2180 1486 2236 συντσίττει
1551 2182 1679 2259 πρὸς
1737 2183 1826 2237 τὸν
1885 2179 1986 2248 ἤδη

346 2271 604 2350 πεσόντα,
686 2269 797 2328 εἶτ’
871 2272 960 2327 οὖν
1045 2268 1324 2347 πληγέντα
1407 2268 1551 2345 βέλει
1629 2274 1727 2338 τῆς
1808 2271 1985 2350 ἁμαρ-

351 2363 463 2424 τίας
506 2358 803 2439 (Θεόδωρος
864 2358 1034 2434 ὄνομα
1075 2363 1152 2434 τῷ
1195 2357 1438 2438 πεσόντι)
1494 2359 1630 2416 ὥστε
1685 2361 1763 2435 μὴ
1821 2382 1983 2417 κατα-

361 2462 570 2523 πεσεῖν,
617 2447 743 2525 μηδ’
790 2449 1093 2527 ἀπογνῶναι
1150 2450 1250 2516 τὴν
1282 2450 1570 2525 σωτηρίαν,
1605 2450 1758 2506 οἱονεὶ
1791 2449 1986 2527 φιλάν-

351 2543 564 2616 θρωπον
606 2542 746 2611 αὒτῷ
788 2551 955 2617 χεῖρα
997 2538 1090 2595 τὸν
1153 2537 1310 2616 λόγον
1367 2539 1680 2615 προτετιων,
1731 2541 1814 2595 καὶ
1872 2540 1989 2596 κεί-

348 2651 511 2705 μενον
558 2628 798 2701 ἀνιστὰς,
882 2629 971 2685 καὶ
1048 2628 1126 2704 μὴ
1207 2628 1509 2706 συγχωρῶν
1565 2628 1839 2704 ἐπιμεῖναι
1913 2636 1991 2702 τῷ

347 2721 622 2794 πτώματι,
670 2716 820 2774 Ἀλλ’
865 2717 1002 2774 οὕτω
1059 2719 1158 2791 μὲν
1203 2715 1288 2772 διὰ
1342 2722 1446 2772 τῶν
1500 2715 1677 2794 λόγων
1729 2715 1988 2792 ἐδίδασκε,

345 2808 480 2867 πολὺ
537 2811 597 2865 τὸ
639 2807 913 2888 ὠφέλιμον
962 2807 1098 2879 μετὰ
1127 2813 1220 2864 τοῦ
1258 2803 1406 2874 ἡδέος
1451 2806 1692 2885 ἑχόντων
1729 2823 1741 2835 ⁶
1807 2806 1990 2880 πολλῴ

346 2898 401 2956 δὲ
434 2896 640 2975 μᾶλλον
690 2896 785 2955 καί
840 2897 938 2964 τὴν
980 2897 1088 2952 ἀπὸ
1130 2897 1237 2953 τῶν
1267 2895 1435 2975 ἔργων
1466 2899 1704 2974 προσῆγε
1734 2895 1988 2952 διδασκα-

344 2987 496 3062 λίαν,
557 2989 699 3068 εὒχῇ
755 2987 854 3062 μὲν
912 2987 1320 3064 προσκείμενος,
1382 2987 1470 3042 καὶ
1527 2986 1722 3062 ἀρετὴν
1778 2982 1989 3042 ἅπασαν

345 3078 569 3159 μετιὼν,
623 3076 807 3154 ὥσπερ
863 3075 1171 3156 ἀρχέτυπον
1229 3088 1347 3139 τοῖς
1399 3072 1584 3138 ἄλλοις
1643 3074 1772 3152 πρὸς
1825 3076 1990 3143 αὐτὴν

2074 1913 2439 1984 daemonem,
2463 1911 2914 1973 existimaretur
2942 1930 3060 1972 non
3098 1931 3231 1975 esse
3251 1915 3716 1979 abominandum

2076 2019 2185 2062 nec
2218 2001 2711 2076 aversandum,ut
2740 2003 2899 2082 quod
2931 2001 3107 2063 fuerit
3137 2013 3552 2082 argumentum
3591 2026 3719 2068 ma-

2071 2096 2247 2152 xima)
2272 2095 2720 2153 militatis.’l‘unc
2742 2097 2916 2154 etiam
2940 2099 3245 2168 compositi
3271 2106 3406 2155 sunt
3425 2100 3495 2156 ab
3517 2115 3583 2158 eo
3608 2100 3722 2161 duo

2072 2178 2211 2240 libri
2232 2179 2308 2241 de
2331 2178 2794 2259 compunctione
2829 2198 3118 2260 :quorum
3154 2200 3304 2242 unus
3336 2183 3580 2262 quidem
3614 2185 3724 2246 fuit

2073 2275 2389 2343 inscriptus
2413 2275 2480 2329 ad
2497 2273 3029 2342 Demetrium,alter
3049 2282 3240 2331 autem
3261 2275 3330 2331 ad
3344 2277 3716 2336 Stelechium:

2073 2355 2343 2434 eum,qui
2377 2362 2466 2415 est
2495 2354 2799 2416 studiosus
2830 2354 3083 2430 virtutis,
3112 2357 3558 2418 accuratissime
3589 2359 3716 2420 elu-

2073 2443 2380 2517 borantes,
2415 2455 2470 2506 et
2503 2462 2704 2506 acrem
2749 2444 3058 2506 stimulum
3093 2446 3574 2525 compunctionis
3607 2449 3719 2529 piis

2075 2539 2455 2595 immittentes
2477 2537 2830 2595 animis-.Sed
2869 2538 2974 2594 bos
2998 2539 3232 2609 quidem
3256 2539 3488 2609 scripsit
3509 2539 3714 2606 libros,

2077 2641 2150 2683 ne
2172 2623 2461 2684 caderent
2489 2622 2682 2694 illi,ad
2709 2641 2857 2704 quos
2877 2623 3084 2702 scripti
3101 2622 3562 2703 fuerant,neque
3588 2643 3716 2687 ma-

2076 2712 2220 2792 ligni
2244 2712 2475 2793 laqueis
2509 2712 3094 2793 piusimplicaretur,
3131 2712 3233 2774 sed
3260 2721 3442 2774 staret
3472 2714 3720 2776 firmiter

2074 2801 2133 2862 in
2169 2802 2327 2863 bono
2363 2805 2706 2882 proﬁciens.
2748 2803 2945 2864 Alium
2980 2812 3175 2863 autem
3208 2801 3418 2864 scribit
3445 2803 3519 2864 ad
3552 2822 3717 2885 eum,

2074 2890 2358 2971 qui,proh
2385 2892 2578 2965 dolor,
2608 2893 2730 2971 jam
2753 2902 2879 2954 erat
2898 2891 3097 2972 lapsus
3120 2911 3224 2953 seu
3250 2910 3566 2971 percussus
3599 2894 3716 2956 telo

2075 2986 2302 3060 peccati
2333 2983 2407 3056 (ei
2435 2980 2705 3061 vero,qui
2739 2981 2940 3060 lapsus
2965 2990 3349 3052 erat,nomen
3376 2981 3482 3043 fuit
3512 2981 3714 3045 Theo-

2074 3069 2306 3149 dorus),
2329 3078 2394 3131 ut
2417 3089 2534 3132 non
2554 3069 2924 3149 concideret,
2953 3089 3149 3151 neque
3172 3071 3519 3152 desperaret
3549 3074 3714 3135 salu-

347 3167 560 3243 μέλλων
619 3166 855 3240 ἔσεσθαι,
911 3165 1404 3246 ταπεινοφροσύνως
1461 3163 1515 3221 δὲ
1571 3161 1737 3230 οὕτως
1790 3164 1984 3238 ἐπιμε-

2074 3168 2219 3228 tem,
2247 3168 2529 3240 tanquam
2553 3160 2865 3240 benignam
2894 3179 3134 3221 manum
3161 3160 3217 3223 ei
3234 3161 3549 3241 porrigens
3579 3179 3717 3224 ora-

348 3256 596 3332 λόμενος,
631 3255 811 3333 ὥσπερ
843 3255 897 3311 ἐν
947 3255 1120 3328 τούτῳ
1168 3255 1230 3310 τὸ
1276 3267 1548 3331 πρωτεῖον
1596 3252 1746 3333 ἔχειν
1798 3252 1987 3310 ἐθέλων

2074 3250 2389 3324 tionem,et
2413 3249 2718 3329 jacentem
2751 3249 3081 3329 erigens,et
3112 3269 3228 3310 non
3257 3250 3622 3328 concedens,
3658 3263 3722 3314 ut

347 3347 545 3424 τρόπον
587 3343 791 3424 ἕτερον,
851 3344 906 3400 ἐν
953 3349 1032 3416 τῷ
1079 3341 1285 3419 μηδένα
1316 3344 1502 3403 ἑαυτοῦ
1529 3343 1727 3400 τιθέναι
1757 3345 1875 3421 περὶ
1930 3344 1987 3398 τὸ

2075 3339 2321 3400 omnino
2358 3346 2743 3420 permaneret
2772 3339 2829 3400 iu
2896 3348 3160 3417 peccato.
3197 3339 3315 3401 Sed
3351 3339 3439 3402 sic
3471 3341 3714 3420 quidem

348 3434 554 3498 εὒτελὶς
611 3434 872 3514 δεύτερον,
944 3432 1239 3491 Ἀπέταττε
1305 3431 1360 3488 δὲ
1431 3435 1519 3490 καὶ
1571 3433 1733 3507 μέρος
1787 3455 1837 3488 τι
1891 3434 1987 3497 τῆς

2076 3438 2203 3491 erat
2217 3429 2346 3507 ejus
2363 3434 2468 3508 per
2483 3429 2670 3491 libros
2684 3428 3109 3494 doctrina.cum
3130 3429 3431 3508 voluptate
3446 3449 3716 3510 magnam

347 3523 554 3602 ἡμέρας
585 3525 758 3598 ἔαττῷ
785 3524 917 3602 πρὸς
951 3522 1231 3598 ἐπίσκεψιν
1262 3528 1368 3578 τῶν
1413 3522 1730 3600 νοσούντων,
1779 3520 1987 3578 οἴκοθεν

2076 3519 2304 3580 habens
2337 3519 2679 3580 utilitatem.
2731 3517 2913 3603 Multo
2957 3528 3152 3582 autem
3206 3522 3392 3597 magis
3442 3537 3512 3581 ex
3545 3521 3718 3582 factis

347 3614 446 3689 μὲν
475 3612 694 3676 ἐκείνοις
723 3614 898 3670 πάντα
928 3613 1212 3691 παρέχων,
1249 3610 1348 3668 ὅσα
1404 3610 1649 3691 δύναμις,
1707 3612 1795 3668 καὶ
1826 3610 1987 3671 οὕτως

2074 3607 2724 3681 adhibuitdoctrinam,
2751 3617 2816 3667 ut
2835 3607 2932 3686 qui
2957 3616 3244 3686 perpetuo
3267 3609 3507 3688 quidem
3540 3628 3716 3672 vaca-

346 3703 536 3768 αὒτοὺς
592 3703 918 3759 ἀνακτᾶσθαι
965 3699 1271 3772 σπουδάζων
1306 3716 1319 3730 ⁸
1384 3702 1614 3774 μάλιστα
1657 3698 1712 3756 δὲ
1762 3701 1847 3755 καὶ
1896 3701 1987 3767 τὴν

2076 3707 2170 3759 rel;
2201 3700 2546 3772 orationi,et
2577 3715 2817 3759 omnem
2852 3706 3157 3758 exerceret
3179 3698 3562 3772 virtutem,ad
3589 3719 3717 3762 eam

347 3792 454 3848 ἀπὸ
509 3797 613 3849 τῶν
670 3789 848 3871 λόγων
906 3790 1219 3870 προσφέρων
1277 3789 1631 3868 παραμυθίαι,
1701 3791 1788 3844 καὶ
1837 3789 1987 3845 παντῖ

2078 3787 2309 3848 futurus
2329 3787 2758 3867 aliistanquam
2786 3787 3116 3867 exemplar.
3141 3784 3551 3848 Humilitatem
3581 3805 3716 3850 vero

344 3881 527 3960 τρόπῳ
586 3879 788 3942 δεικνὺς
847 3882 910 3938 τὸ
954 3878 1348 3958 φιλάνθρωπον,
1407 3879 1464 3934 Τί
1522 3876 1577 3934 δέ
1614 3895 1632 3954 ;
1666 3899 1985 3957 μετριοφρο-

2079 3879 2159 3938 ita
2183 3885 2311 3938 erat
2335 3878 2964 3958 amplexus,tanquam
2991 3875 3049 3936 in
3084 3893 3154 3938 ea
3189 3875 3306 3938 alio
3336 3879 3516 3939 modo
3539 3877 3718 3938 vellet

344 3971 507 4038 σύνης
564 3971 664 4046 μὲν
721 3968 884 4028 οὐδενὶ
943 3970 1005 4025 τὸ
1055 3967 1220 4025 πλέον
1282 3965 1472 4046 ἐδίδου,
1538 3967 1754 4045 ἀγνοίας
1815 3964 1890 4039 δὲ,
1952 3966 1987 4034 ἢ

2075 3969 2298 4048 primas
2323 3976 2519 4049 partes
2553 3966 2826 4029 obtinere
2859 3969 2919 4028 in
2952 3967 3213 4048 eo,quod
3249 3964 3393 4026 nulli
3411 3964 3717 4028 aliicede-

347 4059 682 4139 ἐγκρατείας,
836 4055 1006 4124 ἄλλης
1063 4060 1170 4114 τῶν
1228 4056 1432 4136 ἂρετῶν
1491 4057 1698 4130 ὁποίας,
1748 4055 1887 4111 ἔστιν

2074 4065 2166 4119 ret
2193 4067 2523 4120 extremum
2556 4057 2844 4118 omnium.
2898 4055 3127 4117 Partem
3180 4074 3417 4136 quoque
3448 4055 3568 4117 diei
3599 4055 3717 4118 sibi

345 4151 449 4207 τῶν
478 4143 728 4207 ἁπάντων
759 4157 852 4208 τοῦ
901 4147 1147 4213 πλείονος
1191 4146 1504 4213 ὕπεξίστατο
1541 4167 1557 4218 ς
1590 4149 1675 4203 καὶ
1706 4147 1782 4209 τίς
1817 4144 1984 4210 οὕτως

2074 4146 2402 4228 όθριιῐτιὺειι
2433 4147 2506 4207 ad
2540 4145 2819 4208 ~iseudos
2873 4154 3148 4228 aegrotos,
3199 4165 3231 4208 e
3262 4146 3440 4207 domo
3471 4146 3714 4227 quidem

345 4238 447 4306 ἔξω
486 4243 697 4314 θεσμῶν
740 4238 776 4306 ἢ
821 4245 1050 4319 φρενῶν,
1111 4239 1184 4302 ὡς
1244 4238 1515 4294 συνθέσθαι
1549 4244 1624 4312 τῷ
1655 4235 1933 4314 λεγομένῳ
1966 4257 1982 4314 ς

2074 4226 2274 4298 omnia
2294 4237 2410 4298 illis
2426 4237 2700 4316 praebens
2714 4255 2819 4317 pro
2833 4226 3350 4310 viribus,inaxime
3363 4226 3560 4298 autem
3577 4255 3720 4300 con-

344 4329 486 4395 πλὴν
544 4327 666 4385 ἀλλ’
719 4326 860 4384 οὕτω
921 4328 1019 4403 μὲν
1077 4327 1243 4407 ἀρετὴ
1303 4333 1448 4383 πᾶσα
1491 4334 1567 4400 τῷ
1598 4323 1739 4400 ἀνδρὶ
1769 4325 1984 4402 κατώρ-

2074 4326 2423 4387 solationem
2453 4327 2538 4386 eis
2562 4327 2819 4388 efferens
2841 4325 3112 4388 oratione
3137 4333 3194 4386 et
3217 4325 3498 4386 omnibus
3526 4326 3717 4387 modis

345 4421 484 4474 θωτο
540 4430 786 4495 κρεῖττον
841 4418 872 4486 ἢ
932 4418 1068 4475 κατὰ
1126 4417 1354 4492 μίμησιν
1388 4435 1400 4448 ·
1449 4423 1614 4472 ταῦτα
1659 4413 1712 4470 δὲ
1772 4419 1860 4472 καὶ
1915 4417 1988 4480 ὡς

343 4506 578 4586 ἐξαίρετα
627 4508 798 4582 τούτῳ
843 4508 1084 4583 νέμουσι,
1143 4508 1202 4562 τὸ
1254 4507 1394 4581 μήτε
1453 4505 1610 4562 αὐτὸν
1641 4486 2055 4580 ὀμωμοκέναιο

345 4597 482 4671 μετὰ
535 4599 598 4653 τὸ
653 4597 953 4665 ἀποστῆναι
999 4596 1226 4672 κόσμου,
1290 4594 1420 4670 μήθ’
1471 4595 1635 4672 ἑτέρῳ
1691 4597 1785 4651 τὸν
1831 4594 1989 4674 ὅρκον

347 4685 669 4765 ἐπαγαγεῖν,
730 4689 792 4743 τὸ
845 4687 924 4760 μὴ
985 4698 1233 4764 κατερεῖν
1264 4706 1431 4760 τινος,
1465 4687 1525 4740 τὸ
1557 4685 1634 4760 μὴ
1667 4686 1987 4761 ψεύσασθαι,

343 4777 405 4831 τὸ
450 4777 528 4850 μὴ
586 4776 949 4853 ἐπαράσασθαι
1004 4772 1216 4851 μηδενὶ,
1278 4777 1340 4831 τὸ
1399 4774 1590 4832 ἀστεῖα
1643 4776 1782 4848 μήτε
1833 4777 1988 4834 αὐτὸν

345 4863 685 4944 φθέγξασθαι,
743 4867 880 4940 μήτε
925 4864 1090 4920 ἄλλου
1133 4863 1386 4942 λέγοντος
1431 4864 1786 4943 ἀνασχέσθαι.
1851 4866 1987 4922 Φασὶ

344 4952 399 5010 δὲ
430 4954 586 5012 αὐτὸν
616 4955 703 5012 καὶ
734 4959 828 5011 τοῦ
856 4953 1022 5010 ὕπνου
1069 4955 1206 5010 κατὰ
1257 4955 1346 5010 τὸν
1408 4954 1589 5030 καιρὸν
1644 4957 1745 5019 τῆς
1799 4953 1988 5033 χρείας

345 5044 485 5102 οὕτω
515 5044 827 5126 τυγχάνειν.
866 5049 1104 5124 Σχοῖνος
1161 5045 1378 5098 καθεῖτο
1431 5039 1628 5098 ἄνωθεν
1676 5048 1781 5098 τῶν
1813 5039 1988 5121 ἄκρων

343 5132 690 5210 ἐκδεδεμένη,
750 5133 835 5213 ἐφ’
890 5132 926 5208 ᾗ
983 5132 1078 5196 τάς
1140 5151 1194 5187 τε
1249 5144 1445 5210 χεῖρας
1505 5133 1589 5188 καὶ
1650 5131 1747 5200 την
1780 5134 1990 5204 ὑπήνην

341 5222 626 5293 ἐπερείδων
689 5225 870 5295 αὐτὸς,
946 5221 1204 5300 βραχείας
1254 5221 1397 5285 τινὸς
1469 5222 1558 5277 καὶ
1629 5223 1688 5276 ού
1745 5219 1985 5297 βεϐαίας,

343 5312 466 5370 ἀλλ’
517 5314 638 5370 οἷον
699 5313 806 5392 [γρ.
864 5311 981 5387 οἵα]
1046 5307 1494 5391 παρεψευσμένης
1557 5315 1655 5378 τῆς
1688 5317 1992 5391 καταφορᾶς

344 5399 768 5477 μετελάμϐανεν.

2073 4415 2161 4475 eis
2185 4416 2511 4476 ostendens
2531 4416 3141 4492 benignitatemﬂuid
3165 4415 3416 4476 autem?
3433 4415 3720 4478 Modestia

2073 4503 2412 4585 qudt'ln,Ul
2442 4505 2725 4573 diximus,
2760 4505 3012 4566 cedebat
3047 4503 3271 4565 nemini
3306 4525 3318 4562 :
3358 4505 3417 4564 in
3451 4507 3716 4567 castitate

2074 4612 2212 4655 vero
2235 4601 2335 4656 aut
2378 4593 2748 4656 continentia
2769 4604 2869 4653 aut
2910 4593 3025 4653 alia
3057 4594 3274 4656 virtute
3307 4604 3489 4656 estex
3519 4599 3718 4656 omni-

2077 4685 2184 4745 bus
2207 4684 2550 4765 aliquis,cui
2573 4681 2848 4745 cederet?
2870 4681 2938 4743 Et
2962 4682 3094 4764 quis
3117 4685 3282 4745 illum
3309 4687 3398 4746 vel
3421 4686 3570 4749 adeo
3597 4705 3717 4748 non

2076 4774 2257 4847 novit,
2294 4774 2384 4834 vel
2421 4773 2611 4834 nescit
2635 4791 2768 4833 esse
2800 4790 2997 4846 verax,
3055 4782 3118 4834 ut
3167 4773 3223 4836 ei
3257 4775 3418 4855 quod
3468 4776 3714 4849 dicitur,

2072 4863 2433 4923 assentiatur
2489 4861 2624 4942 (6)?
2675 4861 2792 4924 Sed
2849 4863 2935 4930 sic
2963 4863 3204 4944 quidem
3239 4865 3337 4926 ille
3369 4883 3434 4926 se
3468 4867 3719 4944 pulchre

2073 4951 2255 5031 gessit
2287 4953 2344 5012 in
2380 4951 2545 5014 omni
2590 4953 2823 5027 virtute,
2859 4953 3069 5014 melius
3100 4974 3273 5034 quam
3323 4965 3386 5016 ut
3415 4973 3549 5016 eum
3586 4954 3719 5035 quis

2073 5051 2274 5121 posset
2306 5041 2550 5105 imitari.
2589 5045 2774 5104 Porro
2809 5053 3007 5104 autem
3043 5044 3166 5104 haec
3199 5064 3439 5126 quoque
3483 5045 3570 5104 illi
3600 5043 3712 5105 tri-

2075 5131 2266 5194 buunt
2301 5141 2578 5209 tanquam
2611 5132 2849 5204 eximia,
2876 5133 3033 5213 quod
3068 5151 3266 5208 neque
3295 5133 3425 5213 ipse
3454 5150 3714 5213 unquam

2069 5221 2382 5301 juraverit,
2413 5232 2722 5303 postquam
2755 5223 2982 5300 aufugit
3007 5240 3040 5282 a
3074 5222 3293 5283 mundo
3331 5246 3343 5282 :
3383 5242 3578 5304 neque
3610 5223 3720 5283 ulli

2071 5311 2493 5390 jusjurandum
2531 5313 2832 5384 detulerit,
2868 5313 3013 5373 nulli
3044 5311 3715 5393 detraxerit,nunquam

2075 5400 2154 5461 sit
2172 5401 2630 5472 mentitus,nulli
2666 5401 2741 5462 sit
2767 5401 2918 5462 male
2938 5403 3433 5482 precatus,faceta
3457 5421 3525 5464 ac
3546 5421 3720 5464 scur-

339 5488 476 5554 rilia
503 5507 703 5574 neque
733 5489 864 5573 ipse
907 5489 982 5553 sit
1009 5489 1261 5566 locutus,
1299 5507 1495 5571 neque
1525 5489 1708 5553 alium
1744 5487 2038 5552 dicentem
2084 5490 2456 5554 sustinuerit.
2494 5490 2711 5553 Dicunt
2753 5502 2949 5553 autem
2987 5492 3182 5573 ipsum
3217 5511 3453 5576 quoque
3489 5493 3718 5556 medio-

430 5681 508 5765 (ϐ)
543 5681 623 5747 at.
659 5683 826 5758 Quod
858 5683 1103 5766 dicitur,
1137 5691 1202 5749 ut
1234 5684 1289 5750 ei
1319 5701 1440 5748 non
1472 5700 1591 5747 ass.
