4098 6202
421 327 574 401 1063

1707 319 1992 394 MENSIS
2037 319 2497 395 IANUARIUS.

3631 325 3784 401 1064

416 495 580 542 crem
614 486 909 537 summum
935 467 1285 549 sumpsisse,
1319 485 1452 529 cum
1483 474 1644 531 esset
1673 482 1861 545 opus:
1894 466 1982 528 sic
2012 473 2211 527 autem
2258 466 2584 548 sumpsisse
2617 489 2631 526 :
2667 467 2826 532 funis
2856 485 2926 531 ex
2961 467 3080 530 alto
3107 467 3548 546 demittebatur,
3582 469 3785 550 alliga-

416 572 510 630 tus
559 561 889 628 extremis:
937 559 1029 620 cui
1071 566 1128 619 et
1176 555 1451 617 manibus
1507 565 1564 618 et
1607 554 1791 618 barba
1838 555 1971 633 ipse
2029 555 2314 633 innitens,
2364 557 2681 637 quemdam
2731 558 3055 634 modicum,
3109 577 3305 641 neque
3355 561 3615 641 ﬁrmum,
3675 560 3782 624 sed

415 654 779 720 imbecillum
810 657 867 711 et
895 648 1242 709 ementitum
1274 645 1572 707 somnium
1605 646 1897 724 gustabat.

498 745 722 806 V.Cum
744 739 828 800 sic
861 737 1038 799 vitam
1069 736 1477 815 ageret,valde
1501 735 1743 812 quidem
1779 735 2055 798 studebat
2075 745 2112 792 Α

412 835 690 905 latere,et
713 825 1016 891 neminem
1041 824 1396 906 babere,qui
1419 835 1576 887 esset
1595 826 1728 905 ejus
1746 824 2048 886 conscius.

410 921 569 986 Nulli
592 920 752 984 enim
803 934 1035 998 eorum,
1067 916 1168 995 qui
1213 916 1366 977 mala
1387 915 1674 987 fecerant,
1699 924 1764 976 nt
1797 913 1884 975 illi
1915 932 2051 975 om-

413 1013 554 1076 nino
579 1025 738 1073 ουτω
757 1008 866 1071 fuit
889 1004 1230 1068 latereJloc
1254 1015 1455 1066 autem
1482 1015 1606 1067 erat
1637 1005 2048 1076 difﬁcile,rnm

411 1113 470 1166 et
500 1103 692 1164 virtus
717 1099 803 1160 sic
821 1115 884 1159 se
915 1096 1133 1159 habeat
1163 1104 1396 1170 natura,
1431 1105 1492 1156 ut
1525 1113 1689 1168 eum,
1723 1094 1824 1177 qui
1855 1097 2046 1175 ipsam

409 1199 671 1266 exercet,
706 1186 893 1249 soleat
922 1187 1122 1249 facere
1153 1185 1529 1246 manifestum
1561 1203 1576 1248 :
1614 1194 1671 1245 et
1704 1187 1863 1248 Deus
1894 1203 2046 1264 prie-

407 1289 571 1344 terea
587 1279 735 1343 velit
757 1278 1047 1339 cultorem
1073 1293 1246 1336 suum
1267 1275 1626 1354 glorificare.
1654 1277 1856 1354 Itaque
1879 1274 2044 1335 illum

405 1389 646 1452 quoque
671 1368 762 1430 sic
785 1366 846 1428 in
868 1365 1192 1445 praesentia
1212 1362 1541 1444 aperit.Vir
1560 1365 1799 1441 quidam
1825 1383 2047 1443 genere

403 1457 610 1543 Syrus,
644 1453 1260 1534 nomineHesychius,
1293 1462 1462 1516 aetate
1483 1453 1726 1535 quidem
1745 1455 1869 1534 jam
1905 1473 2045 1533 pro-

396 1559 632 1626 vectus,
664 1556 937 1626 tempore
969 1556 1165 1606 autem
1194 1544 1322 1606 fere
1353 1563 1590 1625 quoque
1618 1543 1906 1624 aequalem
1939 1544 2041 1606 ha-

398 1638 576 1702 bebat
599 1635 1090 1701 exercitationem
1131 1635 1269 1715 :qui
1293 1633 1422 1713 ipse
1446 1652 1683 1714 quoque
1725 1641 1852 1696 erat
1887 1653 2044 1696 unus

398 1747 471 1793 ex
496 1729 748 1810 illis,qui
765 1727 826 1788 in
849 1742 1020 1787 sacro
1049 1724 1150 1785 illo
1178 1723 1612 1787 exercebantur
1633 1724 1996 1786 monasterio
2024 1745 2037 1788 :

396 1821 569 1900 cujus
590 1816 854 1896 vestigiis
879 1814 1156 1876 insistere
1177 1813 1459 1894 cupiebat
1485 1831 1734 1892 magnus
1755 1811 2042 1876 illeJoan-

395 1909 676 1986 nes,dum
703 1909 971 1969 nondum
997 1911 1154 1966 esset
1177 1905 1395 1966 virtute
1414 1903 1779 1966 summus.Ei
1800 1913 2040 1966 noctur-

393 2018 502 2063 nas
526 2016 736 2080 preces
762 1998 884 2060 Deo
909 1993 1180 2057 offerenti
1205 1993 1751 2074 apparetquiddam
1770 1993 2035 2055 divinum

391 2097 451 2152 et
479 2089 714 2164 fortius,
748 2104 926 2168 quam
986 2093 1049 2146 ut
1108 2083 1163 2146 id
1215 2083 1439 2145 intueri
1492 2083 1737 2144 humani
1795 2091 2041 2162 possent

2220 736 2307 800 E’.
2343 736 2496 796 Οὕτω
2525 737 2761 814 μετιόντι
2794 738 2884 795 τὸν
2928 739 3039 815 βίον
3069 737 3254 797 λαθεῖν
3318 739 3418 816 μὲν
3464 742 3607 814 αῦτῷ
3661 738 3785 796 διαε-

2136 826 2400 905 φερόντως
2455 831 2522 896 ἦν
2565 827 2602 895 ἡ
2632 824 2863 900 σπουδὴ,
2897 830 2985 885 καὶ
3031 827 3239 904 μηδένα
3287 828 3437 908 ἔχειν
3498 831 3648 887 κάτω
3685 830 3780 886 τὸν

2137 915 2427 975 συνειδότα.
2467 914 2648 976 Οὖδενὶ
2699 917 2798 996 γὰρ
2851 916 2992 974 οὕτω
3034 924 3142 975 τῶν
3171 920 3237 978 τὰ
3268 918 3476 996 πονηρᾶ
3509 918 3778 998 δρώντων,

2135 1007 2207 1066 ὡς
2264 1005 2451 1080 ἐκείνῳ
2527 1007 2738 1071 πάντως
2795 1006 3028 1082 ἐμέλησε
3100 1009 3163 1064 τὸ
3231 1008 3436 1070 λαθεῖν.
3501 1016 3667 1069 Τοῦτο
3719 1007 3776 1064 δὲ

2132 1090 2330 1173 κομιδῇ
2384 1095 2666 1176 δυσχερὲς,
2711 1096 2861 1176 φύσει
2908 1118 2963 1153 τε
3008 1104 3104 1166 τῆς
3161 1097 3356 1174 ἀρετῆς
3413 1097 3579 1163 οὕτως
3609 1099 3774 1178 ἑχού-

2133 1206 2255 1259 σῃς,
2303 1185 2392 1242 καὶ
2429 1192 2522 1242 τοῦ
2566 1191 2697 1242 Θεοῦ
2738 1182 2971 1258 δοξάζειν
3027 1189 3118 1243 τὸν
3191 1189 3519 1267 θεραπευτὴν
3569 1186 3775 1264 βουλο-

2131 1273 2312 1349 μένου.
2379 1273 2556 1340 Δῆλον
2592 1282 2875 1352 τοιγαροῦν
2907 1275 3114 1334 έκεῖνον
3146 1284 3234 1334 καί
3287 1276 3420 1341 τέως
3477 1274 3626 1334 τόνδε
3681 1279 3776 1334 τὸν

2127 1364 2323 1446 τρόπον
2381 1377 2554 1427 ποιεῖ,
2600 1362 2769 1443 Ἀνήρ
2813 1386 2894 1429 τις
2954 1373 3031 1440 τῷ
3089 1366 3231 1444 γένει
3263 1367 3454 1446 Σύρος,
3499 1366 3600 1434 τὴν
3631 1365 3774 1434 ιιλῆ-

2129 1475 2210 1508 σιν
2246 1443 2523 1534 ’Πσύχιος,
2582 1453 2681 1521 τὴν
2742 1453 2990 1511 Ἡλικίαν
3046 1443 3776 1536 προϐεϐηκὼςίσῦγχρονον

2128 1542 2310 1622 ὀλίγου
2365 1545 2464 1610 τὴν
2523 1541 2752 1611 ἄσκησιν
2807 1542 2979 1625 ἔχων,
3011 1545 3099 1607 εἷς
3132 1547 3218 1602 καὶ
3271 1549 3430 1610 αὐτὸς
3483 1550 3592 1602 τῶν
3633 1546 3773 1603 κατὰ

2127 1633 2224 1700 τὴν
2281 1633 2425 1710 ἱερᾶν
2486 1632 2694 1700 ἐκείνην
2750 1635 2920 1708 μονὴν
2975 1633 3343 1710 ἀσκουμένων,
3406 1637 3468 1692 οὗ
3517 1637 3604 1692 καὶ
3650 1635 3770 1692 κατ’

2127 1719 2287 1802 ἴχνος
2319 1724 2518 1799 βαίνειν
2547 1725 2574 1780 ὁ
2609 1723 2775 1801 μέγας
2810 1723 3020 1803 ἠγάπα,
3081 1723 3183 1788 ἕως
3239 1723 3388 1782 οὔπω
3429 1727 3527 1795 τὴν
3576 1725 3772 1804 ἀρετὴν

2125 1811 2283 1890 ἄκρος
2328 1815 2417 1881 ἦν.
2458 1813 2637 1886 Τούτῳ
2683 1810 2746 1880 δὴ
2779 1815 2968 1874 νυκτὸς
3019 1815 3091 1879 εἰς
3151 1815 3460 1896 προσευχὴν
3502 1815 3774 1891 ἱσταμένω

2121 1903 2361 1982 φαίνεταί
2412 1923 2462 1958 τι
2517 1905 2665 1958 θεῖον
2730 1901 2826 1960 καί
2889 1901 3178 1982 ὀφθαλμῶν
3235 1903 3570 1983 ὑψηλότερον
3605 1925 3620 1938 ’
3681 1907 3772 1962 καὶ

2119 1992 2300 2069 ὥσπερ
2354 1994 2428 2056 εἷς
2483 1991 2643 2067 μέσον
2687 1993 2815 2049 αῦτὸ
2861 1995 3038 2052 θεῖναι
3099 1992 3350 2073 γλώττης
3399 1995 3569 2074 ἁγὼν,
3631 1994 3772 2052 οὕτω

2119 2079 2184 2149 δὴ
2239 2084 2328 2140 καὶ
2372 2082 2593 2139 ἀκοῦσαι
2652 2080 2837 2139 καινόν
2897 2105 2946 2140 τι
2978 2085 3065 2141 καὶ
3096 2083 3551 2165 φρικωδέστατον,
3599 2083 3770 2141 Ἀλλᾶ

390 2177 740 2256 oculi,quod
768 2185 828 2238 et
859 2181 1097 2238 veretur
1116 2173 1391 2252 linguain
1419 2171 1682 2235 medium
1707 2171 2031 2254 adducere,

2121 2171 2411 2252 προσέχειν
2467 2169 2584 2228 δέον
2636 2172 2726 2228 τὸν
2784 2179 2931 2232 νοῦν.
2999 2174 3097 2232 Καὶ
3153 2174 3254 2252 γὰρ
3303 2173 3450 2234 οὐδὲν
3481 2175 3641 2244 ἦττον
3671 2181 3767 2232 τοῦ

390 2275 450 2330 et
478 2267 633 2350 quod
661 2275 754 2329 est
783 2264 989 2328 auditu
1019 2263 1298 2344 inprimis
1323 2260 1761 2325 horribile.Sed
1796 2271 1886 2324 est
1921 2262 2030 2323 ad-

389 2355 693 2419 hibendus
716 2353 1218 2417 animus.Etenim
1251 2371 1369 2413 non
1404 2353 1603 2413 minus
1636 2361 1817 2430 metu,
1853 2370 2028 2433 quam

384 2446 687 2528 voluptate
719 2446 899 2506 mixta
932 2452 1021 2505 est
1052 2442 1336 2507 narratio.
1406 2439 1527 2503 Viri
1587 2441 1828 2522 quidam
1867 2451 2030 2504 veste

387 2535 908 2615 candidi,aspectu
931 2530 1299 2605 terribiles,e
1322 2530 1473 2592 coelo
1491 2531 1735 2608 quidem
1757 2528 1869 2594 visi
1891 2541 2030 2593 sunt

384 2625 458 2688 ad
483 2645 617 2687 eum
645 2623 1041 2686 descendere:
1063 2619 1278 2685 Joanni
1305 2639 1442 2683 vero
1473 2621 1673 2697 lingua
1707 2621 2028 2702 aureo,qui

383 2716 514 2796 ipse
547 2732 783 2796 quoque
814 2721 991 2774 noctu
1029 2710 1409 2793 precabatur,
1437 2709 1644 2772 venire
1674 2709 1734 2772 in
1766 2729 2024 2791 conspe-

381 2802 704 2867 ctum.Visi
726 2811 865 2864 sunt
885 2811 1111 2875 autem,
1145 2820 1300 2862 unus
1325 2800 1565 2882 quidem
1601 2797 1845 2872 librum,
1877 2800 2030 2862 alter

381 2903 582 2957 autem
607 2892 806 2955 claves
834 2891 1058 2952 habere
1089 2890 1149 2951 in
1185 2889 1482 2952 manibus.
1501 2888 1730 2950 Deinde
1759 2891 2027 2950 Joannes

380 3001 529 3045 nova
557 2983 660 3044 illa
691 2999 898 3044 eorum
931 2980 1121 3040 forma
1150 2977 1618 3058 obstupefactus,
1651 2977 1869 3038 timore
1916 2976 2028 3039 fuit

383 3081 788 3152 correptus,et
810 3087 874 3129 se
892 3067 1069 3129 simul
1095 3067 1263 3128 humi
1287 3064 1633 3147 dejecit.llli
1659 3073 1855 3126 autem
1881 3084 2022 3128 eum

385 3177 566 3221 manu
596 3157 1144 3239 apprehendentes,
1172 3155 1482 3234 eriguntet
1513 3163 1676 3217 metu
1701 3154 2025 3233 solvunt,et

373 3249 590 3328 jubent
629 3266 764 3310 eum
799 3263 932 3308 esse
962 3244 1119 3306 bono
1153 3245 1377 3306 animo.
1413 3243 1556 3307 Cum
1585 3261 1725 3306 vero
1756 3254 2022 3324 rogasset

382 3355 632 3418 magnus
658 3335 949 3408 Joannes,
1010 3333 1257 3412 quinam
1311 3343 1534 3409 essent,
1573 3337 1674 3414 qui
1706 3352 1842 3395 cum
1877 3335 2020 3397 tanti

379 3427 683 3500 essent,ad
711 3443 846 3488 eum
871 3422 1143 3486 venirent
1178 3441 1191 3484 :
1221 3423 1327 3486 sed
1356 3443 1430 3486 ne
1461 3423 1694 3497 timeas,
1727 3423 1816 3486 illi
1847 3425 2018 3487 dixe-

2116 2259 2283 2342 φόϐου
2325 2264 2414 2317 καὶ
2458 2258 2629 2338 ἡδονῇ
2659 2261 3017 2340 συγκέκραται
3077 2263 3139 2320 τὸ
3183 2261 3453 2340 διήγημα.
3489 2265 3594 2322 Δύο
3622 2265 3765 2330 τινὲς

2116 2347 2298 2430 ἄνδρες
2358 2349 2536 2410 λευκοὶ
2580 2352 2680 2418 τὴν
2722 2350 2945 2432 στολὴν,
2980 2350 3193 2432 φοϐεροὶ
3244 2355 3344 2420 την
3391 2353 3538 2430 ὄψιν,
3599 2355 3763 2433 οὖρα-

2114 2441 2260 2498 νόθεν
2305 2440 2485 2508 ἔδοξαν
2529 2443 2673 2517 αὐτῷ
2703 2441 3006 2519 κατελθεῖν,
3073 2446 3159 2500 καὶ
3205 2448 3281 2518 τῷ
3335 2443 3555 2524 μεγάλῳ
3583 2447 3762 2519 τούτῳ

2111 2533 2199 2589 καὶ
2257 2535 2404 2605 αὗτῷ
2460 2529 2852 2612 προσεύχεσθαι
2908 2533 3212 2612 φαινομένῳ
3266 2535 3404 2592 κατὰ
3470 2533 3763 2612 προσῶπον

2110 2621 2426 2700 προσελθεῖν
2462 2639 2478 2658 ·
2524 2623 2600 2676 ὧν
2644 2624 2672 2677 ὁ
2733 2620 2832 2697 μὲν
2879 2624 3069 2703 τόμον,
3129 2621 3309 2703 ἕτερος
3343 2621 3399 2680 δὲ
3429 2623 3584 2686 κλεῖς
3617 2646 3758 2682 κατ-

2109 2712 2258 2792 έχειν
2314 2711 2496 2785 ἐῴκει,
2554 2713 2654 2770 Τὸν
2709 2709 2966 2780 Ἰωάννην
3007 2710 3064 2768 δὲ
3107 2714 3170 2769 τὸ
3231 2713 3414 2770 καινὸν
3443 2715 3620 2770 αὒτῶν
3661 2723 3758 2772 τοῦ

2108 2800 2283 2867 εἴδους
2338 2800 2774 2879 καταπλαγέντα,
2835 2799 2984 2881 φόϐῳ
3055 2800 3352 2882 ληφθῆναι,
3414 2805 3502 2860 καὶ
3567 2825 3754 2881 παρα-

2108 2891 2302 2970 χρῆμα
2357 2890 2648 2970 σύντρομον
2707 2891 2892 2947 ἑαυτὸν
2969 2897 3037 2968 τῇ
3117 2897 3190 2969 γῇ
3259 2889 3751 2971 πρωκαταὸιλειν,

2109 2982 2242 3044 Τοὺς
2299 2978 2355 3036 δὲ
2416 2985 2518 3037 τῶν
2605 2985 2808 3059 χειρῶν
2901 2978 3322 3055 ἐπιλαϐομένους
3379 2979 3752 3059 διανᾳστῆσαι,

2106 3068 2249 3126 λύειν
2291 3091 2349 3126 τε
2404 3071 2495 3126 τὶν
2557 3067 2720 3150 φόϐον
2775 3069 2944 3149 αύτῷ,
3003 3072 3090 3127 καὶ
3149 3069 3364 3149 θαρῤεϊν
3420 3070 3749 3151 ἑγκελεύειν.

2107 3159 2194 3234 Τῷ
2249 3159 2552 3235 πυθομένῳ,
2599 3160 2733 3226 τίνες
2783 3160 2844 3215 ἂν
2897 3161 3039 3234 εἶεν,
3075 3159 3198 3240 οἵγε
3228 3161 3562 3229 τηλικαύτης
3594 3161 3754 3230 δόξης

2105 3246 2393 3324 ἠξιωμένοι
2425 3249 2557 3327 πρὸς
2617 3249 2775 3305 αὐτὸν
2832 3247 3141 3324 εληλύθασι,
3207 3250 3286 3326 μὴ
3312 3247 3500 3331 φοϐοῦ,
3535 3253 3754 3316 τούτους

2105 3338 2278 3394 εἰπεῖν
2315 3353 2326 3368 ·
2377 3339 2425 3396 oi
2459 3335 2538 3412 δὲ,
2589 3339 2756 3412 ἡμεῖς
2813 3335 3019 3412 ἥκομέν
3084 3360 3166 3396 σοι
3226 3342 3553 3420 πεμφθέντες
3609 3342 3757 3413 παρὰ

2103 3434 2353 3506 Χριστοῦ.
2393 3431 2526 3485 Εἶτα
2556 3429 2648 3484 τὸν
2677 3428 2775 3504 μὲν
2800 3428 2900 3496 τὴν
2929 3441 3096 3509 χεῖρα
3127 3428 3433 3486 ἐκτείναντα
3462 3431 3552 3487 τὸν
3583 3431 3757 3504 τόμον

379 3515 669 3580 runt.Nos
691 3515 852 3578 enim
876 3521 1152 3576 venimus
1183 3513 1258 3575 ad
1282 3512 1541 3589 te,missi
1571 3532 1603 3574 a
1635 3513 1891 3576 Christo.
1919 3515 2018 3578 Sic

2121 3515 2416 3596 ιπιδιδόναι,
2456 3515 2608 3584 Δέξαι
2653 3519 2821 3597 τουτὶ,
2875 3516 3126 3598 λέγοντα,
3187 3520 3248 3576 τδ
3307 3517 3540 3596 βιϐλίον,
3604 3519 3754 3599 Ἐγὼ

376 3607 750 3683 dixerunt,et
780 3603 980 3666 statim
1014 3603 1165 3666 alter
1197 3622 1404 3666 eorum
1441 3621 1651 3665 manus
1678 3603 2012 3684 porrigens,

377 3696 547 3760 dicit:
574 3696 700 3759 Hoc
720 3695 951 3776 accipe.
983 3695 1045 3755 ld
1079 3701 1280 3756 autem
1306 3703 1432 3756 erat
1464 3693 1637 3755 liber.
1673 3691 1795 3772 Ego
1827 3696 2012 3772 enim,

2100 3609 2199 3688 γὰρ
2245 3607 2529 3680 Ἰωάννης,
2594 3610 2740 3686 ᾧπερ
2797 3609 2826 3676 ἦ
2879 3613 2972 3665 τοῦ
3026 3615 3160 3665 Θεοῦ
3223 3631 3380 3687 σοφια
3442 3611 3503 3667 τὸ
3553 3613 3752 3677 στῆθος

2099 3698 2290 3777 ἐνῆκε,
2324 3699 2412 3754 καὶ
2464 3696 2744 3754 ἐπιπεσεῖν
2806 3696 2950 3770 αύτῷ
3009 3695 3332 3776 παρεδέξατο
3365 3713 3380 3728 ·
3417 3697 3536 3766 ἥτις
3562 3697 3628 3769 δή
3662 3721 3750 3757 σοι

374 3787 591 3870 inquit,
618 3805 748 3849 sum
773 3787 1058 3862 Joannes,
1085 3783 1182 3847 cui
1210 3784 1315 3847 Dei
1348 3782 1642 3863 sapientia
1673 3793 1880 3864 pectus
1913 3785 2010 3846 di-

2121 3789 2183 3844 ιαῖ
2244 3787 2308 3843 δι’
2371 3787 2529 3855 ἡμῶν
2586 3788 2654 3844 τὰ
2707 3793 2816 3843 τῶν
2877 3791 3099 3866 Γραφῶν
3176 3787 3369 3845 εὔλυτα
3423 3790 3602 3869 θήσει,
3658 3792 3750 3847 καὶ

375 3878 536 3939 misit
567 3885 626 3938 et
655 3876 926 3959 permisit
951 3877 1004 3951 5,
1039 3884 1106 3937 ut
1157 3890 1341 3955 super
1369 3874 1562 3954 ipsum
1592 3874 2014 3936 recumberem

2121 3877 2504 3958 ιειραγωγήσει
2562 3876 2760 3944 ταύτης
2812 3886 2942 3956 πρὸς
2999 3876 3100 3945 τήν
3157 3877 3443 3956 ἐπίγνωσιν
3477 3895 3491 3909 ⁸
3549 3881 3644 3936 τὸν
3696 3878 3747 3935 δ’

371 3968 520 4030 nihil
547 3967 952 4038 veritus.Quaa
984 3962 1089 4025 tibi
1113 3981 1352 4045 quoque
1383 3981 1489 4045 per
1519 3982 1628 4024 nos
1652 3963 1826 4025 faciet
1849 3963 2014 4026 Scri-

2121 3963 2264 4023 ἱλλον
2322 3968 2411 4022 καὶ
2468 3966 2626 4023 αὐτὸν
2681 3966 2781 4033 τὴν
2829 3979 2996 4046 χεῖρα
3045 3965 3323 4045 ὀρέγοντα,
3356 3966 3523 4049 δέξαι,
3559 3969 3743 4048 φάναι,

369 4065 573 4137 pturas
589 4057 1033 4135 comprehenso
1057 4053 1357 4126 faciles,et
1376 4052 1634 4114 deducet
1650 4053 1725 4115 ad
1746 4053 1904 4115 illius
1923 4073 2014 4116 co.

2121 4055 2254 4112 τάσδε
2306 4056 2402 4120 τὰς
2459 4054 2636 4120 κλεῖς.
2699 4056 2830 4131 Ἐμὲ
2891 4054 2944 4111 δὲ
3008 4056 3206 4136 Πέτρον
3267 4056 3404 4136 ἴσθι,
3455 4059 3548 4114 τὸν
3601 4060 3746 4137 παρὰ

365 4148 718 4226 gnitionem.
751 4143 1043 4208 Similiter
1072 4153 1268 4205 autem
1305 4142 1458 4204 alter
1500 4161 1740 4224 quoque
1774 4162 2013 4205 manum

2121 4152 2232 4205 9506
2291 4147 2484 4210 ταύτας
2567 4145 2984 4229 ἐγχειρισθέντα,
3056 4147 3115 4202 ὃν
3167 4146 3265 4204 καί
3334 4154 3422 4204 νῦν
3471 4145 3542 4204 δι’
3610 4148 3747 4224 ἐμοῦ

368 4234 703 4314 porrigens:
734 4232 1272 4312 Accipe,dicit,has
1293 4231 1609 4294 clavesMe
1632 4242 1826 4294 autem
1861 4236 2017 4294 scias

2121 4238 2310 4293 πίστευε
2349 4241 2447 4303 τῆς
2492 4235 2656 4302 αὒτῆς
2685 4255 2742 4290 σε
2773 4236 2998 4316 χάριτος
3029 4234 3205 4302 ἀξιοῦν
3239 4252 3255 4269 ⁸
3318 4236 3458 4295 ὥστε
3520 4237 3620 4294 ὅσα
3678 4239 3746 4294 ἃν

369 4340 502 4386 esse
534 4321 906 4397 Petrum,cui
941 4339 1026 4383 eae
1054 4321 1290 4384 fuerant
1319 4339 1352 4383 a
1388 4323 1509 4384 Deo
1542 4322 1794 4384 traditae.
1828 4321 2014 4394 Quem

2121 4326 2261 4403 ῖήσῃ,
2309 4325 2344 4393 ἣ
2405 4323 2570 4402 λύσῃς
2630 4322 2720 4382 ἒπῖ
2766 4328 2866 4393 τῆς
2909 4331 3040 4406 γῆς,
3094 4324 3346 4402 δεδεμένα
3376 4325 3543 4384 ταῦτα
3570 4325 3742 4404 εἶναι,

368 4430 528 4474 nunc
549 4430 788 4493 quoque
807 4411 989 4473 crede
1012 4429 1116 4492 per
1139 4429 1235 4474 me
1258 4411 1465 4472 eadem
1485 4419 1540 4472 te
1559 4411 1788 4490 dignari
1803 4414 2010 4494 gratia,

2121 4415 2133 4484 ὶ
2167 4415 2428 4492 λελυμένα
2451 4416 2540 4472 καὶ
2571 4414 2624 4472 ἐν
2655 4429 2770 4481 τοῖς
2802 4417 3074 4495 οὐρανοῖς.
3131 4419 3268 4494 Πρὸς
3315 4425 3482 4474 ταῦτα
3532 4414 3586 4473 δὲ
3647 4419 3746 4476 τὸν

366 4506 518 4566 adeo
551 4513 615 4566 ut
664 4521 1038 4586 quaecunque
1089 4503 1366 4584 ligaveris
1422 4513 1523 4566 aut
1548 4505 1799 4566 solveris
1831 4523 2013 4586 super

2121 4506 2358 4585 ιακάριον
2420 4505 2851 4586 δυσωπούμενον,
2934 4505 3116 4581 ὥσπερ
3201 4507 3290 4563 καὶ
3344 4508 3744 4587 ὑποπίπτοντα,

369 4595 706 4671 terram,ila
742 4595 919 4656 etiam
946 4613 1011 4656 se
1035 4595 1292 4656 habeant
1314 4594 1374 4655 in
1399 4594 1687 4656 coelis.A«l
1711 4593 1838 4656 hac
1867 4614 2007 4657 cum

2121 4599 2181 4653 ,αἱ
2237 4595 2469 4676 ἀνάξιον,
2535 4595 2720 4652 ἑαυτὸν
2794 4594 3041 4674 κρίνοντα
3100 4597 3324 4677 χάριτος
3378 4595 3742 4672 τηλικαύτης,

366 4682 694 4746 beatnsille
718 4683 1198 4758 erubesceret,et
1219 4693 1702 4746 consternaretur
1723 4685 2008 4761 animo,et

2125 4686 2215 4750 οὺς
2300 4685 2466 4751 θείους
2550 4682 2780 4751 ἐκείνους
2886 4683 3073 4764 ἄνδρας
3145 4683 3562 4762 ἀναλαμϐάνειν,
3649 4689 3746 4743 καὶ

367 4783 530 4836 tanta
555 4774 745 4853 gratia
770 4793 835 4836 se
860 4793 990 4836 esse
1012 4774 1307 4836 indicaret
1336 4773 1675 4854 indignum,
1704 4773 1887 4836 divini
1924 4775 2006 4836 illi
2030 4826 2036 4855 ,

2123 4775 2309 4854 άρσους
2362 4775 2520 4833 αὐτὸν
2578 4773 2920 4851 ἒμπιμπλᾷν.
2980 4776 3120 4834 Εἶτα
3177 4776 3265 4833 καὶ
3309 4775 3747 4855 έπιχαράξαντας

365 4863 470 4927 viri
496 4883 632 4926 eum
657 4872 935 4927 recreant
957 4871 1015 4926 et
1035 4863 1291 4945 implent
1316 4864 1588 4926 audacia.
1620 4863 1848 4926 Deinde
1869 4863 2036 4927 cum'

2121 4869 2251 4924 ιύτοῦ
2316 4865 2415 4943 [ῗσ.
2465 4863 2629 4946 αὐτῷ]
2688 4871 2779 4922 τοῦ
2826 4873 3050 4945 σταυροῦ
3101 4867 3194 4921 τὸν
3225 4867 3413 4940 τύπον,
3447 4868 3537 4922 καὶ
3568 4864 3745 4946 φιλῆ-

363 4971 498 5015 eum
520 4955 719 5016 crucis
745 4953 931 5033 ﬁgura
953 4953 1470 5032 obsignassent,et
1503 4951 1609 5014 visi
1639 4963 1840 5014 essent
1871 4973 2005 5016 eum

2121 4979 2180 5012 at
2236 4954 2522 5035 φανέντας,
2576 4956 2877 5023 ἀναπτῆναι
2936 4954 3096 5014 πάλιν
3147 4956 3220 5019 εἰς
3252 4955 3530 5036 ούρανούς.
3561 4958 3743 5014 Ταῦτα

363 5043 1000 5120 osculari,revolarunt
1022 5045 1083 5102 in
1111 5039 1465 5104 caelos.ch
1491 5051 1626 5103 cum
1652 5041 1897 5104 vidisset
1923 5044 2010 5104 vir

2124 5047 2182 5103 ὸν
2240 5043 2404 5102 πολὺν
2461 5044 2667 5101 ἑκεϊνον
2737 5045 3034 5125 ἑωρακότα,
3123 5047 3323 5118 μεστὸν
3404 5043 3570 5125 φόϐου
3649 5045 3746 5101 καὶ

363 5132 466 5194 ille
495 5134 768 5214 insignis,
805 5134 906 5195 diu
943 5135 1159 5194 mansit
1204 5133 1417 5213 plenus
1451 5139 1614 5194 metu
1647 5140 1706 5193 et
1735 5141 2002 5211 stupore,

2121 5133 2473 5205 καταπλήξεως
2521 5136 2609 5190 επὶ
2667 5134 2926 5193 πλεῖστον
2983 5133 3280 5216 διατελεῖν,
3339 5136 3412 5200 ὡς
3473 5135 3562 5191 καὶ
3614 5133 3748 5199 τοὺς

363 5223 514 5284 adeo
538 5232 600 5285 ut
622 5241 756 5284 cum
784 5221 1063 5284 monachi
1085 5240 1222 5284 eum
1245 5222 1619 5284 viderentsic
1641 5222 2007 5297 aﬂectum,et

2121 5224 2364 5305 ιοναχοὺς
2423 5222 2588 5284 οὕτως
2645 5222 2842 5305 ἔχοντα
2886 5224 3210 5300 Θεωμένους,
3274 5225 3363 5281 καὶ
3412 5223 3514 5292 τὴν
3567 5223 3746 5281 αἰτίαν

354 5321 642 5392 rogarent
664 5330 937 5390 quamam
963 5321 1124 5374 esset
1144 5311 1449 5387 causa,vix
1465 5331 1535 5374 ea
1549 5312 1874 5392 aperuerit,
1907 5312 2003 5372 in-

2121 5337 2208 5383 ,τις
2243 5313 2336 5382 εἴη
2393 5312 2936 5394 διαπυνθανομένους,
2996 5313 3156 5390 μόλις
3190 5315 3355 5383 αὐτὴν
3409 5312 3740 5390 ἐκκαλύψαι,

361 5401 573 5466 dicens
588 5404 677 5466 eis
699 5401 1012 5466 silentium
1044 5422 1058 5467 :
1088 5413 1147 5464 et
1169 5413 1231 5464 nt
1250 5403 1378 5464 haec
1419 5402 1716 5466 celaretur
1743 5400 2007 5466 Joannes

2126 5404 2300 5473 ιωπτὶν
2359 5402 2568 5471 πολλὴν
2625 5403 3090 5483 παραγγείλαντα,
3154 5406 3250 5461 καί
3311 5414 3407 5464 τοῦ
3458 5402 3746 5483 ἀπόρρητα

365 5512 441 5556 ne
471 5494 686 5559 demus
715 5492 1192 5576 enim,inquit,ei
1221 5493 1629 5569 occasionem,
1650 5500 1714 5556 ut
1734 5493 1876 5556 hinc
1903 5511 2004 5556 re-

2124 5505 2254 5555 αῦτα
2309 5498 2517 5552 κεῖσθαι
2569 5499 2646 5570 τῷ
2694 5493 2954 5576 Ἰωάννῃ,
3009 5497 3091 5572 μὴ
3149 5496 3237 5552 καὶ
3267 5495 3533 5576 πρόφασιν
3589 5495 3748 5570 αὐτῷ

440 5674 676 5741 510m.
710 5688 834 5750 ιω,
867 5671 972 5735 23.
