4032 6202
223 305 391 379 1065

1279 305 1469 377 VITA
1523 311 1584 374 S.
1629 306 1954 375 JOANNIS
1995 299 2558 373 CHRYSOSTOMI.

3458 304 3613 374 1066

224 447 436 528 δῶμεν,
468 450 736 530 φήσαντα,
767 453 866 515 τῆς
919 449 1154 503 ἑντετθεν
1199 447 1626 527 ἀναχωρήσεως,
1662 449 1721 504 Οἱ
1778 456 1916 521 μεν]

2005 444 2159 507 ⁸δ³ί’
2192 442 2285 504 Im
2316 458 2457 519 ergo
2488 441 2609 522 δίεν
2644 457 2777 521 qua!
2806 438 2964 530 dicta
2995 447 3155 530 sunt,
3190 439 3609 520 obstupefacti,

226 541 322 595 οὖν
378 539 462 596 ἐπὶ
491 551 611 602 τοῖς
666 537 944 617 λεχθεϊςιν
1003 536 1362 615 ἒκπλαγέντες
1394 538 1493 602 την
1532 538 1722 611 ἀκοὴν,
1756 559 1884 592 τεκ-

230 629 419 706 μηρίῳ
475 629 649 700 τούτῳ
692 629 781 683 καὶ
836 628 952 703 περὶ
983 628 1043 683 τὸ
1102 626 1290 683 λοιπὸν
1335 627 1580 706 ὲχρῶντο
1624 634 1716 682 τοῦ
1745 627 1883 702 βίου,

231 715 318 774 ὅτι
376 716 650 799 παράδοξα
679 714 890 775 ποίντωι
938 716 1088 773 ’ἐσται
1132 717 1221 772 καὶ
1261 715 1529 794 μεγαλεῖα
1570 714 1888 794 διαπραττό-

231 830 425 884 μενος.
497 810 597 866 Καὶ
654 807 844 884 γέγονε
916 808 1015 883 μὲν
1084 806 1319 881 ἀληθῶς,
1367 807 1523 885 μυρία
1589 811 1684 861 τοῦ
1756 806 1888 860 Θεοῦ

230 904 428 955 τοῦτον
495 897 582 956 ἐπὶ
639 904 747 955 τῶν
805 895 975 975 ἔργων
1018 894 1350 968 δοξαζοντος.
1414 887 1576 970 Ἡμῖν
1634 892 1689 951 δὲ
1733 892 1887 971 ὀλίγα

234 988 329 1044 καὶ
374 984 441 1043 δι’
502 985 724 1065 ὁλίγωδ,
783 988 961 1053 ὁπόση
1017 983 1261 1060 δύναμις,
1318 988 1383 1041 ἔκ
1444 985 1644 1042 τούτωδ
1687 982 1887 1061 διηγη-

236 1077 415 1143 τέον.ν

326 1165 438 1243 ς’.
505 1167 673 1244 Ἀνήρ
732 1189 812 1231 τις
878 1165 1215 1246 Ἀντιοχεύς,
1270 1165 1333 1221 τὸ
1375 1163 1529 1242 γένος
1571 1163 1891 1242 περιφανὴς,

242 1260 341 1314 τὸν
388 1257 503 1333 βίον
532 1254 858 1336 πολυτελὴς,
893 1257 1034 1330 νόσῳ
1088 1256 1191 1311 τινὶ
1226 1253 1520 1331 περιαλγὴς
1552 1254 1614 1310 τὰ
1656 1255 1897 1331 ἡμικραο

242 1370 334 1403 νον
371 1346 635 1424 ἐγεγόνει.
674 1347 907 1412 Τοσούτη
938 1343 993 1401 δὲ
1024 1346 1060 1413 ἡ
1092 1351 1185 1401 τοῦ
1238 1346 1435 1408 πάθους
1468 1342 1618 1417 ἀκμὴ
1645 1344 1733 1399 καὶ
1762 1340 1900 1398 οὕτω

246 1439 529 1509 σύντονος,
565 1439 639 1501 ὡς
699 1437 792 1491 τὸν
850 1435 1122 1515 ὀφθαλμὸν
1195 1433 1455 1491 ἐκστάντα
1513 1433 1606 1500 τῆς
1647 1431 1794 1511 ἕδρας
1833 1437 1902 1507 τῇ

241 1536 339 1586 τοῦ
392 1528 562 1583 κακοῦ
616 1524 835 1599 δυνάμει
897 1531 1057 1581 πᾶσιν
1098 1526 1336 1602 ὁρᾶσθαι,
1400 1529 1623 1602 πρᾶγμα
1664 1520 1902 1601 δακρύων

246 1615 418 1680 ἀξιον.
467 1622 668 1672 Τοῦτον
724 1615 799 1677 εἷς
856 1614 952 1681 τὴν
997 1613 1168 1687 μονὴν
1211 1611 1562 1692 ἀφικόμενον,
1611 1610 1667 1666 ἐν
1718 1611 1755 1687 ᾖ
1810 1612 1903 1667 τὸν

248 1704 421 1782 μέγαν
480 1702 754 1760 διατελεῖν
812 1702 878 1771 ἧν
935 1700 1113 1760 πολλά
1167 1702 1267 1778 μὲν
1318 1700 1545 1773 δεῖσθαι,
1593 1700 1796 1767 πολλὰς
1849 1698 1901 1756 δὲ

1970 534 2069 598 hic
2123 531 2412 611 deinceps
2465 530 2721 591 futuram
2776 529 2906 609 ejus
2957 529 3132 591 vitam
3185 531 3610 611 conjiciebant,

1971 623 2126 705 quod
2185 620 2418 683 scilicet
2446 627 2608 682 esset
2640 619 2902 681 facturus
2951 638 3166 697 magna
3195 630 3252 681 et
3283 619 3615 683 admirabi-

1970 712 2070 775 lia.
2122 711 2196 774 Et
2226 710 2377 771 facta
2406 706 2648 790 quidem
2694 715 3077 771 suntrevera
3127 709 3613 785 innumerabilia,

1969 799 2095 863 Deo
2126 798 2503 878 glorificante
2531 816 2815 877 magnum
2857 796 3026 858 illum
3058 798 3120 858 in
3151 798 3460 879 operibus.
3491 798 3617 862 No-

1973 890 2067 951 bis
2116 896 2314 951 autem
2364 905 2550 970 pauca
2607 895 2667 951 et
2715 885 2923 969 paucis
2968 895 3109 949 sunt
3134 888 3467 953 narrranda
3514 909 3620 972 pro

1972 975 2223 1042 viribus.

2042 1155 2256 1220 VLVir
2277 1154 2521 1238 quidam
2539 1156 3242 1230 Antiochenus,illustris
3264 1164 3633 1238 genere,vita

1980 1246 2332 1326 splendidus
2364 1254 2422 1308 et
2447 1243 3044 1325 magniﬁcus,morbo
3070 1243 3328 1326 quodam
3350 1266 3629 1327 magnum

1983 1335 2281 1399 sentiebat
2326 1334 2597 1398 dolorem
2644 1342 2702 1397 in
2734 1336 2929 1398 media
2979 1344 3146 1416 parte
3177 1337 3387 1400 cranii.
3440 1338 3633 1402 Tanta

1984 1438 2181 1488 autem
2232 1433 2360 1487 erat
2387 1424 2474 1487 vis
2508 1424 2703 1487 morbi
2755 1433 2813 1489 et
2844 1424 2995 1487 adeo
3027 1424 3288 1501 intensa,
3322 1436 3388 1489 ut
3419 1431 3633 1492 oculus

1983 1517 2128 1577 sede
2152 1524 2663 1590 essetemotus,ut
2687 1516 2791 1597 qui
2820 1515 2874 1576 vi
2899 1514 3036 1577 mali
3073 1534 3192 1577 non
3226 1518 3519 1598 potuisset
3542 1537 3634 1582 re-

1984 1604 2221 1668 sistere:
2250 1613 2308 1666 et
2330 1604 2410 1666 ita
2439 1605 2743 1667 videretur
2773 1604 3053 1667 omnibus
3075 1625 3174 1667 res
3204 1608 3630 1688 lacrymabilis.

1984 1696 2040 1758 Is
2070 1714 2208 1757 cum
2243 1693 2500 1757 venisset
2528 1694 2600 1757 ad
2636 1695 3091 1770 monasterium,
3124 1697 3186 1757 in
3235 1716 3352 1778 quo
3382 1698 3639 1778 degebat

250 1796 387 1871 πρὸς
436 1792 584 1851 ἔλεον
640 1792 851 1872 ἀφιέναι
909 1792 1115 1872 φωνὰς,
1175 1792 1273 1860 τὴν
1314 1791 1593 1870 θεραπείαν
1649 1791 1901 1866 αἰτούμε-

2005 1803 2234 1865 nagnus
2264 1783 2552 1878 Joannes,
2580 1784 2831 1846 multum
2849 1784 3098 1878 quidem
3131 1786 3398 1878 rogabat:
3421 1790 3638 1852 multas

254 1901 367 1940 νον·
416 1885 508 1939 τὶν
540 1880 594 1938 δὲ
637 1883 726 1938 καὶ
774 1884 1120 1956 συμπαθῆσαι
1180 1881 1280 1957 μὲν
1312 1880 1450 1961 (πῶς
1508 1880 1609 1959 γὰρ
1641 1884 1701 1939 οῦ
1756 1903 1899 1937 παν-

2005 1883 2186 1937 iutem
2234 1873 2545 1938 emittebat
2575 1892 2749 1937 voces
2794 1874 2867 1937 ad
2902 1875 3256 1938 movendam
3289 1879 3636 1941 misericor-

256 1996 363 2031 των
402 1973 527 2029 ὄντα
584 1970 1089 2050 φιλανθρωπότατον
1124 1967 1174 2050 ς)
1232 1971 1499 2045 εἰρηκέναι
1560 1967 1616 2025 δὲ
1676 1972 1901 2048 μοχθη-

260 2064 364 2141 ρῶν
394 2060 562 2140 ἔργων
589 2061 735 2118 εἶναι
783 2070 948 2119 ταῦτα
978 2061 1066 2116 καὶ
1111 2065 1207 2126 τῆς
1239 2061 1313 2123 εἰς
1370 2066 1617 2137 Χριστιον
1651 2058 1901 2123 ἀπιστίας

256 2152 531 2232 ἒπίχειρα,
582 2152 643 2208 Εἰ
695 2150 780 2206 οὗν
838 2148 940 2226 ὅλῃ
1128 2153 1283 2228 ψυχῇ
1341 2150 1512 2222 τούτῳ
1568 2148 1900 2228 προσέλθοις,

260 2245 345 2298 καὶ
429 2247 535 2297 τῶν
620 2239 893 2318 προτέρων
977 2238 1358 2318 ἀποσχόμενος
1445 2236 1905 2317 ἐπιτηδευμάτων,

251 2331 480 2409 ἀγωγὴν
542 2328 799 2405 μετέλθῃς
857 2327 1018 2406 φίλην
1063 2331 1202 2401 οὗτῷ
1252 2330 1339 2383 καὶ
1381 2328 1727 2405 ἀρέσκουσαν,
1764 2325 1910 2386 οὐδὲν

251 2422 312 2476 τὸ
382 2419 593 2476 κωλῦον
666 2418 818 2474 ἔσται
880 2420 969 2474 καὶ
1026 2417 1123 2485 τὴν
1185 2423 1277 2473 τοῦ
1347 2415 1634 2481 λυποῦντος
1694 2416 1909 2491 ἕψεσθαι

251 2514 559 2587 θεραπείαν,
623 2515 725 2565 Τοῦ
785 2506 841 2563 δὲ
900 2510 998 2564 καὶ
1044 2507 1308 2564 πιστεύειν
1354 2509 1769 2585 ὁμολογοῦντος,
1817 2503 1908 2561 καί

262 2599 463 2671 ἀμείνω
522 2599 677 2668 θήσει
732 2602 824 2654 τὸν
874 2597 992 2673 βίον
1052 2596 1508 2674 ὃπισχνουμένου,
1544 2597 1672 2674 πρὸς
1719 2592 1773 2650 δὲ
1823 2596 1911 2650 καὶ

263 2690 356 2752 τὰς
418 2688 571 2766 ἁγίας
630 2688 833 2744 ὲκείνας
907 2686 1327 2766 καταφιλοῦντος
1398 2699 1620 2765 χεῖρας,
1688 2685 1775 2739 καὶ
1846 2686 1907 2740 τὸ

260 2777 497 2853 ἡμᾶτιον
544 2784 621 2849 τῷ
654 2776 904 2855 ἀλγοῦντι
935 2775 1086 2854 μέρει
1147 2774 1574 2854 προσάπτοντος,
1612 2778 1717 2853 οὐχ
1746 2776 1781 2842 ἡ
1811 2796 1906 2829 κε-

263 2866 408 2945 φαλὴ
467 2865 608 2942 μόνη
638 2873 738 2943 τῇς
798 2865 987 2932 ὄδύνης
1048 2864 1390 2938 ἀπήλλακτο,
1438 2862 1576 2919 ἀλλὰ
1629 2865 1777 2921 καὶὸ
1838 2868 1907 2940 τῇ

264 2958 353 3034 βίᾳ
410 2955 610 3022 ταύτης
669 2955 1001 3034 ἐκκρουσθεὶς
1060 2953 1357 3034 ὀφθαλμὸς,
1416 2953 1595 3033 ὥσπερ
1652 2954 1909 3030 πρότερον

257 3047 394 3104 κατὰ
450 3045 637 3125 χώραν
669 3044 758 3112 ἧν.
827 3045 1013 3121 Ἤρκει
1068 3051 1221 3101 τοῦτο
1280 3043 1499 3124 λεχθὲν,
1531 3045 1616 3099 καὶ
1666 3042 1763 3111 τῆς
1822 3045 1915 3099 τοῦ

1989 1964 2175 2041 diam,
2213 1974 2423 2046 petens
2474 1964 2877 2027 curationem.
2938 1963 2995 2026 Is
3042 1983 3182 2028 vero
3229 1965 3342 2030 fuit
3390 1969 3640 2047 quidem

1987 2054 2296 2117 misertus.
2333 2053 2557 2128 Quidni
2586 2061 2775 2137 enim,
2805 2074 2940 2118 cum
2974 2065 3131 2118 esset
3156 2057 3425 2120 omnium
3451 2059 3641 2121 homi-

1990 2162 2136 2205 num
2164 2144 2701 2208 clementissimus?
2731 2145 2890 2208 Dixit
2918 2154 3142 2219 autem,
3167 2147 3295 2209 haec
3328 2165 3461 2210 esse
3485 2167 3638 2230 prte-

1996 2234 2113 2295 mia
2132 2233 2559 2296 sceleratorum
2586 2235 2905 2315 factorum,
2932 2245 2991 2299 et
3018 2235 3080 2297 in
3113 2234 3413 2299 Christum
3436 2239 3641 2302 incre-

1994 2321 2279 2387 dulitatis.
2312 2322 2373 2385 Si
2405 2342 2569 2405 ergo,
2604 2324 2825 2400 aiebat,
2860 2331 2984 2389 toto
3033 2325 3233 2387 animo
3263 2326 3339 2389 ad
3372 2346 3508 2389 eum
3539 2346 3642 2391 ac-

1996 2419 2275 2489 cesseris,
2312 2421 2370 2475 et
2400 2412 2621 2476 deinde
2654 2413 2956 2495 prioribus
2986 2414 3216 2477 relictis
3247 2416 3484 2495 studiis,
3509 2418 3645 2481 vitai

1994 2503 2285 2565 rationem
2299 2522 2575 2581 agressus
2588 2504 2775 2567 fueris
2792 2505 2845 2565 ei
2863 2513 3089 2581 gratam
3113 2514 3170 2567 et
3188 2506 3645 2576 mundam.uihil

1995 2591 2111 2653 erit
2133 2592 2289 2673 quod
2325 2592 2667 2675 obstet,quo
2704 2590 2901 2655 minus
2926 2604 3209 2675 sequatur
3239 2595 3467 2658 curatio
3488 2598 3640 2678 ejus,

1996 2682 2157 2762 quod
2183 2691 2240 2745 te
2263 2681 2512 2745 cruciat.
2549 2683 2694 2747 Cum
2725 2686 2774 2744 is
2798 2691 2996 2745 autem
3021 2694 3081 2745 et
3110 2702 3175 2746 se
3199 2685 3487 2750 fateretur
3505 2706 3645 2750 cre-

1997 2770 2167 2845 dere,
2193 2779 2252 2834 et
2281 2771 2672 2853 polliceretur
2695 2772 2870 2834 vitam
2896 2781 3129 2836 mutare
3151 2773 3210 2835 in
3239 2774 3546 2857 melius,et
3565 2779 3643 2842 il-

1993 2860 2109 2922 lius
2153 2862 2494 2926 catissimas
2547 2881 2760 2925 manus
2808 2861 3280 2934 deoscularetur,
3318 2874 3377 2927 et
3417 2865 3649 2931 dolenti

1998 2950 2151 3030 parti
2176 2960 2399 3014 vestem
2425 2949 2925 3026 admoveret,uon
2949 2952 3141 3015 solum
3170 2954 3279 3017 fuit
3301 2965 3474 3035 caput
3496 2957 3650 3021 libe-

1996 3045 2192 3101 ratum
2218 3058 2251 3101 a
2272 3038 2506 3115 dolore,
2531 3039 2639 3103 sed
2664 3040 2838 3103 etiam
2866 3041 3097 3117 oculus,
3118 3043 3220 3123 qui
3243 3046 3294 3104 vi
3313 3044 3387 3105 ab
3410 3065 3480 3108 eo
3515 3046 3648 3110 fue-

260 3137 412 3212 ἁγίου
488 3137 721 3198 πίστεως
786 3132 1054 3209 σύμϐολον
1126 3132 1366 3211 γενέσθαι
1437 3132 1649 3211 σαφὲς,
1704 3132 1792 3189 καὶ
1849 3132 1915 3201 ἢν

2005 3135 2091 3190 rat
2122 3128 2607 3202 exturbatus,fuit
2632 3129 2763 3192 loco
2796 3130 2984 3210 priori
3005 3134 3500 3198 restitutus.Satis
3522 3146 3653 3200 erat

270 3227 419 3289 οὗτος
452 3224 701 3284 επλούτει
731 3225 876 3305 παρά
895 3223 987 3281 τοῦ
1018 3226 1173 3302 Θεοῦ,
1198 3226 1448 3303 γνωρίσαι
1479 3221 1677 3299 ῥοπήν,

352 3493 431 3557 Ζ’.
482 3483 538 3552 Ὀ
567 3492 620 3550 δὲ
665 3494 823 3572 λόγος
853 3494 942 3549 καὶ
978 3492 1153 3570 ἕτερον
1211 3488 1297 3547 ἐπὶ
1327 3492 1497 3565 τούτῳ
1526 3487 1753 3547 διελθεῖν
1787 3490 1913 3567 βού-

269 3576 443 3659 λεται,
505 3581 652 3640 οὐδὲν
699 3584 862 3651 ἧττον
924 3592 1016 3640 τοῦ
1078 3578 1434 3658 προλαϐόντος
1494 3581 1556 3636 τὸ
1626 3583 1926 3644 σιωπᾶσθαι

272 3677 351 3752 μὴ
409 3674 767 3753 ἀνεχόμενον,
831 3674 923 3749 Τὸ,
990 3672 1127 3726 κατὰ
1185 3672 1276 3726 τὸν
1351 3668 1653 3748 Ἀρχέλαον
1710 3667 1925 3731 παντως

270 3765 434 3845 φημὶ,
497 3764 587 3817 καὶ
657 3766 723 3830 ἧς
799 3761 991 3840 ἔτυχεν
1065 3758 1269 3820 ἐκεῖνος
1343 3757 1789 3836 θαυματουργίας·
1867 3756 1923 3821 ὃς

271 3852 610 3932 Ἀντιοχείας
667 3850 763 3927 μὲν
795 3852 977 3931 ἀρχων
1013 3848 1303 3928 ἐτύγχανεν
1348 3846 1444 3921 ὢν,
1489 3846 1582 3902 καί
1613 3847 1680 3902 τὰ
1736 3851 1923 3923 πρῶτα

274 3944 446 4025 φέρων
503 3945 601 4008 τῆς
635 3938 868 4005 πόλεως’
925 3939 988 3995 ’ἐκ
1042 3960 1188 4002 τινος
1248 3934 1303 3992 δὲ
1336 3935 1477 4010 αύτῷ
1527 3934 1927 4010 συμπτώματος

275 4023 579 4112 ἀπορρήτου
642 4029 811 4109 λέπρα
870 4036 947 4103 τῷ
991 4027 1231 4104 μετώπῳ
1286 4047 1368 4088 τις
1410 4023 1749 4094 ἐπανθήνασα
1794 4046 1931 4101 σφο-

279 4121 376 4197 δρα
435 4118 649 4192 ἒλύπει,
708 4116 777 4173 δι’
834 4118 1099 4197 αἰσχύνης
1156 4117 1217 4171 τὸ
1273 4115 1439 4177 πάθος
1497 4114 1788 4190 τιθέμενον,
1846 4116 1934 4170 καὶ

1234 4204 1258 4223 ν
1516 4202 1533 4217 ε
1592 4205 1605 4223 \
1722 4203 1737 4221 λ
1877 4204 1901 4223 Ῡ

284 4208 479 4290 σχεδὸν
543 4206 720 4265 ἅπασα
775 4207 1165 4287 ἐκτρεπόμενον
1226 4208 1375 4280 οψιν.
1437 4204 1616 4260 llo/lita
1678 4225 1775 4280 μεν
1846 4227 1933 4259 ουν

282 4302 476 4376 ἰατρῶν
533 4298 707 4378 τέχνῃ
765 4297 949 4374 βοηθῷ
1016 4294 1407 4377 χρησάμενος,
1465 4292 1611 4350 οὐδὲν
1684 4293 1934 4350 ἀπώνατο

286 4389 472 4463 πλέον,
532 4387 568 4456 ἢ
627 4394 705 4461 τῷ
761 4386 935 4467 λίχνῳ
1002 4386 1276 4456 παίζεσθαι
1333 4387 1440 4440 τῶν
1518 4381 1767 4459 ἐλπίδων,
1830 4380 1934 4447 ἕως

1937 3194 1978 3245 C
2004 3216 2311 3299 hoc,qu0d
2330 3194 2562 3281 dictum
2583 3227 2768 3295 est,ut
2796 3194 2959 3281 esset
2976 3222 3216 3300 signum

2005 3307 2224 3383 sancti,
2258 3317 2317 3371 et
2370 3317 2433 3370 ut
2480 3306 2852 3399 rsigniiicaret
2903 3328 3185 3399 magnum
3217 3315 3426 3393 gratiae
3473 3316 3654 3399 adju-

2002 3405 2297 3474 mentum,
2333 3398 2493 3478 quod
2526 3418 2559 3460 a
2588 3401 2712 3462 Deo
2744 3407 2870 3462 erat
2898 3398 3123 3463 etiatini
3154 3417 3531 3469 consecutus.

2083 3484 2361 3578 YiINult
2384 3496 2581 3550 autem
2606 3489 2797 3552 oratio
2818 3489 3073 3553 alterum
3097 3512 3332 3574 quoque
3366 3499 3653 3578 adjicere,

2012 3575 2410 3640 nihilominus
2442 3578 3014 3659 prmcedente,quod
3041 3599 3415 3663 nequaquam
3439 3575 3661 3666 patitur

2011 3666 2282 3757 maudari
2317 3667 2580 3729 silentio.
2611 3666 2962 3746 Cujusmodi
2996 3668 3157 3731 enim
3193 3671 3379 3734 fuerit
3408 3675 3659 3757 id,quod

2007 3756 2305 3817 Archelao
2345 3757 2654 3832 acciderit,
2691 3757 2855 3819 scitis
2902 3757 3130 3839 utique,
3167 3769 3224 3822 et
3262 3756 3564 3842 quodnam
3597 3766 3661 3827 in

2012 3863 2148 3905 eum
2192 3844 2411 3906 factum
2443 3844 2630 3909 fuerit
2684 3845 3033 3908 miraculum
3064 3868 3077 3908 :
3113 3848 3214 3928 qui
3245 3858 3374 3911 erat
3411 3852 3655 3932 quidem

2013 3952 2236 4016 praeses
2259 3935 2687 4010 Antiochiae,ct
2709 3934 3014 3998 obtinebat
3034 3942 3257 4017 primas
3275 3949 3471 4019 partes
3492 3943 3553 4003 in
3580 3944 3663 4004 ci-

2013 4024 2228 4088 vitate:
2265 4044 2483 4086 arcano
2510 4035 2707 4088 autem
2742 4044 2881 4088 casu
2915 4024 3083 4107 lepra
3106 4029 3400 4108 qumdam,
3435 4050 3570 4112 quae
3599 4033 3662 4095 in

2018 4116 2150 4195 ejus
2173 4114 2370 4176 fronte
2396 4115 2909 4190 efﬂoruerat,eum
2936 4134 3146 4196 magna
3166 4118 3462 4182 alliciebat
3484 4125 3667 4185 mole-

2018 4206 2153 4277 stia,
2188 4212 2252 4265 ut
2284 4223 2417 4286 quae
2450 4222 2588 4267 eum
2624 4205 2852 4286 pudore
2883 4205 3172 4282 afﬁceret,
3197 4216 3256 4271 et
3285 4208 3574 4287 efﬁceret,
3604 4222 3668 4275 ut

2020 4294 2287 4356 omnium
2324 4295 2533 4356 vitaret
2556 4296 2786 4357 oculos.
2831 4294 2976 4359 Cum
3007 4296 3207 4375 itaque
3240 4298 3490 4364 multum
3524 4321 3668 4365 usus

2020 4394 2179 4446 esset
2210 4383 2605 4461 medicina,nt
2631 4403 2765 4466 quae
2792 4393 2996 4466 posset
3024 4386 3076 4448 ei
3105 4406 3281 4466 opem
3307 4388 3489 4467 ferre,
3517 4392 3671 4455 nihil

290 4480 663 4560 ἧλέγχθησαν,
729 4476 865 4552 Ὀψὲ
896 4479 1022 4555 γοῦν
1066 4477 1153 4531 καὶ
1185 4473 1345 4550 μόλις
1385 4474 1475 4529 τὸν
1509 4472 1663 4551 ἅγιον
1707 4474 1779 4535 εἷς
1814 4479 1916 4530 νοῦτ

2005 4457 2178 4536 aliud
2206 4474 2433 4535 fructus
2465 4456 2537 4537 ei
2560 4493 2630 4537 ea
2648 4456 3089 4555 accepit,quam
3116 4456 3179 4537 u't
3200 4496 3308 4559 spe
3333 4456 3554 4543 blanda
3586 4483 3667 4546 il-

290 4557 641 4646 ἐαλλόμενος,
716 4567 804 4622 καὶ
877 4565 1177 4645 θερμοτέρῳ
1250 4564 1514 4639 πνεύματι
1590 4562 1722 4639 πρὸς
1780 4563 1916 4621 αὐτὸ·

2021 4563 2552 4645 luderetur,donec
2578 4564 2846 4627 constitit
2869 4582 2998 4626 eam
3034 4584 3169 4628 esse
3194 4557 3494 4635 fallacem.
3521 4572 3666 4635 Cum

286 4658 634 4736 ,ἀγικόμενος,
694 4653 870 4712 ποδῶν
940 4677 998 4711 τε
1053 4653 1256 4723 ἥπτετο
1313 4653 1418 4709 τῶν
1477 4652 1668 4729 ἁγίων,
1728 4653 1816 4708 καὶ
1877 4652 1939 4707 τὸ

294 4748 459 4812 πάθος
520 4743 741 4821 ἐδείκνυ,
776 4744 863 4801 καὶ
918 4744 1198 4819 θεραπείαν
1236 4744 1345 4817 ι’τοῦ
1401 4740 1694 4803 λυποῦντος
1752 4740 1941 4816 ᾐτεῖτο

294 4835 503 4895 λαϐεῖν·
539 4838 628 4892 τὸν
685 4833 741 4890 δὲ
768 4837 857 4891 καὶ
914 4833 1132 4902 ἐλεῆσαι
1183 4833 1285 4899 τὴν
1345 4832 1638 4911 συμφορὰν,
1675 4832 1763 4887 καὶ
1819 4843 1941 4894 ταῖς

292 4926 386 4984 τοῦ
436 4924 713 4993 δεηθέντος
746 4924 1147 5002 ἐπικαμφθῆναι
1198 4933 1432 5001 φωναῖς.
1466 4921 1605 4977 Εἶτα
1650 4918 1943 4998 ὁμολογίαν

295 5016 452 5074 αὐτόν
508 5017 806 5081 ἀπαιτῆσαι
870 5014 1116 5091 πονηρῶν
1178 5012 1249 5076 εἷς
1308 5012 1369 5065 τὸ
1413 5008 1537 5076 ἑξῆς
1593 5008 1759 5089 ἔργων
1800 5010 1944 5067 ἀπο-

291 5109 524 5183 τροπῆς,
588 5105 675 5183 καῖ
742 5101 835 5169 τῆς
878 5108 985 5158 τῶν
1056 5100 1561 5178 προημαρτημένων
1615 5098 1758 5173 αὐτῷ
1815 5097 1952 5176 διορ-

291 5182 533 5259 θώσεως.
600 5182 693 5255 Ὠς
738 5191 791 5247 δὲ
843 5190 1049 5253 ἐκεῖνος
1107 5190 1283 5250 πάντα
1337 5201 1518 5243 ποιεῖν
1557 5185 1949 5268 ἐπηγγέλλετο,

294 5291 381 5341 καὶ
434 5286 533 5352 τὴν
587 5280 869 5361 θεραπείαν
940 5277 1209 5356 ἐπιμελῶς
1281 5276 1697 5357 ἀντέπραττετο,
1760 5276 1949 5335 λαϐεῖν

298 5376 456 5431 αὐτὸν
503 5371 842 5453 παραχρῆμα
874 5369 1100 5444 κελεύει,
1134 5370 1221 5425 καὶ
1262 5366 1352 5423 ἔπ’
1414 5367 1633 5440 ὀνόματι
1664 5373 1756 5423 τοῦ
1815 5374 1949 5443 Χρι-

298 5471 427 5521 στοῦ
469 5462 656 5521 λοῦσαι
714 5466 792 5534 τῷ
847 5458 1019 5534 ὕδατι,
1083 5459 1171 5539 ἀφ’
1219 5460 1379 5533 οὗπερ
1424 5456 1539 5520 ἔθος
1603 5457 1769 5511 πίνειν
1826 5457 1949 5519 τοὺς

301 5548 576 5633 ἀδελφούς.
642 5551 841 5610 Τούτου
898 5548 952 5605 δὲ
1009 5549 1320 5628 γενομένου,
1354 5546 1606 5624 κάθαρσις
1652 5544 1795 5619 αύτῷ
1853 5545 1950 5614 τῆς

551 5687 811 5752 Pauor.
861 5687 977 5755 Gn.
1023 5687 1209 5753 CXIV

2022 4661 2218 4714 autem
2240 4661 2480 4714 sanctus
2502 4653 2594 4714 vix
2622 4653 2861 4716 tandem
2890 4655 2942 4716 ei
2962 4655 3220 4718 venisset
3238 4656 3301 4719 in
3326 4670 3674 4732 mentem.et

2023 4743 2096 4803 ad
2123 4760 2256 4803 eum
2285 4740 2544 4805 venisset
2566 4743 2911 4806 ferventiori
2943 4744 3179 4825 spiritu,
3213 4748 3405 4828 tetigit
3434 4764 3673 4816 sanctos

2026 4831 2161 4892 illos
2188 4831 2463 4911 pedes,et
2489 4831 2764 4894 morbum
2799 4834 3083 4908 ostendit,
3110 4845 3167 4898 et
3189 4839 3360 4918 petiit
3384 4849 3445 4903 ut
3465 4862 3676 4906 conse-

2028 4928 2316 5003 queretur
2338 4920 2707 4984 curationem
2734 4924 2889 5002 ejus,
2911 4923 3071 5004 quod
3104 4924 3270 4989 illum
3307 4930 3463 4992 male
3485 4932 3674 4996 habe-

2029 5011 2149 5073 bat.
2187 5008 2244 5072 Is
2278 5019 2473 5099 autem
2502 5020 2559 5073 et
2584 5012 2863 5074 misertus
2893 5014 3267 5093 calamitatis,
3294 5026 3356 5078 ut
3385 5020 3487 5099 qui
3519 5030 3679 5084 esset

2031 5098 2564 5174 clementissimus,
2601 5110 2661 5163 et
2690 5101 2878 5163 ﬂexus
2919 5100 3028 5164 fuit
3059 5107 3359 5184 precantis
3405 5098 3672 5173 vocibus.

2031 5189 2268 5252 Deinde
2300 5208 2433 5251 cum
2480 5209 2550 5251 eo
2596 5199 2803 5270 pactus
2847 5201 2957 5268 est,
2994 5200 3110 5254 uta
3141 5194 3312 5256 malis
3345 5197 3682 5263 declinaret

2036 5280 2322 5362 operibus
2347 5281 2424 5370 de
2447 5291 2907 5362 castero.petens
2930 5282 3199 5357 etiam,ut
3216 5285 3421 5366 priora
3437 5303 3681 5370 peccata

2034 5368 2560 5459 corrigeret.Qu0d
2589 5370 2834 5452 quidem
2862 5390 2994 5433 cum
3020 5383 3177 5436 esset
3199 5368 3681 5459 pollicitus,prte-

2034 5457 2164 5522 buit
2189 5458 2243 5521 ei
2264 5460 2877 5523 curationem:dicens
2895 5461 2950 5522 in
2981 5463 3223 5527 nomine
3236 5466 3453 5530 Christi
3477 5457 3603 5531 lava
3622 5480 3682 5536 te

2037 5567 2209 5630 aqua,
2241 5547 2341 5610 ubi
2367 5549 2578 5612 fratres
2612 5549 2809 5611 solent
2840 5549 3070 5614 bibere.
3106 5551 3276 5626 Quod
3298 5575 3433 5620 cum
3457 5559 3680 5625 factum

3283 5687 3358 5755 34
