4098 6202
307 289 459 365 1069

1346 296 1534 365 VITA
1578 301 1639 364 S.
1693 291 2018 365 JOANNIS
2060 291 2620 364 CHRYSOSTOMI.

3518 303 3539 365 1
3553 294 3674 368 070

299 439 545 502 συνόντος
583 439 714 516 πρὸς
760 439 860 504 τὴν
902 438 1056 513 ἁγίαν
1088 436 1285 503 ταύτην
1343 437 1512 511 μονὴν
1567 437 1805 517 φέρεται,
1847 437 1931 492 καὶ

342 532 363 536 _
490 525 507 536 ι
539 533 559 536 ,.
878 527 887 536 ι
1140 517 1152 536 ε
1175 535 1181 536 ,
1249 525 1288 536 ιιι
1437 527 1446 536 ο
1558 529 1569 536 ι
1683 529 1693 536 ι
1803 527 1826 536 ι.

2019 435 2131 498 hoc
2154 444 2426 499 sanctum
2463 435 2920 514 monasterium,
2945 443 3006 498 et
3050 437 3359 517 projicitur
3389 438 3448 500 in
3479 441 3665 504 vesti—

296 532 372 598 τῷ
417 525 626 583 πυλῶνι
689 527 1100 606 προσπίπτεται.
1140 525 1197 583 Ὀ
1243 525 1314 600 δὲ,
1356 527 1450 583 καί
1485 529 1612 603 πρὸς
1648 529 1739 582 τὸν
1790 527 1943 604 ἅγιον

296 615 568 694 εἰσελθὼν,
632 617 722 672 καὶ
779 616 876 683 τὴν
936 615 1108 672 αἰτίαν
1164 616 1345 672 εἰπὼν·
1386 615 1482 684 τῆς
1555 615 1806 695 ἀφίξεως,
1881 617 1942 670 τὸ

294 707 438 771 παρά
471 707 533 762 τὸ
563 704 680 762 δέον
725 705 938 784 πράξειν
972 703 1312 784 ἐπιτιμᾶται,
1347 705 1440 761 καί
1487 706 1585 772 τὴν
1619 711 1709 761 τοῦ
1760 704 1939 760 συνοί-

294 816 480 860 σοντος
511 795 751 873 ἄγνοιαν.
789 795 849 852 Τί
881 795 1002 873 γὰρ,
1062 796 1216 874 φησὶ,
1277 797 1369 850 τὸν
1422 795 1731 872 θεραπεύειν
1774 803 1939 852 ταῦτα

295 884 585 960 δυνάμενον
668 884 972 963 παρελθὼν,
1049 887 1370 960 ὁμοιοπαθεϊ
1453 887 1753 960 προσῆλθες
1838 884 1938 938 ἀν-

294 973 513 1048 θρώπῳ,
565 975 632 1030 τὰ
689 973 818 1052 ὑπὲρ
883 976 979 1041 τὴν
1036 973 1256 1046 δύναμιν
1289 973 1554 1051 ἀπαιτῶν,
1608 971 1748 1040 πλὴν
1801 970 1940 1028 ἀλλά

296 1069 364 1136 τῇ
424 1064 635 1140 γυναικὶ
677 1063 830 1129 λέξον
865 1083 879 1098 ·
933 1066 1006 1128 ὡς
1040 1065 1084 1119 εἰ
1126 1064 1188 1119 τὸ
1218 1063 1451 1140 σκληρὸν
1476 1072 1630 1121 τοῦτο
1672 1063 1760 1118 καὶ
1790 1061 1938 1118 ἀπα-

297 1152 618 1232 ραχώρητον
671 1155 764 1210 τοῦ
824 1155 1023 1230 τρόπου
1077 1151 1412 1226 διωσαμένη,
1472 1153 1687 1228 μετρίαν
1746 1151 1938 1217 ἑαυτὴν

296 1244 383 1298 καὶ
455 1241 824 1322 φιλάνθρωπον
897 1255 1021 1306 ταῖς
1108 1242 1448 1318 θεραπαίναις
1506 1243 1793 1320 παράσχῃ,
1849 1240 1937 1296 καὶ

297 1344 461 1412 χεῖρα
515 1335 613 1406 μὲν
671 1332 926 1388 πλουσίαν
969 1331 1204 1407 διανοίξῃ
1248 1345 1367 1395 τοῖς
1421 1331 1638 1402 πένησι,
1703 1351 1936 1408 προσευ-

296 1424 414 1499 χῶν
457 1419 510 1476 δὲ
543 1423 832 1496 μνησθείη,
865 1423 954 1478 καὶ
1005 1421 1312 1498 ἐγκρατείας
1366 1421 1799 1495 ἀντιποιήσαιτο,
1832 1441 1935 1474 τα-

295 1525 429 1590 χεῖα
487 1514 575 1567 καὶ
624 1513 659 1579 ἡ
721 1519 814 1568 τοῦ
869 1513 1117 1586 σώματος
1177 1512 1428 1589 θεραπεία
1490 1513 1624 1587 μετὰ
1675 1510 1776 1575 τὴν
1835 1509 1932 1576 τῆς

295 1606 481 1681 ψυχῆς
516 1600 728 1676 ἕψεται.
766 1602 1027 1659 Μανθάνει
1058 1609 1224 1659 ταῦτα
1268 1604 1328 1658 τὸ
1370 1602 1612 1680 γύναιον,
1645 1602 1734 1658 καὶ
1766 1597 1932 1674 μηδὲν

293 1689 476 1755 ἀτελὲς
523 1690 740 1770 ἀφεῖναι
808 1697 916 1748 τῶν
989 1690 1421 1768 ἐπιτεταγμένων
1478 1689 1662 1756 δηλοῖ.
1725 1690 1820 1751 Ὦς
1877 1685 1932 1742 δὲ

292 1780 434 1856 παρά
491 1787 584 1836 τοῦ
649 1781 834 1858 ἀνδρὸς
895 1779 1090 1848 ἤκουσε
1147 1783 1243 1848 τὴν
1314 1779 1634 1857 ἐπαγγελίαν
1698 1777 1928 1850 ἐκεῖνος,

294 1866 511 1948 Ἄπιτε,
544 1872 697 1949 φησὶ,
744 1871 881 1944 μετὰ
927 1872 1142 1948 εἰρήνης
1179 1886 1191 1900 ⁸
1239 1871 1617 1946 τεθεράπευται
1671 1869 1771 1944 γὰρ
1826 1865 1929 1933 ἤδη

293 1959 435 2036 τιαρά
489 1960 716 2038 Χριστοῦ
775 1984 860 2017 σοι
904 1964 965 2017 τὸ
1023 1962 1264 2038 γύναιον.
1332 1970 1493 2018 Τουτο
1537 1960 1690 2019 αὐτὸς
1755 1954 1928 2012 ἀπελ-

290 2049 418 2119 θὼν,
481 2051 573 2105 καί
636 2050 722 2107 ἐπὶ
783 2056 892 2107 τῶν
951 2050 1120 2128 ἔργων
1178 2051 1344 2114 οὕτως
1417 2047 1560 2120 ἰδὼν,
1622 2048 1768 2109 εὒθὺς
1817 2045 1930 2121 ἅμα

293 2143 509 2215 γτναικ“ι
566 2140 665 2207 τὴν
725 2141 822 2214 μὲν
907 2140 1151 2219 γλῶτταν
1211 2143 1342 2218 πρὸς
1430 2139 1772 2217 εὐχαριστίαν
1837 2141 1930 2192 τοῦ

294 2227 593 2301 κτίσαντος,
649 2231 770 2294 τοὺς
819 2228 873 2286 δὲ
932 2229 1096 2293 πόδας
1147 2231 1279 2308 πρὸς
1341 2230 1554 2304 πορείαν
1603 2228 1788 2290 ἐκίνει,
1833 2224 1932 2282 ’Ἑν

297 2314 373 2372 ἔτι
432 2331 545 2383 τοῖς
604 2319 907 2396 εἰρημένοις
971 2321 1238 2400 προσθεὶς,
1289 2325 1396 2375 τῶν
1427 2318 1624 2396 ἐτέρων
1657 2316 1816 2374 πάλιν
1877 2314 1933 2370 έν

297 2403 408 2480 ἰδίῳ
437 2415 604 2485 καιρῷ
637 2411 1013 2485 μνησθήσομαι
1026 2458 1040 2471 ,

376 2495 445 2556 ι’.
494 2497 642 2553 Λέων
698 2499 906 2574 μεγέθει
950 2498 1227 2576 μέγιστος,
1273 2499 1361 2555 καὶ
1404 2500 1499 2566 τὴν
1561 2497 1732 2564 ἀλκὴν
1795 2494 1928 2553 ἀνυ-

299 2585 581 2666 πόστατος,
666 2585 1032 2665 φοϐερώτατός
1093 2610 1153 2644 τε
1212 2589 1441 2666 ὀφθηναι
1513 2589 1603 2644 καὶ
1655 2587 1928 2644 ὲπιθέσθαί

290 2672 614 2752 δεινότατος,
675 2677 794 2734 κατ’
854 2677 1032 2736 ἐκεῖνο
1089 2685 1276 2755 καιροῦ
1347 2691 1464 2744 τοῖς
1536 2691 1656 2755 περὶ
1717 2675 1926 2733 Ἀντιό-

291 2786 449 2843 χειαν
507 2766 750 2842 ἐκώμαζε
820 2767 1034 2832 τόποις,
1093 2771 1259 2832 Οὗτος
1303 2780 1570 2845 γεωργοῖς
1615 2768 1713 2842 μὲν
1751 2787 1924 2833 πονη-

291 2857 382 2931 ρὸς
408 2857 622 2933 γείτων,
657 2854 858 2921 όδίταις
888 2856 942 2914 δὲ
973 2856 1219 2937 χαλεπὸν
1277 2858 1448 2930 θέαμα
1497 2858 1585 2914 καὶ
1616 2857 1928 2930 συνάντημα

288 2945 381 3009 ἦν.
436 2947 534 3003 Καὶ
576 2946 675 3024 γὰρ
712 2946 899 3025 ἀθρόον
962 2949 1168 3008 τούτοις
1220 2946 1586 3022 ἐπιτιθέμενος
1647 2944 1928 3008 πλείστους

291 3055 347 3088 τε
402 3035 587 3113 ἀνῄρει
648 3037 735 3092 καὶ
793 3037 1112 3116 παρέπεμπε
1170 3045 1238 3114 τῇ
1302 3040 1513 3117 γαστρί,
1592 3038 1690 3095 Καὶ
1745 3034 1810 3103 ἧν
1869 3038 1930 3093 τὸ

292 3129 513 3220 πρᾶγμα
566 3122 790 3220 φοβερὸν
874 3129 962 3220 καὶ
1039 3126 1353 3206 ἀμήχανον,
1431 3127 1527 3184 Καί
1564 3147 1713 3220 ,ποτε
1797 3127 1987 3220 πρὸςο

295 3214 450 3270 αὐτὸν
535 3214 712 3282 πολλὴ
795 3215 890 3272 καὶ
977 3216 1292 3290 ἀκμάζουσα
1346 3218 1452 3272 τῶν
1523 3214 1926 3296 πλησιοχώρων

293 3303 747 3381 ἐπιστρατεύσασα
817 3309 939 3384 χεὶρ
992 3307 1080 3362 επὶ
1135 3312 1287 3378 κακῷ
1358 3311 1434 3379 τῷ
1501 3303 1614 3377 ἰδίῳ
1670 3303 1810 3383 ἔγνω
1867 3307 1929 3362 τὸ

294 3393 569 3469 τολμηρὸν
649 3393 975 3460 ἐπιδείξασα,
1041 3396 1144 3452 Καί
1204 3397 1304 3474 γὰρ
1389 3393 1636 3475 ἐξαίφνης
1716 3395 1930 3452 πάντων

294 3481 672 3564 καταδραμὼν,
707 3486 795 3550 οὒς
829 3485 926 3560 μὲν
955 3487 1044 3542 καὶ
1087 3486 1236 3560 μόνῳ
1289 3491 1365 3560 τῷ
1414 3485 1726 3563 βρυχήματι
1761 3504 1930 3541 κατα-

294 3572 472 3636 σέίσας
531 3571 761 3652 φυγάδας
822 3572 1036 3652 ἔδειξεν,
1071 3576 1160 3640 οὓς
1218 3574 1272 3630 δὲ
1330 3576 1420 3631 καὶ
1477 3571 1800 3651 διαλαιρύξας
1853 3577 1932 3647 τῷ

293 3662 520 3737 στόματι
579 3661 797 3720 δεῖπνον
851 3663 1016 3736 ἔθετο,
1092 3665 1239 3728 τινας
1313 3662 1366 3719 δὲ
1426 3665 1514 3720 καὶ
1571 3660 1930 3740 διασπαράξας

292 3766 412 3815 τοῖς
469 3752 638 3818 δ’νυξιν
697 3754 956 3816 ἐλεεινοὺς
1005 3755 1312 3831 εἰργάσατο.
1352 3755 1448 3812 Καὶ
1479 3755 1528 3809 τί
1557 3755 1657 3831 γᾶρ
1691 3751 1846 3825 ἄλλο,
1893 3753 1929 3821 ἣ

288 3840 505 3906 λέοντος
564 3846 933 3920 τραυματίας;
990 3846 1225 3900 ἒντεῦθεν
1262 3844 1310 3899 τί
1357 3840 1658 3899 συνέϐαινεν
1698 3861 1714 3918 ;
1774 3842 1927 3921 ἀφίε-

290 3934 410 3986 σθαι
443 3931 541 4007 μὲν
570 3933 664 3996 τὰς
714 3932 934 4009 ἀροῦρας
993 3933 1094 3988 ὑπὸ
1152 3931 1260 3988 τῶν
1303 3935 1556 4010 γεωργῶν
1586 3930 1929 4002 ἀνεπιμελή-

288 4041 437 4094 τους,
472 4020 819 4099 ἐκτρέπεσθαι
867 4020 921 4077 δὲ
970 4023 1090 4086 to);
1151 4020 1556 4099 ὁδοιποροῦντας
1601 4023 1674 4076 εἰς
1732 4021 1928 4082 τόπους

289 4107 517 4174 ἀϐάτους
569 4109 654 4167 διὰ
710 4112 771 4167 τὸ
828 4117 918 4167 τοῦ
959 4113 1120 4189 θηρὸς
1178 4109 1564 4168 ἀνυπόστατόν.
1607 4100 1700 4174 Ὠς
1749 4109 1803 4165 δὲ
1853 4114 1927 4175 εἰς

291 4199 527 4278 ἔσχατον
577 4199 799 4279 ἀπορίας
859 4200 1127 4274 ἐλθόντες,
1161 4199 1317 4275 μόλις
1363 4201 1494 4257 ποτὲ
1553 4201 1642 4257 τὸν
1676 4207 1768 4256 τοῦ
1800 4202 1929 4256 Θεοῦ

294 4288 568 4367 ἄνθρωπον
625 4293 698 4352 εἰς
761 4296 877 4347 νοῦν
935 4288 1147 4363 ἔλαϐον,
1210 4289 1563 4365 παμπληθεῖς
1606 4291 1740 4366 πρὸς
1772 4292 1929 4347 αὐτὸν

294 4379 632 4460 ἀφικόμενοι,
692 4380 758 4436 τά
806 4400 864 4435 τε
897 4381 1036 4438 κακὰ
1068 4380 1130 4435 τὰ
1160 4378 1220 4435 ἐκ
1249 4385 1342 4436 τοῦ
1372 4377 1587 4443 λέοντος
1619 4377 1925 4456 διηγοῦντο,

293 4469 382 4524 καὶ
411 4467 538 4547 παρ’
592 4469 752 4526 αὐτοῦ
809 4468 958 4526 λύσιν
1015 4469 1240 4544 ᾐτοῦντο
1297 4468 1390 4536 τῆς
1428 4475 1720 4548 συμφορᾶς.
1757 4468 1816 4528 Ὀ
1873 4469 1927 4526 δέ

292 4559 552 4634 πρότερον
634 4559 709 4623 εἰς
794 4557 1162 4636 ὀλιγοπιστίαν
1243 4560 1432 4622 αὐτοὺς
1487 4557 1769 4638 ὀνειδίσας,
1843 4563 1930 4617 καὶ

291 4645 388 4703 τοῦ
442 4645 666 4727 ἄμαχαν
725 4650 910 4712 αὐτοῖς
955 4649 1179 4729 ὀφθῆναι
1236 4652 1328 4707 τον
1383 4652 1542 4728 θῆρα,
1603 4646 1929 4706 δεσποτικὼν

294 4734 526 4793 ἐντολῶν
587 4736 870 4816 ὀλιγωρίαν
931 4738 1332 4815 αἰτιασάμενος,
1401 4740 1558 4814 ὑμεῖς
1611 4739 1732 4815 μὲν,
1800 4737 1924 4817 ἔφη,

293 4830 492 4890 πάντες
537 4827 671 4902 ὁμοῦ
715 4826 817 4904 Γίσ.
858 4825 1028 4885 λείπει
1085 4828 1158 4906 ἐν]
1189 4831 1266 4902 τῷ
1308 4835 1417 4902 ναῷ
1449 4827 1785 4891 συνελθόντες
1818 4827 1926 4894 ἐξι-

289 4915 508 4973 λιεοῦσθε
565 4918 626 4973 τὸ
698 4923 845 4975 θεῖον
880 4934 894 4948 ⁸
956 4925 1142 4974 τοῦτον
1197 4916 1277 4996 δὲ,
1329 4916 1488 4996 ὅνπερ
1554 4918 1684 4991 ὑμῖν
1743 4917 1929 4993 δίδωμι

291 5005 544 5086 (σταυρὸς
601 5005 657 5062 δὲ
713 5009 776 5064 τὸ
833 5005 1106 5078 διδόμενον
1159 5006 1250 5086 ἦν)
1306 5005 1392 5062 ἐπὶ
1424 5006 1518 5069 τὰς
1563 5008 1658 5063 τοῦ
1714 5007 1928 5072 Λέοντος

282 5097 520 5166 στήσατε
573 5094 833 5163 διεξόδους
866 5116 882 5132 ⁸
942 5098 1029 5153 καὶ
1078 5093 1240 5175 φόϐος
1278 5095 1374 5171 μὲν
1419 5101 1522 5157 πᾶς
1554 5095 1800 5176 ἀπέστω,
1833 5119 1928 5154 τε-

283 5185 402 5243 λεία
461 5184 517 5243 δὲ
560 5187 738 5252 πίστις
783 5186 945 5266 ἔστω,
1004 5188 1093 5245 καὶ
1123 5185 1339 5265 ταχέως
1369 5187 1532 5260 ἰ’μῐν
1563 5185 1830 5264 γνώριμος
1893 5189 1928 5254 ἡ

285 5282 379 5332 τοῦ
436 5274 570 5350 ἰμοῦ
647 5283 876 5355 Χριστοῦ
951 5275 1172 5351 δύναμις
1234 5274 1406 5336 ἔσται,
1483 5283 1676 5333 Τοῦτον
1733 5273 1932 5332 ἐκεῖνοι

286 5366 378 5421 τὸν
436 5366 660 5444 σταυρὸν
715 5363 995 5438 λαϐόντες,
1041 5367 1129 5423 καὶ
1187 5366 1252 5422 τὰ
1307 5363 1698 5442 ἐπιτεταγμένα
1760 5365 1929 5433 ποιή-

292 5473 505 5532 σαντες,
536 5455 610 5518 ὣς
663 5455 764 5520 τὴν
823 5455 1082 5512 ἐπιοῦσαν
1112 5457 1230 5511 εκεῖ
1268 5453 1554 5532 γεγόνασιν
1590 5451 1657 5532 (ὧ
1692 5454 1934 5508 Δέσποτα

289 5541 389 5602 καί
437 5541 534 5598 Θεὶ
589 5543 828 5618 πάιτων,
884 5545 970 5601 καὶ
1020 5541 1330 5623 παραδόξων
1381 5543 1552 5623 ἔργων
1583 5542 1934 5609 ἀκατάληπτε

292 5630 550 5712 ποιητὰ),
612 5633 796 5711 νεκρὸν
849 5633 1011 5713 ὁρῶσι
1069 5634 1166 5702 τὴν
1223 5635 1360 5713 θῆρα
1416 5635 1549 5715 πρὸς
1599 5631 1734 5708 αὐτῇ
1783 5631 1933 5711 βάσει

2028 524 2307 589 buloJlle
2340 533 2538 590 autem
2573 526 2647 587 ad
2673 535 2950 588 sanctum
2983 528 3462 605 ingressus,cum
3490 530 3667 594 dixis-

2026 624 2117 675 set
2136 632 2372 676 causam
2397 615 2756 689 adventus,a
2780 622 2987 678 sancto
3008 617 3666 700 reprehenditur,quod

2025 721 2143 764 non
2167 704 2378 766 fecerit
2402 715 2465 766 ut
2489 714 2618 768 erat
2638 713 3206 782 consentaneum,et
3226 705 3386 786 quod
3417 707 3661 784 ignora-

2021 800 2114 852 ret
2165 791 2246 864 id,
2285 792 2443 874 quod
2495 800 2621 855 erat
2643 792 2762 854 sibi
2803 792 3066 854 futurum
3106 791 3513 856 conducibile.
3549 793 3666 858 Cur

2024 883 2209 954 enim,
2237 881 2456 962 inquit,
2483 900 2555 944 eo
2582 881 2910 963 praeterito,
2937 881 3036 963 qui
3060 881 3185 944 haec
3209 891 3409 962 potest
3431 903 3660 962 curare,

2022 970 2420 1034 accessistiad
2441 971 2765 1052 virum,qui
2789 979 2882 1034 est
2904 969 3201 1033 obnoxius
3230 971 3445 1036 iisdem
3477 975 3664 1038 affec-

2022 1059 2395 1134 tionibus,ab
2419 1078 2490 1122 eo
2511 1060 2820 1140 postulans
2844 1079 3078 1141 ea,quae
3099 1060 3300 1124 facere
3332 1082 3451 1126 non
3482 1073 3571 1126 est
3600 1063 3665 1125 in

2022 1150 2154 1229 ejus
2173 1148 2498 1230 potestate?
2511 1147 2630 1214 Sed
2654 1158 2853 1212 tamen
2873 1151 3000 1214 haec
3023 1152 3119 1214 dic
3141 1151 3332 1214 uxori:
3353 1151 3412 1216 Si
3435 1155 3663 1234 asperis

2020 1247 2080 1300 et
2103 1238 2517 1318 pervicacibus
2539 1239 2634 1302 bis
2655 1239 2929 1302 moribus
2947 1240 3180 1320 ejectis,
3209 1251 3266 1303 te
3291 1241 3656 1307 moderatam

2019 1337 2078 1390 et
2100 1327 2422 1409 benignam
2447 1329 2683 1392 ancillis
2703 1328 3059 1409 praebueris:
3077 1339 3137 1393 et
3152 1348 3401 1410 manum
3416 1332 3658 1413 quidem

2019 1417 2244 1498 largam
2269 1429 2326 1481 et
2356 1420 2603 1482 divitem
2631 1419 2994 1501 pauperibus
3013 1421 3656 1501 aperueris,precatio-

2018 1525 2275 1587 nemque
2307 1518 2368 1570 et
2389 1509 2824 1570 continentiam
2851 1509 3146 1571 oblivioni
3182 1529 3300 1572 non
3327 1511 3653 1592 mandaris,

2017 1595 2232 1658 animas
2273 1596 2644 1659 curationem
2687 1599 2802 1660 cito
2846 1610 3250 1677 consequetur
3270 1603 3496 1666 curatio
3521 1622 3660 1666 cor-

2019 1685 2209 1764 poris.
2242 1686 2480 1767 Accipit
2529 1688 2655 1750 bazc
2707 1688 2945 1764 mulier,
2981 1697 3041 1750 et
3082 1689 3385 1768 signiﬁcat
3412 1711 3477 1754 se
3507 1693 3658 1756 nihil

1958 1816 1992 1863 Β
2016 1776 2376 1838 omissuram
2403 1796 2781 1858 eorum,qua1.
2794 1777 3414 1860 jusserat.Postquam
3438 1783 3665 1847 audivit

2014 1865 2116 1927 ille
2137 1884 2172 1929 a
2193 1867 2407 1929 marito
2431 1869 2632 1930 uxoris
2656 1867 3123 1948 promissionem
3160 1887 3173 1931 :
3206 1867 3408 1944 Abite,
3440 1873 3658 1954 inquit,

2008 1954 2130 2036 jam
2153 1956 2312 2018 enim
2333 1966 2538 2020 curata
2561 1956 2672 2019 fuit
2693 1976 2726 2019 a
2744 1956 2981 2020 Christo
3035 1975 3189 2020 uxor
3212 1967 3332 2023 tua.
3367 1958 3494 2023 Hoc
3525 1981 3660 2025 cum

2014 2044 2146 2126 ipse
2167 2045 2402 2120 abiens,
2435 2065 2650 2109 revera
2672 2047 2758 2108 ita
2802 2065 2939 2109 esse
2985 2047 3257 2124 vidisset,
3288 2049 3485 2113 statim
3521 2071 3656 2115 cum

2014 2153 2201 2198 uxore
2233 2135 2494 2214 linguam
2529 2135 2770 2217 quidem
2797 2136 2978 2198 movit
3007 2136 3082 2198 ad
3113 2137 3435 2217 gratiarum
3466 2144 3654 2206 actio-

2019 2225 2597 2305 nem,pedesautem
2617 2226 2689 2288 ad
2723 2225 3018 2289 iter.Cum
3045 2245 3225 2289 unum
3247 2226 3484 2310 iis,qu:e
3500 2230 3660 2294 dicta

2015 2325 2179 2389 sunt,
2213 2315 2516 2395 adjecero,
2564 2318 2822 2378 aliorum
2853 2333 3064 2378 rursus
3108 2334 3217 2378 suo
3262 2323 3534 2399 tempore
3565 2320 3656 2382 fa-

2015 2405 2166 2467 ciam
2201 2405 2592 2468 mentionem.

2095 2493 2294 2557 X.Leo
2316 2493 2732 2574 magnitudine
2757 2495 3137 2568 maximus,et
3154 2496 3325 2577 cujus
3343 2495 3500 2557 vires
3521 2510 3652 2556 sus-

2015 2584 2195 2646 tineri
2222 2603 2342 2646 non
2371 2594 2737 2666 peierant,et
2755 2585 3000 2666 quierat
3024 2585 3154 2649 visu
3179 2585 3436 2646 maxime
3469 2581 3652 2645 terri-

2013 2673 2174 2750 bilis,
2211 2683 2269 2736 et
2319 2677 2392 2736 ad
2425 2674 2830 2737 invadendum
2863 2673 3220 2748 acerrimus,
3254 2674 3355 2736 illo
3383 2682 3656 2752 tempore

2011 2763 2364 2826 versabatur
2395 2765 2456 2826 in
2487 2765 2658 2834 locis.
2687 2783 2822 2846 quae
2845 2773 2983 2828 sunt
3013 2764 3174 2827 circa
3201 2761 3651 2829 Alexandriam.

2013 2855 2069 2916 ls
2101 2867 2233 2915 erat
2262 2854 2540 2933 agricolis
2563 2855 2807 2937 quidem
2835 2854 3029 2917 malus
3055 2853 3310 2930 vicinus,
3325 2850 3654 2916 viatoribus

2010 2951 2210 3005 autem
2242 2963 2417 3022 grave
2449 2946 2868 3025 spectaculum
2898 2954 2956 3008 et
2979 2963 3233 3007 occursu
3247 2941 3650 3006 formidabile.

2011 3033 2218 3112 Magno
2248 3035 2410 3096 enim
2445 3036 2674 3116 impetu
2707 3037 2763 3097 in
2796 3053 2903 3098 eos
2958 3039 3326 3114 irrumpens,
3362 3033 3654 3114 plurimos

2013 3123 2413 3192 occidebat.et
2437 3126 2616 3187 simul
2635 3126 2697 3187 in
2717 3134 2984 3187 ventrem
3013 3123 3476 3186 transmittebat:
3501 3131 3658 3184 erat-

2011 3231 2133 3290 que
2155 3231 2225 3276 ex
2248 3232 2418 3294 aequo
2436 3225 2495 3276 et
2513 3215 2732 3277 damno
2754 3212 3398 3294 perniciosissimus,et
3419 3211 3492 3274 ad
3517 3230 3654 3274 eum

2013 3302 2089 3364 de
2122 3303 2321 3365 medio
2357 3303 2689 3366 tollendum
2717 3303 3108 3366 difﬁcillimus
3143 3323 3157 3362 :
3186 3311 3247 3364 et
3276 3321 3410 3365 cum
3446 3319 3658 3380 magna

2014 3399 2074 3454 et
2103 3392 2295 3454 vivida
2321 3412 2532 3455 manus
2564 3411 2805 3466 eorum,
2828 3393 2930 3472 qui
2965 3409 3154 3473 prope
3190 3390 3553 3466 habitabant,
3592 3389 3654 3452 in

2015 3480 2213 3561 ipsum
2271 3483 2604 3556 invasisset,
2638 3483 2880 3561 agnovit
2908 3500 2974 3543 se
3005 3500 3112 3544 suo
3166 3480 3322 3543 malo
3355 3481 3471 3543 hoc
3521 3498 3654 3543 esse

2013 3589 2242 3635 ausam.
2269 3571 2599 3633 Celerrime
2632 3571 2791 3633 enim
2823 3569 2886 3632 in
2920 3588 3131 3634 omnes
3152 3569 3652 3642 incurrens,alios

2013 3661 2255 3738 quidem
2283 3660 2410 3721 solo
2443 3660 2640 3736 rugitu
2677 3661 2806 3721 loco
2853 3665 3069 3738 motos,
3106 3659 3284 3720 vertit
3313 3659 3375 3719 in
3401 3658 3596 3738 fugam
3634 3680 3647 3716 :

2014 3750 2163 3812 alios
2192 3759 2389 3812 autem
2419 3767 2522 3812 ore
2555 3748 2894 3829 discerptas
2925 3748 3125 3811 exedit
3180 3769 3193 3812 :
3226 3747 3478 3809 aliorum
3511 3763 3652 3808 vero

2015 3858 2149 3901 cum
2181 3858 2398 3919 corpus
2428 3838 2819 3902 dilaterasset
2845 3835 3441 3917 nnguibus,reddidit
3473 3835 3655 3897 mise-

2011 3929 2255 3990 rabiles.
2291 3928 2438 4002 Quid
2468 3929 2628 3990 enim
2662 3929 2849 4005 aliud,
2889 3927 3003 3990 nisi
3034 3927 3332 3989 sauciatos
3363 3944 3396 3988 a
3429 3925 3602 3988 leone
3628 3927 3655 3986 ἴ

2011 4017 2165 4082 Hinc
2190 4019 2331 4100 quid
2359 4018 2698 4082 accidebat?
2726 4017 3042 4098 Neglectos
3073 4017 3317 4098 quidem
3346 4033 3522 4094 agros
3551 4033 3655 4078 re-

2012 4109 2204 4190 linqui
2226 4109 2298 4170 ab
2321 4109 2636 4187 agricolis:
2672 4110 2743 4171 ad
2778 4108 2910 4171 loca
2935 4115 3132 4170 autem
3167 4106 3328 4169 invia
3359 4107 3654 4170 divertere

2009 4200 2291 4274 viatores,
2328 4209 2642 4281 propterea
2680 4200 2836 4281 quod
2861 4199 3348 4262 bestiasustineri
3372 4217 3489 4260 non
3511 4217 3655 4280 pos-

2011 4297 2123 4354 set.
2150 4288 2466 4369 Postquam
2489 4297 2682 4351 autem
2699 4289 2824 4368 jam
2843 4288 2916 4350 ad
2936 4296 3265 4350 extremam
3284 4287 3511 4351 redacti
3535 4289 3653 4352 du-

2011 4378 2382 4454 bitationem,
2401 4379 2495 4441 vix
2518 4378 2754 4441 tandem
2779 4379 3076 4442 recordati
3105 4378 3346 4440 fuerunt
3371 4377 3649 4440 homines

2019 4472 2614 4544 Del.trequentissima
2643 4471 3010 4530 multitudine
3031 4471 3103 4528 ad
3127 4473 3315 4541 ipsum
3338 4471 3654 4532 venientes.

2017 4555 2340 4619 narrabant
2364 4558 2490 4638 ipsa
2515 4557 2670 4619 mala
2694 4556 2912 4637 quibus
2935 4555 3030 4619 leo
3051 4573 3154 4618 eos
3184 4555 3550 4630 aﬂ'ecerat,et
3581 4553 3656 4617 ab

2012 4647 2144 4728 ipso
2167 4646 2470 4728 petebant,
2499 4656 2563 4708 nt
2586 4665 2691 4709 eos
2713 4646 2976 4708 solveret
2998 4645 3108 4710 hac
3156 4644 3514 4708 calamitate.
3551 4643 3660 4706 Ille

2013 4755 2152 4799 vero
2175 4755 2309 4799 cum
2340 4754 2589 4816 paucam
2616 4737 2793 4798 ﬁdem
2819 4735 2907 4796 eis
2937 4733 3108 4816 prius
3138 4735 3663 4809 eXprobrasset,et

2013 4826 2170 4906 quod
2194 4825 2280 4887 eis
2301 4825 2430 4887 visa
2456 4834 2613 4887 esset
2640 4824 2827 4887 bestia
2849 4823 3355 4904 inexpugnabilis,
3381 4832 3662 4886 causatus

2015 4925 2173 4979 esset
2202 4917 2722 4994 contemptionem
2773 4914 3112 4978 divinorum
3167 4923 3656 4995 praeceptorum:

2016 5001 2198 5066 Vobis
2219 5001 3000 5084 quidem,inquit,omnibus
3023 5003 3286 5064 estDeus
3303 4999 3656 5082 placandus,

2011 5093 2072 5155 in
2096 5093 2384 5172 templum
2411 5093 2591 5155 simul
2613 5091 3134 5155 convenientibus:
3162 5090 3220 5152 id
3243 5097 3470 5165 autem,
3500 5087 3659 5169 quod

2012 5184 2088 5246 de
2111 5183 2278 5245 vobis
2303 5185 2460 5263 (erat
2481 5201 2620 5244 vero
2647 5190 2810 5256 crux)
2834 5180 3184 5258 ponendum
3205 5179 3372 5242 estin
3399 5178 3660 5252 iislocis,

2017 5292 2124 5354 per
2149 5291 2283 5352 quae
2309 5271 2520 5334 transit
2540 5272 2660 5335 leo:
2683 5279 2741 5333 et
2762 5269 2918 5333 absit
2935 5271 3179 5351 quidem
3208 5267 3403 5330 omnis
3426 5276 3658 5332 metus:

2016 5369 2092 5423 sit
2122 5371 2322 5424 autem
2378 5362 2641 5441 perfecta
2693 5359 2868 5431 ﬁdes,
2925 5369 2985 5422 et
3015 5357 3172 5420 haud
3206 5360 3284 5420 ita
3318 5358 3502 5419 multo
3534 5363 3667 5436 post

2021 5451 2340 5514 manifesta
2392 5450 2560 5514 vobis
2616 5467 2854 5531 quoque
2909 5449 3027 5511 erit
3054 5449 3171 5511 mei
3208 5446 3426 5512 Christi
3452 5447 3663 5510 virtus.

2020 5539 2165 5604 Cum
2195 5541 2346 5602 hanc
2372 5541 2459 5604 illi
2483 5558 2726 5604 crucem
2750 5541 3225 5620 accepissent,et
3244 5537 3400 5601 sicut
3421 5537 3509 5600 eis
3533 5537 3666 5599 fue-

2020 5639 2110 5695 rat
2139 5629 2829 5712 imperatumi‘ecissent,
2857 5638 2919 5693 et
2947 5628 3044 5692 die
3075 5628 3354 5712 sequenti
3385 5627 3532 5692 illuc
3561 5645 3669 5692 ve-
