4098 6202
437 289 582 370 1'07’1
1725 291 2006 374 MENSIS
2038 302 2492 379 JANUARIUS.
3645 303 3798 378 1072

430 444 683 516 nissent,
718 460 750 504 ο
784 442 1036 506 Domine
1060 449 1118 504 et
1139 442 1296 505 Deus
1327 445 1623 520 omnium,
1655 453 1716 507 et
1744 445 2063 510 admirabi-

2147 458 2240 506 τοῖν
2283 458 2508 527 σταυροῦ
2577 448 2841 519 κείμενον,
2891 447 3040 504 Οὕτω
3086 451 3362 526 τοιγαροῦν
3447 450 3474 502 ὁ
3535 448 3798 523 μακάριος

431 532 575 594 lium
611 549 859 612 operum
913 532 1163 594 effector
1193 530 1542 608 ineffabilia,
1577 533 1837 596 belluam
1874 536 2063 600 vident

2153 541 2227 604 εἷς
2273 539 2524 616 τέταρτον
2583 536 2698 600 ἔτος
2745 544 2817 615 τῇ
2879 543 3016 613 μοιιῇ
3075 535 3250 614 ἐκείνῃ
3299 535 3559 616 διαϐιοὺς,
3604 541 3693 594 καὶ
3732 539 3801 594 τὰ

421 622 723 701 jacenlem
757 627 1051 682 mortuam
1101 620 1174 682 ad
1232 621 1424 702 ipsam
1457 622 1647 684 basim
1681 623 1916 690 Crucis.
1951 627 2068 689 Sed

430 711 629 771 missis
651 710 710 771 in
738 710 1060 790 praesentia
1089 709 1333 791 quidem
1361 712 2071 788 miraculis,transeamus

427 800 499 860 ad
525 797 808 860 orationis
827 797 1072 861 seriem.
1107 798 1254 862 Cum
1277 800 1380 864 ille
1403 820 1544 882 ergo
1567 803 1779 865 beatus
1811 806 1896 867 sic
1927 825 2068 886 qua-

429 899 560 950 tuor
593 906 780 949 annos
799 888 1038 950 vixisset
1061 890 1121 950 in
1151 890 1269 952 hoc
1292 893 1903 971 monasterio,partim
1931 895 2068 975 qui-

428 978 561 1040 dem
595 977 835 1058 iis,qua5
893 977 1155 1052 dicebat,
1195 981 1412 1060 partim
1438 996 1637 1045 autem
1669 993 1725 1045 et
1761 985 1968 1064 magis,
1995 986 2071 1047 iis

427 1087 560 1146 qua:
583 1067 863 1145 faciebat,
901 1067 1198 1131 inducens
1223 1069 1296 1132 ad
1327 1071 1629 1147 virtutem,
1659 1073 1844 1134 evasit
1877 1074 2068 1135 clarus

427 1166 486 1218 et
506 1157 670 1219 omni
696 1175 764 1219 es
791 1165 958 1239 parte
975 1157 1750 1243 celebratus,omnibusque
1768 1173 1824 1224 et
1847 1163 2068 1241 linguis

427 1256 486 1308 et
540 1245 784 1309 auribus
816 1265 1090 1326 magnam
1151 1249 1440 1311 aﬂ‘erebat
1489 1251 1846 1331 voluptatem
1885 1273 1898 1313 :
1935 1254 2069 1315 aliis

426 1335 667 1417 quidem
700 1336 1070 1412 dicere,aliis
1094 1355 1232 1401 vero
1250 1357 1318 1400 ea
1341 1339 2067 1421 quiedicebanturatten-

427 1426 569 1488 dere
599 1444 670 1488 ex
699 1444 868 1506 aequo
891 1427 1254 1492 amantibus.
1291 1427 1435 1492 Cum
1459 1431 1585 1492 haec
1613 1430 1698 1493 illi
1735 1451 1850 1493 non
1889 1433 2064 1494 modo

424 1527 588 1592 grata
615 1536 733 1579 non
761 1525 984 1590 essent,
1019 1519 1125 1580 sed
1182 1536 1252 1580 ea
1279 1519 1457 1581 etiam
1490 1539 1646 1598 aegre
1677 1522 1883 1595 ferret,
1922 1523 2064 1601 (non

427 1608 624 1667 minus
642 1608 825 1682 enim,
859 1624 1036 1686 quam
1063 1626 1133 1669 ex
1160 1609 1282 1671 Deo
1305 1607 1525 1684 vivere,
1554 1609 1830 1672 studebat
1859 1613 1944 1673 sic
1975 1614 2064 1672 vi-

424 1695 616 1756 vendo
649 1696 856 1770 latere,
890 1702 958 1756 ut
985 1704 1160 1757 antea
1207 1696 1495 1776 diximus)
1524 1717 1732 1760 rursus
1762 1700 2069 1760 constituit

423 1785 739 1880 aufugero,
772 1793 831 1845 et
854 1803 919 1880 se
951 1784 1141 1846 oculis
1160 1785 1484 1880 bominum
1517 1786 1879 1850 subducere.
1915 1791 2062 1851 Cum
2093 1835 2126 1880 Β

424 1873 624 1954 itaque
683 1873 1022 1937 clanculum
1075 1874 1421 1954 aufugisset,
1476 1885 1533 1936 et
1565 1894 1835 1938 seorsum
1871 1881 2066 1940 vivere

424 1968 916 2036 statutsset,totos
933 1962 1084 2026 duos
1103 1965 1387 2042 transegit
1407 1965 1832 2038 annos,vivens
1857 1968 2064 2030 solita-

421 2051 604 2127 rie,et
624 2051 737 2115 soli
761 2054 884 2115 Deo
907 2055 1364 2134 apparens.Non
1397 2063 1527 2118 erat
1552 2055 1607 2116 ei
1639 2056 1910 2133 lucerna,
1949 2077 2066 2120 non

423 2142 764 2221 lectus,non
788 2155 1220 2225 mensa,neque
1247 2143 1476 2224 aliquid
1500 2145 1870 2224 hujusmodi,
1906 2149 2062 2229 quod

423 2232 600 2294 faciat
625 2233 696 2294 ad
733 2231 1131 2294 ministerium
1160 2234 1668 2315 corporis.Solum
1702 2243 1900 2298 autem
1939 2245 2068 2300 erat

421 2322 477 2382 ei
525 2330 734 2400 parum
788 2327 978 2403 panis,
1035 2323 1193 2404 quod
1245 2323 1632 2404 prtebebatur
1658 2324 1732 2386 ab
1762 2326 1964 2407 aliquo
1997 2345 2066 2389 ex

421 2411 634 2473 vicinis
671 2431 685 2471 :
721 2411 910 2488 algori
939 2429 1081 2473 vero
1116 2420 1175 2473 et
1203 2411 1397 2486 :estui,
1433 2422 1490 2475 et
1519 2413 1796 2476 omnibus
1828 2415 2067 2496 injuriis

421 2501 579 2563 aeris
601 2508 728 2563 erat
749 2500 1145 2582 expositus,et
1173 2521 1310 2565 cum
1342 2502 1430 2564 eis
1454 2503 1877 2566 contendebat.
1913 2505 2066 2578 Quo.

421 2592 579 2654 niam
612 2599 810 2652 autem
867 2591 1180 2672 oportebat
1207 2591 1403 2673 ipsum
1437 2611 1698 2675 quoque,
1733 2614 1870 2656 cum
1907 2607 2065 2657 esset

420 2683 620 2756 homo,
663 2681 900 2742 ostendi
932 2699 1067 2743 esse
1097 2682 1418 2744 onnoxium
1454 2692 1686 2745 naturae
1707 2683 2065 2747 inﬁrmitati-

319 2839 336 2860 .
422 2771 552 2852 bus,
587 2771 731 2850 quid
759 2771 929 2852 sit,et
957 2770 1389 2852 quomodores
1421 2771 1584 2836 illius
1613 2772 2058 2854 dispensantur,

420 2871 476 2922 et
504 2860 780 2942 qualibus
813 2879 971 2940 smpe
1001 2861 1154 2923 solet
1183 2859 1290 2924 Dei
1313 2861 1608 2943 sapientia
1629 2863 1716 2925 uti
1735 2864 2067 2927 occasioni-

421 2950 676 3026 bus,alia
707 2969 817 3030 per
867 2951 982 3011 alia
1013 2959 1343 3014 contexens
1371 2959 1430 3013 et
1459 2952 1722 3031 varians,
1769 2954 2066 3036 facileque

421 3049 478 3101 et
498 3057 711 3118 magno
734 3040 986 3102 artiﬁcio
1010 3040 1400 3123 dispensans?
1428 3039 1492 3103 In
1524 3041 1647 3106 imo
1664 3052 1869 3106 ventre
1899 3049 2064 3107 acci-

421 3131 506 3208 pit
528 3147 770 3191 sensum
801 3129 1114 3203 doloris,et
1141 3131 1272 3209 ejus
1296 3148 1509 3192 renum
1540 3131 1852 3194 solvuntur
1881 3134 2060 3210 vires,

2154 631 2252 704 μὲν
2295 629 2384 692 οἷς
2423 628 2598 705 ἔλεγε,
2646 627 2714 682 τὰ
2758 623 2814 683 δὲ
2860 637 2946 682 καί
2990 625 3193 700 μᾶλλον
3241 626 3331 689 οἶς
3397 626 3621 702 ἔπραττε
3666 630 3800 702 πρὸς

2150 719 2248 785 τὴν
2327 718 2523 794 ἀρετὴν
2612 716 2973 792 ἑπαγόμενος,
3035 717 3331 794 περιφανὴς
3411 717 3644 781 κατέστη
3715 717 3802 771 καὶ

2155 806 2497 884 περιϐόητος,
2530 803 2626 860 καί
2659 805 2724 872 ἧν
2756 803 2850 872 ἡδὺ
2901 811 3063 861 πᾶσιν
3121 805 3432 883 ἐντρύφημα
3475 807 3563 860 καὶ
3615 804 3800 878 γλώσ-

2155 920 2272 960 σαις
2322 900 2421 952 κακι
2467 896 2687 973 ἀκοαῖς,
2736 901 2842 950 τῶν
2888 894 2985 968 μὲν
3029 893 3232 974 λέγειν,
3284 897 3391 950 τῶν
3421 892 3476 950 δὲ
3509 894 3802 973 προσέχειν

2151 1000 2269 1048 τοῖς
2357 983 2672 1063 λεγομένοις
2755 983 2943 1049 ἐπίσης
3025 983 3344 1063 φιλούντων,
3424 985 3557 1060 Πρὸς
3636 988 3802 1041 ταῦτα

2152 1075 2360 1140 ἐκεῖνος
2420 1077 2526 1152 οὐχ
2599 1072 2746 1137 ὅπως
2809 1071 3005 1146 ἡδέως,
3083 1072 3221 1129 ἀλλά
3293 1075 3378 1129 καὶ
3436 1072 3552 1128 λίαν
3619 1072 3803 1140 ἀηδῶς

2152 1165 2298 1244 ἔχων
2353 1166 2444 1219 καί
2501 1163 2882 1240 βαρυνόμενος,
2930 1167 3018 1218 καὶ
3060 1164 3124 1218 τὸ
3167 1163 3440 1220 λανθάνειν
3495 1163 3556 1217 ἐκ
3599 1165 3801 1226 παντὸς

2152 1255 2348 1332 τρόπου
2393 1252 2791 1325 διανοούμενος,
2864 1251 3100 1326 δρασμὸν
3161 1251 3340 1328 ἕτερον
3379 1251 3560 1325 πάλιν,
3607 1256 3695 1308 καὶ
3736 1257 3802 1309 τὸ

2150 1347 2208 1400 ἐκ
2275 1344 2435 1417 μέσου
2519 1341 2635 1421 [γρ.
2721 1341 2930 1420 μέσων]
3006 1342 3192 1398 ἑαυτὸν
3247 1346 3419 1398 θεῖναι
3477 1342 3566 1397 καὶ
3617 1343 3798 1420 ἀφανῆ

2149 1430 2487 1505 διεσκεψατο.
2553 1431 2648 1488 Καὶ
2707 1431 2880 1486 τοίνυν
2937 1430 3098 1505 λάθρα
3152 1428 3442 1510 διαφυγὼν,
3491 1431 3578 1486 καὶ
3621 1451 3797 1486 κατα-

2151 1523 2316 1596 μόνας
2375 1521 2653 1598 γενόμενος
2707 1519 2832 1594 παρ’
2892 1519 3047 1582 ὅλους
3121 1519 3212 1576 δύο
3255 1519 3438 1598 διῆγεν
3495 1520 3794 1592 ἐιιαυτοῖις,

2149 1615 2254 1681 ζῶν
2295 1611 2463 1672 οὕτως
2514 1610 2812 1688 ἐρημικῶς,
2858 1608 2952 1664 καῖ
3002 1617 3078 1682 τῷ
3124 1617 3239 1683 Θεῷ
3269 1611 3418 1683 μόνῳ
3446 1609 3791 1688 φαινόμενος.

2151 1701 2222 1757 Οὔ
2253 1701 2450 1779 λύχνος
2496 1699 2561 1766 ἦν
2611 1700 2776 1773 αὐτῷ,
2825 1698 2884 1754 οὐ
2927 1698 3109 1778 κλίνη,
3142 1703 3201 1756 0-3
3249 1700 3508 1775 τράπεζα,
3569 1698 3688 1757 οὐδέ
3745 1721 3797 1754 τι

2157 1800 2360 1848 τοιοῦτο
2415 1796 2524 1845 τῶν
2583 1791 2714 1867 πρὸς
2775 1789 3064 1864 ὑπηρεσίαν
3121 1791 3213 1844 τοῦ
3271 1790 3542 1863 σώματος,
3609 1775 3800 1863 "Apto;

2150 1877 2204 1934 δὲ
2267 1883 2452 1951 μόνος,
2520 1880 2602 1934 καὶ
2667 1879 2819 1942 αὐτὸς
2881 1879 3216 1958 βραχύτατος
3289 1880 3420 1957 πρός
3491 1901 3634 1941 τινος
3691 1885 3802 1933 τῶν

2152 1969 2471 2046 ξκγειτόνων
2543 1967 2891 2045 ποριζόμενος
2927 1983 2942 1999 ⁵
3018 1971 3184 2049 ψύχει
3248 1968 3326 2043 δὲ,
3394 1973 3481 2024 καὶ
3536 1970 3795 2046 καύσωνι,

2154 2061 2247 2116 καί
2287 2060 2487 2121 πάσαις
2543 2072 2663 2123 ταῖς
2719 2058 2779 2113 ἐκ
2823 2067 2916 2116 τοῦ
2959 2059 3110 2135 ἀέρος
3167 2058 3554 2135 ταλαιπωρίαις
3629 2059 3802 2114 ἐτέλει

2151 2148 2598 2223 διαμιλλώμενος.
2667 2148 2820 2204 Ἐπεὶ
2877 2147 2932 2203 δὲ
3004 2147 3107 2203 ἔδει
3178 2151 3265 2204 καὶ
3315 2150 3470 2204 αὖτον
3516 2147 3798 2224 ἄνθρωπον

2149 2239 2297 2311 ὄντα,
2361 2241 2449 2295 καὶ
2509 2251 2626 2303 ταῖς
2685 2238 2975 2301 ἀσθενείαις
3035 2244 3135 2305 τῆς
3179 2239 3383 2318 φύσεως
3447 2240 3801 2305 ὑποκείμενον

2149 2329 2498 2408 ἐλεγχθῆναι,
2561 2335 2609 2383 τί
2664 2329 2919 2404 γίνεται;
2980 2329 3068 2383 καὶ
3128 2334 3241 2388 πῶς
3301 2329 3364 2384 τὰ
3413 2327 3531 2383 κατ’
3587 2327 3799 2383 ἐκεῖνον

2149 2420 2517 2492 οἶκονομεῖται
2553 2439 2569 2488 ;
2635 2421 2721 2472 καὶ
2767 2415 2913 2480 οἵαις
2965 2416 2994 2483 ἦ
3039 2425 3132 2474 τοῦ
3176 2425 3308 2476 Θεοῦ
3348 2418 3502 2496 σοφία
3532 2416 3796 2480 πολλάκις

2147 2522 2272 2572 ταῖς
2331 2508 2602 2586 ἀφορμαῖς
2659 2507 2951 2586 κέγρηται,
3000 2505 3150 2583 ἕτερα
3226 2505 3294 2562 δι’
3339 2508 3534 2581 ἑτέρων
3579 2505 3796 2562 πλέὅειν

2149 2599 2475 2676 εὖμηχάνως
2509 2598 2861 2671 οἰκονομοῡσα
2898 2616 2913 2669 ;
2959 2597 3025 2652 τὰ
3083 2597 3414 2674 ὑπογάστρια
3467 2595 3791 2669 πλήττεται,

2147 2687 2243 2743 καί
2303 2694 2391 2750 τας
2436 2685 2683 2760 δυνάμεις
2735 2683 3001 2741 διαλύεται
3055 2692 3161 2741 τῶν
3225 2691 3450 2764 νεφριῖιν,
3519 2698 3643 2747 ταῖς
3688 2691 3797 2740 τῶν

2148 2777 2335 2851 πάγων
2379 2773 2705 2846 ὑπερϐολαῖς
2757 2774 3031 2842 ἡττηθείς.
3091 2767 3224 2831 ’Υπὸ
3269 2776 3465 2841 ταύτης
3523 2776 3795 2831 συνωθού-

2149 2885 2307 2940 μενος
2356 2865 2464 2944 Ιγρ.
2497 2863 2586 2920 οὖν
2618 2863 2852 2944 ὠθούμ.]
2897 2869 2995 2930 τῆς
3028 2863 3292 2942 ἀνάγκης,
3327 2863 3532 2937 μᾶλλον
3563 2861 3618 2918 δὲ
3649 2865 3795 2940 παρᾶ

2147 2961 2239 3011 τοῦ
2295 2951 2518 3033 ἄγοντος
2578 2952 2739 3010 αὐτὸν
2795 2954 3097 3028 πνεύματος
3155 2951 3516 3032 ὃδηγούμενος
3555 2951 3790 3015 πολλοῖς

2147 3045 2396 3108 ὑπόθεσις
2440 3043 2707 3121 σωτηρίας
2773 3042 3040 3121 γενέσθαι,
3109 3043 3210 3110 τὴν
3281 3042 3609 3110 Ἐκκλησίαν
3669 3064 3781 3116 παρ

2150 3129 2336 3188 ἑλπίδι
2394 3129 2792 3206 καταλαμϐάνει
2827 3152 2842 3169 ·
2908 3133 2995 3188 καὶ
3053 3137 3184 3188 πᾶσι
3229 3132 3353 3208 μὲν,
3415 3130 3697 3210 ἓξαιρέτως
3741 3129 3800 3186 δὲ

418 3230 482 3281 ut
511 3219 614 3296 qui
646 3220 853 3282 fuisset
883 3225 1201 3300 superatus
1231 3236 1265 3280 a
1296 3218 1500 3282 nimiis
1520 3219 2062 3300 frigoribus.Com-

2149 3223 2226 3297 τῷ
2254 3220 2477 3300 μεγάλῳ
2509 3220 2772 3297 Μελετίῳ,
2807 3219 3017 3287 πολλῆς
3049 3220 3246 3290 ἡδονῆς
3277 3222 3546 3285 καταστὰς
3592 3221 3800 3300 αἴτιος,

418 3310 625 3391 pulsus
647 3328 788 3390 ergo
819 3309 892 3370 ab
917 3309 1028 3370 hac
1060 3307 1447 3384 necessitate,
1482 3310 1575 3372 vel
1605 3311 1804 3391 potius
1832 3312 2063 3375 deduc-

2149 3311 2245 3368 καῖ
2301 3311 2634 3390 ὑποδειχθεὶς
2680 3314 2754 3376 ὡς
2811 3309 3001 3379 ἥδιστα
3075 3313 3209 3388 πρὸς
3256 3314 3414 3369 αὐτοῦ
3471 3312 3560 3368 καὶ
3617 3333 3800 3388 παρα-

417 3409 511 3460 tus
543 3399 616 3460 ab
649 3418 872 3479 eo,quo
906 3397 1264 3474 ducebatur,
1300 3398 1544 3479 spiritu,
1581 3407 1642 3461 ut
1673 3411 1831 3462 esset
1860 3402 2063 3466 multis

2148 3400 2392 3480 κληθεὶς,
2438 3404 2562 3458 εἶτα
2607 3401 2692 3457 καὶ
2738 3403 2837 3469 τὴν
2897 3403 2994 3458 τοῦ
3047 3398 3293 3457 διακόνου
3340 3401 3678 3479 χειροτονίαν
3711 3398 3799 3456 ὑπ’

417 3507 600 3552 causa
659 3489 890 3563 salutis,
925 3489 1000 3550 ad
1033 3487 1371 3552 Ecclesium
1407 3499 1626 3569 praeter
1674 3509 1842 3572 spem
1904 3494 2063 3554 venit

2149 3490 2310 3548 αὖτοῡ
2369 3490 2758 3570 καταδέχεται.
2805 3491 2987 3564 Τούτῳ
3043 3488 3096 3546 δὲ
3141 3493 3218 3564 τῷ
3275 3490 3463 3566 βαθμῷ
3507 3489 3799 3563 κάλλιστα,

418 3580 547 3658 ejus
581 3579 881 3640 luminare
918 3598 932 3639 :
982 3587 1040 3640 et
1072 3597 1206 3640 cum
1239 3579 1520 3641 omnibus
1551 3579 1819 3662 quidem,
1846 3587 2062 3660 praeci-

2147 3582 2232 3637 καὶ
2291 3582 2364 3645 ὡς
2399 3587 2515 3655 Θεῷ
2563 3579 2738 3660 φίλον,
2775 3580 2862 3637 ἐπὶ
2904 3580 3062 3636 πέντε
3105 3592 3223 3644 τοῖς
3258 3579 3408 3644 ὅλοις
3438 3579 3610 3638 ’ἐτεσιν
3641 3579 3794 3636 iven-

417 3687 530 3747 pue
559 3679 758 3730 autem
821 3688 1034 3748 magno
1090 3669 1333 3731 Meletio
1379 3667 1590 3731 fuisset
1619 3687 1799 3732 causa
1831 3689 2063 3750 magnae

2147 3669 2467 3746 δοκιμῆσας,
2501 3674 2590 3726 καὶ
2647 3668 2828 3748 λόγοις
2860 3670 2950 3733 οἷς
2981 3691 3038 3725 τε
3071 3667 3369 3749 ἑσχεδίαζε,
3413 3671 3502 3726 καὶ
3531 3670 3622 3733 οἶς
3652 3669 3790 3725 κατά

416 3759 658 3832 laetitiae,
712 3767 771 3820 et
827 3757 901 3820 ab
953 3777 1022 3820 eo
1059 3757 1280 3820 fuisset
1299 3758 1745 3836 jucundissime
1775 3770 2063 3841 acceptus

416 3857 830 3923 etrecreatus,
864 3846 1086 3908 deinde
1117 3846 1296 3908 etiam
1348 3845 1424 3908 ab
1481 3865 1554 3909 eo
1610 3849 1835 3930 accipit
1892 3851 2060 3912 ordi-

415 3956 552 3999 nem
584 3937 843 4000 diaconi.
878 3934 1023 3997 Cum
1058 3941 1255 3997 autem
1284 3935 1346 3996 in
1380 3936 1492 3998 hoc
1536 3937 1722 4014 gradu
1775 3939 2060 4020 pulcher-

2146 3761 2359 3840 σχολὴν
2389 3761 2642 3816 συνετίθει
2676 3762 2763 3817 καὶ
2817 3759 3049 3835 μελέτης
3093 3758 3239 3827 ἠξίου
3289 3757 3532 3823 πλείονος
3580 3759 3639 3815 ἐκ
3697 3763 3796 3824 τῆς

2149 3854 2357 3931 χρυσῆς
2413 3850 2627 3920 ὑετίζων
2677 3848 2950 3928 γλώττης,
3003 3849 3183 3914 καλῶς
3214 3851 3277 3905 τὸ
3320 3853 3418 3915 τῆς
3466 3845 3790 3915 Ἐκκλησίας

2147 3937 2332 4019 ἤρδευε
2364 3939 2677 4018 πρόσωπον.

413 4028 590 4100 rime,
628 4036 692 4086 ut
747 4025 872 4088 Deo
901 4033 1134 4102 gratum
1193 4031 1342 4100 erat,
1381 4033 1533 4086 totos
1585 4029 1846 4109 quinque
1891 4046 2082 4092 annos
2130 4047 2195 4091 se
2250 4027 2560 4107 gessisset,
2596 4035 2710 4089 tam
2762 4029 2892 4109 ejus
2923 4026 3315 4102 orationibus,
3349 4045 3496 4108 quas
3551 4035 3813 4107 propter

417 4133 714 4175 summam
766 4113 991 4191 ingenii
1049 4113 1282 4194 copiam
1346 4113 1602 4177 habebat
1662 4137 1731 4178 ex
1792 4125 2082 4198 tempore,
2121 4135 2301 4199 quam
2347 4116 2420 4177 iis
2468 4134 2575 4196 per
2603 4119 2792 4179 otium
2841 4116 3264 4199 componebat.
3300 4123 3358 4179 et
3411 4115 3804 4179 meditatione

417 4204 627 4284 majori
659 4202 1006 4264 elaborabat
1035 4221 1213 4264 aurer
1243 4203 1466 4283 lingua,
1501 4205 1713 4267 imbris
1742 4210 1928 4269 instar
1953 4209 2293 4281 effundens,
2329 4206 2581 4287 pulchre
2615 4207 2848 4286 rigabat
2875 4207 3088 4270 faciem
3120 4206 3430 4270 Ecclesiae.

492 4292 591 4355 Xl.
621 4297 766 4356 Cum
821 4303 1030 4374 postea
1086 4302 1284 4356 autem
1337 4295 1612 4358 Meletius
1670 4300 1942 4359 venisset
1986 4299 2058 4360 ad

2228 4288 2337 4355 lA'.
2401 4297 2660 4353 Μελετίου
2718 4297 2773 4354 δὲ
2835 4301 2972 4373 μετὰ.
3025 4304 3190 4355 ταῦτα
3244 4299 3377 4376 πρὸς
3448 4299 3546 4366 τὴν
3615 4298 3670 4354 ἐν
3728 4305 3804 4376 τῇ

417 4389 838 4464 episcoporum
859 4383 1309 4464 synodum,quae
1328 4395 1688 4464 congregata
1710 4387 2063 4450 fueratCon-

2156 4388 2715 4444 Κωνσταντινουπόλει
2787 4391 2892 4443 τὼν
2968 4389 3278 4444 ἐπισκόπων
3333 4384 3548 4443 σύνοδον
3603 4389 3802 4466 ἐκφοι-

415 4473 898 4552 stantinopoli,ut
913 4491 1014 4533 eos
1031 4473 1275 4554 quidem
1292 4474 1765 4553 (ἱεροποιοὶ,ᾳυὶ
1783 4496 1916 4537 cum
1936 4474 2063 4556 Spi-

2150 4479 2440 4551 τήσαντος,
2487 4475 2572 4556 ἐφ’
2613 4479 2658 4550 ᾧ
2701 4477 2950 4534 καθελεῖν
2994 4479 3090 4551 μὲν
3155 4478 3276 4540 τοὺς
3320 4483 3398 4549 τῷ
3441 4475 3574 4552 ἁγίῳ
3619 4477 3802 4531 Πνεύ-

412 4563 529 4623 ritu
554 4569 759 4624 sancto
785 4562 1132 4643 pugnabant
1157 4582 1278 4625 non
1299 4563 1358 4624 in
1385 4564 1613 4644 Spiritu
1640 4565 1746 4627 Dei
1783 4586 1795 4625 :
1829 4567 2063 4644 Grego-

2149 4590 2276 4642 ματι
2337 4566 2705 4645 μαχομένους,
2750 4569 3052 4644 Γρηγορὶου
3097 4565 3151 4622 δὲ
3183 4569 3282 4633 τὴν
3309 4564 3561 4642 θεολόγον
3591 4568 3800 4641 ἔγκαο-

413 4652 568 4714 rium
594 4662 792 4714 autem
817 4651 985 4713 illum
1013 4651 1358 4732 theologum
1386 4652 1446 4713 in
1472 4653 1618 4714 sede
1639 4653 1984 4717 collocaret:
2005 4663 2063 4716 et

2150 4656 2349 4735 ιδρύσαι
2414 4657 2620 4735 φωνὴν,
2677 4657 2841 4714 κάκεῖ
2911 4663 3015 4713 τῶν
3087 4657 3425 4735 προσκαίρων
3482 4653 3800 4729 ἀλλαεαμέ-

412 4742 536 4803 illic
564 4760 696 4824 qua:
725 4751 861 4804 sunt
918 4741 1145 4804 caduca
1197 4752 1255 4804 et
1287 4741 1360 4804 ad
1392 4749 1630 4822 tempus
1663 4751 2063 4823 permutasset

2147 4767 2236 4802 νου
2293 4747 2357 4802 τὰ
2417 4745 2670 4822 μένοντα,
2723 4749 2750 4803 ὁ
2837 4755 3064 4827 χρυσοῦς
3122 4747 3272 4810 οὗτος
3357 4744 3470 4820 ἃμα
3552 4744 3650 4819 μὲν
3731 4747 3797 4800 τὸ

410 4832 924 4908 manentibus,hic
959 4850 1096 4894 vere
1126 4831 1560 4908 aureus,simul
1598 4833 1840 4913 quidem
1865 4835 2059 4895 vitans

406 4942 649 4984 omnem
675 4922 1092 4985 excellentiam
1115 4931 1173 4984 et
1193 4922 1414 4983 bonum
1440 4922 1814 5002 amplectens
1837 4923 2059 4985 silentii

409 5021 470 5074 et
489 5015 1069 5095 quietis,revertitur
1097 5011 1160 5074 in
1185 5011 1448 5092 primum
1475 5013 2057 5076 monasterium.Sed

407 5121 543 5165 cum
581 5102 752 5165 illinc
785 5121 993 5165 rursus
1021 5101 1378 5165 recessisset
1411 5123 1425 5165 :
1486 5101 1812 5164 revertitur
1839 5101 2056 5164 Antio-

408 5191 760 5267 chiam,non
795 5193 1057 5272 migrans
1078 5199 1454 5268 temere,nec
1477 5190 1613 5253 sine
1644 5190 1752 5254 Dei
1785 5189 2052 5268 numine,

409 5289 471 5343 ut
499 5281 655 5344 alius
684 5282 839 5344 duce
871 5291 1046 5344 utens
1097 5300 1202 5343 sua
1254 5280 1516 5344 ratione.
1542 5281 1658 5343 Sed
1694 5278 1881 5342 Deum
1917 5297 2052 5342 eum

410 5380 691 5434 movente
724 5379 784 5434 et
829 5380 1105 5446 vocante,
1159 5370 1337 5433 modo
1368 5370 1627 5451 quodam
1665 5368 1963 5433 diviniore
1993 5376 2057 5431 et

407 5461 805 5540 praestantiori
824 5460 1296 5540 ratione.Magno
1317 5459 1478 5522 enim
1503 5458 2055 5540 Flaviano,quiMe-

408 5551 550 5612 latio
583 5551 758 5631 paulo
789 5559 927 5612 ante
978 5551 1040 5613 in
1077 5549 1224 5613 sede
1251 5556 1658 5623 successerat,
1692 5547 1817 5612 Deo
1850 5549 1912 5611 in
1941 5567 2048 5610 au-

2142 4835 2408 4913 ὑπερέχον
2485 4833 2628 4890 ἅπαν
2714 4834 3151 4910 ὑπεξιπτάμενος,
3229 4833 3343 4909 ἅμα
3422 4831 3474 4888 δὲ
3553 4836 3637 4889 καὶ
3699 4841 3799 4892 τοῦ

2142 4923 2311 4980 καλοῦ
2343 4929 2442 4990 τῆς
2499 4925 2734 5004 ἡσυχίᾶς
2793 4924 3256 4999 ἀντιποιούμενος,
3312 4924 3387 4985 εἷς
3439 4923 3536 4990 τὴν
3567 4924 3796 5000 πρώτην

2141 5013 2286 5078 αὖθις
2365 5012 2754 5092 ἒπαναστρέφει
2839 5015 3034 5090 μονήν.
3111 5011 3280 5070 Ἀλλὰ
3351 5011 3512 5067 πάλιν
3577 5014 3796 5068 tum"

2139 5102 2447 5168 ἀπαναστὰς
2491 5104 2565 5168 εἰς
2611 5100 2952 5183 Ἀντιόχειαν
2989 5102 3370 5182 ἱπανέρχεται,
3435 5102 3538 5180 οὐχ
3596 5101 3794 5164 ἁπλῶς

2138 5191 2331 5265 οὕτως,
2367 5189 2482 5249 οὐδὲ
2512 5191 2660 5248 ἆθεεὶ
2693 5193 2794 5260 τὴν
2844 5190 3135 5268 μετάϐασιν
3183 5191 3568 5265 ποιησάμενος,
3601 5188 3795 5267 ὥσπερ

2137 5281 2200 5336 ἃν
2254 5281 2433 5359 ἔτερος
2489 5280 2780 5360 λογισμοῖς
2863 5280 3010 5345 ἰδίοις
3069 5279 3401 5350 ἀκολουθῶν,
3458 5278 3596 5335 ἀλλά
3647 5287 3793 5339 Θεοῦ

2135 5372 2453 5441 κινήσαντος
2505 5370 2664 5428 αὐτὸν
2716 5371 2806 5428 καὶ
2862 5370 3186 5435 καλέσαντος
3246 5369 3428 5446 τρόπῳ
3483 5368 3586 5424 τινὶ
3626 5371 3789 5425 Θειο-

2133 5460 2271 5538 τέρῳ
2322 5461 2412 5519 καὶ
2465 5458 2612 5539 λόγῳ
2669 5458 2778 5538 [ῗσ.
2854 5459 3038 5538 λόγου]
3109 5461 3394 5537 κρείττονι.
3454 5455 3611 5535 "Apri
3673 5460 3786 5537 γὰρ

2133 5547 2419 5623 Φλαόιανῷ
2473 5549 2551 5624 τῷ
2617 5548 2841 5628 μεγάλῳ
2917 5551 3009 5606 τὸν
3082 5547 3338 5606 Μελετίου
3425 5543 3790 5622 διαδεξαμένην

403 5656 544 5704 rora
559 5639 798 5702 canenti
821 5656 1026 5703 sacros
1049 5640 1326 5725 hymnos,
1356 5653 1660 5725 apparens
1701 5637 1952 5721 angelus
1983 5638 2044 5701 in

2147 5639 2333 5719 Ιρόνον,
2397 5638 2513 5716 Θεῷ
2572 5638 2691 5721 περὶ
2733 5641 2835 5709 τὴν
2885 5637 2958 5696 ἕω
3015 5637 3136 5703 τοὺς
3195 5636 3366 5720 ἱεροὺς
3423 5633 3786 5718 προσφέροντι
