4098 6202
340 334 490 402 1073

1377 334 1564 401 VITA
1611 335 1673 401 S.
1719 330 2040 399 JOANNIS
2096 331 2651 399 CHRYSOSTOMI.

3551 332 3702 403 1074

333 477 526 551 ὕμνους
573 471 800 553 ἅγγελος
848 472 1090 548 ἐπιστὰς,
1141 472 1226 530 έπὶ
1285 473 1348 531 τὸ
1391 473 1771 550 μοναστήριον,
1819 472 1847 528 ὃ
1888 471 1980 528 τὸν

2068 471 2597 547 monasterium,in
2621 489 2739 554 quo
2762 477 2893 534 erat
2911 469 3379 553 Joannes,jussit
3396 473 3486 536 ire
3520 493 3701 552 quam

334 567 589 632 Ἰωάννην
647 565 830 644 εἶχεν,
882 564 964 620 δτι
1009 566 1243 644 τάχιστα
1291 565 1569 642 ἀφικέσθαι
1615 561 1972 633 διεκελεύετο,

332 658 420 713 καὶ
467 662 652 712 τοῦτον
694 656 783 712 ὶπὶ
826 654 924 721 τὴν
967 653 1258 720 ἐκκλησίαν
1302 674 1358 709 τε
1404 653 1656 730 ἀγαγεῖν,
1705 654 1792 707 καὶ
1835 650 1978 728 ἱερέα

332 746 640 818 τελειῶσαι,
727 750 914 805 σκεῦος
1003 747 1147 817 αὒτῷ
1228 741 1461 819 ἐκλογῆς
1553 742 1683 798 κατά
1772 739 1976 796 Παυλον

334 837 609 910 ἐσόμενον,
683 836 773 891 καὶ
837 833 914 907 τῷ
971 832 1118 910 λόγῳ
1184 831 1447 907 μέλλοντα
1505 831 1603 898 τὴν
1660 830 1976 905 οἰκουμένην

333 924 668 1003 περιλαϐεῖν,
758 925 894 980 κατα
977 925 1067 978 τὸν
1139 924 1297 978 αὑτὸν
1374 920 1426 1012 8::
1487 923 1671 996 καιρὸν
1731 923 1765 988 ἠ
1822 919 1979 994 ὁμοία

332 1023 409 1089 τῷ
493 1015 714 1090 Ἰωάννη
797 1014 1121 1088 παρίσταται
1181 1009 1329 1086 ὄψις,
1401 1009 1664 1088 *Αγγελος
1723 1011 1824 1088 γὰρ
1883 1009 1976 1064 κά-

336 1108 497 1177 κείνῳ
548 1103 970 1184 προσευχομένῳ
1028 1102 1121 1156 σὺν
1194 1100 1370 1176 πολλῇ
1445 1107 1513 1176 τῇ
1583 1099 1707 1177 δόξῃ
1766 1100 1854 1156 καὶ
1911 1095 1978 1163 τῆ

336 1196 472 1272 αὐγῇ
529 1195 830 1273 παραστὰς,
879 1192 1098 1248 ἕπεσθαι
1142 1192 1273 1269 πρὸς
1318 1192 1418 1258 τὴν
1488 1189 1780 1255 ἐκκλησίαν
1822 1187 1976 1244 Φλα-

334 1283 524 1358 ϐιανῴ,
612 1285 701 1340 καὶ
783 1284 885 1349 τὴν
969 1280 1060 1336 τοῦ
1167 1278 1518 1358 πρεσϐυτέρου
1601 1276 1978 1343 καταδέξασθαι

337 1375 673 1453 γειροτονίαν
727 1372 1070 1446 προστάττει.
1123 1372 1225 1427 Τὸν
1276 1368 1458 1436 δὲτὴν
1490 1369 1746 1425 ὀπτασίαν
1789 1367 1979 1433 θεϊκὴν

338 1466 434 1538 μὲν
477 1467 620 1520 εἶναι
654 1463 728 1533 μὴ
782 1463 1152 1539 ἀγνοήσαντα,
1210 1457 1647 1533 διευλαϐούμενον
1689 1455 1744 1512 δὲ
1803 1456 1977 1518 ἄλλως

335 1554 422 1608 καὶ
495 1553 750 1608 ὀκνοῦντα
809 1553 941 1628 πρὸς
999 1551 1060 1606 τὸ
1119 1549 1410 1627 ἐπίταγμα,
1463 1549 1682 1604 ἀκοῦσαι
1766 1546 1980 1623 λέγεται

333 1641 598 1720 θειοτέρας
643 1641 828 1720 φωνῆς
866 1656 880 1672 ⁸
947 1640 1016 1695 "A
1087 1642 1114 1694 ὁ
1160 1641 1290 1698 Θεὸς
1333 1637 1604 1715 βούλεται,
1668 1637 1746 1701 τίς
1798 1637 1978 1698 ἱκανὸς

335 1733 477 1789 ἔσται
540 1729 935 1802 διασκεδάσαις
982 1729 1121 1786 οὕτω
1153 1728 1544 1808 χρηματισθεὶς
1602 1729 1630 1784 ὁ
1689 1726 1972 1802 μακάριος,

335 1824 422 1878 καὶ
506 1821 860 1900 λογισάμενος
944 1819 1279 1896 ενόγνώμονος

340 1911 612 1968 Δεσπότου
659 1910 852 1988 γνώμῃ
899 1910 976 1983 μὴ
1037 1906 1358 1985 ἀντιλέγειν,
1404 1905 1798 1985 προσκαλεῖται
1857 1907 1980 1968 τοὺς

335 2002 634 2080 μοναχοὺς,
694 2001 783 2057 καὶ
866 2000 1010 2064 ὅπως
1067 1997 1243 2054 αὒτῶν
1306 1995 1496 2072 μέλλοι
1569 1995 1978 2076 διαχωρίζεσθαι

335 2089 714 2168 καταγγέλλει.
750 2091 882 2154 Τοὺς
939 2087 993 2144 δὲ
1044 2087 1188 2165 λύπῃ
1242 2085 1333 2143 καί
1364 2086 1557 2163 ἀθυμίᾳ
1588 2085 1980 2166 συνεχομένους

335 2181 519 2257 λόγοις
569 2203 621 2236 τε
679 2179 996 2257 παρεκάλει,
1065 2180 1154 2235 καὶ
1222 2177 1420 2251 τρόπον
1471 2178 1592 2234 τινὰ
1649 2175 1974 2254 θεραπεύων,

337 2270 569 2343 μάλιστα
596 2267 650 2325 δὲ
695 2271 780 2324 καὶ
826 2275 916 2325 τοῦ
959 2269 1240 2348 χρησίμου
1273 2267 1483 2331 τούτοις
1529 2264 1974 2340 ἐπιμελούμενος,

339 2357 429 2414 δύο
485 2362 592 2414 τῶν
649 2359 861 2414 πάντων
919 2357 1291 2434 ἐκλεξάμενος,
1333 2359 1386 2412 οἳ
1431 2358 1528 2434 βίῳ
1573 2363 1631 2413 τε
1684 2356 1773 2412 καὶ
1831 2353 1977 2430 λόγῳ

338 2452 445 2504 τῶν
501 2447 678 2503 ἄλλων
722 2461 1009 2528 προεῖχον,
1073 2449 1170 2516 τὴν
1223 2447 1548 2524 προστασίαν
1592 2446 1700 2501 τῶν
1740 2442 1978 2522 ἀδελφῶν

339 2537 636 2616 ἐπιτρέπει.
685 2540 774 2596 'va
819 2540 862 2611 ᾦ
906 2537 959 2593 δὲ
1006 2545 1168 2596 ταῦτα
1233 2537 1458 2616 ἐγίνετο,
1509 2532 1808 2598 Φλαϐιανὸς
1852 2533 1976 2589 ἑπι-

341 2629 497 2701 στάς,
544 2629 640 2684 καί
711 2629 786 2700 τῷ
831 2629 1074 2705 μακαρίῳ
1134 2624 1252 2700 μεθ’
1310 2623 1504 2693 ἦδονῆς
1563 2623 1976 2701 συγγενόμενος,

340 2717 440 2774 Ἕκ
497 2717 702 2775 πολλοῦ
749 2718 870 2791 μὲν,
918 2717 1044 2796 ἔφη,
1089 2717 1187 2784 τῆς
1226 2718 1326 2782 σῆς
1371 2715 1668 2793 ἰτύγχανον
1714 2713 1980 2787 ἐπιθυμῶν

2063 564 2337 622 citissime
2359 573 2413 623 et
2444 579 2576 622 eum
2617 565 2830 623 ducere
2857 563 2928 622 ad
2954 563 3253 622 ecclesiam
3277 575 3333 623 et
3361 580 3706 628 consecrare

2061 649 2465 726 sacerdotem,
2500 650 2765 711 futurum
2799 649 2856 712 ei
2897 667 3005 712 vas
3039 649 3354 712 electionis
3399 655 3702 732 quomodo

2061 739 2283 801 Paulus
2314 741 2366 813 7,
2400 747 2460 800 et
2491 740 2674 802 verbo
2725 740 3306 821 comprehensurum
3358 741 3704 806 universum

2061 827 2270 890 orbem
2298 840 2471 891 terrae
2499 828 2720 891 Eadem
2744 837 2942 892 autem
2971 830 3121 892 hora
3141 831 3212 892 ad
3233 829 3524 894 Joannem
3550 852 3705 913 quo-

2062 936 2180 997 que
2212 917 2374 980 venit
2420 918 2638 982 similis
2693 919 2868 982 visio.
2920 918 3068 981 Nam
3122 919 3208 981 illi
3241 940 3479 1003 quoque
3510 924 3707 985 oranti

2061 1015 2264 1070 astans
2286 1007 2538 1085 angelus
2559 1026 2695 1070 cum
2721 1026 2940 1088 magna
2965 1009 3156 1088 gloria
3179 1017 3238 1072 et
3255 1011 3604 1091 splendore,
3607 1013 3706 1092 ju-

2063 1098 2162 1159 bet
2183 1107 2392 1177 aperte
2423 1097 2774 1159 Flavianum
2798 1097 2970 1178 sequi
2998 1099 3072 1160 ad
3095 1098 3514 1180 Ecclesiam,et
3536 1102 3702 1164 acci-

2061 1204 2206 1267 pere
2237 1186 2515 1249 ordinem
2543 1186 3012 1268 presbyteratus.
3044 1187 3151 1250 Ille
3179 1198 3377 1250 autem
3411 1208 3546 1252 cum
3581 1209 3702 1253 non

2059 1277 2400 1353 ignorasset
2421 1274 2668 1354 quidem
2695 1275 2990 1339 visionem
3014 1293 3148 1340 esse
3169 1277 3702 1354 divinam,revere-

2060 1373 2228 1458 retur
2258 1371 2459 1458 autem
2491 1365 2723 1458 alipqui
2770 1373 2830 1430 et
2860 1365 3162 1458 dubitaret
3199 1367 3421 1445 facere,
3451 1369 3614 1452 quod
3647 1371 3703 1431 ei

2064 1453 2259 1517 fuerat
2287 1453 2646 1536 imperatum
2681 1464 2929 1538 propter
2953 1456 3448 1533 moderationem,
3483 1460 3706 1522 dicitur

2061 1563 2269 1607 vocem
2325 1544 2628 1608 audivisse
2673 1545 3074 1609 diviniorem:
3110 1549 3254 1622 Quae
3285 1547 3442 1611 Deus
3471 1551 3698 1623 statuit,

2063 1633 2200 1714 quis
2227 1635 2446 1714 poterit
2468 1633 2687 1696 vitare?
2706 1633 2853 1698 Cum
2872 1637 2962 1698 sic
2983 1653 3340 1718 responsum
3371 1638 3707 1720 accepisset

2063 1723 2302 1802 beatus,
2327 1730 2386 1784 et
2408 1723 2588 1786 simul
2609 1721 3005 1787 intellexisset
3023 1742 3158 1789 esse
3177 1727 3329 1806 grati
3349 1734 3411 1790 et
3430 1727 3702 1809 pruden-

1385 1820 1528 1874 εἶναι
1629 1816 1974 1894 θεράποντος,

2065 1812 2141 1875 tis
2164 1811 2524 1889 famuli,non
2547 1829 2887 1895 repugnare
2912 1812 3147 1878 Domini
3177 1815 3705 1893 voluntati,accer-

2063 1903 2140 1965 sit
2170 1903 2498 1966 monachos
2525 1923 2539 1966 :
2564 1911 2624 1966 et
2649 1921 2784 1966 cum
2808 1905 2897 1968 eis
2919 1903 3173 1968 dixisset
3199 1923 3265 1968 se
3295 1923 3430 1970 esse
3456 1906 3704 1970 absces-

2062 2011 2292 2068 surum,
2324 1993 2498 2056 affert
2545 1993 2634 2057 eis
2666 1993 2964 2071 dolorem,
3000 1994 3102 2074 qui
3125 2013 3246 2058 non
3282 2003 3477 2076 potest
3503 1996 3707 2060 verbis

2063 2083 2370 2164 exPrimi:
2431 2081 2755 2164 Postquam
2806 2091 3006 2146 autem
3057 2102 3164 2147 eos
3212 2084 3410 2148 verbis
3438 2086 3585 2148 satis
3616 2093 3708 2149 est

2064 2171 2513 2243 consolatus,de
2541 2191 2614 2236 eo
2637 2190 2899 2254 quoque,
2935 2174 3094 2254 quod
3127 2183 3255 2237 erat
3283 2174 3406 2238 illis
3427 2177 3575 2238 utile
3603 2177 3704 2238 fu-

2066 2269 2290 2336 turum,
2323 2260 2640 2342 sollicitus,
2665 2261 2877 2324 electis
2905 2261 3140 2324 duobus
3169 2280 3244 2326 ex
3268 2265 3571 2333 omnibus,
3603 2267 3708 2346 qui

2066 2359 2236 2414 erant
2257 2360 2314 2412 et
2335 2351 2456 2414 vita
2477 2359 2535 2412 et
2552 2369 2836 2414 sermone
2856 2350 3232 2430 reliquorum
3259 2354 3527 2416 omnium
3553 2372 3708 2434 prae-

2063 2439 2441 2516 stantissimi,
2472 2441 2722 2502 fratrum
2746 2458 2949 2502 curam
2977 2443 3065 2502 eis
3084 2441 3427 2504 committit.
3457 2443 3703 2506 [nterim

2059 2531 2435 2606 autem,dum
2461 2530 2698 2603 fierent,
2725 2529 3021 2593 accedens
3037 2531 3372 2606 Flavianus,
3399 2552 3532 2596 cum
3570 2552 3697 2596 ma-

2060 2621 2220 2682 xima
2242 2619 2543 2700 voluptate
2563 2619 2805 2682 beatum
2829 2619 3125 2683 allocutus
3151 2638 3164 2682 :
3192 2620 3302 2684 Diu
3326 2623 3702 2704 quidem,in-

2063 2709 2564 2792 quit,desideravi
2588 2718 2646 2772 te
2669 2709 3060 2790 convenire,o
3076 2710 3166 2772 vir
3185 2712 3629 2791 sapientissime
3649 2723 3709 2776 et

341 2807 580 2881 ὁμιλίας,
643 2807 920 2884 σοφώτατε
977 2805 1266 2883 ἀνθρώπων
1323 2805 1409 2860 καὶ
1474 2803 1811 2880 τιμιώτατε,
1868 2803 1980 2877 εἷρ-

2065 2803 2124 2861 ἱη
2149 2798 2362 2882 primis
2387 2800 2762 2863 venerande:
2816 2818 2942 2862 non
2981 2799 3158 2863 licuit
3181 2810 3377 2863 autem
3422 2821 3614 2884 usque
3643 2804 3705 2865 in

337 2897 515 2974 γόμην
548 2895 602 2951 δὲ
645 2899 719 2956 είς
753 2899 851 2964 την
902 2897 1140 2972 σήμερον
1184 2892 1662 2960 ἐκκλησιαστικαῖς
1695 2890 1980 2970 προσέχων

2065 2873 2428 2952 hodiernum
2453 2888 2641 2967 diem,
2673 2908 2811 2952 cum
2857 2907 3133 2952 vacarem
3155 2891 3319 2954 curis
3336 2873 3708 2955 ecclesiasti-

339 2989 575 3065 φροντίσι
611 3006 624 3020 ’
685 2991 772 3042 νῦν
826 2984 880 3041 δὲ
931 2983 1106 3064 (δόξαν
1166 2983 1305 3039 οὕτω
1345 2984 1488 3058 Θεῷ)
1534 2983 1666 3058 πρὸς
1712 2982 1771 3036 σὲ
1818 2981 1980 3060 ἀφίγ-

2065 2981 2356 3042 cis.Nunc
2377 2997 2519 3042 vero
2539 2998 2674 3042 cum
2695 2981 2818 3042 Deo
2843 2982 2923 3041 ita
2945 2980 3133 3042 visum
3154 2981 3335 3055 sit,ad
3359 2991 3416 3043 te
3436 2983 3710 3045 venimus

342 3081 500 3150 μεθα.
554 3080 688 3133 Εἶτα
731 3075 827 3132 καί
871 3075 1044 3144 δήλην
1102 3073 1244 3145 αιδτῷ
1271 3072 1370 3139 τὴν
1400 3072 1544 3127 θείαν
1587 3069 1708 3146 ὄψιν
1743 3091 1980 3136 πεποιη-

2066 3069 2439 3132 carissimam
2463 3069 2990 3133 animam.Deinde
3010 3087 3145 3131 cum
3167 3072 3221 3132 ei
3243 3070 3422 3132 etiam
3446 3072 3708 3135 divinam

342 3165 527 3245 κότος,
587 3167 806 3242 ἒπείπερ
865 3165 1102 3242 ἔγνωστο
1160 3169 1236 3234 τῷ
1289 3161 1530 3238 μεγάλῳ,
1586 3168 1718 3219 Θεοῦ
1766 3160 1980 3233 νεύματι

2067 3160 2408 3240 aperuisset
2452 3159 2769 3234 visionem,
2819 3159 3100 3240 quoniam
3141 3167 3432 3222 statuerat
3461 3179 3711 3242 magnus

344 3259 406 3312 τὸ
434 3257 686 3334 παράπαν
715 3260 792 3326 μὴ
851 3253 1176 3327 ἀντιλέγειν,
1213 3250 1388 3312 ἄλλως
1420 3272 1476 3305 τε
1507 3250 1605 3317 τῆς
1637 3251 1777 3312 θείας
1809 3248 1980 3324 ὅψεως

2065 3249 2332 3313 Joannes
2361 3247 2820 3326 sicutdiximus,
2855 3250 2963 3312 Dei
2988 3249 3161 3310 nutui
3191 3249 3437 3312 omnino
3473 3269 3592 3312 non
3616 3269 3712 3314 re-

346 3345 414 3402 δι’
473 3344 790 3424 ἀμφοτέρων
850 3341 1257 3420 βεϐαιωθείσης,
1323 3338 1468 3404 ἀξιοῖ
1536 3340 1628 3394 τὸν
1704 3337 1983 3418 ἀρχιερέα,

342 3440 442 3504 τὴν
498 3438 642 3516 ἱερὰν
693 3435 1074 3512 μυσταγωγίαν
1135 3433 1291 3489 αὺτὸν
1352 3432 1568 3487 ἀκεῖνον
1643 3427 1762 3486 κατ’
1823 3431 1986 3496 αὑτὴν

344 3527 618 3584 ἐκεελέσάι
703 3527 804 3593 τὴν
878 3526 1107 3604 ἡμέραν,
1199 3521 1280 3601 ἐφ’
1357 3523 1402 3596 ᾧ
1479 3525 1584 3576 τῶν
1643 3521 1990 3595 ἀγιασμάτων

344 3617 584 3678 ἅπαντας
630 3627 958 3694 μετασχεῖν,
1009 3613 1096 3669 καὶ
1147 3618 1266 3674 τοὺς
1311 3611 1411 3677 τὴν
1459 3606 1706 3687 φροντίδα
1748 3606 1988 3672 διαδεξα-

344 3705 532 3780 μένους
576 3707 682 3760 τῶι
735 3703 973 3782 ἀδελφῶν
1033 3707 1129 3768 τῆς
1190 3699 1316 3778 παρ’
1361 3703 1520 3758 αὖτοῦ
1563 3696 1808 3774 εὖλογίας
1866 3697 1991 3752 ἔπι-

344 3807 558 3874 τυχεῖν.
627 3795 771 3849 Μετά
815 3792 867 3848 δὲ
913 3792 1076 3847 ταύτὲ
1119 3811 1304 3869 φησιν,
1361 3787 1470 3854 ὅπη
1522 3795 1599 3860 τῷ
1655 3793 1769 3862 Θεῷ
1812 3785 1991 3866 φίλον,

347 3873 630 3957 προθύμως
701 3881 850 3959 ἔχειν
910 3878 1247 3936 ἀκολουθεῖν.
1314 3875 1563 3953 Ἐγένετο
1625 3884 1790 3934 ταῦτα
1827 3889 1841 3904 ⁸
1905 3873 1993 3929 καὶ

347 3975 416 4047 τῇ
468 3972 588 4037 ἑξῆς
647 3977 723 4043 τῷ
775 3970 1004 4047 ἱεράρχη
1065 3965 1361 4042 μέλλοντος
1420 3963 1844 4043 συναποδημεῖν,
1905 3964 1992 4040 γί-

347 4063 493 4118 νεταί
522 4083 573 4116 τι
605 4067 825 4138 πρᾶγμα
855 4057 1088 4135 δακρύων
1121 4058 1192 4120 ὡς
1241 4055 1452 4122 ἀληθῶς
1514 4053 1681 4118 ἄξιον,
1729 4052 1995 4132 (Μνήμης

2071 3357 2358 3419 pugnare,
2393 3347 2453 3401 et
2484 3338 2740 3401 maxime
2764 3357 2899 3401 cum
2932 3339 3136 3400 divina
3165 3339 3316 3402 visio
3349 3360 3454 3417 per
3484 3350 3713 3404 utrum-

2071 3447 2187 3509 que
2219 3429 2427 3490 fuisset
2455 3429 3012 3507 confirmata,rogat
3041 3427 3211 3489 illum
3237 3429 3432 3507 ipsum
3469 3431 3714 3510 pontifi-

2073 3535 2231 3587 cem,
2269 3525 2335 3577 ut
2369 3516 2473 3578 illo
2505 3517 2637 3595 ipso
2667 3516 2768 3578 die
2797 3535 3034 3578 sacrum
3067 3525 3313 3596 peragat
3340 3521 3712 3599 mysterium,

2074 3614 2137 3667 ut
2158 3606 2280 3666 sint
2299 3623 2510 3667 omnes
2535 3605 2858 3688 participes
2879 3606 3413 3689 sanctificatorum,
3441 3616 3503 3671 et
3522 3609 3589 3685 ii,
3615 3611 3718 3691 qui

2077 3695 2324 3757 fratrum
2365 3712 2570 3757 curam
2615 3703 3038 3776 susceperunt,
3071 3706 3523 3776 consequantur
3552 3699 3719 3761 illius

2076 3784 2588 3847 benedictionem.
2627 3787 2766 3847 Post
2796 3786 2921 3847 haec
2938 3793 3160 3854 autem,
3195 3786 3413 3867 inquit,
3447 3806 3563 3867 quo
3595 3791 3721 3850 Deo

2075 3879 2264 3936 visum
2311 3882 2422 3947 est,
2458 3891 2679 3955 sequar
2724 3873 2856 3954 ipse
2891 3892 3133 3955 quoque
3155 3883 3432 3955 prompto
3456 3883 3516 3938 et
3538 3876 3723 3939 alacri

2076 3963 2302 4028 animo.
2338 3965 2518 4026 Facta
2557 3971 2698 4026 sunt
2720 3963 2871 4039 haec,
2905 3971 3117 4026 etcum
3137 3964 3418 4045 sequenti
3442 3964 3540 4028 die
3563 3974 3726 4027 esset

2077 4052 2349 4116 abiturus
2379 4053 2558 4115 simul
2591 4071 2724 4115 cum
2761 4053 3062 4134 pontiﬁce,
3102 4056 3164 4116 ﬁt
3194 4071 3293 4116 res
3325 4053 3726 4135 lacrymabilis

347 4150 660 4225 ἀξιούμενον
714 4149 803 4205 καὶ
872 4148 1038 4220 ζημία
1095 4159 1218 4209 ταῖς
1301 4143 1823 4224 φιλανθρωποτέραις
1883 4147 1980 4218 ψυ-

2080 4142 2195 4223 piis
2215 4143 2520 4218 animis,si
2542 4142 2632 4204 vel
2653 4142 2850 4206 solum
2872 4142 3176 4208 audiatur.
3199 4143 3344 4205 Eum
3371 4143 3727 4206 circumsis-

351 4253 489 4316 χαῖς
523 4241 609 4294 καὶ
641 4238 989 4316 συμπάσχειν
1020 4236 1076 4290 ὲν
1109 4247 1224 4295 τοῖς
1256 4235 1519 4296 τοιούτοις
1569 4232 1970 4308 ἐπισταμέναις.

2080 4243 2214 4295 tens
2239 4231 2554 4295 universus
2575 4233 2796 4294 chorus
2821 4233 3256 4296 monachorum
3286 4231 3540 4314 perinde
3569 4253 3644 4297 ac
3677 4235 3730 4296 si

357 4329 702 4406 Περιστάντες
775 4329 876 4404 γὰρ
954 4326 1111 4382 αὐτὸν
1190 4325 1332 4386 ἅπας
1397 4326 1424 4378 ὃ
1480 4329 1588 4378 τῶν
1656 4322 1980 4398 μοναζόντωη

2080 4322 2342 4402 eo,quod
2366 4322 2469 4385 ille
2491 4323 2673 4385 simul
2705 4339 2842 4385 cum
2875 4324 2965 4386 eis
2998 4307 3543 4398 esset,viverent,et
3566 4324 3725 4385 divi-

352 4417 546 4497 χορὸς,
595 4417 778 4490 ὥσπερ
840 4420 916 4487 τῷ
978 4415 1165 4486 ἐκείνῳ
1223 4425 1462 4468 συνεῖναι
1521 4418 1741 4482 ζῶντες,
1799 4414 1888 4467 καὶ
1929 4415 1980 4486 τῆ

2079 4412 2251 4474 sione
2270 4411 2448 4475 simul
2487 4429 2727 4493 quoque
2759 4423 2963 4475 essent
2992 4415 3080 4475 eis
3113 4413 3458 4476 auferenda:
3488 4414 3726 4486 animae,

355 4506 605 4584 διαιρέσει
663 4505 952 4581 μέλλοντες
1009 4505 1448 4582 συναφαιρεῖσθαι
1503 4503 1590 4559 καὶ
1647 4503 1738 4568 τάς
1786 4502 1980 4581 ψυχὰς1

2080 4501 2183 4583 qui
2213 4501 2285 4564 ad
2319 4501 2672 4564 movendam
2705 4503 3178 4566 misericordiam
3215 4522 3332 4564 non
3363 4502 3646 4565 dicebant
3673 4512 3732 4564 et

355 4599 404 4652 τί
447 4598 526 4669 μὴ
581 4597 712 4673 πρὸς
771 4599 958 4651 οἶκτον
1013 4593 1256 4670 ’έλεγονς
1315 4593 1470 4648 ποίαν
1510 4594 1717 4670 θρήνων
1764 4589 1980 4667 ὑπερϐο·

2083 4590 2412 4653 faciebant?
2429 4591 2614 4664 Quam
2641 4611 2759 4654 non
2779 4593 2868 4654 vel
2891 4611 3188 4656 summam
3213 4591 3475 4656 edebant
3497 4593 3732 4656 lamen-

354 4683 457 4750 λην
537 4683 908 4759 ἀπελίμπανον
948 4731 964 4754 ,
1036 4681 1310 4759 περιέψων
1377 4682 1561 4758 αὐτὸν,
1621 4679 1980 4758 περιέϐαλλον

2082 4680 2374 4743 tationem
2399 4689 2427 4745 ‘l
2450 4681 2597 4744 Eum
2627 4681 3634 4764 demulcebant,amplectebantur,
3668 4701 3735 4747 se

357 4773 575 4837 ἑαυτοὺς
632 4785 752 4837 τοῖς
811 4773 998 4830 τούτου
1042 4771 1229 4846 μέλεσι
1273 4767 1743 4849 συμπαρέϐαλλον.
1816 4776 1980 4847 [lapa-

2083 4769 2376 4833 membris
2406 4771 2573 4834 illius
2601 4770 3325 4854 implicabant.Dcsipere
3352 4791 3457 4835 eos
3481 4771 3740 4834 faciebat

358 4875 573 4943 φρονεῖν
622 4864 810 4926 αὖτοὺς
869 4862 1039 4918 ἐποίει
1099 4863 1161 4916 τὸ
1191 4861 1358 4923 πάθος
1389 4859 1530 4937 ἐνὸδ,
1564 4862 1791 4937 ἡγοῦντο
1835 4859 1980 4917 συνᾶ·

2087 4859 2270 4921 animi
2305 4858 2678 4940 perturbatio
2713 4880 2728 4922 :
2767 4861 3194 4926 existimabant
3221 4879 3464 4938 se,cum
3500 4861 3737 4936 liceret,

357 4957 479 5026 ψειν
535 4953 678 5025 αὐτῷ
721 4954 807 5008 καὶ
850 4953 918 5008 τὰ
961 4951 1208 5024 σώματα,
1262 4950 1360 5014 τὴν
1418 4948 1754 5028 ὑφοστροφήν
1785 4947 1966 5026 ἀπηγό

2085 4948 2334 5030 velipsa
2388 4967 2524 5012 esse
2574 4968 2832 5032 corpora
2882 4953 3343 5034 conjuncturos,
3393 4950 3592 5013 reditu
3624 4949 3742 5011 sibi

356 5062 532 5114 ρευον,
578 5042 680 5107 τὴν
720 5043 916 5115 μονὴν,
979 5042 1050 5100 ὡς
1087 5037 1282 5112 μηκέτι
1313 5036 1534 5094 δυνατὸν
1562 5036 1801 5114 ὄμμασιν
1832 5040 1980 5119 ὀφθῆι

2090 5037 2561 5115 interdicebant,
2595 5039 2912 5120 fugiebant
2967 5042 3424 5113 monasterium,
3460 5047 3738 5120 tanquam

357 5153 442 5187 ναι
501 5132 626 5194 τοῖς
685 5131 911 5202 ἑαυτῶν,
968 5125 1374 5205 ἀπεδίδρασκον.
1435 5117 1527 5192 'u;
1571 5125 1626 5182 δὲ
1669 5126 1824 5201 μόλις
1877 5151 1978 5184 ποτ

2096 5127 2229 5191 fleri
2287 5147 2405 5190 non
2463 5117 2692 5210 posset,
2757 5139 2824 5192 nt
2863 5131 3124 5213 amplius
3183 5130 3309 5192 suis
3363 5117 3745 5209 aspiceretur

356 5228 426 5295 τῇ
471 5225 615 5295 τομῇ
645 5221 738 5275 τοῦ
769 5218 955 5296 λόγου,
992 5218 1080 5273 καὶ
1113 5226 1265 5274 ιοῠτο
1310 5216 1409 5290 μὲν
1443 5223 1535 5271 τοῦ
1565 5214 1828 5294 μεγάλου,
1855 5224 1976 5274 τοῦτ

2096 5217 2310 5282 oculis.
2345 5217 2492 5282 Cum
2551 5230 2754 5283 autem
2785 5230 3030 5284 secante
3061 5221 3332 5282 oratione
3365 5217 3575 5299 partim
3610 5218 3746 5299 qui-

359 5307 414 5364 δὲ
475 5317 566 5366 τοῦ
608 5309 907 5387 ἀρχιερέως
954 5312 1336 5381 παραινοῦντος
1397 5306 1483 5359 καῖ
1544 5303 1866 5383 δριμυτέραν
1912 5329 1980 5364 πο

2097 5306 2237 5370 dem
2271 5307 2470 5388 magni
2509 5307 2783 5384 Joannis,
2817 5311 3032 5391 partim
3069 5316 3269 5372 autem
3303 5307 3606 5390 pontiﬁcis
3634 5307 3746 5370 ad-

362 5402 449 5453 καὶ
509 5400 608 5464 τὴν
658 5399 970 5470 ὶπιιίμτ,σιν
1016 5395 1390 5474 ἐπιφέροντος,
1449 5392 1544 5450 ἀπ’
1595 5397 1758 5452 αὐτοῦ
1807 5392 1978 5472 ansas

2102 5398 2431 5472 monentis,
2468 5405 2529 5460 et
2557 5397 2884 5480 aliquando
2915 5399 3096 5462 etiam
3129 5396 3749 5479 acerbiusincrepan-

363 5509 561 5564 γησαν,
607 5489 653 5541 οἱ
713 5486 809 5558 μὲν
857 5482 1077 5546 ἄκοντες
1125 5484 1501 5560 ἐπανήρχοντο
1555 5487 1774 5548 πυκνῶς
1833 5485 1980 5540 αὖτο]

2103 5485 2346 5559 ιίε,δυιιι
2367 5486 2440 5550 ab
2469 5503 2540 5551 eo
2563 5489 2773 5571 avulsi,
2809 5489 2912 5552 alii
2945 5488 3190 5576 quidem
3222 5485 3394 5554 inviti
3415 5486 3744 5565 redierunt,

450 5665 477 5716 7
508 5664 644 5731 Act.
681 5681 760 5737 Ix,
802 5661 958 5731 1-22.
