4098 6202
479 338 633 408 1075

1772 343 2056 408 MENSIS
2095 339 2540 412 JANUARIUS.

3685 349 3851 413 1076

475 484 693 549 crebro
709 481 780 548 ad
813 501 947 547 eum
979 499 1044 544 se
1074 479 1340 562 ipsorum
1385 480 1874 543 convertentibus
1904 482 2109 552 oculis,

2198 488 2304 537 τῶν
2363 480 2650 559 ὄφθαλμῶν
2693 480 3163 562 ἐπιστρεφομένων
3209 483 3297 537 καὶ
3345 483 3442 549 τὴν
3473 486 3690 561 tropei“
3721 497 3846 548 τοῖς

478 586 536 638 et
556 577 773 658 pedum
797 568 1700 650 iterinterrumpentibus,quod
1726 571 1938 632 divisio
1956 585 2108 633 esset

475 665 875 728 involuntaria
911 680 923 723 :
950 659 1048 720 alii
1075 677 1208 719 cum
1234 677 1444 738 magno
1465 659 1695 720 Joanne
1719 660 1831 721 iter
1855 661 2108 739 ingressi

475 763 640 823 sunt.
677 759 835 815 recta
876 747 1316 812 contendentes
1358 747 1432 808 ad
1489 748 1832 811 ecclesiam.
1889 749 2110 813 Omnes

471 849 670 907 autem
702 839 969 916 undique
1013 836 1403 898 conﬂuebant
1451 846 1509 898 et
1563 838 1909 915 currebant,
1943 850 2007 900 ut
2055 842 2108 901 ei

473 933 689 996 ﬁerent
717 929 975 992 obviam.
1009 926 1138 989 Non
1173 927 1369 988 minus
1403 928 1476 988 ad
1527 927 1720 1009 ipsum
1773 930 2108 1002 Antiochia,

473 1039 649 1105 quam
677 1021 885 1102 prius8
902 1019 972 1081 ad
992 1021 1310 1098 Baptistam
1331 1017 1388 1078 in
1404 1017 1724 1080 Iordanem
1750 1020 2110 1082 lsrael.Cum

472 1120 669 1174 autem
696 1129 832 1174 eum
861 1107 1194 1170 ordinaturi
1213 1108 1542 1184 essent(7).
1571 1119 1634 1167 ut
1655 1109 2108 1188 Deusjusserat,

471 1209 530 1265 et
559 1201 692 1263 dies
713 1200 953 1262 adesset
976 1196 1368 1280 praestitutus,
1404 1196 1609 1258 aderat
1639 1197 1882 1278 quidem
1918 1200 2113 1260 omnis

470 1300 662 1355 cetus
703 1290 995 1362 fidelium,
1031 1296 1092 1348 et
1137 1285 1312 1347 simul
1353 1285 1527 1347 etiam
1566 1286 2114 1350 aderatuniversus

473 1381 706 1445 Chorus
734 1380 1106 1462 pontiﬁcum.
1143 1377 1288 1440 Cum
1311 1376 1382 1437 ad
1405 1393 1568 1438 aram
1592 1395 1730 1438 vero
1753 1396 1980 1440 sacram
2008 1397 2110 1440 ac-

475 1471 920 1547 cessissent.,et
938 1467 1204 1551 quidem,
1239 1474 1305 1529 ut
1326 1466 1412 1527 fas
1436 1466 1820 1548 exigit,caput
1841 1469 2112 1530 Pontiﬁci

477 1561 881 1626 submisisset:
909 1558 1023 1641 ipsi
1047 1567 1243 1620 autem
1266 1557 1397 1635 ejus
1421 1574 1634 1619 manus
1656 1558 1908 1620 fuissent
1925 1559 2115 1640 impo-

475 1653 626 1729 sitas,
664 1651 1019 1714 miraculum
1054 1647 1354 1730 quoddam
1387 1646 1485 1709 hic
1509 1665 1748 1728 quoque
1768 1649 2111 1720 facitDeus,

473 1749 533 1805 et
553 1741 816 1804 ostendit
841 1758 975 1802 eum
995 1737 1098 1819 qui
1123 1736 1644 1808 initiabatur,esse
1673 1738 2011 1816 dignum,et
2039 1758 2112 1801 ex

2195 573 2350 625 ποσὶν
2397 570 2794 646 ἒγκοπτόντων,
2859 574 2908 626 αἱ
2960 569 3014 626 δὲ
3067 574 3183 642 περῖ
3229 573 3316 628 τόν
3378 573 3546 650 μέγαν
3578 575 3672 641 τῆς
3718 573 3846 629 ὁδοῦ

2194 659 2443 739 εἴχοντο,
2493 665 2609 720 εὐθὺ
2653 663 2752 728 τῆς
2819 660 3109 728 ἐκκλησίαις
3154 661 3494 724 ἐλαύνοντες.
3555 663 3845 742 Συνέῤῥεον

2193 747 2248 805 δὲ
2305 749 2573 824 πανδημεὶ
2631 751 2850 823 πάντες,
2901 753 2988 807 καὶ
3033 753 3163 829 πρὸς
3205 754 3302 820 τὴν
3356 755 3649 820 ὃπάντησιν
3696 754 3844 811 ἔθεον

2195 839 2300 919 οὔχ
2329 842 2493 906 ἧττον
2521 841 2608 897 ἐπ’
2651 842 2808 900 αὖτὸν
2857 843 3190 919 Ἀντιόχεια,
3225 843 3260 910 ἢ
3293 842 3378 899 ἐπὶ
3410 845 3502 899 τὸν
3533 845 3846 912 Βαπτιστῆν

2195 930 2452 1008 πρότερον
2509 933 2583 994 εἷς
2631 933 2723 987 τὸν
2765 931 3039 1010 Ἰορδάνην
3086 935 3112 987 ὃ
3145 932 3386 1003 Ἰσραήλ,
3445 933 3598 992 Ἐπεὶ
3649 932 3705 990 δὲ
3754 937 3846 990 καὶ

2199 1034 2535 1099 χειροτονεῖν
2579 1023 2736 1078 αὗτὸν
2781 1020 3031 1100 ἔμελλον,
3102 1024 3174 1086 ὡς
3223 1025 3285 1078 τὸ
3342 1027 3488 1080 θεῖον
3547 1024 3840 1102 ἐπίταγμα,

2195 1112 2282 1165 καὶ
2312 1113 2344 1176 ἡ
2393 1113 2547 1188 κυρία
2605 1117 2805 1188 παρῆν,
2849 1117 2994 1167 πᾶσα
3039 1110 3136 1184 μὲν
3170 1118 3274 1168 τῶν
3306 1119 3510 1168 πιστῶν
3541 1116 3840 1192 ὁμήγυρις,

2194 1204 2295 1260 πᾶς
2331 1199 2384 1253 δὲ
2424 1202 2448 1254 ὁ
2496 1206 2602 1255 τῶν
2651 1200 2948 1280 ἀρχιερέων
2998 1202 3163 1278 χορὸς
3196 1203 3503 1278 συμπαρῆν.
3541 1195 3634 1267 Ὠς
3664 1201 3842 1259 δὲκαὶ

2195 1291 2271 1363 τῷ
2301 1291 2425 1367 ἱερῷ
2469 1289 2772 1368 προσῆλθον
2833 1291 2935 1368 [γρ.
3001 1287 3294 1372 προσῆλθε]
3324 1294 3703 1370 θυσιαστηρίῳ,
3739 1293 3836 1348 καί

2195 1379 2353 1442 αὒτὸς
2385 1379 2506 1452 μὲν,
2555 1381 2628 1434 ὡς
2683 1379 2852 1453 θέμις,
2913 1379 3115 1459 ὓπέσχε
3173 1384 3250 1454 τῷ
3280 1381 3508 1460 ἱεράρχη
3537 1384 3633 1450 τὴν
3664 1404 3840 1462 κειρα-

2195 1467 2318 1541 λὴν,
2383 1468 2568 1524 τούτου
2623 1468 2676 1525 δὲ
2725 1471 2774 1524 αἱ
2817 1482 3005 1548 χεῖρες
3045 1470 3179 1546 αὐτῇ
3250 1471 3576 1546 ἐπετίθεντο,
3625 1476 3842 1546 θαυμα-

2193 1572 2412 1636 τουργεϊ
2443 1581 2490 1614 τι
2525 1559 2786 1616 κάνταῦθα
2837 1561 2990 1629 Θεὸς,
3057 1559 3149 1616 καί
3181 1558 3404 1617 δεικνύει
3449 1563 3540 1616 τὸν
3594 1561 3842 1618 τελειοῦ-

2195 1670 2262 1721 με
2278 1671 2357 1704 δον
2406 1647 2551 1713 ἄξιόν
2593 1669 2650 1704 τε
2695 1648 3032 1727 ὑπάρχοντα,
3066 1649 3154 1704 καὶ
3183 1651 3322 1706 κατα
3351 1661 3444 1710 τοῦ
3475 1650 3661 1710 δοκοῦν
3697 1654 3842 1721 αὐτῷ

2193 1743 2291 1803 τῆς
2350 1737 2639 1814 ἱερωσύνης
2696 1737 3128 1812 καναξιούμενον.
3193 1742 3482 1819 Περιστερα
3550 1743 3652 1818 γὰρ
3708 1740 3840 1796 λευ-

471 1849 579 1894 sua
626 1829 926 1892 sententia
968 1829 1137 1892 illum
1182 1826 1487 1903 dignatum
1540 1825 1723 1886 fuisse
1744 1829 2108 1890 sacerdotio.

2197 1828 2266 1894 κη
2310 1827 2490 1882 καὶτὸ
2548 1825 2697 1890 εἶδος
2738 1826 2937 1906 σφόδρα
2983 1826 3147 1905 καλὰ,
3196 1827 3306 1884 ἅνω
3361 1831 3452 1886 τὸν
3495 1837 3623 1887 ναὸν
3653 1842 3841 1906 περιϊ-

473 1919 764 1985 Columba
794 1921 955 1983 enim
979 1927 1036 1980 et
1076 1917 1277 1979 colore
1294 1914 1452 1988 alba,
1479 1925 1536 1976 et
1557 1916 1760 1995 specie
1783 1917 1952 1978 valde
1977 1918 2113 1997 pul-

473 2009 938 2092 chra,templum
958 2006 1239 2088 superius
1253 2005 1775 2078 convolans,illico
1802 2006 2112 2068 descendit

474 2109 534 2164 et
560 2099 788 2162 insidet
817 2098 994 2180 capiti
1022 2093 1282 2176 ejus,qui
1314 2092 2109 2176 ordinabatur.Supervaca-

472 2208 654 2252 neum
691 2197 850 2253 esset
907 2187 1154 2250 omnino
1206 2183 1516 2246 immorari
1550 2186 1611 2244 in
1643 2184 2114 2266 interpretandis

471 2280 546 2342 iis
575 2298 709 2362 qua;
729 2287 870 2342 sunt
893 2273 1345 2338 manifesta.Cui
1372 2272 1530 2336 enim
1566 2293 1683 2335 non
1715 2284 1805 2338 est
1835 2275 2116 2339 manifes-

471 2361 622 2443 tum,
655 2370 770 2432 hoc
801 2386 935 2432 esse
968 2369 1203 2447 signum
1235 2361 1426 2428 sancti
1457 2362 1769 2440 Spiritus?

553 2459 835 2524 XII.Cum
857 2459 1058 2539 itaque
1075 2454 1319 2538 copiose
1339 2455 1410 2517 ad
1435 2471 1570 2515 eum
1596 2454 1920 2516 afﬂuxisset
1941 2456 2115 2536 spiri-

470 2558 568 2613 tus
584 2546 1148 2631 sapientianicebal
1169 2544 1415 2628 quidem
1449 2543 1657 2606 videre
1673 2545 2113 2625 frequentiores

469 2643 989 2719 congregationes,
1025 2643 1083 2698 et
1139 2633 1424 2715 populum
1477 2631 1551 2692 ad
1580 2651 1716 2694 eum
1747 2633 2108 2695 audiendum

472 2729 926 2793 convenientem
957 2747 973 2787 :
1012 2727 1142 2807 ejus
1172 2733 1373 2787 autem
1422 2723 1708 2802 linguam,
1745 2741 1876 2802 quae
1905 2742 2108 2786 move-

471 2819 645 2882 batur
664 2819 927 2892 assidue,
963 2825 1022 2880 et
1051 2814 1337 2878 orationis
1368 2815 1591 2875 ﬂuento
1622 2813 2108 2887 inundabat.Quo

474 2917 746 2990 tempore
767 2927 901 2970 cum
927 2923 1267 2968 sermonem
1296 2902 1612 2964 extolleret
1639 2901 2021 2983 altius,quam
2049 2911 2111 2964 ut

470 2999 530 3060 id
556 2999 712 3077 vulgi
735 2995 1037 3076 ingenium
1095 3000 1360 3074 caperet,
1395 2991 1614 3053 mulier
1643 2993 1939 3072 quaedam,
1978 3012 2110 3073 quae

473 3101 743 3162 prompto
764 3089 998 3161 quidem
1024 3097 1078 3145 et
1100 3089 1276 3145 alacri
1295 3087 1489 3143 animo
1503 3096 2108 3156 concurrerat,eorum

471 3184 696 3254 autem,
730 3193 860 3255 qua;
890 3172 1242 3235 dicebantur
1269 3169 1647 3232 altitudinem
1699 3171 1936 3252 assequi
1992 3189 2107 3232 non
2129 3207 2168 3257 ο

473 3271 812 3348 poterat,ne
834 3262 1118 3324 dubitavit
1138 3261 1378 3341 quidem
1405 3260 1533 3340 ejus
1551 3259 1877 3348 orationem
1902 3268 2109 3340 aperte

471 3353 946 3435 reprehendere,
979 3359 1040 3414 et
1069 3369 1196 3412 eam
1234 3367 1447 3412 vocare
1474 3347 2106 3430 infrugiferam,prop-

473 3451 638 3505 terea
658 3441 815 3524 quod
840 3460 959 3503 non
991 3441 1206 3520 adepta
1237 3446 1399 3501 esset
1427 3437 1675 3518 id,quod
1705 3438 2104 3502 desiderabat.

471 3534 599 3596 Hoc
619 3550 756 3595 cum
781 3532 853 3594 ad
877 3537 1056 3595 aures
1079 3531 1240 3594 illius
1275 3529 1663 3611 pervenisset,
1701 3529 1885 3590 efﬁcit
1918 3538 1979 3592 ut
2010 3531 2106 3591 in-

470 3621 718 3685 tellectu
740 3622 1067 3685 faciliorem
1092 3630 1150 3684 et
1171 3619 1532 3702 apertiorem
1556 3627 1947 3700 componeret
1967 3637 2106 3682 ora-

471 3713 716 3777 tionem.
741 3710 912 3775 Tunc
933 3719 1130 3775 autem
1157 3710 1398 3793 quidam
1420 3727 1491 3771 ex
1522 3708 1727 3790 iis,qui
1751 3709 2110 3772 tenebantur

473 3820 680 3865 amore
703 3800 1266 3884 eloquentiae,valde
1296 3799 1577 3862 delectati
1610 3799 1787 3861 melle
1818 3798 1980 3860 illius
2002 3800 2110 3860 lin-

470 3892 1084 3972 guai,considerantes
1107 3891 1269 3954 illius
1296 3889 1598 3953 orationes
1620 3907 1751 3950 esse
1774 3898 1831 3950 et
1853 3890 2034 3951 utiles
2052 3897 2111 3952 et

469 3983 984 4064 veras,sensisque
1000 3981 1218 4049 divinis
1251 3981 1479 4058 plenas,
1511 3978 1822 4060 clarasque
1845 3989 1902 4040 et
1930 3997 2108 4059 aper-

473 4082 642 4146 tas,et
663 4091 792 4133 cum
817 4084 1030 4148 quanta
1057 4077 1236 4148 gratia
1261 4083 1317 4133 et
1346 4079 1563 4146 quanto
1594 4072 1820 4129 dicendi
1845 4073 2105 4140 ﬂamine,

475 4166 817 4239 quantoque
839 4159 1096 4222 artiﬁcio
1121 4168 1180 4223 et
1201 4177 1376 4240 quam
1403 4157 1647 4238 pulchra
1673 4156 2108 4238 compositione

471 4248 911 4328 proferrentur,
936 4249 1038 4312 alii
1067 4249 1312 4328 quidem
1346 4265 1482 4310 eum
1509 4266 1576 4310 os
1619 4246 1726 4308 Dei
1749 4255 1807 4308 et
1835 4247 2052 4309 Christi
2089 4269 2102 4311 :

467 4336 572 4400 alii
602 4345 824 4411 antem,
855 4338 1010 4418 quod
1046 4338 1234 4417 magis
1281 4337 1549 4408 invaluit,
1585 4355 1719 4398 eum
1753 4335 2106 4417 Chrysosto-

469 4445 632 4489 mum
669 4426 1042 4504 vocabant,id
1077 4437 1165 4490 est
1198 4447 1266 4489 os
1307 4445 1577 4490 aureum.
1617 4428 1757 4489 Post
1787 4426 1910 4488 haec
1969 4426 2106 4488 Fla-

467 4515 678 4577 vianus
700 4516 968 4593 quidem,
1004 4518 1300 4579 arbitrans
1322 4515 1701 4590 fore,uteum
1736 4524 1870 4595 post
1898 4533 1962 4577 se
1996 4517 2106 4578 ha-

468 4604 643 4667 beret
661 4605 984 4668 antistitem
1006 4606 1292 4670 Ecclesia:
1307 4604 1868 4678 Antiochense,eum
1892 4604 1966 4667 ad
1992 4607 2107 4668 hoc

469 4693 882 4770 iuducebat,et
903 4715 1104 4760 rerum
1136 4713 1337 4758 curam
1359 4695 1417 4758 ei
1440 4693 1672 4757 volebat
1693 4693 2104 4759 tradere.Cum

467 4793 666 4847 autem
691 4784 863 4848 turba
882 4785 1382 4862 sollicitudinum,
1418 4784 1558 4847 etin
1595 4783 1892 4864 ejusmodi
1922 4784 2106 4848 rebus

467 4872 722 4955 distrahi
741 4875 1098 4950 animum,ei
1134 4875 1380 4936 minime
1412 4883 1572 4955 esset
1593 4882 1852 4955 gratum,
1885 4873 1942 4935 id
1979 4875 2107 4955 qui-

469 4955 606 5018 dem
631 4953 910 5018 lubenter
925 4955 1144 5036 repulit
1171 4973 1184 5018 :
1211 4955 1324 5017 soli
1355 4973 1496 5017 vero
1529 4953 1819 5017 doctrinae
1839 4953 1906 5016 et
1933 4953 2104 5017 inlir-

465 5063 699 5107 morum
733 5045 1052 5108 visitationi
1084 5045 1411 5108 vacandum
1475 5063 1608 5107 esse
1666 5044 1922 5107 censuit.
1975 5044 2102 5117 Quo

463 5133 706 5215 quidem
735 5134 954 5198 factum
986 5143 1169 5210 est,ut
1198 5133 1438 5210 Christi,
1469 5134 1632 5210 quod
1659 5135 1859 5196 omnia
1883 5143 2100 5214 potest,

462 5223 813 5300 nomine,ab
835 5225 1182 5288 inﬁrmitate
1207 5227 1424 5288 multos
1444 5223 1742 5286 liberavit.
1771 5222 1913 5284 Eum
1939 5223 2099 5284 enim

459 5330 670 5376 rursus
691 5313 987 5394 insignem
1012 5315 1199 5378 voluit
1220 5315 1479 5378 reddere
1496 5312 1973 5395 spiritus.Satius
2002 5331 2100 5376 au~

2199 1915 2444 1989 πταμένη
2488 1916 2695 1972 κάτεισι
2745 1921 3107 1996 παραχρῆμα,
3142 1917 3236 1974 καί
3267 1921 3334 1994 τῇ
3365 1926 3457 1974 τοῦ
3486 1941 3841 1999 χειροτονου-

2198 2005 2358 2081 μὲνου
2401 2006 2719 2073 ὶπικάθηται
2765 2005 2998 2085 κεφαλῇ,
3047 2007 3266 2072 Πάντως
3320 2008 3380 2064 οὗ
3412 2009 3525 2087 χρὴ
3557 2012 3842 2088 περιττοὺς

2198 2096 2342 2152 εἶναι
2393 2097 2458 2151 τὰ
2515 2093 2652 2161 δῆλα
2715 2095 3184 2173 διερμηνεύοντας.
3245 2098 3356 2156 Τίνι
3407 2099 3509 2174 γὰρ
3559 2101 3618 2154 οῦ
3650 2100 3840 2180 σαφὲς,

2199 2185 2279 2241 ὅτι
2305 2193 2396 2242 τοῦ
2424 2184 2564 2241 θείου
2597 2185 2902 2261 Πνεύματος
2933 2193 3090 2244 τοῦτο
3122 2185 3389 2262 σύμϐολον
3417 2188 3485 2255 ἦν
3521 2207 3537 2263 ;

2283 2452 2392 2509 IB'.
2459 2453 2615 2510 Ὅθεν
2673 2461 2798 2530 γοῦν
2855 2455 2945 2510 καὶ
3000 2462 3092 2512 τοῦ
3141 2455 3237 2523 τῆς
3297 2456 3480 2535 σοφίας
3536 2460 3841 2532 πνεύματος

2196 2539 2572 2620 δαψιλέστερον
2643 2544 2786 2618 αὗτῷ
2870 2543 3250 2624 προσρυέντος,
3343 2545 3666 2623 πυκνοτέρας
3741 2547 3840 2620 μὲν

2194 2631 2258 2698 ἧν
2317 2632 2442 2706 ὸρᾷν
2484 2631 2579 2693 τὰς
2638 2631 2874 2698 συνάξεις
2924 2633 3014 2688 καὶ
3071 2635 3163 2690 τὸν
3215 2632 3341 2690 λαὸν
3400 2637 3646 2690 συνιόντα
3704 2638 3839 2714 πρὸς

2193 2723 2294 2787 τὴν
2335 2719 2610 2798 ἀκρόασιν,
2678 2721 3058 2801 συνεχέστερον
3115 2721 3169 2779 δὲ
3215 2728 3357 2798 αὒτῷ
3387 2725 3710 2793 κινουμένην
3738 2726 3837 2790 τὴν

2193 2809 2438 2887 γλῶτταν
2487 2813 2576 2866 καὶ
2625 2812 2701 2872 τῶ
2759 2818 2865 2867 τῶν
2913 2811 3090 2888 λόγων
3135 2814 3354 2890 ῥεύματι
3414 2814 3834 2890 πελαγίζουσαν,

2193 2899 2324 2957 "Ore
2355 2901 2443 2956 καὶ
2475 2908 2660 2974 μεῖζον
2688 2901 2724 2968 ἣ
2773 2903 2907 2957 κατὰ
2949 2902 3048 2968 τὴν
3103 2901 3318 2959 πολλῶν
3348 2901 3581 2961 διάνοιαν
3613 2905 3704 2960 τὸν
3739 2903 3836 2959 λό⁸

2193 3009 2288 3066 γον
2343 2989 2679 3066 ἐπαίροντος,
2751 2993 2884 3068 γυνή
2944 2993 3226 3070 προθύμως
3300 2994 3398 3068 μὲν
3441 2993 3832 3072 συνδραμοῦσα,

2193 3084 2284 3134 τοῦ
2343 3077 2509 3154 ὕψους
2567 3078 2620 3136 δὲ
2663 3086 2768 3137 τῶν
2827 3079 3135 3158 λεγομένων
3187 3083 3542 3160 ἐκπίπτουσα,
3594 3091 3836 3162 φανερῶς

2193 3165 2462 3246 ἑμὲμφετο
2519 3175 2595 3240 τῷ
2653 3168 2820 3247 λόγῳ,
2883 3172 2968 3227 καὶ
3009 3170 3260 3252 ἀνωφελῆ
3333 3179 3522 3229 τοῦτον
3578 3172 3836 3228 ἀπεκάλει

2192 3259 2286 3314 καί
2350 3256 2608 3336 ἄκαρπον,
2645 3267 2810 3316 Τοῦτο
2841 3259 3055 3316 ἐκείνων
3087 3262 3160 3326 εἷς
3203 3262 3314 3318 ὦτα
3364 3260 3537 3334 item,
3597 3264 3728 3340 πρὸς
3777 3264 3837 3318 τὸ

2192 3345 2399 3423 μᾶλλον
2459 3347 2621 3427 σαφὲς
2667 3350 2753 3405 καὶ
2814 3349 3134 3408 εὐσύνοπτον
3191 3353 3282 3407 τὸν
3336 3351 3501 3429 λόγον
3532 3352 3836 3411 συντάττειν

2193 3438 2602 3513 παρασκευάζει,
2664 3439 2790 3496 Τότε
2834 3436 2899 3507 δὴ
2947 3440 3178 3497 καὶτῶν
3210 3439 3514 3519 φιλολόγων
3556 3441 3705 3505 τινὲς
3765 3445 3839 3515 τῷ

2191 3526 2370 3593 μέλιτι
2412 3531 2508 3594 τῆς
2552 3527 2754 3584 ἐκείνου
2811 3529 3055 3606 γλώττης
3116 3528 3478 3610 διαφερόντως
3547 3529 3833 3609 ἡδόμενοι,

2189 3617 2276 3672 καὶ
2333 3616 2454 3680 τοὺς
2501 3615 2694 3694 λόγους
2751 3621 2823 3684 ὡς
2873 3619 2973 3689 μὲν
3020 3618 3349 3700 επωφελεῖς,
3385 3623 3457 3684 ὡς
3489 3619 3544 3677 δὲ
3575 3621 3829 3690 ἀληθεῖς,

2189 3708 2261 3768 ὡς
2317 3705 2371 3761 δὲ
2443 3707 2730 3780 νοημάτων
2784 3710 2938 3765 θείων
3003 3709 3223 3786 πλήρεις
3283 3721 3686 3781 κατανοοῦντες,
3752 3712 3837 3766 καὶ

2190 3796 2338 3860 ὅπως
2383 3796 2481 3869 μὲν
2525 3797 2840 3876 σαφηνείας,
2895 3797 3040 3861 ὅπως
3087 3797 3142 3855 δὲ
3202 3799 3426 3875 μεθόδου
3482 3802 3571 3857 καὶ
3609 3801 3834 3880 τέχνης,

2191 3883 2336 3948 ὅπως
2363 3882 2417 3940 δὲ
2448 3885 2675 3965 χάριτος
2727 3885 2914 3966 ἔχουσι
2969 3889 3060 3944 καὶ
3119 3888 3350 3966 εὗροίας,
3385 3889 3507 3948 οῗοο
3549 3889 3605 3947 δὲ
3633 3891 3834 3967 ῥυθμοῦ

2191 3975 2278 4030 καὶ
2333 3977 2622 4049 συνθήκης,
2657 3979 2856 4051 οἱμὲν,
2893 3985 3026 4034 Θεοῦ
3081 3999 3138 4033 τε
3199 3979 3285 4035 καὶ
3344 3986 3573 4052 Χριστοῦ
3633 3981 3828 4055 στόμα,

2190 4067 2236 4120 οἱ
2289 4062 2343 4120 δὲ
2406 4063 2457 4142 (ὃ
2516 4067 2602 4121 καὶ
2661 4065 2870 4140 μᾶλλον
2928 4081 3150 4145 κρατεῖν
3195 4067 3426 4149 ἴσχυσε)
3457 4070 3832 4144 Χουσόστομον

2190 4154 2349 4211 αὒτὸν
2404 4153 2730 4217 ἀπεκάλουν.
2809 4158 2954 4215 Μετᾶ
3010 4155 3064 4213 δὲ
3135 4167 3322 4236 ταῦτα,
3372 4157 3675 4225 Φλαὸιανὸς
3734 4159 3831 4234 μὲν

2190 4241 2442 4322 πρόεδρον
2497 4245 2655 4302 αὐτὸν
2698 4246 2796 4312 τῆς
2843 4246 3173 4326 Ἀντιοχέων
3231 4245 3557 4313 Ἐκκλησίας
3587 4248 3674 4304 καὶ
3705 4246 3832 4303 διά-

2188 4331 2357 4412 δοχον
2414 4336 2573 4391 αὐτοῦ
2659 4333 3085 4411 καταλιμπάνειν
3160 4335 3428 4410 οἰόμενος,
3491 4334 3649 4414 ὲνῆγε
3698 4339 3834 4413 πρὸς

2190 4423 2366 4496 τοῦτο,
2433 4424 2516 4478 καὶ
2574 4423 2674 4490 τὴν
2735 4429 2840 4480 τῶν
2916 4425 3250 4504 πραγμάτων
3327 4429 3469 4498 αὖτῷ
3527 4427 3838 4500 οἰκονομίαν

2188 4511 2510 4590 ἔγχειρίζειν
2549 4509 2831 4580 ἠϐούλετο.
2872 4520 2958 4588 Τῷ
3005 4513 3060 4570 δὲ
3111 4514 3396 4593 φροντίδων
3427 4513 3597 4594 ὄχλος
3639 4518 3728 4572 καὶ
3771 4518 3836 4571 τὸ

2189 4603 2321 4679 πρὸς
2379 4602 2445 4657 τὰ
2504 4609 2724 4659 τοιαῦτα
2784 4608 3138 4681 περισπᾶσθαι
3184 4607 3277 4660 τὸν
3329 4611 3450 4661 νοῦν
3492 4605 3838 4662 παντάπασιν

2194 4690 2219 4710 )I
2414 4693 2436 4711 η
2607 4699 2628 4709 ν
2784 4694 2798 4709 \
3049 4693 3094 4713 κν
3224 4695 3238 4714 9
3637 4693 3650 4713 Ι
3783 4691 3827 4712 “ὶ

2187 4690 2378 4770 αφιλον
2412 4714 2494 4765 ον,
2540 4714 2696 4749 τουτο
2739 4716 2838 4767 μεν
2885 4695 2973 4750 καὶ
3003 4695 3173 4762 ἡοεως
3216 4694 3473 4752 απώσατο
3510 4709 3524 4724 ⁸
3579 4717 3717 4770 μονῃ
3779 4711 3835 4749 es

2186 4785 2255 4857 τῇ
2311 4779 2640 4857 διδασκαλίᾳ,
2691 4784 2778 4839 καὶ
2819 4789 2888 4859 τῇ
2932 4789 3040 4841 τῶν
3084 4785 3320 4842 ἀσθενῶν
3378 4783 3656 4860 ἐπισκέψει
3687 4805 3835 4863 σχο-

2187 4869 2367 4941 λάζειν
2422 4871 2646 4950 ἔκριθεν,
2707 4870 2758 4936 εξ
2800 4873 2875 4929 ὧν
2930 4875 3017 4929 καὶ
3074 4872 3309 4938 πολλοὺς
3357 4880 3434 4948 τῷ
3463 4874 3636 4930 πάντα
3667 4871 3830 4928 δυνα-

2189 4959 2334 5035 μένῳ
2391 4967 2620 5038 Χριστοῦ
2677 4961 2925 5036 ὀνόματι,
2985 4969 3084 5031 τῆς
3141 4963 3409 5028 ἀσθενείας
3489 4962 3830 5032 ἀπήλλαττε.

2191 5049 2296 5105 Καί
2378 5049 2479 5127 γὰρ
2566 5049 2798 5128 ἐπιφανῆ
2892 5050 3067 5108 τοῦτον
3132 5052 3219 5108 καὶ
3305 5052 3448 5117 αὖθις
3503 5053 3565 5108 τὸ
3621 5059 3834 5126 πνεῦμα

2183 5139 2410 5204 καθίστη
2469 5141 2558 5195 καὶ
2615 5137 2848 5210 δοξάζειν
2905 5139 3182 5208 ἠϐούλετο,
3229 5140 3390 5199 Οὐδὲν
3446 5139 3502 5196 δὲ
3565 5142 3688 5197 οἷον
3742 5142 3835 5196 καὶ

2185 5226 2338 5304 ὀλίγα
2395 5232 2713 5306 παραθεῖναι
2759 5237 2834 5304 τῷ
2878 5229 3024 5308 λόγῳ
3067 5232 3199 5309 πρὸς
3245 5228 3554 5308 δοξολογίαν
3585 5237 3678 5287 τοῦ
3735 5227 3833 5288 δυ-

2185 5317 2533 5390 ναμώσαντος
2546 5364 2558 5379 ,

466 5410 585 5466 tem
621 5403 800 5467 fuerit
828 5405 1046 5469 iterum
1075 5422 1396 5487 paucorum
1430 5403 1804 5477 meminisse,
1837 5402 1994 5465 sicut
2017 5423 2147 5466 sum
2176 5403 2499 5486 pollicitus.

542 5514 576 5563 8
608 5515 754 5576 Luc.
782 5531 872 5593 ιιι,
906 5515 966 5580 2.

532 5620 613 5690 (7)
643 5620 950 5695 Presbyter
983 5623 1290 5695 ordinatur
1317 5637 1470 5695 anno
1499 5622 1628 5695 386,
1677 5631 1740 5695 ut
1776 5629 1936 5695 notat
1970 5620 2096 5678 Bar.

452 5691 649 5756 Utrum
681 5691 866 5753 vero'a
901 5693 1174 5756 Flavlano
1207 5693 1295 5756 vel
1321 5695 1390 5753 ab
1426 5694 1672 5768 Evagrio
1710 5691 1938 5755 Paulini
1967 5707 2099 5749 suc-

2183 5635 2443 5689 cessure,
2477 5621 2808 5691 discrepant
2846 5632 3132 5684 auctores.
3166 5623 3308 5682 Vide
3340 5624 3550 5684 Barou.
3589 5631 3726 5682 tom.
3762 5619 3834 5679 Ν

2183 5692 2378 5755 Annal
2407 5693 2476 5752 ad
2519 5708 2613 5753 an.
2647 5693 2774 5752 386.
