4032 6202
183 367 222 435 1
237 365 391 435 O77

1275 365 1463 430 VITA
1507 317 1587 429 s.
1614 361 1937 428 JOANNIS
1989 361 2547 427 cunvsosrom.

3451 363 3604 431 1078

310 501 420 562 ιιν.
483 507 518 559 Γ
523 503 685 576 οναίῳ
741 499 843 556 τινὶ
902 504 1006 556 τῶν
1065 497 1119 555 ἒν
1176 497 1483 578 Ἀντιοχείᾳ
1543 502 1866 578 περιφανῶν,

2030 493 2180 557 XIII.
2215 494 2439 558 Illustri
2466 494 2701 558 cuidam
2735 493 2971 558 mulieri
3006 495 3335 560 Antiochia:
3375 515 3596 562 nomen

186 593 430 652 Εὗχλία
490 599 746 666 τοῦνομα·
815 589 981 665 ταύτῃ
1051 587 1106 644 δὲ
1172 589 1283 650 υίὸς
1341 588 1617 665 ἆγᾶπητὸς
1671 587 1761 667 ἧν,
1821 588 1878 650 ὃς

193 690 444 761 πυρετῷ
528 677 786 738 καυσώδει
871 677 1093 754 ληγθεῖς
1199 676 1446 749 τελευτᾷν
1532 673 1872 732 ἔκινδύνυευε.

193 780 498 849 Μιμεϊται
563 776 842 848 τοιγαροῦν
901 768 998 828 τὴν
1061 768 1356 824 Χαναναίαν
1419 769 1453 835 ἡ
1529 767 1730 844 μήτηρ,
1792 765 1879 821 καὶ

190 869 304 936 τῷ
353 862 597 939 μακαρίῳ
657 857 1038 938 προσελθοῦσα,
1095 858 1182 913 καὶ
1239 857 1415 935 φωνὰς
1473 856 1649 930 ἐκείνη
1706 874 1880 931 παρα-

189 951 478 1019 πλησίως
537 949 876 1026 προσάγουσα
935 945 1114 1008 ἐλέους
1174 960 1384 1022 τυγεῖν,
1432 949 1525 1003 οῦκ
1585 944 1670 1000 ἐπὶ
1712 947 1878 1021 θυγα-

186 1043 330 1120 τρὶ,
367 1039 491 1097 ἀλλ’
534 1039 614 1120 ἐφ’
674 1041 768 1112 υἱῷ
812 1034 1156 1114 πατρεκάλει,
1213 1034 1360 1102 Πλὴν
1392 1034 1528 1091 ἀλλά
1587 1033 1876 1112 προσέχειν

193 1128 336 1210 δεῖ,
371 1131 464 1187 τὸν
525 1134 668 1200 νοῦν,
699 1127 785 1182 καὶ
818 1137 1042 1181 σκοπεῖν
1103 1124 1250 1186 ὅπως
1285 1128 1411 1204 εἶχε
1461 1143 1704 1201 γνωμης,
1741 1121 1877 1196 μετὰ

193 1209 329 1280 τοῦδ
380 1220 632 1294 σώματος
687 1215 995 1292 θεραπεύειν
1039 1221 1126 1270 καί
1184 1215 1278 1278 τὰς
1332 1214 1510 1292 ψυχὰς
1571 1210 1776 1287 μᾶλλον
1820 1209 1873 1266 δὲ

195 1311 316 1367 καὶ
359 1312 462 1388 πρὸ
492 1309 692 1364 τούτων
752 1305 977 1368 ἕκείνας³
1014 1303 1126 1361 ἐπεὶ
1158 1306 1244 1360 καὶ
1296 1311 1387 1362 τοῦ
1419 1305 1650 1383 πάσχειν
1693 1304 1872 1366 κακῶς

196 1401 287 1457 τὰ
345 1402 596 1476 σώματα,
653 1397 842 1460 ταύτας
900 1395 1068 1458 αἰτίας
1112 1393 1351 1472 ηὕρισκε.
1408 1400 1503 1452 Καὶ
1561 1399 1719 1450 τοῦτο
1779 1392 1872 1468 μὲν

199 1489 313 1546 διὰ
387 1489 492 1546 τῶν
563 1486 871 1564 φθασάντων
929 1482 1089 1552 δῆλον
1148 1484 1359 1562 γέγονε,
1407 1481 1638 1550 δηλώσει
1691 1481 1744 1538 δὲ
1789 1483 1873 1538 καὶ

203 1583 376 1646 αὖθις
409 1581 436 1634 ὃ
481 1576 666 1654 λόγος,
725 1568 818 1638 Ὠς
851 1574 949 1652 γὰρ
994 1574 1232 1648 ἐκθύμως
1263 1573 1395 1652 ἄγαν
1454 1577 1539 1628 καὶ
1571 1572 1874 1651 περιπαθῶς

199 1672 246 1737 ἡ
319 1669 457 1745 γυνὴ
507 1667 638 1744 πρὸς
695 1665 793 1732 τὴν
836 1665 1106 1742 ἱκετηριαν
1163 1663 1388 1720 ἒτείνετο
1445 1661 1561 1738 (καὶ
1590 1663 1689 1741 γαρ
1745 1661 1874 1740 εἶχε

1962 594 2086 646 erat
2114 584 2342 649 Euclia.
2377 586 2448 648 Ei
2471 603 2608 648 vero
2632 593 2758 646 erat
2778 584 3032 647 dilectus
3051 585 3340 663 ﬁlius,qui
3366 587 3602 651 ardenti

1962 671 2128 735 febre
2161 673 2486 750 laborabat,
2521 685 2578 737 et
2607 673 2884 736 veniebat
2913 675 2972 736 in
3005 675 3214 738 mortis
3242 677 3598 755 periculum.

1965 763 2116 836 Quid
2165 763 2375 842 igitur?
2404 766 2594 828 Mater
2624 763 2888 826 imitatur
2909 765 3301 826 Cbananaeam
3321 767 3375 842 8,
3403 776 3600 832 etnon

1965 857 2158 914 minus
2179 872 2350 933 quam
2380 852 2682 921 ﬁlius.suis
2701 853 3070 916 inﬂammata
3089 853 3604 932 visceribus,acce-

1962 941 2050 1004 dit
2072 942 2144 1004 ad
2173 943 2721 1023 beatum,emittens
2743 961 2917 1008 voces
2938 944 3028 1008 illi
3049 944 3367 1008 similcszet
3389 967 3504 1010 non
3528 949 3606 1011 si-

1963 1032 2185 1093 militer
2209 1043 2270 1094 ut
2301 1033 2402 1094 illa
2433 1034 2491 1094 in
2519 1033 2786 1114 tilia,sed
2812 1034 2868 1095 in
2901 1034 3020 1096 filio
3046 1037 3468 1100 miserabilitor
3498 1057 3602 1100 ro-

1959 1139 2103 1198 gans
2126 1131 2185 1184 ut
2209 1131 2684 1203 consequeretur
2706 1123 3208 1189 misericordiam.
3233 1124 3349 1188 Sed
3372 1135 3606 1208 oportet

1959 1216 2222 1272 animum
2248 1212 2561 1274 atteudere
2585 1219 2644 1274 et
2665 1214 3074 1291 considerare,
3097 1215 3600 1296 quemadmodum

1959 1300 2196 1381 egregio
2220 1301 2305 1364 illi
2329 1303 2460 1364 viro
2485 1310 2610 1365 erat
2632 1304 2870 1365 animus
2900 1309 3132 1366 animas
3153 1303 3328 1367 etiam
3362 1324 3602 1384 curare,

1957 1390 2209 1472 illasque
2246 1391 2428 1454 multo
2453 1393 2662 1472 magis,
2697 1399 2977 1471 quoniam
3005 1402 3068 1456 ut
3091 1394 3243 1457 male
3262 1405 3605 1475 paterentur

1956 1481 2345 1562 corpora,has
2368 1481 2709 1545 inveniebat
2729 1502 2955 1545 causas.
2978 1485 3050 1546 Et
3074 1488 3186 1546 hoc
3219 1485 3460 1564 quidem
3477 1488 3602 1568 jam

1959 1579 2140 1632 evasit
2167 1571 2550 1634 manifestum
2579 1591 2686 1653 per
2704 1591 2937 1653 ea,qua2
2969 1585 3467 1655 pracesseruntza
3490 1597 3604 1641 no-

1959 1657 2053 1720 bis
2069 1668 2266 1721 autem
2293 1679 2498 1724 rursus
2511 1681 2754 1744 quoque
2771 1663 3430 1730 ostendetur.Videntur
3446 1668 3605 1731 enim

203 1757 432 1820 πολλὸις
479 1758 608 1834 πρὸς
663 1756 724 1812 τὸ
766 1758 981 1833 θρηνεῖν
1037 1752 1305 1833 ἀφορμὰς,
1341 1751 1426 1809 ἐπὶ
1478 1751 1727 1829 τέσσαρσι
1756 1763 1873 1813 τοῖς

1960 1750 2129 1830 pueri
2154 1757 2432 1830 parentes
2452 1751 2709 1814 fuissein
2733 1752 2850 1815 vita
2867 1754 3097 1833 agenda
3115 1755 3402 1819 socordes
3416 1767 3477 1820 et
3492 1777 3603 1822 ne-

201 1847 328 1916 ἥδη
389 1844 826 1911 τετελευτηκόσιν
881 1842 1049 1911 υἱοῖς,
1095 1842 1179 1898 καθ
1240 1841 1398 1898 αὒτὸν
1457 1841 1708 1910 θνήσκειν
1749 1841 1873 1917 ὁρᾷν

1960 1837 2270 1918 gligentes.
2302 1837 2445 1902 Cum
2471 1840 2632 1902 enim
2657 1842 2950 1906 concitate
2972 1854 3032 1905 et
3053 1844 3264 1907 insane
3279 1844 3602 1912 admodum

204 1935 521 2014 μέλλουσα)
584 1933 789 1999 ἐκεῖνος
846 1933 949 1989 ὑπὸ
979 1931 1072 1989 τοῦ
1113 1933 1472 1993 συνοικοῦντος
1509 1929 1653 2003 αύτῷ
1707 1931 1871 1986 πνεύ-

1960 1937 2218 1990 terretur
2261 1929 2478 1992 mulier
2507 1930 2577 1992 ad
2621 1933 3078 2014 supplicandum
3111 1932 3396 2013 (habebat
3442 1937 3603 1999 enim

207 2051 396 2104 ματος
452 2027 517 2083 τὰ
582 2024 819 2103 ἐγκρυφῆ
875 2020 1128 2094 κατιδὼν,
1179 2023 1268 2078 καὶ
1327 2022 1482 2098 γνοὺς
1537 2023 1612 2084 ὡς
1673 2023 1723 2076 αἱ
1769 2026 1874 2075 τῶν

1960 2017 2277 2082 maximam
2329 2019 2694 2082 lamentandi
2756 2022 3160 2098 occasionem,
3196 2032 3259 2086 ut
3289 2044 3420 2106 quas
3471 2037 3604 2108 post

209 2117 470 2196 πατέρων
525 2114 778 2193 ἁμαρτίαι
823 2126 941 2176 τοῖς
989 2113 1136 2168 παισὶ
1184 2112 1276 2168 τὸν
1305 2111 1526 2167 θάνατον
1579 2110 1874 2196 ἐμνηστεύτ

1960 2123 2218 2189 quatuor
2240 2109 2392 2173 filios
2403 2111 2529 2191 jam
2551 2111 3028 2192 mortuos.ipsum
3048 2132 3284 2195 quoque
3309 2114 3502 2179 visura
3517 2135 3607 2180 es-

211 2189 410 2282 σαντο,
471 2205 664 2268 ταύτας
738 2205 809 2265 εἷς
888 2204 950 2258 τὸ
1023 2203 1246 2281 φανερὸν
1319 2197 1714 2276 αἰτιασάμενος,
1778 2189 1874 2257 Καὶ

1963 2217 2027 2260 se
2051 2200 2254 2278 mori),
2281 2200 2380 2262 ille
2410 2189 2546 2262 cum
2580 2200 2797 2281 spiritu
2829 2189 2890 2263 in
2917 2222 2988 2264 eo
3019 2189 3322 2266 habitante
3355 2205 3606 2270 vidisset

211 2305 435 2375 τοῦτον,
496 2295 644 2368 εἷπε,
710 2294 800 2350 τὸν
861 2291 1128 2367 πέμπτον,
1183 2293 1228 2347 εἰ
1291 2291 1369 2366 μὴ
1429 2291 1680 2366 μετάνοια
1736 2290 1868 2363 ὑμᾶς

1960 2305 2046 2362 ea,
2071 2307 2204 2369 qua:
2225 2289 2510 2363 latebant,
2535 2299 2594 2350 et
2623 2291 3018 2371 cognovisset,
3045 2293 3203 2373 quod
3227 2304 3471 2374 peccata
3495 2315 3602 2376 pa-

216 2386 439 2461 εἶσέλθῃ
539 2385 645 2441 τῶν
750 2381 1140 2461 πεπραγμένων
1175 2431 1188 2455 ,
1275 2381 1460 2459 νεκρὸν
1562 2376 1868 2458 παραπόδας

1960 2388 2191 2441 rentum
2208 2378 2344 2440 ﬁliis
2371 2388 2617 2442 mortem
2637 2380 3261 2458 conciliaverant,cum
3282 2401 3355 2444 ea
3367 2384 3604 2465 publice

220 2477 443 2552 ὄψεσθε.
481 2475 628 2532 Ἐπεὶ
672 2471 724 2529 δὲ
755 2475 802 2530 οἱ
858 2485 1036 2551 γονεῖς
1081 2475 1278 2530 τούτων
1323 2470 1602 2532 ἀκούοντες
1647 2469 1869 2547 γνησίαν

1960 2477 2314 2530 accusasset:
2343 2467 2512 2530 Hunc
2535 2469 3022 2551 quoque,inquit,
3053 2471 3470 2551 quintum,nisi
3497 2494 3603 2536 eo-

223 2564 630 2643 ἐπηίγέλλοντο
696 2563 793 2629 τὴν
839 2567 1124 2636 μετάνοιαν
1181 2563 1268 2618 καὶ
1326 2563 1481 2620 αὐτὸν
1541 2561 1672 2638 πρὸς
1730 2581 1866 2621 συμ-

1960 2575 2255 2639 rum,qua3
2273 2557 2631 2640 fecistis,vos
2655 2557 2908 2621 subierit
2937 2559 3604 2640 pmnitentia,videbitis

221 2658 446 2712 πάθειαν
503 2653 852 2732 παρεκάλουν,
887 2651 1140 2725 ἒλεήσας,
1178 2652 1383 2716 ἐκεῖνος
1433 2651 1532 2718 τὴν
1569 2649 1864 2728 συμφορὰν,

1960 2648 2250 2726 evestigio
2286 2657 2587 2710 mortuum
2615 2657 2672 2710 et
2701 2656 3060 2714 examinem.
3095 2647 3240 2713 Cum
3273 2661 3473 2714 autem
3497 2673 3603 2734 pa-

220 2744 361 2822 ὕδωρ
414 2747 785 2822 προσαχθῆναι
841 2741 1068 2798 κελεύει’
1119 2742 1147 2798 θ
1194 2742 1304 2820 τρὶς
1369 2740 1467 2815 μὲν
1501 2735 1587 2795 ἐπ’
1646 2739 1866 2812 ὀνόματι

1960 2746 2159 2800 rentes
2185 2739 2278 2799 his
2300 2737 2520 2800 auditis
2545 2756 2746 2801 veram
2773 2751 2833 2800 et
2856 2737 3151 2803 sinceram
3186 2741 3606 2820 promisissent

221 2840 318 2903 τῆς
367 2835 520 2912 ἁγίας
553 2832 773 2910 Τριάδος
819 2833 1132 2911 σφραγίσας.
1188 2831 1302 2910 τρίξ
1333 2828 1387 2887 δὲ
1438 2829 1580 2902 αῦτῷ
1625 2830 1716 2884 τὸν
1769 2849 1862 2884 νο-

1960 2827 2454 2907 ι“ωιιίιοηιίίιιη,σι
2479 2847 2612 2909 qua:
2633 2828 2810 2890 facile
2831 2829 3054 2896 moveri
3081 2814 3597 2910 poterat,animam

217 2933 412 2982 σοῦντα
465 2921 847 3002 διαρῥαντίσος,
877 2924 1000 3000 ὑγιᾶ
1041 2928 1110 2999 τῇ
1161 2921 1515 3001 γεφεννηκυίᾳ
1565 2917 1862 2998 παρέσχεν,

1960 2917 2255 2980 incitasset
2276 2917 2347 2979 ad
2374 2916 2978 2988 misericordiam.ille
3000 2920 3281 2982 misertus
3304 2922 3599 2986 calamita-

219 3015 378 3072 Οὗτοι
431 3015 529 3089 μὲν
587 3013 674 3070 οὖν
747 3013 927 3086 ὥσπερ
993 3011 1416 3088 ἀντιθεραπεύειν
1487 3007 1862 3086 βουληθέντες,

1960 3010 2049 3080 tis,
2071 3024 2286 3084 aquam
2305 3005 2477 3088 jubet
2512 3006 2734 3070 atl‘erri.
2763 3008 2954 3081 Quam
2979 3027 3115 3070 cum
3135 3017 3225 3071 ter
3246 3010 3484 3089 quidem
3509 3014 3598 3074 si-

221 3109 387 3178 ἱκανῷ
443 3106 647 3184 χρυσίῳ
696 3105 786 3159 τὸν
838 3102 986 3180 ἅγιον
1047 3100 1355 3181 ἐδωροῦντο·
1416 3097 1549 3173 τῷδε
1595 3096 1708 3158 οῦδὲ
1767 3121 1865 3172 μι-

1960 3106 2190 3174 gnasset
2213 3097 2272 3158 in
2294 3095 2539 3158 nomine
2560 3105 2781 3160 sanctze
2795 3096 3179 3175 Trinitatis,et
3202 3107 3290 3160 ter
3310 3118 3378 3161 ea
3398 3120 3598 3181 asper-

218 3196 344 3266 κρόν
402 3217 448 3250 τι
505 3196 611 3249 τῶν
669 3191 954 3265 διδομένων
1013 3193 1262 3270 προσιτὸν
1316 3192 1556 3270 γέγονεν,
1607 3189 1862 3268 εἰρηκότι,

1960 3185 2130 3248 sisset
2151 3186 2451 3266 illum,qui
2471 3186 3032 3266 aegrotabat,sanum
3059 3195 3117 3248 et
3136 3205 3169 3248 a
3198 3188 3405 3250 morbo
3437 3190 3594 3254 libe-

219 3285 300 3358 μὴ
360 3285 457 3350 τὴν
516 3293 610 3342 τοῦ
671 3289 802 3340 Θεοῦ
859 3279 1058 3359 δωρεὰν
1117 3283 1417 3360 χρημάτων
1475 3278 1632 3337 ὢνιον
1690 3291 1867 3334 ποιεῖν

1960 3293 2080 3336 rum
2105 3275 2368 3338 reddidit
2391 3275 2606 3357 ei,quaa
2628 3285 2940 3356 genuerat.
2975 3279 3172 3359 Atque
3195 3278 3232 3338 ii
3256 3277 3596 3359 quidem,ut

213 3371 514 3449 βούλεσθαι·
577 3368 728 3428 Ἀλλ’
803 3370 958 3448 εἴπερ
1016 3372 1168 3448 ὑμῖν,
1223 3370 1374 3448 φησὶ,
1433 3366 1582 3446 φίλον
1641 3367 1864 3446 φανερὸν

1960 3365 2050 3444 qui
2074 3365 2292 3428 vellent
2317 3367 2546 3427 referre
2575 3365 2792 3446 gratias
2814 3366 2868 3428 ei
2893 3366 2995 3448 qui
3028 3377 3357 3448 curaverat,
3385 3387 3596 3448 magna

215 3466 436 3528 ποιησαι
502 3461 581 3517 ὅτι
605 3468 682 3534 τῷ
740 3465 857 3530 Θεῷ
901 3461 1123 3538 χάριτας
1176 3457 1467 3534 ὁμολογεῖν
1511 3456 1708 3534 ἔγνωτε
1760 3460 1859 3521 τῆς

1960 3453 1997 3514 vi
2019 3455 2147 3517 auri
2172 3463 2441 3516 sanctum
2467 3455 2788 3518 donabant.
2820 3458 2968 3519 Cum
3000 3465 3196 3519 autem
3234 3458 3505 3540 dixisset,
3527 3479 3593 3522 se

217 3551 434 3629 ἰάσεως,
495 3549 672 3617 ἁληθῆ
730 3548 928 3614 δείξατε
987 3549 1084 3616 τὴν
1141 3549 1461 3626 ὑπόσχεσιν,
1521 3544 1615 3602 καὶ
1679 3545 1857 3611 πάσης

1960 3562 2018 3606 ie
2051 3543 2366 3606 minimum
2405 3544 2646 3624 quidem
2681 3547 2832 3608 velle
2875 3547 3152 3627 accipere
3192 3567 3428 3629 eorum,
3459 3569 3592 3632 qua:

216 3641 314 3715 μὲν
371 3641 625 3714 πονηρίας
683 3639 959 3717 ἀνρέμενοι,
1009 3636 1186 3704 πάσης
1245 3635 1298 3692 δὲ
1361 3635 1596 3714 πράξεως
1653 3633 1853 3711 ἀγαθῆς

1960 3631 2257 3706 labantur,
2287 3634 2494 3695 dicens
2523 3652 2590 3696 se
2617 3635 2774 3696 nolle
2803 3635 2905 3700 Dei
2930 3635 3150 3698 donum
3186 3637 3458 3719 pecuniis
3481 3631 3590 3703 ve-

212 3729 583 3801 ἒπιλαϐόμενοι
623 3777 638 3807 ,
711 3727 876 3792 οὕτως
954 3729 1207 3784 εἰσοίσετε
1281 3731 1356 3798 τῷ
1433 3724 1685 3792 ἧλεηκότι
1761 3723 1861 3807 τὴν

1960 3723 2076 3784 male
2103 3741 2459 3804 proponere:
2496 3722 2611 3785 Sed
2637 3724 2716 3800 si,
2741 3725 2929 3807 inquit
2961 3725 3102 3801 illis,
3126 3725 3288 3788 vobis
3311 3746 3467 3788 cura:
3489 3731 3586 3805 sit,

211 3818 440 3893 ἀμοιϐὴν
495 3819 785 3897 ἀξιόχρεω,
853 3819 948 3876 Καὶ
1015 3824 1168 3874 τοῦτο
1225 3815 1322 3890 μὲν
1366 3813 1624 3870 τόιοῦτον’
1687 3814 1749 3869 τὸ
1803 3803 1858 3866 δὲ

1960 3803 2327 3875 nanifestum
2361 3812 2618 3876 reddere
2651 3803 2971 3892 quod'Deo
3006 3834 3142 3877 vere
3164 3813 3339 3892 agitis
3369 3803 3588 3895 gratias

213 3917 298 3965 νῦν
343 3910 664 3987 ῥηθήσεσθαι
717 3906 938 3982 μέλλον,
995 3905 1122 3985 παρ’
1173 3903 1320 3962 ούδὲν
1378 3907 1540 3972 ἦττον
1595 3905 1678 3959 καὶ
1723 3903 1854 3978 πρὸς

1960 3919 2048 3964 )ro
2069 3902 2700 3972 curatione,ostendite
2719 3920 2852 3964 esse
2874 3923 3072 3966 veram
3097 3905 3582 3986 promissionem,

212 4003 388 4078 ψυχῆς
421 3995 684 4076 ὠφέλειαν
729 3994 1052 4074 ἐπιτήδειον,
1088 3995 1175 4050 καὶ
1208 3993 1304 4061 τὴν
1361 3999 1454 4049 τοῦ
1485 3991 1635 4070 ἁγίου
1666 3991 1849 4071 χάριν,

1960 4000 1996 4052 ιι
2027 3991 2234 4054 relicta
2255 3991 2419 4053 omni
2465 3991 2874 4074 improbitate,
2902 3993 3058 4056 bona
3079 4011 3261 4075 opera
3285 4003 3581 4059 exercete:

211 4089 376 4154 ὁπόση
409 4089 747 4163 παραστῆσαι
777 4085 1086 4160 δυνάμενον.

1960 4079 1984 4142 ηἰ
2009 4082 2198 4162 ei,qui
2221 4082 2400 4143 vestri
2426 4091 2514 4143 est
2537 4083 2838 4160 misertus,
2865 4084 3138 4145 referetis
3166 4085 3438 4163 gratiam.
3465 4085 3582 4148 Sed

212 4175 440 4255 quidem
475 4175 586 4237 hic
617 4185 710 4238 est
741 4173 1104 4255 huiusmodi.
1144 4171 1310 4248 Quod
1347 4179 1547 4234 autem
1585 4188 1741 4231 nunc
1774 4178 1866 4232 est
1897 4169 2222 4233 dicendum
2263 4171 2448 4233 nihilo
2481 4180 2571 4233 est
2620 4191 2691 4234 eo
2727 4173 2928 4236 minus
2958 4182 3016 4235 et
3061 4173 3134 4236 ad
3166 4173 3382 4236 animae
3412 4174 3580 4236 utili-

212 4272 405 4338 tatem,
439 4275 494 4328 et
525 4264 958 4328 ostendendam
990 4263 1262 4343 gratiam,
1296 4279 1427 4343 quze
1460 4261 1517 4322 in
1552 4277 1762 4338 magno
1791 4258 2021 4322 Joanne
2053 4260 2378 4322 habitabat.

293 4346 395 4417 Μ’.
465 4355 592 4414 Κατ’
625 4355 800 4412 ἐκεῖνο
844 4363 1027 4433 καιροῦ
1077 4357 1105 4411 ὸ
1148 4359 1244 4420 τῆς
1291 4351 1499 4416 πόλεως
1543 4350 1728 4429 ἄρχων
1779 4352 1874 4410 τὰ]

1987 4348 2109 4413 XIV
2123 4349 2257 4424 .Qui
2280 4351 2381 4412 illo
2397 4360 2664 4433 tempore
2683 4360 2811 4414 erat
2829 4371 3050 4434 praeses
3071 4351 3580 4429 civitatis,labora-

219 4447 516 4520 Μαρκίωνος
585 4445 826 4522 δόγματα
901 4451 1072 4502 νοσῶν
1145 4449 1236 4516 ἦν,
1295 4443 1383 4498 καὶ
1455 4454 1574 4502 τοῖς
1645 4440 1846 4499 ἐκείνου

1960 4448 2027 4500 μοι
2060 4439 2270 4502 morbo
2305 4440 2645 4520 dogmatum
2683 4444 3024 4510 Marcionis.
3055 4451 3113 4504 et
3151 4441 3382 4504 favebat
3415 4443 3578 4504 illius

217 4536 510 4612 συνηγορῶν
594 4533 949 4612 σπυδασταϊς,
1021 4534 1107 4589 ναὶ
1181 4533 1367 4609 μυρίαν
1449 4533 1683 4586 ἓντευθεν
1767 4534 1844 4602 τῷ

1960 4529 2322 4590 ectatoribus
2353 4553 2366 4589 :
2403 4541 2461 4592 et
2493 4531 2627 4593 ideo
2661 4533 2815 4612 parti
2850 4533 3203 4594 orthodoxae
3233 4541 3357 4593 erat
3401 4551 3579 4595 causa

215 4625 458 4702 ὀρθοδοξῳ
523 4625 672 4702 μέρει
746 4624 1000 4704 παρέχων
1069 4624 1164 4690 τὴν
1211 4618 1440 4699 βλάϐην,
1489 4621 1673 4676 τούτου
1743 4623 1841 4686 την

1960 4619 2219 4681 nalorum
2256 4620 2809 4684 innumerabilium.
2842 4621 3033 4702 Hujus
3063 4639 3308 4684 uxorem
3343 4622 3439 4698 iis,
3476 4625 3576 4704 qui

217 4719 439 4791 γαμετὴν
497 4718 524 4772 ὁ
577 4713 891 4793 ἀπορῤήτως
953 4720 1116 4770 ταῦτα
1171 4711 1484 4784 ποικοιλων,
1517 4711 1605 4767 καὶ
1657 4707 1840 4788 φιλαν·

1961 4725 2142 4770 rcane
2198 4717 2256 4770 et
2286 4708 2545 4788 benigne
2600 4711 2727 4772 hac
2779 4711 2984 4786 variat,
3019 4711 3248 4773 dimisit
3299 4711 3576 4775 laborare

215 4806 422 4881 θρώπως
510 4805 949 4879 οἶκονομούμενος
1035 4801 1175 4876 νόσῳ
1257 4800 1584 4879 δυσεντερίας
1669 4800 1838 4878 ἀφῆκε

1960 4796 2139 4860 norbo
2174 4798 2448 4861 torminis
2493 4800 2940 4864 intestinorum.
2978 4801 3085 4864 Illa
3111 4810 3308 4864 autem
3339 4820 3373 4863 a
3422 4803 3573 4866 malo

214 4907 530 4972 περιπεσεῖν,
583 4884 644 4950 Ἠ
703 4892 757 4949 δῖε
799 4895 976 4960 ἦττων
1027 4902 1119 4951 τοῦ
1171 4892 1338 4948 κακού
1394 4889 1682 4970 γενομένη,
1729 4895 1837 4945 πᾶ-

1960 4896 2208 4969 uperata
2229 4907 2468 4950 omnem
2493 4889 2737 4971 quidem
2768 4891 2992 4955 refellit
3021 4891 3336 4954 medicinae
3355 4901 3569 4956 artem:

215 5005 298 5040 σαν
352 4985 447 5056 μὲν
505 4984 728 5060 ἷοτρείας
789 4981 1075 5060 ἀπήλεγχε
1134 4980 1361 5060 τέχνην·
1426 4981 1620 5042 πάντες
1679 4978 1733 5034 δὲ
1797 4980 1842 5034 οἱ

1966 4995 2137 5039 mnes
2159 4978 2430 5060 vero,qui
2448 4979 2656 5041 eadem
2676 4979 3240 5058 sentiebant,vocati
3259 4981 3330 5043 ad
3354 4981 3572 5042 oratio-

213 5073 271 5128 τὰ
332 5073 428 5128 ’ἶσα
485 5082 796 5153 φρονοῦντες
870 5073 942 5133 εἰς
1019 5071 1330 5150 προσευχὴν
1397 5067 1839 5148 συγκαλούμενοι,

1960 5085 2214 5142 ιοιημιοη
2234 5085 2362 5129 eam
2386 5069 2603 5131 melius
2619 5070 3102 5146 aﬂ‘ecerunt,imo
3120 5089 3260 5132 vero
3282 5069 3568 5145 deterius,

213 5160 388 5240 βελτίω
442 5161 702 5218 διετίθουν
759 5160 928 5224 οῦδὲν,
1006 5160 1169 5220 Μόλις
1229 5167 1354 5235 γοῦν
1423 5164 1521 5226 τῆς
1597 5157 1842 5216 Ἰωάννου

1960 5156 2064 5218 nali
2105 5165 2340 5238 tempus
2370 5159 2421 5219 ei
2468 5159 2868 5240 producentes
2910 5179 3057 5222 vana
3080 5178 3188 5242 spe
3219 5159 3567 5222 curationis.

214 5252 418 5332 χάριτος
475 5253 546 5315 εἷς
606 5251 828 5326 μνήμην
881 5249 1141 5317 ἐλθόντες,
1178 5251 1264 5305 καὶ
1316 5258 1470 5307 τοῦτο
1527 5249 1662 5304 κατὰ
1721 5255 1840 5305 νοῦν

1960 5244 2035 5307 ’ix
2096 5247 2332 5308 tandem
2401 5257 2597 5310 autem
2656 5248 2904 5312 Joannis
2975 5249 3180 5329 gratiae
3242 5247 3568 5320 recordati,

212 5343 424 5414 θέμενοι,
487 5343 560 5403 ὡς
627 5343 670 5396 εἰ
745 5342 812 5396 δι’
886 5341 1043 5395 αὗτοῦ
1111 5337 1318 5415 γένοιτο
1381 5344 1476 5393 τοῦ
1532 5339 1836 5411 νοσήματος

1962 5355 2060 5398 um
2095 5336 2208 5398 hoc
2237 5337 2390 5418 apud
2444 5356 2508 5400 se
2539 5339 2906 5413 statuissent,
2943 5337 3103 5420 quod
3137 5338 3184 5398 si
3219 5355 3325 5418 per
3371 5336 3566 5416 ipsum

213 5429 365 5503 λύσις,
397 5429 825 5508 συναποσχέσθαι
887 5432 973 5486 καὶ
1017 5429 1114 5494 τῆς
1159 5428 1295 5483 κατὰ
1337 5429 1398 5482 τὸ
1454 5425 1626 5503 δόγμα
1681 5427 1836 5482 νόσόυ

1964 5433 2094 5486 eret
2115 5443 2149 5487 a
2176 5425 2384 5487 morbo
2409 5427 2708 5503 liberatio,
2735 5428 2911 5490 simul
2941 5433 3119 5492 etiam
3145 5427 3506 5490 desisterent
3537 5447 3570 5489 a

215 5517 599 5599 χαλεπωτέρας,
634 5519 800 5585 οὕτως
860 5520 1071 5585 ἑαυτοὺς
1119 5517 1396 5584 πείσαντες
1445 5514 1674 5596 κλινήρη
1734 5515 1833 5584 τῆν

1960 5513 2132 5581 torbo
2173 5514 2489 5596 dogmatis,
2523 5517 2622 5601 qui
2657 5527 2743 5580 est
2794 5517 2966 5598 longe
2997 5519 3272 5603 gravior;
3306 5535 3442 5582 cum
3479 5516 3565 5585 sic

283 5699 536 5772 9Matth.
570 5717 665 5774 xv,
703 5698 804 5772 22,
