4098 6202
442 368 597 437 1079

1725 368 2005 433 MENSIS
2060 350 2514 433 JANUARlUS.

3650 364 3812 432 1080

442 510 559 571 sibi
604 510 1126 591 persuasissent,in
1152 507 1307 569 lecto
1334 506 1793 569 decumbentem
1828 507 2087 567 afferunt

2189 517 2399 581 {manu
2453 508 2797 578 κομισθεῖσαν
2858 504 2960 580 πρὸ
3017 504 3121 560 τῶν
3181 510 3271 558 τοῦ
3321 505 3459 580 ίςροῦ
3514 510 3813 579 nupturam.

442 601 782 675 mulierem,
820 608 1019 660 eteam
1047 602 1438 677 statuunt‘pro
1465 596 1693 658 foribus
1717 596 1945 677 templi,
1982 596 2085 656 de-

441 690 776 753 siderantes
811 687 1080 749 invenire
1122 685 1464 749 Flavianum
1500 696 1559 749 et
1587 687 1826 749 beatum
1864 686 2089 748 vultum

438 781 898 841 Joannis.Sancti
925 796 1059 852 ergo
1085 779 1153 837 ad
1181 794 1277 837 eos
1309 779 1906 852 egrediuntur.Ncque
1936 779 2089 836 enim

441 880 547 943 par
560 880 694 925 esse
711 880 906 943 neque
922 862 1239 923 honestum
1262 860 1784 938 censebant,uteis
1802 860 2088 941 templum

442 959 935 1033 pateretquorum
963 950 1163 1012 anima
1184 970 1302 1011 non
1320 949 1945 1031 patebatdogmatibus
1968 949 2089 1029 pie-

439 1046 829 1105 tatis.Primus
856 1054 1047 1104 autem
1072 1046 1152 1102 cis
1168 1045 1312 1102 dixit
1337 1060 1511 1103 verus
1529 1045 1628 1102 ille
1642 1047 1814 1101 homo
1833 1044 2089 1108 Dei,bea-

442 1130 795 1212 ta,inquam,
817 1130 917 1193 illa
941 1138 995 1192 et
1020 1130 1217 1192 suavis
1235 1128 1458 1207 lingua:
1494 1127 1645 1200 Quid
1675 1146 1773 1189 vos
1795 1127 1999 1205 movit,
2027 1134 2091 1188 ut

440 1220 766 1282 statueritis
796 1220 1003 1283 venire
1033 1218 1105 1281 ad
1134 1219 1423 1300 templum
1457 1218 1957 1293 Christianorum,
1983 1216 2088 1298 qui

441 1308 741 1372 Christum
767 1310 1009 1391 quidem
1038 1308 1466 1371 adversamini:
1498 1308 1858 1370 Marcionem
1892 1315 2088 1369 autem

442 1399 683 1478 plurimi
710 1400 924 1474 facitis,
955 1408 1013 1460 et
1037 1397 1271 1461 habetis
1299 1397 1358 1459 in
1394 1416 1608 1477 magno
1630 1398 1895 1460 honore?
1922 1395 2089 1468 Quod

440 1494 671 1564 quidem
696 1493 865 1564 plane
887 1494 1023 1551 satis
1041 1491 1469 1563 ostendit,quod
1493 1490 1651 1547 illius
1675 1490 1929 1547 cultores
1954 1503 2095 1545 con-

440 1579 785 1637 vocaveritis
810 1580 876 1636 ad
902 1580 1088 1636 morbi
1115 1587 1210 1635 aut
1233 1577 1478 1648 alicuius
1500 1575 1777 1633 molestiae
1797 1574 2091 1631 liberatio-

444 1683 607 1743 nem,
638 1665 874 1747 etquod
900 1684 1035 1728 cum
1073 1664 1159 1725 illi
1182 1663 1406 1745 precati
1432 1670 1656 1737 essent,
1683 1680 1800 1723 non
1832 1659 2094 1722 assecuti

444 1759 574 1821 sitis
595 1757 1152 1839 curationemzquod
1183 1756 1424 1839 quidem
1457 1754 1623 1817 vobis
1639 1755 1856 1817 accidit
1880 1761 2096 1835 praeter

446 1846 1280 1928 exspectationem.Discedite
1293 1862 1432 1924 ergo
1447 1843 1519 1906 ab
1536 1845 1647 1906 hoc
1663 1863 1830 1906 sacro
1844 1842 2092 1923 templo,

446 1939 729 2018 quoniam
753 1956 867 1999 nec
891 1956 995 1998 voc
1021 1935 1293 2017 poteritis
1314 1934 1559 1996 omnino
1580 1933 1884 1998 Christum
1911 1942 2093 1994 tenta-

444 2044 623 2088 rezne
647 2026 761 2089 hoc
782 2027 964 2089 stulte
983 2025 1228 2106 putetis.
1265 2024 1351 2088 illi
1375 2031 1571 2086 autem
1589 2023 1869 2085 dicebant
1899 2042 1965 2084 se
1987 2041 2094 2103 pa-

446 2123 686 2177 rentum
713 2132 917 2178 errore
951 2134 1087 2178 esse
1112 2122 1317 2196 captos
1342 2120 1403 2177 et
1425 2130 1614 2194 usque
1644 2111 1704 2173 in
1737 2111 2094 2173 hodiernum

449 2204 609 2268 diem
633 2203 818 2266 fuisse
833 2212 1145 2286 superatos
1172 2223 1203 2266 a
1225 2203 1377 2265 mala
1396 2200 1975 2265 consuetudine.Sed
1994 2219 2100 2282 per

450 2292 775 2367 Christum,
802 2293 1176 2370 aiebant,vos
1204 2291 1886 2373 rogamus,miseremini
1914 2290 2099 2372 paeni-

450 2385 727 2446 tentium.
759 2382 857 2447 Sic
880 2382 1038 2445 enim
1070 2401 1203 2445 cum
1232 2402 1326 2457 eo,
1352 2381 1509 2463 quod
1532 2400 1750 2462 corpus
1771 2390 1933 2443 recte
1963 2380 2098 2443 afﬁ-

451 2472 930 2553 cietis,efticietis
945 2474 1223 2547 etiam,ut
1244 2490 1386 2534 sana
1399 2471 1922 2534 sitanima.Sciatis
1938 2470 2098 2532 enim

448 2562 602 2641 fore,
642 2572 708 2625 ut
748 2582 859 2625 nos
907 2579 1287 2645 nequaquam
1340 2561 1594 2642 amplius
1633 2559 2038 2623 abstineamus
2068 2578 2101 2620 a

454 2657 871 2714 communione
886 2667 1224 2727 vestraque:
1240 2665 1319 2712 cst
1335 2670 1402 2712 ex
1420 2671 1545 2712 vero
1563 2655 1894 2727 pietateliis
1916 2654 2101 2711 ﬂexus

455 2756 705 2813 magnus
731 2741 1178 2812 Joannesjussit
1204 2754 1409 2811 aquam
1443 2739 1658 2796 atTerri:
1682 2740 1772 2795 cui
1799 2754 1929 2796 cum
1954 2740 2101 2795 divi-

457 2841 601 2885 num
628 2827 994 2897 signaculum
1019 2826 1312 2896 iniecisset
1337 2826 1590 2896 pontifex
1610 2825 1720 2894 (sic
1739 2826 1893 2882 enim
1909 2824 2029 2881 illic
2046 2823 2100 2881 ei

450 2913 786 2982 persuasit).
814 2909 1045 2967 mulieri
1075 2909 1282 2967 infudit
1318 2910 1374 2964 in
1402 2909 1608 2966 Christi
1641 2909 1897 2965 nomine.
1935 2907 2100 2976 Quod

452 2996 688 3068 quidem
713 3009 845 3052 cum
871 2995 1083 3051 factum
1109 3002 1278 3061 esset,
1303 3009 1433 3065 quae
1450 2994 1504 3049 in
1533 2993 1679 3051 lecto
1700 2992 2104 3059 decumbebat.

454 3081 655 3142 statim
680 3080 938 3143 surrexit
960 3098 1127 3156 sana,
1155 3086 1370 3142 etcum
1398 3080 1610 3140 marito
1634 3087 1693 3140 et
1718 3077 1954 3140 civibus
1988 3096 2108 3140 una

456 3191 601 3236 voce
646 3173 964 3234 unanimes
1014 3172 1316 3235 Christum
1350 3170 1825 3250 magniﬁcabant.
1879 3170 2108 3233 Deinde

456 3268 634 3329 etiam
667 3268 738 3328 ad
774 3273 1114 3328 sanctorum
1147 3282 1341 3345 genua
1368 3264 1774 3345 procidentes,
1808 3264 2164 3346 petieruntC

455 3379 485 3420 ν
502 3360 701 3425 eniam
727 3358 946 3440 prioris
973 3358 1411 3436 ignorantim.et
1430 3357 1672 3420 domum
1689 3358 2022 3421 redierunt:
2048 3365 2111 3421 et

458 3471 594 3516 cum
650 3451 867 3513 multas
898 3450 1148 3530 quidem
1197 3450 1483 3533 pecunias
1513 3451 1723 3530 egenis
1766 3450 2110 3514 distribuis-

458 3551 615 3618 sent,
652 3541 892 3621 triginta
926 3560 1065 3604 vero
1111 3541 1293 3603 libras
1323 3541 1478 3617 auri,
1509 3542 1718 3622 partim
1749 3541 1991 3622 quidem
2036 3539 2111 3603 ad

460 3640 768 3712 sumptum
798 3631 1246 3711 peregrinorum
1261 3630 1494 3712 ,partim
1515 3639 1711 3692 autem
1727 3639 2108 3711 :egrotorum,

466 3722 681 3803 partim
708 3739 846 3784 vero
870 3720 1171 3801 egentium
1199 3720 1575 3784 xenodochio
1607 3721 2018 3797 tradidissent,
2056 3729 2113 3783 et

460 3810 534 3873 ab
579 3811 683 3874 illo
735 3818 1007 3892 tempore
1040 3830 1073 3872 a
1122 3811 1643 3874 Marcionistarum
1687 3813 2113 3872 communione

462 3903 706 3963 omnino
740 3900 1202 3981 abstinuissent,
1236 3900 1527 3962 insaniam
1579 3909 1637 3961 et
1664 3900 1982 3964 amentiam
2014 3918 2114 3963 res

461 3992 706 4054 illorum
740 3998 1043 4055 vocantes.
1086 3989 1304 4052 Christi
1327 3996 1723 4052 sacrosanctae
1768 3989 2114 4053 assidebam

463 4080 777 4143 Ecclesiae.
813 4080 953 4143 Cam
981 4090 1174 4143 autem
1211 4079 1296 4142 illi
1321 4079 1486 4142 omni
1517 4078 1786 4142 adhibito
1807 4079 2029 4155 studio,
2053 4087 2114 4144 et

464 4175 650 4242 omni,
675 4177 740 4230 ut
763 4169 1007 4238 dicitur,
1034 4169 1291 4230 rudente
1314 4169 1661 4243 moto,nibil
1693 4169 1939 4230 omnino
1971 4187 2116 4250 pera

465 4259 845 4333 fecissent,et
865 4257 1291 4338 desperassent
1314 4257 1444 4319 ﬁeri
1473 4265 1743 4339 posse,ut
1772 4257 1887 4339 ipsi
1907 4258 1980 4320 ad
2010 4276 2115 4320 eos

466 4348 752 4422 redirent,
792 4347 1286 4427 prmstigiatorem
1330 4357 1389 4410 et
1420 4348 1653 4427 Magum
1683 4347 1971 4411 Joannem
2004 4367 2117 4429 ap-

469 4435 793 4517 pellabant,
821 4445 885 4499 et
918 4436 1191 4515 pluribus
1223 4437 1355 4499 aliis
1404 4436 1787 4512 contumelis,
1820 4438 2115 4500 civitatem

469 4526 781 4600 obeuntes,
823 4545 955 4588 cum
1007 4526 1372 4590 efficiebant.
1412 4527 1518 4590 Ille
1561 4546 1704 4589 vero
1738 4536 1966 4590 tantum
2004 4526 2115 4589 ab-

2174 592 2379 666 πυλιῖλν,
2417 597 2572 651 αὒτοὺ
2602 615 2657 650 τε
2715 591 3013 650 Φλαὸιανοῦ
3062 595 3150 649 καὶ
3202 593 3296 659 τῆς
3342 593 3586 650 Ἰωάννου
3617 604 3813 672 τυχεῖν

2174 682 2545 756 ἐπιθυμοῦντες
2601 681 2801 758 ὅψεως.
2863 680 3061 747 Ἐξίασι
3121 688 3397 759 τοιγαρῶν
3442 683 3573 760 πρὸς
3622 682 3811 746 αὖτοὺς

2174 774 2221 828 οἱ
2291 771 2457 849 ἅγιοι,
2534 769 2662 828 Οὐδὲ
2727 773 2824 849 γὰρ
2881 769 3025 836 ἄξιον
3089 770 3297 848 ἔκριναν
3350 771 3583 848 βάσιμον
3625 773 3813 828 αὐτοῖς

2174 860 2413 938 γενέσθαι
2465 861 2523 916 τὸ
2573 860 2734 937 ἱερὸν,
2769 857 2966 916 ἄϐατον
3009 860 3086 915 ἔτι
3148 865 3215 936 τῇ
3271 857 3506 933 εὐσεϐείᾳ
3554 860 3654 915 τὴν
3709 864 3814 935 ψυ-

2173 950 2285 1031 χὴν
2316 949 2525 1029 ἔχουσι.
2576 952 2672 1007 Καὶ
2716 951 2926 1028 πρῶτος
2980 952 3113 1028 πρὸς
3160 951 3344 1015 αὐτοὺς
3409 953 3435 1006 ὁ
3464 949 3667 1018 ἀληθὴς
3726 958 3819 1006 τοῦ

2173 1046 2303 1096 Θεοῦ
2361 1038 2653 1119 ἅνθρωπος,
2715 1041 2748 1106 ἠ
2832 1042 3065 1117 μακαρία
3142 1038 3363 1118 γλῶσσα
3431 1042 3519 1096 καὶ
3581 1038 3819 1119 μελιχρᾶ

2170 1131 2258 1185 καὶ
2304 1132 2591 1203 σωτήριος,
2627 1129 2687 1187 Τί
2730 1130 3013 1208 παθόντες,
3046 1128 3172 1208 ἔφη,
3207 1130 3286 1203 τῷ
3327 1136 3434 1185 τῶν
3490 1136 3819 1209 Χριστιανῶν

2173 1226 2283 1292 ναῷ
2327 1216 2779 1295 προσεληλύθατε,
2836 1221 2882 1275 οἷ
2937 1220 3002 1276 τὰ
3050 1225 3274 1295 Χριστοῦ
3331 1219 3429 1294 μὲν
3486 1220 3820 1294 ἐκτρεπόμε-

2174 1331 2277 1379 νοι,
2324 1310 2388 1363 τὰ
2420 1309 2729 1384 Μαρκίωνος
2775 1307 2948 1365 δὲκαὶ
3005 1306 3201 1389 σφόδρα
3232 1307 3318 1364 διὰ
3370 1314 3532 1383 τιμῆς
3566 1308 3815 1388 ἔχοντεςς

2176 1402 2275 1463 Οἷς
2305 1420 2445 1475 μεγα
2491 1400 2581 1455 καὶ
2607 1400 2669 1454 τὸ
2723 1399 2839 1461 τοὺς
2874 1398 3072 1457 ἐκείνου
3112 1400 3436 1477 θεραπεοτᾶς
3466 1400 3540 1463 εἷς
3593 1400 3817 1456 ἐπικου-

2177 1489 2292 1563 ρίαν
2374 1486 2663 1565 συγκαλεῖν
2742 1492 2833 1543 καὶ
2921 1487 3237 1565 ἂπαλλαγῆν
3307 1497 3401 1547 τοῦ
3483 1488 3816 1562 νοσήματος.

2174 1577 2478 1643 Ἀπύστητε
2530 1576 2701 1634 τοίνυν
2735 1584 2828 1633 τοῦ
2868 1579 3011 1653 ἱερου
3042 1584 3189 1636 ναοῦ.
3242 1575 3371 1635 Οὐδὲ
3415 1578 3515 1656 γὰρ
3565 1577 3821 1654 ἐκπειρά-

2177 1689 2265 1721 σαι
2312 1668 2538 1743 Χριστὸν
2602 1668 2761 1741 ὑμεῖς
2827 1666 3130 1734 δυνήσεσθε⁹
3204 1667 3283 1740 μὴ
3349 1674 3502 1724 τοῦτο
3573 1673 3824 1744 πονηρῶς

2179 1754 2377 1816 οἴεσθε.
2453 1755 2583 1818 Τοὺς
2654 1754 2709 1811 δὲ
2793 1761 3001 1833 γονικῇ,
3079 1755 3262 1833 φάναι,
3334 1761 3688 1836 κεχειρῶσθαι
3755 1759 3824 1833 τῇ

2179 1844 2381 1921 πλάνῃ,
2430 1846 2518 1901 καὶ
2582 1847 2854 1910 συνηθείας
2913 1851 3151 1922 πονηρᾶς
3222 1847 3477 1912 ἡττᾶσθαι
3535 1848 3599 1902 τὸ
3657 1847 3821 1925 μέχρι

2179 1939 2275 1999 τῆς
2346 1934 2605 2010 σήμερον·
2680 1933 2818 1989 ἆλλὶε
2888 1935 3020 2009 πρὸς
3094 1941 3185 1990 τοῦ
3258 1941 3483 2010 Χριστοῦ
3573 1933 3819 2009 δεόμεθα,

2181 2024 2470 2098 οἶκτείρατε
2545 2022 3035 2098 μεταμελομένους,
3098 2023 3249 2081 Οὕτω
3297 2025 3396 2101 γὰρ
3450 2038 3586 2097 μετα
3629 2033 3721 2084 τοῦ
3766 2025 3827 2080 εὖ

2181 2119 2336 2189 σῶμα
2398 2114 2646 2187 ποιῆσαι,
2684 2112 2780 2169 καῖ
2840 2114 2938 2179 τὴν
2995 2115 3182 2193 ψυχὴν
3238 2115 3515 2192 ὑγιάσατε,
3570 2116 3667 2171 Καὶ
3720 2115 3825 2191 γαρ

2182 2203 2357 2259 οὐκέτι
2428 2206 2526 2270 τῆς
2615 2204 2751 2258 κατὰ
2822 2203 2920 2267 τὴν
2978 2200 3245 2259 εὐσέϐειαν
3325 2204 3473 2277 ὑμῶν
3545 2204 3825 2267 κοινωνίας

2184 2293 2578 2360 ἀποστήσεσθαι
2686 2290 3147 2368 διαϐεϐαιούμεθα.
3256 2296 3474 2357 Τούτοις
3587 2293 3830 2367 ὲπικαμυ

2182 2381 2373 2460 φθέντα
2431 2382 2521 2437 τὸν
2589 2380 2782 2459 μέγαν,
2857 2379 2992 2459 ὕδωρ
3065 2387 3487 2460 προσενεχθῆναι
3556 2383 3828 2458 κελεῦσαι,

2183 2475 2335 2528 τοῦτο
2394 2471 2448 2527 δὲ
2508 2472 2789 2550 ἀφραγίσαι
2839 2473 2930 2527 τὸν
2982 2472 3236 2552 ίέράρχην
3298 2474 3452 2549 (οὕτω
3504 2479 3594 2529 τοῦ
3638 2472 3830 2529 Ἰωαν-

2185 2584 2274 2619 νου
2333 2560 2637 2640 πείσαννος)
2699 2562 2787 2617 καὶ
2846 2560 2931 2617 ἐπὶ
3002 2568 3077 2634 τῷ
3144 2564 3243 2618 τοῦ
3313 2569 3541 2640 Χριστοῦ
3609 2563 3833 2637 ὀνόματι

2182 2654 2552 2730 καταχεθῇυαι
2639 2650 2757 2729 [γρ.
2842 2653 3300 2729 κατασχεσθῆναι]
3372 2654 3472 2717 τῆς
3555 2654 3829 2729 γυναικός,

2186 2743 2355 2819 Οὖπερ
2419 2738 2483 2807 δὴ
2546 2740 2851 2819 γενομένου,
2899 2742 2933 2807 ἡ
2995 2739 3315 2807 κλινοτετῆς
3388 2743 3534 2805 εὐθὺς
3586 2743 3835 2797 ἀνίστατο

2182 2831 2361 2908 ὑγιὴς,
2407 2832 2495 2885 καὶ
2556 2829 2667 2905 ἅμα
2714 2831 2803 2886 σὺν
2870 2827 3012 2908 ἀνδρὶ
3074 2832 3161 2887 καὶ
3223 2830 3471 2895 πολίταις
3520 2838 3617 2907 μιᾷ
3679 2836 3835 2911 φωνῇ

2186 2924 2277 2978 τὸν
2338 2922 2562 2998 Χριστὸν
2623 2919 2965 2997 ἐμεγάλυνεν,
3024 2921 3163 2977 Εἶτα
3218 2922 3307 2976 καί
3349 2923 3479 3000 πρὸς
3539 2925 3666 2999 γόνυ
3737 2923 3832 2976 πί-

2187 3030 2407 3073 πτοντες
2439 3011 2561 3073 τοὺς
2614 3011 2796 3087 ἁγίους
2856 3009 3181 3087 συγγνώμην
3221 3015 3323 3076 τῆς
3374 3015 3629 3089 προτέρας
3673 3010 3834 3087 ᾔτουν

2188 3100 2406 3178 ἀγνοίας
2469 3099 2579 3179 [γρ⁹
2637 3098 2862 3180 ἀνοίας],
2917 3120 3005 3155 και
3061 3100 3200 3157 οὕτω
3261 3100 3539 3180 χαίροντες
3595 3100 3836 3177 ἐπανῄε-

2192 3209 2313 3266 σαν,
2346 3184 2521 3242 πολλὰ
2571 3188 2671 3262 μὲν
2699 3194 2806 3244 τῶν
2849 3192 3151 3267 χρημάτων
3209 3204 3331 3251 τοῖς
3387 3188 3444 3244 ἐν
3498 3190 3656 3268 χρείᾳ
3714 3187 3837 3246 δια-ν

2189 3276 2523 3351 νειμάμενοι,
2584 3277 2867 3354 τριάκοντα
2925 3275 2979 3332 δὲ
3042 3275 3235 3356 λιτρῶν
3308 3278 3527 3357 χρυσίον
3593 3278 3679 3335 ἐπὶ
3751 3278 3837 3335 81-

2189 3366 2358 3442 πάνῃ,
2417 3372 2574 3422 τοῦτο
2646 3366 2743 3441 μὲν
2803 3363 2987 3440 ξένιον,
3045 3373 3203 3424 τοῦτο
3271 3365 3326 3423 δὲ
3411 3368 3703 3426 νοσούντων
3751 3369 3840 3425 καὶ

2192 3453 2502 3531 μενομένων
2561 3462 2636 3528 τῷ
2691 3453 3012 3535 ξενοδοχείῳ
3064 3459 3496 3537 παρασχόμενοι.
3559 3455 3649 3523 Ἐξ
3704 3458 3840 3514 ὲκεί-

2195 3552 2283 3602 νοῦ
2336 3543 2391 3600 δὲ
2420 3545 2726 3602 παντάπασι
2785 3547 2874 3601 καὶ
2916 3550 3016 3612 τῆς
3071 3552 3177 3603 τῶν
3237 3553 3654 3625 Μαρκιωνιστῶν
3708 3549 3843 3605 ἀπο·

2196 3634 2459 3715 σχόμενοι
2519 3635 2796 3699 κοινωνίας
2833 3680 2849 3709 ,
2913 3640 2978 3712 τῇ
3033 3638 3125 3693 τοῦ
3187 3643 3414 3715 Χριστοῦ
3482 3637 3844 3716 προσήδρευον

2194 3722 2512 3796 Ἐκκλησία.
2576 3716 2669 3790 Ὠς
2712 3722 2765 3779 δὲ
2797 3722 3006 3792 πολλὴν
3062 3724 3260 3782 ἐκεῖνοι
3300 3726 3400 3794 τὴν
3443 3725 3679 3795 σπουδὴν
3722 3729 3841 3785 εἶσ-

2194 3814 2530 3892 ενέγκαντες,
2615 3815 2706 3870 καὶ
2777 3814 2958 3889 ὥσπερ
3041 3816 3069 3871 ὁ
3144 3814 3328 3896 λόγος,
3402 3818 3576 3876 πάντα
3659 3817 3845 3874 κάλων

2193 3905 2531 3973 κινήσαντες,
2582 3904 2683 3971 τὴν
2746 3905 2818 3969 εἷς
2877 3910 2943 3962 τὰ
3001 3905 3185 3984 πρώην
3217 3908 3391 3963 αὐτῶν
3446 3908 3560 3985 lyp.
3619 3908 3846 3986 τούτων]

2196 3994 2536 4072 ὑποστροφὴν
2595 3993 2938 4070 ἀπέγνωσαν,
2996 3996 3169 4072 μάγον
3239 4016 3298 4051 τε
3382 3997 3684 4057 ἀπεκάλουν
3752 3999 3849 4055 τὸν

2196 4082 2478 4163 Ἰωάννην,
2538 4082 2630 4139 καί
2690 4081 2824 4139 ἄλλα
2854 4082 3110 4163 πλεῖστα,
3156 4084 3256 4153 τὴν
3298 4084 3458 4142 πόλιν
3512 4087 3849 4165 περιϊόντες,

2196 4173 2269 4237 είς
2327 4173 2487 4229 αὺτὸν
2543 4169 2771 4250 ὕϐριζον.
2832 4173 2895 4231 ⁸0
2939 4171 2992 4229 δὲ
3037 4183 3289 4232 τοσοῦτον
3342 4175 3553 4257 ἀπέσχε
3594 4186 3689 4237 τοῦ
3760 4189 3856 4246 καὶ

2197 4264 2330 4339 πρὸς
2399 4261 2577 4340 ὀλίγον
2642 4260 3034 4341 ἐπιστραφῆναι
3119 4271 3223 4320 τῶν
3291 4263 3517 4344 ὕϐρεων³
3590 4267 3673 4324 δτι
3757 4269 3859 4326 καὶ

2198 4352 2540 4427 σεμνόνεσθαι
2598 4350 2805 4427 μᾶλλον
2863 4351 2949 4410 ἐπ’
3012 4353 3204 4415 αὐταῖς
3256 4355 3411 4436 εἶχε,
3459 4363 3536 4431 τῷ
3579 4359 3713 4436 πρὸς
3756 4359 3861 4416 τὸν

2206 4444 2486 4509 Δεσπότην
2519 4442 2710 4517 ὁμοίῳ*
2744 4441 2921 4508 ἄλλως
2950 4466 3007 4499 τε
3067 4442 3122 4501 δὲ
3156 4447 3244 4501 καί
3288 4447 3630 4524 γεόπεμπτον
3664 4450 3863 4513 αὺτοῖς

2201 4531 2494 4611 συμφορὰν,
2529 4526 2650 4613 ὅσον
2695 4530 2868 4608 οὔπω,
2900 4532 3232 4590 καταλαϐεῖν
3275 4535 3600 4613 μέλλουσαν,
3649 4538 3864 4603 ἐκείνός

468 4615 672 4705 fuit,ut
695 4617 783 4678 vel
807 4617 1116 4678 minimum
1146 4626 1383 4678 curaret
1407 4616 1900 4695 contumelias,ut
1917 4617 2005 4678 eis
2023 4635 2106 4696 por

2206 4634 2486 4694 προεῖπεν.
2564 4611 2803 4698 Ὀλίγαις
2877 4623 2977 4700 γὰρ
3043 4622 3262 4700 ὕστερον
3329 4611 3592 4705 ἡμέραις
3629 4635 3868 4702 σεισμοῦ

471 4706 587 4766 tius
618 4704 898 4767 similiter
924 4716 1101 4788 atque
1134 4708 1423 4769 Dominus
1470 4706 1847 4787 gloriaretur.
1883 4707 2125 4788 Alioqui

470 4803 667 4857 autem
689 4794 975 4857 divinitus
999 4796 1329 4857 immissam
1355 4795 1749 4858 calamitatem
1769 4796 1840 4857 ad
1863 4815 1967 4859 eos
1990 4814 2123 4859 mox

471 4904 605 4945 esse
627 4894 936 4947 venturam
962 4885 1066 4947 ille
1091 4885 1385 4967 praedixit.
1420 4885 1630 4946 Paucis
1659 4886 1817 4946 enim
1846 4895 1979 4966 post
2000 4887 2127 4948 die-

472 4976 606 5051 bus,
643 4991 779 5037 cum
812 4993 1061 5055 magnus
1113 4982 1490 5036 terra'motus
1524 4975 1737 5038 fuisset
1764 4975 2121 5051 Antiochiae,

472 5066 604 5145 ipsa
635 5065 875 5139 domus,
905 5084 1038 5146 qua:
1067 5063 1578 5127 Marcionistarum
1611 5074 1959 5145 susceperat
1986 5084 2126 5126 con-

472 5156 909 5234 gregationem,
942 5172 1253 5224 corruens,
1288 5162 1345 5216 et
1392 5154 1605 5216 domus
1650 5172 1888 5234 quoque
1936 5154 2125 5235 pluri-

474 5263 586 5305 mae
608 5263 742 5306 cum
765 5245 974 5325 iis,qui
995 5244 1204 5306 eadem
1220 5242 2129 5324 sentiebant,labefactatae,per-

474 5334 754 5396 diderunt
808 5334 1125 5414 quamdam
1182 5332 1603 5398 incredibilem
1656 5349 1863 5394 eorum
1920 5332 2125 5396 multi-

475 5423 770 5498 tudinem,
806 5434 863 5485 et
884 5423 1045 5504 quod
1079 5432 1170 5486 est
1196 5425 1454 5485 maxime
1477 5421 1856 5497 admirabile,
1880 5432 1937 5485 et
1967 5424 2125 5504 quod

475 5523 683 5592 aperte
711 5513 1064 5574 ostendebat
1095 5531 1226 5575 eam
1251 5513 1534 5575 divinitus
1565 5510 1893 5575 immissam
1919 5513 2130 5576 fuisset

474 5601 1045 5679 calamitatem,cum
1063 5612 1224 5666 tanta
1251 5602 1528 5684 periisset
1553 5600 1873 5665 multitudo
1891 5621 2123 5681 eorum,

476 5691 576 5773 qui
609 5690 763 5755 male
786 5692 1147 5773 sentiebant,
1177 5693 1377 5761 nullus
1410 5712 1480 5759 ex
1510 5693 1609 5777 iis,
1654 5692 1759 5781 qui
1787 5704 1955 5758 recte
1983 5712 2124 5758 sen-

2210 4709 2446 4789 μεγάλου
2487 4711 2586 4778 τὴν
2632 4710 2921 4791 Ἀντιόχου
2964 4714 3303 4789 κινήσαντος,
3338 4718 3490 4778 αὐτός
3522 4739 3578 4773 τε
3610 4719 3641 4773 ὁ
3668 4722 3862 4794 οἰκος,

2208 4802 2265 4863 ὃς
2312 4800 2406 4867 τὴν
2436 4801 2543 4856 τῶν
2602 4802 3016 4877 Μαρκιωνιστῶν
3061 4806 3377 4883 συναγωγὴν
3435 4804 3677 4887 ἐδέχετο,
3710 4829 3870 4882 συμ-

2207 4890 2408 4962 πεσὼν,
2456 4889 2545 4945 καὶ
2593 4891 2750 4947 οἰκίαι
2806 4891 3061 4949 πλεῖσται
3102 4907 3222 4956 τοῖς
3279 4895 3344 4952 τὰ
3402 4896 3532 4954 αὐτὰ
3575 4904 3870 4976 φρονοῦσιν

2208 4980 2754 5043 ἑπικατασεισθεϊσαι.
2829 4980 3054 5039 ἄπιστόν
3111 5005 3161 5040 τι
3228 4985 3429 5052 πλῆθος
3494 4989 3666 5044 αὐτῶν
3742 4987 3870 5045 ἆπ-

2207 5066 2430 5137 ήλεσαν.
2499 5072 2593 5126 Καὶ
2642 5070 2703 5126 τὸ
2753 5071 3214 5147 θαυμασιώτατον¹
3252 5075 3340 5129 καὶ
3397 5076 3424 5131 ὅ
3471 5077 3697 5154 φανερὰν
3741 5074 3876 5133 δει-

2209 5157 2352 5212 κνύει
2410 5155 2676 5215 θεώλατον
2736 5160 2881 5215 εἶναι
2938 5160 3038 5227 τὴν
3104 5165 3399 5243 συμφορὰν,
3462 5164 3546 5220 ὅτι
3601 5167 3878 5224 τοσούτου

2211 5244 2443 5314 πλήθους
2512 5254 2622 5303 τῶν
2696 5246 3001 5313 κακοδόξων
3070 5250 3442 5327 ἀπολωλότος,
3517 5252 3681 5316 οὐδεὶς
3753 5258 3875 5313 τῶν

2209 5336 2333 5413 ὀρθὰ
2391 5342 2718 5415 φρονούντων
2777 5342 2963 5402 αυτοῖς
3023 5342 3391 5402 συναπώλετο.
3455 5350 3621 5401 Τοῦτο
3686 5347 3874 5422 γενό-

2210 5445 2369 5499 μενον
2453 5427 2542 5482 καὶ
2611 5427 2733 5488 τοὺς
2806 5425 3148 5493 εὐσεϐοῦντας
3233 5429 3521 5511 ἒπέρῤωσε,
3594 5435 3681 5488 καὶ
3753 5438 3879 5491 τῶν

2209 5520 2388 5577 κακῶς
2484 5517 2815 5595 ερρυνούντων
2886 5520 3114 5598 συχνοὺς
3196 5518 3557 5600 διωρθώσατο.
3641 5523 3736 5579 Καὶ
3806 5524 3879 5593 ἦν

2208 5602 2343 5671 ἰδεῖν
2372 5605 2510 5661 κατὰ
2552 5609 2651 5671 τὴν
2705 5606 2918 5664 ἃπασαν
2948 5608 3137 5688 χώραν
3179 5616 3279 5678 τῆς
3314 5611 3521 5675 πόλεως
3552 5614 3881 5690 εὖκτηρίους

2212 5693 2312 5776 μὲν
2374 5693 2558 5761 οἴκους
2590 5703 2705 5777 Θεῷ
2733 5697 3167 5783 ἀνεγειρομέναυ·
3208 5700 3261 5758 εἴ
3318 5723 3420 5761 που
3449 5699 3504 5759 δὲ
3551 5702 3673 5771 ναός
3703 5699 3881 5768 εἰδω-
