4098 6202
313 413 460 482 1081
1356 420 1540 482 VITA
1587 421 1647 483 S.
1707 419 1985 484 JOANNI

2072 418 2626 484 CHRYSOSTOMI.
3527 411 3676 481 1082

307 551 457 612 λικὸς
502 548 912 626 καταλέλειπτο,
977 553 1262 627 καθῃρεῖτο
1321 553 1405 608 καὶ
1457 553 1528 615 εἰς
1592 558 1692 629 γῆν
1752 553 1987 633 sanet—lt

2072 551 2278 630 ebant,
2313 553 2493 615 simul
2521 571 2657 615 cum
2689 553 2766 614 iis
2797 552 2998 634 periit.
3024 551 3149 614 Hoc
3179 570 3315 616 cum
3345 547 3428 616 ita
3455 548 3676 615 factum

311 647 456 710 ζετο·
516 637 706 717 ἄνδρας
766 638 821 696 δὲ
871 639 1185 719 φιλοσοφίας
1233 641 1316 697 καὶ
1383 641 1573 718 ἀρετῆς
1621 642 1954 717 ἐπιμελομέ-

2076 649 2289 720 sset,et
2308 643 2436 723 pios
2453 641 2949 718 corroboravit,et
2971 642 3230 704 correxit
3249 642 3468 704 multos
3490 661 3560 704 ex
3581 638 3678 716 iis,

311 752 431 792 νους
500 732 588 786 καὶ
631 729 808 808 πολλῆ
873 736 940 807 τῆ
975 731 1178 788 συνέσει
1207 744 1668 811 κεκοσμημένους,
1699 734 1798 788 ὃπὸ
1855 739 1953 798 τῆς

2072 731 2141 806 fui
2169 733 2322 794 male
2344 731 2710 795 sentiebant:
2747 740 2807 794 et
2836 732 3054 794 licebat
3086 733 3288 794 videre
3313 733 3374 793 in
3403 731 3683 793 universa

311 827 401 876 τοῦ
460 818 696 898 μεγάλου
751 821 939 879 τούτου
997 824 1244 898 προνοίας
1298 824 1371 886 είς
1428 823 1524 889 τὴν
1581 829 1684 878 τῶν
1741 821 1954 879 πολλῶν

2072 821 2285 900 egione
2310 823 2588 896 civitatis,
2613 823 2824 884 domos
2856 823 3103 900 quidem
3129 823 3416 885 oratorias
3437 821 3561 883 Deo
3586 839 3686 881 ex-

310 911 577 982 σωτηρίαν
653 910 1120 985 ἐκπεμπομένους.
1199 913 1494 989 Μαρτύριον
1563 910 1812 984 ἀψευδὲς,
1888 914 1952 967 τὰ

2074 910 2359 991 itari,tem
2369 913 2462 994 pla
2482 921 2679 974 autem
2705 911 3244 986 simulacrorum,si
3268 910 3425 992 quod
3444 928 3686 972 reman-

310 1000 446 1055 κατὰ
529 1001 591 1056 τὸ
677 999 958 1074 Ἀμμανὸν
1041 1000 1162 1077 ὅρος
1247 1009 1539 1067 τηνικαῦτα
1621 1002 1957 1079 γεγενημένα

2072 1009 2220 1070 erat,
2249 1001 2406 1062 dirui
2438 1002 2704 1063 funditus
2732 1011 2789 1064 et
2810 1003 2868 1063 in
2899 1012 3114 1064 terram
3149 1001 3329 1082 dejici
3355 1024 3366 1064 :
3395 1001 3554 1063 viros
3572 1019 3683 1062 au-

312 1087 433 1143 ἕνθα
477 1090 600 1149 τοὺς
632 1097 1015 1154 κατοικοῦντας
1060 1088 1205 1146 οὐδὲν
1258 1090 1419 1146 πλέον
1466 1090 1615 1169 ἔχειν
1660 1092 1732 1154 εἷς
1765 1091 1954 1167 ἀγριό-

2072 1107 2188 1163 em,
2220 1092 2322 1171 qui
2349 1091 2748 1172 philosophia;
2769 1110 2974 1153 curam
3009 1092 3300 1171 gerebant
3330 1099 3389 1152 et
3422 1090 3682 1165 virtutis,

312 1201 449 1244 τητα
482 1178 601 1244 τοὺς
656 1183 819 1255 θῆρας
856 1181 1272 1244 καταλιπόντας.
1321 1181 1394 1241 εἰς
1439 1182 1702 1246 τοσαύτην
1762 1179 1956 1245 ἐκείνος

2072 1197 2380 1261 nagnaque
2399 1182 2592 1242 ornati
2615 1190 2786 1242 erant
2805 1181 3198 1260 intelligentia
3221 1189 3276 1243 et
3295 1179 3572 1242 acumine
3596 1180 3683 1240 in-

313 1266 516 1343 ἤγαγεν
577 1269 888 1344 ἡμερότητα
937 1291 994 1324 τε
1053 1270 1142 1324 καὶ
1189 1268 1515 1347 θεοσέϐειαν,
1551 1273 1625 1334 ὡς
1685 1270 1956 1346 ἀμελῆσαι

2072 1270 2482 1348 :enii,amagni
2500 1271 2678 1350 hujus
2699 1270 2809 1332 viri
2836 1272 3206 1351 providentia
3225 1270 3416 1332 emitti
3436 1269 3508 1332 ad
3533 1269 3688 1330 mul-

317 1357 414 1432 μὲν
499 1363 600 1423 τῆς
688 1357 1161 1436 πατροπαραδότου
1242 1360 1523 1435 θρησκείας
1615 1361 1956 1438 (πράγματος

2072 1377 2236 1420 orum
2262 1359 2538 1422 salutem.
2569 1362 2805 1422 Certum
2830 1371 3025 1423 autem
3055 1359 3374 1442 ejus,quod
3403 1359 3685 1434 dicimus,

315 1449 538 1526 ἰσχυροῦ
595 1446 815 1527 σφόδρα,
864 1450 952 1503 καὶ
1011 1448 1223 1525 ἀλόγως
1268 1449 1388 1512 τοὺς
1448 1451 1679 1515 πολλοὺς
1736 1453 1810 1513 ὡς
1868 1451 1962 1506 οῦκ

2072 1449 2452 1511 estimonium
2505 1458 2644 1511 sunt
2687 1468 2778 1525 ea,
2816 1469 2946 1531 quae
2997 1451 3150 1513 tacta
3201 1457 3340 1512 sunt
3383 1450 3441 1509 in
3486 1455 3689 1510 monte

313 1535 477 1593 ἄλλου
507 1539 651 1600 τινὸς
697 1537 1100 1617 χειρουμένου),
1136 1539 1228 1594 σὺν
1257 1537 1437 1615 πολλῆ
1494 1537 1547 1595 δὲ
1579 1547 1644 1615 τῇ
1701 1542 1962 1614 προθυμίᾳ

2072 1538 2481 1601 lmmanozubi
2502 1557 2606 1600 eos
2630 1538 2732 1618 qui
2751 1539 3230 1622 habitabant,qui
3253 1547 3420 1600 erant
3440 1537 3608 1618 impii
3631 1543 3690 1599 et

313 1629 442 1702 πρὸς
506 1629 566 1683 τὸ
597 1632 695 1694 τῆς
741 1626 994 1694 ἀληθείας
1045 1629 1242 1708 φέγγος
1291 1629 1682 1704 αὐτομολῆσαι·
1738 1633 1826 1686 καὶ
1884 1631 1962 1704 μὴ

2072 1636 2456 1703 mmansueti,
2483 1638 2540 1691 et
2571 1629 2723 1690 nihil
2759 1629 3117 1692 dilferebant
3146 1649 3179 1690 a
3209 1629 3534 1692 bestiarum
3571 1628 3689 1688 im-

314 1716 480 1794 μέχρι
532 1717 719 1772 τούτου
773 1717 988 1788 στῆναι,
1048 1715 1185 1772 ἀλλὰ
1251 1720 1338 1774 καὶ
1401 1718 1630 1783 πολλοὺς
1683 1718 1732 1785 ἐξ
1791 1721 1964 1776 αὐτῶν

2072 1717 2464 1798 nanitate,ille
2483 1719 2556 1779 ad
2581 1728 2798 1780 tantam
2827 1720 3346 1782 mansuetudinem
3369 1716 3614 1780 deduxit
3633 1724 3690 1778 et

313 1803 726 1884 φιλοτιμότερον
780 1813 846 1881 τῇ
879 1803 1115 1879 εὐσεϐείᾳ
1167 1807 1480 1886 χρωμένους
1537 1807 1724 1886 ἀνδρας
1760 1831 1817 1866 τε
1875 1811 1964 1864 καὶ

2072 1807 2352 1881 pietatem,
2379 1816 2496 1868 uta
2530 1807 2798 1888 patribus
2817 1809 3058 1888 quidem
3095 1809 3286 1870 datam
3321 1806 3694 1886 neglexerint

312 1908 594 1972 γυναῖκας,
645 1896 764 1960 νοὺς
820 1896 919 1969 μὲν
960 1898 1050 1953 τὸν
1109 1902 1217 1951 τῶν
1276 1904 1558 1977 μο-ιαχῶν,
1589 1900 1711 1962 τοὺς
1757 1897 1810 1954 δὲ
1871 1899 1962 1953 τὸν

2072 1896 2565 1976 'eligionem,rem
2594 1897 2763 1960 valde
2784 1897 3181 1973 (liﬂicilem,et
3205 1915 3358 1978 quae,
3384 1899 3433 1958 si
3456 1896 3574 1958 ulla
3595 1913 3692 1956 res

313 1993 420 2040 τῶν
475 1986 749 2061 παρθένων
782 1987 937 2063 ζυγὸν
984 1985 1256 2064 ὑπελθεῖν,
1292 1989 1366 2044 Τὰ
1416 1987 1468 2043 δὲ
1501 1991 1619 2065 περὶ
1653 1990 1713 2045 τὸ
1768 1989 1962 2046 Κάσιον

2072 1985 2418 2060 ιΙὶει,ωιιΙιοε
2441 1987 2620 2048 vincit
2643 1989 2874 2066 absque
2898 1988 3150 2048 ratione:
3189 1995 3461 2068 prompto
3495 1994 3692 2047 autem

316 2073 438 2148 ὅρος
485 2075 572 2130 καὶ
629 2076 719 2130 τὸν
765 2073 943 2131 ἐκεῖσε
1016 2081 1122 2130 τῶν
1189 2074 1463 2146 Ἐλλήνων
1509 2080 1633 2134 ναὸν
1699 2083 1776 2151 τῷ
1821 2073 1964 2154 ἀνδρὶ

2072 2083 2104 2135 ιι
2126 2076 2309 2137 alacri
2333 2075 2538 2137 animo
2571 2076 2998 2156 transtugcrint
3021 2077 3095 2139 ad
3125 2079 3318 2138 lucem
3340 2076 3697 2138 veritatiszet

321 2164 653 2242 πραχθέντα,
687 2170 766 2228 τίς
820 2163 958 2220 οὕτω
1000 2165 1266 2240 βάσκανος
1329 2166 1364 2234 ἢ
1408 2167 1662 2247 ῥᾴθυμος,
1698 2167 1768 2232 ὠς
1825 2169 1961 2222 ὐπο-

2072 2181 2159 2226 tec
2183 2165 2476 2227 hactenus
2499 2165 2911 2246 steterint,sed
2939 2170 3114 2228 etiam
3145 2165 3316 2226 multi
3333 2183 3403 2228 ex
3423 2164 3500 2226 iis
3514 2164 3696 2244 pieta-

319 2267 499 2326 μεῖναι
549 2254 874 2331 παραλιπεῖν
915 2273 929 2328 ;
965 2255 1083 2312 ἔνθα
1112 2257 1378 2322 τοσαύτης
1429 2258 1638 2324 πλάνης
1669 2260 1730 2314 τὸ
1763 2257 1963 2334 πρότε-

2076 2272 2108 2315 e
2131 2253 2221 2315 usi
2254 2254 2725 2336 muniﬁcentius,
2753 2255 2885 2336 viri,
2914 2257 3246 2337 inquam,et
3271 2255 3577 2332 mulieres,
3609 2249 3697 2313 illi

327 2365 416 2421 ρον
461 2343 648 2422 οὔσης,
680 2347 767 2400 καὶ
800 2343 1032 2413 πλήθους
1077 2346 1175 2419 μὲν
1233 2346 1458 2424 ἀριθμοῦ
1487 2348 1812 2428 κρείττονος,
1847 2347 1966 2402 ὅσαι

2072 2343 2296 2424 ιυίιιειη
2325 2345 2777 2419 monachorum,
2809 2347 2900 2407 hae
2931 2347 3224 2425 virginum
3250 2346 3459 2424 jugum
3490 2342 3700 2405 subie—

327 2436 460 2509 ὧραι
519 2439 833 2511 φοιτῶντος,
869 2435 1066 2511 μύρίων
1122 2435 1176 2491 δὲ
1233 2437 1384 2506 ζώων
1416 2441 1627 2517 σφαγῆς
1685 2437 1972 2515 γινομένης

2072 2435 2197 2495 -int.
2224 2434 2335 2506 Qui
2363 2443 2560 2496 autem
2589 2437 2644 2497 in
2671 2437 2843 2500 Casio
2869 2447 3071 2499 monte
3093 2447 3152 2498 et
3174 2443 3234 2497 in
3268 2434 3512 2516 templo,
3538 2433 3698 2515 quod

330 2525 403 2586 εἷς
435 2545 532 2589 την
566 2526 666 2577 τῶν
697 2522 962 2598 δαιμόνων
999 2523 1120 2602 (φεῦ
1153 2523 1198 2596 ί)
1249 2529 1552 2604 θεραπείαν,
1585 2527 1760 2587 πάντα
1791 2527 1974 2583 ἐκεῖνα

331 2611 512 2690 ᾤχετο
571 2613 657 2667 καὶ
709 2611 917 2679 ἀπέσϐη
978 2619 1057 2687 τῷ
1126 2614 1275 2688 ζήλῳ
1335 2621 1432 2682 τῆς
1479 2615 1723 2693 μεγάλης
1778 2617 1976 2682 ταύτης

330 2704 419 2758 καὶ
491 2704 802 2770 θεοκινήτου
860 2705 1069 2782 χυχῆς.
1136 2702 1266 2761 Οὐδὲ
1335 2712 1494 2762 ταῦτα
1540 2705 1690 2769 λίθης
1753 2704 1870 2771 ἄξια
1913 2704 1978 2759 τὰ

328 2793 458 2868 πρὸς
522 2797 588 2866 τῇ
648 2791 912 2867 ἀκρωρείᾳ
979 2798 1071 2857 τῆς
1117 2792 1326 2856 πόλεως
1371 2802 1463 2850 τοῦ
1515 2795 1607 2861 τῆς
1659 2791 1976 2873 Ἀφροδίτης

328 2884 665 2959 γεγενημένα
707 2890 834 2938 ναοῦ
877 2885 964 2938 καὶ
1009 2884 1090 2939 ὅτι
1122 2885 1198 2958 μὴ
1261 2883 1421 2956 μόνον
1455 2885 1665 2942 ἐκεῖνον
1722 2887 1976 2960 καθαιρε-

323 2975 478 3040 θῆναι
523 2970 611 3026 διὰ
669 2970 905 3038 σπουδῆς
967 2972 1135 3047 ἔθετο,
1184 2974 1322 3032 ἀλλὰ
1397 2975 1483 3029 καὶ
1543 2971 1734 3052 ἄνδρας
1794 2973 1976 3050 ἁγίους

325 3061 794 3138 ἐγκατοικισθῆναι
868 3069 945 3134 τῷ
1023 3063 1172 3136 τόπῳ
1258 3061 1511 3141 φοϐεροὺς
1595 3076 1713 3125 τοῖς
1798 3062 1978 3118 ἐκεῖσε

326 3148 756 3228 παραδυομένοες
842 3150 1173 3229 ὑπάρξοντας
1258 3150 1528 3228 δαίμοσιν,
1615 3153 1686 3217 ὡς
1770 3152 1977 3227 μακρὰν

331 3240 429 3313 μὲν
474 3239 708 3302 ἐκείνους
752 3239 1108 3316 ἀπελαθῆναι,
1141 3243 1381 3320 καθάπερ
1439 3244 1585 3305 τινὸς
1638 3241 1807 3299 ὅπλου
1851 3262 1976 3320 φρι-

332 3331 464 3385 κτοῦ
518 3334 617 3396 τῆς
661 3336 767 3386 τῶν
832 3327 1034 3408 ἀνδρῶν
1094 3333 1266 3411 εῦχῆς
1325 3333 1514 3398 αὐτοῖς
1576 3331 1976 3406 ἐπισειομένης·

335 3419 645 3496 ἀνθρώπους
689 3419 744 3474 δὲ
773 3421 898 3484 τοὺς
929 3425 1327 3498 περιοικοῦντας
1361 3425 1421 3478 οῦ
1471 3427 1570 3488 τῆς
1603 3424 1776 3478 αὐτῶν
1823 3421 1986 3496 μόνον

337 3508 719 3586 ἀπαλλαγῆναι
778 3509 981 3584 λύμης,
1045 3509 1182 3566 ἀλλὰ
1244 3515 1330 3568 καὶ
1373 3511 1631 3578 πλείστης
1697 3511 1988 3568 ἀπολαύειν

341 3604 440 3664 τῆς
495 3598 756 3677 ὠφελείας
801 3612 919 3664 τοῖς
979 3607 1278 3658 συνοικοῦσι
1325 3615 1597 3680 μοναχοϊς
1643 3599 1985 3676 ὁμιλοῦντας.

340 3686 536 3766 Ἔργον
591 3693 690 3756 τῆς
729 3689 933 3746 ἐκείνου
987 3687 1244 3762 σπουδῆς,
1282 3693 1367 3747 καὶ
1422 3692 1457 3758 ἡ
1508 3691 1562 3745 ἐν
1617 3696 1685 3767 τῇ
1718 3687 1851 3768 ἄκρᾳ
1898 3695 1988 3744 τοῦ

339 3778 516 3848 Βήλου
586 3778 879 3856 λεγομένου
950 3777 1180 3854 βεϐήλου
1248 3787 1378 3836 ναοῦ
1440 3781 1762 3858 καθαίρεσις,
1821 3782 1908 3834 καὶ
1959 3779 1986 3832 ὁ

339 3868 537 3947 μέχρις
569 3867 788 3947 ἐδάφους
822 3870 1142 3948 ἀφανισμὸς,
1182 3867 1299 3948 ἔχει
1332 3870 1420 3925 καὶ
1476 3871 1510 3935 ἡ
1543 3874 1650 3923 τῶν
1682 3867 1987 3924 Σελευκέων

340 3961 602 4034 περιοικὶς
649 3960 906 4022 τοιούτοις
953 3957 1395 4037 ἐγκαυχήσασθαι
1426 3967 1520 4016 τοῦ
1551 3955 1733 4034 ἀνδρὸς
1787 3979 1989 4032 κατορ-

340 4049 601 4122 θώμασιν·
691 4047 805 4104 ἐπεὶ
879 4049 966 4104 καὶ
1051 4045 1338 4103 εἰδωλικῶν
1408 4052 1549 4103 ναῶν
1633 4046 1988 4122 καθαιρέσεις,

339 4140 494 4215 ἱερῶν
564 4159 621 4192 τε
688 4137 840 4192 θείων
904 4134 1209 4210 οἰκοδομὰς,
1287 4137 1375 4191 καὶ
1447 4135 1720 4210 οτκισμοὺς
1791 4133 1991 4214 ἀνδρῶν

340 4226 664 4305 φιλαρέτων,
731 4229 819 4282 καὶ
891 4227 1059 4292 ταύτη
1135 4225 1501 4304 γεγενημένας
1562 4227 1825 4302 εὑρήσεις,
1903 4227 1990 4286 Τίς

343 4316 443 4393 γὰρ
499 4319 593 4372 τὸν
621 4315 782 4386 ζῆλον
840 4317 974 4372 κατὰ
1019 4315 1178 4392 μέρος
1236 4315 1430 4397 ἐξείποι
1474 4321 1571 4382 τῆς
1627 4314 1991 4382 ἀποστολίκῆς

2057 2524 2179 2586 illic
2209 2533 2356 2599 erat,
2392 2524 2707 2603 gentilium
2759 2525 2834 2587 ab
2866 2526 2967 2588 illo
3019 2526 3143 2588 viro
3173 2526 3329 2588 facta
3374 2533 3536 2605 sunt,
3568 2522 3703 2604 quis

2062 2624 2152 2677 est
2198 2615 2349 2676 adeo
2379 2614 2616 2676 invidus
2666 2627 2766 2676 aut
2816 2616 3122 2696 negligens
3171 2623 3273 2679 aut
3299 2615 3499 2695 deses,
3531 2621 3591 2675 ut
3640 2611 3700 2674 id

2059 2704 2344 2765 sustineat
2377 2705 2884 2784 praetermittere?
2913 2707 3040 2778 Quo
3071 2709 3132 2767 in
3166 2707 3294 2767 loco
3335 2724 3471 2768 cum
3504 2711 3703 2764 tantus

2059 2812 2230 2854 error
2253 2795 2418 2873 prius
2441 2804 2599 2856 esset
2623 2795 2966 2868 diﬂ‘usus,et
2995 2795 3314 2860 multitudo
3337 2793 3576 2876 quidem
3602 2810 3704 2853 as-

2059 2884 2236 2946 sidue
2269 2883 2500 2945 veniret
2530 2884 3200 2960 innumerabilisﬁeret
3223 2892 3420 2946 autem
3443 2883 3707 2944 immen-

2063 2992 2190 3034 sum
2226 2974 2570 3034 animalium
2605 2975 2966 3036 sacriﬁcium
3002 2981 3246 3055 propter
3271 2973 3518 3039 cultum.
3557 2971 3706 3050 proh

2062 3062 2256 3124 dolor!
2294 3062 2632 3124 daemonum
2659 3063 3082 3143 perieruntilla
3108 3064 3310 3125 omnia
3333 3071 3390 3124 et
3420 3061 3710 3124 exstincta

2062 3158 2202 3212 sunt
2241 3154 2365 3212 zelo
2400 3151 2562 3212 illius
2592 3171 2825 3231 magna;
2869 3161 2928 3213 et
2957 3170 3086 3232 qua:
3129 3170 3164 3213 a
3194 3151 3314 3214 Deo
3362 3149 3710 3212 movebatur

2001 3239 2298 3347 Canimae.
2354 3243 2562 3340 Neque
2594 3241 2718 3302 hinc
2771 3241 3137 3347 suntndigna,
3172 3259 3305 3343 qum
3353 3238 3713 3342 mandentur

2070 3330 2472 3412 silentioquaa
2495 3332 2646 3393 facta
2669 3331 2890 3392 suntin
2917 3332 3154 3411 fastigio
3184 3330 3530 3406 cititatis,in
3555 3337 3711 3389 tem-

2070 3419 2167 3499 plo
2199 3417 2542 3481 Veneriszet
2564 3421 2719 3501 quod
2749 3439 2863 3481 non
2887 3420 3078 3481 solum
3112 3420 3499 3492 studuerit,ut
3521 3417 3580 3478 id
3615 3415 3712 3477 di-

2068 3517 2370 3582 lueretur,
2405 3509 2507 3570 sed
2559 3511 2734 3571 etiam
2769 3519 2834 3570 ut
2864 3509 2922 3570 in
2966 3528 3035 3570 eo
3069 3511 3197 3572 loco
3246 3510 3347 3571 viri
3379 3509 3569 3570 sancti
3600 3509 3713 3569 ha-

2072 3597 2357 3672 bitarent,
2396 3599 2697 3660 terribiles
2721 3598 2820 3675 iis,
2855 3599 2957 3679 qui
2989 3618 3060 3661 eo
3091 3599 3397 3672 subibant,
3423 3598 3714 3658 daemoni-

2073 3686 2182 3748 bus
2215 3709 2228 3747 :
2263 3688 2412 3748 adeo
2447 3700 2508 3748 ut
2536 3688 2622 3748 illi
2663 3689 2908 3768 quidem
2945 3690 3150 3768 procul
3181 3687 3410 3768 expulsi
3469 3686 3716 3760 fuerint,

2073 3785 2350 3856 tanquam
2395 3777 2578 3837 armis
2608 3779 2960 3857 quibusdam
3015 3776 3387 3838 terribilibus
3440 3775 3713 3849 intentis,

2072 3883 2279 3926 eorum
2304 3865 2568 3927 virorum
2595 3866 2894 3946 precibus:
2930 3866 3201 3928 homines
3221 3872 3444 3938 autem,
3471 3864 3568 3944 qui
3593 3864 3716 3924 cir-

2073 3955 2377 4017 cumcirca
2399 3955 2767 4030 habitabant,
2798 3975 2914 4017 non
2941 3955 3137 4018 solum
3160 3974 3192 4016 a
3213 3953 3457 4016 laesione
3477 3952 3718 4014 illorum

2075 4044 2611 4120 liherarentur,sed
2643 4044 2819 4106 etiam
2848 4044 3165 4106 maximam
3192 4043 3536 4124 acciperent
3561 4040 3723 4102 utili-

2075 4143 2427 4206 tatem,cum
2455 4142 2699 4216 possent
2723 4141 2946 4196 versari
2972 4153 3108 4196 cum
3134 4132 3573 4213 monachis,qui
3595 4147 3728 4212 per-

2075 4224 2468 4287 fectierantin
2489 4224 2594 4286 Dei
2613 4224 3024 4289 timore.lllius
3038 4224 3256 4286 mentis
3271 4231 3330 4285 et
3351 4221 3532 4285 studii
3548 4221 3728 4282 etiam

2080 4322 2171 4377 est
2202 4333 2372 4394 Opus,
2401 4334 2533 4394 quae
2575 4315 2686 4378 fuit
2717 4315 2774 4376 in
2807 4333 2942 4377 arce
2983 4315 3132 4390 Beli,
3169 4313 3271 4396 qui
3314 4312 3555 4391 dicitur,
3585 4328 3726 4392 pro-

346 4405 552 4470 ἐκείνης
588 4410 684 4462 καὶ
721 4407 1203 4481 μεμεριμνημένης
1237 4404 1449 4483 ψυχῆς
1483 4403 1575 4459 ἵνα
1607 4413 1734 4482 γοῦν
1757 4406 1833 4480 μῆ
1863 4407 1987 4484 πρὸς

2079 4405 2201 4466 faui
2235 4404 2439 4486 templi
2472 4406 2828 4480 destructio,
2863 4415 2920 4468 et
2951 4407 3020 4468 ad
3072 4406 3265 4466 solum
3298 4423 3480 4484 usque
3513 4403 3725 4462 demo-

344 4494 599 4571 ἀμετρίαν
657 4497 794 4568 ἡμῖν
858 4497 885 4550 ὁ
949 4493 1110 4571 λόγος
1169 4494 1528 4572 παραταθείη,
1590 4493 1760 4549 τᾶλλα
1820 4496 1987 4552 πάντα

2080 4493 2236 4556 litio.
2263 4497 2465 4555 Potest
2497 4497 2672 4556 etiam
2707 4513 2837 4575 quae
2869 4495 3031 4556 circa
3055 4493 3400 4556 Seleuciam
3432 4489 3730 4552 habitatur

351 4584 416 4639 τὰ
477 4585 533 4640 ἐν
605 4588 682 4658 τῴ
750 4581 1109 4661 πρεσϐυτερίῳ
1166 4585 1336 4657 τούτῳ
1409 4583 1807 4658 κατωρθωμένα
1879 4606 1987 4640 πα-

2083 4585 2273 4663 regio,
2307 4584 2547 4663 gloriari
2584 4585 2887 4664 praeclaris
2940 4584 3111 4647 factis
3143 4584 3302 4645 illius
3332 4582 3461 4644 viri.
3493 4579 3636 4642 Nam
3668 4589 3730 4643 et

355 4673 618 4752 ραλιπὼν,
653 4673 737 4730 ἐπὶ
768 4677 860 4730 τὸν
892 4678 992 4739 τῆς
1025 4673 1324 4738 ἐπισκοπῆς
1356 4669 1620 4748 βαδιεῖται
1655 4673 1875 4750 χρόνον.

2083 4659 2546 4735 simulacrorum
2585 4659 2806 4753 templa
2838 4673 2962 4735 illic
2986 4673 3200 4746 diruta,
3225 4679 3284 4734 et
3309 4671 3536 4733 divinas
3566 4668 3728 4732 aedes

353 4769 773 4836 exstructas,et
793 4762 952 4822 viros
980 4760 1212 4823 virtutis
1230 4761 1534 4823 studiosos
1558 4760 1678 4821 illic
1701 4761 1776 4822 ad
1799 4761 2184 4823 habitandum
2212 4762 2530 4823 collocatos
2563 4763 2860 4828 invenies.
2887 4765 3032 4836 Quis
3061 4770 3219 4825 enim
3248 4763 3438 4824 zelum
3472 4757 3729 4835 singula-

350 4850 455 4912 tim
477 4850 880 4913 enuntiaverit
902 4850 1064 4911 illius
1092 4849 1436 4931 apostolica;
1461 4858 1520 4912 et
1544 4849 2168 4914 sollicitasanimzeme
2191 4871 2331 4930 ergo
2355 4853 2414 4913 in
2434 4858 2790 4914 immensum
2821 4853 2996 4915 nobis
3015 4862 3242 4915 crescat
3260 4846 3728 4928 oratio,reliquis

351 4939 632 5004 omnibus
663 4939 1251 5022 praetermissis,qum
1275 4948 1438 5002 recte
1468 4950 1633 5019 gesta
1661 4953 1802 5002 sunt
1825 4941 1886 5002 in
1920 4941 2032 5002 hoc
2067 4941 2505 5024 presbyteratu,
2533 4961 2601 5004 ea
2633 4943 2920 5023 procedet
2947 4943 3020 5005 ad
3055 4953 3289 5022 tempus
3322 4947 3724 5020 episcoliatus.

435 5031 542 5091 lE'.
593 5031 666 5089 Οῦ
719 5030 889 5094 πολὰς
945 5033 1045 5108 γὰρ
1099 5029 1280 5109 ᾤχετο
1337 5032 1555 5110 χρόνος,
1587 5033 1675 5088 καὶ
1721 5033 1987 5108 Νεκτάριο‹

2171 5030 2296 5095 XV.
2329 5031 2456 5094 Non
2490 5033 2739 5094 multum
2767 5034 2926 5095 enim
2967 5032 3308 5096 intercessit
3329 5028 3637 5109 temporis,
3673 5033 3733 5086 et

350 5122 450 5196 μὲν
526 5123 554 5178 ὁ
625 5121 720 5189 τῆς
790 5121 1190 5178 Κωνσταντίνου
1274 5118 1530 5196 πρόεδρος
1614 5123 1745 5199 πρὸς
1821 5122 1987 5199 Κύριοι

2090 5120 2404 5184 Nectarius
2429 5123 2674 5203 quidem
2707 5123 2918 5204 praasul
2938 5115 3734 5199 Constantinopolis,migrat

348 5209 703 5290 ἐξεδήμησεν,
736 5210 880 5271 εὒθὺς
941 5206 997 5264 δὲ
1031 5211 1058 5265 ὁ
1115 5231 1207 5265 του
1249 5211 1433 5286 θρόνου
1463 5209 1603 5276 ἄξιος
1664 5211 1981 5282 ἐπεζητεῖτο

2090 5212 2162 5274 ad
2182 5212 2502 5275 Dominum
2531 5213 2644 5292 (8).
2661 5214 2940 5274 Protinus
2965 5220 3160 5274 autem
3186 5208 3544 5292 querebatur
3563 5205 3734 5286 quis-

350 5298 572 5357 ’Ἂλλων
631 5302 719 5354 οὖν
785 5296 992 5371 ἄλλοις,
1031 5296 1212 5374 ὥσπερ
1257 5297 1373 5362 ἔθος
1429 5299 1483 5353 ἐν
1543 5313 1661 5364 τοῖς
1718 5301 2004 5372 τοιούτοις,

348 5392 415 5445 τὰ
462 5403 704 5467 πρωτεῖα
765 5389 1060 5464 νεμόντων,
1108 5391 1195 5443 καὶ
1254 5394 1362 5443 τῶν
1422 5387 1521 5462 μὲν
1565 5387 1735 5466 φιλίᾳ,
1791 5395 1896 5444 τῶν
1951 5387 2006 5445 δὲ

424 5549 505 5619 (8)
536 5548 838 5607 Nectarius
869 5548 1072 5619 praecul
1121 5547 1266 5619 obiit
1315 5560 1470 5603 anno
1515 5546 1644 5617 367,
1669 5545 2010 5619 consulibus

355 5617 594 5677 Caesario
626 5631 680 5678 et
714 5617 917 5684 Attico,
951 5621 986 5675 5
1018 5619 1139 5676 Kal.
1195 5617 1422 5676 Octob..
1463 5628 1526 5674 ut
1558 5633 1624 5674 ex
1655 5618 1872 5675 Socrat.
1908 5617 2006 5675 lib.

354 5701 430 5755 Vt,
464 5703 516 5746 c.
548 5691 582 5748 2
636 5700 792 5751 notat
836 5692 964 5750 Bar.
1001 5691 1082 5750 De
1145 5689 1385 5754 Nectarii
1418 5698 1625 5761 morte,
1660 5699 1716 5745 et
1764 5689 2012 5747 Joannis

2094 5303 2381 5383 piam,qui
2411 5311 2568 5363 esset
2591 5302 2809 5380 dignus
2829 5320 2898 5363 ea
2919 5303 3090 5366 sede.
3124 5302 3270 5362 Cum
3293 5297 3393 5359 alii
3417 5315 3557 5374 ergo
3579 5295 3736 5372 aliis,

2093 5400 2156 5453 ut
2179 5392 2307 5453 ﬁeri
2330 5393 2481 5454 solet
2505 5393 2564 5452 in
2596 5390 2897 5471 ejusmodi
2926 5389 3111 5454 rebus
3145 5388 3373 5469 primas
3403 5394 3600 5467 partes
3625 5385 3732 5446 tri-

2093 5548 2408 5610 crcatione,
2445 5545 2569 5602 vide
2599 5544 2838 5616 Niceph.
2875 5559 2980 5616 cap
3028 5546 3061 5600 2
3087 5545 3187 5604 lib.
3217 5555 3358 5616 χιιι)
3392 5542 3608 5600 Theod.
3633 5541 3735 5616 lib.

2095 5632 2147 5683 ν,
2176 5632 2225 5680 c,
2258 5619 2364 5682 26;
2401 5618 2521 5674 Soz.
2568 5617 2667 5673 iib.
2712 5613 2825 5682 vi'l,
2857 5631 2906 5672 (‘.
2934 5613 3014 5682 Ὦ,
3047 5618 3080 5676 3
3112 5639 3126 5687 ;
3161 5616 3290 5675 SOO.
3324 5615 3420 5674 lib.
3454 5625 3531 5680 Vt,
3569 5628 3620 5672 ο.
3654 5613 3730 5684 2;

2098 5688 2224 5746 Bar.
2252 5702 2346 5746 an.
2381 5689 2504 5746 397.
3524 5688 3525 5691 “
