4032 6202
473 325 624 398 1083

1757 345 2039 410 MENSIS
2098 348 2555 414 JANUARIUS.

3704 347 3818 419 1084

470 466 728 565 buerent
763 471 850 556 (ﬁt
893 474 1054 539 enim
1085 474 1145 539 in
1179 476 1252 541 iis
1306 477 1560 542 maxima
1589 499 1658 543 ex
1695 489 1862 562 parte
1897 482 2111 544 exami-

2209 481 2485 558 δυναστείᾳ
2555 487 2615 543 τὸ
2686 483 2895 564 θαῤῥεῖν
2965 485 3228 565 ἐχόντων,
3290 483 3406 541 ’ἐστι
3487 479 3549 539 δὲ
3619 484 3691 538 ὧν
3752 484 3823 541 καί

472 563 659 636 natio,
695 583 813 626 non
869 585 937 628 ex
981 571 1195 632 virtute
1219 587 1455 652 eorum,
1490 573 1585 651 qui
1610 570 2111 644 asciscunlur,sed

2207 577 2409 652 χρυσίῳ
2466 587 2565 642 τήν
2623 578 2720 643 τῆς
2756 563 3180 654 ἀρχιερωσύνης
3238 578 3423 655 ψῆφοι
3464 575 3634 630 ὢνιον
3671 596 3825 632 ποίου.

475 667 546 714 ex
572 671 801 730 eorum,
828 656 932 732 qui
962 666 1098 718 sunt
1132 668 1427 738 potentes,
1457 661 1514 724 in
1550 680 1652 723 eos
1675 660 2116 740 benevolentia,

475 761 604 823 quae
646 744 736 804 vel
761 752 853 806 est
883 765 1030 826 pura
1058 766 1126 812 ac
1148 751 1406 829 sincera,
1445 751 1535 814 vel
1562 752 1816 813 accessit
1847 754 2118 815 muneri-

471 831 629 907 bus):
657 842 964 913 oporteret
990 847 1187 902 autem
1221 853 1491 904 sanctum
1517 841 1804 922 Spiritum
1848 842 2112 918 vincere,

471 928 529 1013 et
551 939 685 983 eum
713 926 958 1007 pratici,
986 931 1083 1009 qui
1117 931 1188 991 ad
1213 932 1326 995 hoc
1349 931 1542 1012 ipsum
1584 941 1709 994 erat
1741 931 1815 994 ab
1855 952 1924 993 eo
1959 952 2113 1013 pra!-

469 1011 892 1093 destinatus,et
924 1021 1197 1099 superari
1229 1011 1439 1085 omnes
1471 1040 1503 1084 a
1534 1023 1781 1085 Joannis
1812 1011 2027 1085 virtute
2059 1034 2116 1086 et

468 1102 898 1184 eloquentia,et
922 1109 976 1170 ei
1000 1111 1256 1190 primum
1285 1113 1480 1176 locum
1510 1113 1725 1176 cedere
1749 1114 1810 1175 in
1835 1115 2108 1177 ecclesia:

472 1199 530 1252 et
547 1192 926 1285 alioquiejus
946 1199 1099 1262 fama
1116 1201 1310 1280 plena:
1325 1211 1524 1265 essent
1538 1222 1746 1266 omnes
1760 1205 2038 1285 aures,ad
2049 1222 2117 1266 eo

473 1289 538 1343 ut
568 1282 743 1375 etiam
779 1283 932 1350 bona
955 1287 1116 1352 illius
1137 1291 1444 1354 auditione
1475 1294 1805 1373 accepisset
1853 1282 2116 1375 impera-

471 1376 585 1433 tor:
619 1371 670 1434 is
700 1393 838 1438 vero
872 1388 1000 1440 erat
1031 1380 1325 1444 Arcadius
1354 1401 1369 1458 ;
1404 1401 1540 1443 cum
1573 1371 1698 1445 haec
1728 1383 1808 1444 ita
1827 1401 1892 1444 se
1929 1371 2114 1445 babe-

471 1465 881 1556 rent,ta_ndem
901 1487 1033 1530 cum
1058 1479 1113 1532 et
1136 1472 1232 1551 qui
1256 1471 1585 1534 Ecclesiam
1618 1473 1994 1554 regebant,et
2015 1473 2116 1556 qui

475 1552 911 1632 rempublicam
943 1559 1616 1638 administrabant,cum
1649 1552 2012 1643 imperatore
2033 1552 2116 1626 vin

472 1659 651 1704 uuam
685 1647 1110 1711 convenissent
1138 1650 1524 1726 sententiam,
1559 1652 1876 1715 mittuntur
1907 1653 2118 1717 littera:

473 1730 936 1823 adqij‘lavianum
970 1739 1312 1819 pontiﬁcem
1345 1742 1680 1804 Antiochia:
1711 1761 1725 1802 :
1780 1761 1911 1823 quae
1940 1743 2118 1805 simul

2204 665 2403 738 μένων.
2442 666 2554 723 ἐπεὶ
2609 664 2711 722 ἔδει
2744 667 2803 722 τό
2861 666 3012 744 ἆίγιον
3045 672 3259 740 Πνεῦμα
3315 671 3477 722 νικᾶν
3539 666 3741 720 καὶτὸν
3775 667 3826 727 ei;

2203 756 2330 812 αὐτὸ
2402 755 2556 812 τοῦτο
2617 756 2982 834 πρωρισμένον
3052 755 3143 811 ὑπ’
3185 758 3340 814 τῦτοῖι
3395 755 3826 834 προχειρίζεσθαι,

2201 844 2298 910 τῆς
2343 844 2594 905 Ἰωάννου
2652 869 2732 920 τε,
2769 849 2932 926 φημὶ,
2967 846 3160 925 ἆρετῆς
3220 847 3308 903 καὶ
3365 845 3635 924 γλώττης
3690 847 3828 912 ἣττη-

2200 935 2351 1002 θῆναι
2413 937 2638 1008 πάντας,
2672 938 2896 993 καὶτῶν
2955 935 3248 1015 πρεσϐείων
3307 938 3461 1010 αὒτῷ
3493 941 3601 1002 τῆς
3662 935 3827 1003 iub.-

2201 1025 2315 1088 σίας
2366 1032 2792 1106 παραχωρῆσαι,
2844 1025 2949 1094 ἤδη
3028 1029 3115 1083 καὶ
3188 1032 3254 1103 τῇ
3324 1048 3429 1083 κατ
3497 1027 3661 1082 αὐτὸν
3706 1028 3825 1103 φήμῃ

2199 1115 2378 1181 πάσης
2463 1115 2632 1183 ἀκοῆς
2717 1115 3235 1191 ὑποπιμπλαμένης,
3310 1118 3381 1179 ὡς
3477 1112 3626 1190 μηδὲ
3707 1117 3828 1171 αὑτὸν

2203 1205 2435 1275 ἀνήκοον
2498 1219 2680 1278 μεῖναι
2749 1207 2838 1263 τὸν
2885 1215 3179 1285 κρατοῦντα
3241 1213 3347 1262 τῶν
3405 1206 3625 1262 ἐκείνου
3685 1203 3827 1261 καλών

2205 1293 2509 1373 (Ἃρκάδιος
2569 1295 2720 1360 οὗτος
2749 1295 2865 1373 ἦν),
2898 1295 3014 1353 ἐπεὶ
3065 1303 3226 1352 ταῦτο
3285 1296 3462 1358 οὕτως
3514 1295 3674 1374 εἶχε,
3705 1292 3827 1356 τέλος

2199 1390 2306 1440 τῶν
2336 1385 2432 1450 τῆς
2489 1383 2811 1452 Ἐκκλησίας
2848 1386 2936 1442 καὶ
2993 1390 3091 1453 τῆς
3137 1382 3410 1447 πολιτείας
3468 1384 3724 1464 ἆχόντων
3771 1385 3825 1443 εἰς

2201 1474 2325 1547 μίαν
2379 1472 2603 1551 γνώμην
2672 1481 2749 1548 τῷ
2818 1473 3035 1549 βασιλεῖ
3103 1472 3494 1553 συνελθόντων,
3570 1474 3827 1550 γράμματα

2200 1563 2330 1637 πρὸς
2415 1564 2504 1619 τὸν
2587 1564 2803 1643 ίεράρχν
2893 1562 3231 1644 Ἀντιοχείας
3314 1560 3631 1619 Φλαϐιανὸν
3708 1561 3824 1636 πέμ-

2202 1675 2417 1729 πονται,
2451 1654 2584 1727 ὁμοῦ
2629 1653 2726 1728 μὲν
2778 1656 2868 1710 τὸν
2913 1655 3202 1733 Νεκταρίου
3231 1653 3566 1731 γνωρίζοντα
3609 1652 3823 1726 θάνατον,

2203 1745 2335 1817 ὁμοῦ
2405 1740 2458 1798 δὲ
2545 1744 2632 1800 καὶ
2691 1745 2778 1799 τὸν
2843 1750 3073 1824 χρυσοῦν
3130 1745 3411 1817 Ἰωάννην,
3478 1744 3548 1799 τὸ
3605 1745 3706 1820 γῆν
3757 1743 3823 1796 καὶ

474 1821 714 1900 quidem
741 1834 798 1886 et
829 1825 1090 1890 Nectarii
1118 1838 1370 1892 mortem
1396 1831 1448 1891 ei
1471 1821 1976 1910 signiﬁcabant,et
2007 1851 2111 1894 au-

2200 1831 2467 1888 Θάλατταν
2525 1833 2782 1912 περιέχον
2833 1821 3032 1908 θαῦμα,
3063 1834 3152 1891 καὶ
3203 1834 3363 1892 αὐτοῦ
3413 1833 3504 1906 δὲ,
3534 1833 3698 1913 φημὶ,
3735 1853 3821 1887 πα·

472 1928 644 1974 reum
661 1913 981 1998 Joannem,
1006 1917 1166 1999 quod
1195 1929 1414 1983 terram
1441 1930 1498 1983 et
1519 1939 1682 1982 mare
1705 1923 1972 1983 continet
1999 1922 2116 1984 mi-

472 2003 768 2092 raculum,
797 2013 975 2087 atque
1000 2008 1151 2070 adeo
1189 2010 1384 2091 ipsum
1418 2011 1594 2073 etiam
1638 2011 1853 2074 caelum
1906 2013 2110 2092 tangit,

473 2091 547 2154 ad
575 2093 769 2172 ipsum
792 2096 1206 2165 accersebant.
1240 2101 1590 2163 Pontiﬁcem
1627 2111 1852 2174 autem,
1877 2091 2027 2163 cum
2051 2103 2113 2164 in

460 2199 676 2272 manus
730 2187 1086 2266 sumpsisset
1127 2188 1467 2271 epistolam,
1502 2199 1560 2252 et
1593 2208 1722 2252 eam
1759 2191 2115 2272 perlegisset

460 2271 628 2335 aiunt
659 2273 976 2338 tradidisse
1004 2275 1216 2340 Joanni
1255 2299 1271 2353 ;
1302 2298 1439 2342 cum
1472 2299 1635 2355 vero,
1671 2271 1802 2342 cun.
1848 2282 2111 2362 legisset,

462 2363 719 2426 multum
745 2365 987 2446 quidem
1015 2365 1362 2447 ingenuisse
1385 2377 1627 2452 propter
1658 2389 1750 2440 ea.
1774 2390 1905 2452 quae
1924 2374 2114 2453 scrip-

463 2461 562 2535 pta
584 2454 818 2517 fuerant
847 2473 860 2519 :
897 2465 956 2520 et
978 2458 1201 2522 multas
1221 2461 1398 2522 etiam
1425 2461 1714 2543 lacrymas
1745 2461 2016 2524 emisisse
2039 2479 2112 2524 ex

464 2544 657 2608 oculis
688 2554 933 2626 propter
962 2549 1388 2612 contritionem
1427 2551 1694 2632 spiritus,
1723 2552 2020 2614 dicentem
2045 2571 2110 2615 se

465 2653 600 2699 esse
623 2634 1030 2714 indignum,et
1052 2640 1155 2720 qui
1173 2640 1352 2720 longe
1369 2639 1701 2716 abesset,ut
1719 2653 1880 2704 tanta
1897 2645 2112 2704 rectio-

465 2724 561 2788 nis
581 2743 725 2789 cura
759 2725 973 2790 debeat
1011 2729 1068 2792 ei
1095 2729 1557 2792 committi.Nam
1593 2748 1786 2812 parvae
1815 2731 2108 2807 navi,aie-

462 2813 715 2888 bat,non
740 2826 834 2878 est
865 2825 1054 2880 tutum
1090 2839 1366 2897 maguum
1402 2840 1554 2882 onus
1585 2821 1926 2902 imponere.
1964 2821 2106 2886 Cum

464 2904 549 2966 sic
566 2904 958 2976 diceret,eum
989 2908 1980 2990 consolabaturFlavianus,etapte
2001 2911 2092 2972 eri

465 2994 1008 3076 gebat,verbis,pro
1043 2999 1812 3081 medicamentis,spargens
1839 3001 1968 3081 ejus
1985 3001 2114 3061 ani-

468 3088 548 3144 mi
593 3085 1034 3163 aegritudinem.
1069 3086 1285 3150 Civitas
1334 3098 1529 3151 autem
1566 3099 1876 3170 postquam
1928 3089 2116 3151 sensit

2200 1926 2436 1998 ραψαῠον
2495 1929 2586 1980 τοῦ
2655 1925 2895 1999 ούρανοῦ,
2952 1924 3081 1991 πρὸς
3138 1930 3294 1980 τοῦτο
3350 1920 3816 1999 μετακαλούμεναι.

2201 2013 2288 2076 Εἷς
2319 2025 2510 2091 χεῖρας
2555 2021 2644 2070 οὖν
2675 2015 2773 2082 τὴν
2819 2013 3109 2082 ἐπιστολὴν
3139 2015 3230 2070 τὸν
3269 2013 3538 2094 ἀρχιερέα
3570 2012 3821 2085 δεξάμενον

2200 2102 2286 2157 καὶ
2329 2103 2676 2178 πετελθόντα,
2738 2103 3038 2184 ἐγχειρίσαι
3097 2104 3222 2184 φασὶ
3267 2106 3354 2160 καὶ
3409 2110 3494 2177 τῷ
3541 2104 3698 2180 ἆγίῳ.
3747 2103 3817 2156 τὸν

2198 2189 2253 2246 δὲ
2308 2191 2605 2270 ἀναγνόντα
2665 2192 2841 2250 πολλὰ
2898 2195 2997 2269 μὲν
3057 2192 3392 2259 ἐπιστενάξαι
3425 2206 3552 2258 τοῖς
3609 2211 3817 2268 γεγραμ-

2198 2280 2403 2354 μένοις,
2473 2280 2645 2340 πολλὰ
2706 2281 2758 2338 δὲ
2834 2285 2921 2340 καὶ
2993 2281 3190 2362 δάκρυα
3257 2289 3326 2359 τῇ
3393 2290 3492 2340 τοῦ
3553 2281 3816 2355 πνεύματος

2195 2369 2445 2448 συντριϐῇ
2501 2373 2607 2427 τῶν
2666 2371 2952 2452 ὀφθαλμῶν
3012 2371 3326 2447 ἂποστάξαι,
3389 2371 3612 2437 ἀνάξιον
3668 2370 3818 2425 ἑαυτὸν

2194 2460 2338 2516 εἶναι
2391 2462 2640 2538 Αέγοντα,
2696 2463 2784 2519 καὶ
2828 2460 2931 2541 ὅτι,
2969 2460 3177 2518 Πολλοῦ
3226 2460 3329 2519 δέω
3371 2459 3627 2539 μεγάλης
3681 2458 3816 2517 οὕτως

2193 2549 2370 2629 ἀρχῆς
2414 2551 2708 2618 ὒποστῆναι
2762 2552 2948 2628 βάρος·
3008 2551 3124 2608 ἐπεὶ
3169 2554 3254 2608 καὶ
3305 2554 3400 2617 νηῒ
3450 2551 3622 2626 μικρᾶ
3661 2547 3817 2626 τόρτον

2195 2641 2408 2710 μείζονα
2465 2642 2730 2697 πιστεύειν
2789 2640 2885 2697 οὒκ
2941 2640 3202 2721 ἀσφαλές.
3265 2642 3365 2700 Τὸν
3413 2662 3490 2719 γε
3550 2634 3816 2696 Φλαὸιανὸν

2193 2729 2517 2787 άνακτᾶσθαί
2573 2753 2630 2786 τε
2693 2733 2851 2789 αὐτὸν
2895 2732 2985 2788 καὶ
3038 2732 3255 2810 ἀνέχειν
3308 2728 3612 2802 ἐπιδεξίως,
3665 2726 3817 2803 λόγους

2193 2821 2307 2876 ἀντὶ
2351 2820 2646 2900 φαρμάκων
2702 2826 2772 2893 vi
2825 2819 3018 2896 ἀθυμίᾳ
3061 2826 3160 2887 τῆς
3216 2824 3402 2900 ψυχῆς
3463 2819 3811 2876 ἐπιπάττοντσ.

2201 2900 2262 2966 Ἠ
2329 2910 2511 2984 μέντοι
2589 2909 2741 2975 πόλις
2814 2912 2888 2974 ὡς
2957 2913 3182 2990 ᾔσθοντο
3253 2912 3353 2976 τῆς
3426 2913 3619 2976 κοινῆς
3659 2905 3814 2978 ζημίις

2196 2999 2394 3065 ταύτης
2447 3000 2533 3055 καὶ
2566 3005 2834 3078 συμγορᾶς
2879 3001 3095 3075 (ζημίον
3145 2999 3246 3077 γὰρ
3280 2998 3513 3060 ἕκαστος
3557 2997 3659 3074 οὐχ
3698 2994 3812 3052 ὅπως

2197 3089 2284 3144 καὶ
2359 3089 2602 3167 φορησήν
2676 3091 2776 3156 τὴν
2850 3087 3096 3146 Ἰωάννου
3181 3088 3430 3166 στέρησιν
3503 3083 3807 3164 ελογίζοντο),

467 3173 584 3235 hoc
611 3173 894 3237 damnum
928 3175 1235 3256 (damnum
1269 3178 1430 3240 enim
1458 3197 1574 3240 non
1605 3179 1916 3240 ferendum
1944 3178 2111 3259 judi-

2197 3177 2399 3254 βαοέως
2434 3177 2597 3254 εἶχον
2631 3180 2716 3234 καὶ
2749 3177 2864 3235 λίαν
2901 3181 3233 3253 περιπαθῶς.
3286 3181 3422 3235 Εἶτα
3452 3179 3546 3233 καὶ
3577 3178 3648 3238 ὡς
3674 3170 3810 3248 βίαιόν

469 3264 640 3326 cabat
664 3267 1330 3346 unusquisqueJoannis
1355 3269 1862 3348 privationem),id
1882 3287 2035 3348 aegre
2059 3269 2111 3330 el

2198 3291 2247 3324 τι
2325 3269 2410 3324 καὶ
2474 3269 2784 3346 τυραννικὸν
2853 3270 3151 3336 ὑποστῆναι
3229 3267 3552 3343 μέλλοντες,
3617 3265 3694 3321 καὶ
3750 3260 3804 3316 ὤν

467 3353 868 3416 intoleranter
898 3354 1435 3420 ferebant.Deinde
1467 3357 1646 3418 etiam
1671 3368 1956 3438 tanquam
1989 3359 2114 3419 vio-

467 3445 693 3507 lentum
715 3444 944 3522 aliquid
982 3447 1352 3527 tyrannicum
1376 3448 1693 3528 passuri,et
1722 3447 1856 3508 aliis
1885 3449 2112 3510 cessuri

469 3552 702 3616 ea,qum
724 3534 797 3596 ad
828 3535 991 3616 ipsos
1025 3535 1428 3617 pertinebant,
1464 3536 1800 3599 clamabant
1829 3537 2112 3600 adversus

472 3642 606 3686 cum
639 3624 739 3706 qui
764 3625 940 3687 misit:
975 3625 1126 3700 Quid
1153 3625 1556 3689 vero?adeone
1580 3637 1670 3688 est
1693 3627 1893 3689 infelix
1919 3629 2108 3690 Cons-

469 3714 1210 3796 tantinopolis.jactantes,
1238 3717 1468 3779 adeone
1490 3737 1705 3797 expers
1721 3717 1983 3779 virorum
2009 3717 2114 3779 bo-

471 3805 717 3867 norum?
744 3804 830 3868 Ad
868 3814 1174 3868 tantamne
1206 3807 1438 3868 virtutis
1470 3807 1732 3888 in0piam
1784 3808 1942 3870 venit
1971 3807 2114 3868 urbs

471 3894 729 3957 maxime
760 3895 970 3975 regia?
1001 3894 1179 3958 Estne
1205 3897 1354 3958 adeo
1387 3897 1557 3977 inops
1588 3898 1648 3959 in
1683 3897 1780 3972 iis,
1815 3918 1950 3978 quas
1977 3905 2115 3959 sunt

471 3986 1034 4068 principalia,quam
1065 3986 1378 4066 oportebat
1407 3987 1467 4048 iu
1500 3989 1775 4050 omnibus
1804 4006 2110 4069 superare,

472 4085 538 4140 ut
566 4095 600 4139 a
640 4076 816 4138 nobis
844 4095 994 4155 opus
1026 4075 1244 4138 habeat
1275 4077 1493 4157 eo,qui
1524 4083 1600 4138 sit
1631 4077 1870 4141 illorum
1914 4077 2120 4159 prmfu-

472 4173 641 4227 turus
668 4164 1001 4227 Ecclesiae?
1032 4163 1147 4228 Sed
1183 4185 1290 4228 nos
1341 4185 1450 4226 nec
1485 4175 1599 4228 tam
1634 4168 1821 4249 stulti,
1857 4187 1970 4231 nec
2003 4177 2117 4228 tam

471 4255 869 4334 negligentes,
906 4273 1016 4316 nec
1047 4263 1361 4336 tautOpere
1397 4256 1622 4318 erimus
1661 4257 2018 4338 proditores,
2055 4266 2114 4319 ut

473 4346 564 4409 eis
595 4352 796 4407 nostro
828 4344 984 4407 bono
1019 4357 1136 4408 tam
1170 4346 1344 4408 facile
1393 4346 1698 4410 cedamus.
1733 4348 1918 4428 Caput
1948 4349 2114 4430 prius

473 4435 645 4499 nobis
667 4435 1150 4513 auferent,quam
1177 4436 1343 4498 illum
1368 4455 1400 4498 a
1429 4437 1769 4498 volentibus
1793 4438 1963 4498 nobis
1993 4437 2108 4500 sint

469 4526 797 4606 accepturi.
821 4525 958 4588 Haec
989 4526 1279 4602 dicentes,
1301 4525 1520 4587 deinde
1550 4527 1724 4588 etiam
1753 4547 1924 4589 suum
1956 4547 2106 4590 con-

472 4616 671 4679 silium
696 4617 1054 4678 conﬁrmant
1069 4615 1490 4696 jurejurando,
1512 4635 1630 4678 non
1665 4618 2010 4698 permittere
2037 4619 2110 4680 iis

473 4706 573 4787 qui
627 4704 789 4766 missi
814 4704 1069 4768 fuerant:
1103 4705 1208 4767 sed
1241 4723 1374 4766 esse
1405 4711 1602 4786 potius
1635 4715 1870 4788 paratos
1901 4707 1972 4770 ad
2005 4727 2112 4789 pa-

473 4795 766 4870 tiendum,
794 4795 844 4856 si
875 4794 1014 4875 quid
1045 4803 1247 4858 essent
1285 4795 1518 4858 facturi.
1553 4797 1696 4860 Cum
1723 4801 1916 4879 itaque
1948 4800 2110 4880 epis-

471 4904 658 4967 copus
679 4883 984 4948 habuisset
1009 4885 1391 4959 concionem,
1418 4895 1477 4947 et
1498 4887 1678 4949 verba
1707 4888 1949 4951 fecisset
1981 4898 2116 4970 apta

471 4977 544 5039 ad
571 4975 1149 5057 persuadendum,ut
1176 4975 1463 5049 efﬁceret,
1490 4995 1566 5037 ne
1595 4978 1854 5057 populus
1879 4988 2114 5041 contra-

475 5067 726 5142 diceret,
764 5066 882 5128 illis
902 5085 973 5128 ea
997 5076 1166 5129 erant
1189 5065 1384 5127 inanis
1407 5067 1710 5144 strepitus,
1748 5075 1803 5128 et
1826 5087 1975 5129 vana
1999 5089 2109 5131 au—

469 5157 625 5220 rium
654 5157 952 5219 molestia.
987 5155 1137 5230 Quid
1169 5157 1328 5219 enim
1348 5155 1605 5218 dicendo
1638 5166 1838 5237 posset
1869 5176 2111 5238 persua-

472 5247 640 5328 dere,
661 5267 796 5309 cum
827 5266 931 5309 eos
953 5247 1154 5328 lingua
1170 5253 1327 5310 esset
1351 5245 1707 5326 privaturus:
1742 5246 1958 5326 lingua,
1979 5267 2110 5328 quae

471 5346 590 5400 tam
626 5337 874 5418 pulchre
897 5337 1138 5418 quidem
1164 5336 1437 5410 canebat,
1464 5346 1522 5397 et
1542 5337 1713 5416 cujus
1742 5345 1950 5398 cantus
1984 5347 2107 5400 erat

470 5429 622 5496 adeo
639 5427 803 5491 utilis
825 5437 884 5490 et
909 5428 1219 5491 salutaris?
1231 5429 1418 5501 Quam
1446 5445 1564 5486 non
1589 5426 2105 5504 audire,damnum

472 5527 564 5581 est
591 5537 711 5579 non
745 5517 1072 5592 mediocre,
1092 5519 1195 5582 sed
1228 5517 1317 5579 vel
1351 5516 1419 5579 ad
1455 5516 1644 5597 ipsam
1677 5535 1863 5597 usque
1897 5537 2102 5597 perva-

473 5609 625 5672 dens
645 5608 901 5669 animam
917 5658 923 5666 .
940 5608 1167 5672 Deinde
1189 5627 1322 5670 eum
1357 5608 1454 5689 qui
1481 5606 1646 5668 missi
1668 5606 2106 5688 fuerant,para-

472 5707 609 5764 rent
623 5697 733 5760 vim
750 5700 966 5764 afferre
983 5709 1039 5763 et
1055 5700 1290 5762 trahere
1313 5700 1416 5764 Joa
1429 5696 1650 5765 nuem,i
1659 5715 1765 5780 pse
1780 5696 2106 5780 ingressus,

2198 3363 2465 3436 προσῆκεν
2525 3357 2709 3423 αὒτοῖς
2739 3359 3014 3431 ἐκστῆναι,
3050 3357 3318 3416 κατεϐόων
3376 3364 3472 3414 τοῦ
3505 3357 3802 3430 πέμψαντο<⁶

2197 3450 2255 3506 Τί
2297 3445 2428 3527 δαί,
2485 3447 2623 3504 οἙτω
2683 3447 2947 3528 δυστυχὴς
3006 3448 3042 3515 ἡ
3105 3449 3506 3507 Κωνσταντίνου
3565 3445 3800 3522 λέγοντες,

2195 3535 2358 3603 οὕτως
2433 3538 2652 3616 ἄμοιρος
2725 3547 2817 3596 τοῦ
2877 3535 3204 3617 φοϐουμένου
3285 3539 3375 3594 τὸν
3465 3537 3690 3612 Κύριον,
3748 3529 3803 3587 εἷς

2193 3629 2459 3696 τοσαύτην
2507 3630 2605 3697 ἧκε
2662 3633 2759 3694 τῆς
2817 3630 3012 3705 ἀρετῆς
3073 3629 3262 3686 σπάνιν
3331 3628 3365 3695 ἡ
3437 3619 3802 3703 βασιλικωτάτη

2195 3725 2301 3776 τῶν
2364 3719 2596 3793 πόλεων,
2632 3717 2799 3782 οὕτως
2835 3716 3034 3793 ἄπορος
3067 3716 3120 3773 ἐν
3171 3733 3288 3783 τοῖς
3332 3713 3592 3794 καίρίοις,
3625 3717 3686 3780 ἦν
3726 3706 3803 3763 ἔδει

2197 3807 2282 3865 διὰ
2313 3810 2530 3870 πάκτων
2581 3821 2822 3887 κρατεῖν,
2857 3809 2928 3873 ὡς
2982 3809 3108 3881 παρ’
3156 3809 3312 3882 ἡμῶν
3367 3803 3576 3862 δεῖσθαι
3605 3807 3690 3860 τοῦ
3727 3801 3801 3887 τῆς

2200 3897 2522 3961 Ἐκκλησία(
2555 3884 2690 3974 αὐτῇ
2736 3897 3176 3977 προστησομένου
3208 3916 3226 3972 ;
3274 3894 3440 3953 Ἀλλὰ
3469 3895 3575 3974 γὰρ
3602 3893 3696 3969 οὐχ
3732 3884 3803 3977 οδέ

2198 4011 2304 4052 τως
2364 3989 2605 4058 ἀνοήτως
2649 3974 2816 4062 ἡμεῖς
2866 3985 3077 4062 ἕξομεν,
3111 3986 3216 4066 οὐχ
3267 3983 3406 4042 οὕτω
3453 3985 3692 4062 ῥᾳθύμως
3730 3974 3801 4066 μί

2199 4078 2553 4158 προδοτικῶς,
2603 4080 2676 4143 ὡς
2739 4079 2862 4156 ῥᾷον
2909 4078 3095 4138 αὐτοῖς
3151 4075 3362 4140 ὑπεῖξαι
3421 4081 3514 4130 τοῦ
3588 4065 3805 4158 ἡμετέραν

2204 4152 2389 4228 καλοῦ.
2485 4152 2594 4235 Tim
2667 4152 2910 4247 κεφαλὴν
2985 4167 3240 4244 πρότερον
3313 4165 3710 4243 ἀφαιρήσονται,

2199 4257 2407 4314 ἐκεῖνον
2456 4255 2576 4334 παρ’
2639 4240 2872 4313 ἑκόντων
2927 4240 3082 4332 ἡμῶν
3143 4240 3455 4330 λήψονται..
3506 4256 3720 4311 Τοιαῦτα
3754 4240 3801 4334 δή

2203 4369 2316 4405 τινα
2406 4347 2706 4424 εἰρηκότες,
2776 4347 2940 4402 ’έπετα
2996 4347 3085 4401 καὶ
3155 4343 3330 4422 ὅρκοις
3421 4339 3670 4411 ἀλλήλων
3729 4332 3798 4390 τὰς

2197 4437 2379 4517 ψυχᾶς
2440 4434 2716 4511 ἐμπεδοῦιν
2779 4437 2856 4511 μὴ
2934 4435 3141 4515 ἐφεῖναι
3213 4447 3331 4496 τοῖς
3392 4424 3796 4517 ἀπεσταλμένοιξ,

2193 4508 2313 4584 άλλῖ
2377 4508 2582 4602 ἕτοιμοι
2617 4508 2790 4584 εἶναι’
2820 4527 2952 4604 πρὸς
2977 4508 3048 4582 ’τὸ
3078 4528 3271 4581 παθεῖν
3326 4521 3559 4598 μᾶλλον,
3592 4517 3643 4575 εἴ
3670 4537 3711 4571 τι
3751 4508 3795 4604 ξν

2192 4619 2278 4674 καὶ
2338 4617 2460 4696 δρᾷν
2513 4615 2776 4693 μέλλωσι,
2813 4618 2916 4674 Τοῦ
2969 4615 3144 4672 τοίνυν
3196 4612 3489 4670 ἑπισκόπυυ
3548 4599 3799 4696 ἐκκλησιέο

2195 4731 2410 4779 σαντος,
2465 4710 2552 4764 καὶ
2589 4713 2656 4784 τῇ
2703 4708 2821 4783 περὶ
2865 4705 3050 4762 τούτου
3099 4702 3406 4780 δημηγορίᾳ
3451 4702 3636 4758 ἑαυτὸν
3682 4689 3796 4771 ἐφέν-

2195 4821 2312 4878 τος,
2359 4799 2498 4857 ὥστε
2531 4810 2716 4854 πεῖσαι
2776 4797 2838 4853 τὸ
2888 4794 3094 4862 πλῆθος
3139 4793 3214 4868 μὴ
3259 4790 3555 4868 ἀντιλέγειν
3594 4785 3794 4847 ἐκείνοις,

2199 4869 2370 4969 ψάτέός
2421 4890 2487 4956 ἦν
2519 4889 2679 4966 ἀργὸς
2711 4894 2897 4960 ταῦτα,
2931 4887 3019 4942 καὶ
3076 4884 3274 4958 ματαία
3305 4888 3411 4938 τῶν
3459 4880 3612 4938 ὢτων
3648 4869 3792 4969 ὄχλη-

2196 4962 2302 5040 ulc;
2367 4978 2425 5036 Τί
2455 4962 2563 5054 γὰρ
2599 4962 2702 5032 ’καὶ
2731 4975 2905 5053 λέγων
2961 4973 3188 5044 ἠδύνατο
3241 4973 3461 5043 πείθειν,
3497 4969 3610 5061 ἐπεί
3649 4962 3792 5061 γλώξ-

2193 5091 2292 5136 της
2364 5068 2684 5144 ἀποστερεῖν
2744 5066 2931 5127 αὖτοὺς
3001 5062 3216 5139 ἔμελλε,
3252 5061 3499 5140 γλώττης
3558 5057 3686 5116 οὓτω
3719 5057 3792 5124 μὲν

2192 5161 2355 5216 mm
2427 5156 2678 5230 ᾀδούσης,
2737 5155 2876 5212 οὕτω
2947 5153 2999 5210 δὲ
3060 5152 3330 5230 ὠφέλιμον
3388 5151 3476 5208 καὶ
3547 5144 3788 5219 σωτήριον,

2190 5250 2254 5318 ἧς
2315 5249 2370 5304 τὸ
2401 5247 2480 5323 μὴ
2532 5247 2766 5319 ἀκούειν,
2798 5246 2965 5319 ζημία
3008 5241 3175 5316 δεινή,
3223 5242 3311 5297 καὶ
3355 5241 3426 5301 εἰς
3474 5237 3634 5305 αὐτὴν
3659 5235 3791 5323 ἥκου-

2192 5361 2258 5396 σα
2481 5335 2664 5416 ψυχήν
2699 5357 2715 5407 ς
2752 5317 2918 5392 ῨΕἶτα
2966 5338 3074 5389 τῶν
3130 5329 3549 5404 ἀπεσταλμένων
3576 5325 3655 5384 χαὶ
3701 5317 3789 5416 θίαν

2191 5430 2526 5506 προσθεῖναι,
2566 5427 2649 5482 καὶ
2702 5425 2870 5501 ταύτῃ
2918 5425 3011 5480 τὸν
3057 5422 3313 5487 Ἰωάννην
3367 5417 3582 5475 ἑλκύσαι
3630 5409 3787 5488 προθυ-

2191 5503 2471 5594 μουμένων
2511 5503 2684 5581 -αὒτὸς
2720 5514 2857 5572 εἴσω
2914 5513 3228 5592 γενόμενος,
3262 5510 3349 5565 καὶ
3395 5507 3518 5564 ὅσον
3547 5503 3782 5600 πρόκριτρ*

2191 5607 2472 5684 ἐκπέμψας
2528 5611 2627 5674 τῆς
2687 5605 2919 5678 πόλεως,
2956 5601 3102 5672 ἠξίου
3135 5624 3197 5658 το
3245 5599 3448 5666 πλῆθος
3477 5594 3637 5671 μηδὲν
3676 5594 3780 5692 γεώ·

2191 5721 2338 5783 τερον
2385 5703 2670 5780 φρονῆσαι,
2731 5692 2869 5776 μηδὲ
2928 5693 3235 5778 πράγμασιν
3290 5689 3427 5756 ὅλως
3490 5689 3775 5770 θερμοτέροις
