4032 6202
277 371 306 438 1
323 373 446 440 085

1330 371 1515 434 VITA
1563 371 1622 432 S.
1689 369 2011 433 JOANNIS
2052 367 2608 432 CHRYSOSTOMI.

3507 362 3658 432 1086

270 504 657 585 ἐπιχειρῆσαι,
694 500 923 580 βεϐαιῶν
984 503 1055 564 ὡς
1103 505 1207 582 οὔχ
1250 500 1384 559 ἒιιὼν
1441 501 1626 558 ἑαυτὸν
1685 503 1915 579 προήσε-

2009 502 2243 563 emissis
2277 503 2372 577 iis,
2407 505 2505 584 qui
2554 510 2722 566 erant
2777 502 3061 584 praecipui
3090 500 3368 578 civitatis,
3410 499 3658 581 rogabat

268 617 374 651 ται
426 607 546 657 τοῖς
605 591 824 658 ἀπάξειν
869 591 1319 668 ἀπεσταλμένοις,
1385 590 1550 655 Μόλις
1610 594 1733 668 γοῦν
1789 590 1915 648 οῧτιι

2011 590 2274 671 plebem,
2311 611 2385 654 ne
2417 592 2558 674 quid
2593 593 2728 654 novi
2751 594 3288 675 moliretur,neque
3312 611 3410 654 res
3438 609 3655 671 aggre-

266 684 387 751 τὴν
443 682 652 750 πολλὴν
737 687 920 745 αὺτοῖς
997 684 1140 754 ὁμὴν
1198 681 1444 748 ἵστησιν.
1508 679 1638 737 Οὐδὲ
1697 682 1799 759 γὰρ
1851 683 1925 745 εἰς

269 770 425 830 ἅπαν
456 773 736 839 ἀνείθησαν
766 778 871 828 τῶν
916 770 1229 852 φροντίδων,
1262 770 1382 826 ἀλλ’
1415 771 1467 827 ἐν
1498 775 1575 843 τῷ
1636 770 1783 848 μέρει
1829 770 1924 827 καί

269 862 529 941 φυλακην
574 861 870 930 ἐποιοῦντο,
908 860 1201 919 δεδοικότες
1256 862 1452 936 μήπως
1504 883 1584 926 τις
1638 861 1726 916 καὶ
1784 882 1920 938 προ-

267 949 434 1008 δοσία
494 953 607 1023 περὶ
651 958 836 1008 τοῦτον
871 956 1185 1030 συνενεχθῇ.
1252 958 1425 1007 Ταῦτα
1471 952 1558 1006 καὶ
1592 957 1669 1024 τῷ
1708 949 1925 1024 βασιλεῖ

265 1038 420 1108 δῆλα
470 1039 538 1097 δι’
593 1039 888 1106 ἐπιστολῆς
951 1041 1212 1116 γίνονται,
1261 1041 1347 1095 καὶ
1413 1042 1461 1094 οἱ
1521 1037 1923 1114 ἀπεσταλμένοι

265 1131 381 1197 τὴν
463 1130 570 1187 τῶν
654 1129 983 1209 Ἀντιοχέων
1041 1127 1287 1185 ἔνστασιν
1357 1129 1636 1209 ὑφειμένον
1691 1127 1923 1208 ἔχουσαν

268 1217 456 1298 οὐδὲν,
519 1217 812 1281 ἐϐεϐαίουν,
861 1217 1031 1274 Πλέον
1082 1219 1171 1274 οῦν
1211 1218 1354 1293 αὒτῷ
1401 1241 1458 1274 τε
1515 1219 1601 1274 καὶ
1656 1230 1774 1280 τοϊς
1827 1221 1924 1283 τῆς

266 1307 494 1372 πόλεως
553 1311 599 1364 οἱ
643 1310 774 1387 πρὸς
823 1308 1075 1374 Ἰωάννην
1133 1305 1322 1384 ἔρωτες
1387 1307 1764 1373 ἐξεκαύθησαν.
1829 1308 1924 1364 Καὶ

264 1399 381 1475 γὰρ
439 1398 627 1454 εἴωθεν
659 1397 974 1471 ἀμελεῖσθαι
1037 1397 1137 1471 μὲν
1182 1398 1241 1453 τὸ
1300 1395 1490 1475 ῥᾳδίως
1553 1396 1921 1475 χειρούμενον,

263 1491 342 1544 τὸ
397 1487 452 1544 δὲ
507 1486 780 1566 διατριϐὴν
839 1489 924 1542 καὶ
990 1488 1152 1542 πόνον
1210 1485 1292 1564 ἐφ’
1345 1487 1500 1542 ἑαυτὸ
1559 1484 1669 1564 [ῗσ.
1729 1487 1921 1562 ἐαυτῷ]

266 1578 544 1658 παρέχον,
604 1579 870 1648 ὑποκνίζει
945 1579 1037 1633 τὸν
1097 1577 1280 1634 πόθον.
1349 1576 1696 1651 Σκεψάμενος
1751 1579 1924 1632 τοίνυν

267 1671 397 1731 πῶς
454 1666 518 1724 ἂν
603 1669 748 1742 αὐτῷ
805 1668 1020 1745 γένοιτο
1078 1673 1172 1722 τοῦ
1227 1687 1281 1721 τε
1359 1664 1786 1740 σπουδαζομὲνου
1844 1665 1921 1738 μὴ

269 1756 620 1836 διαμαρτεῖν,
681 1759 770 1814 καὶ
829 1755 1033 1832 μηδένα
1076 1753 1308 1812 κίνδυνον
1349 1761 1426 1828 τῷ
1476 1755 1746 1833 πράγματι
1779 1776 1920 1828 συμ-

2010 681 2680 745 dereturnimisacriter
2707 698 2765 746 et
2789 682 3574 757 iuconsiderate,afﬁrmans
3590 698 3654 742 se

2008 787 2127 830 non
2142 789 2249 832 sua
2272 780 2488 849 sponte
2514 790 2578 834 se
2603 773 2956 834 traditurum
2983 772 3184 853 iis,qui
3214 771 3375 832 missi
3395 770 3651 832 fuerant.

2008 861 2150 922 Cum
2176 860 2261 920 sic
2293 861 2664 934 dixisset,vix
2696 881 2970 942 magnum
2995 861 3286 944 repressit
3306 878 3511 922 eorum
3536 860 3651 920 im-

2010 949 2450 1031 petum.Neque
2474 952 2632 1012 enim
2662 970 2725 1012 se
2746 971 2887 1013 cura
2909 951 3155 1014 omnino
3175 949 3524 1012 liberarunt:
3549 949 3654 1011 sed

2006 1038 2184 1099 etiam
2214 1059 2321 1118 per
2338 1041 2496 1101 vices
2521 1041 2852 1103 custodiam
2884 1041 3250 1103 adhibebant
3273 1059 3347 1102 ne
3369 1039 3566 1121 aliqua
3589 1040 3650 1098 in

2007 1145 2140 1189 eum
2169 1129 2336 1190 ﬁeret
2365 1131 2647 1210 proditio.
2683 1131 2818 1193 Haec
2862 1131 3208 1212 imperatori
3239 1130 3655 1210 significantur

2010 1216 2436 1300 litteris,etqui
2471 1219 2637 1282 missi
2669 1220 3312 1295 fuerant,at‘lirmabant
3337 1219 3654 1284 Antioche-

2011 1324 2224 1368 norum
2259 1311 2649 1371 constantiam
2678 1329 2742 1372 se
2777 1312 2926 1374 nihil
2960 1309 3288 1373 remittere.
3325 1310 3391 1370 Ei
3424 1328 3565 1388 ergo
3597 1316 3655 1370 et

2010 1396 2240 1460 civibus
2275 1400 2685 1462 vehementius
2715 1420 3004 1464 accensus
3046 1403 3156 1463 fuit
3185 1419 3355 1462 amor
3382 1400 3442 1461 in
3470 1398 3652 1462 Joan-

2011 1505 2174 1550 nem.
2198 1487 2538 1551 Soletenim
2571 1491 2978 1573 negligi,quod
3006 1492 3188 1554 facile
3215 1490 3468 1570 capitur;
3494 1495 3648 1570 quod

2006 1588 2208 1639 autem
2240 1578 2498 1659 aliquam
2528 1599 2754 1643 moram
2779 1583 2951 1645 affert
2974 1591 3035 1645 et
3055 1581 3652 1660 di!ationem,provo-

2007 1676 2100 1728 cat
2123 1667 2519 1730 desiderium.
2557 1669 2701 1732 Cum
2738 1690 2880 1752 ergo
2911 1673 3066 1753 apud
3095 1691 3159 1735 se
3177 1669 3643 1744 considerasset,

2005 1759 2496 1830 quemadmodum
2529 1773 2720 1833 posset
2768 1774 2825 1821 et
2846 1765 2898 1818 id
2922 1764 3074 1835 quod
3099 1763 3465 1820 desiderabat
3487 1775 3645 1817 asse-

268 1859 495 1926 πεσετν,
539 1847 617 1922 τῷ
671 1849 873 1921 κόμητι
929 1844 1270 1924 Ἀντιοχείας
1333 1846 1521 1923 γράφει
1565 1842 1634 1899 δι’
1676 1842 1915 1922 ἀποῤῥή-

2005 1843 2248 1924 qui,uec
2268 1844 2405 1907 ideo
2429 1864 2526 1907 res
2547 1848 2780 1909 essetin
2809 1849 2993 1910 ullum
3023 1858 3267 1911 ventura
3290 1847 3646 1928 periculum,

273 1958 408 1994 των.
448 1937 542 1994 Καὶ
603 1935 759 1998 αῦτὸς
815 1935 915 2000 ἔξω
963 1933 1059 2001 τῆς
1099 1933 1308 1998 πόλεως
1339 1936 1432 1990 τὸν
1462 1933 1716 1999 Ἰωάννην
1747 1954 1918 2008 μετα-

274 2024 658 2100 πεμψάμενος,
719 2027 790 2090 ὡς
837 2023 1140 2101 ἀναγκαίων
1199 2025 1360 2102 γάριν
1411 2025 1556 2098 αὒτῷ
1593 2021 1920 2100 κοινολογη-

273 2114 529 2189 σόμενος,
588 2114 836 2189 ἡμιόνοις
881 2115 1027 2176 εὖθὺς
1086 2114 1255 2170 καίτοι
1319 2111 1518 2193 σφόδρα
1583 2111 1918 2187 διατεινόμε-

277 2225 364 2260 νον
422 2202 759 2277 ὲπιϐιϐάσας,
818 2205 904 2261 καὶ
962 2202 1102 2260 οὕτω
1155 2204 1254 2272 τήν
1335 2202 1492 2260 πόλιν
1549 2201 1724 2259 λαθὼν
1797 2214 1918 2264 τοῖς

275 2292 711 2370 ἀπεσταλμένοις
744 2295 902 2352 αῦτὸν
932 2292 1218 2369 ἐπιτρέψας
1249 2292 1536 2369 ἐκπέμπει.

359 2566 444 2641 1g
445 2564 483 2630 ’,
503 2565 634 2624 "Ore
649 2571 775 2642 γοῦν
805 2561 833 2618 δ
861 2561 1068 2631 ἀληθὴς
1103 2562 1374 2640 ἅνθρωπος
1405 2567 1498 2617 τοῦ
1529 2568 1662 2618 Θεοῦ
1686 2560 1916 2628 πλησίον

2005 1932 2220 1994 scribit
2254 1953 2360 2014 per
2383 1953 2601 1998 arcana
2622 1937 2694 1998 ad
2722 1937 3000 1999 comitem
3035 1935 3531 2017 Antiochiaalpse
3547 1954 3652 1995 au-

2007 2028 2124 2083 tem
2159 2042 2294 2084 cum
2327 2023 2620 2088 Joannem
2673 2028 3093 2090 accersivisset
3125 2037 3292 2090 extra
3322 2026 3644 2098 civitatem,

2004 2117 2284 2193 tauquam
2318 2113 2396 2176 de
2428 2114 2789 2196 quibusdam
2824 2116 3007 2180 rebus
3032 2117 3393 2180 necessariis
3418 2133 3552 2178 cum
3577 2131 3647 2176 eo
3741 2141 3744 2144 ~

2002 2204 2586 2279 communicaturus,
2620 2223 2756 2268 eum
2788 2205 2932 2270 licet
2960 2208 3130 2270 valde
3160 2209 3555 2269 reluctantem
3591 2211 3648 2265 et

2000 2301 2434 2371 repugnantem
2471 2293 2675 2375 mulis,
2709 2315 2862 2373 quos
2891 2296 3152 2359 habebat
3182 2296 3648 2378 paratos,impo-

2001 2387 2145 2453 suit,
2177 2390 2232 2443 et
2263 2381 2348 2444 sic
2379 2383 2542 2445 nullo
2571 2384 2817 2449 omnino
2847 2386 3110 2448 animum
3143 2391 3519 2459 advertente,
3547 2383 3640 2463 ip-

2003 2489 2133 2532 sum
2169 2471 2242 2533 iis
2272 2474 2370 2553 qui
2404 2474 2570 2535 missi
2598 2473 2858 2550 fuerant,
2887 2476 3170 2538 traditum
3201 2476 3439 2538 emittit.

2081 2560 2230 2624 XVI.
2268 2563 2412 2624 Cum
2447 2582 2588 2644 ergo
2649 2564 2750 2627 ille
2795 2583 2970 2626 verus
3000 2565 3180 2627 homo
3212 2565 3342 2640 Dei,
3378 2573 3503 2626 toto
3533 2562 3639 2626 illo

275 2660 376 2722 τῆς
430 2653 813 2731 βασιλευούσης
857 2652 1090 2730 γένοιτο,
1153 2653 1372 2729 πρώτην
1432 2651 1631 2717 ταύτην
1690 2649 1915 2707 εἷσόδιον

2003 2649 2270 2712 confecto
2303 2651 2542 2727 itinere,
2567 2653 2692 2732 jam
2729 2663 2887 2716 esset
2918 2673 3102 2735 prope
3143 2653 3352 2716 urbem
3387 2652 3636 2733 regiam,

275 2743 528 2821 βασιλικῇ
584 2745 774 2821 γνώμῃ
831 2748 1050 2818 τιμᾶται
1113 2743 1298 2816 τιμήν,
1365 2747 1474 2796 [Ιᾶν
1525 2739 1647 2796 ὅσον
1679 2761 1911 2818 περιφα-

2003 2740 2109 2801 boc
2136 2743 2391 2820 primum
2412 2742 2642 2804 honore
2665 2743 2918 2805 afﬁcitur
2948 2745 3006 2804 iu
3038 2745 3313 2823 ingressu
3338 2743 3642 2805 voluntate

273 2833 357 2895 νὲς
415 2836 475 2890 οῦ
535 2834 632 2899 τῆς
691 2831 1012 2898 Ἐκκλησίας
1044 2831 1231 2906 μόνον,
1262 2829 1402 2886 ἀλλὰ
1431 2831 1520 2885 καὶ
1554 2836 1657 2886 τῶν
1687 2832 1742 2884 εν
1768 2828 1910 2886 τέλει

2003 2828 2399 2910 imperatoris:
2429 2831 2720 2914 quidquid
2747 2841 2875 2894 erat
2898 2833 3125 2896 clarum
3150 2842 3206 2895 et
3236 2833 3490 2912 illustre,
3521 2850 3641 2894 non

272 2921 325 2989 ἓξ
378 2922 577 2997 μιλίοις
653 2920 1036 3001 προσελθόντες
1091 2925 1191 2987 τῆς
1261 2919 1497 2994 πόλεως,
1576 2918 1910 3000 φιλοφρόνως

2003 2918 2189 2980 solum
2217 2919 2276 2980 iu
2309 2919 2714 2998 Ecclesia,sed
2738 2923 2915 2982 etiam
2943 2943 3011 2983 ex
3039 2922 3504 3002 magistratibus,
3538 2940 3638 2983 sex

269 3011 560 3079 ὶδεξιοῦντο
617 3011 896 3090 λαμπραῖς
953 3011 1280 3080 ὑπαντήσεσι
1327 3011 1414 3066 καὶ
1485 3022 1697 3084 τιμαῖς.
1761 3009 1912 3067 Οὕτω

2003 3007 2276 3070 milliaria
2319 3028 2698 3090 progressum
2747 3019 2914 3074 extra
2944 3012 3271 3087 civitatem,
3303 3011 3641 3074 ridentibus

270 3104 359 3160 καὶ
416 3116 560 3181 τοῖς,
622 3101 712 3182 ἀφ’
769 3104 845 3158 ὧν
898 3100 1132 3173 ἀπέστη,
1204 3101 1398 3177 θερμὸν
1462 3099 1676 3166 ὲνέτηξε
1721 3100 1906 3178 πόθον,

2003 3097 2186 3158 oculis
2207 3105 2266 3159 et
2283 3098 2416 3161 laeto
2435 3101 2599 3162 vultu
2622 3101 3032 3181 significantes
3048 3103 3266 3164 animae
3289 3100 3641 3175 laetitiam,ei

269 3195 359 3250 καὶ
416 3191 644 3271 ἄρῤητον
688 3195 872 3255 αὐτοῖς
931 3190 997 3258 ἦν
1055 3192 1116 3247 τὸ
1161 3193 1260 3257 τῆς
1287 3190 1482 3264 ζημίας
1514 3190 1787 3262 ἐπίπονον,
1821 3190 1913 3245 καὶ

2003 3187 2145 3249 ﬁunt
2177 3188 2507 3264 obviam,et
2541 3209 2677 3252 eum
2710 3191 3226 3271 splendidissimis
3247 3190 3516 3253 afﬁciunt
3539 3191 3640 3251 ho-

269 3295 412 3354 τοῖς,
473 3284 610 3342 παὸς
669 3282 758 3343 οὓς
817 3280 1040 3359 ἐπέστη,
1102 3279 1310 3347 πολλὴν
1369 3279 1638 3345 ἑνέσταξεν
1687 3279 1906 3353 ἡδονὴν,

2003 3277 2270 3341 noribus.
2307 3277 2406 3341 Sic
2440 3287 2496 3340 et
2518 3279 2614 3355 iis,
2639 3299 2672 3340 a
2699 3280 2918 3361 quibus
2947 3281 3241 3358 discessit,
3271 3281 3490 3343 ardens
3519 3281 3638 3342 im-

271 3372 367 3428 καῖ
400 3371 618 3450 ἕρμαιον
679 3393 728 3427 τι
768 3374 952 3431 αιότοῖς
1011 3369 1147 3434 ἔδοξε
1198 3373 1343 3425 θετον
1384 3370 1472 3425 καὶ
1502 3366 1685 3445 κέρδος
1717 3367 1910 3446 ἀπερι-

2003 3366 2161 3427 misit
2197 3367 2567 3430 desiderium
2600 3369 2703 3430 illa
2735 3369 3163 3434 desiderabilis
3196 3380 3253 3433 et
3279 3370 3524 3433 maximi
3547 3370 3635 3433 fa-

272 3461 482 3527 νόητον.
522 3460 828 3540 Ἀμφότερα
887 3458 942 3514 δὲ
997 3459 1061 3526 ἦν
1107 3464 1206 3525 τῆς
1252 3460 1587 3534 πολυτρόπου
1629 3465 1720 3514 τοῦ
1778 3463 1912 3513 Θεοῦ

2003 3455 2208 3517 cienda
2232 3458 2430 3519 anima
2466 3479 2479 3520 :
2518 3468 2575 3520 et
2606 3459 2706 3534 iis,
2736 3461 2806 3521 ad
2834 3480 2985 3542 quos
3009 3463 3285 3540 accessit,
3323 3460 3637 3523 maximam

271 3551 478 3630 σοφίας,
534 3551 618 3606 καὶ
660 3555 760 3617 τῆς
798 3549 970 3606 πάντα
1015 3549 1112 3604 καί
1157 3558 1277 3606 νοῦν
1337 3549 1424 3604 καὶ
1481 3547 1640 3624 λόγον
1671 3547 1908 3612 νικώσης

2003 3547 2183 3605 attulit
2203 3549 2578 3620 voluptatum.
2612 3553 2794 3609 Erant
2815 3563 3008 3611 autem
3033 3561 3281 3626 utraque
3303 3553 3639 3626 multiplicis

269 3641 669 3720 χρηστότητος,
732 3639 825 3695 ἵνα
873 3642 958 3694 καὶ
1014 3639 1112 3706 τὴν
1155 3641 1317 3696 αὐτοῦ
1361 3637 1579 3716 ἀρετὴν,
1614 3635 1762 3701 ὅπως
1794 3636 1913 3694 ἐστέ

2003 3634 2105 3697 Dei
2136 3637 2449 3713 sapientiae
2481 3649 2538 3697 et
2570 3637 3120 3720 benignitatisque:
3150 3657 3386 3701 omnem
3410 3639 3638 3701 intelli-

266 3736 430 3787 πᾶσιν
497 3729 788 3806 ἐπέραστος
849 3748 905 3782 τε
966 3729 1052 3784 καὶ
1134 3727 1536 3806 περιμάχητος,
1597 3725 1762 3805 δείξῃ,
1826 3727 1913 3782 καὶ

2003 3725 2256 3802 gentiam
2277 3725 2459 3786 vincit
2483 3736 2540 3786 et
2565 3727 2996 3800 orationem,ut
3017 3737 3074 3789 et
3105 3728 3265 3789 illius
3296 3729 3640 3790 ostenderet

266 3823 457 3896 μισθοῦ
515 3819 763 3896 πρόξενον
824 3817 1094 3895 ἑκατέροις
1170 3819 1328 3873 αὐτὸν
1396 3817 1736 3885 καταστήσῃ.
1817 3817 1913 3873 Καὶ

2003 3812 2562 3895 virtutem,etquam
2586 3817 2662 3877 sit
2685 3815 2980 3890 amabilis,
3015 3816 3377 3878 etefﬁceret
3415 3824 3474 3877 ut
3508 3817 3638 3897 ipse

266 3911 368 3987 γαρ
399 3909 693 3988 ἀμφότεροι
747 3907 936 3988 φιλίως
994 3909 1126 3984 πρὸς
1177 3907 1238 3962 τὸ
1272 3907 1432 3962 καλὸν
1464 3904 1685 3983 ἔχοντες
1732 3905 1904 3982 ἐγνω-

2003 3903 2267 3984 utrisque
2285 3904 2621 3966 mercedem
2649 3904 3254 3968 conciliaret.Ambos
3276 3904 3434 3966 enim
3453 3905 3639 3966 hone-

267 4000 546 4078 ρίσθησαν,
606 4001 652 4053 οἱ
712 3997 809 4071 μὲν
855 3997 932 4070 τῷ
976 3997 1110 4070 μετὰ
1161 3994 1334 4061 λύπης
1394 3992 1714 4067 ἀποϐαλεῖν,
1751 3998 1798 4052 οἱ
1853 3992 1906 4049 δὲ

2003 3994 2065 4054 sti
2086 4010 2292 4054 amore
2319 3995 2511 4056 teneri
2535 3994 2642 4055 fuit
2663 3993 2966 4073 cognitum
2999 4013 3014 4054 :
3039 3995 3174 4056 illos
3198 3993 3632 4076 quidem,quod

263 4095 342 4160 τῷ
385 4088 501 4162 μεθ’
559 4085 753 4156 ἡδονῆς
798 4084 1168 4150 ὑποδέξασθαι.
1203 4083 1356 4142 Ἐπεὶ
1402 4081 1455 4139 δὲ
1513 4085 1601 4140 καὶ
1655 4083 1902 4163 εἰσέλθοι,

2003 4099 2124 4144 :um
2177 4083 2386 4144 dolore
2430 4083 2790 4158 dimiserint,
2849 4084 2959 4145 hos
3015 4091 3239 4157 autem,
3303 4083 3462 4165 quod
3497 4101 3632 4145 cum

265 4180 356 4233 καὶ
414 4180 604 4256 μικρόν
658 4198 710 4232 τι
759 4177 820 4232 τὸ
880 4173 1074 4240 μεταξὺ
1125 4173 1351 4246 διελθὸν,
1390 4174 1421 4240 ἡ
1469 4175 1620 4250 κυρία
1648 4175 1747 4240 τῆς
1779 4195 1901 4253 χει-

2003 4171 2191 4232 imtitia
2214 4172 2738 4253 exceperint.Cum
2766 4191 2906 4234 vero
2931 4181 3090 4235 esset
3110 4172 3503 4252 ingressus,et
3530 4172 3632 4234 iu-

267 4266 505 4344 ροτιινίας
561 4266 760 4344 παρῆν,
806 4265 1054 4343 παρῆσαν
1099 4265 1197 4338 μὲν
1252 4265 1341 4320 καὶ
1395 4265 1444 4318 οἱ
1494 4271 1592 4335 τῆς
1643 4263 1906 4343 ἐπαρχίας

2003 4261 2364 4323 ιετοεεείεεθι
2389 4281 2629 4342 parvum
2655 4262 2910 4342 spatium
2945 4264 3256 4344 temporis,
3283 4261 3634 4325 aderatdies

267 4355 572 4428 ἐπίσκοποι,
613 4359 790 4433 παρῆν
834 4355 887 4410 δὲ
932 4357 1020 4411 καὶ
1064 4357 1090 4410 ὁ
1151 4358 1250 4420 τῆς
1306 4351 1708 4431 Ἀλεξανδρείας
1769 4353 1906 4409 Θεό-

2003 4353 2459 4413 consecrationis
2494 4370 2508 4414 :
2541 4360 2600 4413 et
2622 4371 2754 4414 cum
2781 4352 3057 4414 adessent
3085 4352 3327 4433 quidem
3364 4352 3630 4433 episcopi

265 4443 417 4525 φιλος
463 4450 674 4520 πρῶτος
732 4450 838 4500 τῶν
897 4442 1075 4498 ἄλλων
1121 4441 1446 4506 ἐπισπεύσας
1476 4448 1542 4518 τῇ
1599 4440 1907 4519 τελεσιουρ-

2003 4444 2572 4514 provinciae,adesset
2596 4455 2784 4501 autem
2812 4447 2981 4501 etiam
3008 4443 3360 4515 Theophilus
3381 4447 3633 4501 Alexan-

265 4535 356 4611 γίᾳ
396 4536 489 4589 τοῦ
545 4533 812 4611 μάκαρος.
885 4532 1093 4598 ’Ἐκτην
1167 4530 1264 4606 μὲν
1331 4530 1420 4587 οὖν
1486 4532 1513 4587 ὁ
1555 4528 1910 4609 Φεϐρουάριος

2003 4528 2140 4590 driaa
2165 4529 2379 4607 (9),qui
2405 4531 2632 4609 primus
2658 4548 2724 4590 ex
2749 4529 2882 4590 aliis
2905 4529 3297 4604 festinavit,ut
3314 4530 3636 4591 interesset

267 4636 392 4701 ιτχε
423 4624 552 4700 πρὸς
582 4630 651 4700 τῇ
697 4620 887 4696 εἰκάδι,
935 4623 1074 4690 ὑπῆν
1106 4619 1160 4677 δὲ
1193 4622 1418 4693 εἰκάζειν
1479 4619 1556 4678 ὅτι
1605 4620 1908 4697 συνηδομέ-

2003 4617 2154 4678 beati
2174 4617 2426 4680 Joannis
2449 4619 2892 4682 consecrationi
2923 4642 2936 4678 :
2963 4629 3020 4682 et
3053 4627 3212 4682 esset
3242 4620 3481 4700 quidem
3516 4622 3631 4682 Fe-

1931 3241 1971 3291 C

266 4734 358 4768 νου
402 4715 518 4768 τότε
563 4716 655 4769 καί
703 4715 797 4770 τοῦ
838 4714 947 4769 τῦν
990 4711 1154 4790 ἁγίων
1210 4718 1404 4791 χοροῦ,
1457 4712 1544 4768 καῖ
1577 4708 1714 4786 μηδέ
1745 4712 1904 4789 ἀγγέο

266 4798 373 4857 λων
417 4807 514 4867 τῆς
570 4803 709 4868 θείας
767 4804 965 4870 ταύτης
1012 4803 1203 4878 ἑορτῆς
1235 4801 1702 4877 ἀπολειπομένων,
1751 4805 1778 4858 ὁ
1823 4799 1910 4857 ἐπὶ

263 4890 364 4968 γῆς
424 4889 652 4970 ἅγγελος
695 4894 773 4966 τῷ
831 4893 1082 4970 ἱερατικῷ
1126 4891 1417 4948 τελειοῦται
1474 4891 1760 4971 χρίσματι,
1821 4892 1908 4947 καὶ

261 4987 339 5055 τῷ
380 4984 476 5047 τῆς
510 4979 835 5048 Ἐκκλησίας
885 4980 1006 5055 ὕψει
1061 4981 1362 5057 στηρίζεται
1397 4981 1424 5035 ὁ
1451 4977 1710 5058 διαφανὴς
1742 4979 1911 5057 ἀστὴρ

262 5071 350 5127 καὶ
406 5068 786 5149 ὁπέρλαμπρος
823 5119 838 5144 ,
899 5072 986 5126 καὶ
1051 5071 1184 5148 φωτὶ
1245 5068 1580 5148 χαριεστέρῳ
1648 5069 1743 5130 τὰς
1802 5075 1909 5126 τῶν

257 5159 554 5237 ἀνθρώπων
599 5159 952 5238 περιλάμπων
1017 5162 1197 5237 ψυχάς
1235 5178 1249 5193 ο
1312 5158 1370 5222 ὃς
1407 5159 1493 5214 καὶ
1530 5158 1642 5234 βίον
1672 5159 1802 5238 εἶχε
1832 5164 1909 5232 τῷ

258 5248 405 5327 λόγῳ
435 5251 744 5330 σύμφωνον,
783 5251 870 5305 καὶ
904 5248 1064 5325 λόγον
1123 5251 1365 5304 τοιούτου
1408 5248 1524 5324 βίου
1566 5249 1907 5325 προσήκοντα

259 5341 609 5416 καθαρότητι,
676 5335 739 5420 ᾮ
801 5341 862 5395 τὸ
920 5341 1117 5395 πείθειν
1179 5338 1318 5394 οὕτω
1370 5335 1568 5412 ῥᾴδιον,
1617 5340 1689 5400 ὡς
1731 5336 1904 5397 οὐδενί

259 5426 410 5503 ἄλλῳ
464 5429 524 5485 τὸ
582 5428 759 5507 λέγειν
826 5427 1012 5493 ἁπλῶς
1048 5445 1061 5458 '
1131 5430 1191 5484 οὗ
1232 5441 1431 5507 πραεῖα
1491 5426 1588 5502 μὲν
1631 5427 1666 5494 ἠ
1724 5428 1902 5505 φωνὴ,

335 5595 417 5664 (9)
441 5597 607 5653 Auno
630 5595 737 5652 398
759 5595 1215 5668 metropolitauis
1236 5595 1560 5655 astantibus
1588 5593 1900 5668 episcdpis,

260 5679 378 5723 suae
405 5669 710 5737 provinciae
759 5665 1156 5726 consecratur.
1194 5668 1498 5738 Theophil.
1535 5665 1902 5738 Alexandriae

258 5740 566 5813 episcopus
623 5753 738 5800 non
811 5739 1119 5809 volentem,
1169 5739 1269 5804 sed
1331 5737 1593 5801 coactum
1647 5737 1902 5815 Chryso-

1993 4706 2217 4769 bruarii
2239 4707 2370 4770 dies
2397 4709 2716 4771 vicesimus
2739 4717 2965 4771 sextuS'
2994 4709 3201 4771 liceret
3222 4719 3418 4770 autem
3439 4712 3632 4788 conji-

1992 4799 2321 4879 cere,quod
2343 4818 2474 4861 cum
2500 4799 2679 4861 simul
2698 4799 3003 4880 laetaretur
3023 4799 3244 4862 chorus
3264 4809 3628 4873 sanctorum,

1994 4905 2070 4948 ne
2096 4888 2293 4967 angeli
2315 4889 2559 4968 quidem
2580 4888 2865 4950 abessent
2890 4889 2962 4950 ab
2987 4889 3098 4950 hoc
3120 4888 3322 4952 divino
3348 4890 3630 4969 festo,qui

1994 4978 2202 5038 eratin
2224 4985 2382 5039 terra
2402 4979 2852 5058 angelus,sacro
2873 4978 3196 5041 chrismate
3217 4987 3626 5052 consecratur,

1993 5067 2138 5127 etin
2169 5069 2406 5130 excelso
2467 5069 2597 5130 loco
2657 5069 2931 5130 ecclesiae
2990 5068 3337 5139 collocatur,
3373 5068 3474 5146 qui
3507 5074 3631 5127 erat

1990 5174 2198 5218 revera
2224 5157 2398 5220 stella
2429 5158 2893 5239 lucidissima,et
2911 5157 3262 5236 jucundiori
3287 5157 3420 5217 luce
3442 5156 3630 5217 homi-

1990 5265 2130 5308 num
2191 5247 2524 5312 illustrabat
2577 5249 2812 5310 animas
2866 5265 2878 5310 :
2935 5248 3036 5324 qui
3071 5256 3129 5307 et
3161 5245 3420 5307 habebat
3449 5246 3626 5307 vitam

1988 5337 2241 5398 orationi
2272 5337 2820 5411 convenientem,et
2843 5337 3200 5408 orationem,
3225 5353 3358 5415 qua:
3379 5335 3630 5400 decebat

1992 5427 2168 5488 talem
2195 5427 2323 5488 vita;
2348 5427 2662 5507 puritatem
2701 5427 2840 5488 :cui
2886 5426 3247 5506 persuadere
3277 5443 3394 5486 non
3430 5425 3627 5486 minus

1987 5601 2238 5653 stomum
2271 5596 2608 5666 designasse
2639 5595 2970 5667 episcOp.ex
2999 5593 3216 5667 Socrat.
3252 5593 3354 5652 lib.
3385 5605 3467 5657 νι.
3502 5595 3617 5661 c.2,

1985 5667 2211 5724 Sozom.
2243 5667 2343 5723 lib.
2376 5665 2504 5733 vin,
2537 5665 2687 5735 cap.‘
2725 5666 2779 5732 2,
2826 5672 3107 5724 memorat
3147 5665 3448 5735 Batonius,
3479 5675 3619 5725 tom.

1991 5737 2052 5797 V.
2082 5739 2292 5796 Annal.
2326 5740 2396 5797 ad
2425 5753 2572 5798 ann.
2609 5738 2734 5798 397.
