4098 6202
410 255 557 327 1087

1700 260 1980 324 MENSIS
2020 260 2476 327 JANUARIUS.

3625 261 3780 330 1088

406 406 534 463 erat
554 393 943 479 facile,quam
969 393 1154 460 cuivis
1175 393 1281 457 alii
1305 393 1684 458 solummodo
1703 396 2052 460 dicere.Cu-

2145 415 2334 478 πραεῖα
2364 398 2429 468 δὴ
2461 401 2495 470 ἦ
2526 399 2777 476 ἔντευξις,
2811 401 2838 457 ὁ
2868 398 2922 456 δὲ
2977 397 3138 479 λόγος
3189 399 3357 465 οὕτως
3403 402 3645 477 ὃμαλῶς,
3692 396 3781 459 καὶ

400 491 502 572 jus
521 508 632 552 vox
654 487 897 570 quidem
921 495 1046 550 erat
1068 485 1246 560 lenis,
1273 484 1428 546 lenis
1450 494 1647 547 autem
1671 489 2047 566 congressio:

408 580 602 643 oratio
626 595 930 657 vero,quaa
950 578 1102 638 adeo
1121 574 1353 656 placide
1379 583 1435 636 et
1455 575 1723 655 jucunde
1745 576 1970 640 ﬂuebat
1989 577 2051 638 in

408 669 765 740 animam,et
786 675 900 728 tam
927 664 1187 744 benigne
1205 683 1334 726 eam
1360 666 1793 745 attingebat,ut
1820 667 2051 728 nullum

408 768 558 818 esset
579 759 862 832 ejusmodi
890 758 1376 816 medicamentum
1421 762 1708 829 corporis,
1741 762 1892 831 quod
1922 775 2051 818 rum

401 844 627 917 juvaret
651 843 1144 916 plurimum,nihil
1170 843 1476 902 aﬁerretin
1495 845 1707 902 utendo
1736 846 2011 904 molestiae
2037 862 2050 902 :

406 931 713 1008 quomodo
735 930 838 992 illa
861 929 1090 1010 absque
1112 929 1236 990 ullo
1262 947 1465 990 morsu
1493 929 1812 992 maximam
1838 931 2056 993 aﬂ‘ere-

408 1023 1102 1088 batutilitatem.Deinde
1125 1022 1226 1086 die
1246 1023 1522 1104 sequenti
1545 1023 1676 1104 ipse
1699 1025 2052 1104 imperator,

413 1129 472 1181 et
491 1119 836 1200 quicunque
860 1126 1030 1181 erant
1059 1119 1121 1179 in
1147 1118 1382 1179 civitate
1406 1118 1684 1179 honorati
1707 1126 1766 1180 et
1786 1119 1920 1180 aliis
1943 1138 2051 1181 su-

413 1209 706 1289 periores,
741 1208 814 1270 ad
856 1209 1097 1271 beatum
1123 1210 1313 1270 virum
1339 1208 1700 1271 accedentes
1729 1209 1868 1287 (hoc
1891 1209 2050 1270 enim

412 1301 656 1361 omnino
687 1297 1012 1378 volebant),
1066 1299 1198 1378 ejus
1231 1315 1446 1377 preces
1478 1305 1536 1359 et
1567 1296 2051 1360 benedictionem

404 1390 848 1471 jucundissime
888 1397 1027 1451 sunt
1047 1390 1378 1452 consecuti.
1411 1387 1644 1450 Deinde
1665 1389 1788 1462 ille,
1835 1408 1972 1452 cum
2005 1391 2056 1452 is

413 1478 864 1560 laudabilis,qui
894 1479 1228 1560 prius,eum
1265 1477 1799 1542 invasissetmetus
1820 1486 2058 1542 etesset

411 1586 675 1629 summus
727 1572 980 1630 imitator
1001 1573 1137 1628 Jesu
1161 1569 1528 1636 humilitatis,
1557 1569 1768 1641 injecta
1795 1573 2057 1629 oratione

412 1659 498 1721 sic
530 1656 678 1720 dixit
713 1676 726 1720 :
761 1655 1079 1720 Terribilis
1114 1653 1265 1716 mihi
1295 1654 1421 1716 visa
1479 1663 1592 1727 est,
1629 1673 1664 1717 o
1699 1661 2053 1735 imperator,

413 1747 728 1826 terribilis,
766 1755 824 1807 et
866 1747 1059 1825 major
1103 1762 1278 1824 quam
1303 1752 1367 1806 ut
1385 1762 1533 1806 meae
1555 1744 1711 1806 vires
1730 1747 1889 1807 ferre
1912 1764 2056 1826 pos-
2084 1769 2118 1818 Β

417 1835 842 1915 sent,insignis
865 1835 1123 1914 dignitas
1145 1834 1324 1914 hujus
1347 1834 1751 1914 pontiﬁcatus:
1780 1836 1938 1916 quod
1964 1854 2060 1897 me

414 1929 584 1986 etiam
607 1927 886 1986 reddebat
909 1925 1169 1985 timidum
1191 1935 1558 1984 cunctantem
1583 1927 1654 1984 ad
1680 1927 1805 1996 ejus
1857 1942 2060 1985 susce—

415 2013 686 2094 ptionem
717 2033 730 2075 :
759 2010 918 2094 quod
941 2011 1087 2074 etad
1116 2028 1306 2073 meam
1333 2010 1607 2072 intuerer
1629 2010 2053 2088 abjectionem,

405 2111 465 2164 et
484 2102 558 2164 ad
581 2101 1059 2182 magnitudinem
1087 2099 1411 2180 ejus,quod
1437 2118 1586 2163 mea;
1610 2099 1748 2162 ﬁdei
1775 2103 2057 2163 commit-

411 2190 815 2265 tebatur.Quo
840 2200 933 2254 est
952 2192 1112 2254 enim
1137 2190 1397 2269 dignitas
1420 2189 1844 2265 sublimior,eo
1873 2191 2060 2271 magis

415 2300 568 2362 opus
589 2280 768 2344 habet
790 2280 994 2362 iis,qui
1016 2288 1158 2343 suat
1181 2279 1666 2354 excelsiviribus,
1696 2288 1752 2342 et
1771 2279 1874 2360 qui
1907 2299 2056 2343 con-

414 2371 602 2434 ﬁdere
626 2379 880 2453 possunt
903 2373 962 2432 in
1007 2369 1370 2434 ministerio.
1405 2370 1549 2433 Cum
1584 2377 1782 2432 autem
1807 2389 1918 2432 nos
1951 2370 2060 2432 etsi

413 2461 692 2542 indignos
723 2471 782 2524 et
812 2461 1188 2541 abjectos,iis
1218 2461 1437 2541 quibus
1467 2460 1582 2522 scit
1613 2460 1972 2536 rationibus,
2008 2461 2060 2521 is
2094 2535 2100 2540 _

417 2556 822 2628 cujusjudicia
843 2563 980 2614 sunt
999 2558 1242 2627 abyssus
1267 2555 1447 2612 multa
1475 2554 1620 2621 “’,ah
1646 2555 1793 2610 hanc
1818 2555 2056 2611 deduxit

418 2641 752 2722 speculam,
788 2652 848 2704 et
871 2641 1103 2704 ratione
1149 2641 1377 2722 praediti
1409 2641 1501 2702 sui
1529 2641 1726 2718 gregis
1758 2648 2057 2719 pastorem

417 2735 969 2812 constituit,rogo,o
991 2732 1345 2812 imperator,
1382 2748 1487 2811 per
1518 2749 1648 2792 eam
1674 2748 2056 2810 spem,quam

419 2840 632 2884 omnes
666 2822 967 2884 habemus
997 2826 1216 2900 (neque
1268 2821 1428 2881 enim
1482 2819 1629 2880 mihi
1666 2828 1854 2880 tutum
1888 2819 2065 2880 fuerit

418 2910 710 2991 deinceps
739 2911 1150 2990 silere,neque
1175 2909 1330 2989 quod
1358 2927 1556 2970 meum
1586 2922 1676 2970 est
1700 2909 1892 2969 solum
1919 2927 2063 2988 spe-

417 2999 662 3075 ctando,
691 3000 1135 3062 mercenarium
1159 3006 1383 3072 esse,et
1406 3017 1526 3059 non
1545 3000 1892 3076 pastorem);
1917 3015 2065 3074 rogo

2135 489 2304 559 ἠδὲως
2361 491 2494 568 ῥέων
2543 493 2616 558 είς
2650 493 2749 559 τὴν
2794 491 3004 572 ψυχὴν,
3053 491 3142 548 καὶ
3189 491 3359 557 οὕτως
3409 494 3583 562 ἠπίως
3615 493 3782 561 αὒτῆς

2137 581 2462 656 ἁπτόμενος,
2527 581 2664 638 ὥστε
2747 579 2918 655 μηδὲν
2997 587 3240 638 τοιοῦτον
3297 583 3441 639 εἶναι
3501 583 3783 662 φάρμακον

2135 678 2412 746 σώματος,
2476 671 2504 726 ὃ
2564 672 2630 727 τὰ
2689 671 2918 748 μέγιστα
2971 669 3209 751 ὠφελοῦν
3273 668 3420 730 οὐδὲν
3479 671 3644 729 λυπεῖ
3716 679 3784 748 τῇ

2136 762 2490 838 προσψαύσει,
2564 763 2637 826 ὡς
2692 763 2902 823 ὶκετνος
2961 759 3210 839 μεγάλην
3266 783 3323 818 τε
3414 763 3498 818 διαὶ
3572 761 3783 828 πολλὴν

2136 848 2379 919 ἀδήκτωξ
2429 849 2651 925 ἐμποιεῖ
2695 851 2792 916 τὴν
2824 849 3110 930 ὠφέλειαν,
3167 850 3303 908 Εἶτα
3362 851 3461 919 τὴν
3505 852 3785 927 ὑστεραίαν

2137 939 2385 1015 βασιλεὺς
2443 942 2625 1020 αὐτὸς,
2678 943 2765 996 καὶ
2825 941 2924 1008 τῆς
2969 939 3244 1005 πολιτείας
3288 941 3408 998 ὅσον
3440 940 3654 1016 ἔντιμον
3685 940 3785 996 καί

2137 1030 2257 1094 τοὺς
2315 1029 2549 1090 πολλοὺς
2596 1027 2980 1108 δπερϐεϐηκὸς,
3045 1028 3424 1107 προσελθόντες
3471 1037 3549 1105 τῷ
3599 1052 3784 1099 μακα-

2135 1119 2231 1194 ρίῳ
2278 1117 2456 1198 (τοῦτο
2510 1119 2611 1197 γὰρ
2670 1119 2730 1175 ἐκ
2772 1119 2971 1181 παντὸς
3014 1117 3210 1192 ἠξίουν)
3275 1124 3379 1176 τῶν
3445 1117 3567 1196 παρ’
3626 1119 3788 1176 αὑτοῦ

2138 1209 2314 1288 εὐχῶν
2353 1207 2536 1276 ἥδιστα
2567 1210 2654 1265 καὶ
2683 1209 2782 1276 τῆς
2833 1207 3076 1286 εὖλογίας
3135 1208 3423 1269 ἀπέλαυον.
3481 1207 3600 1267 Εἶθ’
3644 1208 3787 1266 οὕτω

2137 1297 2300 1375 λόγον
2358 1296 2605 1374 ἐμϐαλὼν
2666 1297 2901 1372 ἐκεῖνος,
2965 1301 3037 1363 ὡς
3095 1299 3197 1356 ὑπὸ
3245 1303 3342 1367 τῆς
3390 1301 3552 1365 αὐτῆς
3587 1297 3788 1361 δειλίας

2139 1389 2402 1467 ἐχόμενος
2455 1390 2550 1454 τῆς
2609 1391 2917 1462 ἒπαινετῆς,
2960 1389 3026 1456 ἧς
3084 1391 3173 1446 καὶ
3218 1390 3496 1468 πρότερον,
3548 1393 3637 1446 καὶ
3683 1413 3785 1464 μι-

2139 1479 2320 1551 μητὴς
2365 1477 2535 1534 τελῶν
2564 1484 2663 1545 τῆς
2695 1477 2875 1545 Ἰησοῦ
2931 1480 3335 1553 ταπεινώσεως,
3376 1477 3610 1558 Φοϐερόν
3656 1502 3784 1555 μοι,

2139 1569 2321 1639 εἶπεν,
2355 1571 2400 1623 ὦ
2428 1567 2672 1644 βασιλεῦ,
2721 1568 2808 1624 καὶ
2854 1575 3041 1644 μεῖζον
3085 1568 3120 1636 ἢ
3171 1568 3292 1626 κατ’
3351 1569 3489 1642 ἐμὴν
3535 1569 3782 1643 δύναμιν,

2139 1660 2238 1725 τῆς
2298 1658 2574 1734 ἱεραρχίας
2619 1657 2815 1724 ταύτης
2848 1663 2948 1725 τῆς
2997 1660 3291 1738 ὑπερφυους
3350 1660 3410 1715 τὸ
3465 1657 3693 1734 ἀξίωμα,
3758 1658 3788 1714 ὃ

2142 1768 2209 1822 με
2269 1749 2355 1803 καὶ
2401 1745 2580 1803 δειλὸν
2638 1747 2802 1803 ἔποίει
2847 1749 2935 1804 καὶ
2975 1749 3110 1826 πρὸς
3166 1749 3264 1816 τὴν
3317 1749 3525 1827 α’ίρεσιν
3554 1747 3785 1824 διαμέλ-

2141 1836 2305 1893 λοντα
2348 1838 2424 1911 τῷ
2477 1837 2608 1915 πρὸς
2666 1859 2723 1893 τε
2766 1837 2865 1905 τὴν
2939 1837 3078 1913 ἐμὴν
3140 1837 3402 1918 ἐσχατιὰν
3455 1838 3654 1918 ἀφορᾷν
3697 1843 3790 1894 καὶ

2140 1928 2240 1994 τὴν
2294 1934 2390 1983 τοῦ
2446 1926 2832 2002 πιστευομένου
2888 1927 3310 2004 μεγαλειότητα,
3367 1929 3520 2004 ’Ὁσῳ
3567 1931 3668 2007 γὰρ
3727 1931 3791 1985 τὸ

2139 2015 2373 2092 ὑψηλὸν,
2421 2017 2658 2087 τοσούτῳ
2716 2018 2804 2072 καὶ
2853 2017 2960 2073 τῶν
2991 2019 3063 2081 εἷς
3097 2015 3317 2092 δύναμιν
3355 2017 3584 2092 ὑψηλῶν
3612 2017 3790 2074 δεῖται

2141 2108 2273 2185 πρὸς
2335 2107 2433 2174 τὴν
2485 2107 2803 2184 ὑπηρεσίαν.
2867 2105 3020 2164 Ἐπεὶ
3080 2104 3132 2161 δὲ
3195 2107 3282 2163 καὶ
3336 2107 3574 2172 ἀναξίους
3631 2107 3790 2170 ὄντας

2142 2198 2228 2253 καὶ
2289 2195 2475 2275 χαμαί
2533 2195 2809 2270 κειμένους
2868 2197 3034 2271 ἡμᾶς,
3083 2196 3172 2259 οἷς
3229 2195 3506 2253 ἓπίσταται
3578 2196 3789 2274 λόγοις,

2143 2285 2202 2342 οὔ
2261 2287 2326 2340 τα
2379 2285 2610 2362 κρίματα
2669 2283 2897 2345 ἄϐυσσος
2950 2284 3150 2365 πολλὴ,
3215 2287 3287 2348 εἷς
3345 2287 3546 2352 ταύτην
3611 2286 3790 2363 ἤγαγε

2142 2375 2442 2449 περιωπὴν,
2477 2376 2565 2430 καὶ
2597 2374 2828 2448 ποιμένα
2880 2379 2977 2440 τῆς
3029 2373 3252 2452 λογικῆς
3305 2376 3458 2432 αὐτοῦ
3490 2374 3789 2440 κατέστησε

2143 2467 2402 2544 ποίμνης,
2487 2463 2696 2538 δέομαι,
2787 2463 3027 2539 βασιλεῦ,
3111 2466 3242 2543 πρὸς
3299 2465 3470 2520 αὐτῶν
3531 2461 3786 2534 ἐλπίδων,

2141 2556 2215 2610 ὦν
2275 2553 2472 2618 πάντες
2531 2553 2773 2632 ἐχόμεθα
2819 2551 2959 2628 (οῦδὲ
2991 2553 3092 2629 γὰρ
3133 2550 3405 2609 ἀκίνδυνόν
3450 2576 3541 2628 μοι
3585 2555 3647 2608 τὸ
3677 2552 3792 2607 ἀπὸ

2141 2642 2289 2703 τοῦδε
2324 2649 2501 2721 σιγᾷν,
2567 2641 2682 2700 οῦδὲ
2727 2644 2789 2698 τὸ
2835 2642 3064 2717 ἐμαυτοῦ
3115 2643 3278 2715 μόνον
3325 2643 3530 2719 ὁρῶντα
3572 2646 3789 2718 μισθω-

2141 2736 2230 2789 τὸν
2277 2733 2454 2810 εἶναι,
2499 2733 2588 2788 καὶ
2643 2731 2702 2787 οὔ
2759 2730 3015 2810 ποιμένα)
3079 2730 3263 2806 δέομαι
3314 2740 3596 2810 τοιγαροῦν
3649 2753 3790 2810 προ-

2145 2821 2458 2900 ηγουμένως
2511 2822 2610 2895 μὲν
2653 2833 2773 2883 τοῖς
2832 2827 2925 2876 τοῦ
2983 2829 3114 2878 Θεοῦ
3173 2820 3356 2898 λόγους
3389 2822 3476 2884 οῦς
3508 2823 3789 2878 εὖσύνετον

2145 2912 2485 2990 ὑποσχόντας
2559 2911 2722 2990 ὑμᾶς,
2793 2912 2881 2966 επὶ
2952 2913 3028 2984 τῷ
3113 2910 3342 2984 θεμελίῳ
3397 2915 3494 2977 τῆς
3554 2911 3790 2976 πίστεως

2151 3023 2349 3079 χρυσον
2380 3002 2467 3055 καὶ
2498 2999 2721 3076 ἄργυρον
2753 3001 2841 3054 καὶ
2899 2998 3072 3062 λίθους
3130 3000 3359 3074 τιμίους,
3417 3000 3509 3054 τὰς
3555 3000 3787 3076 ἀγαθὰς,

420 3095 663 3167 ergo,ut
686 3088 1100 3168 principaliter
1123 3087 1366 3184 quidem
1394 3105 1495 3184 vos
1518 3085 1622 3147 Dei
1642 3086 1838 3148 verbis
1855 3103 2062 3184 aurem

2151 3091 2310 3168 φημὶ,
2359 3088 2572 3165 πράξεις
2599 3087 2934 3162 οἰκοδομεῖν,
2995 3091 3050 3145 Εἰ
3082 3089 3144 3157 Ed,
3179 3111 3318 3152 τινες
3350 3088 3795 3169 προελήφθησαν,

421 3179 761 3258 praebentes
787 3185 1293 3256 attentam,super
1310 3175 1767 3238 fundamentum
1794 3175 2062 3257 ﬁdei,au-

2149 3180 2185 3246 ἦ
2244 3180 2329 3234 καὶ
2371 3181 2732 3256 προληφθεϊεν
2784 3177 2932 3257 (ὅπερ
2987 3177 3328 3257 ἀπεύχομαι)
3356 3178 3802 3255 παραπτώμασιν

425 3273 558 3329 rum
593 3276 652 3329 et
680 3276 991 3346 argentum
1023 3275 1082 3328 et
1112 3265 1342 3346 lapides
1377 3269 1692 3345 pretiosos,
1731 3263 1944 3334 bonas.
1980 3267 2067 3326 in-

421 3375 627 3434 quam,
657 3355 1363 3428 actiones,aediticetis.Si
1395 3353 1498 3435 qui
1521 3363 1719 3416 autem
1749 3373 2066 3436 praeoccu-

422 3447 543 3528 pati
566 3445 1130 3526 fuerunt,aut,quod
1156 3443 1461 3519 absit,sint
1485 3442 1945 3525 praeoccupandi
1963 3445 2069 3506 hu-

427 3542 620 3599 manis
640 3536 980 3609 delictis,ea
1001 3544 1140 3597 sunt
1163 3534 1516 3616 pmnitentia
1539 3544 1594 3596 et
1617 3533 1814 3595 studio
1838 3551 2062 3614 expur-

423 3627 642 3707 ganda.
676 3626 765 3689 Ad
785 3644 913 3689 eam
935 3627 1011 3688 sit
1034 3625 1209 3687 nobis
1230 3624 1550 3706 pulchrum
1578 3623 1920 3704 exemplum
1945 3641 2066 3685 ma-

421 3736 574 3796 gnus
609 3715 708 3780 ille
740 3715 927 3778 David
961 3715 1142 3797 “,qui
1173 3733 1307 3776 cum
1358 3714 1419 3775 in
1451 3723 1758 3796 peccatum
1789 3723 1853 3776 ut
1884 3714 2063 3776 homo

420 3807 826 3881 incidisset,et
856 3807 930 3869 ab
961 3806 1207 3868 homine
1236 3805 1456 3868 fuisset
1487 3805 1918 3886 reprehensus,
1947 3822 2065 3865 non

423 3905 485 3959 ut
508 3897 686 3959 homo
711 3895 1317 3975 sulummodo,neque
1349 3893 1628 3956 similiter
1658 3913 1729 3955 ac
1759 3893 1972 3971 vulgus
2001 3909 2065 3954 se

422 3988 605 4065 gessit
635 3985 980 4064 gratissima
1040 3985 1144 4046 illa
1192 3983 1414 4056 anima,
1469 4002 1666 4064 neque
1699 3981 2064 4044 contumelia

419 4075 959 4156 reprehensionem
985 4074 1274 4156 pauperis
1301 4092 1403 4136 rex
1435 4073 1685 4153 repulit,
1715 4071 1820 4134 sed
1853 4088 2066 4149 magna

426 4163 843 4226 moderatione
857 4171 915 4226 et
932 4163 1486 4225 animicontritione
1508 4164 1697 4243 ipsam
1723 4162 2068 4241 tulitrepre-

425 4254 780 4316 hensionem
794 4262 873 4326 ,et
889 4272 1026 4315 cum
1041 4272 1106 4316 se
1121 4251 1402 4334 peccasse
1421 4272 1540 4314 non
1565 4260 1722 4314 esset
1745 4250 2065 4322 inﬁciatus,

425 4349 602 4406 citius
627 4361 805 4426 quam
841 4342 1459 4422 fecerat,consecutus
1489 4341 1599 4403 fuit
1614 4341 2066 4404 remissionem.

423 4434 607 4515 Atqui
640 4432 758 4495 labi
790 4433 1032 4514 quidem
1067 4441 1157 4495 est
1179 4431 1354 4493 facile
1383 4453 1396 4495 :
1423 4448 1672 4511 surgere
1699 4437 1988 4497 autem.et
2008 4428 2068 4489 in

424 4532 643 4586 statum
672 4522 934 4605 priorem
963 4523 1324 4596 restitui,est
1354 4539 1674 4602 operosum
1707 4538 1776 4581 ac
1794 4518 2067 4581 difﬁcile.

428 4615 600 4679 Adeo
625 4624 752 4676 erat
771 4613 1036 4690 mitis,ad
1048 4632 1116 4675 eo
1133 4613 1496 4675 moderatus:
1521 4621 1637 4674 tam
1655 4629 1932 4691 magnum
1954 4609 2074 4671 των

426 4716 584 4768 ctum
605 4704 714 4766 fuit
737 4711 1097 4767 consecutus
1121 4722 1189 4765 ex
1213 4702 1408 4765 divina
1462 4701 1825 4764 humilitate.
1860 4699 1930 4762 Et
1963 4717 2072 4762 nos

427 4813 594 4874 ergo,
628 4797 725 4874 qui
760 4792 1160 4855 ineﬂ‘abilibus
1205 4793 1312 4854 Dei
1351 4791 1683 4853 rationibus
1707 4790 1841 4852 ideo
1863 4790 1938 4852 ad
1969 4806 2070 4850 vos

426 4884 800 4953 venimus,ut
821 4883 1182 4945 voluntatem
1208 4881 1341 4961 ejus
1377 4881 1917 4950 testiﬁcemur,hoc
1941 4877 2069 4956 pri-

427 4992 589 5035 mum
617 4972 865 5034 verbum
893 4989 924 5033 a
949 4972 1183 5036 Christo
1224 4982 1286 5033 et
1310 4970 1510 5032 divino
1535 4970 1666 5050 ejus
1693 4973 2072 5031 Praecursore

425 5066 972 5140 accipientes,vobis
996 5066 1414 5124 annuntiamus
1436 5073 1489 5121 et
1511 5064 1847 5122 suademus:
1880 5083 1901 5112 ι
1936 5061 2071 5119 Ρω-

427 5153 738 5214 nitentiam
772 5152 926 5233 agite
961 5169 975 5212 :
1013 5169 1200 5232 prope
1252 5158 1344 5212 est
1401 5150 1561 5211 enim
1593 5167 1845 5225 regnum
1879 5149 2068 5212 caelo-

429 5259 560 5304 rum
581 5242 660 5304 12.
690 5268 715 5298 »
744 5241 880 5304 Haec
913 5249 1110 5303 autem
1145 5258 1263 5301 non
1297 5237 1582 5301 dubitabo
1633 5237 1800 5298 vobis
1829 5235 2072 5299 assidue

431 5349 703 5393 revocare
727 5337 783 5393 in
810 5333 1145 5392 memoriam
1180 5349 1192 5388 :
1221 5331 1381 5389 vobis
1404 5340 1594 5388 autem
1622 5331 1938 5387 timendum
1961 5339 2068 5397 est,

432 5419 590 5495 ne,si
613 5419 845 5482 fueritis
865 5424 1310 5497 contemptores
1337 5415 1442 5477 Dei
1467 5413 1973 5491 testimoniorum,
1999 5414 2074 5476 ab

2151 3270 2524 3345 ἀνθρωπίνοις,
2585 3273 2650 3344 τῇ
2722 3268 2976 3341 μετανοίᾳ
3035 3274 3201 3324 ναῦτα
3255 3267 3568 3342 καθαρτὲον.
3622 3268 3804 3326 Καλόν

2149 3356 2448 3436 ὑπόδειγμα
2493 3358 2624 3434 πρὸς
2683 3361 2848 3424 αὐτὴν
2903 3359 2931 3413 ὁ
2991 3357 3158 3434 μέγας
3217 3359 3358 3425 ἡμῖν
3414 3357 3553 3414 ἔστω
3608 3355 3801 3439 Δαϐὶδ,

2151 3449 2208 3512 ὃς
2268 3448 2576 3521 ἀνομήματι
2636 3446 2819 3520 ἀλοῦς,
2855 3447 2954 3503 οἶα
3011 3446 3311 3526 ἅνθρωπος,
3369 3445 3456 3503 ὑπ’
3515 3447 3802 3524 ἀνθρώπου

2149 3559 2202 3593 τε
2255 3540 2345 3594 τὸν
2407 3535 2636 3615 ἔλεγχον
2693 3538 2950 3615 ὑποστὰς,
2998 3538 3058 3593 οὖ
3115 3536 3234 3592 κατ’
3270 3536 3545 3615 ἄνθρωπον
3575 3536 3800 3616 ὴπλῶς,

2147 3625 2264 3685 οὔδε
2317 3638 2438 3689 τοῖς
2500 3624 2731 3688 πολλοῖς
2793 3627 2994 3691 ὁμοίως
3058 3627 3092 3694 ἡ
3175 3627 3511 3705 χαριεστάτη
3584 3624 3797 3693 διετέθη

2148 3715 2325 3795 ψυχή,
2389 3714 2518 3772 Οὔτε
2576 3716 2676 3792 γὰρ
2737 3715 2941 3792 βαρέως
2998 3715 3192 3792 ἤνεγκε
3237 3717 3370 3794 πρὸς
3439 3718 3619 3795 αὐτὸν,
3674 3715 3796 3776 οἰνδέ

2147 3803 2291 3882 ὕϐρει
2349 3805 2448 3872 τὴν
2508 3805 2717 3880 μέμψιν
2763 3807 2789 3860 ὁ
2823 3802 3069 3880 βασιλεὺς
3123 3812 3217 3860 τοῦ
3264 3804 3495 3871 πένητος
3552 3803 3796 3885 διεκρού-

2147 3917 2298 3968 σατο,
2362 3892 2480 3949 ἀλλ’
2527 3897 2584 3950 ἒν
2629 3893 2816 3967 πολλῷ
2857 3901 2934 3968 τῷ
2985 3895 3182 3972 μετρίῳ
3214 3896 3302 3950 καὶ
3343 3901 3413 3971 τῇ
3458 3901 3555 3963 τῆς
3604 3895 3796 3975 ψυχῆς

2147 3982 2397 4062 συντριϐῇ
2455 3983 2612 4042 αὐτόν
2669 4005 2726 4040 τε
2786 3985 2879 4040 τὸν
2936 3983 3167 4064 ἔλεγχον
3197 3982 3412 4062 ἤνεγκε,
3447 3985 3537 4041 καὶ
3594 3983 3797 4058 πλημ-

2148 4072 2381 4149 μελῆσαι
2426 4073 2504 4148 μὴ
2560 4073 2830 4151 ἀρνηθεὶς,
2884 4076 3098 4142 θᾶττον,
3150 4073 3184 4141 ἢ
3215 4071 3430 4150 δράσαι,
3459 4079 3554 4131 τοῦ
3585 4074 3798 4140 ἀφεθῆ-

2151 4187 2235 4220 ναι
2280 4163 2552 4241 τετόχηκε
2593 4182 2606 4198 ·
2654 4162 2825 4218 καίτςι
2867 4163 2929 4218 τὸ
2962 4162 3059 4238 μὲν
3089 4161 3369 4230 ὀλισθῆσαι
3399 4162 3600 4242 ῥᾴδιον,
3631 4165 3694 4219 τὸ
3738 4161 3799 4219 δὲ

2151 4253 2471 4326 ἀναστῆναι,
2501 4251 2589 4308 καὶ
2648 4251 2718 4316 εἷς
2762 4250 2861 4319 τὴν
2912 4251 3172 4330 προτέραν
3223 4252 3409 4320 στῆναι
3440 4253 3796 4330 κατάστασιν,

2151 4339 2381 4420 ὶργῶδες
2439 4340 2534 4397 καί
2595 4339 2864 4422 χαλεπόν.
2925 4340 3078 4399 Οῦτω
3134 4349 3300 4419 πρᾶος
3356 4348 3448 4414 ἦν,
3493 4341 3630 4398 οὕτω
3687 4342 3801 4416 μέ-

2153 4452 2324 4510 τριος,
2360 4430 2496 4487 οὕτω
2526 4429 2735 4508 μεγάλα
2766 4430 2899 4487 πάνυ
2956 4435 3054 4497 τῆς
3105 4432 3248 4495 θείας
3303 4431 3556 4488 ἀπώνατο
3597 4451 3802 4486 ταπει-

2157 4522 2389 4582 νώσεως.
2457 4521 2563 4578 Καὶ
2617 4523 2784 4596 ἡμεῖς
2835 4519 3009 4576 τοίιυν
3067 4522 3114 4578 οἱ
3169 4521 3306 4576 κατά
3364 4520 3486 4584 τοὺς
3537 4520 3802 4598 ἀρρήτους

2155 4615 2246 4668 τοῦ
2303 4617 2435 4668 Θεοῦ
2493 4610 2685 4688 λόγους
2743 4611 2815 4674 είς
2871 4609 3028 4666 τοῦτο
3082 4612 3212 4684 ὑμῖν
3255 4609 3503 4690 ἥκοντες,
3535 4609 3675 4668 ὥστε
3734 4612 3805 4666 τὸ

2156 4703 2313 4758 αὐτοῦ
2366 4700 2806 4778 διαμαρτύρεσθαι
2869 4697 3104 4774 θέλημα,
3163 4707 3316 4756 τοῦτο
3389 4705 3596 4778 πρῶτον
3647 4700 3804 4776 ῥῆμα

2153 4792 2297 4870 παρά
2333 4796 2559 4866 Χριστοῦ
2591 4790 2679 4845 καὶ
2727 4788 2821 4844 τοῦ
2866 4789 3005 4845 θείου
3041 4786 3289 4852 λαϐόντες
3325 4787 3655 4868 Προδρόμου,
3702 4791 3803 4844 εὖ·

2153 4878 2546 4958 αγγελιζόμεθά
2573 4900 2629 4934 τε
2676 4880 2764 4936 καὶ
2804 4881 3165 4956 παραινοῦμεν
3197 4879 3328 4952 ὑμῖν
3365 4899 3379 4913 ·
3417 4885 3744 4935 Μετανοεῖτε
3783 4894 3802 4909 ⁸

2151 4968 2350 5048 ἧγγικε
2387 4969 2487 5046 γὰρ
2529 4969 2563 5036 ἡ
2622 4966 2864 5044 βασιλεία
2920 4974 3025 5024 τῶν
3083 4968 3342 5047 οὐρανῶν,
3375 4968 3549 5027 Ταῦτα
3577 4966 3629 5024 δὲ
3661 4990 3799 5023 συν-

2155 5064 2302 5139 εχῶς
2361 5057 2507 5132 ἡμᾶς
2570 5057 2668 5132 μὲν
2723 5058 3150 5133 ὑπομιμνήσκειν
3209 5061 3305 5116 οὒκ
3359 5056 3636 5130 ὀκνητέον,
3669 5059 3812 5131 ὑμῖν

2154 5147 2209 5205 δὲ
2263 5147 2497 5226 ἀσφαλὲς
2555 5149 2618 5203 τὸ
2700 5145 3004 5226 φοϐεῖσθαι,
3087 5148 3164 5220 μὴ
3241 5148 3638 5226 καταφρονηταὶ
3695 5151 3813 5202 τῶν

2155 5239 2454 5316 μαρτυρίων
2513 5239 2606 5293 τοῦ
2663 5238 2796 5292 Θεοῦ
2841 5237 3139 5314 γενόμενοι,
3199 5236 3445 5294 ὒπόδικοι
3493 5238 3636 5311 αῦτῳ
3693 5235 3814 5304 λη-

2157 5329 2371 5406 φθείητε
2429 5325 2482 5384 ἐν
2532 5325 2707 5404 ἡμέρᾳ
2760 5324 3081 5394 ἐπισκοπῆς.
3132 5328 3205 5384 Οὔ
3262 5327 3362 5405 γάρ
3419 5325 3681 5403 ἡμέτερόν
3725 5347 3813 5400 τι,

2194 5415 2266 5440 ,ἢν
2339 5417 2352 5438 ν
2413 5416 2433 5438 .\
2517 5421 2540 5432 η-
2630 5419 2644 5442 (
2767 5413 2790 5447 τι
2865 5437 2885 5452 ,
2958 5439 2968 5448 ,
3279 5416 3303 5435 ν
3340 5417 3354 5437 9
3453 5415 3479 5436 ν
3727 5416 3739 5438 1

2160 5435 2274 5475 cuos
2331 5439 2436 5473 απο
2480 5440 2578 5484 της
2623 5435 2886 5494 ηειετερα,
2960 5415 3189 5489 κοιλίας,
3251 5438 3334 5472 ειτ
3419 5439 3509 5475 ουν
3567 5413 3815 5484 διανοιας

516 5607 574 5662 ιο
604 5606 758 5674 Psal.
793 5624 978 5683 xxxv,
1014 5607 1072 5669 7.
1157 5605 1205 5649 ﬂ
1240 5602 1293 5670 II
1323 5603 1471 5688 Reg.
1505 5621 1566 5670 v1
1596 5612 1654 5668 et
1686 5620 1792 5671 ιιι.
1879 5603 1932 5649 ¹²
1959 5603 2162 5672 Matth.
2200 5620 2266 5680 ιι,
2299 5601 2359 5666 3.
