4032 6202
212 345 412 423 1089
1305 347 1490 423 VITA
1533 359 1596 422 s.
1639 358 1962 424 JOANNIS
2005 349 2566 421 CHRYSOSTOMI.
3477 347 3632 424 i890

207 495 724 574 ἀπαγγελλοῦμεν,
783 494 904 550 ἀλλ’
964 494 1062 552 ὅσα
1113 503 1205 552 τοῦ
1276 495 1414 552 θείου
1499 497 1735 570 νάματος
1796 497 1893 560 τῆς

2004 511 2053 554 ιο
2085 492 2176 554 rei
2209 489 2743 571 reprehendamini
2799 486 2859 550 in
2915 489 3013 552 die
3042 489 3425 554 visitationis.
3464 491 3630 562 Nihil

210 587 604 644 ὓεοπνεῦστου
660 591 874 664 Γραφῆς
951 585 1280 660 ἦρυσάμεθα,
1361 591 1526 641 ταῦτα
1588 584 1642 640 δὲ
1714 583 1899 641 οὐδένα

2004 582 2144 644 inim
2177 591 2472 651 nostrum,
2510 599 2705 661 neque
2748 599 2819 642 ex
2848 590 3052 641 nostro
3087 588 3294 641 ventre
3324 599 3430 643 seu
3462 583 3630 662 cogi-

215 675 737 751 ὺστοστελλόμενοι,
813 672 929 730 οῦδὲ
1016 674 1246 751 ἡμέρας,
1324 677 1480 730 τοῦτο
1543 673 1608 740 δὴ
1677 676 1739 730 τὸ
1808 675 1902 728 τοῦ

2004 671 2210 732 atione
2233 668 2756 745 annuntiabimus,
2785 668 2892 730 sed
2925 687 3058 749 quae
3090 668 3394 732 hausimus
3427 688 3502 733 ex
3535 670 3632 733 di-

217 766 543 843 ἱερωτάτου
633 762 816 836 Δαϐὶδ,
905 761 1274 843 φοϐούμενοι,
1369 765 1698 841 φθεγξόμεθα
1770 763 1900 839 πρὸς

2004 760 2122 820 rino
2148 759 2369 820 ﬂuente
2411 759 2740 838 Scriptura;
2796 757 3080 819 divinitus
3129 757 3458 838 inspiratte.
3493 759 3633 823 Haec

222 856 415 929 ὑμᾶς.
478 854 754 915 Συνιέντες
816 854 916 928 μὲν
973 855 1064 908 οὖν
1118 855 1278 928 ὑμεῖς
1337 852 1435 909 καῖ
1509 855 1598 917 οῦς
1643 852 1904 931 φιλήκοον

2004 855 2208 921 intem,
2244 847 2548 909 neminem
2609 855 2977 922 reverentes,
3010 863 3207 928 neque
3237 845 3388 922 dies,
3426 857 3490 908 ut
3521 849 3635 912 hoc

225 952 333 1017 τῷ
364 944 511 1022 λόγῳ
542 950 638 1010 τῆς
689 942 916 1022 διδαχῆς
961 942 1280 1022 ὑπέχοντες,
1319 944 1534 1006 ἑαυτοῖς
1565 943 1666 1017 μὲν
1719 963 1904 1007 σωτη-

2004 937 2186 998 licam
2217 935 2404 997 divini
2430 934 2672 997 Davidis
2725 938 2803 1012 t3,
2839 935 3147 1009 timentes,
3181 935 3255 998 ad
3291 955 3388 998 vos
3419 936 3634 1016 loque-

231 1035 398 1110 ρίας,
432 1039 606 1113 χαρᾶς
648 1030 701 1088 δὲ
762 1044 882 1096 τοῖς
926 1034 980 1087 εδ
1027 1033 1233 1107 οὐρανῷ
1276 1030 1553 1109 ἀγγέλοις,
1600 1030 1806 1098 πολλῆς
1852 1029 1908 1086 δὲ

2004 1025 2222 1088 mur.Si
2253 1044 2357 1087 vos
2390 1043 2533 1102 ergo
2557 1025 3001 1106 iutelligatis,et
3024 1043 3200 1087 aures
3231 1034 3484 1088 attentas
3509 1044 3638 1090 ver-

232 1125 344 1180 καὶ
404 1130 479 1197 τῷ
549 1123 664 1198 ἐμῷ
737 1123 998 1197 πνεύματι
1075 1122 1426 1201 εὐφροσύνης,
1486 1118 1654 1176 αἴτιοι
1700 1119 1903 1178 ἔσεσθε.

245 1214 321 1270 Ei
352 1209 406 1267 δὲ
441 1213 526 1268 καὶ
578 1215 684 1266 τῶν
729 1211 873 1284 ἐμῶν
928 1208 1082 1276 εἴητε
1145 1209 1664 1288 καταῤῥᾳθυμοῦντες
1709 1209 1907 1288 λόγων,

235 1303 346 1358 καὶ
405 1299 576 1361 ἄϐατα
639 1308 708 1375 τῇ
754 1299 953 1379 διδαχῆ
1000 1322 1065 1356 τα
1111 1305 1210 1366 τῆς
1256 1298 1471 1378 καρδίας
1517 1301 1630 1355 ὦτα
1673 1298 1910 1362 τιθέντες

250 1389 421 1469 (ὅπερ
465 1390 652 1466 ἀπείη)
702 1391 1044 1454 άνιαθήσεται
1108 1391 1204 1463 μὲν
1258 1389 1320 1445 τὰ
1371 1396 1581 1462 Πνεῦμα
1625 1390 1686 1443 τὸ
1731 1387 1906 1465 ἅγιον,

243 1480 609 1550 ἆνιαθήσεται
640 1478 693 1533 δὲ
727 1479 814 1534 καὶ
846 1480 906 1533 τὸ
940 1479 1068 1552 ἐμὸν
1099 1479 1306 1552 πνεῦμα
1333 1499 1346 1511 ·
1383 1479 1442 1533 τὸ
1473 1477 1527 1533 δὲ
1559 1477 1905 1552 λειπόμενον,

249 1568 503 1647 λυπηρὸν
551 1569 649 1642 μὲν
697 1570 891 1641 εἰπεῖν,
927 1567 1218 1646 φιλαληθὲς
1264 1566 1342 1641 δὲ,
1378 1568 1472 1642 ἐμὲ
1502 1567 1598 1642 μὲν
1634 1568 1706 1630 εἰς
1739 1565 1908 1646 ὄχλον

249 1660 388 1732 ὑμῖν
423 1658 661 1730 εἶνάι,ἣ
714 1659 774 1713 τό
820 1679 881 1734 γε
940 1659 1308 1734 τρανέστερον,
1356 1659 1429 1722 είς
1482 1670 1654 1734 κρῖμα
1715 1659 1908 1732 ὃμέτε-

255 1770 381 1824 ρον,
415 1750 549 1822 ὑμᾶς
584 1746 637 1802 δέ
685 1769 775 1821 μοι
808 1749 881 1809 εἰς
930 1745 1151 1824 ἄλγημα
1201 1744 1390 1826 (seu!)
1432 1749 1520 1802 καὶ
1564 1746 1754 1810 πένθος
1811 1751 1909 1820 ψυ-

251 1842 372 1914 χῆς
403 1837 605 1915 ἄφατον
637 1837 723 1892 καὶ
756 1835 993 1893 ἀνίατον.

1991 1114 2069 1177 bo
2093 1115 2385 1177 doctrinae
2409 1113 2747 1196 prmbeatis,
2774 1114 2942 1177 vobis
2963 1115 3209 1196 quidem
3233 1115 3379 1195 ipsis
3398 1115 3635 1190 salutis,

1991 1203 2190 1284 gaudii
2217 1223 2378 1279 vero,
2415 1205 2515 1284 qui
2537 1212 2677 1266 sunt
2699 1205 2762 1266 in
2793 1204 2984 1279 cmlis,
3022 1222 3250 1283 magna;
3271 1212 3474 1266 autem
3502 1223 3638 1268 meo

1993 1313 2233 1378 quoque
2294 1294 2529 1375 Spiritui
2587 1313 2781 1356 causa;
2836 1293 3004 1356 eritis
3032 1293 3274 1357 laetitiae.
3307 1295 3411 1357 Sin
3440 1303 3637 1358 autem

1997 1402 2128 1447 mea
2147 1383 2327 1446 verba
2348 1385 2756 1464 neglexeritis,
2781 1393 2841 1446 et
2865 1383 3152 1446 doctrinae
3183 1402 3304 1445 non
3337 1384 3642 1465 patuerint

1992 1492 2171 1537 aures
2193 1475 2393 1536 cordis
2413 1475 2786 1554 vestri,quod
2810 1472 3274 1546 absit,molestia
3294 1473 3537 1554 quidem
3559 1475 3642 1536 af-

1992 1564 2231 1625 ﬁcietur
2255 1565 2514 1642 Spiritus
2543 1573 2812 1639 sanctus,
2847 1562 3121 1624 molestia
3151 1562 3442 1624 afﬁcietur
3473 1582 3644 1626 meus

1992 1671 2231 1733 quoque
2251 1651 2696 1732 spiritus.Quod
2729 1662 2925 1715 autem
2949 1651 3374 1725 restat,auditu
3397 1653 3642 1733 quidem

1994 1751 2087 1803 est
2119 1743 2464 1816 molestum,
2497 1745 2604 1804 sed
2655 1751 2852 1816 tamen
2907 1749 3000 1803 est
3029 1760 3259 1818 verum,
3299 1761 3517 1823 nempe
3547 1761 3644 1806 me

1935 1841 1968 1888 B
1994 1831 2234 1911 quidem
2257 1831 2520 1893 futurum
2541 1831 2707 1894 vobis
2738 1832 2812 1893 ad
2846 1830 3392 1906 conturbationem,
3423 1841 3546 1907 aut,
3581 1849 3648 1902 ιιι

255 1925 528 2003 apertius
579 1925 796 1998 dicam,
831 1923 903 1985 ad
955 1923 1515 1997 condemnationem
1551 1945 1563 1987 :
1622 1941 1726 1984 vos
1757 1940 1894 1984 vero
1939 1920 2111 1996 mihi,
2148 1921 2301 2002 proh
2353 1920 2570 1984 dolori
2623 1921 2696 1984 ad
2728 1921 2952 1984 luctum
3003 1929 3063 1983 et
3105 1921 3320 1983 anima)
3375 1921 3642 1985 dolorem

255 2013 632 2076 ineffabilem
666 2022 724 2075 et
756 2013 1287 2076 immedicabilem.

347 2095 444 2162 IZ'.
498 2107 632 2180 Πρὸς
694 2111 854 2160 ταῦτα
903 2106 989 2159 τὸν
1039 2103 1262 2180 βασιλέα
1320 2107 1410 2161 καὶ
1447 2106 1567 2164 τοὺς
1602 2107 1719 2182 περὶ
1753 2105 1908 2159 αὖτὸλ

258 2195 539 2264 ἡσθέντας,
600 2197 688 2250 καὶ
747 2201 822 2266 τῷ
890 2195 1159 2271 μαρτυρία)
1221 2195 1315 2261 τῆς
1377 2192 1756 2262 συνειδήσεως,
1821 2192 1905 2248 ὅτι

261 2285 442 2349 καλῶς
490 2285 617 2363 εἶχε
671 2284 735 2339 τά
778 2283 1063 2362 λεχθέντα,
1119 2291 1502 2362 περιασμένους
1531 2285 1907 2363 ὑπάρχοντας,

264 2374 473 2441 πολλὴν
534 2375 824 2452 ὁμολογεῖν
894 2381 970 2448 τῷ
1034 2382 1148 2448 Θεῷ
1206 2376 1390 2453 χάριν,
1439 2377 1512 2436 ὡς
1580 2375 1684 2430 ὑπὸ
1753 2375 1908 2450 πατρὶ

275 2465 500 2538 τοιούτῳ
557 2467 642 2519 καὶ
701 2463 955 2540 παιδευνῇ
1028 2467 1088 2519 τὸ
1158 2463 1376 2542 λογικὸν
1440 2464 1598 2520 αὐτοῦ
1643 2461 1910 2528 ηὖδόκησε

270 2555 642 2628 ποιμαίνεσθαι
704 2554 973 2628 ποίμνιον,
1036 2555 1158 2610 "Litt
1203 2555 1256 2610 δέ
1301 2556 1395 2610 τοῦ
1439 2555 1588 2630 ἁγίου
1631 2557 1730 2620 τὴν
1789 2549 1907 2619 ἡδί-

267 2667 400 2711 στην
459 2644 785 2720 συνείροντος
819 2641 1071 2724 διδαχὴν,
1107 2646 1194 2700 καὶ
1240 2648 1309 2720 τῇ
1353 2649 1532 2723 χρυσῇ
1561 2642 1780 2718 γλώττῃ
1815 2640 1909 2696 καέ

266 2739 497 2809 μουσικῇ
544 2733 703 2790 καλὸν
747 2755 797 2788 τι
835 2736 924 2788 καὶ
982 2732 1182 2807 ᾢδικὸν
1227 2736 1609 2808 τερετίζοντος,
1645 2733 1737 2788 τοῦ
1783 2738 1915 2787 Θεοῦ

266 2822 498 2894 δοξάζειν
542 2825 634 2878 τὸν
694 2822 852 2880 αὑτοῦ
907 2824 1204 2900 θεράποντα
1260 2822 1610 2899 βουλομένου,
1667 2823 1802 2899 ἀνήρ
1833 2842 1913 2883 τις

266 2912 455 2991 ἁθρόον
515 2913 794 2991 ἀκαθάρτῳ
849 2911 1055 2988 δαίμονι
1134 2914 1376 2992 κάτοχος
1457 2914 1532 2976 εἰς
1590 2911 1753 2986 μέσον
1813 2916 1914 2978 τῆς

265 3001 556 3069 ἐκκλησίας
629 3002 815 3058 ἑαυτὸν
876 3004 1113 3076 εἰσωθεϊ,
1171 3003 1340 3082 ἀφρόν
1396 3024 1454 3058 τε
1511 3013 1603 3060 τοῦ
1645 3004 1912 3076 στόματος

268 3091 564 3170 ἀποῤῥέωτι,
650 3094 737 3148 καὶ
805 3092 906 3160 τήν
976 3091 1246 3170 γλῶτταν,
1331 3095 1405 3154 ὼς
1466 3092 1705 3166 ἄκοσμον
1755 3089 1910 3163 ἰδεῖν,

273 3181 491 3246 καθιείς.
558 3183 774 3237 Πάντων
833 3181 922 3238 οὖν
994 3181 1262 3256 δεομένων
1325 3187 1422 3249 τῆς
1480 3181 1633 3260 ἁγίας
1708 3181 1914 3247 ἐκείνης

270 3273 460 3350 ψυχῆς
532 3270 680 3326 ἴασιν
743 3279 836 3327 τοῦ
891 3269 1204 3350 πάσχοντος
1277 3271 1684 3350 ὒπερεύξασθαι,
1756 3270 1915 3333 αὐτὸς

2073 2099 2252 2163 XVll.
2288 2101 2392 2162 llis
2425 2101 2541 2162 laeti
2574 2101 2924 2182 imperator,
2960 2110 3018 2162 et
3051 2100 3150 2182 qui
3184 2119 3319 2162 cum
3355 2119 3425 2162 eo
3454 2108 3646 2183 erant,

1993 2199 2051 2252 et
2109 2191 2450 2252 testimonio
2510 2191 2898 2254 conscientiae
2951 2191 3294 2271 credentes,
3329 2192 3487 2272 quod
3520 2210 3652 2272 quae

1994 2281 2152 2341 dicta
2211 2281 2468 2358 fuerant,
2528 2289 2692 2342 recta
2745 2299 2810 2342 se
2872 2279 3196 2354 habebant,
3251 2283 3372 2342 Deo
3407 2298 3649 2360 magnas

1994 2371 2246 2448 agebant
2277 2371 2520 2446 gratias,
2577 2371 2738 2451 quod
2790 2389 2825 2432 a
2877 2371 2977 2432 tali
3031 2378 3198 2450 patre
3231 2378 3289 2431 et
3323 2379 3562 2450 pastore
3593 2372 3651 2434 ei

1997 2461 2319 2540 placuisset
2379 2460 2536 2540 passi
2586 2478 2758 2521 suum
2817 2478 3062 2540 gregem
3118 2460 3370 2521 rationis
3402 2460 3648 2541 partici-

1998 2567 2159 2629 pem.
2220 2550 2439 2610 b‘ancto
2497 2558 2697 2610 autem
2758 2549 2953 2610 adhuc
2985 2548 3404 2611 suavissimam
3435 2558 3647 2612 conte-

1998 2647 2176 2700 xente
2209 2638 2566 2713 doctrinam,
2601 2657 2902 2720 aureaque
2931 2657 3000 2700 ac
3050 2639 3276 2702 musica
3305 2638 3508 2717 lingua
3537 2657 3647 2701 ca-

1998 2737 2182 2790 nente
2243 2729 2493 2809 pulchre
2543 2747 2612 2790 ac
2662 2729 2990 2802 modulate,
3031 2731 3152 2791 Deo
3183 2729 3421 2792 volente
3448 2730 3648 2810 ipsum

1995 2817 2355 2897 gloriﬁcare,
2388 2817 2476 2878 vir
2532 2817 2774 2898 quidam
2825 2827 3078 2899 repente
3107 2836 3419 2898 possessus
3450 2836 3484 2880 a
3515 2837 3648 2880 ma-

1997 2907 2158 2987 ligno
2192 2907 2428 2988 spiritu,
2459 2910 2728 2989 seipsum
2775 2907 3027 2970 intrudit
3054 2907 3117 2970 in
3150 2907 3409 2971 mediam
3441 2909 3650 2973 eccle-

1995 2997 2173 3074 siam,
2207 3015 2484 3078 spumam
2535 3015 2641 3059 ore
2699 2997 3005 3074 emittens,
3055 3005 3115 3059 et
3141 2998 3347 3076 lingua
3371 2999 3547 3075 adeo,
3588 3009 3652 3062 ut

1997 3086 2126 3149 visu
2155 3096 2315 3149 esset
2343 3093 2586 3162 tetrum,
2635 3087 2984 3152 demittens.
3037 3085 3333 3150 Omnibus
3367 3107 3511 3169 ergo
3543 3108 3648 3152 ro-

2000 3177 2280 3254 gantibus
2310 3184 2580 3239 sanctam
2614 3175 2776 3239 illam
2804 3175 3090 3251 animam,
3145 3185 3212 3238 ut
3255 3177 3655 3242 misereretur
3741 3169 3747 3174 ’

2000 3266 2379 3343 calamitatis,
2417 3275 2476 3328 et
2507 3276 2570 3328 ut
2627 3275 2826 3329 oraret
2874 3285 2982 3348 pro
3012 3267 3324 3330 curatione
3354 3268 3512 3348 ejus,
3548 3271 3652 3350 qui

271 3359 540 3437 ἐγγυτέρῳ
597 3360 838 3438 γενέσθαι
895 3362 1083 3417 τοῦτον
1150 3363 1336 3436 εἰπὼν,
1401 3360 1786 3440 φιλανθρώπως
1859 3379 1914 3416 τε

2004 3355 2360 3453 patiebatur,
2389 3357 2522 3434 ipse
2550 3375 2684 3453 cum
2723 3357 3018 3453 jussisset
3052 3357 3303 3453 prapius
3332 3357 3652 3431 accedere.

271 3449 529 3530 προσχὼν
573 3451 601 3504 ὃ
657 3449 1052 3529 φιλάνθρωπος,
1115 3451 1202 3506 καὶ
1266 3456 1333 3526 τῇ
1413 3452 1557 3529 χειρὶ
1621 3449 1914 3528 σφραγίσας

2004 3453 2060 3508 et
2111 3445 2370 3526 benigne
2427 3446 2918 3528 apprOpinquans
2969 3445 3056 3508 vir
3103 3445 3430 3527 benignus,
3468 3466 3652 3511 manu

269 3541 330 3594 τὸ
363 3538 532 3614 ὄνομά
561 3560 617 3594 τε
650 3543 746 3604 τῆς
788 3538 940 3616 ἁγίας
986 3538 1222 3595 ἐπειπὼν
1267 3537 1514 3616 Τριάδος,
1568 3538 1646 3612 τῷ
1695 3544 1917 3614 πονηρῷ

268 3627 476 3692 δαίμονι
536 3626 770 3692 ἐξελθεῖν
828 3627 1166 3705 ἑγκελεῦεται
1202 3644 1216 3659 ⁶
1265 3629 1354 3685 καὶ
1395 3629 1544 3691 εῦθζς
1607 3627 1915 3700 συνεπόμε-

271 3740 362 3774 νον
403 3719 470 3784 ἦν
521 3714 656 3773 ἰδεῖν
713 3723 791 3790 τῷ
833 3715 979 3794 λόγῳ
1022 3720 1083 3774 τὸ
1126 3718 1305 3796 ἔργον,
1381 3718 1472 3772 καί
1518 3719 1608 3774 τὸν
1641 3716 1914 3791 ἄνθρωπον

269 3807 324 3864 ἐν
386 3807 579 3886 ἂκαρετ
635 3807 834 3886 χρόνου
878 3813 976 3873 τῆς
1043 3807 1340 3874 ἀνηκέστου
1398 3807 1597 3873 ταύτης
1665 3805 1918 3862 ἀπαλλα-

271 3896 434 3974 γέντα
463 3896 783 3959 κακώσεως.
834 3901 969 3953 Εἶτα
1026 3895 1386 3966 διαναστήσας
1428 3896 1586 3952 αὐτὸν
1630 3897 1658 3952 ὃ
1725 3896 1915 3972 μέγας,

269 3985 560 4066 σχολάζειν
621 4007 680 4040 τε
725 3989 794 4063 τῇ
855 3986 1117 4060 ἐκκλησίᾳ
1162 3987 1390 4063 παρῄνει
1444 3988 1530 4042 καὶ
1560 3993 1629 4063 τῇ
1660 3987 1772 4058 θείᾳ
1815 3991 1920 4042 τῶν

271 4077 620 4153 ἁγιασμὰτων
671 4076 944 4151 κοινωνίᾳ,
1007 4079 1278 4143 νηστείαις
1338 4097 1394 4130 τε
1465 4076 1759 4154 προσέχειν
1831 4077 1920 4132 καὶ

274 4178 636 4244 προσευχαῖς.
677 4167 774 4223 Καὶ
807 4165 968 4236 οὕτω,
1007 4168 1160 4245 φησὶ,
1197 4166 1365 4222 ποιῶν
1401 4165 1578 4222 οὐκέτι
1623 4171 1700 4238 τῷ
1745 4164 1922 4243 ἐχθρῷ

275 4255 481 4321 ληπτὺς
541 4254 660 4332 ἔσῃ,
743 4254 860 4310 οῦδὲ
933 4269 1054 4320 ταῖς
1143 4255 1302 4311 αὔτοῦ
1356 4256 1556 4331 πάγαις
1618 4254 1917 4330 ἁλώσιμος.

279 4342 553 4402 Ἐντεῦθεν
612 4343 840 4423 ἄρχεται
897 4345 993 4412 τῆς
1051 4346 1189 4400 κατὰ
1243 4346 1431 4424 ψυχὴν
1477 4345 1707 4423 ἱατρὲίὰς
1769 4347 1796 4400 ὁ
1855 4350 1922 4419 τῇ

279 4433 451 4514 τέχνη
494 4435 663 4510 ταύτῃ
724 4436 847 4498 τοῦς
904 4434 1098 4498 ἄλλους
1145 4433 1332 4508 πολλῷ
1360 4442 1438 4508 τῷ
1481 4434 1632 4510 μέσῳ
1663 4455 1921 4512 παρενεγ-

280 4524 412 4584 κών.
461 4526 560 4582 Τὸν
592 4521 646 4579 δέ
678 4521 840 4601 λόγον
871 4530 1065 4602 κιρ-δῶν
1097 4522 1272 4598 μέϐιτι
1323 4525 1416 4580 καῖ
1450 4537 1568 4590 τοῖς
1600 4525 1922 4600 ἠπιωτέροις

281 4614 603 4691 φαρμάκοις,
692 4615 764 4676 ὼς
825 4612 928 4681 ἤδη
999 4615 1292 4694 φθάσαντες
1345 4614 1572 4694 ἔφημεν,
1637 4612 1800 4670 εἵπου
1872 4635 1920 4668 τι

2002 3552 2138 3596 eum
2170 3534 2570 3615 obsignasset,
2604 3543 2664 3597 et
2710 3535 2920 3598 eﬂ‘atus
2948 3544 3109 3598 esset
3138 3553 3361 3600 nomen
3416 3547 3650 3600 sanctae

2001 3621 2331 3699 Trinitatis,
2397 3625 2727 3704 malignum
2795 3625 3129 3687 daemonem
3183 3625 3358 3705 jubet
3418 3627 3651 3706 egredi.

2003 3712 2282 3775 Protinus
2336 3723 2533 3776 autem
2595 3714 2764 3776 licuit
2821 3713 3025 3776 videre
3082 3714 3304 3776 factum
3362 3716 3655 3797 consequi

2003 3802 2360 3878 orationem,
2397 3815 2457 3866 et
2484 3803 2791 3866 hominem
2825 3810 3127 3865 momento
3153 3808 3446 3883 temporis
3472 3803 3656 3866 fuisse

2003 3892 2323 3955 liberatum
2382 3912 2417 3954 a
2472 3900 2589 3955 tam
2647 3893 2810 3973 gravi
2865 3892 3218 3957 aiilictiono.
3252 3892 3486 3955 Deinde
3515 3911 3652 3955 cum

2006 4002 2256 4061 magnus
2286 4001 2424 4045 eum
2484 3983 2725 4046 fecisset
2780 4001 3052 4063 surgere,
3109 3984 3425 4043 admonuit
3461 3991 3525 4043 ut
3551 4000 3656 4044 va-

2005 4082 2169 4136 caret
2199 4073 2498 4148 ecclesias,
2562 4079 2621 4134 et
2668 4073 3176 4134 sanctiﬁcatorum
3227 4071 3454 4132 divinae
3482 4090 3655 4133 com-

2007 4163 2299 4238 munioni,
2339 4171 2396 4224 et
2453 4179 2698 4241 operam
2754 4161 2924 4222 daret
2970 4159 3233 4241 jejuniis
3265 4169 3326 4223 et
3359 4161 3658 4224 orationi-

2006 4253 2138 4314 bus.
2176 4252 2238 4315 Si
2269 4253 2453 4325 enim,
2492 4251 2706 4332 inquit,
2759 4252 2847 4313 sic
2877 4251 3117 4326 feceris,
3157 4269 3276 4312 non
3308 4259 3367 4312 te
3398 4250 3658 4332 amplius

2007 4360 2225 4423 capere
2285 4343 2500 4422 poterit
2557 4342 2866 4414 inimicus,
2924 4359 3121 4421 neque
3172 4341 3308 4420 ejus
3361 4341 3660 4404 irretieris

2008 4433 2262 4514 laqueis.
2299 4431 2450 4494 Hinc
2484 4432 2698 4492 anima;
2727 4431 2942 4510 incipit
2973 4430 3378 4507 curationem,
3417 4431 3516 4511 qui
3547 4431 3660 4494 hac

2007 4531 2136 4585 arte
2163 4523 2315 4583 alios
2345 4522 2524 4600 longe
2572 4521 2992 4582 antecellebat.
3049 4519 3228 4583 Melle
3277 4529 3476 4582 autem
3509 4521 3660 4582 mis-

2008 4631 2153 4674 cens
2187 4615 2545 4686 orationem,
2581 4617 2642 4672 et
2672 4609 3015 4672 mitioribus
3070 4609 3559 4687 medicamentis,
3593 4617 3662 4671 ut

283 4703 370 4757 καὶ
427 4710 518 4759 τοῦ
588 4710 777 4780 πικροῦ
850 4705 938 4760 καὶ
994 4704 1282 4783 στύφοντος
1367 4705 1505 4761 κατὰ
1574 4705 1764 4783 χρείαν
1832 4713 1914 4762 τοῦ

2004 4703 2126 4782 jam
2176 4711 2313 4763 ante
2344 4699 2629 4773 diximus,
2683 4701 2735 4760 si
2787 4699 2933 4777 quid
2991 4698 3314 4780 aliquando
3347 4699 3665 4781 injecisset

215 4795 217 4797 ’
288 4769 705 4868 ἀρῤωστήματος
766 4791 1010 4872 ἐμϐάλοι,
1087 4769 1306 4850 ίνταῦθα
1367 4801 1465 4861 τῆς
1518 4769 1721 4873 τέχνης
1783 4793 1914 4866 αὐτῷ

2004 4769 2196 4854 amari
2231 4801 2288 4852 et
2320 4769 2662 4870 pungentis,
2721 4769 2880 4870 quod
2938 4769 3132 4850 morbi
3162 4807 3308 4850 usus
3341 4769 3430 4852 ita
3453 4797 3664 4871 postu-

286 4881 344 4936 τὸ
391 4883 568 4960 περιὸν
617 4884 705 4938 καὶ
760 4883 1100 4962 σοφώτατον,
1133 4884 1214 4940 ὅτι
1249 4886 1331 4940 καὶ
1366 4883 1571 4944 δάκνων
1603 4883 1742 4940 οὕτω
1789 4883 1914 4941 πολ·

2012 4882 2182 4956 laret,
2247 4890 2386 4941 tunc
2440 4878 2796 4941 ostendebat
2847 4888 3136 4960 quantum
3199 4888 3363 4941 esset
3389 4881 3533 4943 artis
3563 4897 3665 4960 pe-

291 4971 440 5038 Ᾱάκις
496 4974 586 5029 καὶ
644 4975 818 5042 τομὴν
870 4973 1112 5049 ίμποιῶν
1170 4975 1198 5029 ὁ
1231 4973 1392 5052 λόγος
1442 4976 1531 5030 καὶ
1581 4971 1914 5031 διακαίωντᾶ

2011 4971 2184 5034 ritus.
2216 4967 2362 5031 Nam
2394 4969 2484 5030 sic
2513 4986 2673 5050 saepe
2710 4971 2997 5030 mordens
3030 4979 3093 5031 et
3124 4967 3399 5031 incidens
3446 4970 3659 5042 oratio,

287 5063 362 5137 μὴ
399 5062 718 5138 φαινόμενα,
775 5067 880 5142 οὺχ
955 5062 1102 5125 ὅπως
1181 5061 1420 5141 λυπηρὸς
1476 5063 1536 5120 οὔ
1591 5065 1791 5141 γίνεται
1855 5065 1914 5138 τιῖ

2013 5071 2072 5122 et
2105 5078 2288 5123 urens
2318 5077 2412 5134 ea,
2467 5076 2600 5137 quas
2631 5075 2752 5119 non
2785 5065 3097 5138 apparent,
3155 5077 3272 5119 non
3325 5055 3507 5118 modo
3537 5075 3662 5118 non

287 5150 549 5212 νοσοῦντιξ
615 5153 702 5208 καὶ
759 5150 1213 5230 δυσπαράδεκτος,
1275 5150 1412 5208 ἀλλὰ
1482 5155 1570 5209 καὶ
1632 5151 1757 5221 ἡδύς
1817 5154 1914 5209 ἐστι

2016 5151 2081 5212 tit
2112 5149 2362 5212 molesta
2392 5147 2468 5223 ei,
2519 5146 2622 5228 qui
2652 5154 2921 5227 aegrotat,
2956 5146 3065 5208 sed
3099 5147 3283 5208 etiam
3314 5145 3519 5208 auditu
3551 5165 3664 5228 po-

289 5239 497 5316 μᾶλλον
558 5243 779 5298 ἁκοῦσαι
838 5242 935 5299 καί
1011 5240 1297 5322 μελιχρὸς,
1357 5243 1442 5300 γαί
1498 5242 1751 5320 θέλκτρον
1807 5256 1914 5300 tati

2017 5240 2135 5302 tius
2151 5237 2424 5320 jucunda
2451 5246 2512 5300 et
2541 5241 2764 5312 suavis,
2795 5252 3094 5316 auresque
3127 5234 3428 5297 deliniens
3457 5247 3518 5298 et
3549 5239 3665 5298 de-

287 5331 480 5412 hoa'tc
515 5330 759 5412 ἄμαχον.

2019 5330 2315 5391 mulcens.

369 5410 480 5480 ω’.
542 5410 758 5498 [Ιρὲῦτον
799 5425 1000 5502 τοίνυν,
1061 5424 1199 5481 κατᾶ
1257 5431 1359 5478 τῶν
1412 5421 1675 5499 προφάσει
1735 5445 1933 5501 συγγεο

289 5509 426 5574 νείας
489 5511 582 5575 τὰς
639 5512 1017 5578 συνεισάκτους
1092 5510 1553 5590 παρεισαγόντων,
1615 5511 1713 5578 τὴν
1774 5512 1936 5581 εῦθη-

2098 5417 2584 5481 XVlll.Primum
2612 5435 2756 5497 ergo
2787 5416 3075 5478 adversus
3106 5414 3355 5495 eos,qui
3379 5421 3670 5496 praetextu

2021 5507 2388 5589 cognationis
2439 5507 2727 5568 mulieres
2786 5502 3274 5582 introducebant,
3335 5512 3574 5568 acutam
3608 5511 3672 5574 et

372 5696 431 5748 1³
457 5694 614 5764 Psal.
645 5715 846 5779 XLVIII,
879 5699 942 5768 6.
