4098 6202
438 315 582 384 1091
1715 311 1994 384 MENSIS

2111 315 2499 386 LNUARIUS.
3648 307 3802 383 1092

432 453 722 515 musicam
778 459 971 515 movet
1016 449 1302 526 linguam,
1337 458 1394 512 et
1449 449 1712 513 ostendit
1759 469 1863 514 eos
1894 451 2027 532 long

2111 455 2276 513 ικτόν
2308 477 2365 512 τε
2395 457 2482 512 καὶ
2525 454 2788 531 μουσικήν
2821 454 3067 532 γλῶτταν
3097 466 3260 529 κινεῖ,
3290 453 3378 508 καὶ
3406 449 3665 508 δείκνυσιν
3696 473 3801 506 αυ-

430 542 666 624 gravius
710 560 984 622 peccare,
1023 558 1200 620 quam
1235 557 1361 614 eos,
1401 540 1501 620 qui
1533 549 1740 620 aperte
1787 560 2027 604 exercet

2150 546 2269 607 τοὺς
2307 545 2493 620 πολλῷ
2524 544 2910 625 χαλεπώτερον
2960 544 3412 621 πλημμελοῦντας
3462 546 3569 598 τῶν
3612 541 3798 603 αὖτοῖς

429 652 564 714 quae
581 641 714 694 sunt
737 631 1047 710 ﬂagitiosa:
1075 628 1555 710 quandoquidem
1579 629 1665 691 illi
1689 631 1928 710 quidem
1954 632 2066 692 soli

428 733 487 786 et
517 740 624 803 per
651 740 716 783 se
749 727 885 781 sunt
917 718 1301 798 impudici,et
1322 739 1488 782 suam
1521 729 1914 802 corrumpunt
1943 724 2064 786 ani-

429 830 581 874 mam
617 830 631 871 :
664 810 726 870 hi
756 807 1088 889 autem,qui
1111 807 1168 868 in
1195 809 1355 870 clero
1378 819 1908 884 versantur,totum
1936 829 2062 873 cor-

424 923 533 983 pus
565 909 957 981 corrumpunt
1013 898 1320 972 Ecclesiae,
1375 900 1782 976 verberantes,
1824 912 1883 965 ut
1917 903 2062 964 dicit

421 991 641 1056 Paulus
664 991 742 1064 η,
780 1007 986 1051 eorum
1020 988 1476 1063 conscientiam,
1513 999 1570 1052 et
1621 1009 1685 1052 se
1720 990 2060 1070 praebentes

417 1099 732 1144 commune
789 1080 1223 1142 monimentum
1274 1080 1784 1160 intemperantia.
1821 1081 1934 1145 Sed
1969 1084 2057 1144 vel

415 1169 643 1252 absque
673 1170 790 1242 his,
823 1179 1106 1250 quantum
1168 1169 1254 1231 illi
1278 1167 1564 1231 damnum
1599 1171 1848 1232 aﬂerant
1870 1172 2058 1232 coha-

417 1261 702 1323 bitatione
736 1261 945 1320 harum
1002 1279 1132 1340 qua
1184 1259 1662 1332 introducuntur,
1707 1261 2055 1336 mulierum,

413 1360 582 1414 recte
605 1350 777 1424 sciet,
807 1350 904 1428 qui
934 1367 1061 1410 eam
1087 1354 1420 1410 orationem
1457 1350 1672 1428 legerit
1703 1362 1764 1411 ut
1796 1360 2052 1430 oportet.

411 1440 642 1504 Deinde
664 1438 949 1501 adversus
974 1439 1254 1518 injustam
1285 1439 1452 1519 plura
1480 1439 1742 1501 habendi
1769 1441 2055 1520 cupidita-

409 1542 552 1604 tem,
589 1538 647 1596 et
668 1548 770 1591 eos
789 1530 887 1610 qui
914 1547 1152 1608 gravem
1183 1548 1422 1592 manum
1451 1529 1785 1590 immittunt
1809 1531 2049 1606 alienis,

2149 632 2322 712 ’ἐργοις
2369 636 2661 708 μετιόντων
2720 635 2786 691 τὰ
2831 632 3004 714 φαῦλα
3040 651 3052 664 ⁸
3111 632 3236 691 ὅσον
3268 633 3466 689 ἐκεῖνοι
3497 630 3596 705 μὲν
3640 630 3797 704 μόνοι

2147 726 2234 780 καὶ
2277 724 2393 780 καθ’
2439 725 2658 789 ἑαυτοὺς
2704 724 3072 802 ἀσελγαίνουσι
3116 722 3211 779 καῖ
3255 721 3440 800 ψυχὴν
3504 718 3794 795 λυμαίνον-

2147 837 2232 870 ται
2278 815 2377 880 τὴν
2419 813 2574 885 ἰδίαν,
2623 815 2671 870 οἱ
2713 813 2768 869 δὲ
2814 812 3009 888 μεταξὺ
3058 819 3151 870 τοῦ
3197 810 3400 888 κλήρου
3443 809 3536 870 τὰς
3581 804 3794 885 διατρι-

2145 902 2240 967 ϐας
2287 903 2532 982 ἔχοντες,
2570 900 2692 958 ὅλον
2723 903 3092 982 ὕποφθείρουσι
3141 901 3202 956 τὸ
3232 903 3390 974 σῶμα
3421 903 3516 964 τῆς
3549 895 3795 962 Ἐκκλη-

2143 995 2282 1068 σίας,
2328 994 2614 1056 τύπτοντες
2689 991 2859 1048 αὒτῶν
2931 991 3032 1058 τὴν
3104 986 3426 1058 συνείδησιν,
3507 987 3648 1042 κατά
3697 987 3794 1041 τὸν

2142 1087 2289 1139 θεῖον
2321 1083 2495 1138 εἰπεῖν
2525 1080 2882 1155 Ἀπόστολον,
2929 1082 3019 1136 καὶ
3076 1079 3254 1135 κοινὸν
3315 1076 3460 1138 ὄντες
3495 1075 3792 1138 ἀκολασίας

2144 1173 2459 1247 ὑπόμνημα.
2520 1169 2690 1227 Ἀλλά
2762 1172 2850 1226 καὶ
2902 1171 3070 1250 χωρὶς
3159 1168 3384 1238 τούτων,
3447 1166 3578 1224 ὅσην
3640 1164 3792 1220 αὐτοὶ

2142 1257 2544 1340 προστρίϐονται
2602 1258 2834 1338 βλάϐην,
2912 1258 2970 1315 ἐκ
3038 1257 3186 1314 τοῦδε
3250 1264 3344 1312 τοῦ
3409 1262 3513 1310 τῶν
3568 1275 3787 1309 συνεισ-

2140 1349 2315 1408 οίκτων
2370 1355 2735 1422 συνοικισμοῦ,
2775 1351 2801 1404 ὁ
2834 1349 2923 1404 τὸν
2956 1347 3116 1424 λόγον
3150 1346 3361 1402 ἐκεῖνον
3394 1344 3592 1418 μετιὼν
3621 1345 3784 1420 ἀκρι-

2137 1438 2244 1501 ϐῶς
2308 1437 2533 1494 εἵσεται.
2604 1443 2738 1494 Εἶτα
2794 1439 2930 1493 κατὰ
2985 1442 3083 1503 τῆς
3144 1432 3472 1507 πλεονεξίας,
3528 1431 3624 1489 καί
3673 1431 3783 1487 τῶν

2138 1543 2306 1609 χεῖρα
2366 1529 2588 1604 βαρεῖαν
2649 1542 2766 1592 τοῖς
2827 1526 3131 1604 ἀλλοτρίοις
3218 1521 3641 1601 ἐπιϐαλλόντων,
3691 1523 3781 1578 καὶ

411 1631 466 1682 et
500 1620 814 1682 eﬂ‘undunt
844 1618 904 1679 in
939 1618 1190 1700 dolia,ut
1226 1619 1469 1697 dicitur,
1496 1618 2027 1700 inexplebilia,gra‘

2137 1621 2208 1684 εἰς
2251 1619 2373 1679 τοὺς
2413 1617 2719 1687 ἀπλήστους
2784 1617 2835 1696 (ὃ
2877 1615 2941 1683 δὴ
2987 1614 3230 1694 λέγεται)
3275 1614 3453 1676 πίθους
3511 1611 3777 1667 ἀντλοῦν-

409 1711 536 1774 vius
563 1708 864 1771 invehitur
898 1727 910 1768 :
951 1709 1126 1788 plane
1154 1708 1444 1787 majorem
1485 1726 1686 1769 curam
1716 1699 1933 1786 gerezis
1957 1729 2026 1771 eo

2134 1731 2262 1779 των,
2351 1705 2749 1784 ἐμϐριθέστερον
2836 1707 3175 1784 ἀγωνίζεται,
3254 1711 3361 1760 τῶν
3451 1699 3775 1757 ἀδικούντων

403 1819 537 1864 rum
570 1799 672 1878 qui
715 1797 942 1859 faciunt
984 1797 1285 1876 iujuriam,
1321 1815 1494 1877 quam
1551 1816 1756 1858 eorum
1806 1799 1907 1878 qui
1940 1818 2027 1880 pa-

2135 1797 2340 1873 μᾶλλον
2397 1796 2713 1875 κηδόμενος,
2749 1797 2782 1864 ἢ
2809 1803 2913 1852 τῶν
2945 1794 3308 1870 ἀδικουμένων
3343 1813 3357 1828 ι
3393 1791 3518 1848 ὅσον
3550 1791 3774 1856 ἐκείνοις

408 1889 635 1951 tiuntur
672 1907 685 1950 :
719 1886 1204 1968 quandoquidem
1230 1886 1349 1946 illis
1380 1886 1621 1967 quidem
1647 1878 2027 1950 damnum‘at-

2132 1889 2230 1963 μὲν
2274 1889 2391 1966 περὶ
2420 1886 2475 1943 ἓν
2521 1910 2570 1944 τι
2629 1895 2735 1944 τῶν
2765 1887 3132 1967 φθειρομένων
3186 1887 3222 1954 ἡ
3247 1881 3450 1960 βλάϐη,
3487 1882 3671 1942 αὐτοῖς
3713 1878 3772 1936 δὲ

406 1979 596 2040 fertur
615 1978 676 2038 in
699 1977 899 2056 aliquo
925 1993 1130 2037 eorum
1155 1994 1287 2052 quae
1307 1975 1628 2037 intereunt:
1652 1975 1802 2054 ipsis
1818 1985 2017 2040 autem

2129 1991 2250 2041 τοῖς
2307 1977 2407 2045 τήν
2466 1975 2671 2032 ἀδικίαν
2717 1976 3096 2054 ἐργαζομένοις
3128 1975 3245 2051 περὶ
3273 1971 3460 2051 ψυχὴν
3503 1971 3601 2037 τὴν
3632 1969 3769 2027 ἀθά-

405 2073 502 2142 qui
529 2066 1127 2139 faciuntiujuriam.in
1159 2070 1347 2126 anima
1377 2083 1504 2139 quae
1529 2079 1610 2126 est
1631 2070 1922 2139 punienda
1947 2071 2024 2128 im

2128 2090 2260 2124 νατα
2333 2065 2832 2140 κολασθησομένην,
2911 2063 3135 2145 Ἐιρεξῆς
3215 2065 3305 2119 τὸν
3366 2068 3472 2118 τῶν
3545 2058 3768 2116 ἀσώτων

404 2152 1032 2236 mortaliter.Deiuceps
1057 2151 1228 2209 vitam
1254 2152 1623 2223 reprehendit
1647 2153 2017 2225 prodigorum

2127 2153 2397 2216 διαϐάλλει
2441 2157 2579 2236 βίον,
2625 2157 2747 2219 τοὺς
2793 2155 2918 2235 περί
2979 2155 3074 2219 τὰς
3118 2154 3378 2232 τραπέζας
3431 2151 3595 2230 φημὶ,
3640 2150 3766 2236 τοὺς

402 2240 503 2320 qui
536 2238 596 2301 in
660 2235 905 2317 mensis,
964 2237 1022 2298 in
1079 2237 1374 2318 aediﬁciis,
1440 2237 1500 2298 in
1553 2236 1652 2299 tali
1687 2237 1861 2320 fastu,
1897 2241 2027 2302 etin

2122 2247 2250 2326 περί
2305 2248 2396 2308 τὰς
2458 2243 2771 2320 οἰκοδομὰς,
2833 2245 2954 2310 τοὺς
3007 2244 3125 2322 περὶ
3175 2241 3275 2309 τήν
3308 2242 3562 2306 τοιαύτην
3616 2235 3767 2315 ὕϐριν

406 2327 622 2392 talibus
676 2325 911 2389 deliciis
963 2325 1318 2409 gloriantur,
1377 2337 1437 2391 et
1494 2336 1560 2389 ut
1588 2328 1761 2408 vulgo
1793 2328 2027 2413 dicitur,

2122 2338 2209 2392 καὶ
2267 2334 2533 2412 μαλακίαν
2575 2332 3170 2414 ἒγκαλλωπιζομένους,
3231 2331 3320 2388 καὶ
3374 2331 3435 2385 τὸ
3479 2325 3762 2406 ᾀδόμενον,

394 2419 630 2500 seipsos
654 2415 832 2478 melle
857 2415 1376 2497 aspergunt.Nunc
1400 2425 1639 2479 accusat
1661 2419 2027 2499 superbiam,

2120 2425 2302 2500 μέλιτι
2387 2424 2826 2487 καταπάττοντας
2916 2423 3160 2485 ἑαυτούς.
3259 2426 3363 2478 Νῦν
3451 2414 3767 2488 ἀλαζονείάς

395 2526 555 2572 nunc
584 2524 792 2569 vanam
825 2505 1076 2585 gloriam
1108 2506 1456 2570 insectatur:
1487 2527 1646 2570 nunc
1670 2509 1916 2588 erpellit
1939 2529 2027 2572 ca-

2119 2528 2441 2595 κατηγορεῖ,
2503 2523 2590 2574 νῦν
2652 2519 2749 2581 τῆς
2812 2517 2972 2580 κενῆς
3030 2509 3358 2588 κατατρέχει
3405 2504 3586 2595 δόξης,
3637 2503 3760 2595 ἄρτι

387 2597 704 2677 lumuiam,
743 2607 1024 2675 tanquam
1058 2595 1300 2676 dignam
1325 2615 1456 2679 qua;
1477 2597 1872 2676 vituperetur.
1911 2602 2027 2663 Va-

2117 2603 2369 2674 διαϐολην
2427 2593 2507 2668 Ῠὼς
2567 2601 2821 2672 διαϐολῆς
2881 2601 3024 2668 ἀξίαν
3085 2598 3372 2670 ἀποσοϐεῖ,
3439 2593 3764 2674 ἀργολογίαν

391 2685 720 2769 niloquium
744 2702 954 2746 rursus
977 2683 1132 2746 tollit
1153 2685 1228 2748 de
1250 2686 1448 2749 medio
1479 2704 1584 2768 pro
1612 2685 1855 2750 viribus.
1886 2687 2027 2750 Per-

2115 2695 2188 2759 εἶς
2230 2691 2448 2769 δύναμιν
2512 2694 2756 2773 ἀναιρεῖ,
2814 2691 3090 2769 ἐπιορκίαν
3139 2687 3306 2751 οὕτως
3364 2687 3628 2764 ἀπείργει,
3684 2685 3763 2748 ὡς

384 2777 608 2856 jurium
631 2774 780 2836 adeo
805 2772 1180 2854 prohibet,ut
1203 2794 1321 2836 non
1347 2777 1540 2838 solum
1563 2777 2027 2853 jurare,etiamsi

2114 2781 2251 2859 μηδὲ
2294 2785 2356 2842 τὸ
2401 2781 2586 2848 ἁπλῶς
2631 2772 2854 2856 ὀμνῦναι
2904 2783 2992 2839 καὶ
3036 2777 3343 2860 φιλαλήθως
3373 2775 3762 2850 ἀνεπιτίμητον

388 2884 554 2940 vere,
588 2864 886 2926 dimiserit
913 2862 1138 2943 absque
1177 2865 1678 2946 reprehensione,
1715 2866 1818 2929 sed
1851 2866 2027 2930 etiam

2114 2873 2315 2951 παρεᾷν
2353 2893 2365 2906 '
2405 2871 2554 2934 ,ἀλλά
2599 2871 2829 2937 πολλοὺς
2875 2871 2992 2928 κατ’
3038 2869 3197 2928 αὐτοῦ
3245 2867 3333 2924 καὶ
3390 2863 3584 2929 καλοὺς
3637 2860 3762 2919 διαὲ

385 2955 674 3018 adversus
698 2952 757 3014 id
784 2953 998 3014 multas
1022 2970 1246 3030 easque
1269 2955 1585 3034 praeclaras
1607 2955 1879 3016 habuerit
1899 2974 2027 3018 ora-

2112 2961 2406 3032 κελαδῆσαι
2433 2961 2624 3041 λόγους
2670 2961 2726 3019 ἒν
2759 2961 2897 3038 μίξει
2929 2967 3020 3018 τοῦ
3066 2957 3293 3026 ἀληθοῦς
3345 2977 3403 3012 τε
3449 2956 3533 3011 καὶ
3590 2957 3760 3009 πιθα-

385 3045 601 3124 tiones,
635 3042 714 3104 ita
747 3042 1103 3112 elaboratas,
1168 3051 1232 3104 ut
1291 3045 1481 3106 mistzu
1542 3053 1746 3106 essent
1796 3063 1941 3108 vero
1971 3057 2027 3110 et

2112 3059 2203 3110 νοῦ
2257 3052 2863 3130 μεμουσουργημένους,
2924 3048 3020 3106 καί
3084 3048 3254 3114 οὕτως
3324 3043 3536 3101 ἀνελεῖν
3581 3065 3757 3099 σπου-

389 3131 685 3216 probabili
723 3149 736 3194 :
791 3131 963 3228 etita
995 3131 1290 3228 studuerit
1321 3132 1378 3194 id
1413 3133 1488 3195 de
1533 3134 1732 3196 medio
1762 3135 2022 3228 auferre,

2111 3139 2290 3221 δάσαι,
2326 3143 2399 3206 ὡς
2450 3129 2680 3221 φανερὰν
2729 3141 2802 3202 είς
2851 3141 2980 3196 Θεὸν
3024 3136 3194 3218 ὕϐριν,
3231 3137 3318 3196 καὶ
3376 3141 3470 3192 τοῦ
3527 3129 3756 3213 φοϐεροῦ

383 3235 661 3304 tanquam
695 3220 1089 3310 manifestam
1143 3221 1204 3283 in
1253 3221 1444 3283 Deum
1479 3223 1931 3305 contumeliam,
1967 3233 2027 3289 et

2111 3236 2268 3287 πᾶσιν
2297 3232 2560 3306 ὀνόματος
2590 3232 2678 3288 καὶ
2707 3235 2929 3310 φρικτοῦ
2963 3229 3233 3288 κοίνωσιν.

380 3311 660 3376 omnibus
689 3308 1018 3372 inetl‘abilis
1059 3321 1120 3373 et
1178 3312 1510 3375 venerandi
1564 3312 1826 3377 nominis
1859 3315 2026 3379 coin-

382 3401 820 3486 quinatiouem.

461 3489 618 3554 XIX.
651 3489 961 3562 Quomodo
1013 3489 1175 3552 enim
1210 3492 1741 3572 praestantissimus
1790 3501 1848 3556 et
1879 3494 2024 3556 dili-

2188 3485 2294 3558 19⁸.
2372 3502 2467 3563 Ὣς
2523 3499 2624 3577 γὰρ
2694 3497 2908 3576 ἄριστός
2979 3519 3062 3561 τις
3149 3496 3236 3552 καί
3307 3490 3751 3575 φιλοπονώτατος

379 3580 762 3662 gentissimus
786 3578 1082 3660 quispiam
1117 3579 1400 3659 agricola,
1427 3582 1526 3663 qui
1559 3582 1678 3644 vult
1709 3583 1782 3645 de
1812 3585 2025 3648 virtute

2111 3589 2345 3668 γεωργός
2390 3589 2512 3650 τοὺς
2570 3588 2691 3665 περὶ
2747 3588 2942 3664 ἀρετης
3003 3585 3324 3663 βουλόμενος
3383 3593 3748 3658 κατασπεῖραι

376 3669 681 3734 seminare
713 3670 1038 3752 orationes,
1065 3670 1267 3732 statuit
1293 3672 1454 3751 prius
1486 3680 1765 3752 oportere
1787 3674 2021 3736 exscin-

376 3761 524 3824 dere
581 3759 818 3822 radices
876 3759 997 3821 vitii
1057 3769 1116 3822 et
1175 3761 1408 3824 semina
1464 3762 1728 3842 maligni,
1784 3772 1842 3825 et
1872 3764 2019 3826 nihil

375 3850 676 3913 dimittere
709 3868 1080 3931 eorum,quae
1113 3859 1358 3932 possent
1388 3851 1634 3912 omnino
1665 3851 1887 3915 laedere
1919 3861 2022 3914 aut

372 3939 946 4004 offendereDeinde
972 3959 1104 4002 cum
1141 3949 1300 4003 terra
1327 3942 1410 4004 sic
1435 3941 1619 4006 fuerit
1647 3943 2019 4022 complanata

371 4039 431 4092 et
487 4029 914 4103 mansuefacta,
975 4031 1130 4110 quod
1175 4030 1420 4107 quidem
1474 4038 1564 4092 est
1619 4031 2014 4094 humanarum

368 4118 730 4192 animarum,
766 4118 999 4179 virtutis
1049 4127 1107 4179 et
1161 4118 1560 4200 philosophia
1589 4120 1894 4200 deponere
1922 4141 2017 4184 se-

371 4207 702 4270 mina.Post
730 4208 854 4269 haec
879 4206 954 4268 de
977 4207 1357 4289 eleemosyna
1379 4209 1704 4290 orationes,
1733 4218 2010 4291 tanquam

366 4295 593 4360 imbres
622 4298 850 4377 aliquos
871 4306 1246 4376 opportunos
1270 4297 1522 4360 ell‘undit
1554 4299 1612 4360 in
1639 4299 1872 4362 animas
1896 4301 2010 4362 bo-

369 4386 622 4463 miuum,
684 4394 742 4448 et
801 4404 990 4467 usque
1045 4386 1196 4449 adeo
1243 4387 1383 4450 colit
1430 4387 1888 4470 benignitatem,
1948 4399 2011 4452 ut

365 4476 688 4538 multorum
711 4475 950 4557 quidem
972 4475 1278 4539 dexteram
1311 4487 1646 4559 promptam
1673 4479 2010 4542 reddiderit

2103 3676 2320 3756 λόγους,
2388 3677 2527 3756 ἔγνω
2576 3678 2835 3756 πρότερον
2894 3673 3006 3732 δεῖν
3054 3676 3145 3737 rei;
3188 3678 3294 3740 τῆς
3351 3672 3538 3734 κακίας
3598 3670 3747 3747 ῥίζας

2102 3766 2199 3824 καί
2257 3768 2324 3823 τὰ
2381 3766 2474 3824 τοῦ
2526 3773 2762 3844 πονηροῦ
2819 3763 3100 3842 σπέρματα
3143 3761 3380 3838 ἀνελεῖν,
3427 3759 3530 3817 εἶθ’
3572 3758 3745 3821 οὕτως

2103 3855 2322 3932 ὁμαλῶς
2367 3861 2511 3931 αὒτῷ
2568 3858 2653 3913 καὶ
2713 3856 2929 3930 ἡμέρως
2985 3859 3086 3922 τῆς
3145 3857 3244 3932 γῆς
3289 3852 3552 3932 ὲχθύσηξ,
3609 3846 3744 3925 ὅπερ

2099 3948 2211 4003 εστὶ
2269 3951 2376 4002 τῶν
2443 3947 2784 4023 ἀνθρωπίνων
2849 3949 3068 4024 ψυχῶν,
3114 3945 3179 4001 τὰ
3234 3947 3335 4010 τῆς
3399 3943 3592 4019 ἀρετῆς
3651 3939 3744 3994 καὶ

2101 4035 2411 4116 φιλοσοφίας
2497 4037 2810 4093 καταθέσθαι
2898 4035 3056 4114 φυτά,
3137 4033 3284 4089 Μετά
3371 4037 3538 4088 ταῦτα
3607 4033 3738 4107 γοῦν

2093 4127 2215 4191 τοὶς
2275 4127 2394 4204 περὶ
2452 4125 2823 4202 ἐλεημοσύνης
2879 4124 3098 4202 λόγους,
3171 4123 3268 4180 οἶα
3325 4141 3473 4183 τινας
3553 4117 3738 4180 ὑετοὺς

2097 4217 2371 4294 εὐκαίρους
2432 4221 2538 4272 τῶν
2595 4215 2939 4293 ἀνθρωπίνων
3018 4213 3276 4293 καταχέει
3348 4214 3564 4290 ψυχῶν,
3638 4205 3739 4264 καί

2095 4319 2328 4385 γεωργεῖ
2371 4306 2432 4361 τὸ
2477 4303 2831 4386 φιλόπτωχον
2861 4306 2937 4367 εἷς
2967 4310 3240 4378 τοσοῦτον,
3275 4304 3347 4366 ὡς
3380 4299 3606 4362 πολλοῖς
3637 4297 3737 4373 μὲν

2092 4397 2190 4464 τὴν
2247 4394 2416 4460 δεξιὰν
2487 4396 2730 4474 ὀργῶσαν
2789 4397 2986 4472 θεῖναι,
3063 4393 3142 4468 μὴ
3218 4391 3557 4470 θερμοτάτην
3613 4387 3736 4453 τοῖς

2091 4484 2310 4560 πένησι,
2372 4485 2470 4552 τὴν
2529 4491 2725 4561 προτοῦ
2787 4482 3111 4563 μικρολόγον
3170 4484 3330 4539 οὖσαν
3387 4480 3474 4537 καὶ
3530 4474 3732 4559 φειδω-

363 4580 416 4627 et
442 4571 687 4627 alacrem
713 4570 785 4627 ad
810 4569 1272 4628 succurrendum
1300 4571 1674 4643 pauperibus,
1701 4587 1824 4645 quae
1847 4575 2008 4645 prius

2111 4575 2182 4631 ιόν
2259 4573 2373 4654 (ἳνα
2433 4575 2510 4649 μὴ
2558 4572 2700 4653 λέγω
2757 4575 2846 4631 καὶ
2903 4572 3230 4653 λιχνοτέραν
3299 4571 3432 4648 πρὸς
3502 4570 3565 4626 τὸ
3623 4565 3730 4623 λα·-

361 4662 490 4717 erat
518 4673 702 4736 parca
722 4665 780 4717 et
800 4655 1222 4732 illiheralis,ne
1245 4657 1439 4719 dicam
1460 4657 1629 4719 avida
1653 4665 1711 4719 et
1733 4659 2006 4740 rapiendi

2111 4661 2207 4721 ἶεῖν
2257 4665 2321 4721 τά
2372 4662 2653 4743 ἀλλότρια)
2698 4665 2790 4720 καὶ
2833 4663 2955 4728 τοὺς
2985 4663 3089 4739 μὲν
3120 4660 3543 4740 μεγαλοψύχους
3589 4660 3732 4714 εἶναι

356 4745 553 4808 aliena
592 4767 604 4809 :
643 4752 702 4808 et
729 4745 882 4808 alios
915 4747 1158 4824 quidem
1219 4747 1485 4809 effecerit
1516 4764 1650 4809 esse
1691 4749 2006 4811 muniﬁcas

2111 4753 2482 4833 ιαρασκευάσαι
2542 4755 2629 4809 καὶ
2699 4753 3065 4827 κοινωνικοὺς,
3131 4754 3193 4808 εκ
3253 4753 3351 4818 τῆς
3416 4747 3732 4826 πληρεστά-

360 4844 420 4896 et
461 4853 569 4897 sua
619 4834 899 4898 lubenter
959 4834 1502 4914 communicantes,
1563 4854 1632 4898 ex
1679 4837 1880 4919 pleno,
1943 4847 2001 4900 ut

357 4924 603 5002 dicitur,
652 4923 714 4986 in
745 4925 924 4987 inane
956 4926 1227 5007 utrisque
1259 4925 1645 4988 eﬂ‘undentes
1677 4927 1951 4990 manibus
1984 4946 1998 4992 :

355 5013 506 5078 alios
534 5022 736 5076 autem
774 5014 1058 5094 praeferre
1089 5014 1238 5077 nihil
1275 5013 1591 5090 habere,et
1621 5034 1756 5078 cum
1791 5035 2004 5079 omnes

355 5122 496 5166 suas
527 5103 766 5167 divitias
795 5103 1162 5186 pauperibus
1195 5103 1510 5184 magniﬁce
1573 5105 1790 5186 pieque
1842 5107 1999 5168 divi-

353 5193 601 5274 sissent,
634 5194 814 5256 vitam
855 5194 1244 5257 monasticam
1288 5203 1346 5256 et
1375 5204 1710 5276 separatam
1746 5195 1997 5274 eligere.

354 5281 436 5344 Ex
467 5302 583 5364 quo
647 5284 853 5346 omnia
897 5284 1124 5346 habere
1172 5283 1289 5346 alio
1340 5284 1519 5346 modo
1549 5284 1620 5346 ad
1656 5302 1760 5346 eos
1791 5285 1996 5362 rediit,

353 5385 420 5433 ut
452 5372 554 5454 qui
577 5370 702 5436 Deo
737 5391 844 5452 pro
881 5372 1163 5435 omnibus
1206 5374 1280 5435 iis
1309 5372 1481 5436 ditati
1515 5371 1759 5448 fuerint,
1798 5392 1832 5435 a
1883 5393 2000 5456 quo

354 5460 735 5543 dependebat
765 5469 886 5525 tota
912 5479 1056 5544 spes
1087 5479 1294 5525 eorum
1359 5461 1514 5538 vita,
1576 5472 1638 5524 et
1693 5462 1767 5524 ad
1820 5483 2000 5546 quem

433 5657 491 5708 14
516 5655 541 5720 l
571 5656 710 5725 Cor.
738 5676 869 5740 VIII,
897 5660 994 5726 42.

2086 4866 2209 4919 της,
2296 4843 2322 4899 ὅ
2410 4865 2594 4921 φασιν,
2683 4844 2756 4908 είς
2853 4844 2952 4910 τὴν
3039 4840 3318 4921 κενοτέραν
3404 4838 3731 4919 ἀμφοτέραις

2087 4932 2408 4996 ἀντλοῦντας
2443 4951 2459 4968 ⁶
2524 4933 2690 4996 ἑνίοτς
2748 4931 2803 4989 δὲ
2859 4934 2922 4988 τὸ
3001 4930 3170 5007 μηδὲν
3229 4930 3375 5010 ἔχειν
3450 4930 3731 5007 προτιμῆ-

2087 5044 2200 5101 σαι,
2260 5024 2348 5078 καὶ
2413 5032 2506 5082 τοῦ
2576 5020 2809 5081 πλούτου
2879 5022 3078 5085 παντὸς
3143 5033 3261 5083 τοῖς
3312 5018 3508 5086 πένησι
3567 5015 3731 5096 φιλο-

2083 5112 2250 5184 τίμως
2333 5113 2840 5190 παραχωρήσαντας
2936 5113 3029 5168 τὸν
3100 5111 3312 5190 μονήρη
3399 5108 3510 5186 βίον
3597 5106 3730 5162 ἀνθ-

2083 5199 2292 5257 ελέσθαι
2337 5203 2425 5257 καὶ
2464 5199 2749 5277 ἰδιάζοντα,
2799 5199 2850 5267 ἒξ
2893 5203 2954 5257 οὗ
2995 5201 3056 5257 τὸ
3098 5200 3277 5256 πάντα
3334 5198 3483 5280 ἔχειν
3539 5195 3731 5259 αὐτοῖς

2083 5289 2394 5369 περιγέγονε
2455 5291 2586 5347 Θεὸν
2670 5290 2786 5346 ἀντὶ
2857 5290 3073 5348 πάντων
3135 5287 3595 5367 πεπλουτηκόσιν,
3669 5287 3734 5342 οῦ

2081 5380 2177 5441 τὰς
2232 5384 2331 5447 τῆς
2372 5380 2514 5451 ςωῆς
2561 5378 2778 5444 ἐλπίδας
2827 5380 3161 5459 ἀνήρτησαν,
3207 5381 3295 5436 καὶ
3340 5381 3472 5458 πρὸς
3530 5376 3589 5432 ὅν
3619 5376 3729 5450 μό-

2083 5490 2172 5528 νον
2203 5467 2440 5550 ἔγνωσαν
2471 5470 2693 5550 ἀφορᾷν,
2748 5467 2839 5550 ἀφ’
2886 5472 2947 5526 οῦ
3000 5467 3216 5544 πλούτῳ
3258 5468 3576 5551 προσέχειν,
3635 5468 3730 5526 καὶ
