4060 6200
426 254 592 357 loss

438 514 766 595 gia,neque
787 530 891 576 eos
909 514 1071 576 solos
1089 513 1409 575 exercebat
1425 514 1497 575 ad
1532 515 1807 577 virtutem
1822 515 1948 587 ,sed
1975 532 2083 594 per

440 621 680 667 onmem
700 611 919 665 terram
940 602 1458 676 extendebatur,et
1476 603 1563 665 illi
1586 623 1744 667 cura:
1762 615 1936 667 erant
1959 624 2083 666 om-

434 711 544 756 nes
566 690 862 763 ecclesiae,
898 689 1147 771 ejusque
1173 709 1331 754 curae
1375 712 1529 754 unus
1549 692 1684 754 finis
1709 703 1880 755 erant
1908 702 2085 756 terrae

438 780 700 843 termini.
732 779 950 843 Joanni
1003 783 1165 843 enim
1218 800 1377 844 curae
1416 801 1533 845 non
1567 791 1737 845 erant
1769 801 1990 845 mensae
2021 791 2081 845 et

439 869 956 950 epulae,agrosque
989 871 1388 952 possidere,et
1418 891 1736 936 crumenas
1755 873 2082 955 replere,et

434 960 486 1020 si
514 959 657 1039 quid
693 966 783 1021 est
810 958 997 1037 aliud,
1033 978 1288 1037 quorum
1340 961 1539 1026 studio
1572 963 1783 1041 vulgus
1814 970 2075 1039 tenetur,

435 1048 539 1109 sed
572 1046 689 1109 hoc
721 1055 851 1108 erat
882 1046 938 1109 ei
971 1066 1139 1125 cura,
1175 1067 1308 1129 qum
1337 1050 1635 1130 exstingui
1668 1069 1787 1112 non
1818 1059 2075 1132 poterat,

437 1145 497 1199 et
517 1133 738 1197 ossium
765 1134 925 1198 tinea
947 1139 1506 1220 mstrumque,quod
1536 1140 1667 1220 ejus
1690 1159 1795 1202 cor
1819 1140 2076 1215 subibat,

438 1233 789 1307 perpetuum
816 1227 947 1305 ejus
968 1226 1192 1289 bellum
1218 1228 1507 1291 adversus
1529 1230 1761 1292 hostem
1784 1238 2076 1306 nostrum,

438 1323 498 1377 et
528 1323 590 1376 ut
619 1319 744 1376 suis
772 1314 846 1377 ad
878 1334 987 1377 nos
1016 1316 1414 1394 orationibus,
1446 1326 1505 1380 et
1531 1319 1950 1400 frequentibus
1979 1319 2081 1381 ad-

442 1403 876 1468 monitionibus
894 1415 1131 1470 arceret
1152 1408 1281 1488 ejus
1299 1407 1644 1490 insidias,et
1667 1409 1922 1472 insultus
1949 1429 2081 1490 pro-

441 1494 704 1569 hiberet,
736 1502 795 1555 et
829 1505 1114 1576 quantum
1147 1497 1384 1578 quidem
1424 1498 1498 1560 ad
1531 1499 1727 1580 ipsum
1760 1507 2078 1581 spectaret,

442 1583 675 1647 nullum
707 1585 941 1648 sineret
970 1604 1039 1648 ex
1072 1586 1316 1661 vocatis,
1354 1606 1471 1648 non
1507 1606 1576 1648 ex
1636 1588 1730 1663 iis,
1796 1593 1897 1669 qui
1944 1599 2084 1652 tunc

439 1681 632 1749 erant,
660 1693 778 1736 non
807 1692 876 1737 ex
901 1673 1107 1756 iis,qui
1133 1676 1660 1757 postea,excidere
1693 1698 1725 1738 a
1751 1685 1911 1740 sorte
1932 1680 2085 1741 elec-

441 1772 731 1839 torum,et
753 1781 885 1825 esse
918 1752 1105 1846 partis
1127 1752 1667 1846 sinistraa.Propter
1686 1767 1816 1830 haec
1847 1786 2085 1831 sermo-
2108 1752 2145 1801 Β

440 1871 547 1914 nes
571 1863 860 1933 perpetuo
886 1852 1143 1917 habebat
1165 1862 1226 1916 et
1256 1854 1598 1931 docebat,et
1619 1874 1920 1937 nunquam
1947 1876 2084 1920 ces-

444 1941 620 2004 sabat
637 1941 859 2005 diserta
878 1943 979 2007 illa
997 1955 1055 2008 et
1077 1945 1376 2008 modulata
1397 1946 1602 2026 lingua
1624 1955 1859 2009 nostras
1881 1950 2085 2010 incan-

445 2037 571 2092 tare
588 2031 1175 2114 animas.Proplerea
1191 2043 1333 2097 sunt
1346 2034 1611 2114 pulchrae
1633 2035 1751 2099 illae
1764 2035 2082 2099 verborum

442 2117 1245 2195 Sirenes,innumerabilium
1272 2122 1419 2186 illud
1446 2142 1611 2187 mare
1634 2125 2087 2197 bonorum,ani—

445 2228 676 2272 marum
701 2211 1215 2294 lautissimaa,quae
1233 2215 1781 2283 consumimiuime
1809 2225 2082 2298 possunt,

443 2300 839 2383 epulas,panis
864 2302 1472 2383 angelorum,mensae
1502 2306 1680 2367 totius
1702 2306 1888 2370 orbis.
1914 2305 2084 2380 Quod

444 2392 496 2453 si
517 2390 698 2472 ii,qui
719 2391 1143 2455 alimentorum
1169 2393 1485 2457 sensilium
1511 2413 1715 2458 curam
1742 2405 2081 2476 gesserunt,

445 2500 579 2563 qua:
610 2490 859 2562 possunt
916 2481 1095 2565 longo
1132 2491 1402 2566 tempore
1430 2485 1711 2550 sufficere
1743 2487 2083 2563 egentibus,

443 2590 575 2653 quae
600 2571 905 2654 appellare
951 2573 1147 2636 solent
1175 2572 1662 2653 Gerontocomia,
1698 2576 1812 2657 ipsi
1841 2576 2085 2640 exsisti-

447 2668 612 2724 mant
633 2681 698 2725 se
727 2679 877 2743 opus
908 2662 1123 2725 fecisse
1144 2662 1327 2727 laude
1352 2664 1686 2745 dignum,et
1704 2666 1783 2728 ita
1807 2675 2087 2747 reputan-

445 2757 540 2814 tur
568 2750 643 2814 ab
673 2750 827 2816 aliis:
858 2752 958 2834 qui
990 2752 1103 2817 hoc
1136 2753 1484 2817 diuturnum
1512 2764 1570 2819 et
1601 2773 1960 2837 permanens
1982 2775 2089 2819 nu-

448 2841 2089 2927 trimentum,suavissimas,inquam,orationes,assidue

447 2931 891 3014 suppeditabat,
922 2941 986 2995 ut
1019 2951 1138 2996 non
1168 2934 1359 2996 solum
1387 2954 1524 2998 cum
1558 2948 1716 2998 esset
1756 2945 2085 3016 superstes,

372 3056 377 3061 ι
446 3022 552 3086 sed
584 3021 763 3085 etiam
800 3042 935 3086 cum
966 3040 1207 3086 sursum
1243 3033 1404 3088 esset
1434 3025 1778 3105 translatus,
1811 3026 2088 3090 sitientes

444 3109 729 3191 impleret
756 3111 1077 3191 animas,et
1103 3113 1473 3178 inevitabilia
1501 3133 1610 3197 per
1636 3117 1793 3196 ipsas
1822 3115 2087 3179 solveret
2104 3114 2144 3167 ’Ἰ

446 3200 701 3277 vincula,
728 3211 788 3266 et
815 3222 849 3266 a
886 3222 1063 3266 manu
1097 3205 1328 3286 tyranni
1357 3205 1618 3286 captivas
1639 3204 1926 3268 liberaret
1946 3205 2085 3268 ani-

445 3308 595 3366 mas,
625 3299 684 3353 et
708 3292 810 3375 iis,
843 3293 947 3375 qui
978 3292 1124 3356 salvi
1152 3293 1374 3355 fiebant
1403 3311 1680 3372 magnam
1712 3294 1955 3358 afferret
1984 3313 2087 3358 ac-

442 3380 915 3464 cessionem:qui
942 3382 1068 3446 haec
1091 3381 1332 3446 abunde
1355 3381 1733 3465 praebebatet
1759 3382 2090 3447 liberaliter

444 3483 505 3534 et
527 3473 589 3534 in
619 3472 971 3535 universum
1023 3481 1257 3554 tempus
1287 3474 1402 3536 hoc
1442 3473 1666 3537 donum
1700 3473 2087 3552 extendebat,

445 3581 767 3641 quemnam
802 3564 1064 3644 potuerit
1122 3564 1361 3648 assequi
1414 3563 1704 3646 linguam,
1743 3581 1875 3645 qua
1905 3563 1962 3627 ei
1993 3563 2088 3627 di-

445 3670 620 3731 gnam
641 3660 917 3717 contexat
944 3653 1379 3717 laudationem?
1402 3655 1529 3717 lmo
1552 3672 1696 3717 vero
1714 3671 2003 3735 quasnam
2034 3662 2092 3716 et

452 3751 598 3824 quot
626 3741 886 3823 linguas?
915 3741 1033 3807 Sed
1070 3744 1168 3806 tali
1200 3744 1442 3824 quidem
1474 3743 1674 3807 anima
1704 3751 1766 3805 et
1795 3743 1995 3822 lingua
2017 3763 2092 3807 ne

449 3832 583 3913 ipse
636 3832 885 3913 quidem
943 3842 1034 3896 est
1088 3833 1307 3913 dignus
1335 3832 1694 3913 mundus,ut
1720 3832 1915 3895 dicam
1953 3851 2088 3896 cum

450 3922 650 3986 divino
682 3923 868 3989 Paulo
898 3922 1149 3997 ".Quod
1173 3929 1370 3984 autem
1406 3940 1526 3984 non
1558 3923 1601 3984 ii
1630 3922 1765 3998 soli,
1796 3923 1897 4004 qui
1921 3923 2092 3986 babi-

449 4012 653 4077 tabant
675 4011 1375 4095 Constantinopolim,illi
1411 4019 1616 4075 essent
1645 4013 1942 4089 curae,sed
1965 4032 2088 4076 om-

448 4121 559 4166 nes
582 4103 895 4184 fere,quos
910 4103 1000 4165 sol
1036 4105 1322 4175 intuetur,
1346 4102 1489 4165 hinc
1522 4111 1692 4184 potes
1722 4103 2085 4185 intelligere.

449 4195 595 4258 Cum
623 4192 1019 4257 intellexisset
1038 4191 1411 4257 Pboeuiciam
1442 4191 1784 4255 simulacris
1811 4194 2009 4257 adhuc
2031 4202 2091 4257 et

449 4282 826 4346 daemonibus
855 4291 916 4345 et
943 4282 1251 4345 sceleratis
1276 4282 1514 4364 templis
1535 4300 1669 4346 esse
1696 4281 2092 4360 deditam,re-

447 4373 603 4450 giam
623 4390 863 4436 manum
886 4372 1119 4436 habens
1141 4372 1590 4453 adjutricem,et
1614 4391 1888 4454 magnam
1912 4374 2087 4437 aliam

1733 278 2015 357 MENSIS
2052 282 2507 357 JANUARIUS.

520 420 791 507 XX.ch
819 432 1014 486 autem
1047 441 1166 485 non
1199 423 1390 485 solum
1423 423 1679 487 faciebat
1709 424 1771 486 in
1801 400 1949 487 urbe
1972 442 2073 488 re-
2097 433 2135 483 Α

3650 286 3806 363 1096

2244 425 2335 488 Κ¹.
2374 426 2549 483 Ταῦτα
2595 422 2649 480 δὲ
2679 429 2776 484 οὒκ
2806 424 2861 480 ἑν
2891 426 3034 501 μόνῃ
3064 430 3134 500 τῇ
3187 423 3417 501 βασιλίδι
3459 433 3566 484 τῶν
3594 429 3807 487 πόλεων

2161 517 2375 594 ὑπῆρχε
2434 520 2629 589 ποιῶν,
2722 514 2841 571 οῦδέ
2925 516 3139 576 τούτονς
3210 514 3404 588 μόνους
3462 516 3615 584 ἤσκει
3674 522 3809 598 πρὸς

2163 606 2379 682 ἀρετὴν,
2430 603 2568 660 ἀλλά
2617 605 2704 661 καὶ
2738 603 3022 684 πανταχοῦ
3055 610 3158 681 γῆς
3220 604 3527 687 ὲξετείνετο,
3585 611 3671 664 καὶ
3699 616 3809 667 τῶν

2163 693 2466 759 ἐκκλησιῶν
2527 692 2720 767 ἔμελλε
2786 695 2956 767 τούτῳ
2987 698 3198 768 πασῶν,
3247 695 3335 750 καὶ
3384 695 3506 774 ὅρος
3558 698 3624 764 ἦν
3670 698 3814 772 αῦτῷ

2161 783 2259 851 τῆς
2308 781 2600 861 φροντίδος,
2675 785 2740 840 τὰ
2820 787 2921 849 τῆς
3006 787 3110 859 γῆς
3196 805 3422 861 περατα.
3482 784 3643 843 Οὖδέν
3710 790 3811 865 γὰρ

2161 872 2350 945 ὲκείνῳ
2400 872 2564 946 μέλον
2634 875 2890 951 τράπεζαι
2943 874 3034 928 καὶ
3087 872 3421 950 φιλοτησίαι,
3485 879 3575 932 καὶ
3633 877 3809 955 ἀγρῶν

2162 960 2405 1035 κτήσεις,
2470 963 2554 1018 λιαὶ
2608 961 2905 1037 βαλαντίων
2958 960 3271 1039 ἀδρότητες,
3306 966 3392 1019 καὶ
3428 965 3481 1019 εἴ
3511 989 3562 1022 τι
3603 964 3805 1046 ἕτερον,

2165 1053 2271 1108 τῶν
2328 1064 2446 1116 τοῖς
2522 1050 2750 1114 πολλοῖς
2823 1051 3064 1122 ἐκθύμως
3127 1050 3593 1134 σπουδαζομένων,
3668 1055 3809 1113 ἀλλὰ

2164 1141 2321 1198 τοῦτο
2350 1141 2416 1209 ἧν
2446 1140 2590 1214 αὖτῷ
2621 1143 2680 1198 τὸ
2716 1140 2804 1227 διὰ.
2834 1141 3014 1207 πάσης
3046 1140 3310 1219 ἀγόμενον
3353 1154 3450 1207 τὴς
3503 1142 3803 1220 φροντίδος,

2164 1232 2252 1287 καὶ
2288 1231 2486 1286 ὀστέων
2516 1230 2641 1309 σὴς,
2672 1232 2761 1287 καὶ
2792 1231 2952 1305 μύωψ
2999 1232 3071 1294 εἷς
3129 1230 3346 1308 καρδίαν
3381 1232 3802 1310 παραδυόμενος,

2165 1320 2253 1376 καὶ
2336 1320 2577 1397 φλογμὸς
2650 1318 2933 1392 ἄσϐεστος,
3017 1319 3103 1400 ὑφ’
3160 1322 3221 1377 οὗ
3294 1324 3452 1380 νύκτα
3536 1324 3633 1380 καῖ
3690 1323 3807 1398 μεθ’

2165 1408 2370 1486 ἡμέραν
2428 1409 2732 1486 ἐπίμπρατο
2819 1410 2916 1476 τὴν
2994 1412 3211 1490 ψυχὴν,
3276 1413 3304 1467 6
3378 1414 3505 1487 πρὸς
3559 1416 3653 1469 τὸν
3716 1420 3810 1471 τοῦ

2167 1498 2360 1577 ἐχθροῦ
2415 1498 2533 1555 καθ’
2592 1502 2746 1571 ἡμῶι
2805 1498 3042 1573 πόλεμον
3100 1499 3369 1563 ἄπαυστος
3427 1503 3586 1559 αὑτοῦ
3651 1503 3812 1559 πόλει

2168 1609 2290 1661 μος,
2326 1589 2413 1643 καὶ
2444 1587 2535 1642 ’ίνα
2575 1601 2695 1645 τοῖς
2727 1590 2857 1664 πρὸς
2891 1589 3036 1662 ἡμᾶς
3069 1585 3253 1666 λόγοις
3298 1590 3386 1645 καὶ
3413 1604 3536 1654 ταῖς
3583 1604 3810 1654 πυκναῖς

2169 1676 2536 1753 παραίνέσεσιν
2600 1676 2804 1754 εἴργειν
2857 1680 3002 1751 αὒτῷ
3061 1678 3155 1743 τὰς
3210 1675 3495 1740 ἐπιϐουλὰς
3548 1679 3678 1759 ἔχῃ,
3728 1682 3814 1737 καὶ

2169 1766 2422 1832 διωθῆναι
2470 1766 2569 1834 τὴν
2614 1766 2826 1846 ἔφοδον,
2879 1769 2991 1839 καὶ,
3026 1767 3087 1823 τό
3115 1788 3178 1845 γε
3209 1769 3283 1829 εἷς
3314 1767 3472 1824 αὑτὸν
3500 1771 3664 1849 ἧκον,
3695 1793 3814 1845 μη-

2170 1853 2291 1911 δένα
2321 1862 2429 1913 τῶν
2484 1855 2700 1923 κλητῶν
2731 1857 2809 1931 μὴ
2840 1861 2946 1914 τῶν
2988 1858 3136 1930 τότε,
3170 1858 3248 1931 μὴ
3305 1863 3411 1914 τῶν
3456 1859 3531 1921 εἷς
3572 1857 3814 1939 ὕστερον²

2170 1943 2270 2010 ἔξω
2318 1953 2412 2002 τοῦ
2476 1952 2582 2001 τῶν
2653 1944 2920 2003 ἐκλεκτῶν
2976 1944 3176 2023 κληρου
3255 1946 3389 2024 ἐάσῃ
3440 1964 3653 2027 πεσεῖν,
3730 1951 3821 2005 καὶ

2168 2039 2264 2101 τῆς
2317 2033 2597 2113 ἀριστερᾶς
2657 2034 2898 2113 γενέσθαι
2961 2035 3195 2115 μερίδος.
3246 2036 3347 2092 Διά
3400 2036 3564 2093 ταῦτα
3595 2040 3649 2093 αἱ
3679 2059 3809 2095 συν-

2168 2132 2324 2204 εχεῖς
2378 2126 2520 2198 αὐτῷ
2559 2125 2766 2199 ὁμιλίαι
2825 2126 2913 2181 καὶ
2960 2124 3199 2206 διδαχαὶ,
3265 2126 3361 2182 καί
3416 2127 3477 2183 τὸ
3536 2124 3813 2202 μηδέποτε

2168 2213 2359 2291 λήγειν
2410 2215 2511 2282 τὴν
2543 2214 2763 2271 εῧλαλον
2808 2214 3017 2283 ἐκείνην
3061 2214 3305 2293 γλῶτταν
3335 2218 3421 2272 καὶ
3453 2215 3653 2290 eam»
3698 2217 3807 2273 τῶν

2168 2303 2445 2381 ἡμετέρων
2493 2308 2687 2383 ψυχῶν
2744 2303 3093 2377 κατᾴδουσαν,
3159 2305 3259 2363 Διά
3305 2311 3465 2361 ταῦνα
3513 2307 3563 2362 αἱ
3606 2303 3814 2361 πολλαὶ

2167 2399 2275 2451 τῶν
2332 2393 2507 2471 λόγων
2568 2395 2846 2473 Σειρῆνες,
2909 2394 2936 2448 ὅ
2986 2395 3091 2451 τῶν
3144 2394 3358 2471 ἀγαθῶν
3415 2396 3607 2472 σωρὸς,
3639 2398 3673 2464 ἡ
3704 2400 3813 2451 τῶν

2167 2486 2444 2559 θησαυρῶν
2486 2482 2748 2557 θάλασσα,
2810 2485 2862 2538 αἱ
2920 2488 3025 2538 τῶν
3099 2483 3292 2562 ψυχῶν
3351 2483 3607 2540 ἀδάπανοι
3667 2506 3811 2542 παν-

2168 2570 2387 2646 δαισίαι,
2423 2575 2450 2628 6
2493 2580 2599 2629 τῶν
2643 2572 2886 2650 ἀγγέλων
2932 2570 3114 2650 ἄρτος,
3159 2576 3211 2628 αί
3266 2574 3632 2647 οἷκονμενικαί
3677 2574 3813 2652 τρά-

2171 2670 2346 2733 πεζαι.
2385 2665 2442 2720 Εἰ
2499 2662 2553 2718 δὲ
2611 2664 2698 2719 καὶ
2748 2664 2795 2719 οἱ
2838 2668 3044 2741 τροφῶν
3093 2664 3343 2740 πρόνοιαν
3388 2664 3669 2737 αἰσθητῶν,
3704 2668 3815 2720 τῶν

2173 2752 2258 2809 ἐπὶ
2288 2751 2420 2809 πολὺ
2449 2753 2542 2809 τοῦ
2590 2752 2787 2832 χρόνου
2844 2750 3080 2828 διαρκεῖν
3137 2750 3437 2825 δυναμένων
3483 2750 3678 2808 ἑνδεέσι
3726 2756 3816 2810 καὶ

2171 2842 2507 2916 πενομένοις,
2555 2840 2609 2896 ἐν
2640 2840 2842 2918 σπουδῇ
2880 2841 3112 2917 θέμενοι,
3174 2841 3208 2898 ἃ
3250 2839 3315 2908 δὴ
3346 2842 3434 2897 καὶ
3472 2855 3814 2920 γηροκομεῖα

2169 2928 2363 2988 καλεῖν
2426 2930 2563 3004 ἔθος,
2627 2930 2928 2997 ἀξιέπαινον
2972 2929 3125 3009 ἔργον
3181 2931 3268 2987 καὶ
3311 2929 3538 2987 ἐλπίδων
3603 2931 3816 3009 ἀγαθῶν

2169 3019 2417 3095 ἔμπλεων
2470 3021 2829 3087 πεποιηκότες
2887 3021 3015 3077 εἰσίν
3049 3039 3067 3057 ο
3134 3022 3161 3076 δ
3218 3020 3317 3086 τὴν
3360 3023 3559 3099 τροφὴν
3615 3022 3817 3087 ταύτην

2170 3111 2269 3179 τὴν
2331 3109 2521 3189 διαρκῆ
2580 3113 2668 3168 καὶ
2726 3109 3020 3190 ἀδάπανον,
3091 3111 3212 3172 τοὺς
3272 3108 3459 3187 λόγους
3509 3112 3648 3188 φημὶ
3688 3111 3818 3174 τοὺς

2168 3198 2435 3278 ἠδίστους,
2495 3202 2749 3259 ἑκάστοτε
2806 3207 3087 3281 χορηγῶν,
3134 3201 3235 3268 τὴν
3286 3199 3547 3275 ἄψευστον
3605 3198 3818 3279 ἀμϐρο-

2169 3293 2311 3371 σίαν,
2341 3292 2403 3347 τὸ
2431 3290 2628 3359 ἀληθὲς
2671 3290 2882 3370 νέκταρ,
2941 3295 3026 3353 οἷς
3084 3290 3252 3370 ψυχαὶ
3304 3293 3561 3348 πεινῶσαι
3597 3288 3822 3347 διαπαν-

2168 3383 2260 3444 τὸς
2320 3380 2597 3460 τρέφονται
2667 3384 2756 3437 καὶ
2823 3379 3194 3458 κατάρδονται,
3260 3382 3349 3437 καὶ
3401 3384 3474 3458 γῆ
3519 3379 3670 3437 οὖσαι
3730 3382 3823 3437 καὶ

2172 3471 2305 3547 ξηρὰ
2359 3472 2448 3527 καὶ
2502 3468 2751 3547 ἄνικμος,
2811 3468 3140 3550 καρποφόροι
3214 3472 3329 3543 Θεῷ
3385 3468 3469 3527 διὰ
3533 3467 3820 3544 μετανοίας

2171 3561 2535 3634 καθίστανται,
2595 3562 2623 3616 6
2678 3561 2875 3627 ταύτης
2933 3566 3212 3638 τοιγαροῦν
3262 3560 3365 3625 τῆς
3422 3558 3622 3638 τροφῆς
3678 3560 3821 3635 πρύ-

2172 3652 2339 3727 τανις,
2375 3653 2403 3706 6
2447 3650 2524 3726 μὴ
2574 3651 2764 3728 περιὼν
2807 3651 2994 3726 μόνον,
3041 3648 3180 3706 ἀλλὰ
3221 3651 3308 3707 καὶ
3351 3650 3439 3704 νῦν
3481 3652 3622 3725 μετὰ
3661 3647 3822 3712 τέλος

2173 3741 2406 3805 πολλοὺς
2467 3746 2572 3797 τῶν
2628 3740 3065 3821 πεφορτισμένων
3120 3740 3308 3814 ἀνιεὶς,
3384 3738 3473 3795 καὶ
3544 3737 3824 3816 τραύματα

2172 3836 2368 3912 ψυχῶν
2417 3830 2743 3909 θεραπεύων,
2805 3831 2895 3887 καὶ
2946 3827 3086 3886 λύων
3146 3826 3523 3909 αἰχμαλώτους
3573 3827 3672 3896 τῆς
3734 3849 3825 3885 τυ·-

2172 3920 2467 3999 ραννούεης
2512 3921 2723 3999 χειρὸς,
2784 3920 2872 3975 καὶ
2928 3917 3139 3987 πολλὴν
3184 3919 3492 3995 προσθήκην
3535 3930 3653 3982 τοῖς
3696 3938 3819 3974 σω·-

2171 4010 2415 4087 ζομένοις
2458 4007 2654 4083 διδοὺς,
2706 4011 2741 4077 ἡ
2785 4014 2949 4066 ταῦτα
3007 4007 3265 4075 διηνεκῶς
3306 4006 3536 4064 ἀνύουσα
3577 4005 3823 4086 γλῶττα,

2171 4101 2314 4166 τίνος
2371 4099 2434 4157 ἂν
2491 4101 2645 4180 τύχοὶ
2704 4096 2951 4177 γλώττης
3006 4097 3149 4164 ἄξιον
3198 4099 3331 4175 αὐτῇ
3381 4094 3683 4164 πλακοῦσης
3727 4097 3823 4152 τὸν

2171 4191 2391 4249 ἔπαινον
2423 4210 2438 4270 ς
2474 4188 2679 4266 μᾶλλον
2710 4187 2767 4245 δὲ
2801 4192 2973 4246 ποίων
3024 4186 3127 4267 ἄρα
3165 4189 3254 4245 καὶ
3290 4188 3476 4245 πόσων
3506 4188 3768 4265 γλωσσῶν
3803 4204 3822 4262 ;

2166 4279 2290 4338 ἀλλ’
2321 4279 2460 4338 οὕτω
2488 4280 2585 4356 μὲν
2631 4279 2730 4347 τὴς
2787 4276 2997 4337 τοιᾶσδε
3054 4278 3143 4335 καὶ
3203 4281 3388 4359 ψυχῆς
3430 4279 3519 4333 καὶ
3562 4276 3817 4355 γλώσσης

2172 4369 2280 4427 οὐδ’
2336 4369 2493 4434 αὐτὸς
2547 4367 2689 4436 ἄξιος
2744 4371 2773 4425 6
2840 4370 3065 4450 κόσμος,
3112 4368 3249 4425 κατά
3306 4369 3396 4424 τὸν
3455 4371 3599 4424 θεῖον
3644 4366 3825 4423 εἰπεῖν

448 4480 715 4537 manum,
739 4462 841 4526 cui
867 4469 1271 4544 persuaserat,
1308 4472 1374 4525 ut
1401 4463 1463 4524 iu
1499 4462 1558 4525 id
1587 4462 1744 4543 quod
1776 4465 2087 4545 oportebat

2175 4458 2529 4522 Ἀπόστολον,
2563 4457 2685 4518 ’Ότι
2716 4456 2772 4515 δὲ
2825 4460 2931 4538 οὐχ
2971 4461 3020 4514 οἱ
3062 4458 3161 4526 τὴν
3206 4457 3609 4515 Κωνσταντίνου
3651 4456 3825 4530 μόνον

444 4548 890 4633 impenderent,
925 4569 1131 4616 secum
1159 4550 1409 4628 ducens,
1446 4551 1815 4615 exsecranda
1844 4552 2089 4635 quidem

449 4639 552 4703 illa
579 4642 800 4723 templa
821 4643 987 4705 humi
1020 4641 1482 4705 evertit:eorum
1517 4650 1714 4704 autem
1745 4640 1878 4705 loco
1892 4661 2093 4705 sacras

450 4730 612 4793 aedes
630 4730 933 4809 excitat,et
957 4731 1227 4795 immittit
1249 4732 1597 4807 monachos,
1626 4730 1732 4813 qui
1763 4731 2090 4798 ferventem

448 4819 641 4882 zelum
673 4821 1122 4905 quodammodo
1148 4821 1483 4904 spirabant,
1504 4829 1561 4884 et
1591 4820 1772 4885 fidem
1806 4822 2095 4886 tenebant

451 4911 679 4992 optime
708 4920 770 4976 et
798 4912 1278 4976 accuratissime.
1313 4911 1607 4975 Praeterea
1637 4929 1776 4974 cum
1806 4912 2095 4976 audiisset

450 5000 649 5065 Celtas
679 5000 1025 5084 implicatos
1048 5019 1184 5065 esse
1216 5000 1452 5082 laqueis
1480 4999 1816 5076 arianismi,
1851 5001 1952 5064 ille
1984 5001 2094 5064 ad—

451 5107 663 5153 versus
693 5090 1139 5175 improbitatem
1163 5100 1372 5155 contra
1394 5089 1483 5153 sic
1508 5088 1905 5153 machinatur:
1932 5108 2095 5171 pres-

452 5178 690 5261 byteros
721 5180 904 5245 simul
931 5190 990 5245 et
1020 5180 1331 5256 diaconos,
1367 5188 1427 5242 et
1456 5197 1579 5255 eos,
1616 5178 1722 5260 qui
1750 5178 1986 5242 divinos
2016 5181 2093 5244 li—

452 5267 594 5334 bros
626 5269 971 5353 legunt,qni
997 5270 1261 5335 similem
1295 5270 1540 5352 quidem
1563 5276 1624 5330 et
1644 5276 1958 5349 cognatam
1992 5270 2094 5333 ba-

452 5359 677 5424 bebant
730 5360 1017 5442 linguam,
1077 5378 1223 5424 sana
1276 5368 1475 5424 autem
1531 5366 1707 5421 erant
1755 5356 1898 5437 ﬁde,
1927 5360 2092 5424 acci-

457 5449 718 5533 piens,et
737 5469 842 5516 eos
872 5451 1050 5515 veluti
1081 5449 1501 5532 quemdam,ut
1527 5446 1715 5528 aiunt,
1753 5457 2094 5532 magnetem

534 5647 587 5694 17
613 5646 798 5712 Hebr.
835 5667 899 5729 ιι,
929 5650 1033 5717 38.

2174 4549 2440 4613 οἰκοῦντες
2470 4616 2474 4620 ι
2502 4548 2687 4623 ἐκείνῳ
2744 4548 2993 4627 φραντίς,
3039 4546 3178 4605 ἀλλα
3235 4546 3430 4627 σχεδὸν
3478 4547 3694 4620 πάντες,
3732 4546 3824 4619 οὓς

2175 4642 2202 4698 ὁ
2237 4636 2387 4706 ἥλιος
2417 4636 2599 4717 ἐφορᾷ·
2646 4637 2745 4706 τὴν
2791 4637 3049 4705 Φοινίκην
3104 4636 3287 4713 μαθὼν
3346 4633 3583 4701 εἰδώλοις
3630 4634 3707 4691 ἔτι
3737 4635 3831 4692 καὶ

2175 4727 2388 4806 δαίμοσι
2445 4728 2536 4785 καὶ
2593 4738 2808 4806 μιαροῖς
2868 4738 3019 4790 ναοῖς
3077 4724 3551 4806 προσανέχουσαν,
3602 4724 3827 4781 ἐπίκου-

2176 4842 2264 4900 ρον
2321 4819 2429 4876 τὼν
2484 4814 2770 4895 βασιλικὴν
2822 4814 3041 4893 δύναμιν
3102 4813 3443 4896 προσλαϐὼν,
3503 4815 3592 4871 καὶ
3658 4827 3833 4893 χεῖρα

2176 4910 2382 4990 συχνὴν
2409 4907 2476 4978 ἢν
2506 4908 2662 4972 αὐτὸς
2724 4905 2932 4964 ἔπεισεν
2987 4906 3319 4985 ἀναλίσκειν,
3381 4907 3455 4972 εἰς
3507 4903 3625 4962 δέον
3692 4926 3833 4960 συν-

2177 4998 2557 5080 εφαπτομένην
2640 4994 2820 5054 λαϐὼν
2844 5042 2863 5073 ,
2936 4997 3061 5060 τοὺς
3133 4996 3232 5071 μὲν
3302 4996 3524 5074 μιαροὺς
3591 4993 3835 5058 ἐκείνους

2177 5089 2332 5154 ναοὺς
2374 5088 2465 5155 εἰς
2524 5085 2716 5167 ἔδαφος
2766 5084 3121 5167 καταϐάλλει,
3153 5086 3325 5166 ἱεροὺς
3356 5083 3412 5141 δὲ
3454 5083 3831 5163 ἀντανίστησι,

2176 5181 2266 5237 καὶ
2323 5177 2595 5257 μοναχοὺς
2655 5174 2949 5251 ἑπιπᾶμπει
2993 5177 3187 5255 θερμὸν
3230 5181 3307 5250 τῷ
3337 5172 3487 5246 ζήλῳ
3540 5173 3833 5247 πνέοντας,

2177 5269 2264 5327 καὶ
2292 5269 2392 5338 τὴν
2423 5267 2602 5325 πίστιν
2645 5265 2832 5344 ἄριστα
2886 5262 3369 5345 διηκριϐωμένους.
3425 5263 3565 5341 Πρὸς
3626 5260 3684 5318 δὲ
3741 5262 3839 5319 καὶ

2176 5357 2414 5425 Μελτοὺς
2440 5357 2671 5421 ἀκούσας
2702 5359 2801 5423 τῆς
2864 5354 3205 5437 Ἀρειαδικῆς
3260 5354 3399 5412 εἵσω
3439 5355 3604 5432 θήρας
3636 5350 3841 5427 κειμέ-

2177 5471 2317 5525 νους,
2346 5447 2512 5515 οὕτως
2562 5448 2940 5530 ἀντιτεχνᾶται
2996 5447 3065 5525 τῇ
3121 5446 3377 5527 πονηρίᾳ,
3434 5441 3833 5525 μρεσϐυτέρους
