4060 6200
270 303 292 365 1
305 301 420 364 097

1316 303 1502 364 νΙΤΑ
1558 304 1617 364 S.
1665 302 1990 374 JOANNIS
2030 303 2588 366 CHRYSOSTOMI.

3487 302 3638 368 1098

267 438 377 512 ἅμα
438 439 523 493 καὶ
569 436 840 499 διακόνους
903 438 989 492 καὶ
1059 438 1180 500 τοὺς
1257 438 1322 491 τοὶ
1383 440 1520 502 θείας
1579 439 1912 515 ζιπαναγινὼ-

2006 439 2101 514 iis,
2139 437 2242 517 qui
2273 454 2338 500 se
2401 453 2521 498 non
2573 442 2739 496 recte
2799 433 3124 515 habebant,
3153 435 3520 508 admiscens,
3554 439 3643 500 sic

268 549 494 590 σκοντας
545 526 780 606 βίϐλους,
828 527 893 582 τὰ
950 527 1047 599 μὲν
1093 526 1190 591 τῆς
1256 525 1500 601 γλώττης
1563 531 1756 600 ὁμοίως
1822 529 1914 582 καί

267 624 534 695 συγγενῶς
577 617 832 695 ἔχοντας,
867 617 1200 693 ὑγιαίνοντας
1231 613 1285 669 δὲ
1338 618 1433 682 τὴν
1478 618 1651 672 πίστιν
1710 615 1908 690 λαϐὼν,

268 709 354 762 καὶ
464 707 648 769 αὐτοὺς
730 706 1099 783 συμμεμίχθαι
1197 706 1402 767 τούτοις
1479 727 1907 783 παρασκευασας,

269 797 490 858 ἀστείως
540 796 678 853 οὕτω
734 797 821 850 καὶ
885 795 1148 872 τεχνικῶς
1211 795 1340 871 πρὸς
1415 797 1509 860 τὴν
1570 797 1692 870 ὑγιᾶ
1737 797 1909 849 πίστιν

270 886 455 948 αὐτοὺς
519 885 795 961 ἐπάγεται.
866 874 956 947 Ὠς
1016 881 1068 937 δὲ
1144 881 1252 962 [’ίσ,
1304 885 1400 946 ”()ς
1449 883 1522 961 δὲ]
1568 886 1654 940 καὶ
1700 888 1912 940 suum;

269 971 401 1030 ἄλλο
458 973 608 1051 γένος
672 976 878 1049 μαθὼν,
948 975 1002 1027 οἳ
1045 975 1185 1048 παρὰ
1249 975 1340 1035 τὰς
1401 975 1493 1029 τοῦ
1536 959 1735 1051 Πιστρου
1788 975 1910 1049 ῥοὰς

270 1063 534 1125 οἰκοῦντίς
576 1065 697 1136 εἰσι,
733 1063 894 1137 διψῄν
927 1062 1023 1136 μὲν
1084 1071 1172 1118 τοῦ
1218 1065 1315 1127 τῆς
1351 1061 1615 1126 εὐσεϐείας
1651 1064 1908 1136 νάματος,

271 1162 359 1210 τοῦ
415 1153 468 1209 δὲ
515 1158 825 1216 ποτίσοντος
865 1152 1114 1228 ἀπορεῖν,
1175 1153 1418 1229 γνώριμα
1467 1153 1696 1225 Λεοντίῳ
1750 1162 1909 1210 ταῦτα

267 1252 345 1317 τῳ
386 1249 484 1310 τῆς
518 1243 774 1321 Ἀγκύρας
837 1241 1111 1313 ἐπισκόπῳ
1147 1256 1317 1303 ποιεῖ,
1386 1247 1481 1298 Καὶ
1531 1243 1646 1298 ὶπεὶ
1705 1243 1908 1302 ἐκεῖνος

271 1332 469 1410 ἀνδρῶν
530 1335 767 1409 εὐπορῶν
844 1332 910 1398 ἦν
999 1339 1102 1387 τῶν
1155 1333 1282 1408 πρὸς
1345 1339 1506 1388 ταῦτα
1565 1331 1908 1409 ἐπιτηδείων,

273 1425 542 1486 τοιούτους
592 1421 793 1477 ἐκεῖθεν
855 1419 1056 1491 λαϐὼν,
1119 1423 1204 1476 καὶ
1271 1421 1356 1481 οἷς
1415 1421 1617 1499 ἔφημεν
1671 1421 1907 1493 ἐπιπεμ-

272 1519 375 1586 ψας
437 1515 682 1583 Σκύθαις,
746 1509 934 1587 ὁδηγεῖ
1006 1514 1138 1586 πρὸς
1195 1510 1472 1577 ἀλήθειαν.
1523 1513 1653 1586 Πρὸς
1706 1512 1908 1573 τούτοις

270 1603 368 1667 τὴν
431 1601 735 1678 Μαρκίωνος
795 1599 1002 1676 α’ίρεσιν
1056 1597 1136 1661 εἵς
1169 1615 1311 1663 τινας
1344 1598 1448 1653 τῶν
1482 1601 1578 1664 τῆς
1614 1599 1908 1666 Ἀνατολῆς

273 1696 469 1764 κωμῶν
550 1692 730 1763 μαθὼν
808 1687 1155 1765 υφέρφουσαν,
1248 1690 1332 1742 καὶ
1391 1691 1617 1767 συχνοὺς
1677 1687 1907 1744 ὑποκλέ-

912 1778 938 1788 εν

1997 529 2134 590 illos
2165 544 2403 608 quoque
2453 524 2705 587 comiter
2740 523 2986 586 attrahit
3033 525 3107 586 ad
3151 524 3454 604 pietatem.
3491 525 3638 589 Cum

1997 627 2198 679 autem
2232 616 2391 677 aliud
2425 633 2665 695 quoque
2695 631 2886 692 genus
2911 614 3288 692 Scytharum,
3321 616 3427 693 qui
3458 616 3633 678 babi-

1996 707 2200 768 tabant
2231 705 2302 766 ad
2337 706 2558 766 ﬂuenta
2587 702 2872 782 Danubii,
2909 703 3266 783 accepisset,
3295 704 3466 768 sitire
3494 706 3636 782 qui-

1997 796 2131 858 dem
2159 797 2443 856 ﬂuentum
2481 793 2743 872 pietatis,
2780 811 2928 870 opus
2979 810 3120 854 vero
3150 793 3378 856 habere
3408 813 3504 866 eo,
3538 797 3642 875 qui

1999 893 2156 947 esset
2189 894 2515 964 potaturus,
2575 884 2699 944 haec
2759 881 3052 960 signiﬁcat
3104 883 3354 946 Leontio
3386 885 3640 964 Ancyrae

1998 976 2279 1055 episcopo
2315 997 2324 1034 :
2364 985 2421 1036 et
2453 973 2733 1052 quoniam
2767 971 2868 1030 ille
2920 990 3068 1052 opus
3102 971 3362 1035 habebat
3392 973 3538 1037 viris
3565 975 3638 1036 ad

1998 1067 2124 1128 haec
2171 1065 2430 1137 idoneis,
2493 1081 2626 1122 cum
2687 1061 2835 1122 tales
2886 1061 3054 1123 illinc
3080 1063 3440 1144 accepisset,
3477 1075 3536 1126 et
3565 1065 3639 1126 ad

1995 1174 2119 1229 eos,
2148 1172 2298 1236 quos
2329 1152 2615 1223 diximus,
2651 1150 2922 1230 Scythas,
2957 1151 3141 1213 veluti
3173 1152 3458 1231 quasdam
3489 1155 3639 1216 stel-

1995 1246 2078 1306 las
2111 1244 2370 1306 misisset
2400 1241 2474 1304 ad
2506 1241 2938 1314 occidentales,
2994 1242 3240 1304 deducit
3295 1241 3371 1304 ad
3423 1245 3639 1305 verita—

1997 1345 2141 1394 tem.
2177 1337 2398 1395 Praeter
2428 1333 2553 1394 haec
2585 1351 2718 1394 cum
2774 1331 3102 1394 Marcionis
3133 1332 3410 1394 hmresim
3443 1333 3638 1395 resci-

1996 1426 2174 1486 visset
2205 1442 2450 1504 serpere
2483 1422 2542 1484 in
2571 1421 2859 1502 quosdam
2893 1422 3055 1484 vicos
3084 1420 3371 1497 Orientis,
3409 1431 3466 1484 et
3489 1424 3639 1487 mul-

1995 1523 2084 1574 tos
2137 1531 2554 1593 corrumpere,
2631 1531 2748 1573 non
2830 1511 2966 1572 tulit
3021 1511 3374 1588 toleranter,
3440 1531 3640 1594 neque

1995 1603 2381 1665 dilationibus
2415 1610 2472 1664 et
2521 1602 2900 1681 temporibus
2955 1601 3243 1681 protraxit
3301 1603 3636 1666 correctio-

1996 1692 2290 1766 nem,sed
2327 1691 2522 1752 statim
2582 1691 2758 1752 simul
2818 1690 3064 1770 quidem
3125 1691 3289 1770 regia
3347 1695 3635 1772 potentia,

272 1803 528 1851 πτουσαν,
594 1784 687 1837 οὐκ
743 1778 972 1840 ἀνεκτῶς
1033 1777 1216 1854 ἔσχεν,
1287 1776 1389 1834 οὔδ’
1451 1778 1742 1840 ἀναϐολαῖς
1816 1779 1909 1833 καὶ

2000 1783 2169 1845 simul
2229 1792 2428 1843 autem
2489 1800 2593 1842 sua
2655 1799 2892 1860 quoque
2950 1798 3096 1842 usus
3146 1781 3527 1864 auctoritate,
3585 1793 3643 1845 et

273 1870 494 1950 χρόνοις
540 1869 798 1947 ἐπέτρεψε
844 1869 902 1923 τὸ
952 1870 1293 1946 γιγνόμενον,
1326 1867 1445 1922 ἀλλ’
1479 1869 1621 1930 εὐθὺς
1655 1866 1907 1943 βασιλικῇ

272 1962 486 2035 δύνάμει
532 1963 616 2017 καὶ
674 1965 742 2034 τῇ
799 1959 922 2035 παρ’
985 1959 1172 2012 ἑαυτοῦ
1244 1958 1588 2036 χρησάμενος
1644 1958 1904 2029 αὐθεντίᾳ,

274 2051 550 2131 γράμμασί
593 2071 646 2104 τε
694 2050 825 2124 πρὸς
871 2054 1026 2102 τοῦτο
1071 2048 1191 2109 τοὺς
1247 2047 1305 2100 ἐκ
1363 2047 1622 2122 γείτόνων
1685 2047 1907 2102 ἐπισκόο

275 2153 404 2205 ποὺς
467 2138 850 2212 διαναστήσας,
898 2137 968 2202 ὥς
1015 2160 1127 2193 τινα
1189 2139 1381 2214 φθορὰν
1427 2138 1515 2192 καὶ
1574 2138 1726 2192 νόσον
1756 2139 1814 2192 οὗ
1847 2138 1910 2192 τὰ

275 2235 460 2308 μέτρια
565 2228 903 2304 λυμαίνεσθαι
989 2225 1304 2300 δυναμένην,
1387 2227 1592 2301 μακρὰν
1671 2225 1910 2302 γενέσθαι

272 2328 368 2388 τῆς
416 2319 740 2386 Ἐκκλησίας
799 2317 1210 2394 παρασκευάζει,
1246 2314 1396 2370 Ἀλλ’
1424 2316 1568 2376 ὅπως
1629 2317 1725 2388 μὲν
1774 2319 1914 2384 αὑτῴ

274 2412 410 2468 κατὰ
456 2407 659 2466 Παῦλον
695 2409 728 2474 ἡ
760 2407 989 2483 μέριμνα
1031 2409 1214 2461 πασῶν
1269 2407 1371 2459 τῶν
1432 2403 1768 2470 Ἐκκλησιῶν
1823 2404 1910 2475 ἦν,

279 2503 506 2578 μετρίως
538 2497 640 2564 ἤδη
667 2494 984 2566 δεδήλωται.

362 2589 496 2649 KA',
552 2599 647 2642 Δεῖ
714 2583 763 2639 δὲ
811 2588 896 2640 καὶ
956 2588 1060 2642 τῶν
1121 2583 1293 2642 ἄλλων
1354 2583 1763 2657 ἐπιμνησθῆναι,
1827 2598 1908 2643 οῖς

276 2682 508 2751 ἐκεῖνος,
560 2683 655 2741 τῆς
690 2675 934 2751 γλώττης
981 2676 1122 2743 αὐτῷ
1166 2673 1373 2736 σιωπὴν
1420 2673 1680 2750 ἐχούσης,
1732 2672 1906 2749 ἠσχό-

276 2771 431 2841 λητο,
494 2768 580 2822 καὶ
639 2765 772 2822 οἵων
821 2763 984 2842 ἔργων
1045 2765 1133 2818 καὶ
1190 2762 1508 2834 οἰκονομιῶν
1554 2765 1776 2830 ἥπτετο,
1840 2760 1913 2815 Τὰ

272 2864 372 2924 τῆς
435 2854 755 2921 Ἐκκλησίας
803 2852 1228 2926 ἐπισκεψάμενος
1273 2848 1623 2922 ἀναλώματα,
1671 2851 1755 2904 καὶ
1818 2851 1908 2905 εὺ-

277 2950 378 3024 ρὼν
424 2947 516 3002 οὐκ
576 2945 648 3005 ἐἰς
722 2940 836 2997 δέον
921 2939 1216 3014 πάμπολλα
1276 2937 1654 3014 δαπανώμενα,
1715 2939 1912 3002 ταύτην

276 3040 398 3112 μὲν,
445 3036 517 3098 ὥς
577 3054 694 3088 τινα
739 3032 902 3110 φορὰν
949 3029 1164 3106 ἄλογον,
1224 3029 1411 3094 ’ίστησι
1467 3029 1562 3093 τὴν
1619 3025 1857 3092 δαπάνην
1894 3043 1905 3055 ·

277 3124 622 3204 μετοχετεύει
669 3119 722 3176 δὲ
781 3122 911 3196 πρὸς
969 3117 1190 3197 Θεοφιλῆ
1251 3124 1322 3176 τῶ
1353 3117 1460 3171 ὄντι
1495 3117 1580 3172 καὶ
1611 3114 1909 3195 φιλάνθρω-

277 3240 375 3273 πον
425 3213 672 3293 ἀφορμήν
709 3226 720 3238 ‘
771 3211 857 3266 καὶ
902 3220 1227 3284 νοσοκομεῖα
1278 3221 1395 3269 τοῖς
1442 3206 1603 3271 ξένοις
1634 3209 1661 3261 ὁ
1692 3212 1766 3279 τῷ
1798 3212 1913 3278 Θεῷ

275 3306 497 3384 ἐγγίζων
556 3299 938 3376 οἰκοδομήσας,
1005 3298 1120 3353 ἐκεῖ
1181 3298 1243 3352 τὰ
1302 3297 1520 3370 περιττὰ
1571 3295 1705 3370 ῥέειν
1740 3318 1910 3372 παρα-

277 3395 540 3472 σκευάζει,
614 3388 994 3466 πρεσϐυτέρους
1077 3409 1132 3442 τε
1209 3384 1479 3458 ἐπιτάξας,
1565 3387 1648 3439 καὶ
1726 3384 1910 3448 αὐτοὺς

274 3493 382 3542 τῶν
427 3483 562 3561 ἄγαν
638 3476 874 3539 εὐλαϐὦν
932 3482 1028 3533 καί
1107 3475 1335 3552 ἂζύγων,
1400 3473 1536 3529 ἀλλὰ
1593 3477 1678 3528 καὶ
1720 3476 1911 3552 ἰατρῶν

275 3577 397 3638 τοὺς
461 3570 858 3645 δοκιμωτάτους
905 3569 975 3630 εἰς
1027 3566 1126 3632 τὴν
1174 3572 1278 3621 τῶν
1313 3567 1545 3620 ἀσθενῶν
1577 3561 1908 3638 ἒπιμᾶλειαν.

275 3650 490 3742 Ἕτερον
578 3660 730 3738 ἔργον
800 3660 942 3730 αὐτῷ
1029 3657 1115 3711 καὶ
1173 3654 1380 3734 φροντὶς
1462 3652 1651 3718 άκιστα
1700 3653 1912 3729 μετρία,

277 3757 337 3811 τὸ
394 3740 498 3809 τῶν
562 3755 750 3830 χηρῶν
807 3747 1009 3824 τάγμα.
1066 3743 1277 3821 ’Ἃσπερ
1308 3742 1372 3810 δὴ
1431 3740 1660 3798 κατιδὼν
1706 3748 1764 3800 οὐ
1820 3765 1913 3798 τεο

278 3843 584 3920 ταγμενως,
652 3837 789 3894 ἀλλὰ
862 3834 1190 3910 πλεμμελῶς
1250 3834 1503 3912 ἐχούσας,
1565 3831 1758 3909 διαιρεῖ
1817 3835 1914 3906 μὲν

277 3933 482 4007 καλῶς,
544 3932 819 4003 οἰκονομεῖ
875 3924 928 3981 δὲ
991 3927 1078 3980 καὶ
1133 3926 1193 3978 τὸ
1238 3925 1354 4000 περὶ
1413 3923 1571 3987 αὐτὰς
1633 3921 1911 4001 φιλοθᾶως,

278 4025 489 4081 Τούτων
533 4021 633 4098 γὰρ
676 4017 798 4074 ὅσαι
865 4018 950 4071 καὶ
1008 4015 1184 4093 φρεσὶν
1235 4017 1369 4078 ἦσαν
1429 4014 1514 4067 καὶ
1559 4012 1740 4082 ἡλικίᾳ
1791 4013 1913 4068 νεά-

278 4121 484 4189 ζουσαι,
531 4111 618 4167 καὶ
660 4106 741 4165 δια
815 4113 967 4162 τοῦτο
1022 4106 1108 4158 καὶ
1175 4106 1302 4180 πρὸς
1358 4100 1547 4166 ἡδονὰς
1612 4103 1916 4180 εὐπερίτρε-

281 4225 429 4277 πτοι,
507 4198 732 4276 δευτέρῴ
805 4197 1107 4276 χρήσασθαι
1179 4193 1336 4270 γάμῳ
1423 4192 1647 4265 κελεύει,
1707 4191 1918 4268 βέλτιον

281 4293 620 4369 ἡγησάμενος
652 4289 712 4343 τὸ
757 4288 810 4344 ἰν
861 4287 938 4359 τῷ
990 4282 1222 4363 ἀσφαλεῖ
1280 4281 1651 4360 ταπεινότερον
1698 4289 1788 4337 τοῦ
1845 4284 1919 4354 μὴ

279 4383 449 4460 χωρὶς
484 4376 661 4459 φόϐων
690 4375 1042 4453 ὑψηλοτέρου.
1084 4383 1210 4440 Ταῖς
1243 4372 1422 4447 μέντοι
1486 4373 1576 4426 τὸν
1607 4373 1714 4446 βίον
1745 4394 1916 4428 σπου-

279 4451 606 4549 δαιοτέραις,
674 4451 758 4522 καὶ
817 4451 941 4523 ὅσαι.
999 4471 1103 4520 τῶν
1155 4462 1331 4519 ἄλλων
1380 4460 1791 4541 ἀφηλικέστεραι
1828 4466 1918 4519 καὶ

1994 1873 2212 1933 litteris
2292 1871 2367 1932 ad
2429 1873 2541 1932 hoc
2611 1872 2792 1930 simul
2861 1869 3088 1930 vicinos
3147 1871 3416 1933 excitans
3473 1875 3638 1954 epis-

1994 1981 2196 2042 copos,
2253 1970 2532 2042 tanquam
2609 1959 2880 2021 morbum
2939 1959 3201 2038 aliquem
3257 1962 3635 2042 pestiferum,

1994 2054 2094 2132 qui
2155 2060 2384 2131 poterat
2441 2069 2562 2112 non
2639 2049 2947 2112 mediocre
3033 2052 3363 2130 importare
3445 2053 3640 2115 detri-

1998 2149 2288 2213 mentum,
2346 2141 2528 2202 eﬂicit
2582 2139 2799 2202 abesse
2889 2140 3098 2218 procul
3190 2141 3265 2201 ab
3348 2142 3642 2206 Ecclesia.

1997 2228 2114 2292 Sed
2169 2230 2677 2310 quemadmodum
2731 2229 2834 2290 ille
2894 2228 3160 2308 quidem,
3216 2230 3372 2292 sicut
3402 2230 3646 2294 divinus

1996 2318 2219 2381 Paulus
2271 2321 2348 2394 ‘8,
2383 2328 2509 2380 erat
2573 2317 2870 2380 sollicitus
2901 2319 2976 2378 de
3009 2318 3295 2380 omnibus
3329 2319 3639 2392 Ecclesiis,

1998 2408 2152 2469 sicut
2184 2428 2214 2468 a
2248 2408 2424 2469 nobis
2460 2407 2872 2481 mediocriter,
2910 2406 2989 2468 ita
3023 2407 3202 2469 etiam
3230 2424 3374 2470 vere
3405 2409 3512 2471 fuit
3541 2427 3640 2470 os-

1999 2508 2254 2560 tensum.

2077 2587 2482 2668 XXl.Oportet
2501 2596 2702 2649 autem
2729 2589 2981 2649 aliorum
3007 2590 3252 2667 quoque
3268 2591 3638 2668 meminisse,

2000 2679 2057 2737 in
2086 2677 2300 2756 quibus
2331 2678 2669 2755 ille,lingua
2701 2679 2832 2756 ejus
2862 2685 3123 2752 tacente,
3143 2685 3271 2739 erat
3291 2690 3636 2760 occupatus,

1999 2775 2056 2828 et
2076 2785 2344 2847 quaenam
2370 2765 2830 2847 aggrediebatur
2860 2765 3223 2846 opera.Cum
3249 2769 3636 2833 consideras-

1994 2857 2401 2936 setimpensas
2427 2857 2738 2930 Ecclesia},
2773 2865 2832 2916 et
2864 2856 3192 2918 invenisset
3213 2876 3419 2920 earum
3445 2860 3638 2941 pluri-

2000 2964 2123 3006 mas
2148 2964 2525 3026 nequaquam
2549 2947 2895 3008 consumiin
2917 2963 3138 3022 ea.quaa
3156 2947 3637 3026 oportebat,eum

1995 3039 2226 3110 quidem
2249 3040 2400 3098 sistit
2423 3049 3029 3111 sumptum,tanquam
3054 3041 3288 3098 modum
3305 3045 3638 3115 quempiam

1997 3125 2602 3205 inconsideratum,et
2626 3125 2882 3187 traducit
2909 3124 2984 3186 ad
3013 3128 3188 3188 usum
3215 3143 3354 3188 vere
3388 3127 3548 3207 pium
3584 3139 3644 3191 et

1997 3215 2322 3276 humanum
2353 3233 2364 3277 :
2395 3223 2454 3275 et
2479 3234 2612 3276 cum
2638 3214 2972 3294 peregrinis
2996 3213 3353 3278 aedificasset
3374 3235 3636 3280 nosoco-

1998 3304 2113 3365 mia
2128 3305 2309 3384 is,qui
2325 3307 2449 3367 Deo
2463 3303 3210 3384 appropinquabat,eﬂecit
3226 3312 3289 3366 ut
3305 3304 3448 3368 illac
3462 3307 3641 3370 etiam

1993 3394 2328 3467 atﬁuerent,
2363 3413 2494 3474 quae
2539 3404 2676 3456 sunt
2720 3393 3065 3455 necessaria
3103 3394 3232 3456 :eis
3256 3395 3645 3477 presbyteros

1997 3483 2336 3562 preeticiens
2355 3483 2524 3544 valde
2547 3484 2676 3564 pios
2701 3494 2762 3544 et
2782 3482 3052 3562 conjugii
3073 3491 3437 3562 expertes,et
3454 3487 3642 3549 medi-

1998 3590 2100 3632 cos
2123 3591 2359 3651 quoque
2383 3573 2836 3651 probatissimos
2867 3571 2941 3631 ad
2965 3587 3169 3632 curam
3194 3574 3522 3650 gerendam
3557 3594 3640 3637 aa-

1997 3669 2333 3739 grotorum.
2369 3661 2506 3723 Erat
2564 3668 2763 3722 autem
2811 3661 2923 3732 hoc
2970 3677 3217 3740 quoque
3248 3662 3381 3739 ejus
3405 3681 3554 3744 opus
3586 3674 3644 3726 et

2000 3767 2142 3812 cura
2173 3767 2291 3810 non
2319 3749 2668 3822 mediocris,
2696 3767 2914 3829 nempe
2937 3747 3086 3808 ordo
3123 3748 3460 3811 viduarum.
3494 3751 3640 3814 Nam

2001 3857 2136 3901 cum
2170 3855 2273 3899 eas
2301 3838 2550 3901 vidisset
2582 3837 2905 3919 praeclarus
2939 3855 3059 3899 non
3109 3844 3278 3900 recte
3310 3847 3369 3900 et
3401 3839 3638 3915 ordine,

2002 3928 2104 3989 sed
2139 3946 2320 4008 prave
2351 3947 2415 3990 se
2445 3945 2678 4008 gerere,
2715 3926 2965 4007 pulchre
2988 3926 3230 4007 quidem
3255 3926 3489 4007 dividit,
3524 3949 3645 3991 non

2003 4018 2198 4080 minus
2217 4025 2413 4080 autem
2440 4019 2536 4097 pie
2558 4017 2870 4098 dispensat
2890 4026 2945 4078 et
2974 4017 3358 4079 administrat
3390 4018 3642 4101 id,quod

2001 4108 2072 4169 ad
2105 4125 2205 4169 eas
2238 4107 2594 4188 pertinebat.
2631 4107 3015 4188 Quaecunque
3071 4108 3228 4168 enim
3266 4127 3335 4171 ex
3369 4109 3443 4170 iis
3475 4119 3648 4172 erant

2005 4206 2175 4259 aetate
2223 4198 2501 4276 juvenes,
2554 4207 2610 4260 et
2641 4197 2776 4260 ideo
2823 4214 3136 4279 propensae
3177 4198 3250 4258 ad
3286 4199 3644 4280 voluptates,

1999 4286 2173 4366 jubet
2199 4287 2480 4349 secundis
2511 4289 2593 4348 uti
2623 4287 2846 4367 nuptiis
2877 4310 2888 4349 :
2921 4286 3135 4349 melius
3164 4305 3297 4350 esse
3321 4288 3645 4352 arbitratus

2006 4376 2257 4456 id,quod
2283 4386 2376 4438 est
2399 4381 2458 4438 in
2483 4386 2636 4451 tuto,
2677 4378 2924 4450 humile,
2959 4394 3136 4457 quam
3165 4377 3450 4455 sublime,
3485 4380 3644 4461 quod

2006 4484 2123 4526 non
2154 4473 2241 4526 est
2272 4472 2404 4528 sine
2427 4476 2611 4528 metu.
2641 4467 2718 4528 lis
2742 4473 2964 4540 autem,
2995 4483 3127 4545 quas
3148 4475 3318 4529 erant
3343 4467 3480 4530 vita)
3513 4486 3642 4531 me-

282 4563 359 4637 μὴ
418 4538 636 4616 ἔλαττον
704 4556 732 4621 ἥ
788 4555 1048 4621 ὶξτίκοντα
1091 4553 1185 4619 ἔτη
1222 4565 1520 4631 γεγονυῖαι,
1581 4553 1792 4617 ταύταις
1852 4552 1912 4620 δὴ

2003 4554 2194 4629 lioris,
2229 4563 2286 4615 et
2309 4556 2498 4616 aetatis
2521 4555 2655 4616 aliis
2688 4538 3102 4634 provectioris,
3134 4566 3196 4616 ut
3227 4575 3359 4638 quae
3391 4576 3512 4620 non
3544 4578 3645 4622 es-

281 4650 556 4715 νηστείαις
604 4649 700 4722 μὲν
745 4643 1032 4724 σχολάζειν
1083 4646 1169 4700 καὶ
1235 4655 1568 4722 προσευχαῖς
1639 4657 1916 4721 παραινεῖ,

283 4739 518 4813 λουτρῶν
576 4735 628 4791 δὲ
686 4737 982 4813 ἀπέχεσθαι
1063 4736 1150 4790 καί
1226 4735 1429 4805 πότων,
1485 4736 1569 4788 καὶ
1629 4737 1726 4799 τῆς
1785 4733 1917 4788 κατὰ

283 4833 380 4893 την
411 4826 607 4894 ἐσθῆτα
665 4823 1033 4888 πολυτελείας.
1093 4821 1220 4880 Οὐδὲ
1277 4831 1432 4880 τοῦτο
1479 4823 1787 4897 ἀκόσμητον
1833 4824 1918 4878 καὶ

280 4923 380 4984 τῆς
471 4917 606 4972 κατὰ
676 4915 837 4990 λόγον
918 4914 1219 4987 οἰκονομίας
1298 4911 1496 4988 ἔρημον
1578 4910 1914 4990 καταλείπει,

282 5005 499 5086 ἀνδράσι
549 5005 693 5084 λέγω
751 5006 836 5059 καὶ
895 4999 1094 5079 γυναιξὶ
1143 5003 1234 5064 τὰς
1286 5003 1358 5062 εἰς
1405 5001 1503 5066 τὴν
1533 5002 1676 5077 ἱερὰν
1712 5001 1918 5068 σύναξιν

283 5099 645 5172 ἀπαντήσεις,
687 5093 823 5150 ἀλλὰ
877 5091 1071 5171 διαιρεῖ
1106 5089 1367 5147 κάνταῦθα
1418 5091 1620 5164 καλῶς,
1669 5095 1754 5148 καὶ
1797 5094 1916 5155 τοὺς

281 5191 378 5266 μὲν
445 5189 632 5248 νυκτὸς
694 5185 776 5241 ὅτι
835 5182 1112 5246 πλείστους
1169 5180 1369 5236 κελεύει
1437 5187 1654 5259 φοιτᾷν,
1714 5184 1804 5245 τὰς
1867 5180 1920 5239 δὲ

284 5282 480 5342 νυκτὸς
545 5278 642 5353 μὲν
728 5277 1012 5351 οἰκουρεῖν,
1076 5270 1276 5348 ἡμέρας
1334 5269 1387 5325 δὲ
1464 5269 1601 5327 κατα
1659 5272 1792 5328 πολὺ
1863 5276 1922 5328 τὸ

285 5371 558 5448 πρόθυμον
605 5368 869 5436 ἁπαντᾷν.
925 5361 1075 5420 Οὕτω
1128 5367 1294 5418 ποιῶν
1356 5363 1444 5416 καὶ
1503 5360 1680 5438 ἔργοις
1738 5363 1922 5418 ἑαυτὸν

290 5460 377 5515 καὶ
439 5459 681 5538 φροντίσι
757 5455 1023 5516 τοιαύταις
1103 5450 1438 5531 ἰνασχολῶν,
1504 5449 1718 5510 ἔσπευδε
1792 5454 1926 5508 κατὰ

373 5564 432 5613 ιε
460 5562 513 5627 ιι
543 5563 681 5629 Cor.
709 5583 774 5640 ιι,
803 5563 904 5624 ss-

533 5695 793 5758 PATROL.
844 5689 956 5750 GR.
1003 5685 1212 5750 CXIV.

2003 4650 2138 4705 sent
2164 4651 2316 4704 natea
2341 4643 2536 4707 minus
2567 4662 2744 4724 quam
2777 4643 3085 4722 sexaginta
3105 4652 3414 4720 annos,eis
3439 4648 3650 4710 suadet

2003 4741 2067 4793 ut
2097 4742 2306 4795 vacent
2329 4733 2585 4812 jejuniis
2607 4743 2667 4795 et
2690 4733 2996 4814 precibus:
3027 4732 3371 4798 abstineant
3391 4747 3594 4801 autem
3617 4757 3651 4800 a

2002 4823 2254 4885 lavacris
2286 4830 2344 4884 et
2379 4823 2634 4884 maxime
2667 4823 3050 4896 conviviis,et
3079 4843 3112 4884 a
3142 4827 3512 4907 sumptuosis
3543 4846 3647 4889 ve-

2002 4911 2724 4988 stibus.Habes,studiose
2749 4913 3188 4988 auditor,aliud
3207 4918 3653 4996 quoque,cnjus

2002 5001 2198 5066 studio
2226 5001 2731 5085 tenebatur,quod
2757 5023 2876 5077 non
2903 5011 2994 5066 est
3015 5004 3137 5066 vile
3160 5023 3272 5067 nec
3295 5007 3602 5069 mediocre
3632 5025 3644 5065 :

2005 5110 2226 5174 nempe
2255 5092 2330 5154 ad
2363 5110 2590 5155 sacram
2625 5097 2892 5173 synaxim
2948 5094 3264 5156 adventum
3299 5097 3559 5158 virorum
3591 5106 3652 5158 et

2009 5181 2508 5246 mulierum.Nam
2540 5202 2652 5247 nec
2687 5185 2797 5246 hoc
2830 5203 3068 5265 quoque
3100 5183 3392 5263 relinquit
3423 5185 3652 5248 inordi-

2007 5280 2358 5348 natum,nec
2381 5273 2441 5333 in
2469 5273 2804 5352 periculum
2825 5272 3178 5348 adductum,
3207 5291 3317 5335 nec
3347 5273 3650 5340 defectum

2010 5361 2628 5443 dispensatione,qua:
2658 5362 2723 5424 ﬁt
2748 5381 2820 5425 ex
2850 5363 3104 5423 ratione.
3142 5362 3260 5425 Sed
3293 5364 3390 5427 hic
3414 5384 3653 5448 quoque

2019 5453 2270 5534 pulchre
2320 5463 2379 5517 et
2432 5461 2559 5514 tuto
2621 5453 2926 5517 distribuit
2957 5471 3062 5536 pro
3092 5454 3320 5520 viribus
3352 5475 3364 5520 :
3402 5466 3462 5522 et
3494 5458 3652 5523 viros

3260 5689 3337 5755 35
