4060 6200
470 305 624 372 1099

1753 302 2034 372 MENSIS
2089 310 2123 371 J
2127 302 2231 374 AN
2238 301 2542 374 UARIUS.

3677 302 3824 375 1100

468 440 716 520 quidem
736 438 906 518 jubet
926 443 1103 500 noctu
1125 435 1302 500 simul
1333 442 1627 505 ventitare
1664 450 1722 504 et
1743 442 1803 503 in
1829 442 2104 504 multitu—

2195 444 2405 503 Παῦλον
2454 446 2796 523 ἀπρόσκοπος
2841 446 2985 502 εἶναι
3032 453 3182 503 πᾶσι.
3251 448 3355 504 Καὶ
3414 445 3592 524 ὥσπερ
3624 445 3826 510 ἐκεῖνος

469 532 637 613 dine,
671 539 734 592 ut
762 529 1104 591 voluerint:
1153 528 1442 592 mulieres
1478 549 1613 595 vero
1640 524 1824 594 noctu
1859 533 2101 613 quidem

470 637 712 684 servare
743 619 985 679 domum
1016 634 1029 678 :
1067 617 1334 679 interdiu
1365 623 1803 695 autem,venire
1826 630 2105 703 prompto

469 720 529 772 et
556 709 739 771 alacri
759 709 984 769 animo.
1020 706 1121 769 Sic
1143 705 1393 783 faciens,
1419 717 1482 772 et
1513 710 1572 771 in
1609 711 1828 773 talibus
1857 729 2107 773 versans

468 798 750 880 operibus
773 804 831 858 et
855 793 1868 881 sollicitudinibus,studebat,sicut
1889 800 2107 862 Paulus

470 905 601 950 esse
622 883 904 947 omnibus
933 885 1064 946 sine
1086 884 1419 948 otfensione
1446 886 1592 963 ‘9,et
1613 889 1770 951 sicut
1788 888 1889 950 ille
1909 889 2107 950 omni-

469 976 577 1040 bus
594 976 723 1037 sine
758 983 996 1055 sumptu
1025 974 1330 1054 praebebat
1350 975 1738 1057 Evangelium
1760 979 1820 1030 2(ι
1845 997 1858 1041 :
1886 982 1973 1041 sic
1994 999 2106 1040 au-

468 1076 585 1129 tem
620 1067 748 1146 ipse
770 1083 1009 1147 quoque
1043 1064 1211 1127 nullo
1243 1083 1317 1128 ex
1348 1066 1424 1128 iis
1454 1086 1586 1148 quas
1607 1078 1774 1131 erant
1799 1068 2102 1143 Ecclesiae,

466 1165 524 1219 et
547 1156 771 1237 quibus
800 1173 1015 1217 secure
1045 1154 1267 1218 licebat
1297 1156 1572 1219 omnibus
1604 1158 2103 1239 episcopis,nullo

465 1246 648 1309 modo
678 1254 769 1308 est
800 1253 1039 1318 usus,ut
1069 1245 1172 1322 qui
1201 1265 1503 1326 nunquam
1535 1249 1841 1328 aspexerit
1863 1248 1932 1309 ad
1959 1249 2099 1311 deli-

464 1338 588 1400 cias
609 1343 670 1397 et
686 1332 1442 1406 recreationes.Quomodo
1466 1336 1759 1417 enim,qui
1798 1338 1883 1399 vix
1911 1339 2101 1399 solum

463 1424 792 1505 attingebat
815 1424 1547 1505 nutrimentum,convivia
1564 1436 1759 1488 autem
1781 1439 1840 1488 et
1866 1446 2103 1507 compo-

468 1518 723 1579 tationes
745 1516 828 1577 ita
858 1513 1141 1593 fugiebat,
1176 1515 1333 1576 sicut
1356 1516 1518 1595 prius
1551 1517 1832 1588 diximus,
1872 1525 1934 1578 ut
1966 1535 2103 1578 cum

468 1606 632 1673 nullo
664 1605 821 1668 vesci
867 1604 1181 1665 induceret
1211 1604 1272 1664 in
1302 1604 1568 1666 animum
1591 1604 1622 1664 ?
1646 1605 2052 1678 Quamobrem
2079 1609 2106 1665 ?

466 1695 670 1760 Satius
691 1695 853 1758 enim
877 1693 1276 1755 fueritdicere
1297 1711 1535 1755 causam
1567 1712 1579 1756 :
1609 1699 1795 1755 visum
1833 1701 1923 1755 est
1944 1694 2103 1755 enim

2188 534 2455 593 ἀδάπανον
2513 535 2667 591 ἐτίθει
2711 537 2772 592 τὸ
2821 535 3167 614 Εὖαγγέλιον,
3236 535 3375 591 οὕτω
3418 534 3482 602 δὴ
3528 541 3615 592 και
3675 538 3826 600 αὐτὸς

2188 623 2356 681 οὐδενὶ
2416 625 2685 705 ἐκέχρητο
2740 631 2847 683 τῶν
2900 627 2999 692 τῆς
3061 623 3412 695 Ἐκκλησίας,
3450 626 3547 681 ὅσα
3578 648 3639 703 γε
3669 647 3826 701 προσ-

2189 716 2309 782 ήκει
2352 728 2471 777 τοῖς
2517 716 2832 779 ἐπισκόποις
2888 715 3067 792 πόθεν,
3127 715 3186 777 ὅς
3235 735 3296 791 γε
3326 717 3422 771 καί
3454 716 3617 781 αὐτῆς
3671 713 3827 789 μόλις

2189 803 2346 878 φάναι
2401 806 2600 883 τροφῆς
2644 802 2843 869 ἥπτετο
2876 818 2890 833 ⁸
2938 803 3208 877 συμπόσια
3256 803 3312 859 δὲ
3365 806 3453 860 καὶ
3512 803 3825 883 φιλοτησίας

2190 890 2326 947 οὕτω
2383 890 2627 969 παρεῖδε,
2661 895 2748 949 καὶ
2803 892 3198 970 βιωτικωτέρας
3233 892 3403 970 ἔκρινε
3449 901 3617 949 ταῦτα
3670 892 3826 972 φιλο-

2189 980 2392 1055 τιμίας,
2429 983 2503 1044 ὡς
2536 979 2673 1055 μηδὲ
2704 974 2977 1039 συσσιτεῖν
3009 982 3295 1062 ἀνέχεσθαι
3328 980 3541 1057 μηδενί.
3581 982 3679 1037 Διά
3731 982 3783 1037 τί
3812 1000 3825 1060 ς

2192 1067 2321 1125 Οὐδὲ
2393 1071 2493 1147 γὰρ
2545 1083 2736 1150 χεῖρον
2796 1070 3264 1151 ἀπολογήσασθαι,
3320 1071 3436 1127 ἐπεὶ
3486 1071 3574 1127 καὶ
3605 1068 3828 1134 πολλοῖς

2188 1157 2423 1236 σκληρὸν
2477 1161 2561 1214 καὶ
2621 1157 2811 1237 ἄφιλον
2846 1157 2983 1224 ἵδοξε
3029 1169 3208 1234 τοῦτο,
3255 1161 3342 1217 καὶ
3399 1166 3491 1216 τοῦ
3517 1159 3704 1238 ψέγειν
3733 1162 3827 1237 εγ-

2188 1249 2305 1324 γύς.
2369 1254 2559 1325 Πρῶτα
2609 1248 2707 1322 μὲν
2758 1248 2838 1304 ὅτι
2896 1248 2956 1304 ἐκ
2999 1249 3116 1305 νέου
3181 1256 3258 1323 τῷ
3302 1250 3578 1316 νηστεύειν
3621 1252 3826 1304 συνεθι-

2190 1336 2365 1409 αθείς,
2418 1339 2507 1393 καὶ
2583 1339 2875 1416 σύντροφον
2932 1342 3077 1411 αὖτῴ
3150 1340 3237 1394 καὶ
3297 1337 3472 1418 φίλον,
3535 1337 3691 1416 εἴπερ
3749 1360 3827 1401 τις

2188 1424 2388 1502 ἕτερος,
2451 1427 2841 1501 ποιησάμενος,
2899 1425 3051 1483 οἴνου
3109 1448 3166 1483 τε
3221 1429 3310 1484 καὶ
3367 1428 3567 1490 παντὸς
3650 1426 3828 1499 ἐτέρου

2186 1520 2278 1569 τοῦ
2335 1516 2519 1591 γαστρὲ
2590 1515 2985 1595 κεχαρισμένου
3061 1515 3389 1590 παμπληθὲς
3445 1515 3824 1595 ἀποσχόμενος

2188 1604 2264 1665 εἰς
2324 1613 2600 1678 τοσοῦτον,
2650 1606 2723 1668 ὡς
2775 1603 2931 1683 χυλῷ
2987 1607 3073 1661 καὶ
3118 1607 3265 1679 μόνῳ
3324 1608 3505 1683 κριθῆς
3549 1605 3668 1661 καθ’
3701 1605 3824 1660 ἐαυ-

2188 1694 2279 1750 τὸν
2341 1692 2569 1769 ἀποζῇν,
2607 1694 2862 1771 κρείττων
2896 1716 2952 1749 τε
2985 1697 3182 1770 σαρκὸς
3226 1697 3443 1772 ὁρᾶσθαι
3489 1698 3576 1751 καὶ
3635 1692 3827 1773 σχεδὸν

467 1788 584 1849 hoc
617 1784 820 1846 multis
851 1801 1131 1864 asperum
1165 1790 1223 1843 et
1253 1782 1578 1861 ingratum,
1612 1792 1670 1844 et
1700 1784 1877 1844 afﬁne
1898 1802 2106 1864 repre-

2195 1784 2371 1849 ἧσιτος
2425 1803 2482 1837 τε
2544 1782 2630 1839 καὶ
2682 1782 2909 1863 ἄτροφος
2967 1784 3137 1856 εἶναι,
3198 1786 3288 1840 καί
3350 1784 3478 1840 ὅσον
3528 1782 3589 1839 ἐκ
3642 1786 3828 1839 τοῦτου

470 1875 772 1938 bensioni.
804 1872 1070 1934 Primum
1098 1871 1367 1959 quidem,
1401 1872 1559 1951 quod
1591 1890 1724 1934 cum
1759 1875 1831 1933 ab
1862 1873 2109 1934 ineunte

472 1972 648 2027 :etate
697 1962 1061 2026 assuevisset
1107 1962 1365 2041 jejunio,
1422 1962 1603 2043 idque
1651 1972 1812 2024 esset
1841 1964 1895 2025 ei
1927 1962 2106 2024 veluti

469 2053 753 2115 coalitum
787 2061 846 2114 et
866 2057 1180 2124 usitatum,
1210 2070 1244 2112 a
1290 2058 1547 2132 vinoque
1601 2059 1661 2113 et
1714 2052 1923 2132 quovis
1965 2052 2107 2127 alio,

378 2140 379 2143 “
471 2143 630 2224 quod
665 2150 757 2203 est
788 2140 979 2202 ventri
1009 2140 1517 2220 gratum,omnino
1538 2140 2110 2216 abstinuissel,adeo

470 2242 532 2295 ut
576 2233 702 2295 solo
729 2231 942 2294 hordei
1002 2248 1182 2292 succo
1241 2229 1467 2292 viveret
1505 2238 1565 2291 et
1601 2248 1782 2292 carne
1808 2231 2105 2311 superior,

468 2323 713 2403 cibique
736 2331 797 2383 et
828 2330 998 2400 potus
1032 2338 1245 2400 expers
1276 2319 1708 2400 propemodum
1761 2321 2105 2383 videretur:

470 2432 606 2475 cum
632 2412 736 2473 ille
755 2410 1126 2473 stomachum
1152 2411 1264 2471 hac
1281 2428 1493 2490 aspera
1516 2418 1577 2470 et
1592 2427 1724 2491 qua;
1743 2409 1894 2471 nihil
1919 2411 2109 2473 hilare

472 2500 999 2582 habebat,vivendi
1022 2500 1252 2561 ratione
1283 2499 1453 2561 valde
1488 2500 1945 2579 corrupisset,et
1970 2501 2106 2562 eﬂ’e-

470 2594 653 2655 cisset
682 2600 746 2652 ut
779 2590 854 2653 ad
890 2589 1121 2652 nullum
1155 2587 1317 2650 aliud
1369 2588 1727 2650 sumendum
1764 2589 2103 2651 nutrimen-

473 2692 595 2743 tum
628 2689 788 2743 esset
820 2679 1096 2754 idoneus,
1114 2696 1269 2759 aegre
1295 2685 1525 2758 poterat
1545 2677 1766 2758 aliquid
1790 2677 2107 2740 admittere

470 2791 540 2833 ex
571 2770 808 2851 iis,quae
828 2770 963 2831 aliis
983 2779 1122 2831 sunt
1142 2765 1406 2845 grata.Et
1437 2768 1655 2828 idoneo
1686 2785 1805 2828 non
1831 2767 2107 2828 lubenter

468 2861 797 2940 aspiciebat
856 2858 1107 2940 aliquid,
1142 2857 1298 2937 quod
1336 2865 1497 2918 esset
1526 2864 1757 2936 gratum
1793 2856 2016 2935 gutturi
2048 2864 2108 2916 et

2192 1870 2331 1946 μηδὲ
2417 1876 2512 1947 ζῇν
2597 1872 3001 1947 πιστευόμενος,
3080 1875 3154 1938 εἰς
3238 1875 3289 1929 τί
3356 1870 3700 1951 καταλήγεις
3763 1878 3830 1948 τῇ

2194 1960 2403 2038 σκληρᾷ
2444 1962 2610 2036 ταύτῃ
2655 1962 2743 2018 καὶ
2798 1960 2944 2018 οὐδὲν
3005 1961 3185 2040 ἱλαρὸν
3232 1962 3441 2042 ἐχούσῃ
3497 1964 3583 2018 καὶ
3639 1960 3830 2041 φιλάν-

2190 2051 2398 2123 θρωπον
2460 2049 2650 2128 ἀγωγῇ
2703 2052 2795 2106 τὸν
2854 2052 3136 2131 στόμαχον
3204 2050 3527 2131 διαφθείρας,
3588 2049 3831 2131 χαλεπὸς

2191 2137 2257 2204 ἦν
2317 2138 2603 2216 προσέσθαι
2649 2161 2698 2194 τι
2751 2142 2857 2195 τὼν
2914 2140 3187 2210 ἀσυνήθων
3248 2142 3337 2198 καὶ
3393 2146 3623 2219 στερεῶν
3652 2155 3668 2171 ⁶
3729 2144 3828 2195 καὶ

2193 2225 2278 2283 διὰ
2332 2235 2488 2284 τοῦτο
2522 2226 2702 2295 ἀηδῶς
2734 2229 2871 2305 ἑώρα
2902 2231 3034 2306 πρὸς
3068 2237 3174 2286 πᾶν
3208 2229 3242 2286 ὅ
3270 2252 3316 2286 τι
3348 2231 3539 2310 χάριέν
3590 2229 3701 2286 ἐστι
3754 2236 3830 2302 τῷ

2193 2316 2395 2392 λαιμῷ,
2459 2320 2546 2375 καὶ
2609 2319 2709 2386 τὴν
2767 2317 2933 2395 ὄρεξιν
3007 2319 3344 2381 ἐκκαλεῖται.
3407 2320 3554 2385 Αὕτη
3599 2323 3696 2394 μὲν
3743 2326 3830 2375 οὖν

2193 2407 2333 2464 αἰτία
2409 2408 2503 2483 μία
2562 2415 2655 2463 τοῦ
2734 2408 2812 2482 μὴ
2889 2407 3130 2487 στέργειν
3199 2410 3357 2466 αὐτὸν
3416 2412 3478 2465 τὸ
3552 2412 3826 2484 ὁμόσιτον.

2192 2498 2422 2554 ’Ἔπειτα
2468 2498 2646 2575 κρίνας
2692 2497 2809 2554 καθ’
2860 2498 3046 2554 ἑαυτὸν
3091 2499 3181 2574 ἦν,
3242 2502 3316 2563 ὡς
3363 2498 3479 2574 εἴγε
3511 2498 3658 2555 τισίν
3692 2497 3829 2554 ἀνά·-

2196 2610 2389 2666 σχοιτο
2433 2594 2538 2643 τῶι
2570 2588 2605 2655 ἢ
2648 2587 2797 2666 φιλίᾳ
2827 2586 3213 2666 διαφερόντων,
3315 2587 3605 2668 ἀξιώμασι,
3640 2591 3828 2655 κοινῆς

2192 2678 2448 2755 μετέχειν
2493 2677 2787 2754 τραπέζης,
2851 2678 3096 2755 ἀνάγκην
3138 2677 3240 2743 ἕξει
3296 2679 3380 2734 καῖ
3428 2680 3561 2755 πρὸς
3619 2678 3830 2754 ἐτέρους

2193 2774 2347 2822 τοῦτο
2393 2779 2595 2827 ποιεῖν.
2660 2766 2815 2823 Ἐπεί
2866 2768 2983 2829 πῶς
3058 2766 3119 2822 ἂν
3192 2766 3341 2841 μένοι
3408 2768 3637 2844 καθαρὸν
3687 2769 3832 2839 αὒτῷ

2192 2857 2254 2911 τὸ
2324 2855 2832 2933 ἀπροσωπόληπτόν
2918 2877 2975 2912 τε
3051 2857 3142 2913 καὶ
3199 2855 3664 2930 ἀσκανδάλιστον;
3725 2857 3833 2914 Καί

472 2969 607 3012 cum
646 2949 941 3028 voluptate
973 2955 1334 3008 sumeretur.
1364 2952 1553 3024 Atque
1583 2947 1710 3007 haec
1744 2946 1987 3024 quldem
2021 2955 2112 3006 est

2195 2944 2362 3007 οὕτως
2421 2946 2494 3010 εἷς
2558 2944 2792 3007 πολλοὺς
2840 2949 2898 3002 τὸ
2942 2952 3167 3024 πρᾶγμα
3212 2944 3513 3020 διαϐαῖνον,
3565 2947 3627 3003 οὖ
3669 2947 3833 3020 μόνον

471 3058 592 3099 una
623 3056 824 3110 causa,
858 3055 965 3098 cur
996 3036 1230 3113 fugeret
1261 3052 1523 3107 mensas,
1560 3044 1618 3095 et
1668 3053 1801 3095 cum
1833 3034 1968 3094 aliis
1990 3053 2107 3095 non

2195 3034 2426 3112 ἔγκοπον
2467 3037 2654 3109 ἐκείνῳ
2712 3034 2858 3093 ἔσται
2919 3037 3006 3093 καὶ
3055 3034 3300 3115 ὀχληρὸν
3332 3036 3652 3111 ἀμελετήτῳ
3693 3037 3832 3091 πάνυ

474 3129 651 3189 iniret
679 3125 970 3188 convivia.
1010 3124 1239 3188 Deinde
1268 3123 1471 3197 etiam,
1506 3123 1664 3199 quod
1700 3142 1832 3183 cum
1865 3123 2021 3203 apud
2044 3141 2110 3185 se

2196 3123 2450 3180 τοιούτων
2511 3124 2623 3180 ὄντι
2680 3131 3094 3204 περισπασμῶν,
3171 3124 3311 3185 ἀλλά
3371 3125 3460 3181 καὶ
3531 3125 3832 3201 περικοπὴν

372 3222 381 3229 ’
466 3215 988 3297 judicassel,quod
1023 3213 1435 3274 siinduxisset
1469 3214 1529 3273 in
1552 3213 2108 3288 animum,utcom-

2198 3211 2409 3288 παρέξει
2454 3225 2571 3277 τοῖς
2633 3213 2969 3294 ἀναγκαίοις,
3020 3214 3115 3271 καί
3161 3215 3252 3278 οἷς
3297 3214 3459 3277 αὐτὸς
3488 3214 3645 3270 εἴωθε
3689 3235 3834 3291 σχο-

475 3305 735 3367 muniter
763 3310 1108 3364 vesceretur
1136 3320 1267 3363 cum
1304 3301 1510 3381 iis,qui
1534 3301 1624 3364 vel
1648 3300 1911 3363 amicitia
1939 3311 2109 3364 ante-

2195 3301 2394 3376 λάζειν,
2444 3304 2727 3383 προσευχῆ
2788 3303 2934 3382 λέγω
2994 3306 3083 3360 καὶ
3140 3311 3418 3384 προσοχῇ,
3467 3305 3555 3360 καὶ
3612 3310 3680 3380 τῇ
3730 3304 3835 3359 τῶν

475 3394 700 3456 cellunt
749 3401 848 3454 aut
900 3392 1213 3471 dignitate,
1282 3409 1527 3452 necesse
1559 3390 1807 3453 habebit
1840 3391 1897 3452 id
1931 3392 2108 3453 etiam

2195 3390 2375 3448 καλῶν
2421 3389 2619 3471 διδαχῇ
2661 3412 2675 3427 ⁸
2738 3396 2811 3450 ὧν
2885 3394 3055 3458 οὕτως
3119 3394 3346 3470 ἐγίνετο,
3410 3395 3483 3458 ὡς
3528 3394 3615 3448 καὶ
3672 3391 3836 3458 αὐτῆς

473 3485 672 3545 facere
704 3501 838 3544 cum
869 3482 1184 3544 aliis.Nam
1211 3480 1512 3561 quomodo
1535 3480 1878 3542 conservari
1911 3488 2112 3562 potue-

2197 3479 2458 3545 πολλάκις
2504 3486 2604 3547 τῆς
2651 3489 2849 3561 μικρᾶς
2910 3483 3121 3550 ἐκείνης
3174 3488 3378 3563 τροφῆς
3411 3486 3835 3560 κατολιγωρεῖν,

474 3575 574 3647 rit,
602 3583 664 3635 ut
691 3571 843 3634 nulli
873 3572 952 3634 sit
982 3570 1322 3650 oti'ensioni,
1359 3588 1557 3648 neque
1590 3570 1874 3650 cuiquam
1907 3571 2112 3632 afferat

2195 3575 2298 3650 οὐχ
2358 3569 2440 3626 ὅτι
2501 3573 2588 3626 καὶ
2632 3570 2923 3647 τραπέζαις
2971 3571 3123 3652 ἔχειν
3187 3569 3387 3628 διδόναι
3447 3569 3686 3651 σχολὴν,
3748 3573 3836 3627 καὶ

476 3662 845 3725 molestiam?
873 3662 1094 3741 Sicque
1128 3679 1224 3722 res
1256 3661 1328 3721 ad
1381 3659 1602 3721 multos
1635 3660 1960 3737 transiens,
1994 3679 2112 3722 non

474 3754 667 3815 solum
695 3752 778 3813 illi
799 3752 997 3813 futura
1021 3749 1497 3813 essetlaboriosa
1520 3758 1576 3811 et
1608 3751 1881 3823 molesta,
1917 3757 1981 3810 ut
2009 3749 2114 3830 qui

477 3862 596 3906 non
628 3849 788 3904 esset
817 3851 1089 3903 versatus
1122 3840 1178 3900 in
1214 3840 1395 3901 rebus
1427 3837 1907 3917 hujusmodi,sed
1934 3840 2112 3901 etiam

474 3931 881 4010 interruptura
931 3936 1093 3991 esset
1152 3929 1491 3989 necessario
1526 3935 1584 3989 et
1613 3945 1704 4002 ea,
1742 3928 1959 4008 quibus
1986 3928 2115 4006 ipse

475 4040 686 4085 vacare
703 4017 1836 4098 consueverat,orationem,inquam,et
1859 4017 2115 4080 medita-

478 4112 700 4172 tionem
734 4119 793 4169 et
823 4125 1025 4169 rerum
1056 4108 1443 4168 honestarum
1475 4106 1811 4168 doctrinam
1842 4127 1855 4168 :
1894 4106 2117 4186 quibus

478 4201 628 4261 adeo
662 4205 788 4258 erat
815 4196 1071 4267 deditus,
1099 4204 1159 4256 ut
1190 4196 1302 4257 hoc
1333 4213 1491 4274 sape
1526 4213 1766 4275 parvum
1792 4195 2120 4275 negligeret

480 4288 917 4349 nutrimentum
954 4305 968 4346 :
1010 4292 1234 4345 tantum
1286 4283 1517 4358 aberat,
1576 4292 1642 4345 ut
1673 4293 1879 4365 posset
1907 4302 2118 4348 vacare

479 4379 701 4440 mensis
725 4386 784 4438 et
804 4376 940 4438 aliis
963 4374 1278 4436 inutilibus
1296 4384 1355 4437 et
1376 4372 2116 4455 supervacaneisQuamo-

480 4467 648 4528 brem
680 4466 824 4527 satis
851 4474 986 4545 apte
1005 4471 1236 4544 poterat
1269 4464 1474 4526 dicere
1500 4463 1646 4525 illud
1678 4463 2113 4542 Apostolicum:

2195 3661 2459 3721 τοιούτοις
2504 3659 2789 3730 ἀνονήτοις
2844 3664 2939 3716 καὶ
2989 3675 3295 3741 περιττοῖς,
3339 3660 3425 3740 ἐφ’
3469 3661 3558 3724 οἷς
3590 3657 3742 3717 οὐδὲν
3770 3660 3833 3726 ἦν

2195 3748 2400 3821 ἀπᾷδον
2456 3750 2614 3806 αὐτὸν
2674 3748 2851 3828 λέγειν
2916 3756 2977 3807 τὸ
3034 3751 3392 3809 ἀποστολικὸν
3446 3749 3625 3808 ἐκεῖνό
3666 3768 3834 3830 ιρημιο

2204 3838 2361 3898 ι”Οτι
2392 3839 2488 3896 οὒκ
2520 3837 2635 3905 ἐξὸν
2664 3841 2802 3914 ἡμῖν
2836 3841 3233 3907 καταλιπόντας
3263 3843 3357 3897 τὸν
3378 3839 3537 3918 λόγον
3559 3845 3653 3896 τοῦ
3676 3845 3837 3910 Θεοῦ,

2198 3928 2483 4007 τραπέζαις
2515 3926 2809 3988 διακονεῖν.
2844 3950 2868 3987 ι
2906 3928 3125 3994 ’Ἄλλως
3156 3951 3213 3985 τε
3245 3930 3324 4005 δὲ,
3357 3931 3456 3987 κᾶν
3487 3927 3659 3995 ἔδοξεν
3690 3927 3841 4001 αὒτῷ

2198 4028 2353 4077 τοῦτο
2396 4031 2600 4091 ποιεῖν,
2651 4018 2862 4097 ἀνάγκη
2921 4021 3028 4074 τῶν
3085 4017 3176 4075 δύο
3247 4020 3461 4082 πάντως
3516 4015 3837 4093 συμϐαίνειν

2198 4108 2442 4186 θάτερον,
2491 4108 2527 4175 ἢ
2581 4108 2853 4185 ἀφάμενον
2896 4110 2996 4176 της
3043 4110 3300 4179 συνήθους
3329 4114 3557 4188 τροφῆς,
3592 4108 3843 4185 ἀναγκά-

2199 4203 2380 4270 ζεσθαι
2440 4198 2695 4277 μετέχειν
2754 4200 2860 4255 τῶν
2923 4198 3273 4279 παχυτέρων,
3337 4201 3429 4256 καὶ
3469 4202 3544 4255 ὧν
3588 4201 3618 4254 ὁ
3662 4199 3850 4275 καιρὸς

2201 4286 2368 4344 ἐδίδου
2450 4288 2570 4351 τοὺς
2653 4290 2937 4363 ὁμοσίτους
3010 4286 3446 4365 μεταλαμϐάνειν
3501 4288 3656 4367 (ὅπερ
3738 4290 3851 4365 οὐχ

2200 4377 2348 4440 ὅπως
2398 4380 2541 4452 αὐτῷ
2585 4375 2878 4456 συμφέρον,
2926 4375 3064 4434 ἀλλά
3121 4378 3212 4435 καὶ
3265 4375 3405 4442 ὅλως
3466 4376 3719 4434 ἀδύνατον
3752 4383 3851 4433 τοῦ

2203 4467 2505 4547 στομάχου,
2553 4467 2791 4542 καθάπερ
2839 4465 2997 4547 ἔφην,
3059 4466 3395 4548 διεφθορότος
3458 4468 3549 4524 καὶ
3592 4467 3850 4543 πονήρως

485 4581 512 4613 α
548 4555 676 4617 Non
731 4555 872 4617 licet
924 4554 1122 4629 nobis,
1162 4553 1370 4615 relicto
1420 4554 1602 4614 verbo
1633 4552 1743 4615 Dei
1776 4553 2112 4617 ministrare

2200 4555 2306 4624 ἤδη
2351 4554 2741 4636 διακειμένου),
2787 4555 2822 4624 ἢ
2851 4564 3013 4614 τοῦτο
3039 4557 3324 4636 φεύγοντα,
3358 4557 3448 4613 καὶ
3485 4561 3586 4624 τῆς
3633 4554 3849 4623 λεπτῆς

485 4651 706 4707 mensis
734 4645 780 4689 2‘
825 4670 849 4702 υ
910 4644 1155 4725 Alioqui
1186 4652 1383 4705 autem
1417 4642 1468 4703 si
1507 4642 1691 4704 visum
1726 4643 1782 4704 ei
1812 4652 1974 4706 esset
2005 4645 2119 4705 hoc

478 4735 702 4809 facere,
730 4752 982 4798 necesse
1013 4742 1140 4795 erat
1170 4735 1440 4812 omnino,
1474 4741 1539 4792 ut
1571 4732 1825 4793 duorum
1858 4732 2116 4797 alterum

484 4824 774 4887 eveniret:
801 4841 1021 4903 nempe
1043 4828 1106 4883 ut
1125 4831 1224 4884 aut
1256 4830 1545 4882 consueto
1567 4820 1854 4884 alimento
1886 4823 2117 4903 relicto,

479 4921 796 4992 cogeretur
827 4912 990 4975 vesci
1023 4910 1420 4973 crassioribus
1447 4919 1504 4971 et
1533 4910 1631 4984 iis,
1665 4909 1882 4990 quibus
1906 4930 2118 4975 vesce-

483 5003 701 5065 bantur
730 5003 1033 5064 convivae:
1062 4999 1221 5081 quod
1256 5000 1500 5076 quidem
1536 5018 1655 5061 non
1690 5000 1866 5062 modo
1916 5004 1969 5063 ei
2002 5020 2122 5064 non

482 5090 1018 5168 conveniebat,sed
1043 5107 1156 5152 nec
1171 5091 1422 5152 omnino
1437 5089 1493 5150 id
1509 5088 1708 5151 facere
1725 5097 2119 5166 poterat,cum

485 5180 1038 5259 male,utdiximus,
1068 5186 1228 5242 esset
1248 5178 1304 5241 ei
1328 5177 1578 5240 affectus
1601 5179 1986 5243 stomachus:
2020 5188 2123 5243 aut

482 5272 531 5332 si
561 5271 673 5333 hoc
694 5270 1014 5349 fugeret,et
1037 5270 1203 5331 tenui
1225 5269 1392 5331 victu
1418 5275 1712 5339 uteretur,
1747 5268 1820 5328 iis
1841 5269 1941 5349 qui
1970 5288 2119 5331 con-

483 5360 850 5433 vivabantur,
883 5360 1065 5439 gratis
1102 5358 1409 5420 videretur
1445 5367 1503 5417 et
1528 5357 1816 5419 molestus
1851 5376 1864 5418 :
1899 5359 2122 5440 etquid

484 5449 648 5514 aliud
679 5448 1141 5523 existimaretur,
1191 5463 1367 5528 quam
1426 5445 1545 5508 hoc
1597 5444 1793 5509 facere
1821 5451 2124 5531 superbia:

564 5618 618 5662 ¹⁰
644 5616 671 5683 Ι
698 5617 835 5683 Cor.
870 5633 930 5693 ι,
966 5616 1067 5679 39.
1152 5611 1260 5679 ποι
1289 5613 1425 5678 Cor.
1455 5632 1539 5693 rx,
1574 5616 1674 5682 l3.
1760 5613 1811 5661 ’ί
1840 5619 1979 5683 Act.
2008 5637 2093 5700 v1,
2122 5624 2186 5691 2.

2201 4646 2465 4726 ἐχόμενον
2496 4647 2586 4703 καὶ
2624 4642 2760 4721 μηδὲ
2794 4659 3026 4713 πτηνοῖς
3060 4647 3325 4723 ἀρκούσης
3359 4647 3590 4726 τροφῆς,
3623 4645 3854 4723 ἄκαιρον

2202 4748 2320 4800 τοῖς
2383 4732 2827 4809 συνεστιωμένοις
2884 4734 3209 4814 ὑπειλῆφθαι
3273 4737 3363 4793 καὶ
3425 4735 3695 4814 φορτικὸν,
3756 4735 3857 4791 καὶ

2204 4826 2265 4880 τὸ
2308 4823 2436 4882 ὅλον
2481 4825 2646 4903 τύφου
2691 4826 2779 4881 καὶ
2824 4828 2988 4891 κενῆς
3039 4822 3198 4890 δόξης
3243 4831 3467 4903 πρᾶγμα
3513 4822 3856 4903 διαπραττό-

2205 4933 2387 4989 μενον.
2420 4913 2618 4991 Ἔργον
2646 4912 2746 4988 μὲν
2784 4912 2876 4971 οὗν
2908 4914 3051 4987 αὐτῷ
3079 4912 3526 4985 σπουδαιότατον,
3577 4913 3665 4970 καὶ
3724 4913 3857 4970 ὥσ-

2203 5024 2301 5082 περ
2332 5001 2397 5073 δή
2429 5024 2583 5083 φασι,
2615 5003 2703 5059 καὶ
2741 5002 3007 5083 ἀσχολίας
3035 5003 3341 5081 ὑπέρτερον,
3367 5004 3429 5059 τὸ
3456 5008 3526 5080 τῇ
3556 5009 3862 5084 προσευχῇ

2204 5095 2557 5170 προσκεῖσθαι
2616 5093 2705 5149 καὶ
2747 5096 3019 5172 προσοχῇ,
3067 5094 3156 5149 καὶ
3214 5105 3332 5157 τοῖς
3365 5095 3440 5155 εἷς
3473 5093 3607 5149 Θεὸν
3637 5091 3860 5157 αἵνοις.

2208 5179 2353 5250 Πλὴν
2397 5179 2516 5239 οὐδὲ
2548 5182 2655 5238 τῶν
2716 5188 2915 5239 κοινῶν
2969 5181 3156 5257 ἠμέλει
3201 5180 3491 5257 συνάξεων,
3525 5183 3617 5238 καὶ
3645 5180 3752 5239 ὅσα
3788 5182 3866 5251 δὴ

2202 5274 2294 5329 τὸν
2346 5273 2530 5349 καιρὸν
2584 5270 2702 5350 ἔχει
2763 5271 3111 5349 τεταγμένον,
3195 5272 3322 5329 οἷον
3386 5275 3697 5350 νυκτερινῆς
3760 5277 3869 5330 καὶ

2205 5360 2409 5442 ὀρθρίου
2452 5361 2540 5417 καί
2582 5362 2681 5429 τῆς
2737 5358 2855 5418 καθ’
2901 5360 3129 5441 ἑσπέραν
3179 5359 3512 5439 δοξολογίας,
3577 5360 3716 5419 ἀλλὰ
3764 5365 3874 5420 καὶ

2204 5454 2266 5512 τὸ
2324 5451 2516 5532 φθάσαι
2577 5450 2700 5516 τοὺς
2757 5447 2953 5516 ἄλλους
3011 5451 3110 5518 τῆς
3154 5454 3343 5516 νυκτὸς
3396 5450 3723 5529 ἀναστάντα,
3768 5453 3873 5509 καὶ
