4060 6200
367 351 512 416 1101

1410 353 1595 416 VITA
1640 352 1700 415 s.
1760 351 2088 415 JOANNIS
2126 330 2682 414 CHRYSOSTOMI.

3578 353 3730 418 1102
3806 424 3811 433 ,

363 491 459 553 τὰς
528 495 621 545 τοῦ
663 490 792 545 ναοῦ
854 487 1039 568 Δπύλαις
1100 488 1312 566 πρῶτον
1383 487 1693 567 ὑπανοῖξαι,
1752 486 2000 546 Ἰωάννου

2086 504 2266 550 causa
2298 493 2359 548 et
2388 503 2552 548 vanae
2577 484 2835 565 gloriae?
2880 484 2997 548 Sed
3025 485 3101 547 de
3130 486 3224 548 his
3259 486 3502 568 quidem
3538 489 3682 552 satis
3716 509 3732 553 :

363 577 794 658 φιλοτιμήματα.
850 563 949 633 Ἠν
994 575 1049 633 δὲ
1093 579 1121 634 ὁ
1162 591 1411 656 γενναῖος
1462 580 1522 634 οῦ
1550 579 1779 635 συνιέναι
1839 578 2001 650 μόνον

358 666 611 733 ὀξυτατος
666 668 733 723 τὰ
787 668 865 743 μὴ
910 678 1027 731 τοῖς
1070 665 1296 729 ποὶλοῖς
1341 665 1536 735 ἔνδηλα
1591 672 1699 722 τῶν
1756 674 1999 746 Γραφῶν,

362 758 637 836 εὐστόχως
668 778 725 813 τε
756 757 1267 836 καταστοχάσασθαι
1319 761 1416 824 τῆς
1475 763 1569 812 τοῦ
1597 754 1851 836 λέγοντος
1884 754 2002 811 δια-

362 835 678 925 νοίαςη(καῖ
737 848 891 902 τοῦτο
1071 847 1134 902 τὸ
1186 852 1278 902 τοῦ
1347 843 1731 919 Σαλομῶντος,
1794 835 2002 913 Ῥήσεις

363 940 561 1013 γνῶιαι
620 941 799 1015 σοφῶν
853 937 941 991 καὶ
993 935 1332 1013 αἰνίγματα),
1383 932 1520 991 ἀλλὰ
1564 936 1651 991 καὶ
1682 938 2003 1011 ἑρμηνεῦσαι

363 1026 425 1082 τὸ
483 1026 674 1093 νοητὸν
725 1023 967 1092 εὖληπτα
1016 1026 1102 1081 καί
1132 1023 1475 1104 διαφωτίσαι,
1507 1026 1602 1081 καί
1632 1024 1692 1080 τὸ
1720 1031 1812 1080 τοῦ
1842 1023 2004 1101 λόγου

365 1113 528 1181 δῆλον
585 1114 726 1186 αύτῷ
782 1115 871 1171 καὶ
929 1112 1111 1194 τύφλῴ
1159 1113 1361 1186 θέσθαι,
1421 1119 1527 1169 τῶν
1564 1113 1623 1169 ἐκ
1668 1121 1757 1171 τοῦ
1808 1115 2005 1178 παντὸς

364 1206 553 1268 αἰῶνος
610 1203 977 1282 εὖγλώττατός
1039 1225 1096 1259 τε
1155 1204 1244 1259 καὶ
1285 1203 1637 1266 ἱκανώτατος,
1687 1203 1868 1276 Τούτῳ
1904 1205 2003 1259 πό·-

359 1296 452 1358 θος
514 1293 611 1365 μὲν
668 1294 734 1362 ἧν
786 1295 870 1350 καὶ
916 1294 1048 1371 πρὸς
1103 1291 1307 1354 ποίντας
1364 1293 1487 1358 τοὺς
1553 1292 1746 1369 σοφούς
1799 1313 1856 1347 τε
1918 1293 2001 1348 καὶ

362 1383 654 1461 μακαρίους
712 1380 925 1461 ἄνδρας,
981 1383 1260 1462 προφήτας
1311 1384 1450 1457 φημί
1502 1384 1588 1439 καὶ
1641 1381 1998 1454 ἀποστόλους,

359 1474 449 1529 καὶ
477 1471 623 1537 ὅσοις
658 1470 724 1539 δὴ
753 1473 839 1528 θιὰ
867 1470 1166 1547 πνεύματος
1197 1474 1224 1528 ὁ
1270 1470 1429 1547 λόγος
1481 1473 1765 1552 προήχθη,
1812 1471 1998 1546 ἀμέλει

359 1564 447 1619 καὶ
503 1560 623 1618 ὅσαι
676 1563 810 1639 ὧραι
870 1568 978 1618 τῶν
1019 1558 1240 1636 βιϐλίων
1284 1562 1458 1618 αὒτῶν
1512 1561 1725 1640 εἴχετο,
1762 1561 2001 1622 καὶτοῖς

360 1652 593 1729 ῥήμασιν
640 1650 915 1728 ὲνετρύφα,
970 1653 1071 1726 (τῷ
1125 1650 1225 1728 γὰρ
1256 1651 1452 1731 ὁμοίῳ,
1485 1653 1636 1728 φασὶ,
1670 1652 1731 1706 τὸ
1765 1649 1999 1727 ὅμοιον),

362 1739 555 1797 Παύλω
582 1738 635 1796 δὲ
682 1745 762 1813 τῷ
819 1738 1008 1815 κήρυκι
1062 1741 1152 1796 καὶ
1195 1741 1598 1818 προσετετήκει,
1661 1740 1748 1795 καὶ
1800 1738 2002 1814 ἱμέροις

2088 577 2277 639 oratio
2296 582 2495 638 autem
2522 575 2812 655 deinceps
2829 575 3060 656 reliqua
3075 575 3290 638 ordine
3310 587 3730 659 persequatur.

2085 667 2410 729 Maximum
2442 683 2581 745 ergo
2615 665 2678 725 in
2711 665 2823 726 hoc
2873 665 3132 745 ponebat
3164 665 3450 740 studium,
3485 674 3545 729 ut
3578 669 3735 731 assi-

2087 754 2205 816 due
2232 762 2575 816 versaretur
2605 755 2666 815 in
2699 753 2973 816 oratione
3007 760 3067 816 et
3098 753 3518 829 meditatione,
3541 765 3599 819 et
3628 775 3734 820 re-

2085 861 2218 904 rum
2254 844 2640 906 honestarum
2674 843 2946 905 doctrina
2974 850 3034 904 et
3060 843 3168 904 Dei
3211 842 3578 909 laudatione.
3614 846 3734 909 Sed

2088 950 2282 1012 neque
2296 949 2647 994 communes
2666 931 3009 1011 negligebat
3028 934 3621 1012 congregationes,et
3635 953 3732 1011 ea,

2086 1039 2218 1101 quae
2247 1028 2483 1101 tempus
2514 1021 2741 1082 habent
2788 1023 3208 1097 constitutum,
3246 1031 3451 1103 utpote
3484 1032 3734 1086 noctur-

2087 1119 2317 1183 nam,et
2336 1111 2780 1182 matutinam,et
2805 1129 2939 1188 qua:
2963 1112 3025 1171 fit
3050 1112 3730 1192 vespere,gloriﬁcatio-

2085 1217 2247 1262 nem.
2283 1200 2624 1273 Quinetiam
2644 1199 3339 1264 contendebatJoannes
3371 1210 3550 1264 noctu
3584 1221 3732 1284 pro-

2084 1288 2307 1350 cedens
2332 1288 2483 1351 alios
2516 1289 2872 1371 praevenire,
2908 1296 2965 1352 et
2991 1289 3200 1369 templi
3234 1296 3439 1372 portas
3469 1291 3734 1372 primum

2084 1378 2487 1458 aperire.Haac
2509 1386 2706 1440 autem
2732 1379 3103 1460 cujusmodi?
3116 1380 3257 1442 Erat
3274 1379 3433 1441 enim
3459 1381 3738 1461 egregius

2082 1466 2347 1530 Joannes
2379 1469 2792 1541 acutissimus,
2825 1487 2946 1530 non
2977 1468 3169 1530 solum
3203 1469 3276 1530 ad
3304 1468 3739 1549 intelligendas

2087 1556 2589 1639 Scriptnras,quse
2606 1576 2638 1617 a
2655 1557 2834 1635 vulgo
2857 1576 2975 1619 non
2998 1566 3248 1638 possunt
3269 1561 3732 1642 comprehendi,

2086 1654 2141 1706 et
2174 1648 2250 1706 ad
2281 1645 2424 1707 dicti
2460 1646 2899 1727 conjiciendam
2933 1665 3217 1726 germane
3243 1650 3603 1712 sententiam
3637 1650 3738 1713 iu-

2086 1734 2561 1812 geniosissimus,
2597 1744 2656 1797 et
2689 1742 2754 1798 ut
2786 1735 2934 1797 dicit
2968 1734 3252 1799 Salomon
3280 1736 3364 1811 2’,
3399 1738 3473 1800 ad
3507 1756 3735 1818 cogno-

360 1832 492 1886 τισὶν
550 1828 875 1907 ἀπορῤήτοις
934 1831 1077 1902 αὖτῷ
1131 1829 1453 1903 συνηπτετο,
1516 1830 1603 1885 καὶ
1653 1827 1834 1905 λόγοις
1886 1840 2000 1892 τοῖς

2087 1822 2314 1884 scenda
2346 1822 2505 1885 dicta
2536 1824 2876 1903 sapientum
2928 1834 2988 1887 et
3044 1827 3379 1908 aenigmata,
3415 1828 3521 1890 sed
3557 1830 3736 1890 etiam

361 1918 562 1976 ἐκείνου
612 1917 783 1991 διέζη.
823 1919 920 1976 Καὶ
968 1916 1131 1985 δῆλός
1188 1917 1300 1974 ἐστι
1353 1916 1614 1997 πολλαχῆ
1670 1922 1776 1974 τῶν
1826 1916 2001 1992 λόγων

365 2012 523 2069 αὐτοῦ
581 2007 948 2084 μεμνημένος,
1009 2008 1099 2064 καί
1147 2014 1300 2065 τοῦτο
1352 2007 1549 2085 τροφὴν
1580 2005 1767 2074 ἡδεῖαν
1809 2008 2002 2064 ποιού-

363 2120 549 2174 μενος,
582 2099 671 2155 καὶ
723 2102 824 2164 τῆς
879 2095 934 2152 ὲν
980 2096 1124 2170 αὖτῷ
1165 2095 1363 2176 φλογὸς
1422 2096 1777 2176 παραμύθιον.
1843 2095 2001 2154 ’Ὅθεν

360 2189 449 2244 καὶ
505 2187 639 2243 κατὰ
693 2187 813 2252 τοὺς
872 2183 1083 2265 δριμεῖς
1142 2185 1364 2264 ἐραστὰς
1423 2187 1509 2242 καὶ
1569 2185 1708 2243 πάνυ
1771 2184 2002 2248 διακαῶς

362 2277 614 2357 ἔχοντας,
671 2278 760 2335 καὶ
814 2278 1075 2345 ἡττῆσθαι
1124 2277 1312 2334 τούτου
1361 2275 1623 2353 ὁμολογεῖ
1650 2277 1737 2333 καὶ
1767 2274 2001 2331 δυσαπο-

364 2366 614 2431 σπάστως
671 2366 822 2446 ἔχειν
856 2384 872 2400 ’
933 2366 1025 2423 καὶ
1082 2367 1155 2427 ὡς
1214 2363 1464 2444 ἀλλαχοῦ
1493 2364 1590 2439 μὲν
1621 2366 1763 2438 αὗτῷ
1794 2366 1828 2432 ἡ
1865 2364 2003 2439 ὁρμὴ

359 2466 453 2514 τοῦ
507 2455 693 2534 λόγου,
755 2455 941 2513 τούτου
1008 2453 1063 2510 δὲ
1108 2456 1183 2518 εἷς
1222 2455 1445 2529 μνήμην
1498 2452 1730 2530 ἐλθόντι,
1764 2453 2002 2529 καθάπερ

361 2545 463 2600 ὑπό
517 2567 676 2601 τινων
738 2543 939 2600 ἁλῶναι
997 2543 1229 2617 δεσμῶν,
1298 2544 1384 2600 καὶ
1428 2544 1514 2599 ἒπὶ
1571 2542 1706 2599 πολὺ
1765 2555 2001 2600 συνεῖναι

360 2633 566 2714 φιλεῖν,
599 2634 796 2707 καὶμὴ
845 2631 1033 2710 ῥᾳδίως
1079 2632 1460 2707 ἀπαλλαγῆναι
1519 2631 1792 2693 δύνασθαι.
1850 2630 2002 2689 Οὕτω

358 2721 526 2787 πολὺς
571 2723 714 2794 αῦτῷ
770 2722 858 2777 καὶ
899 2720 1199 2798 ἀπόῤῥητος
1268 2723 1295 2777 ὁ
1345 2722 1476 2798 πρὸς
1542 2719 1750 2776 Παῦλον
1811 2722 1996 2794 πόθος,

358 2811 497 2868 ὥστε
527 2811 866 2889 ἁρμοζόντως
904 2810 1100 2889 είπέϊν,
1133 2817 1288 2866 τοῦτο
1329 2810 1474 2865 εἶναι
1509 2808 1730 2875 Ἰωάννη
1765 2807 1995 2877 Παῦλον,

2086 1913 2158 1974 ad
2184 1912 2264 1987 id,
2292 1912 2449 1994 quod
2482 1912 2884 1991 intellexerat,
2915 1914 3092 1977 facile
3117 1914 3642 1997 interpretandum
3674 1927 3739 1980 et

2086 2000 2540 2082 illustrandum,
2574 2013 2631 2065 et
2662 2013 2723 2064 ut
2754 2003 2997 2080 dicitur,
3025 2004 3099 2066 ad
3130 2003 3190 2066 id
3224 2005 3314 2067 vel
3349 2025 3507 2069 caeco
3532 2014 3739 2089 aperte

2089 2091 2799 2169 ostendendum,eorum,
2818 2093 2922 2175 qui
2944 2094 3188 2158 luerunt
3210 2112 3279 2158 ex
3302 2097 3465 2157 omni
3488 2096 3732 2171 saeculo,

2090 2180 2553 2244 facundissimus
2581 2191 2638 2244 et
2698 2182 2954 2245 maxime
3002 2184 3287 2248 idoneus.
3312 2184 3459 2265 Ejus
3489 2186 3734 2267 quidem

2088 2281 2220 2334 erat
2251 2290 2504 2351 magnus
2532 2291 2703 2333 amor
2736 2273 2798 2334 in
2829 2292 3062 2349 omnes,
3096 2274 3201 2352 qui
3258 2293 3392 2336 cum
3440 2294 3535 2352 eo,
3572 2274 3736 2354 quod

2088 2360 2167 2440 pii
2198 2360 2438 2421 fuerunt
2471 2379 2541 2422 ex
2568 2360 2906 2433 Deo,etiam
2930 2362 3108 2424 vitam
3134 2372 3392 2441 egerunt
3418 2382 3432 2426 :
3464 2365 3733 2445 prejcbe-

2089 2460 2198 2525 tas,
2233 2450 2501 2531 inquam,
2554 2459 2614 2511 et
2671 2451 2999 2532 apostolos,
3055 2460 3115 2513 et
3145 2452 3368 2532 quibus
3398 2452 3593 2515 oratio
3627 2470 3737 2534 per

2086 2540 2359 2619 spiritum
2396 2541 2768 2619 promanavit
2802 2560 2815 2599 :
2853 2541 2915 2600 in
2944 2557 3153 2602 eorum
3190 2548 3357 2603 certe
3390 2541 3561 2605 libris
3590 2560 3731 2604 ver-

2086 2628 2332 2692 sabatur
2361 2630 2623 2703 assidue,
2662 2640 2722 2691 et
2754 2630 2813 2690 in
2839 2648 3046 2691 eorum
3073 2630 3271 2692 verbis
3296 2631 3613 2694 maximam
3642 2651 3738 2695 ca-

2088 2716 2288 2797 piebat
2316 2718 2703 2798 voluptatem.
2736 2718 2948 2781 Simile
2994 2718 3184 2799 enim,
3223 2728 3286 2781 ut
3328 2719 3517 2794 aiunt,
3552 2721 3736 2784 simili

2085 2806 2438 2868 delectatur.
2480 2806 2662 2869 Paulo
2714 2816 2914 2869 autem
2968 2808 3230 2888 prmeoni
3262 2818 3422 2872 totus
3451 2811 3731 2873 adhaere-

353 2900 488 2979 ὅπερ
578 2899 770 2972 Παύλῳ
857 2900 1080 2975 Χριστὸς
1168 2899 1454 2977 ἐτύγχανε,
1531 2897 1733 2973 μᾶλλον
1791 2897 1845 2954 δὲ
1901 2900 1999 2952 καί

2086 2897 2311 2970 scebat,
2350 2904 2409 2957 et
2440 2895 2731 2958 ineffabili
2763 2897 3023 2977 quodam
3060 2897 3364 2960 desiderio
3417 2911 3547 2962 erat
3579 2919 3729 2963 con-

353 2988 577 3064 Ἰωάννῃ
635 2990 772 3048 κατὰ
824 2987 1030 3044 Παῦλον
1092 2987 1319 3064 Χριστός
1359 3004 1373 3017 ⁶
1421 2988 1535 3043 ἐπεὶ
1595 2990 1681 3043 καὶ
1754 2995 1995 3046 τοσοῦτοι

2086 2985 2344 3064 junctus,
2379 2995 2437 3046 et
2469 2984 2704 3047 vivebat
2734 2985 2898 3047 illius
2929 2987 3493 3051 sermonibus.Nam
3525 2996 3734 3070 aperte

353 3080 595 3137 κάκείνου
625 3078 710 3135 διὰ
739 3079 966 3151 Χριστὸν
998 3079 1045 3134 oi
1076 3082 1206 3154 πρὸς
1234 3077 1442 3134 Παῦλον
1473 3076 1687 3155 ἔρωτες.

2086 3074 2287 3135 multis
2326 3074 2386 3135 in
2423 3076 2572 3137 locis
2607 3074 2931 3137 verborum
2948 3078 3080 3154 ejus
3099 3077 3589 3160 meminit,idque
3606 3097 3727 3140 ma-

358 3184 507 3244 gnas
537 3165 703 3238 ducit
733 3183 870 3227 esse
900 3165 1149 3227 delicias
1179 3173 1236 3226 et
1268 3165 1519 3227 internae
1549 3166 1802 3226 ﬂamma:
1836 3164 2341 3226 consolationem.
2381 3163 2637 3245 Propter
2669 3184 2844 3245 quam
2897 3184 3133 3228 causam
3167 3167 3268 3229 ille
3300 3186 3538 3249 quoque
3562 3169 3731 3231 simi-

355 3256 493 3318 liter
535 3264 712 3336 atque
741 3254 784 3316 ii
815 3254 917 3336 qui
948 3263 1149 3317 amant
1182 3254 1419 3330 insane,
1448 3263 1510 3316 et
1537 3264 1682 3315 sunt
1727 3253 2304 3333 valde‘inﬂammati,
2340 3254 2558 3316 fatetur
2616 3274 2682 3315 se
2712 3254 2785 3316 ab
2819 3273 2889 3315 eo
2942 3271 3075 3317 esse
3104 3271 3475 3336 superatum,
3509 3266 3568 3320 et
3616 3277 3737 3322 non

357 3363 531 3425 posse
579 3343 655 3406 ab
687 3362 757 3405 eo
808 3343 1035 3419 divelli,
1066 3351 1125 3406 et
1154 3343 1379 3407 alicubi
1431 3344 1675 3424 quidem
1706 3342 1768 3404 in
1799 3344 1930 3423 ipso
1986 3342 2215 3423 impetu
2252 3344 2564 3417 orationis,
2602 3363 2735 3406 cum
2785 3343 2888 3407 ille
2927 3346 2981 3406 ei
3033 3346 3287 3408 venisset
3320 3347 3381 3407 in
3444 3356 3731 3424 mentem,

357 3442 562 3514 captus
590 3434 696 3495 fuit
724 3433 905 3497 veluti
937 3452 971 3495 a
1001 3433 1360 3515 quibusdam
1390 3434 1669 3509 vinculis,
1704 3441 1763 3495 et
1792 3433 2118 3512 plurimum
2151 3453 2286 3495 cum
2323 3452 2394 3496 eo
2429 3434 2652 3494 morari
2686 3434 3046 3510 magnifacit,
3081 3444 3140 3496 et
3181 3455 3301 3497 non
3329 3430 3504 3499 facile
3537 3447 3731 3518 potest

354 3522 430 3585 ab
460 3541 536 3586 eo
565 3522 901 3585 discedere.
936 3523 1079 3586 Tam
1119 3541 1368 3603 magnus
1409 3532 1467 3585 et
1501 3533 1615 3585 tam
1646 3521 1968 3583 ineffabilia
1998 3521 2109 3582 fuit
2139 3523 2272 3602 ejus
2302 3540 2471 3584 amor
2503 3523 2562 3583 in
2597 3522 2865 3600 Paulum,
2900 3538 2962 3583 ιιι
2991 3525 3088 3604 qui
3120 3524 3205 3586 sic
3234 3525 3547 3601 dicit,vere
3579 3527 3739 3593 dicat

354 3612 469 3675 hoc
513 3611 735 3676 Joanni
764 3630 899 3674 esse
950 3612 1224 3686 Paulum,
1259 3612 1420 3693 quod
1475 3610 1660 3675 Paulo
1693 3610 1803 3672 fuit
1854 3610 2173 3673 Christus:
2237 3612 2358 3672 imo
2386 3629 2529 3674 vero
2577 3612 2793 3674 Joanni
2850 3632 3085 3692 quoque
3115 3615 3224 3675 fuit
3275 3614 3546 3679 Christus
3577 3620 3732 3684 sicut

355 3701 564 3766 Paulo.
597 3703 749 3765 Nam
780 3711 981 3765 tantus
1010 3720 1249 3784 quoque
1277 3702 1439 3764 illius
1471 3708 1718 3781 propter
1749 3699 2044 3762 Christum
2079 3700 2188 3762 fuit
2216 3718 2386 3761 amor
2412 3702 2470 3761 in
2507 3700 2778 3764 Paulum.

441 3791 576 3853 KB'.
633 3793 829 3850 Τούτου
886 3805 1006 3858 ταῖς
1086 3792 1400 3857 Επιστολαϊς
1462 3791 1856 3871 ἐντυγχάνοντα
1912 3792 2000 3846 τὸν

2167 3788 2349 3851 XXII.
2387 3789 2531 3852 Cum
2554 3790 2686 3868 ejus
2706 3799 2907 3852 autem
2934 3789 3231 3871 Epistolas
3253 3792 3480 3872 legeret
3498 3796 3596 3858 hic
3620 3816 3738 3859 ma-

358 3881 526 3961 μέγαν
554 3887 743 3939 τοῦτον
801 3882 1055 3948 Ἰωάννην
1109 3883 1270 3961 φημὶ,
1306 3882 1393 3938 καὶ
1425 3879 1661 3956 μελέτην
1692 3882 1851 3942 αὑτὰς
1895 3880 1999 3955 ἑμ-

2086 3897 2236 3957 gnus
2254 3877 2611 3955 Joannes,et
2634 3880 2690 3940 in
2708 3896 2916 3940 earum
2933 3882 3318 3943 convenieuti
3345 3882 3739 3948 meditatione

361 3971 503 4048 μελῆ
574 3973 664 4029 καὶ
724 3973 926 4052 τροφὴν
994 3970 1213 4039 ἡδίστην
1278 3972 1622 4046 ποιούμενον,
1690 3969 1830 4026 ἀλλὰ
1889 3970 1997 4044 καὶ,

2087 3986 2367 4048 maguum
2402 3969 2669 4031 studium
2706 3976 2983 4049 poneret,
3011 3969 3345 4046 quinetiam
3381 3973 3576 4051 quoad
3606 3975 3739 4053 ejus

360 4067 434 4124 ὡς
478 4063 601 4120 οἶόν
627 4082 706 4135 τε,
742 4060 809 4116 δι’
844 4061 1041 4137 αὐτῶν,
1074 4063 1197 4125 οἶος
1228 4062 1329 4128 τὴν
1359 4061 1545 4141 ψυχὴν
1578 4062 1605 4116 ὁ
1646 4059 1875 4133 Παῦλος,
1910 4081 2000 4117 κα-

2086 4057 2221 4122 fteri
2246 4058 2672 4139 posset,qualis
2707 4066 2868 4120 esset
2895 4059 3135 4121 animus
3171 4059 3532 4132 Pauli,scire
3558 4080 3740 4145 cupe-

367 4154 627 4226 ταμαθετν
671 4148 1000 4229 γλιχόμενον
1063 4150 1196 4229 ἔρως
1249 4148 1459 4220 εἰσῆλθε
1510 4158 1603 4208 τοῦ
1644 4151 1855 4207 καὶτὸν
1885 4157 2000 4206 νοῦν

2086 4157 2349 4223 ret,eum
2379 4147 2566 4210 subiit
2584 4148 2952 4212 desiderium
2977 4165 3182 4211 earum
3207 4149 3547 4231 explicandi
3564 4152 3737 4215 intel-

365 4242 623 4320 ὶιιφράσαι
677 4242 768 4298 τὸν
826 4240 880 4296 ἐν
939 4244 1151 4314 αὐταῖς,
1199 4244 1291 4297 καὶ
1346 4242 1407 4298 τὸ
1437 4239 1633 4305 κάλλος
1677 4242 1765 4297 καὶ
1820 4240 2000 4317 βάθος,

2092 4239 2497 4319 ligentiam,et
2522 4239 2852 4315 efficiendi,
2879 4248 2942 4301 ut
2964 4239 3263 4319 perveniri
3290 4248 3491 4321 posset
3508 4241 3579 4303 ad
3604 4243 3738 4323 ejus

365 4330 497 4407 ὅπερ
558 4329 716 4386 εἰσέτι
774 4343 894 4394 τοϊς
954 4328 1183 4396 πολλοῖς
1242 4328 1441 4397 ἄδηλον
1528 4331 1620 4406 ἦν,
1682 4328 2000 4405 ἓκκαλύψαι.

2093 4329 2646 4410 profundum,quod
2671 4348 2704 4391 a
2727 4329 2928 4391 multis
2950 4328 3215 4391 nondum
3231 4337 3738 4410 rectecognosce~

366 4416 568 4495 Ἔργον
624 4425 906 4497 τοιγαροῦν
964 4419 1261 4499 ἁψάμενος,
1307 4421 1397 4477 καὶ
1453 4420 1586 4495 πρὸς
1645 4418 1785 4484 λέξιν
1817 4421 2000 4486 ταύτας

2096 4420 2448 4483 batur.Rem
2468 4420 2667 4500 itaque
2684 4428 3089 4498 aggressus,et
3114 4417 3244 4480 illas
3266 4418 3339 4480 ad
3363 4419 3607 4483 verbum
3633 4421 3735 4484 in-

367 4505 751 4585 διερμηνεύων,
810 4506 1108 4580 ἰπδοιάζων
1174 4532 1288 4573 πως
1342 4510 1431 4566 καὶ
1475 4506 1829 4583 ἀναδυόμενος
1891 4509 2000 4567 καθ’

2093 4510 2619 4591 terpretans,apud
2645 4527 2709 4570 se
2732 4507 3176 4589 quodammodo
3200 4506 3509 4572 dubitabat
3532 4520 3592 4574 et
3614 4511 3735 4574 dif-

370 4597 556 4654 ἑαυτὸν
589 4601 656 4665 ἦν
690 4612 703 4627 ·
742 4598 1012 4655 καὶτοῦτο
1040 4596 1095 4655 δὲ
1126 4599 1340 4663 πάντως
1372 4599 1474 4656 ὑπὸ
1532 4598 1625 4655 τοῦ
1676 4595 1873 4678 σφόδρα
1915 4621 2000 4677 φι-

2091 4598 2416 4664 ferebat.ld
2444 4607 2645 4660 autem
2670 4617 2739 4659 ex
2764 4616 2835 4660 eo
2863 4596 3354 4679 oriebatur,quod
3373 4597 3541 4661 illum
3563 4600 3735 4665 valde

369 4686 487 4744 λεῐν
516 4689 602 4743 καὶ
633 4686 876 4764 ἀρέσκειν
907 4688 1152 4768 ἀτεχνῶς
1187 4688 1490 4764 βούλεσθαι,
1522 4690 1594 4747 Τὸ
1624 4686 1679 4743 δὲ
1728 4685 2000 4766 ἀμφισϐη-

2093 4688 2392 4767 diligeret,
2428 4696 2487 4749 et
2516 4693 2572 4748 ei
2609 4688 2781 4750 vellet
2813 4687 3061 4749 omnino
3092 4686 3423 4768 placere.ld
3456 4707 3620 4763 vero,
3654 4690 3730 4753 de

368 4777 624 4850 τούμενοιι
649 4773 816 4839 οὕτως
847 4775 1132 4853 [ἵσ.τοῦτοι
1168 4780 1258 4852 ἦν,
1291 4778 1337 4834 εί
1366 4781 1443 4851 τῷ
1472 4775 1669 4851 Παύλῳ
1697 4777 1830 4833 κατὰ
1863 4778 2000 4853 γνώ-

2095 4795 2210 4857 quo
2243 4777 2576 4853 dubitabat,
2612 4784 2764 4847 erat,
2801 4795 2940 4838 num
2969 4778 3152 4840 Paulo
3180 4788 3380 4856 gratus
3412 4787 3573 4842 esset
3602 4782 3730 4860 ejus

367 4888 477 4942 μην
511 4868 537 4921 ὁ
571 4864 756 4941 πόνος,
816 4866 861 4921 εί
913 4864 1091 4930 καλῶς
1143 4866 1523 4946 ἐφικδονᾶμενός
1565 4866 1676 4925 ἔστι
1706 4871 1804 4933 τῆς
1850 4867 2000 4924 αὑτοῦ

2092 4864 2283 4945 labor;
2316 4884 2391 4927 an
2423 4874 2589 4927 recte
2617 4874 3050 4948 assequeretur
3080 4875 3345 4931 mentem
3372 4870 3529 4949 ejus,
3552 4888 3729 4951 quem

366 4955 623 5034 διανοίας,
673 4955 767 5010 καὶ
825 4955 905 5029 μὴ
964 4953 1144 5033 πόῤῥω
1189 4961 1289 5023 τῆς
1344 4955 1594 5023 ἀληθείας
1649 4954 1865 5032 βάλλων
1920 4958 2000 5013 καῖ

2094 4958 2605 5030 diligebat,etnum
2632 4959 2803 5031 longe
2827 4975 2858 5016 a
2889 4962 3129 5020 veritate
3151 4962 3380 5020 abesset
3401 4973 3456 5020 et
3478 4978 3510 5021 ο
3534 4976 3730 5034 scopo,

362 5052 455 5102 τοῦ
516 5050 742 5104 σκοποῦ.
805 5050 970 5101 Τοῦτο
1025 5045 1163 5101 κατὰ
1218 5052 1337 5101 νοῦ)
1369 5043 1643 5124 στρέφοντι
1681 5045 1770 5102 καὶ
1813 5043 2000 5102 διαπο-

2097 5040 2223 5105 Hoc
2243 5062 2381 5105 cum
2413 5044 2477 5105 in
2502 5054 2703 5107 mente
2735 5053 3000 5107 versaret
3033 5045 3433 5120 etdubitaret,
3458 5054 3516 5107 et
3542 5045 3732 5107 Deum

365 5143 561 5213 ροῧντι,
610 5130 755 5208 μάλα
812 5152 871 5188 τε
928 5139 1021 5188 τοῦ
1072 5138 1202 5189 Θεοῦ
1236 5132 1473 5209 δεομένῳ
1500 5132 1827 5212 διασαφῆσαι
1866 5137 2000 5209 αὐτῷ

2092 5132 2262 5226 valde
2294 5142 2555 5226 rogaret,
2589 5141 2653 5226 ut
2675 5134 2771 5226 id,
2808 5134 2888 5226 de
2917 5152 3036 5226 quo
3061 5134 3402 5226 dubitabat,
3442 5134 3498 5197 ei
3529 5142 3733 5226 notum

368 5226 427 5279 τὸ
484 5219 962 5303 ἀμφιϐαλλόμενον
1001 5237 1016 5252 ·
1080 5223 1174 5279 οὐκ
1226 5227 1301 5285 εἰς
1362 5222 1570 5300 μακρὰν
1616 5222 1887 5281 ὲπιλύεται
1947 5226 2000 5280 τὸ

2092 5222 2418 5296 fieret,non
2452 5223 2555 5284 diu
2583 5222 2776 5284 abfuit
2805 5222 3263 5284 solutio.Modus
3291 5231 3490 5286 autem
3516 5223 3740 5305 qualis?

365 5313 690 5386 ζητούμενον
727 5329 742 5345 ’
778 5314 877 5367 καὶ
923 5312 957 5379 ἡ
1003 5309 1151 5375 λύσις
1204 5311 1432 5390 καθαρὰ,
1476 5314 1564 5368 καὶ
1606 5310 1774 5386 μηδὲν
1806 5312 2000 5392 ἔχουσα

2092 5312 2202 5374 Est
2224 5314 2382 5374 enim
2409 5330 2619 5374 revera
2640 5312 2761 5373 Deo
2784 5312 3002 5390 dignus
3026 5317 3086 5372 et
3104 5310 3267 5373 illius
3290 5312 3739 5394 sapientia.Sed

367 5398 628 5477 δυσμαθὶς
680 5399 718 5468 ἢ
775 5397 1078 5480 ἀμφίδοξον,
1134 5402 1161 5456 ὁ
1220 5398 1274 5456 δὲ
1304 5402 1498 5480 τρόπος
1531 5402 1831 5475 θαυμαστὸς
1863 5406 2000 5465 οἷος.

2095 5410 2188 5464 est
2214 5400 2671 5464 attendendum.
2709 5400 2902 5465 Habet
2930 5399 3091 5461 enim
3118 5402 3340 5464 varium
3372 5403 3659 5485 quiddam
3682 5409 3744 5465 et

373 5489 479 5547 Καὶ
534 5488 635 5567 γάρ
688 5493 791 5556 τῆς
848 5497 940 5549 τοῦ
1000 5496 1131 5549 Θεοῦ
1190 5489 1376 5571 σοφίας
1437 5489 1548 5547 ἐστὶ
1592 5491 1680 5548 καὶ
1737 5496 1846 5547 τῶν
1875 5490 2000 5549 ὁδῶι

2094 5489 2586 5555 admirabile.Vir
2612 5490 2880 5572 quidam,
2905 5491 3011 5572 qui
3035 5490 3442 5570 magistratum
3473 5500 3743 5577 gesserat

453 5643 516 5696 ﬂ
540 5644 721 5709 Prov.
752 5665 798 5733 ι,
831 5652 889 5716 6.
