4060 6200
365 289 516 355 1105

1408 291 1592 354 VITA
1637 289 1700 350 S.
1743 283 2066 351 JOANNIS
2108 286 2664 350 CHRYSOSTOMI.

3573 291 3722 355 1106

360 430 634 505 χαρίζεται
696 427 926 504 μᾶλλον,
984 431 1079 496 τὴν
1126 429 1194 489 εἷς
1235 429 1326 483 τὸν
1371 428 1536 504 μέγαν
1581 425 1789 482 εἴσοδον
1836 426 1981 481 αὑτὸι

2080 441 2188 502 pus
2211 434 2336 485 erat
2367 440 2711 504 perpessus,
2739 443 2856 485 non
2890 443 2954 486 se
2982 425 3306 504 benignum
3340 425 3718 506 praebuisset,

359 531 482 579 ταῖς
545 516 834 582 ἀναϐολαῖς
896 515 1246 595 κατατρίϐων.
1325 517 1560 573 Ἐκείνου
1616 514 1668 570 δὲ
1721 513 1994 572 διαϐεϐαι-

362 615 544 670 οὖντος
577 608 728 665 οὐδὲν
758 610 902 664 εῖναι
935 609 1201 685 τοιοῦτον,
1259 605 1394 662 ἄλλα
1434 606 1574 682 παρὰ
1618 612 1790 661 πᾶσαν
1836 609 1997 663 αὐτοῦ

361 698 609 766 αἴσθησιν
668 721 726 755 τε
783 700 871 753 καὶ
927 703 1124 775 γνῶσιν
1178 705 1331 755 τοῦτο
1391 692 1716 774 συμϐαίνειν,
1763 698 1836 757 ὡς
1891 694 1994 760 ἤδη

362 788 497 844 πολὺ
529 791 628 861 μὲν
658 794 754 855 τῆς
783 787 966 849 νυκτὸς
998 786 1215 860 ἤνυστο,
1249 784 1417 861 μηδὲν
1447 784 1500 840 δὲ
1531 786 1564 851 ἡ
1615 783 1841 848 ἔντευξις
1887 786 1992 839 ὓπ-

359 877 701 953 ελὶάττοντο,
736 876 896 934 πάλιν
925 880 985 933 τὸ
1011 876 1160 941 ξύλον
1204 877 1475 952 κρουσθέν,
1513 873 1686 940 λύπης
1719 875 1878 953 (φευι)
1909 875 1995 928 καὶ

357 969 676 1045 βαρυθυμίας
763 969 958 1042 μεστὸν
1044 969 1131 1022 τὸν
1211 965 1482 1041 ἄνθρωπον
1543 964 1873 1038 ἀποπέμπει,
1936 963 1993 1018 o6

358 1059 465 1129 μὴν
523 1057 663 1113 ὥστε
721 1057 807 1112 καὶ
851 1055 1159 1132 ἀπογνῶναι
1201 1054 1301 1120 τὴν
1332 1057 1556 1115 εἰσαῦθις
1590 1050 1868 1113 ἐπάνοδον,
1907 1053 1994 1125 Τῷ

356 1145 410 1201 δὲ
469 1145 692 1224 Πρόκλῳ
743 1146 1029 1221 θαυμάζειν
1061 1146 1159 1218 μὲν
1216 1143 1459 1220 ἀτεχνῶς
1506 1143 1660 1217 ἐπῄει
1691 1158 1703 1170 '
1742 1141 1996 1218 ἐγκαλεῖν

355 1233 408 1290 δὲ
468 1238 643 1312 παρῆν
688 1233 876 1295 αδδενὶ,
939 1237 1110 1306 ἑαυτῷ
1181 1231 1234 1288 δὲ
1291 1232 1588 1307 μέμφεσθαι
1636 1231 1865 1304 μᾶλλον,
1923 1235 1996 1294 ὡς

355 1327 496 1390 παρὰ
525 1327 622 1393 τὴν
666 1326 822 1382 αὖτοῦ
871 1324 1126 1398 ἀμέλειαν
1159 1331 1313 1379 τοῦτο
1349 1319 1665 1396 συμϐαῖνον,
1703 1323 1800 1377 Δια
1831 1332 1996 1380 ταῦτα

356 1418 444 1471 καὶ
495 1417 757 1485 συνθήκας
807 1416 977 1486 ἑαυτῷ
1033 1415 1206 1478 τίθησι
1269 1413 1401 1467 πάνυ
1446 1410 1660 1486 βεϐαίας
1713 1412 1790 1484 μὴ
1823 1433 1994 1487 προσ-

357 1507 499 1562 έσθαι
545 1507 767 1584 τροιρῆν,
832 1505 908 1577 μὴ
958 1503 1105 1575 ὕπνῳ
1139 1502 1304 1570 ε’ίξαι1
1361 1504 1439 1575 μὴ
1475 1503 1648 1580 βραχὺ
1679 1504 1783 1557 τῶν
1829 1505 1994 1578 θυρῶν

355 1593 676 1666 ἀποστῆναι,
714 1594 813 1656 ἕως
850 1596 990 1665 αὖτῷ
1044 1593 1252 1669 γένοιτο
1296 1591 1329 1657 ἦ
1378 1599 1454 1664 τῷ
1485 1592 1747 1668 ἀνθρώπῳ
1776 1591 1994 1668 πρώτην

353 1685 530 1740 θέσθαι
559 1685 658 1750 τὴν
687 1681 921 1752 εἴσοδον,
957 1682 990 1750 ἢ
1027 1685 1218 1755 μαθεῖν
1248 1681 1325 1742 τίς
1373 1680 1464 1746 εἴη
1512 1683 1537 1735 6
1570 1680 1662 1736 καὶ
1696 1693 1820 1744 ταῖς
1853 1702 1991 1756 προ-

354 1772 638 1837 λαϐούσαις
695 1774 798 1839 τὴν
859 1773 1165 1848 εἰσαγωγὴν
1223 1769 1531 1844 ὑποκλέψας

352 1865 470 1942 περὶ
525 1865 692 1940 θυρῶν
751 1865 815 1930 ἦν
860 1861 1062 1937 ὄμμασί
1113 1883 1168 1938 γε
1215 1864 1301 1916 καὶ
1345 1861 1480 1915 ὠσίν
1543 1861 1734 1915 ἑστῶσι
1767 1863 1854 1915 καὶ
1883 1859 1992 1932 ὅλῳ

352 1953 636 2032 προσέχων
687 1959 763 2025 τῷ
820 1955 915 2023 νῷ,
979 1952 1129 2028 τρίτη
1189 1952 1286 2024 μὲν
1346 1949 1478 2014 αὕτη
1539 1948 1621 2013 νὺξ
1680 1949 1768 2021 ἦν,
1819 1951 1904 2004 καὶ
1963 1953 1990 2005 6

351 2042 621 2116 ἅνθρωπος
677 2041 780 2116 ᾔδη
836 2045 1036 2117 παρῆν,
1098 2040 1255 2104 Εὐθὺς
1290 2040 1378 2096 οὖν
1410 2041 1436 2094 6
1472 2036 1705 2115 Πρόκλος
1739 2037 1990 2106 ἀπαντή-

355 2155 472 2210 σας,
507 2134 720 2209 Θάρσει,
758 2132 858 2210 ἔφη
902 2149 913 2160 ⁶
950 2127 1173 2207 ἀκριϐὴς
1205 2131 1305 2207 γὰρ
1332 2129 1439 2206 ἐγὼ
1487 2149 1572 2184 σοι
1620 2129 1685 2182 τὰ
1746 2130 1831 2180 νὸν
1886 2129 1987 2206 φύ-

353 2221 471 2298 λαξ,
533 2224 618 2278 καὶ
663 2220 835 2284 οὒδεῗς
881 2222 952 2283 εὶς
999 2217 1147 2296 δεῦρο
1187 2221 1317 2296 πρὸς
1365 2221 1453 2273 τὸν
1515 2217 1683 2293 μέγαν
1742 2216 1985 2288 εἰσέλθοι,

352 2309 486 2366 ἀλλὰ
539 2314 747 2388 πρῶτός
804 2333 862 2366 τε
925 2312 1012 2366 καὶ
1071 2309 1234 2382 μόνος
1297 2307 1455 2372 αὐτὸς
1543 2304 1837 2380 εἰσελεόσῃ,
1901 2308 1990 2360 καὶ

352 2401 488 2456 κατὰ
545 2399 756 2479 σχολὴν
805 2400 1044 2475 ἓντεύξῂ,
1111 2398 1286 2460 καθώς
1346 2419 1426 2454 σοι
1486 2397 1758 2472 βούλημα.
1825 2405 1989 2453 Τοῦτο

355 2490 516 2544 εἶπὼν
560 2491 736 2546 ἄπεισι
781 2489 865 2545 διὰ
923 2491 1150 2568 τάχους,
1206 2491 1291 2543 καὶ
1343 2493 1411 2563 τῇ
1456 2488 1564 2561 όπῇ
1595 2487 1683 2540 τὸν
1716 2483 1987 2562 ὀφθαλμὸν

355 2577 693 2657 προσϐαλὼν,
727 2583 813 2636 καὶ
844 2578 1003 2635 πάλιν
1037 2579 1198 2636 ὅμοια
1229 2591 1346 2639 τοῖς
1389 2575 1662 2652 προτέροις
1708 2573 1850 2646 ἰδὼν,
1895 2577 1987 2629 τὸν

351 2669 450 2740 μὲν
499 2671 560 2723 τὸ
592 2668 764 2742 στόμα
805 2669 996 2746 θατέρᾳ
1053 2671 1158 2723 τῶν
1214 2666 1390 2723 ἀκοῶν
1421 2663 1854 2742 παραϐάλλοντα,
1889 2663 1984 2719 καῖ

349 2757 420 2820 ὠς
480 2757 754 2835 ἀπόρρητά
825 2781 940 2814 τινα
999 2756 1451 2834 διαψιθυρίζοντα,
1511 2757 1602 2811 τὸν
1663 2752 1714 2808 δὲ
1771 2755 1983 2832 χάρτην

347 2848 788 2925 μεταχειρίζοντα
845 2851 933 2903 καὶ
979 2847 1192 2903 ἐοικότα
1252 2847 1470 2924 γράφειν
1503 2847 1566 2900 τὰ
1600 2845 1981 2920 εἰσηγούμενα,

346 2943 572 3002 συνῆκεν
624 2939 651 2992 6
711 2936 946 3012 Πρόκλος
1006 2939 1101 2994 οὒκ
1156 2936 1297 2991 ἀθεεὶ
1357 2934 1512 3001 τήνδε
1545 2935 1644 3000 τὴν
1681 2933 1802 3006 ὄψιν
1834 2933 1980 3007 γίνε-

344 3031 484 3099 σθαι,
546 3027 664 3082 οὔτε
709 3027 817 3100 μην
877 3028 1019 3082 εἶναι
1082 3026 1409 3103 ἀνθρώπειόν
1454 3047 1504 3080 τι
1542 3026 1602 3080 τὸ
1635 3025 1978 3102 φαινόμενον,

2080 530 2276 594 neque
2295 531 2469 595 quam
2491 521 2721 594 poterat
2738 532 2912 594 opem
2937 515 3180 590 ierre,ei
3199 515 3567 578 tulissetzsed
3591 516 3723 578 aliis

2080 604 2282 683 potius
2297 604 2370 664 ad
2399 622 2674 682 magnum
2701 603 2996 666 Joannem
3024 604 3298 684 praebens
3321 605 3724 680 aditum,dila-

2081 690 2346 755 tionibus
2375 711 2510 754 eum
2546 693 2632 754 sic
2683 696 3028 772 protelaret.
3084 694 3297 756 Proclo
3329 705 3526 757 autem
3561 696 3721 756 aﬂir-

2082 781 2461 856 mante,nihil
2495 800 2626 843 esse
2650 783 3018 861 hujusmodi:
3048 785 3153 845 sed
3179 803 3244 845 se
3278 804 3396 845 non
3431 784 3723 846 sentiente

2081 889 2193 931 nec
2226 871 2458 932 sciente
2491 871 2602 932 hoc
2635 872 2954 946 accidisse,
2991 892 3129 935 cum
3156 875 3279 952 jam
3334 892 3544 950 magna
3592 892 3726 952 pars

2081 960 2273 1021 noctis
2297 970 2455 1022 esset
2477 970 3188 1043 transacta,nequaquam
3209 973 3403 1027 autem
3429 964 3724 1025 minuere-

2079 1060 2175 1112 tur
2200 1051 2298 1113 illa
2319 1051 2898 1132 collocutio,lignum
2921 1072 3130 1116 rursus
3151 1054 3721 1134 pulsatum,plenum

2083 1141 2292 1202 dolore
2311 1141 2566 1202 etanimi
2586 1143 2943 1222 aegritudine
2963 1145 3249 1206 amandat
3265 1145 3726 1216 hominem,non

2084 1239 2282 1292 tamen
2308 1232 2482 1306 ita,ut
2515 1231 2694 1293 futuri
2731 1233 2962 1294 reditus
2993 1252 3159 1314 spem
3191 1232 3724 1314 abjiceret.Proclo

2086 1339 2224 1381 vero
2261 1321 2544 1382 admirari
2575 1321 2847 1398 quidem,
2886 1332 2947 1384 ut
3009 1341 3114 1402 par
3146 1333 3293 1396 erat,
3351 1321 3632 1385 veniebat
3663 1322 3723 1382 in

2081 1409 2483 1486 mentem,sed
2500 1411 2803 1474 neminem
2830 1412 3296 1493 habebat,quem
3322 1413 3723 1493 reprehende-

2080 1509 2192 1562 ret:
2220 1500 2326 1562 sed
2351 1501 2425 1562 de
2447 1519 2512 1562 se
2537 1502 2736 1580 potius
2761 1501 3146 1581 querebatur,
3175 1511 3234 1563 ut
3268 1505 3370 1580 qui
3394 1520 3501 1563 sua
3524 1501 3718 1580 negli-

2080 1591 2276 1668 gentia
2309 1591 2420 1651 hoc
2453 1599 2683 1670 putaret
2709 1592 3008 1653 accidere.
3037 1591 3440 1665 Quamobrem
3469 1589 3623 1670 apud
3657 1610 3721 1651 se

2079 1679 2327 1741 omnino
2345 1680 2678 1756 constituit,
2705 1699 2823 1741 non
2849 1681 3047 1742 cibum
3075 1701 3343 1753 sumere,
3371 1699 3488 1742 non
3510 1699 3720 1742 somno

1575 1790 1586 1800 ·
1632 1773 1704 1832 ὡς
1751 1769 1806 1824 δὲ
1858 1771 1981 1827 οὗτοι

2078 1785 2153 1829 ne
2177 1773 2424 1829 nimium
2445 1772 2682 1844 quidem
2705 1773 2934 1842 cedere,
2969 1788 3158 1845 neque
3183 1790 3212 1830 a
3245 1774 3462 1830 toribus
3484 1773 3723 1832 omnino

2078 1858 2420 1932 discedere,
2483 1862 2678 1920 donec
2730 1861 2818 1920 vel
2874 1863 2999 1940 ipse
3032 1865 3262 1939 primus
3294 1860 3524 1920 homini
3559 1860 3726 1921 daret

2075 1948 2326 2010 aditum:
2357 1957 2418 2008 ut
2440 1948 2655 2010 saltem
2679 1949 3167 2029 sciret,quisnam
3194 1949 3246 2009 is
3269 1949 3479 2027 sit,qui
3503 1967 3725 2030 praece-

2075 2035 2362 2098 dentibus
2377 2036 2590 2098 diebus
2613 2038 2958 2099 clanculum
2983 2038 3094 2099 fuit
3119 2036 3602 2117 ingressus.Cum
3628 2058 3726 2099 au-

2076 2135 2196 2188 tem
2221 2126 2475 2189 arrectis
2499 2129 2689 2188 oculis
2711 2137 2770 2188 et
2794 2127 3040 2189 auribus
3065 2136 3249 2190 staret
3273 2147 3378 2207 pro
3405 2126 3726 2203 foribus,et

2075 2225 2257 2277 totum
2277 2221 2538 2277 animum
2564 2221 2890 2285 adhiberet,
2924 2221 3038 2276 haec
3061 2221 3294 2292 quidem
3327 2230 3447 2278 erat
3471 2237 3584 2278 nox
3608 2232 3723 2278 tor—

2073 2305 2177 2384 tia,
2213 2313 2270 2364 et
2303 2304 2482 2365 homo
2511 2306 2630 2384 jam
2695 2305 2925 2366 aderat.
2960 2304 3180 2366 Statim
3217 2323 3357 2383 ergo
3391 2303 3637 2368 Proclus
3669 2308 3720 2368 ei

2073 2394 2264 2455 factus
2296 2394 2529 2454 obviam
2568 2413 2580 2455 ;
2625 2393 2788 2467 Esto,
2853 2395 3072 2475 inquit,
3122 2395 3278 2454 bono
3332 2397 3575 2457 animo:
3612 2415 3719 2473 ego

2074 2484 2234 2545 enim
2273 2484 2449 2544 modo
2482 2484 2590 2544 tibi
2625 2483 2707 2544 fui
2759 2493 2962 2546 custos
3007 2483 3290 2562 diligens,
3327 2503 3528 2562 neque
3561 2485 3718 2546 ullus

2074 2575 2384 2653 hucusque
2405 2573 2477 2634 ad
2503 2591 2788 2652 magnum
2815 2575 3125 2652 ingressus
3137 2573 3380 2648 fuit,sed
3396 2573 3508 2635 tibi
3522 2575 3716 2651 primo

2072 2672 2130 2724 et
2153 2663 2263 2723 soli
2289 2663 2358 2723 ad
2386 2680 2520 2724 eum
2538 2664 2650 2724 erit
2668 2664 3375 2744 ingrediendum,etenm
3401 2681 3509 2743 per
3529 2669 3712 2724 otium

2070 2752 2706 2832 convenies,quantum
2726 2751 3042 2815 voles.Hoc
3058 2771 3190 2813 cum
3209 2752 3717 2826 dixisset,accedit

2069 2842 2544 2921 quamprimum,
2572 2852 2631 2903 et
2666 2862 2801 2904 cum
2837 2842 3117 2904 foramini
3149 2843 3388 2904 oculum
3421 2841 3714 2904 admovis-

2068 2939 2180 3004 set,
2213 2941 2270 2992 et
2300 2931 2547 2992 vidisset
2572 2933 2794 2992 similia
2829 2931 3334 3012 prioribus,illum
3369 2930 3610 3012 quidem
3646 2952 3712 2992 ος

2066 3022 2470 3080 admoventem
2495 3024 2656 3080 alteri
2682 3037 2749 3080 ex
2773 3024 3098 3087 auribus,et
3122 3034 3397 3095 tanquam
3431 3039 3711 3082 arcanum

344 3116 480 3172 αλλὰ
510 3118 658 3172 θεῖόν
688 3138 738 3171 τι
771 3119 962 3195 χρῆμα
995 3116 1088 3172 ni
1125 3128 1369 3191 κρεῖττον
1420 3116 1454 3181 ἢ
1517 3116 1635 3170 κατ’
1682 3112 1976 3190 ἄνθρωπον.

2068 3109 2386 3188 quodpiam
2422 3111 2473 3168 ei
2536 3108 3083 3170 commnnicantem
3120 3118 3177 3170 et
3203 3109 3708 3171 submurmuran-

343 3204 729 3281 Ἐπιστραφεὶς
792 3206 988 3280 τοίνυν,
1024 3206 1232 3277 Ἄπιθι,
1286 3207 1361 3277 τῷ
1408 3205 1666 3280 ἀνθρώπῳ
1707 3205 1857 3281 φησὶ,
1896 3204 1981 3257 καὶ

2068 3207 2208 3260 tem:
2251 3201 2407 3259 hunc
2425 3207 2622 3259 autem
2659 3199 2926 3260 chartam
2961 3197 3284 3260 habentem
3313 3199 3373 3259 in
3409 3197 3706 3272 manibus,

341 3296 456 3352 καθ’
503 3297 687 3352 ἑαυτὸν
734 3296 858 3369 μένε
889 3303 982 3352 τοῦ
1014 3301 1145 3350 Θεοῦ
1175 3293 1450 3368 δεόμενος.
1521 3295 1672 3355 Εἰκὸς
1728 3294 1827 3369 γάρ
1889 3313 1981 3348 σου

2068 3297 2124 3349 et
2157 3289 2260 3368 qui
2289 3287 2601 3350 videbatur
2630 3287 2871 3366 scriptis
2907 3287 3190 3349 mandare
3227 3307 3318 3363 ea,
3355 3306 3486 3367 quae
3516 3287 3710 3350 dicta-

338 3385 428 3442 καὶ
479 3382 776 3452 ἀϐούλητον
845 3387 986 3456 αὐτῷ
1046 3384 1143 3450 την
1199 3382 1412 3439 εἴσοδον
1465 3384 1635 3454 εἶναι,
1696 3382 1783 3436 καὶ
1838 3382 1979 3456 παρὰ

2068 3381 2591 3445 bantur.intellcxit
2612 3382 2854 3439 Proclus
2882 3397 2997 3439 non
3021 3384 3149 3440 sine
3171 3383 3273 3439 Dei
3299 3383 3539 3439 numine
3559 3384 3710 3439 hanc

339 3481 496 3531 10610
550 3473 869 3536 κωλύεσθαι.
933 3471 1083 3530 Ἐπεὶ
1152 3471 1365 3547 βέϐαιον
1423 3473 1615 3528 κείσθω
1670 3493 1753 3527 σοι
1824 3479 1979 3527 τοῦτο

2068 3467 2196 3528 ﬁeri
2230 3467 2544 3540 visionem,
2599 3485 2794 3547 neque
2845 3469 3174 3527 humanum
3208 3466 3514 3547 quidpiam
3548 3487 3705 3542 esse,

325 3565 425 3619 -ιιαὶ
480 3563 867 3643 ἀναμφίλογον,
917 3561 1122 3636 μηδένα
1188 3561 1298 3640 [’ίσ,
1359 3559 1608 3636 μηδενὸς]
1667 3567 1771 3615 τῶν
1816 3581 1974 3635 περι-

2068 3555 2219 3635 quod
2247 3555 2594 3634 apparebat,
2623 3556 2726 3616 sed
2751 3573 2880 3617 rem
2914 3555 3174 3616 divinam
3201 3564 3409 3634 etquae
3431 3557 3506 3616 sit
3529 3576 3708 3637 supra

335 3652 599 3726 κειμένων
631 3658 813 3727 σῶμα,
873 3650 1011 3709 ἀλλὰ
1071 3651 1340 3727 θειοτέραν
1380 3673 1498 3706 τινα
1529 3650 1614 3705 καὶ
1643 3649 1772 3722 ὑπὲρ
1831 3649 1974 3722 ἡμᾶς

333 3741 479 3797 εἶναι
539 3743 638 3807 τὴν
692 3740 928 3815 ὁμιλίαν,
965 3741 1125 3821 Ἔχει
1187 3742 1287 3818 γὰρ
1333 3741 1420 3796 καὶ
1464 3741 1614 3802 αὖθις
1646 3738 1868 3811 ὁμοίως,
1904 3739 1974 3801 ὡς

334 3833 386 3884 αἱ
446 3830 805 3905 προλαϐοὖοαι
851 3829 940 3886 δύο
985 3832 1166 3893 νύκτες
1213 3851 1304 3903 μοι
1350 3827 1569 3893 ἔδειξαν.
1649 3828 1744 3884 Καὶ
1805 3829 1830 3880 6
1875 3825 1972 3900 μὲν

331 3918 498 3981 οὕτως
544 3921 704 3997 ἀπῄει
738 3919 882 3993 λύπη
910 3918 1056 3995 δεινῇ
1087 3920 1328 3998 κάτοχος
1387 3919 1472 3974 καὶ
1515 3917 1736 3993 ἀπορίας
1798 3915 1970 3974 κατά-

330 4008 535 4074 πλεως.
573 4001 800 4084 Ἡμέρας
833 4007 888 4064 δὲ
920 4008 1021 4076 ἤδη
1057 4009 1380 4086 γενομένης,
1417 4009 1608 4080 μνήμη
1640 4008 1732 4061 τὸν
1787 4012 1968 4078 μακά-

330 4121 444 4174 ριοι
493 4097 788 4156 ὑπελθοῦσα
832 4097 1296 4172 μετακαλέσασθαι
1341 4099 1433 4153 τὸν
1485 4093 1722 4171 Πρόκλον
1767 4107 1917 4149 ποιεῖ
1951 4110 1964 4124 ⁸

333 4190 430 4243 Καὶ
476 4196 598 4260 ποῦ,
645 4191 827 4265 φησὶν,
875 4191 902 4243 6
949 4189 1050 4264 πρὸ
1097 4185 1258 4253 τῆσδε
1316 4188 1413 4253 τῆς
1457 4187 1638 4262 τρίτης
1694 4187 1764 4248 ὡς
1823 4186 1968 4258 ἡμᾶς

330 4275 502 4332 ἐλθεῖν
561 4277 812 4349 ἀξιώσας,
875 4280 961 4334 καὶ
1021 4284 1176 4334 τοῦτο
1221 4276 1346 4351 παρ’
1391 4277 1545 4348 ἡμῶν
1596 4272 1773 4329 λαϐὼν
1832 4273 1968 4330 κατᾶ

328 4365 542 4430 θέλησιν
581 4387 596 4438 ;
655 4369 713 4424 '0
759 4365 812 4422 δὲ
859 4368 1057 4442 τρίτον,
1111 4367 1238 4444 ἔφη,
1300 4368 1404 4421 τῶν
1451 4371 1611 4442 τριῶν
1643 4364 1829 4440 ἐφεξῆς
1875 4391 1966 4420 νυ-

2061 3643 2737 3707 hominem.Conversus
2766 3662 2936 3723 ergo,
2977 3645 3206 3705 homini
3239 3645 3388 3705 dixit
3425 3663 3437 3706 :
3476 3645 3612 3720 Abi,
3651 3657 3709 3707 et

2061 3751 2235 3795 mane
2256 3732 2413 3813 apud
2443 3742 2522 3806 te,
2558 3733 2742 3794 Deum
2770 3732 3504 3811 rogansﬁonsentaneum
3540 3736 3698 3794 enim

2060 3831 2150 3884 est
2172 3841 2307 3884 eum
2333 3822 2518 3896 nolle,
2555 3833 2616 3882 ut
2639 3832 2698 3882 tu
2727 3821 3107 3901 ingrediaris,
3145 3830 3201 3882 et
3229 3832 3284 3882 te
3317 3822 3454 3882 ideo
3493 3822 3699 3899 prohi-

2057 3911 2209 3974 beri.
2245 3911 2370 3974 Hoc
2401 3911 2558 3973 enim
2593 3930 2698 3990 pro
2733 3919 2895 3972 certo
2931 3909 3169 3979 habeas,
3203 3910 3422 3971 nullius
3453 3913 3697 3972 omnino

2057 4021 2127 4064 ex
2151 4001 2223 4062 iis
2247 4003 2344 4082 qui
2371 4010 2507 4062 sunt
2533 4002 2966 4080 corporati,sed
2992 4000 3350 4060 diviniorem
3377 4000 3695 4080 quamdam

2055 4100 2112 4153 et
2135 4110 2266 4171 quae
2290 4100 2381 4153 est
2400 4109 2583 4170 supra
2605 4108 2880 4163 nos,esse
2900 4087 3698 4153 sermonicationem.Habet

2055 4181 2217 4244 enim
2253 4199 2460 4242 rursus
2486 4198 2548 4240 se
2581 4179 2884 4252 similiter,
2943 4179 3097 4239 sicut
3129 4179 3264 4239 duae
3288 4179 3698 4260 praecedentes

2055 4280 2228 4333 nocte
2253 4273 2376 4350 jam
2410 4270 2557 4330 mihi
2612 4269 3033 4331 ostenderunt.
3092 4267 3162 4328 Et
3197 4269 3298 4330 ille
3331 4271 3572 4348 quidem
3609 4272 3696 4331 sic

2053 4361 2395 4440 abiit,gravi
2414 4360 2620 4421 dolore
2635 4368 3048 4439 oppressus,et
3066 4361 3278 4438 plenus
3296 4359 3688 4422 dubitatione.

330 4463 468 4510 κτῶν
552 4457 896 4532 παρεγένετο,
972 4459 1060 4512 καὶ
1151 4457 1422 4530 παρέτεινε
1509 4455 1825 4531 προσμένων
1894 4456 1965 4516 εἷς

2068 4451 2196 4515 Sum
2246 4459 2440 4512 autem
2463 4451 2588 4529 jam
2617 4457 2773 4509 esset
2801 4448 2930 4508 dies
2958 4449 3179 4529 (neque
3235 4454 3392 4508 enim
3429 4449 3567 4509 sivit
3598 4450 3697 4511 ille

327 4546 528 4623 ὄρθρον.
568 4545 715 4603 Ἀλλ’
749 4547 862 4603 ἐπεὶ
912 4547 1104 4626 ἔτυχεν
1154 4547 1328 4622 ἕτερον
1363 4545 1575 4620 ὁμιλεῖν
1611 4567 1717 4621 σοι,
1751 4542 1964 4604 αὔθαδες

2068 4559 2244 4602 sonus
2267 4544 2674 4600 conturbatum
2692 4545 2951 4599 animum
2969 4544 3053 4599 sic
3079 4557 3312 4599 manere
3335 4543 3550 4612 absque
3564 4559 3699 4600 con-

328 4635 579 4707 ἐνομίσθη
640 4635 1027 4711 προσελθόντας
1100 4635 1337 4710 ἐγκοπὴν
1409 4634 1586 4691 δοῦναι
1646 4639 1722 4706 τῷ
1794 4633 1962 4710 λόγῳ,

2068 4633 2364 4700 solatione)
2399 4629 2749 4691 recordatus
2775 4639 3038 4703 sanctus,
3043 4629 3216 4709 jubet
3239 4631 3518 4691 accersiri
3542 4630 3694 4693 Pro-

328 4726 430 4780 Τὸν
477 4723 530 4779 δὲ
586 4725 953 4803 θαυμάσαντα,
1027 4727 1121 4783 Καὶ
1185 4727 1288 4804 τίς,
1353 4727 1537 4801 φάναι,
1587 4725 1614 4778 6
1661 4721 1966 4800 προσελθὼν

2068 4721 2234 4793 :lum,
2272 4728 2350 4795 et,
2383 4718 2496 4781 Ubi
2529 4728 2617 4779 est
2649 4719 2996 4800 ille,inquit,
3032 4721 3132 4798 qui
3165 4718 3357 4780 tribus
3389 4729 3527 4781 ante
3558 4720 3693 4783 die-

328 4813 518 4876 νυκτός
562 4835 655 4887 μοι
686 4815 773 4870 καὶ
819 4813 1088 4887 ὁμιλήσας
1126 4832 1141 4884 ;
1193 4819 1327 4871 Εἶτα
1371 4817 1463 4869 τὸν
1497 4809 1758 4888 Πρόκλον,
1796 4812 1968 4883 τούτῳ

2068 4828 2160 4872 ωε
2183 4813 2253 4870 ad
2280 4826 2388 4869 nos
2409 4813 2678 4882 cupiebat
2701 4813 3008 4870 accedere?
3031 4812 3191 4880 Quod
3214 4812 3448 4883 quidem
3468 4827 3500 4870 e
3525 4814 3693 4869 nobis

326 4903 541 4976 ἐοικὼς,
590 4905 784 4972 εἰπεῖν,
821 4906 849 4958 'o
895 4902 1235 4980 προσομιλῶν
1291 4926 1396 4981 σοι,
1445 4901 1681 4967 δείξαντα
1726 4902 1809 4957 ἐπὶ
1869 4902 1962 4968 τῆς

2068 4899 2208 4960 laud
2237 4906 2478 4977 gravate
2511 4899 2872 4978 impetravit.
2911 4898 3016 4959 llle
3046 4905 3272 4976 autem,
3306 4900 3445 4970 Ter,
3474 4899 3689 4976 inquit,

324 4992 530 5054 εἰκόνος
562 5014 653 5048 τον
699 4991 928 5070 Παῦλον,
962 4992 1080 5058 ἥτις
1129 4993 1204 5064 τῷ
1261 4992 1482 5068 Ἰωάννῃ
1535 4992 1635 5067 πρὸ
1681 4989 1966 5069 ὀφθαλμῶν

2068 4989 2246 5052 .ribus
2280 4987 2568 5068 deinceps
2625 4989 2904 5050 noctibus
2959 4988 3237 5066 accessit,
3274 4995 3332 5047 et
3366 4987 3694 5065 permansit

1767 5104 1823 5144 ος
1870 5104 1961 5138 και

324 5082 541 5154 ἵστατο,
579 5086 661 5138 καὶ
695 5081 760 5149 ἢν
795 5081 1036 5160 συνεχῶς
1079 5083 1248 5138 εἱωθει
1304 5079 1666 5158 προσϐλέπειν
1704 5097 1718 5112 ⁸

323 5171 619 5250 διεφαίνετο
651 5173 940 5246 καθημένῳ
981 5193 1090 5245 σοι,
1143 5174 1294 5250 φησὶ,
1350 5173 1436 5226 καὶ
1479 5176 1546 5246 τῇ
1578 5177 1760 5250 Γραφῇ
1792 5193 1961 5247 προσ·-

325 5261 557 5335 κειμένῳ
586 5260 758 5336 ἠρέμα
815 5274 935 5324 τοῖς
993 5260 1165 5336 ὤμοις
1218 5259 1650 5336 ἐπικλινόμενος,
1686 5261 1772 5316 καὶ
1832 5263 1962 5330 πρὸς

324 5352 386 5404 τὸ
442 5352 529 5412 οὖς
564 5350 768 5422 ὁμιλῶν
797 5350 895 5427 (ὡς
941 5349 995 5405 δὲ
1033 5351 1127 5426 ἐμὲ
1175 5350 1406 5424 οἴεσθαι)
1446 5351 1533 5404 καὶ
1567 5351 1718 5410 αὐτὸς
1754 5351 1960 5414 ἐκεῖνος

325 5452 451 5498 ταῖς
529 5440 800 5505 ἀληθείαις
883 5440 1042 5502 ἐστίν,
1118 5440 1304 5516 ’Ἔγνω
1374 5445 1648 5513 τοιγαροῦν
1695 5441 1720 5491 6
1793 5438 1962 5516 μέγας

329 5527 351 5582 ἐ
419 5528 448 5557 ο,
649 5531 660 5547 ν
737 5539 757 5546 -.
913 5530 920 5542 ι
1115 5531 1126 5548 κ
1391 5527 1403 5548 9
1454 5526 1469 5548 ε
1536 5528 1558 5548 ν
1637 5525 1721 5558 ’γρ

359 5547 564 5593 πηκοον
611 5550 762 5586 αυτου
806 5533 1047 5606 γενεσθαι
1085 5551 1139 5585 το
1171 5538 1352 5606 Θεϊον,
1387 5549 1448 5606 eq;
1503 5550 1588 5590 οις
1634 5548 1806 5596 ε,ητει
1851 5551 1959 5601 μα-

327 5621 466 5693 Θεϊν,
501 5617 543 5670 εἰ
569 5616 700 5670 κατα
736 5629 850 5676 νούν
883 5627 956 5692 τῷ
991 5618 1305 5693 Ἀποστόλῳ
1346 5624 1450 5676 τῶν
1497 5615 1792 5672 ἐπιστολῶν
1822 5618 1854 5686 ἡ
1886 5618 1967 5685 ἐξ·

2049 5097 2242 5160 usque
2264 5077 2336 5138 ad
2365 5077 2871 5140 matutinum.Sed
2895 5077 3181 5155 quoniam
3205 5075 3358 5137 alius
3385 5083 3583 5134 tecum
3608 5075 3691 5134 lo-

2048 5175 2356 5246 quebatur,
2379 5172 2844 5228 existimavimus
2867 5172 3125 5229 futurum
3151 5183 3278 5226 esse
3302 5167 3496 5224 nimiae
3527 5180 3691 5223 arro-

2045 5255 2340 5337 gantiae,si
2369 5254 2725 5317 accedentes
2756 5254 3336 5332 interrumperemus
3363 5259 3522 5312 tuam
3559 5249 3689 5312 col-

2048 5346 2437 5410 locutionem.
2474 5343 2526 5405 Is
2557 5351 2754 5404 autem
2789 5343 3138 5415 admiratus,
3173 5339 3245 5400 Et
3276 5340 3431 5421 quis,
3468 5339 3686 5421 inquit,

2048 5444 2226 5498 noctu
2259 5435 2330 5496 ad
2377 5452 2485 5496 nos
2515 5436 2860 5511 accesserit,
2895 5439 2951 5491 et
2982 5431 3115 5507 quis
3145 5448 3254 5491 nos
3287 5432 3641 5491 convenerit
3663 5439 3692 5492 ?

2049 5524 2274 5586 Deinde
2308 5523 2687 5596 Proclus,Est
2713 5519 2982 5600 quidem,
3016 5519 3236 5600 inquit,
3267 5519 3510 5581 omnino
3546 5520 3691 5581 mihi

2047 5615 2282 5693 ignotus
2318 5631 2329 5675 :
2370 5613 2466 5694 qui
2500 5619 2696 5674 autem
2752 5619 2808 5673 te
2840 5609 3282 5692 alloquebatur,
3315 5611 3528 5690 inquit,
3569 5621 3696 5674 erat
