4060 6200
371 372 526 439 1113

1405 371 1592 433 VITA
1637 371 1699 433 S.
1743 368 2074 435 JOANNIS
2134 370 2691 436 CHRYSOSTOMI.

3584 376 3734 440 1114

367 508 609 573 δεδωκὼς
644 507 759 587 περὶ
789 508 850 563 τὸ
881 506 1104 564 ἕωθινὸν
1159 503 1331 579 ᾄδειν,
1387 506 1525 563 οὕτω
1577 506 1668 569 τὰς
1714 511 1819 560 τῶν
1865 506 1976 581 αἶρε

2066 540 2069 559 ι
2096 506 2465 579 mousion,et
2486 504 2546 567 id
2572 504 2897 569 execrandi
2922 511 2980 567 in
3004 507 3236 570 cantico
3264 516 3555 586 ponerent
3583 506 3733 573 :Ubi

363 598 798 676 τικῶνῆμαύρου
826 598 1176 676 κενοφωνίας.
1240 596 1296 654 Τί
1350 596 1410 651 τὸ
1469 596 1701 652 ἐντεῦθεν
1744 615 1760 666 ;

362 688 571 755 ἀνῆπτο
615 700 733 750 τοῖς
792 688 1107 765 αἰρετικοῖς,
1141 687 1227 741 καὶ
1263 686 1424 761 θυμὸς
1455 684 1662 762 ἄγριος,
1697 683 1750 749 ἐξ
1779 687 1840 739 οὗ
1868 684 2000 760 ἔρις,

360 779 421 831 ὲκ
462 775 516 833 δὲ
587 782 684 843 τῆς
740 776 924 855 μάχη,
995 775 1081 831 καὶ
1150 775 1281 854 πρὸς
1328 775 1545 837 ταύταις
1604 774 1830 850 πληγαὶ,
1878 774 2000 828 εἶτα

357 865 651 940 ἐπιϐουλαὶ,
686 865 775 922 καὶ
817 864 970 927 τέλος
1029 864 1081 929 ἐξ
1130 864 1398 941 ἑκατέρων
1431 865 1646 920 θάνατοι
1682 882 1698 898 ⁸
1732 865 1869 919 ὥστε
1904 863 1995 917 καί

356 954 449 1011 ἕνα
533 957 639 1011 τῶν
719 959 817 1021 τῆς
901 951 1173 1029 βασιλίδος
1232 953 1525 1033 εὐνούχων,
1590 954 1789 1029 Βρίσων
1859 955 2000 1024 αὑτῷ

355 1044 549 1120 ὄνομα,
595 1058 717 1107 τοῖς
761 1043 1029 1118 ὒμνῳδοῖς
1076 1044 1479 1121 συναιρόμενον,
1527 1043 1654 1116 λίθῳ
1720 1041 1997 1119 πληγῆναι

352 1136 414 1190 τὸ
472 1133 722 1207 μέτωπον
757 1148 770 1162 ⁶
809 1130 940 1209 ὅπερ
971 1134 1045 1194 ὣς
1077 1130 1300 1208 βασιλέα
1345 1129 1631 1210 διαδραμὸν
1676 1130 1853 1188 αἴτιον
1885 1143 1998 1193 τοῖς

355 1226 652 1299 αἱρετικοῖς
725 1223 960 1286 κατέστη
1039 1230 1132 1278 τοῦ
1211 1223 1506 1278 παύσασθαι
1574 1219 1805 1296 δημοσίᾳ
1876 1222 1996 1284 τοὺς

355 1312 551 1388 ὕμνους
613 1324 813 1374 ποιεῖν,
875 1308 1039 1368 Οὐδὲν
1080 1309 1136 1367 δὲ
1189 1311 1309 1368 οἷον
1382 1314 1475 1366 καί
1543 1312 1662 1387 περὶ
1718 1313 1825 1366 τῶν
1894 1310 1996 1365 ἁν-

354 1402 599 1483 τιφώνῳν
698 1399 862 1459 τῶνδε
952 1397 1228 1456 διαλαϐεῖν
1307 1399 1479 1475 ᾠδῶν,
1573 1402 1649 1464 τίς
1742 1401 1841 1477 ἀρα
1910 1402 1996 1456 καὶ

356 1489 511 1569 ἧρξεν
562 1491 751 1554 αὐταῖς
823 1489 919 1558 τῆς
1003 1488 1278 1565 εὑρέσεως.
1355 1488 1620 1567 ,Ἰγνάτιὸν
1695 1490 1797 1566 γάρ
1868 1511 1995 1566 φασι

353 1582 444 1636 τὸν
530 1580 779 1659 θεοφόρον
866 1581 957 1637 καὶ
1043 1580 1280 1657 μάρτυρα
1367 1586 1577 1657 πρῶτον
1651 1579 1992 1658 Ἀντιολεῦσι

1817 595 2004 671 φθόνος
2086 607 2251 670 sunt,
2286 596 2692 676 dicentes,qui
2726 596 2837 658 tria
2868 614 3045 657 unam
3081 596 3413 660 defendunt
3442 616 3577 661 esse
3606 604 3728 660 vir-

2088 684 2459 747 tutem?Haec
2485 704 2618 747 cum
2644 686 2931 747 audiisset
2955 685 3058 747 ille
3085 705 3357 767 magnus,
3391 706 3526 750 eum
3550 690 3732 769 pieta-

2085 773 2158 834 tis
2175 774 2341 836 zelus
2363 776 2548 853 magis
2562 774 3189 837 incendit.Verebatur
3206 777 3367 838 enim
3387 796 3464 839 ne
3483 777 3730 851 malum,

2084 862 2172 924 sic
2208 880 2417 924 rursus
2452 865 2735 944 loquendi
2795 863 3134 927 libertatem
3171 873 3536 941 assecutum,
3568 877 3731 927 esset

2081 950 2218 1013 aliis
2250 970 2427 1014 causa
2457 952 2644 1016 exitii.
2680 952 3053 1015 Machinatur
3074 953 3275 1035 itaque
3308 957 3491 1018 virtus
3525 966 3731 1017 contra

2083 1040 2380 1117 vitium,et
2401 1061 2535 1104 cum
2561 1046 2690 1123 ipse
2711 1045 3041 1123 antiphona
3064 1046 3503 1126 composuisset
3535 1045 3725 1108 canti-

2081 1141 2240 1202 ca,et
2268 1130 2537 1195 dedisset
2564 1132 2800 1213 populis
2831 1133 3107 1194 canenda
3133 1134 3192 1195 in
3227 1136 3544 1215 matutino,
3580 1135 3729 1197 etle-

2082 1220 2162 1281 cit
2192 1232 2251 1282 ut
2275 1224 2363 1283 sic
2386 1232 2819 1285 evanescerent
2841 1223 3053 1284 inanes
3081 1241 3257 1285 voces
3280 1225 3724 1286 haereticorum.

2082 1310 2235 1384 Quid
2270 1312 2492 1374 deinde
2522 1311 2945 1393 consequitur?
2973 1313 3107 1375 Fuit
3138 1332 3393 1375 accensa
3430 1314 3728 1375 haereticis

2081 1400 2300 1462 invidia
2323 1408 2382 1462 et
2401 1403 2490 1463 ira
2510 1404 2863 1482 agrestis,ex
2889 1403 3082 1483 qualis
3108 1412 3234 1465 orta
3264 1414 3354 1465 est
3381 1426 3391 1463 :
3421 1422 3488 1464 ex
3523 1421 3591 1464 ea
3621 1422 3727 1465 au-

2083 1497 2528 1570 tem}pugnaa,et
2555 1501 2769 1572 prmter
2787 1512 2887 1554 eas
2912 1492 3122 1573 plagae;
3150 1493 3374 1554 deinde
3408 1492 3731 1566 insidiaa,et

2082 1586 2397 1655 postremo
2431 1580 2628 1642 credes
2652 1600 2719 1641 ex
2746 1580 3203 1662 utrisque,adeo
3227 1590 3291 1642 ut
3314 1600 3468 1642 unus
3490 1599 3729 1662 quoque

351 1678 507 1728 τοῦτο
566 1667 914 1745 παραδοῦναι,
990 1669 1111 1743 ὄψει
1164 1668 1373 1725 ἐκεῖνον
1432 1669 1672 1747 θειοτέρα
1741 1667 1979 1745 παραλα-

2078 1684 2146 1728 ex
2177 1669 2470 1730 eunuchis
2502 1670 2925 1748 imperatricis,
2960 1672 3205 1733 nomine
3238 1671 3492 1751 Bryson,
3527 1671 3728 1733 favens

348 1755 534 1837 δόντα,
599 1758 685 1814 καὶ
756 1757 1019 1835 ἀγγέλους
1076 1757 1501 1833 ἀντιψάλλοντας
1562 1756 1822 1827 ἀλλήλοις
1884 1760 1979 1813 ἑω-

2077 1757 2424 1819 cantoribus
2458 1759 2828 1835 orthodoxis,
2863 1761 2923 1820 in
2957 1760 3153 1822 fronte
3184 1760 3363 1823 fuerit
3397 1778 3724 1841 percussus

346 1849 547 1922 ρακότα
588 1846 685 1903 καί
730 1848 895 1922 ταύτῃ
941 1849 1033 1903 τὸν
1076 1846 1241 1921 ὕμνον
1286 1854 1354 1923 τῇ
1388 1852 1559 1922 σεπτῇ
1591 1845 1769 1918 Τριάδι
1818 1868 1979 1922 προσ-

2072 1846 2467 1926 lapide.Quod
2488 1848 2732 1926 quidem
2759 1867 2893 1909 cum
2917 1851 3289 1929 pervenisset
3308 1850 3379 1910 ad
3406 1867 3580 1911 aures
3605 1849 3721 1909 im-

340 1938 625 2016 φέροντις.
1248 1959 1254 1964 ·
2073 1936 2389 2015 paratoris,
2438 1936 2623 1999 vetuit
2682 1938 3006 2011 haereticis,
3074 1957 3147 1999 ne
3179 1938 3438 2018 amplius
3472 1939 3725 2019 hymnos

341 2030 580 2110 publice
631 2030 917 2094 Iacerent.
951 2029 1154 2094 Satius
1211 2037 1410 2092 autem
1448 2029 1625 2092 fuerit
1655 2031 1730 2092 de
1779 2029 2130 2111 antiphonis
2158 2048 2398 2109 quoque
2456 2031 2707 2093 canticis
2738 2032 2965 2105 dicere,
3003 2034 3275 2112 quisnam
3307 2032 3485 2094 fuerit
3514 2039 3727 2094 auctor

342 2138 550 2182 eorum
603 2118 1243 2183 inventionis.’Dicunt
1271 2119 1431 2182 enim
1466 2118 1731 2181 divinum
1765 2129 1823 2181 et
1851 2129 2171 2201 martyrem
2197 2118 2488 2196 Ignatium
2525 2122 2635 2182 hoc
2668 2121 2985 2184 tradidisse
3017 2122 3273 2202 primum
3326 2122 3721 2184 Antiochenis

341 2228 462 2271 non
493 2207 657 2271 domi
688 2228 812 2273 suae
842 2218 900 2271 et
943 2229 975 2271 a
1005 2227 1072 2272 se
1102 2210 1434 2285 inventum,
1470 2210 1575 2271 sed
1609 2209 1886 2272 diviniori
1915 2199 2169 2290 quadam
2205 2210 2453 2284 visione,
2490 2219 2553 2270 ut
2599 2210 2700 2271 ille
2732 2229 2865 2272 cum
2895 2199 3030 2273 Deo.
3052 2199 3325 2290 magn’am
3357 2211 3615 2273 habebat
3640 2209 3724 2273 fa-

346 2298 776 2376 miliaritatem,
811 2306 1125 2380 acceptum
1165 2322 1178 2358 :
1213 2306 1277 2361 ut
1307 2298 1408 2380 qui
1461 2299 1678 2362 viderit
1707 2300 1953 2378 angelos
1983 2297 2070 2361 sic
2101 2299 2256 2359 inter
2306 2317 2373 2360 se
2405 2309 2608 2361 contra
2640 2301 2960 2380 psallentes
2993 2310 3049 2361 et
3077 2302 3367 2382 hymnum
3399 2302 3722 2364 offerentes

345 2389 666 2452 adorandae
688 2387 981 2453 Trinitati.

427 2480 549 2543 KZ'.
586 2485 686 2542 Καὶ
716 2490 872 2541 τοῦτο
927 2482 981 2538 δὲ
1041 2485 1148 2539 τῶν
1211 2486 1330 2559 περὶ
1385 2481 1634 2541 Ἰωάννου
1688 2484 1979 2561 ἱστορημέ-

2146 2480 2384 2545 XXVII.
2420 2480 2602 2544 Porro
2627 2492 2822 2544 autem
2858 2504 2924 2546 ex
2961 2484 3201 2565 iis,quaa
3223 2484 3298 2545 de
3322 2488 3557 2545 Joanne
3584 2491 3713 2544 tra-

349 2593 452 2627 νων
481 2570 677 2638 ἥκιστα
707 2571 952 2652 παριδεῖν
981 2572 1146 2638 ἄξιον.
1183 2573 1409 2649 Λέγεται
1454 2575 1578 2650 γαρ,
1626 2574 1718 2628 καί
1767 2573 1979 2629 πολλῶν

2066 2572 2311 2645 duntur,
2350 2573 2464 2635 hoc
2486 2572 2733 2633 minime
2757 2581 2846 2634 est
2869 2573 3719 2653 prmtermittendunnDicitur

340 2660 601 2736 στόμασιν
631 2660 833 2737 ᾄδεται,
866 2662 1052 2727 ὁσάκις
1097 2661 1159 2718 ἂν
1204 2664 1296 2718 τὸν
1352 2665 1499 2718 θεῖον
1559 2661 1718 2738 ἄρτον
1776 2666 1979 2740 ἱερουρ-

2066 2662 2226 2723 enim
2263 2670 2321 2722 et
2344 2661 2666 2723 multorum
2700 2680 2981 2725 sermone
3013 2662 3541 2743 celebratur,quod
3575 2682 3709 2725 cum

341 2755 452 2827 γῶν
515 2751 791 2831 ἀναφέροι,
869 2751 1043 2809 ἔνθουν
1132 2751 1258 2807 ὅλον
1332 2752 1637 2829 γινόμενον,
1697 2749 1979 2827 συμϐόλοις

2072 2750 2339 2812 divinum
2402 2770 2621 2830 panem
2683 2771 3045 2816 consecrans
3095 2752 3439 2833 extolleret,
3496 2762 3714 2816 totusa

336 2842 441 2895 τισὶ
502 2842 563 2896 τὸ
621 2848 712 2896 τοῦ
766 2848 901 2899 Θεοῦ
955 2841 1108 2919 ἅγιον
1168 2848 1383 2915 Πνεῦμα
1432 2840 1517 2896 ἐπὶ
1562 2840 1979 2920 τὰῖπροκσίμενα

2068 2841 2189 2901 Deo
2217 2840 2475 2917 afﬂatus,
2514 2842 2685 2921 (quid
2722 2851 2920 2903 autem
2955 2844 3167 2904 horum
3202 2852 3291 2904 est
3351 2842 3711 2905 incredibile

338 2927 479 3005 δῶρα
538 2928 865 2987 καταϐαῖνον
921 2934 1067 3004 ὁρᾷν.
1116 2934 1268 2993 Ἐνὸς
1312 2937 1438 3007 γοῦν
1483 2952 1614 2987 ποτε
1675 2937 1783 2986 τῶν
1834 2952 1975 3008 παρ-

339 3019 637 3095 ισταμένων
696 3021 838 3093 αὐτῷ
900 3025 1219 3098 λειτουργῶν
1282 3021 1472 3097 γυναίῳ
1530 3021 1631 3076 τινὶ
1688 3022 1793 3077 τῶν
1855 3018 1974 3077 δια-

338 3114 650 3168 κυπτουσῶν
730 3109 929 3168 ἄνωθεν
1011 3111 1349 3189 προσχόντος
1408 3112 1503 3165 τὸν
1561 3108 1834 3187 ὀφθαλμὸν
1890 3111 1975 3164 καὶ

341 3198 633 3277 περιέργως
717 3201 880 3265 αὐτὴν
992 3197 1426 3277 προσϐλέποντος
1458 3248 1472 3276 ,
1574 3198 1977 3277 διακρουσθῆναι

337 3288 436 3360 μὲν
483 3287 620 3343 οὕτω
662 3290 762 3356 τὴν
792 3290 1010 3366 θεωρίαν
1041 3297 1134 3345 τοῦ
1162 3290 1463 3363 πνεύματος
1494 3305 1506 3317 ·
1548 3288 1755 3345 ἆκεῖνον
1800 3286 1852 3343 δὲ
1897 3290 1978 3361 μὴ

336 3377 623 3454 ἀγνοῆσαι,
688 3378 825 3434 ἀλλὰ
884 3381 973 3435 τὸν
1024 3380 1124 3455 μὲν
1153 3377 1460 3457 λειτουργὸν
1506 3378 1697 3435 αὐτίκα
1746 3399 1977 3452 μετακι-

337 3472 494 3532 νῆσαι
554 3467 648 3534 τῆς
692 3467 954 3542 στάσεως,
1014 3468 1172 3526 αὒτόν
1233 3467 1289 3524 δὲ
1337 3469 1431 3537 τῆς
1475 3470 1731 3537 συνήθους
1795 3468 1976 3541 ὄψεως

339 3556 417 3622 μὴ
472 3553 785 3635 διαμαρτεῖν
820 3571 834 3586 ⁸
897 3558 1022 3613 εἶτα
1076 3558 1328 3634 πρόνοιαν
1390 3558 1478 3613 καὶ
1536 3556 1629 3613 τοῦ
1688 3555 1977 3630 μέλλοντος

331 3646 585 3720 θέμενον,
675 3647 1158 3725 παραπετάσμασιν
1243 3647 1521 3725 ἐπιτρέψαι
1613 3648 1678 3703 τὰ
1764 3648 1977 3718 ὑπερῷα

333 3732 380 3790 δι
390 3738 621 3816 ατειχίζε
629 3740 747 3794 σθαι
761 3775 774 3791 .

2065 2931 2123 2990 in
2159 2938 2275 2991 tam
2303 2939 2507 2992 sancta
2555 2931 2811 3006 anima?)
2861 2932 3224 3013 quibusdam
3260 2932 3441 3012 signis
3476 2932 3714 2994 videbat

2062 3020 2174 3081 Dei
2208 3020 2498 3099 Spiritum
2539 3021 2610 3082 ad
2644 3022 2802 3083 dona
2828 3020 3133 3102 proposita
3156 3020 3710 3084 descendere.Cum

2062 3115 2261 3171 autem
2298 3128 2454 3170 unus
2513 3128 2582 3170 ex
2640 3110 2955 3185 ministris,
3012 3111 3113 3191 qui
3149 3110 3204 3172 ei
3236 3110 3615 3185 assistebant,
3652 3111 3713 3172 in

2062 3198 2382 3278 quamdam
2418 3199 2733 3261 mulierem
2768 3218 2838 3263 ex
2868 3200 2965 3273 iis,
3001 3219 3137 3277 quae
3162 3201 3421 3280 desuper
3444 3200 3716 3262 solebant

2064 3287 2408 3367 despicere,
2441 3291 2503 3369 (ο
2539 3297 2696 3350 tuam
2732 3289 2935 3350 omnia
2980 3289 3426 3370 pervadentem,
3468 3310 3501 3350 ο
3538 3290 3713 3351 mali-

2063 3395 2202 3455 gne,
2239 3377 2714 3459 improbitatem)
2740 3415 2755 3425 -
2781 3380 3021 3442 oculum
3070 3378 3460 3459 conjecisset,
3494 3387 3553 3440 et
3580 3397 3711 3440 eam

2063 3466 2301 3528 curiose
2352 3468 2672 3546 aspiceret,
2706 3468 2794 3530 sic
2826 3468 3071 3548 quidem
3107 3485 3322 3547 magno
3351 3468 3568 3530 Joanni
3600 3468 3710 3530 fuit
3810 3518 3819 3525 .

2061 3555 2312 3633 depulsa
2368 3555 2521 3617 visio
2580 3559 2772 3618 sancti
2834 3555 3116 3636 Spiritus.
3182 3555 3291 3619 Ille
3340 3566 3537 3618 autem
3593 3577 3709 3618 non

2061 3644 2370 3722 ignoravit,
2405 3644 2509 3705 sed
2546 3644 2889 3706 ministrum
2936 3645 3179 3724 quidem
3234 3646 3429 3706 statim
3466 3646 3651 3707 movit
3679 3665 3712 3707 e

2062 3751 2168 3794 sua
2200 3733 2454 3795 statione
2494 3752 2505 3794 ε
2561 3735 2692 3813 ipse
2745 3752 2886 3795 vero
2920 3742 3209 3795 consueta
3241 3734 3478 3795 visione
3509 3753 3584 3796 ne
3616 3736 3704 3795 sic

333 3827 579 3908 quidem
610 3837 700 3891 est
723 3830 1061 3893 frustratus.
1098 3828 1328 3892 Deinde
1349 3830 1527 3893 futuri
1552 3847 1790 3910 quoque
1812 3848 2013 3891 curam
2035 3843 2272 3905 gerens,
2288 3828 2468 3907 jussit
2500 3827 2643 3888 velis
2662 3827 2976 3907 superiora
3010 3827 3230 3889 muniri
3261 3827 3520 3889 tabulata
3554 3828 3705 3907 (t4).

418 3924 552 3984 KH'.
596 3932 703 3984 Ποῦ
731 3924 784 3981 δὲ
815 3928 902 3981 καὶ
934 3932 1089 3983 τοῦτο
1134 3924 1378 4004 παριδεῖν
1411 3924 1635 4003 δίκαιον,
1657 3926 1714 3981 ἓν
1743 3926 1840 3999 μὲν
1870 3931 1975 3980 τῶν

2134 3919 2720 3992 XXVIII.Quomodo
2744 3924 3182 3999 autemjustum
3207 3919 3389 3980 fuerit
3412 3920 3526 3981 hoc
3549 3939 3706 3999 quo-

329 4015 449 4092 περὶ
475 4016 634 4074 αὐτοῦ
679 4015 984 4092 )εγομένων
1040 4017 1125 4094 ὃν,
1172 4019 1367 4077 ἱκανῶς
1400 4014 1454 4071 δὲ
1487 4016 1618 4095 ἔχον
1663 4021 1816 4093 ψυχῇ
1860 4037 1972 4094 χα-

2066 4029 2172 4091 que
2202 4010 2701 4091 praeterire,quod
2724 4021 2816 4074 est
2837 4010 3085 4087 quidem
3114 4028 3297 4071 unum
3337 4028 3411 4071 ex
3437 4010 3534 4086 iis,
3571 4029 3702 4090 quae

325 4104 566 4180 ρίσασθαι
611 4104 864 4184 φιλοθέῳ,
914 4107 1000 4160 καὶ
1043 4107 1175 4182 πρὸς
1237 4105 1402 4177 ὕμνον
1458 4106 1624 4170 αὗτὴν
1683 4104 1972 4180 διαθερμα-

2066 4100 2132 4161 de
2161 4118 2231 4162 eo
2264 4099 2569 4176 dicuntur,
2596 4102 2704 4181 piae
2733 4119 2871 4161 vero
2904 4100 3121 4162 animas
3154 4107 3348 4181 potest
3371 4117 3504 4162 esse
3535 4100 3703 4162 valde

323 4216 405 4248 ναι
461 4200 556 4248 τού
599 4194 879 4257 κτίσαντος
916 4212 930 4269 ;
962 4196 1129 4273 ’Ἔχει
1162 4192 1216 4249 δὲ
1249 4194 1412 4258 οὕτως
1450 4210 1462 4223 ’
1522 4194 1691 4271 Ἀνήρ
1725 4217 1807 4257 τις
1853 4195 1973 4250 κατ’

2066 4196 2377 4267 gratum,et
2403 4207 2533 4251 eam
2570 4190 2906 4252 accendere
2939 4189 3011 4251 ad
3039 4188 3323 4269 hymnum
3352 4188 3653 4252 Creatoris
3677 4198 3704 4253 ?

327 4282 504 4337 ἐκεῖνο
576 4293 779 4361 καιροῦ,
859 4285 1016 4348 αὑτός
1075 4307 1132 4340 τε
1192 4285 1443 4362 ὀμόφρων
1519 4282 1826 4357 Μακεδονίῳ
1896 4292 1971 4357 τῷ

2066 4278 2155 4340 Sic
2178 4287 2377 4341 autem
2415 4280 2596 4341 habet
2631 4298 2643 4341 :
2676 4281 2780 4340 Vir
2813 4289 2939 4340 erat
2988 4278 3233 4356 quidam
3266 4277 3369 4340 ille
3408 4287 3702 4358 tempore,

328 4374 573 4447 αἱρετικῴ
617 4378 709 4447 ἦν,
773 4377 858 4429 καὶ
910 4376 1006 4441 τὴν
1056 4386 1288 4451 γυναῖκα
1320 4374 1383 4429 τὰ
1416 4374 1546 4431 αὐτὰ
1579 4374 1764 4447 ἐκείνῳ
1811 4372 1965 4438 δοξᾶ-

324 4467 514 4530 ζουσαν
560 4463 715 4542 εἶχε,
764 4472 959 4520 Τοῦτον
1020 4468 1047 4520 ὁ
1103 4465 1272 4542 μέγας
1321 4464 1588 4542 ἐντέχνως
1650 4464 1965 4542 περιελθὼν,

320 4551 538 4624 θήραμα
594 4556 695 4618 τῆς
754 4556 914 4610 αὑτοῦ
971 4553 1221 4630 γλώττης
1287 4565 1549 4631 ποιεῖται,
1614 4556 1699 4609 καὶ
1743 4558 1811 4628 τῇ
1865 4559 1970 4608 τῶν

323 4641 529 4694 πιστῶν
587 4642 933 4711 προστίθησιν
982 4643 1299 4714 Ἐκκλησία.
1348 4643 1485 4699 Εἶτα
1542 4644 1750 4706 ἐκεῖνος
1807 4640 1967 4698 πάλιν

2054 4370 2157 4444 qui
2180 4368 2311 4450 ipse
2332 4389 2573 4450 quoque
2597 4369 2755 4431 idem
2783 4368 3082 4431 sentiebat
3098 4387 3232 4430 cum
3254 4371 3301 4430 Μ
3312 4367 3699 4443 acedonistis,

2054 4467 2113 4519 et
2144 4458 2401 4520 habebat
2435 4477 2706 4527 uxorem.
2737 4477 2870 4539 quae
2902 4458 3386 4539 eamdem,quam
3412 4458 3566 4537 ipse,
3592 4461 3701 4520 ha-

2054 4546 2231 4608 bebat
2263 4548 2794 4627 opinionem.Eum
2827 4566 3076 4625 magnus
3102 4549 3365 4610 Joannes
3397 4548 3705 4627 sapienter

2052 4646 2109 4697 et
2139 4636 2467 4699 artiﬁciose
2492 4655 2830 4716 aggressus,
2860 4655 2964 4698 sua
2996 4637 3198 4715 lingua
3228 4646 3471 4717 ceperat
3502 4647 3561 4699 et
3591 4639 3701 4700 ad-

324 4728 520 4782 πείθειν
583 4730 677 4794 τὴν
742 4731 985 4785 σύνοικον
1033 4730 1306 4808 ἐπειρᾶτο.
1363 4724 1513 4787 Ἡδὲ
1564 4732 1718 4808 γυνὴ,
1776 4732 1869 4787 ἅτε
1915 4728 1969 4785 δὲ

2066 4727 2330 4798 iunxerat
2359 4726 2643 4788 Ecclesiae
2666 4725 3199 4789 fidelium.Deinde
3231 4726 3335 4788 ille
3364 4746 3576 4789 rursus
3606 4747 3702 4789 co-

329 4821 487 4895 γυνή,
546 4820 635 4874 καὶ
679 4832 798 4881 τοῖς
844 4818 1053 4893 ψεύδεσι
1100 4820 1329 4896 μᾶλλον,
1364 4821 1399 4889 ἢ
1443 4823 1511 4896 τῇ
1542 4820 1764 4892 ἀληθείᾳ
1796 4842 1972 4898 προσ-

325 4904 553 4985 έχουσα,
589 4907 739 4984 ἔλεγε
772 4909 870 4981 μὲν
901 4917 975 4981 τῷ
1024 4908 1173 4987 ἀνδρῖ
1223 4923 1572 4989 συμφρονεῖν,
1606 4912 1692 4966 καὶ
1742 4911 1807 4965 τὰ
1863 4916 1970 4965 τῶν

320 4993 612 5071 ὀρθοδόξων
672 4998 980 5075 ὑπεκρίνετο
1066 4997 1396 5076 πρεσϐεύειν,
1476 5000 1577 5065 τὴν
1636 4997 1691 5054 δὲ
1745 4997 1967 5075 καρδίαν

320 5086 417 5140 οὐκ
471 5086 601 5165 εἶχε
661 5088 1141 5164 συμφθεγγομὲνην
1212 5102 1329 5150 τοῖς
1384 5088 1746 5167 φαινομένοις.
1810 5097 1965 5164 Λαμ-

318 5171 468 5230 ϐάνει
525 5178 698 5232 τοίνυν
748 5178 870 5251 μίαν
935 5178 1040 5234 ἀπό
1099 5200 1241 5241 τινος
1313 5183 1421 5232 τῶν
1493 5180 1968 5258 πνευματομάχων

317 5262 479 5334 ἄρτου
540 5262 747 5343 μερίδα,
796 5268 882 5321 καὶ
917 5267 1116 5333 ταύτην
1159 5268 1292 5324 κατὰ
1343 5267 1403 5321 τὸ
1434 5264 1661 5332 λεληθὸς
1720 5273 1787 5340 τῇ
1830 5289 1965 5323 παι-

318 5348 473 5427 δίσκῃ
506 5355 858 5427 πιστεύσασα,
906 5359 983 5429 τῷ
1024 5364 1133 5412 τῶν
1175 5361 1378 5412 πιστῶν
1422 5358 1547 5433 ἱερῷ
1599 5355 1693 5410 σὺν
1737 5362 1814 5427 τῷ
1864 5356 1966 5410 ἆν-

323 5437 403 5516 δρὶ
448 5445 715 5517 πρόσεισι,
777 5460 1081 5523 μετασχεῖν
1124 5447 1229 5501 τῶν
1289 5446 1643 5522 ἀγιασμάτων
1701 5465 1967 5524 προσποι-

2058 4815 2306 4877 nabatur
2332 4816 2696 4895 persuadere
2719 4817 2850 4894 ejus
2876 4815 3141 4891 uxori,ut
3166 4817 3438 4879 eamdem
3465 4827 3704 4878 teneret

2052 4905 2658 4968 sententiam.Mulier
2681 4917 2911 4980 autem,
2944 4914 3007 4966 ut
3029 4924 3161 4985 quae
3182 4914 3341 4967 esset
3370 4907 3610 4974 mulier,
3643 4915 3702 4966 et

2054 4995 2396 5057 attenderet
2431 4995 2615 5073 magis
2648 4995 3082 5075 falsum,quam
3116 4994 3701 5070 veritatem,dicebat

2053 5103 2118 5146 se
2141 5084 2381 5166 quidem
2410 5084 2620 5146 eadem
2646 5086 2873 5146 sentire
2896 5104 3029 5165 quas
3062 5085 3329 5158 maritus,
3356 5092 3412 5145 et
3444 5102 3536 5156 ea,
3568 5103 3700 5164 quae

2052 5172 2370 5237 orthodoxi
2404 5173 2685 5236 similiter
2715 5182 2893 5254 atque
2922 5173 3051 5248 ille,
3089 5182 3325 5253 tenere;
3362 5191 3468 5234 cor
3497 5181 3695 5235 autem

2053 5265 2300 5325 minime
2318 5262 2574 5325 habebat
2595 5264 2754 5327 idem
2780 5262 3223 5344 loquens,quod
3248 5262 3697 5341 linguaznulens

2052 5354 2204 5414 sicut
2223 5352 2387 5433 prius
2411 5372 2545 5416 cum
2573 5355 2784 5415 marito
2811 5352 3115 5427 errori,ita
3136 5350 3366 5415 veritati
3390 5361 3696 5434 postremo

2053 5442 2684 5505 communicare.Cum
2716 5442 2914 5522 itaque
2944 5461 2976 5504 a
3006 5439 3265 5520 quodam
3299 5461 3369 5505 ex
3403 5446 3694 5506 Pneuma-

410 5656 536 5739 (14)
577 5652 847 5742 ἰ’περῴα,
883 5669 1195 5746 superiora
1228 5663 1508 5740 tabulata,
1543 5668 1601 5725 in
1628 5663 1845 5748 quibus
1875 5675 2010 5728 sunt
2042 5663 2327 5728 mulieres
2356 5666 2416 5726 in
2447 5664 2700 5727 ecclesia
2733 5670 3018 5742 separatae
3047 5680 3081 5725 a
3106 5662 3263 5729 viris.
