4060 6200
286 333 437 398 1117

1331 333 1518 399 VITA
1565 331 1625 396 s.
1688 330 2012 396 JOANNIS
2054 282 2608 395 CHRYSOSTOMI.

3509 334 3655 401 1118

278 471 341 539 δὴ
387 472 475 531 καὶ
518 471 819 553 στρατηγὸς
883 482 955 545 εἴ,
1021 470 1110 528 καὶ
1168 469 1325 543 τιμῆς
1391 477 1491 538 τῆς
1553 476 1658 528 τῶν
1699 469 1909 527 ὑπάτων

1999 481 2071 526 ea
2093 470 2317 528 versari
2344 467 2404 528 in
2434 467 2874 533 Ecclesia.Non
2908 476 2996 531 est
3029 489 3161 534 mea
3190 472 3400 553 petitio
3432 491 3645 551 repre-

277 562 597 640 ἠξιωμένος.
646 559 806 620 Οὖδὲν
850 559 904 616 δὲ
949 560 1148 618 ἄτοπον
1205 562 1301 618 καῖ
1343 563 1505 618 τοῦτα
1560 572 1811 631 σκοπεῖν,
1858 556 1919 612 οὗ

277 653 378 728 μὲν
421 651 629 718 ἀδοξίας
668 652 805 720 ἦσθα
837 649 1114 729 πρότερον,
1152 649 1211 706 οὗ
1244 659 1329 709 νῦν
1361 649 1541 719 δόξης,
1574 651 1663 706 καὶ
1692 649 1783 706 οἵα
1818 647 1916 721 μὲν

275 745 310 810 ἡ
355 748 553 822 προτοῦ
583 740 762 814 πενία,
796 744 915 804 οἷος
949 738 1003 795 δὲ
1034 742 1194 818 οὗπερ
1223 747 1310 797 νόν
1340 739 1628 805 ἀπολαύεις
1658 737 1913 800 πλοῦτος.

274 838 443 890 Τοῦτο
502 854 561 888 σε
619 831 730 911 χρὴ
808 828 1195 903 ὲνθδμούμενον
1253 828 1310 885 εὖ
1366 842 1538 902 νοεῖν,
1597 830 1687 885 καὶ
1747 825 1915 902 μηδὲν

276 924 395 1001 περὶ
468 922 567 989 τὴν
639 920 779 978 οὕτω
835 920 1141 995 τιμήσασαν
1212 918 1482 996 βασιλείαν
1550 919 1910 996 ἀγνωμονεῖν.

280 1012 416 1084 Πρὸς
477 1015 639 1066 ταῦτα
723 1008 815 1065 τὸν
890 1013 1089 1064 Γαϊνᾶν
1163 1006 1310 1066 οὐδὲν
1380 1008 1582 1085 καίριον
1642 1007 1917 1062 ἀντειπεῖν

276 1103 502 1181 ἔχοντα,
567 1111 854 1179 προκρῖναι
908 1098 1011 1164 τὴν
1068 1096 1279 1164 σιωπήν
1312 1116 1327 1132 ο
1375 1099 1638 1172 θαυμάσαι
1698 1096 1752 1152 δὲ
1829 1096 1916 1150 καὶ

276 1189 499 1270 βασιλέα
543 1190 632 1246 καὶ
659 1190 781 1252 τοὺς
813 1187 934 1266 περὶ
994 1188 1178 1258 αὐτὸν,
1233 1188 1305 1252 ὡς
1334 1191 1388 1243 ἓν
1420 1186 1585 1264 ὀλίγῳ
1610 1188 1672 1243 τὸ
1715 1185 1918 1264 πολύρ-

275 1284 448 1361 ῥημον
503 1285 600 1346 τῆς
666 1275 993 1355 βαρϐαρικῆς
1049 1277 1330 1356 πεφίμωτο
1381 1277 1720 1354 προπετείας.
1772 1277 1914 1353 Χρό-

278 1395 367 1429 νου
401 1370 453 1426 δὲ
500 1369 556 1425 ἐν
598 1375 675 1442 τῷ
719 1365 914 1441 μεταξὺ
958 1364 1275 1438 διελθόντος,
1308 1366 1372 1432 ἢν
1399 1367 1425 1421 ὃ
1458 1372 1652 1429 Γαϊνας
1696 1368 1759 1421 Ex
1789 1364 1918 1420 πολ-

275 1460 371 1518 λοῦ
427 1458 579 1516 ὤδινε
623 1453 898 1535 τυραννίδα
944 1457 1017 1519 εἰς
1078 1455 1242 1529 μέσον
1302 1455 1613 1533 ἐξενεγγὼν,
1674 1457 1740 1511 τὰ
1784 1457 1916 1531 πρὸς

274 1552 488 1630 Θρᾴκην
519 1570 576 1605 τε
623 1550 710 1603 καὶ
752 1542 1079 1602 Μακεδονίαν
1136 1547 1346 1623 περιῄει
1393 1545 1743 1625 κατατρέχων
1789 1567 1913 1625 χω-

272 1644 379 1713 ρία,
413 1641 500 1697 καὶ
534 1636 645 1710 ὅλῳ
691 1633 810 1693 ποδὶ
842 1633 1193 1711 λῃϊζόμενος.
1252 1633 1490 1701 Μηδενὸς
1523 1633 1576 1690 δὲ
1609 1637 1749 1711 μήτε
1807 1656 1910 1690 πο-

271 1710 437 1805 λεμον
481 1728 700 1807 ἅρασθαι
751 1710 893 1795 πρὸς
936 1726 1119 1798 αὺτὸν,
1174 1726 1313 1800 μήτε
1345 1722 1626 1803 πρεσϐείαν
1656 1723 1910 1802 διακηρύ-

270 1804 552 1877 κεύσασθαι
598 1815 934 1894 θαρροῦντος,
986 1817 1021 1882 ἦ
1079 1814 1294 1893 γενναία
1327 1814 1503 1880 ἐκείνη
1537 1816 1690 1893 ψυχὴ
1721 1816 1807 1869 καὶ
1840 1821 1909 1887 τῷ

1999 1804 2131 1866 tulit
2162 1807 2465 1894 silentium
2510 1827 2522 1870 ζ

269 1909 394 1984 θείῳ
450 1906 805 1985 πεπραγμὲνη
865 1902 1036 1983 φόϐῳ,
1082 1902 1250 1978 μηδὲν
1280 1902 1742 1983 ὑπολογισαμένη,
1774 1905 1911 1978 μήτε

274 2002 372 2065 τὴν
401 2000 505 2076 πρὸ
537 2003 627 2053 τοῦ
671 1994 948 2073 διαφορὰν,
999 1990 1127 2067 μήτ’
1191 1991 1322 2049 ἄλλο
1379 1999 1511 2067 τῶν,
1545 1993 1641 2049 ὅσα
1673 1994 1913 2069 θράττειν

274 2088 388 2146 οἶδε
449 2087 545 2144 καὶ
606 2098 792 2141 πτοεῖν
839 2084 1116 2161 ἀνθρώπου
1141 2085 1348 2162 ψυχὴν,
1383 2085 1611 2160 αἱρεῖται
1655 2084 1750 2150 τὴν
1781 2083 1910 2159 πρὸς

280 2180 434 2237 αὐτὸν
499 2175 694 2251 ἄφιξιν,
756 2174 1026 2251 ἅνθρωπος
1078 2175 1276 2251 ἡσυχίᾳ
1320 2175 1552 2248 τοσαύτῃ
1597 2173 1909 2249 σύντροφος,

278 2271 366 2327 καὶ
414 2242 580 2344 μηδὲν
637 2271 877 2322 τοιοῦτον
927 2262 1048 2319 ἰδὼν
1102 2260 1436 2336 κινδυνῶδες,
1466 2262 1500 2329 ἣ
1534 2261 1713 2338 ἄγριόν
1746 2284 1795 2317 τι
1826 2256 1913 2316 καὶ

284 2360 527 2431 μανιιὸν.
574 2354 776 2420 ’Ἔξεισι
824 2355 920 2427 μὲν
965 2353 1053 2409 οὖν
1098 2355 1170 2415 είς
1214 2356 1371 2409 αὐτὸν
1429 2352 1571 2427 μάλα
1632 2354 1913 2427 προθύμως

282 2450 381 2515 τὴν
438 2447 566 2522 ὑπὲρ
622 2445 834 2500 πάντων
903 2439 1187 2520 πρεσϐείαν
1246 2442 1635 2515 ποιησόμενος,
1708 2434 1801 2504 Ὠς
1862 2440 1916 2497 δὲ

281 2536 386 2607 ἤδη
445 2534 673 2602 πλησίον
715 2531 779 2599 ἦν
817 2533 841 2607 (
889 2533 1170 2608 ἐπορεύετο
1228 2529 1282 2587 δὲ
1316 2532 1461 2587 κάτω
1491 2532 1676 2605 νεύων,
1712 2531 1767 2586 ἐν
1797 2535 1911 2601 ἤθει

278 2628 377 2694 μὲν
422 2628 754 2703 προσεκτικῷ
812 2623 900 2678 καὶ
959 2622 1189 2699 κοσμίῳ,
1235 2618 1518 2696 βαδίσματι
1570 2618 1625 2675 δὲ
1671 2619 1915 2700 σχολαίῳ

276 2718 362 2773 καὶ
419 2712 662 2792 γαληνῷ,
697 2713 841 2789 σαφῆ
886 2715 982 2779 τῆς
1030 2710 1223 2787 ἀρετῆς
1256 2709 1394 2788 ἴχνη
1442 2711 1510 2785 τῇ
1552 2707 1673 2783 ὄψει
1717 2708 1911 2776 διαση-

272 2803 526 2882 μαίνων),
574 2805 601 2858 ὁ
656 2798 914 2879 βάρϐαρος
964 2800 1120 2855 αὐτὸν
1172 2799 1500 2874 θεασάμεδος
1531 2800 1675 2863 εὐθύς
1718 2820 1776 2855 τε
1819 2805 1911 2854 τοῦ

267 2900 436 2971 θυμοῦ
482 2892 654 2971 ὓφῆκε
700 2892 787 2947 καὶ
822 2889 1021 2968 ἥμερον
1057 2887 1274 2971 ἔϐλεψε,
1306 2894 1401 2945 τοῦ
1430 2886 1719 2963 οἰδήματος
1767 2892 1910 2961 αὐτῷ

267 2970 366 3053 τῆς
395 2970 584 3064 ψυχῆς
617 2978 991 3043 συσταλέντος.
1053 2970 1235 3045 ἰιιανὴ
1266 2978 1366 3055 γάρ
1399 2979 1622 3054 σώφρων
1652 2977 1777 3053 δ’ψκ
1821 2980 1909 3034 καί

266 3075 463 3149 κοσμία
518 3071 842 3134 κατάστασις
886 3066 1160 3147 ὀφθαλμόν
1219 3088 1277 3123 τε
1339 3066 1529 3145 ἄγριον
1558 3067 1903 3141 ἱλεώσασθαι,

2002 553 2408 623 hendenda,et
2440 575 2570 637 quea
2600 578 2719 620 non
2749 560 2975 640 justam
3001 560 3215 623 habeat
3236 564 3643 638 occasionem,

2002 662 2136 705 cum
2174 645 2314 708 belli
2349 648 2610 725 pericula
2644 649 2917 730 quotidie
2945 651 3184 725 adeam,
3212 661 3269 712 et
3294 653 3647 732 reipublicae

2000 734 2317 797 utilitatem
2335 738 2474 799 vitae
2490 757 2641 800 meae
2658 739 3109 819 praeferamSed
3127 740 3197 803 ha
3209 740 3378 815 bes,o
3394 742 3641 821 optime,

1999 822 2193 904 inquit
2217 833 2481 900 sanctus,
2513 827 2783 889 laborum
2839 846 2957 890 non
2993 829 3256 891 minores
3288 849 3645 892 remunera-

2002 913 2197 974 tiones
2228 933 2243 990 ;
2273 915 2572 995 siquidem
2608 935 2672 978 es
2702 919 2816 978 dux
2842 919 3242 992 exercitus,et
3264 919 3643 980 consularem

2002 1002 2292 1064 honorem
2354 1022 2420 1066 es
2475 1016 2807 1068 assecutus.
2865 1008 3064 1068 Satius
3094 1020 3290 1069 autem
3324 1009 3503 1069 fuerit
3533 1010 3646 1070 hoc

2002 1110 2243 1172 quoque
2290 1094 2696 1167 considerare,
2764 1114 2938 1176 quam
3007 1105 3179 1159 antea
3208 1099 3448 1177 quidem
3481 1117 3645 1160 esses

2005 1181 2296 1243 obscurus
2323 1192 2379 1243 et
2408 1184 2714 1261 ignobilia,
2750 1193 3009 1266 quantus
3033 1204 3174 1248 vero
3208 1190 3285 1248 sit
3316 1207 3475 1249 nunc
3507 1196 3644 1251 tuus

2002 1270 2291 1349 splendor
2313 1281 2369 1333 et
2393 1283 2613 1348 quanta
2641 1274 2862 1352 gloria:
2892 1284 2949 1336 et
2971 1287 3195 1351 quanta
3218 1278 3458 1357 quidem
3485 1288 3645 1339 esset

2002 1369 2177 1420 antea
2201 1363 2785 1444 paupertas,quantis
2809 1373 3003 1425 autem
3029 1384 3187 1427 nunc
3208 1367 3477 1429 abundes
3501 1368 3646 1427 divi-

2003 1447 2255 1509 tiis.Hoc
2274 1458 2328 1510 te
2350 1452 2981 1533 cogitantem,oportet
3004 1473 3137 1517 esse
3164 1455 3548 1530 benevolum,
3584 1464 3642 1516 et

2000 1554 2117 1597 non
2142 1539 2583 1617 esseingratum
2604 1542 2660 1601 iu
2680 1543 3189 1624 imperium,quod
3208 1554 3265 1606 te
3288 1547 3372 1605 sic
3393 1547 3646 1606 honora-

2000 1627 2165 1699 vit,et
2186 1645 2303 1687 non
2327 1627 2398 1687 ab
2422 1647 2496 1689 eo
2522 1639 2725 1708 petere
2756 1651 2888 1711 quae
2913 1652 3028 1694 non
3057 1635 3369 1697 licet.Cum
3406 1637 3476 1696 ad
3511 1637 3641 1698 haec

1999 1715 2148 1806 nihil
2170 1716 2418 1779 haberet
2443 1718 2683 1794 Gaiuas,
2713 1723 2870 1796 quod
2901 1732 3037 1803 apte
3056 1725 3641 1806 responderet,prze-

2576 1818 2636 1868 ut
2664 1812 2767 1889 qui
2802 1813 3051 1889 pulchre
3082 1816 3275 1894 reipsa
3306 1815 3637 1887 didicisset,

1996 1912 2059 1954 se
2094 1895 2150 1953 in
2187 1896 2375 1955 virum
2412 1892 2718 1977 incidisse,
2756 1902 2858 1980 qui
2892 1922 3008 1962 non
3048 1892 3239 1964 minus
3273 1914 3472 1983 posset
3502 1923 3637 1964 ver-

1996 2001 2130 2045 sare
2161 1985 2444 2063 linguam,
2473 2007 2649 2067 quam
2686 1990 2813 2067 ipse
2851 1991 3136 2067 gladium.
3174 1994 3520 2053 Admiratus
3551 2004 3641 2053 est

1997 2083 2192 2163 autem
2220 2074 2547 2155 imperator
2569 2089 2627 2138 et
2660 2084 2756 2158 qui
2786 2081 3052 2153 aderant,
3088 2084 3243 2161 quod
3283 2091 3399 2143 tam
3436 2085 3642 2163 paucis

1998 2162 2326 2225 barbaricae
2350 2168 2705 2229 temeritatis
2730 2171 3026 2232 refrenata
3047 2172 3253 2232 fuisset
3282 2162 3637 2253 loquacitas.

1999 2251 2143 2315 Cum
2160 2265 2354 2316 autem
2374 2256 2742 2332 aliquantum
2765 2260 3091 2323 efﬂuxisset
3112 2251 3646 2339 temporis,Gainas

2000 2363 2171 2418 quam
2192 2349 2307 2419 jam
2336 2350 2435 2406 diu
2464 2353 2824 2420 parturiebat
2855 2355 3440 2424 tyrannidemmperle
3465 2356 3639 2411 edens

2001 2432 2059 2491 in
2094 2433 2380 2507 lucem,in
2409 2434 2667 2497 Thracia
2694 2445 2753 2496 et
2778 2436 3121 2499 Macedonia
3153 2438 3410 2502 faciebat
3430 2440 3636 2500 incur-

1999 2521 2202 2583 siones
2226 2541 2326 2583 eas
2344 2525 2660 2605 populares
2683 2534 2739 2586 et
2760 2530 2986 2606 praedas
3008 2547 3080 2589 ex
3100 2530 3187 2589 eis
3208 2529 3637 2608 agens.Adver-
3700 2592 3703 2597 ,

1998 2629 2097 2671 sus
2123 2631 2294 2687 quem
2317 2633 2447 2674 cum
2465 2632 2637 2675 nemo
2653 2620 2889 2677 auderet
2908 2635 3016 2677 nec
3034 2622 3252 2678 bellum
3278 2623 3498 2680 fortiter
3515 2637 3637 2679 sus-

1995 2697 2339 2778 cipere,nec
2370 2702 2525 2781 apud
2560 2721 2698 2764 eum
2719 2704 2880 2782 fungi
2899 2704 3513 2784 legatione.generosa
3535 2708 3634 2768 illa

1992 2792 2192 2850 anima
2221 2802 2277 2851 et
2305 2792 2506 2854 divino
2544 2802 2707 2855 metu
2741 2804 3192 2876 armata,neque
3226 2804 3443 2859 timens
3475 2796 3634 2878 prio-

1993 2899 2115 2942 rem
2142 2886 2299 2942 illius
2322 2900 2454 2943 cum
2482 2889 2610 2958 ipso
2629 2891 3285 2961 contentionemmeque
3310 2892 3629 2964 quidquam

1992 2986 2366 3046 eorum,quae
2382 2971 2578 3033 solent
2597 2972 2861 3033 animum
2888 2973 3163 3053 frangere
3180 2985 3239 3036 et
3257 2985 3628 3056 perterrere,

1989 3057 2062 3119 ad
2087 3076 2221 3119 eum
2246 3060 2450 3121 statuit
2487 3061 2786 3139 proﬁcisci
2821 3063 3040 3125 :homo
3066 3070 3124 3124 in
3159 3082 3394 3126 summa
3427 3070 3632 3147 quiete

267 3146 379 3221 καὶ⁷
410 3163 540 3219 αίδὼ
582 3161 671 3216 καὶ
713 3156 873 3221 σέϐας
918 3146 991 3223 είς
1036 3158 1135 3224 τὴν
1192 3158 1378 3236 ψυχὴν
1424 3154 1707 3231 ἐμϐαλεῖν,
1739 3158 1907 3213 Αὐτὸν

1995 3146 2303 3218 educatus,
2331 3160 2390 3210 et
2416 3151 2515 3230 qui
2538 3150 2768 3212 nullum
2795 3171 3053 3233 unquam
3083 3154 3196 3215 tale
3219 3146 3631 3235 viderat’peri-

267 3253 321 3308 δὲ
405 3253 493 3310 καὶ
581 3248 697 3311 δέος

268 3341 479 3408 ἐδείνης
526 3340 613 3395 καὶ
669 3336 944 3418 γλώττης,
1000 3337 1068 3404 ἣν
1100 3336 1155 3392 εὖ
1198 3336 1406 3399 ἐκεῖνος
1451 3334 1658 3409 μᾶλλον
1689 3335 1905 3414 ἔστρεφε

269 3428 388 3487 κατ’
432 3428 614 3508 αὖτοῦ,
671 3430 707 3495 ἢ
768 3427 931 3488 αὗτὸς
990 3424 1150 3480 ἐκίνει
1182 3425 1243 3480 τὸ
1274 3423 1394 3501 δόρυ
1425 3425 1557 3502 πρὸς
1589 3422 1903 3493 πολεμίους.

273 3521 372 3577 Διὰ
402 3525 562 3576 ταῦτα
594 3520 717 3596 γοῦν
749 3518 836 3572 καὶ
881 3516 1230 3594 προσυπήντα
1285 3512 1381 3570 καί
1422 3513 1779 3590 προσέπιπτε,
1823 3515 1911 3568 καὶ

270 3616 365 3674 τῆς
398 3612 555 3668 αὖτοὺ
598 3604 892 3681 λαϐόμενος
957 3602 1152 3677 δεξιᾶς,
1205 3616 1319 3662 τοῖς
1381 3601 1680 3680 ὀφθαλμοῖς
1740 3603 1907 3668 αύτὴν

265 3702 339 3763 ὡς
398 3696 722 3775 ἁγιάσουσαν
762 3696 1015 3755 ἒπετίθει.
1063 3695 1199 3771 Πρὸς
1260 3690 1315 3747 δὲ
1373 3694 1460 3748 καὶ
1519 3693 1641 3756 τοὺς
1703 3689 1902 3752 παῖδας

265 3790 367 3865 πρὸ
408 3793 515 3843 τῶν
579 3783 753 3840 ποδῶν
826 3786 983 3842 αὐτοῦ
1057 3789 1164 3838 τῶν
1221 3782 1385 3860 ἁγίων
1445 3782 1659 3836 πίπτειν
1708 3780 1898 3841 ἐποίει,

266 3878 404 3935 Εἶτα
486 3875 663 3954 λογων
739 3876 827 3930 καὶ
896 3871 1266 3948 παραινέσεως
1348 3868 1615 3938 ἡδυτάτης
1669 3868 1900 3932 ἀκούσας

259 3967 497 4023 πείθεται
530 3962 742 4036 ῥᾳδίως,
774 3963 863 4018 καὶ
921 3963 1024 4029 τὴν
1084 3961 1281 4040 ἔχθραν
1330 3958 1517 4032 λύσας,
1546 3958 1902 4033 ὑπόσπονδος,

259 4057 443 4134 ὥσπερ
484 4060 718 4131 πρῶτον,
782 4044 1064 4125 Ῥωμαίοις
1125 4049 1220 4105 καὶ
1287 4047 1437 4122 φίλος
1488 4050 1718 4127 γίνεταιῖ
1754 4047 1904 4106 Οὕτω

258 4143 518 4208 πολλάκις
578 4141 850 4215 αἰδέσιμος
910 4139 1058 4218 ἅψις,
1146 4141 1232 4195 καὶ
1294 4139 1469 4217 λόγων
1527 4139 1764 4214 εὐκαιρία
1816 4140 1903 4194 καὶ

258 4237 486 4304 σύνεσις,
534 4234 566 4289 ἃ
610 4233 689 4305 μὴ
743 4229 998 4303 πολέμων
1059 4228 1256 4284 ἔπαυσε
1328 4229 1439 4304 βία,
1489 4227 1680 4305 ῥᾳδίως
1739 4227 1901 4295 ἤνυσε

257 4326 345 4379 καὶ
400 4323 774 4392 κατώρθωσεν.
824 4318 993 4376 Ἀλλὰ
1050 4328 1136 4377 νῦν
1167 4317 1264 4392 μὲν
1299 4316 1439 4374 οὕτω
1495 4323 1594 4382 τῆς
1653 4317 1901 4375 Ἰωάννου

254 4413 503 4480 ἡττηθεὶς
574 4412 765 4490 ἀρετῆς
836 4410 924 4466 καὶ
981 4406 1257 4485 γλώττης,
1303 4408 1371 4462 τὰ
1431 4405 1573 4462 ὅπλα
1627 4409 1900 4479 κκτκθεῖςν

257 4504 473 4579 εἰρήνην
529 4500 660 4580 ἔσχε
705 4502 835 4578 πρὸς
879 4497 1105 4575 βασιλέα
1139 4515 1155 4533 ο
1214 4495 1332 4570 μετ’
1387 4499 1446 4554 ού
1476 4495 1613 4552 πολὺ
1644 4494 1698 4551 δὲ
1729 4517 1900 4554 κακο-

786 3245 1033 3313 εἷσῆλθεν
1128 3245 1538 3320 δπομνησθέντα
1607 3245 1905 3323 παρρησίας

1995 3238 2192 3298 culum
2218 3256 2329 3299 nec
2354 3240 2527 3300 talem
2565 3241 3307 3324 perturbationem.Atque
3329 3245 3633 3323 egreditur

1992 3326 2233 3407 quidem
2251 3327 2421 3390 valde
2436 3330 2615 3390 alacri
2632 3331 2994 3412 animo,ipse
3008 3332 3303 3411 legatione
3324 3333 3633 3396 functurus

1996 3436 2100 3495 pro
2126 3417 2587 3480 omnibusﬂum
2622 3439 2764 3481 vero
2789 3422 2913 3500 jam
2950 3422 3637 3497 accederet,ambularet

1994 3514 2191 3566 autem
2225 3514 2442 3568 terram
2474 3509 2736 3582 intuens,
2772 3525 2943 3587 gestu
2967 3512 3210 3591 quidem
3244 3514 3406 3591 gravi
3432 3522 3490 3574 et
3522 3515 3632 3574 ho-

1992 3604 2182 3667 nesto,
2216 3596 2456 3657 incessu
2489 3616 2628 3658 vero
2662 3599 2828 3659 tardo
2861 3606 2923 3661 et
2949 3600 3293 3680 tranquillo,
3319 3603 3635 3664 manifesta

1989 3685 2218 3744 virtutis
2240 3685 2486 3763 vestigia
2511 3687 2570 3746 in
2596 3687 2761 3746 vultu
2794 3687 3162 3765 significans,
3190 3689 3490 3751 Barbarus
3522 3690 3634 3752 hoc

1988 3773 2438 3853 aspiciens,non
2462 3776 2721 3854 amplius
2753 3786 2880 3837 erat
2911 3777 3209 3839 Barbarus
3240 3796 3252 3839 :
3290 3780 3397 3840 sed
3430 3780 3627 3841 statim

1987 3872 2044 3925 et
2074 3864 2217 3924 iram
2255 3864 2508 3937 remisit,
2544 3876 2601 3925 et
2634 3865 2869 3944 placide
2903 3868 3153 3945 aspexit,
3184 3876 3417 3929 tumore
3447 3869 3631 3928 animi

1988 3955 2040 4015 ei
2064 3954 2507 4034 quodammodo
2533 3973 2881 4032 compresso
2909 3969 3023 4015 tam
3050 3957 3357 4017 moderato
3379 3967 3437 4018 et
3463 3973 3630 4017 tran-

1986 4044 2171 4125 quillo
2201 4045 2561 4122 spectaculo.
2596 4043 2930 4116 Quinetiam
2985 4054 3121 4105 eum
3156 4064 3390 4126 quoque
3419 4046 3634 4107 invasit

1989 4134 2190 4207 timor,
2215 4135 2594 4194 recordatum
2632 4135 2792 4195 iilius
2823 4135 3064 4196 dicendi
3090 4134 3402 4209 libertatis,
3441 4145 3499 4197 et
3529 4138 3632 4217 qui

1986 4224 2307 4304 perterreri
2341 4222 2589 4284 minime
2611 4225 2983 4304 potestspirit
2999 4227 3633 4307 us,etverborumquze

1987 4313 2140 4374 vires
2166 4313 2387 4373 habent
2413 4332 2479 4373 ex
2507 4318 2839 4388 veritate,et
2862 4334 2997 4396 qum
3018 4315 3188 4376 valde
3212 4329 3465 4396 possunt
3495 4320 3629 4379 ani-

1990 4421 2147 4463 mum
2167 4402 2794 4483 sauciare.Propterea
2826 4424 2967 4483 ergo
3002 4406 3053 4466 ei
3075 4406 3371 4485 processit
3395 4406 3628 4468 obviam

1987 4501 2046 4553 et
2065 4493 2137 4553 ad
2158 4495 2341 4572 pedes
2370 4493 2629 4572 procidit
2653 4514 2667 4557 :
2696 4511 2755 4555 et
2779 4513 3096 4556 assumens
3138 4498 3269 4573 ejus
3293 4497 3626 4571 dexteram,

257 4593 437 4657 ηθείας
497 4596 596 4657 τῆς
656 4588 914 4667 προτέρας
986 4588 1371 4663 ὑπομνησθεὶς,
1437 4586 1528 4641 καὶ
1588 4585 1756 4662 φυγὰς
1817 4584 1901 4642 διὰ

1995 4580 2335 4662 imponebat
2366 4583 2558 4644 oculis
2580 4592 2858 4663 tanquam
2894 4584 3425 4648 sanctificaturam.
3464 4588 3628 4649 Prae-

261 4681 469 4759 θρᾴκῃς
503 4679 821 4757 γενόμενος,
872 4681 951 4751 τῷ
983 4667 1274 4751 Ῥωμαίκῴ
1324 4674 1537 4751 στρατῷ
1567 4673 1898 4752 περιπίπτει,

1995 4679 2148 4732 terea
2171 4681 2370 4733 autem
2396 4671 2551 4733 filios
2574 4691 2814 4752 quoque
2838 4674 2983 4735 fecit
3010 4678 3322 4755 procidere
3337 4686 3474 4739 ante
3496 4695 3632 4738 sau-

260 4772 347 4825 καὶ
389 4768 553 4831 οὕτως
597 4769 711 4842 ἅμα
755 4780 875 4828 τοῖς
921 4765 1101 4828 ἄλλοις
1166 4776 1520 4827 στασιασταῖς
1579 4762 1899 4822 ἀπόλλυται.

1995 4769 2114 4822 stos
2147 4760 2278 4839 ejus
2308 4761 2511 4840 pedes.
2554 4762 2788 4823 Deinde
2820 4781 2953 4823 cum
2989 4764 3166 4825 verba
3200 4775 3259 4826 et
3288 4766 3456 4826 valde
3487 4785 3629 4826 sua-

257 4858 424 4917 Ἀλλὰ
465 4859 531 4915 τὰ
565 4858 663 4933 μὲν
702 4858 838 4914 κατὰ
900 4862 1097 4913 Γαῖνᾶν
1154 4855 1318 4930 οὕτω,
1381 4856 1666 4909 καὶταῦτα
1697 4851 1750 4907 δὲ
1797 4860 1903 4911 τῶν

1995 4868 2116 4911 rem
2148 4850 2445 4910 audiisset
2475 4849 3170 4928 admonitionem,facile
3205 4856 3623 4933 persuadetur:

253 4945 470 5004 πολλῶν
500 4944 681 5023 ὀλίγα.

1995 4951 2045 5002 et
2074 4940 2326 5001 sublatis
2359 4939 2717 5013 inimicitiis,
2784 4942 2847 5002 fit
2906 4942 3216 5017 Romanis,
3251 4945 3405 5005 sicut
3437 4945 3624 5023 prius,

252 5039 578 5102 foederatus
608 5045 667 5098 et
694 5037 947 5099 amicus.
978 5037 1059 5098 lla
1090 5052 1508 5111 saepenumero
1544 5035 1916 5097 venerandus
1944 5035 2165 5108 vultus,
2198 5041 2255 5093 et
2284 5038 2700 5112 opportunitas
2734 5044 2792 5095 et
2821 5035 3136 5114 prudentia
3168 5037 3474 5107 orationis,
3497 5052 3628 5115 qum

246 5130 336 5190 vis
367 5127 511 5191 belli
544 5146 665 5189 non
698 5126 914 5207 potuit,
947 5124 1120 5186 facile
1155 5126 1515 5197 effecerunt,
1549 5133 1609 5185 et
1636 5124 1761 5185 visa
1790 5133 1881 5185 est
1913 5125 2046 5206 plus
2099 5122 2360 5203 potuisse
2390 5122 2606 5201 oratio,
2635 5142 2808 5202 quam
2844 5124 3102 5201 gladius.
3136 5124 3254 5185 Sed
3303 5142 3459 5186 nunc
3488 5124 3628 5205 qui-

245 5219 380 5280 (lem
440 5218 526 5280 sic
552 5217 750 5279 victus
778 5233 814 5277 a
871 5214 1080 5275 virtute
1110 5224 1169 5275 et
1216 5214 1419 5292 lingua
1445 5212 1716 5287 Joannis,
1754 5214 2044 5294 depositis
2102 5215 2305 5285 armis,
2342 5230 2547 5291 pacem
2583 5222 2673 5272 est
2710 5214 3039 5292 amplexus.
3095 5212 3223 5274 Non
3260 5214 3443 5273 multo
3491 5225 3624 5292 post

241 5320 442 5370 autem
488 5307 595 5369 illa
626 5305 793 5369 valde
854 5303 1054 5366 dulcia
1085 5311 1143 5365 et
1195 5320 1379 5365 aurea
1409 5302 1611 5375 verba,
1649 5313 1842 5374 erant,
1877 5313 1942 5365 ut
1999 5322 2133 5365 cum
2170 5301 2369 5362 divina
2419 5300 2734 5380 Scriptura
2782 5302 2999 5375 dicam,
3038 5307 3277 5363 inaures
3319 5320 3516 5364 aurea:
3564 5305 3621 5365 in

241 5414 386 5459 aure
415 5395 606 5474 porci,
644 5406 701 5459 et
734 5393 1017 5475 Ethiops
1047 5392 1292 5471 quidem
1330 5410 1450 5453 non
1511 5397 1760 5453 mutavit
1794 5392 2014 5471 pellem
2043 5393 2121 5467 24,
2160 5400 2217 5452 et
2242 5391 2376 5452 felis
2423 5391 2647 5451 crocoti
2680 5389 2888 5463 oblita,
2925 5400 3235 5469 persecuta
3278 5400 3371 5453 est
3399 5410 3468 5452 ea
3494 5411 3623 5472 quae

241 5493 634 5548 consueverat
665 5506 678 5549 :
715 5495 773 5547 et
801 5484 934 5566 ipse
963 5502 1203 5565 quoque
1234 5483 1495 5565 priorem
1530 5480 1939 5561 complectens
1967 5480 2433 5561 improbitatem,
2465 5498 2674 5541 rursus
2707 5498 2837 5540 cum
2871 5479 3007 5540 aliis
3049 5478 3252 5542 obibat
3282 5479 3621 5564 Thraciam,

321 5630 383 5683 ’4
406 5633 588 5696 Arov.
622 5651 707 5711 χι,
744 5634 823 5695 22
858 5656 874 5713 ;
903 5636 1130 5699 Jerem.
1168 5652 1296 5710 xm,
1331 5632 1432 5698 23.
