4060 6200
483 319 635 385 1119
1782 317 2064 381 MENSIS
2108 317 2563 384 JANUARIUS.
3689 320 3848 387 H20

476 477 576 522 res
631 476 812 522 novas
844 460 1138 523 moliens:
1200 458 1390 522 donec
1421 458 1481 520 in
1511 457 1917 519 Romanorum
1956 449 2277 515 exercitum
2333 452 2543 519 incidit
2571 474 2709 520 cum
2737 454 2873 518 aliis
2903 456 3202 521 seditiosis
3236 479 3248 522 :
3303 465 3362 520 et
3389 458 3477 521 sic
3525 457 3709 521 malus
3738 457 3846 521 ille

476 549 632 612 male
663 553 837 631 perit.
868 550 986 613 Sed
1020 568 1118 612 res
1149 549 1390 630 quidem
1423 547 1624 611 Gainze
1648 546 1734 611 sic
1765 565 1829 608 se
1864 541 2207 606 habuerunt
2245 560 2260 616 ;
2292 550 2349 604 et
2377 545 2504 610 haec
2535 546 2781 629 quidem
2812 548 3070 611 diximus
3099 566 3286 629 pauca
3313 567 3384 610 ex
3412 546 3635 624 multis,
3662 565 3845 629 quam

478 648 601 701 tum
634 640 776 701 satis
801 640 977 701 fuerit
1004 639 1078 700 ad
1110 638 1558 718 significandam
1590 638 1719 717 ejus
1751 633 2231 719 perversitatem,
2266 641 2323 694 et
2357 636 2553 716 magni
2584 636 2744 700 illius
2770 636 2881 700 viri
2910 637 3215 700 virtutem.

518 730 889 813 XXX.Simili
900 740 986 795 ter
999 739 1196 795 autem
1214 752 1319 813 pro
1338 731 1767 797 ecclesiasticis
1777 747 2015 812 quoque
2028 746 2106 791 re-

2287 720 2371 790 A'.
2419 731 2506 793 Τίς
2552 729 2606 786 δὲ
2664 733 2763 798 την
2817 731 2947 808 ὑπὲρ
2977 736 3085 787 τῶν
3116 729 3574 798 ἐκκλησιαστικῶν
3605 732 3842 789 κανόνων

475 807 991 898 gulis‘studiummt
1013 841 1186 899 quem
1210 807 1314 898 pro
1339 828 1480 902 ipsis
1502 828 1752 884 habebat
1772 807 2106 889 sbiutnmin-

2200 816 2434 885 σπουδὴν
2477 822 2564 875 καὶ
2623 822 2680 877 ὃν
2709 821 2838 899 ὑπὲρ
2884 807 3058 877 αὐτῶν
3091 821 3222 899 εἶχε
3254 820 3436 897 ζῆλον,
3483 821 3621 876 κατὰ
3680 821 3838 900 μέρος

474 910 723 989 gulatim
745 910 991 991 quidem
1018 929 1194 974 nemo
1221 918 1418 992 potest
1439 910 1885 991 expiicare.Sed
1913 918 2114 971 tamen

420 1052 431 1062 .
474 1001 589 1062 hoc
613 1018 851 1081 quoque
877 1000 1313 1082 paucis,quoad
1337 1002 1469 1081 ejus
1493 1002 1625 1064 fieri
1648 998 2114 1081 potest,conabi-

472 1109 602 1152 mur
623 1094 1229 1167 ostendere,tanquam
1251 1095 1583 1155 universam
1602 1108 1811 1167 aquam
1827 1092 1999 1152 fontis
2013 1108 2114 1167 per

470 1179 773 1243 modicum
807 1182 1123 1244 ﬂuentum.
1177 1184 1322 1244 Cum
1383 1181 1543 1242 enim
1595 1177 2111 1260 Constantinopoli

471 1270 678 1332 Asiani
701 1270 968 1350 episcopi
1008 1288 1259 1332 numero
1283 1269 1491 1349 viginti
1515 1269 1632 1333 duo
1670 1287 1805 1332 cum
1837 1270 1949 1332 hoc
1979 1287 2110 1330 ma-

470 1379 587 1440 gno
612 1360 895 1441 pontifice
920 1359 1301 1422 considerent
1323 1360 1668 1438 [AnnJOO],
1703 1366 1955 1439 repente
1989 1376 2109 1419 uno

469 1449 852 1511 sabbatorum
879 1449 1198 1531 episcopus
1220 1448 1461 1530 quidam
1487 1448 2112 1530 Valentinopolis,no-

470 1539 632 1600 mine
654 1536 1050 1613 Eusebius,ex
1075 1538 1211 1601 odio
1235 1539 1307 1600 ad
1338 1538 1507 1603 illum
1538 1538 1858 1612 accedens,
1897 1555 2107 1618 porre-

468 1627 553 1689 xit
575 1626 811 1691 libellos
831 1627 1202 1710 Synodo,qui
1228 1636 1396 1690 erant
1420 1629 1701 1691 adversus
1715 1628 2106 1697 Antoninum,

467 1717 569 1798 qui
603 1726 743 1780 tunc
766 1717 1132 1798 Ephesinam
1158 1719 1365 1780 sedem
1388 1715 2110 1781 administrabat.Deinde

467 1806 646 1869 etiam
671 1807 929 1869 maximo
952 1814 1327 1869 sacramento
1348 1806 1532 1886 adigit
1569 1824 1843 1887 magnum
1889 1807 2108 1869 Cbristi

467 1896 838 1976 pontificem,
872 1915 940 1959 ea
960 1916 1091 1979 quae
1113 1896 1248 1959 data
1270 1896 1528 1971 fuerant,
1561 1914 1681 1957 non
1715 1895 1926 1958 leviter
1957 1905 2015 1957 et
2047 1896 2107 1957 in

467 1992 714 2049 transitu
733 1997 1137 2054 tractaturum,
1172 1990 1270 2047 sed
1300 1991 1370 2048 ad
1394 1990 1877 2048 examinationem
1904 2004 2107 2061 quam-

2197 908 2435 988 φράσοι,
2495 907 2638 976 πλὴν
2695 908 2834 967 ἆλλᾶ
2895 910 2983 966 καὶ
3042 910 3244 976 ταύτην
3301 908 3367 965 δι’
3428 909 3622 985 ὀλίγων
3681 918 3837 967 τινῶν

2198 996 2498 1073 ἀποδεῖξαι,
2561 1000 2632 1064 ὡς
2691 1000 2809 1056 οἷόν
2867 1022 2951 1068 τε,
3014 999 3401 1078 πειρασόμεθα,
3448 999 3628 1078 ὥσπερ
3660 998 3723 1069 δεῖ
3753 999 3837 1056 διὰ

2196 1091 2401 1166 μικρῶν
2457 1089 2708 1164 ναμάτων
2752 1088 2876 1147 ὅλον
2921 1089 3058 1169 ὕδωρ
3100 1089 3308 1167 πηγῆς.
3375 1089 3522 1148 Κατὰ
3578 1091 3680 1168 γὰρ
3738 1092 3834 1157 τὴν

2199 1180 2598 1237 Κωνσταντίνου
2656 1186 2748 1237 τοῦ
2813 1178 3056 1257 μεγάλου
3099 1175 3258 1235 πόλιν
3304 1179 3565 1236 Ἀσιανῶν
3606 1178 3831 1236 ἂπισκό-

2194 1291 2311 1325 πων
2363 1266 2450 1324 δύο
2495 1271 2581 1326 καὶ
2627 1268 2802 1326 εἴκοσι
2848 1270 2937 1324 τὸν
2993 1269 3216 1347 ἀριθμὸν
3266 1266 3455 1343 ὄντων,
3490 1266 3746 1348 ἀρχιερεῖ
3775 1290 3831 1326 τε

2194 1358 2363 1430 τούτῳ
2419 1365 2494 1432 τῷ
2553 1357 2777 1437 μεγάλῳ
2831 1355 3266 1437 συνεδρευόντων,
3332 1356 3484 1437 ἄφνω
3546 1364 3672 1433 μιᾶς
3726 1365 3833 1415 τῶν

2195 1444 2476 1504 σαϐϐάτων
2548 1446 2797 1511 Εὗσέϐιός
2840 1469 2920 1514 τις
2989 1445 3554 1512 Οὖαλεντινουπόλεως
3606 1448 3832 1505 ἂπίσκο-

2194 1559 2292 1598 πος
2353 1535 2629 1617 παρελθὼν
2701 1539 2773 1600 εἷς
2840 1537 3059 1616 μέσους,
3122 1534 3397 1597 λιϐἐλλους
3442 1535 3709 1593 ἐπιδίδωσι
3766 1543 3833 1613 τῇ

2193 1626 2418 1703 συνόδῳ.
2486 1627 2631 1686 Κατά
2714 1626 3029 1685 ’Λντωνίνου
3083 1624 3136 1682 δί
3196 1631 3332 1694 ἦσαν
3404 1630 3545 1684 οὗτοι
3589 1635 3681 1684 τοῦ
3729 1626 3829 1693 τῆς

2195 1715 2417 1797 Ἐφέσου
2477 1720 2566 1774 τὸν
2631 1716 2812 1794 θρόνον
2882 1714 3182 1780 διέποντος.
3229 1719 3366 1774 Εἶτα
3407 1717 3495 1773 καὶ
3542 1716 3681 1793 ὅρκῳ
3738 1720 3831 1772 τὸν

2194 1815 2418 1885 Χριστοῦ
2479 1807 2645 1885 μέγαν
2711 1808 2964 1888 ἀρχιερέα
3028 1807 3266 1883 μεγίστῳ
3324 1804 3720 1881 καταλαμϐάνει
3765 1809 3831 1862 τὰ

2190 1895 2403 1953 δοθέντα
2449 1904 2612 1953 ταότα
2657 1898 2734 1971 μὴ
2794 1894 3063 1974 παριδεῖν,
3098 1893 3218 1952 ἀλλ’
3277 1895 3358 1952 ὅτι
3402 1896 3636 1976 τάχιστα
3694 1898 3827 1975 πρὸς

2188 1984 2423 2050 ἐξέτασιν
2474 1990 2737 2064 ἓνεγκεϊν.
2793 1985 2884 2043 Ἐν
2944 1986 3077 2043 ἑπτὰ
3131 1984 3184 2041 δὲ
3250 1984 3556 2064 κεφαλαίοις
3616 1986 3827 2048 τούτοις

466 2074 718 2146 primum
740 2074 1381 2144 deducturum.Septem
1412 2084 1601 2132 autem
1626 2074 1912 2145 capitibus
1943 2087 2103 2132 com-

2190 2077 2249 2132 τὸ
2308 2081 2411 2132 πᾶν
2471 2073 2791 2142 συνείληπτο
2848 2080 2946 2143 τῆς
3003 2076 3323 2154 κατηγορίας
3359 2090 3373 2104 ⁸
3423 2077 3554 2154 εἶχε
3582 2072 3637 2130 δὲ
3667 2076 3830 2131 οὕτω·

469 2159 769 2240 prehensa
799 2164 927 2221 erat
948 2167 1067 2221 tota
1086 2158 1406 2220 accusatio.
1443 2157 1540 2220 Sic
1564 2166 1759 2219 autem
1792 2156 2050 2220 habebat
2084 2178 2097 2218 :

467 2248 664 2311 Sacris
688 2250 840 2311 vasis
862 2248 1144 2329 pretiosis
1177 2247 1822 2320 transmutatis,eorum
1858 2248 2105 2310 materia

465 2354 650 2399 unum
685 2355 818 2399 esse
870 2337 944 2398 ad
992 2355 1152 2411 vasa,
1185 2356 1317 2418 quae
1350 2337 1483 2416 ejus
1512 2343 1572 2398 et
1598 2336 1707 2398 ﬁlii
1737 2338 1829 2399 sui
1862 2337 2105 2400 fuerunt

466 2433 826 2507 nuncupata.
855 2431 1118 2505 Marmor
1138 2445 1346 2489 rursus
1370 2426 1678 2507 accepisse
1703 2444 1773 2488 ex
1796 2426 2101 2508 aditulba-

468 2515 745 2596 ptisterii,
781 2525 841 2579 et
864 2517 1074 2580 audaci
1107 2535 1284 2579 manu
1314 2524 1371 2578 et
1403 2524 1607 2579 mente
1639 2516 1702 2577 in
1735 2516 1949 2581 balneo
1996 2537 2105 2579 suo

468 2606 841 2686 deposuisse.
878 2607 1226 2686 Columnas,
1261 2623 1391 2687 quae
1440 2607 1615 2687 longo
1665 2614 1804 2668 ante
1836 2616 2108 2688 tempore

467 2695 624 2758 intra
648 2696 935 2777 templum
959 2698 1199 2759 fuerant
1233 2696 1532 2777 repositae,
1566 2694 1624 2757 in
1650 2714 1756 2758 suo
1781 2697 2107 2760 collocasse

467 2784 947 2849 triclinio.Suum
970 2786 1157 2848 filium
1181 2786 1366 2849 caedis
1388 2804 1587 2857 reum,
1612 2805 1730 2848 non
1762 2786 1964 2849 divina
1995 2805 2106 2850 nec

466 2875 731 2938 humana
788 2876 1138 2951 reveritum,
1201 2894 1335 2937 eum
1385 2894 1490 2937 sua
1538 2876 1725 2937 nimia
1757 2878 2106 2940 auctoritate

466 2982 822 3028 conservare
852 2964 1047 3026 adhuc
1070 2965 1382 3029 immotum
1410 2966 1473 3025 in
1503 2965 2100 3041 diaconatu.Praadia,

465 3055 680 3135 inquit,
715 3073 748 3115 a
780 3054 1059 3130 Basilina,
1092 3074 1224 3135 quae
1244 3065 1371 3118 erat
1407 3064 1595 3117 mater
1624 3053 1848 3118 Juliani
1877 3056 2105 3121 abomi-

466 3143 1065 3222 nandijimperatoris,
1078 3145 1361 3207 Ecclesiae
1377 3154 1724 3209 consecrata
1737 3146 2097 3219 vendidisse,

2194 2164 2460 2241 Κειμήλια
2545 2166 2657 2243 ἱερὰ
2729 2164 3289 2241 μετασκευασάμενος,
3380 2167 3447 2239 τῇ
3502 2165 3672 2220 αὐτῶν
3723 2164 3829 2241 ὕλῃ

2188 2255 2351 2321 σκεύη
2386 2254 2662 2324 ποιήσειεν
2694 2255 2836 2328 αὐτῷ
2868 2275 2923 2313 τε
2954 2256 3046 2311 καί
3081 2255 3157 2329 τῷ
3187 2257 3282 2330 υίῷ
3340 2254 3829 2328 κατωνομασμένα,

2150 2371 2165 2383 ·
2191 2345 2509 2424 Μαρμαρους
2580 2343 2722 2408 αὖθις
2810 2342 2907 2412 τῆς
2991 2341 3194 2401 εἰσόδου
3284 2343 3381 2410 τῆς
3456 2340 3831 2420 κολυμϐήθρας

2188 2431 2390 2507 λαϐὼν,
2426 2434 2671 2511 τολμηρᾷ
2702 2432 2851 2512 χειρὶ
2894 2455 2970 2507 τῳ
3027 2432 3213 2490 ἑαυτοῦ
3244 2432 3506 2500 κατέθηκε
3535 2432 3827 2509 βαλανείῳ,

2193 2525 2384 2587 Κίονας
2430 2523 2566 2579 εἴσω
2603 2529 2689 2579 τοῦ
2750 2524 2910 2599 ἱεροῦ,
2958 2521 3122 2589 πολὺς
3173 2522 3224 2588 ἐξ
3258 2525 3315 2579 οὗ
3341 2524 3562 2602 χρόνος,
3598 2522 3832 2579 ἀποκει-

2188 2614 2406 2688 μένους,
2452 2615 2527 2685 τῷ
2583 2612 2741 2669 αὐτοῦ
2799 2610 2984 2691 ἔλεγεν
3043 2612 3341 2681 ὑποστῆσαι
3396 2610 3667 2691 τρικλίνῳ.
3728 2614 3834 2670 Τὸν

2188 2705 2298 2762 υίὸν
2330 2704 2422 2759 τὸν
2466 2704 2653 2760 ἑαυτοῦ
2681 2702 2843 2781 φόνου
2874 2704 3161 2782 φεύγοντα,
3191 2703 3251 2760 οὗ
3305 2706 3449 2777 θεῖα,
3486 2705 3581 2761 οὐκ
3623 2702 3833 2779 ἀνθρώ-

2190 2815 2316 2849 πινα
2368 2790 2569 2867 δείσας,
2603 2794 2740 2849 κατὰ
2808 2790 3011 2861 πολλὴν
3058 2792 3209 2857 οὗτος
3252 2793 3351 2860 τὴν
3389 2791 3594 2865 τόλμαν
3638 2790 3833 2858 ἀκίνη-

2188 2906 2278 2939 τον
2337 2882 2390 2936 ἐν
2448 2888 2517 2957 τῇ
2574 2880 2811 2956 διακονίᾳ
2871 2883 3033 2938 είσέτι
3085 2880 3359 2961 δεατηρεῖ.
3410 2882 3612 2959 Χωρία,
3646 2883 3831 2960 φησὶν,

2185 2975 2287 3028 ὑπὸ
2345 2972 2624 3046 βασιλίνης
2674 2973 2772 3041 τῆς
2818 2973 3021 3050 μητρὸς
3067 2969 3355 3029 Ἰουλιανοῦ
3414 2993 3507 3028 του
3564 2970 3832 3029 ἀπευκτό-

2187 3083 2318 3118 τατα
2348 3064 2759 3137 βασιλεύσαντος
2783 3061 3166 3140 καθιερωθέντα
3211 3066 3278 3135 τῇ
3321 3059 3642 3139 Ἐκκλησία,
3706 3080 3829 3114 πω-

2186 3151 2355 3220 λήσας
2404 3152 2555 3216 οὗτος
2602 3151 2910 3218 ἑξιδιώσατο
2953 3151 3046 3213 τὰς
3096 3150 3277 3224 τιμάς.
3332 3156 3411 3226 Τῇ
3442 3153 3656 3227 γαμετῇ
3693 3149 3832 3204 κατὰ

467 3244 524 3295 et
557 3233 810 3310 pretium
861 3232 978 3295 sibi
1003 3252 1343 3317 usurpasse.
1378 3234 1525 3297 Cum
1555 3238 1719 3296 uxori
1753 3254 1858 3297 sua
1889 3246 2100 3316 sponte

2190 3241 2405 3317 γνώμην
2457 3240 2857 3316 ἀποταξάμενος
2902 3240 3181 3317 πρότερον,
3242 3237 3403 3295 πάλιν
3465 3240 3601 3314 αὔτῇ
3629 3237 3823 3294 συνέλ-

468 3323 631 3403 prius
656 3324 1080 3399 renuntiasset,
1115 3343 1248 3387 cum
1286 3344 1356 3388 ea
1385 3343 1596 3387 rursus
1626 3324 1905 3397 coivisse,
1937 3333 1997 3386 et
2030 3343 2096 3386 ex

2190 3334 2286 3408 Dat,
2349 3335 2437 3387 καί
2481 3328 2682 3387 παίδων
2741 3332 2916 3407 πατὴρ
2987 3328 3039 3394 ἐξ
3098 3330 3262 3393 αὒτῆς
3325 3330 3561 3405 γένοιτο.
3624 3318 3690 3384 Ἠ
3737 3326 3822 3383 ἐπὶ

468 3431 538 3475 ea
567 3413 722 3476 filios
744 3414 1106 3496 suscepisse.
1141 3414 1245 3476 His
1269 3413 1542 3477 omnibus
1574 3414 1746 3474 malis
1776 3412 2100 3477 accedebat

2190 3420 2393 3483 τούτοις
2439 3426 2568 3476 πᾶσι
2616 3433 2732 3483 τοῖς
2786 3432 2978 3485 κακοῖς
3007 3420 3252 3498 κορωνὶς,
3286 3417 3366 3472 ὅτι
3398 3419 3471 3480 ὡς
3500 3419 3647 3493 νόμῳ
3676 3422 3825 3497 χρῆ·

469 3504 596 3565 hzec
617 3504 1356 3586 coronis,quod,tanquam
1390 3506 1468 3565 sit
1498 3503 1724 3566 licitum
1751 3510 1809 3564 et
1842 3505 2101 3583 permis-

2190 3532 2268 3567 ται
2314 3509 2410 3566 καί
2468 3506 2721 3587 δόγματι,
2776 3508 2997 3588 χρυσίου
3027 3508 3122 3571 τὰς
3152 3512 3260 3562 τῶν
3289 3506 3600 3563 ἐπισκόπων
3629 3526 3822 3585 χειρο-

469 3610 774 3663 sum,auro
786 3598 996 3656 vendat
1017 3599 1424 3669 episcoporum
1448 3594 2014 3661 ordinationes.adeo
2040 3608 2100 3655 ut

2190 3600 2356 3663 τονίας
2413 3597 2642 3670 πωλεῖν,
2689 3605 2796 3656 τῶν
2827 3597 3086 3674 μειζόνων
3128 3596 3253 3676 (φεῦ
3287 3595 3331 3674 ε)
3378 3595 3674 3673 γινομένων
3718 3600 3822 3650 τῶν

467 3685 724 3763 majores
749 3683 915 3757 ﬁant,
938 3682 1043 3765 qui
1061 3684 1192 3763 plus
1216 3682 1486 3763 praebent
1517 3681 1811 3761 pecuniae.
1850 3683 1942 3745 Ad
1975 3683 2100 3747 huic

2190 3688 2401 3746 πλείονα
2458 3688 2832 3767 παρεχόντων.
2884 3688 3020 3765 Πρὸς
3071 3707 3237 3742 ταυτα
3279 3688 3372 3742 τὸν
3416 3691 3509 3742 τοῦ
3553 3692 3684 3742 Θεοῦ
3723 3683 3822 3740 ἅν-

466 3774 643 3835 bomo
666 3771 771 3836 Dei
790 3773 1025 3855 placide
1044 3772 1365 3836 admodum
1391 3780 1449 3832 et
1472 3770 1791 3851 tranquille
1828 3790 1840 3834 :
1866 3772 2096 3849 Frater,

2190 3783 2390 3854 θρωπον
2462 3778 2643 3856 πράως
2724 3799 2838 3839 πως
2891 3774 2952 3832 ἂν
3008 3774 3189 3839 εἴποις
3247 3776 3336 3830 καὶ
3395 3772 3671 3852 γαληνῶς,
3723 3773 3821 3829 Ἀ-

460 3863 674 3944 inquit,
736 3861 980 3937 Eusebi,
1039 3862 1138 3937 iis,
1171 3878 1305 3937 quae
1338 3868 1584 3940 propter
1613 3860 1797 3922 animi
1831 3862 2098 3925 dolorem

2190 3866 2365 3947 δελφὲ,
2426 3868 2609 3947 φάναι,
2671 3864 2912 3940 Εὖσέϐιε,
2970 3878 3087 3930 τοῖς
3164 3863 3249 3920 διὰ
3326 3864 3505 3930 λύπην
3578 3884 3825 3938 κιιτηγο‹⁸

464 3955 636 4033 liunt,
673 3951 1155 4016 accusationibus
1214 3949 1470 4012 maxima
1516 3968 1584 4012 ex
1620 3958 1784 4030 parte
1816 3970 1931 4012 non
1964 3960 2102 4012 sunt

2190 3964 2316 4035 ρίαις
2376 3960 2427 4014 αἱ
2498 3955 2789 4021 ἀποδείξεις
2859 3957 2953 4013 οὒκ
3026 3958 3299 4034 εὐχερεῖς.
3362 3954 3476 4032 Χρὴ
3537 3953 3629 4009 οὖν
3685 3952 3830 4009 ἀπο-

465 4042 674 4106 l‘aciles
695 4039 1406 4122 prohationes.Mittamus
1427 4058 1569 4119 ergo
1592 4040 1653 4102 in
1674 4041 1913 4120 scriptis
1930 4060 2102 4103 accu-

2190 4053 2375 4114 στῆναι
2433 4054 2526 4105 τοῦ
2581 4047 2856 4125 ἐγγράφως
2941 4057 3269 4122 κατηγορεῖν
3331 4041 3670 4111 ’Λντωνίνου,
3731 4043 3829 4103 τὰς

464 4151 599 4194 sare
620 4132 1161 4205 Antoninum,cum
1186 4129 1414 4191 doloris
1435 4148 1642 4192 causas
1672 4130 1972 4211 possimus
1994 4151 2099 4193 cu-

2190 4138 2280 4204 τῆς
2339 4136 2513 4203 λύπης
2598 4136 2769 4198 αἰτίας
2845 4135 2969 4212 ῥᾷον
3049 4136 3226 4190 ἰᾶσθαι
3286 4130 3591 4208 δυναμένων
3644 4132 3829 4207 ἡμῶν,

464 4239 601 4282 rare
631 4220 891 4283 facilius.
912 4220 1056 4283 Cum
1081 4222 1130 4281 is
1162 4228 1358 4282 autem
1389 4228 1642 4301 repente
1669 4219 1865 4283 verbis
1898 4228 2099 4283 utere-

2190 4228 2285 4283 Γοῦ
2339 4224 2393 4280 δὲ
2449 4224 2629 4303 λόγοις
2686 4223 3023 4301 θερμοτέροις
3083 4223 3394 4303 χρωμένου,
3456 4221 3547 4276 καί
3622 4220 3832 4294 ἰταμώ-

467 4318 561 4372 ιυι·
599 4308 956 4389 acrioribus,
992 4321 1051 4371 et
1108 4309 1628 4390 impudentissime
1658 4310 2002 4386 affirmaret,
2034 4330 2099 4372 se

2190 4337 2314 4373 ιατα
2356 4313 2772 4389 διατεινομένου,
2833 4312 3001 4388 μηδὲν
3069 4313 3205 4369 κατὰ
3248 4313 3442 4384 πάθος,
3486 4309 3624 4365 ἀλλὰ
3680 4311 3820 4386 πρὸς

465 4400 625 4462 nulla
667 4399 853 4462 animi
908 4399 1356 4479 perturbatione
1416 4412 1662 4472 motum,
1707 4400 1812 4460 sed
1847 4402 2097 4462 veritate

2190 4404 2432 4474 ὶλήθειαν
2479 4406 2652 4461 πάντα
2703 4415 3031 4480 κατηγορεῖν
3088 4400 3262 4459 δίδωσι
3309 4400 3472 4458 τόπον
3545 4402 3574 4456 ὁ
3634 4401 3829 4475 μακά-

462 4496 661 4555 omnia
710 4507 1013 4562 accusare,
1067 4495 1167 4551 dat
1199 4490 1410 4553 beatus
1441 4489 1704 4551 Joannes
1742 4490 1937 4551 locum
1968 4490 2092 4570 irae,

2190 4517 2293 4571 ριος
2337 4495 2402 4570 τῇ
2446 4497 2604 4574 ὀργῇ,
2653 4493 2949 4572 ἀπέχθειαν
3001 4490 3324 4574 εἷναιᾼδόξας
3366 4496 3465 4557 τῆς
3497 4489 3827 4567 κατηγορίας

462 4578 781 4641 arbitratus
812 4578 1154 4641 inimicitias
1187 4597 1318 4641 esse
1366 4597 1604 4641 causam
1638 4579 2046 4640 accusationis
2078 4599 2090 4639 :

2190 4586 2278 4652 τὴν
2309 4572 2593 4664 πρὸφασιν,
2634 4585 2722 4639 καὶ
2754 4580 2961 4638 Παῦλον
3019 4580 3108 4638 τὸν
3154 4572 3472 4659 Ἡρακλείας
3532 4578 3829 4636 ὶπίσκοπον

464 4678 683 4730 etcum
720 4668 963 4730 Paulum
1024 4668 1326 4733 Heracleae
1375 4669 1725 4750 episcopum
1764 4668 2099 4747 (videbatur

2190 4674 2378 4754 (ἐδόκει
2439 4674 2538 4747 γὰρ
2598 4671 2753 4736 οὗτος
2808 4671 2995 4750 φιλίως
3054 4670 3204 4749 ἔχειν
3280 4668 3406 4746 πρὸς
3468 4667 3822 4754 Ἀντωνῖνον)

464 4758 623 4820 enim
659 4761 705 4820 is
749 4758 904 4820 bene
961 4778 1008 4816 vi
1035 4758 1111 4819 ile
1158 4758 1489 4837 Antonino)
1524 4766 1815 4839 rogasset,
1848 4767 1911 4819 ut
1942 4761 2099 4820 inter

2190 4767 2246 4821 τὰ
2290 4768 2419 4843 πρὸς
2491 4764 2706 4840 εἰρήνην
2768 4761 2853 4817 ἐπ’
2910 4760 3240 4840 ἆμφοτέρους
3312 4753 3822 4837 διαπρεσϐεύσασθαι

463 4856 791 4930 utrumque
814 4858 1017 4928 pacem
1034 4825 1666 4926 conciliaret,surgens
1687 4825 1992 4926 ingressus
2008 4857 2097 4908 est

2190 4853 2435 4931 άξιώσας,
2482 4852 2712 4915 ἀναστὰς
2746 4853 2818 4915 εἷς
2861 4853 2921 4906 τὸ
2964 4851 3103 4927 ἱερὸν
3161 4848 3410 4906 εἳσεισιν.
3454 4845 3675 4904 Ἐκάλει
3722 4848 3827 4923 γὰρ

463 4943 521 4999 in
547 4942 846 5013 templum:
865 4952 1092 5011 tempus
1108 4941 1263 4999 enim
1287 4942 1531 4999 vocabat
1552 4940 1888 4999 celebrandi
1912 4941 2093 4999 divini

2190 4948 2209 4999 ὃ
2268 4945 2447 5017 καιρὸς
2507 4948 2607 5009 τῆς
2665 4941 3069 5018 μυσταγωγίας.
3132 4938 3283 4995 Ἀλλ’
3363 4937 3458 4996 οὐκ
3520 4936 3587 5004 ἦν
3654 4943 3826 4993 ταῦτα

463 5028 751 5109 mysterii.
777 5026 890 5090 Sed
914 5028 1039 5089 haec
1071 5044 1145 5088 ne
1180 5026 1491 5087 minimum
1515 5026 1756 5107 quidem
1782 5026 2098 5108 placebant

2190 5036 2267 5089 καὶ
2321 5030 2556 5104 Εὐσεϐίῳ
2617 5031 2929 5110 ἀρέσκοντα,
2990 5026 3099 5088 οὐδ’
3152 5027 3345 5107 ἔληγεν
3403 5027 3624 5107 ἔχθρας,
3685 5024 3827 5082 ma

460 5115 949 5196 Eusebio,neque
972 5113 1245 5178 cessabat
1266 5114 1339 5176 ab
1367 5114 1697 5178 inimicitiis
1727 5138 1739 5179 ε
1767 5117 1872 5179 sed
1907 5118 2095 5179 vehe-

2190 5120 2346 5182 πολὺς
2418 5119 2483 5187 ἧν
2538 5122 2674 5177 κατὰ
2736 5118 3055 5177 Ἀντωνίνου
3123 5117 3441 5197 φερόμενος,
3504 5116 3592 5172 καὶ
3645 5116 3823 5193 ὁρμῆς

463 5218 687 5268 menter
706 5211 1090 5267 invehebatur
1113 5209 1172 5265 in
1199 5209 1639 5275 Antoninum,et
1660 5210 1942 5282 magnoin
1965 5225 2096 5268 eum

2190 5209 2417 5290 ἰσχέτου
2448 5211 2535 5266 καὶ
2569 5216 2732 5289 φορᾶς
2769 5208 3018 5284 ἔμπλεως
3056 5227 3071 5243 ο
3111 5206 3311 5274 ἄδηλον
3345 5206 3551 5281 μέντοι,
3583 5201 3730 5268 ὅπως
3756 5202 3828 5271 δὴ

463 5292 767 5355 ferebatur
794 5289 1349 5374 impetu.Incertum
1382 5292 1913 5373 autem,quomodo
1944 5293 2095 5355 fuis-

2190 5299 2300 5356 κατ’
2359 5299 2516 5356 αὒτοῠ
2574 5299 2850 5372 κεκίνητο,
2916 5300 3002 5354 καὶ
3062 5298 3162 5354 τίνι
3242 5297 3394 5353 πάθει
3467 5295 3563 5361 τὴν
3636 5293 3826 5371 ψυχήν

463 5396 553 5446 set
574 5383 637 5443 in
669 5401 805 5445 eum
836 5390 1055 5459 motus,
1089 5390 1148 5445 et
1177 5400 1437 5463 quonam
1470 5381 1655 5443 animi
1689 5391 1854 5444 motu
1886 5383 2101 5446 fuisset

2190 5391 2588 5465 ὓπεγνισμένος,
2650 5388 2927 5467 Παρελθὼν
2972 5389 3085 5463 οὖν,
3141 5391 3229 5446 καὶ
3284 5387 3464 5467 ἕτερον
3491 5392 3567 5460 τῷ
3598 5383 3822 5463 μεγάλῳ

462 5470 974 5552 incitatus.Itaque
995 5469 1316 5545 accedens,
1350 5470 1598 5533 alterum
1636 5489 1854 5550 magno
1884 5474 2098 5535 Joanni

2190 5480 2442 5558 προτείνει
2487 5477 2713 5556 βιϐλίον,
2774 5479 2838 5533 τὰ
2900 5480 3031 5538 αὐτὰ
3087 5476 3374 5551 δυνάμενον
3420 5480 3496 5548 τῷ
3550 5470 3815 5551 προτέρῴ,

462 5561 640 5622 tradit
656 5560 923 5623 libellum
938 5562 1104 5641 cujus
1120 5560 1472 5622 erateadem
1497 5579 1629 5621 cum
1654 5561 1838 5640 priori
1859 5573 2101 5625 senten-

2190 5570 2267 5624 καὶ
2328 5567 2499 5643 ὅρκοις
2545 5567 2703 5627 παλιν
2747 5565 3145 5641 καταλαμϐάνει
3185 5576 3451 5645 φριγτοῖς,
3512 5565 3599 5619 καὶ
3648 5564 3814 5630 αὐτὴν

462 5660 558 5721 tia.
588 5661 862 5719 Praeterea
886 5667 1077 5719 autem
1097 5673 1309 5718 rursus
1328 5672 1555 5732 quoque
1577 5660 1894 5719 horrendis
1916 5663 2098 5735 adigit

2190 5659 2417 5736 συνείρας
2473 5659 2578 5712 τῶν
2622 5655 2884 5734 βασιλέων
2929 5658 3026 5724 τὴν
3070 5655 3364 5734 σωτηρίαν,
3428 5652 3507 5728 μὴ
3568 5648 3812 5728 παριδεῖν
