4020 6206
201 308 373 378 1125

1206 260 1211 263 “
1261 308 1448 373 VITA
1494 306 1552 369 s.
1599 301 1924 367 JOANNIS
1972 301 2541 365 CHRYSOSTOMI.

3438 303 3595 366 1126

195 449 605 526 παραστήσει-ο.
653 444 840 509 ’Ἔδοξε
892 445 1171 521 τοιγαροῦν
1230 448 1299 518 τῇ
1359 438 1561 511 συνόδῳ
1591 438 1669 512 μὴ
1729 446 1864 515 χεῖ-

1966 449 2131 512 )cyus
2151 431 2792 526 conﬂuebant,vultum
2829 431 2998 526 illum
3032 431 3235 526 videre
3263 433 3600 526 cupientes,

198 525 305 614 ρον
380 540 542 605 εἶναι,
624 536 722 591 κᾶν
801 538 828 589 ὁ
885 537 945 588 τὸ
1017 533 1264 609 ἀργύριον
1336 529 1569 607 εἰληφὼς
1640 525 1864 591 απεὸίω,

201 626 339 682 ἀλλ’
400 630 488 685 οὖν
539 647 599 702 γε
671 622 756 679 διὰ
810 624 931 684 τοὺς
1002 621 1298 677 δεδωκότας
1371 621 1443 679 εἰς
1514 618 1747 681 ἐξέτασιν
1811 616 1869 668 τὸ

199 722 444 793 πρᾶγμα
503 726 715 771 πεσεῖν.
751 711 1142 791 Παραχθὲντων
1199 711 1370 766 τοίνυν
1427 710 1531 762 τῶν
1578 703 1682 771 ἤδη
1741 724 1869 759 συν-

202 804 479 862 τεθέντων
543 802 995 879 ὑπομνημάτων,
1048 800 1397 877 παρίστανται
1457 796 1554 869 μὲν
1613 796 1661 848 οἱ
1732 814 1869 848 κατ-

203 894 581 972 ηγορούμενοι
636 898 745 947 τῶν
786 890 1119 960 ἐπισκόπων,
1182 887 1528 964 παρίστανται
1573 882 1625 939 δὲ
1695 883 1783 938 καὶ
1826 884 1872 937 οἱ

207 971 515 1062 μαρτυρες,
560 982 756 1058 οἷσπερ
827 979 892 1047 δὴ
939 981 1000 1035 τὸ
1056 976 1359 1055 ἀπόρρητον
1412 975 1704 1053 ἐγνωρίσθη
1777 971 1872 1062 τῇς

210 1060 313 1129 ἐπῖ
374 1060 654 1151 χρήμασιν
698 1070 928 1144 ἀθέσμου
986 1067 1345 1148 χειροτοδίας.
1408 1070 1594 1142 [Ιρῶτα
1639 1062 1734 1151 μὲν
1784 1060 1875 1117 οὖν

208 1150 600 1237 ἀπαγόρευσις
657 1158 862 1238 ἐφάπαξ
922 1161 1027 1213 τῶν
1082 1155 1509 1230 προτεινομένων
1561 1154 1647 1210 καὶ
1703 1150 1872 1228 ἄρνη-

210 1272 329 1312 σις.
383 1241 477 1313 Ὠς
540 1246 595 1304 δὲ
667 1252 714 1305 οἱ
775 1249 1035 1326 μάρτυρες
1104 1244 1372 1323 ἤλεγχον,
1435 1242 1614 1299 τόπων
1684 1242 1872 1301 αὐτοὺς

211 1340 727 1415 ὑπομιμνήσκοντες
774 1338 862 1392 καὶ
895 1336 1115 1413 καιρῶν,
1148 1337 1313 1402 αὐτην
1361 1353 1417 1389 τε
1448 1336 1547 1393 την
1600 1331 1874 1396 ποσότητα

214 1432 332 1486 τῶν
393 1426 687 1503 δεδομένων
746 1427 1192 1503 ἀπαριθμοῦντες,
1226 1427 1314 1479 καὶ
1369 1420 1490 1488 εἴδη
1525 1429 1631 1477 τῶν
1676 1420 1870 1498 ἐνεχύ-

216 1539 332 1595 ρων
388 1519 462 1581 εἷς
533 1517 592 1572 τὸ
664 1512 878 1595 ἀκριϐὲς
946 1511 1422 1591 ἀπαγγέλλοντες,
1477 1509 1873 1575 δυσωπηθέντες

217 1609 272 1663 οἱ
348 1606 805 1681 κατηγορούμενοι
862 1604 961 1669 τὴν
1012 1609 1157 1681 σαφῇ
1215 1607 1322 1656 τῶν
1366 1598 1672 1676 λεγομένων
1729 1596 1873 1665 ἀλγί-

221 1701 397 1766 θειαν,
458 1699 579 1752 εἷτα
620 1695 717 1749 καί
763 1696 856 1749 τὸν
914 1692 1142 1771 ἄφυκτον
1214 1689 1466 1756 δικαστὴν
1521 1692 1584 1745 τὸ
1644 1684 1875 1747 συνειδὸς

219 1797 398 1842 παῖον
460 1787 557 1843 οὒκ
613 1784 943 1860 ἐνεγκόντες,
1007 1780 1358 1859 ὁμολογοῦσιν
1414 1779 1746 1850 ἐπειπόντος,
1794 1774 1936 1858 ὅτιΒ

218 1874 490 1940 Τοιαύτην
547 1873 873 1947 ἐνομίσαμεν
930 1874 1070 1927 εἷναι
1132 1869 1431 1943 συνήθειαν,
1492 1871 1579 1924 καὶ
1637 1867 1730 1922 ’ίνα
1783 1872 1875 1921 τοῦ

221 1962 646 2039 βουλευτηρίου,
721 1963 869 2037 ᾧπερ
954 1963 1092 2035 ἦμεν
1163 1958 1480 2032 ὑποτελεῖς,
1554 1956 1875 2033 ἀπαλλαγὴν

222 2052 521 2130 σχοίημεν⁶
578 2058 665 2107 νῦν
708 2048 787 2124 δὲ,
822 2050 875 2105 εὲ
921 2050 1018 2123 μὲν
1065 2049 1211 2104 ὅσιον
1259 2050 1346 2104 καὶ
1392 2049 1533 2122 ἡμᾶς
1595 2052 1700 2102 τῶν
1751 2044 1873 2100 λει-

223 2147 464 2217 τουργών
529 2154 669 2195 εἶναι
700 2140 800 2206 τῆς
861 2137 1210 2202 Ἐικλησίας·
1241 2140 1284 2201 εἰ
1314 2134 1360 2193 δ’
1423 2139 1533 2210 οὖν,
1568 2133 1686 2191 ἀλλ’
1747 2136 1876 2211 ὅπερ

224 2227 675 2303 καταϐεϐλήμεθα
720 2228 938 2308 χρυσίον
996 2225 1287 2284 ἀναλαϐεῖν
1331 2227 1671 2286 δικαιώσατε.
1720 2225 1876 2281 "lium

226 2320 333 2397 γὰρ
359 2321 446 2375 καὶ
478 2323 576 2385 τῆς
609 2324 716 2374 τῶν
760 2320 1024 2396 γυναικῶν
1051 2319 1291 2386 κτήσεως
1324 2316 1507 2394 ἔλεγον
1542 2316 1708 2377 εἶναι,
1746 2316 1881 2391 Πρὸς

241 2420 407 2467 ταῦτα
460 2410 553 2464 τὸν
607 2409 800 2485 μέγαν,
854 2408 997 2485 Ἐγὼ
1052 2409 1173 2481 μὲν,
1222 2409 1403 2487 φάναι,
1437 2416 1529 2465 τοῦ
1583 2407 1875 2481 βουλευτη-

236 2499 350 2576 ρίου
392 2500 529 2572 ὑμᾶς
586 2497 977 2572 ἀπαλλάξαιμο,
1042 2497 1261 2563 αἴτησιν
1320 2502 1472 2552 ιηῦτο
1518 2496 1736 2569 θέμενος
1809 2496 1879 2553 εἰς

232 2585 483 2663 βασιλέαο
532 2587 660 2660 ὑμῖν
718 2584 772 2641 δὲ
825 2586 1074 2660 μελήσει,
1128 2588 1257 2664 πρὸς
1316 2587 1415 2653 τὴν
1473 2582 1687 2641 σύνοδον
1740 2586 1882 2639 εἶπεν

234 2676 604 2753 ἐπεστραφεὶς,
656 2678 717 2731 τὸ
788 2697 932 2753 παρα
988 2681 1094 2732 τῶν
1152 2677 1467 2733 Ἀντωνίνου
1533 2673 1885 2748 κληρονόμων

236 2763 576 2831 ἀνασωθῆναι
641 2765 822 2829 αὐτοῖς
881 2764 914 2820 ἃ
970 2763 1281 2825 δεδώκασιν,
1338 2764 1643 2840 Ἐψηφίσθη
1716 2765 1884 2819 τοίνυν

238 2852 384 2918 εὐθὺς
430 2852 720 2910 ἀναλαϐεῖν
765 2856 865 2931 μὲν
894 2854 1080 2919 αὐτοὺς
1111 2856 1173 2910 τὸ
1204 2855 1450 2933 χρυσίον,
1484 2858 1582 2918 τῆς
1626 2849 1679 2905 δὲ
1723 2854 1884 2927 ἱερωσ-

235 2944 400 3008 σύνης
450 2941 726 3017 ἐκστῆναι,
776 2942 911 3000 εἵσω
941 2941 996 2998 δὲ
1038 2950 1129 2999 τοῦ
1161 2943 1533 3018 θυσιαστηρίου
1584 2942 1689 2995 τῶν
1722 2939 1884 3014 ἁγια-

238 3033 458 3105 σμάτων
520 3033 682 3106 μόνον
739 3033 1018 3112 μετέχειν·
1079 3032 1169 3088 ἵνα
1212 3036 1288 3104 μή
1347 3034 1532 3088 τούτου
1592 3050 1886 3109 συγχωρη-

239 3122 419 3185 θέντος
494 3129 718 3201 πρᾶφμα
774 3124 1030 3200 πονηρίας
1104 3122 1337 3202 ἔσχατον
1405 3120 1713 3177 ἒπιλάὅοιτο
1760 3141 1888 3173 συν-

239 3212 443 3285 ηοείας,
481 3214 580 3278 τὴν
611 3213 924 3290 ἱερωσύνην,
961 3212 1094 3290 ὅπερ
1125 3210 1190 3279 δὴ
1222 3213 1310 3267 καὶ
1356 3217 1485 3267 Θεοῦ
1515 3209 1711 3287 δωρεὰ-ι
1744 3209 1889 3263 εἷται

242 3299 498 3377 λέγομεν,
532 3303 812 3380 χρήμασιν
869 3302 1083 3368 ὠνητὴν
1146 3304 1403 3379 γίνεσθαι,
1446 3304 1533 3356 καὶ
1584 3297 1892 3358 Ἰουδαϊκῶς

236 3388 659 3457 καπηλεύεσθαι,
708 3399 882 3449 Ταῦτα
948 3389 1014 3445 δι’
1072 3394 1288 3469 ἡμερῶν
1344 3390 1605 3446 πλειόνων
1677 3408 1893 3443 κανονι-

237 3485 347 3541 κὼς
416 3482 709 3558 κρίναντες,
773 3484 860 3537 καὶ
924 3483 1305 3555 ὑπομνήμασιν
1359 3480 1672 3556 ἀνάγραπτα
1716 3498 1892 3551 παρα-

241 3568 418 3633 δόντες
464 3571 902 3628 ἀντικαθιστῶσιν
948 3570 1167 3627 ἐκείνων
1215 3584 1337 3632 ταῖς
1372 3568 1685 3634 ἐκκλησίαις
1748 3566 1892 3641 λόγῳ

242 3679 299 3713 τε
330 3658 425 3715 καί
469 3660 567 3734 βίῳ
597 3659 1151 3735 διακεκοσμημένους,
1186 3660 1282 3715 καί
1327 3663 1500 3715 αὐτῶν
1533 3658 1891 3733 εὐγνωμόνως

242 3753 311 3823 τῇ
343 3754 436 3804 τοῦ
468 3747 705 3825 μεγάλου
751 3750 916 3826 κρίσει
960 3750 1395 3829 στοιχησάντων,
1444 3747 1531 3803 καὶ
1576 3748 1636 3802 τὸ
1670 3745 1893 3819 πρόστι-

248 3859 347 3912 μον
421 3838 771 3916 ὑποσχόντων
826 3839 923 3908 τῆς
996 3838 1374 3917 καθαιρέσεως·
1447 3838 1505 3893 οὗ
1577 3835 1792 3897 τούτους
1842 3833 1895 3888 δὲ

248 3927 438 4002 μόνον,
486 3929 540 3983 οἳ
593 3926 645 3992 ἓξ
699 3929 792 3983 τὸν
854 3930 1078 4005 ἀριθμὸν
1136 3929 1294 4001 ἦσαν,
1358 3925 1497 3983 ἀλλά
1542 3926 1630 3981 καὶ
1688 3924 1895 4000 ἑτέρους

247 4016 547 4094 ἰσαρίθμους
623 4018 786 4094 εὑρὼν
827 4020 1108 4097 χρήμασιν
1178 4017 1463 4094 ἐγκρατεῖς
1526 4021 1631 4070 τῶν
1689 4013 1894 4079 ὶκκλη-

252 4112 381 4163 σιῶν
416 4105 759 4183 γενομένους,
792 4106 1136 4181 ἀποστολικῷ
1192 4104 1373 4163 κανόνι
1404 4104 1673 4165 καθεῖλεν.
1735 4102 1897 4159 Ἐπι-

253 4198 411 4259 sinch
471 4195 527 4250 δὲ
584 4196 651 4263 ἧν
695 4196 788 4256 τὰς
842 4198 1174 4276 χειροτονίας
1221 4193 1679 4273 ἐξακριεοόμενος,
1734 4192 1898 4270 μέχρι

1953 522 2013 581 in
2046 542 2163 601 quo
2198 522 2447 584 ﬂorebat
2481 540 2693 600 magna
2740 522 2978 582 virtutis
3008 523 3219 600 gratia,
3256 530 3314 584 et
3341 523 3601 601 linguam

1954 612 2161 672 audire
2180 620 2660 692 cupientes,qua2
2684 611 2930 688 pulchre
2957 620 3012 671 et
3034 614 3294 672 suaviter
3315 610 3605 673 inﬂuebat

1955 700 2016 759 iu
2038 699 2490 763 animas.Simul
2513 716 2711 761 autem
2737 699 2943 761 aderat
2968 699 3144 760 etiam
3177 701 3280 762 ille
3302 700 3605 764 Eusebius

1954 798 2266 851 accusator
2287 790 2821 868 Antonini,rogans
2844 800 2904 851 ut
2922 789 3332 850 absolveretur
3349 808 3383 851 a
3401 808 3602 868 segre-

1955 878 2215 956 gatione,
2242 888 2299 939 et
2339 894 2402 939 ut
2434 880 2851 941 admitteretur
2875 879 3161 960 deinceps
3190 880 3263 939 ad
3313 897 3594 941 commu-

1957 967 2222 1029 nionem.
2255 967 2400 1030 Cum
2434 977 2630 1029 autem
2665 968 2931 1048 episcopi
2966 969 3474 1042 contradicerent,
3508 969 3598 1030 di-

1958 1066 2162 1119 centes
2211 1076 2328 1119 non
2390 1069 2671 1138 oportere
2716 1058 3032 1119 admittere
3078 1058 3597 1134 calumniatorem,

1956 1148 2085 1227 ipse
2108 1147 2255 1209 dicit
2277 1165 2344 1209 se
2367 1166 2485 1208 non
2514 1166 2650 1208 esse
2672 1147 3311 1220 calumniatorem,sed
3336 1148 3598 1210 alﬁrma-

1956 1235 2058 1299 bat
2079 1254 2145 1297 se
2169 1244 2226 1297 et
2246 1246 2551 1297 memento
2579 1236 2867 1316 temporis
2896 1245 3078 1297 testes
3103 1255 3238 1299 esse
3270 1237 3595 1317 productu-

1954 1344 2113 1398 rum,
2151 1336 2209 1387 et
2238 1344 2341 1387 eos
2364 1328 2465 1406 qui
2497 1345 2640 1387 auro
2677 1327 2919 1387 fuerant
2947 1326 3232 1388 ordinati.
3266 1326 3470 1390 Visum
3506 1336 3595 1390 est

1957 1416 2158 1495 itaque
2178 1416 2671 1495 synodo,etiamsi
2699 1434 2731 1476 e
2752 1414 2871 1477 vita
2894 1420 3250 1477 excessisset
3278 1418 3464 1498 is,qui
3485 1436 3589 1498 pe-

1958 1504 2194 1565 cuniam
2224 1518 2564 1586 acceperat.
2599 1508 2786 1565 satius
2832 1515 3026 1565 tamen
3060 1523 3194 1567 esse
3227 1516 3470 1587 propter
3497 1524 3601 1568 eos

1959 1595 2059 1674 qui
2083 1594 2531 1669 dederant,rem
2557 1596 2772 1656 deduci
2796 1596 2866 1655 ad
2894 1595 3421 1657 examinationem.
3450 1599 3600 1659 Pro-

1959 1683 2156 1743 ductis
2202 1685 2401 1764 itaque
2438 1686 2609 1757 actis,
2647 1703 2779 1764 qua:
2800 1684 2925 1763 jam
2975 1685 3216 1747 fuerant
3248 1689 3600 1766 composita,

1959 1773 2255 1834 sistuntur
2282 1774 2527 1854 quidem
2558 1774 2853 1854 episcopi,
2880 1774 3454 1854 quiaccusabantur:
3486 1778 3605 1838 sis-

1958 1870 2167 1923 tuntur
2184 1871 2382 1926 autem
2398 1864 2575 1925 etiam
2600 1871 2785 1924 testes
2808 1863 3485 1944 ronsequenter,quibus
3506 1884 3608 1926 uo-

1958 1959 2080 2011 tum
2108 1961 2237 2014 erat
2256 1970 2540 2014 arcanum
2571 1951 2815 2013 nefariae
2845 1960 3089 2031 propter
3113 1954 3399 2032 pecunias
3436 1954 3607 2017 facta:

1960 2041 2376 2103 ordinationis.
2415 2047 2610 2121 Atque
2634 2047 2892 2121 primum
2929 2042 3171 2121 quidem
3210 2042 3472 2124 perfecta
3503 2062 3606 2106 ne-

1961 2135 2115 2209 gatio
2148 2149 2380 2203 eorum,
2408 2148 2538 2211 quae
2561 2130 3025 2210 objiciebantur,
3053 2142 3112 2192 et
3146 2132 3304 2212 quod
3325 2151 3422 2196 res
3445 2142 3606 2196 esset

1961 2230 2168 2299 aperta
2190 2221 2487 2281 calumnia
2520 2221 2625 2299 (ita
2653 2219 2812 2281 enim
2839 2221 3120 2281 dicebant
3141 2222 3206 2295 ii,
3231 2222 3332 2300 qui
3358 2240 3608 2286 accusao

1962 2315 2356 2387 bantur),qum
2379 2313 2526 2370 nihil
2551 2314 2933 2371 babebatsani
2953 2328 3059 2369 nec
3082 2314 3232 2370 ﬁrmi
3254 2328 3322 2371 ex
3349 2316 3607 2375 veritate.

1966 2399 2110 2463 Cum
2143 2409 2340 2461 autem
2377 2398 2837 2480 probationibus
2869 2417 2973 2460 eos
3002 2407 3187 2460 testes
3216 2400 3455 2462 assidue
3489 2402 3610 2463 im-

1970 2489 2362 2569 peterent,eis
2386 2490 2515 2551 loca
2546 2497 2603 2549 et
2636 2499 2904 2567 tempora
2927 2507 2988 2548 rc
3003 2498 3274 2550 vocantes
3298 2490 3358 2551 in
3377 2509 3610 2553 meme-

1966 2579 2137 2652 riam,
2167 2586 2225 2639 et
2246 2578 2642 2660 quantitatem
2676 2595 2909 2651 eorum,
2946 2596 3079 2653 qua:
3110 2578 3302 2639 soluta
3322 2578 3557 2643 fuerant
3594 2598 3607 2642 :

1968 2668 2110 2746 quin
2136 2672 2313 2728 etiam
2330 2667 2565 2747 Species
2577 2685 2952 2747 eorum,quze
2968 2670 3100 2728 data
3122 2669 3610 2741 sunt,rel’errent:

1970 2776 2104 2818 cum
2131 2756 2254 2818 haec
2287 2757 2366 2817 ita
2389 2756 2928 2835 essentvalida,re\
2943 2756 3184 2818 eritiilli
3213 2766 3480 2837 apertam
3515 2778 3615 2821 eo-

1970 2866 2265 2926 rum,qua:
2292 2846 3011 2922 dicebantur,veritatem:
3037 2855 3096 2907 et
3118 2847 3338 2908 deinde
3358 2848 3611 2910 inevita—

1971 2936 2152 2997 bilem
2175 2936 2439 3015 judicem
2477 2936 2812 3015 pulsantem
2845 2954 2964 2997 non
2988 2936 3249 2997 ferentes
3290 2938 3613 3000 conscien-

1974 3026 2138 3098 tiam,
2177 3026 2615 3104 persuadentur
2638 3033 2693 3086 et
2719 3025 2975 3087 fatentur
2992 3044 3118 3087 rem
3154 3027 3387 3088 vereita
3420 3045 3483 3088 se
3504 3029 3613 3089 ha-

1975 3114 3093 3194 bere,subjungentes:Existimavimus
3120 3117 3293 3177 talem
3320 3135 3453 3178 esse
3472 3135 3612 3178 cor.~

1978 3205 2383 3275 suetudinem,
2410 3214 2471 3265 ut
2501 3204 2933 3277 liberarentur,
2959 3204 3219 3281 aiebant,
3252 3225 3285 3266 a
3307 3207 3493 3281 curia,
3518 3208 3614 3268 cui

1980 3313 2221 3357 eramus
2247 3294 2508 3356 obnoxii.
2544 3293 2712 3355 Nunc
2744 3304 2941 3356 autem
2975 3296 3024 3356 si
3056 3296 3140 3356 fas
3172 3296 3413 3375 quidem
3446 3296 3618 3373 sit,ut

1980 3386 2166 3445 simus
2207 3403 2275 3446 ex
2313 3391 2606 3445 ministris
2652 3382 2977 3447 Ecclesiae:
3013 3386 3104 3445 sin
3149 3389 3370 3465 minus,
3407 3403 3620 3447 aurum

1980 3474 2217 3546 saltem,
2242 3474 2399 3553 quod
2421 3474 2735 3548 solvimus,
2759 3475 2954 3534 velitis
2983 3474 3154 3534 nobis
3177 3475 3621 3550 reddere,non—

1980 3562 2129 3623 nulli
2155 3562 2312 3623 enim
2349 3562 2736 3642 dicebantid,
2765 3564 2924 3642 quod
2959 3564 3216 3624 solutum
3250 3565 3464 3637 fuerat,
3490 3582 3622 3626 esse

1980 3671 2047 3713 ex
2075 3653 2247 3712 bonis
2278 3651 2654 3713 uxorumAd
2682 3653 2806 3712 haec
2834 3670 3081 3729 magnus
3116 3652 3620 3731 ille:Ego,inquit,

1979 3738 2133 3801 dabo
2162 3759 2429 3819 operam,
2470 3749 2528 3800 ut
2552 3758 2652 3801 vos
2674 3760 2705 3799 a
2736 3743 2901 3802 curia
2939 3740 3308 3815 liberemini,
3336 3759 3441 3821 pro
3466 3760 3534 3803 ea
3559 3760 3624 3801 re

1983 3830 2273 3909 petitione
2296 3830 2494 3892 oblata
2517 3830 2890 3909 imperatori,
2908 3829 3073 3891 vobis
3102 3840 3300 3893 autem
3334 3849 3489 3892 curaa
3510 3832 3622 3892 erit

1981 3920 2251 3993 omnino,
2288 3919 2430 3980 dixit
2463 3938 2785 3981 conversus
2826 3922 2896 3982 ad
2931 3919 3250 3999 synodum,
3282 3928 3344 3980 ut
3366 3922 3453 3981 eis
3483 3939 3623 3983 con-

1981 4022 2398 4083 serventur,ex
2434 4010 2721 4071 Antonini
2747 4010 2975 4071 scilicet
2997 4008 3360 4083 hreredibus,
3388 4028 3458 4072 ea
3488 4028 3623 4088 quia

1983 4103 2094 4173 ipsi
2116 4101 2719 4159 solverunt.Protinus
2741 4117 2878 4175 ergo
2900 4103 3197 4159 decretum
3228 4110 3401 4167 est.ut
3418 4117 3625 4161 aurum

1984 4187 2230 4267 quidem
2256 4187 2379 4248 illis
2400 4187 3167 4268 reddereturzprivarentur
3196 4196 3395 4249 autem
3418 4207 3624 4251 sacer-

256 4306 312 4340 τε
357 4282 560 4340 πολλοῦ
610 4285 708 4353 τὴν
764 4273 999 4361 βάσανον
1054 4286 1404 4363 παρατείνων,
1453 4285 1541 4340 καὶ
1592 4283 1772 4359 ὥσπερ
1824 4304 1881 4336 tu

1985 4273 2306 4338 dotio.Hoc
2326 4278 2518 4337 solum
2554 4278 2641 4338 eis
2667 4278 2865 4339 datum
2899 4284 3009 4351 est,
3042 4286 3103 4337 ut
3130 4277 3319 4340 altare
3352 4278 3626 4358 ingressi,

261 4371 417 4431 Λυδία
483 4373 623 4439 λίθος
690 4374 745 4430 ἐν
808 4377 978 4448 τούτῳ
1034 4374 1228 4454 τελῶν,
1284 4374 1423 4431 ὥστε
1496 4372 1881 4451 ἐγκρινομενουι

1989 4365 2310 4445 participes
2335 4376 2537 4428 essent
2558 4368 3171 4428 sanctiﬁcatorumme
3192 4367 3478 4447 reslonge
3500 4387 3632 4449 pes-

260 4467 319 4521 οὔ
368 4464 623 4541 καθαροὺς
655 4464 801 4521 εἶναι
832 4466 1020 4541 μόνον,
1054 4464 1193 4520 ἀλλὰ
1224 4465 1312 4521 καὶ
1368 4466 1461 4519 τὸν
1516 4463 1712 4541 τρόπον
1740 4458 1881 4539 ἀφιλ-

1987 4454 2139 4516 sima
2170 4456 2398 4517 veniret
2425 4457 2486 4516 in
2518 4457 3042 4537 consuetudinem,
3072 4457 3163 4517 vel
3198 4459 3631 4532 sacerdotium,

259 4537 539 4632 αργύρους,
612 4554 702 4609 καὶ
784 4537 1025 4618 καθαπαξ
1110 4537 1559 4618 ἀνεπιλήπτους.-
1618 4537 1798 4606 Οὕτων
1849 4545 1875 4600 δ

1966 4544 2149 4625 ’quod
2182 4545 2289 4606 Dei
2323 4546 2545 4606 donum
2579 4564 2717 4607 esse
2740 4546 2996 4608 dicimus
3028 4554 3185 4607 esset
3212 4548 3421 4610 venale
3452 4566 3634 4630 pecu-

260 4640 525 4719 ἀκριϐείας
586 4641 755 4723 ἔχων,
811 4645 899 4699 καὶ
942 4644 1129 4706 αὐτοὺς
1178 4641 1337 4698 πάλιν
1378 4641 1501 4703 τοὺς
1559 4639 1872 4718 χέιροτονου

1994 4633 2201 4723 niis,et
2223 4634 2470 4723 Judaice
2492 4634 2623 4712 ejus
2642 4635 2811 4696 ﬁeret
2831 4636 3185 4715 cauponatio
3206 4635 3288 4696 35.
3321 4638 3473 4699 Cum
3508 4636 3636 4700 haec

264 4733 454 4808 μένους
496 4721 899 4813 διησφαλίζετο,
934 4731 1029 4789 καί
1062 4734 1122 4789 τὸ
1154 4738 1247 4789 τοῦ
1277 4727 1609 4787 ’Λποστόλου
1657 4728 1881 4804 παρῄνει

1997 4722 2267 4802 pluribus
2286 4721 2501 4785 diebus
2521 4725 2808 4786 canonice
2822 4724 3217 4806 judicassent,
3242 4733 3302 4787 et
3328 4727 3549 4808 scripta
3573 4727 3634 4787 in

268 4819 454 4899 μηδενὶ
522 4824 738 4902 ταχέως
801 4834 997 4901 χεῖρας
1063 4820 1374 4898 ἐπιτιθέναι,
1436 4815 1564 4893 μηδ’
1628 4817 1881 4894 ἁμαρτίαι

1997 4826 2121 4875 acta
2147 4817 2713 4882 rctulissent,eorum
2738 4817 2866 4875 loco
2888 4823 3254 4877 constituunt
3278 4822 3333 4876 in
3356 4819 3640 4877 Ecclesiis

267 4923 547 4968 κοινωνεῖν
590 4910 917 4988 ἀλλοτρίαις.
951 4908 1265 4969 ’Δντωνίνου
1293 4908 1392 4983 μὲν
1421 4910 1507 4964 οὖν
1552 4906 1881 4965 ἀπολιπόντο

1994 4903 2154 4964 viros
2189 4902 2371 4964 verbo
2403 4910 2460 4964 et
2488 4902 2603 4963 vita
2636 4912 2895 4966 ornatos.
2924 4902 3052 4966 Non
3085 4906 3192 4966 hOS
3221 4914 3417 4968 autem
3441 4906 3635 4967 solum

266 5002 357 5057 τὸν
412 5000 524 5077 βίον
584 4998 789 5081 (ὥσπερ
861 4999 966 5067 ἤδη
1026 5000 1316 5079 φθάσαντες
1382 4995 1781 5073 ἐδηλώσαμεν),
1836 4996 1879 5051 εἰ

1993 4997 2092 5069 qui
2117 4998 2799 5081 erant‘sex_numero,sed
2821 4997 2969 5055 alios
2984 5013 3220 5081 quoque
3245 4999 3481 5081 totidem
3502 5011 3638 5081 cum

265 5092 354 5148 τὸν
413 5077 785 5169 αὒτούθρόνον
856 5092 883 5145 ὁ
916 5077 1086 5168 μεγας
1122 5087 1181 5169 (ἡ
1227 5086 1460 5166 Ἔφεσος
1504 5085 1559 5142 δὲ
1609 5088 1759 5149 οὗτος
1818 5085 1881 5153 ἦν

1998 5097 2248 5159 magnus
2276 5077 2381 5139 ille
2404 5078 2732 5142 invenisset
2754 5080 3026 5160 pecuniis
3049 5079 3338 5142 invasisse
3357 5079 3420 5140 in
3445 5078 3640 5141 eccle-

270 5167 644 5259 Ἡρακλείδην-
691 5167 1047 5261 χειροτονεῖν,
1126 5167 1356 5254 Κύπριον
1442 5178 1540 5253 μὲν
1608 5178 1669 5232 τὸ
1733 5175 1881 5252 γένος

1998 5169 2141 5243 sias,
2175 5186 2280 5229 eos
2304 5167 2714 5229 ecclesiastica
2742 5168 2947 5247 regula
2976 5170 3275 5249 deposuit.
3307 5167 3447 5231 Erat
3475 5168 3637 5230 enim

269 5257 455 5328 ἑαυτοῦ
505 5268 559 5326 δὲ
591 5257 858 5332 διάκονον,
894 5276 1029 5326 Εἶτα
1072 5265 1285 5324 πολλῶν
1335 5267 1434 5340 μὲν
1476 5267 1618 5341 βίους
1664 5271 1740 5337 τῷ
1769 5264 1881 5341 λόγι

2004 5258 2107 5319 ille
2170 5276 2301 5319 cum
2337 5260 2395 5317 in
2428 5262 2658 5319 caeteris
2702 5259 2945 5336 quidem
2979 5258 3160 5319 rebus
3219 5257 3643 5319 ecclesiasticis

271 5359 607 5438 διακαθάρας,
656 5357 864 5423 πολλὰς
906 5357 961 5414 δὲ
1018 5358 1104 5414 καὶ
1149 5362 1254 5413 τῶν
1314 5354 1655 5413 Ναυατιανῶν
1711 5352 1881 5420 ἑκκλη

2003 5354 2323 5438 cantuset
2370 5345 2650 5425 diligens,
2686 5348 2915 5438 tumin
2969 5346 3450 5438 ordinationibus
3495 5346 3639 5409 dili-

273 5449 414 5529 σίας,
460 5450 547 5506 καὶ
617 5449 816 5506 τούτων
887 5448 1009 5506 ὅσαι
1081 5454 1185 5504 τῶν
1259 5440 1881 5522 Τεσσαρεσκαιδεκατιτὼ

2003 5436 2391 5518 gentissimus
2421 5445 2478 5499 et
2507 5433 3018 5510 accuratissimus,
3053 5444 3111 5496 et
3170 5438 3272 5497 diu
3305 5436 3643 5518 producens

356 5621 416 5675 ’ὃ
445 5622 496 5686 ll
524 5621 716 5686 Maeli.
744 5638 827 5701 XI,
850 5620 911 5684 3.
