4060 6200
451 267 596 329 1127

445 401 993 464 exanimationem:
1039 400 1188 464 adeo
1233 410 1292 458 ut
1332 401 1439 475 qui
1483 397 1930 479 coaptabantur,
1966 419 2052 461 n01

2140 447 2144 456 .
2170 401 2434 482 λέγοντοι,

445 491 640 552 solum
662 499 862 552 essent
887 489 1154 571 puri,sed
1181 489 1424 550 avaritia
1442 507 1683 570 quoque
1707 490 2080 568 superiores,

447 589 509 642 et
542 581 731 642 semel
765 579 981 651 dicam,
1011 577 1158 639 nulli
1189 577 1399 638 affines
1428 579 1911 658 reprehensioni.
1939 579 2082 640 Cum

443 683 634 732 autem
657 682 810 730 esset
829 673 969 730 adeo
992 671 1243 744 diligens
1267 684 1318 729 et
1347 674 1866 740 accuratus,adhuc
1898 685 2082 730 tamen

441 758 941 821 abundantiorem
961 757 1254 820 adhibens
1270 759 1942 830 cautionem,muniebat
1956 777 2078 832 eos,

441 847 547 928 qui
568 846 1095 925 ordinabantur,et
1119 849 1203 910 eis
1221 848 1512 911 suadebat
1536 848 1779 929 id,quod
1809 856 1973 909 recte
1997 849 2083 908 di-

438 945 596 999 ctum
625 949 714 998 est
742 937 816 998 ab
839 940 1113 1018 apostolo
1139 937 1216 1012 90,
1247 948 1310 1000 ut
1341 939 1567 1000 nemini
1593 956 1803 999 manus
1827 937 1944 998 cito
1967 944 2080 997 im-

438 1036 761 1108 ponerent,
789 1046 983 1108 neque
999 1028 1213 1089 alienis
1245 1027 1503 1108 peccatis
1534 1026 2074 1089 communicarent.

435 1116 509 1178 Et
530 1118 657 1179 huc
679 1116 922 1198 quidem
947 1118 1028 1178 ita
1051 1136 1115 1179 se
1140 1118 1462 1179 habebant.
1498 1117 1640 1178 Cum
1663 1125 1859 1179 autem
1885 1118 2078 1178 Anto—

436 1208 709 1282 ninus,ut
737 1207 1064 1280 diximus,e
1086 1209 1203 1269 vita
1228 1208 1604 1277 excessisset,
1632 1207 1691 1266 in
1717 1207 1848 1285 ejus
1872 1205 2075 1266 sedem

435 1315 688 1375 magnus
711 1296 912 1369 ille(ea
935 1306 1132 1359 autem
1157 1305 1283 1359 erat
1312 1296 1855 1376 Ephesusiordinat
1883 1294 2075 1356 Hera—

1723 266 2004 330 MENSIS
2063 265 2520 331 JANUARIUS.

3659 264 3805 330 1128

2510 406 2692 466 πείσας
2771 407 3101 478 μεταμαθεῖν
3175 406 3234 458 τὸ
3319 400 3589 479 ὀρθοδοξον
3673 401 3806 456 ἄλλα

2171 513 2224 547 τε
2285 492 2449 548 πλείω
2507 495 2594 548 καὶ
2648 492 3147 572 ἀποστὸλικώτατα,
3179 495 3264 548 καὶ
3321 493 3419 560 τῆς
3479 494 3638 548 αὐτοῦ
3693 491 3805 555 ἄξια

2170 584 2253 636 καὶ
2309 583 2528 657 γνώμης
2590 585 2675 637 καὶ
2732 582 2976 659 γλώττης
3055 581 3495 658 διαπραξάμενος,
3571 582 3641 640 εἷς
3715 581 3806 645 τὴν

2168 670 2546 745 βασιλεύουσαν
2603 672 2980 751 ἐπανέρχεται,
3029 675 3116 727 καὶ
3187 673 3247 739 ἦν
3305 672 3483 747 ὥσπερ
3557 673 3806 746 πρότερον

2169 763 2274 815 τῶν
2323 761 2561 829 συνήθων
2594 761 2762 838 ἔργων
2809 762 3248 836 ἐπιμελούμενος.
3308 762 3378 818 Τὰ
3417 758 3470 815 δὲ
3502 760 3590 830 ἦν,
3625 780 3808 836 We”

2168 852 2503 923 προστασίαι,
2569 852 2808 929 ὀρφανῶν
2881 851 3220 923 ἀντιλήψεις,
3283 848 3644 923 ἀδικουμένων
3687 847 3805 902 ἐπι-

2166 942 2390 1016 κουρίαι,
2440 941 2500 995 τὸ
2547 942 2756 996 πάντων
2803 942 3090 1016 μέγιστων,
3130 937 3460 1018 χειραγωγία
3510 938 3623 1012 βίου
3675 938 3801 1009 πρὸς

2167 1028 2379 1102 ἀρετὴν,
2417 1030 2503 1083 καὶ
2547 1035 2738 1108 ψυχῶν
2790 1029 3092 1104 ἐπιμέλεια⁸
3141 1031 3268 1105 πρὸς
3314 1026 3342 1081 ὅ
3399 1027 3517 1083 καθ’
3575 1027 3801 1090 ἑκάστην

2164 1120 2196 1183 ἡ
2258 1116 2492 1192 γλῶττα,
2531 1123 2589 1176 οὐ
2648 1121 2780 1178 κατά
2840 1142 2986 1182 τινας
3031 1117 3094 1185 δὴ
3145 1115 3377 1192 ψεκάδας
3423 1118 3641 1194 ἀφιεῖσα
3684 1117 3801 1174 τοὺς

2165 1205 2379 1283 λόγους,
2444 1207 2581 1263 ἀλλά
2654 1212 2902 1284 κρουνοὺς
2975 1209 3112 1270 ὅλως
3186 1206 3433 1282 ἐμμελῶς
3507 1207 3800 1281 fastigans,

2165 1295 2423 1372 παρώρμα
2469 1298 2528 1351 τὸ
2561 1297 2782 1363 πλῆθος.

426 1387 670 1461 clidem,
706 1403 927 1466 genere
959 1387 1200 1468 quidem
1237 1388 1538 1466 Cyprium,
1579 1404 1748 1447 suum
1783 1394 1978 1445 autem
2012 1383 2354 1444 diaconum.
2403 1385 2635 1446 Deinde
2667 1405 2800 1448 cum
2837 1387 3157 1447 multorum
3194 1384 3436 1465 quidem
3470 1383 3646 1444 vitam
3677 1399 3802 1444 ser-

427 1495 602 1538 mone
634 1485 1046 1556 eXpurgasset,
1067 1478 1266 1539 multis
1298 1495 1435 1538 vero
1451 1475 1910 1537 Novatianorum
1932 1472 2664 1555 Ecclesiis,eteorum,qui
2688 1473 3626 1538 dicunturTessareskadecatita:
3651 1471 3796 1548 (l6),

425 1566 827 1646 persuasisset
857 1585 886 1625 a
918 1565 1102 1646 priori
1141 1567 1425 1628 recedere
1457 1566 1832 1646 opinione,et
1858 1562 2110 1625 transire
2133 1562 2205 1623 ad
2241 1563 2656 1640 orthodoxam,
2681 1574 2742 1626 et
2772 1565 2890 1627 alia
2923 1565 3162 1627 fecisset
3185 1563 3439 1645 plurima
3461 1571 3517 1624 et
3540 1561 3799 1622 maxime

424 1656 772 1736 apostolica,
807 1655 1102 1736 dignaque
1135 1658 1264 1735 ejus
1298 1664 1498 1716 mente
1530 1665 1586 1716 et
1621 1656 1847 1730 lingua,
1884 1653 1953 1712 ad
2013 1651 2249 1712 urbium
2283 1656 2548 1728 reginam
2581 1655 2907 1716 revertitur
2937 1655 3039 1717 ille
3091 1672 3329 1727 aureus,
3361 1659 3609 1732 eratque
3640 1651 3800 1726 sicut

422 1747 590 1826 prius
616 1745 952 1806 orationum
987 1746 1208 1806 caelesti
1236 1746 1598 1806 nutrimento
1634 1743 1925 1814 nutriens,
1956 1751 2016 1802 et
2045 1749 2466 1804 consuetorum
2495 1761 2744 1823 operum
2782 1761 2986 1806 curam
3018 1742 3350 1822 gerens.Ea
3375 1749 3574 1804 autem
3603 1749 3794 1821 erant,

421 1854 567 1896 cura
599 1833 932 1910 viduarum,
964 1835 1235 1897 defensio
1267 1835 1697 1916 orphanorum,
1729 1850 1961 1905 eorum,
1999 1831 2099 1910 qui
2129 1839 2302 1892 erant
2332 1833 2594 1912 neglecti
2627 1843 2686 1896 et
2716 1834 2952 1914 injuriis
2983 1835 3153 1897 facile
3181 1831 3795 1914 patebant,auxilium:

417 1934 478 1986 et
509 1926 664 2006 quod
701 1933 824 1986 erat
858 1925 1125 1987 omnium
1162 1927 1505 2004 maximum,
1542 1924 1675 1984 vitae
1713 1922 1993 1985 deductio
2051 1920 2125 1981 ad
2156 1920 2430 1984 virtutem
2466 1932 2526 1984 et
2557 1943 2700 1987 cura
2730 1925 3088 2000 animarum,
3124 1924 3194 1986 ad
3227 1923 3383 2004 quod
3414 1920 3655 1999 egregia
3700 1920 3800 1980 illa

418 2013 618 2093 lingua
679 2031 796 2075 non
861 2022 1136 2094 tanquam
1196 2015 1450 2076 minutas
1510 2013 1663 2074 roris
1719 2021 1910 2089 guttas
1951 2010 2129 2071 verba
2185 2010 2489 2092 emittens,
2548 2015 2649 2076 sed
2711 2022 2864 2075 totos
2921 2014 3115 2078 fontes
3165 2023 3300 2095 apte
3364 2021 3422 2074 et
3480 2027 3798 2073 numerose

419 2103 734 2166 effundens
769 2103 1053 2185 populum
1089 2104 1388 2166 incitabat.

478 2194 917 2259 XXXI.Verum
944 2196 1250 2259 enimvero
1275 2217 1406 2260 cum
1433 2209 1547 2259 tam
1580 2197 1826 2277 pulchre
1859 2213 1921 2256 se
1953 2196 2059 2254 ha-
2089 2203 2124 2250 Β

419 2285 589 2346 beret
617 2283 909 2360 Ecclesia,
935 2296 992 2348 et
1023 2287 1083 2346 in
1131 2305 1341 2366 magna
1372 2296 1576 2367 ageret
1612 2283 2061 2367 tranquillitate,

409 2375 606 2450 gravis
633 2374 874 2437 irruens
894 2375 1187 2457 procella,
1200 2395 1443 2455 magnos
1461 2379 1514 2438 ei
1535 2378 1748 2438 fluctus
1766 2375 2052 2436 excitavit,

2149 2375 2478 2432 ἐπεισπεσὼν
2565 2379 2745 2457 ἄγριος
2834 2381 3086 2459 χολεπῶς
3203 2380 3365 2445 αὐτὴν
3449 2376 3786 2451 ἐξεκύμηνεν.

408 2467 548 2525 Nam
576 2481 708 2524 cum
733 2468 831 2525 ille
859 2470 1032 2526 homo
1055 2469 1156 2527 Dei
1188 2480 1241 2528 et
1269 2471 1550 2528 vitiorum
1583 2471 1781 2526 animae
1805 2467 2052 2525 medicus

2148 2462 2296 2520 Ἐπεὶ
2341 2467 2438 2542 γὰρ
2485 2469 2511 2521 ὃ
2544 2477 2631 2524 του
2683 2471 2814 2527 Θεοῦ
2844 2469 3140 2545 ἅνθρωπος,
3177 2471 3267 2523 καί
3314 2475 3419 2524 τῶν
3449 2469 3545 2532 τῆς
3603 2471 3790 2544 ψυχῆς

409 2551 975 2628 artificiosissimus,
1001 2563 1060 2615 et
1093 2554 1208 2615 alia
1235 2555 1477 2634 quidem
1513 2554 1783 2615 studeret
1807 2569 2052 2627 magno-

2147 2560 2324 2613 παθῶν
2372 2556 2544 2632 ἰατρὸς
2597 2559 3005 2638 εὐτεχνότατος,
3049 2561 3133 2613 καὶ
3165 2556 3333 2614 τᾶλλα
3395 2558 3490 2631 μὲν
3521 2557 3646 2634 εἶχε
3705 2554 3791 2609 δια

2232 2197 2357 2254 ΑΑ’.
2396 2198 2542 2266 Πλὴν
2585 2200 2719 2257 ἀλλά
2765 2207 2860 2268 τῆς
2895 2201 3218 2267 Ἐκκλησίας
3267 2201 3403 2257 οὕτω
3433 2197 3607 2263 καλῶς
3653 2199 3789 2273 ἀγοο

2150 2287 2342 2365 μένης,
2376 2289 2462 2343 καὶ
2521 2287 2764 2364 γαλήνην
2825 2291 2948 2346 οἵαν
3009 2291 3243 2368 ἐχούσης
3303 2291 3546 2362 βαθεῖαν,
3592 2285 3791 2360 λαῖλαψ

410 2659 555 2722 pere
579 2659 818 2715 curare,
849 2644 1108 2704 maxime
1125 2653 1321 2706 autem
1350 2644 1677 2724 pessimum
1702 2652 1761 2701 et
1786 2639 2052 2701 illibera-

406 2731 730 2806 lissimum,
761 2741 818 2792 et
850 2731 1102 2794 aliorum
1129 2733 1396 2794 omnium
1433 2734 1559 2795 fere
1594 2733 1868 2793 vitiorum
1910 2748 2052 2790 cau-

405 2839 558 2896 sam,
584 2839 804 2902 nempe
834 2822 1166 2897 avaritiam,
1203 2833 1263 2885 et
1295 2824 1355 2885 in
1389 2839 1516 2885 eam
1563 2821 1835 2902 quotidie
1869 2819 2049 2882 vehe—

405 2918 638 2974 menter
659 2911 1204 2988 inveberetur,non
1227 2932 1396 2991 aequo
1421 2917 1618 2974 animo
1652 2910 2053 2989 tulerunt,qui

405 3000 546 3062 huic
569 3001 713 3062 vitio
757 3001 1119 3078 serviebant,
1149 3021 1318 3063 suam
1355 3013 1408 3062 et
1440 3002 1628 3063 solius
1663 3001 1890 3080 plagam
1921 3016 2049 3060 eam

402 3107 534 3152 rem
588 3108 717 3152 esse
769 3098 1180 3172 unusquisque
1232 3094 1598 3164 existimans,
1657 3088 1889 3151 etiamsi
1951 3087 2054 3148 ille

404 3199 526 3241 non
562 3177 744 3242 ullam
781 3199 1097 3261 personam
1130 3183 1404 3262 privatim
1453 3179 1910 3261 perstringeret,
1945 3178 2051 3239 sed

400 3270 802 3332 communiter
833 3279 889 3332 ot
919 3271 1178 3333 obscure
1208 3271 1458 3332 inferret
1485 3269 2046 3350 reprehensionem;

401 3360 596 3440 prima
630 3368 832 3421 autem
889 3378 959 3420 ex
992 3360 1147 3435 aliis,
1187 3370 1244 3422 et
1299 3360 1488 3439 prima
1531 3359 1729 3434 exiis,
1765 3359 1865 3441 qui
1919 3359 2049 3437 ejus

398 3468 607 3512 amore
641 3449 1025 3526 tenebantur,
1053 3451 1339 3525 Eudoxia,
1365 3472 1541 3533 quam
1575 3471 1646 3515 ex
1672 3451 1875 3514 auditu
1907 3453 2045 3533 qui-

2141 2645 2373 2720 σπουδῂς
2437 2650 2762 2724 θεραπεύειν,
2799 2649 3034 2724 μάλιστα
3089 2646 3132 2701 δ’
3165 2648 3254 2702 οὖν
3308 2648 3370 2702 τὸ
3414 2645 3787 2711 κακοηθέσται⁴⁵

2139 2739 2227 2790 τόν
2285 2759 2340 2792 τε
2386 2738 2472 2792 καὶ
2521 2736 3031 2815 ἀνελευτερώτατον,
3082 2739 3169 2793 καὶ
3212 2744 3316 2793 τῶν
3371 2735 3548 2794 ἄλλων
3603 2737 3785 2790 παθῶν

2140 2827 2351 2881 πάντων
2423 2825 2618 2904 σχεδὸν
2702 2829 3014 2884 αἰτιώτατον
3089 2828 3187 2891 τὴν
3253 2826 3615 2905 φιλαργυρίαν,
3698 2826 3782 2878 καὶ

2139 2913 2303 2978 πολὺς
2350 2915 2412 2982 ἦν
2470 2917 2720 2974 ἑκάστοτε
2779 2917 2898 2973 κατ’
2962 2920 3126 2982 αὐτῆς
3191 2914 3345 2992 ῥέων,
3409 2919 3502 2973 οὒκ
3549 2917 3783 2991 ἧνεγκιν

2139 3008 2182 3060 οἱ
2216 3012 2293 3078 τῷ
2337 3006 2489 3060 πάθει
2520 3007 2690 3078 τούτῳ
2746 3005 3106 3084 δουλεύοντες,
3145 3008 3230 3062 καὶ
3288 3006 3475 3083 πρώτη
3519 3007 3622 3060 τῶν
3681 3003 3782 3058 ἆλ-

2136 3097 2244 3150 λων
2302 3095 2335 3160 ἡ
2391 3096 2477 3150 καὶ
2535 3095 2720 3173 πρώτη
2781 3102 2887 3151 τῶν
2963 3096 3195 3173 ἐραστῶν
3266 3094 3497 3150 πλούτου
3572 3091 3782 3157 Εὔδοξία

2141 3182 2299 3263 (ἀκοῇ
2365 3185 2558 3248 πάντες
2610 3185 2732 3241 ’ίστε
2791 3186 2888 3253 τήν
2933 3183 3199 3262 βασιλίδα,
3232 3187 3318 3240 καὶ
3377 3183 3524 3245 ὅπως
3568 3183 3779 3260 οἰκτρό-

2133 3295 2267 3330 τατα
2327 3274 2540 3330 πάντων
2571 3275 2748 3342 ἐκείνη
2794 3283 2870 3349 τῷ
2926 3276 3021 3344 τῆς
3066 3274 3409 3355 φιλαργυρίας
3468 3272 3779 3330 ἐδούλευσεν

2132 3363 2340 3441 ἔρωτι),
2400 3366 2634 3443 καίτοιγε
2691 3367 2767 3440 μὴ
2834 3367 2966 3445 πρὸς
3013 3365 3205 3439 ὄνομα,
3253 3362 3390 3440 μηδέ
3447 3363 3775 3439 ὡρισμένως.

2130 3452 2267 3508 ἀλλὰ
2313 3453 2504 3515 κοινῶς
2558 3459 2715 3511 αὐτοῦ
2777 3457 2861 3510 καὶ
2911 3453 3122 3522 ἀδήλως
3187 3457 3305 3517 τοὺς
3358 3452 3617 3531 ἐλέγχους
3676 3453 3776 3506 ἐπ-

397 3540 532 3601 dem
557 3559 770 3602 omnes
790 3539 979 3616 scitis,
1014 3559 1146 3603 cum
1184 3553 1341 3604 esset
1369 3546 1425 3621 (ο
1451 3542 1739 3622 dedecus)
1778 3542 2045 3621 pecuniae

2140 3545 2375 3618 ἑγοντος.
2439 3542 2604 3598 Ἀλλὰ
2634 3545 2732 3622 γὰρ
2763 3542 2931 3600 δεινὸν
2965 3545 3178 3607 πάντως
3230 3541 3443 3621 καρδίαν
3475 3539 3675 3608 πλῆξαι
3706 3545 3769 3596 τὸ

393 3628 612 3690 ancilla
665 3628 1042 3709 imperatrix.
1078 3628 1198 3693 Sed
1231 3633 1389 3693 enim
1460 3649 1666 3694 revera
1699 3649 1941 3710 magnas
1972 3633 2043 3694 ad

393 3719 732 3780 feriendum
785 3718 943 3780 vires
978 3721 1157 3783 habet
1203 3722 1594 3795 conscientia,
1633 3740 1764 3782 cum
1813 3721 2044 3783 etiamsi

395 3809 597 3871 nullus
654 3809 811 3870 alius
862 3819 1116 3884 moveat,
1149 3811 1277 3890 ipse
1332 3810 1576 3887 quidem
1629 3811 2041 3891 unusquisque

393 3916 499 3977 per
523 3917 739 3973 se,non
770 3899 1068 3978 possimus
1093 3901 1249 3962 ferre
1283 3899 1445 3961 illius
1472 3900 1694 3980 plagas.
1730 3899 1865 3961 Haac
1899 3918 2038 3980 ergo

389 3999 505 4046 tam
532 3992 742 4048 misere
763 3989 985 4058 aﬂecta,
1012 4005 1352 4050 communes
1387 3991 1513 4050 illas
1536 3993 2035 4063 reprehensiones,

389 4075 481 4135 sui
537 4093 672 4136 esse
703 4075 914 4151 solius,
953 4086 1019 4138 ut
1043 4078 1167 4156 jam
1204 4078 1486 4151 diximus,
1526 4087 1581 4138 et
1615 4095 1733 4139 non
1781 4077 2037 4159 alicujus

387 4161 662 4238 alterius,
700 4181 833 4224 esse
877 4165 1278 4230 existimabat.
1318 4167 1776 4230 Acciditautem
1811 4167 2034 4248 aliquid

389 4251 712 4331 ejusmodi,
747 4255 904 4332 quod
956 4256 1009 4315 ei
1043 4259 1348 4319 materiam
1403 4256 1658 4338 praebuit
1707 4258 2033 4320 ulciscendi

388 4340 662 4418 eum,qui
679 4343 1182 4422 reprehendebat.
1223 4346 1283 4406 ld
1312 4364 1450 4408 vero
1483 4349 1568 4410 sic
1595 4347 1873 4411 habebat:
1910 4358 2035 4408 erat

386 4431 478 4490 vir
499 4430 741 4512 quidam
773 4429 1573 4514 Constantinopoli,nomine
1591 4435 2026 4514 Theodoricus,

385 4517 672 4597 dignitate
707 4521 1243 4601 patricius,divitiis
1267 4535 1464 4588 autem
1499 4526 1668 4587 valde
1690 4525 2026 4590 abundans.

383 4607 527 4688 Ejus
583 4628 725 4689 ergo
759 4610 994 4674 divitias
1024 4613 1125 4674 illa
1158 4613 1516 4676 liberalibus
1567 4615 1754 4677 oculis
1787 4636 1905 4678 non
1937 4618 2032 4679 in-

383 4707 817 4781 tuens,easque
840 4719 979 4765 suas
1001 4703 1199 4765 facere
1222 4706 1391 4766 valde
1423 4708 1696 4786 cupiens,
1725 4709 2032 4788 quaerebat

382 4789 761 4872 modum,per
776 4811 953 4873 quem
970 4805 1171 4873 posset
1195 4797 1430 4876 assequi
1450 4797 1604 4877 quod
1623 4797 2023 4863 desiderabat.

381 4880 554 4979 _Cum.
583 4901 652 4979 ea
686 4891 885 4944 autem
929 4882 1106 4946 dubia
1136 4896 1291 4947 esset
1331 4887 1515 4946 animi
1546 4887 1665 4964 (ille
1697 4888 1853 4949 enim
1891 4891 2165 4979 nul-Der
2197 4910 2211 4960 ;

2131 3631 2383 3694 συνειδὸς·
2431 3631 2562 3689 ὅπου
2595 3655 2655 3710 γε
2701 3635 2791 3689 καί
2826 3632 3054 3708 μηδενὸς
3092 3637 3197 3689 τῶν
3232 3632 3409 3690 ἄλλων
3456 3631 3776 3688 ﬁnemve-3v-

2127 3745 2239 3796 τος,
2277 3721 2430 3784 αὐτός
2464 3743 2522 3798 γε
2573 3721 2688 3778 καθ’
2721 3723 2906 3779 ἑαυτὸν
2956 3723 3181 3787 ἕκαστος
3214 3724 3316 3802 οὐχ
3369 3724 3478 3779 οἷοὶ
3510 3721 3566 3777 τέ
3609 3722 3775 3796 ἐσμεν

2125 3813 2213 3874 τὰς
2280 3813 2437 3867 αύτοῦ
2492 3811 2755 3890 μάστιγας
2817 3810 3137 3891 διαφεύγειν.
3202 3812 3344 3878 Αὕτη
3391 3813 3560 3868 τοίνυν
3605 3810 3774 3874 οὕτως

2125 3899 2314 3962 ἀθλίως
2381 3903 2468 3956 καὶ
2518 3899 2776 3979 χαλεπῶς
2838 3901 3060 3980 ἔχουσα,
3095 3904 3215 3967 τοὺς
3251 3901 3457 3964 κοινοὺς
3510 3899 3772 3980 ἐλέγχους

2125 3991 2210 4047 καὶ
2269 3991 2648 4068 ἀπροσώπους,
2702 3992 2864 4058 αὐτῆς
2913 3991 3056 4048 εἶναι
3080 3991 3251 4068 μόνης
3298 3993 3393 4047 καί
3457 3992 3551 4047 οὒκ
3608 3988 3777 4048 ἄλλου

2122 4103 2214 4137 του
2275 4076 2634 4153 ὑπελάμϐανε.
2697 4078 2910 4153 Συμϐἀν
2982 4079 3038 4136 δέ
3099 4103 3148 4136 τι
3196 4085 3437 4138 τοιοῦτον
3494 4082 3581 4135 καὶ
3635 4078 3775 4144 ὕλην

2124 4174 2256 4245 αὐτῇ
2329 4170 2640 4246 παρεσχεν,
2717 4170 2853 4227 ὥστε
2919 4169 3215 4245 ἀμύνασθαι
3289 4172 3380 4227 τὸν
3445 4169 3772 4247 ἐλέγχοντα·

2123 4262 2289 4336 Ἀνήρ
2333 4283 2412 4324 τις
2473 4260 2536 4326 ἦν
2594 4261 2645 4315 ἕν
2717 4263 2782 4327 ἰἧ
2861 4264 3254 4320 Κωνσταντίνου
3312 4264 3412 4330 τὴν
3441 4260 3585 4326 ἀξίαν
3655 4283 3771 4316 τια-

2118 4354 2342 4429 τρίκιος,
2401 4350 2630 4427 τοῦνομα
2691 4350 3008 4432 Θεοδέριχος
3037 4401 3052 4427 ,
3118 4352 3351 4408 πλούτου
3412 4353 3777 4427 περιττότατα

2117 4443 2284 4522 ἐχων.
2359 4443 2556 4499 Τούτου
2609 4451 2882 4520 τοιγαροῦν
2935 4444 3026 4498 τὸν
3086 4441 3310 4498 πλοῦτον
3353 4440 3449 4498 οὐκ
3519 4441 3762 4518 ἀγαθοῖς

2116 4530 2351 4606 ὄμμασιν
2436 4531 2612 4598 ἐκείνη
2678 4531 2981 4606 θεασαμένη
3013 4579 3027 4606 ,
3101 4535 3198 4587 καὶ
3273 4531 3467 4594 ἐαυτῆς
3536 4533 3773 4594 ποιῆσαι

2119 4619 2313 4697 κομιδῇ
2375 4621 2702 4700 γλιχομένη,
2765 4621 2958 4698 τρόπον
3031 4621 3232 4695 ἐζήτει,
3294 4619 3364 4674 δι’
3422 4619 3583 4689 οὗπερ
3625 4617 3774 4685 αὖτῆ

2115 4712 2323 4790 γένοιτο
2368 4712 2428 4767 τὸ
2471 4707 2893 4785 σπουδαζόμενον
2939 4709 3198 4767 διανῦσαι.
3249 4708 3397 4766 Ἐπεὶ
3445 4707 3498 4763 δὲ
3558 4706 3767 4772 διηπὸ-

2115 4823 2190 4878 ρει
2249 4800 2359 4878 (καὶ
2392 4801 2490 4877 γὰρ
2545 4800 2750 4862 ἐκεῖνος
2783 4799 3028 4877 ούδεμίαν
3080 4797 3246 4855 ἐδίδου
3277 4796 3496 4877 λαϐὴν),
3533 4802 3582 4852 τ(
3639 4820 3775 4853 ποι-

2289 4891 2374 4944 καὶ
2434 4891 2549 4945 τίνα
2610 4888 2805 4965 τρόπον
2863 4887 3181 4962 ἐπιτηδεύει,
3245 4889 3343 4954 τὴν
3414 4887 3590 4943 οὐσίαν
3667 4898 3774 4946 τοῦ

377 4970 495 5032 lam
522 4971 697 5033 dabat
732 4974 983 5048 ansam),
1019 4974 1160 5053 quid
1192 4973 1365 5036 facit?
1397 4973 1749 5037 l’ublicandi
1783 4970 2052 5056 quidem

2140 4980 2294 5056 ινδρὸς
2363 4976 2620 5053 δημεῦσαι
2681 4979 3091 5053 σπουδάζουσα;
3150 4984 3393 5058 Φανερῶς
3452 4981 3595 5050 αὺτῷ
3639 4999 3765 5050 μη-

380 5061 510 5139 ejus
543 5060 699 5122 bona
731 5063 889 5142 capit
912 5062 1269 5124 consilium:
1305 5062 1411 5125 sed
1447 5083 1580 5125 cum
1617 5066 1730 5126 hoc
1761 5065 2028 5128 studeret

375 5149 579 5214 facere
629 5171 747 5214 non
783 5161 1011 5234 aperte,
1048 5153 1347 5232 significat
1399 5155 1480 5231 ei,
1518 5156 1619 5233 qui
1655 5157 2022 5236 possidebat.

451 5368 510 5420 ὀ
541 5373 563 5433 l
594 5369 746 5433 Tim.
784 5389 843 5452 ν,
880 5372 979 5432 22.

451 5578 564 5653 (16)
596 5579 690 5642 Al.
723 5579 1481 5648 Tessareskaedodecatitze.

2112 5070 2216 5125 νύει
2282 5069 2540 5147 χρήματα
2573 5077 2648 5142 τῷ
2695 5075 2857 5141 κοινῷ
2887 5069 3125 5126 δανεῖσαι
3181 5069 3312 5143 πρὸς
3346 5066 3532 5148 χρείαν
3582 5066 3771 5124 αὐτῶν

2112 5163 2295 5228 ἥκοντι
2333 5161 2468 5214 κατὰ
2511 5157 2711 5222 πολλὰς
2746 5157 2883 5238 ἄρτι,
2915 5161 3068 5236 φησὶ,
3103 5157 3198 5219 τὰς
3230 5157 3530 5222 κινηθείσας
3559 5157 3763 5219 αἰτίας.
