4020 6206
235 359 399 426 1133

1306 361 1492 427 VlTA
1537 365 1597 426 S.
1651 364 1975 428 JOANNIS
2011 364 2567 432 CHRYSOSTOMI.

3462 367 3609 441 1134

224 501 458 576 τρόπον,
505 495 623 552 ἀλλ’
685 495 931 574 ἐλευθέρᾳ
991 497 1186 575 γνώμῃ
1235 499 1328 554 καί
1390 502 1738 574 μισοπονήρῳ
1792 503 1878 562 τηε

1977 507 2108 588 erat
2158 510 2471 581 promptus
2522 501 2593 562 ad
2655 521 2758 562 eos
2813 501 3248 580 defendendos,
3299 507 3400 587 qui
3459 512 3616 588 passi

223 588 487 665 γυναικὸς
550 587 966 662 προϊστάμενος.
1028 589 1224 644 Τούτου
1280 585 1332 643 δὲ
1390 590 1488 655 τὴν
1539 594 1644 644 τῶν
1700 589 1890 644 ἑκατὸν

226 677 432 754 λιτρῶν
489 677 620 755 πρὸς
688 679 786 742 τὴς
870 675 1136 754 βασιλίδος
1195 677 1605 755 προτεινομένου
1668 677 1884 752 ζημίαν,

223 769 255 823 ὁ
325 767 614 844 μακάριος,
680 767 968 842 Δημοσίων
1037 764 1409 841 ἀδικημάτων,
1474 767 1652 838 εἶπεν,
1708 767 1889 822 ἐκεῖνα

223 857 540 935 εἴσπραξις⁶
614 857 676 913 σὺ
733 855 786 912 δὲ
849 854 969 913 ἀλλ’
1029 858 1122 912 οὒκ
1184 858 1247 911 ἂν
1317 856 1550 912 ἐντεῦθεν
1616 856 1884 934 ἐκφύγοις,

225 949 276 1002 εἱ
323 947 404 1021 μὴ
465 947 725 1025 πρότερον
785 952 854 1021 τῇ
913 947 1120 1023 γυναικὶ
1164 945 1284 1006 τοὺς
1341 945 1718 1007 πεντακοσίους
1777 945 1886 1000 ἀπ-

225 1038 580 1115 αριθμήσεις.
643 1033 934 1093 ’Λκουστὸν
993 1045 1145 1094 τοῦτο
1189 1037 1257 1110 τῇ
1315 1033 1528 1108 Εὔδοξίᾳ
1571 1035 1883 1112 γενόμενον,

226 1127 578 1205 παραχρῆμα
635 1125 836 1201 πέμπει
887 1127 1019 1202 πρὸς
1079 1127 1169 1181 τὸν
1215 1123 1384 1202 μέγαν
1437 1124 1639 1200 ἐκείνη,
1668 1125 1884 1204 ἀφεῖναι

228 1218 330 1272 τὸν
389 1215 761 1294 κατεχόμενον
834 1215 1214 1290 ἒπιτάττουσα,
1265 1217 1340 1276 ὡς
1411 1212 1515 1282 ἤδη
1587 1215 1886 1292 ἀρκούντως

229 1304 741 1383 ἀπολελογημένον.
817 1306 880 1362 '0
953 1303 1032 1376 δὲ,
1097 1305 1205 1362 Οὖκ
1289 1305 1504 1382 ἀφήσω,
1565 1305 1746 1383 φησὶν,
1807 1303 1888 1359 ὅτι

227 1393 371 1470 μηδε
426 1392 634 1452 δίκαιον
677 1395 780 1472 πρὸ
848 1395 955 1450 τῶν
1024 1393 1315 1472 ὀφθαλμῶν
1383 1399 1481 1460 τῆς
1553 1393 1886 1468 ἠδικημένης

227 1483 423 1563 οὔσης,
469 1485 558 1542 καὶ
629 1485 829 1550 ταύτης
899 1485 1168 1562 γυναικὸς,
1231 1490 1367 1564 φεῦί
1432 1485 1524 1540 καὶ
1586 1482 1738 1550 ξένης
1800 1476 1888 1539 καὶ

232 1575 445 1653 χήρας.
478 1574 645 1632 Τίνων
688 1572 743 1629 δὲ
774 1571 936 1630 ἄλλον
981 1573 1149 1636 οὕτως
1179 1575 1252 1638 ὡς
1305 1575 1506 1630 τούτων
1536 1571 1685 1647 μέλει
1718 1579 1833 1643 Θεῷ
1866 1591 1882 1650 ;

228 1665 292 1719 Εἰ
338 1660 394 1718 δὲ
423 1663 637 1740 ἀφεῖναί
695 1684 762 1737 με
816 1661 1077 1736 κελεύεις,
1106 1661 1246 1720 ἀλλά
1290 1663 1352 1718 σὺ
1383 1665 1443 1718 τό
1483 1662 1643 1742 χρέος
1687 1660 1884 1718 ἀπόδος

223 1758 299 1828 τῇ
360 1754 589 1830 γυναικὶ,
650 1751 702 1816 ἐξ
755 1755 828 1808 ὧν
889 1753 962 1814 εἰς
1022 1751 1228 1818 ἐκείνης
1285 1752 1548 1830 πρόφασιν
1603 1752 1665 1806 τὸ
1722 1750 1884 1806 πλέον

1971 587 2210 650 fuerant
2256 591 2566 670 injuriam,
2599 609 2775 671 quam
2824 591 3094 654 Eudoxia
3122 594 3194 655 ad
3244 587 3610 662 faciendum.

1971 675 2370 748 Quamobrem
2407 699 2517 741 nec
2551 679 2606 742 ei
2637 681 2877 760 quidem
2913 681 3134 744 licebat
3163 688 3468 748 cunctari:
3504 690 3613 751 sed

1974 767 2243 846 protinus
2271 769 2514 849 quidem
2559 769 2813 832 accersit
2845 789 3003 847 eum,
3040 771 3141 852 qui
3172 772 3402 836 laeserat
3429 797 3441 836 :
3475 778 3615 839 forti

1971 865 2167 918 autem
2201 866 2258 918 et
2286 875 2580 936 generoso
2617 859 2819 921 animo
2853 860 2907 921 ei
2964 859 3286 940 eiprobrat
3315 871 3375 923 et
3422 867 3616 944 arguit

1971 945 2346 1034 injustitiam,
2380 957 2438 1009 et
2467 966 2676 1009 aurum
2707 947 2780 1009 ab
2811 967 2885 1010 eo
2914 950 3184 1030 requirit,
3217 970 3335 1013 non
3366 973 3614 1034 quomo-

1969 1033 2046 1095 do
2077 1035 2372 1109 Eudoxia,
2407 1054 2582 1097 suum
2617 1037 2919 1113 morbum,
2955 1057 3075 1099 non
3124 1048 3321 1102 autem
3355 1044 3610 1107 alienam

1971 1123 2198 1202 plagam
2232 1143 2472 1188 curans:
2509 1125 2617 1187 sed
2652 1125 2840 1188 libera
2873 1136 2933 1187 et
2963 1145 3142 1207 quaso
3165 1129 3266 1191 dio
3298 1133 3486 1194 malos
3516 1135 3618 1198 ha-

1972 1212 2306 1286 bet,mente
2324 1215 2638 1279 mulierem
2666 1215 3179 1280 defendens.Cum
3216 1219 3265 1280 is
3287 1229 3486 1284 autem
3512 1224 3616 1286 ad-

1971 1302 2222 1365 duceret
2247 1304 2531 1367 mulctam
2565 1315 2800 1367 centum
2847 1306 3160 1385 librarum,
3195 1309 3412 1388 quibus
3473 1331 3608 1374 eum

1971 1393 2360 1455 mulctaverat
2388 1395 2764 1475 imperatrix,
2797 1405 2855 1459 et
2884 1397 2972 1459 sic
3004 1415 3122 1459 non
3154 1399 3479 1463 reddendas
3507 1421 3608 1465 ra-

1972 1481 2147 1544 tionis
2175 1495 2469 1563 quaareret
2499 1485 3320 1564 subterfugium,beatus:Pro
3352 1490 3606 1566 delictis,

1969 1570 2188 1650 inquit,
2216 1572 2469 1651 publicis
2498 1574 2650 1635 facta
2681 1581 2772 1635 est
2802 1576 2905 1638 illa
2923 1577 3175 1639 exactio.
3212 1577 3298 1639 Tu
3331 1597 3468 1640 vero
3491 1598 3611 1642 non

1969 1659 2120 1721 alter
2144 1661 2543 1740 etfugies,nisi
2572 1663 2811 1725 mulieri
2842 1665 3170 1744 quingenta
3200 1668 3365 1746 prius
3397 1688 3609 1730 nume-

1969 1748 2368 1811 raveris.Cum
2409 1750 2672 1828 primum
2705 1760 2901 1813 autem
2924 1754 3036 1814 hoc
3058 1755 3309 1816 venisset
3327 1757 3400 1818 ad
3431 1776 3610 1820 aures

221 1841 476 1922 ἀφείλου.
545 1848 720 1898 Ταῦτα
793 1841 890 1916 μὲν
965 1843 991 1897 ὂ
1062 1841 1260 1919 μέγας,
1319 1833 1412 1905 Ὠς
1472 1839 1526 1896 δὲ
1584 1841 1672 1896 καὶ
1737 1837 1878 1903 ιάπαξ

1967 1836 2384 1913 Eudoxias,illa
2406 1838 2585 1900 mittit
2602 1841 2677 1901 ad
2706 1840 2871 1901 illum
2899 1843 3426 1922 magnum,jubens
3445 1865 3604 1923 eum,

221 1930 408 1997 ἐκείνη
466 1931 554 1986 καὶ
611 1928 685 1994 δὶς
746 1933 1007 2004 πέμψασα
1051 1929 1219 2002 μηδὲν
1261 1928 1410 2000 ἤνυε,
1467 1931 1527 1987 τὸ
1584 1928 1881 2005 ἀνθρώποις

226 2022 393 2079 αὐτοῦ
437 2018 645 2094 μᾶλλον
717 2029 1076 2097 προσκροῦσαι
1154 2019 1186 2086 ἢ
1246 2025 1362 2092 Θεῷ
1433 2019 1550 2090 περὶ
1603 2016 1881 2082 ἐλάττονος

220 2109 529 2184 τιθεμένου,
588 2107 726 2186 ’έγνω
783 2131 839 2164 τε
899 2111 1031 2186 πρὸς
1090 2107 1247 2186 ἄνδρα
1312 2107 1513 2187 ἔχουσα
1558 2110 1618 2166 οὗ
1671 2122 1878 2177 καιροῖς

225 2199 472 2274 εἴκοντα,
551 2197 666 2256 οὐδὲ
722 2197 978 2262 ἀπειλαῖς
1057 2198 1506 2278 ἐγχαυνονμενον,
1581 2208 1700 2261 τοῖς
1774 2197 1877 2252 τῶν

227 2289 590 2368 μικροψύχων
647 2287 1084 2366 μορμολυκείοις,
1130 2285 1269 2343 ἀλλά
1328 2287 1553 2364 γενναίῳ
1615 2292 1690 2359 τῷ
1747 2307 1876 2362 φρο-

229 2381 430 2453 νήματι
488 2383 586 2445 τῆς
619 2379 804 2457 ψυχῆς
865 2376 994 2457 ἄχρι
1025 2378 1113 2433 καὶ
1159 2378 1316 2433 αὐτοῦ
1345 2376 1568 2433 θανάτου
1626 2374 1877 2431 ἀντικαθ-

227 2468 514 2541 ιστάμενον
555 2469 687 2546 πρὸς
729 2470 828 2532 τὴν
869 2467 1154 2545 ἁμαρτίαν,
1213 2466 1301 2522 καὶ
1356 2467 1416 2522 τὸ
1473 2464 1656 2542 δρᾶσαι
1699 2470 1876 2526 κακῶς

229 2554 466 2635 μᾶλλον,
523 2559 582 2614 οῦ
651 2557 712 2614 τὸ
767 2559 959 2612 παθεῖν
1028 2557 1464 2625 ὑποπτήσσοντα·
1514 2554 1628 2610 ἐπεὶ
1698 2555 1877 2611 τοιού-

227 2667 307 2718 τῳ
378 2644 702 2723 προσϐαλεῖν
787 2646 946 2720 ἔμαθε
981 2691 997 2718 ,
1073 2644 1285 2722 πλήρης
1371 2647 1534 2719 θυμοῦ
1617 2643 1880 2721 γενομένη

229 2733 424 2814 (ἐδόκει
496 2737 595 2814 γὰρ
639 2734 834 2803 ἥκιστα
891 2737 1124 2814 φορητὸν
1183 2736 1316 2810 αὐτῇ
1377 2737 1438 2790 τὸ
1479 2732 1695 2790 πολλῶν
1745 2755 1880 2810 κρα-

224 2833 417 2882 τουσαν
465 2826 580 2891 ἑνὸς
629 2825 771 2892 ἥττω
827 2827 971 2901 παρά
1035 2823 1172 2882 πολὺ
1235 2824 1528 2904 φαίνεσθαι.
1607 2827 1708 2881 Καὶ
1781 2823 1881 2900 γὰρ

222 2922 461 2972 τοιοῦτον
520 2917 676 2994 γυνὴ,
729 2917 925 2994 κοῦφόν
988 2936 1038 2971 τι
1097 2916 1184 2970 καὶ
1254 2914 1560 2991 εὗρῖπιστον
1630 2914 1718 2968 καὶ
1775 2917 1873 2978 τῆς

224 3009 384 3072 κενῆς
443 3002 598 3071 δόξης
683 3004 915 3084 ἀκριϐῶς
983 3004 1252 3082 παίγνιον,
1315 3004 1402 3058 καί
1472 3001 1703 3076 μάλιστα
1778 3001 1875 3068 τῆς

224 3093 458 3159 ἐξουσίας
519 3097 684 3162 αὐτὴν
718 3098 953 3173 καθάπερ
999 3094 1260 3171 βακχείας
1295 3094 1436 3155 τινὸς
1499 3090 1872 3171 ἐκφερούσης),

227 3180 435 3238 κελεύει
497 3180 586 3239 δύο
630 3183 777 3245 τινὰς
837 3183 944 3238 τῶν
997 3182 1411 3259 ἑκατοντάρχων
1455 3181 1591 3256 μετά
1633 3184 1731 3246 τῆς
1787 3177 1873 3236 ὑπ’

226 3272 412 3335 αὐτοὺς
461 3273 648 3352 χειρὸς
706 3271 786 3328 ὅτι
830 3273 1001 3351 τάχος
1057 3271 1413 3351 ἀφικομένους
1484 3271 1558 3334 εἰς
1607 3271 1667 3325 τὸ
1739 3270 1876 3347 ἱερὸν

225 3360 507 3436 εἰσελθεῖν,
541 3363 629 3417 καὶ
687 3364 815 3438 πρὸς
847 3361 963 3438 βίαν
1013 3363 1105 3416 τὸν
1140 3362 1496 3435 κρατούμενον
1542 3357 1786 3439 ἀφελεῖν.
1820 3359 1879 3416 Οἱ

225 3449 278 3506 δὲ
327 3449 646 3514 ἀπελθόντες
676 3453 750 3513 ὡς
784 3449 886 3516 ἤδη
918 3452 1049 3528 πρὸς
1080 3463 1203 3513 ταῖς
1231 3450 1407 3526 θύραις
1437 3450 1573 3516 ἦσαν
1603 3450 1692 3505 καὶ
1721 3451 1872 3504 εἰσω-

223 3543 338 3597 θεῖν
383 3540 598 3603 ἑαυτοὺς
645 3538 896 3615 ἔμελλον,
944 3538 1174 3616 ἄγγελον
1233 3540 1395 3616 ὁρῶσι
1441 3545 1572 3595 Θεοῦ
1614 3539 1875 3616 ῥομφαίαν

225 3628 610 3704 διεσπασμένον
676 3629 771 3685 καί
845 3626 1081 3708 φοϐερῶς
1150 3630 1247 3696 τὴν
1315 3625 1524 3685 εἴσοδον
1598 3626 1870 3704 εἴργοντα.

227 3722 393 3779 Τοῦτο
451 3719 651 3776 ἐκεῖνοι
713 3722 773 3776 τὸ
829 3721 1050 3797 φρικτὸν
1110 3717 1308 3781 ἰδόντες
1336 3766 1350 3793 ,
1414 3718 1502 3774 καὶ
1557 3715 1743 3789 πολλῷ
1800 3721 1876 3787 τῷ

224 3808 329 3866 δέει
398 3808 859 3888 καταπλαγέντες,
908 3809 1062 3866 οῦκὲν
1132 3806 1296 3864 πλέον
1361 3819 1539 3863 ποιεῖν
1610 3805 1871 3884 ἔγνωσαν,

225 3900 360 3958 ἀλλά
431 3902 562 3979 πρὸς
623 3901 722 3968 τὴν
779 3900 1070 3977 πέμψασαν
1131 3900 1278 3964 εῦθύς
1339 3921 1397 3955 τε
1457 3898 1870 3978 ἐπανέρχονται,

223 3994 311 4050 καὶ
360 3993 414 4048 τὸ
469 3990 650 4047 θεὰθὲν
720 3993 996 4068 τεράστιον
1066 3989 1398 4068 διηγοῦνται·
1442 3989 1542 4056 τὴν
1599 3986 1650 4044 δὲ
1704 3987 1875 4067 φρίξαι

225 4081 325 4156 μὶν
387 4080 477 4136 καὶ
504 4079 672 4146 αὐτὴν
731 4079 1056 4153 ἀκούσασαν,
1120 4080 1208 4136 καὶ
1263 4083 1363 4145 τῆς
1410 4080 1581 4155 ὁρμῆς
1637 4078 1872 4156 ὑφεῖναι,

229 4167 352 4227 Οἵδε
402 4169 504 4248 γὰρ
534 4170 595 4225 τὸ
644 4169 858 4248 ταχέως
911 4167 1080 4227 οἰδοῦν
1123 4169 1220 4225 γαί
1261 4167 1572 4248 φυσώμενον
1616 4165 1700 4221 διὰ
1743 4187 1874 4246 φρε-

231 4266 330 4314 νῶν
373 4256 641 4332 εὐκολίαν,
706 4257 922 4337 ταχέως
970 4256 1154 4338 πάλιν,
1199 4258 1380 4335 ὥσπερ
1438 4258 1486 4314 οἱ
1543 4257 1684 4313 κενοὶ
1727 4278 1874 4332 πομ-

233 4346 486 4426 φόλυγες,
517 4344 840 4404 διαπιπτειν.
876 4346 1016 4404 Εἶτα
1061 4345 1182 4422 μετ’
1214 4344 1395 4422 ὀλίγον
1451 4353 1546 4404 τοῦ
1573 4342 1876 4422 προλαϐόν-

233 4456 318 4500 τος
379 4438 582 4492 σκοποῦ
625 4436 851 4514 γίνεται·
911 4437 998 4491 καὶ
1056 4433 1415 4513 Φρουμέντιόν
1474 4455 1593 4492 τινα
1645 4431 1877 4502 τοῦνομα

231 4527 298 4589 ὡς
358 4526 518 4582 αὐτὸν
561 4523 824 4600 πέμψασα
883 4523 1248 4604 παραγγέλλει
1306 4526 1486 4581 πειθοῖ
1545 4521 1750 4598 μᾶλλον
1816 4525 1876 4579 τὸ

1968 1927 2072 2003 qui
2099 1926 2501 2007 detineliatur,
2535 1927 2761 1990 absolvi
2792 1947 2826 1990 a
2857 1929 3132 2005 crimine,
3158 1939 3221 1994 ut
3242 1935 3342 2014 qui
3371 1952 3436 1996 se
3466 1936 3608 1997 satis

1965 2015 2470 2080 defendisset.llle
2486 2036 2624 2079 vero
2650 2019 2843 2080 leonis
2863 2019 3081 2100 pellem
3106 2021 3303 2083 statim
3326 2023 3605 2090 induens:

1965 2105 2088 2168 Imo
2119 2124 2260 2168 vero
2293 2126 2412 2168 non
2448 2108 2762 2180 dimittam,
2801 2109 3309 2191 inquit,quoniam
3342 2131 3456 2176 nec
3477 2116 3609 2195 jus-

1965 2204 2088 2257 tum
2117 2205 2205 2257 est
2226 2197 2290 2274 (ο
2322 2195 2426 2257 Dei
2456 2197 2621 2276 leges
2651 2205 2708 2258 et
2741 2203 3088 2279 praecepta),
3121 2220 3253 2263 cum
3289 2211 3430 2265 ante
3459 2223 3606 2266 nos-

1967 2293 2088 2346 tros
2119 2285 2327 2347 oculos
2357 2286 2435 2347 sit
2465 2305 2556 2360 ea,
2583 2305 2716 2368 quas
2754 2287 2866 2348 fuit
2893 2289 3104 2350 affecta
3140 2291 3381 2371 injuria,
3415 2311 3606 2372 eaque

1967 2374 2182 2436 mulier
2211 2385 2454 2436 externa
2485 2385 2544 2436 et
2571 2377 2773 2447 vidua.
2810 2395 2940 2457 qua
2971 2380 3247 2458 lacrymis
3275 2383 3495 2460 operit,
3525 2383 3608 2444 ait

1965 2463 2284 2526 Malachias
2312 2464 2394 2540 il8,
2425 2464 2613 2526 altare
2671 2465 2930 2541 Domini,
2964 2467 3236 2546 indigens
3271 2487 3365 2544 eo,
3400 2473 3499 2548 qui
3530 2472 3608 2533 sit

1965 2570 2140 2632 opem
2176 2552 2430 2614 laturus.
2459 2552 2738 2626 Quaenam
2769 2562 2966 2617 autem
2998 2559 3282 2619 suntDeo
3314 2569 3489 2622 tanta;
3505 2580 3606 2623 cu-

1966 2660 2068 2718 ra},
2103 2652 2344 2722 quanta;
2392 2643 2562 2706 haec?
2591 2643 2758 2716 Quod
2791 2644 2840 2705 si
2871 2663 2968 2706 me
2990 2644 3173 2724 jubes
3223 2666 3363 2710 eum
3395 2649 3604 2711 dimit-

1965 2739 2179 2804 tere,at
2212 2741 2275 2794 tu
2309 2733 2494 2794 redde
2524 2733 2764 2793 mulieri
2795 2732 3061 2794 debitum
3095 2752 3166 2795 ex
3188 2735 3608 2816 iis,quaaillius

1967 2829 2252 2900 praetextu
2283 2820 2578 2884 abstulisti
2602 2822 2882 2902 amplius.
2913 2821 3051 2885 Haec
3080 2823 3323 2904 quidem
3359 2845 3607 2908 magnus

1959 2909 2086 2972 ille.
2123 2910 2267 2973 Cum
2301 2921 2498 2972 autem
2525 2911 2624 2973 illa
2654 2912 2844 2973 semel
2875 2921 2932 2973 et
2961 2912 3052 2973 bis
3084 2913 3367 2996 misisset,
3405 2935 3600 2998 neque

1960 2998 2285 3080 quidquam
2337 3001 2654 3080 proliceret
2704 3019 2838 3061 cum
2900 3002 3029 3081 ipse
3082 3003 3333 3066 minoris
3387 3007 3610 3070 faceret

1959 3088 2239 3150 homines
2287 3107 2464 3170 quam
2510 3091 2698 3152 Deum
2757 3089 3086 3154 offendere:
3122 3102 3182 3154 et
3236 3097 3609 3172 cognovisset

1959 3196 2088 3240 rem
2122 3177 2236 3238 sibi
2269 3197 2405 3240 esse
2434 3197 2569 3242 cum
2603 3179 2869 3253 homine,
2895 3181 2998 3261 qui
3031 3201 3148 3243 non
3175 3183 3424 3246 cedebat
3445 3194 3605 3247 tem-

1967 3267 2440 3348 poribus,minas
2463 3287 2582 3329 non
2604 3268 3105 3346 formidabat,nec
3121 3273 3367 3336 timebat
3387 3273 3460 3336 ab
3485 3275 3607 3337 ulla

1963 3357 2245 3420 excidere
2290 3358 2582 3433 rectione,
2618 3377 2751 3439 qua;
2797 3359 3040 3436 quidem
3091 3375 3232 3423 sunt
3279 3381 3490 3442 magna
3536 3383 3607 3426 ex

1963 3459 2127 3526 parte
2160 3447 2642 3510 terriculamenta
2671 3447 2766 3522 iis,
2801 3450 2900 3529 qui
2931 3458 3070 3512 sunt
3111 3454 3269 3530 parvi
3302 3462 3361 3514 et
3387 3453 3610 3533 abjecti

1961 3535 2147 3596 animi
2181 3557 2195 3595 :
2230 3536 2334 3597 sed
2369 3536 2666 3598 constanti
2697 3545 2756 3597 et
2799 3556 3094 3613 generoso
3128 3541 3342 3619 spiritu
3373 3543 3610 3604 fortiter

1962 3643 2151 3706 usque
2201 3625 2273 3686 ad
2326 3633 2579 3686 mortem
2635 3626 2954 3688 resistebat
3003 3639 3276 3706 peccato,
3310 3642 3368 3692 et
3423 3633 3607 3711 magis

1957 3711 2204 3775 cavebat
2236 3713 2390 3775 male
2421 3713 2642 3788 facere,
2667 3733 2844 3794 quam
2877 3715 3020 3794 pati.
3059 3714 3608 3796 Cum,inquam,co-

1957 3802 2259 3882 gnovisset
2299 3819 2432 3862 cum
2466 3802 2761 3880 ejusmodi
2817 3803 2937 3865 viro
2969 3822 3094 3865 rem
3129 3824 3261 3867 esse
3293 3806 3408 3868 sibi
3438 3808 3604 3870 futu-

1958 3890 2208 3972 ram,ira
2230 3891 2404 3970 plena
2439 3890 2777 3970 (videbatur
2799 3897 2957 3953 enim
2984 3895 3230 3956 minime
3261 3895 3603 3971 ferendum,

1960 3992 2024 4045 ut
2079 3999 2211 4062 qua;
2262 3980 2479 4043 multos
2539 3980 2883 4062 superabat,
2915 3983 3217 4045 rideretur
3263 4003 3382 4046 uno
3430 3986 3608 4065 longe

1959 4070 2231 4133 inferior:
2264 4079 2354 4132 est
2385 4071 2543 4132 enim
2575 4071 2870 4150 ejusmodi
2897 4089 2997 4133 res
3019 4073 3255 4146 mulier,
3283 4092 3500 4155 nempe
3523 4076 3608 4137 le-

1961 4160 2069 4235 vis,
2103 4168 2161 4222 et
2181 4178 2318 4240 quae
2338 4159 2516 4222 facile
2549 4169 2841 4236 movetur,
2879 4170 2936 4222 et
2969 4162 3147 4241 plane
3177 4162 3374 4225 inanis
3402 4163 3607 4244 gloria)

1961 4247 2307 4320 ludibrium)
2330 4247 2500 4327 jubet
2526 4250 2844 4328 extemplo.
2888 4259 2945 4312 et
2967 4251 3084 4313 duo
3115 4253 3356 4333 quidem
3388 4264 3604 4318 centu-

1958 4339 2298 4415 riones,eos
2327 4347 2615 4418 sequente
2634 4357 2766 4419 qua:
2785 4337 2895 4401 sub
2926 4339 3012 4401 eis
3035 4350 3162 4402 erat
3191 4360 3606 4425 manu,quam-

1962 4428 2226 4509 primum
2256 4426 2821 4508 mittuntur,quibus
2849 4428 3045 4491 fuerat
3072 4429 3457 4512 imperatum,
3493 4443 3609 4497 sta-

1963 4517 2066 4579 tim
2101 4517 2388 4596 templum
2415 4516 2676 4595 ingredi,
2713 4525 2772 4579 et
2803 4536 2938 4579 eum
2970 4518 3072 4599 qui
3105 4519 3512 4597 detinebatur,
3549 4524 3609 4586 vi

231 4615 576 4693 προκείμενον
635 4613 900 4676 διανῦσαι.
961 4615 1060 4672 Τὸν
1127 4611 1184 4670 δὲ
1257 4613 1426 4692 μέγαν
1505 4611 1694 4680 ἥκιστα
1751 4627 1876 4678 ταῖς

1964 4606 2126 4669 illinc
2152 4605 2500 4684 eripere.Et
2524 4606 2610 4667 sic
2661 4606 2901 4686 quidem
2934 4605 3244 4671 Eudoxia:
3297 4611 3612 4690 ignorabat

233 4708 388 4762 αῦεοῦ
436 4704 752 4779 πειθόμενον
813 4702 1142 4777 κολακείαις,
1189 4705 1262 4761 Οὐ
1293 4701 1495 4781 δύσερις
1538 4701 1634 4775 ὢν,
1683 4704 1876 4780 εἰπεῖν,

233 4790 334 4850 οὐδ’
409 4790 595 4856 ἁπλῶς
666 4798 733 4868 τῇ
803 4791 1033 4869 βασιλίδι
1107 4793 1440 4850 ἀντιπίπτειν
1526 4791 1876 4873 βουλόμενος,

233 4880 532 4962 φιλόνεικος
578 4883 709 4957 ὑμῖν
766 4885 906 4942 εἶναι
949 4885 1039 4940 καὶ
1093 4883 1227 4959 πέρα
1297 4890 1392 4940 τοῦ
1443 4883 1659 4963 μετρίου
1711 4881 1874 4946 δοκῶ,

235 4971 385 5029 Ἔστι
439 4968 495 5027 δὲ
537 4972 642 5051 οὐχ
687 4971 875 5036 οὕτως·
929 4969 1053 5028 ἀλλ’
1109 4972 1223 5047 ἅμα
1257 4972 1355 5047 μὲν
1408 4973 1624 5050 ἀμύνων
1679 4970 1872 5039 ἀδικη-

233 5061 375 5140 θείσῃ
435 5063 642 5139 γυναικὶ
702 5062 851 5140 χήρᾳ
903 5070 994 5118 καί
1051 5066 1230 5139 γυμνῇ
1290 5063 1614 5139 προστασίας
1671 5062 1874 5136 πάσης,

233 5151 340 5227 ἅμα
413 5149 470 5206 δὲ
539 5151 626 5208 καὶ
683 5156 753 5227 τῇ
823 5149 1053 5226 βασιλίδι
1124 5154 1313 5230 ψυχῆς
1372 5150 1876 5231 πραγματευόμενος

227 5241 519 5321 σωτηρίαν.
581 5241 846 5308 Τοιαύτην
895 5246 987 5297 τοῦ
1043 5240 1195 5319 ἁγίου
1236 5239 1335 5306 τῆν
1384 5239 1666 5320 ἀπόκρισιν
1709 5237 1876 5296 δεδω-

231 5331 402 5405 κότος,
453 5332 540 5387 ιιαί
585 5327 753 5405 μηδὲν
822 5333 1035 5407 ὒφεῖναι
1107 5329 1240 5407 πρὸς
1310 5329 1410 5396 τὴν
1455 5329 1666 5386 ἔστασιν
1735 5330 1874 5385 ὑπο-

232 5419 514 5498 φήναντος,
571 5419 684 5476 ἐπεὶ
739 5421 769 5475 ὁ
827 5419 925 5486 τὴν
987 5417 1193 5475 ἀδικίαν
1258 5417 1682 5496 διαπραξάμενος
1740 5414 1877 5495 ἔγνω

235 5509 399 5567 πάντα
454 5511 522 5569 τὰ
579 5509 634 5566 ἰν
689 5507 898 5566 ἐλπίσιν
940 5507 1185 5588 ἄπρακτα
1227 5509 1314 5564 καὶ
1376 5507 1638 5584 ἀνόνητα,
1667 5508 1755 5562 καὶ
1811 5505 1877 5572 ἢν

309 5683 371 5734 38
398 5681 654 5747 Malacb.
688 5700 750 5759 ιι,
786 5681 881 5746 13.

1965 4704 2164 4758 autem
2186 4713 2251 4756 se
2281 4712 2352 4757 ea
2371 4693 2778 4776 aggredi,quaa
2800 4695 2929 4757 fieri
2951 4715 3070 4759 non
3099 4708 3464 4778 poterant,et
3484 4702 3610 4764 bel-

1963 4784 2086 4848 lum
2115 4785 2402 4846 adversus
2451 4783 2637 4846 Deum
2670 4785 3002 4865 suscipere.
3043 4787 3190 4850 Nam
3225 4809 3360 4852 cum
3387 4791 3473 4852 illi
3502 4810 3607 4854 ve-

1963 4875 2216 4947 nissent,
2250 4883 2308 4935 et
2356 4874 2483 4953 jam
2533 4883 2735 4935 essent
2784 4875 2846 4936 in
2896 4876 3152 4952 foribus,
3205 4893 3266 4940 et
3315 4881 3610 4960 irrupturi

1961 4973 2188 5040 essent,
2225 4964 2282 5044 (ο
2306 4962 2572 5025 divinum
2603 4964 3034 5043 spectaculum!
3063 4986 3096 5026 ο
3132 4985 3262 5028 rem
3295 4968 3471 5048 plane
3499 4987 3604 5030 no-

1961 5072 2088 5116 vam
2116 5054 2154 5114 tt
2211 5052 2418 5115 vident
2447 5051 2555 5114 Dei
2586 5053 2862 5131 angelum
2893 5055 3101 5134 specie
3155 5055 3596 5134 admirabilem,

1959 5144 2154 5206 forma
2209 5141 2570 5214 terribilem,
2630 5142 2732 5220 qui
2787 5142 3109 5204 strinxerat
3170 5145 3602 5224 rbomphaiam,

1961 5242 2022 5297 et
2045 5232 2417 5296 horribiliter
2437 5229 2677 5294 arcebat
2698 5229 2772 5293 ab
2789 5231 3223 5310 ingressu.Hoc
3247 5232 3331 5294 illi
3356 5234 3599 5310 malum,

1959 5342 2094 5386 cum
2123 5322 2436 5393 vidissent,
2473 5330 2633 5382 iiuetu
2667 5320 2912 5400 repleta)
2953 5321 3194 5382 fuerunt
3222 5321 3343 5383 illis
3363 5326 3601 5399 animae,

1961 5422 2019 5476 et
2049 5417 2320 5493 protinus
2351 5409 2501 5472 nihil
2523 5410 2779 5490 amplius
2805 5409 3000 5471 facere
3028 5412 3461 5476 decreverunt:
3496 5413 3603 5474 sed

1961 5504 2404 5582 quamprimum
2457 5499 2683 5563 reversi
2712 5499 2785 5560 ad
2817 5517 2974 5574 eam,
3007 5517 3139 5580 quae
3168 5501 3436 5581 miserat,
3471 5510 3603 5566 stu-
