4060 6200
436 335 588 405 1135
1730 345 2012 410 MENSIS
2051 345 2096 408 Jl

2174 341 2494 408 IUARIUS.
3646 338 3798 404 1136

429 478 693 556 pendum
731 477 843 540 hoc
866 476 1272 558 spectaculum
1301 494 1434 538 cum
1468 486 1714 559 stupore
1741 491 2080 546 narrarunt.

2174 482 2230 538 ἐκ
2301 486 2396 550 τῆς
2471 478 2739 556 βασιλίδος
2814 477 3162 556 ὠνειροπόλει
3230 478 3481 554 βοήθειαν
3519 524 3535 548 ,
3600 473 3799 554 φαύλην

429 563 537 628 Illa
559 577 755 630 autem
773 565 1000 646 stupuit
1023 566 1264 646 quidem
1289 567 1416 646 ipsa
1436 587 1840 650 quoque,cum
1861 572 2075 634 audiiso

2174 573 2321 628 ὦσαν
2393 570 2592 648 ῥοπὴν,
2664 570 2784 642 καί,
2857 571 2917 624 τὸ
2973 576 3066 624 τοῦ
3133 566 3316 643 λόγου,
3391 566 3607 632 συκίνην
3677 563 3799 619 ἑπι-

430 665 544 729 set,
581 667 640 718 et
688 657 763 717 tle
814 675 922 717 suo
973 664 1166 735 coepto
1221 656 1446 737 aliquid
1490 659 1721 720 remisit
1780 663 2072 740 protinus.

2174 662 2397 738 ιουρίαν,
2473 658 2658 715 οἴκαδε
2722 661 2941 733 πέμψας
3008 654 3133 733 παρ’
3209 657 3394 712 ἑαυτου
3459 656 3520 710 τὸ
3587 654 3801 733 χρυσίον

430 745 596 808 Solet
625 744 979 824 enirn,quod
1005 744 1222 806 mentis
1252 747 1492 809 levitate
1523 748 1801 812 celeriter
1819 751 2074 832 suscipi-

2174 757 2228 827 εῇ
2284 749 2496 826 γυναικῖ
2529 749 2888 818 κατατίθεται,
2924 748 3012 803 καὶ
3057 746 3194 804 οὕτω
3243 750 3338 811 τῆς
3373 745 3571 822 ἐνοχῆς
3631 741 3802 798 ἀπαλο

431 834 858 904 tur,celeritate
881 853 1122 916 quoque
1144 835 1328 896 simili
1349 836 1881 902 excidereDeinde
1904 842 2076 922 paulo
2161 842 2429 901 λάττεται.

431 937 565 1010 post
595 928 669 991 ad
699 947 948 1006 scopum
980 928 1242 1008 priorem
1275 931 1619 1006 revertitur,
1654 941 1713 996 et
1741 933 2093 998 Frumentio
2124 935 2379 1016 quodam
2413 932 2485 994 ad
2518 951 2652 994 eum
2689 931 2895 1004 misso,
2923 933 3148 1010 (neque
3179 929 3341 991 enim
3370 937 3486 991 tam
3521 943 3658 989 esse
3689 941 3800 1016 Ie-

430 1019 750 1098 gligentem
785 1016 1020 1080 sinebat
1049 1037 1219 1082 amor
1248 1019 1539 1101 pecuniae)
1566 1022 1744 1101 jussit
1796 1015 2186 1106 persuasione
2219 1024 2411 1104 potius
2443 1021 2685 1101 aggredi
2741 1019 3134 1101 propositum.
3169 1021 3410 1096 Magnus
3443 1025 3640 1106 autem
3691 1015 3804 1076 mi-

432 1109 596 1170 nime
657 1125 871 1187 parens
902 1107 1034 1186 ejus
1090 1107 1416 1182 blanditiis,
1452 1110 1648 1174 dint:
1709 1104 1839 1174 Non
1872 1114 2028 1194 quod
2086 1112 2358 1176 delecter
2404 1109 2636 1184 litibus,
2675 1127 2866 1191 neque
2917 1108 3072 1188 quod
3106 1105 3477 1188 imperatrici
3521 1104 3807 1167 resistere

431 1198 763 1270 statuerim,
801 1195 972 1258 vobis
1007 1196 1210 1258 videar
1244 1215 1378 1260 esse
1406 1216 1586 1280 supra
1645 1202 1884 1264 modum
1917 1203 2348 1276 contentiosus,
2385 1219 2503 1262 non
2539 1218 2644 1275 per
2673 1217 2874 1261 sacras
2903 1198 3068 1277 leges
3099 1205 3158 1259 et
3187 1196 3389 1258 divina
3438 1213 3672 1269 eorum,
3708 1195 3807 1273 qui

433 1297 894 1367 praecesserunt,
929 1287 1204 1365 dogmata
1231 1296 1288 1348 et
1318 1287 1669 1369 disciplinas
1705 1313 1718 1355 :
1753 1293 1858 1354 sed
1892 1292 2070 1354 simul
2103 1291 2347 1372 quidem
2380 1290 2602 1370 injuria
2626 1289 2898 1351 aﬁ‘ectam
2932 1285 3264 1348 defendens
3291 1285 3548 1356 viduam,
3584 1292 3646 1346 et
3675 1300 3807 1363 quae

434 1377 596 1439 omni
624 1376 834 1455 egebat
863 1377 1109 1451 auxilio,
1140 1384 1198 1436 et
1225 1376 1624 1456 imperatricis
1653 1387 1870 1442 animae
1899 1381 2150 1443 salutem
2188 1397 2534 1460 procurans,
2569 1377 2656 1440 sic
2686 1377 2891 1439 videar
2920 1377 3356 1439 contradicere.
3389 1373 3534 1438 Cum
3567 1381 3806 1436 sanctus

435 1467 612 1528 talem
666 1466 933 1527 dedisset
961 1465 1448 1546 responsionem,
1484 1479 1541 1530 et
1598 1470 1962 1534 ostendisset
1991 1489 2056 1531 se
2108 1470 2254 1532 nihil
2290 1487 2426 1531 esse
2473 1487 2810 1541 cessurum,
2842 1468 2942 1547 qui
2990 1478 3185 1528 autem
3222 1465 3448 1526 fecerat
3495 1462 3803 1542 injuriam,

436 1556 680 1618 vidisset
733 1573 972 1617 omnem
1008 1574 1175 1635 spem
1229 1575 1363 1619 esse
1394 1556 1510 1620 sibi
1540 1560 1793 1636 irritam,
1824 1569 1884 1623 et
1939 1559 2368 1641 imperatricis,
2403 1577 2578 1639 quam
2632 1555 2967 1618 somniabat
2999 1573 3171 1635 opem
3217 1553 3366 1615 nihil
3395 1552 3620 1615 habere
3673 1571 3804 1614 mo-

438 1647 647 1720 menti,
685 1655 745 1709 et
803 1663 934 1707 esse
968 1645 1144 1726 plane
1177 1647 1522 1724 ticulneum,
1558 1660 1620 1711 ut
1673 1649 1911 1727 dicitur,
1948 1649 2258 1725 auxilium,
2295 1649 2538 1710 domum
2581 1647 2846 1724 mittens,
2881 1663 3090 1708 aurum
3138 1643 3388 1706 exsolvit
3419 1641 3696 1704 mulieri:
3749 1650 3806 1702 et

437 1738 522 1798 sic
554 1735 841 1798 liberatur
869 1735 941 1796 ab
975 1734 1367 1814 obligatione.

495 1827 952 1893 XXXIll.Paulo
979 1835 1112 1908 post
1143 1838 1340 1891 autem
1366 1831 1630 1893 Eudoxia
1666 1832 1995 1914 (quaerebat
2017 1851 2085 1894 ea

2252 1825 2380 1898 AI".
2436 1834 2632 1912 Ὀλίγῳ
2662 1833 2718 1888 δὲ
2770 1831 2986 1903 ὕστερον
3029 1832 3062 1899 ἡ
3111 1827 3322 1894 Εῦδοξία
3377 1829 3625 1884 στείλασα
3679 1827 3808 1904 πρὸς

441 1920 564 1980 nim
595 1917 1016 1998 faciendi,qua3
1036 1917 1234 1993 vellet,
1271 1919 1631 1996 libertatem,
1668 1941 1774 1984 seu
1805 1921 1959 1984 bene
1980 1941 2085 1984 seu

2174 1928 2257 1982 τὸν
2320 1927 2510 2003 μέγαν,
2543 1922 2638 1980 καί
2689 1929 2842 1978 τοῦτο
2875 1921 2972 1996 μὲν
3015 1917 3268 1980 ἀπειλαῖς
3309 1919 3388 1991 τῷ
3440 1915 3620 1972 δοκεῖν
3649 1915 3809 1995 ἐκφο-

440 2026 617 2070 secus
634 2025 699 2069 se
717 2006 1032 2083 haberent,
1060 2017 1118 2069 et
1148 2008 1452 2070 neminem
1481 2011 1747 2091 esse,qui
1778 2013 2086 2074 contradi-

2174 2013 2358 2084 ϐοῦσα,
2415 2023 2571 2073 τοῦτο
2642 2010 2697 2068 δὲ
2753 2013 2842 2066 καὶ
2897 2007 3202 2072 κολακείαις
3259 2005 3606 2085 ὑπερχομένη
3667 2004 3807 2061 ἀπο-

438 2095 880 2176 ceret)mittens
897 2096 972 2158 ad
997 2107 1363 2170 sanctum,et
1380 2100 1590 2178 partim
1613 2100 1854 2180 quidem
1885 2101 2085 2178 minis,

441 2187 655 2266 partim
683 2195 879 2248 autem
907 2185 1220 2248 blanditiis
1240 2206 1378 2249 eum
1401 2189 1997 2267 aggrediens,suadet
2021 2198 2089 2252 ut

440 2277 677 2338 desinat
706 2275 859 2337 velle
890 2276 944 2336 ei
971 2275 1523 2349 resistere,dicens:
1555 2279 1674 2340 Sed
1706 2288 2009 2358 oporteret
2031 2288 2087 2340 te

441 2384 574 2427 esse
605 2373 948 2426 contentum
985 2365 1436 2438 ecclesiasticis,
1458 2367 1650 2430 civilia
1681 2386 1823 2430 vero
1845 2368 2088 2430 omnino

440 2475 560 2516 nou
614 2455 843 2528 subire,
879 2453 987 2515 sed
1018 2454 1106 2516 eis
1137 2455 1358 2516 cedere
1405 2457 1897 2537 imperatoribus,
1932 2477 2087 2538 quo~

444 2543 621 2605 modo
644 2543 760 2623 ipsi
785 2541 888 2604 tibi
917 2561 1130 2604 rursus
1158 2543 1606 2608 ecclesiasticis:
1627 2564 1862 2608 cessare
1889 2555 2084 2608 autem

441 2641 648 2696 contra
672 2651 768 2694 me
793 2632 1120 2696 conciones
1146 2632 1369 2695 habere
1397 2636 1454 2696 in
1489 2635 1782 2698 ecclesiis.
1811 2635 1950 2699 Nam
1979 2655 2086 2715 ego

441 2723 682 2804 quidem
713 2721 1026 2803 hucusque
1060 2733 1118 2784 te
1150 2721 1460 2784 observavi
1493 2735 1555 2785 ut
1587 2735 1836 2806 patrem,
1870 2735 1929 2787 et
1981 2744 2087 2806 pa-

442 2822 704 2887 ternum,
736 2821 798 2873 ut
830 2812 1027 2874 sciunt
1058 2830 1292 2891 omnes,
1328 2814 1618 2876 honorem
1650 2815 1758 2876 tibi
1789 2814 2088 2877 tribui.Tu

443 2913 639 2966 autem
675 2907 789 2964 nisi
841 2902 916 2962 de
949 2910 1165 2963 caetero
1219 2903 1278 2963 in
1311 2921 1421 2964 nos
1454 2903 1639 2965 fueris
1674 2904 1907 2980 melior,
1937 2905 2090 2965 scias

443 3011 539 3054 me
592 3011 710 3053 non
744 3009 877 3053 esse
928 2991 1336 3052 toleraturam.
1393 2993 1499 3054 His
1533 3011 1782 3069 magnus
1828 2993 2089 3056 Joannes

446 3099 655 3159 magna
677 3081 930 3141 allectus
957 3081 1188 3141 tristitia
1210 3080 1468 3160 (videbat
1489 3081 1649 3142 enim
1675 3100 1780 3143 cor
1800 3083 1928 3161 ejus
1950 3101 2092 3163 par-

2172 2110 2360 2173 στῇναι
2435 2103 2662 2179 παρῄνει
2724 2105 2823 2169 τῆς
2891 2100 3023 2176 πρὸς
3080 2097 3243 2164 αῦτὴν
3317 2095 3639 2167 ἀντίτυπίας,
3698 2095 3808 2172 καὶ,

2178 2202 2399 2268 Παῦσαι,
2477 2192 2652 2272 ἓλεγε,
2726 2203 2846 2254 τοῖς
2909 2187 3384 2254 ἒκκὶησιαστικοϊς
3458 2185 3806 2261 ἀρκούμενος,

2171 2287 2256 2340 καὶ
2309 2285 2386 2359 μὴ
2417 2284 2504 2338 καὶ
2535 2281 2656 2342 τοῖς
2701 2279 3007 2341 πολιτικοῖς
3055 2273 3446 2355 παραδυόμενος
3477 2275 3806 2352 πράγμασιν,

2172 2374 2308 2430 ἀλλά
2335 2374 2538 2430 τούτων
2591 2385 2708 2433 τοῖς
2761 2367 3034 2445 βασιλεῦσι
3093 2371 3458 2445 παραχωρῶν,
3489 2363 3669 2440 ὥσπερ
3723 2363 3808 2417 καὶ

2172 2463 2318 2519 αῦτοί
2391 2484 2471 2518 σοι
2537 2460 2696 2517 πάλιν
2767 2465 2873 2515 τῶν
2946 2455 3404 2522 ἑκκλησιαστικῶν
3472 2453 3802 2532 ἀφίστανταιο

2170 2559 2378 2609 Παῦσαι
2439 2549 2492 2606 δέ
2523 2572 2624 2624 μου
2682 2547 2777 2604 καῖ
2821 2547 2916 2601 τόῦ
2971 2545 3023 2600 ἑν
3069 2543 3380 2610 ἐκκλησίαις
3423 2540 3805 2619 καταδημηγο-

2171 2655 2310 2720 perv.
2343 2639 2490 2716 Ἐγὼ
2533 2639 2632 2714 μὲν
2687 2639 2786 2715 γὰρ
2843 2635 3006 2714 μέχρι
3056 2639 3153 2700 τῆς
3211 2632 3327 2710 ἔρτι
3383 2634 3471 2689 καὶ
3527 2635 3600 2694 ὡς
3655 2633 3809 2708 πατρὶ

2172 2740 2498 2808 προσεῖχον,
2529 2727 2615 2783 καὶ
2646 2726 2909 2803 πατρικήν
2969 2745 3052 2780 σοι
3102 2721 3290 2794 ὶνεμον
3339 2721 3434 2788 τὴν
3483 2722 3669 2797 τιμήν
3730 2722 3809 2776 σοὶ

2171 2817 2227 2875 δὲ
2283 2819 2326 2874 εἰ
2381 2818 2459 2892 μὴ
2511 2815 2706 2892 βελτίω
2761 2815 2822 2869 τὸ
2853 2811 3042 2868 λοιπὸν
3086 2811 3150 2869 τά
3208 2812 3337 2889 πρὸς
3371 2813 3516 2884 ἡμᾶς
3562 2811 3806 2889 γένηται,

2170 2907 2281 2963 ’ίσθι
2339 2927 2406 2981 με
2464 2905 2535 2972 κὴ
2594 2901 2940 2979 ἀνεξομὲνην.
3018 2902 3152 2979 Πρὸς
3210 2907 3375 2957 ταῦτα
3430 2899 3547 2955 λίαν
3605 2899 3808 2962 ἐκεῖνος

2172 2995 2474 3074 περιαλγὴς
2525 2994 2808 3072 γενόμενος
2857 2991 3027 3069 (ἑώρα
3083 2993 3184 3068 γὰρ
3231 2994 3394 3056 αὐτῆς
3453 2989 3552 3056 τὴν
3596 2986 3808 3062 καρδίαν

2173 3083 2458 3143 ὠδίνουσαν
2521 3081 2773 3156 ἀδικίαν),
2814 3078 2966 3155 Ἐμὲ,
3004 3079 3104 3160 ἔφη
3134 3079 3266 3152 πρὸς
3295 3079 3418 3142 τοὺς
3455 3078 3811 3158 πεμφθέντας,

445 3169 631 3231 turire
660 3169 1040 3249 injustitiam,
1063 3179 1120 3229 ct
1151 3169 1417 3231 laborem
1441 3169 1714 3250 improbe
1744 3172 2088 3251 concipere,

2175 3173 2464 3232 πολιτικῶν
2507 3173 2805 3240 ἀποστῆναι
2864 3168 3066 3226 κελεύει
3123 3168 3474 3248 πραγμάτων
3522 3169 3634 3246 εγὼ
3688 3188 3814 3223 τοσ-

446 3269 509 3321 et
540 3259 944 3339 iniquitatem,
985 3269 1046 3318 ut
1071 3258 1216 3318 dicit
1243 3257 1482 3320 divinus
1510 3258 1693 3320 David
1717 3258 1795 3333 99,
1829 3261 2091 3340 parere),

2178 3271 2333 3321 οῦτον
2391 3260 2494 3318 δέω
2523 3261 2798 3336 κοσμικῶν
2840 3258 2875 3326 ἢ
2920 3257 3214 3315 πολιτικῶν
3260 3257 3572 3338 φροντίζειν,
3603 3255 3729 3313 ὅσον
3760 3277 3816 3332 γε

447 3349 594 3410 dixit
625 3350 717 3423 iis,
747 3350 847 3428 qui
875 3347 1039 3408 missi
1072 3348 1344 3408 fuerant:
1375 3346 1553 3409 Jubet
1585 3367 1679 3409 me
1709 3348 2036 3411 abscedere
2061 3367 2096 3411 a

2176 3355 2266 3411 καὶ
2302 3353 2352 3408 οἱ
2381 3350 2548 3408 πάλαι
2606 3349 2852 3412 θανόντες
2913 3348 3182 3424 βιωτικῶν
3235 3347 3621 3426 ἀφεστήκασιν.
3668 3345 3818 3403 Ἐπί-

443 3438 626 3500 rebus
657 3436 954 3499 civilibus.
985 3436 1239 3498 Tantum
1272 3447 1466 3499 autem
1503 3437 1766 3514 abest,ut
1794 3457 1892 3501 res
1909 3439 2093 3502 attin-

2177 3463 2377 3504 σκοπος
2433 3437 2488 3495 δὲ
2544 3437 2618 3495 ὢν
2661 3439 2750 3494 καὶ
2820 3442 3014 3517 ψυχῶν
3055 3436 3405 3516 ἓγχειρισθεῖς
3471 3436 3817 3514 προστασίαν,

445 3547 576 3605 gam
606 3527 937 3589 mundanas
962 3536 1018 3587 et
1039 3526 1338 3597 civiles,ut
1358 3528 1468 3588 sim
1493 3526 1567 3588 ab
1589 3528 1676 3589 eis
1700 3536 1816 3589 tam
1837 3529 2089 3606 alienus,

2178 3533 2238 3590 οὒ
2295 3530 2520 3606 δύναμαι
2549 3534 2990 3606 παρανομοῦντας
3023 3526 3101 3601 μὴ
3133 3524 3402 3603 ἐλέγχειν.
3454 3525 3514 3581 Τί
3543 3524 3644 3602 γὰρ
3689 3523 3820 3580 ἄλλο

447 3636 624 3696 quam
658 3617 720 3691 ii,
751 3617 853 3697 qui
885 3615 991 3676 diu
1032 3625 1168 3677 ante
1199 3625 1337 3677 sunt
1369 3617 1609 3691 mortui,
1643 3618 1861 3679 remoti
1891 3628 2030 3680 sunt
2058 3637 2093 3680 a

2181 3623 2210 3690 ἦ
2267 3619 2518 3695 ἐντολώ;
2599 3615 2880 3696 νΕλεγξον,
2923 3618 3104 3695 φησὶν,
3159 3615 3503 3689 ἓπιτίμησον,
3568 3614 3819 3693 παρακά-

445 3706 626 3768 rebus
650 3725 782 3787 quae
811 3705 884 3767 ad
907 3706 1127 3768 victum
1162 3707 1489 3787 pertinent:
1522 3707 1627 3768 sed
1659 3727 1794 3770 cum
1829 3708 1944 3770 sim
1969 3709 2094 3790 epi-

2174 3713 2352 3769 λεσον.
2411 3711 2507 3767 Καὶ
2556 3709 2646 3764 τὸν
2703 3705 3074 3785 ἁμαρτάνοντα
3130 3702 3292 3760 πάλιν
3349 3701 3550 3759 κελεύει
3594 3705 3624 3759 ὁ
3672 3706 3817 3766 θεῖος

444 3814 682 3876 scopus,
717 3805 774 3857 et
822 3796 967 3858 mihi
1021 3797 1343 3857 commissa
1401 3796 1478 3857 sit
1530 3815 1671 3858 cura
1729 3797 2091 3874 animarum,

442 3895 708 3966 apertum
739 3886 864 3946 scio
887 3903 1020 3948 esse
1053 3885 1412 3965 periculum,
1443 3903 1559 3945 non
1587 3904 1838 3965 arguere
1866 3886 2092 3970 iniqui-

442 3985 648 4038 tatem.
687 3976 914 4036 Vereor
945 3975 1130 4047 enim,
1170 3992 1246 4034 ue
1277 3975 1352 4034 de
1385 3974 1555 4035 nobis
1599 3994 1836 4057 quoque
1865 3977 2097 4039 dicatur

439 4064 591 4126 illud
624 4067 821 4126 Osee:
886 4087 911 4118 α
940 4063 1300 4124 Celaverunt
1329 4064 1671 4127 sacerdotes
1701 4067 1851 4127 viam
1894 4065 2097 4128 Domi-

443 4159 505 4213 ni
529 4153 613 4213 50:
661 4177 688 4207 ι
725 4152 933 4224 sinos,
970 4171 1103 4213 cum
1137 4153 1355 4231 injuste
1379 4152 1605 4232 aliquid
1637 4153 2001 4229 admittatur,
2036 4153 2096 4216 id

444 4241 710 4300 feramus
741 4239 1004 4303 silentio.
1033 4239 1149 4302 Sed
1179 4260 1315 4302 eum
1343 4243 1713 4324 quoque,qui
1743 4251 1972 4322 peccat,
1990 4244 2095 4322 ju-

444 4329 548 4392 bet
588 4347 802 4392 rursus
833 4330 1073 4392 divinus
1103 4331 1318 4392 Paulus
1345 4333 1400 4383 5|
1452 4351 1650 4393 coram
1686 4333 1966 4394 omnibus
1995 4350 2098 4393 ar-

445 4437 656 4498 guere,
691 4429 755 4481 ut
797 4420 1039 4502 reliqui,
1075 4421 1287 4500 inquit,
1325 4422 1605 4484 timorem
1640 4421 1917 4485 habeant.
1964 4420 2096 4484 Non

2175 3800 2382 3865 Παῦλος
2413 3801 2643 3855 ὶνώπιον
2674 3797 2885 3855 πάντων
2927 3793 3204 3874 ἒλὲγχειν,
3237 3791 3328 3850 ἵνα
3372 3793 3460 3848 καὶ
3509 3795 3558 3850 οἱ
3599 3791 3817 3868 λοιποὶ,

2177 3892 2330 3972 φησὶ,
2381 3885 2544 3969 φόϐον
2598 3885 2825 3966 ἔχωσιν,
2888 3875 3082 3960 Ἡμεῖς
3140 3880 3195 3939 δὲ
3264 3881 3410 3972 οῦδὲν
3469 3881 3677 3972 ἐκείνην
3733 3881 3819 3938 ἐπ’

2175 3970 2466 4047 ἲκκλησίας
2540 3977 2669 4054 πρὸς
2741 3974 2910 4050 ὄνομα
2981 3971 3097 4030 οῦδὲ
3173 3971 3410 4052 φανερῶς
3495 3970 3818 4051 ἦλέγξαμεν,

2178 4071 2314 4127 ὥστε
2359 4074 2427 4145 τῇ
2471 4063 2690 4124 έασιλίδι
2746 4060 2866 4120 καθ’
2907 4062 3064 4136 ἡμῶν
3124 4061 3302 4135 μάτην
3345 4062 3379 4128 ἡ
3425 4060 3815 4136 ἀγανάκτησις.

2181 4161 2239 4218 Εἰ
2303 4157 2357 4214 δὲ
2423 4159 2451 4213 ὁ
2520 4155 2682 4232 λόγος
2754 4159 2909 4230 κοινῇ
2976 4151 3110 4208 κατὰ
3179 4157 3285 4208 τῶν
3353 4148 3668 4230 φιλαργυρίᾳ
3735 4149 3826 4206 καὶ

2179 4247 2362 4309 ἄλλοις
2433 4245 2652 4302 πάθεσιν
2723 4242 3021 4299 ῦπευθύνωυ
3079 4240 3366 4318 φερόμενος
3437 4238 3598 4296 ἐνίων
3649 4237 3825 4294 δάκνει

2176 4339 2238 4394 τὸ
2320 4332 2578 4413 συνειδὸς,
2647 4331 2816 4410 μηδὲν
2896 4333 3032 4406 ἡμῖν
3103 4329 3304 4387 ἐκεῖνοι
3329 4375 3347 4400 ,
3414 4327 3538 4386 ἀλλ’
3610 4329 3825 4392 ἑαυτοῖς

2178 4424 2595 4506 ἰγκαλείτωσαν.
2647 4432 2822 4482 Ταῦτα
2879 4422 2967 4477 καὶ
3017 4417 3156 4476 ἄλλα
3213 4420 3424 4484 τούταις
3473 4416 3824 4496 παραπλήσια

445 4519 648 4570 autem
680 4509 831 4571 nihil
853 4509 1028 4572 aliam
1061 4509 1120 4571 in
1153 4511 1450 4591 ecclesris,
1486 4529 1684 4592 neque
1713 4510 2091 4587 nominatim,

2178 4520 2230 4574 αἱ
2299 4513 2625 4594 πεμφθέντες
2669 4516 2777 4601 τῆς
2834 4511 3007 4601 ἁγίας
3053 4507 3366 4601 ἀκηκοότες
3421 4506 3690 4601 γλώττης,
3736 4509 3826 4601 καὶ

446 4617 642 4678 neque
702 4606 912 4678 aperte
941 4599 1270 4680 arguimus.
1296 4599 1588 4672 Quocirca
1636 4599 1813 4662 nobis
1861 4608 2092 4663 temere

2175 4611 2354 4684 γραιρῇ
2397 4605 2464 4660 τὰ
2491 4600 2747 4680 εἰρημένα
2805 4597 3155 4679 παραδόντες,
3188 4597 3588 4672 ἐπανελθόντες,
3645 4597 3826 4676 sua,»

445 4697 760 4750 succenset
791 4692 1161 4770 imperatrix.
1218 4689 1324 4752 Sin
1353 4698 1554 4751 autem
1589 4688 1800 4766 oratio,
1834 4689 2088 4767 quain-

2174 4694 2385 4775 γειλαν,
2447 4692 2596 4748 οῦδὲν
2653 4691 2826 4748 ἀνύειν
2899 4691 3136 4752 εἰπόντες
3195 4688 3425 4754 τοξεύειν
3471 4688 3546 4750 είς
3603 4688 3824 4766 ορῖιρανδν

444 4777 682 4840 vehitur
708 4777 770 4838 in
821 4797 949 4854 eos,
978 4779 1081 4859 qui
1121 4788 1262 4842 sunt
1289 4777 1534 4840 obnoxii
1568 4778 1828 4841 avaritia
1871 4789 1929 4842 et
1956 4779 2090 4844 aliis

2174 4784 2521 4863 πειρώμενοι,
2589 4780 2904 4852 ’Ἄνθρωπον
2945 4781 3046 4857 γὰρ
3099 4775 3234 4834 ὶδεῐν
3291 4777 3514 4854 κρείττω
3556 4781 3656 4852 μὲν
3715 4778 3825 4856 φό-

443 4867 623 4943 vitiis,
661 4867 1091 4931 nonnullorum
1126 4867 1360 4930 mordet
1379 4867 1827 4946 conscientiam,
1852 4887 1973 4931 non
2002 4870 2085 4932 illi

2174 4871 2284 4950 ὅου,
2355 4871 2577 4947 κρείττω
2631 4866 2686 4925 δὲ
2735 4865 3043 4942 κολακείας,
3103 4865 3264 4925 σιὸτοῦ
3327 4865 3556 4924 θανάτου
3633 4887 3822 4922 κατα-

447 4975 580 5030 nos,
606 4956 712 5020 sed
732 4957 962 5039 seipsos
988 4956 1188 5038 potius
1214 4957 1422 5019 merito
1453 4957 1918 5039 reprehendant.
1950 4959 2091 5022 Haec

2174 4949 2490 5042 φρονοῦντα,
2550 4957 2606 5015 εν
2677 4954 2953 5014 δεδοικότα
3011 4955 3200 5032 μόνον,
3243 4956 3344 5023 τὴν
3414 4955 3676 5042 ἁμαρτίαν
3735 4949 3826 5012 καὶ

448 5056 507 5110 et
537 5045 654 5108 alia
706 5046 798 5108 bis
847 5046 1070 5109 similia
1120 5065 1254 5108 cum
1309 5045 1615 5110 audissent
1670 5048 1735 5123 li,
1768 5053 1870 5128 qui
1925 5048 2093 5111 missi

2174 5041 2236 5109 τὸ
2267 5050 2506 5118 λυπῆσαι
2550 5047 2636 5106 διὰ
2662 5049 2863 5114 ταύτης
2908 5045 3065 5107 Θεόν.
3130 5045 3338 5104 Τούτων
3368 5046 3403 5114 η
3463 5041 3677 5110 Εὖδοξία
3717 5050 3830 5101 τῶν

446 5137 702 5211 fuerant,
735 5135 980 5217 scriptis
1001 5135 1359 5198 mandarunt
1382 5155 1513 5216 quae
1527 5137 1685 5199 dicta
1702 5147 1842 5200 sunt
1865 5156 1878 5201 :
1907 5147 1968 5200 et
1988 5156 2092 5200 ro-

2175 5140 2354 5220 λόγων
2413 5138 2682 5196 ἀκούσασα
2727 5133 2875 5196 οὐδὲν
2916 5138 3102 5216 ἧττον,
3133 5134 3171 5203 ἢ
3228 5133 3508 5213 πρότερον,
3539 5134 3662 5198 τοὺς
3703 5133 3830 5192 κατ’

447 5225 629 5302 versi,
657 5225 941 5288 dixerunt
964 5244 1029 5286 se
1061 5225 1210 5288 nihil
1243 5225 1508 5303 efficere,
1544 5239 1835 5289 conantes
1863 5227 1926 5290 in
1967 5246 2093 5292 caa-

2181 5232 2339 5290 αύτοῦ
2398 5228 2592 5304 θυμοὺς
2644 5232 2774 5306 σιγῆ
2831 5226 2919 5282 καί
2967 5225 3081 5280 καθ’
3132 5226 3326 5292 ἑαυτὴν
3369 5223 3640 5304 ἔστρεφεν.
3687 5225 3834 5281 Εἶτα

448 5317 568 5378 lum
593 5315 934 5395 jaculari,et
955 5314 1168 5378 radere
1196 5315 1530 5392 leonem,et
1558 5317 1845 5378 adversus
1875 5319 2092 5380 stimu~

2176 5325 2278 5388 τῆς
2337 5316 2663 5384 Ἐκκλησίας
2696 5314 2876 5378 καλῶς
2927 5313 3163 5394 ἰχούσης
3210 5315 3300 5371 κᾶὶ
3353 5313 3476 5371 ὅσαι
3507 5315 3639 5393 ὧραι
3695 5315 3835 5393 πρὸς

448 5404 538 5466 los
567 5403 906 5480 calcitrare,
938 5405 1312 5486 nebulasque
1343 5405 1666 5480 cmdere,et
1695 5407 1921 5470 tumulo
1953 5427 2096 5490 pra.

2180 5407 2449 5469 εὐσέϐειαν
2508 5402 2963 5482 οικοδομονμένης
2989 5451 3005 5477 ,
3080 5409 3180 5472 τῆς
3250 5401 3524 5465 πολιτείας
3588 5422 3648 5458 τε
3709 5400 3836 5460 καθ’

449 5492 676 5569 dicare,
713 5501 774 5556 et
825 5492 960 5570 alia,
995 5513 1130 5576 quae
1187 5495 1469 5557 dicuntur
1524 5493 1602 5558 de
1645 5494 1744 5571 iis,
1785 5515 1919 5578 quin
1977 5518 2096 5564 non

2180 5500 2413 5567 ἑκάστην
2466 5497 2568 5555 ὑπὸ
2623 5500 2726 5563 τῆς
2797 5491 2956 5552 αὐτοῦ
2997 5491 3246 5572 γλώττης
3309 5491 3672 5573 ἀρδευομένης
3747 5495 3838 5551 καὶ

527 5653 591 5705 99
617 5653 774 5718 Psal.
816 5670 921 5728 vu,
954 5655 1050 5718 15.
1139 5656 1204 5706 30
1238 5652 1392 5720 Osee
1420 5672 1502 5734 vr,
1537 5659 1600 5721 7.
1679 5657 1736 5708 δι
1773 5656 1984 5724 ITim.
2020 5682 2074 5741 v,
2109 5663 2210 5728 28.
