4060 6200
276 341 425 408 1137
1312 338 1499 402 VlTA
1544 340 1602 401 S.
1650 334 1918 401 JOANN]

2025 333 2582 399 CHRYSOSTOMI.
3487 339 3510 400 1
3528 338 3638 402 138

271 481 363 537 τὸν
413 479 550 535 κατὰ
600 479 731 534 Θεὸν
780 477 894 552 βίον
940 473 1404 554 καρποφορούσης,
1437 474 1574 531 ὥστε
1618 474 1755 549 μετᾶ
1799 475 1905 531 τῶν

2003 478 2240 549 possunt
2262 470 2418 534 ﬁeri.
2450 469 2560 532 Ille
2591 471 2750 532 enim
2775 471 2955 532 homo
2979 481 3067 532 est
3095 480 3253 534 metu
3275 472 3552 553 superior
3581 482 3641 537 et

271 568 451 625 ἄλλων
509 571 686 624 κακῶν
718 566 812 624 καὶ
869 570 975 622 τῶν
1004 565 1242 635 συνήθων
1298 563 1499 620 τοῦτων
1559 563 1677 619 κατ’
1737 562 1915 641 ὀλίγον

2003 562 2270 636 minis,et
2285 560 2572 622 adversus
2589 561 2777 640 ipsam
2811 578 3053 640 quoque
3076 573 3329 624 mortem
3357 563 3632 641 erigitur.

272 658 612 738 ἂφίστασθαι,
674 655 1025 727 ἱππομανίας,
1088 655 1251 732 φημὶ,
1323 654 1410 709 καὶ
1477 653 1735 731 θεάτρων,
1815 652 1916 719 τὴν

2003 650 2192 714 Unum
2217 651 2408 712 solum
2435 649 2622 738 timet,
2658 667 2874 730 nempe
2896 660 3226 729 peccatum,
3262 660 3319 712 et
3350 671 3424 713 ne
3450 653 3637 714 Deum

271 737 504 816 σπουδήν
563 769 618 802 τε
680 746 883 812 ταύτην
945 745 1080 822 πρὸς
1132 744 1192 799 τὸ
1262 742 1398 800 θέειν
1459 743 1532 806 εἰς
1606 742 1913 822 προσευχῆς

2003 758 2107 821 per
2135 739 2330 817 ipsum
2361 739 2454 801 vel
2488 737 2784 799 modicum
2817 738 3096 800 offendat.
3134 739 3322 801 Parva
3356 741 3476 802 visa
3505 751 3644 803 sunt

270 837 452 901 οἴκους
508 837 594 892 καὶ
660 835 816 899 ναοὺς
890 835 1076 911 Κυρίου
1127 831 1486 911 μετατιθέναι,
1546 833 1634 888 καὶ
1705 835 1914 889 κεῖσθαι

270 927 524 992 τοιαύτην
590 926 719 1002 πρὸς
787 921 1057 993 ἀλλήλους
1105 922 1205 988 τὴν
1261 920 1517 996 ἅμιλλαν,
1569 922 1647 984 τίς
1705 927 1912 994 πρῶτος

272 1017 432 1074 οἶκον
485 1022 615 1073 Θεοῦ
673 1014 901 1092 φθάσας,
946 1013 1036 1068 καὶ
1093 1010 1265 1083 τούτῳ
1321 1009 1523 1086 μᾶλλον
1578 1009 1910 1088 ἐνδιατρίψειε

271 1104 515 1165 πλείονος
546 1104 726 1159 ὄναιτο
757 1104 844 1158 καὶ
871 1101 966 1168 τῆς
997 1099 1259 1179 ὠαελείας
1296 1119 1311 1174 ;
1344 1107 1517 1157 Ταῦτα
1561 1099 1699 1156 οὕτω
1730 1101 1905 1163 καλῶς

281 1216 337 1250 τε
382 1194 469 1249 καὶ
517 1191 774 1271 θεοφιλῶς
829 1191 1052 1270 ἔχοντα,
1083 1188 1274 1267 σρόδρα
1318 1190 1406 1245 τὸν
1460 1189 1646 1269 φθόνον
1705 1187 1914 1269 ἐλύπει,

279 1285 376 1340 Καὶ
427 1279 511 1337 διὰ
557 1288 709 1338 τοότο
739 1279 936 1338 πολὺυν
995 1280 1092 1351 μὲν
1152 1279 1238 1334 καὶ
1297 1277 1588 1346 κινδυνώδῆ
1631 1279 1724 1334 τὸν
1782 1281 1915 1335 κατὰ

275 1377 373 1438 τῆς
432 1369 756 1438 ⁹Ιλζκκλησίας
817 1369 1070 1448 ἀνεγείρει
1131 1367 1316 1441 σάλον,
1351 1366 1516 1424 δεινὺν
1565 1366 1619 1424 δὲ
1668 1369 1753 1425 καὶ
1809 1370 1914 1445 βσ-

274 1466 426 1518 θεῐαν
474 1465 640 1528 αὐτῆς
697 1459 958 1537 καταχέει
1011 1464 1110 1525 τὴν
1142 1457 1332 1531 νύκτα,
1388 1459 1474 1513 τὸν
1507 1458 1675 1536 μέγαν
1716 1457 1836 1537 (φεῦ
1871 1459 1912 1536 ι)

275 1551 554 1629 φωστῆρι,
616 1551 707 1606 τὸν
769 1551 876 1603 τῶν
950 1549 1143 1626 ψυχῶν
1215 1547 1390 1619 ἥλιον,
1451 1549 1650 1613 ταύτης
1711 1549 1918 1620 μακςὰν

278 1642 512 1710 ποιήσας
547 1639 643 1695 καὶ
677 1639 954 1714 ὑπερόριον
983 1637 1232 1710 θέμενος,
1270 1635 1437 1692 Ἀλλὰ
1463 1643 1676 1706 ζητεῖτε
1703 1640 1916 1714 μαθεῖν,

275 1729 421 1793 ὅπως
470 1727 580 1807 [ἴσ.
634 1727 879 1806 ὁποίους]
909 1727 996 1783 καὶ
1051 1727 1191 1789 τίνος
1237 1723 1366 1805 ἔσχε
1423 1727 1544 1789 τοὺς
1575 1727 1707 1803 πρὸς
1765 1733 1918 1782 τοῦτο

273 1819 838 1896 καθυπουργήσαντας.

276 1908 607 1980 ἐπισκόπων,
643 1911 803 1986 φημὶ,
839 1907 927 1961 καὶ
986 1905 1094 1961 τῶν
1123 1911 1216 1960 τοῦ
1285 1902 1512 1980 κλήρου,
1547 1905 1643 1969 τὴν
1692 1903 1916 1982 γνώμην

277 1995 604 2063 ἐπινηδείους
665 1999 796 2066 πρὸς
827 1997 888 2052 τὸ
946 1994 1166 2071 πομηρα
1210 1993 1491 2069 σπέρματα
1544 2000 1637 2050 τοῦ
1681 2002 1917 2070 πονηροῦ

275 2085 536 2156 δέξασθαι,
571 2086 682 2142 ἔστι
715 2084 760 2141 δ’
791 2088 877 2150 οὒς
908 2087 995 2141 καὶ
1027 2089 1133 2139 τῶν
1165 2087 1262 2150 τῆς
1295 2081 1578 2159 βασιλικῆς
1611 2081 1776 2149 αὒλῆις
1807 2085 1914 2140 ὺπ-

277 2176 579 2256 αρχόντων’
617 2175 734 2234 οὐδὲ
786 2187 1032 2252 γυναῖκες
1064 2175 1161 2239 τῆς
1206 2171 1407 2247 ἀνόμου
1440 2174 1633 2240 ταύτης
1692 2171 1913 2228 ἀπελεί-

275 2270 480 2342 φθησαν
530 2266 850 2344 συμμορίας,
882 2262 1021 2320 ἀλλὰ
1065 2262 1212 2340 μερὶς
1257 2261 1536 2318 κάντεῦθεν
1569 2269 1642 2336 τῷ
1693 2269 1916 2340 πονηρῷ

278 2355 501 2433 γίνεται,
564 2353 885 2434 φιλόκοσμοί
951 2373 1088 2414 τινες
1149 2351 1300 2408 οὖσαι
1347 2351 1432 2406 καὶ
1489 2350 1774 2424 ἐμπαθεῖς,
1830 2354 1918 2408 καὶ

279 2447 357 2514 τῷ
413 2442 724 2522 πεπλῇχθαι
755 2442 896 2519 παρᾶ
925 2443 1025 2506 τῆς
1071 2439 1270 2498 ἐκείνου
1313 2437 1559 2516 γλώττης
1590 2438 1710 2495 κατ’
1764 2439 1919 2496 αυτοῦ

277 2534 589 2594 πνεύσασαι.
637 2533 738 2596 Οὒς
770 2530 822 2586 δὲ
873 2528 1218 2607 θερμοτέρους
1264 2529 1392 2608 εἶχε
1425 2531 1529 2584 τῶν
1560 2526 1738 2584 ἄλλων
1767 2529 1918 2604 ἀγω-

273 2620 481 2694 νιστάς,
526 2623 615 2677 τὸν
671 2618 1065 2697 Ἀλεξανδρείας
1140 2617 1398 2695 Θεόφιλον
1441 2616 1589 2674 οἶδεν
1646 2620 1674 2673 ὁ
1731 2616 1913 2695 λόγος,

270 2711 356 2765 καὶ
415 2720 507 2765 τὸν
568 2708 807 2787 Βεῤῥοίας
855 2709 1136 2780 Ἀκάκιον,
1193 2707 1474 2786 Ἀντίοχόν
1529 2728 1584 2763 τε
1619 2708 1712 2764 τὸν
1769 2713 1913 2762 Πτο-

1997 829 2120 890 haec
2153 827 2459 902 Eudoxizn,
2483 827 2728 908 acrique
2761 835 2820 889 et
2848 829 3058 889 effreni
3089 829 3220 908 ejus
3254 829 3382 890 auri
3413 831 3643 910 cupidi-

1999 919 2125 981 tati.
2160 916 2558 990 Quamobrem
2592 917 2665 978 ab
2696 917 2785 978 ira
2817 924 2874 978 et
2902 917 3107 978 furore
3138 936 3259 979 non
3290 919 3640 994 desistebat,

1994 1007 2100 1070 sed
2134 1006 2287 1085 apud
2322 1024 2386 1067 se
2418 1006 2779 1067 habitantem
2814 1008 2998 1086 magis
3021 1008 3298 1069 versabat
3327 1009 3502 1081 iram,
3539 1029 3642 1070 ex-

1995 1104 2273 1176 apectans
2322 1103 2558 1173 tempus
2589 1103 2649 1156 et
2697 1095 3074 1157 occasionem
3107 1099 3259 1174 ejus,
3295 1097 3398 1177 qui
3452 1098 3639 1178 ipsam

2001 1183 2395 1265 despiciebat,
2431 1183 2762 1245 ulciscendi
2787 1203 2972 1265 usque
3003 1187 3073 1246 ad
3100 1187 3459 1248 satietatem.
3497 1189 3641 1250 Cum

2001 1292 2145 1354 ergo
2175 1283 2344 1336 recte
2372 1292 2437 1336 se
2470 1273 2718 1336 haberet
2746 1273 3036 1349 Ecclesia,
3061 1284 3117 1337 et
3147 1276 3551 1338 aedificaretur
3585 1280 3643 1339 in

1999 1364 2128 1425 dies
2154 1365 2225 1426 ad
2257 1363 2563 1445 pietatem:
2602 1374 2660 1425 et
2692 1364 3031 1444 respublica
3060 1365 3352 1443 rigaretur
3376 1367 3646 1446 quotidie

2000 1453 2074 1514 ab
2099 1455 2228 1534 ejus
2259 1453 2549 1532 lingua,et
2570 1453 2912 1534 vitam,qua9
2935 1463 3112 1516 estex
3147 1457 3644 1529 Dco,suavissime

2004 1543 2614 1623 produceretzetenim
2635 1562 2773 1604 cum
2799 1543 2932 1605 aliis
2954 1542 3283 1617 malis,he‘£c
3305 1545 3645 1627 etiamnum

2001 1642 2171 1694 erant
2222 1631 2434 1694 usitata
2465 1641 2523 1694 et
2570 1633 2903 1713 familiaria,
2937 1633 3162 1714 incepit
3205 1644 3590 1698 contemnere
3627 1656 3639 1698 :

2001 1739 2221 1800 nempe
2270 1739 2558 1802 equorum
2593 1741 2804 1783 cursus
2854 1733 2912 1784 et
2957 1724 3204 1801 theatra,
3246 1735 3556 1805 castusque
3588 1737 3647 1787 et

911 1817 1145 1884 Κινήσας
1219 1816 1316 1890 μὲν
1389 1816 1475 1871 καὶ
1545 1813 1761 1890 ἄλλους,
1811 1821 1918 1871 τῶν

2003 1810 2331 1885 orationes,
2366 1829 2497 1891 qum
2527 1811 2674 1872 nihil
2709 1811 3007 1874 habebant
3039 1814 3184 1874 utile
3214 1823 3313 1874 aut
3365 1833 3646 1876 necessa-

2001 1901 2182 1964 rium:
2212 1910 2269 1964 et
2299 1902 2456 1980 quod
2483 1903 2540 1962 in
2569 1921 2636 1964 ea
2674 1903 2936 1982 ponebat
2968 1906 3230 1978 studum,
3254 1907 3542 1966 convertit
3572 1907 3644 1966 ad

2004 1992 2371 2053 currendum
2400 1993 2469 2052 ad
2505 1992 2666 2053 aades
2694 1993 2976 2056 orationis
3010 2004 3069 2056 et.
3097 1996 3169 2056 ad
3196 1995 3412 2075 templa
3447 1994 3647 2056 Domi-

2002 2080 2245 2141 nizadeo
2269 2089 2331 2140 ut
2348 2081 2506 2142 inter
2522 2100 2586 2141 se
2603 2083 3208 2162 contenderent,quis
3234 2083 3460 2144 veniret
3485 2083 3648 2164 prior

1999 2170 2057 2229 in
2083 2170 2366 2248 templum
2393 2171 2649 2246 Domini,
2679 2179 2736 2232 et
2757 2171 2816 2231 in
2842 2191 2910 2232 eo
2949 2181 3288 2234 versaretur
3317 2173 3562 2243 diutius,
3591 2181 3649 2233 et

2003 2259 2288 2337 majorem
2323 2260 2660 2340 perciperet
2682 2260 2990 2322 utilitatem
3008 2260 3166 2322 .Haac
3190 2281 3323 2342 quae
3347 2261 3496 2322 adeo
3521 2261 3645 2340 pul-

2002 2349 2147 2409 chre
2171 2355 2229 2410 et
2250 2349 2345 2428 pie
2363 2367 2426 2409 se
2445 2347 3062 2423 habebant,invidiam
3086 2369 3296 2428 magna
3314 2349 3649 2411 adiciebant

2003 2437 2320 2498 molestia:
2359 2447 2416 2498 et
2446 2438 2582 2498 ideo
2633 2439 3053 2500 vehementem
3089 2439 3328 2519 quidem
3365 2455 3422 2500 et
3479 2437 3646 2517 peri-

2003 2526 2264 2587 culosam
2326 2528 2612 2588 adversus
2670 2525 2996 2590 licclesiam
3045 2529 3261 2589 excitat
3321 2535 3646 2606 tempesta-

2003 2627 2123 2677 tem
2165 2638 2178 2673 :
2241 2633 2474 2694 gravem
2535 2627 2729 2679 autem
2793 2625 2851 2678 et
2903 2617 3256 2698 profundam
3308 2618 3362 2680 ei
3393 2616 3649 2678 offundit

2003 2713 2267 2781 noctem,
2303 2723 2516 2785 magno
2570 2707 2693 2780 illo,
2725 2725 2829 2788 pro
2862 2706 3070 2768 dolor!
3126 2707 3405 2769 luminari
3439 2714 3496 2768 et
3523 2706 3650 2767 sole

271 2797 526 2872 λεμαίδος
583 2798 745 2877 φημὶ,
780 2798 866 2854 καὶ
925 2793 1246 2873 Σεϐηρίανὸν
1297 2797 1386 2850 τὸν
1447 2794 1728 2854 Γαϐἆλων.
1769 2797 1905 2870 Πρὸς

2003 2795 2367 2873 animarum,
2404 2797 2610 2874 procul
2665 2795 2738 2859 ab
2799 2815 2869 2858 ea
2900 2797 3213 2858 amandato
3259 2807 3316 2860 et
3348 2797 3528 2857 misso
3589 2797 3651 2855 in

265 2889 467 2950 τούτοις
527 2886 614 2944 δύο
645 2908 700 2943 τε
758 2895 862 2942 τών
896 2883 1258 2962 πρεσϐυτέρων
1315 2884 1475 2957 ἦσαν,
1511 2884 1606 2940 καὶ
1633 2890 1742 2940 τῶν
1785 2881 1906 2938 δια-

2003 2883 2301 2946 exsilium.
2339 2882 2452 2946 Sed
2487 2885 2702 2965 cupitis
2733 2885 3012 2964 scire,sat
3041 2887 3192 2963 scio,
3218 2904 3510 2966 quosnam
3545 2885 3654 2945 ha-

269 2976 442 3034 κόνων
516 2977 642 3033 πέτε
667 3023 682 3051 ,
759 2977 858 3041 τὴν
921 2976 1127 3053 φαύλην
1199 2973 1397 3039 ταύτην
1472 2971 1908 3049 συμπληροῦντες

2003 2970 2191 3034 buerit
2255 2974 2450 3051 gravis
2503 2974 2752 3056 invidia,
2789 2976 2886 3056 qui
2935 2976 3164 3038 celeres
3193 2979 3378 3056 pedes
3408 2975 3479 3034 ad
3538 2975 3652 3034 hoc

276 3068 632 3141 συνωμοσίαν,
667 3067 740 3123 Οὔ
771 3078 962 3144 χεῖρον
992 3062 1046 3119 δὲ
1090 3061 1327 3130 δηλῶσαι
1358 3063 1442 3118 καὶ
1476 3063 1568 3127 τὰς
1596 3062 1764 3125 αἰτίας
1795 3060 1909 3116 ὅθεν

2003 3057 2348 3123 intulerunt.
2386 3064 2570 3126 Movit
2601 3065 2845 3145 quidem
2899 3075 2956 3126 et
2985 3064 3133 3126 alios
3165 3085 3233 3127 ex
3271 3064 3572 3144 episcopis
3596 3071 3657 3124 et

282 3158 310 3212 ὁ
355 3155 588 3230 πόλεμος
632 3154 754 3232 ἦρξε
800 3157 867 3231 τῇ
896 3151 1212 3223 Ἐκκλησία,

2006 3148 2248 3211 clericis
2300 3169 2551 3232 quorum
2584 3155 2821 3215 animus
2881 3163 3007 3216 erat
3059 3163 3256 3233 aptus,
3294 3163 3356 3214 ut
3409 3152 3654 3231 maligni

283 3249 616 3330 susciperet
643 3247 912 3309 semina:
955 3267 980 3303 ι
1004 3243 1114 3318 Qui
1145 3246 1420 3307 fecerunt
1445 3242 1786 3318 consilium,
1823 3249 1884 3304 et
1915 3260 2036 3304 non
2072 3261 2180 3324 per
2212 3263 2308 3306 me
2339 3269 2361 3303 ε
2400 3245 2555 3324 (haec
2590 3247 2735 3308 dicit
2763 3247 2947 3309 Isaias
2976 3248 3052 3322 99,
3085 3248 3393 3310 disserens
3424 3247 3485 3308 in
3509 3264 3654 3327 per-

284 3357 426 3400 sona
457 3337 720 3416 Domini)
753 3359 778 3391 ι
816 3344 876 3397 et
898 3343 1067 3416 pacta
1091 3343 1410 3412 conventa,
1435 3344 1492 3396 et
1526 3352 1644 3395 non
1674 3351 1782 3414 per
1811 3331 2088 3412 spiritum
2125 3352 2348 3396 meum:
2383 3356 2412 3393 ν
2449 3344 2506 3396 et
2537 3337 2860 3398 nonnullos
2893 3338 3097 3410 etiam,
3123 3338 3222 3418 qui
3247 3347 3504 3400 erantex
3528 3337 3657 3416 ipsa

282 3428 417 3490 aula
447 3425 850 3508 imperatoris.
888 3426 974 3486 Ne
1009 3423 1292 3485 mulieres
1319 3422 1563 3503 quidem
1594 3441 1660 3483 se
1689 3420 1762 3483 ab
1796 3421 1909 3482 hoc
1942 3422 2146 3503 iniquo
2185 3431 2340 3485 coetu
2373 3424 2823 3499 abstinuerunt,
2854 3427 2955 3488 sed
3011 3445 3095 3488 ea:
3123 3446 3362 3508 quoque
3399 3427 3658 3505 maligno

284 3519 522 3581 fuerunt
553 3534 688 3597 pars
723 3531 1029 3594 germana.
1061 3513 1246 3574 Erant
1293 3512 1564 3593 quadam
1600 3510 1906 3582 mulieres,
1941 3529 2072 3590 qua:
2105 3513 2327 3574 mundo
2381 3513 2835 3577 delectabantur
2865 3526 2923 3577 et
2955 3526 3123 3578 erant
3153 3517 3426 3578 obnoxiae
3476 3517 3656 3578 vitiis.

283 3609 430 3682 Quae
475 3605 743 3688 quidem,
779 3603 935 3685 quod
967 3603 1042 3665 ab
1097 3603 1258 3665 illius
1289 3603 1486 3680 lingua
1517 3601 1799 3662 sauciata:
1856 3599 2110 3680 fuerant,
2145 3601 2202 3661 in
2242 3621 2376 3665 eum
2409 3605 2799 3666 vehementes
2848 3607 3202 3684 concipiunt
3235 3615 3296 3666 et
3343 3607 3656 3668 effundunt

283 3699 554 3780 spiritus.
585 3696 746 3769 Quos
774 3704 972 3756 autem
1001 3692 1208 3754 habuit
1237 3691 1507 3754 acriores
1535 3689 1669 3752 aliis
1697 3689 2103 3780 adversarios,
2139 3692 2177 3780 ii
2224 3691 2490 3766 fuerunt,
2523 3693 2903 3755 Alexandriae
2933 3694 3330 3774 TheOphilus,
3361 3697 3662 3756 Berrhmac

282 3777 561 3858 Aeacius,
596 3783 952 3848 Severianus
981 3781 1368 3853 Gabalorum,
1400 3788 1461 3841 et
1490 3779 1834 3842 Antiochus
1888 3777 2295 3842 Ptolemaidis.
2331 3781 2554 3842 Praeter
2586 3783 2717 3856 hos,
2752 3783 2868 3843 duo
2921 3782 3276 3864 presbyteri,
3311 3793 3368 3842 et
3397 3783 3662 3862 quinque

282 3875 520 3940 diaconi
543 3873 722 3934 simul
754 3880 1103 3952 eruperunt.
1135 3869 1472 3949 Cercopum
1501 3869 1550 3948 (1
1569 3869 1624 3947 '7)
1665 3866 2002 3948 improbum
2032 3869 2350 3948 quemdam
2384 3880 2603 3932 emtum
2638 3891 2741 3933 eos
2774 3871 3333 3951 dixeritquispiam,
3368 3879 3465 3932 aut
3499 3871 3660 3932 viros

283 3966 640 4046 sanguinum
701 3970 758 4022 et
791 3960 1044 4035 fraudis,
1076 3967 1140 4021 ut
1192 3957 1459 4021 edivina
1513 3957 1917 4036 Scriptura-'5
1979 3957 2208 4038 aliquid
2239 3959 2469 4022 dicatur
2529 3961 2744 4043 potius.
2780 3961 2896 4024 Sed
2958 3961 3140 4022 satius
3175 3963 3430 4022 fortasse
3485 3960 3664 4021 fuerit

283 4053 625 4122 ostendere,
663 4050 965 4112 undenam
1001 4049 1226 4111 bellum
1260 4047 1512 4127 C(X‘pel'ii
1544 4047 1605 4108 in
1637 4046 1928 4110 Ecclesia.

369 4138 496 4207 AA'.
552 4135 649 4203 Ἠν
699 4168 779 4208 τις
812 4144 865 4200 ἐν
914 4141 1280 4220 Ἀλεξανδρείᾳ
1331 4139 1706 4220 πρεσϐύτερος,
1743 4141 1918 4198 τοῦνο-

2068 4140 2472 4207 XXXIV.Erat
2493 4143 2871 4207 Alexandria:
2891 4145 3198 4226 presbyter
3215 4143 3455 4225 quidam
3477 4151 3667 4206 nomi-

288 4261 367 4314 μα
411 4237 630 4314 Πέτρος,
665 4236 757 4290 τοῦ
815 4231 1184 4309 πρεσϐυτερίου
1211 4233 1307 4298 τῆς
1359 4231 1478 4287 κατ’
1509 4233 1636 4287 αὖτο
1691 4229 1918 4296 Ἐκκλη-

2017 4250 2092 4306 ne
2108 4231 2450 4315 Petrus,qui
2474 4235 2532 4297 in
2555 4235 2959 4316 presbyteratu
2980 4254 3102 4296 sua:
3123 4235 3402 4297 Ecclesiae
3433 4236 3665 4316 primas

295 4328 407 4391 νίας
462 4327 568 4381 τῶν
601 4323 872 4401 πρωτείων
924 4320 1342 4395 ἐπειλημμένος.
1399 4320 1580 4392 Τούτῳ
1609 4317 1676 4375 δι’
1736 4320 1918 4399 ἔχθρας

2017 4330 2212 4399 partes
2239 4323 2656 4386 obtinuerat.ls
2683 4344 2814 4386 cum
2841 4325 3040 4386 nescio
3062 4327 3358 4405 quomodo
3378 4327 3435 4386 in
3461 4325 3665 4386 odium

298 4420 326 4473 ὁ
387 4412 646 4492 Θεόφιλος
679 4415 772 4468 οὔκ
810 4409 919 4468 οἶδ’
950 4409 1066 4467 ὅθεν
1109 4410 1397 4485 γενόμενος
1442 4409 1686 4487 (ἃπείπερ
1715 4410 1781 4476 ἦν
1833 4431 1918 4464 κα.

2017 4408 2276 4471 venisset
2296 4409 2630 4491 Theophilo
2655 4414 2929 4493 quoniam
2965 4414 3035 4474 ad
3073 4413 3535 4475 machinandum
3565 4413 3668 4474 ali-

295 4505 615 4582 κουργῆσαι,
649 4503 740 4558 καί
783 4498 1038 4566 διαϐολήν
1071 4501 1335 4555 συνθεῖναι
1375 4503 1482 4554 τῶν
1511 4497 1569 4554 ἐκ
1619 4505 1709 4555 τοῦ
1738 4499 1918 4554 παντὸι

2020 4497 2162 4576 quid
2196 4512 2253 4559 et
2279 4509 2620 4562 struendam
2647 4502 3033 4581 calumniam,
3061 4511 3188 4564 erat
3209 4521 3440 4578 eorum,
3466 4503 3564 4584 qui
3600 4521 3668 4564 ex

298 4577 484 4655 αἰῶνος
558 4591 932 4670 ποριμώτατός
989 4610 1046 4644 τε
1113 4589 1197 4644 καὶ
1270 4586 1680 4664 σκολίώτατος),
1743 4594 1918 4662 μῶμος

2021 4593 2142 4646 toto
2175 4589 2393 4650 szeculo
2413 4577 3367 4670 fuerunt,ingeniosis'simus,non
3387 4577 3564 4672 par-va
3587 4591 3670 4654 la-

298 4680 546 4739 ἕσπευδεν
604 4680 939 4755 ιπενεγκεϊν,
973 4679 1045 4742 ὡς
1105 4677 1197 4744 εἴη
1245 4678 1475 4755 γυναῖκά
1527 4699 1644 4732 τινα
1674 4681 1768 4743 τῆς
1831 4680 1918 4733 τῶ·

2020 4675 2096 4736 be
2123 4695 2228 4756 per
2248 4677 2514 4740 fraudem
2542 4697 2676 4742 eum
2701 4679 2982 4760 aspergit,
3015 4699 3232 4760 nempe
3263 4681 3419 4762 quod
3446 4681 3667 4743 mulie-

303 4771 616 4850 Μανιχαίων
662 4768 910 4845 αἱρέσεως
969 4768 1030 4823 τὸ
1083 4773 1248 4840 μῦσος
1301 4764 1447 4823 οὔπω
1489 4771 1585 4831 τῆς
1634 4764 1918 4830 κακοδοξίας

2022 4783 2148 4826 rem
2176 4767 2492 4847 quamdam
2518 4769 2764 4832 haeresis
2787 4769 3402 4836 Manichaeorum,cum
3425 4789 3552 4832 eam
3573 4789 3669 4832 ex-

300 4861 667 4934 ἆπωσαμένην
737 4857 808 4918 είς
882 4857 1158 4912 κοινωνίαν
1231 4852 1675 4931 παραδεξάμενος.
1774 4856 1918 4911 Αὖτοπ

2025 4856 2374 4917 sacrandam
2403 4859 2666 4919 nondum
2689 4860 3014 4939 repulisset
3035 4860 3670 4940 opinionem,admisis-

300 4948 353 5006 δὲ
413 4947 804 5021 διατεινομένου
835 4947 920 5002 καὶ
963 4944 1057 5012 τῆς
1089 4942 1240 5010 δόξῆς
1293 4947 1456 5010 αὐτὴν
1513 4947 1914 5019 μετατεθεῖσθαι

2023 4951 2115 5004 set
2130 4944 2200 5004 ad
2226 4948 2828 5011 communionemEo
2850 4958 3044 5009 autem
3071 4958 3463 5023 asserente,et
3482 4949 3667 5028 ipsam

301 5041 388 5096 καὶ
447 5037 586 5094 κατᾶ
621 5057 844 5113 γν‹.›μην
899 5040 976 5107 τῷ
1035 5036 1120 5088 νῦν
1182 5033 1464 5110 κατηγόρω
1509 5033 1708 5100 ταύτην
1765 5056 1918 5112 παρις

2027 5031 2192 5112 prius
2215 5033 2376 5096 illam
2400 5037 2714 5116 ahjurasse
2737 5038 3112 5116 opinionem,
3138 5047 3193 5098 et
3221 5037 3542 5097 admissam
3570 5052 3668 5096 es-

2026 5137 2091 5182 se
2131 5139 2164 5182 e
2190 5126 2486 5188 sententia
2515 5129 2645 5208 ejus
2671 5127 2770 5208 qui
2803 5147 2964 5188 nunc
3005 5136 3094 5186 est
3121 5125 3508 5197 accusatoris,
3542 5134 3671 5185 tan-

2024 5228 2201 5289 quam
2235 5213 2347 5275 hoc
2391 5234 2506 5276 non
2540 5217 2838 5276 sufﬁceret
2867 5215 2938 5277 ad
2978 5214 3155 5276 ﬁdem
3203 5213 3562 5288 faciendam,
3596 5211 3669 5275 ab

2025 5318 2095 5360 eo
2145 5319 2384 5380 quoque
2404 5305 2694 5367 adductus
2731 5312 2820 5366 est
2852 5304 3016 5365 testis
3050 5303 3314 5365 Isidorus
3345 5302 3666 5380 Peiusiota,

301 5125 567 5205 δεδέχθαι,
628 5125 715 5180 καὶ
807 5124 1043 5200 μάρτυρα
1109 5121 1308 5178 τούτων
1376 5122 1467 5176 τὸν
1558 5120 1944 5191 Πηλουσιώτην

300 5215 566 5291 Ἰσίδωρον
611 5233 982 5286 παριατοντος,
1039 5208 1198 5285 ἄνδρα
1254 5211 1353 5286 βίῳ
1403 5231 1460 5266 τε
1519 5209 1606 5265 καὶ
1657 5209 1803 5289 λόγῳ
1846 5211 1938 5269 ἕνα

303 5305 410 5362 τῶν
485 5302 686 5361 πολλοῦ
742 5299 905 5378 λόγου
979 5297 1391 5373 κατηξιωμένων
1461 5298 1794 5376 ὺπςιὶρχοντα¹
1849 5300 1938 5357 ὑπ’

933 5473 996 5525 ³³
1024 5471 1180 5537 Psal.
1213 5489 1336 5548 LIV,
1370 5472 1468 5534 24.

391 5641 448 5716 (ι
465 5638 522 5712 '7)
554 5637 656 5701 Αι,
685 5634 1050 5699 Cerdonum.

385 5478 444 5530 δε
473 5476 589 5542 lsa.
623 5493 760 5552 xxx,
794 5477 848 5536 l.
