4060 6200
433 320 586 388 1139
1726 325 2006 389 MENSIS
2045 328 2074 388 J

2160 326 2497 390 iUARIUS.
3643 323 3792 389 1140

422 466 515 522 vir
545 467 604 523 et
627 459 741 521 vita
769 459 1011 522 dicendi
1050 458 1332 522 facultate
1358 475 1514 518 unus
1541 475 1608 519 ex
1643 456 2068 536 praestantissi-

2160 457 2467 517 Ἀθανασίου
2526 481 2582 516 τε
2641 459 2879 538 μεγάλου
2937 467 3014 530 τῷ
3085 459 3474 538 πρεσϐυτερείῳ
3548 458 3793 518 κατειλε-

430 552 569 625 mis,
594 558 650 612 et
675 558 960 630 praeterea
983 548 1055 610 ab
1087 550 1214 628 ipso
1233 565 1480 627 quoque
1513 565 1724 625 magno
1755 548 2073 610 Athanasio

2161 551 2381 629 γμένον,
2414 551 2570 613 αὐτὸς
2627 550 2807 628 ὥσπερ
2841 551 2940 606 ὕπὸ
2971 548 3238 628 ’[σιδῶρου
3297 551 3362 604 τὰ
3391 549 3598 628 ἔσχατα
3647 549 3792 626 ὓϐριο

434 640 659 701 relatus
687 640 748 700 in
803 655 1117 699 numerum
1168 635 1672 716 presbyterorum.
1707 638 1898 715 Atque
1948 638 2074 716 ipse

2160 645 2318 717 σθεὶς,
2350 640 2445 696 καί
2498 643 2573 703 ὡς
2617 641 2678 696 ἂν
2729 637 2820 696 ὑπ’
2872 640 3073 697 ἐκείνου
3125 638 3510 717 ἑληλεγμένος,
3543 639 3795 718 ’χαλεπῶς

434 730 984 808 quidem,tanquam
1008 727 1080 788 ab
1111 726 1340 787 Isidoro
1361 735 1622 788 extrema
1643 727 1891 789 affectus
1920 729 2071 806 inju-

2160 731 2384 807 ἐνεγκὼν
2439 727 2523 786 διὰ
2571 730 2672 798 την
2722 735 2822 796 τῆς
2879 729 3130 797 ἀληθείας
3175 728 3431 803 δηλωσιν,
3479 733 3660 808 πρῶτα
3703 731 3796 792 μὲν

429 817 541 888 ria,
579 825 636 878 et
657 816 813 879 utab
845 817 946 877 illo
977 815 1308 890 convictus,
1342 825 1652 895 propterea
1683 816 1838 895 quod
1871 825 2068 878 osten—

2160 821 2252 876 τὸν
2311 818 2508 895 Πέτρον
2567 818 2776 896 ἀλόγως
2821 819 3061 897 ἀπείργει
3113 824 3211 886 τῆς
3272 822 3552 889 ἱερατείας’
3617 819 3798 875 ἔπειτα

433 907 614 967 disset
639 907 972 980 veritatem,
1010 907 1248 968 Petrum
1277 905 1515 985 quidem
1545 915 1757 984 praeter
1785 906 2074 969 rationem

2160 911 2340 984 καιρὸν
2399 907 2693 977 ἑξήτεικαί
2751 909 2993 988 ἀφορμὰς
3054 907 3122 964 δι’
3177 911 3253 963 ὧν
3317 908 3468 987 ἔργον
3501 914 3600 976 τῆς
3645 910 3802 965 αὐτοῦ

431 996 738 1075 expellite
781 996 1118 1057 sacerdotio
1167 1013 1284 1055 non
1321 1003 1562 1074 propter
1596 995 1768 1056 aliam
1813 1014 2074 1072 causam,

2160 1000 2442 1062 κακονοίας
2502 999 2588 1054 καὶ
2645 999 2894 1075 τρόπαιον
2953 998 3070 1065 θείη
3129 999 3218 1055 καὶ
3267 999 3425 1055 αὐτὸν
3456 996 3661 1065 δηλαδὴ
3713 1001 3802 1053 τὸν

430 1087 546 1146 nisi
591 1095 836 1166 propter
865 1085 1237 1147 inimicitias.
1295 1083 1526 1146 Deinde
1557 1090 1731 1147 etiam
1781 1086 2074 1166 quaerebat

2161 1085 2449 1164 Ἰσίδωρον,
2495 1089 2622 1162 ὅπερ
2666 1085 2731 1153 δὴ
2790 1089 2877 1143 καὶ
2934 1100 3082 1144 ποιεῖ
3145 1090 3334 1166 μικρὸν
3389 1086 3606 1162 ὕστερον
3663 1109 3801 1162 παρ-

431 1176 838 1250 occasionem,
873 1193 984 1256 per
1011 1192 1185 1256 quam
1221 1192 1343 1234 suae
1373 1173 1770 1252 improbitatis
1799 1184 2074 1252 tropaeum

2167 1175 2390 1240 οξυνθεὶς
2463 1177 2549 1232 καὶ
2621 1174 2842 1232 ἄλλοθεν
2917 1179 2990 1238 εἰς
3063 1179 3252 1256 ὀργήν.
3330 1178 3523 1234 Μαθὼν
3575 1179 3677 1255 γὰρ
3730 1178 3799 1237 ὡς

431 1272 625 1346 ipsum
651 1283 894 1346 quoque
926 1265 1183 1342 erigeret
1213 1262 1710 1335 lsidorum.Quod
1739 1265 1913 1326 etiam
1945 1267 2074 1327 facit

2166 1264 2426 1342 Ἰσίδωρος
2501 1265 2706 1344 χιλίους
2777 1265 3005 1345 χρυσόῧς
3083 1269 3226 1346 παρὰ
3311 1265 3573 1333 Θεοδότης
3649 1266 3800 1324 λάϐοι

435 1353 611 1434 paulo
667 1367 822 1434 post,
853 1353 1096 1415 aliunde
1128 1352 1198 1412 ad
1233 1352 1381 1413 iram
1424 1352 1703 1414 incitatus
1732 1354 1880 1430 (18).
1933 1353 2074 1416 Hinc

2167 1353 2389 1434 (ἀδελφὴ
2435 1353 2489 1411 δὲ
2522 1354 2654 1423 αὕτη
2689 1354 2986 1436 Θεοδώρου,
3018 1359 3179 1435 φημὶ,
3212 1367 3304 1416 τοῦ
3356 1356 3651 1436 ὑπάρχου),
3682 1356 3798 1413 ἑπιο

435 1451 633 1505 autem
658 1445 764 1504 fuit
795 1440 1389 1503 commotus.lsidoro
1419 1441 1637 1502 dantur
1669 1441 1829 1503 mille
1862 1450 2023 1504 aurei
2047 1463 2074 1503 a

2163 1444 2390 1519 τραπείη
2425 1465 2481 1501 τε
2529 1445 2654 1523 παρ’
2718 1450 2879 1512 αὐτῆς
2943 1447 3034 1511 τὰς
3092 1448 3146 1504 ἐν
3207 1444 3578 1525 Ἀλεξανδρείᾳ
3636 1469 3797 1504 πενο-

437 1531 774 1608 Theodote,
807 1549 922 1612 que
955 1531 1228 1592 fuituxor
1251 1529 1546 1591 Theodori
1581 1531 1837 1610 praefecti
1873 1541 2074 1612 praeto-

2164 1535 2328 1607 μένας
2379 1532 2445 1589 δι’
2479 1535 2652 1592 αὐτῶν
2714 1534 2974 1613 ἆμῳιάσαι
3031 1534 3199 1608 μηδὲν
3240 1534 3477 1615 Θεοφίλῳ
3531 1537 3798 1594 κοινωσᾶ-

436 1623 550 1686 rio.
576 1621 659 1684 Ea
684 1639 822 1683 vero
850 1620 1146 1681 mandavit
1169 1617 1420 1694 Isidoro,
1449 1627 1510 1680 ut
1532 1620 1918 1701 pauperibus,
1952 1641 2074 1702 qua:

2166 1644 2324 1696 μενος
2357 1625 2474 1700 περὶ
2503 1626 2712 1697 τούτου,
2747 1624 2861 1682 Ἵνα
2891 1626 2968 1699 μὴ
3012 1623 3212 1699 λαϐὼν,
3245 1627 3429 1705 φησὶν,
3460 1625 3800 1705 ἂναλώσειεν,

433 1720 604 1772 erant
640 1709 1022 1773 Alexandriae
1054 1705 1407 1769 mulieribus
1441 1717 1670 1769 emeret
1709 1709 2074 1772 indumenta.

2164 1712 2344 1790 ὥσπερ
2399 1712 2617 1787 εἴωθεν,
2665 1715 2736 1778 εἰς
2795 1714 2914 1778 τοὺς
2971 1712 3141 1779 λίθους
3201 1716 3288 1770 καὶ
3345 1715 3438 1776 τὰς
3502 1713 3801 1790 οἶκοδομᾶς⁹

436 1800 562 1863 Hoc
593 1798 928 1879 Theophila
953 1817 1071 1860 non
1095 1797 1628 1872 communicatum,
1648 1799 1702 1858 in
1729 1817 1861 1858 eum
1900 1817 2074 1877 pepe-

2165 1800 2275 1856 énei
2312 1803 2464 1866 οὗτος
2510 1801 2791 1878 ἐρωτηθεὶς
2835 1801 3180 1882 ὡμολόγησε,
3216 1805 3303 1860 καὶ
3353 1805 3486 1860 κατὰ
3528 1812 3647 1860 νοῦν
3702 1803 3802 1882 ἔφη

437 1891 516 1950 rit
537 1891 684 1950 iram
708 1891 957 1950 minime
986 1886 1578 1948 tolerandam.Causa
1607 1896 1803 1948 autem
1838 1887 2080 1961 eral,Ne

437 1981 483 2038 si
519 1979 637 2050 ille,
671 1978 884 2058 inquit,
920 1975 1246 2056 acceperit,
1281 1985 1590 2036 consumat
1638 1975 1698 2036 iu
1733 1976 1982 2056 lapides,
2023 1986 2082 2038 ut

433 2065 606 2142 solet,
643 2074 702 2128 et
732 2066 792 2128 in
817 2065 1088 2127 aediﬁcia.
1129 2063 1272 2126 Cum
1306 2071 1501 2125 autem
1531 2065 1940 2145 interrogatus
1968 2065 2073 2128 Isi-

435 2155 618 2217 dorus
665 2157 976 2217 confessus
1005 2161 1185 2226 esset,
1223 2161 1282 2213 et
1336 2151 1584 2214 dixisset
1632 2173 1697 2216 se
1729 2154 1788 2216 id
1842 2154 2077 2231 fecisse,

437 2245 596 2324 quod
647 2243 881 2306 volebat
912 2261 1043 2323 qum
1093 2241 1363 2315 dederat,
1397 2249 1538 2302 tunc
1570 2242 1810 2322 quidem
1862 2263 2083 2325 nequa-

436 2352 611 2414 quam
644 2332 905 2395 ostendit
931 2350 994 2393 se
1020 2331 1203 2392 fuisse
1235 2331 1474 2405 iratum,
1509 2331 1614 2392 sed
1650 2333 1757 2392 sub
1791 2331 2080 2414 Plutonis,

435 2435 498 2484 nt
527 2423 716 2497 aiunt,
751 2421 917 2500 galea
967 2421 1118 2482 celat
1147 2421 1320 2494 iram,
1356 2422 1414 2480 in
1447 2420 1645 2481 cordis
1677 2422 2083 2500 penetralibus

438 2512 702 2591 pontifex
757 2512 962 2572 fovens
993 2509 1455 2572 aemulationem.
1491 2508 1671 2571 Paulo
1707 2521 1840 2590 post
1884 2522 2078 2574 autem

436 2620 564 2663 eam
588 2601 871 2682 aperit,et
891 2599 1296 2677 gravissimam
1326 2599 1699 2660 machinatus
1721 2601 2076 2662 calumniam

433 2690 682 2761 (sciebat
703 2690 864 2751 enim
899 2689 998 2750 ille
1027 2689 1183 2749 sicut
1215 2687 1377 2766 prius
1407 2687 1688 2762 diximus,
1724 2689 1948 2767 optime
1980 2691 2070 2752 do-

2167 1889 2375 1946 τελέσαι
2422 1897 2490 1967 τῇ
2552 1889 2829 1971 δεδωκυίᾳ,
2891 1894 3008 1948 τότε
3067 1893 3165 1966 μὲν
3211 1894 3466 1970 ὀργισθεὶς
3520 1893 3618 1950 οὒκ
3654 1896 3801 1966 ᾠήθη

2165 1977 2277 2034 δεῖν
2345 1977 2506 2046 δῆλος
2561 1980 2823 2059 γενέσθαι,
2871 1979 2990 2036 ἀλλ’
3047 1983 3103 2036 ἓν
3158 1981 3439 2059 ἀποῤῥήτῳ
3499 1986 3597 2050 τὴν
3641 1983 3802 2060 ὀργὴν

2165 2065 2386 2130 ἓθαλπε.
2436 2068 2565 2126 Μετ’
2598 2068 2776 2147 ὀλίγον
2835 2068 2889 2126 δὲ
2941 2071 3142 2137 ταύτην
3201 2070 3517 2127 ἐκκαλύπτει
3547 2073 3636 2128 καὶ
3691 2070 3799 2126 δια-

2166 2156 2335 2232 βὸλῂν
2364 2157 2667 2233 μελετήσας
2716 2158 2857 2237 (οῖος
2913 2159 3118 2226 ἐκεῖνος
3175 2159 3426 2217 πλάττειν
3477 2163 3800 2229 τὰτοιαῦτα(

2171 2245 2596 2325 χαλεπωτάτην,
2631 2249 2716 2305 καὶ
2767 2251 3044 2327 γράμμασι
3074 2252 3272 2316 ταύτην
3321 2252 3503 2312 ἓνθείς·
3568 2251 3691 2306 εἶτα
3745 2251 3802 2305 τί)

2165 2338 2428 2413 ἱερατεῖον
2488 2335 2871 2412 ἐκκλησιάσας,
2925 2339 3014 2396 καὶ
3073 2341 3228 2398 αὑτοῦ
3283 2362 3553 2417 παροντος
3601 2335 3799 2397 Ἰσιδώ-

2166 2448 2276 2504 ρου,
2331 2427 2517 2500 Tauro,
2555 2427 2734 2500 εἶπεν,
2791 2426 3041 2506 Ἰσίδωρε,
3099 2427 3265 2494 δείξας
3311 2429 3447 2504 μετὰ
3504 2442 3698 2508 χεῖρας
3741 2431 3798 2486 τὸ

2167 2529 2563 2595 γραμματεῖον,
2635 2513 2762 2571 δέκα
2845 2517 3099 2596 πρότερον
3182 2519 3270 2574 καὶ
3353 2520 3494 2576 ὀκτὼ
3577 2519 3795 2597 χρόνους

2164 2605 2298 2660 κατὰ
2372 2611 2465 2661 σοῦ
2535 2627 2628 2679 μοι
2693 2603 2952 2684 ἐπιδοθὲν,
3024 2606 3138 2664 ἐπεὶ
3204 2608 3400 2686 ἑτέροις
3470 2608 3796 2687 ἰνασχολού-

2164 2715 2319 2764 μενος
2381 2693 2601 2773 ἔτυχον,
2661 2696 2791 2763 πρὸς
2851 2694 3021 2764 λήθην
3076 2695 3249 2766 ἰλθὸν,
3304 2709 3390 2753 ὀυν
3449 2696 3611 2753 πάλιν
3665 2701 3796 2754 κατὰ

438 2780 526 2841 los
555 2788 790 2842 struere
815 2790 873 2840 et
896 2778 1224 2840 machinari
1247 2776 1683 2855 insidias),cum
1718 2779 1876 2840 illam
1916 2799 2074 2840 man-

2161 2785 2348 2860 χρείαν
2415 2783 2608 2860 ἐτέρων
2691 2783 3102 2860 διερευνώμενος
3175 2786 3396 2864 εὕρηκα.
3454 2775 3544 2845 ’ον
3615 2785 3669 2842 δὲ
3725 2794 3796 2858 τῷ

435 2869 633 2931 dasset
663 2868 906 2940 litteris,
941 2877 1000 2928 et
1047 2866 1320 2928 ordinem
1353 2865 1574 2927 deinde
1626 2877 1917 2928 sacratum
1973 2888 2074 2928 vo-

2166 2871 2418 2950 Ἰσιδώρῳ
2475 2874 2596 2930 τότε
2654 2871 3014 2951 ὁγδοηκοστὸν
3068 2874 3185 2940 ἔτος
3229 2878 3257 2932 ὁ
3315 2876 3453 2956 βίος,
3487 2876 3621 2946 ἀνὴρ
3679 2890 3792 2937 τοῖς

435 2966 627 3020 cassat
657 2959 728 3018 ad
767 2956 1146 3028 concionem,
1177 2955 1308 3034 ipso
1341 2956 1727 3034 praesente,in
1750 2975 1928 3033 quem
1955 2968 2074 3019 erat

2165 2974 2395 3037 μακροῖς
2441 2961 2622 3023 πόνοις
2674 2963 2758 3018 καὶ
2810 2968 2876 3039 τῇ
2907 2963 3132 3034 ἀσκήσει
3189 2955 3670 3043 καταγεγηρακὼς,

437 3047 712 3108 ordinata
739 3046 1058 3108 calumnia:
1093 3043 1278 3116 Hanc,
1301 3043 1485 3132 dixit,
1513 3063 1545 3106 ο
1595 3043 1850 3118 Isidore,
1883 3055 2074 3108 osten-

2165 3048 2287 3121 ὄψιν
2332 3070 2386 3105 τε
2433 3049 2598 3116 αὒτὴν
2655 3049 2799 3129 ἔχων
2853 3055 2948 3118 τῆς
3003 3051 3194 3128 ἀρετῆς
3254 3049 3502 3132 ἄγγελον,
3536 3056 3623 3110 καὶ
3681 3054 3798 3112 οἵαν

439 3137 587 3196 dens
636 3134 982 3200 schedulam
1016 3151 1188 3212 quam
1220 3131 1477 3193 habebat
1525 3133 1583 3192 in
1619 3133 1912 3233 manibus,
1946 3144 2074 3197 ante

2169 3135 2296 3192 αἱδὼ
2353 3136 2557 3204 πολλὴν
2592 3140 2712 3204 τοῖς
2769 3142 2961 3218 ὁρῶσιν
2995 3140 3250 3204 ἐνθεῖναι,
3304 3131 3462 3200 Ἐπεὶ
3490 3131 3592 3200 οὖν
3636 3143 3800 3206 οὕτως

439 3226 649 3286 decem
705 3233 760 3286 et
792 3232 926 3285 octo
985 3241 1172 3283 annos
1233 3231 1437 3282 contra
1486 3233 1542 3283 te
1585 3223 1732 3284 mihi
1783 3223 2074 3290 traditam.

2166 3227 2328 3282 εἰπὼν
2361 3227 2453 3284 καῖ
2485 3227 2780 3306 ἀπολογίαν
2814 3229 3008 3305 ἀπῄτει
3040 3233 3170 3307 πρὸς
3234 3233 3290 3287 τὸ
3320 3231 3592 3307 ὲπίκλημα
3630 3232 3802 3312 (τοῦτο

429 3312 710 3394 quoniam
747 3313 805 3374 in
833 3311 966 3373 aliis
997 3319 1348 3390 occupatus,
1383 3318 1568 3372 victus
1597 3311 1678 3372 fui
1723 3311 1797 3373 ab
1831 3311 2074 3374 oblivio-

2163 3312 2217 3370 δὲ
2263 3320 2360 3381 τῆς
2391 3313 2700 3391 Σοδομιτῶν
2758 3321 2824 3384 ἦν
2852 3317 3185 3400 ἀσελγείας),
3219 3323 3245 3376 ὃ
3302 3319 3566 3400 Ἰσίδωρος

425 3420 542 3464 ne:
578 3420 738 3464 nunc
768 3419 976 3463 rursus
1027 3408 1270 3481 prOpter
1317 3400 1437 3462 alia
1467 3401 1616 3460 forte
1671 3411 2074 3482 perscrutans,

2161 3405 2332 3478 εὖθὺς,
2367 3405 2452 3459 καὶ
2511 3406 2583 3469 ὡς
2613 3403 2676 3459 ἂν
2712 3405 2912 3479 εἴποις,
2949 3399 3143 3464 ὲαῦτοῦ
3189 3407 3366 3480 ἀξίως,
3402 3399 3617 3479 "Batus,
3653 3399 3799 3486 (putri,

427 3491 654 3554 inveni.
711 3489 945 3570 Agebat
974 3498 1170 3580 autem
1209 3498 1349 3551 tunc
1384 3489 1663 3580 ilsidorus
1693 3509 1911 3580 annum
1945 3491 2074 3554 vita:

2160 3495 2248 3548 τὸν
2308 3493 2518 3571 χάρτην
2548 3493 2669 3552 τότε
2722 3494 2934 3551 δοθέντα
2970 3497 3245 3554 διαπεσεῖν
3290 3513 3426 3580 πως·
3462 3500 3585 3576 οὒχὶ
3642 3498 3797 3554 πάλιν

3702 2968 3797 3030 τὴν

427 3580 881 3660 octogesimum,
919 3583 1004 3641 vir
1058 3578 1162 3656 qui
1198 3579 1628 3641 exercitatione
1661 3587 1722 3639 et
1771 3579 2077 3644 laboribus

423 3672 619 3750 longis
638 3671 763 3750 jam
798 3677 1219 3744 consenuerat,
1245 3675 1302 3730 et
1332 3668 1528 3749 ipsum
1556 3667 1826 3730 habebat
1853 3669 2073 3731 vultum

425 3761 700 3822 nuntium
724 3759 1042 3833 virtutis,et
1068 3758 1168 3838 qui
1193 3757 2076 3838 eorum,quividebant,animis

427 3856 658 3927 poterat
700 3866 970 3928 magnam
1004 3848 1219 3909 afferre
1251 3847 1678 3909 reverentiam.
1727 3845 1872 3909 Cum
1909 3867 2072 3927 ergo,

430 3947 739 4020 postquam
787 3939 897 3999 hoc
934 3937 1020 3998 sic
1048 3936 1316 4010 dixisset,
1348 3945 1572 4015 peteret
1605 3946 1666 3996 ut
1711 3937 1980 4015 protinus
2003 3937 2076 3999 de

427 4028 662 4108 objecto
694 4025 944 4088 crimine
978 4043 1214 4086 causam
1239 4025 1468 4086 diceret
1502 4025 1582 4104 (id
1617 4033 1810 4085 autem
1836 4035 1959 4087 erat
1987 4045 2075 4086 so-

428 4116 729 4178 domiticae
751 4113 1340 4193 libidinis),lsidorus
1363 4113 1558 4176 statim
1589 4114 1909 4195 placide,et
1929 4124 1991 4175 ut
2011 4133 2077 4175 se

428 4205 671 4282 dignum
699 4205 1018 4276 erat:Esto,
1051 4203 1266 4284 inquit,
1293 4204 1556 4264 chartam
1591 4218 1727 4265 tunc
1759 4203 1955 4265 datam
1988 4205 2067 4265 la-

2160 3581 2458 3660 προσῆλθεν
2490 3585 2516 3640 ὁ
2546 3581 2785 3646 δεδωκώς
2823 3605 2838 3664 ς
2897 3587 2953 3642 Εἰ
2985 3583 3038 3640 δὲ
3071 3587 3148 3660 μὴ
3197 3586 3342 3666 τότε,
3375 3587 3562 3666 φαίης,
3600 3587 3792 3664 παρῆν,

2160 3671 2296 3727 ἀλλὰ
2353 3678 2438 3727 νῦν
2482 3672 2687 3747 παρίτω
2743 3674 2830 3729 καὶ
2874 3674 3082 3749 ἑαυτὸν,
3119 3673 3263 3739 ὅστις
3324 3673 3442 3748 εἴη,
3471 3674 3642 3740 δείξας
3700 3675 3794 3730 λε-

2160 3760 2300 3838 γέτω
2328 3761 2392 3816 τὰ
2435 3761 2549 3817 καθ’
2595 3762 2772 3836 ἡμῶν.
2811 3754 2907 3826 Ὠς
2958 3762 3048 3818 ὃῦν
3079 3761 3226 3819 οὐδὲν
3255 3763 3319 3832 ἦν
3354 3763 3494 3837 αὖτῷ
3520 3770 3619 3831 τῆς
3663 3787 3799 3820 κατ·-

2160 3850 2382 3926 ηγορίας
2440 3848 2727 3929 ἐχέγγυον,
2764 3852 2813 3906 τί
2855 3865 3190 3929 κακουργεῖς
3230 3854 3476 3928 Χρήμασί
3504 3875 3621 3910 τινα
3677 3853 3796 3908 δια-

2160 3940 2368 4015 φθείρας
2426 3944 2531 3994 τῶν
2593 3939 2723 3995 νέων
2778 3939 3010 4019 ἀλεείφει
3069 3942 3203 4017 πρὶς
3257 3942 3356 4008 τὴν
3425 3944 3797 4021 συκοφαντίαν³

2160 4027 2283 4083 εἶτα
2341 4027 2546 4092 ἐκεῖνος
2602 4027 2846 4084 ἀπελθὼν
2903 4034 2970 4104 τῇ
3029 4031 3190 4107 μητρὶ
3262 4037 3553 4091 κοινοῦται.
3629 4023 3689 4087 Ἠ
3748 4029 3803 4086 δέ

2158 4119 2314 4172 τοῦτο
2372 4117 2469 4190 μὲν
2500 4119 2589 4173 καὶ
2645 4119 2776 4173 Θεὸν
2835 4117 3078 4193 δείσασα,
3113 4126 3268 4176 τοῦτο
3298 4118 3352 4175 δὲ
3408 4122 3588 4175 καὶτὸ
3638 4123 3805 4196 παρὸν

2158 4207 2428 4282 κριτήριον
2488 4205 2888 4286 ὕποπτεύσασα,
2934 4208 3148 4281 μήποτε
3206 4213 3293 4264 καὶ
3347 4207 3509 4274 δῆλον
3550 4209 3805 4288 ἀποφήνῃ

429 4293 949 4374 tuissezquomodo
978 4311 1097 4353 non
1114 4311 1323 4354 rursus
1349 4292 1636 4370 processit
1667 4291 1844 4372 is,qui
1875 4293 2067 4355 dedit?

2160 4296 2211 4349 τὸ
2290 4293 2491 4371 δρᾶμα,
2573 4292 2904 4370 παρελθοῦσα
2974 4299 3216 4372 γνωρίζει
3286 4298 3386 4364 την
3455 4303 3656 4373 erat.va
3730 4306 3809 4370 τῷ

429 4391 687 4444 attamen
719 4381 768 4443 si
794 4400 868 4442 ne
899 4388 1039 4443 tunc
1071 4381 1311 4462 quidem
1335 4381 1623 4450 aderat.at
1652 4400 1808 4442 nunc
1829 4381 2069 4444 adsitzet

2160 4379 2430 4463 ἰσιδώρω,
2471 4385 2556 4439 καὶ
2607 4385 2682 4448 ὡς
2711 4384 2864 4440 πέντε
2920 4387 3048 4462 πρὸς
3098 4400 3210 4451 τοῖς
3269 4385 3396 4442 δέκα
3427 4389 3654 4464 χρυσοῦς
3712 4389 3809 4452 εἰη

429 4471 752 4532 ostendens
781 4470 1053 4550 quisnam
1084 4473 1211 4551 ipse
1244 4470 1506 4544 sit,dicat
1529 4470 1584 4530 in
1617 4471 1902 4534 nos.Cum
1929 4489 2066 4549 ergo

2163 4476 2187 4528 ὃ
2253 4473 2360 4536 υἱὸς
2435 4472 2598 4540 αὐτῆς
2674 4471 2930 4550 είληγὼτ,
2995 4480 3083 4536 οὖς
3155 4472 3437 4531 δεδωκέναι
3500 4475 3642 4548 αὐτῷ
3710 4477 3811 4542 τὴν

429 4560 579 4621 nihil
637 4541 909 4638 haberet,
937 4578 1056 4636 quo
1111 4541 1338 4640 posset
1372 4559 1675 4620 calumnia
1714 4559 1902 4620 videri
1959 4541 2074 4622 ﬁde

2161 4558 2395 4640 ἀδελφὴν
2452 4559 2556 4639 ἔφη
2589 4541 2842 4639 Θεοφίλου
2882 4541 3067 4637 μισθὸν
3099 4563 3250 4643 ἔχειν
3303 4568 3398 4627 τῆς
3434 4562 3553 4619 κατ’
3604 4541 3808 4620 ἐκείνου

430 4649 630 4728 digna,
661 4647 762 4730 qui
809 4649 1002 4710 facit?
1047 4647 1313 4720 Quodam
1371 4647 1750 4710 adolescente
1796 4659 2074 4729 corrupto

2161 4649 2536 4728 συκοφαντίας.
2599 4656 2773 4706 Ταῦτα
2834 4647 3096 4727 Ἰσίδωρος
3154 4652 3249 4725 μὲν
3306 4652 3537 4715 ἀκούσας
3595 4653 3807 4718 σιωπὴν

431 4736 730 4817 pecuniis,
765 4755 898 4798 cum
935 4738 1184 4818 pulchre
1213 4738 1453 4799 instruit
1482 4737 1552 4798 ad
1600 4736 2071 4817 sycophantiam.

434 4827 664 4890 Deinde
695 4826 798 4888 ille
852 4825 1084 4908 abiens,
1115 4845 1241 4888 rem
1303 4826 1472 4888 matri
1506 4828 1925 4890 communicat.
1971 4826 2076 4890 Illa

431 4924 628 4978 autem
675 4917 883 4996 partim
931 4916 1169 4996 quidem
1211 4915 1398 4978 Deum
1431 4916 1669 4994 timens,
1706 4919 1914 4996 partim
1974 4935 2075 4978 au-

433 5015 552 5067 tem
607 5013 948 5086 suspectum
1013 5023 1252 5086 quoque
1309 5005 1559 5078 habens,
1622 5006 1780 5085 quod
1839 5013 1964 5067 erat
2013 5007 2070 5065 in

432 5093 773 5174 praesentia,
817 5094 1140 5174 judicium,
1176 5111 1252 5154 ne
1301 5093 1452 5155 forte
1511 5093 1886 5155 manifestum
1943 5095 2075 5154 red-

429 5183 600 5244 deret
658 5182 742 5259 id,
786 5183 946 5263 quod
1023 5191 1150 5244 erat
1207 5183 1646 5261 compositum,
1714 5183 1935 5244 lsidoro
1996 5185 2074 5242 si-

432 5272 714 5349 gnificat:
779 5282 835 5334 et
893 5273 1048 5353 quod
1103 5271 1445 5349 quindecim
1480 5289 1695 5333 aureos
1743 5272 2074 5350 accepisset

505 5428 623 5495 (t8)
674 5427 986 5484 Historiam
1019 5427 1172 5483 hanc
1228 5442 1257 5482 a
1296 5425 1580 5483 Palladio.
1639 5425 1958 5483 Sozomcno
2018 5435 2072 5484 et

435 5497 669 5570 Socrate
698 5495 1163 5570 Origenistarum
1197 5496 1516 5570 fautoribus
1545 5509 1848 5562 assertam,
1868 5497 1939 5554 ab
1964 5499 2069 5555 liu-

431 5567 527 5637 jus
553 5566 884 5634 auctcrefet
910 5570 1043 5626 aliis
1065 5583 1262 5625 eorum
1289 5566 1388 5623 ϐό(
1407 5583 1486 5636 m,
1519 5570 1730 5624 secutis
1755 5578 2067 5638 acceptam,

431 5639 721 5698 mendacii
749 5641 1045 5700 convincit
1069 5641 1372 5704 Batonius,
1397 5649 1450 5697 et
1472 5638 1780 5698 occasione
1803 5640 2072 5712 Origenis

2159 4737 2362 4806 είλετο,
2399 4745 2514 4811 Θεῴ
2573 4737 2723 4812 μόνῳ
2771 4739 2836 4794 τὰ
2890 4736 3008 4796 κατ’
3045 4740 3202 4796 αὑτὸν
3247 4740 3568 4817 ἐπιτρέπων.
3631 4732 3687 4799 Ὀ
3745 4739 3804 4796 δὲ

2161 4827 2286 4889 Θὲος
2322 4827 2488 4890 οὕτως
2534 4826 2675 4900 αὐτῷ
2729 4829 2910 4903 κρίνας
2955 4827 3346 4908 ἀσφαλέστερον
3378 4831 3544 4901 εἶναι,
3576 4831 3648 4893 εἷς
3706 4831 3803 4885 τὸν

2155 4921 2298 4972 Θεῖον
2357 4916 2483 4972 ναὸν
2553 4914 2827 4992 παρελθὼν
2882 4918 3201 4997 προσφεύίει
3273 4926 3348 4992 τῴ
3417 4919 3796 4997 θυσιαστηρίῳ.

2155 5004 2308 5062 Ἐπεὶ
2337 5001 2390 5060 δὲ
2440 5006 2608 5080 ταύτῃ
2655 5003 2858 5079 μᾶλλον
2914 5004 3251 5084 διηπορεῖτο,
3287 5007 3545 5087 Θεόφιλος
3581 5008 3800 5076 ἀποκη-

2158 5096 2353 5168 ρύττει,
2409 5093 2556 5172 σιεύί
2621 5094 2703 5150 ἐπὶ
2765 5093 2904 5174 κοφῇ
2947 5097 3166 5170 τοιαύτῃ
3227 5093 3450 5172 διαϐολῇ
3509 5099 3595 5154 καὶ
3650 5094 3802 5154 οϋδὲν

2157 5182 2360 5260 ἐχούσῃ
2428 5183 2616 5261 σαφὲς,
2662 5185 2753 5238 τὸν
2813 5181 3069 5261 Ἰσίδωρον
3135 5185 3222 5240 καὶ
3293 5189 3389 5250 τῆς
3468 5184 3798 5252 Ἐκκλησίας

2155 5271 2416 5348 ἀπείργει.
2492 5278 2580 5344 Τῷ
2621 5270 2674 5326 δὲ
2727 5272 2961 5350 καθάπερ
3018 5272 3238 5350 ἕρμαιον
3295 5275 3436 5330 τουτὶ
3497 5273 3646 5338 δόξαν
3708 5277 3804 5330 καὶ

2155 5443 2445 5492 errorum,
2472 5432 2750 5488 Anastasii
2783 5431 2988 5502 pontii.
3011 5432 3174 5489 Rom.
3204 5441 3258 5489 et
3283 5432 3518 5489 concilii
3543 5433 3801 5492 Alexan—

2155 5502 2305 5556 drini
2325 5504 2629 5558 sententiis
2655 5503 3144 5568 damnatorum,in
3169 5503 3798 5562 criminationis'l'heo-

2153 5572 2666 5710 pgiliggpverssm
2703 5575 2800 5629 ait.
2835 5573 2999 5642 (Vide
3051 5576 3180 5632 Bar.
3215 5584 3351 5633 tom.
3386 5575 3429 5630 V
3460 5575 3689 5642 Amat,
3721 5576 3799 5633 ad
