4020 6206
262 344 409 407 1141

1307 345 1489 410 VlTA
1537 349 1595 410 S.
1648 348 1970 412 JOANNIS
2013 345 2567 413 CHRYSOSTOMI.

3465 350 3616 416 1142

250 484 393 538 κατὰ
449 483 672 561 γνώμην
717 487 1026 561 γενὸμενον,
1105 483 1350 558 οὒδεμίαν
1407 492 1484 558 τῷ
1525 486 1708 564 χρόνῳ
1750 483 1867 540 δόντ

1977 482 2108 560 ejus
2160 479 2360 542 ﬁlius:
2422 499 2574 560 quos
2630 482 2682 542 ei
2744 481 2985 543 dicebat
3051 481 3292 543 dedisse
3343 501 3613 546 sororem

253 569 468 643 τριϐὴν,
505 575 564 628 τὸ
595 573 691 640 τῆς
741 575 953 649 Νιτρίας
999 573 1194 640 ἐπῆλθε
1228 570 1553 629 καταλαϐεῖν
1611 573 1755 651 ὅρος,
1803 573 1896 628 ’ίνα

253 663 345 716 καὶ
391 662 646 739 πρότερον
691 666 752 718 ὲκ
797 664 915 718 νέου
957 665 1046 718 τὸν
1093 661 1252 718 καλὸι
1313 663 1409 729 τῆς
1465 662 1747 729 ἀσκήσεως
1808 660 1892 716 δι·-

253 751 413 816 ήνυσε
462 751 593 826 βίον.
645 751 796 808 Ἐκεῖ
828 755 916 808 οὖν
948 755 1033 806 ιιαὶ
1065 752 1208 812 αὖθις
1251 749 1529 829 συχναζων
1560 752 1695 806 κατὰ
1727 753 1892 825 μόνας

250 837 321 905 ἦν
351 841 427 913 τῷ
460 845 576 908 Θεῴ
606 844 1014 919 συγγινόμενος,
1053 841 1200 907 Πλὴν
1230 839 1348 896 οιἘέ
1379 840 1544 903 οὕτως
1575 839 1767 914 ἔμελλε
1797 841 1890 902 τὰς

254 930 514 1008 Θεοφίλου
557 933 734 1008 πάγας
778 930 1087 1010 διαφυγεῖν,
1135 930 1340 1005 μᾶλλον
1414 929 1469 985 δὲ
1527 937 1618 985 τοῦ
1678 931 1890 986 πάντων

251 1017 446 1097 ἐχθροῦ
478 1041 533 1074 τε
565 1023 652 1076 καὶ
684 1020 946 1083 πολεμίου
973 1035 988 1050 ⁹
1025 1021 1082 1084 ὃς
1115 1019 1208 1075 καί
1239 1017 1493 1094 Ἰσιδώρῳ
1520 1017 1692 1094 ἐπῆγε
1722 1019 1893 1095 πράγ-

251 1129 394 1182 ματα
452 1111 754 1184 βασκαίνων
810 1115 912 1176 τῆς
973 1109 1190 1186 ἀρετῆς,
1239 1110 1335 1164 καὶ
1382 1108 1640 1185 Θεόφιλον
1667 1115 1743 1180 τῷ
1777 1115 1893 1182 Θεῷ

250 1200 596 1274 προσκρούειν
654 1199 846 1272 ἐποίει,
880 1201 1018 1255 κατὰ
1050 1205 1156 1254 τῶν
1185 1204 1262 1270 τῷ
1312 1205 1427 1270 Θεῷ
1485 1198 1889 1270 προσκειμένων

247 1287 503 1358 ὁπλίζων,
572 1291 830 1355 Κειίνητο
863 1291 964 1366 γὰρ
1026 1287 1144 1344 κατ’
1209 1288 1388 1343 ἐκεῖνο
1433 1295 1617 1364 καιροῦ
1660 1289 1886 1356 ζήτησις

243 1376 300 1430 ἐν
347 1392 464 1440 τοῖς
524 1380 660 1434 κατᾶ
718 1381 814 1446 τὴν
877 1378 1148 1455 Αἴγυπτον
1188 1377 1590 1452 μοιαστηρίοις.
1631 1375 1886 1432 Βούλεται

238 1463 298 1520 δὲ
333 1467 360 1522 ὁ
392 1466 551 1543 λόγος
586 1466 781 1523 ἄνωθεν
813 1469 952 1540 ἡμῖν
983 1469 1043 1522 τὸ
1068 1473 1290 1543 πρᾶγμα
1321 1465 1585 1532 δηλῶσαι,

1979 569 2321 650 Theophili,
2360 571 2698 633 mercedem
2726 579 3084 651 comparatae
3129 572 3190 631 in
3221 571 3388 633 illum
3443 590 3617 654 syco-

1980 658 2403 737 phantiae.ch
2431 676 2564 719 cum
2597 659 2886 720 audiisset
2915 658 3156 739 quidem
3191 660 3473 740 Isidorus,
3500 662 3618 740 egit

1976 747 2429 819 silentium,soli
2464 747 2584 809 Deo
2616 749 2970 829 relinquens
2992 748 3343 810 universum
3378 767 3388 808 :
3428 759 3488 810 ut
3515 752 3614 830 qui

1976 835 2187 897 laudes
2207 836 2452 916 quidem
2477 836 2676 897 celare
2699 845 2894 916 potius
2915 837 3393 911 dedicisset,non
3419 846 3616 898 autem

1977 925 2852 1002 vituperationes.Adolescens
2879 945 3013 988 vero
3035 935 3202 987 ratus
3225 926 3311 987 sic
3341 925 3455 986 sibi
3487 945 3614 988 rem

1976 1013 2033 1075 in
2070 1023 2192 1075 tuto
2225 1015 2409 1093 magis
2460 1016 2741 1086 futuram,
2791 1015 2850 1076 in
2884 1016 3148 1076 divinum
3185 1017 3473 1095 templum
3507 1035 3611 1078 ac-

1973 1104 2224 1178 cedens,
2255 1103 2521 1184 confugit
2543 1105 2620 1166 ad
2651 1106 2861 1168 altare.
2898 1106 3042 1168 Cum
3075 1113 3273 1165 autem
3303 1106 3391 1166 sic
3425 1106 3612 1186 magis

1973 1194 2034 1254 in
2049 1193 2300 1254 dubium
2320 1195 2552 1257 veniret
2571 1194 3391 1276 Theophilus,abdicat,proh
3416 1194 3610 1269 dolor,

1973 1284 2048 1344 ob
2083 1294 2199 1345 tam
2235 1285 2426 1346 levem
2461 1285 2849 1359 calumniam,
2906 1285 3224 1357 lsidorum,
3261 1294 3316 1345 et
3349 1295 3510 1346 arcet
3539 1285 3612 1346 ab

1973 1373 2493 1437 ecclesia.Deinde
2525 1376 2626 1437 ille
2648 1377 2914 1438 cumhoc
2948 1394 3051 1455 pro
3077 1376 3244 1436 lucro
3279 1374 3607 1452 habuisset,

1973 1476 2031 1526 et
2062 1483 2130 1525 ex
2181 1465 2313 1542 ejus
2358 1466 2753 1527 successisset
2811 1465 3131 1546 sententia,
3189 1465 3334 1526 dans
3383 1465 3602 1526 nullam

241 1559 334 1619 rei
368 1559 740 1640 dilationem,
771 1560 932 1621 venit
963 1560 1017 1621 ei
1053 1561 1109 1620 in
1158 1569 1418 1620 mentem
1453 1559 1523 1618 ad
1558 1568 1816 1619 montem
1850 1556 2055 1620 Nitria:
2112 1557 2430 1638 proficisci,
2468 1560 2566 1620 ubi
2599 1560 2762 1639 prius
2793 1559 2868 1620 ob
2903 1560 3146 1620 ineunte
3179 1567 3347 1619 celate
3404 1569 3610 1636 egerat

243 1650 558 1728 pulchram
613 1653 791 1710 vitam
841 1648 1311 1710 exercitationis.
1365 1647 1495 1709 Illic
1546 1666 1686 1725 ergo
1721 1666 1928 1709 rursus
1983 1645 2250 1726 vacabat,
2285 1666 2416 1708 cum
2462 1649 2584 1710 Deo
2625 1649 2752 1709 solo
2782 1649 3196 1725 congrediens.
3246 1648 3360 1710 Sed
3396 1667 3471 1710 ne
3519 1648 3607 1710 sic

238 1740 487 1819 quidem
543 1741 596 1803 oi
656 1738 1101 1801 concedebatur
1143 1755 1276 1798 esse
1336 1744 1501 1798 extra
1532 1737 1633 1798 teli
1687 1739 1932 1813 jactum,
1969 1754 2163 1816 neque
2195 1745 2322 1796 erat
2352 1736 2673 1798 evitaturus
2726 1737 3042 1817 Theophili
3074 1738 3339 1817 laqueos,
3374 1739 3460 1799 vel
3495 1757 3605 1819 po-

238 1832 360 1889 tius
391 1829 728 1890 communis
757 1829 1026 1890 omnium
1064 1827 1273 1902 hostis,
1303 1827 1402 1907 qui
1436 1827 1561 1887 hinc
1605 1826 1759 1887 mala
1787 1824 2018 1886 Isidoro
2077 1823 2384 1898 intulerat,
2419 1826 2545 1904 ejus
2574 1826 2772 1886 virtuti
2805 1827 3076 1887 invidens
3113 1847 3126 1888 :
3166 1836 3223 1890 et
3269 1827 3606 1908 Theophila

235 1928 448 1980 auctor
477 1919 604 1994 fuit,
639 1928 702 1979 ut
736 1917 919 1980 Deum
963 1917 1321 1996 ollenderet,
1355 1917 1522 1977 illum
1557 1933 1906 1995 oppugnans
1933 1931 2039 1994 per
2095 1931 2185 1993 ea,
2221 1932 2350 1993 qua:
2382 1934 2446 1975 se
2478 1915 2828 1977 ellerebant.
2885 1915 3050 1976 Tunc
3085 1915 3242 1975 enim
3279 1925 3436 1977 mota
3483 1925 3608 1976 erat

239 2009 456 2086 quintio
505 2008 565 2068 in
599 2006 996 2079 monasteriis,
1035 2023 1169 2084 quae
1201 2014 1369 2067 erant
1402 2005 1462 2066 in
1495 2005 1754 2084 {Egypto
1789 2003 1944 2083 (l9).
1999 2000 2138 2064 Vult
2167 2012 2362 2066 autem
2400 2004 2588 2065 oratio
2624 2003 2794 2065 nobis
2833 2021 2959 2066 rem
2997 2004 3167 2084 paulo
3199 2005 3376 2065 altius
3423 2025 3602 2085 repe-

238 2097 402 2158 titam
437 2096 761 2158 declarare.

323 2193 448 2252 AE'.
498 2184 558 2248 ’Π
618 2191 672 2248 δὲ
705 2195 957 2264 ζήτησις,
987 2199 1094 2246 τῶν
1126 2193 1224 2265 μὲν
1258 2199 1412 2265 σῶμα
1444 2193 1588 2247 εἶναι
1621 2192 1680 2246 τὸ
1713 2197 1867 2244 Θεῖον

2034 2185 2270 2249 XXXV.
2306 2187 2566 2260 Quaestio
2624 2197 2822 2249 autem
2858 2198 3006 2260 erat,
3044 2206 3177 2248 cum
3212 2188 3314 2249 alii
3346 2189 3590 2270 quidem

237 2284 528 2361 λεγόντων,
590 2283 785 2361 σχῆμά
829 2303 885 2336 τε
919 2284 1003 2336 καὶ
1037 2281 1316 2358 πρόσωπον
1376 2281 1652 2356 ἀνθρώπου
1711 2299 1867 2354 περι-

1955 2294 2176 2356 corpus
2201 2275 2388 2338 Deum
2423 2296 2556 2339 esse
2589 2277 2866 2338 dicerent
2892 2276 3050 2355 (‘20),
3085 2277 3379 2356 planeque
3412 2279 3592 2339 indu-

237 2373 480 2445 κείμενον
534 2373 622 2428 καὶ
683 2373 917 2448 μορφὴν,
954 2369 1066 2425 ὅσοι
1099 2373 1205 2426 τῶν
1239 2370 1554 2448 παχυτέρων
1600 2369 1635 2436 ἢ
1667 2368 1867 2440 ἀμαθε-

1955 2373 2077 2426 tum
2106 2366 2290 2444 ﬁgura
2315 2376 2367 2426 et
2392 2385 2645 2444 persona
2671 2376 2727 2426 et
2750 2366 2939 2428 forma
2964 2366 3308 2444 hominis,ii
3333 2367 3592 2440 scilicet,

236 2463 434 2537 στέρων
469 2463 712 2539 ὅπῆρχον
747 2477 758 2489 ·
793 2463 900 2515 τῶν
931 2458 984 2513 δὲ
1017 2459 1156 2524 ὅλως
1196 2460 1481 2533 ἀσώματον
1541 2459 1667 2514 αὖτὸ
1723 2460 1866 2511 τιθε-

1954 2454 2250 2533 quierant
2283 2457 2455 2534 paulo
2491 2455 2768 2516 rudiores
2821 2463 2880 2515 et
2911 2456 3236 2516 crassiores
3273 2473 3284 2516 :
3323 2455 3420 2514 alii
3458 2474 3591 2515 vero

240 2571 412 2623 μενων
474 2553 560 2604 καὶ
617 2551 796 2614 πάσης
860 2549 1138 2628 ἐμφερείας
1182 2551 1267 2603 καὶ
1315 2547 1520 2626 μορφῆς
1579 2546 1867 2622 ἀνθρώπων

1955 2561 2087 2604 eum
2115 2543 2358 2603 omnino
2394 2556 2681 2623 ponerent
2717 2545 3166 2622 incorporeum,
3201 2545 3277 2604 ab
3310 2544 3592 2624 omnique

237 2638 654 2713 ἀπηλλαγμένον
688 2653 701 2667 ’
751 2638 855 2694 τῶν
889 2637 1225 2714 λογιωτὲρων
1255 2635 1309 2691 δὲ
1353 2643 1510 2691 τοῦτο
1567 2636 1653 2690 καὶ
1683 2633 1862 2698 ὀξυτέ-

234 2749 362 2801 ρων.
427 2728 633 2792 Ταύτην
693 2733 974 2803 τοιγαροῦν
1031 2731 1129 2790 τῆς
1198 2724 1408 2802 μερίδος
1466 2726 1551 2779 ιιαὶ
1611 2721 1864 2786 Θεόφιλος

229 2817 325 2893 ὢν,
385 2817 505 2880 τοὺς
567 2815 1016 2893 ἇνθρωπόμυρφον
1061 2817 1206 2871 εἶναι
1265 2816 1322 2869 τὸ
1379 2822 1537 2868 Θεῖον
1610 2811 1863 2889 λέγοντας

232 2906 470 2981 φαιιερῶξ
533 2905 925 2980 ἀπεχήρυττεν.
992 2905 1162 2980 Ὅπερ
1220 2905 1266 2958 οἱ
1337 2909 1444 2958 τῶν
1513 2901 1567 2956 ἐν
1619 2901 1868 2977 Αἰγύπτῳ

231 2996 489 3073 pom-[ﬁn
547 2994 872 3070 ἀλογώτερον.
931 2994 1212 3066 μαθόντες,
1260 2999 1351 3048 τοῦ
1415 2989 1671 3068 Θεοφίλου
1729 3011 1862 3044 κατ-

232 3086 566 3161 εστασίαζον,
607 3085 692 3138 καὶ
735 3082 808 3146 ὥς
858 3105 981 3138 τινα
1024 3082 1373 3161 βλάσφημον,
1428 3082 1514 3136 καὶ
1566 3078 1718 3145 δόξης
1762 3080 1864 3155 οὔχ

233 3175 245 3190 .
335 3179 354 3186 -
429 3173 450 3192 κ
660 3171 684 3192 ν
762 3170 777 3183 ς
927 3171 940 3186 ς
1278 3170 1291 3189 κ
1361 3167 1400 3185 η.
1445 3167 1462 3180 .
1496 3167 1510 3187 .
1697 3169 1708 3188 ,

230 3197 394 3250 υγιως
431 3194 627 3252 εχοντα
662 3170 886 3244 ειεεΛλον
919 3183 1158 3247 αναιρεϊν
1191 3193 1202 3204 υ
1234 3192 1326 3225 τον
1356 3189 1408 3224 οε
1441 3183 1487 3224 οι
1540 3179 1771 3228 ὲπινοιας
1802 3169 1864 3222 τὸ

227 3264 503 3339 παραατὰν
548 3260 895 3333 μετελθὸντα,
955 3259 1106 3316 Οὕτω
1165 3280 1230 3332 με
1263 3261 1536 3314 τεθεᾶαθαι
1565 3260 1728 3330 ὑμᾶς,
1761 3256 1862 3336 ἔφη

228 3352 328 3428 [ῗσ,
366 3350 577 3432 gini],
613 3353 685 3414 ὡς
718 3352 1004 3426 πρόσωπον
1037 3349 1190 3412 Θεοῦ,
1226 3356 1389 3406 Τοῦτο
1420 3350 1649 3409 ἒκείνους
1695 3347 1862 3403 choi-

225 3463 421 3505 σαντας
466 3443 654 3505 στῇναι
705 3440 804 3513 μὲν
847 3445 943 3504 τῆς
978 3439 1208 3494 ἀτάκτου
1239 3439 1324 3493 καὶ
1370 3435 1634 3515 φονώδους
1667 3438 1860 3514 ὁρμῖιςο

1951 2636 2336 2692 simililudine
2361 2646 2412 2691 et
2437 2635 2614 2692 forma
2645 2637 2946 2692 hominum
2977 2636 3242 2697 liberum.
3271 2638 3375 2692 hoc
3399 2644 3588 2692 autem

1949 2718 2364 2796 dicebant,qui
2398 2728 2568 2781 erant
2599 2720 2990 2801 doctiores,et
3020 2719 3305 2782 acutioris
3337 2719 3585 2799 ingenii.

1949 2807 2013 2870 In
2047 2810 2156 2869 hac
2187 2827 2325 2870 vero
2356 2809 2651 2870 sententia
2685 2829 2818 2870 cum
2853 2818 3012 2871 esset
3039 2809 3430 2890 Theophilus,
3462 2829 3586 2883 eos,

1950 2897 2054 2974 qui
2087 2897 2272 2958 Deum
2309 2898 2586 2960 dicebant
2617 2899 2895 2960 humana)
2926 2899 3130 2959 formae
3156 2899 3442 2972 similem,
3470 2919 3588 2960 non

1948 2987 2292 3067 leviter,sed
2323 2988 2645 3049 admodum
2672 2989 3058 3049 vehementer
3081 2988 3589 3060 abdicabat.Quod

1948 3076 2188 3155 quidem
2222 3096 2356 3137 cum
2385 3088 2760 3157 compertum
2798 3077 3170 3157 habuissent,
3195 3077 3297 3158 qui
3329 3086 3496 3138 erant
3528 3080 3587 3140 in

1948 3166 2194 3246 [Egyrto
2229 3167 2528 3242 monachi,
2568 3167 2768 3227 minus
2800 3167 3123 3248 participes
3153 3168 3496 3242 rationis,id
3527 3171 3586 3230 in

1948 3275 2050 3317 eos
2081 3256 2329 3317 immisit
2361 3259 2700 3330 tumultum,
2739 3267 2792 3319 et
2826 3257 2991 3318 illum
3027 3256 3101 3318 de
3136 3256 3586 3333 mediotollere,

1951 3355 2014 3407 ut
2045 3351 2144 3426 qui
2175 3356 2332 3408 esset
2363 3346 2768 3426 blasphemus,
2805 3355 2865 3408 et
2900 3366 3016 3408 non
3068 3365 3227 3408 sanie
3258 3347 3584 3427 opinionis,

1951 3435 2232 3514 putabant
2259 3453 2389 3496 esse
2423 3438 2743 3497 maximum
2811 3436 2914 3498 Dei
2968 3439 3215 3498 cultum.
3249 3434 3357 3497 Ille
3387 3446 3583 3497 autem

225 3532 359 3601 πρὸς
386 3531 543 3587 αὖτὸν
574 3527 652 3600 δὲ,
689 3531 744 3586 Εἰ
775 3539 1034 3608 γνησίως,
1064 3528 1332 3598 εἶπεῖν,τὰ
1366 3527 1460 3581 ’ίσα
1485 3528 1619 3599 ἡμῖν
1647 3538 1862 3606 φρονεῖν

1954 3524 2164 3585 callido
2196 3525 2598 3597 invento,rem
2633 3544 2762 3603 qua:
2789 3525 3018 3598 aderat,
3045 3527 3403 3604 aggrediens
3439 3544 3452 3586 :
3489 3525 3587 3588 Sic

224 3619 393 3698 ἔχεις,
429 3618 482 3673 ἕν
510 3618 625 3674 in!
668 3641 750 3674 σοι
796 3620 854 3672 τὸ
900 3617 1246 3692 λειπόμενον,
1279 3614 1569 3690 ἆναθέματι
1602 3616 1666 3669 τὰ
1709 3606 1859 3689 Ὠρι-

223 3709 404 3784 γένους
461 3705 784 3784 παραδοῦναι
829 3704 1034 3781 βιϐλία,
1091 3704 1166 3761 δι’
1211 3708 1284 3761 ὦν
1336 3704 1540 3766 ἐκετνςς
1585 3705 1646 3758 το
1707 3703 1864 3777 σῶμα

221 3819 277 3852 τε
311 3798 453 3852 εἶναι
497 3799 557 3852 τὸ
588 3804 746 3852 Θεϊον
776 3797 864 3852 καὶ
893 3795 1068 3858 ἐοικὸς
1103 3795 1362 3872 ἂνθρώπῳ
1396 3795 1680 3871 πρόσωπον
1712 3791 1860 3870 ἔχειν

223 3886 532 3963 ἀνατρέπειν
591 3891 857 3962 πειρᾶται.
907 3887 1046 3960 Πρὸς
1116 3893 1284 3940 ταῦτα
1327 3886 1416 3938 τὸν
1461 3882 1742 3960 Θεόιριλον,
1804 3883 1862 3938 Τί

221 3975 298 4054 δὲ,
359 3976 541 4054 φάναι,
603 3977 664 4030 τὸ
707 3975 912 4032 xum-inv
969 3973 1064 4032 ἐμὲ
1114 3981 1269 4030 τοῦτο
1321 3971 1467 4048 δρᾷν,
1502 3973 1591 4026 καὶ
1623 3970 1768 4044 μάλα
1799 3991 1859 4047 γε

218 4066 302 4122 διὰ
359 4066 546 4138 μίσους
606 4063 893 4141 ⁹Ωριγὲνην
954 4064 1207 4142 ἔχοντας
1268 4069 1443 4118 Ταῦτα
1496 4061 1713 4116 εἰπόντα
1771 4062 1859 4116 καὶ

219 4151 703 4230 ἒπαγγειλαμένον,
766 4151 1006 4232 χαλᾶται
1053 4164 1172 4214 τοῖς
1219 4163 1488 4229 μοναχοῐς
1538 4152 1638 4217 τὴν
1669 4150 1856 4226 ὄργῆν,

221 4244 400 4304 Οῧτως
429 4241 643 4305 ’ἐκεῖνος
672 4241 738 4308 ἧν
798 4242 1255 4319 ἐπαμφοτερίζων,
1308 4241 1395 4295 καὶ
1443 4241 1574 4315 πρὸς
1635 4239 1858 4316 ἑκάτερα

221 4333 406 4401 νεύων,
440 4329 526 4386 καὶ
555 4343 674 4392 τοῖς
709 4343 917 4407 καιροῖς
967 4331 1328 4405 ἁρμοζόμενος
1366 4347 1378 4360 ⁸
1419 4326 1531 4384 δέον
1563 4329 1856 4384 ἒπίσκοπον

220 4421 371 4500 ὄντα,
427 4422 509 4474 καὶ
569 4419 702 4475 λαοῦ
763 4420 945 4498 ψυχας
992 4417 1471 4495 ἐπιτετραμμένον,
1534 4416 1709 4476 καλῶς
1770 4415 1855 4471 δι-

221 4507 366 4564 ελεῖν
419 4511 505 4564 καὶ
569 4510 654 4564 τὸν
709 4507 870 4584 λόγον
929 4508 1286 4584 ὁρθοτομῆσαι
1323 4506 1418 4572 τῆς
1451 4504 1728 4583 ἀληθείας,
1763 4503 1854 4560 διαί

220 4597 373 4654 λῦπαι
417 4599 517 4662 τὴν
562 4596 772 4676 στάσιν,
839 4597 1156 4674 ἀμφοτέροις
1215 4594 1488 4659 διδάξαντα
1551 4601 1855 4670 πατρικῶς,

222 4685 342 4741 ἀλλ’
399 4689 521 4766 οὖχὶ
578 4691 846 4764 τεχνικῶς
903 4687 1328 4762 παραπείσαντα,
1397 4684 1525 4740 αὑτὸ
1583 4685 1684 4757 μὲν
1742 4681 1856 4739 καθ’

1947 3630 2080 3690 ego,
2114 3612 2442 3692 inquit,vos
2475 3613 3034 3692 intueor,tanquam
3065 3612 3172 3674 Dei
3197 3614 3430 3675 faciem.
3463 3614 3586 3678 Hoc

1947 3720 2078 3761 cum
2105 3700 2191 3762 illi
2222 3700 3004 3781 audiissent,represserunt
3035 3702 3275 3782 quidem
3318 3705 3585 3782 protinus

1947 3790 2116 3850 illum
2143 3789 2321 3850 caedis
2351 3791 2638 3870 impetum
2682 3811 2694 3849 :
2729 3790 2782 3849 ei
2813 3799 3011 3850 autem
3037 3790 3316 3851 dixerunt
3350 3811 3362 3851 :
3389 3790 3444 3850 Si
3477 3811 3581 3853 ea-

1949 3879 2111 3952 dem,
2147 3896 2277 3958 quaa
2310 3897 2439 3950 nos,
2472 3897 2756 3957 germane
2784 3879 2996 3950 sentis,
3032 3898 3215 3939 unum
3251 3879 3357 3940 tibi
3387 3881 3579 3940 solum

1945 3968 2134 4042 deest,
2172 3985 2387 4047 nempe
2407 3976 2468 4029 ut
2496 3968 2680 4030 libros
2709 3969 2990 4045 Origenis
3021 3968 3309 4047 subjicias
3340 3970 3580 4029 anathe-

1947 4058 2223 4138 mati,qui
2245 4060 2499 4119 maxime
2525 4057 2711 4118 Deum
2740 4075 2872 4118 esse
2895 4076 3112 4136 corpus
3144 4067 3200 4118 et
3223 4058 3433 4118 faciem
3471 4059 3578 4119 ba-

1945 4147 2089 4208 bere
2119 4147 2348 4207 homini
2379 4146 2668 4226 similem,
2706 4165 2782 4207 ne
2807 4147 3012 4207 sinunt
3034 4146 3280 4226 quidem
3316 4147 3376 4208 in
3408 4165 3584 4209 aures

1945 4233 2183 4298 cadere.
2219 4236 2309 4296 Ad
2345 4236 2472 4296 hinc
2530 4234 2901 4314 Theophilus
2936 4258 2947 4293 :
3007 4235 3158 4306 Quid
3197 4236 3322 4316 (2i)
3355 4245 3580 4310 autem,

1941 4323 2594 4405 inquit,prohibet,quo
2621 4327 2820 4386 minus
2850 4325 2972 4386 hinc
2997 4324 3345 4405 faciam,qui
3363 4326 3436 4386 ab
3459 4324 3584 4389 Ori-

1942 4433 2098 4493 gene
2126 4417 2383 4476 maxime
2417 4415 2705 4490 dissideo,
2741 4425 2798 4475 et
2829 4433 2963 4476 cum
2999 4433 3072 4476 eo
3103 4416 3326 4476 acriter
3358 4415 3578 4478 bellum

1939 4503 2113 4581 gero?
2143 4503 2276 4565 llaec
2307 4523 2442 4566 cum
2472 4503 2742 4569 dixisset.
2781 4513 2839 4565 et
2882 4513 3043 4566 esset
3076 4505 3400 4586 pollicitus,
3432 4505 3581 4566 iram

1943 4594 2176 4654 sedavit
2205 4594 2662 4655 monachorum.
2695 4592 2791 4655 Sic
2828 4593 2926 4655 ille
2975 4611 3218 4674 semper
3247 4612 3491 4673 anceps,
3527 4607 3586 4657 et

1942 4682 2114 4742 facile
2157 4683 2229 4743 ad
2290 4691 2619 4760 utrumque
2675 4701 2970 4761 annuens,
3023 4691 3080 4743 et
3113 4701 3178 4744 se
3213 4683 3586 4764 temporibus

222 4777 376 4834 ἑαυτὸ
435 4783 592 4832 Θεϊον
633 4777 806 4831 εἰπεῖν
867 4775 1154 4848 ἀσώματον
1211 4774 1355 4830 εἶναι
1414 4773 1857 4852 χαὶᾶσχημάτι-

1954 4774 2434 4846 accommodans,
2469 4791 2602 4832 cum
2636 4780 2942 4851 oporteret
2994 4790 3154 4846 eum,
3201 4781 3265 4832 ut
3293 4773 3396 4853 qui
3428 4782 3588 4834 esset

222 4887 368 4937 στον,
429 4867 584 4937 σῶμα
617 4863 670 4919 δὲ
701 4864 789 4918 καὶ
821 4869 1108 4937 πρόσωπον
1139 4865 1230 4918 καὶ
1273 4865 1482 4940 μορορήν
1532 4862 1861 4940 ἀνθρωπεία-δ

1954 4861 2286 4940 episcopus,
2316 4871 2371 4921 et
2404 4859 2506 4941 qui
2539 4863 2877 4923 commissa;
2907 4871 3077 4923 erant
3108 4862 3322 4924 animae
3353 4862 3582 4942 populi,

221 4958 311 5011 τὸν
357 4959 627 5030 μονογενῆ
673 4960 766 5009 τοῦ
809 4960 944 5007 Θεοῦ
992 4952 1164 5028 Λόγον
1196 4949 1451 5023 λαϐόντα,
1485 4955 1570 5007 καὶ
1601 4953 1737 5025 μετὰ
1768 4954 1858 5008 τὸν

1954 4969 2066 5011 non
2099 4950 2183 5010 uti
2215 4951 2496 5028 ﬁgmento
2535 4959 2593 5011 et
2615 4969 2798 5011 scena
2845 4951 2918 5012 ad
2952 4950 3465 5030 decipiendum,et
3497 4951 3582 5009 sic

221 5045 352 5122 ὒπὲρ
393 5047 550 5118 ἡμῶν
590 5045 815 5099 Θάνατον
877 5043 930 5097 ἐν
987 5043 1155 5116 ὁμοίῳ
1203 5043 1448 5119 σχήματι
1494 5048 1592 5108 τῆς
1653 5043 1856 5118 ἂνθρω-

225 5136 381 5199 πίνης
457 5134 651 5210 σαρκὸς
717 5132 1040 5201 ἀναστάντα,
1098 5129 1233 5186 οὕτω
1311 5135 1406 5186 καὶ
1464 5133 1537 5196 είς
1612 5133 1860 5208 θ”ιρανοὺς

295 5299 717 5369 (19)Ι‹ἰᾱοι·ιιω
744 5301 896 5355 hunc
917 5298 1859 5369 Origenistarumantesignanum,

231 5365 453 5428 ut'euin
487 5369 524 5426 S
608 5371 941 5441 Hieronym.
995 5365 1301 5436 vocat,non
1337 5369 1411 5424 ob
1445 5365 1681 5441 has_h‘e
1709 5383 1861 5438 prae-

232 5452 416 5499 textas
448 5457 676 5508 causas,
712 5439 922 5498 sed'ob
957 5443 1203 5499 haeresin
1239 5441 1440 5497 merito
1472 5455 1500 5496 a
1537 5439 1860 5509 Tiicophilo

230 5512 583 5572 abdicatum.
621 5512 788 5569 docet
825 5515 1032 5570 Baron.
1070 5513 1198 5568 loco
1231 5513 1431 5568 citato.

305 5584 420 5649 (‘20)
439 5582 1215 5655 rHosgAnthropomorphitas
1241 5583 1621 5655 vocaba_nt,——
1656 5579 1863 5655 Origo-

237 5655 403 5713 nistis
427 5653 712 5713 lumiliare
737 5655 910 5714 fuisse
933 5652 1662 5727 Anthropomorphitarum
1691 5652 1867 5709 haere-

1947 5040 2081 5102 illos
2111 5039 2458 5116 relinquere
2483 5049 2843 5118 aegrotantes
2867 5061 2880 5100 :
2904 5041 3008 5102 sed
3027 5059 3205 5120 quam
3232 5040 3356 5100 ﬁeri
3385 5047 3588 5118 posset

1948 5130 2169 5208 optime
2187 5128 2648 5208 distinguere,et
2665 5129 2909 5192 verbum
2932 5130 3195 5191 veritatis
3219 5137 3382 5189 recte
3400 5127 3583 5188 admi-

1946 5302 2035 5356 sin
2069 5299 2370 5358 catholicis
2397 5301 2622 5370 imping
2659 5312 2738 5362 re,
2772 5297 2939 5354 docct
2972 5298 3099 5370 (jar.
3138 5306 3273 5370 loro.
3309 5295 3350 5350 ν
3382 5296 3583 5350 Annal.

1945 5386 2038 5428 an.
2065 5372 2171 5426 400
2197 5393 2208 5426 :
2234 5386 2415 5440 quare
2442 5367 2557 5426 n00
2581 5367 2791 5425 fnirum
2818 5372 2873 5440 si
2892 5378 2942 5424 et
2971 5367 3293 5440 Theophilo
3324 5383 3421 5423 eos
3453 5381 3586 5438 pro-

1944 5449 2228 5510 sequente
2255 5439 2410 5498 hanc
2443 5442 2770 5510 impingam
2794 5439 3167 5510 calumniam;

2017 5507 2130 5582 (Si)
2170 5510 2300 5568 Vide
2345 5507 2587 5582 Niceph.
2621 5507 2661 5568 Ιῖ
2692 5522 2808 5572 vm,
2847 5525 2896 5564 c.
2962 5511 3051 5564 iOt
3107 5507 3208 5590 t7;
3265 5508 3393 5566 Soc.
3424 5507 3468 5567 1,
3507 5521 3587 5582 γι,

1946 5598 1996 5638 c.
2032 5585 2059 5639 7
2091 5601 2104 5642 :
2139 5585 2266 5642 Soc.
2305 5583 2336 5638 I.
2375 5594 2498 5642 Vlll.
2533 5597 2584 5636 c.
2624 5585 2679 5638 11
2713 5601 2724 5642 ;
2768 5582 2892 5636 Bar.
2933 5579 3060 5634 loco
3093 5587 3283 5636 citato.
