4060 6200
430 329 585 396 1143
1715 326 1996 391 MENSIS
2049 328 2082 389 J

2175 327 2508 391 iUARIUS.
3643 330 3791 394 1144

429 467 710 544 nistrare,
745 475 804 530 et
830 468 1075 548 utrique
1110 467 1259 547 parti
1293 482 1662 546 componere
1687 463 2070 537 seditionem,

2175 462 2499 543 ἱνειλῆφοαι,
2562 466 2648 520 καὶ
2706 465 2882 538 μένειν
2928 465 2984 522 ἐν
3040 463 3182 537 δεξιᾷ
3245 472 3338 522 τοῦ
3397 467 3603 544 [ἰατρὸς
3665 468 3796 521 ιιαο-

431 565 680 637 paterne
711 558 1057 630 docentem,
1093 556 1200 617 sed
1233 575 1353 617 non
1408 555 1734 616 artiﬁciose
1766 553 2073 615 diversum

2175 555 2385 628 ἥμενον.
2414 553 2575 611 Οὔπω
2605 552 2766 622 δῆλον
2813 555 3048 622 κατέστη
3094 556 3154 612 τὸ
3197 554 3501 633 εἰρημένον,
3558 551 3676 609 ἀλλ’
3721 553 3799 608 ἔτι

434 641 925 724 persuadentem:
952 646 1159 708 dicere
1181 646 1377 726 ipsum
1405 645 1650 725 quidem
1681 661 1863 724 perse
1889 641 2073 703 Deum

2175 641 2334 698 ἲεῐται
2381 646 2466 699 καὶ
2511 643 2704 722 ἐτέρων
2747 648 2774 701 ὁ
2835 645 2995 722 λόγος
3039 645 3167 722 πρὸς
3229 645 3324 712 τὴν
3361 648 3507 723 σαφῆ
3541 650 3632 700 τοῦ
3659 665 3795 718 προ-

433 754 566 799 esse
595 737 1017 815 incorporeum
1073 743 1132 797 ot
1184 736 1388 812 ﬁgura;
1441 743 1794 815 expertem:
1855 748 2077 813 corpus

2175 731 2410 806 ιειμένου
2435 731 2694 802 δήλωσιν.
3093 783 3096 785 λ

429 839 630 892 autem
679 839 736 891 et
765 829 980 892 faciem
1032 838 1091 890 et
1120 829 1371 890 formam
1425 829 1745 889 humanam
1781 826 2152 904 unigenitum
2206 823 2314 886 Dei
2364 823 2610 886 verbum
2662 826 2993 906 accepisse,
3026 824 3262 888 arcanis
3291 825 3630 888 rationibus
3680 843 3805 886 sua:

429 918 835 998 benignitatis.
887 917 1118 981 Deinde
1149 937 1282 980 cum
1319 918 1494 980 etiam
1528 935 1740 979 rursus
1772 917 2130 978 surrexisset
2183 921 2315 994 post
2349 923 2596 975 mortem
2633 933 2738 994 pro
2771 915 2945 978 nobis
2978 928 3339 995 susceptam,
3375 915 3436 976 in
3465 913 3645 976 simili
3674 913 3802 976 sci-

429 1001 570 1087 licet
600 1009 786 1087 ﬁgura
813 1008 1008 1070 carnis
1038 1008 1335 1079 humanae,
1369 1009 1456 1069 sic
1501 1009 1561 1068 in
1592 1007 1812 1070 omium
1847 1023 1980 1067 esse
2013 1010 2410 1082 assumptum.
2461 1002 2586 1065 Hoc
2617 1005 2778 1066 enim
2812 1023 2947 1068 esse
2991 1023 3242 1066 summae
3274 1003 3518 1066 uuiouis
3549 1012 3610 1065 et
3643 1002 3802 1064 incf-

423 1080 738 1159 fabilis'in
769 1116 942 1159 suum
1006 1098 1352 1176 ﬁgmentum
1392 1095 1820 1158 benevolentia;
1859 1117 1870 1152 :
1935 1101 1994 1154 et
2023 1093 2109 1154 sic
2167 1080 2413 1154 manere
2443 1093 2755 1155 sedentem
2813 1094 2886 1156 ad
2917 1094 3223 1157 dexteram
3259 1093 3471 1158 Patris.
3532 1091 3805 1154 Nondum

429 1187 614 1251 evasit
646 1187 1054 1264 manifestum,
1096 1186 1253 1267 quod
1288 1187 1512 1248 dictum
1549 1193 1637 1247 est
1672 1207 1684 1245 :
1733 1185 1838 1246 sed
1870 1183 1986 1245 alia
2019 1185 2146 1243 luce
2178 1181 2374 1244 adhuc
2404 1181 2631 1262 indiget
2675 1183 2863 1246 oratio
2895 1184 2968 1247 ad
3001 1193 3205 1265 aperte
3236 1182 3660 1247 declarandum
3717 1181 3798 1259 id,

432 1276 590 1359 quod
623 1285 713 1339 est
747 1275 1141 1357 propositum.

513 1396 772 1462 XXXVI.
809 1397 990 1459 Erant
1015 1405 1273 1478 quatuor
1303 1397 1585 1459 monachi
1615 1397 1828 1457 fratres
1859 1413 2077 1474 corpo-

2245 1395 2389 1468 Ag",
2429 1397 2669 1475 Μοναχοὶ
2712 1395 2965 1474 τέσσαρες
3011 1399 3148 1462 ἦσαν
3181 1395 3396 1474 ἀδελφοὶ
3445 1397 3512 1450 τὰ
3555 1394 3774 1468 σώματα

433 1487 628 1564 ribus,
656 1488 870 1550 fratres
896 1487 1138 1566 animis,
1174 1488 1604 1548 monachorum
1649 1487 1944 1555 omnium,
1977 1484 2080 1564 qui

2175 1482 2378 1564 Ξιδελιροὶ
2425 1486 2517 1547 τὰς
2577 1485 2780 1564 ψυχὰς,
2830 1493 2938 1541 τῶν
3012 1486 3132 1542 κατ’
3209 1485 3485 1562 Αἴγυπτον
3543 1489 3805 1562 μονιχῶν

436 1577 690 1640 erantin
714 1577 1054 1658 Egypto,et
1071 1577 1346 1638 doctrina
1368 1585 1426 1638 et
1449 1577 1564 1637 vita
1587 1578 1760 1654 longe
1784 1575 2079 1636 excellen-

437 1667 785 1729 tissimi.Eis
808 1674 980 1728 erant
1003 1666 1610 1741 nomina,Dioscorus
1631 1666 2079 1735 etAmmonius,

436 1755 859 1832 Eusebiusque
889 1755 1117 1817 etalius
1137 1755 1515 1834 Euthymius:
1546 1772 1697 1833 quos
1716 1755 1891 1814 etiam
1925 1753 2083 1814 Lon-

438 1852 546 1924 g‘os
564 1845 854 1907 vocabant
875 1844 949 1905 ob
972 1853 1214 1905 staturae
1238 1846 1392 1908 forte
1418 1842 1942 1923 proceritatem.Hi
1969 1863 2084 1904 non

2175 1843 2324 1919 κροὺς
2379 1839 2463 1896 διὰ
2519 1843 2579 1896 τὸ
2662 1843 2760 1907 τῆς
2848 1841 3060 1909 ἡλικίας
3131 1841 3364 1916 εὖμηκες

440 1935 633 1995 solum
652 1932 726 1996 ab
749 1932 1170 1996 Alexandrinis
1198 1932 1438 2013 plurimi
1466 1931 1690 1993 ﬁebant
1712 1934 1786 1993 ob
1812 1951 2008 1994 mores
2029 1942 2088 1995 et

441 2023 580 2083 vita:
635 2022 1039 2102 probitatem:
1104 2022 1211 2084 sed
1271 2021 1612 2102 Theophilo
1644 2041 1884 2102 quoque
1919 2032 2089 2084 erant

443 2111 633 2186 cbari,
662 2119 721 2171 et
751 2111 812 2172 in
839 2129 1053 2188 magno
1084 2111 1240 2190 apud
1287 2129 1423 2170 eum
1459 2112 1651 2189 pretio
1685 2110 2082 2193 habebantur,

443 2210 504 2262 et
532 2218 636 2262 eos
665 2198 903 2262 amabat
931 2218 1099 2280 aeque
1128 2217 1196 2260 ac
1250 2218 1389 2261 suos
1421 2199 1648 2272 Oculos,
1687 2208 1746 2260 et
1793 2200 1853 2260 in
1888 2201 2086 2262 medio

447 2288 642 2351 cordis
661 2288 754 2350 sui
776 2288 1298 2351 habitabant.Haec
1321 2297 1519 2351 autem
1554 2289 1633 2351 ita
1663 2307 1727 2351 se
1761 2289 2084 2366 habebant,

445 2377 717 2453 quandiu
743 2377 856 2439 fuit
884 2377 988 2440 ille
1018 2377 1140 2440 Deo
1172 2379 1428 2452 amicus,
1465 2379 1615 2440 adeo
1649 2387 1710 2439 ut
1735 2398 2085 2460 persuasum

446 2466 800 2530 Dioscorum
865 2467 980 2548 (vix
1040 2467 1200 2530 enim
1263 2468 1499 2530 attrahit
1555 2469 1844 2530 honorem
1879 2471 2092 2546 virtus)

454 2557 838 2621 constituerit
868 2562 1217 2639 episcopum
1267 2557 1671 2638 Hermupolis,
1709 2564 2089 2623 Ammonium

453 2653 652 2708 autem
685 2657 745 2708 et
774 2644 1158 2728 Euthymium
1187 2648 1498 2708 honorarit
1519 2647 1877 2728 sacerdotio,
1911 2659 1971 2710 et
2003 2651 2090 2712 eis

450 2735 766 2798 tradiderit
794 2735 1085 2797 Ecclesiae
1139 2735 1753 2813 administrationem,
1790 2745 1847 2798 et
1879 2739 2092 2802 fecerit

452 2842 821 2888 oeconomos.
855 2824 974 2887 Cur
1001 2843 1123 2886 non
1149 2825 1474 2906 dico,quod
1511 2827 1643 2905 ejus
1675 2829 1731 2887 in
1765 2827 1926 2907 ipsos
1959 2848 2086 2891 ma-

448 2917 670 2977 ximam
699 2913 996 2993 signiﬁcat
1018 2913 1503 2975 benevolentiam
1537 2914 1568 2974 ?
1599 2914 1791 2994 Elegit
1820 2935 1946 2996 eos,
1992 2921 2092 2998 qui

449 3023 585 3066 cum
620 3005 752 3083 ipso
784 3003 1123 3065 habitarent
1153 3014 1212 3064 et
1242 3013 1448 3066 essent
1478 3013 1598 3064 toto
1654 3013 1927 3084 tempore
1961 3008 2091 3070 vitae

452 3094 507 3153 ei
532 3091 1004 3166 convictores,ut
1029 3111 1132 3154 eos
1156 3111 1268 3153 nec
1293 3111 1326 3152 a
1344 3093 1761 3173 corporis,nec
1783 3095 1855 3154 ab
1878 3096 2093 3157 anima;

2165 1575 2378 1629 πάντων
2422 1573 2568 1652 λόγῳ
2612 1596 2667 1629 τε
2713 1579 2808 1631 κα³ι
2857 1576 2954 1651 βίῳ
3018 1575 3158 1652 παρὰ
3221 1574 3357 1630 πολῦ
3415 1572 3748 1651 διαφέροντες
3785 1590 3803 1606 ο

2166 1663 2403 1737 ὀνόματα
2449 1664 2679 1738 τούτοις,
2735 1664 3046 1742 Διόσκορος,
3104 1666 3190 1720 καὶ
3251 1663 3588 1742 Ἀμμώνιος,
3637 1664 3805 1719 sess—

2167 1751 2278 1817 ϐιός
2334 1773 2416 1822 τε,
2477 1755 2565 1808 καὶ
2626 1755 2653 1808 ὁ
2704 1751 2896 1817 λοιπὸς
2957 1754 3216 1828 Εὗθύμιος
3251 1768 3264 1781 ’
3310 1755 3400 1816 οὓς
3443 1750 3507 1819 δὴ
3567 1755 3653 1808 καὶ
3688 1759 3806 1805 Μα-

3450 1842 3586 1902 ἵσως
3674 1839 3805 1896 ἐκά-

2169 1932 2314 1992 λουν.
2380 1931 2534 1989 Οὗτοι
2605 1942 2731 2008 γοῦν
2806 1931 2900 1987 οὒκ
2982 1931 3377 2011 Ἀλεξανδρευσι
3451 1934 3636 2006 μόνοις
3693 1932 3808 2007 περὶ

2168 2021 2414 2084 πλείονος
2458 2025 2620 2094 ἦσαν,
2676 2021 2815 2077 ἀλλὰ
2873 2023 2961 2078 καὶ
3017 2022 3161 2095 αὒτῷ
3215 2021 3457 2101 Θεοφίλῳ
3516 2021 3707 2099 γ,ρῆμά
3760 2041 3807 2073 τι

2171 2108 2623 2188 περισπούδαστον
2696 2110 3024 2188 ἐλογίζοντο,
3098 2115 3186 2168 καὶ
3229 2110 3398 2190 ἐφίλει
3444 2111 3659 2174 τούτους
3711 2108 3805 2163 ἴσα

2169 2201 2257 2255 καὶ
2314 2197 2635 2277 ὀφθαλμοῖς,
2717 2201 2803 2253 καὶ
2872 2200 2969 2265 τῆς
3047 2199 3262 2278 καρδίας
3320 2200 3491 2273 ᾤκουν
3549 2202 3690 2270 αὐτῷ
3742 2199 3803 2252 τὸ

2173 2288 2513 2365 μεσαίτατον.
2563 2295 2739 2344 Ταῦτα
2781 2287 2835 2344 δὲ
2881 2289 3050 2352 οὕτως
3103 2295 3191 2369 ἦν,
3233 2289 3336 2352 ἕως
3386 2290 3593 2352 ἐκεῖνος
3637 2286 3804 2357 δτίπο)

2175 2377 2432 2455 Θεόφιλος
2482 2382 2548 2443 ἦν
2583 2393 2596 2408 ⁸
2657 2377 2794 2434 ὥστε
2868 2379 2959 2434 καί
3016 2379 3304 2456 Διόσκορον
3352 2385 3601 2434 πείσαντα
3646 2377 3802 2452 μόγις

2174 2468 2464 2523 ἐπίσκοπον
2550 2458 2958 2543 Ἐρμουπόλεως
3033 2473 3404 2547 καταστῆσαι,
3499 2467 3805 2541 Ἀμμώνιον

2174 2555 2227 2612 δὲ
2282 2558 2370 2611 καὶ
2431 2558 2689 2629 summm
2734 2558 2995 2634 ἱερωσύνῇ
3041 2579 3098 2612 τε
3149 2563 3377 2632 τιμῆσαι
3409 2559 3495 2614 καὶ
3526 2558 3624 2624 τὴν
3656 2558 3805 2611 οἰκο-

2175 2648 2360 2720 νομίαν
2406 2644 2704 2724 ἐγχειρίσαι
2746 2650 2843 2711 τῆς
2889 2644 3240 2726 Ἐκκλησίας,
3300 2645 3506 2702 ἑλέσθαι
3562 2667 3620 2702 τε
3677 2667 3803 2700 συν-

2175 2737 2348 2797 οίκους
2381 2733 2532 2813 ἔχειν
2591 2733 2675 2789 διὰ
2723 2736 2948 2810 παντὸς,
3009 2738 3083 2800 ὡς
3145 2737 3284 2810 μήτε
3327 2743 3433 2792 τῶν
3488 2741 3806 2809 σωματικῶν

2173 2826 2360 2889 αὐτοὺς
2421 2824 2760 2902 ἀφίστασθαι,
2808 2825 2949 2898 μήτε
2999 2830 3104 2880 τῶν
3153 2824 3251 2891 τῆς
3284 2829 3469 2905 ψυχῆς
3497 2823 3800 2902 ὀφθαλμῶν.

2176 2913 2339 2970 Ἀλλὰ
2391 2921 2576 2992 ταῦτα,
2625 2912 2805 2990 ὥσπερ
2850 2913 3078 2994 ἔφημεν,
3135 2914 3238 2977 ἕως
3315 2914 3560 2994 θεόφιλος
3618 2918 3705 2986 ἦν,
3768 2915 3801 2980 ἢ

2175 3001 2379 3077 μᾶλλον
2403 3001 2646 3078 φιλόθεος
2679 3003 2875 3077 εἰπεῖν,
2909 3005 2937 3058 ὁ
2971 3002 3254 3082 Θεόφιλος,
3292 3003 3440 3060 Ἐπεὶ
3470 3001 3525 3059 δὲ
3559 3001 3804 3058 κλίναντα

2173 3093 2304 3167 πρὸς
2353 3091 2696 3170 φιλαργυρίαν
2751 3090 2924 3167 εἶδον,
2972 3093 3057 3148 καὶ
3100 3091 3443 3172 φιλοχρύσως
3488 3090 3715 3166 μᾶλλον,
3771 3091 3802 3156 ἢ

452 3181 652 3282 οοιιΙΞ
676 3189 980 3282 pateretur
1000 3181 1462 3282 discedere.§ed
1490 3183 1612 3242 haec
1633 3183 1874 3282 quidem
1891 3204 2087 3282 ,quan-

2175 3180 2426 3260 εριλοθέως
2486 3180 2712 3259 ἔχοντα,
2755 3184 2956 3260 θερμήν
2989 3203 3047 3238 τε
3078 3182 3352 3257 τιθέμενον
3395 3185 3514 3258 περὶ
3557 3183 3616 3237 τὸ
3660 3203 3802 3260 χρη-

453 3269 554 3330 diu
586 3268 958 3348 Theophilus
990 3277 1210 3343 erat,ut
1239 3269 1669 3342 diximus,vere
1696 3271 2086 3352 Theophilus,

2177 3271 2481 3345 ματίζεσθαι
2541 3271 2638 3336 τὴν
2701 3270 2961 3344 σπουδὴν,
3012 3273 3084 3333 ὡς
3131 3269 3395 3338 έπιϐλαϐἧ
3439 3272 3540 3338 τὴν
3596 3270 3800 3344 ὁμιλίαν

454 3358 514 3419 id
549 3367 660 3430 est,
695 3357 828 3438 pius
877 3377 945 3419 ac
994 3357 1333 3434 religiosus.
1400 3359 1545 3422 Cum
1581 3368 1778 3420 autem
1806 3361 2087 3424 vidissent

2175 3361 2636 3438 παραιτητάμενοι
2691 3361 2882 3438 (ῥᾴστη
2928 3362 3028 3437 γὰρ
3079 3365 3165 3416 καὶ
3221 3375 3425 3440 ταχεῖα
3484 3358 3803 3433 μεταϐαλεῖν

453 3447 795 3511 declinasse
824 3446 899 3508 ad
928 3450 1230 3508 avaritiam
1265 3456 1323 3508 et
1349 3467 1559 3526 magna
1585 3468 1654 3512 ex
1681 3458 1846 3529 parte
1875 3471 2087 3514 aurum

2175 3453 2204 3518 ἡ
2253 3448 2460 3528 κακία),
2496 3450 2593 3517 τὴν
2626 3449 2852 3527 ἐρημίαν
2890 3449 3106 3506 εἴλοντο
3139 3451 3227 3506 καὶ
3258 3451 3352 3513 τὰς
3397 3449 3658 3528 προτέρας
3689 3447 3803 3504 δια-

453 3535 643 3617 magis
693 3555 895 3598 amare
949 3555 1128 3618 quam
1178 3538 1392 3610 Deum,
1428 3546 1583 3599 etut
1631 3549 1867 3618 pararet
1899 3560 2086 3620 pecu-
2170 3539 2379 3618 τριϐάς.

453 3631 608 3711 nias,
640 3632 997 3693 acerrimum
1055 3647 1278 3710 ponere
1309 3633 1596 3709 studium,
1634 3641 1910 3712 tanquam
1968 3637 2204 3699 noxiam
2237 3638 2582 3696 recusantes
2631 3627 3131 3692 cohabitationem
3187 3632 3358 3705 (solet
3391 3632 3546 3692 enim
3602 3631 3806 3693 vitium

455 3733 684 3786 mutare
715 3725 1049 3804 facillime),
1087 3724 1400 3805 elegerunt
1428 3726 1839 3805 solitudinem,
1877 3739 1932 3790 et
1965 3731 2091 3793 illic
2121 3730 2220 3792 ubi
2257 3727 2443 3808 prius,
2478 3724 2722 3786 versari.

529 3854 792 3920 XXXVII
801 3855 988 3918 .Hauc
1010 3855 1114 3918 ille
1136 3856 1558 3937 disjunctionis
1579 3876 1818 3921 causam
1841 3879 1974 3923 cum
1999 3864 2090 3924 in~

452 3947 780 4012 tellexisset
810 3964 944 4008 esse
969 3945 1062 4007 sui
1093 3945 1686 4020 condemnationem,
1723 3950 1892 4012 valde
1934 3970 2090 4031 aegre

452 4034 897 4114 tulit,ipsosque
921 4031 1196 4095 manibus
1219 4040 1280 4094 et
1304 4034 1654 4114 pedibus,ut
1685 4036 1930 4112 dicitur,
1963 4058 2088 4101 coe-

450 4126 536 4204 pit
558 4123 833 4186 molestia
854 4123 1098 4185 afﬁcere
1132 4142 1146 4181 :
1170 4123 1427 4203 primum
1451 4125 1696 4203 quidem
1720 4126 1856 4188 illos
1877 4129 2089 4190 crimi-

452 4229 604 4274 nans
618 4211 775 4292 apud
797 4211 1777 4292 Anthropomorphianos,dicebat
1798 4234 1902 4277 eos
1939 4237 2088 4279 con-

450 4300 660 4364 venire
686 4319 820 4363 cum
843 4299 1103 4378 Origene
1125 4301 1459 4380 (22-23),et
1478 4303 1753 4364 eamdem
1777 4324 1950 4385 quam
1985 4307 2089 4369 ille

2252 3863 2384 3926 AZ'.
2422 3869 2586 3920 Τοῦτο
2644 3860 2856 3926 ἐκεῖνος
2890 3862 3070 3935 μαθὼν
3109 3859 3190 3916 ὅτι
3237 3862 3593 3939 καταγνόντες
3655 3861 3811 3917 αὖτοῦ

2171 3952 2539 4030 διεπράξαντο,
2603 3948 2799 4029 σφόδρα
2847 3972 2901 4006 τε
2959 3949 3290 4028 ἐχαλέπηνε,
3331 3952 3420 4006 καὶ
3450 3952 3593 4029 χειρὶ
3625 3952 3808 4013 αὖτοὺς

2173 4043 2259 4098 καὶ
2290 4039 2433 4113 ποδὶ,
2466 4042 2527 4096 τὸ
2557 4049 2651 4098 τοῦ
2691 4038 2876 4116 λόγου,
2911 4037 3169 4115 βλάπτειν
3201 4040 3476 4120 ἐπειρᾶτο,
3508 4041 3598 4098 καὶ
3627 4045 3809 4116 πρῶτα

2173 4131 2270 4204 μὲν
2303 4132 2432 4206 πρὸς
2475 4130 2598 4191 τοὺς
2650 4127 3254 4210 Ἀνθρωπομορφιανοὺς
3307 4128 3536 4192 ἐκείνους
3582 4127 3809 4185 διαϐαλ-

2173 4218 2303 4290 λων,
2343 4215 2546 4290 συνῳδὰ
2602 4224 2679 4291 τῷ
2716 4217 2983 4294 Ὠριγένει
3031 4219 3123 4274 καὶ
3159 4219 3345 4282 αὐτοὺς
3380 4223 3598 4296 φρονεῖν
3632 4218 3807 4294 ἔλεγε,

2173 4309 2258 4363 καὶ
2307 4307 2592 4381 ἀσώματον
2638 4304 2974 4382 δογματίζειν
3034 4311 3094 4362 τὸ
3146 4314 3325 4365 Θεῐον.
3367 4306 3467 4364 Καὶ
3518 4308 3603 4364 διὰ
3647 4315 3809 4363 ταῦτα

451 4400 660 4453 tenere
689 4389 1131 4470 opiuionem,et
1161 4390 1504 4455 decernere.
1527 4391 1714 4453 Deum
1741 4411 1874 4456 esse
1897 4397 2087 4457 incor-

2175 4394 2255 4453 δεῖ
2324 4396 2563 4470 τούτους,
2625 4397 2807 4474 φησὶν,
2897 4398 2970 4458 ὡς
3044 4397 3335 4473 αἱρετικοὺς
3395 4394 3807 4452 ἀπελαύνεαθαι.

452 4497 724 4560 poreum:
751 4490 809 4540 et
828 4478 962 4540 ideo
985 4478 1130 4540 dicit
1167 4488 1453 4559 oportere
1488 4498 1592 4542 eos
1615 4489 1897 4562 tanquam
1934 4485 2087 4546 male

2175 4485 2401 4542 Ἔπειτα
2431 4490 2526 4541 καὶ
2588 4498 2706 4549 τοῖς
2754 4483 2970 4561 ὁμόροις
3003 4490 3109 4540 τῶν
3137 4483 3446 4541 ἐπισκόπων
3479 4484 3813 4541 διεκελεύετο

447 4569 870 4643 sentientes,et
900 4567 1042 4648 quid
1074 4568 1236 4630 aliud
1271 4588 1444 4649 quam
1479 4570 1814 4643 haereticos,
1842 4573 2084 4652 expelli.

2175 4575 2335 4640 ένίους
2385 4579 2491 4631 τῶν
2550 4575 2615 4630 τὰ
2670 4573 2767 4629 ’ίσα
2828 4574 3160 4651 φρονούντων
3211 4580 3496 4653 μοεθαχῶν,
3565 4577 3651 4630 καὶ
3708 4581 3813 4642 τῆς

444 4657 679 4719 Deinde
700 4657 1225 4739 ﬁnitimisquoque
1235 4659 1416 4737 jussit
1433 4658 2087 4739 episcopis,nonnullos

2175 4663 2440 4742 ἑνδοτέρας
2503 4663 2704 4741 ἐρήμου
2764 4661 2944 4734 ὄντας,
2997 4663 3082 4720 ἐπὶ
3113 4665 3353 4743 κεφαλὴν
3384 4671 3474 4720 τοῦ
3506 4663 3657 4742 ὅρους
3701 4687 3814 4720 κα-

449 4747 796 4823 monachos,
831 4746 934 4828 qui
961 4746 1170 4808 eadem
1205 4765 1338 4827 quae
1366 4747 1482 4828 ipsi
1534 4747 1898 4829 sentiebant,
1933 4760 1990 4813 et
2025 4753 2086 4813 in

2175 4751 2445 4831 ταϐαλετν,
2479 4753 2573 4808 οὐκ
2602 4752 2892 4829 ἐπαγαγὼν
2924 4753 3024 4818 τὴν
3074 4753 3267 4824 αἶτίαν,
3315 4755 3376 4807 οὗ
3432 4753 3588 4830 χάριν
3642 4760 3813 4810 ταῦτα

448 4837 570 4899 ima
599 4835 948 4899 habitabant
969 4835 1318 4908 solitudine,
1352 4855 1486 4898 cum
1518 4856 1636 4898 non
1663 4839 1828 4917 prius
1858 4841 2087 4918 signifi-

2175 4841 2401 4903 κελεύοι.
2461 4841 2593 4903 Τοὺς
2649 4841 2737 4896 οὗν
2796 4842 3076 4919 μοναχοὸς
3128 4842 3203 4904 εἷς
3256 4840 3653 4916 Ἀλεξένδρειαν
3703 4842 3814 4921 ἂς.-

447 4935 662 5000 casset,
695 4945 802 4988 cur
857 4926 984 4988 haec
1043 4933 1104 4987 et
1152 4925 1440 5006 quidnam
1490 4926 1788 5003 fecerant,
1824 4947 1856 4989 e
1889 4938 2087 4991 monte

2175 4930 2446 5004 ικομένους
2505 4929 2756 5008 ἐντυχεῖν
2813 4951 2871 4985 τε
2928 4937 3003 5004 τῷ
3043 4929 3304 5007 Θεοφίλῳ,
3362 4932 3449 4986 καὶ
3501 4932 3593 4997 τὴν
3637 4933 3816 4987 αἰτίαν

447 5016 888 5096 quamprimum
913 5013 1221 5078 deturbari
1241 5015 1600 5097 praacipites.
1635 5017 1914 5079 Monachi
1945 5037 2084 5096 ergo

2175 5019 2376 5097 ἐρέσθαι
2434 5016 2500 5073 δι’
2560 5020 2624 5084 ἣν
2687 5019 2858 5078 αὐτῶν
2920 5021 2987 5074 τὰ
3032 5027 3252 5076 τοιαῦτα
3311 5020 3644 5098 κατακρίνειν
3674 5022 3814 5095 βού-

446 5104 534 5168 ίΙΙί
575 5105 790 5167 fratres
849 5105 1158 5166 venientes
1187 5104 1643 5180 Alexandriam,
1679 5114 2087 5167 convenerunt

2175 5108 2340 5167 λεται.
2388 5111 2490 5165 Τὸν
2536 5107 2588 5163 δὲ
2650 5109 2816 5185 ὀργῆς
2877 5109 2998 5166 τοὺς
3059 5106 3360 5187 ὀφθαλμοὺς
3421 5110 3817 5179 ὐποπὶήσαντα

443 5194 1184 5275 Theophilum,etcausam
1200 5202 1762 5274 rogarunt,propter
1783 5212 1956 5274 quam
1983 5212 2086 5257 eos

2175 5197 2255 5251 καί
2315 5196 2637 5275 αὖτόλρημα
2691 5199 2791 5273 πῦρ
2833 5195 3130 5272 βλέψαντα,
3204 5204 3281 5269 τῷ
3328 5200 3479 5270 θυμῷ
3539 5219 3594 5254 τε
3668 5197 3815 5264 ὅλως

444 5283 547 5347 ille
576 5283 661 5346 sic
692 5283 1181 5348 condemnasset.
1233 5282 1341 5344 Ille
1399 5291 1596 5345 autem
1631 5283 1908 5363 protinus
1949 5283 2079 5364 (24)

2175 5283 2378 5362 ἐφιέντα
2415 5283 2523 5364 (καὶ
2567 5287 2668 5364 γὰρ
2717 5290 2783 5352 ἦν
2833 5286 3092 5363 ὀρμητίας
3124 5286 3300 5362 φύσει,
3335 5287 3418 5341 καὶ
3466 5292 3668 5365 χειρῶν
3729 5288 3811 5352 ὡς

514 5451 733 5521 (22-23)
755 5452 984 5522 Longos
1007 5453 1184 5509 hosce
1206 5451 1522 5509 monachos
1554 5451 1849 5508 erroribus
1869 5450 2079 5522 Orige—
2162 5451 2618 5576 indignationem
2650 5449 2955 5525 Theophili
2999 5452 3301 5509 meruisse.

514 5538 533 5576 3
563 5524 878 5576 studuisse.
906 5523 1243 5576 auctoritate
1271 5521 1668 5576 S.Hieronvmi
1722 5529 1776 5576 et
1806 5520 2074 5576 aliorum.
2233 5522 2287 5576 (2
2327 5522 2494 5576 leec
2517 5529 2572 5576 et
2593 5524 2893 5576 seuuentia
2945 5536 3014 5576 ex
3055 5521 3301 5576 Palladit

441 5524 533 5594 nis
563 5520 1243 5594 studuisse,fauctoritate
1271 5521 1668 5593 S.Hieronymi
1722 5529 1776 5578 et
1806 5520 2074 5594 aliorum,
2233 5520 2345 5592 (23)
2365 5522 2494 5594 Haec
2517 5529 2572 5578 et
2593 5520 2893 5594 sequentia
2945 5536 3014 5578 ex
3055 5521 3316 5594 Palladio
3353 5521 3676 5594 Origenista
3703 5525 3815 5579 do-

437 5593 602 5652 dooet
631 5595 839 5652 Baron.
883 5593 1012 5652 loco
1045 5596 1234 5657 citato;
1261 5607 1444 5666 quare
1467 5603 1518 5651 et
1546 5595 1650 5650 hos
1680 5596 1774 5664 pie
1798 5593 2076 5666 justeque
2159 5593 2841 5666 sumpta,ca|umniarum
2859 5593 3659 5665 suspiciouein‘i‘heop’hilum
3687 5610 3810 5654 non
