4060 6200
309 339 464 406 1145

1356 339 1540 404 νΙΤΑ
1591 339 1649 402 S.
1704 339 2027 405 JOANNIS
2068 341 2623 407 CHRYSOSTOMI.

3521 343 3672 410 1146

306 477 541 555 μάλιστα
584 477 876 556 ἀκρατὴς),
936 477 1026 534 τὸν
1089 475 1400 550 Ἀμμωνίου
1460 474 1740 554 τράχηλον
1784 478 1947 534 αύτο-

2037 475 2122 538 ira
2144 476 2357 556 plenus
2379 487 2439 540 et
2462 479 2648 540 instar
2671 478 2822 559 ignis
2849 480 3206 543 micantibus
3229 482 3416 544 oculis
3436 482 3676 561 (natura

302 570 488 649 χειρία
531 574 608 642 τῷ
656 568 929 646 ὠμοφόρῳ
972 563 1294 645 περιϐαλεῖν
1331 579 1345 594 ⁸
1409 568 1533 620 εἶτα
1563 572 1790 641 πυγμῶν
1844 566 1950 640 ἑμ-

304 661 510 725 πλῆσαι
588 658 680 722 τὰς
751 655 1030 735 σιαγόνας,
1125 652 1569 731 Ἀναθεμάτισον,
1657 654 1946 729 ἐπᾴδοντα,

310 745 620 826 Ὠριγένην,
674 735 772 803 Ἠν
815 744 870 802 δὲ
901 749 929 802 ὁ
962 747 1060 821 μὲν
1089 744 1399 823 Ὧριγένης,
1435 745 1522 800 καὶ
1565 745 1626 800 τὸ
1654 744 1720 800 τὰ
1749 744 1951 802 ἐκείνου

307 849 548 916 φρονεῖν,
600 837 912 900 ἐπείσακτος
953 835 1170 915 ἀφορμή
1209 850 1223 864 ·
1286 836 1322 903 ἡ
1381 832 1435 890 δὲ
1496 831 1701 899 ἀληθὴς
1737 835 1877 890 αἰτία
1912 837 1946 902 ἡ

306 929 439 1005 πρὸς
497 926 706 983 ἐκεῖνον
767 923 1012 1004 ἀντικρὺς
1074 924 1162 980 καὶ
1215 923 1336 988 τοὺς
1371 921 1626 1001 ἀδελφοὺς
1658 922 1947 1002 ἀπέχθεια,

309 1015 462 1075 Οὕτω
517 1017 582 1073 τὰ
638 1015 846 1096 ἔσχατα
910 1016 938 1071 ὁ
1001 1013 1309 1089 πάντολμος
1367 1011 1634 1090 ἐξυϐρίσας
1695 1015 1768 1076 εἰς
1826 1014 1950 1077 τοῦς

312 1105 522 1174 πολλῆς
566 1102 742 1168 αἰδοῦς
805 1125 862 1160 τε
922 1104 1010 1160 καὶ
1066 1107 1232 1176 τιμῆς
1266 1102 1464 1180 ἀξίους,
1511 1100 1801 1174 ἀπέπεμπε
1832 1101 1951 1176 μετ’

315 1196 602 1274 αἰσχύνης.
667 1195 808 1252 Εἶτα
865 1195 986 1256 τοὺς
1034 1193 1092 1248 ἐκ
1135 1194 1390 1270 γειτόνων
1440 1191 1769 1253 ὲπισγόπους
1804 1190 1952 1249 οιόδέν

312 1283 428 1340 δέον
485 1283 977 1359 μετακαλούμενος,
1016 1283 1155 1356 μήτε
1186 1291 1410 1360 παροῦσι
1461 1295 1577 1345 τοῖς
1610 1283 1778 1344 ὁσίοις
1807 1280 1952 1337 ἐκεί-

313 1394 451 1448 νοις,
498 1375 637 1448 μήτε
694 1373 804 1447 μὴν
862 1372 1318 1449 ἀπολογοτμένοις
1360 1369 1642 1448 δογμάτων
1673 1375 1951 1449 παραφθο-

309 1463 403 1540 ρὰν
437 1463 838 1538 αἰτιασάμενος,
901 1461 1092 1524 αὐτούς
1136 1481 1195 1518 τε
1241 1461 1356 1535 ἅμα
1408 1461 1496 1516 καὶ
1525 1461 1614 1517 τὸν
1644 1464 1790 1516 θεῖον
1817 1459 1953 1517 ’ἰσί-

309 1551 476 1630 δωρον
543 1552 934 1627 ἀναθεματίσας
997 1551 1380 1629 ἀποκηρύττει,
1467 1551 1564 1607 Καὶ
1620 1549 1736 1605 οὐδὲ
1787 1550 1952 1628 μέχρι

309 1643 498 1700 τούτου
563 1643 660 1710 τῆς
713 1644 887 1721 ὁρμῆς
943 1643 1186 1720 ἳσταται,
1259 1640 1379 1697 ἀλλ’
1436 1639 1775 1717 ἀνθρωπάριά
1836 1662 1952 1696 τινα

311 1732 486 1812 φαῦλα
537 1730 731 1807 κομιδῆ
791 1733 877 1788 καὶ
910 1731 1164 1805 ἀνώνυμα
1204 1731 1360 1787 πέντε
1391 1731 1480 1786 τον
1514 1729 1755 1807 ἀριθμὸν,
1791 1727 1954 1784 ἄλλον

311 1821 616 1902 ἀλλαχόθεν
674 1821 823 1884 ὅπως
891 1820 1052 1900 ἔτυχε
1114 1822 1482 1900 συμφορήσας,
1549 1820 1633 1874 καὶ
1691 1820 1784 1874 τὸν
1855 1819 1954 1892 μὲν

311 1911 524 1975 πόλεως
569 1912 765 1989 ἀπορίᾳ
815 1914 871 1966 ἓν
914 1909 1196 1988 κωμυδρίῳ
1239 1912 1341 1966 τινὶ
1386 1909 1774 1988 χειροτονήσας
1827 1907 1951 1963 ἒπίο

310 2023 536 2075 σκοπον,
601 2001 680 2079 ἐφ(
741 2004 786 2074 ᾧ
849 1998 986 2076 μηδὲ
1043 1999 1346 2066 ἐπισκοπῆς
1423 1999 1592 2072 ὄνομα
1652 1998 1714 2053 τὸ
1756 2004 1954 2073 προτοῦ

318 2093 544 2170 τέθειτο,
593 2092 684 2146 τὸν
729 2089 785 2146 δὲ
831 2086 1208 2167 πρεσϐύτερον,
1270 2090 1390 2151 τοὺς
1443 2086 1636 2150 ἅλλους
1669 2085 1724 2141 δὲ
1769 2083 1953 2142 διακό-

320 2204 465 2256 νους,
514 2179 795 2244 λιϐἐλλους
856 2183 1040 2242 αὑτοῖς
1100 2179 1388 2258 ἐγχειρίζει
1449 2178 1582 2234 κατὰ
1639 2182 1744 2232 τῶν
1801 2177 1952 2232 θείων

316 2273 516 2329 τούτων
571 2269 768 2349 ἀνδρῶν
825 2269 1232 2347 συγκειμένους,
1307 2271 1395 2332 οὒς
1455 2267 1661 2332 ἐκεῖνος
1719 2267 1787 2343 (ὣ
1842 2267 1954 2321 θεία

217 2356 232 2365 ’
321 2361 466 2434 δίκη,
495 2361 582 2417 καὶ
615 2367 745 2416 Θεοῦ
773 2359 948 2415 πάντα
977 2358 1265 2434 βλέποντες
1315 2356 1577 2434 ὀφθαλμοί
1610 2354 1652 2434 Ξ)
1695 2355 1832 2411 κατὰ
1891 2356 1953 2410 τὸ

313 2451 570 2509 λανθάνον
604 2446 876 2522 συνέταξε,
899 2448 990 2504 καὶ
1019 2445 1384 2525 παραγγέλλει
1411 2445 1628 2512 δοθῆναί
1656 2448 1702 2502 οἱ
1735 2443 1951 2506 τούτους

310 2538 718 2609 ἐκκλησιάζοντι
729 2583 744 2600 .

2034 566 2194 628 enim
2226 567 2426 629 subito
2487 567 2835 631 movebatur
2885 571 3258 651 impetu,nec
3290 580 3522 653 poterat
3551 571 3674 634 ullo

2036 657 2213 717 modo
2247 657 2372 718 suis
2404 658 2680 719 manibus
2718 662 3077 739 temperare)
3115 663 3418 723 Ammonii
3451 662 3672 724 collum

2033 745 2214 824 pallio
2245 748 2708 826 comprehendit
2743 771 2755 811 :
2819 748 3040 811 deinde
3087 749 3272 812 etiam
3304 757 3426 812 suis
3460 752 3676 830 pugnis

2033 834 2165 913 ejus
2192 835 2462 896 maxillas
2491 837 2891 910 contundens,
2927 839 3256 902 acclamat:
3289 840 3676 902 Anathemati

2033 922 2266 1002 subjice
2297 925 2630 1002 Originem.
2665 927 2804 988 Erat
2855 938 3056 989 autem
3109 928 3399 1008 Origenes
3432 927 3673 1008 quidem

2034 1013 2210 1092 plane
2243 1017 2588 1077 Patroclus:
2619 1026 2678 1078 et
2707 1018 2922 1080 eadem
2958 1037 3090 1098 quae
3121 1019 3222 1080 ille
3253 1018 3674 1098 sentire,qua3-

2034 1102 2184 1164 situs
2218 1113 2556 1184 prmtextus.
2595 1105 2747 1169 Vera
2774 1116 2974 1170 autem
3008 1127 3188 1170 causa
3220 1117 3425 1189 aperte
3457 1116 3587 1168 erat
3616 1109 3678 1168 in

2036 1191 2205 1253 illum
2240 1203 2300 1254 et
2324 1195 2540 1257 fratres
2571 1197 2798 1258 odium.
2864 1196 2961 1261 Sic
3012 1208 3282 1260 extrema
3313 1199 3678 1260 contumelia

2036 1283 2468 1361 aﬂ'ectos,viros
2488 1305 2734 1366 magnos
2753 1289 2980 1350 honore
2998 1289 3212 1368 dignos
3239 1297 3295 1351 et
3318 1289 3672 1362 reverentia,

2038 1371 2268 1433 dimisit
2291 1393 2423 1434 cum
2456 1375 2778 1439 dedecore.
2821 1377 3048 1440 Deinde
3077 1379 3308 1451 vicinis,
3359 1397 3492 1439 cum
3527 1377 3678 1439 nihil

2039 1478 2188 1540 opus
2221 1466 2718 1538 esset,accersitis
2749 1467 3217 1548 episcopis,illos
3241 1477 3501 1541 sanctos,
3538 1486 3674 1530 cum

2039 1569 2151 1612 nec
2176 1551 2596 1620 adessentJiec
2627 1575 2794 1618 suam
2829 1576 3067 1619 causam
3094 1557 3679 1639 defenderent,quod

2041 1658 2284 1718 pravum
2309 1652 2367 1703 et
2389 1655 2737 1726 corruptum
2765 1648 2978 1725 dogma
3006 1657 3280 1709 tenerent
3304 1648 3676 1722 criminatus,

2037 1729 2407 1808 ipsus'simul
2431 1742 2490 1793 et
2512 1735 2777 1796 divinum
2805 1736 3098 1797 lsidorum
3124 1737 3292 1798 datos
3317 1737 3678 1798 anathemati

1980 1852 2014 1901 Β
2037 1818 2294 1880 abdicat.
2331 1820 2470 1882 Erat
2515 1832 2710 1884 autem
2755 1844 2873 1885 non
2906 1834 3170 1887 extreme
3204 1826 3448 1905 malum,
3483 1844 3679 1905 neque

2037 1907 2353 1980 sic,utnon
2376 1922 2536 1972 esset
2574 1913 2683 1990 piae
2704 1923 2764 1975 et
2784 1915 3088 1992 religiosae
3118 1917 3356 1982 animae.
3388 1916 3438 1974 si
3470 1915 3679 1976 hacte-

2038 2016 2148 2058 nus
2175 2001 2566 2078 repressisset
2598 2002 2914 2082 impetum.
2949 2004 3041 2066 llli
3074 2023 3216 2065 vero
3252 2004 3536 2078 minime;
3574 2001 3681 2064 sed

2037 2106 2170 2148 cum
2191 2089 2480 2168 quosdam
2504 2092 2772 2170 abjectos
2799 2105 2858 2154 et
2883 2093 3105 2154 nullius
3128 2095 3392 2155 nominis
3418 2096 3678 2156 homun-

2037 2177 2204 2237 culos
2235 2179 2503 2258 quinque
2534 2183 3001 2256 numero,alium
3034 2183 3277 2244 aliunde
3310 2202 3378 2244 ex
3413 2182 3679 2244 tenebris

2039 2273 2097 2326 et
2113 2266 2351 2344 angulis
2371 2270 2913 2353 quomodocunque
2935 2275 3323 2351 coegisset,et
3344 2273 3524 2333 alium
3549 2271 3680 2350 qui-

2037 2354 2174 2416 dem
2201 2373 2272 2418 ex
2304 2357 2422 2430 his,
2460 2368 2707 2440 pr0pter
2736 2362 3039 2424 defectum
3102 2363 3358 2424 civitatis
3389 2362 3449 2423 in
3480 2359 3678 2422 viculo

2035 2444 2445 2508 constituisset
2470 2448 2839 2530 episcopum,
2873 2453 2934 2512 in
2967 2471 3086 2530 quo
3122 2471 3198 2513 ne
3233 2452 3402 2533 prius
3434 2449 3675 2531 quidem

2034 2542 2160 2595 erat
2192 2553 2412 2598 nomen
2439 2538 2820 2619 episcopatus
2854 2563 2867 2603 :
2903 2541 3090 2602 alium
3123 2551 3322 2605 autem
3361 2541 3674 2621 presbyte-

305 2650 467 2707 rum,
500 2631 652 2694 alios
699 2648 842 2694 vero
873 2629 1180 2706 diaconos,
1218 2629 1305 2692 eis
1353 2627 1530 2691 tradit
1561 2625 2122 2717 libellosadversus
2174 2628 2408 2692 diiinos
2444 2632 2550 2694 hos
2606 2635 2763 2696 viros
2811 2638 3218 2716 compositos:
3269 2655 3417 2717 quos
3470 2635 3575 2695 ille
3613 2632 3674 2711 (ο

307 2723 511 2784 divina
556 2721 788 2802 justitia
817 2729 876 2782 et
931 2719 1038 2782 Dei
1071 2720 1271 2782 omnia
1326 2721 1630 2782 intuentes
1661 2716 1821 2780 oculi
1854 2717 1891 2787 ι)
1952 2715 2208 2780 latenter
2237 2724 2572 2800 composuit
2605 2741 2617 2785 :
2669 2724 2890 2803 jubens
2940 2715 3045 2788 eos
3075 2725 3188 2787 sibi
3249 2715 3400 2806 dari,
3435 2721 3673 2804 quando

309 2811 805 2875 concionabatur.

390 2951 528 3026 ΑΠ’,
578 2959 768 3018 Λαϐὼν
813 2965 902 3020 οὖν
932 2962 1054 3026 τοὺς
1087 2960 1389 3038 λιϐἐλλους,
1423 2962 1497 3015 ὧν
1528 2959 1736 3021 ἐκεῖνος
1766 2957 1944 3032 πατὴρ

2109 2956 2396 3022 XXXVIII
2406 2960 2702 3043 .Acceptis
2730 2983 2871 3042 ergo
2889 2964 3398 3045 libellis,quorum
3419 2963 3522 3026 ille
3547 2971 3678 3026 erat

309 3053 400 3126 ἦν,
445 3053 536 3106 καὶ
582 3052 887 3130 προσελθὼν
931 3052 1020 3109 καὶ
1050 3057 1126 3125 τῷ
1187 3048 1559 3128 Αύγουσταλίῳ
1603 3049 1720 3126 περί
1780 3046 1952 3106 αὐτῶν

311 3141 736 3216 κοινωσάμενος,
823 3141 1216 3217 στρατιωτικὴν
1288 3142 1519 3196 αἰτεῖται
1592 3136 1718 3215 παρ’
1797 3141 1955 3195 αύτοῦ

311 3243 507 3310 χεῖρα,
571 3231 653 3309 ἐφ’
699 3234 744 3304 ᾧ
787 3232 912 3294 τοὺς
957 3232 1129 3292 ὁσίους
1189 3227 1380 3308 ἄνδρας
1429 3227 1695 3286 ἀπελάσαι
1725 3229 1825 3294 τῆς
1855 3228 1951 3282 Αἰ-

314 3320 517 3398 γύπτου
584 3320 789 3395 πάσης,
852 3323 923 3386 ὡς
979 3317 1323 3384 κακοδόξους.
1383 3320 1480 3376 Καὶ
1541 3315 1802 3394 λαμϐάνει
1856 3316 1952 3390 μὲν

315 3411 388 3475 ὡς
437 3410 841 3490 πεντακοσίους,
893 3412 1138 3484 προσθεὶς
1202 3407 1255 3464 δὲ
1288 3407 1380 3465 καί
1413 3408 1566 3473 αὐτος
1601 3407 1800 3474 πλῆθος
1829 3404 1951 3462 ἔτε-

314 3521 428 3577 ρον,
488 3498 709 3574 ἰταμοὺς
775 3497 964 3575 ἄνδρας
1040 3499 1127 3554 καὶ
1178 3499 1484 3574 νεωτερίσαι
1543 3495 1764 3570 δεινοὺς,
1828 3495 1953 3552 εἶτα

313 3590 401 3646 καί
443 3587 578 3662 οἴνῳ
605 3590 701 3651 τοίς
753 3588 921 3667 ὁρμὰς
976 3587 1149 3643 αὖτῶν
1180 3586 1430 3656 ἐπιθήξας
1465 3587 1652 3650 νυκτὸς
1690 3586 1950 3662 ἐπιστρα-

322 3679 464 3735 τεύει
508 3690 627 3740 τοῖς
676 3689 969 3756 μοναχοῖς,
1032 3679 1292 3756 τρόπαιον
1351 3681 1545 3743 στῆσαι
1611 3673 1953 3755 φιλονεικῶν,

318 3768 416 3827 οὒκ
459 3765 686 3842 αῗδαμεν
721 3769 765 3823 εἰ
796 3766 960 3844 ἑτέρῳ
991 3767 1091 3823 τινὶ
1123 3772 1419 3843 προσῆκον,
1480 3765 1728 3844 ἀρχιερεῖ
1773 3764 1954 3838 μέντοι

313 3855 618 3933 συμϐαῖνον
664 3857 782 3915 οὐδὲ
815 3856 1017 3935 βραχύ,
1051 3854 1272 3919 ’Ἄλλως
1300 3877 1356 3912 τε
1389 3854 1468 3933 δὲ,
1521 3853 1617 3911 κᾶν
1653 3851 1774 3931 παρ’
1807 3852 1954 3912 οὐδὲν

312 3947 514 4024 ἕτερον,
548 3945 687 4002 ἀλλὰ
751 3953 835 4002 τοῦ
891 3943 1018 4002 ἰδίου
1077 3944 1245 4002 καλοῦ
1273 3945 1449 4001 ἕνεκεν
1477 3943 1816 4023 ἀποσχέσθαι
1850 3941 1952 3999 ἔδει

312 4037 628 4114 πράγματος
673 4035 984 4109 ἐπιμώμου,
1024 4035 1096 4091 ’Ἡ
1143 4035 1245 4112 γὰρ
1289 4036 1387 4102 τὴν
1419 4031 1788 4112 προλαϐοῦσαν
1823 4035 1952 4110 πρὸς

313 4127 435 4191 τοῖις
496 4123 686 4203 ἄνδρας
761 4123 938 4204 φιλίαν
984 4123 1228 4183 εὐκολίαν
1291 4125 1470 4188 εἴποις
1529 4129 1731 4202 φρενῶν
1775 4123 1952 4200 ἐγκρί-

315 4236 508 4274 νουσαν
551 4216 653 4292 πρὸ
713 4215 969 4290 βασάνου,
1008 4213 1042 4282 ἢ
1074 4215 1135 4270 τὸ
1166 4214 1302 4288 μετὰ
1333 4213 1498 4269 ταῦτα
1531 4226 1692 4287 μῖσος
1727 4210 1953 4280 ἔκδηλον

2039 3053 2368 3124 pater,cum
2403 3053 2814 3130 processisset,
2851 3062 2910 3114 et
2930 3052 3241 3132 Augustali
3263 3071 3371 3117 eos
3399 3072 3675 3115 commu—

2037 3135 2396 3211 nicasset,ab
2429 3158 2499 3201 eo
2535 3143 2679 3220 petit
2703 3161 2944 3205 manum
2981 3143 3323 3217 militarem,
3358 3153 3680 3205 utsanctos

2037 3225 2218 3300 viros,
2254 3236 2318 3288 ut
2343 3229 2443 3309 qui
2477 3231 2689 3292 malam
2727 3241 3006 3295 tenerent
3031 3233 3619 3312 opinionem,procul
3645 3252 3679 3294 a

2041 3325 2158 3378 tota
2209 3317 2458 3398 Egypto
2513 3321 2842 3401 expelleret
2896 3341 2908 3382 :
2962 3331 3019 3383 et
3078 3322 3297 3402 accipit
3327 3321 3564 3402 quidem
3599 3321 3674 3383 ad

2038 3405 2419 3486 quingentos.
2454 3408 2598 3470 Cum
2635 3423 2832 3472 autem
2865 3411 2996 3493 ipse
3028 3430 3266 3491 quoque
3287 3428 3524 3474 manum
3556 3428 3676 3472 non

2038 3513 2273 3574 parvam
2307 3497 2652 3576 adjecisset,
2679 3500 2836 3561 viros
2865 3501 3124 3563 audaces
3156 3510 3215 3562 et
3239 3501 3312 3561 ad
3339 3501 3675 3561 novandum

2035 3585 2263 3664 aliquid
2297 3588 2592 3666 egregios,
2629 3599 2687 3650 et
2719 3589 2940 3651 deinde
2969 3592 3142 3650 etiam
3177 3608 3384 3651 eorum
3417 3589 3680 3669 impetus

2041 3674 2180 3735 dato
2211 3675 2346 3736 vino
2397 3678 2724 3752 incitasset,
2759 3679 2849 3739 vir
2891 3679 3019 3758 ipse
3051 3680 3383 3740 acerrimus
3420 3689 3479 3740 et
3509 3680 3678 3757 cujus

2040 3763 2303 3843 impetus
2334 3785 2452 3827 non
2477 3768 3207 3846 poteratcohiberi,noctu
3241 3768 3405 3829 ducit
3436 3769 3674 3828 exerci-

2038 3863 2161 3915 tum
2189 3854 2250 3915 in
2284 3857 2639 3937 monachos,
2672 3857 3047 3920 contendens
3091 3858 3325 3937 erigere
3357 3864 3674 3935 tropaeum,

2039 3943 2199 4020 quod
2225 3945 2466 4025 quidem
2493 3947 2698 4008 nescio
2728 3966 2802 4006 an
2836 3947 2941 4007 ulli
2977 3946 3212 4027 alii,qui
3241 3952 3403 4009 esset
3434 3944 3679 4026 quidem

2039 4035 2426 4114 pontifex,vel
2459 4035 2772 4097 minimum
2808 4036 3184 4098 conveniret.
3212 4035 3444 4116 Alioqui
3475 4043 3676 4097 autem

2037 4127 2088 4206 si
2115 4124 2276 4206 nulla
2290 4125 2404 4186 alia
2422 4125 2496 4186 de
2521 4133 2928 4197 causa,etsuae
2952 4127 3190 4206 quidem
3215 4136 3378 4188 certe
3401 4127 3678 4187 honesta-

2038 4205 2112 4266 tis
2131 4205 2320 4282 gratia
2342 4225 2376 4266 a
2399 4224 2465 4267 re
2493 4217 2610 4266 tam
2650 4205 3043 4286 vituperanda
3065 4206 3322 4270 debebat
3343 4206 3675 4269 abstinere.

317 4304 643 4384 μοχθηρίαν,
688 4305 732 4378 ᾦ
775 4307 864 4360 καὶ
936 4301 1138 4374 μᾶλλον
1197 4302 1400 4364 θετέον.
1468 4302 1679 4378 Φανερά
1722 4304 1820 4380 γὰρ
1869 4305 1952 4359 καί

2045 4295 2165 4356 Aut
2189 4294 2350 4354 enim
2377 4295 2843 4375 praecedentem,
2874 4315 3005 4376 qua;
3047 4297 3102 4357 ei
3132 4315 3267 4357 cum
3299 4296 3440 4359 viris
3484 4297 3676 4356 inter-

318 4396 354 4461 ἡ
392 4400 497 4449 τῶν
540 4392 742 4470 ἀνδρῶν
786 4393 975 4470 ἀρετὴ,
1021 4394 1110 4449 καὶ
1140 4394 1172 4459 ἡ
1223 4401 1318 4451 τοῦ
1361 4393 1691 4466 μισήσαντος
1744 4395 1958 4462 κακοή-

317 4488 460 4541 θεια.
494 4487 688 4561 Πρῶτα
719 4483 818 4556 μὲν
852 4484 941 4539 οὖν
977 4483 1263 4560 Διόσκορον
1295 4479 1581 4538 ἀπελαύνει
1625 4488 1717 4537 τοῦ
1748 4483 1956 4559 θρόνου,

318 4571 404 4629 διά
458 4594 618 4629 τινων
677 4573 898 4628 οἰκετῶν
935 4570 1095 4628 αὐτοῦ
1156 4571 1420 4627 Αἰθιόπων
1471 4571 1599 4649 πρὸς
1649 4572 1768 4646 βίαν
1798 4570 1960 4627 ἑλκύ-

317 4683 503 4737 μενον,
552 4659 800 4718 ’Ἔπειτα
844 4659 899 4716 δὲ
945 4661 1034 4716 καὶ
1090 4665 1190 4727 τῆς
1231 4661 1391 4716 αὐτοῦ
1431 4658 1757 4726 Ἐκκλησίας
1790 4661 1957 4739 ἀφαι-

318 4765 493 4830 ρεῖται
556 4752 654 4817 τὴν
700 4751 1011 4828 παροικίαν,
1063 4749 1306 4807 σκυλεύει
1349 4771 1406 4805 τε
1463 4750 1524 4805 τὸ
1554 4747 1700 4830 ὅρος,
1747 4751 1957 4815 καὶτὰς

319 4842 487 4902 οἰκίας
545 4847 652 4898 τῶν
710 4845 969 4918 μοναχῶν
1027 4839 1298 4912 λη’ίζεται,
1359 4840 1480 4903 τοὺς
1526 4853 1672 4918 τρεῖς
1725 4839 1957 4904 ἐκείνους

315 4927 711 5004 ἐπιμελέστατα
771 4928 1069 5006 ἀνιχνεύων
1115 4929 1234 4990 τοὺς
1298 4931 1416 5000 περὶ
1467 4931 1558 4985 τὸν
1614 4927 1952 5005 Ἀμμώνιον,

312 5021 600 5094 ἀμώμους,
657 5019 818 5096 φημὶ,
870 5017 994 5080 τοὺς
1043 5018 1104 5073 τὸ
1161 5022 1266 5072 πᾶν
1322 5014 1602 5094 ἀδελφούς.
1652 5020 1759 5076 Οὐκ
1811 5019 1956 5098 ἔχων

309 5107 364 5165 δὲ
398 5107 640 5187 ἰφευρεῖν
675 5106 797 5183 (καί
832 5106 934 5182 γὰρ
965 5105 1104 5172 ἦσαν
1139 5107 1212 5166 εἰς
1245 5104 1408 5184 φρέαρ
1439 5107 1628 5173 αὐτοὺς
1660 5107 1953 5182 καθέντες),

306 5197 587 5274 ἀπορήσας
615 5195 643 5250 ὁ
686 5193 920 5269 ἀγεννὴς
986 5193 1092 5248 τῶν
1124 5190 1326 5270 ἀνδρῶν
1357 5192 1443 5249 ἐπὶ
1476 5193 1578 5262 την
1607 5194 1740 5262 ὕλην
1793 5196 1953 5274 ἐτρά-

308 5308 466 5364 πετο,
525 5285 614 5341 καί
683 5285 783 5348 την
857 5281 1024 5360 ὀργὴν
1083 5283 1246 5350 αὐτῆς
1303 5283 1590 5361 καταχέει,
1638 5286 1730 5349 τὰς
1787 5287 1952 5350 οἰκίας

311 5379 507 5448 αὐτῶν,
555 5373 642 5429 καὶ
686 5371 715 5427 ὅ
763 5393 814 5428 τι
859 5377 965 5428 τῶν
1007 5370 1212 5430 σκευῶν
1256 5372 1502 5450 ὑπῆρχεν
1549 5373 1714 5451 (ἦσαν
1758 5373 1809 5431 δὲ
1857 5377 1947 5431 καί

310 5567 828 5639 carent._Quautum
843 5565 1099 5639 autemis
1113 5564 1951 5639 Origenistisfaveri_t,c9nsule

310 5636 494 5712 ipsius
518 5637 824 5706 Lausiaca.
849 5637 949 5697 ubi
975 5643 1131 5697 totus
1156 5636 1421 5698 versatur
1443 5639 1506 5698 in
1540 5636 1710 5698 laude
1737 5637 1948 5696 Isidori

2042 4384 2831 4459 cessit,amicitiam,dixeris
2852 4404 2985 4448 esse
3006 4386 3190 4447 animi
3210 4386 3680 4464 levitatem,quaa

2043 4472 2207 4552 eligit
2230 4485 2368 4535 ante
2394 4475 2834 4555 probationem:
2871 4483 2969 4536 aut
2991 4475 3150 4555 quod
3179 4484 3382 4554 postea
3407 4483 3677 4536 exortum

2044 4573 2133 4625 est
2164 4564 2744 4638 odium,evidentem
2775 4560 3358 4646 improbitatem,cui
3391 4572 3477 4626 est
3499 4565 3678 4626 etiam

2042 4653 2156 4714 hoc
2190 4654 2377 4731 magis
2409 4655 2836 4716 ascribendum
2880 4676 2892 4712 :
2930 4664 3021 4716 est
3052 4653 3211 4716 enim
3247 4655 3428 4715 virtus
3465 4673 3675 4714 eorum

2042 4742 2591 4822 manifesta,etejus
2611 4744 2710 4822 qui
2731 4744 2867 4805 illos
2891 4743 3098 4806 oderat
3123 4743 3679 4823 malignitas.Alque

2041 4833 2294 4912 primum
2328 4832 2568 4912 quidem
2631 4833 2982 4894 Dioscorum
3035 4833 3280 4912 expellit
3335 4852 3367 4894 e
3399 4833 3543 4893 sede
3573 4850 3678 4910 per

2039 4922 2328 5002 quosdam
2363 4940 2504 4983 suos
2525 4922 2780 4984 famulos
2808 4920 3489 5003 {Ethiopesﬂportebat
3515 4921 3673 4980 enim

2039 5011 2206 5073 illum
2243 5011 2328 5072 uti
2354 5011 2571 5073 talibus
2592 5011 3141 5075 ministris.Deinde
3165 5010 3343 5072 etiam
3369 5008 3675 5090 tyrannice

2039 5109 2098 5162 et
2131 5119 2236 5182 per
2267 5101 2381 5162 vim
2438 5102 2496 5164 ei
2527 5101 2722 5163 aufert
2755 5121 2880 5163 sua:
2934 5101 3207 5164 ecclesiae
3255 5098 3590 5173 dioecesim,
3620 5103 3678 5157 et

2038 5198 2304 5251 montem
2329 5191 2859 5270 spoliat,tanquam
2888 5192 3216 5269 imperator
3237 5186 3537 5267 quispiam
3562 5186 3680 5248 ele-

2036 5289 2170 5341 ctus
2187 5287 2248 5341 et
2273 5279 2592 5359 prmfectus
2612 5278 2773 5340 bello
2795 5279 3061 5358 gerendo
3086 5284 3300 5338 contra
3323 5275 3672 5336 monachos:

2035 5378 2094 5428 et
2116 5386 2323 5430 eorum
2359 5369 2569 5430 domos
2592 5367 2816 5447 diripit,
2847 5377 2964 5428 tres
2989 5367 3124 5426 illos
3147 5368 3334 5427 miser
3355 5365 3679 5444 diligenter

2031 5565 2535 5696 ac‘ctonsodalium
2577 5562 3028 5620 monachorum.
3100 5563 3229 5622 Vide
3292 5561 3501 5620 Baron.
3545 5560 3672 5620 loco

2031 5649 2080 5694 ci
2115 5653 2140 5695 a
2173 5652 2222 5694 ο.

2030 5649 2222 5695 citato.
