4020 6206
419 310 567 376 1147

1697 313 1980 377 MENSIS
2024 317 2042 376 .l

2131 315 2482 378 NUARIUS.
3630 315 3774 381 1148

411 445 1241 526 perscrutans,Ammonium,
1279 449 1696 526 inquam,ciim
1729 447 2042 528 aliis,quos

2131 445 2300 523 βίϐλοι
2332 450 2473 513 τινὲς
2505 455 2613 506 τῶν
2663 446 3015 528 σπουδαίων),
3066 446 3277 506 ἅπαντα
3306 455 3386 523 τῷ
3435 450 3558 528 πυρὶ
3615 472 3781 529 χαρι-

412 554 492 598 ne
514 537 748 599 Momus
782 537 1025 617 quidem
1055 538 1604 618 reprehendisset,
1661 547 1715 600 et
1747 539 1847 619 qui
1883 543 2053 600 erant
2135 535 2387 613 σάμενος.

412 630 577 692 omni
619 649 687 690 ex
720 639 887 708 parte
918 629 1150 692 fratres.
1185 629 1330 693 Cum
1365 639 1561 693 autem
1597 651 1715 694 non
1748 637 1952 712 posset
1994 635 2237 692 omnino
2267 631 2538 695 invenire
2587 633 2678 715 (se
2712 631 2874 696 enim
2905 634 3069 714 ipsos
3114 631 3176 693 in
3211 638 3456 713 puteum
3511 632 3783 696 demise-

408 720 592 799 rant),
625 719 784 780 viros
837 737 954 780 non
985 729 1296 782 assecutus
1324 722 1411 782 vir
1443 721 1642 801 pusilli
1672 730 1729 784 et
1778 719 1997 801 abjecti
2025 719 2234 792 animi,
2265 740 2330 783 se
2359 724 2633 803 protinus
2682 722 2981 786 convertit
3008 721 3082 783 ad
3132 721 3443 784 materiam
3483 743 3498 785 :
3530 729 3595 785 et
3646 731 3785 784 tan-

409 826 582 888 quam
615 808 862 870 insanize
892 809 1136 872 nimiam
1168 819 1474 874 ostentans
1503 811 1952 881 abundantiam,
1987 809 2045 869 in
2081 825 2212 870 eam
2243 811 2452 873 etfudit
2480 813 2652 891 iram,
2685 810 2892 873 domos
2922 811 3166 873 illorum
3197 819 3255 873 et
3285 829 3525 874 omnem
3559 814 3781 892 supel-

407 897 668 959 lectilem
701 899 901 977 (erant
929 907 1126 962 autem
1161 901 1430 963 nonnulli
1463 921 1702 982 quoque
1728 901 1863 963 libri
1895 897 2325 980 studiosorum)
2356 902 2558 963 omnia
2587 901 2764 963 simul
2796 900 2919 978 igni
2954 902 3271 964 mandans.

488 991 745 1057 XXXIX.
770 994 1006 1056 Accidit
1030 995 1169 1058 huic
1201 996 1477 1077 improbo
1513 997 1858 1078 imperatori
1881 991 2044 1056 aliud

415 1100 651 1165 quoque
679 1083 933 1161 facinus,
994 1084 1155 1164 quod
1200 1085 1446 1147 omnino
1501 1086 1742 1166 quidem
1786 1085 1874 1148 illi
1905 1083 2047 1145 satis

411 1172 707 1252 congruit,
736 1191 846 1234 nec
869 1180 958 1234 est
987 1192 1058 1235 eo
1082 1174 1392 1253 indignum
1424 1196 1436 1237 :
1464 1182 1554 1236 est
1573 1183 1773 1237 autem
1797 1173 2042 1250 dignum

408 1280 528 1324 non
558 1262 763 1342 paucis
794 1263 1096 1343 lacrymis.
1124 1262 1324 1325 Infans
1370 1265 1556 1344 enim,
1592 1264 1693 1344 qui
1719 1263 1956 1336 incidit,
1987 1269 2047 1322 et

407 1369 577 1414 sacra
593 1351 863 1432 quadam
888 1352 1057 1430 signa
1081 1365 1701 1428 sacramentorum,ea
1720 1371 1958 1434 quoque
1973 1349 2046 1413 ab

405 1441 545 1520 igne
567 1451 1026 1506 consumuntur.
1061 1441 1204 1506 Cum
1225 1444 1317 1505 vix
1343 1443 1583 1506 tandem
1612 1443 1686 1504 ab
1720 1445 1810 1505 ira
1840 1460 2045 1504 cessa-

406 1530 1370 1606 visset,revertiturAlexandriam
1391 1534 1649 1613 pontifex
1671 1553 1805 1596 cum
1829 1533 2046 1594 talibus

404 1620 694 1683 victoriis.
730 1621 818 1683 Illi
848 1629 1047 1683 autem
1073 1623 1166 1683 vix
1203 1623 1442 1684 tandem
1486 1624 1688 1685 securi
1711 1643 1744 1685 a
1775 1632 1936 1685 metu
1968 1621 2044 1681 li-

410 1709 565 1786 beri,
600 1710 746 1771 nudi
767 1720 1042 1774 exeunte
1063 1720 1237 1791 puteo
1270 1713 1549 1791 pudenda
1571 1713 1765 1774 solum
1791 1711 2044 1773 succinti

2211 994 2347 1054 ne’.
2395 993 2684 1071 Συμϐαίνει
2741 1019 2791 1052 τι
2831 993 2926 1051 καί
2959 993 3095 1051 ἄλλο
3124 995 3202 1068 τῷ
3238 1001 3456 1073 πονηρῷ
3483 1001 3782 1072 στρατηγῷ

2129 1085 2301 1159 τούτῳ
2343 1083 2749 1160 τετολμημένον
2791 1083 3030 1162 δακρύων
3081 1082 3247 1146 ὅντως
3299 1081 3567 1140 πλειόνων
3598 1083 3778 1149 ἀξιον.

2134 1175 2229 1231 Καὶ
2284 1173 2489 1231 παιδίον
2539 1175 2639 1252 γὰρ
2697 1176 3029 1253 προστυχὸν,
3091 1174 3179 1230 καὶ
3205 1173 3319 1250 ἱερά
3348 1194 3467 1229 τινα
3523 1171 3783 1248 σύμϐολα

2130 1268 2237 1319 τῶν
2297 1265 2600 1342 μυστηρίων
2677 1269 2767 1320 καί
2839 1262 2971 1320 αύτᾶ
3023 1260 3393 1340 παρανάλωμα
3449 1270 3544 1319 τοῦ
3607 1265 3781 1341 πυρὸς

2133 1354 2354 1430 γίνεται.
2413 1352 2592 1415 Οὕτως
2638 1354 2781 1427 αὐτῷ
2835 1350 2992 1427 μόλις
3060 1352 3170 1408 τῶν
3222 1355 3404 1422 θυμῶν
3460 1351 3773 1427 ληξάντων,

2129 1442 2367 1498 ἐπάνεισι
2423 1443 2555 1516 πρὸ)
2602 1443 2698 1510 τὴν
2755 1439 3156 1519 Ἀλεξάνδρειαν
3187 1441 3326 1517 μετά
3355 1464 3416 1520 γε
3445 1446 3544 1508 τῆς
3577 1445 3775 1497 τοιαύ-

2127 1553 2226 1597 της
2285 1535 2312 1587 ὁ
2371 1531 2649 1611 ἀρχιερεὺς
2710 1531 2859 1597 νίκης
2913 1532 3003 1586 καὶ
3032 1535 3137 1587 τῶν
3169 1531 3307 1586 κατὰ
3337 1537 3440 1586 τῶν
3476 1534 3770 1610 μοιιαχών,

2129 1618 2335 1694 οἴμοιε
2395 1620 2686 1698 τροπαίων.
2750 1620 2907 1676 Αὐτοὶ
2965 1617 3018 1674 δὲ
3067 1616 3322 1698 τυχόντες
3379 1618 3552 1684 ἁδείας
3600 1619 3771 1684 ἐξίασι

2127 1710 2315 1785 γυμνοὶ
2371 1712 2465 1766 τοῦ
2512 1710 2760 1788 φρέατος,
2849 1709 3039 1783 μόναις
3115 1707 3320 1774 ὀθόναις
3377 1706 3770 1783 διαζωσάμενοι

405 1800 634 1863 linteis:
653 1807 712 1862 et
733 1799 977 1861 obibant
999 1801 1175 1862 simul
1198 1801 1615 1864 Alexandriam
1635 1801 2042 1881 fugitivi,prae-

2131 1798 2222 1865 τὴν
2282 1796 2432 1870 αἰδὼ,
2506 1799 2594 1855 καὶ
2652 1797 2943 1876 περιῄεσαν
3006 1796 3142 1853 οὕτω
3213 1799 3311 1866 τὴν
3364 1797 3770 1870 Ἀλεξάνδρειαν

408 1886 542 1948 dam
559 1904 735 1965 quam
753 1905 870 1947 non
887 1896 1157 1966 potuerat
1171 1895 1405 1970 assequi
1421 1888 1794 1970 Theophilus
1807 1899 1863 1950 et
1879 1889 2042 1951 illius

2131 1885 2363 1965 (ἐλεεινὴ
2418 1901 2536 1951 τοῖς
2584 1890 2776 1964 ὁρῶσιν
2823 1886 2988 1966 ὄψις),
3039 1889 3084 1942 εἰ
3136 1888 3224 1943 καὶ
3271 1888 3370 1955 τὴν
3400 1889 3594 1965 ἀρετὴν
3624 1893 3768 1955 ἦσαν

408 1975 1016 2055 insania,miserabile
1040 1976 1248 2054 iis,qui
1268 1978 1574 2059 videbant,
1607 1979 2037 2058 spectaculum,

2131 1975 2419 2056 φιλοτίμως
2453 1977 2834 2056 ἠμφιεσμένοι,
2875 1979 2962 2034 καὶ
3012 1975 3103 2031 ὑπ’
3156 1976 3365 2043 ἐκείνης
3421 1977 3600 2038 καλῶς
3658 1999 3766 2032 κο-

407 2064 640 2126 etiamsi
679 2065 897 2126 virtute
941 2074 1113 2127 erant
1153 2067 1346 2129 induti
1370 2067 1711 2147 splendide,
1747 2077 1806 2130 et
1832 2067 1908 2130 ab
1942 2068 2042 2131 illa

2131 2067 2439 2140 σμούμενοι.
2499 2067 2727 2130 Τούτους
2789 2065 3100 2144 ἐπιγνόντες
3165 2064 3535 2143 Ἀλεξανδρεῖς
3592 2065 3766 2137 ζήλου

406 2154 657 2234 pulchre
681 2155 897 2218 ornati.
934 2153 1049 2218 Eos
1068 2175 1196 2217 cum
1221 2157 1602 2236 agnovissent
1625 2157 2038 2232 Alexandrini,

2131 2155 2217 2211 καί
2278 2157 2442 2233 ὀργῆς
2491 2155 2710 2230 ἕμπλεω
2764 2156 3119 2220 καταστάντες
3166 2156 3334 2235 εὒθὺς,
3381 2155 3496 2212 οἷοι
3554 2156 3762 2212 ἐκεῖνοι

403 2244 531 2307 zelo
550 2252 608 2305 et
629 2245 716 2305 ira
737 2245 940 2306 statim
963 2246 1275 2326 repleti,ut
1297 2255 1432 2309 sunt
1453 2265 1625 2309 acres
1647 2260 1706 2309 et
1722 2249 2042 2309 vehemen-

2131 2246 2303 2323 θερμοὶ
2333 2247 2418 2301 καὶ
2471 2244 2791 2325 δυσκάτοχοι
2850 2246 2941 2311 τὰς
2993 2246 3184 2323 ὁρμὰς,
3217 2243 3502 2319 λαμπάδας
3534 2245 3766 2325 ἔχοντες

403 2342 516 2409 tes,
553 2334 858 2414 lampades
878 2335 941 2396 in
965 2354 1174 2398 manus
1193 2345 1529 2418 sumentes,
1563 2345 1620 2398 et
1642 2337 2040 2416 Theophilum

2131 2336 2262 2410 μετὰ
2300 2349 2521 2414 χεῖρας,
2567 2337 2655 2392 καὶ
2711 2337 2802 2391 τὸν
2861 2333 3144 2414 Θεόφιλον,
3193 2334 3314 2390 ἔνθα
3369 2333 3434 2401 δὴ
3461 2336 3551 2391 καὶ
3592 2335 3764 2408 ᾤοντο

403 2423 750 2504 ubicunque
773 2442 909 2485 eum
935 2443 1069 2488 esse
1092 2427 1408 2506 putabant,
1419 2425 1660 2507 publice
1693 2427 2042 2488 circumsis-

2131 2430 2296 2500 εἶναι,
2330 2423 2606 2501 πανδημεῖ
2643 2425 3010 2504 περιστάντες,
3047 2426 3146 2482 εἶσὶ
3176 2426 3277 2501 μὲν
3301 2427 3348 2482 οἱ
3404 2426 3492 2481 καὶ
3543 2424 3768 2501 ἔμπρη-

415 2519 628 2587 tentes,
664 2515 937 2576 nonnulli
961 2515 1204 2596 quidem
1227 2515 1906 2596 cceperuntincendere,
1942 2513 2042 2576 alii

2131 2522 2279 2592 σμῶν
2321 2515 2579 2595 ἤρχοντο,
2629 2517 2676 2572 οἱ
2723 2513 2778 2570 δὲ
2811 2514 3111 2591 διαρπαγὴν
3144 2516 3248 2570 τῶν
3281 2513 3451 2569 ὅντων
3482 2517 3764 2589 ἒμποίουν.

415 2610 612 2665 autem
634 2602 794 2664 bona
813 2603 1100 2684 diripere.
1134 2605 1281 2667 Cum
1316 2623 1454 2667 vero
1471 2606 1592 2686 jam
1616 2605 1688 2666 ad
1712 2623 1882 2666 sacra
1911 2622 2042 2666 vasa

2132 2597 2223 2668 Ὠς
2255 2603 2310 2661 δὲ
2342 2607 2428 2662 καὶ
2460 2607 2576 2684 περὶ
2607 2607 2672 2662 τὰ
2700 2605 2815 2682 ἱερὰ
2844 2605 3011 2671 σκεύη
3042 2617 3251 2684 χωρεῖν
3269 2602 3556 2682 ἕμελλοι,ὁ
3579 2601 3769 2683 ἅρχων

415 2701 618 2758 essent
640 2695 894 2769 venturi,
921 2712 1142 2777 praeses
1165 2696 1383 2758 timens
1406 2697 1760 2776 periculum,
1793 2693 2042 2756 accessit

2131 2696 2218 2750 τὸν
2278 2693 2512 2752 κίνδυνον
2571 2693 2880 2765 ὑποπτήξας
2933 2695 3185 2772 προσῄει,
3260 2693 3437 2771 λόγων
3509 2693 3772 2767 ἐπιεικείᾳ

413 2804 518 2847 eos
548 2785 804 2861 leniens,
833 2793 891 2845 et
914 2784 1283 2849 humanitate
1301 2805 1509 2846 eorum
1537 2785 1683 2846 iram
1705 2784 1911 2846 volens
1941 2801 2042 2844 se-

2131 2788 2463 2842 τιθασσεῦσαι
2521 2784 2844 2861 βουλόμενος
2905 2785 2992 2855 καὶ
3051 2785 3150 2850 τὴν
3199 2784 3372 2859 ὁρμὴν
3407 2782 3592 2849 αὐτοῖς
3639 2783 3768 2838 ἐπι-

401 2875 568 2938 dare.
604 2875 696 2937 Illi
719 2883 915 2951 autem
955 2875 1140 2954 magis
1171 2873 1601 2947 efferebantur,
1638 2872 2041 2954 Theophilum

2131 2888 2312 2954 σχεῖν.
2350 2877 2409 2933 Οἱ
2438 2873 2492 2930 δὲ
2523 2877 2609 2930 καὶ
2668 2873 2874 2949 μᾶλλον
2920 2873 3172 2951 ἧγρίανον
3203 2873 3293 2929 καὶ
3323 2874 3457 2948 βοῆς
3489 2874 3574 2929 καὶ
3603 2875 3767 2947 θορύ-

403 2973 686 3045 tanquam
709 2964 963 3025 venatici
1010 2964 1251 3042 quidam
1276 2982 1456 3026 canes
1479 2962 1724 3026 naribus
1746 2963 2038 3041 indagan-

2131 2962 2216 3020 ὅου
2247 2966 2310 3020 τὰ
2340 2965 2548 3021 ἅπαντα
2603 2963 2894 3042 ἐπλήρουν,
2952 2964 3043 3018 τὸν
3095 2961 3355 3042 Θεόφιλον
3381 2966 3473 3018 οἷα
3501 2960 3566 3032 δὴ
3591 2965 3768 3040 θηρα-

402 3064 514 3127 tes,
553 3061 610 3114 et
634 3054 908 3115 ultricem
935 3053 994 3113 in
1023 3072 1160 3114 eum
1203 3071 1440 3114 manum
1467 3053 1777 3132 cupientes
1808 3051 2042 3112 immit-

2131 3056 2262 3111 τικοὶ
2305 3055 2457 3118 κύνες
2503 3053 2940 3132 ῥινηλατοῦντες,
2988 3050 3136 3130 ἄρξαι
3196 3073 3253 3106 τε
3312 3060 3553 3129 τιμωροῦ
3590 3050 3763 3117 δεξιᾶς

402 3151 553 3205 tere.
589 3144 782 3223 Atque
809 3141 1049 3221 ρι’ωείάὶ
1081 3142 1325 3222 quidem
1361 3141 1656 3203 suadebat
1681 3149 1872 3201 metus
1903 3159 2038 3201 eum

2131 3143 2211 3200 ἐπ’
2257 3145 2399 3217 αὐτῷ
2433 3143 2780 3222 γλιχόμενοι.
2815 3149 2902 3216 Τῷ
2930 3141 3029 3216 μὲν
3059 3142 3148 3196 οὖν
3180 3138 3410 3219 ἄρχοντι
3444 3141 3671 3217 παρῄνει
3702 3143 3765 3196 τὸ

394 3234 519 3314 jam
545 3231 804 3306 tradere,
842 3238 1086 3311 propter
1113 3232 1472 3292 concitatam
1500 3230 1661 3290 illam
1695 3231 2037 3308 eorum,qui

2131 3232 2240 3295 δέος
2293 3231 2508 3289 ἔκδοτον
2553 3232 2713 3288 αὒτὸν
2757 3230 2860 3298 ἤδη
2902 3230 3086 3286 θέσθαι
3133 3228 3219 3287 διὰ
3261 3229 3360 3296 τήν
3405 3228 3614 3297 πολλὴν
3657 3231 3761 3286 τὼν

404 3323 597 3402 ipsum
622 3320 1434 3400 quierebant,incursionem.
1473 3319 1589 3382 Sed
1616 3319 1713 3381 ille
1738 3337 1873 3380 cum
1898 3318 2040 3380 solis

2131 3323 2427 3393 ζητούντων
2485 3321 2806 3400 ἐπιδρομήν.
2867 3319 3016 3376 Ἀλλ’
3065 3319 3271 3382 ἐκεῖνος
3315 3319 3440 3374 ποσὶ
3484 3319 3667 3394 μόνοις
3698 3322 3761 3375 τὸ

404 3409 659 3493 pedibus
690 3409 805 3471 sibi
836 3409 1169 3490 quaesiisset
1199 3409 1476 3484 salutem,
1507 3410 1566 3470 in
1617 3409 1878 3489 quodam
1911 3409 2041 3470 loco

2131 3413 2357 3480 σωθῆνει
2421 3412 2730 3486 πιστεύσας,
2807 3409 2861 3465 ’ἐν
2938 3431 3034 3466 τινι
3092 3409 3242 3482 τόπῳ
3284 3414 3390 3464 τῶν
3445 3407 3762 3486 ἀπορρήτων

402 3507 634 3563 secreto
655 3516 719 3560 se
741 3499 974 3573 infodit,
1007 3499 1253 3562 timidus
1299 3507 1548 3579 repente
1580 3517 1902 3579 apparens,
1939 3498 2042 3578 qui

2131 3503 2313 3559 ἑαυτὸν
2369 3505 2702 3580 κατορύττει,
2768 3499 2940 3560 δειλὸς
3000 3499 3190 3576 ἀθρόον
3249 3501 3276 3554 ὁ
3349 3511 3603 3576 γενναῖος
3663 3497 3758 3554 καί

403 3597 563 3651 tanta
594 3596 722 3651 erat
743 3589 1017 3664 audacia,
1054 3598 1112 3650 et
1145 3608 1276 3652 mus
1325 3589 1501 3651 modo
1542 3589 1735 3669 picem
1769 3601 2036 3666 gustans.

2131 3592 2423 3667 τολμητίας
2506 3592 2818 3670 ἀναφανεὶς,
2903 3589 3255 3668 ῐεπιχειρῆσαί
3353 3609 3407 3646 τε
3481 3585 3761 3666 πράγμασι

401 3679 631 3741 Deinde
654 3698 789 3741 cum
840 3697 1059 3760 praeses
1090 3679 1428 3760 accepisset
1459 3679 1812 3753 monachos,
1850 3689 1908 3741 et
1939 3699 2041 3741 eos

2131 3681 2460 3760 θερμοτέροις
2506 3681 2677 3758 ξυρὸς,
2728 3681 2814 3735 καὶ
2869 3677 2922 3734 εἴ
2966 3701 3016 3734 τι
3049 3675 3181 3733 ἄλλο
3213 3681 3320 3732 τῶν
3349 3680 3627 3756 ταχίστων
3675 3678 3768 3733 καὶ

403 3769 698 3831 induisset
720 3768 984 3831 vestibus
1007 3771 1115 3846 (sic
1138 3771 1297 3831 enim
1330 3769 1607 3832 studebat
1641 3769 1921 3849 populum
1948 3789 2042 3830 se-

2131 3780 2328 3848 τομῶν,
2371 3771 2785 3851 γνωριζόμενος.
2836 3769 2974 3826 Εἶτα
3017 3768 3141 3829 τοὺς
3185 3767 3427 3833 ἀσκητὰς
3487 3769 3515 3822 ὁ
3574 3766 3764 3847 ἄρχων

404 3860 734 3934 dare,sicut
754 3859 1036 3932 dixinms,
1073 3867 1130 3920 et
1150 3859 1406 3939 impetus
1429 3877 1637 3920 eorum
1660 3860 2040 3939 reprimere),

2131 3861 2326 3938 λαϐὼν,
2375 3860 2471 3916 καί
2517 3860 2703 3935 ἱμάτια
2760 3856 3022 3936 περιθεὶς,
3089 3857 3164 3919 εἰς
3208 3857 3268 3911 τὸ
3314 3854 3521 3922 πλῆθος
3567 3854 3761 3939 ἐξῆγε,

403 3950 760 4013 ostendebat
777 3935 1287 4030 praesentesﬁum
1311 3957 1512 4010 autem
1536 3947 1684 4008 nihil
1702 3935 2041 4028 proliceret,

2131 3935 2416 4030 πραότερον
2464 3948 2630 4013 οὕτως
2673 3949 2799 4005 αὒτὸ
2838 3935 3117 4002 διαθεῖναι
3166 3943 3518 4021 βουλόμενος,
3569 3935 3663 4008 Ὠς
3712 3942 3771 3999 δὲ

403 4040 623 4102 timens
650 4059 724 4100 ne
748 4039 879 4118 ipse
903 4040 1073 4100 ﬁeret
1097 4041 1199 4099 ira;
1225 4045 1607 4117 tropaeum,et
1624 4037 1817 4097 lueret
1841 4054 2042 4116 pinnas

2131 4039 2294 4116 μηδὲν
2337 4039 2487 4118 ἤνυε,
2560 4037 2733 4101 δείσας
2805 4037 2883 4112 μὴ
2943 4037 3200 4112 τρόπαιον
3246 4033 3407 4090 αὒτὸθ
3452 4039 3546 4090 τοῦ
3575 4036 3774 4108 ,θυμοῦ

402 4130 621 4192 furoris
639 4129 699 4189 in
713 4127 1449 4205 Theophilum,accedens
1467 4125 2041 4205 juratTheophilum

2131 4131 2374 4209 γένηται,
2421 4128 2515 4184 καί
2563 4127 2660 4192 τὴν
2712 4127 2788 4190 εἰς
2821 4123 3080 4204 Θεόφιλον
3111 4123 3294 4201 ἐκτίσῃ
3326 4125 3546 4202 μανίαν,
3578 4121 3766 4197 ὄμνυσι

402 4236 777 4300 nequaquam
834 4218 889 4278 ei
951 4215 1287 4277 ostendisse
1319 4233 1580 4286 causam,
1617 4233 1725 4276 cur
1755 4233 1858 4276 eos
1891 4215 2042 4275 viros

2131 4219 2399 4297 παραστὰς
2459 4219 2536 4288 μὴ
2589 4213 2758 4284 δήλην
2819 4214 2960 4287 αὒτῷ
3017 4219 3241 4281 ποιῆσαι
3285 4217 3386 4280 τὴν
3418 4213 3590 4268 αἰτίαν
3623 4211 3764 4267 Θεό-

401 4314 721 4388 quaareret;
755 4307 860 4368 sed
886 4305 1300 4384 dixisse,quod
1330 4313 1528 4365 essent
1560 4305 1826 4384 corrupti
1856 4304 1914 4365 in
1940 4323 2037 4366 re-

2131 4308 2310 4388 ερ;λον,
2372 4305 2485 4362 καθ’
2543 4305 2612 4372 ἢν
2670 4305 2952 4375 επιζιιτοίη
3017 4304 3138 4367 τοὺς
3185 4300 3395 4382 ἄνδρας.
3443 4302 3615 4358 Tim
3661 4301 3767 4388 γὰρ

401 4387 646 4478 Iigione,
701 4406 757 4458 et
803 4397 960 4476 quod
1022 4415 1140 4457 non
1175 4394 1319 4456 satis
1351 4395 1665 4474 ducerent,
1699 4395 1748 4455 si
1780 4396 1894 4474 ipsi
1927 4396 2037 4456 soli

2131 4387 2254 4470 πεὸς
2297 4398 2478 4468 αὐτὸν,
2541 4393 2622 4450 ὅτι
2669 4392 3063 4471 διεφθαρμένους
3097 4392 3285 4471 ἔχοιεν
3336 4392 3455 4470 περὶ
3507 4392 3570 4447 τὸ
3601 4387 3763 4452 σέϐας

402 4494 760 4567 aagrotarent
787 4507 804 4562 ;
839 4485 944 4547 sed
974 4485 1120 4546 alios
1153 4484 1328 4545 etiam
1356 4492 1716 4545 conarentur
1747 4484 2038 4546 inducere

2131 4492 2170 4545 οἱ
2216 4487 2472 4565 μοναχοῖ,
2533 4483 2629 4540 καί
2687 4486 2762 4545 ὡς
2821 4484 2882 4538 οὒ
2939 4491 3094 4541 τοῦτο
3127 4481 3315 4560 μόνον,
3349 4479 3487 4536 ἀλλὰ
3515 4480 3603 4536 καὶ
3635 4478 3755 4535 ἐτέ-

399 4577 473 4638 ad
497 4594 663 4637 suam
692 4573 1273 4638 communionem.Si
1297 4576 1456 4637 enim
1480 4573 2032 4654 scivissam,inquit,

2131 4600 2240 4640 sou;
2302 4574 2615 4655 ἐφέλκονται
2666 4573 2798 4652 πρὸς
2849 4573 2910 4627 τὸ
2942 4571 3154 4646 ὅμοιον,
3191 4571 3248 4627 EI
3277 4571 3379 4648 γὰρ
3408 4567 3580 4648 ᾔδειν,
3628 4567 3756 4648 ἔφη,

402 4665 562 4746 quod
596 4665 799 4725 animo
832 4665 1246 4744 agitabat,non
1279 4664 1460 4725 modo
1495 4682 1614 4725 non
1645 4663 2035 4746 praebuissem

403 4754 651 4827 milites,
707 4755 812 4816 sed
864 4773 976 4816 nec
1024 4754 1192 4818 illum
1249 4757 1441 4834 ipsum
1489 4753 1730 4833 quidem
1765 4754 2038 4816 sivissem

403 4844 634 4926 egredi.
667 4844 811 4910 Cum
837 4845 924 4906 sic
950 4846 1220 4921 dixisset,
1258 4845 1345 4904 vix
1373 4843 1611 4905 tandem
1632 4843 1718 4904 eis
1742 4845 2038 4921 persuasit

405 4945 470 4997 ut
497 4934 874 4998 recederent.
909 4934 1122 4997 Postea
1151 4944 1351 4996 autem
1384 4933 1776 5007 Theophilus,
1810 4951 1945 4995 cum
1981 4943 2044 4994 et

403 5025 599 5105 ipsum
636 5025 1044 5106 praesidem,et
1075 5024 1361 5107 quidquid
1398 5033 1524 5084 erat
1551 5023 1776 5084 clarum
1807 5033 1866 5084 et
1897 5022 2037 5084 illu-

403 5124 525 5178 stre
544 5121 604 5176 in
630 5114 869 5177 civitate
889 5117 1029 5195 (erat
1051 5115 1205 5176 enim
1232 5132 1328 5175 res
1351 5113 1699 5193 pecuniaria
1724 5113 1812 5173 eis
1834 5111 1891 5171 in
1920 5130 2038 5171 ma-

403 5224 549 5287 gnas
579 5206 833 5268 adducta
849 5205 1176 5285 angustias)
1202 5204 1375 5266 donis
1399 5203 1696 5283 explesset
1716 5201 1788 5264 ad
1810 5205 2045 5263 satieta-

403 5305 548 5373 tem,
580 5295 642 5356 in
694 5315 863 5357 suam
927 5296 1161 5374 sedem,
1198 5295 1353 5375 quod
1386 5293 1610 5354 utinam
1645 5310 1765 5352 non
1821 5291 2040 5353 factum

405 5384 1159 5464 esset,restituitur.Atque
1188 5383 1291 5444 alii
1322 5383 1562 5464 quidem
1598 5399 1663 5441 ex
1698 5380 1791 5442 his
1823 5382 2044 5444 sanctis

403 5475 548 5536 viris
565 5473 707 5537 alibi
727 5484 862 5536 sunt
885 5475 1166 5554 dispersi:
1188 5473 1510 5535 Dioscorus
1533 5479 1826 5545 autem,et
1845 5473 2046 5551 plures

405 5565 506 5626 alii
538 5583 612 5627 ex
667 5564 1046 5645 melioribus,
1083 5584 1201 5625 non
1234 5564 1425 5625 solum
1461 5581 1535 5622 ex
1573 5562 1905 5642 monachis,
1939 5563 2044 5624 sed

406 5656 583 5717 etiam
616 5673 684 5718 ex
713 5655 1151 5731 sacerdotibus,
1203 5673 1335 5714 eum
1397 5651 1613 5728 secuti,
1645 5651 1940 5714 accedunt
1973 5655 2045 5716 ad

2121 4672 2182 4726 τὸ
2225 4668 2362 4724 κατὰ
2421 4671 2564 4743 νοῦν,
2618 4665 2721 4742 οὔχ
2781 4659 2929 4726 ὅπως
2985 4659 3049 4716 ἂν
3093 4659 3448 4736 στρατιώτας,
3483 4655 3604 4714 ἀλλ’
3634 4656 3755 4714 οὐδὲ

2123 4759 2280 4814 αότὸν
2323 4755 2532 4810 ἐκεῖνον
2575 4751 2853 4830 παρέσχον
2897 4748 2958 4805 ἂν
3025 4746 3282 4814 ἐξελθεῖν.
3359 4747 3543 4810 Οὕτως
3597 4748 3761 4804 εἰπὼν

2123 4849 2223 4923 ὀψὲ
2281 4846 2368 4900 καὶ
2412 4843 2568 4918 μόλις
2614 4840 2820 4897 ἔπειθεν
2880 4839 3203 4905 ἀποστῆναι.
3270 4835 3524 4914 ’Ὕστερον
3569 4836 3763 4911 μέντοι

2127 4933 2384 5016 Θεόφιλος
2417 4933 2574 4988 αὐτόν
2603 4951 2662 4986 τε
2694 4929 2958 5008 ἄρχοντα,
2998 4927 3093 4984 καί
3129 4932 3233 4984 πᾶν
3265 4924 3294 4982 ὅ
3325 4948 3376 4982 τι
3407 4927 3674 4999 ἐπίσημον
3699 4925 3767 4991 ἧν

2124 5030 2224 5094 τῆς
2247 5014 2478 5091 πόλεως,
2544 5017 2730 5096 δώροις
2781 5018 3108 5096 θεραπεύσας
3161 5018 3235 5080 είς
3288 5016 3446 5092 κόρον
3498 5014 3612 5094 (καὶ
3668 5016 3770 5092 γὰρ

2125 5117 2190 5183 ἧν
2235 5116 2378 5187 αὑτῷ
2421 5109 2562 5176 δεξιὰ
2609 5106 2821 5182 πλούτῳ
2875 5105 3260 5184 βαρυνομένη),
3315 5106 3390 5168 εἰς
3448 5107 3540 5160 τὸν
3584 5103 3771 5181 θρόνον

2127 5203 2455 5274 ἀνασώζεται
2513 5199 2606 5256 τὸν
2651 5199 2878 5258 οἰκεῖον,
2919 5195 3111 5252 ’Ἄλλοι
3154 5195 3250 5269 μὲν
3304 5197 3395 5249 οὖν
3445 5199 3552 5249 τῶν
3612 5194 3773 5248 ὁσίων

2126 5295 2330 5353 τούτων
2389 5287 2591 5366 ἀνδρῶν
2636 5287 2881 5367 ἀλλαχοῦ
2923 5283 3319 5361 διεσπάρησαν,
3379 5293 3508 5345 Τοῖς
3548 5280 3608 5337 δὲ
3652 5283 3775 5359 περὶ

2134 5387 2422 5460 Διόσκορον
2495 5379 2585 5435 καὶ
2639 5377 2810 5456 ἕτεροι
2872 5373 3087 5438 πλείους
3161 5378 3266 5428 τῶν
3317 5370 3773 5446 σπουδαιοτέρων,

2128 5473 2302 5554 φημί,
2336 5473 2594 5549 μοναχῶν
2639 5488 2697 5524 τε
2756 5468 2842 5523 καὶ
2885 5465 3069 5540 ἱερέων
3115 5461 3598 5530 ἀκολουθήσαντες.
3633 5459 3772 5516 Σιλ-

2131 5547 2298 5635 ϐανῴ⁷
2335 5569 2412 5634 τῷ
2466 5547 2573 5616 ei?»
2636 5547 3019 5633 Ἰεροσολύμων
3082 5552 3369 5624 ἐπισκόπῳ
3442 5549 3770 5629 προσῆλθον.

2133 5656 2282 5721 Πλὴν
2328 5650 2443 5711 οὐδὲ
2490 5647 2653 5710 οὔτως
2706 5648 2898 5712 ἂνῆκιν
2947 5645 3132 5708 αὖτοὺς
3174 5645 3401 5721 ἡμερεῖν
3437 5642 3470 5707 ἡ
3531 5641 3780 5719 ’παράλου
