4060 6200
317 337 474 402 1149

1354 335 1547 400 νιΤΑ
1590 337 1652 398 S.
1709 335 2031 400 JOANNIS
2072 337 2630 403 CHRYSOSTOMI.

3573 344 3686 410 150

315 475 517 538 παντὸς
561 471 966 551 πεπληρωμένη
997 474 1176 553 ψυχή.
1239 470 1408 529 Ἀλλᾶ
1440 470 1686 544 Σιλϐανῷ
1721 472 1960 551 γράφων,

2052 468 2364 542 Sylvanum
2387 470 2726 543 episcopum
2749 471 3362 545 Hierosolymitanum.
3388 476 3496 534 Sed
3519 488 3592 534 ne
3615 476 3698 535 sic

318 569 427 625 Οὐκ
481 562 611 638 ἔδει,
647 561 826 643 ἔλεγε,
870 563 1016 642 παρᾶ
1070 564 1132 618 τὸ
1191 562 1308 638 ἐμοὶ
1365 559 1551 618 δοκοῦν
1605 559 1969 640 ὑποδεχθῆναι

314 656 441 718 τοὺς
498 650 754 731 φυγάδας.
791 652 1120 732 Συγγνωστῂ
1177 650 1230 707 δὲ
1263 650 1474 729 ἄγνοια.
1536 649 1683 718 Πλὴν
1715 649 1852 706 ἀλλὰ
1908 650 1969 705 τὸ

316 744 454 820 μετᾶ
508 749 676 800 ταῦτα
702 741 787 798 δεῖ
844 744 1058 806 πάντως
1095 743 1233 817 μήτε
1291 740 1741 808 ἔκκλησιαστικοῦ
1783 740 1968 803 αὐτοῖς

317 834 510 906 τόπου,
579 833 718 906 μήτε
776 828 1048 888 ἰδιωτικοῦ
1114 843 1419 892 κοινωνεῖν,
1483 831 1663 891 Οὕτως
1733 829 1805 886 είς
1864 835 1968 884 πᾶν

323 922 546 1001 ἀπορίας
610 920 852 980 ἦλθόντες
911 923 957 976 οἱ
1014 922 1249 998 μοναχοὶ
1305 920 1443 977 κατὰ
1498 924 1674 975 πᾶσαν
1729 918 1966 996 ἀνάγκην

317 1014 487 1068 τόπον
529 1008 593 1066 ἐκ
647 1011 814 1066 τόπου
885 1015 1130 1089 συνεχῶς
1188 1007 1617 1084 διαλλάττοντες,
1680 1008 1811 1086 πρὸς
1871 1007 1967 1074 τὴν

324 1099 723 1158 Κωνσταντίνου
777 1105 1022 1179 φοιτῶσι·
1091 1099 1179 1155 καὶ
1232 1106 1309 1173 τῷ
1371 1096 1521 1171 καλῷ
1582 1097 1752 1170 τούτῳ
1794 1119 1966 1174 προσ-

320 1188 565 1253 ελθόντες
612 1189 828 1264 ποιμένι
859 1187 990 1264 (τίνι
1039 1187 1140 1265 γὰρ
1177 1186 1240 1242 ἄν
1272 1209 1359 1243 και
1408 1191 1572 1266 εἶχον
1601 1187 1764 1265 ἑτέρῳ
1797 1188 1862 1261 ς),
1894 1193 1968 1260 τῷ

317 1278 510 1357 γλυκεῖ
567 1279 667 1353 μὲν
693 1280 794 1345 τὴν
825 1278 1094 1355 γλῶτταν,
1128 1276 1264 1350 ἐλέῳ
1295 1275 1350 1332 δὲ
1403 1275 1592 1350 πολλῷ
1621 1276 1722 1343 τὴν
1781 1277 1966 1356 ψυχὴν

318 1367 702 1446 ἱλαρυνομένῳ,
737 1365 945 1424 ἐδέοντο
1005 1367 1226 1442 βοηθεῖν
1283 1367 1466 1428 αὐτοῖς
1498 1372 1717 1444 ποιηρῷ
1759 1365 1965 1444 ἀνθρώ-

319 1479 404 1530 πῳ
460 1463 836 1536 περιπεσοῠσι,
882 1455 976 1511 καί
1035 1455 1162 1532 παρ’
1205 1457 1364 1513 αὒτοῦ
1421 1453 1652 1512 πλεῖστα
1706 1453 1804 1510 ὅσα
1861 1477 1967 1511 πε-

321 1547 538 1604 πονθόσι
598 1545 761 1624 δεινὰ,
793 1546 880 1602 καὶ
933 1544 984 1600 τί
1016 1545 1116 1624 γὰρ
1178 1542 1330 1618 ἄλλο,
1365 1546 1544 1622 φασὶν,
1579 1543 1613 1611 ἢ
1664 1545 1750 1600 καὶ
1802 1543 1964 1611 αὐτῆς

321 1635 438 1713 ἄρτι
486 1639 758 1715 φθονοῦντι
811 1636 900 1690 καὶ
948 1635 1047 1703 τῆς
1101 1639 1296 1709 ζωῆς;
1351 1635 1567 1698 Τούτοις
1622 1635 1880 1714 προσχὼν
1939 1640 1966 1690 ὁ

325 1726 616 1804 μακάριος,
677 1726 766 1781 καὶ
831 1722 954 1780 ἰδὼν
1027 1721 1216 1801 ἄνδρας
1283 1725 1355 1786 εἷς
1432 1723 1763 1792 πεντήκοντα
1835 1745 1965 1779 συν-

2053 556 2296 637 quidem
2323 575 2427 618 eos
2449 555 2620 618 scivit
2641 560 2953 639 quiescere
2976 558 3076 620 illa
3100 561 3262 622 omni
3296 562 3552 624 tumultu
3577 563 3700 640 ple-

2052 670 2126 712 na
2149 669 2388 731 semper
2416 653 2634 727 anima,
2661 653 2764 714 sed
2798 652 3069 715 scribens
3092 653 3164 714 ad
3196 655 3532 734 Sylvanum:
3567 655 3695 717 Non

2052 740 2844 820 oportebat,inquit,omnino
2870 752 3096 824 prater
3117 761 3306 804 meam
3332 745 3692 808 voluntatem

2054 847 2222 892 meos
2242 830 2434 910 excipi
2454 831 2758 910 fugitivos.
2790 831 3141 911 Ignorantia;
3162 841 3355 894 autem
3379 843 3468 896 est
3488 834 3692 913 ignos-

2051 918 2391 998 cendum,si
2418 920 2704 1000 deinceps
2725 921 2820 981 isti
2841 939 2958 983 non
2983 921 3395 997 ecclesiastici,
3425 941 3542 984 non
3570 923 3696 1003 pri-

2052 1007 2163 1070 vati
2189 1007 2303 1068 Ioci
2326 1009 2550 1070 fuerint
2570 1011 2815 1070 omnino
2838 1011 2992 1090 apud
3018 1019 3073 1072 te
3088 1011 3537 1092 participes.Sic
3560 1032 3693 1074 cum

2050 1099 2253 1160 animo
2280 1099 2441 1159 omni
2465 1117 2533 1160 ex
2559 1106 2727 1180 parte
2754 1101 2920 1161 dubii
2947 1113 3007 1162 et
3030 1101 3295 1182 perplexi
3332 1110 3533 1164 essent
3564 1123 3695 1164 mo-

2053 1187 2600 1262 nachi,necessario
2628 1208 2747 1270 quo
2775 1190 3184 1253 intercedebat
3211 1191 3427 1253 itinere
3452 1193 3696 1254 confec-

2054 1277 2394 1352 to,veniunt
2415 1279 3086 1360 Constantinopolim:et
3109 1280 3179 1340 ad
3201 1280 3418 1342 bonum
3437 1281 3695 1360 hunc(ad

2051 1385 2227 1447 quem
2257 1366 2416 1430 enim
2445 1368 2626 1429 alium
2653 1369 2952 1449 possent?)
2989 1378 3283 1449 pastorem
3316 1371 3692 1451 accedentes,

2052 1455 2150 1536 qui
2175 1455 2523 1536 eratlingua
2544 1458 2786 1539 quidem
2823 1459 3256 1538 dulcis,ntagna
3280 1467 3474 1521 autem
3508 1459 3692 1521 mise-

2048 1545 2309 1606 ricordia
2329 1546 2586 1606 animam
2613 1545 2872 1608 habebat
2894 1547 3603 1626 exhilaratam,rogabant
3635 1557 3698 1610 ut

2051 1635 2141 1696 eis
2158 1635 2338 1697 ferret
2359 1635 2777 1716 auxilium,qui
2799 1638 2856 1696 in
2886 1637 3102 1698 malum
3123 1643 3308 1698 virum
3333 1637 3693 1712 inciderant,

2053 1731 2112 1785 et
2132 1722 2204 1785 ab
2229 1742 2299 1784 eo
2325 1741 2390 1785 ea
2418 1724 2575 1804 passi
2604 1734 2742 1786 sunt
2765 1727 2943 1798 mala,
2979 1746 3112 1807 quae
3135 1727 3338 1789 nullus
3368 1728 3494 1789 fere
3514 1728 3693 1787 homo

324 1813 779 1891 αριθμουμένους,
853 1815 915 1868 τὸ
999 1818 1194 1892 σχῆμα
1277 1810 1826 1893 διακεκοσμημένους,
1910 1814 1966 1869 τὸ

2053 1812 2126 1874 ab
2154 1813 2420 1875 homine:
2445 1814 2673 1894 et,quid
2701 1815 2858 1875 enim
2883 1815 3474 1896 aliud,inquiunt,vel
3506 1817 3692 1896 ipsam

319 1903 541 1978 βλέμμα
613 1901 1065 1978 κεκολασμένους,
1134 1903 1233 1968 τὴν
1307 1901 1529 1967 ἔντευξιν
1602 1901 1967 1980 ἀπαιδεύτους,

318 1995 422 2050 ὑπὸ
474 1990 654 2068 πολλῇ
685 1998 753 2067 τῇ
800 1991 939 2062 τήξει
984 1999 1090 2048 τῶν
1122 1989 1302 2065 μελῶν
1359 1991 1552 2068 ἀρετὴν
1582 1990 1715 2058 ὅσην
1773 1991 1967 2071 ἐμφαί-

323 2104 506 2147 νοντας
563 2085 1050 2159 επικρυπτομένην,
1113 2080 1313 2148 ἠλέησέ
1371 2102 1427 2136 τε
1501 2086 1599 2148 τῆς
1673 2089 1968 2162 συμφορᾶς,

321 2173 408 2229 καὶ
464 2170 829 2250 παράκλησιν,
861 2171 926 2238 ἣν
982 2172 1112 2250 εἶχε
1166 2172 1297 2246 πρὸς
1360 2173 1421 2226 τὸ
1478 2172 1668 2250 παρὸν,
1705 2184 1970 2251 παρεῖχεν

323 2262 534 2336 αὐτοῖς,
598 2261 665 2318 τὰ
718 2259 938 2338 δάκρυα,
1000 2262 1086 2316 καὶ
1151 2263 1213 2316 τὸ
1262 2259 1424 2326 δῆλον
1483 2261 1710 2337 γίνεσθαι
1770 2262 1963 2318 συναλ-

325 2355 516 2428 γοῦντα
547 2364 662 2415 τοῖς
705 2354 878 2409 αὐτῶν
939 2350 1181 2407 πάθεσιν.
1233 2359 1365 2407 Εῖτα
1409 2351 1592 2425 μαθὼν
1635 2353 1704 2414 ὡς
1735 2354 1860 2430 εἶχε
1905 2351 1970 2406 τὰ

307 2438 446 2500 ,κατ’
501 2440 714 2513 αὐτοὺς,
749 2439 804 2494 ἐν
861 2445 994 2514 τιμῇ
1027 2440 1123 2514 μὲν
1180 2440 1303 2518 ἦγε,
1337 2440 1419 2496 καὶ
1479 2438 1658 2514 μένειν
1711 2439 1968 2517 ἐπέτρεψε

323 2527 456 2594 τέως
497 2529 633 2584 κατὰ
690 2529 781 2584 τὸν
824 2528 1152 2603 καλούμενον
1210 2527 1560 2592 Ἀναστασίας
1624 2530 1780 2585 νεών⁸
1826 2551 1966 2605 παρ-

323 2615 546 2695 ήγγειλε
617 2615 671 2672 δὲ
745 2615 930 2692 μηδενὶ
998 2617 1097 2684 τὴν
1143 2617 1311 2672 αἰτίαν
1357 2615 1579 2684 ἔκδηλον
1635 2622 1810 2674 θεσθαι
1867 2624 1964 2684 τῆς

323 2711 496 2765 αὐτῶν
553 2706 864 2784 παρούσίσς,
925 2706 1207 2770 κοινωνίας
1271 2727 1331 2783 γε
1393 2706 1503 2780 μὴν
1561 2708 1619 2763 οὐ
1672 2706 1962 2781 μετέδωκε,

321 2797 398 2869 μὴ
430 2795 545 2854 δεύν
578 2796 830 2875 εἰρηκὼς,
861 2794 1020 2875 ἆίρχις
1075 2797 1137 2850 ἂν
1171 2794 1412 2874 Θεοφίλῷ
1444 2798 1562 2875 περὶ
1614 2799 1786 2853 αὐτῶν
1828 2798 1963 2876 γρά-

319 2890 494 2960 ψειεν,

2053 1901 2233 1963 modo
2259 1901 2483 1964 invidet
2507 1903 2718 1964 vitam?
2750 1903 2885 1965 Haec
2911 1923 3045 1964 cum
3070 1904 3426 1966 attendisset
3446 1905 3531 1966 vir
3558 1904 3698 1965 bea-

2053 2000 2168 2062 tus,
2200 1999 2256 2052 et
2287 1991 2535 2053 vidisset
2568 1993 2722 2058 viros
2765 2011 3017 2054 numero
3050 1994 3506 2074 quinquaginta,
3530 1993 3693 2054 vultu

2054 2079 2708 2156 moderatos,sermone
2730 2082 3019 2158 eruditos,
3052 2100 3262 2161 magna
3285 2081 3693 2144 membrorum

2055 2172 2458 2233 maceratione
2482 2174 2761 2236 latentem
2801 2191 3072 2252 magnam
3101 2173 3490 2234 ostendentes
3521 2172 3697 2234 virtu-

2055 2271 2197 2334 tem,
2227 2261 2513 2323 misertus
2537 2270 2624 2323 est
2655 2280 2859 2323 eorum
2885 2263 3256 2324 calamitatis.
3292 2262 3510 2334 Quidni
3534 2262 3692 2322 enim

2053 2351 2442 2412 misereretur
2479 2352 2567 2412 sic
2613 2353 2988 2426 aﬂ‘ectorum,
3023 2351 3121 2432 qui
3154 2360 3279 2412 erat
3331 2350 3693 2412 humanissi-

2056 2456 2186 2499 mus
2207 2446 2234 2500 ?
2262 2441 2340 2501 Et
2364 2459 2537 2520 quam
2564 2440 2724 2502 domi
2749 2442 3006 2503 habebat
3033 2441 3526 2513 consolationem,
3559 2448 3696 2499 ante

2054 2529 2254 2590 omnia
2286 2529 2372 2589 eis
2410 2528 2686 2609 praebuit,
2726 2530 3043 2608 lacrymas,
3079 2539 3135 2592 et
3175 2541 3376 2610 aperte
3412 2527 3690 2601 ostendit,

2052 2635 2116 2679 se
2139 2637 2208 2678 ex
2241 2635 2445 2679 eorum
2476 2618 2645 2680 malis
2675 2619 2856 2681 simul
2886 2638 3016 2682 cum
3053 2621 3139 2680 eis
3161 2619 3429 2680 dolorem
3452 2617 3692 2696 accipe-

2050 2725 2143 2768 re.
2176 2707 2408 2769 Deinde
2433 2727 2565 2769 cum
2596 2709 3099 2789 quemadmodum
3129 2727 3228 2770 res
3259 2726 3465 2769 eorum
3497 2725 3561 2767 se
3584 2706 3694 2766 ha-

2051 2794 2265 2857 berent
2293 2795 2628 2871 didicisset,
2665 2813 2768 2861 eos
2812 2797 3057 2879 quidem
3093 2797 3298 2860 habuit
3331 2797 3394 2858 in
3437 2797 3690 2869 honore,

2051 2893 2108 2947 et
2130 2885 2313 2966 jussit
2334 2904 2438 2948 eos
2464 2888 2521 2946 in
2543 2888 2860 2967 praesentia
2891 2891 3217 2949 manerein
3252 2886 3500 2966 templo,
3535 2883 3691 2965 quod

317 2987 558 3042 vocatur
583 2979 915 3044 Anastasiae
949 3001 962 3044 :
990 2979 1172 3060 jussit
1202 2987 1401 3042 autem
1459 2998 1563 3042 eos
1594 2980 1861 3060 linguam
1895 2979 2234 3061 continere,
2267 2989 2324 3041 et
2377 2981 2605 3043 nemini
2639 2998 2874 3043 causam
2908 2982 3142 3060 aperire
3174 3001 3283 3044 cur
3335 2979 3643 3042 venissent
3675 2998 3688 3037 :

319 3071 746 3133 communione
793 3088 934 3133 vero
970 3089 1073 3133 eos
1127 3089 1245 3132 non
1277 3069 1588 3152 impertiit,
1628 3071 1833 3134 dicens
1889 3089 2010 3132 non
2042 3082 2342 3152 oportere,
2379 3090 2696 3154 quousque
2746 3074 2819 3135 de
2855 3075 2943 3136 eis
2999 3073 3340 3154 scripsisset
3373 3071 3446 3133 ad
3491 3071 3691 3133 Theo-

320 3158 573 3239 pbilum.

401 3256 499 3318 Μ’.
562 3257 712 3316 Ἐπεὶ
754 3257 808 3314 δί
840 3259 928 3316 καὶ
985 3256 1180 3326 συνέϐη
1210 3258 1329 3316 τότε
1376 3264 1484 3315 τῶν
1535 3257 1790 3338 Θεοφίλου
1819 3260 1966 3322 τινὰς

2132 3257 2256 3321 XL.
2277 3259 2425 3319 Cum
2451 3266 2650 3319 autem
2679 3257 3024 3336 contigisset
3061 3255 3348 3338 quosdam
3382 3274 3449 3317 ex
3475 3253 3696 3316 familia

321 3347 374 3401 ἐν
458 3352 528 3423 τῇ
615 3354 1007 3405 Κωνσταντίνου
1089 3352 1382 3426 παρεἰναι,
1471 3349 1964 3424 μεταπεμψάμενος

320 3435 503 3512 ἠρώτα
546 3437 590 3492 εί
622 3435 743 3498 τοὺς
804 3443 893 3493 νῦν
924 3435 1305 3513 προσελθόντος
1339 3438 1554 3501 τούτους
1587 3437 1734 3493 ἴσασι
1796 3459 1965 3512 μονα-

321 3524 476 3602 χούς.
530 3525 662 3589 Τοὺς
705 3524 760 3580 δὲ
792 3525 887 3582 καὶ
947 3527 1204 3602 γίνώσκεν
1249 3527 1431 3606 φάναι,
1467 3528 1652 3583 καὶτὰ
1699 3526 1963 3605 χαλεπώ-

321 3634 451 3668 τατα
535 3613 720 3676 αὖτοὺς
806 3611 1095 3671 συνειδέναι
1180 3616 1322 3692 παρὰ
1410 3613 1666 3694 Θεοφίλου
1750 3617 1963 3676 παθεῖν,

325 3700 515 3782 Γράφει
575 3703 748 3759 τοίνυν
807 3705 834 3759 δ
896 3703 1066 3780 μέγας
1126 3705 1288 3782 οὒτῷ,
1319 3724 1406 3760 και
1464 3703 1606 3770 ἀξιοῖ
1660 3702 1813 3760 λῦσαι
1870 3704 1968 3771 τὴν

319 3793 484 3870 ὀργὴν
544 3805 663 3855 τοῖς
723 3791 938 3871 ἀνδράσι
968 3839 985 3868 ,
1041 3791 1356 3873 παραδοχῆς
1413 3817 1470 3851 τε
1541 3792 1760 3860 ἀξιῶσαι
1834 3816 1964 3850 σκυ-

317 3882 529 3958 θρωπὸν
619 3881 858 3961 ἐχούσης
929 3880 1098 3944 οὐδέν,
1194 3875 1250 3941 Ὀ
1321 3883 1374 3938 δὲ
1445 3883 1780 3961 ὑποκρίνεται
1871 3883 1968 3958 μὲν

318 3971 567 4045 ἀκούσαι,
641 3969 1026 4045 μετακαλεῖται
1097 3971 1152 4027 δὲ
1226 3973 1345 4035 τοὺς
1412 3973 1643 4050 ἀγύρτας
1709 3973 1963 4048 ἐκείνους,

319 4061 410 4122 οἷς
477 4060 531 4116 τὰ
590 4065 688 4127 τῆς
752 4060 1050 4127 ἐπισκοπῆς
1110 4063 1340 4128 καὶτῆς
1398 4065 1690 4139 ἱερωσύνης
1745 4061 1968 4127 ἀναξίως

325 4149 642 4223 ἐπίστευσε,
714 4149 811 4206 καῖ
883 4148 1203 4226 λιϐέλλους,
1277 4153 1364 4214 οὒς
1436 4151 1644 4216 ἐκεῖνος
1703 4150 1969 4207 ἐπλάσατο

322 4237 458 4293 κατὰ
489 4238 597 4294 τῶν
645 4236 870 4316 ἀνδρῶν,
905 4238 1210 4317 ἐγχειρίσας
1244 4237 1506 4314 ἐκπέμπει
1557 4241 1689 4318 πρὸς
1724 4238 1966 4316 βασιλέα,

323 4324 530 4403 α’ἷρεσιν
585 4328 758 4383 αὐτῶν
787 4331 882 4384 καὶ
945 4327 1196 4404 γοητείαν
1253 4328 1751 4404 καταψευσάμενος,
1792 4331 1818 4383 ὁ
1871 4331 1968 4394 τὴν

329 4413 622 4481 συνείδησιν
715 4414 993 4496 διάτρυφος
1077 4416 1274 4492 κομιδῇ
1359 4418 1444 4473 καὶ
1515 4417 1964 4492 κατεψευσμένος.

324 4502 486 4561 Ἐπεῖ
535 4504 622 4561 οὖν
681 4509 727 4561 οἱ
782 4504 1066 4563 σπουδλϊοι
1127 4507 1270 4562 οὗτοι
1322 4507 1408 4562 καὶ
1459 4505 1726 4586 θεοφιλεῖς
1786 4505 1966 4584 ἄνδρες

322 4593 531 4650 ἀνίατον
589 4597 730 4651 εἶναι
803 4593 1059 4674 Θεόφιλον
1133 4596 1198 4652 τὰ
1255 4597 1386 4672 πρὸς
1443 4596 1630 4659 αὐτοὺς
1702 4594 1962 4674 ἔγνωσαν,

319 4686 501 4739 ἒκεῖνο
561 4696 744 4741 ποιεῖν
787 4682 1161 4761 διεσκέψαντο,
1198 4683 1330 4763 ὅπερ
1385 4686 1420 4752 ἡ
1452 4685 1539 4762 βία
1597 4683 1968 4742 συνεϐούλευεν

324 4772 512 4836 αὖτοὺς
585 4769 731 4851 δρᾷν,
794 4774 879 4828 καὶ
959 4773 1252 4851 γράμματα
1336 4771 1712 4849 προσελθόντες
1775 4773 1968 4854 ἔγχει-

322 4861 519 4934 ρίζουσι
577 4868 654 4936 τῷ
724 4860 968 4941 μεγάλῳ,
1027 4861 1083 4917 έν
1143 4866 1229 4927 οἷς
1291 4862 1467 4919 πολλὰ
1527 4869 1632 4919 τῶν
1679 4867 1737 4922 οὐ
1794 4864 1970 4921 καλῶν

319 4947 560 5028 πράξεων
608 4950 862 5031 Θεοφίλου
901 4950 1185 5030 ἐγγείμενα
1243 4951 1331 5019 ἧν.
1395 4943 1452 5009 Ὀ
1511 4950 1566 5007 δὲ
1621 4952 1828 5017 τούτοις
1873 4954 1970 5028 μὲν

320 5041 412 5095 καὶ
473 5038 619 5103 αὖθις
674 5040 900 5117 παρῄνει
963 5039 1129 5114 μηδὲν
1189 5040 1387 5098 ἐκείνου
1438 5055 1783 5119 κατηγορεῖνο
1831 5044 1971 5116 σύτῴ

319 5128 374 5184 δὲ
423 5129 615 5208 γράφει
676 5128 864 5203 πάλιν,
925 5131 1013 5185 καὶ
1076 5136 1371 5208 συγγνῶναι
1433 5142 1550 5194 τοῖς
1597 5128 1839 5207 ἀνδράσιν
1896 5133 1970 5195 ὡς

318 5218 556 5297 τάχιστα
615 5215 988 5292 συμϐουλεύει,
1024 5218 1344 5299 νικωμένοις
1397 5216 1499 5285 ἤδη
1545 5219 1631 5276 καὶ
1692 5219 1968 5299 ἐγγράφως

318 5307 481 5362 αὖτοῦ
557 5320 836 5363 κατειπεῖν
897 5307 1271 5386 ὡρμημένοις.
1324 5292 1488 5384 ”Οπερ
1533 5305 1622 5362 οὖν
1652 5304 1802 5364 δοκεῖ
1860 5331 1967 5382 σοι,

320 5397 506 5472 φησὶν,
537 5393 622 5451 διὰ
653 5394 868 5475 τάχέων
923 5398 1207 5474 γνώρισον,
1248 5395 1579 5461 Ἀποστηναι
1625 5397 1724 5472 γὰρ
1777 5395 1968 5462 ἥκιστα

323 5491 418 5540 τοῦ
474 5493 678 5543 σκοποῦ
739 5485 1030 5545 πείθονται.
1069 5484 1220 5541 Οὕτω
1278 5485 1376 5559 μὲν
1434 5507 1548 5544 πως
1603 5483 1732 5561 εἶχε
1761 5485 1824 5539 τὰ
1870 5507 1967 5562 γε-

324 5569 625 5645 γραμμένα.
711 5574 812 5629 Τὸν
882 5572 935 5630 δὲ
1019 5574 1164 5635 εὖθός
1252 5571 1416 5630 εἰσέδυ
1474 5573 1657 5648 μανία,
1735 5571 1827 5628 οὒκ
1884 5573 1968 5630 ἐπ’

325 5657 578 5734 ἐκείνους,
612 5659 733 5717 ἀλλ’
764 5662 848 5719 ἐπ’
897 5663 1053 5720 αὐτὸν
1100 5663 1303 5739 μᾶλλον
1350 5665 1441 5720 τὸν
1501 5661 1814 5742 ἀμφοτέρων
1860 5687 1966 5732 κη-

2050 3347 2369 3427 TheOphili
2402 3347 2614 3408 adesse
2661 3346 3204 3426 Constantinopoli,
3239 3363 3342 3407 eos
3371 3343 3695 3406 accersitos

2050 3439 2483 3512 interrogat,an
2508 3443 2872 3514 cognoscant
2894 3453 3018 3508 eos,
3056 3433 3156 3514 qui
3177 3453 3337 3495 nunc
3357 3452 3690 3508 accessere,

2052 3526 2404 3589 monachos.
2440 3524 2532 3585 Illi
2562 3539 2762 3586 autem
2799 3524 3084 3585 dixerunt
3117 3543 3181 3584 se
3213 3533 3268 3585 et
3300 3542 3503 3596 nosse,
3538 3532 3596 3584 et
3631 3542 3696 3584 se

2051 3617 2212 3678 scire
2247 3633 2351 3676 eos
2382 3633 2514 3676 esse
2545 3614 2894 3691 gravissima
2925 3631 3128 3693 passos
3159 3631 3193 3673 a
3220 3613 3576 3693 Theophilo.
3608 3613 3695 3675 Ad

2051 3707 2245 3788 ipsum
2276 3722 2416 3782 ergo
2444 3703 2657 3764 scribit
2681 3703 2778 3764 ille
2811 3702 2898 3762 vir
2933 3720 3204 3780 magnus,
3232 3711 3287 3762 et
3321 3711 3487 3780 rogat
3510 3711 3573 3762 ut
3605 3701 3696 3763 bis

2049 3793 2387 3855 virisirasci
2415 3792 2644 3854 desinat
2663 3809 2886 3871 uosque
2916 3790 3480 3870 accipiat,eteorum
3510 3809 3693 3850 cons—

2052 3889 2293 3964 pectum
2331 3882 2626 3956 admittat,
2662 3881 2760 3961 qui
2788 3880 2939 3942 nihil
2973 3879 3172 3954 habet,
3207 3878 3364 3959 quod
3396 3885 3448 3940 ei
3489 3878 3697 3939 afferat

2052 3975 2482 4034 tristitiamJlle
2506 3983 2694 4032 autem
2722 3975 2954 4030 simulat
2979 3973 3211 4044 quidem
3236 3987 3298 4028 se
3319 3971 3644 4029 exaudiisse
3677 3991 3690 4035 ;

2053 4061 2158 4124 sed
2183 4079 2288 4122 cor
2311 4063 2442 4138 ejus
2475 4077 2850 4139 nequaquam
2884 4057 3297 4120 consentiebat
3327 4075 3459 4120 cum
3496 4053 3690 4117 labiis.

2055 4155 2302 4210 Accerstt
2325 4155 2478 4209 enim
2503 4151 2634 4208 illos
2656 4151 3269 4221 circulatores,quibus
3299 4151 3694 4220 episcopatum

2054 4246 2111 4298 et
2132 4236 2534 4299 sacerdotium
2571 4234 2820 4314 indigne
2848 4233 3230 4297 crediderat:
3267 4242 3324 4295 et
3348 4232 3436 4296 eis
3468 4231 3698 4292 traditis

2052 4325 2458 4405 libellis,quos
2480 4325 2609 4405 ipse
2632 4325 2917 4386 adversus
2943 4342 3046 4385 eos
3065 4324 3222 4384 viros
3253 4330 3696 4402 composuerat,

2053 4415 2230 4475 mittit
2252 4415 2324 4475 ad
2352 4415 2800 4494 imperatorem,
2829 4413 2889 4474 in
2922 4433 3026 4474 eos
3065 4412 3386 4474 ementitus
3418 4409 3693 4470 haeresim

2053 4511 2107 4564 et
2130 4503 2589 4583 prmstigias,qui
2619 4512 2745 4564 erat
2768 4503 2897 4583 ipse
2920 4502 3087 4564 valde
3117 4518 3395 4582 perversa
3419 4509 3477 4561 et
3499 4517 3702 4560 emen-

2055 4593 2159 4653 tita
2184 4592 2733 4655 conscientia.Cum
2760 4611 2900 4670 ergo
2924 4592 3016 4653 his
3039 4591 3176 4653 viris
3207 4589 3382 4652 bonis
3406 4598 3564 4651 esset
3585 4587 3702 4651 evi-

1993 4665 2034 4714 D
2052 4681 2628 4761 dens,odium,quod
2659 4681 2715 4741 in
2743 4665 2901 4761 ipsos
2925 4678 3694 4760 conceperatTheopbilus,

2053 4770 2301 4831 minime
2325 4789 2500 4850 posse
2535 4770 2857 4845 curari,illi
2889 4778 3243 4852 praesentem
3279 4768 3696 4830 necessitatem

2051 4859 2409 4921 adhibentes
2456 4859 2516 4920 in
2555 4859 2900 4934 consilium,
2939 4879 3152 4937 magno
3191 4857 3408 4921 Joanni
3459 4857 3702 4917 tradunt

2053 4949 2280 5028 scripta
2312 4955 2369 5009 in
2397 4948 2614 5028 quibus
2647 4955 2758 5010 sita
2782 4958 2952 5010 erant
2985 4949 3166 5011 multa
3191 4946 3508 5028 Theophili
3544 4946 3700 5006 facta

2054 5038 2304 5101 minime
2327 5039 2602 5101 honesta.
2629 5038 2730 5099 llle
2757 5049 2955 5099 autem
2981 5057 3086 5100 eos
3104 5037 3345 5116 quidem
3365 5052 3569 5097 rursus
3589 5033 3698 5094 ad-

2054 5135 2358 5203 monet,ut
2381 5145 2517 5188 eum
2558 5126 2703 5187 nihil
2724 5135 3044 5188 accusent:
3080 5125 3153 5186 ad
3177 5129 3370 5204 ipsum
3395 5141 3533 5184 vero
3555 5122 3700 5183 scri-

2055 5216 2501 5292 bit,consulens
2525 5226 2586 5276 ut
2612 5217 2698 5276 eis
2720 5216 3157 5294 quamprimum
3193 5215 3481 5289 ignoscat,
3507 5220 3570 5271 ut
3597 5210 3698 5291 qui

2047 5307 2168 5385 jam
2213 5306 2525 5367 vincantur
2554 5315 2616 5366 et
2650 5304 2936 5364 adversus
2968 5323 3102 5364 eum
3140 5303 3343 5363 dicere
3377 5301 3700 5381 propositis

2053 5395 2293 5474 scriptis
2326 5395 2444 5455 sint
2466 5391 2891 5465 incitati.Quod
2915 5410 3053 5470 ergo
3086 5390 3192 5453 tibi
3217 5390 3694 5468 videtur,inquit,

2052 5484 2498 5564 quamprimum
2529 5483 2920 5560 signiﬁcetur.
2951 5479 3079 5542 Non
3105 5487 3354 5560 possunt
3383 5478 3540 5540 enim
3569 5496 3697 5556 per—

2049 5573 2312 5647 Suaderi,
2348 5581 2412 5636 ut
2443 5593 2475 5634 a
2513 5592 2698 5653 scopo
2744 5572 3051 5633 desistant.
3090 5570 3288 5647 Atque
3319 5568 3403 5630 sic
3449 5567 3692 5648 quidem

2050 5680 2115 5724 se
2157 5662 2458 5726 habebant
2490 5662 2725 5727 litterae.
2759 5661 2907 5724 Eum
2939 5667 3137 5723 autem
3174 5657 3445 5741 protinus
3485 5657 3694 5719 invasit
