4020 6206
435 317 576 383 1151

1715 318 1992 383 MENSIS
2045 317 2500 384 JANUARIUS.

3667 331 3829 396 1152

426 455 743 530 furor,non
767 455 828 518 in
851 456 1125 535 illos,sed
1151 455 1212 516 in
1236 473 1372 517 eum
1400 454 1734 536 potius,qui
1758 473 1960 518 curam
1985 473 2083 534 ge-

2175 451 2412 529 δύμενον.
2477 457 2815 539 Ἀντιγράφει
2874 484 2930 518 τε
2989 464 3308 541 παραυτίκα,
3365 469 3525 524 Δοκῶ
3567 489 3699 542 μοι,
3732 468 3845 526 λέ-

432 546 605 608 rebat
625 546 1034 626 utriusque.Ei
1057 545 1216 607 enim
1244 543 1423 607 dabat
1453 543 1704 607 nimlum
1737 547 2073 625 reprehen-

434 636 616 698 dendi
667 636 950 708 studium,
987 644 1052 695 ut
1093 635 1380 696 adversus
1410 653 1620 697 omnes
1659 635 2076 698 contenderet.

434 725 710 788 Protinus
731 733 927 786 autem
961 723 1172 785 scribit
1201 723 1263 784 in
1295 724 1453 786 hunc
1487 724 1754 788 modum:
1788 724 2077 788 Existimo

433 823 490 876 te
514 832 631 875 non
655 813 1092 893 ignorare,quaa
1115 813 1356 876 decreta
1378 813 1618 875 fuerunt
1636 833 1669 874 a
1693 813 1966 877 Patribus
1981 814 2078 875 Ni-

431 922 574 975 ceae,
607 909 705 984 qui
747 909 1209 982 pronuntiarunt
1241 921 1361 964 non
1394 912 1674 984 oportere
1726 904 2076 986 episcopum

425 994 702 1076 judicare
731 1001 894 1056 extra
918 993 1215 1056 terminos
1240 1011 1365 1054 suae
1385 991 1719 1057 dioecessis.
1747 993 1849 1056 Sin
1881 1003 2078 1058 autem

436 1088 698 1164 ignoras,
725 1083 950 1160 inquit,
978 1081 1235 1158 disce,et
1257 1082 1490 1144 abstine
1513 1083 1586 1144 ab
1621 1085 1854 1166 iis,qua3
1884 1085 1956 1148 ad
1983 1103 2078 1147 me

438 1177 760 1255 pertinent.
795 1172 940 1235 Nam
964 1172 1295 1252 sijudicari
1319 1182 1605 1252 oporteat,
1634 1175 1748 1235 erit
1779 1176 1892 1236 hoc
1913 1175 2070 1256 apud

433 1265 760 1345 Egyptios,
786 1283 905 1325 non
937 1263 1091 1344 apud
1119 1271 1173 1323 te
1191 1263 1291 1343 qui
1315 1281 1349 1323 a
1382 1261 1554 1324 nobis
1576 1261 1718 1325 abes
1745 1272 1861 1326 tam
1897 1265 2072 1344 longo

433 1354 767 1418 intervallo.
805 1352 949 1416 Cum
974 1361 1090 1415 tam
1111 1352 1332 1414 acerbe
1353 1353 1590 1432 scriptae
1616 1362 1818 1416 essent
1837 1355 2074 1427 littera,

432 1446 540 1506 viri
567 1445 653 1507 illi
677 1445 1068 1524 desperantes
1088 1461 1152 1504 se
1180 1459 1356 1521 posse
1388 1460 1421 1502 a
1440 1461 1652 1520 magno
1674 1445 1903 1506 Joanne
1926 1463 2076 1505 con-

435 1536 607 1617 sequi
627 1533 981 1605 auxilium,a
1007 1551 1071 1595 re
1097 1531 1279 1595 dubia
1301 1539 1358 1594 et
1381 1533 1551 1612 cujus
1586 1535 1808 1596 exitum
1840 1553 1957 1596 non
1988 1553 2088 1614 po-

437 1633 631 1689 terant
652 1624 1355 1688 invenire.vincuntur:et
1377 1643 1410 1686 a
1433 1625 1920 1706 necessitate.qua
1939 1621 2087 1685 nihil

435 1726 523 1778 est
545 1715 852 1789 fortius,ut
871 1715 1058 1787 aiunt,
1089 1715 1552 1794 persuadentur,
1575 1714 1859 1776 adversus
1881 1713 2087 1776 Theo-

2162 569 2296 625 γιον,
2357 551 2436 622 μή
2495 551 2707 607 κεῖσθαί
2763 571 2847 608 σοι
2905 551 2959 609 ἐν
3023 552 3211 632 ἀγνοίᾳ
3265 555 3332 612 τὰ
3392 557 3527 634 πρὸς
3590 563 3712 616 τῶν
3779 559 3852 614 ἐν

2162 637 2352 709 Νικαίᾳ
2409 637 2802 714 κανονισθέντα,
2877 641 2956 716 μὴ
3026 641 3142 700 δεῖν
3206 644 3637 726 ἀποφηνάμενον
3715 648 3853 706 ἕπε-

2159 748 2364 783 σκοπον
2405 727 2657 817 ύπερόρια
2713 727 2969 802 δικάζειν.
3027 733 3087 790 Εἰ
3141 731 3198 789 δὲ
3240 736 3334 790 καί
3396 736 3660 817 ἀγνοεῖς,
3697 736 3854 794 ἀλλὰ

2161 817 2344 890 μαθὼν
2401 815 2650 896 ἀπόσχου
2709 825 2816 876 τῶν
2874 821 2993 878 κατ’
3060 824 3213 898 ὶμοῦ,
3274 825 3334 882 Ei
3386 825 3491 904 γὰρ
3549 815 3653 882 καὶ
3729 828 3851 885 δέοι

2162 909 2439 994 κριθῆοιαι,
2460 907 2585 986 παρ’
2647 909 2953 986 Αἰγυπτίοις
3010 910 3157 969 ἔσται
3201 919 3379 994 τοῦτο,
3429 919 3494 974 οὐ
3547 916 3715 988 παρὰ.
3758 919 3856 974 σοὶ

2161 993 2485 1070 παμπληθὲς
2546 997 2705 1072 ἡμῶν
2764 997 3057 1078 ἀφεστῶτι.
3127 1000 3278 1059 Οὕτω
3332 993 3427 1059 τοῦ
3499 1005 3853 1084 γράμματος

2164 1091 2367 1162 πικρῶς
2413 1085 2667 1166 ἔχοντος,
2700 1087 3028 1167 ἀπογνόντες
3087 1093 3134 1147 οἱ
3178 1089 3356 1170 ἄνδρες
3403 1094 3493 1150 καὶ
3553 1095 3673 1161 τὴν
3735 1096 3856 1152 ἀπὸ

2160 1183 2252 1231 τοῦ
2309 1173 2548 1252 μεγαλου
2601 1177 2877 1255 βοήθειαν,
2912 1180 3051 1236 κατὰ
3089 1188 3184 1238 τοῦ
3242 1181 3500 1262 Θεοφίλου
3558 1186 3663 1241 καὶ
3731 1191 3852 1242 τῶν

2157 1270 2502 1344 συκοφαντῶν
2572 1267 2772 1341 τόμους
2840 1269 3184 1329 συντάττουσι
3258 1269 3671 1352 πολυστίχους,
3753 1275 3853 1331 καὶ

2160 1356 2237 1417 τῶ
2308 1354 2525 1430 βασιλεῖ
2608 1355 3020 1437 ἐγχειρίζουσιν.
3108 1360 3344 1428 Ἐξεισιν
3434 1366 3527 1422 οὗν
3616 1363 3852 1422 ἐκεῖθεν

2169 1445 2462 1524 ἀπόφασις,
2510 1446 2576 1502 τὰ
2633 1447 2733 1521 μὲν
2792 1453 2900 1504 τῶν
2962 1458 3308 1530 συκοφαντῶν
3374 1467 3496 1518 τοῖς
3553 1455 3854 1534 δττάρχοις

2168 1533 2552 1612 ἐπιτραπῆναι,
2602 1536 2690 1592 καὶ
2731 1535 2856 1612 παρ’
2900 1541 3072 1598 αὐτῶν
3120 1541 3363 1620 γενέσθαι
3421 1546 3521 1611 την
3575 1533 3849 1622 ἔρευναν

2168 1626 2258 1680 τὸν
2304 1623 2558 1702 Θεόφιλον
2591 1624 2645 1682 δὲ
2688 1628 2782 1682 καί
2813 1626 3012 1685 ἄκοντα
3051 1631 3414 1710 παραστάντα,
3445 1634 3554 1690 ὑπὸ
3594 1631 3853 1709 δικαστῇ

2169 1721 2245 1786 τῷ
2289 1713 2512 1792 μεγάλῳ
2574 1720 2745 1789 τούτῳ
2800 1719 2922 1781 τοὺς
2967 1718 3156 1796 λόγους
3214 1721 3458 1801 ὑπέχειν,
3522 1723 3856 1800 Γράμματα

438 1805 666 1885 philum
693 1813 794 1866 aut
817 1804 1302 1876 calumniatores,
1328 1803 1474 1864 nihil
1500 1803 1746 1878 quidem
1771 1804 2083 1876 falsi,sicut

2175 1806 2340 1861 τοίνυν
2385 1804 2644 1881 βασιλικὰ
2675 1807 2740 1862 τὰ
2783 1807 2881 1881 μὲν
2909 1810 2987 1883 τῷ
3027 1807 3252 1888 ἄρχοντι
3281 1812 3382 1880 τῆς
3428 1811 3850 1892 Ἀλεξανδρείας

436 1894 675 1964 ille.sed
703 1912 875 1954 veros
907 1893 1145 1954 libellos
1177 1911 1566 1972 componere.
1603 1893 1717 1954 Eos
1745 1902 1942 1956 autem
1973 1912 2080 1955 ac-

439 1983 1000 2058 cedentes,tradunt
1022 1981 1388 2060 imperatori.
1407 1983 1503 2044 Ab
1526 2000 1597 2042 eo
1622 2000 1758 2043 vero
1782 1984 2082 2062 profertur

434 2072 1267 2146 sententia,calumniatorum
1293 2071 1534 2151 quidem
1571 2090 1763 2134 causae
1783 2072 2078 2152 cognitio-

435 2182 574 2225 nem
626 2171 684 2224 et
724 2161 1224 2223 examinationem
1258 2179 1390 2221 esse
1434 2161 1730 2240 praefectis
1791 2164 2075 2224 mandan-

443 2253 574 2314 dam
606 2276 622 2325 ;
655 2249 1053 2330 Theophilum
1080 2258 1274 2311 autem
1309 2251 1653 2330 (oportebat
1677 2251 1836 2312 enim
1874 2251 2083 2331 majori

444 2340 712 2402 mandari
737 2339 1032 2419 judicium
1081 2342 1228 2418 ejus,
1263 2341 1362 2418 qui
1395 2349 1524 2401 erat
1567 2342 1758 2419 major
1794 2341 1962 2421 vitio)
1993 2341 2082 2402 vel

441 2430 693 2492 invitum
723 2431 946 2502 sisti,,et
970 2429 1082 2491 hoc
1107 2448 1318 2507 magno
1343 2429 1687 2510 virojudice
1705 2429 1960 2493 reddere
1981 2450 2082 2493 ra-

443 2523 689 2584 tionem.
725 2520 961 2582 Litterae
991 2520 1169 2600 igitur
1213 2521 1628 2600 imperatoriae,
1659 2521 1789 2582 aliae
1842 2521 2080 2602 quidem

445 2612 641 2672 statim
667 2610 864 2672 missae
895 2618 1033 2680 sunt
1054 2610 1127 2671 ad
1154 2609 1467 2688 praesidem
1500 2610 1900 2685 Alexandriae,
1925 2619 1986 2672 ut
2008 2609 2080 2673 ad

449 2707 651 2763 urbem
675 2706 896 2775 regiam
923 2704 1360 2776 quamprimum
1394 2706 1647 2764 mitteret
1674 2705 2080 2776 Theophilum:

441 2791 574 2854 aliae
594 2801 791 2852 autem
815 2789 885 2851 ad
913 2791 1257 2869 episcopum
1298 2789 1656 2865 Romanum,
1683 2791 1736 2853 is
1756 2800 1883 2852 erat
1902 2789 2080 2852 Inno-

445 2885 700 2944 centius:
740 2887 1025 2960 przeterea
1052 2898 1186 2940 vero
1210 2881 1280 2940 ad
1308 2879 1638 2942 Honorium
1664 2899 1923 2961 quoque,
1958 2880 2082 2940 fra-

445 2980 596 3032 trem
631 2968 1007 3046 imperatoris
1035 2989 1047 3031 :
1084 2966 1390 3031 hortantes
1416 2980 1477 3031 ut
1508 2970 1894 3033 mitterentur
1928 2971 2084 3050 epis-

446 3060 582 3139 copi
609 3068 668 3120 et
697 3059 898 3138 legati,
933 3059 1034 3139 qui
1070 3058 1189 3119 dici
1229 3059 1426 3120 solent
1455 3061 1838 3134 τοποτηρηταί,
1875 3059 1932 3119 id
1965 3069 2084 3133 est,

3787 1905 3808 1922 ς

2166 1896 2314 1958 εὐθὺς
2373 1894 2672 1974 ἐπέμπετο,
2732 1898 2824 1952 τὸν
2900 1899 3156 1979 Θεόφιλον
3226 1900 3314 1958 ὅτι
3377 1902 3618 1981 τάχιστα
3695 1905 3847 1980 πρόις

2161 1982 2703 2072 τὴνᾼβασιλεύουσαν
2766 1987 3154 2072 παραπέμψειν
3225 1988 3327 2072 fio.
3400 1991 3844 2072 παραπέμψαυ]

2161 2073 2226 2128 τὰ
2281 2070 2335 2127 δὲ
2394 2075 2480 2159 καὶ
2536 2078 2614 2147 τῷ
2673 2076 2954 2148 ἓπισκόπῳ
3013 2068 3242 2153 Ῥώμης*
3277 2079 3637 2153 Ἰννοκεντίῳ,
3692 2068 3844 2159 πρὸξ

2165 2161 2338 2217 δὲκαὶ
2397 2153 2613 2240 Ὀνορίῳ
2665 2171 2743 2238 τῷ
2802 2163 3012 2247 ἀδελφῷ
3066 2178 3159 2227 τοῦ
3201 2177 3542 2250 κρατοῦντος,
3591 2153 3841 2228 ἐπισκόο

2165 2273 2295 2313 πους
2383 2251 2694 2310 στέλλεσθαι
2778 2257 3206 2336 προτρεπόμενα,
3294 2261 3382 2318 καὶ
3466 2260 3674 2334 οὕσπερ
3760 2261 3841 2330 δὴ

2164 2342 2541 2419 τοποτηρητὰς
2599 2344 2972 2422 ὀνομάζουσιν,
3036 2345 3120 2427 ἐφ’
3177 2350 3222 2424 ᾧ
3290 2350 3356 2406 τα
3406 2349 3672 2430 Θεοφίλου
3741 2357 3842 2410 καὶ

2165 2435 2270 2486 τῶν
2313 2433 2411 2496 τῆς
2473 2433 2679 2510 Νιτρίος
2738 2442 2999 2515 μοναχῶν
3057 2439 3132 2502 εἰς
3174 2441 3400 2509 ζήτησιν
3456 2445 3840 2508 καταστῆνὰι,

2166 2523 2224 2577 Οἱ
2280 2520 2378 2594 μὲν
2431 2520 2520 2577 οὖν
2583 2523 2901 2601 συκοφάνται
2963 2527 3106 2604 παρὰ
3150 2549 3256 2584 των
3302 2529 3567 2608 ὑπάρχων
3621 2529 3836 2608 διερω-

2165 2610 2422 2688 τώμενοι,
2471 2610 2688 2689 ἐπείπερ
2750 2615 2844 2669 οὐκ
2900 2613 2985 2672 ἐπὶ
3012 2615 3148 2673 πολὺ
3191 2619 3253 2674 τὸ
3309 2617 3496 2693 ψεῦδος
3552 2622 3840 2698 κρατῆσαι

2165 2699 2262 2765 τῆς
2319 2698 2598 2773 ἀληθείας,
2661 2702 2914 2780 Θεοφίλου
2970 2705 3112 2763 εἶνοι
3170 2706 3346 2765 πάντα
3401 2705 3838 2787 διωμολόγησεν

2166 2788 2368 2844 ἐκείνου
2415 2811 2473 2846 τε
2522 2790 2658 2847 κατὰ
2712 2797 2817 2847 τῶν
2873 2793 3058 2850 ἀθώων
3116 2793 3410 2871 πλάσματα
3466 2799 3555 2855 καὶ
3608 2799 3835 2878 τεχνά-

2167 2901 2370 2954 σματα.
2431 2881 2606 2957 Ταύτῃ
2637 2903 2720 2937 τοι
2777 2883 2865 2939 καὶ
2895 2883 2992 2952 τήν
3051 2883 3105 2939 ἐν
3149 2883 3497 2964 δεσμωτηρίῳ
3557 2887 3831 2967 κάθειρξιν

2167 2967 2296 3047 ἄχρι
2382 2970 2472 3026 καὶ
2571 2970 2670 3038 τῆς
2753 2971 2913 3029 αὐτοῦ
3010 2975 3414 3052 κατακρίνονται
3498 2979 3824 3054 παρουσία(

2169 3056 2425 3136 Θεόφιλος
2493 3056 2546 3113 δὲ
2598 3061 2687 3115 τὸν
2725 3061 2798 3122 ὡς
2856 3060 3016 3118 αὐτὸν
3077 3061 3427 3138 ἓκπεμθέντα,
3475 3067 3565 3120 καὶ
3617 3063 3830 3122 ἄκοντα

447 3151 642 3210 locum
668 3157 1035 3211 tenenteszut
1065 3156 1437 3229 quaereretur
1460 3150 1532 3210 de
1563 3148 1893 3228 Theophila
1925 3156 1982 3208 et
2013 3149 2083 3210 de

2175 3155 2358 3204 τοότον
2401 3145 2544 3212 ἄξειν
2601 3148 3012 3224 κεκελευσμένον
3069 3149 3214 3232 ἰδὼν,
3267 3152 3384 3209 ἐπεὶ
3432 3151 3585 3209 οὐδὲν
3635 3154 3830 3232 ἕτερον

451 3239 759 3301 monachis
786 3239 1010 3302 Nitrim.
1048 3244 1238 3318 Atque
1270 3239 1732 3299 calumniatores
1779 3237 2023 3318 quidem
2056 3256 2083 3298 a

2175 3238 2300 3314 εἶχε
2349 3237 2623 3310 πράττειν,
2673 3239 2804 3316 πρὸς
2861 3240 2981 3306 τοὺς
3017 3242 3311 3320 θησαυροὺς
3363 3241 3552 3299 ἀπετδε
3597 3243 3701 3299 καί
3763 3245 3828 3299 τὰ

450 3329 747 3410 praefectis
767 3329 1134 3406 interrogati,
1164 3327 1445 3408 quoniam
1472 3327 1597 3388 fieri
1621 3345 1739 3388 non
1773 3335 2005 3406 poterat
2029 3336 2083 3390 ut

2175 3323 2449 3400 βαλάντια,
2525 3325 2852 3405 μειλίγματα
2907 3335 3072 3386 ταῦτα
3140 3331 3416 3408 γινώσκων
3486 3335 3688 3413 ψυχῶν
3765 3333 3826 3390 οὗ

450 3419 828 3481 mendacium
889 3426 1203 3496 superaret
1257 3417 1585 3489 veritatem,
1638 3417 1892 3477 confessi
1951 3425 2083 3478 sunt

2175 3414 2370 3493 καλῶν,
2405 3415 2493 3471 καί⁵
2552 3416 2668 3473 οἷαι
2727 3414 2791 3484 δὴ
2847 3423 2953 3473 τῶν
3007 3417 3223 3477 πολλῶν
3275 3421 3599 3501 ὑπάρχωσι,
3633 3420 3826 3499 κέρδος

450 3509 651 3570 omnia
683 3525 817 3568 esse
847 3505 1204 3584 Theophili:
1239 3504 1517 3582 illiusque
1561 3503 1774 3566 bellum
1803 3503 2083 3584 Egyptian

2175 3503 2466 3583 Ξλεοθερίας
2525 3506 2644 3583 περὶ
2701 3505 2945 3572 πλείονος
2989 3507 3234 3586 ἄγουσαι,
3298 3511 3559 3585 Λήμμασι
3618 3533 3823 3590 τοιγα-

451 3598 736 3660 adversus
785 3596 1136 3657 innocentes
1169 3595 1447 3672 figmenta
1501 3602 1558 3654 et
1591 3592 2077 3656 machinationes.

2175 3602 2288 3670 οοῦν
2347 3595 2595 3672 ἀρκοῦσιν
2682 3595 2842 3654 αὐτοῦ
2899 3619 2956 3655 τε
3011 3599 3103 3655 καὶ
3165 3598 3426 3679 ἄρχοντος
3485 3601 3584 3669 τὴν
3641 3599 3823 3666 δεξιὰν

448 3687 940 3752 Condemnantur
982 3685 1178 3764 itaque
1207 3684 1476 3745 coerceri
1507 3683 1564 3743 in
1600 3701 1864 3758 carcere,
1892 3683 2083 3745 donec

2175 3685 2512 3764 θεραπεύσας,
2563 3687 2698 3742 κατὰ
2757 3685 2968 3754 πολλὴν
3011 3686 3188 3745 ἄδειαν
3245 3689 3518 3764 ἐπιμένειν
3559 3711 3819 3769 συνεχω-

450 3782 576 3858 ipse
607 3776 856 3838 venerit.
891 3773 1223 3853 Thephilus
1251 3781 1448 3834 autem
1478 3793 1611 3833 cum
1644 3792 1778 3834 eutn
1815 3772 2080 3845 vidisset,

2175 3775 2341 3851 ρεῖτο.
2397 3771 2590 3833 "Eone:
2623 3776 2723 3854 γὰρ
2765 3777 2826 3833 τὸ
2856 3774 3114 3852 ᾀδόμενον
3147 3776 3341 3846 ἀληθὲς
3397 3779 3565 3855 εἶναι,
3601 3781 3664 3835 τὸ
3697 3802 3822 3855 μη-

448 3868 551 3949 qui
575 3867 647 3928 ad
683 3868 873 3946 ipsum
902 3864 1116 3924 missus
1139 3862 1349 3942 fuerat,
1385 3862 1482 3923 cui
1517 3863 1695 3923 etiam
1730 3862 2083 3941 imperatum

2175 3863 2252 3920 Βὲν
2305 3865 2410 3942 [γρ.
2473 3862 2694 3942 μηδένα]
2752 3867 2919 3922 κακὸν
2974 3865 3163 3943 ῥᾳδίως
3215 3866 3563 3926 ἀπόλλυσθαι.
3620 3867 3822 3930 ’Ὅπως

449 3961 736 4031 fuerat,ut
758 3955 846 4016 vel
873 3954 1118 4015 invitum
1155 3953 1708 4032 duceret,quoniam
1735 3972 1853 4012 non
1871 3950 2083 4012 bonam

2175 3951 2222 4008 δὲ
2279 3953 2421 4027 αύτῷ
2450 3951 2626 4014 καλῶς
2659 3952 2786 4028 ἔξει,
2819 3956 2906 4011 καὶ
2937 3955 3004 4012 τὰ
3030 3961 3138 4011 τῶν
3195 3958 3525 4035 κρατούντων
3553 3979 3822 4037 πραγμα-

449 4068 615 4128 spem
638 4048 690 4107 ei
713 4041 1149 4125 przenuntiabat
1167 4042 1458 4118 judicium
1480 4042 2091 4121 conscientize,neque

448 4135 714 4199 veritatis
747 4140 975 4210 poterat
1005 4131 1230 4194 habere
1260 4131 1565 4203 auxilium,
1594 4149 1768 4212 quam
1803 4132 2092 4192 adversus

447 4246 512 4288 se
539 4225 610 4288 ad
639 4223 862 4286 bellum
893 4222 1058 4283 valde
1080 4231 1587 4303 provocaverat,ut
1613 4221 1712 4301 qui
1747 4240 1810 4283 se
1836 4220 2092 4282 maxime

448 4313 822 4397 adjunxisset
848 4313 1184 4388 mendacio,
1219 4312 1291 4373 ad
1329 4312 1634 4373 thesauros
1665 4310 1900 4391 aspexit
1931 4319 1988 4373 et
2017 4310 2090 4372 ad

447 4421 924 4477 crumenas.quae
947 4405 1179 4475 quidem
1205 4406 1424 4462 sciebat
1447 4405 1693 4460 delinire
1717 4415 1768 4460 et
1791 4404 2094 4460 incantare

2170 4041 2481 4117 τευόμενος,
2540 4043 2748 4122 σωφοὺς
2807 4043 2914 4100 τῶν
2971 4042 3270 4122 Ἀραϐικῶν
3339 4046 3662 4124 ἀρωμάτων,
3729 4050 3822 4104 καὶ

2171 4131 2270 4188 ὅσα
2326 4131 2480 4208 ἕτερα
2523 4130 2786 4202 ξενίζοντά
2814 4154 2871 4188 τε
2928 4133 2994 4201 ἧν
3043 4135 3129 4192 καί
3188 4137 3526 4208 σπανίζοντα,
3558 4136 3821 4212 ἐπιμελὲς

2175 4221 2320 4278 ἔθετο
2407 4221 2848 4281 συσκευάσασθαι.
2923 4224 2983 4280 Οἱ
3055 4223 3152 4298 μὶν
3223 4225 3312 4282 οὖν
3382 4225 3662 4283 ἐπίσκοποι
3723 4231 3824 4293 τῆς

2179 4302 2414 4384 Ῥωμης,
2473 4309 2621 4374 ὅσοις
2675 4309 2918 4368 ἀνελθεῖν
2976 4311 3277 4390 ἐπετράπη,
3341 4316 3662 4393 παράσκευοι
3736 4337 3828 4393 γει

2176 4399 2392 4478 γονότες
2503 4402 2814 4477 περιέμενον
2897 4403 3122 4479 γράμμα
3231 4405 3635 4484 πεμφθήσεσθαι
3722 4407 3826 4472 τὴν

447 4493 766 4555 multorum
785 4491 1112 4565 auimos,et
1133 4489 1351 4571 quibus
1383 4487 1754 4581 intelligebat
1789 4507 1998 4581 magna
2021 4507 2083 4581 ex

2176 4489 2358 4546 ἄνοδον
2424 4489 2609 4552 αὐτοῖς
2665 4489 2999 4565 ὲπισπεῦδον,
3031 4495 3106 4555 ὡς
3168 4494 3247 4568 μὴ
3303 4495 3448 4565 παρᾶ
3478 4497 3570 4552 τὸν
3643 4515 3820 4572 προσ-

449 4595 618 4664 parte
644 4582 899 4664 prodere
927 4581 1258 4654 veritatem,
1283 4589 1338 4641 et
1358 4599 1474 4641 non
1498 4578 1690 4639 solum
1719 4577 2088 4659 persuaderi,

2177 4581 2377 4649 ⁵(ςκονιτα
2409 4578 2594 4655 καιρὸν
2637 4575 2944 4644 ἀνελθόντες
3003 4579 3088 4636 ἐπὶ
3143 4579 3282 4640 πολὺ
3335 4583 3404 4658 τῇ
3461 4579 3580 4658 ξένῃ
3637 4581 3826 4640 iven-

449 4663 553 4735 sed
592 4675 770 4734 etiam
798 4690 1004 4734 servos
1037 4670 1194 4732 effici
1216 4688 1342 4744 eos,
1367 4669 1468 4750 qui
1497 4669 1730 4730 lucrum
1755 4667 2083 4729 existimant

2176 4665 2425 4745 τρίϐοιεν
2487 4667 2603 4723 ἐπεὶ
2673 4663 2728 4722 δὲ
2785 4666 2862 4735 πη
2950 4668 3221 4749 ἔπεμφθη,
3283 4669 3473 4746 ἔμενον
3529 4671 3695 4737 οὕτως
3771 4673 3829 4729 ἓν

453 4762 670 4824 melius
693 4760 1146 4823 libertate.Cum
1174 4762 1402 4840 magnis
1433 4760 1630 4839 itaque
1656 4756 2007 4818 muneribus
2037 4765 2083 4820 el

2177 4763 2253 4829 τῷ
2322 4756 2576 4828 ἐλπίζειν.
2651 4752 2741 4812 Ἐν
2810 4755 2920 4829 ὅσῳ
2987 4756 3042 4813 δὲ
3110 4757 3374 4825 συνέόςινε
3427 4766 3590 4817 ταῦτα
3660 4763 3827 4840 φήμη

455 4853 643 4934 ipsius
668 4851 937 4932 praesidis
960 4850 1259 4912 dexteram
1281 4851 1409 4929 ipse
1431 4847 1808 4928 placasset,ei
1840 4847 2083 4928 permit-

2179 4844 2372 4922 ψευδὴς
2445 4847 2540 4910 τὰς
2611 4845 2775 4910 ἀκοὰς
2848 4847 3176 4904 ὑποκνίσασα
3245 4847 3502 4928 Θεοφίλου
3569 4848 3826 4913 εὒκόλους

453 4943 691 5006 tebatur
715 4959 962 5003 manere
992 4939 1399 5002 securissime.
1434 4937 1687 5000 Videtur
1707 4935 1866 5000 enim
1890 4953 2083 4998 verum

2178 4936 2333 5000 οὔσας
2377 4935 2472 4992 καί
2533 4935 2802 4992 πιστεύειν
2856 4934 3229 5012 ἑτοιμοτάτας,
3280 4939 3355 5000 ὣς
3412 4938 3506 5006 εἴη
3564 4937 3823 5006 Ἰωάννης

452 5031 777 5113 esse,quod
800 5031 973 5109 vulgo
1005 5029 1242 5103 dicitur,
1273 5027 1500 5088 nullum
1537 5029 1753 5088 malum
1785 5027 1960 5089 facile
1985 5044 2092 5106 pe-

456 5121 681 5186 rire.Ut
708 5130 905 5184 autem
941 5119 1094 5181 bene
1119 5119 1179 5180 in
1214 5137 1349 5179 eum
1382 5117 1577 5179 affecti
1611 5128 1836 5192 essent,
1874 5116 1976 5198 qui
2007 5133 2097 5177 re-

454 5232 587 5275 rum
647 5210 1049 5291 potiebantur,
1105 5225 1458 5290 procurans,
1511 5206 1812 5284 congestis
1868 5206 2096 5268 acervis

453 5302 848 5366 Arabicorum
882 5309 1211 5363 aromatum
1247 5308 1305 5360 et
1355 5307 1728 5366 ceterorum.
1764 5316 1894 5377 qua?
1923 5305 2096 5357 erant

455 5410 593 5453 rara
615 5399 672 5452 et
700 5389 1110 5469 peregrina,se
1127 5396 1290 5468 parat
1311 5387 1382 5448 ad
1413 5385 1528 5446 iter
1549 5383 1899 5447 ineundum.
1926 5381 2096 5462 Epis-

456 5480 592 5560 copi
618 5499 752 5540 vero
783 5479 1010 5552 Roma),
1033 5478 1104 5539 ad
1131 5496 1281 5558 quos
1302 5475 1592 5555 scriptum
1622 5475 1812 5536 fuerat
1833 5483 1893 5534 ut
1924 5473 2096 5534 veni—

453 5578 754 5641 rent,cum
779 5575 980 5629 essent
1007 5566 1216 5643 parati,
1245 5563 1670 5643 exspectabant
1690 5572 1752 5624 ut
1787 5568 2097 5624 mitteren-

2177 5029 2298 5089 τοὺς
2363 5023 2487 5102 περὶ
2542 5025 2829 5102 Διόσκορον
2901 5027 2974 5089 εἷς
3045 5026 3325 5084 κοινωνίαν
3367 5026 3823 5104 παραδεξάμενος,

2179 5117 2251 5177 είς
2297 5113 2546 5188 λαμπρὰν
2578 5115 2735 5171 αὐτὸν
2792 5113 2982 5181 ἐξῆπτε
3044 5115 3259 5190 μάνίαν.
3320 5115 3518 5191 Φαύλῳ
3547 5117 3649 5195 γὰρ
3688 5137 3824 5174 συν·

2180 5201 2341 5260 ειδότι
2407 5201 2595 5279 ῥᾳδίως
2667 5203 2808 5270 ἀκοὴ
2866 5206 3175 5262 πιστεύοται
3247 5204 3449 5284 φαύλη,
3505 5213 3583 5278 τῷ
3645 5207 3825 5281 οἰκείῳ

2177 5294 2359 5371 τρόπῳ
2414 5294 2596 5349 καὶτὰ
2653 5300 2758 5350 τῶν
2817 5293 2997 5350 ἄλλων
3027 5297 3172 5354 εὐθὺν
3207 5292 3575 5372 δοκιμάζοντι.
3636 5295 3822 5372 Ἀνῄει

2179 5390 2456 5459 τοιγαροῦν
2521 5383 2655 5461 πρὸς
2741 5384 2838 5452 τὴν
2926 5385 3323 5442 Κωνσταντίνου
3405 5383 3688 5464 Θεόφιλος,
3764 5387 3822 5442 οὗ

2181 5471 2384 5548 μᾶλλον
2445 5470 2781 5528 διαλύσασθαι
2840 5473 2904 5528 τὰ
2968 5475 3165 5547 οἰκεῖα,
3225 5474 3259 5541 ἢ
3332 5473 3542 5551 ἑτέρους
3597 5475 3822 5548 μώμους

2181 5563 2514 5640 ἐπενεγκεῖν·
2600 5562 2659 5616 τὸ
2730 5559 2783 5616 δὲ
2854 5561 2919 5629 ἦν
2976 5561 3269 5637 ἀμύνασθαι
3342 5563 3441 5638 μὲν
3512 5563 3636 5626 τοὺς
3705 5568 3821 5642 περὶ

456 5669 551 5726 tur
588 5656 827 5731 littera),
860 5674 992 5735 quae
1020 5661 1308 5717 instarent
1339 5663 1400 5716 ut
1449 5653 1745 5728 venirent,
1780 5671 1855 5716 ne
1885 5651 1934 5715 si
1965 5659 2083 5713 anti

2188 5653 2510 5730 Διόσκορον,
2587 5648 2838 5717 Ἰωάννην
2902 5649 2957 5708 δὲ
3024 5651 3116 5707 τοῦ
3185 5651 3366 5726 θρόνου
3450 5666 3818 5730 κατενεγκεῐνο
