4020 6206
237 353 392 427 1153

1302 365 1489 431 νΙΤΑ
1534 369 1594 429 S.
1641 363 1962 430 JOANNIS
2004 361 2558 426 CHRYSOSTOMI.

3459 359 3607 424 1154

235 499 498 579 προφάσει
563 499 770 579 μέντοι,
801 502 875 563 ὡς
919 505 1025 556 τῶν
1084 499 1388 578 Ὠριγένους
1445 501 1662 578 βιϐλίων
1708 502 1877 580 ἀπόρο

1991 517 2204 578 empus
2247 499 2574 573 venissent,
2606 495 2666 557 in
2691 503 2934 558 externa
2986 497 3238 576 regione
3261 495 3362 557 diu
3397 496 3617 558 frustra

233 592 392 666 ῥησιν
450 588 700 664 βούλεται
762 588 962 664 θέσθαι,
1009 591 1131 654 τοὺς
1196 587 1287 646 ὑπ’
1344 593 1500 649 αὐτὸν
1545 590 1681 669 ἔγνω
1740 614 1880 665 συμ-

1989 589 2430 652 ιθᾶθιεοηιᾸΜιω
2457 587 2583 648 haec
2607 594 2802 647 autem
2832 587 3069 665 fierent,
3095 586 3237 647 falsa
3263 586 3417 647 fama
3438 604 3614 648 aures

234 676 572 754 παραλαϐεῖν
628 678 973 742 ἐπισκόπους,
1025 679 1166 736 Εἶτα
1223 678 1277 734 ἐν
1325 680 1516 756 Κύπρῳ
1573 681 1882 758 γενόμενος,

236 770 332 825 τὸν
396 767 619 848 θεοφιλῆ
677 768 1017 847 Ἐπιφάνιον,
1079 770 1138 826 οῦ
1191 770 1289 846 βίῳ
1360 771 1545 845 μόνον,
1607 769 1742 826 ἀλλὰ
1800 772 1889 827 καὶ

239 856 424 936 λόγοις
476 856 746 938 ’ἐπιφανῶς
791 857 1013 938 ἔχοντα,
1045 858 1218 938 τέχνῃ
1263 861 1394 937 πρὸς
1451 858 1630 938 φιλίαν
1683 861 1887 936 ἒπάγε-

236 968 350 1022 ται,
383 951 556 1003 καίτοι
613 968 674 1024 γε
702 948 795 1003 τὸν
828 949 932 1024 πρὸ
955 949 1050 1004 τοῦ
1098 946 1298 1026 χρόνον
1329 948 1423 1004 ἀπ’
1453 948 1690 1011 ἐναντίας
1749 953 1892 1024 αὒτῷ

241 1035 413 1116 ἔχων,
451 1037 539 1092 καὶ
592 1033 892 1092 διαϐάλλων
952 1039 1026 1100 ὡς
1069 1049 1188 1100 τοῖς
1244 1039 1535 1116 αἱρετικοτς
1594 1040 1888 1119 ὁμόφρονα.

242 1125 372 1182 Μετ’
406 1129 568 1184 αὐτοῦ
610 1126 782 1182 τοίνυν
834 1125 921 1182 καὶ
979 1131 1086 1182 τῶν
1129 1126 1265 1181 κατὰ
1325 1127 1535 1206 Κύπρον
1583 1127 1891 1184 ἐπισκόπων

243 1215 338 1277 τὰς
410 1212 657 1277 συνόδους
717 1214 1033 1289 ποιούμενος
1087 1214 1390 1295 ἀπηγόρευε
1440 1216 1540 1283 τὴν
1596 1218 1893 1295 ἀνάγνωσιν

242 1309 347 1360 τῶν
396 1302 706 1382 Ὠριγένους
747 1300 992 1380 βιϐλίων.
1052 1301 1362 1382 Ἐπιφάνιος
1421 1303 1474 1360 δὲ
1540 1304 1624 1362 διὰ
1680 1306 1894 1374 πολλὴν

243 1391 527 1459 ἁπλότητα
597 1394 696 1449 καί
753 1392 1014 1468 πονηρίας
1083 1391 1353 1464 ἓλεύθερον
1412 1395 1558 1470 ἦθος,
1605 1396 1704 1463 τὴν
1761 1397 1896 1452 εἵσω

243 1490 339 1540 τοῦ
407 1482 729 1562 φαινομένου
793 1483 1079 1561 σχήματος
1149 1482 1564 1560 ὑποκαθημένην
1618 1482 1896 1552 δεινότητα

243 1573 342 1640 τῆς
401 1573 658 1650 Θεοφίλου
706 1574 890 1650 ψυχῆς
953 1575 1014 1630 οὔ
1071 1573 1414 1651 καταπαθὼν,
1473 1575 1706 1630 πείθεται
1763 1576 1894 1653 πρὸς

246 1662 502 1728 Ἰωάννην
560 1661 762 1738 γράψαι
819 1668 911 1716 τόν
955 1663 1126 1734 θεῖον,
1159 1659 1457 1740 ἀπέχεσθαι
1505 1668 1613 1719 τῶν
1671 1663 1894 1742 Ὠριγέ-

247 1773 370 1815 νους
438 1747 680 1826 βιϐλίών.
756 1748 1000 1813 Ἐκεῖνος
1071 1747 1126 1804 δὲ
1191 1753 1280 1806 καὶ
1350 1751 1574 1822 τούτων,
1634 1753 1719 1810 καὶ
1791 1752 1896 1810 τῶν

1969 678 2249 758 scalpens
2279 675 2627 755 Theophili,
2657 695 2788 755 qua:
2821 684 2989 736 erant
3011 673 3216 736 faciles
3247 675 3320 736 ad
3353 675 3614 736 creden-

1973 766 2309 848 dum,quod
2328 769 2592 828 Joannes
2619 765 2966 827 Dioscorum
2993 763 3421 826 admisissetad
3455 785 3619 826 com-

1976 857 2492 929 munionem,eum
2517 855 2590 916 ad
2611 855 2902 932 insignem
2929 853 3203 914 accendit
3228 852 3544 915 insaniam.
3570 853 3618 915 Α

1976 947 2129 1007 mala
2159 947 2318 1007 enim
2345 944 2714 1006 conscientia
2737 944 2982 1006 omnino
3017 942 3186 1004 facile
3208 942 3474 1004 creditur
3497 961 3619 1003 ma-

1974 1036 2068 1097 lus
2090 1045 2391 1115 rumor,ut
2415 1053 2546 1115 qua:
2568 1055 2636 1096 ex
2661 1035 2784 1096 suis
2811 1032 3078 1095 moribus
3100 1032 3350 1094 aliorum
3383 1048 3622 1113 quoque

1975 1143 2176 1186 mores
2201 1123 2797 1187 metiatur.Ascendit
2820 1124 3017 1203 itaque
3034 1122 3407 1202 TheOphilus
3429 1121 3621 1184 Cons-

1977 1213 2538 1293 tantinopolim,non
2565 1222 2677 1274 tam
2704 1222 2769 1275 ut
2794 1229 2959 1274 suam
2985 1219 3373 1291 componeret
3391 1221 3624 1272 contro-

1977 1305 2252 1377 versiam,
2276 1322 2451 1384 quam
2474 1315 2534 1366 ut
2559 1302 2658 1363 alii
2694 1303 2964 1364 inurerct
2987 1300 3180 1362 labem
3207 1310 3264 1362 et
3284 1303 3622 1380 reprehen-

1977 1393 2306 1457 sionem.ld
2339 1404 2534 1454 autem
2559 1401 2783 1465 erat,ut
2807 1393 3202 1453 ulcisceretur
3220 1390 3462 1471 quidem
3487 1391 3626 1454 Dio-

1978 1501 2245 1557 scorum,
2269 1482 2561 1545 Joannem
2593 1501 2732 1544 vero
2763 1501 2795 1543 e
2845 1481 2987 1544 sede
3014 1479 3366 1560 deponeret.
3400 1479 3622 1543 Verum

1981 1572 2292 1634 enimvero
2325 1573 2438 1634 hoc
2489 1571 2732 1648 quidem
2768 1579 3083 1652 prtetextu,
3117 1569 3276 1650 quod
3335 1569 3623 1633 librorum

1979 1662 2258 1741 Origenis
2282 1662 2695 1742 propusiturus
2717 1671 2874 1723 esset
2897 1661 3402 1734 interdictionem,
3428 1662 3626 1724 statuit

1979 1771 2185 1814 secum
2215 1771 2526 1814 assumere
2553 1752 2897 1832 episcopos,
2933 1754 3030 1831 qui
3059 1759 3227 1812 erant
3248 1769 3370 1812 suae
3398 1752 3624 1814 dicace-

245 1839 425 1897 ἄλλων
481 1839 590 1896 τῶν
621 1836 742 1895 κατ’
803 1839 964 1896 αὐτοῦ
1001 1838 1484 1918 ῥᾳδιουργοῦμένων
1536 1839 1690 1919 ὀλίγα
1731 1864 1894 1920 φρον-

1989 1842 2086 1906 sis.
2123 1846 2266 1906 Cum
2291 1842 2499 1904 fuisset
2520 1851 2719 1906 autem
2743 1842 2803 1902 in
2823 1840 3033 1922 Cypro,
3069 1841 3189 1903 Deo
3213 1842 3455 1904 charum
3483 1841 3626 1922 Epi-

244 1931 424 2002 τίζων,
459 1929 575 1992 ἑνὸς
631 1928 797 2003 μόνου
825 1932 925 1994 τῆς
983 1929 1115 2006 πρὸς
1148 1930 1373 2006 Χριστὸν
1432 1928 1646 1991 ἐλπιδος
1678 1929 1894 2011 εὔχετο,

246 2025 347 2094 μιᾷ
410 2039 467 2074 τε
537 2014 770 2096 φροντίδι
829 2014 1122 2078 διαπαντὸς
1179 2017 1371 2097 ἤγετο,
1420 2019 1466 2075 τι
1516 2018 1578 2074 ἂν
1638 2023 1806 2077 ποιῶν
1863 2021 1898 2088 ἢ

247 2107 420 2186 λεγων
477 2105 717 2184 ἀρέσκων
773 2107 920 2180 αὖτῷ
977 2107 1238 2187 φαίνοιτο,
1274 2107 1396 2164 ἀλλ’
1444 2107 1538 2165 ’ίνα
1592 2111 1679 2166 καὶ
1725 2109 1898 2187 ὁπερὶ

1982 1931 2292 2013 phanium,
2317 1933 2418 2013 qui
2451 1951 2569 1993 non
2593 1931 2785 1993 solum
2811 1930 3064 2008 vita,sed
3093 1931 3364 1992 doctrina
3385 1950 3630 2012 quoque

1983 2032 2108 2084 erat
2150 2021 2368 2094 clarus,
2394 2032 2520 2084 arte
2555 2021 2882 2083 inducitad
2929 2020 3274 2095 amicitiam,
3311 2022 3422 2082 etsi
3453 2033 3630 2083 antea

1984 2112 2037 2173 ei
2062 2121 2220 2175 esset
2241 2111 2468 2174 invisus
2497 2121 2553 2172 et
2578 2112 2732 2173 male
2764 2111 3024 2191 audiret,
3054 2121 3115 2172 ut
3147 2112 3242 2194 qui
3272 2131 3404 2173 cum
3438 2111 3626 2174 hiare-

245 2199 310 2254 τὸ
364 2197 562 2274 ἀγαθὸν
622 2195 824 2252 ἐκείνου
852 2194 1014 2268 ζῆλος
1072 2195 1443 2276 λαμπρότερον
1472 2199 1738 2280 ἀναφανῇ,
1801 2199 1897 2256 καί

1989 2201 2236 2262 ticorum
2272 2202 2621 2263 conveniret
2670 2200 3058 2280 opinionibus
3086 2223 3098 2262 :
3131 2221 3265 2262 cum
3301 2221 3370 2264 eo
3400 2220 3541 2281 ergo
3575 2210 3632 2263 et

243 2290 352 2346 τῶν
408 2286 800 2365 ἐχθραινόντων
857 2286 1002 2361 αῦτῷ
1060 2289 1297 2362 ματαίως
1365 2290 1399 2356 ἡ
1447 2291 1716 2368 μοχθηρία
1793 2312 1898 2369 φα-

1989 2310 2118 2352 cum
2144 2291 2318 2372 Cypri
2345 2291 2641 2371 episcopis
2658 2291 2883 2352 faciens
2905 2291 3496 2372 concilia,prohibuit
3519 2292 3632 2352 lec-

250 2378 377 2455 νερὰ
445 2381 711 2452 καταστῇ,
773 2377 995 2456 πρᾶγμά
1057 2399 1108 2432 τι
1177 2376 1453 2452 συμϐαίνει
1514 2379 1786 2458 ἀμφότερά
1843 2401 1901 2435 τε

1989 2380 2214 2442 tionem
2242 2379 2534 2441 libror‘um
2558 2381 2856 2459 Origenis.
2881 2379 3248 2460 Epiphanius
3280 2391 3478 2443 autem
3514 2399 3635 2461 prae

257 2467 452 2545 ἀρκοῦν
481 2464 746 2546 δηλῶσαι,
791 2465 887 2522 καῖ
933 2465 1102 2534 ἀκοῆς
1137 2468 1379 2547 ὑπάρχον
1422 2481 1539 2532 τοῖς
1596 2472 1899 2542 μισοπονή-

1991 2487 2202 2547 magna
2233 2471 2478 2531 omnino
2511 2469 2900 2551 simplicitate
2941 2480 2997 2531 et
3029 2469 3294 2530 moribus
3325 2489 3356 2531 a
3409 2470 3635 2532 malitia

251 2578 366 2634 ροις
398 2554 564 2621 ἄξιον.
1989 2557 2219 2638 liberis,
2241 2576 2375 2634 qua:
2397 2558 2554 2621 intra
2576 2577 2736 2635 eum,
2766 2559 2865 2639 qui
2889 2558 3237 2639 apparebat,
3261 2557 3524 2620 habitum
3549 2560 3637 2621 in-

248 2647 504 2725 sidebat,
535 2649 852 2732 TbeOphili
883 2649 1160 2712 astutiam
1207 2668 1324 2712 non
1353 2668 1744 2730 cognoscens,
1785 2652 2185 2730 persuadetur
2237 2654 2307 2714 ad
2344 2653 2639 2730 insignem
2689 2653 2854 2714 illum
2888 2651 3156 2714 scribere
3205 2656 3523 2728 Joannem,
3568 2662 3635 2715 ut

252 2739 548 2804 abstineat
585 2757 619 2802 a
670 2739 844 2802 libris
879 2740 1176 2820 Origenis.
1229 2739 1335 2802 Ille
1364 2748 1562 2802 autem
1597 2759 1716 2802 non
1750 2741 1876 2803 haec
1907 2741 2125 2815 solum,
2161 2742 2266 2803 sed
2297 2743 2411 2804 alia
2444 2742 2644 2816 etiam,
2680 2761 2811 2822 quae
2843 2741 3130 2803 adversus
3163 2760 3296 2802 eum
3329 2741 3633 2803 facile‘at-

251 2829 673 2906 tendebantur,
711 2847 918 2911 parum
951 2848 1190 2907 curans,
1227 2848 1295 2892 ex
1345 2849 1464 2893 uno
1497 2849 1618 2893 uno
1653 2831 1780 2893 solo
1807 2831 2107 2910 pendebat
2135 2849 2241 2911 pro
2293 2831 2596 2911 omnibus,
2625 2849 2847 2911 nempe
2881 2849 2913 2891 a
2943 2848 3049 2911 spe
3079 2831 3139 2890 in
3181 2829 3391 2893 Deum.
3425 2829 3542 2895 Sed
3577 2841 3638 2894 ut

253 2927 312 2984 et
339 2919 505 2983 illius
529 2918 692 2982 zelus
719 2919 779 2980 in
811 2937 909 2981 res
933 2919 1218 2983 honestas
1247 2927 1564 3000 appareret
1589 2920 1833 2994 clarius,
1869 2929 1929 2982 et
1962 2938 2193 2995 eorum,
2229 2920 2328 3000 qui
2367 2921 2427 2980 in
2461 2923 2650 3000 ipsum
2690 2932 2914 2980 temere
2945 2921 3231 2996 gerebant
3261 2921 3626 2996 inimicitias,

250 3019 394 3073 nota
417 3018 577 3071 essat
604 3007 977 3090 improbitas,
1005 3008 1275 3090 quaedam
1310 3027 1408 3071 res
1466 3009 1709 3087 accidit,
1743 3028 1874 3090 qum
1923 3009 2139 3071 sufficit
2165 3011 2236 3070 ad
2270 3018 2591 3087 utrumque
2622 3009 3059 3071 ostendendum
3099 3029 3112 3072 :
3167 3019 3226 3071 et
3263 3011 3433 3073 valde
3463 3020 3630 3090 grata

253 3100 366 3162 erit
393 3097 662 3177 auribus,
690 3115 822 3177 qua;
853 3097 1110 3160 oderunt
1138 3097 1468 3180 improbos.

337 3193 475 3256 ΜΝ.
537 3189 636 3251 Ἦν
666 3191 936 3271 ἄνθρωπος
981 3193 1036 3249 ἐν
1065 3200 1133 3270 τῇ
1176 3193 1406 3270 βασιλίδι
1439 3194 1593 3252 πόλει
1624 3201 1730 3252 τῶν
1786 3195 1902 3251 ἔπι-

2071 3191 2332 3256 XLI.Vir
2353 3193 2594 3270 quidam
2619 3201 2744 3254 erat
2770 3193 3016 3254 illustris
3033 3193 3092 3254 in
3117 3193 3226 3256 hac
3249 3194 3412 3274 regia
3432 3195 3634 3257 civita-

255 3290 433 3364 φανῶν
491 3285 577 3341 καὶ
623 3282 924 3363 γνωρίμων,
961 3285 1055 3340 τὸν
1083 3285 1194 3360 βίον
1254 3283 1531 3364 θεοφιλής,
1567 3286 1664 3353 τὴν
1725 3287 1902 3342 πίστιν

1989 3283 2194 3363 te,vita
2213 3281 2496 3364 pius,ftde
2521 3281 3116 3360 religiosus,nomine
3139 3281 3636 3362 TheOgnostos.Is

255 3372 726 3456 φι).ευσε6ὴς,τὴν
785 3371 976 3439 κλῆσιν
1027 3375 1396 3452 Θεόγνωστος.
1445 3375 1607 3438 Οὗτος
1666 3376 1741 3432 ἐνὶ
1798 3381 1903 3430 τῶν

250 3463 539 3542 Ἀρειανῶν
582 3464 655 3523 εἰς
686 3461 876 3542 φθόνον
934 3463 1111 3520 πεσὼν
1151 3461 1492 3520 διαϐάλλεται
1538 3464 1778 3539 βασιλεῖ,
1815 3466 1904 3520 καὶ

249 3557 449 3632 γίνεται
507 3554 604 3621 τῆς
639 3551 799 3609 αῦτοῦ
858 3551 1108 3630 γλώττης
1164 3551 1320 3617 ἆθλος
1354 3554 1448 3608 οὒκ
1495 3553 1899 3627 ἐπαινούμενος.

249 3647 310 3702 '0
372 3642 426 3698 δὲ
459 3642 647 3720 λόγος,
680 3643 753 3704 ὡς
799 3641 892 3708 εἴη
935 3641 1092 3699 αὐτόν
1151 3663 1206 3697 τε
1270 3643 1355 3698 καὶ
1400 3641 1644 3718 βασιλίέα
1704 3647 1905 3718 πικρῶς

253 3730 575 3790 διαϐάλλων.
641 3732 913 3788 Ἐντεῦθεν
971 3733 1070 3801 τήν
1128 3753 1184 3787 τε
1243 3733 1420 3789 οὐσίαν
1465 3730 1750 3807 δημεύεται
1795 3738 1907 3786 πᾶ-

253 3845 352 3880 σαν
409 3824 497 3880 καὶ
554 3823 833 3900 ὑπερορίαν
903 3819 1150 3885 ἐλεεινῶς
1217 3823 1608 3900 κατακρίνεναι.
1688 3810 1744 3878 Ὀ
1812 3820 1907 3895 μὲν

257 3912 349 3970 οὖν
405 3911 586 3984 πόλιν,
619 3910 686 3987 ᾓν
744 3912 1054 3989 κατεκρίθη,
1102 3909 1460 3986 στελλόμενος
1521 3907 1908 3989 (Θεσσαλονίκη

257 4002 310 4059 δὲ
343 4000 437 4082 ἦν)
486 4001 642 4080 ἔγγὺς
673 4001 805 4080 πρὸς
838 4000 935 4067 τὴν
981 4001 1322 4078 μακροτάτην
1354 4001 1641 4082 ἀπάγεται,
1679 4009 1770 4056 τοῦ
1797 3999 1911 4076 βίου

257 4095 318 4149 τὸ
359 4081 523 4170 πέρας
555 4091 700 4170 παρὰ
749 4090 850 4157 τὴν
880 4089 1001 4148 ὁδὸν
1059 4089 1367 4167 δεξάμενος.
1405 4081 1467 4146 Ἠ
1527 4089 1661 4166 γυνὴ
1691 4087 1746 4143 δὲ
1804 4088 1914 4163 (καὶ

260 4184 310 4240 τί
338 4183 464 4262 γὰρ,
494 4183 538 4238 εί
569 4181 648 4258 μή
678 4179 820 4244 )ίθος
854 4180 944 4256 ἦν,
981 4182 1024 4236 εί
1056 4181 1133 4258 μὴ
1166 4179 1377 4259 σίδηρος
1413 4181 1448 4257 ;)
1481 4180 1612 4258 πρὸς
1643 4177 1910 4256 ἑπίρῤοιαν

258 4275 457 4351 μυρίων
516 4270 818 4328 ἀπειποῦσα
860 4271 1068 4349 κακῶν,
1107 4270 1357 4349 στέρησιν
1401 4269 1611 4350 ἀνδρὸς,
1661 4270 1910 4347 στέρησιν

258 4369 365 4422 τῶν
425 4361 613 4437 ὄντων,
647 4361 926 4439 ὑπερορίαν
972 4359 1226 4439 χαλεπήν
1282 4381 1340 4416 τε
1383 4361 1471 4417 καὶ
1529 4360 1906 4434 ἀθεράπευτον,

261 4455 384 4529 μίαν
464 4453 548 4509 καὶ
607 4450 741 4516 αῦτη
800 4449 1130 4528 παραψυχὴν
1200 4449 1299 4517 τὴν
1376 4451 1507 4529 πρὸς
1577 4450 1668 4505 τὸν
1739 4449 1910 4527 μέγαν

1986 3390 2122 3433 cum
2150 3371 2388 3432 cuidam
2414 3371 2637 3432 Ariano
2665 3371 3395 3454 exstitissetinvisusﬂﬁ),
3413 3391 3522 3454 per
3545 3391 3636 3434 ca-

1987 3461 2277 3524 lumniam
2303 3465 2622 3523 accusatur
2658 3460 2783 3541 (96)
2817 3461 2974 3540 apud
3002 3462 3453 3542 imperatorem,
3488 3471 3546 3524 et
3577 3463 3639 3523 fit

1989 3553 2074 3611 eis
2097 3549 2320 3627 lingua;
2346 3557 2652 3610 certamen
2680 3569 2798 3610 non
2831 3550 3152 3612 laudabile.
3185 3551 3501 3613 Accusatio
3528 3571 3638 3614 au-

1992 3648 2109 3699 tem
2137 3647 2283 3709 erat,
2321 3637 2481 3714 quod
2515 3638 2708 3717 ipsum
2736 3649 2792 3699 et
2824 3639 3267 3719 imperatricem
3303 3641 3637 3704 clanculum

1994 3727 2334 3788 maledictis
2356 3727 2773 3801 insectaretur,
2801 3734 2860 3786 et
2880 3726 3082 3806 lingua
3108 3729 3556 3791 calumniatrice
3578 3732 3639 3791 in

1993 3834 2130 3879 eum
2158 3823 2451 3878 uteretur.
2486 3813 2637 3876 Hinc
2659 3814 2877 3876 factum
2903 3825 3014 3890 est,
3043 3827 3106 3877 ut
3126 3826 3184 3878 et
3215 3817 3489 3878 universa
3509 3819 3640 3896 ejus

1989 3905 2150 3968 bona
2177 3904 2646 3986 publicarentur,
2681 3912 2737 3964 et
2769 3904 2954 3965 miser
2983 3904 3366 3966 damnaretur
3396 3907 3635 3970 exsilio.

1992 4001 2178 4072 Atque
2200 3999 2294 4055 ille
2319 3998 2551 4070 quidem
2577 4013 2707 4055 cum
2737 3997 3208 4069 proﬁcisceretur
3232 4001 3302 4055 ad
3332 3999 3636 4066 civitatem,

1994 4086 2057 4147 in
2091 4103 2266 4166 quam
2313 4083 2508 4144 fuerat
2537 4083 2840 4162 relegatus
2873 4083 2966 4164 (ea
2997 4101 3133 4144 vero
3167 4091 3291 4145 erat
3316 4083 3640 4148 Thessalo-

1996 4174 2448 4254 nica),jamque
2468 4191 2653 4254 prope
2678 4180 2854 4245 esset,
2891 4172 3209 4234 adducitur
3229 4173 3299 4235 ad
3325 4193 3476 4251 eam,
3511 4195 3644 4257 quae

1993 4273 2083 4328 est
2104 4263 2457 4342 longissime
2479 4271 2798 4342 remota,et
2818 4281 2850 4323 a
2875 4281 2990 4343 qua
3013 4282 3128 4324 non
3155 4264 3292 4325 licet
3323 4277 3641 4346 expectare

1991 4353 2570 4425 revocationem,suo
2595 4352 2728 4414 vitae
2752 4352 2872 4412 ﬁne
2894 4360 3140 4433 accepto
3168 4353 3229 4414 in
3255 4353 3642 4438 itinere.Ejus

1991 4453 2190 4508 autem
2224 4460 2376 4504 uxor
2408 4441 2576 4522 (quid
2608 4443 2767 4502 enim
2793 4441 2953 4504 aliud
2989 4443 3103 4503 nisi
3139 4452 3298 4505 esset
3323 4445 3490 4525 lapis,
3529 4448 3644 4510 nisi

266 4543 406 4622 ἔγνω
448 4540 788 4620 καταφυγήν.
864 4537 1233 4617 Προσελθοῦσα
1290 4538 1404 4620 οὖν,
1452 4540 1535 4596 καὶ
1593 4539 1736 4604 ὅπως
1799 4537 1897 4617 ἕχο

2008 4535 2237 4596 ferrum
2273 4538 2344 4606 ?),
2380 4531 2598 4592 afﬂicta
2633 4539 2691 4592 et
2721 4532 2959 4612 perdita
2989 4551 3289 4594 concursu
3349 4535 3642 4598 malorum

261 4635 329 4690 τὰ
399 4630 517 4687 κατ’
581 4630 748 4696 αὖτὴν
813 4627 1208 4709 ἆπαγγείλασα,
1256 4630 1534 4708 φάρμακον
1590 4631 1748 4686 αὐτὸν
1805 4629 1920 4704 εὗρε

269 4725 418 4777 θετον
490 4721 598 4774 τῶν
659 4723 860 4796 πικρῶν
915 4719 1080 4786 αὐτῆς
1121 4717 1338 4795 ὀδυνῶν,
1402 4719 1461 4776 οὐ
1517 4715 1698 4796 λόγοις
1757 4717 1920 4794 μόνον

271 4809 501 4884 ἰώμενον
551 4809 654 4875 τὴν
685 4807 896 4888 ψυχὴν,
932 4806 1069 4864 ἀλλὰ
1097 4809 1187 4865 καὶ
1231 4808 1404 4888 ’ἔργοις
1455 4809 1554 4876 τὴν
1599 4807 1798 4864 ἔνδειαν
1828 4811 1922 4864 θε-

271 4897 592 4979 ραπεύοντα.
667 4908 770 4957 Και
827 4897 928 4976 γὰρ
1000 4897 1260 4979 ἀποχρῶν
1317 4899 1451 4975 αὐτῇ
1520 4899 1820 4976 σιτηρέσιον
1861 4895 1922 4953 ἐκ

267 4990 362 5045 τοῦ
421 4989 520 5056 τῆς
567 4987 857 5055 ἐκκλησίας
914 4987 1203 5045 ἂποτάττει
1261 4985 1618 5068 Εενοδοχείου.
1653 4988 1792 5043 Εἶτα
1823 4986 1918 5042 καί

271 5080 454 5158 καιρὸν
525 5076 827 5148 ὶπιτήδειον
883 5077 1192 5158 περιέμενε,
1251 5076 1372 5135 καθ’
1441 5079 1498 5134 ὃν
1561 5079 1692 5155 ὑπὲρ
1751 5078 1915 5142 αὐτῆς

272 5167 488 5250 ἐντύχοι
546 5175 623 5244 τῷ
651 5165 892 5245 βασιλεῖ,
949 5164 1100 5223 Ἀλλ’
1161 5166 1317 5233 οἳαῆ
1373 5173 1464 5223 τοῦ
1509 5168 1697 5248 φθόνου
1746 5187 1915 5221 κατα·

271 5256 468 5338 δρομὴ,
498 5259 587 5315 καὶ
643 5260 694 5313 αἱ
723 5255 962 5337 χαλεπαὶ
1017 5262 1110 5312 τοῦ
1140 5256 1256 5333 βίου
1313 5259 1400 5312 καὶ
1430 5253 1704 5332 ἀνώμαλοι
1763 5275 1918 5333 περι-

269 5347 500 5405 πέτειαιο
547 5346 696 5405 οόπω
766 5347 867 5425 γὰρ
933 5345 1110 5412 ἐκείνη
1171 5347 1278 5401 τῶν
1349 5343 1728 5423 προλαϐόντων
1785 5343 1919 5400 ἀνα·

2006 4619 2758 4694 innumerabilium,mariti
2793 4621 3146 4702 privatione,
3176 4623 3504 4704 privatione
3538 4627 3647 4688 bo-

2005 4731 2245 4782 norum,
2311 4719 2428 4773 tam
2487 4711 2648 4790 gravi
2708 4711 2859 4790 ejus,
2923 4711 3023 4791 qui
3080 4711 3259 4774 simul
3312 4714 3643 4790 habitabat,

2006 4801 2240 4878 exsilio,
2303 4818 2423 4862 non
2475 4819 2506 4861 a
2562 4800 2740 4862 domo
2791 4801 3006 4877 solum,
3043 4802 3148 4863 sed
3209 4804 3384 4864 etiam
3446 4823 3479 4866 a
3537 4806 3652 4867 vita

2006 4898 2349 4975 separante,
2387 4909 2508 4952 non
2545 4899 2778 4972 poterat
2835 4891 3051 4955 sedare
3082 4893 3332 4975 luctum,
3369 4913 3484 4956 nec
3531 4915 3646 4956 un-

2004 4999 2180 5062 quam
2216 4977 2485 5041 cessabat
2518 4998 2550 5041 a
2581 4979 2876 5060 lacrymis.
2910 4978 3110 5042 Unum
3166 5002 3304 5060 ergo
3337 4985 3466 5062 ipsa
3495 5003 3648 5063 quo-

2002 5089 2118 5152 que
2176 5069 2339 5131 novit
2396 5068 2699 5140 solatium,
2735 5089 2950 5150 nempe
3004 5071 3076 5131 ad
3142 5090 3418 5150 magnum
3479 5071 3646 5133 illum

2005 5162 2195 5222 virum
2229 5157 2551 5238 refugium:
2588 5165 2647 5218 et
2677 5177 2810 5220 cum
2849 5161 3227 5236 accessisset,
3262 5169 3320 5221 et
3349 5161 3649 5240 quomodo

1999 5271 2098 5315 res
2126 5268 2247 5312 sua:
2305 5267 2369 5310 se
2399 5248 2690 5310 haberent
2720 5249 3143 5324 renuntiasset,
3177 5250 3404 5311 invenit
3454 5257 3647 5332 ipsum

2005 5342 2272 5405 divinum
2307 5338 2805 5400 medicamentum
2867 5338 3140 5399 dolorum
3171 5357 3417 5402 suorum
3473 5339 3651 5420 longe

349 5514 465 5587 (ιδ)
521 5515 728 5575 Gaium
760 5515 921 5574 hunc
950 5522 1112 5574 vocat
1142 5515 1257 5573 Leo
1311 5514 1460 5586 Aug.
1495 5514 1553 5570 in
1587 5513 1713 5571 Vita
1741 5513 1927 5584 Chry-
2007 5512 2125 5587 hac
2152 5509 2324 5587 longe
2349 5505 2938 5587 antequamsynodus
2961 5515 3158 5587 contra
3180 5508 3651 5587 Chrysostomum

272 5595 412 5644 $08!.

2010 5578 2513 5650 Constantinopoli
2573 5578 2946 5649 colligeretur
2977 5586 3100 5636 acta
3141 5578 3489 5644 esseJdocet
3547 5583 3653 5640 Ba-

353 5657 467 5729 (26)
508 5657 916 5732 Theognostns
945 5673 1048 5733 per
1078 5658 1428 5718 calumniam
1460 5656 1789 5722 damnatur;
1825 5656 1926 5714 sed
2011 5669 2141 5713 ron.
2173 5661 2308 5710 tom.
2350 5649 2628 5707 V’Annal.
