4060 6200
451 325 602 390 1155

1740 323 2020 387 MENSIS
2060 320 2514 388 JANUABIUS.

3665 325 3824 392 1156

435 456 986 533 acerbissimorum,
1013 474 1128 518 non
1151 453 1355 518 verbis
1377 461 1601 518 tantum
1637 456 1946 518 medicans
1978 457 2069 519 sed

2172 459 2440 516 πνεύσασα
2499 460 2846 538 σκυθρωπῶν,
2908 459 3092 538 ἑτέρας
3151 467 3422 541 συμφορᾶς
3481 461 3635 519 πάλιν
3691 463 3824 520 πιέ-

436 546 628 622 factis,
655 560 717 609 ut
743 545 1078 627 oportebat,
1105 563 1321 608 curans
1347 545 1756 625 indigentiam.
1793 545 2086 617 Quantum

440 639 596 699 enim
624 637 765 698 satis
790 644 915 698 erat
945 635 1249 706 frumenti,
1289 635 1342 696 ei
1376 634 1582 697 tribuit
1609 655 1677 697 ex
1710 636 2086 698 xenodocliio

437 726 732 790 ecclesim.
767 724 853 786 De
882 733 1094 786 caetero
1116 732 1312 786 autem
1347 725 1804 806 exspectabatur
1825 733 2082 806 tempus,

436 835 551 897 quo
580 832 688 896 pro
719 814 844 894 ipsa
876 813 1280 876 intercederet
1309 813 1464 894 apud
1493 813 1940 894 imperatorem.
1968 813 2084 878 Sed

435 902 645 984 quales
666 910 806 964 sunt
829 901 1063 963 invidias
1089 901 1633 983 insultus,vitaeque
1655 902 1844 983 iniqui
1868 913 1925 966 et
1948 922 2086 983 gra-

431 1011 538 1056 ves
562 991 754 1055 casus!
784 992 936 1055 Nam
957 1009 1092 1054 curn
1121 991 1224 1054 illa
1251 1009 1284 1052 a
1305 991 1607 1072 prioribus
1627 991 1799 1053 malis
1821 993 2085 1054 nondum

413 1082 814 1163 'respirasset,
851 1099 1062 1142 rursus
1111 1081 1473 1162 opprimitur
1525 1081 1794 1162 pondere
1841 1081 2085 1143 alterius

431 1172 812 1252 calamitatis,
845 1170 1000 1234 adeo
1047 1179 1110 1232 ut
1139 1190 1257 1233 una
1286 1170 1529 1251 quidem
1559 1171 1988 1246 effunderetur,
2024 1179 2086 1232 ut

427 1267 623 1338 aiunt,
647 1263 834 1326 altera
856 1281 994 1324 vero
1016 1261 1323 1326 inﬂueret.
1358 1261 1454 1324 Sic
1480 1275 1677 1325 autem
1707 1281 1771 1323 se
1803 1261 2078 1324 habebat:

429 1355 690 1436 Tempus
712 1360 841 1415 erat
862 1351 1486 1414 vindemiaeEudoxia
1516 1370 1655 1413 vero
1681 1351 1813 1432 ipsa
1844 1370 2083 1432 quoque

429 1462 674 1525 egressa
697 1462 729 1504 e
751 1441 1014 1516 civitate,
1044 1441 1386 1502 ambulabat
1408 1441 1468 1502 in
1503 1441 1757 1522 quodam
1792 1459 1933 1520 agro
1963 1443 2078 1502 im-

430 1533 743 1618 peratoris:
778 1539 902 1593 erat
933 1539 1132 1593 autem
1166 1532 1313 1592 situs
1346 1551 1464 1591 non
1500 1530 1705 1610 procul
1742 1549 1774 1592 a
1798 1531 1973 1592 vinea
2004 1531 2082 1592 vi-

431 1625 728 1688 dum.Cum
752 1631 948 1684 autem
969 1619 1203 1682 botrum
1231 1640 1302 1683 ex
1328 1623 1494 1682 vinea
1516 1621 1710 1681 viduae
1731 1622 2084 1701 sumpsisset

428 1713 887 1794 imperatrix,eo
909 1730 1015 1772 usa
1036 1719 1147 1772 est.
1171 1710 1317 1772 Cum
1343 1710 1585 1786 quidam
1612 1718 1812 1772 autem
1837 1709 2084 1772 dixisset

2171 557 2316 621 ζεται
2369 551 2542 628 βάρει.
2587 549 2752 630 ’Ἔχει
2804 547 2858 604 δὲ
2928 548 3085 607 οὕτω
3147 553 3420 630 Τρυγήτου
3476 553 3658 631 καιρὸς
3720 553 3818 622 ἦν’

2174 637 2390 704 Εὒδοξία
2421 637 2474 694 δὲ
2514 640 2602 696 καὶ
2660 639 2794 706 αὐτὴ
2839 645 2938 706 τῆς
2995 638 3206 703 πόλεως
3265 639 3467 698 ἐκϐᾶσα
3511 649 3641 721 πρὸς
3701 665 3824 700 τινα

2169 731 2275 788 τῶν
2328 727 2618 806 βασιλικῶν
2647 729 2823 806 ἀγρῶν
2853 728 3116 809 ἐτύγχανε
3166 729 3390 794 διιοῦσα.
3423 731 3520 790 Ἐκ
3561 732 3823 812 γειτόνων

2169 818 2224 876 δέ
2279 842 2379 877 που
2408 820 2494 875 καὶ
2554 826 2643 877 τοῦ
2673 823 2770 886 τῆς
2831 820 3008 899 χήρας
3052 819 3370 895 ἀμπελῶνος
3417 822 3686 898 κειμένου,
3716 824 3820 900 βό-

2169 931 2290 988 τρυν
2349 909 2553 966 ἐκεῖθεν
2600 910 2634 976 ἡ
2689 907 2895 984 βασιλὶς
2953 909 3194 987 ἀραμένη
3246 909 3536 991 ἐκέχρητο.
3571 913 3821 988 Φαμένου

2167 997 2221 1055 δέ
2265 1021 2404 1064 τινος
2467 997 2746 1073 ἀλλότριον
2804 998 2947 1054 εἶναι
3001 999 3091 1055 τὸν
3138 999 3453 1076 ἀμπελιῖινειι⁹
3516 1000 3689 1059 Ἀλλά
3731 1003 3821 1058 καὶ

2169 1089 2350 1162 αὐτὸς,
2409 1086 2534 1167 ἔφη,
2567 1099 2687 1150 τοῖς
2736 1085 3042 1162 βασιλικοῖς
3095 1087 3200 1157 ἢδη
3254 1089 3623 1153 συντέτακται,
3653 1091 3821 1158 ’Ἐθος

2169 1180 2267 1257 γὰρ
2325 1185 2562 1236 τοιοῦτον
2593 1177 2956 1253 έπικρατῆσαν
3013 1178 3079 1245 ἦν
3116 1181 3358 1258 ἀτεχνῶς
3417 1180 3814 1260 πονηρότατον,

2167 1268 2470 1333 πλεονεξίας
2535 1273 2691 1325 τοῦτο
2743 1266 2786 1324 ὥ
2839 1269 2923 1324 καὶ
2979 1267 3265 1334 κολακείας
3332 1274 3430 1337 τῆς
3473 1291 3668 1348 μιαρας
3734 1274 3812 1334 ὡς

2167 1360 2307 1422 εἰκὸς
2363 1357 2816 1432 ὑποτυπωσάσης,
2864 1358 2924 1415 οὗ
2976 1357 3038 1414 ἂν
3093 1360 3340 1436 βασιλεὺς
3403 1359 3566 1438 ἀγροῦ
3623 1359 3812 1437 ἐπιϐῇ,

2165 1449 2254 1505 καὶ
2307 1454 2398 1504 τοῦ
2440 1446 2644 1525 καρποῦ
2693 1447 2970 1524 γεύσηται,
3003 1462 3121 1513 τοῖς
3167 1449 3480 1526 βασιλικοῖς
3509 1451 3595 1507 καὶ
3655 1450 3814 1507 αὐτὸν

2165 1537 2562 1616 συντετάχθαι,
2627 1536 2720 1592 τὸν
2790 1535 2844 1591 δὲ
2915 1544 3006 1594 τοῦ
3075 1537 3237 1616 ἀγροῦ
3291 1539 3470 1616 κύριον
3540 1537 3576 1605 ἢ
3645 1537 3813 1617 ἑτέρῳ

2165 1624 2493 1702 ἀμείϐεσθαι,
2559 1625 2594 1693 ἢ
2653 1624 2749 1694 τῆς
2807 1625 2954 1692 ἀξίας
3035 1627 3322 1706 τυγχάνειν
3385 1632 3571 1694 τιμῆς.
3627 1629 3812 1702 Τούτῳ

2165 1717 2253 1772 καὶ
2312 1716 2444 1782 αὐτὴ
2499 1715 2576 1790 τῷ
2631 1713 2733 1771 ἔθει
2807 1723 3143 1796 προσχοῦσα,
3204 1719 3290 1773 καὶ
3347 1720 3462 1773 οἷον
3524 1714 3811 1774 ἶδιαίτατον

428 1806 662 1866 vineam
689 1820 821 1864 esse
841 1799 1248 1862 alienam:Sed
1284 1800 1416 1880 ipsa
1446 1819 1711 1880 quoque,
1742 1800 1934 1878 inquit
1957 1798 2069 1862 Eu-

2166 1808 2256 1862 τοῦ
2300 1801 2489 1884 ἄρχειν
2547 1805 2607 1860 τὸ
2664 1802 2869 1860 ἀδικεῖν
2926 1805 3194 1882 κρίνουσα,
3256 1805 3344 1862 καὶ
3395 1804 3476 1862 ὅτι
3519 1806 3578 1862 τὸ
3649 1805 3812 1864 δύνα-

430 1895 632 1967 doxia,
655 1893 782 1972 jam
812 1891 1002 1952 relata
1031 1899 1120 1951 est
1141 1890 1202 1950 in
1229 1908 1544 1952 numerum
1569 1907 1846 1968 agrorum
1880 1890 2075 1970 impe-

429 1983 802 2056 ratoris,haec
827 1979 987 2042 enim
1013 1979 1075 2039 in
1101 1997 1209 2040 usu
1232 1986 1356 2040 erat
1379 1977 1747 2040 consuetudo
1772 1978 1947 2057 longe
1971 1980 2078 2041 im-

438 2070 797 2154 probissima
854 2068 1224 2147 (avaritiane,
1281 2086 1355 2128 an
1409 2067 1773 2130 exsecranda
1820 2067 2076 2131 adulatio

441 2165 597 2223 banc
625 2159 925 2221 induxerit
967 2159 1286 2235 incertum)
1323 2166 1386 2219 ut
1425 2176 1843 2238 quemcunque
1873 2176 2076 2237 agrum

425 2253 753 2332 imperator
769 2247 1170 2323 ascendisset,
1190 2255 1250 2309 et
1282 2247 1355 2309 de
1375 2247 1507 2327 ejus
1525 2247 1722 2308 fructu
1751 2255 2072 2326 gustasset,

422 2343 473 2404 is
495 2340 693 2403 statim
719 2343 1139 2400 recenseretur
1160 2337 1319 2398 inter
1337 2353 1512 2414 agros
1534 2335 1612 2397 im
1623 2335 2075 2418 peratoris,agri

421 2448 562 2492 vero
596 2427 878 2491 dominus
929 2426 1019 2486 vel
1051 2443 1187 2489 eum
1222 2445 1358 2488 cum
1408 2425 1524 2486 alio
1559 2433 1948 2506 permutaret,
1983 2426 2072 2488 vel

414 2522 645 2601 justum
697 2515 954 2598 pretium
988 2523 1442 2592 assequeretur.
1500 2515 1644 2577 Cum
1677 2515 1805 2596 ipsa
1835 2533 2073 2596 quoque

419 2611 573 2672 hanc
609 2606 964 2670 attendisset
996 2603 1522 2680 consuetudinem,
1557 2613 1615 2666 et
1647 2605 1905 2667 maxime
1938 2606 2071 2685 ejus

422 2697 693 2761 moribus
719 2695 1205 2769 convenientem,
1241 2703 1300 2756 et
1319 2694 1619 2775 judicaret
1665 2712 1798 2756 esse
1830 2693 2070 2775 imperii

419 2785 962 2870 proprium,facere
993 2784 1304 2864 injuriam,
1327 2792 1385 2844 et
1419 2802 1537 2844 non
1563 2801 1738 2863 posse
1768 2783 1943 2845 aliter
1977 2802 2069 2845 os-

420 2877 582 2941 tendi
615 2875 762 2955 quid
786 2875 918 2957 ipsa
948 2885 1170 2956 posset,
1196 2873 1391 2935 aufert
1420 2872 1854 2953 agrum,simul
1887 2873 2064 2935 etiam

419 2967 671 3030 studens
703 2984 833 3028 eam
857 2964 1099 3026 afficere
1133 2962 1414 3025 molestia
1443 2968 1774 3043 (acceperat
1803 2964 1961 3024 enim
1985 2963 2071 3044 ip-

419 3076 542 3120 sam
571 3057 644 3118 ad
668 3054 900 3116 beatam
924 3053 1085 3115 illam
1110 3051 1370 3114 animam
1398 3051 1786 3131 confugisso),
1823 3051 2066 3114 etillum

418 3166 452 3210 e
497 3145 642 3208 sede
677 3142 1025 3223 deponendi
1059 3160 1339 3223 quazrens
1379 3141 1758 3203 occasionem
1792 3163 1805 3200 :
1840 3141 2069 3204 sciebat

419 3236 603 3316 enim,
629 3235 822 3316 ipsum
857 3250 977 3295 non
1005 3249 1138 3293 esse
1161 3231 1576 3304 toleraturum,
1608 3232 1656 3292 si
1701 3231 1965 3294 venisset
1993 3231 2067 3292 ad

417 3326 549 3408 ejus
573 3323 1002 3402 cognitionem,
1033 3320 1137 3383 sed
1166 3323 1327 3382 omni
1361 3319 1592 3381 ratione
1624 3324 1674 3382 ei
1727 3338 1902 3402 opem
1935 3337 2068 3382 esse

417 3411 862 3485 laturum.Quid
883 3429 1024 3491 ergo
1051 3408 1583 3490 consequitur-‘tllle
1602 3408 1844 3491 quidem
1865 3408 1937 3471 ab
1956 3409 2068 3472 hac

417 3501 750 3566 miserabili
769 3500 944 3564 vidua
977 3497 1410 3562 miserabiliter
1441 3498 1701 3579 ejulante
1730 3499 2068 3560 inﬂamma-

420 3603 514 3656 tus
544 3588 1115 3666 visceribus,scribit
1145 3589 1218 3651 ad
1243 3590 1966 3670 imperatricem,movens
1990 3589 2064 3651 ad

412 3682 917 3755 misericordiam,
940 3685 1174 3760 patrum
1211 3679 1498 3760 pietatem
1531 3695 1822 3740 revocans
1848 3678 1909 3740 in
1934 3696 2064 3741 me-

415 3773 666 3836 moriam
684 3779 742 3834 et
763 3770 869 3833 Dei
895 3769 1170 3832 timorem
1184 3767 1620 3849 ,terribilisque
1639 3767 1955 3830 tribunalis
1970 3787 2066 3831 co-

413 3862 698 3942 gitatione
720 3877 1106 3922 commovens
1139 3857 1268 3938 ejus
1291 3856 1572 3919 animam.
1609 3855 1727 3918 Sed
1751 3856 2062 3920 incurvum

412 3952 639 4032 lignum
662 3967 966 4032 nunquam
992 3946 1209 4010 feceris
1232 3954 1610 4026 rectum,nec
1642 3964 1921 4027 asperum
1948 3948 2061 4008 he-

411 4041 704 4105 rinacium
728 4055 988 4119 unquam
1013 4037 1206 4098 levem
1234 4034 1593 4097 reddideris:
1622 4054 1731 4098 nec
1764 4036 2058 4114 effeceris,

413 4139 477 4192 ut
497 4147 714 4192 cancer
735 4136 934 4189 rectus
955 4125 1355 4205 ingrediatur.
1376 4123 1525 4188 Mala
1550 4124 1711 4186 enim
1739 4135 2062 4190 consuetu-

2166 1899 2282 1952 σθαι
2343 1897 2476 1970 αὖτῇ
2516 1894 2768 1972 πάρεστιν
2825 1891 3005 1958 ἄλλως
3058 1892 3340 1962 δηλοῦσθαι
3380 1895 3458 1970 μὴ
3514 1893 3808 1972 δυναμένη,

2162 1987 2253 2043 τὸν
2299 1984 2460 2062 ἀγρὸν
2511 1995 2852 2060 παραιρεῖται
2905 1989 3004 2051 τῆς
3048 1985 3253 2065 χήρας,
3287 1986 3423 2060 ὁμοῦ
3479 2006 3537 2040 τε
3596 1984 3807 2053 ἐκείνην

2162 2075 2353 2132 λυπεῖν
2409 2071 2658 2132 ἐθέλουσα
2710 2073 3014 2150 (μεμάθηκε
3069 2074 3169 2153 γὰρ
3223 2081 3297 2149 τῷ
3354 2075 3597 2153 μακαρίῳ
3638 2075 3801 2142 αὐτὴν

2162 2159 2538 2242 προστεθῆναι)
2574 2162 2751 2244 Δαὑτὸν
2781 2182 2838 2218 τε
2881 2161 3130 2220 καθελεῖν
3183 2172 3277 2223 τοῦ
3303 2164 3485 2242 θρόνου
3533 2157 3802 2244 πρόφασιῷ

2162 2240 2478 2324 ἐκζητοῦσα.
2519 2240 2707 2320 ν”ῌδει
2741 2252 2840 2330 γὰρ
2883 2255 2957 2315 ὡς
3009 2251 3103 2309 οὐκ
3151 2240 3368 2310 ἀνεκτὸν
3399 2252 3542 2328 αὒτῷ
3578 2240 3800 2331 Ῠγέ-νοιτο

2159 2344 2289 2422 πρὸς
2349 2343 2542 2419 γνῶσιν
2604 2340 2776 2420 ἐλθὸν,
2831 2339 2970 2397 ἀλλὰ
3029 2342 3120 2398 τὸν
3164 2341 3336 2398 πάντα
3377 2343 3572 2420 τρόπον
3628 2341 3799 2400 ἕλοιτο

2155 2434 2400 2508 βοηθεῖν.
2465 2431 2524 2488 Τί
2577 2430 2666 2488 οὖν
2723 2430 2783 2486 τὸ
2828 2432 2916 2487 επὶ
2974 2433 3202 2506 τούτοις,
3235 2432 3322 2488 καὶ
3373 2445 3533 2490 ποῖον
3573 2430 3673 2511 ἄρα
3728 2439 3802 2505 τῷ

2156 2523 2428 2600 πράγματι
2461 2541 2626 2599 περας
2659 2518 2942 2577 ἀκολουθεῖ
2977 2541 2992 2601 ;
3052 2512 3110 2578 ¹Ο
3157 2521 3254 2597 μὲν
3302 2521 3400 2577 ὕπὸ
3432 2521 3525 2590 τῆς
3566 2521 3800 2590 ἐλεεινῆς

2154 2612 2350 2678 ναύτης
2383 2609 2558 2690 χήρας
2585 2610 2792 2690 οἰκτρὸν
2824 2609 3229 2678 ἒπικωκυούσης
3262 2610 3329 2668 τὰ
3357 2611 3651 2692 σπλάγχνα
3679 2609 3798 2668 δια-

2152 2699 2438 2777 καιόμενος
2490 2700 2676 2780 γράφει
2708 2705 2776 2775 τῇ
2831 2698 3089 2777 βασιλίδι,
3122 2701 3258 2778 ωρὸς
3303 2698 3454 2757 ἔλεον
3488 2697 3633 2766 ὅπως
3669 2701 3796 2781 εἶχε

2150 2788 2501 2868 παρακαλῶν,
2534 2789 2779 2866 πατέρων
2812 2811 2868 2846 τε
2923 2787 3188 2849 εὐσεϐείας
3237 2790 3660 2866 ὑπομιμνήσκων
3711 2783 3798 2848 καὶ

2151 2879 2314 2955 φόϐου
2345 2885 2497 2953 Θεοῦ,
2530 2880 2616 2934 καὶ
2646 2878 2744 2944 τὴν
2775 2877 2978 2936 ἔννοιαν
3010 2880 3144 2956 αὖτῇ
3173 2877 3266 2936 τοῦ
3297 2875 3524 2958 «possch
3550 2878 3795 2956 βήματος

2151 2967 2432 3045 ἱμϐάλλων
2463 2968 2537 3031 εἰς
2560 2967 2656 3034 τὴν
2687 2969 2896 3047 ψυχήν.
2932 2967 3099 3024 Ἀλλὰ
3157 2965 3400 3044 σκαμϐὸν
3445 2965 3596 3033 ξύλον
3639 2965 3791 3026 οὐδέ·

2151 3057 2276 3115 ποτ’
2306 3059 2479 3135 ὀρθὸν,
2506 3053 2624 3114 οὐδὲ
2655 3055 2805 3113 λεῖον
2836 3055 2898 3112 ἂν
2928 3058 3071 3125 θείης
3103 3059 3196 3114 τὸν
3224 3058 3426 3136 τραχὺν
3456 3056 3649 3137 ἐχῖνον
3678 3055 3791 3114 οὒδὲ

2150 3145 2376 3222 βαδίζειν
2408 3145 2531 3222 ὀρθὰ
2561 3145 2654 3200 τὸν
2699 3159 2954 3222 καρκῖνον
2983 3146 3433 3226 παρασκευάσαις.
3477 3144 3653 3212 ’Έθος
3696 3145 3792 3224 γὰρ

2150 3237 2382 3312 πονηρὸν
2415 3238 2602 3313 ψυχῆς
2654 3232 3084 3311 ἐπιλαμϐόμενον
3131 3233 3308 3314 ῥᾳδίας
3359 3234 3789 3314 καὶθερμοτέρας

2150 3326 2223 3391 εἷς
2267 3324 2594 3404 μοχθηρίαν,
2653 3323 2962 3384 ἐντυποῦται
3011 3325 3176 3402 ταύτῃ
3231 3325 3316 3381 καὶ
3349 3324 3472 3382 οἷον
3500 3325 3791 3404 ἔγκαίεται,

2151 3416 2237 3470 καὶ
2281 3411 2446 3469 οὐδενὶ
2490 3411 2634 3491 λόγῳ
2662 3415 2927 3483 κατήκοον
2956 3415 3180 3492 γίνεται,
3217 3412 3352 3475 ἀλλὰ
3377 3412 3572 3495 σχεδὸν
3603 3412 3792 3478 ἀνεξά-

2149 3503 2366 3560 λειπτόν
2423 3504 2592 3578 ἔστιν,
2659 3502 2752 3559 ’ἕνα
2796 3503 2882 3560 καὶ
2927 3505 3076 3583 φύσει
3122 3501 3413 3578 δυνάμενον
3458 3509 3527 3580 τῇ
3583 3503 3790 3578 ἀμετασ-

2147 3591 2355 3667 ϐλήτῳ,
2403 3589 2544 3658 Αὕτη
2605 3611 2885 3670 τοιγαρουν
2948 3595 2984 3663 ἡ
3034 3591 3245 3670 σκληρά
3291 3613 3346 3648 τε
3388 3591 3475 3650 καὶ
3520 3591 3789 3670 βαρυκάρ-

2147 3679 2258 3747 διος
2313 3682 2424 3760 (καὶ
2481 3681 2530 3736 τί
2573 3681 2672 3760 γὰρ
2718 3679 2872 3755 ἄλλο,
2920 3681 2956 3748 ἢ
3015 3682 3148 3759 γυνὴ
3191 3681 3399 3761 πονηρά
3433 3679 3480 3760 ς)
3524 3684 3582 3740 οὐ
3628 3683 3790 3756 μόνον

2148 3774 2241 3829 οὐκ
2283 3768 2600 3839 ἰδυσωπήθη
2644 3769 2711 3826 τὰ
2755 3770 3068 3850 γράμματα,
3101 3771 3191 3826 καὶ
3239 3770 3332 3828 τοῦ
3376 3767 3680 3833 στείλαντος
3732 3771 3791 3827 τὸ

2147 3859 2377 3941 ἀξίωμα,
2425 3858 2562 3916 ἀλλὰ
2591 3862 2687 3916 καί
2718 3861 2856 3918 πολὺ
2909 3862 2970 3917 τὸ
3014 3861 3202 3937 πικρὸν
3262 3858 3431 3940 ἐφάνη
3490 3857 3627 3916 κατά
3682 3865 3786 3935 ψυ-

2146 3949 2258 4030 χὴν
2301 3948 2503 4030 ἔχουσα
2548 3946 2727 4022 (δῆλον
2771 3949 2869 4027 γὰρ
2931 3955 3084 4007 τοῦτο
3117 3948 3353 4014 κατέστη
3384 3960 3500 4012 τοῖς
3533 3947 3790 4028 ἀντιγρά-

2144 4038 2286 4119 φοις)
2345 4035 2597 4116 ὑϐριστὴν
2653 4035 2999 4095 ἀποκαλοῦσα
3077 4039 3168 4094 τὸν
3257 4036 3452 4116 μέγαν,
3527 4036 3618 4095 καὶ
3689 4038 3788 4105 τὴν

2143 4127 2384 4208 γλῶτταν
2440 4125 2759 4202 ἀκόλαστον,
2805 4128 2891 4183 καὶ
2936 4133 3014 4203 μὴ
3057 4131 3155 4194 τῆς
3189 4127 3569 4208 προσηκούσης
3616 4126 3782 4194 αὑτὴν

414 4220 661 4294 do,cum
687 4214 1161 4298 apprehenderit
1183 4215 1441 4276 animam
1465 4214 1698 4276 facilem
1731 4215 1802 4276 ad
1829 4215 2058 4295 impro-

2153 4217 2382 4284 ὶξιοῦντα
2430 4216 2617 4296 τιμῆς,
2680 4215 2896 4294 ἄγνοιάν
2949 4238 3005 4273 τε
3062 4222 3170 4273 τῶν
3253 4218 3516 4292 κειμένων
3588 4215 3788 4296 ἔχοντα

414 4305 874 4383 bitatem,facile
897 4303 1260 4385 imprimitur
1277 4311 1339 4366 et
1360 4304 1851 4382 inuritur,neque
1873 4305 2057 4368 ullam

2153 4308 2343 4387 νόμων,
2403 4306 2477 4362 ὧν
2547 4305 2639 4362 ἕνα
2679 4308 2766 4362 καὶ
2809 4304 2996 4363 τοῦτον
3064 4305 3245 4386 ἔλεγεν
3296 4305 3440 4362 εἶναι
3497 4307 3586 4363 τὸν
3656 4309 3788 4362 θαυ-

413 4398 576 4461 audit
600 4396 843 4459 omnino
864 4392 1158 4457 rationem
1193 4414 1205 4456 :
1240 4394 1344 4456 sed
1371 4395 1463 4456 vix
1489 4395 1620 4456 fieri
1642 4402 1840 4476 potest
1861 4402 1924 4456 ut
1957 4395 2059 4457 de-

2143 4397 2346 4474 μαστόν
2405 4417 2462 4451 τε
2521 4396 2608 4452 καὶ
2652 4393 2987 4453 δικαιότατον
3021 4413 3034 4426 ·
3090 4395 3146 4462 ’ὃς
3178 4396 3271 4452 καί
3305 4395 3563 4474 τεραστίῳ
3609 4395 3789 4473 τρόπῳ

412 4489 696 4563 leatur,ut
714 4504 848 4564 qua:
866 4492 1094 4546 tantum
1120 4485 1333 4565 possit,
1361 4493 1654 4562 quantum
1691 4489 1906 4547 natura
1933 4484 2057 4546 im-

2153 4489 2242 4544 εινὶ
2283 4491 2353 4562 τῇ
2396 4482 2645 4542 ἒπιϐάσαι
2690 4491 2784 4542 τοῦ
2827 4485 2992 4564 ἀγροῦ
3033 4485 3120 4542 καὶ
3171 4486 3314 4560 μόνη
3345 4482 3483 4540 ἴδιον
3533 4491 3610 4560 τῷ
3655 4485 3787 4561 βου-

413 4559 904 4657 ῐηυῑειὶιὶιὶείιρεα
935 4592 1078 4653 ergo
1111 4559 1259 4635 dura
1289 4559 1350 4635 et
1377 4559 1537 4652 gravi
1589 4573 1794 4648 corde,
1827 4581 1888 4634 et
1914 4573 2058 4654 quid

2153 4559 2353 4652 λομένῴ
2407 4589 2558 4633 ποιεῖ
2615 4575 2706 4632 τὸν
2764 4559 3074 4652 ἀλλότριον.
3151 4559 3374 4636 Τούτοις
3424 4573 3451 4629 ὃ
3507 4559 3599 4630 τοῦ
3657 4559 3793 4630 Θεοῦ

413 4666 780 4748 aliud,quam
809 4665 962 4726 mala
984 4662 1353 4726 mulier?non
1370 4664 1564 4726 solum
1585 4663 1884 4738 nihil,non
1909 4663 2061 4728 litte-

409 4777 662 4836 ras,non
683 4759 872 4839 ipsam
894 4756 1024 4836 ejus
1043 4754 1148 4833 qui
1179 4753 1795 4836 scripserat,reverita
1825 4764 1915 4816 est
1936 4775 2061 4819 om-

413 4849 558 4910 nino
585 4847 957 4928 dignitatem:
991 4843 1096 4906 sed
1122 4845 1244 4906 visa
1267 4852 1355 4906 est
1377 4862 1649 4925 magnam
1673 4843 2058 4908 acerbitatem

412 4939 610 5002 celare
632 4937 696 4999 in
723 4937 947 4999 animo.
986 4934 1121 4997 Fuit
1143 4933 1303 4995 enim
1322 4934 1436 4996 hoc
1458 4933 1704 4996 evidens
1734 4951 1803 4996 ex
1827 4933 2064 5016 iis,quae

410 5028 1036 5110 rescripsit,magnum
1053 5021 1344 5086 Joannem
1378 5041 1595 5085 vocans
1622 5023 1981 5085 insolentem
2003 5029 2063 5084 et

415 5116 631 5197 linguae
661 5113 1144 5196 intemperantis,
1179 5121 1238 5175 et
1269 5113 1371 5194 qui
1405 5131 1564 5190 eum,
1594 5131 1775 5190 quem
1811 5131 1915 5192 par
1945 5121 2056 5190 est,

414 5207 708 5270 honorem
731 5207 786 5268 ei
818 5204 1066 5267 minime
1086 5201 1379 5265 tribuit:et
1410 5203 1511 5284 qui
1535 5203 1766 5282 ignorat
1796 5218 2059 5282 eas,quaa

412 5308 575 5371 sunt,
605 5298 768 5376 leges
805 5319 817 5354 :
880 5312 947 5356 ex
980 5291 1199 5374 quibus
1230 5291 1469 5354 dicebat
1501 5291 1654 5352 hanc
1689 5307 1863 5351 unam
1922 5309 2056 5353 esse

412 5384 830 5448 admirabilem
863 5390 924 5445 et
953 5382 1130 5460 longe
1155 5379 1574 5459 justissimam,
1602 5397 1732 5460 quae
1763 5377 2056 5458 prodigio-

410 5497 477 5540 so
529 5475 786 5558 quodam
823 5471 999 5533 modo
1055 5487 1287 5550 agrum,
1319 5487 1498 5558 quem
1545 5468 1742 5558 solum
1789 5466 2054 5558 ingressi

413 5555 658 5640 fuerint,
691 5564 1084 5644 imperatores
1116 5577 1252 5622 eum
1286 5557 1560 5638 protinus
1613 5557 1757 5620 facit
1785 5555 2052 5638 illorum,

412 5655 645 5718 etiamsi
703 5655 750 5714 is
813 5649 992 5714 fuerit
1048 5649 1399 5730 peregrinus
1456 5659 1515 5712 et
1566 5647 1740 5730 plane
1796 5646 2050 5715 alienus.

2142 4667 2413 4746 ἅνθρωπος
2488 4664 2752 4744 ἐντυχὼν,
2834 4664 2929 4721 οὒκ
2987 4661 3252 4740 ἐμϐλύνθη
3311 4663 3410 4731 τὴν
3469 4664 3790 4744 προθυμίαν,

2144 4757 2312 4820 οὕτως
2366 4757 2426 4811 εκ
2494 4759 2593 4821 τῆς
2657 4753 2874 4832 πρώτης
2933 4754 3117 4830 πείρας
3174 4753 3488 4833 ἀποτυχὼν,
3547 4751 3664 4813 οὐδὲ
3724 4754 3792 4810 τὸ

2143 4847 2329 4902 ἑαυτοῦ
2373 4841 2585 4922 πράξειν
2618 4841 2886 4922 ἱνόμισεν,
2937 4841 2972 4910 ἢ
3031 4841 3424 4924 προεφασίσατό
3467 4863 3544 4920 τι,
3590 4841 3791 4922 χρόνον

2145 4935 2199 4992 ἐν
2237 4938 2314 5007 τῷ
2386 4931 2534 5008 μέσῳ
2595 4932 2685 4989 καὶ
2739 4929 3008 5000 ἀναϐολὴν
3067 4931 3287 5005 θέμενος
3343 4929 3504 5010 (ὅπερ
3556 4930 3610 4988 ἐν
3669 4944 3790 4997 τοῖς

2144 5023 2402 5086 τοιούτοις
2459 5023 2627 5096 ἡμεῖς
2686 5021 2999 5099 πάσχομεν,
3035 5022 3071 5088 ἢ
3115 5018 3254 5094 ὄκνῳ
3285 5019 3555 5100 εἴκοντες,
3592 5021 3622 5088 ἢ
3665 5020 3789 5084 τοὺς

2142 5111 2354 5190 καιροὺς
2406 5108 2849 5189 δυσωπούμενοι),
2917 5108 3055 5167 ἀλλά
3113 5111 3310 5174 παντὸς
3370 5108 3648 5186 ἀμελήσας
3692 5109 3792 5165 τοῦ

2141 5201 2340 5279 εἴργειν
2388 5203 2546 5258 αὐτοῦ
2586 5201 2684 5266 τὴν
2730 5200 2902 5279 ὁρμὴν
2953 5197 3271 5274 δυναμένου,
3304 5197 3377 5262 ὠς
3408 5198 3472 5255 ἄν
3505 5197 3618 5271 ὅλῳ
3657 5197 3790 5254 ποδί

2141 5291 2363 5368 βοηθεῖν
2408 5289 2627 5370 ἐθέλων,
2672 5290 2760 5346 καὶ
2811 5285 2978 5366 μηδὲν
3026 5286 3263 5367 περιέναι
3322 5289 3511 5363 μικρὸν
3567 5287 3602 5356 ἦ
3645 5287 3787 5365 μέγα

2139 5386 2245 5437 τῶν
2301 5377 2565 5435 ἑλκόντων
2623 5380 2694 5440 εἷς
2754 5376 2927 5450 ἔλεον,
2975 5378 3132 5442 αὐτος
3186 5377 3392 5441 ἐκεῖνος
3449 5382 3520 5454 τῇ
3548 5374 3783 5454 βασιλίδι

2139 5468 2412 5550 πρόσεισι,
2457 5470 2546 5525 καὶ
2587 5466 2764 5525 πολλὰ
2808 5468 2971 5525 εἰπὼν
3015 5468 3103 5524 καὶ
3145 5467 3320 5525 πάντα
3351 5466 3495 5525 λίθον
3531 5467 3782 5540 κινήσας,

2139 5558 2253 5616 ἐπεὶ
2311 5560 2508 5626 ταύτην
2593 5556 2731 5637 ἑώρα
2813 5554 3078 5634 μηδαμῶς
3153 5555 3430 5631 εἷ’κουσαν,
3521 5554 3657 5613 ἀλλὰ
3719 5555 3786 5612 τὸ

2140 5651 2374 5728 πονηρὸν
2417 5647 2557 5722 ἔθος,
2610 5649 2681 5714 ὡς
2730 5646 2946 5727 ἄμαχον
2979 5669 3054 5723 τι,
3089 5643 3555 5726 προϐαλλομένην,
3589 5643 3784 5717 έδεήθη
