4060 6200
270 356 417 428 1157

1309 362 1495 425 VITA
1537 363 1599 425 s.
1645 355 1968 428 JOANNIS
2009 365 2164 428 CHR
2181 345 2582 427 Ysos'rom.

3481 359 3632 425 1158

262 497 350 552 καὶ
421 493 715 575 φαρμάκων
797 492 1253 572 δραστικωτέρων.
1320 490 1548 554 Ἀπόδος
1610 496 1722 576 οὖν,
1777 497 1903 577 ἔφη,

1991 498 2128 561 Haec
2154 519 2288 562 cum
2315 499 2556 576 legisset
2598 497 2775 558 homo
2822 493 2950 574 Dei,
2988 512 3104 555 non
3130 495 3242 555 fuit
3263 493 3633 557 retardatum

260 592 331 658 τῇ
390 585 597 663 γοναικί
627 585 688 639 τὸ
721 581 883 645 ἴδιον,
932 583 992 640 Τί
1035 583 1136 661 γὰρ
1167 584 1260 637 καί
1312 589 1381 656 τῇ
1427 582 1646 662 Ἀχαὰϐ
1692 590 1901 663 γυναικί

262 675 481 748 ὁμοιοῦν
539 673 768 739 σεαυτὴν
852 671 1237 750 ἐσπούδακας;
1297 675 1498 727 τούτων
1559 676 1629 738 ὡς
1680 675 1904 742 ἤκουσεν

266 762 506 836 Εὖδοξία,
564 767 715 837 θυμῷ
792 762 981 835 πολλῷ
1049 761 1145 828 την
1225 761 1412 840 ψυχὴν
1467 761 1754 843 ἁνεκαύθη,
1821 770 1906 822 καὶ

263 854 360 910 οἶά
390 876 469 914 τις
514 851 796 926 ἡμιμανὴς
853 853 942 907 καὶ
1001 851 1306 929 παράφορος
1353 849 1558 925 ἐθεᾶτο,
1610 853 1774 934 Ἐγὼ,
1808 854 1901 910 λέ..

263 964 456 1021 γουσα,
502 943 737 1018 τιμωρὸς
788 943 998 1016 ὶμαυτῇ
1069 938 1286 1014 ἔσομαι,
1328 942 1416 998 καὶ
1459 944 1566 1021 οῦχ
1609 942 1776 1008 οδτως
1822 945 1905 1000 ἐπὶ

262 1032 404 1089 πολὺ
465 1031 714 1104 ἀνέξομαι
785 1031 925 1086 κατᾶ
986 1031 1112 1105 μίαν
1157 1035 1264 1084 τῶν
1299 1029 1506 1104 ἀτίμων
1558 1031 1898 1111 ὑϐριζομένη.

265 1127 346 1198 τῇ
401 1123 554 1201 χήρᾳ
595 1119 652 1176 δι
695 1123 801 1200 οὐχ
862 1119 1011 1183 ὅπως
1069 1120 1097 1174 ὁ
1129 1117 1410 1192 ἀμπελὼν,
1445 1119 1570 1176 ἀλλ’
1597 1122 1714 1181 οὐδὲ
1741 1130 1904 1199 τιμῆς

266 1211 429 1289 χάριν
486 1210 618 1288 ὑπὲρ
697 1213 857 1268 αὐτοῦ
930 1231 980 1264 τι
1039 1206 1530 1277 καταϐληθήσεται.
1593 1211 1744 1269 Οὕτω
1800 1221 1904 1269 τῶν

264 1301 551 1378 βασιλείων
603 1302 630 1355 ὁ
686 1299 856 1377 μέγας
902 1297 1230 1371 ἐπανελθὼν,
1279 1311 1397 1362 τοῖς
1442 1307 1536 1357 τοῦ
1577 1301 1716 1369 ἱεροῦ
1745 1306 1906 1380 θυρω-

267 1402 384 1467 ροῒς
447 1390 722 1446 ἐπιτάττει
773 1385 1187 1467 παραγενομένῃ
1236 1394 1304 1464 τῇ
1339 1385 1550 1462 Εὖδοξίᾳ
1583 1389 1905 1469 ἐπιζυγῶσαι

267 1481 361 1542 τὰς
407 1480 589 1557 θύρας,
635 1479 722 1534 καὶ
787 1479 861 1554 μὲι
930 1477 1137 1558 ἐφεῖναι
1195 1477 1256 1533 τὸ
1318 1479 1569 1556 παράπαν
1623 1483 1756 1557 αὐτῇ
1809 1484 1907 1550 τὴν

268 1567 503 1629 εἴσοδον.

1989 592 2111 664 ejus
2139 601 2468 665 promptum
2493 592 2673 648 animi
2703 589 2980 652 studium,
3007 603 3138 644 cum
3164 589 3355 645 statim
3379 589 3635 660 primum

1987 677 2140 738 facto
2177 677 2444 758 periculo
2499 695 2616 737 non
2651 683 2808 737 esset
2850 680 3160 734 assecutus
3193 690 3206 730 :
3251 691 3445 752 neque
3478 672 3636 753 quod

1989 784 2161 827 suum
2196 775 2349 846 erat,
2383 786 2413 826 ιι
2449 785 2512 830 se
2548 785 2666 828 non
2697 783 2830 826 esse
2865 763 3101 824 censuit
3132 760 3500 838 faciendum,
3535 769 3640 825 aut

1990 854 2246 935 aliquam
2279 855 2476 918 attulit
2499 856 2973 926 excusationem,
3011 851 3330 930 interiecto
3366 858 3640 930 tempore

1989 947 2186 1019 aliquo
2211 958 2265 1005 et
2286 948 2657 1014 dilationem
2675 949 2732 1004 in
2755 947 2928 1004 rebus
2953 943 3287 1016 huiusmodi
3311 943 3458 1000 solet
3483 942 3638 1000 mul-

1991 1034 2072 1094 tis
2103 1033 2368 1114 evenire,
2397 1035 2541 1096 dum
2565 1041 2665 1096 aut
2698 1032 2918 1094 cedunt
2949 1029 3308 1102 dubitantes,
3344 1035 3446 1089 aut
3480 1036 3636 1090 tem-

1989 1143 2128 1201 pora
2155 1127 2562 1186 reformidant:
2589 1128 2691 1184 sed
2720 1125 2864 1184 nihil
2892 1126 3111 1181 faciens
3133 1122 3416 1194 quidquid
3444 1130 3642 1192 posset

1987 1231 2196 1276 arcere
2220 1214 2350 1293 ejus
2371 1219 2445 1274 im
2456 1213 2868 1295 petum,utqui
2898 1217 3138 1290 paratus
3158 1217 3314 1269 esset
3341 1214 3468 1270 toto
3487 1207 3639 1286 pede

1989 1304 2369 1377 currere,llle
2398 1303 2526 1382 ipse
2545 1302 2777 1364 accedit
2803 1301 2875 1362 ad
2901 1299 3372 1380 imperatricem:
3405 1305 3467 1360 et
3500 1315 3637 1358 cum

1991 1393 2178 1454 multa
2207 1392 2478 1468 dixisset,
2508 1402 2565 1454 et
2592 1410 2832 1455 omnem
2869 1388 3147 1469 lapidem,
3183 1396 3246 1448 ut
3277 1390 3466 1463 aiunt,
3506 1405 3639 1448 mo-

1991 1483 2332 1559 visset,eam
2357 1491 2552 1545 autem
2581 1481 2826 1544 vidisset
2860 1477 3105 1540 minime
3129 1476 3487 1546 cedere,sed
3523 1476 3642 1537 im-

1993 1571 2239 1654 probam
2263 1574 2416 1635 hanc
2433 1570 3246 1646 consuetudinem,tanquam
3274 1567 3642 1647 inexpugna-

266 1659 539 1766 bilentet
561 1657 931 1766 imnmo‘b‘ilem
956 1657 1216 1762 aliquam
1233 1659 1750 1766 legem_pro.ferre,
1778 1683 1926 1746 opus
1949 1663 2126 1728 habet
2150 1668 2481 1729 austeriore
2507 1665 2945 1726 medicamento
2974 1666 3214 1742 propter
3237 1661 3429 1722 morbi
3453 1678 3639 1740 repu-

267 1751 594 1831 gnantiam.
627 1751 836 1814 Redde
885 1769 1049 1830 ergo,
1084 1751 1296 1831 inquit,
1333 1753 1598 1827 mulieri,
1634 1755 1787 1836 quod
1819 1774 1991 1818 suum
2019 1765 2125 1816 est.
2162 1757 2313 1830 Quid
2365 1756 2524 1818 enim
2560 1763 2614 1816 te
2651 1753 2818 1814 uxori
2851 1751 3054 1814 Achab
3080 1751 3360 1813 studuisti
3392 1768 3639 1830 compa-

263 1861 400 1913 rare
426 1843 488 1893 54
514 1842 545 1902 ‘i
594 1841 733 1903 Hmc
762 1848 1074 1922 postquam
1109 1839 1332 1902 audivit
1360 1840 1645 1919 Eudoxia,
1681 1844 1768 1906 ira
1816 1862 2027 1926 magna
2054 1847 2323 1919 incensa,
2360 1845 2556 1922 ignem
2590 1840 2852 1924 spirabat
2882 1863 2893 1899 :
2931 1849 2986 1901 et
3016 1840 3200 1901 veluti
3232 1841 3380 1902 semi
3430 1839 3642 1901 insana

265 1940 324 2034 et
356 1939 570 2034 emotae
605 1931 852 2034 mentis,
882 1948 957 1991 ne
1008 1937 1236 2034 poterat
1265 1930 1507 2011 quidem
1543 1935 1785 2034 omnino
1806 1938 2110 2034 contineri
2143 1957 2156 2002 :
2192 1935 2298 1998 sed
2332 1932 2629 1997 clamabat
2656 1941 2714 1994 et
2737 1931 2985 2034 domum
3041 1928 3325 2010 implebat
3355 1929 3640 1991 vocifera-

265 2021 456 2124 tione,
489 2022 700 2084 dicens
739 2043 750 2080 :
807 2019 928 2100 Ego
967 2037 1062 2124 me
1094 2019 1370 2121 ulciscar,
1407 2039 1518 2124 nec
1565 2022 1667 2084 diu
1701 2025 1914 2105 patiar,
1949 2051 2044 2093 me
2083 2039 2359 2106 tanquam
2421 2023 2701 2085 infamem
2731 2021 3011 2082 feminam
3044 2019 3197 2081 affici
3251 2018 3636 2080 contumelia.

264 2111 474 2174 Vidua:
504 2121 701 2174 autem
735 2129 854 2173 non
904 2107 1080 2171 modo
1111 2110 1305 2183 vinea,
1338 2110 1443 2172 sed
1494 2131 1602 2174 nec
1635 2132 1740 2194 pro
1775 2120 1966 2194 pretio
2002 2120 2246 2200 quidem
2281 2116 2336 2179 ei
2390 2113 2713 2196 quidquam
2749 2111 2998 2174 omnino
3051 2111 3340 2171 solvetur.
3378 2109 3477 2172 Sic
3520 2127 3641 2170 ma-

265 2220 418 2282 gnus
447 2204 708 2264 Joannes
737 2218 1020 2263 reversus
1041 2220 1074 2260 e
1101 2200 1284 2279 regia,
1321 2202 1603 2282 praecepit
1634 2205 1840 2286 templi
1863 2199 2317 2288 janitoribus,ut
2340 2207 2388 2268 si
2420 2207 2774 2267 accessisset
2796 2200 3145 2276 Eudoxia,ei
3173 2200 3328 2261 fores
3362 2199 3632 2280 protinus

265 2292 638 2366 obserarent,
680 2309 874 2372 neque
905 2308 1035 2354 eam
1069 2289 1298 2370 ingredi
1332 2291 1625 2356 sinerent.

349 2388 483 2450 MB'.
551 2388 734 2467 Βραχὺ
790 2389 851 2444 τὸ
910 2387 962 2442 iv
1023 2387 1196 2460 μέσῳ,
1235 2388 1324 2442 καὶ
1367 2387 1524 2464 ἐορτή
1566 2395 1765 2469 παρῆν,
1799 2390 1903 2447 καθ

2078 2391 2476 2455 XLII.Parum
2499 2385 2789 2463 temporis
2819 2383 3250 2459 intercessit,et
3281 2381 3488 2443 aderat
3509 2381 3638 2444 dies

267 2478 334 2545 ἣν
375 2480 436 2533 τὸ
493 2484 586 2533 τοῦ
638 2479 776 2533 θείου
836 2475 1060 2554 σταυροῦ
1119 2474 1271 2540 ξύλον
1313 2477 1591 2551 ὑψοῦνται.
1626 2481 1686 2536 Ὀ
1738 2480 1905 2535 τοίνυν

266 2567 406 2632 ἅπας
465 2566 592 2630 λαὸς
635 2568 706 2630 εἷς
766 2568 857 2622 τὸν
915 2567 1040 2622 ναὸν
1098 2563 1371 2643 συνὲῤῥεον
1440 2566 1622 2644 γένους
1681 2570 1901 2648 παντὸς,

262 2656 352 2711 καὶ
405 2655 618 2723 ἡλικίας
665 2656 865 2730 πάσης,
919 2653 1189 2730 μηδεμιᾶς
1247 2655 1710 2730 ἀπολειπομένης.
1775 2657 1903 2716 Οὐδὲ

263 2745 364 2822 γὰρ
422 2743 596 2813 μόνην
627 2748 789 2824 εἶχον
832 2746 925 2812 τὴν
958 2747 1146 2819 ἑορτὴν
1179 2751 1278 2813 τῆς
1310 2747 1598 2822 παρουσίας
1631 2748 1898 2821 ὑπόθεσιν,

261 2832 402 2889 ἀλλὰ
451 2837 538 2890 καὶ
583 2833 771 2909 πολλῴ
820 2834 1026 2909 μᾶλλον
1081 2838 1178 2905 τὴν
1215 2837 1312 2904 τῆς
1357 2837 1608 2892 Ἰωάννου
1653 2837 1901 2914 γλώττης

260 2922 540 3001 ἀκρόασιν,
578 2929 716 2979 Πᾶσι
781 2925 879 3002 γὰρ
932 2923 1103 3001 ἔρωτα
1147 2931 1386 2982 τοιοῦτον
1420 2923 1577 2992 ἐνῆκε
1608 2931 1710 2982 τῶν
1746 2925 1903 2982 αύτοῦ

257 3011 460 3090 λόγων,
523 3014 596 3076 ὡς
655 3019 846 3091 μικροῦ
903 3011 1334 3092 δημηγοροῦντος
1406 3013 1666 3076 πολλάκις
1726 3013 1900 3076 ἔνθους

1124 3105 1209 3159 καὶ
1269 3103 1449 3180 ὥσπερ
1528 3103 1744 3180 ἐξῆρθαι
1803 3109 1901 3170 τῆς

263 3193 420 3248 αὒτοῦ
477 3189 747 3270 γλώττης,
811 3192 898 3247 καὶ
959 3194 1266 3271 αἰωρεῖσθαι
1339 3193 1544 3257 τούτοις
1604 3195 1740 3268 μετὰ
1797 3200 1905 3250 τῶν

263 3286 458 3360 ψυχῶν
505 3283 592 3336 καὶ
625 3281 691 3337 τὰ
736 3281 986 3356 σώματα,
1050 3282 1262 3338 ἀκούειν
1312 3303 1370 3338 τε
1400 3283 1466 3338 τὰ
1496 3281 1658 3361 χείλη
1693 3283 1902 3339 κινοῦν-

264 3391 380 3442 τος,
431 3369 535 3448 οὔχ
579 3369 760 3449 ὥσπερ
803 3369 1079 3448 λέγοντος,
1115 3370 1252 3426 ἀλλὰ
1301 3371 1512 3448 ῥέοντος
1571 3372 1800 3447 πότιμόν
1854 3394 1904 3427 τι

263 3457 361 3513 καί
423 3457 746 3537 νεκταρῶδες
803 3461 890 3516 καὶ
947 3457 1157 3522 διειδὲς.
1193 3460 1368 3536 Ταύτῃ
1402 3483 1481 3516 τοι
1543 3463 1628 3518 καὶ
1674 3459 1907 3528 σπουδὴν

266 3544 480 3603 ἅπασαν
541 3549 756 3626 εἰσῆγον
817 3550 895 3623 μὴ
954 3547 1342 3615 ἂπολειιοθῆναι
1402 3549 1500 3616 τῆς
1576 3549 1905 3628 ἀκροάσεως,

263 3636 352 3691 καὶ
396 3637 528 3695 αὖτὰ
570 3635 625 3693 δὲ
678 3639 743 3695 τὰ
798 3639 1015 3715 ῥήματα
1066 3637 1144 3714 μὴ
1191 3636 1370 3703 ἁπλῶς
1406 3639 1637 3713 ἆκούειν,
1670 3638 1806 3694 ἀλλᾶ
1842 3637 1903 3693 δι’

260 3103 493 3179 γίνεσθαι
553 3103 672 3166 τοὺς
748 3103 1032 3180 ἀκροατὰς,

1988 2487 2193 2556 festus,
2227 2502 2342 2558 quo
2378 2485 2588 2541 divinae
2632 2479 2822 2539 crucis
2849 2479 3068 2550 lignum
3094 2480 3150 2534 in
3186 2475 3634 2536 altumtollitur.

1989 2571 2305 2629 Universus
2329 2572 2520 2640 itaque
2547 2563 2795 2638 pepulus
2817 2562 3213 2621 conﬂucbatin
3233 2560 3636 2632 templum,ne-

1987 2671 2100 2728 que
2115 2657 2299 2714 ullum
2317 2669 2500 2728 genus
2520 2663 2616 2710 aut
2633 2651 2746 2709 ulla
2763 2659 2898 2708 tetas
2920 2646 3331 2720 aberat.Neque
3345 2649 3497 2704 enim
3514 2647 3636 2704 dies

1989 2743 2174 2804 festus
2193 2742 2387 2803 solum
2413 2741 2501 2802 eis
2525 2756 2701 2800 causa
2723 2744 2946 2810 erat,ut
2969 2733 3246 2795 venirent
3277 2751 3290 2795 :
3317 2733 3421 2794 sed
3452 2732 3639 2794 multo

1992 2833 2180 2910 magis
2203 2831 2417 2909 linguae
2435 2831 2682 2892 Joannis
2706 2821 3260 2888 auditio.0mnibus
3283 2821 3445 2884 enim
3468 2822 3632 2902 inje-

1987 2932 2148 2983 cerat
2167 2931 2283 2982 tam
2319 2920 2642 2980 vehemens
2665 2915 3099 2978 audiendarum
3131 2917 3466 2973 orationum
3495 2930 3635 2973 sua-

1985 3029 2116 3071 rum
2136 3009 2595 3082 desiderium,ut
2613 3023 2772 3086 saepe
2791 3023 2924 3066 cum
2942 3002 3424 3077 concionaretur,
3437 3008 3638 3064 essent

1987 3119 2021 3162 a
2042 3100 2161 3161 Deo
2188 3099 2366 3160 aﬂlati
2393 3097 2721 3170 auditores,
2763 3103 2820 3156 et
2840 3093 2914 3154 ab
2948 3094 3078 3173 ejus
3110 3092 3308 3171 lingua
3339 3091 3636 3173 quodam-

1992 3190 2169 3252 modo
2205 3186 2783 3269 penderent,eisque
2811 3185 2868 3245 in
2902 3181 3160 3244 sublime
3192 3181 3637 3243 tollerentursio

1991 3279 2114 3340 mul
2147 3279 2363 3340 animae
2394 3287 2451 3340 et
2472 3294 2748 3358 corpora,
2780 3275 3032 3354 ejusque
3064 3273 3442 3333 attenderem
3471 3270 3638 3333 labra

1993 3388 2125 3446 quae
2149 3367 2561 3441 movebantur,
2585 3385 2703 3427 non
2731 3373 3011 3445 tanquam
3037 3359 3432 3437 dicentis,sed
3456 3359 3636 3423 emit-

1993 3465 2163 3520 tentis
2187 3463 2325 3534 quid
2354 3462 2728 3532 poculentum
2773 3467 3229 3527 nectareumque
3248 3464 3300 3512 et
3331 3455 3638 3526 perspicu-

1991 3563 2087 3606 um
2103 3547 2190 3603 .Ea
2215 3551 2282 3604 de
2303 3561 2472 3604 causa
2500 3545 2691 3603 studio
2709 3553 2830 3602 erat
2849 3543 3223 3604 omnibusme
3245 3542 3467 3598 abesset
3483 3543 3638 3612 quis-

1991 3651 2166 3714 quam
2191 3631 2265 3693 ab
2289 3631 2742 3704 auscultatione,
2777 3627 3107 3708 quinetiam
3143 3633 3207 3686 ut
3242 3627 3367 3705 ipsa
3397 3643 3636 3705 quoque

264 3723 571 3805 ὀξυγράφων
630 3724 1092 3804 παραλαμϐάνειν,
1136 3729 1223 3783 καὶ
1276 3729 1348 3790 ὡς
1407 3728 1700 3806 θησαυροὺς
1761 3727 1902 3783 ἀπο-

1989 3727 2169 3788 verba
2196 3744 2311 3787 non
2334 3724 2519 3786 semel
2543 3723 2748 3784 audita
2779 3720 3177 3798 negligerent,
3197 3719 3300 3778 sed
3327 3719 3490 3779 omni
3514 3726 3634 3778 stu-

262 3817 514 3874 τίθεσθαι.
574 3817 670 3878 Ὠς
716 3819 804 3873 οὖν
855 3817 993 3874 οὕτω
1036 3824 1223 3890 ταῦτα,
1272 3818 1360 3874 καὶ
1411 3819 1445 3885 ἢ
1498 3816 1708 3894 βασιλὶς
1767 3818 1903 3892 μετὰ

1989 3815 2086 3878 dio
2104 3835 2170 3877 ea
2191 3815 2545 3895 perveloces
2565 3811 2890 3891 scriptores
2902 3809 3340 3889 exciperent,et
3355 3817 3631 3887 tanquam

261 3905 480 3960 πάντων
537 3907 740 3983 ἐφοίτα,
800 3905 1012 3973 πολλῆς
1073 3908 1190 3982 περὶ
1223 3908 1386 3973 αὒτὴν
1421 3905 1584 3973 οἷσης
1617 3912 1716 3973 τῆς
1746 3910 1903 3982 θερα-

261 3995 417 4057 πείας
470 3996 556 4050 καὶ
615 4000 716 4062 τῆς
796 3994 1083 4071 βασιλικῆς
1141 3995 1426 4059 κολακείας
1498 3997 1586 4052 καὶ
1637 3998 1902 4075 θρύψεως,

262 4083 311 4138 οἱ
363 4084 584 4162 θυρωροὶ
642 4087 808 4161 θυρῶν
856 4083 1104 4164 εἴχοντο,
1158 4087 1245 4140 καὶ
1277 4083 1407 4164 ὅπερ
1437 4087 1503 4152 ἦν
1537 4084 1722 4150 αύτοῐς
1783 4084 1906 4141 ἐπι-

262 4172 594 4249 τεταγμένον
651 4171 886 4232 ἐποίουν.
939 4171 1061 4251 Ἐφ’
1112 4175 1157 4245 ᾧ
1187 4173 1252 4228 τὰ
1283 4173 1510 4252 μέγιστα
1544 4173 1905 4253 χαλεπήνασα

267 4259 484 4326 Εὸδοξία
516 4268 621 4341 πῦρ
651 4261 821 4338 ἔπνει,
854 4264 943 4318 καὶ
971 4261 1142 4318 δεινὸν
1189 4260 1340 4339 ἓϐόα,
1401 4263 1490 4319 καὶ
1534 4265 1624 4319 τὸν
1670 4263 1906 4342 παρόντα

268 4347 441 4426 δῆμον
492 4351 760 4431 μάρτυρας
821 4351 1000 4409 ἐκάλει
1053 4357 1152 4419 τῆς
1206 4350 1425 4424 ὕϐρεως.
1469 4356 1600 4409 Εἶτα
1632 4353 1718 4409 καὶ
1776 4355 1906 4432 πρὸς

265 4440 384 4517 βίαν
443 4447 547 4497 τῶν
597 4445 764 4520 θυρῶν
824 4441 1166 4522 ὠθουμένων,
1235 4441 1318 4506 εἷς
1390 4447 1494 4498 τῶν
1553 4441 1905 4520 παρεστώτων

264 4532 325 4587 τὸ
389 4529 534 4610 ξίφος
613 4531 1052 4609 ἐπισπασάμενος
1110 4531 1249 4590 κατὰ
1293 4537 1391 4599 τῆς
1466 4534 1609 4610 ἱερᾶς
1678 4531 1906 4588 ἀνέτεινε

265 4619 467 4686 πύλης.
543 4619 696 4678 Ἀλλ’
768 4621 900 4702 ἔσχε
956 4624 1058 4690 τὴν
1115 4622 1257 4678 θείαν
1317 4620 1468 4689 δίκην
1528 4621 1586 4678 οὒ
1631 4620 1905 4702 σχολαίως

1990 3905 2335 3968 thesaurum
2364 3899 2902 3984 reponerent.Cum
2929 3918 3070 3977 ergo
3095 3899 3226 3958 haec
3253 3902 3331 3956 ita
3353 3914 3416 3957 se
3446 3895 3633 3957 hahe-

1989 4007 2201 4062 rent,et
2229 3996 2570 4068 imperatrix
2589 3994 2806 4050 veniret
2824 4005 2959 4048 cum
2981 3987 3252 4047 omnibus
3276 4003 3407 4044 cum
3428 4001 3637 4058 magno

1990 4084 2277 4146 comitatu
2306 4089 2519 4143 etcum
2544 4080 2693 4140 fastu
2719 4078 2908 4157 regio,
2927 4076 3220 4156 janitores
3251 4081 3546 4136 steterunt
3573 4073 3636 4134 in

1991 4171 2242 4246 foribus,
2275 4178 2333 4232 et
2354 4170 2624 4231 fecerunt
2648 4167 2705 4228 id
2730 4167 2888 4249 quod
2913 4168 3000 4227 eis
3023 4164 3214 4226 fuerat
3253 4163 3634 4244 imperatum.

1993 4261 2162 4336 Quod
2197 4260 2442 4338 quidem
2476 4259 2677 4320 ferens
2724 4256 3034 4336 aegerrime
3087 4253 3374 4328 Eudoxia,
3414 4253 3635 4316 ctelum

1993 4364 2168 4415 terra;
2200 4351 2509 4426 miscebat,
2546 4359 2600 4412 et
2635 4349 2804 4411 valde
2850 4347 3315 4420 vociferabatur,
3349 4353 3408 4408 et
3443 4363 3635 4424 popu-

1993 4443 2139 4518 lum,
2175 4441 2278 4522 qui
2310 4438 2794 4516 aderat,vocabat
2827 4438 2886 4498 in
2919 4436 3423 4509 testimonium,ut
3453 4451 3636 4494 cons-

1992 4534 2115 4596 cios
2144 4532 2198 4594 ei
2232 4532 2400 4594 factae
2434 4531 2689 4610 injuriae.
2729 4527 2956 4592 Deinde
2990 4527 3166 4588 etiam
3205 4543 3336 4587 cum
3393 4523 3554 4584 fores
3582 4527 3637 4583 vi

1990 4623 2401 4698 truderentur,
2438 4619 2676 4701 quidam
2715 4639 2783 4680 ex
2808 4618 2904 4697 iis,
2941 4617 3038 4697 qui
3071 4617 3326 4677 aderant
3351 4613 3638 4675 audacius

265 4711 566 4790 ὶπομένην,
600 4710 738 4768 ἀλλὰ
774 4712 914 4768 κατὰ
969 4711 1139 4774 πόδας
1175 4713 1332 4770 αὐτὸν
1367 4717 1676 4787 μετιοῦσαν,
1739 4709 1903 4787 ”Αμα

1994 4712 2232 4794 aliquod
2254 4711 2466 4772 factum
2492 4709 2699 4771 volens
2725 4706 3344 4794 ostendere,strictum
3369 4703 3634 4784 gladium

271 4799 372 4877 γὰρ
413 4801 480 4864 ἦν
523 4789 585 4856 τὸ
628 4800 774 4880 ξίφος
830 4802 1034 4880 ἠρκὼς,
1097 4803 1184 4859 καὶ
1211 4803 1245 4870 ἡ
1282 4802 1553 4882 προπετὴς
1589 4802 1734 4868 εὐθὺς
1770 4800 1903 4867 δεξιᾶ

1993 4789 2254 4864 intendit
2278 4799 2339 4860 in
2367 4816 2599 4860 sacram
2631 4797 2787 4858 illam
2812 4793 3284 4877 portam.Divina
3309 4801 3507 4857 autem
3529 4789 3638 4854 fuit

271 4887 406 4966 ξηρᾶ
450 4890 537 4946 καὶ
579 4889 742 4970 ἀργὸς
803 4889 1090 4972 ἐδείκνυτο,
1153 4894 1225 4955 ὡς
1285 4893 1450 4962 αὐτήν
1514 4913 1572 4949 τε
1637 4890 1903 4966 Εὖδοξίαν,

1995 4897 2314 4954 consecuta
2331 4887 2590 4968 justitia,
2627 4906 2744 4949 non
2778 4895 2843 4948 ut
2872 4905 3028 4966 saepe
3060 4886 3213 4947 solet
3242 4885 3400 4945 lento
3434 4901 3631 4964 passu,

269 4979 358 5034 καὶ
419 4979 533 5035 ὃσοὶ
599 4981 719 5059 περὶ
779 4981 946 5047 αὐτὴν
1008 4981 1167 5054 ἦσαν,
1243 4981 1604 5058 θεασαμένους
1660 4981 1903 5057 δείματος

1995 4980 2098 5043 sed
2131 4977 2600 5057 evestigio.Nam
2635 4995 2768 5040 cum
2805 4977 2907 5037 ille
2938 4994 3140 5037 ensem
3170 4972 3634 5053 sustulisset,si-

267 5065 444 5128 δεινοῦ
486 5043 863 5147 πληρωθῆναι.
904 5043 980 5127 ’Τὸ
1025 5043 1126 5148 γὰρ
1151 5043 1260 5126 θπὸ
1306 5043 1424 5128 τοῦ,
1451 5043 1688 5150 μεγάλου
1717 5043 1903 5128 διαταέ

1994 5071 2118 5134 mul
2141 5043 2380 5153 quoqtie
2415 5067 2733 5130 temeraria
2763 5067 3006 5128 dextera
3030 5063 3281 5139 exaruit,
3310 5043 3637 5153 _et_exsiitit

264 5159 358 5237 γὲν
417 5159 523 5240 οὐχ
573 5157 759 5224 ἁπλῶς
809 5159 900 5235 ἧν,
948 5157 1064 5215 οῦδὲ
1117 5181 1164 5214 τι
1217 5159 1346 5239 εἶχε
1391 5163 1494 5216 τῶν
1538 5161 1900 5240 ἀνθρωπίνων,

1993 5150 2199 5224 otiosa.
2250 5163 2461 5220 Terret
2517 5156 2868 5218 miraculum
2903 5153 3260 5215 Eudoxiam.
3295 5150 3632 5222 Quinetiam

263 5248 403 5304 ἀλλὰ
459 5249 597 5307 κατὰ
674 5253 822 5306 θεῖον
907 5250 1119 5329 ὅπῆρχε
1190 5247 1378 5328 ζῆλον,
1439 5252 1512 5312 είς
1568 5248 1721 5315 δόξαν
1774 5258 1904 5309 Θεοῦ

265 5339 549 5413 γινόμενον
580 5357 594 5372 ⁶
649 5339 684 5406 ἡ
745 5337 801 5394 δὲ
860 5337 1023 5412 αἰτία,
1073 5345 1165 5395 τοῦ
1210 5339 1288 5413 μὴ
1335 5342 1782 5416 καταφρονεῖσθαι
1839 5341 1903 5395 τὰ

263 5425 407 5505 ἱερᾶς
466 5426 602 5503 μηδὲ
667 5428 948 5505 βάπτισμα
1001 5427 1145 5486 οὕτω
1200 5433 1417 5485 κεῖσθαι
1461 5441 1580 5490 τοῖς
1646 5427 1902 5493 ἀναξίοις,

263 5521 386 5580 Πῶς
431 5519 531 5595 γὰρ
573 5515 638 5573 ἂν
680 5518 859 5583 εἴποις
902 5517 1073 5594 ἀξίαν,
1119 5520 1216 5588 τὴν
1286 5519 1533 5600 χρήμασι
1579 5519 1668 5573 καὶ
1725 5518 1898 5596 άρποο

341 5689 406 5740 54
437 5687 514 5751 ΠΙ
545 5687 691 5770 Reg.
723 5693 801 5755 32
831 5709 1005 5776 seqq.

1991 5252 2334 5333 quicunque
2353 5267 2482 5310 eam
2503 5245 3022 5309 circumsistebant
3046 5261 3256 5321 magno
3271 5241 3484 5302 timore
3498 5247 3636 5300 sunt

1989 5330 2209 5403 aﬁ‘ecti.
2245 5337 2414 5411 Quod
2449 5337 2609 5398 enim
2642 5355 2675 5396 a
2706 5336 2910 5396 divina
2941 5333 3144 5410 lingua
3169 5330 3415 5394 Joannis
3443 5331 3634 5391 fuerat

1989 5430 2500 5511 imperatum,uon
2526 5435 2754 5488 temere
2774 5424 2990 5484 factum
3019 5431 3375 5502 erat,neque
3399 5420 3629 5501 depen-

1987 5509 2165 5582 debat
2194 5517 2268 5579 ah
2299 5517 2500 5597 aliqua
2533 5522 2732 5578 mente
2786 5515 3048 5575 humana
3085 5531 3096 5570 :
3135 5511 3243 5573 sed
3273 5510 3473 5572 divino
3505 5509 3634 5572 zelo
