4060 6200
444 219 596 301 1163

1719 229 1999 304 MENSIS
2058 236 2514 304 JANUARIUS.

3652 236 3795 302 1164

441 372 547 434 ille
579 390 718 435 vero
749 379 851 434 aut
881 390 1087 435 verum
1113 371 1423 451 ignoravit,
1459 372 1708 436 fortasse
1737 373 1896 452 quod
1925 374 2084 437 Deus

2180 398 2254 432 rat
2307 376 2486 454 γνοὺς,
2520 376 2637 453 περὶ
2701 375 2791 431 τὸν
2837 373 2999 432 πλοῦν
3057 373 3296 446 τελευτᾷ·
3331 373 3359 429 ὅ
3410 395 3459 430 τε
3515 373 3801 447 θαυμάσιος

443 480 579 523 cum
611 463 890 534 celasset,
931 461 1128 522 divina
1174 461 1425 540 quadam
1463 462 1852 540 providentia,
1887 474 1948 524 ut
1971 464 2084 524 alio

2169 466 2418 531 Ἰωάννης
2475 464 2731 542 πρότερον
2776 463 2808 530 ἢ
2857 462 3104 531 ἐπιιῗῆναι
3148 472 3239 521 τοῦ
3281 465 3442 520 τόπου
3482 464 3580 527 τῆς
3636 460 3804 518 δευτέ-

445 551 622 612 modo
656 551 919 612 efﬁceret
959 548 1192 624 ambos,
1223 568 1352 629 quas
1391 551 1698 631 utriusque
1730 562 2082 628 evenerunt,

2180 577 2262 616 δας
2335 555 2611 631 ὑπερορίας
2683 551 2913 627 ἐκδημεῑ
2975 555 3105 630 πρὸς
3174 554 3386 628 Κύριον,
3454 550 3698 618 Δηλώσει
3750 549 3802 604 δὲ

446 639 792 718 praedicere:
819 647 918 699 aut
937 639 1107 699 scivit
1127 640 1367 719 quidem
1392 641 1653 703 Joannes
1675 660 1794 703 non
1816 661 1950 703 esse
1981 661 2085 702 ve-

2180 656 2322 704 τοότο
2353 645 2554 718 προϊὼν
2587 646 2612 698 ὁ
2658 642 2816 719 λόγος
2846 645 3187 722 σαφέστερον.

442 727 770 804 rum,quod
793 728 947 790 fama
969 727 1509 791 ferebaturzlibens
1525 740 1724 792 autem
1751 750 2036 793 assensus
2063 743 2147 793 est
2184 734 2503 794 multorum
2539 732 3064 803 existimationi,ut
3085 731 3171 793 sic
3193 729 3521 811 Epiphanio
3545 729 3804 790 futurum

445 817 820 898 prtediceret.
848 815 1065 878 Fertur
1096 836 1237 896 ergo
1273 819 1618 896 patriarcha
1641 823 1726 882 sic
1749 820 2035 900 posthaec
2061 822 2376 901 scripsisse
2407 821 2479 883 ad
2501 820 2902 902 Epiphanium
2933 841 2946 883 :
2984 820 3223 900 scripsit
3245 829 3437 881 autem
3459 819 3812 899 simpliciter

446 914 504 968 et
525 905 924 970 familiariter:
950 907 1158 970 Frater
1179 907 1500 989 Epiphani,
1527 910 1730 972 audivi
1752 919 1808 972 te
1844 911 2224 972 consensisse
2254 929 2401 972 mea;
2417 911 2771 990 relegationi
2802 911 2954 992 (29).
3004 909 3172 973 Scias
3189 919 3385 972 autem
3410 927 3523 970 nec
3550 909 3807 989 teipsum

440 1006 602 1059 tuam
636 996 839 1058 sedem
874 996 1137 1058 visurum
1186 1015 1322 1059 esse
1353 1000 1636 1080 amplius.
1672 1000 1759 1062 Ad
1794 1001 1919 1062 haec
1948 1008 2368 1062 sacrosanctus
2399 999 2773 1081 Epiphanius
2801 1000 3178 1081 simplicibus
3218 1017 3427 1062 rursus
3454 998 3648 1060 verbis
3680 1017 3808 1060 res-

439 1086 672 1166 cripsit,
700 1085 919 1167 quibus
949 1086 1079 1168 ipse
1110 1106 1347 1168 quoque
1395 1096 1532 1150 utar
1558 1111 1571 1148 :
1603 1089 1844 1152 Athleta
1875 1090 2160 1164 Joannes,
2194 1089 2306 1152 feri
2363 1099 2420 1153 et
2451 1109 2661 1152 Vince:
2697 1091 2804 1153 sed
2837 1110 2949 1152 nec
2978 1090 3107 1170 ipse
3138 1089 3448 1169 pervenies
3475 1089 3548 1150 ad
3599 1087 3810 1150 viden-

441 1178 581 1239 dum
610 1176 806 1237 locum
833 1175 1056 1251 exsilii,
1093 1179 1251 1238 Vera
1272 1185 1469 1239 autem
1497 1178 1764 1254 fuerunt,
1791 1198 1922 1260 quae
1945 1179 2102 1240 dicta
2136 1189 2269 1240 sunt
2294 1180 2366 1241 ab
2393 1181 2682 1261 utrisque.
2709 1184 2855 1244 Nam
2882 1189 2940 1243 et
2959 1179 3326 1262 Epiphanius
3353 1196 3489 1240 cum
3511 1177 3814 1239 statuisset

442 1267 725 1344 navigare
756 1267 817 1327 in
849 1267 1138 1347 Cyprum,
1169 1266 1406 1330 decedit
1437 1267 1497 1328 in
1541 1268 1915 1346 navigatione
1941 1287 1955 1332 :
1992 1279 2049 1330 et
2072 1269 2451 1332 admirabilis
2477 1268 2740 1332 Joannes
2770 1271 3116 1352 priusquam
3149 1267 3484 1347 perveniret
3511 1268 3582 1328 ad
3613 1267 3809 1328 locum

439 1355 690 1420 secundi
721 1355 938 1431 exsilii,
973 1355 1244 1434 migravit
1275 1356 1348 1416 ad
1380 1355 1723 1419 Dominum.
1754 1357 1878 1419 Hoc
1909 1369 2102 1420 autem
2138 1360 2471 1439 procedens
2495 1361 2685 1422 oratio
2719 1360 2998 1421 ostendet
3024 1359 3313 1439 apertius.

496 1447 827 1511 XLIV.Non
853 1445 1102 1507 multum
1124 1445 1465 1507 intercessit
1486 1446 1867 1527 temporis,et
1890 1447 2088 1508 statim

2254 1440 2392 1508 MA'.
2467 1450 2667 1529 Χρόνος
2735 1450 2911 1527 ὀλίγος
2958 1452 3017 1505 τὸ
3087 1449 3302 1524 μεταξὺ,
3359 1449 3447 1503 καὶ
3506 1447 3649 1508 εὐθὺς
3722 1458 3812 1501 σὺν

444 1555 579 1600 cum
607 1535 880 1617 pluribus
903 1534 1202 1615 episcopis
1232 1533 1607 1613 TheOphilus
1630 1537 1789 1598 venit
1812 1535 2092 1598 Constan-

2180 1538 2381 1594 πλείοσι
2438 1545 2544 1595 τῶν
2593 1539 2900 1596 ἐπισκόπων
2958 1535 3212 1617 Θεόφιλος
3259 1539 3331 1598 εἰς
3377 1538 3476 1602 τὴν
3536 1546 3810 1594 Κωνσταν-

444 1626 931 1706 tiuopolim,eum
951 1632 1205 1702 urgente
1221 1621 1573 1697 Eudoxia,et
1599 1624 1655 1686 ei
1687 1623 1990 1704 praebente
2007 1625 2092 1686 in-

2180 1630 2317 1685 τίνου
2387 1634 2564 1708 φοιτᾷ,
2640 1626 3056 1694 ἐπισπευδούσης
3141 1629 3294 1685 nam
3367 1624 3606 1691 Εὐδοξίας
3634 1672 3650 1698 ,
3725 1625 3812 1681 καί

447 1733 720 1796 gressum
739 1713 998 1775 liberum
1018 1711 1092 1773 ab
1121 1712 1280 1772 omni
1306 1720 1487 1784 metu,
1504 1711 1714 1774 licebat
1733 1722 1930 1774 autem
1958 1723 2094 1776 tunc

447 1806 656 1868 videre
709 1804 1001 1864 malorum
1037 1819 1318 1876 examen,
1357 1802 1513 1881 quod
1541 1801 2010 1882 congregabatur
2039 1811 2100 1864 et

445 1893 782 1974 Theophila
801 1910 976 1972 opem
1000 1890 1230 1952 ferebat
1244 1891 1315 1952 ad
1338 1891 1631 1971 sapientis
1651 1891 1899 1954 Joannis
1915 1891 2098 1972 depo-

448 1985 757 2048 sitionem.
783 1981 1034 2053 Quinam
1062 1998 1199 2041 vero
1225 1979 1266 2040 ii
1289 1987 1345 2040 et
1368 1980 1666 2043 undenam
1691 1981 1764 2042 ad
1787 1982 1896 2043 hoc
1929 1981 2097 2044 fuere

448 2072 734 2138 commoti
753 2070 918 2150 (30)?
940 2070 1206 2150 quaedam
1231 2069 1445 2132 animae
1467 2089 1586 2131 non
1605 2071 1806 2150 paucis
1838 2072 2097 2150 peccatis

447 2165 812 2240 obnaxiaa,et
834 2179 966 2242 quae
989 2167 1157 2222 erant
1181 2158 1356 2238 plane
1381 2159 1852 2240 incurabiles,de
1879 2159 2094 2240 quibus

451 2257 617 2336 prius
638 2270 875 2334 quoque
895 2250 1175 2312 diximus:
1204 2267 1351 2329 quos
1369 2269 1500 2312 cum
1526 2250 1894 2327 interruptus
1912 2253 2094 2311 Joan-

446 2346 542 2407 nis
563 2342 853 2417 calculus,
881 2341 1067 2403 veluti
1088 2342 1238 2422 lapis
1261 2340 1500 2421 quidam
1523 2339 1760 2418 Lydius,
1786 2338 2094 2419 probasset

449 2451 583 2496 esse
606 2431 886 2511 indignas
929 2440 1236 2510 suggestu,
1263 2437 1525 2491 moverat
1555 2427 1910 2491 sacerdotio.
1941 2428 2083 2490 Cum

2177 1716 2314 1774 κατᾶ
2369 1724 2547 1786 πῆσαν
2600 1717 2779 1774 ἄδειαν
2833 1719 3180 1797 παρεχούσης
3241 1717 3383 1789 αὐτῷ
3437 1717 3533 1783 τὴν
3576 1712 3810 1771 εἴσοδονο

2179 1801 2272 1864 Ἦν
2340 1804 2396 1862 δὲ
2445 1809 2568 1885 ὁρᾷν
2613 1807 2734 1863 τότε
2797 1809 3002 1882 σμῆνος
3058 1812 3236 1862 κακῶν
3297 1805 3685 1883 ἀθροιζόμενον,
3728 1805 3813 1860 καὶ

2181 1895 2419 1976 Θεοφίλῳ
2470 1899 2601 1973 πρὸς
2645 1896 2742 1964 τήν
2784 1899 3084 1969 καθαίρεσιν
3141 1905 3233 1953 τοῦ
3289 1901 3452 1972 σοφοῦ
3511 1891 3816 1971 συναιρόμε-

2180 2007 2288 2047 νον,
2327 1987 2472 2047 Τίνες
2504 1987 2670 2060 οὗτοι,
2705 1987 2791 2042 καὶ
2824 1987 2983 2042 πόθεν
3029 1985 3128 2062 ἄρα
3158 1982 3412 2046 λαϐόντες
3456 1985 3552 2052 τὴν
3583 1985 3812 2056 κίνησινς

2179 2077 2364 2154 Ψυχαὶ
2421 2076 2703 2153 ἁμαρτίαις
2772 2075 2980 2154 ἔνοχοι,
3025 2076 3108 2130 καὶ
3170 2073 3395 2138 ἀνιάτως
3456 2073 3676 2152 ἔχουσαι
3727 2079 3814 2129 τοῦ

2179 2166 2364 2243 κακοῦ,
2423 2165 2657 2242 καθάπερ
2714 2167 2798 2220 καὶ
2854 2164 3012 2241 λόγος
3079 2162 3181 2230 ἤδη
3253 2164 3452 2241 φθάσας
3524 2161 3810 2234 ἐδήλωσεν,

2177 2255 2264 2318 οὓς
2307 2255 2340 2319 ἡ
2373 2251 2662 2316 ἀδέκαστος
2719 2255 2944 2310 Ιωάννου
2975 2257 3153 2331 ψῆφος
3197 2252 3280 2308 ἐπὶ
3309 2250 3576 2332 διαφόροις
3626 2253 3812 2313 αἰτίαις

2178 2341 2414 2407 ἀναξίους
2473 2343 2622 2400 εἶναι
2679 2353 2773 2401 τοῦ
2819 2344 3061 2418 βήματος
3110 2340 3465 2416 δοκιμάσασα,
3500 2347 3598 2408 τῆς
3650 2342 3810 2418 ἱερω-

2175 2433 2338 2498 σύνης
2395 2431 2665 2510 ἀπέκρινε,
2717 2433 2819 2488 Σὸν
2869 2430 3093 2496 πολλοῖς
3155 2433 3265 2504 οὖν,
3311 2433 3383 2491 ὡς
3422 2429 3656 2507 εἴρηται,
3707 2436 3812 2486 τῶν

447 2527 646 2585 multis
667 2532 899 2595 ergo.ut
919 2524 1136 2580 dictum
1159 2521 1561 2592 est,episcopis
1581 2520 1939 2591 Theophilus
1959 2536 2089 2579 con-

2180 2522 2479 2578 ἒπισκόπων
2541 2521 2797 2600 Θεόφιλος
2856 2519 3232 2598 προσελθόντες
3294 2527 3362 2597 τῇ
3410 2519 3642 2593 Εὒδοξία,
3676 2521 3810 2576 κατᾶ

445 2615 706 2676 venisset
728 2609 1340 2685 Eudoxiam,seorsim
1366 2627 1498 2670 cum
1529 2627 1598 2671 ea
1626 2607 1902 2672 collocuti
1926 2608 2082 2688 (3i),

2169 2610 2338 2686 μόνας
2413 2633 2465 2667 τε
2540 2610 3075 2689 κοινολογησάμενοι,
3138 2618 3610 2688 μυσταγωγοῦνται
3682 2617 3804 2686 παρ’

443 2705 516 2766 ab
541 2722 612 2766 ea
638 2707 697 2762 in
723 2709 1021 2762 secretum
1046 2699 1819 2773 admittuntur,muneribus
1848 2706 2082 2768 donan-

2180 2701 2358 2773 κῦτῆς,
2417 2699 2852 2779 φιλοφρονοῦνται
2911 2698 3122 2776 δώροις,
3174 2701 3308 2755 κατὰ
3364 2707 3458 2756 τοῦ
3513 2701 3660 2776 ἁγίου
3714 2702 3805 2763 τὰς

444 2793 853 2874 tur,adversus
873 2799 1141 2851 sanctum
1173 2789 1362 2850 virum
1393 2789 1609 2869 lingua:
1630 2810 1836 2855 eorum
1857 2796 2086 2857 condu-

2180 2789 2417 2867 γλώσσας
2467 2793 2794 2868 μισθοῦνται,
2838 2790 3034 2851 πάσαις
3090 2790 3292 2868 ψήφοις
3345 2791 3805 2866 καταψηφίσασθαι

447 2893 758 2948 cunturzse
781 2879 1062 2942 omnibus
1083 2879 1395 2940 sententiis
1403 2879 1632 2958 justum
1658 2899 1791 2945 esse
1814 2885 2095 2946 condem-

447 2982 692 3035 naturas
713 2971 1092 3050 pollicentur.
1131 2971 1275 3031 Cum
1304 2977 1417 3028 tam
1451 2967 1715 3048 iniquam
1741 2973 2092 3034 conventio.

449 3080 585 3124 nem
631 3060 909 3121 iniissent
941 3057 1166 3135 egregii
1213 3065 1502 3136 pastores,
1529 3067 1587 3118 et
1617 3058 1920 3122 innocenti
1951 3080 2095 3123 san-

445 3152 628 3232 guine
683 3149 916 3210 animas
950 3146 1148 3225 potius
1196 3163 1375 3225 quam
1428 3163 1637 3208 manus
1684 3147 2094 3225 intinxissent,

448 3247 836 3313 exeunt,cum
854 3235 1001 3296 nihil
1018 3235 1227 3295 horum
1247 3234 1440 3297 adhuc
1453 3235 1800 3298 venissetad
1827 3239 2094 3301 notitiam

448 3329 711 3392 Arcadii.
747 3325 864 3388 Sed
890 3341 1095 3386 rursus
1114 3342 1352 3404 quoque
1383 3325 1598 3386 dantur
1620 3327 1970 3390 occasiones
1998 3329 2096 3405 iis,

448 3421 549 3498 qui
573 3437 674 3481 eas
714 3415 1063 3496 quaerebant
1096 3421 1154 3474 et
1179 3413 1592 3494 parturiebant
1626 3416 2094 3500 improbitatem,

446 3510 552 3571 sed
585 3525 719 3584 quas
755 3524 830 3566 ne
872 3503 1143 3566 umbram
1179 3502 1417 3581 quidem
1473 3504 1772 3566 habebant
1805 3507 2093 3584 veritatis,

450 3597 758 3660 materiam
793 3603 991 3656 tamen
1041 3591 1383 3673 praebebant
1411 3593 1534 3672 igni
1566 3595 1856 3658 malarum
1901 3597 2094 3658 actio-

446 3707 611 3751 num.
633 3689 766 3751 Non
795 3683 1045 3746 multum
1069 3682 1228 3745 enim
1264 3683 1928 3766 intercessittemporis,
1955 3706 2091 3748 cum

447 3788 674 3859 partem
699 3773 1014 3857 quamdam
1038 3771 1662 3851 libriRegum,divina3
1683 3774 1917 3837 scilicet
1935 3775 2093 3838 Scri-

449 3877 802 3949 pturae,cum
829 3881 970 3924 usus
999 3861 1080 3922 ita
1113 3863 1456 3940 postularet,
1484 3871 1810 3925 contexens
1840 3882 2091 3943 magnus

445 3957 710 4019 Joannes
739 3953 1030 4013 instituta:
1061 3950 1345 4024 orationi,
1375 3957 1763 4014 concionatus
1795 3961 1884 4015 est
1904 3955 1964 4014 in
1995 3973 2092 4015 ec-

448 4045 656 4107 clesia.
692 4042 774 4104 Ea
801 4048 999 4103 autem
1032 4039 1112 4100 ita
1143 4056 1207 4099 se
1259 4038 1516 4102 habebat
1552 4062 1564 4103 :
1599 4039 1962 4120 Congregate
2013 4042 2087 4104 ad

2177 2882 2269 2935 τοῦ
2326 2877 2525 2935 δικαίου
2578 2883 2919 2941 συντίθενται,
2981 2879 3236 2945 Τοιαύτην
3296 2877 3492 2953 ἄνομον
3561 2878 3805 2953 διομολοο

2178 2966 2466 3045 γησσίκενοι
2511 2969 2814 3046 συμφωνίαν
2845 2972 2898 3024 οἱ
2931 2966 3083 3024 καλοὶ
3143 2967 3416 3043 ποιμένες,
3449 2969 3536 3024 καὶ
3577 2968 3631 3024 ἐν
3659 2968 3804 3040 αθώῳ

2177 3057 2368 3132 αἵματι
2391 3058 2486 3122 τὰς
2515 3062 2697 3137 ψυχας
2729 3055 2931 3132 μᾶλλον
2962 3055 3357 3132 ἐμϐλάψαντες,
3389 3058 3450 3113 οὗ
3478 3058 3573 3122 τὰς
3596 3071 3805 3137 χεῖρας,

2179 3147 2392 3219 ἐξίασιν,
2456 3145 2603 3202 οὐδὲν
2679 3144 2941 3225 Ἀρκαδίῳ
3003 3146 3203 3203 τούτων
3262 3149 3334 3211 εἷς
3389 3153 3588 3225 γνῶσιν
3649 3146 3812 3206 ἐλθόν.

2181 3235 2327 3302 Πλὴν
2359 3234 2496 3291 ἀλλὰ
2553 3237 2642 3293 καὶ
2674 3236 2819 3299 αὖθις
2872 3237 3104 3314 ἀφορμαὶ
3159 3233 3383 3293 δίδονται
3416 3249 3536 3300 τοῖς
3578 3244 3815 3307 ζητοῦσιν

2177 3327 2443 3405 ἀφορμὰς,
2479 3324 2626 3382 οὐδὲν
2669 3325 2767 3401 μὲν
2797 3324 3049 3392 ἀληθείας
3109 3325 3357 3405 ἔχουσαι,
3388 3325 3485 3383 οὒκ
3538 3326 3725 3405 ὀλίγην
3763 3323 3811 3380 δὲ

2177 3414 2311 3480 ὕλην
2341 3422 2418 3488 τῷ
2461 3416 2581 3493 πνρὶ
2610 3421 2716 3470 τῶν
2773 3419 3023 3493 πονηρῶν
3075 3421 3477 3495 παρασχοῦσαι,
3515 3416 3600 3471 καὶ
3659 3415 3811 3491 μεγά·

2178 3503 2280 3571 λην
2323 3503 2496 3582 φλόγα
2551 3510 2657 3560 τῶν
2700 3508 3011 3582 πειρασμῶν
3060 3503 3352 3578 ἀνάψασαι.
3415 3503 3487 3562 Οὐ
3529 3503 3667 3562 πολὺ
3722 3504 3812 3581 γὰρ

2175 3597 2236 3650 τὸ
2294 3594 2348 3650 ἐν
2406 3594 2576 3668 μέσῳ,
2617 3594 2706 3650 καὶ
2761 3597 2918 3671 μέρος
2961 3615 3011 3650 τι
3046 3599 3153 3650 τῶν
3213 3592 3503 3650 Βασιλειῶν
3535 3596 3564 3650 ὁ
3623 3594 3806 3668 μέγας,

2177 3682 2314 3739 οὕτω
2362 3681 2566 3758 συμϐὰν
2600 3683 2736 3740 κατὰ
2791 3683 2978 3762 χρείαν
3023 3692 3114 3741 τοῦ
3165 3684 3303 3757 μετὰ
3343 3696 3544 3762 χεῖρας
3586 3682 3803 3753 σκοποῦ,

2174 3778 2250 3845 τῷ
2309 3770 2454 3849 λόγῳ
2523 3772 2760 3848 συνείρας
2825 3770 2910 3826 ἐπὶ
2979 3773 3077 3837 τῆς
3136 3771 3423 3838 ἐκκλησίας
3482 3773 3804 3851 δημηγορεῖ,

2173 3861 2244 3918 Τὸ
2301 3858 2355 3915 δὲ
2387 3863 2542 3940 εἶχεν
2600 3859 2758 3915 οὕτω·
2804 3860 3139 3938 Συναγάγετε
3183 3862 3314 3938 πρὸς
3365 3863 3434 3936 με
3475 3863 3599 3927 τοὺς
3653 3864 3806 3938 ἱερεῖς

2171 3949 2266 4016 τῆς
2312 3951 2596 4028 αἰσχυνης,
2629 3949 2893 4012 ἐσθίοντας
2945 3950 3206 4020 τράπεζαν
3263 3948 3518 4030 Ἰεζάϐελ,
3551 3951 3630 4007 ἵν’
3671 3951 3810 4008 εἴπω

2172 4043 2382 4112 αὐτοῖς,
2420 4041 2491 4104 ὡς
2552 4037 2738 4095 Ἦλιοῦ
2786 4037 2910 4117 ἔφη’
2953 4063 2978 4094 (ι
3014 4038 3159 4102 "Em;
3218 4039 3348 4096 πότε
3378 4040 3682 4119 χωλανεττε
3736 4043 3817 4096 ἔπ’

447 4153 544 4195 me
575 4131 921 4193 sacerdotes
951 4128 1172 4190 dedecc
1189 4127 1297 4208 ris,
1330 4128 1431 4209 qui
1465 4131 1784 4191 comedunt
1820 4150 2083 4194 mensam

2180 4127 2494 4207 Ξιμφοτέραις
2525 4141 2645 4187 ταῖς
2691 4129 2890 4205 ἰγνύαις
2920 4129 3067 4204 ὑμῶν
3105 4147 3120 4203 ;
3158 4130 3213 4184 εί
3254 4130 3365 4187 ἔστι
3399 4132 3527 4196 Θεὸς
3582 4132 3608 4186 ὁ
3649 4129 3815 4205 Βάαλ,

442 4219 708 4293 Jezabel,
744 4228 808 4281 ut
834 4219 1029 4282 dicam
1058 4217 1145 4279 eis
1175 4221 1329 4278 sicut
1357 4218 1503 4280 dixit
1525 4217 1682 4280 Elias
1716 4240 1728 4281 :
1766 4220 2088 4302 Quousque

444 4309 851 4375 claudicabitis
885 4309 1149 4388 utrisque
1203 4308 1525 4388 poplitibus
1557 4309 1768 4371 vestris
1794 4316 1821 4372 ἲ)
1853 4309 1916 4372 Si
1949 4310 2089 4372 Baal

448 4411 541 4465 est
572 4402 755 4474 Deus,
789 4397 1088 4460 ambulate
1121 4405 1254 4476 post
1284 4399 1502 4478 ipsum.
1537 4401 1595 4462 Si
1627 4408 1822 4460 autem
1853 4399 2090 4463 Jezabel

445 4510 685 4574 quoque
710 4505 918 4550 mensa
938 4489 1067 4568 ipsa
1090 4495 1182 4548 est
1207 4486 1784 4563 Deus,comedentes
1809 4489 2088 4552 evomite.

444 4582 601 4644 Hinc
629 4579 714 4641 illi
743 4578 1042 4658 sapientes
1069 4575 1130 4636 in
1164 4576 1411 4653 malitia,
1444 4597 1576 4639 cum
1611 4578 1788 4639 verba
1819 4579 2090 4658 quaedam

447 4681 725 4750 tanquam
776 4685 942 4729 arma
966 4665 1505 4746 apprehendissent
1536 4674 1592 4727 et
1636 4666 1892 4728 validum
1924 4667 2094 4730 auxi-

448 4761 623 4835 lium,
650 4758 946 4821 accedunt
968 4756 1039 4817 ad
1062 4754 1410 4836 Arcadium,
1433 4754 1588 4818 duce
1610 4756 1785 4836 hujus
1805 4756 2096 4838 improbae

453 4866 768 4932 synagogas
815 4843 1168 4925 Theophila,
1201 4844 1316 4905 alia
1345 4844 1586 4925 quidem
1633 4845 1947 4922 addentes,
1981 4846 2096 4909 alia

519 5033 604 5086 δι’
633 5031 712 5098 III
745 5033 896 5111 Reg,
930 5046 1095 5104 xvru,
1134 5029 1157 5089 1
1195 5045 1368 5109 seqq.

510 5213 625 5286 (29)
666 5208 917 5286 Nullum
943 5209 1134 5286 adhuc
1161 5207 1217 5264 in
1252 5220 1427 5286 causa
1459 5206 1879 5286 _Chr_ysos_t_omi
1910 5205 2089 5286 agito-7

440 5277 563 5344 tuin
597 5277 775 5342 fuisse
794 5279 1106 5354 judicium,
1138 5287 1213 5354 ut_
1237 5277 1321 5332 vel
1359 5277 1869 5354 ‘opinari’quidem
1901 5283 2092 5354 posset

453 5347 845 5427 Epiphaniuin
880 5353 936 5407 in
976 5347 1105 5427 ejus
1136 5347 1540 5427 relega-tionem
1575 5347 1964 5427 consensisse,
1989 5349 2093 5427 do-

441 5419 534 5484 ce't
567 5419 700 5484 Bar.
733 5437 956 5496 ;quar_e
985 5419 1284 5496 historiam
1318 5420 1489 5485 hanc,
1522 5429 1576 5478 et
1609 5420 1679 5478 de
1708 5419 1923 5496 mutuis
1946 5421 2094 5496 epis-

442 5491 743 5566 coporum
762 5491 1081 5566 prophetiis
1102 5501 1382 5566 tanquam
1430 5492 1855 5551 commentitias
1885 5491 2092 5564 reiicit.

449 5561 575 5629 Vide
611 5561 820 5626 Baroh.
853 5561 923 5624 ad
953 5577 1050 5622 an.
1086 5561 1210 5620 402.

2171 4218 2453 4296 πορεύεσθε
2508 4217 2676 4274 ὀπίσω
2731 4217 2911 4275 αὐτοῦ.
2970 4219 3027 4276 Εἰ
3071 4217 3126 4273 δὲ
3176 4221 3265 4276 καὶ
3308 4221 3540 4298 τράπεζα
3586 4218 3815 4277 Ἰεσάὸελ

2173 4307 2306 4374 αὕτη
2366 4309 2496 4371 Θεὸς
2524 4308 2783 4386 φαγόντες
2841 4307 3146 4382 ἐξεμέσατε,
3185 4332 3212 4364 n
3270 4309 3538 4368 Ἐντεῦθεν
3567 4314 3614 4367 οἱ
3669 4309 3815 4388 σοφοὶ

2176 4398 2269 4464 τὴν
2345 4399 2555 4469 κακίαν,
2631 4394 2940 4474 δραξάμενοι
3012 4404 3118 4454 τῶν
3204 4399 3484 4475 ῥημάτων.
3559 4397 3818 4478 Ἀρκαδίῳ

2177 4487 2420 4565 προσίασι
2491 4486 2590 4552 τὴν
2662 4484 2816 4563 ῥῆσιν
2889 4485 3298 4565 ἐπιδεικνύντες,
3365 4490 3668 4568 ἡγουμένου
3719 4494 3818 4564 τῇς

2176 4574 2491 4654 συναγωγῆς
2551 4573 2827 4652 Θεοφίλου,
2864 4577 2949 4630 καὶ
3003 4577 3070 4632 τὰ
3113 4577 3212 4651 μὲν
3268 4579 3636 4648 προστιθέντες
3691 4579 3820 4655 παρ’

2179 4667 2403 4745 ἑαυτῶν,
2467 4665 2532 4720 τὰ
2583 4662 2636 4719 δὲ
2689 4665 2782 4721 καί
2833 4665 3309 4745 παρεξηγούμενοι.
3364 4666 3592 4747 Ἔλεγον
3638 4667 3690 4724 δὲ
3734 4668 3822 4724 καὶ

2177 4755 2404 4830 ἔπειθον,
2439 4756 2511 4819 ὡς
2568 4755 2716 4810 αὐτοὶ
2765 4753 2864 4828 μὲν
2923 4755 3082 4831 ἦσαν,
3118 4757 3172 4814 ο⁹ί
3229 4779 3290 4836 γε
3339 4760 3498 4836 ἱερεῖς
3556 4759 3814 4838 αἰσχύνης

2180 4845 2505 4924 ἐλέχθησαν,
2567 4841 2797 4914 Ἰεζάϐελ
2855 4842 2909 4899 δὲ
2952 4846 2987 4913 ἡ
3045 4845 3254 4922 βασιλὶς
3312 4847 3578 4928 ἄντικρυς,
3640 4849 3822 4912 Οὕτως

2245 5207 2362 5278 (30)
2393 5206 2642 5282 Quinam
2672 5218 2868 5282 autem
2904 5210 3136 5282 fuerint,
3158 5210 3270 5282 Aqui
3302 5218 3504 5270 contra
3543 5208 3827 5282 Chrysos-

2174 5285 2394 5338 tomum
2423 5278 2748 5350 Theophila
2781 5283 3049 5352 laverint,
3230 5281 3446 5346 Baron.
3480 5291 3616 5340 tam.
3649 5278 3717 5338 γ.
3747 5283 3823 5341 ad

2173 5363 2389 5408 annum
2425 5349 2554 5408 403.

2249 5421 2362 5490 (3t)
2400 5419 2554 5497 Vide
2581 5421 2820 5497 Nicepb.
2851 5439 2906 5497 _c.
2962 5426 3053 5495 tt,
3090 5423 3177 5490 15.
3212 5423 3303 5497 t6,
3341 5421 3444 5497 lib.
3502 5435 3628 5497 xm,
3650 5423 3814 5484 Socr.

2177 5491 2280 5620 iis.
2533 5493 2598 5550 14
2633 5512 2648 5563 ;
2681 5491 2807 5556 Soz.
2849 5495 2952 5556 lib.
2983 5491 3109 5563 vin,
3139 5511 3190 5554 c.
3238 5495 3324 5563 16,
3361 5495 3449 5569 17,
3481 5495 3571 5569 18,
3601 5495 3812 5562 Baron.
