4060 6200
314 323 468 397 1165

1360 330 1546 402 VITA
1589 339 1652 402 S.
1693 333 2017 403 JOANNIS
2061 339 2618 402 CHRYSOSTOMI.

310 467 591 526 ὕποδίδωσι
625 470 720 544 μὲν
765 473 799 538 ἡ
843 472 962 548 περὶ
1003 472 1094 526 τὸν
1127 471 1295 548 μέγαν
1324 479 1414 528 τοῦ
1445 474 1706 548 βασιλέως
1763 474 1942 550 αἰδὼς,

2042 482 2225 534 autem
2273 491 2587 552 perperam
2641 482 3041 553 exponentes.
3076 475 3362 538 Dicebant
3395 493 3529 536 vero
3560 475 3673 537 viri

311 559 400 616 καὶ
432 561 459 614 6
503 560 664 621 πόθος
711 561 782 624 εἷς
828 558 1000 625 λύπην
1046 575 1384 640 μεταχωρεῖ,
1440 565 1526 619 καὶ
1570 563 1765 621 δίδοται
1834 578 1949 629 τοῖς

313 661 577 725 πονηροῖς
611 646 759 703 ἄδεια
791 647 1147 726 μετέρχεσθαι
1189 650 1256 704 τὰ
1313 651 1508 713 οἰκεῖα.
1557 661 1804 710 Τοιοῦτον
1850 654 1950 730 γὰρ

311 739 346 804 ἡ
377 736 620 804 ἀπλὸτης
649 737 768 809 (ἵνα
820 738 920 811 μη,
975 738 1266 816 κουφότης,
1327 737 1523 816 λέγων,
1569 744 1646 812 τῷ
1687 739 1950 820 δυσφήμῳ

314 827 582 904 φαίνωμαι
615 825 1025 906 χαριζόμενος),
1061 825 1206 904 ῥᾳδία
1237 827 1334 901 μὲν
1382 827 1753 903 οἰκοδομῆσαι,
1801 828 1948 906 ῥᾳδία

313 912 368 970 δὲ
422 917 488 970 τὰ
538 913 948 990 οἰκοδομηθέντα
1024 929 1368 994 κατενεγκεῖν
1400 933 1414 948 ⁸
1505 920 1593 974 καὶ
1663 919 1947 975 συνελόντα

315 1005 512 1078 εἰπεῖν,
547 1003 769 1068 ἄπιστος
827 1001 1066 1082 ἀκριϐῶς
1116 1005 1202 1060 καὶ
1248 1011 1325 1077 τῷ
1357 1008 1512 1062 παντὶ
1541 1006 1947 1086 εὕπαράγωγος,

313 1091 512 1167 ἀνέμου
559 1091 758 1168 πεδίον,
805 1094 832 1149 ὅ
877 1115 1029 1174 φασι,
1063 1096 1150 1150 καὶ
1180 1100 1402 1172 πρᾶγμα
1445 1094 1562 1152 κατ’
1616 1097 1787 1176 εὐχὴν
1832 1109 1949 1159 τοῖς

315 1181 769 1261 μοχθηροτέρως,
803 1185 1074 1240 Ἐντεῦθεν
1105 1181 1320 1248 Εὐδοξία
1348 1185 1445 1259 μὲν
1475 1192 1581 1242 τῶν
1614 1187 1946 1256 ἐπισκόπων,

313 1269 434 1326 ὅσοι
469 1271 724 1350 Θεοφίλου
771 1285 1030 1329 κατεῖπον
1087 1275 1364 1354 πρότερον,
1413 1276 1534 1339 τοὺς
1588 1276 1686 1349 μὲν
1744 1275 1954 1354 ἀγαθῶν

313 1373 614 1439 παροχαῖς,
664 1362 786 1424 τοὺς
831 1360 884 1416 δὲ
928 1361 1025 1417 καί
1070 1359 1382 1433 ἀϐουλήτων
1412 1364 1693 1444 ἐπιφοραῖς
1737 1375 1828 1424 τοῦ
1859 1364 1952 1420 λέ-

312 1469 429 1524 γειν
459 1448 722 1527 ἀπείργει,
758 1449 1012 1530 Θεόφιλος
1045 1448 1098 1506 δὲ
1131 1454 1235 1507 τῶν
1284 1455 1722 1530 κατηγορούντων
1773 1453 1951 1510 ἀπαλ-

315 1533 532 1613 λαγείς,
597 1539 692 1605 τὴν
748 1537 974 1616 ἄρξασαν
1025 1541 1168 1614 αύτῷ
1201 1541 1424 1619 χάριτος
1455 1541 1634 1598 ἀδίκου
1663 1556 1780 1604 τοῖς
1811 1543 1948 1604 ἴσοις

315 1627 405 1681 καὶ
437 1625 614 1700 αὐτὸς,
649 1625 854 1702 μᾶλλον
884 1625 939 1682 δὲ
972 1627 1156 1702 πολλῷ
1215 1631 1469 1704 μείζοσιν,
1518 1631 1952 1709 ἀντιθεραπεύειν

317 1713 461 1781 ἠξίου
495 1731 508 1745 ⁶
563 1717 652 1772 γαί
701 1717 824 1780 τοὺς
871 1717 967 1791 μὲν
1014 1714 1224 1795 δώροις,
1256 1720 1376 1784 τοὺς
1407 1718 1460 1776 δὲ
1505 1719 1784 1800 ἀπειλαῖς,
1829 1722 1950 1785 τοὺς

317 1801 372 1859 δέ
431 1804 646 1882 τρόποις
719 1805 939 1885 ἑτέροις,
1023 1808 1112 1872 οὓς
1189 1809 1442 1884 εὑρίσκειν
1500 1808 1617 1866 οἵδε
1676 1811 1950 1890 μοχθηρία

315 1891 586 1968 δυνάμεως
686 1892 1078 1975 ἐπιλαϐομένη,
1175 1898 1533 1977 παραπείσας,
1617 1901 1706 1956 καὶ
1795 1897 1952 1962 ὅλως

315 1986 416 2048 τῆς
475 1981 606 2047 ἰδίας
665 1983 885 2060 γνώμης
964 1984 1425 2066 ἀναρτησάμενος,
1488 1989 1564 2052 εἰς
1622 1995 1778 2045 τοῦτο
1849 2011 1953 2045 κα-

317 2071 436 2133 κίας
505 2073 566 2128 τὸ
629 2079 735 2128 πᾶν
801 2074 1010 2140 ἐκίνησε
1103 2077 1190 2131 καὶ
1276 2079 1596 2151 συνήλασεν,
1674 2080 1745 2142 ὡς
1831 2079 1956 2134 ἐπι-

317 2160 508 2238 τρέψαι
568 2163 616 2217 οἱ
691 2162 812 2224 τοὺς
894 2171 1214 2238 κρατοῦντας
1293 2164 1508 2222 σύνοδον
1563 2168 1699 2222 κατὰ
1769 2166 1958 2224 Ἰωάν-

319 2271 412 2305 νου
465 2250 564 2316 τήν
624 2251 886 2330 μεγίστην
913 2252 1179 2329 ἀθροῖσαι,
1217 2256 1391 2333 Εὑρὼν
1450 2253 1504 2310 δὲ
1555 2253 1644 2312 δύο
1689 2261 1794 2311 τῶν
1838 2253 1955 2311 δια-

317 2337 511 2412 κόνων,
559 2342 631 2394 ὧν
663 2343 689 2395 6
729 2340 827 2414 μὲν
873 2342 1038 2397 αἰείαν
1083 2343 1211 2421 εἶχε
1256 2345 1531 2423 μοιχείας,
1580 2346 1607 2399 6
1661 2343 1714 2399 δὲ
1773 2344 1955 2422 φόνου,

320 2428 406 2482 καὶ
439 2429 580 2505 παρὰ
609 2436 765 2485 τοῦτο
796 2427 860 2496 δὴ
917 2431 1051 2506 πρὸς
1109 2439 1198 2487 τοῦ
1243 2432 1480 2508 μεγάλου
1530 2433 1955 2511 καθῇρημένους,

319 2516 532 2581 τούτους
590 2520 619 2572 6
673 2517 926 2592 γεννάδας
972 2521 1109 2576 κατά
1147 2518 1354 2586 πολλὴν
1403 2522 1672 2578 αὐθεντίαν
1717 2529 1810 2577 τοὺ
1868 2520 1959 2576 δε-

321 2605 460 2678 σμοῦ
499 2605 681 2681 λύσας,
730 2605 1027 2685 λιϐἐλλους,
1061 2609 1132 2664 ὧν
1187 2609 1392 2674 ἐκεῖνος
1450 2610 1594 2672 αὖθις
1639 2609 1959 2689 δημιουργὸς

320 2694 410 2773 ἧν,
465 2695 601 2750 κατὰ
638 2703 730 2752 τοῦ
775 2697 922 2772 ἁγίου
966 2696 1138 2753 δοῦναι
1187 2699 1569 2773 παρασκευάζει
1606 2717 1620 2730 ⁶
1687 2698 1960 2761 λιϐἐλλους

320 2784 546 2861 πλήρεις
592 2787 690 2860 μὲν
735 2783 993 2842 διαϐολῶν
1037 2788 1227 2866 ὅντως,
1279 2788 1442 2867 ἴχνος
1475 2787 1527 2844 δὲ
1559 2788 1808 2856 ἀληθείας
1853 2788 1959 2848 οὐδ’

319 2877 494 2933 ὁτιοῦν
533 2874 762 2954 ἔχοντας
799 2893 815 2911 ⁶
883 2875 1024 2942 πλὴν
1093 2885 1237 2934 τοῦτο
1291 2881 1455 2952 μόνον
1515 2881 1739 2957 μετρίως
1796 2880 1958 2946 αὐτῆς

323 2965 758 3042 παραπτόμενον,
819 2968 863 3021 εἰ
920 2969 1008 3023 καὶ
1067 2969 1144 3038 μὴ
1203 2971 1334 3044 πρὸς
1393 2969 1490 3036 τὴν
1535 2966 1664 3034 ῗσην
1731 2968 1956 3047 ἔννοιαν⁷

317 3053 534 3130 ἐλέγετο
596 3055 722 3133 παρ’
783 3059 977 3134 αὐτῶν,
1025 3056 1206 3132 ὅτιπερ
1250 3055 1458 3132 ὕδατος,
1493 3058 1528 3124 ἢ
1563 3056 1736 3137 οἴνου,
1769 3058 1803 3125 ἢ
1846 3081 1960 3114 πα-

319 3144 532 3200 στίλλου
591 3145 727 3202 μετὰ
786 3146 880 3212 τὴν
925 3147 1032 3202 τῶν
1077 3147 1242 3222 ἁγίων
1274 3147 1579 3222 μετάληψιν
1611 3147 1960 3224 ἀπογεύεσθαι

2035 564 2253 640 egregii
2285 571 2344 623 et
2375 563 2549 624 facile
2612 563 3074 642 persuadebant,
3109 583 3174 626 se
3204 565 3445 644 quidem
3483 565 3673 627 dictos

2034 651 2222 713 fuisse
2252 652 2598 713 sacerdotes
2627 652 2943 714 dedecoris
2976 675 2989 710 :
3027 671 3236 715 revera
3269 655 3431 714 enim
3457 664 3626 716 erant
3657 673 3671 715 :

2033 740 2481 819 imperatricem
2505 750 2705 802 autem
2734 759 2867 801 esse
2896 749 3106 820 aperte
3135 742 3501 806 Jezabelem.
3524 743 3678 805 Hinc

2032 829 2250 889 factum
2288 836 2398 902 est,
2462 837 2522 890 ut
2571 830 2957 909 imperatoris
3008 831 3251 910 quidem
3303 833 3363 891 in
3395 850 3674 912 magnum

2032 922 2315 978 Joannem
2338 921 2566 978 cederet
2587 924 2992 989 reverentia,et
3024 923 3381 979 desiderium
3407 926 3679 980 transiret

2035 1004 2096 1064 in
2122 1003 2389 1065 dolorem
2418 1025 2430 1060 :
2459 1003 2751 1084 daturque
2785 1003 2985 1084 praada
3006 1005 3149 1066 viris
3174 1006 3676 1087 improbis.Ejus-

2037 1092 2197 1154 modi
2228 1093 2384 1153 enim
2419 1111 2518 1154 res
2568 1104 2658 1153 est
2688 1093 3070 1173 simplicitas,
3131 1113 3207 1154 ne
3240 1095 3434 1156 dicam
3469 1096 3679 1158 levitas

2037 1192 2095 1246 et
2116 1183 2496 1245 facilitas.Est
2513 1181 2704 1244 facilis
2725 1183 2967 1263 quidem
2992 1183 3064 1244 ad
3091 1183 3510 1246 aediﬁcandum
3527 1205 3680 1266 :quae

2037 1281 2232 1334 autem
2265 1281 2404 1333 sunt
2427 1273 2553 1352 jam
2587 1272 2894 1350 aediﬁcata,
2926 1282 3066 1334 sunt
3115 1274 3395 1335 facillima
3422 1275 3500 1336 ad
3535 1276 3678 1337 des-

2039 1362 2458 1436 truendum,et
2479 1370 2544 1423 ut
2564 1361 2754 1423 semel
2779 1362 3098 1436 dicam,est
3118 1367 3359 1424 omnino
3391 1364 3561 1426 valde
3590 1365 3682 1425 in-

2039 1452 2230 1514 ﬁdelis
2261 1462 2320 1514 et
2356 1452 2428 1512 ad
2463 1451 2804 1514 ducendum
2855 1452 3069 1526 facilis,
3105 1462 3278 1513 vento
3306 1472 3577 1534 campus,
3613 1466 3682 1516 ut

2035 1542 2224 1616 aiunt,
2257 1550 2315 1601 et
2373 1560 2472 1602 res
2525 1541 2785 1620 optanda
2819 1543 3149 1604 sceleratis.
3185 1541 3284 1604 Sic
3310 1542 3578 1605 Eudoxia
3610 1561 3684 1606 ex

2036 1629 2337 1710 episcopis
2359 1629 2736 1709 quidem,qui
2758 1630 2832 1691 de
2858 1629 3194 1710 TbeOphilo
3219 1632 3384 1710 prius
3417 1632 3573 1694 male
3597 1634 3684 1694 di-

2034 1720 2410 1790 xerant,alios
2432 1721 2664 1792 quidem
2687 1722 2857 1778 bonts
2879 1721 3266 1784 oblatis.alios
3287 1730 3476 1781 autem
3510 1726 3683 1784 illatis

1979 1851 2014 1901 Β
2037 1804 2207 1901 malis
2237 1811 2396 1865 arcet
2428 1822 2466 1901 a_
2480 1803 3154 1901 _dicendo.Theophilus
3177 1815 3376 1901 autem
3398 1807 3684 1901 liberatus

2036 1893 2109 1955 ab
2141 1893 2612 1965 accusatoribus,
2648 1893 2701 1952 ei
2737 1911 2868 1972 quat
2901 1894 3065 1973 prius
3097 1912 3218 1955 non
3270 1895 3437 1974 justo
3488 1897 3681 1976 ipsum

2039 1983 2320 2045 affecerat
2348 1981 2864 2053 beneﬁcio,voluit
2887 2000 3092 2062 parem
3117 1992 3298 2063 atque
3315 1983 3466 2046 adeo
3491 1986 3685 2064 majo-

2041 2091 2164 2134 rem
2199 2072 2429 2134 referre
2455 2071 2709 2150 gratiam
2741 2089 2752 2132 :
2799 2079 2857 2132 et
2878 2089 3014 2132 cum
3039 2071 3188 2133 alios
3211 2072 3456 2151 quidem
3484 2074 3684 2148 donis,

2042 2162 2192 2223 alios
2214 2179 2358 2222 vero
2381 2160 2740 2240 minis,alios
2763 2171 2962 2222 autem
2987 2162 3122 2223 aliis
3155 2162 3373 2238 modis,
3394 2177 3546 2243 quos
3575 2163 3690 2226 scit

2043 2251 2310 2312 invenire
2347 2250 2570 2311 malitia
2605 2260 2930 2312 consecuta
2986 2252 3332 2330 potentiam,
3370 2271 3688 2329 persuasos

2043 2340 2116 2400 ad
2144 2358 2310 2401 suam
2359 2338 2722 2401 traduxisset
2783 2340 3173 2414 voluntatem,
3212 2349 3270 2401 et
3299 2340 3597 2402 effecisset
3625 2352 3690 2402 ut

2045 2429 2148 2489 toti
2179 2446 2213 2489 a
2244 2446 2349 2488 sua
2381 2427 2714 2506 penderent
2739 2429 3172 2502 sententia,il|e
3199 2437 3360 2490 tanta
3389 2429 3686 2509 improbi-

2047 2525 2164 2579 tate
2195 2517 2541 2596 permiscuit
2578 2524 2635 2578 et
2685 2517 2956 2578 confudit
2986 2517 3210 2589 omnia,
3253 2526 3316 2578 ut
3346 2518 3448 2598 qui
3482 2535 3685 2578 rerum

2046 2607 2444 2688 potiebantur,
2477 2607 2530 2666 ei
2553 2607 2972 2686 permitterent
3001 2624 3371 2686 congregare
3394 2607 3684 2686 synodum

2047 2701 2364 2757 maximam
2398 2695 2688 2755 adversus
2717 2695 3188 2758 Joannem.Cum
3222 2696 3547 2758 invenisset
3575 2715 3686 2756 au-

2047 2796 2162 2848 tem
2197 2786 2349 2845 duos
2365 2784 2938 2864 diaconos,quorum
2959 2785 3115 2845 alter
3135 2786 3375 2864 quidem
3402 2793 3528 2846 erat
3549 2803 3690 2846 reus

2042 2875 2505 2949 adulterii,alter
2529 2892 2666 2936 vero
2691 2873 2964 2946 czedis,et
2991 2874 3125 2935 ideo
3145 2892 3180 2933 a
3213 2893 3426 2952 magno
3457 2878 3690 2938 Joanne

2043 2967 2278 3026 fuerant
2309 2965 2589 3044 depositi,
2616 2983 2720 3025 eos
2763 2964 2975 3028 virille
2999 2964 3273 3041 egregius
3305 2983 3440 3025 cum
3478 2983 3691 3044 magna

2045 3057 2404 3116 auctoritate
2447 3053 2504 3133 (o
2555 3072 2738 3114 sacrae
2793 3053 2979 3130 leges)
3011 3052 3388 3128 absolvisset,
3423 3054 3687 3126 libellos,

2046 3162 2293 3218 quorum
2315 3146 2412 3202 ille
2433 3161 2638 3204 rursus
2663 3145 2846 3202 fuerat
2869 3145 3082 3215 opifex,
3118 3145 3396 3202 exhibere
3426 3147 3557 3202 facit
3587 3146 3692 3203 ad-

839 3207 850 3212 -
1126 3207 1135 3222 .
1274 3207 1284 3220 .
1472 3207 1513 3222 -.
1734 3207 1743 3224 .

318 3234 570 3311 παρῄνει,
609 3236 705 3290 Καὶ
733 3237 782 3289 τί
811 3243 966 3291 τοῦτο
1009 3234 1341 3306 ;Εὒλάϐειαν
1402 3238 1502 3314 γὰρ
1553 3240 1956 3309 νομοθετοῦντος

2047 3207 2252 3295 versus
2271 3241 2536 3294 sanctum
2566 3250 2578 3294 :
2608 3232 2867 3306 libellos,
2906 3232 3006 3311 qui
3046 3245 3215 3293 erant
3248 3231 3408 3310 pleni
3440 3232 3689 3312 quidem

325 3327 417 3400 ἦν,
459 3325 546 3379 καὶ
602 3324 667 3378 τὰ
711 3329 808 3390 τῆς
878 3326 1020 3401 ἱερᾶς
1085 3327 1242 3398 ἡμῶν
1303 3323 1643 3403 ἀκριϐουντος
1703 3328 1956 3403 πίστεως,

2045 3322 2624 3396 calumniis,nullnm
2650 3330 2846 3383 autem
2875 3320 3180 3382 habebant
3203 3321 3515 3399 vestigium
3541 3321 3690 3382 veri-

319 3413 394 3476 ὼς
427 3413 504 3488 μὴ
535 3412 726 3490 φθάσαι
758 3435 857 3468 τινι
888 3419 993 3468 τῶν
1029 3412 1402 3490 ἐκπτυομένων
1429 3417 1522 3470 καῖ
1569 3415 1726 3493 μέρος
1772 3439 1821 3472 τι
1857 3421 1956 3471 τῶν

2051 3413 2182 3474 tatis
2208 3434 2221 3470 :
2252 3414 2366 3472 nisi
2390 3411 2549 3490 quod
2579 3411 2693 3472 hoc
2727 3411 2920 3471 solum
2966 3410 3271 3472 moderate
3293 3410 3688 3488 attingebant,

320 3501 668 3578 ἀγιασμάτων
701 3515 1068 3562 συνεκπεσεῖν.

2050 3500 2287 3563 etiamsi
2312 3519 2430 3561 non
2462 3500 2535 3560 ab
2569 3499 2658 3560 eis
2690 3499 2898 3559 eadem
2923 3498 3229 3561 diceretur
3269 3498 3689 3578 intelligentia,

322 3589 479 3667 quod
515 3607 726 3669 aquam
761 3590 852 3652 vel
896 3591 1092 3652 vinum
1127 3592 1219 3653 vel
1257 3591 1557 3672 pastillum
1591 3592 1876 3654 suadebat
1905 3599 2144 3670 gustare
2191 3603 2325 3668 post
2351 3587 2840 3650 communionem
2877 3587 2973 3658 iis,
3010 3589 3108 3666 qui
3143 3587 3688 3650 communicabant.

320 3678 474 3752 Quid
509 3686 632 3740 tum
664 3678 696 3738 ?
723 3687 849 3741 erat
880 3680 1038 3741 enim
1073 3681 1187 3742 hoc
1218 3681 1371 3760 ejus,
1407 3681 1509 3762 qui
1542 3680 1840 3742 statuebat
1869 3688 1932 3741 ut
1961 3677 2344 3741 adhiberetur
2376 3676 2596 3749 cautio,
2629 3685 2686 3736 et
2714 3675 2816 3750 qui
2849 3683 3121 3735 accurate
3154 3675 3396 3737 tenebat
3426 3695 3519 3750 ea,
3558 3695 3693 3756 quae

323 3775 462 3829 sunt
510 3776 733 3830 nostra;
763 3768 928 3844 ﬁdei,
962 3788 1038 3832 ne
1089 3769 1347 3851 cuipiam
1400 3775 1773 3849 contingeret
1801 3788 1934 3833 cum
1985 3769 2083 3843 iis,
2116 3785 2247 3848 qua:
2295 3774 2688 3847 exspuuntur,
2719 3765 2898 3825 etiam
2932 3781 3001 3825 ex
3047 3764 3435 3828 sanctiﬁcatis
3466 3765 3690 3844 aliquid

321 3856 624 3920 excidere.
2595 3887 2600 3890 -

401 3972 538 4037 ME'.
586 3971 772 4031 Ἠνίκα
834 3982 958 4053 γοῦν
989 3977 1112 4040 τοὺς
1144 3975 1404 4054 φλυάρους
1434 3977 1655 4041 τούτους
1687 3975 1956 4040 λιϐἑλλους

2129 3973 2301 4037 XLV.
2339 3972 2482 4035 Cum
2517 3978 2711 4053 itaque
2745 3987 3004 4050 nugaces
3029 3970 3136 4030 hos
3162 3967 3398 4030 libellos
3427 3968 3697 4049 accepis-

317 4065 345 4121 6
389 4062 642 4129 δεδωκὼς
685 4061 904 4144 εἴληφε,
953 4063 1278 4142 Σεϐηριανόν
1340 4069 1486 4129 εὐθὺς
1546 4068 1631 4122 γαὶ
1687 4065 1956 4140 ’Aua’zittov1

2051 4073 2141 4128 set
2172 4065 2222 4125 is
2249 4064 2351 4144 qui
2386 4063 2653 4133 dederat,
2715 4070 2774 4123 et
2834 4061 3118 4122 Acacium
3169 4067 3228 4120 et
3279 4059 3690 4135 Severianum,

320 4155 452 4232 πρὸς
513 4153 566 4210 δὲ
612 4153 700 4210 καὶ
744 4155 1050 4236 Ἀντίοχον,
1112 4157 1234 4218 τοὺς
1267 4155 1516 4235 ἀμάχους
1549 4155 1614 4223 δὴ
1649 4160 1746 4222 τῆς
1778 4157 1956 4219 κακίας

2053 4164 2111 4216 et
2169 4162 2462 4235 prwterea
2490 4151 2878 4223 Antiochum,
2946 4150 3222 4222 invictos,
3271 4156 3330 4208 ut
3362 4147 3441 4209 ita
3472 4147 3693 4224 dicam,

323 4242 669 4322 προμάχους,
705 4243 796 4298 σὺν
828 4243 1010 4309 ἄλλοις
1045 4252 1151 4302 τῶν
1210 4245 1520 4301 ἐπισκόπων
1552 4245 1760 4302 πλείοσι
1794 4269 1956 4324 προσ-

2053 4245 2177 4307 vitii
2211 4242 2833 4325 propugnatores,cito
2874 4240 2934 4300 in
2963 4257 3130 4301 suam
3163 4237 3473 4300 ascivisset
3503 4240 3699 4300 socie-

323 4333 726 4410 εταιρισάμενος
814 4331 912 4398 ἔξω
997 4357 1098 4392 που
1182 4334 1278 4402 τῆς
1331 4335 1542 4398 πόλεως
1589 4327 1855 4414 Ῥουφίνου
1915 4335 1956 4390 δί

2057 4342 2434 4406 tatem,extra
2460 4331 2753 4392 civitatem
2779 4330 2933 4410 (erat
2956 4338 3150 4390 autem
3175 4345 3315 4406 ager
3349 4326 3697 4402 Rulﬁni,no-

326 4423 352 4476 6
388 4419 546 4497 ἀγρὸς
576 4420 666 4495 ἦν,
701 4420 868 4493 ὄνομα
904 4430 1058 4502 Δρῦς,
1091 4423 1188 4479 ὕπὸ
1219 4429 1286 4500 τῇ
1337 4421 1641 4490 Χαλκηδόνι
1673 4424 1956 4504 κείμενος)1

2059 4425 2221 4485 mine
2244 4422 2693 4493 Quercus,situs
2710 4419 2820 4481 sub
2845 4417 3240 4494 Chalcedone)
3269 4417 3343 4477 de
3367 4426 3571 4477 sancto
3600 4418 3703 4477 de-

324 4507 379 4566 ἐν
439 4511 611 4583 τούτῳ
642 4513 918 4590 γενόμενοι
949 4513 1012 4567 τὰ
1043 4514 1156 4590 περὶ
1207 4520 1300 4570 τοῦ
1353 4511 1600 4570 καθελεῖν
1654 4516 1744 4570 τὸν
1805 4514 1956 4592 μέγαπ

2059 4512 2336 4595 ponendo
2371 4509 2722 4572 exsecrandi
2757 4507 3142 4570 conferebant
3199 4513 3258 4566 et
3307 4504 3706 4595 contexebant

327 4595 703 4677 συνέῤῥαπτον.
771 4601 934 4665 Αὐτὸς
1003 4600 1186 4675 μέντοι
1245 4603 1334 4657 σὺν
1395 4601 1508 4678 ἅμα
1579 4603 1974 4681 τεσσαράκοντα

325 4685 642 4750 ἐπισκόποις
697 4687 1124 4769 διομιλούμενος,
1189 4692 1326 4748 πάνυ
1390 4693 1674 4767 θαυμάζων
1737 4697 1804 4761 ἧν
1860 4697 1974 4756 πῶς

325 4777 632 4855 ἓγκλήμασι
705 4779 962 4844 τοιούτοις
1032 4779 1306 4859 ἀγώγιμος
1372 4782 1446 4838 ὢν
1519 4782 1797 4863 Θεόφιλος,
1854 4788 1974 4840 εἶτα

327 4868 660 4946 παραστῆναι
746 4867 1079 4949 κελευσθείς,
1162 4870 1299 4926 ὥστε
1359 4870 1522 4950 λόγον
1581 4872 1744 4952 χάριν
1804 4873 1974 4929 αὒτῶν

326 4954 620 5035 ὑποσχεῖν,
681 4955 868 5036 ἀθρόον
915 4958 1054 5015 οὕτω
1104 4959 1200 5022 τὰς
1260 4965 1364 5016 τῶν
1412 4962 1746 5039 κρατούντων
1777 4961 1975 5042 ἴσχυσε

2058 4594 2333 4667 Consilia.
2371 4602 2504 4681 Ipse
2529 4619 2667 4661 vero
2688 4617 2931 4660 versans
2956 4596 3128 4658 simul
3152 4613 3286 4656 cum
3314 4594 3707 4674 quadraginta

2057 4687 2560 4772 episcopis,valde
2582 4688 2932 4757 mirabatur,
2958 4683 3465 4772 quemadmodum
3488 4682 3706 4744 talibus

2059 4771 2415 4842 criminibus
2443 4776 2738 4838 obnoxius
2762 4775 3230 4853 Theophilus,et
3252 4771 3474 4834 deinde
3495 4772 3709 4833 adesse

2051 4870 2261 4950 jussus
2291 4878 2353 4929 et
2382 4866 2636 4929 reddere
2682 4865 3000 4936 rationem,
3039 4871 3154 4924 tam
3187 4875 3440 4941 repente
3470 4878 3702 4935 eorum,

2059 4959 2159 5040 qui
2190 4975 2396 5020 rerum
2431 4954 2834 5037 potiebantur,
2883 4952 3118 5016 animos
3169 4950 3429 5032 potuerit
3461 4967 3706 5040 capere,

321 5045 544 5127 γνώμας
574 5045 744 5126 ἑλεῖν,
782 5048 855 5111 ὡς
888 5047 967 5124 μὴ
999 5047 1162 5123 μόνον
1215 5047 1383 5124 μηδὲν
1431 5051 1561 5127 ὑπὲρ
1605 5053 1713 5109 τῶν
1770 5038 1956 5109 obicito

2063 5038 2272 5111 utnon
2300 5046 2493 5107 solum
2526 5045 2601 5106 de
2635 5045 2758 5106 suis
2819 5061 3056 5105 causam
3117 5060 3237 5103 non
3295 5040 3568 5127 diceret,
3600 5038 3707 5100 sed

325 5126 650 5216 εὒθύνεσθαι,
711 5133 848 5194 ἀλλὰ
907 5138 996 5192 καὶ
1029 5137 1222 5216 ἐτέρων
1255 5137 1449 5219 σχεδὸν
1479 5126 1812 5208 καταστῆναι
1856 5165 1956 5221 κρι-

2063 5136 2314 5198 aliorum
2349 5135 2528 5197 etiam
2564 5132 3016 5221 propemodum,
3036 5138 3194 5221 esset
3233 5127 3444 5221 judex,
3475 5126 3704 5190 indicta

324 5227 421 5294 τὴν
480 5215 643 5282 οὐδὲν
696 5227 759 5282 τὸ
815 5226 1066 5304 παράπαν
1122 5215 1506 5304 νεῦθυνομένων.
1558 5229 1694 5286 Εἶτα
1751 5233 1953 5308 παρῂνε

2059 5227 2132 5288 ab
2162 5226 2250 5288 eis
2280 5223 2525 5287 omnino
2556 5241 2736 5284 causa
2764 5239 2777 5282 :
2844 5219 3062 5282 deinde
3088 5215 3574 5308 hor_tabatur,_ne
3603 5236 3705 5278 es-

328 5315 407 5390 μῆ
465 5319 861 5395 μικροψυχεῖν,
925 5314 1063 5392 μηδὲ
1111 5317 1249 5394 μέγα
1292 5339 1340 5373 τι
1384 5319 1446 5373 τὸ
1500 5320 1670 5396 παρὸν
1719 5305 1950 5395 νομίζειν

2063 5323 2196 5378 sent
2227 5333 2404 5396 parvo
2439 5321 2497 5375 et
2515 5312 2752 5390 abjecto
2769 5310 3116 5382 animo,nec
3139 5305 3382 5398 tristitia
3405 5305 3714 5398 aiiiceren.

329 5403 746 5480 ἐνθυμουμένους
802 5406 888 5486 τὸ,
941 5403 1026 5462 διὰ
1057 5404 1276 5464 πολλῶν
1307 5405 1546 5482 θλίψεων
1577 5395 1849 5476 εἰσιτητήν
1881 5412 1956 5477 τὴ

2069 5415 2186 5480 tur,
2223 5395 2298 5467 ne
2346 5405 2484 5480 hoc,
2518 5403 2680 5479 quod
2717 5409 2844 5462 erat
2901 5414 3189 5480 praesens,
3230 5395 3540 5486 quidpiam
3579 5416 3709 5458 ma-

328 5497 436 5550 τῶν
494 5494 730 5569 οὐρανῶν
789 5484 930 5551 εἶναι
990 5495 1299 5573 βασιλείαν.
1384 5497 1524 5569 Πρὸς
1577 5498 1784 5561 τούτοις
1838 5497 1956 5564 ἠξίοε

2067 5512 2413 5584 gnumesse
2447 5490 3135 5584 ducerent,_cogitantes
3171 5484 3334 5584 quod
3367 5502 3472 5564 per
3500 5487 3716 5584 multas

333 5579 564 5662 μηδένα,
628 5583 824 5664 λέγων,
887 5585 990 5654 τὴν
1032 5587 1222 5646 ἑαυτοῦ
1266 5584 1585 5666 ἐκκλησίαν,
1631 5586 1765 5662 ἐμὴν
1800 5587 1956 5667 χάριν

2070 5572 2432 5654 ξιῑίιίοιίοηθε
2452 5577 2895 5644 sitintrandum
2929 5592 3185 5657 regnum
3223 5572 3508 5636 coalorum
3539 5573 3610 5636 ab
3642 5575 3717 5638 iis
