4060 6200
320 347 474 412 1169

1360 355 1546 418 VITA
1593 354 1654 417 S.
1697 353 2042 422 IOANNIS’
2067 355 2618 425 CHRYSOSTOMI.

3528 380 3681 448 1170

311 507 434 548 τους
493 484 646 544 ἔλυσε
705 489 793 544 καὶ
852 486 979 566 παρ’
1023 488 1195 547 αὐτῶν
1237 490 1461 547 ἐπείνων
1517 498 1624 548 τῶν
1681 491 1832 549 οὕπω
1891 513 1906 544 ἰ

1992 495 2019 544 t
2041 507 2201 552 nunc
2219 509 2580 565 sumus,uon
2605 513 2815 576 passus
2831 505 2923 561 est
2950 516 2965 564 :
2988 501 3096 564 sed
3121 504 3297 569 nobis
3317 508 3680 582 absentibus

312 574 632 652 ἐγκλήματα
686 575 1084 651 διαλυσαμένωκν
1156 575 1430 644 λιϐέλλους
1490 579 1779 658 ἐλάμϐανε,
1856 584 1952 638 καὶ

309 663 672 740 ὑπομνήματα
743 665 1025 744 ἔπραττεν,
1097 666 1232 744 ἅπερ
1305 668 1477 725 πάντα
1518 670 1662 745 παρὰ
1715 670 1952 727 κανόνων

312 751 626 812 ἀκολουθίαν
667 755 756 822 ἧν.
795 754 964 811 Ἀλλά
994 762 1158 813 ταῦτα
1216 755 1314 831 μὲν
1357 760 1444 813 καὶ
1500 760 1564 814 τὰ
1597 759 1713 826 ἑξῆς
1746 761 1778 827 ἡ
1810 757 1951 826 καλή

310 839 519 907 διέξεισι
579 841 818 919 γλῶττα,
850 846 938 901 καὶ
968 847 1112 924 παρὰ
1143 852 1295 902 τοῦτο
1328 850 1388 905 οὔ
1415 845 1499 904 δεῖ
1560 846 1736 924 λέγειν
1781 850 1946 924 ἡμᾶς,

309 931 480 1009 παρόν
537 931 743 999 ἐκείνης
802 933 1036 996 ἀκούειν,
1073 933 1526 1011 Ἀπαγγελθείσης
1586 935 1641 991 δὲ
1685 950 1801 1000 τοῖς
1833 940 1950 1016 περὶ

305 1018 561 1100 Θεόφιλον
617 1021 717 1088 τῆς
773 1022 1092 1101 ἀπολογίας,
1153 1025 1301 1082 αὐτοὶ
1369 1026 1468 1092 τὴν
1533 1024 1784 1095 ἀλήθειαν
1842 1033 1948 1082 τῶν

303 1109 594 1186 εἰρημένων
653 1114 749 1169 οὒκ
785 1110 1118 1190 ἐνεγκόντες,
1177 1114 1306 1170 εἶτα
1358 1115 1494 1172 κατά
1523 1120 1631 1170 τῶν
1674 1115 1947 1172 ἀπεσταλ-

303 1198 480 1271 μένων
550 1200 649 1268 τὴν
720 1201 888 1278 ὀργὴν
947 1201 1184 1276 ἐκένουν,
1244 1204 1329 1260 καὶ
1385 1202 1672 1278 λαϐόμενοι
1742 1205 1943 1261 τούτων

304 1286 499 1363 ἕτοψάν
542 1310 598 1344 τε
643 1291 730 1346 καὶ
788 1293 1028 1370 χιτῶνας
1087 1293 1258 1348 αὐτῶν
1315 1290 1586 1370 διέρρηξαν
1620 1311 1636 1328 ο
1693 1293 1820 1370 πρὸς
1888 1292 1941 1350 δὲ

301 1377 388 1432 καί
448 1377 682 1456 σιδήροις
741 1379 856 1441 ἐνὸς
915 1381 1008 1435 τὸν
1069 1379 1344 1458 τράχηλον
1413 1379 1750 1460 περιέϐαλον,
1807 1381 1940 1460 ἅπερ

301 1465 498 1545 ἔτυχον
521 1469 642 1524 τότε
693 1475 772 1541 τῷ
821 1469 1131 1548 πατριάρχῃ
1162 1469 1683 1547 παρασκευάσαντες.
1720 1473 1792 1528 Οὐ
1834 1473 1939 1547 μὴν

299 1554 436 1611 ἀλλά
487 1555 583 1612 καί
642 1564 735 1614 τοῦ
792 1565 1027 1635 πονηροῦ
1083 1559 1248 1633 ταύτῃ
1313 1557 1577 1625 διαθέντος
1625 1560 1799 1617 αὒτῶν
1841 1562 1937 1629 τήν

296 1644 535 1719 καρδίαν,
595 1649 683 1702 καὶ
752 1644 957 1726 φυγάδα
1013 1653 1202 1704 τοῦτον
1264 1647 1318 1703 ἐν
1391 1648 1586 1729 ἀφανεῖ
1646 1654 1936 1708 καθιστῶσι

293 1736 468 1809 τόπῳ,
527 1735 590 1791 τά
658 1734 846 1814 σίδηρα
923 1737 1072 1793 ταυτὶ
1148 1735 1628 1814 περιϐεϐλημένον.
1702 1736 1938 1798 Ἐκείνου

2040 591 2094 641 et
2109 583 2401 678 synodum
2421 586 2911 678 invocantibus,et
2923 591 3205 678 judicium
3221 603 3672 678 requirentibus,

2039 674 2241 762 etnon
2265 669 2632 762 auditionem
2665 674 3167 753 fugientibus,sed
3199 669 3434 762 apertas
3466 669 3674 756 inimi;

2037 756 2226 851 citias,
2261 758 2501 821 admisit
2526 772 2934 840 accusatores,
2957 775 3015 828 et
3043 787 3150 829 eos
3182 756 3282 851 qui
3316 793 3669 844 excommu-

2034 845 2214 951 nicati
2252 866 2286 908 a
2313 867 2414 949 me
2441 849 2701 951 fuerant,
2733 853 3008 930 absolvit,
3045 866 3105 918 et
3158 845 3232 951 ab
3267 863 3338 924 iis
3366 865 3534 944 ipsis,
3569 875 3671 951 qui

2035 935 2300 1031 nondum
2334 938 2588 1001 crimina
2615 941 2939 1031 diluerant,
2997 949 3230 1028 accepit
3286 935 3547 1031 libellos,
3586 935 3670 1022 ὀι

2034 1024 2231 1103 exegit
2263 1029 2726 1091 commentarios
2763 1053 2776 1094 :
2823 1051 2954 1114 quas
2983 1024 3230 1112 quidem
3267 1053 3437 1105 erant
3470 1024 3672 1113 omnia

2032 1121 2255 1191 praeter
2269 1133 2564 1218 canonum
2588 1123 3227 1218 consequentiam.Sed
3248 1130 3374 1193 haec
3397 1136 3668 1218 quidem,

2029 1209 2241 1282 etquae
2263 1203 2547 1302 deinceps
2569 1220 2922 1287 sequuntur,
2950 1217 3188 1294 egregia
3209 1219 3308 1282 illa
3333 1203 3538 1302 lingua
3565 1203 3668 1290 re:

2027 1302 2284 1394 censet:
2334 1303 2394 1356 et
2436 1296 2574 1394 ideo
2598 1317 2717 1359 non
2741 1317 2890 1379 opus
2910 1311 3021 1378 est,
3060 1313 3122 1366 ut
3144 1324 3214 1367 ea
3233 1326 3341 1370 nos
3371 1296 3662 1394 dicamus,

2024 1397 2160 1442 cum
2186 1381 2351 1445 illam
2375 1385 2583 1449 audire
2615 1388 2814 1451 liceat.
2843 1389 3063 1454 Verum
3086 1396 3246 1457 enim
3272 1416 3408 1461 vero
3430 1381 3663 1466 renuo;

2023 1469 2548 1573 tiam-defensione
2572 1477 2788 1573 iis,qui
2819 1491 2987 1542 erant
3018 1503 3152 1545 cum
3184 1486 3664 1573 Tbeophilo,ipsi
3716 1539 3718 1542 μ

2022 1577 2140 1620 non
2171 1560 2436 1624 ferentes
2467 1566 2773 1629 veritatem
2832 1588 3064 1645 eorum,
3119 1593 3251 1654 quae
3282 1560 3661 1660 dicebantur,

2025 1651 2348 1748 (quomodo
2373 1653 2559 1748 enim,
2585 1656 2881 1748 qu_i_spem
2910 1651 3233 1738 posuerant
3253 1651 3656 1748 mendacium,

2020 1744 2086 1797 ut
2114 1737 2196 1799 ait
2219 1739 2431 1838 beatus
2448 1741 2628 1838 Isaias
2645 1745 2730 1816 56,
2763 1756 2821 1838 et
2852 1750 3278 1838 exspectabant
3303 1755 3455 1838 fore,
3493 1769 3556 1821 ut
3587 1737 3659 1824 eo

292 1831 595 1902 τοιγαροῦν,
646 1827 720 1888 ὡς
782 1828 1117 1905 προείρηται,
1167 1829 1354 1892 αὐτοὺς
1407 1828 1526 1902 μὲν,
1588 1830 1680 1885 ἃτε
1712 1829 1905 1910 ἐχθροὶ)

1992 1833 2368 1924 gtegerentur
2390 1830 2450 1910 ?)
2501 1833 2649 1894 iram
2710 1827 3051 1899 effuderunt
3079 1839 3142 1899 in
3173 1859 3299 1916 eos,
3333 1827 3454 1924 qui,
3487 1849 3657 1912 missi

292 1926 484 1992 σαφεῖς
543 1913 698 1976 ὄντας
743 1917 1192 1992 παραιτουμένου,
1257 1915 1474 1975 σύνοδον
1533 1916 1588 1972 δὲ
1647 1921 1933 1988 κανονικὴν

293 2000 736 2076 ἐπικαλουμένου,
771 2005 820 2060 οἰ
851 2019 1048 2084 ταχεῖς
1077 2006 1221 2080 αἷμα
1253 2006 1464 2086 ἐκχέαι,
1501 2008 1588 2062 καὶ
1619 2009 1696 2082 μὴ
1728 2009 1931 2086 παρόν-

287 2112 380 2154 τος
425 2089 563 2164 μηδὲ
592 2093 654 2148 τὸ
685 2093 935 2171 παράπαν
966 2117 1015 2150 τι
1048 2094 1482 2174 ἀπολογουμένου
1525 2099 1932 2176 καταψηφίζον-

289 2201 401 2253 ται,
439 2181 601 2258 σαθρά
628 2203 753 2237 τινα
785 2180 922 2258 λίαν,
963 2191 1051 2240 τοῦ
1081 2184 1366 2262 ἀγγελικοῦ
1406 2186 1747 2249 κατειπόντες
1790 2189 1926 2264 βίου,

286 2271 560 2340 παίζουσιν
609 2270 844 2334 ἐοικότες
887 2272 1092 2347 μᾶλλον
1127 2275 1162 2342 ἢ
1213 2273 1582 2351 σπουδάζουσι,
1617 2278 1703 2333 καὶ
1746 2278 1847 2344 τὴν
1876 2278 1930 2333 ἐν

288 2364 478 2434 μακρῷ
534 2361 716 2440 χρόνῳ
767 2360 1246 2436 διαμελετηθεῖσαν
1293 2366 1482 2420 κακίαν
1533 2369 1588 2422 ἐν
1619 2366 1714 2440 μίᾷ
1754 2367 1931 2446 ἡμέρᾳ

291 2447 599 2504 συντελέσαι
629 2450 976 2514 σπεύσαντες.
1016 2451 1200 2508 Δειλὸν
1244 2454 1422 2532 γάρτι
1468 2455 1528 2510 τὸ
1587 2454 1776 2530 ψεῦδος
1831 2458 1928 2513 καῖ

289 2533 474 2597 δεινῶς
536 2539 856 2604 ιῦπτόητον·
890 2539 1078 2615 ἀμέλει
1111 2543 1198 2598 καὶ
1229 2542 1328 2608 την
1368 2542 1554 2619 πρᾶξιν
1583 2543 1927 2624 ἐπιταχύνειν

286 2624 425 2690 οἶδε,
462 2628 654 2705 φεῦγον
685 2629 778 2683 τὸν
798 2627 1206 2708 ’ἔλεγχονᾸΞῖτα
1236 2633 1564 2706 σκεψάμενοι
1595 2635 1684 2688 καὶ
1712 2636 1803 2691 τὸν
1832 2635 1926 2710 βα-

285 2714 436 2771 σιλέα
471 2718 766 2795 συνήγορον
793 2723 891 2784 τῆς
923 2719 1101 2798 ψήφου
1133 2718 1341 2794 λαϐεῖν,
1394 2720 1531 2778 ὥστε
1582 2723 1923 2802 ἰσχυρότερον

280 2807 453 2860 θεῖναι
498 2807 558 2861 τὸ
616 2805 1063 2887 σπουδαζόμενον,
1110 2807 1376 2871 συλλαϐὰς
1422 2811 1566 2885 αὐτῷ
1617 2812 1918 2886 πέμπουσιν

272 2891 410 2948 οὕτω
453 2893 685 2973 ἐχούσας
723 2912 738 2929 ⁸
798 2894 1019 2965 Ἐπειδη
1079 2902 1468 2977 κατηγορηθεὶς
1514 2901 1769 2968 Ἰωάννης
1827 2905 1916 2958 καὶ

275 2983 445 3056 ἑαυτῷ
477 2983 694 3063 χαλεπά
726 2983 972 3047 συνειδὼς
1007 2986 1142 3043 ἄλλα
1184 3010 1241 3044 τε
1301 2989 1556 3064 πλεῖστα,
1590 2991 1686 3047 καί
1718 2989 1796 3046 ὅτι
1827 2995 1912 3048 καὶ

273 3073 643 3135 καθοσιώσεως
704 3075 844 3146 αἰτίᾳ
903 3075 1176 3132 δπὸκειται
1235 3076 1574 3158 (καθοσίωσιν
1633 3079 1688 3136 δὲ
1759 3081 1911 3136 ἄντι-

2015 1915 2253 1980 fuerant
2288 1937 2301 1980 :
2332 1939 2556 2002 eosque
2582 1926 2993 2003 apprehensos
3024 1915 3414 1994 vehementer
3441 1937 3657 2000 verbe-

2011 2016 2312 2084 rarunt,et
2339 2028 2549 2072 eorum
2580 2014 2812 2075 tunicas
2841 2015 3228 2097 disruperunt
3256 2039 3271 2080 :
3297 2023 3440 2102 quin
3473 2026 3653 2088 etiam

2012 2096 2366 2188 ferro,q_uod
2404 2109 2544 2163 tunc
2575 2103 2864 2181 parabant
2891 2105 2955 2165 in
2986 2096 3408 2188 pratriarcha'm,
3433 2114 3652 2177 collum

2014 2185 2190 2246 unius
2212 2186 2744 2253 circumdederunt
2770 2211 2783 2253 :
2813 2192 2956 2272 quin
2981 2194 3162 2255 etiam
3185 2214 3321 2258 cum
3357 2185 3657 2281 malignus

2011 2291 2213 2334 eorum
2238 2279 2408 2336 corda
2425 2281 2511 2336 sic
2537 2280 2979 2350 aﬁecisset,eum
3003 2287 3239 2345 mittunt
3266 2290 3325 2347 in
3359 2279 3649 2359 exsilium,

2011 2360 2072 2421 in
2095 2363 2414 2440 quemdam
2449 2364 2645 2426 locum
2697 2366 3019 2430 obscurum
3053 2378 3112 2432 et
3141 2375 3466 2449 occultum,
3489 2379 3654 2441 ferro

2009 2450 2099 2512 sic
2120 2451 2580 2514 circumdatum.
2617 2453 2726 2515 Illo
2759 2473 2901 2535 ergo
2953 2476 3079 2533 eos,
3135 2468 3197 2520 ut
3227 2461 3508 2539 diximus,
3544 2485 3648 2530 re-

2007 2551 2562 2622 cusante,tauquam
2589 2552 2829 2624 apertos
2850 2546 3522 2623 inimicos,canonicum
3545 2577 3648 2620 au-

2007 2635 2124 2688 tem
2157 2629 2470 2693 invocante
2500 2633 2955 2717 concilium,qui
2979 2645 3148 2699 erant
3179 2639 3418 2704 veloces
3449 2645 3526 2705 ad
3560 2649 3643 2708 ef-

2002 2717 2370 2780 fundendum
2396 2721 2768 2800 sanguinem,
2809 2725 2986 2786 etiam
3009 2745 3127 2788 non
3155 2738 3512 2806 praesentem
3545 2746 3646 2797 aut

2001 2807 2227 2884 aliquid
2251 2811 2720 2890 respondentem
2745 2814 3318 2890 condemnant,cum
3340 2819 3644 2887 imbecilla

2000 2897 2272 2976 quaedam
2299 2898 2618 2989 maledicta
2648 2902 2708 2961 in
2735 2902 2919 2965 vitam
2955 2906 3642 2989 congessissentangeli-

1997 3003 2152 3061 cam,
2186 2986 2292 3048 visi
2317 2988 2515 3068 potius
2547 2989 2780 3064 ludere,
2816 3012 2990 3073 quam
3023 2996 3182 3056 serio
3209 3008 3478 3074 agere,et
3501 2986 3638 3082 qua;

1996 3074 2172 3154 longo
2193 3085 2463 3156 tempore
2485 3077 2774 3142 instructa
2800 3092 2859 3143 et
2903 3082 3176 3146 ordinata
3203 3085 3422 3163 fuerat,
3460 3074 3637 3153 mali-

270 3182 392 3236 xpec
437 3162 535 3229 τὴν
578 3164 711 3241 πρὸς
765 3165 862 3230 τὴν
907 3163 1148 3236 βασιλίδα
1191 3164 1443 3246 διαφοραν
1471 3169 1769 3249 ὠνόμαζον)
1815 3175 1906 3229 οὒκ

1994 3164 2134 3226 tiam
2165 3184 2282 3227 uno
2315 3166 2412 3228 die
2444 3176 2676 3230 temere
2704 3169 3014 3234 studentes
3055 3174 3327 3236 effectam
3352 3162 3628 3245 reddere.

265 3249 492 3318 ἠθέλησε
549 3255 681 3330 πρὸς
740 3255 836 3321 τὴν
907 3253 1123 3312 σύνοδον
1207 3255 1534 3332 ἀπαντῆσαι,
1596 3257 1680 3315 διὰ
1740 3263 1905 3317 ταῦτα

263 3347 387 3416 γοῦν
429 3342 517 3396 καὶ
561 3343 698 3399 κατά
741 3344 937 3399 κανόνα
981 3342 1084 3410 ἤδη
1141 3350 1402 3424 καθῃρέθη
1441 3368 1455 3384 ·
1488 3348 1576 3404 καὶ
1605 3352 1666 3405 τὸ
1711 3347 1902 3406 λειπό-

261 3449 420 3500 μενον
461 3427 610 3485 οὐδὲν
654 3430 855 3506 ἕτερον,
909 3433 943 3500 ἢ
993 3432 1275 3512 ἐπιτρέψαι
1311 3436 1371 3492 τὸ
1400 3437 1651 3514 ὑμέτερον
1708 3441 1899 3515 κράτος

261 3518 348 3572 καὶ
404 3515 600 3575 ἄκοντα
666 3530 848 3578 τοῦτον
910 3524 984 3585 είς
1055 3528 1155 3589 τὴν
1207 3525 1487 3601 ὑπερορίαν
1542 3525 1894 3604 ἀπελαθῇναε.

259 3612 432 3662 Ταῦτα
490 3610 596 3662 των
684 3607 863 3665 καλῶν
936 3611 1144 3689 ἱερέων,
1207 3614 1295 3668 καὶ
1359 3613 1592 3690 βραδέων
1662 3615 1760 3691 μὲν
1823 3618 1895 3680 εἷς

259 3694 428 3772 ὀργὴν
486 3694 809 3775 ὀφειλόντων
856 3700 1026 3775 εἶναι,
1070 3715 1286 3780 ταχέων
1329 3699 1384 3757 δὲ
1415 3704 1487 3766 εἰς
1519 3705 1890 3782 χρηστότητα,

249 3784 323 3839 ὧν
377 3787 424 3840 οἰ
468 3783 677 3850 ὀδόντες
722 3785 884 3862 ὅπλα,
932 3792 1020 3846 καὶ
1063 3791 1222 3870 βέλη,
1256 3791 1354 3847 καί
1403 3793 1436 3860 ἡ
1468 3791 1708 3870 γλῶσσα,
1755 3794 1889 3850 κατὰ

245 3875 306 3929 τὸ
338 3877 488 3931 θετον
526 3878 701 3933 εἰπεῖν
731 3876 935 3955 λόγιον,
987 3880 1232 3958 μάχαιρα
1283 3879 1456 3947 οξεῖα,
1497 3883 1632 3938 Εἶτα
1675 3883 1888 3961 ἐπιτρέ-

243 3967 444 4037 ψαντο)
489 3964 767 4045 Ἀρκαδίου
801 3969 1172 4046 (πεπιστεύκει
1226 3972 1325 4047 γὰρ
1384 3973 1456 4034 ὡς
1515 3973 1735 4050 ἱερεῖσιν
1788 3973 1888 4027 αὒ-

240 4067 379 4122 τοτς,
441 4053 651 4132 ἀγνοῶν
711 4056 792 4112 ὅτι
851 4058 917 4113 τά
970 4063 1142 4137 κρυφῆ
1203 4059 1299 4115 καί
1344 4062 1482 4117 κατά
1524 4059 1754 4118 διάνοιαν
1785 4063 1888 4142 οὔχ

237 4142 486 4220 ἱερεῦσιν,
547 4144 684 4203 ἀλλά
751 4145 1045 4224 ἱεροσύλοις
1106 4147 1312 4222 μᾶλλον
1371 4149 1602 4216 ἐοικότες
1645 4152 1791 4228 εἶσὶ),
1841 4154 1888 4208 τί

241 4233 444 4306 γίνεται
479 4253 495 4306 ;
547 4243 788 4290 Κινεῖται
841 4235 940 4310 μὲν
980 4235 1121 4300 ἅπας
1167 4238 1194 4291 ὁ
1223 4235 1417 4313 δῆμος,
1452 4240 1539 4295 καὶ
1571 4240 1643 4302 εἰς
1674 4239 1885 4308 πολλὴν

237 4316 440 4394 ἀθρόως
471 4321 656 4378 στάσιν
685 4320 974 4380 ανάπτεται
1005 4343 1020 4358 ο
1085 4327 1174 4382 καὶ
1229 4330 1384 4384 τοῦτο
1442 4328 1542 4402 μὲν
1583 4334 1675 4384 τοῦ
1719 4330 1881 4405 βασι-

236 4403 370 4472 λέως
413 4406 674 4496 καταόοᾷ,
742 4419 899 4469 τοῦτο
954 4411 1009 4470 δὲ
1081 4417 1172 4472 καὶ
1218 4414 1475 4496 Θεοφίλου
1518 4403 1727 4491 μᾶλλον
1779 4421 1878 4487 τὴν

235 4495 426 4586 κακίαν
468 4494 713 4578 ἐλέγχει.
771 4499 972 4557 Πολλοί
1023 4503 1124 4582 γὰρ
1185 4506 1270 4560 καί
1326 4494 1434 4560 τῶν
1464 4505 1593 4571 τέως
1622 4505 1875 4586 ἀπεχθῶς

234 4583 480 4662 ἐχόντων
536 4585 951 4670 μεταϐαλόντες,
1013 4593 1192 4666 μάτην
1265 4592 1448 4671 ἔλεγον
1505 4583 1874 4664 διαϐεϐλῆσθαι

233 4680 325 4728 τὸν
379 4672 552 4751 ἅγιον,
589 4677 825 4755 μάρτυρα
853 4678 1058 4755 ἀψευδῆ
1092 4682 1150 4738 τὸ
1205 4682 1440 4748 συνειδὸς
1483 4683 1726 4764 ἔχοντες,
1787 4688 1876 4742 καὶ

229 4762 330 4828 τὴν
393 4763 619 4832 ἔκδηλον
674 4769 760 4824 καὶ
819 4769 1046 4848 φανερὰν
1138 4762 1548 4840 δυσωπηθέντες.
1592 4773 1869 4846 ἀλήθειαν.

229 4850 393 4942 τέλος
438 4855 784 4934 ἰσχυροτέρας
841 4859 1136 4934 γενομένης
1182 4867 1279 4928 τῆς
1338 4864 1617 4942 πονηρίας,
1665 4864 1869 4939 μᾶλλον

224 4940 280 4997 δὲ
333 4953 425 5003 τοῦ
483 4945 633 5022 ἁγίου
677 4957 830 5006 τοῦτο
891 4948 1237 5032 θελήσαντος,
1269 4952 1361 5008 *ἵνα
1391 4954 1468 5028 μή
1499 4976 1581 5019 τις
1613 4955 1707 5011 καί
1739 4956 1865 5014 τολ-

221 5036 371 5110 μηθῇ
402 5033 660 5114 κίνδυνος,
715 5036 894 5113 ὥσπερ
939 5040 1087 5117 φίλον
1136 5041 1192 5096 ἐν
1234 5055 1357 5107 ταῖς
1405 5045 1677 5110 τοιαύταις
1728 5047 1865 5102 στοί-

221 5141 361 5197 σεσι,
409 5124 542 5212 πρδς
576 5125 804 5203 ἑσπέραν
835 5124 940 5193 ἤδη
972 5129 1192 5202 βαθεῖαν
1243 5128 1582 5210 ἐκϐάλλεται,
1629 5135 1866 5212 καθάπερ

218 5212 275 5264 ἒν
329 5217 396 5287 τῇ
440 5211 575 5287 αὒτῇ
617 5213 776 5269 πάλιν
843 5217 976 5293 πρὸς
1044 5215 1386 5274 ἰννοκέντιον
1443 5218 1703 5299 ἐπιστολῇ
1763 5211 1862 5291 τῆς

219 5304 426 5374 χρυσῆς
485 5301 732 5379 γλώττης
765 5306 974 5361 ἀκούειν
1007 5304 1204 5371 ἔξεστιν
1249 5305 1392 5364 οὕτω
1438 5311 1701 5386 Λεγούσης
1739 5332 1754 5348 '
1803 5314 1864 5371 Τί

219 5389 319 5463 γὰρ
361 5388 444 5445 δεῖ
471 5389 648 5447 πολλά
678 5391 853 5471 λέγειν
889 5409 905 5466 ;
960 5395 1071 5452 Οὐκ
1117 5395 1323 5463 ἀπέστη
1354 5397 1530 5453 πάντα
1559 5407 1728 5457 ποιῶν
1768 5405 1860 5458 καὶ

218 5479 747 5554 πραγματευόμενος,
810 5481 911 5546 ἕως
986 5483 1125 5559 ἡμᾶς
1198 5486 1331 5558 μετά
1394 5483 1698 5553 δυναστείας
1769 5493 1858 5548 καὶ

297 5653 504 5719 3613a.
535 5672 747 5736 xxvm,
780 5657 880 5726 15.
965 5661 1029 5712 37
1062 5661 1220 5727 Psal.
1254 5679 1346 5726 Lm
1377 5665 1414 5726 5
1449 5684 1465 5743 ;
1495 5685 1692 5744 xxxvr,
1729 5670 1826 5735 14.

1989 3252 2106 3316 Res
2136 3263 2226 3316 est
2282 3256 2444 3317 enim
2506 3257 2713 3319 timida
2771 3261 3428 3346 mendacium,etquze
3457 3267 3631 3333 facile

1989 3351 2182 3424 potest
2233 3345 2490 3407 terreri:
2551 3354 2610 3407 et
2668 3345 2808 3409 ideo
2837 3351 3141 3412 actionum
3175 3356 3627 3420 exsecutionem

1985 3432 2146 3495 novit
2164 3434 2527 3509 accelerare,
2557 3435 2794 3512 fugiens
2815 3438 3082 3510 omnino,
3111 3459 3185 3501 ne
3209 3442 3625 3511 convincatur.

1981 3521 2212 3584 Deinde
2237 3541 2372 3585 cum
2400 3523 2882 3588 considerassent
2930 3527 3058 3589 fore
3090 3529 3205 3591 sibi
3241 3531 3403 3607 utile,
3431 3535 3481 3595 si
3513 3536 3625 3598 ba-

1983 3609 2199 3672 berent
2229 3611 2654 3692 imperatorem
2705 3633 2829 3676 sua:
2871 3615 3252 3679 defensorem
3287 3624 3620 3701 sententiae,

1977 3699 2224 3779 utquod
2273 3700 2546 3779 improbe
2595 3701 2925 3778 faciebant,
2978 3705 3306 3769 redderent
3335 3699 3619 3788 validius,

1976 3791 2051 3852 ad
2075 3809 2212 3853 eum
2232 3791 2475 3852 mittunt
2495 3792 2728 3854 litteras
2750 3793 2811 3854 in
2832 3795 2986 3857 hanc
3012 3802 3370 3859 sententiam
3403 3822 3415 3858 :
3454 3801 3620 3874 Quo-

1974 3881 2136 3942 niam
2161 3889 2471 3941 accusatus
2493 3880 2780 3960 Joannes,
2811 3892 2872 3946 et
2895 3883 3010 3946 sibi
3036 3904 3172 3947 cum
3195 3886 3450 3949 aliorum
3477 3892 3614 3969 plu-

1973 3971 2265 4032 rimorum
2297 3971 2598 4045 conscius,
2639 3979 2760 4033 tum
2780 3973 2984 4049 etiam,
3010 3975 3170 4055 quod
3191 3977 3268 4038 sit
3291 3995 3432 4039 reus
3463 3979 3617 4043 lassa}

1972 4058 2305 4140 majestatis
2336 4059 2534 4121 laesam
2591 4061 2765 4142 plane
2799 4064 3170 4143 majestatem
3203 4067 3610 4150 nominantes,

1972 4167 2102 4230 qua;
2119 4149 2174 4210 ei
2197 4168 2329 4210 cum
2346 4149 2426 4211 im
2436 4151 2733 4230 peratrice
2755 4149 3607 4231 fueratcontroversiam),non

1968 4239 2163 4318 potuit
2192 4239 2309 4301 sibi
2366 4241 2750 4320 persuadere,
2786 4251 2850 4304 ut
2905 4243 3140 4306 veniret
3170 4247 3241 4306 ad
3273 4249 3598 4327 synodum;

1966 4339 2282 4410 propterea
2303 4329 2355 4391 si
2381 4341 2588 4393 exacte
2607 4331 3072 4395 considerantur
3089 4352 3370 4409 canones,
3374 4337 3498 4416 jam
3517 4348 3604 4402 est

1964 4417 2453 4497 depositus,nibil
2475 4428 2679 4494 restat,
2716 4422 2830 4484 nisi
2858 4433 2918 4482 ut
2938 4431 3129 4485 vestra
3146 4424 3357 4505 jubeat
3383 4436 3601 4507 poten-

1896 4507 2043 4594 Dtia
2084 4526 2219 4569 eum
2268 4508 2364 4570 vel
2387 4508 2635 4571 invitum
2663 4511 2813 4572 mitti
2864 4512 2922 4572 in
2956 4513 3261 4578 exsilium.
3296 4515 3434 4578 Haac
3463 4526 3602 4580 sunt

1959 4597 2336 4689 egregiorum
2361 4597 2600 4689 illorum
2624 4599 3138 4684 sacerdotum,qui
3154 4603 3598 4689 debebantqui-

1957 4686 2094 4747 dem
2122 4705 2257 4748 esse
2282 4686 2435 4749 lardi
2459 4688 2530 4748 ad
2555 4687 2704 4749 iram
2730 4690 3128 4770 incitandam,
3152 4712 3368 4774 urgere
3397 4686 3597 4760 autem

1955 4776 2028 4837 ad
2061 4776 2535 4856 benignitatem:
2590 4779 2806 4858 quibus
2860 4781 2948 4843 ira
3005 4783 3080 4844 ad
3131 4785 3596 4850 similitudinem

1953 4866 2343 4948 serpentis,et
2367 4867 2569 4948 lingua
2591 4874 2821 4945 (rursus
2849 4871 3011 4933 enim
3033 4871 3349 4936 nobiscum
3385 4877 3596 4956 loqua-

1951 4965 2046 5017 tur
2074 4957 2308 5018 divinus
2339 4957 2519 5019 David
2550 4959 2633 5036 37)
2663 4960 2896 5039 gladius
2926 4972 3159 5028 acutus.
3194 4964 3426 5027 Deinde
3455 4985 3590 5029 cum

1940 5046 2219 5124 jussisset
2241 5047 2530 5109 Arcadius
2553 5049 2672 5128 (eis
2691 5049 2846 5110 enim
2876 5051 3160 5112 credebat
3179 5061 3461 5132 tanquam
3493 5069 3593 5115 sa-

1948 5135 2314 5210 cerdotibus,
2352 5138 2630 5200 nesciens
2657 5159 2761 5200 eos
2788 5139 2847 5201 in
2874 5140 3154 5201 interiori
3187 5142 3431 5203 homine
3467 5162 3588 5205 non

1949 5243 2082 5287 esse
2113 5226 2552 5308 sacerdotibus,
2585 5229 2688 5290 sed
2725 5231 2922 5308 potius
2955 5229 3260 5309 sacrilegis
3306 5231 3584 5314 similes),

1947 5312 2089 5393 quid
2120 5315 2231 5375 fit?
2278 5315 2546 5378 Movetur
2573 5316 2816 5398 quidem
2849 5318 3170 5380 universus
3203 5320 3482 5401 populus,
3518 5312 3586 5383 ut

1945 5405 2042 5484 qui
2069 5404 2357 5466 sensisset
2387 5406 2469 5480 id,
2503 5406 2662 5487 quod
2705 5425 2824 5469 non
2846 5416 2972 5469 erat
2998 5407 3363 5491 faciendum,
3393 5419 3452 5472 et
3481 5429 3583 5472 re-

1943 5500 2121 5573 pente
2154 5493 2216 5553 in
2247 5512 2518 5574 magnam
2539 5495 2892 5558 accenditur
2915 5497 3272 5560 seditionem
3307 5519 3322 5561 :
3357 5509 3417 5565 et
3448 5519 3583 5594 par-
