  <div class='ocr_page' id='page_1' title='image "/cluster/home/n/w/nwhite01/storage/ocr_20150623/114/hvd.32044073502254/591.png"; bbox 0 0 4060 6200; ppageno 0'>
   <div class='ocr_carea' id='block_1_1' title="bbox 470 341 614 408">
    <p class='ocr_par' dir='ltr' id='par_1_1' title="bbox 470 341 614 408">
     <span class='ocr_line' id='line_1_1' title="bbox 470 341 614 408; baseline -0.014 0"><span class='ocrx_word' id='word_1_1' title='bbox 470 341 614 408; x_wconf 87' lang='grc'>1171</span> 
     </span>
    </p>
   </div>
   <div class='ocr_carea' id='block_1_2' title="bbox 1757 334 2530 398">
    <p class='ocr_par' dir='ltr' id='par_1_2' title="bbox 1757 334 2530 398">
     <span class='ocr_line' id='line_1_2' title="bbox 1757 334 2530 398; baseline -0.006 0"><span class='ocrx_word' id='word_1_2' title='bbox 1757 335 2039 398; x_wconf 88' lang='lat' dir='ltr'><strong>MENSIS</strong></span> <span class='ocrx_word' id='word_1_3' title='bbox 2075 334 2530 398; x_wconf 79' lang='lat' dir='ltr'><strong>IANUARIUS.</strong></span> 
     </span>
    </p>
   </div>
   <div class='ocr_carea' id='block_1_3' title="bbox 3672 331 3816 397">
    <p class='ocr_par' dir='ltr' id='par_1_3' title="bbox 3672 331 3816 397">
     <span class='ocr_line' id='line_1_3' title="bbox 3672 331 3816 397; baseline 0 -1"><span class='ocrx_word' id='word_1_4' title='bbox 3672 331 3816 397; x_wconf 77' lang='lat'><strong>1172</strong></span> 
     </span>
    </p>
   </div>
   <div class='ocr_carea' id='block_1_4' title="bbox 470 469 2108 555">
    <p class='ocr_par' dir='ltr' id='par_1_4' title="bbox 470 469 2098 555">
     <span class='ocr_line' id='line_1_4' title="bbox 470 469 2098 555; baseline -0.009 -14"><span class='ocrx_word' id='word_1_5' title='bbox 470 483 574 541; x_wconf 89' lang='lat' dir='ltr'><strong>tim</strong></span> <span class='ocrx_word' id='word_1_6' title='bbox 609 479 852 555; x_wconf 89' lang='lat' dir='ltr'><strong>quidem</strong></span> <span class='ocrx_word' id='word_1_7' title='bbox 911 475 1268 538; x_wconf 78' lang='lat' dir='ltr'><strong>vociferatur</strong></span> <span class='ocrx_word' id='word_1_8' title='bbox 1311 470 1596 534; x_wconf 89' lang='lat' dir='ltr'><strong>adversus</strong></span> <span class='ocrx_word' id='word_1_9' title='bbox 1645 469 2098 548; x_wconf 81' lang='lat' dir='ltr'><strong>imperatorem,</strong></span> 
     </span>
    </p>
   </div>
   <div class='ocr_carea' id='block_1_5' title="bbox 2197 469 3822 555">
    <p class='ocr_par' dir='ltr' id='par_1_5' title="bbox 2197 469 3822 539">
     <span class='ocr_line' id='line_1_5' title="bbox 2197 469 3822 539; baseline 0.002 -14"><span class='ocrx_word' id='word_1_10' title='bbox 2197 469 2458 534; x_wconf 74' lang='grc' dir='ltr'>ιιύθεντίας</span> <span class='ocrx_word' id='word_1_11' title='bbox 2513 470 2694 538; x_wconf 81' lang='grc' dir='ltr'>πάσης</span> <span class='ocrx_word' id='word_1_12' title='bbox 2744 475 2842 537; x_wconf 74' lang='grc' dir='ltr'>τῆς</span> <span class='ocrx_word' id='word_1_13' title='bbox 2883 493 2942 528; x_wconf 87' lang='grc' dir='ltr'><strong>τε</strong></span> <span class='ocrx_word' id='word_1_14' title='bbox 2986 470 3197 534; x_wconf 83' lang='grc' dir='ltr'>πόλεως</span> <span class='ocrx_word' id='word_1_15' title='bbox 3239 471 3328 528; x_wconf 82' lang='grc' dir='ltr'><strong>καὶ</strong></span> <span class='ocrx_word' id='word_1_16' title='bbox 3371 475 3472 538; x_wconf 75' lang='grc' dir='ltr'>τῆς</span> <span class='ocrx_word' id='word_1_17' title='bbox 3504 469 3822 539; x_wconf 82' lang='grc' dir='ltr'>Ἐκκλησίσς</span> 
     </span>
    </p>
   </div>
   <div class='ocr_carea' id='block_1_6' title="bbox 475 557 2107 649">
    <p class='ocr_par' dir='ltr' id='par_1_6' title="bbox 475 557 2107 649">
     <span class='ocr_line' id='line_1_6' title="bbox 475 557 2107 649; baseline -0.009 -19"><span class='ocrx_word' id='word_1_18' title='bbox 475 569 689 649; x_wconf 89' lang='lat' dir='ltr'><strong>partim</strong></span> <span class='ocrx_word' id='word_1_19' title='bbox 723 575 918 628; x_wconf 90' lang='lat' dir='ltr'><strong>autem</strong></span> <span class='ocrx_word' id='word_1_20' title='bbox 950 563 1269 645; x_wconf 85' lang='lat' dir='ltr'><strong>Theophili</strong></span> <span class='ocrx_word' id='word_1_21' title='bbox 1298 580 1536 642; x_wconf 90' lang='lat' dir='ltr'><strong>quoque</strong></span> <span class='ocrx_word' id='word_1_22' title='bbox 1594 568 1650 620; x_wconf 90' lang='lat' dir='ltr'><strong>et</strong></span> <span class='ocrx_word' id='word_1_23' title='bbox 1699 557 2107 649; x_wconf 78' lang='lat' dir='ltr'><strong>multomagis</strong></span> 
     </span>
    </p>
   </div>
   <div class='ocr_carea' id='block_1_7' title="bbox 474 647 2107 737">
    <p class='ocr_par' dir='ltr' id='par_1_7' title="bbox 474 647 2107 737">
     <span class='ocr_line' id='line_1_7' title="bbox 474 647 2107 737; baseline -0.008 -18"><span class='ocrx_word' id='word_1_24' title='bbox 474 647 668 737; x_wconf 82' lang='lat' dir='ltr'><strong>arguit</strong></span> <span class='ocrx_word' id='word_1_25' title='bbox 698 654 1168 735; x_wconf 75' lang='lat' dir='ltr'><strong>improbitatem.</strong></span> <span class='ocrx_word' id='word_1_26' title='bbox 1197 651 1364 713; x_wconf 90' lang='lat' dir='ltr'><strong>Multi</strong></span> <span class='ocrx_word' id='word_1_27' title='bbox 1398 651 1556 711; x_wconf 93' lang='lat' dir='ltr'><strong>enim</strong></span> <span class='ocrx_word' id='word_1_28' title='bbox 1591 649 1766 710; x_wconf 89' lang='lat' dir='ltr'><strong>etiam</strong></span> <span class='ocrx_word' id='word_1_29' title='bbox 1802 667 1870 709; x_wconf 90' lang='lat' dir='ltr'><strong>ex</strong></span> <span class='ocrx_word' id='word_1_30' title='bbox 1902 647 2107 726; x_wconf 78' lang='lat' dir='ltr'><strong>iis.qui</strong></span> 
     </span>
    </p>
   </div>
   <div class='ocr_carea' id='block_1_8' title="bbox 474 737 2107 820">
    <p class='ocr_par' dir='ltr' id='par_1_8' title="bbox 474 737 2107 820">
     <span class='ocr_line' id='line_1_8' title="bbox 474 737 2107 820; baseline -0.007 -13"><span class='ocrx_word' id='word_1_31' title='bbox 474 756 642 808; x_wconf 89' lang='lat' dir='ltr'><strong>erant</strong></span> <span class='ocrx_word' id='word_1_32' title='bbox 663 751 715 805; x_wconf 88' lang='lat' dir='ltr'><strong>ei</strong></span> <span class='ocrx_word' id='word_1_33' title='bbox 741 743 982 815; x_wconf 84' lang='lat' dir='ltr'><strong>infensi,</strong></span> <span class='ocrx_word' id='word_1_34' title='bbox 1001 742 1124 820; x_wconf 89' lang='lat' dir='ltr'><strong>jam</strong></span> <span class='ocrx_word' id='word_1_35' title='bbox 1148 741 1384 813; x_wconf 82' lang='lat' dir='ltr'><strong>mutati,</strong></span> <span class='ocrx_word' id='word_1_36' title='bbox 1414 739 1688 801; x_wconf 79' lang='lat' dir='ltr'><strong>dicebant</strong></span> <span class='ocrx_word' id='word_1_37' title='bbox 1713 737 1898 799; x_wconf 85' lang='lat' dir='ltr'><strong>fuisse</strong></span> <span class='ocrx_word' id='word_1_38' title='bbox 1930 754 2107 797; x_wconf 89' lang='lat' dir='ltr'><strong>sanc-</strong></span> 
     </span>
    </p>
   </div>
   <div class='ocr_carea' id='block_1_9' title="bbox 473 827 2110 909">
    <p class='ocr_par' dir='ltr' id='par_1_9' title="bbox 473 827 2110 909">
     <span class='ocr_line' id='line_1_9' title="bbox 473 827 2110 909; baseline -0.005 -14"><span class='ocrx_word' id='word_1_39' title='bbox 473 846 595 897; x_wconf 91' lang='lat' dir='ltr'><strong>tum</strong></span> <span class='ocrx_word' id='word_1_40' title='bbox 628 845 852 895; x_wconf 88' lang='lat' dir='ltr'><strong>temere</strong></span> <span class='ocrx_word' id='word_1_41' title='bbox 894 842 1263 903; x_wconf 89' lang='lat' dir='ltr'><strong>accusatum,</strong></span> <span class='ocrx_word' id='word_1_42' title='bbox 1296 833 1711 909; x_wconf 89' lang='lat' dir='ltr'><strong>incorruptum</strong></span> <span class='ocrx_word' id='word_1_43' title='bbox 1754 837 1964 888; x_wconf 84' lang='lat' dir='ltr'><strong>testem</strong></span> <span class='ocrx_word' id='word_1_44' title='bbox 1999 827 2110 887; x_wconf 91' lang='lat' dir='ltr'><strong>ha-</strong></span> 
     </span>
    </p>
   </div>
   <div class='ocr_carea' id='block_1_10' title="bbox 471 915 2114 998">
    <p class='ocr_par' dir='ltr' id='par_1_10' title="bbox 471 915 2114 998">
     <span class='ocr_line' id='line_1_10' title="bbox 471 915 2114 998; baseline -0.006 -13"><span class='ocrx_word' id='word_1_45' title='bbox 471 925 680 985; x_wconf 88' lang='lat' dir='ltr'><strong>bentes</strong></span> <span class='ocrx_word' id='word_1_46' title='bbox 705 940 915 984; x_wconf 91' lang='lat' dir='ltr'><strong>omnes</strong></span> <span class='ocrx_word' id='word_1_47' title='bbox 968 921 1425 994; x_wconf 83' lang='lat' dir='ltr'><strong>conscientiam,</strong></span> <span class='ocrx_word' id='word_1_48' title='bbox 1475 927 1861 998; x_wconf 89' lang='lat' dir='ltr'><strong>apertamque</strong></span> <span class='ocrx_word' id='word_1_49' title='bbox 1893 925 1952 977; x_wconf 89' lang='lat' dir='ltr'><strong>et</strong></span> <span class='ocrx_word' id='word_1_50' title='bbox 1983 915 2114 976; x_wconf 91' lang='lat' dir='ltr'><strong>evi-</strong></span> 
     </span>
    </p>
   </div>
   <div class='ocr_carea' id='block_1_11' title="bbox 469 1009 2112 1076">
    <p class='ocr_par' dir='ltr' id='par_1_11' title="bbox 469 1009 2112 1076">
     <span class='ocr_line' id='line_1_11' title="bbox 469 1009 2112 1076; baseline -0.006 -1"><span class='ocrx_word' id='word_1_51' title='bbox 469 1015 713 1076; x_wconf 85' lang='lat' dir='ltr'><strong>dentem</strong></span> <span class='ocrx_word' id='word_1_52' title='bbox 735 1021 1078 1074; x_wconf 90' lang='lat' dir='ltr'><strong>reverentes</strong></span> <span class='ocrx_word' id='word_1_53' title='bbox 1101 1011 1408 1074; x_wconf 85' lang='lat' dir='ltr'><strong>veritatem</strong></span> <span class='ocrx_word' id='word_1_54' title='bbox 1435 1030 1448 1070; x_wconf 91' lang='lat'>:</span> <span class='ocrx_word' id='word_1_55' title='bbox 1476 1009 1714 1070; x_wconf 88' lang='lat' dir='ltr'><strong>tandem</strong></span> <span class='ocrx_word' id='word_1_56' title='bbox 1747 1017 1949 1068; x_wconf 86' lang='lat' dir='ltr'><strong>autem</strong></span> <span class='ocrx_word' id='word_1_57' title='bbox 1980 1023 2112 1066; x_wconf 92' lang='lat' dir='ltr'><strong>cum</strong></span> 
     </span>
    </p>
   </div>
   <div class='ocr_carea' id='block_1_12' title="bbox 470 1096 2116 1182">
    <p class='ocr_par' dir='ltr' id='par_1_12' title="bbox 470 1096 2116 1182">
     <span class='ocr_line' id='line_1_12' title="bbox 470 1096 2116 1182; baseline -0.006 -18"><span class='ocrx_word' id='word_1_58' title='bbox 470 1104 602 1182; x_wconf 91' lang='lat' dir='ltr'><strong>plus</strong></span> <span class='ocrx_word' id='word_1_59' title='bbox 649 1102 932 1163; x_wconf 88' lang='lat' dir='ltr'><strong>valuisset</strong></span> <span class='ocrx_word' id='word_1_60' title='bbox 981 1099 1361 1181; x_wconf 86' lang='lat' dir='ltr'><strong>improbitas,</strong></span> <span class='ocrx_word' id='word_1_61' title='bbox 1426 1100 1546 1160; x_wconf 91' lang='lat' dir='ltr'><strong>imo</strong></span> <span class='ocrx_word' id='word_1_62' title='bbox 1581 1116 1722 1158; x_wconf 90' lang='lat' dir='ltr'><strong>vero</strong></span> <span class='ocrx_word' id='word_1_63' title='bbox 1753 1116 1886 1158; x_wconf 91' lang='lat' dir='ltr'><strong>cum</strong></span> <span class='ocrx_word' id='word_1_64' title='bbox 1915 1096 2116 1174; x_wconf 87' lang='lat' dir='ltr'><strong>justus</strong></span> 
     </span>
    </p>
   </div>
   <div class='ocr_carea' id='block_1_13' title="bbox 466 1186 2116 1268">
    <p class='ocr_par' dir='ltr' id='par_1_13' title="bbox 466 1186 2116 1268">
     <span class='ocr_line' id='line_1_13' title="bbox 466 1186 2116 1268; baseline -0.006 -13"><span class='ocrx_word' id='word_1_65' title='bbox 466 1193 732 1255; x_wconf 85' lang='lat' dir='ltr'><strong>Joannes</strong></span> <span class='ocrx_word' id='word_1_66' title='bbox 763 1193 877 1252; x_wconf 95' lang='lat' dir='ltr'><strong>hoc</strong></span> <span class='ocrx_word' id='word_1_67' title='bbox 899 1191 1292 1264; x_wconf 89' lang='lat' dir='ltr'><strong>voluisset,ne</strong></span> <span class='ocrx_word' id='word_1_68' title='bbox 1324 1188 1565 1268; x_wconf 89' lang='lat' dir='ltr'><strong>aliquod</strong></span> <span class='ocrx_word' id='word_1_69' title='bbox 1590 1190 1852 1249; x_wconf 86' lang='lat' dir='ltr'><strong>oriretur</strong></span> <span class='ocrx_word' id='word_1_70' title='bbox 1875 1186 2116 1265; x_wconf 89' lang='lat' dir='ltr'><strong>pericu-</strong></span> 
     </span>
    </p>
   </div>
   <div class='ocr_carea' id='block_1_14' title="bbox 470 1274 2116 1355">
    <p class='ocr_par' dir='ltr' id='par_1_14' title="bbox 470 1274 2116 1355">
     <span class='ocr_line' id='line_1_14' title="bbox 470 1274 2116 1355; baseline -0.007 -12"><span class='ocrx_word' id='word_1_71' title='bbox 470 1283 688 1355; x_wconf 87' lang='lat' dir='ltr'><strong>lum,ut</strong></span> <span class='ocrx_word' id='word_1_72' title='bbox 709 1281 863 1342; x_wconf 89' lang='lat' dir='ltr'><strong>solet</strong></span> <span class='ocrx_word' id='word_1_73' title='bbox 883 1279 1160 1342; x_wconf 84' lang='lat' dir='ltr'><strong>accidere</strong></span> <span class='ocrx_word' id='word_1_74' title='bbox 1181 1281 1242 1341; x_wconf 92' lang='lat' dir='ltr'><strong>in</strong></span> <span class='ocrx_word' id='word_1_75' title='bbox 1268 1277 1484 1340; x_wconf 88' lang='lat' dir='ltr'><strong>talibus</strong></span> <span class='ocrx_word' id='word_1_76' title='bbox 1509 1274 1932 1346; x_wconf 85' lang='lat' dir='ltr'><strong>seditionibus,</strong></span> <span class='ocrx_word' id='word_1_77' title='bbox 1975 1291 2116 1353; x_wconf 88' lang='lat' dir='ltr'><strong>pro-</strong></span> 
     </span>
    </p>
   </div>
   <div class='ocr_carea' id='block_1_15' title="bbox 470 1364 2115 1450">
    <p class='ocr_par' dir='ltr' id='par_1_15' title="bbox 470 1364 2115 1450">
     <span class='ocr_line' id='line_1_15' title="bbox 470 1364 2115 1450; baseline -0.007 -17"><span class='ocrx_word' id='word_1_78' title='bbox 470 1371 654 1433; x_wconf 84' lang='lat' dir='ltr'><strong>fundo</strong></span> <span class='ocrx_word' id='word_1_79' title='bbox 676 1388 926 1450; x_wconf 81' lang='lat' dir='ltr'><strong>vespere</strong></span> <span class='ocrx_word' id='word_1_80' title='bbox 956 1369 1461 1449; x_wconf 82' lang='lat' dir='ltr'><strong>expellitur,sicut</strong></span> <span class='ocrx_word' id='word_1_81' title='bbox 1492 1367 1682 1446; x_wconf 83' lang='lat' dir='ltr'><strong>ipsam</strong></span> <span class='ocrx_word' id='word_1_82' title='bbox 1715 1364 1978 1442; x_wconf 81' lang='lat' dir='ltr'><strong>linguam</strong></span> <span class='ocrx_word' id='word_1_83' title='bbox 2008 1381 2115 1423; x_wconf 89' lang='lat' dir='ltr'><strong>au-</strong></span> 
     </span>
    </p>
   </div>
   <div class='ocr_carea' id='block_1_16' title="bbox 471 1455 2117 1536">
    <p class='ocr_par' dir='ltr' id='par_1_16' title="bbox 471 1455 2117 1536">
     <span class='ocr_line' id='line_1_16' title="bbox 471 1455 2117 1536; baseline -0.005 -17"><span class='ocrx_word' id='word_1_84' title='bbox 471 1476 634 1519; x_wconf 88' lang='lat' dir='ltr'><strong>ream</strong></span> <span class='ocrx_word' id='word_1_85' title='bbox 655 1457 1023 1519; x_wconf 88' lang='lat' dir='ltr'><strong>licetaudire</strong></span> <span class='ocrx_word' id='word_1_86' title='bbox 1049 1458 1108 1516; x_wconf 92' lang='lat' dir='ltr'><strong>in</strong></span> <span class='ocrx_word' id='word_1_87' title='bbox 1131 1456 1380 1536; x_wconf 89' lang='lat' dir='ltr'><strong>epistola</strong></span> <span class='ocrx_word' id='word_1_88' title='bbox 1414 1455 1486 1515; x_wconf 90' lang='lat' dir='ltr'><strong>ad</strong></span> <span class='ocrx_word' id='word_1_89' title='bbox 1511 1455 1946 1524; x_wconf 87' lang='lat' dir='ltr'><strong>innocentium,</strong></span> <span class='ocrx_word' id='word_1_90' title='bbox 1982 1468 2117 1530; x_wconf 64' lang='lat' dir='ltr'><strong>qua:</strong></span> 
     </span>
    </p>
   </div>
   <div class='ocr_carea' id='block_1_17' title="bbox 473 1538 2114 1624">
    <p class='ocr_par' dir='ltr' id='par_1_17' title="bbox 473 1538 2114 1624">
     <span class='ocr_line' id='line_1_17' title="bbox 473 1538 2114 1624; baseline -0.005 -15"><span class='ocrx_word' id='word_1_91' title='bbox 473 1548 558 1609; x_wconf 92' lang='lat' dir='ltr'><strong>sic</strong></span> <span class='ocrx_word' id='word_1_92' title='bbox 581 1547 728 1608; x_wconf 85' lang='lat' dir='ltr'><strong>dicit</strong></span> <span class='ocrx_word' id='word_1_93' title='bbox 755 1565 768 1610; x_wconf 88' lang='lat'>:</span> <span class='ocrx_word' id='word_1_94' title='bbox 793 1547 947 1619; x_wconf 86' lang='lat' dir='ltr'><strong>Quid</strong></span> <span class='ocrx_word' id='word_1_95' title='bbox 978 1547 1138 1608; x_wconf 91' lang='lat' dir='ltr'><strong>enim</strong></span> <span class='ocrx_word' id='word_1_96' title='bbox 1178 1545 1362 1607; x_wconf 88' lang='lat' dir='ltr'><strong>multa</strong></span> <span class='ocrx_word' id='word_1_97' title='bbox 1395 1561 1549 1624; x_wconf 82' lang='lat' dir='ltr'><strong>Opus</strong></span> <span class='ocrx_word' id='word_1_98' title='bbox 1581 1551 1668 1604; x_wconf 90' lang='lat' dir='ltr'><strong>est</strong></span> <span class='ocrx_word' id='word_1_99' title='bbox 1703 1542 1954 1602; x_wconf 84' lang='lat' dir='ltr'><strong>dicere?</strong></span> <span class='ocrx_word' id='word_1_100' title='bbox 1983 1538 2114 1600; x_wconf 87' lang='lat' dir='ltr'><strong>Non</strong></span> 
     </span>
    </p>
   </div>
   <div class='ocr_carea' id='block_1_18' title="bbox 475 1633 2110 1707">
    <p class='ocr_par' dir='ltr' id='par_1_18' title="bbox 475 1633 2110 1707">
     <span class='ocr_line' id='line_1_18' title="bbox 475 1633 2110 1707; baseline -0.006 -9"><span class='ocrx_word' id='word_1_101' title='bbox 475 1637 709 1699; x_wconf 90' lang='lat' dir='ltr'><strong>destitit</strong></span> <span class='ocrx_word' id='word_1_102' title='bbox 760 1636 964 1697; x_wconf 91' lang='lat' dir='ltr'><strong>omnia</strong></span> <span class='ocrx_word' id='word_1_103' title='bbox 1014 1635 1215 1696; x_wconf 89' lang='lat' dir='ltr'><strong>facere</strong></span> <span class='ocrx_word' id='word_1_104' title='bbox 1249 1645 1310 1695; x_wconf 92' lang='lat' dir='ltr'><strong>et</strong></span> <span class='ocrx_word' id='word_1_105' title='bbox 1357 1633 1577 1707; x_wconf 92' lang='lat' dir='ltr'><strong>moliri,</strong></span> <span class='ocrx_word' id='word_1_106' title='bbox 1616 1633 1808 1692; x_wconf 89' lang='lat' dir='ltr'><strong>donec</strong></span> <span class='ocrx_word' id='word_1_107' title='bbox 1839 1649 1949 1690; x_wconf 90' lang='lat' dir='ltr'><strong>nos</strong></span> <span class='ocrx_word' id='word_1_108' title='bbox 1979 1648 2110 1690; x_wconf 92' lang='lat' dir='ltr'><strong>cum</strong></span> 
     </span>
    </p>
   </div>
   <div class='ocr_carea' id='block_1_19' title="bbox 2191 556 3819 636">
    <p class='ocr_par' dir='ltr' id='par_1_19' title="bbox 2191 556 3819 636">
     <span class='ocr_line' id='line_1_19' title="bbox 2191 556 3819 636; baseline 0 -23"><span class='ocrx_word' id='word_1_109' title='bbox 2191 556 2403 622; x_wconf 75' lang='grc' dir='ltr'>ἐξέϐαλε</span> <span class='ocrx_word' id='word_1_110' title='bbox 2441 576 2453 590; x_wconf 87' lang='grc'><em>’</em></span> <span class='ocrx_word' id='word_1_111' title='bbox 2505 562 2589 615; x_wconf 85' lang='grc' dir='ltr'>καὶ</span> <span class='ocrx_word' id='word_1_112' title='bbox 2646 561 2776 636; x_wconf 83' lang='grc' dir='ltr'>πρὸς</span> <span class='ocrx_word' id='word_1_113' title='bbox 2823 561 3051 632; x_wconf 78' lang='grc' dir='ltr'>ἐσπεραν</span> <span class='ocrx_word' id='word_1_114' title='bbox 3101 560 3318 635; x_wconf 76' lang='grc' dir='ltr'>βαθεῖαν</span> <span class='ocrx_word' id='word_1_115' title='bbox 3363 567 3455 616; x_wconf 82' lang='grc' dir='ltr'>τοῦ</span> <span class='ocrx_word' id='word_1_116' title='bbox 3488 558 3658 632; x_wconf 71' lang='grc' dir='ltr'>δήμου</span> <span class='ocrx_word' id='word_1_117' title='bbox 3691 583 3819 616; x_wconf 85' lang='grc' dir='ltr'>παν-</span> 
     </span>
    </p>
   </div>
   <div class='ocr_carea' id='block_1_20' title="bbox 2193 648 3822 728">
    <p class='ocr_par' dir='ltr' id='par_1_20' title="bbox 2193 648 3822 728">
     <span class='ocr_line' id='line_1_20' title="bbox 2193 648 3822 728; baseline 0.003 -26"><span class='ocrx_word' id='word_1_118' title='bbox 2193 650 2283 710; x_wconf 83' lang='grc' dir='ltr'>τὸς</span> <span class='ocrx_word' id='word_1_119' title='bbox 2373 648 2779 727; x_wconf 76' lang='grc' dir='ltr'>ἐπισυρομένου,</span> <span class='ocrx_word' id='word_1_120' title='bbox 2859 648 3148 722; x_wconf 82' lang='grc' dir='ltr'>ἑλκόμενος</span> <span class='ocrx_word' id='word_1_121' title='bbox 3229 650 3328 706; x_wconf 77' lang='grc' dir='ltr'><strong>ὑπὸ</strong></span> <span class='ocrx_word' id='word_1_122' title='bbox 3387 649 3482 705; x_wconf 69' lang='grc' dir='ltr'>τοῦ</span> <span class='ocrx_word' id='word_1_123' title='bbox 3542 649 3822 728; x_wconf 78' lang='grc' dir='ltr'>Κυριόσσου</span> 
     </span>
    </p>
   </div>
   <div class='ocr_carea' id='block_1_21' title="bbox 2196 736 3826 815">
    <p class='ocr_par' dir='ltr' id='par_1_21' title="bbox 2196 736 3826 815">
     <span class='ocr_line' id='line_1_21' title="bbox 2196 736 3826 815; baseline 0.002 -23"><span class='ocrx_word' id='word_1_124' title='bbox 2196 737 2292 804; x_wconf 64' lang='grc' dir='ltr'><strong>τῆς</strong></span> <span class='ocrx_word' id='word_1_125' title='bbox 2351 736 2558 802; x_wconf 82' lang='grc' dir='ltr'>πόλεως</span> <span class='ocrx_word' id='word_1_126' title='bbox 2601 738 2656 794; x_wconf 83' lang='grc' dir='ltr'>ἐν</span> <span class='ocrx_word' id='word_1_127' title='bbox 2700 739 2838 815; x_wconf 77' lang='grc' dir='ltr'>μέσῃ</span> <span class='ocrx_word' id='word_1_128' title='bbox 2883 744 2950 814; x_wconf 81' lang='grc' dir='ltr'><strong>τῇ</strong></span> <span class='ocrx_word' id='word_1_129' title='bbox 2996 737 3175 810; x_wconf 88' lang='grc' dir='ltr'>πόλει,</span> <span class='ocrx_word' id='word_1_130' title='bbox 3217 740 3306 794; x_wconf 80' lang='grc' dir='ltr'><strong>καὶ</strong></span> <span class='ocrx_word' id='word_1_131' title='bbox 3359 739 3491 815; x_wconf 83' lang='grc' dir='ltr'>πρὸς</span> <span class='ocrx_word' id='word_1_132' title='bbox 3521 739 3638 814; x_wconf 89' lang='grc' dir='ltr'>βίαν</span> <span class='ocrx_word' id='word_1_133' title='bbox 3672 740 3826 815; x_wconf 81' lang='grc' dir='ltr'>συρό-</span> 
     </span>
    </p>
   </div>
   <div class='ocr_carea' id='block_1_22' title="bbox 2199 825 3826 904">
    <p class='ocr_par' dir='ltr' id='par_1_22' title="bbox 2199 825 3826 904">
     <span class='ocr_line' id='line_1_22' title="bbox 2199 825 3826 904; baseline 0.002 -24"><span class='ocrx_word' id='word_1_134' title='bbox 2199 847 2356 899; x_wconf 81' lang='grc' dir='ltr'>μενος</span> <span class='ocrx_word' id='word_1_135' title='bbox 2406 827 2750 904; x_wconf 77' lang='grc' dir='ltr'><strong>κατηγόμην,</strong></span> <span class='ocrx_word' id='word_1_136' title='bbox 2798 829 2886 884; x_wconf 84' lang='grc' dir='ltr'><strong>καὶ</strong></span> <span class='ocrx_word' id='word_1_137' title='bbox 2945 829 3018 890; x_wconf 84' lang='grc' dir='ltr'>εἷς</span> <span class='ocrx_word' id='word_1_138' title='bbox 3077 826 3266 884; x_wconf 75' lang='grc' dir='ltr'>πλοῖον</span> <span class='ocrx_word' id='word_1_139' title='bbox 3325 825 3677 902; x_wconf 71' lang='grc' dir='ltr'>ἐνεϐαλόμην,</span> <span class='ocrx_word' id='word_1_140' title='bbox 3745 829 3826 883; x_wconf 80' lang='grc' dir='ltr'><strong>καί</strong></span> 
     </span>
    </p>
   </div>
   <div class='ocr_carea' id='block_1_23' title="bbox 2197 913 3829 994">
    <p class='ocr_par' dir='ltr' id='par_1_23' title="bbox 2197 913 3829 994">
     <span class='ocr_line' id='line_1_23' title="bbox 2197 913 3829 994; baseline 0 -24"><span class='ocrx_word' id='word_1_141' title='bbox 2197 913 2280 970; x_wconf 86' lang='grc' dir='ltr'><strong>διὰ</strong></span> <span class='ocrx_word' id='word_1_142' title='bbox 2338 917 2521 981; x_wconf 80' lang='grc' dir='ltr'>νυκτὸς</span> <span class='ocrx_word' id='word_1_143' title='bbox 2602 916 2814 990; x_wconf 77' lang='grc' dir='ltr'>ἔπλεον,</span> <span class='ocrx_word' id='word_1_144' title='bbox 2892 915 3078 982; x_wconf 76' lang='grc' dir='ltr'>ἐπειδὴ</span> <span class='ocrx_word' id='word_1_145' title='bbox 3152 914 3363 972; x_wconf 81' lang='grc' dir='ltr'>σύνοδον</span> <span class='ocrx_word' id='word_1_146' title='bbox 3443 917 3573 994; x_wconf 86' lang='grc' dir='ltr'>πρὸς</span> <span class='ocrx_word' id='word_1_147' title='bbox 3633 915 3829 972; x_wconf 72' lang='grc' dir='ltr'>διιιαίαν</span> 
     </span>
    </p>
   </div>
   <div class='ocr_carea' id='block_1_24' title="bbox 2199 1003 3828 1082">
    <p class='ocr_par' dir='ltr' id='par_1_24' title="bbox 2199 1003 3828 1082">
     <span class='ocr_line' id='line_1_24' title="bbox 2199 1003 3828 1082; baseline 0.001 -23"><span class='ocrx_word' id='word_1_148' title='bbox 2199 1005 2448 1079; x_wconf 74' lang='grc' dir='ltr'><strong>ἀκρόασιν</strong></span> <span class='ocrx_word' id='word_1_149' title='bbox 2511 1004 2911 1080; x_wconf 83' lang='grc' dir='ltr'>ἐπεκαλούμην.</span> <span class='ocrx_word' id='word_1_150' title='bbox 2970 1006 3058 1069; x_wconf 88' lang='grc' dir='ltr'>Τίς</span> <span class='ocrx_word' id='word_1_151' title='bbox 3118 1013 3283 1062; x_wconf 85' lang='grc' dir='ltr'>ταῦτα</span> <span class='ocrx_word' id='word_1_152' title='bbox 3315 1003 3583 1082; x_wconf 78' lang='grc' dir='ltr'>ἀδακρυτὶ,</span> <span class='ocrx_word' id='word_1_153' title='bbox 3613 1007 3713 1062; x_wconf 75' lang='grc' dir='ltr'><strong>κᾶν</strong></span> <span class='ocrx_word' id='word_1_154' title='bbox 3747 1005 3828 1061; x_wconf 88' lang='grc' dir='ltr'>λι-</span> 
     </span>
    </p>
   </div>
   <div class='ocr_carea' id='block_1_25' title="bbox 2199 1093 3826 1172">
    <p class='ocr_par' dir='ltr' id='par_1_25' title="bbox 2199 1093 3826 1172">
     <span class='ocr_line' id='line_1_25' title="bbox 2199 1093 3791 1150; baseline -0.001 -34"><span class='ocrx_word' id='word_1_155' title='bbox 2199 1094 2274 1149; x_wconf 46' lang='lat' dir='ltr'><strong>etv</strong></span> <span class='ocrx_word' id='word_1_156' title='bbox 2391 1093 2414 1112; x_wconf 72' lang='grc' dir='ltr'><strong>ἰ</strong></span> <span class='ocrx_word' id='word_1_157' title='bbox 2531 1096 2556 1150; x_wconf 79' lang='grc' dir='ltr'>δ</span> <span class='ocrx_word' id='word_1_158' title='bbox 2595 1094 2604 1109; x_wconf 74' lang='grc' dir='ltr'><strong>ι</strong></span> <span class='ocrx_word' id='word_1_159' title='bbox 2850 1095 2862 1114; x_wconf 68' lang='lat'><strong>9</strong></span> <span class='ocrx_word' id='word_1_160' title='bbox 2955 1094 2967 1116; x_wconf 69' lang='grc' dir='ltr'><em>ι</em></span> <span class='ocrx_word' id='word_1_161' title='bbox 3150 1112 3164 1124; x_wconf 79' lang='grc'><strong>,</strong></span> <span class='ocrx_word' id='word_1_162' title='bbox 3201 1093 3214 1114; x_wconf 71' lang='lat'><strong>9</strong></span> <span class='ocrx_word' id='word_1_163' title='bbox 3335 1094 3349 1116; x_wconf 72' lang='grc' dir='ltr'><strong>ν</strong></span> <span class='ocrx_word' id='word_1_164' title='bbox 3412 1094 3439 1118; x_wconf 67' lang='grc' dir='ltr'><strong>τι</strong></span> <span class='ocrx_word' id='word_1_165' title='bbox 3593 1093 3612 1124; x_wconf 59' lang='grc' dir='ltr'>ξ</span> <span class='ocrx_word' id='word_1_166' title='bbox 3715 1095 3733 1134; x_wconf 47' lang='grc' dir='ltr'>,θ</span> <span class='ocrx_word' id='word_1_167' title='bbox 3778 1096 3791 1111; x_wconf 63' lang='grc' dir='ltr'><strong>ι</strong></span> 
     </span>
     <span class='ocr_line' id='line_1_26' title="bbox 2281 1093 3826 1172; baseline 0.001 -23"><span class='ocrx_word' id='word_1_168' title='bbox 2281 1116 2344 1158; x_wconf 73' lang='grc' dir='ltr'><strong>ην</strong></span> <span class='ocrx_word' id='word_1_169' title='bbox 2392 1115 2497 1172; x_wconf 77' lang='grc' dir='ltr'><strong>εχη</strong></span> <span class='ocrx_word' id='word_1_170' title='bbox 2563 1116 2780 1165; x_wconf 84' lang='grc' dir='ltr'>ιενοιαν,</span> <span class='ocrx_word' id='word_1_171' title='bbox 2839 1115 3113 1150; x_wconf 85' lang='grc' dir='ltr'>ακουσειεν</span> <span class='ocrx_word' id='word_1_172' title='bbox 3151 1143 3166 1168; x_wconf 86' lang='grc'><strong>,</strong></span> <span class='ocrx_word' id='word_1_173' title='bbox 3221 1093 3330 1150; x_wconf 79' lang='grc' dir='ltr'>Αλλ</span> <span class='ocrx_word' id='word_1_174' title='bbox 3382 1116 3520 1150; x_wconf 86' lang='grc' dir='ltr'>ουτω</span> <span class='ocrx_word' id='word_1_175' title='bbox 3550 1117 3648 1169; x_wconf 72' lang='grc' dir='ltr'><strong>μιν</strong></span> <span class='ocrx_word' id='word_1_176' title='bbox 3677 1115 3826 1158; x_wconf 59' lang='lat' dir='ltr'><strong>aeto;</strong></span> 
     </span>
    </p>
   </div>
   <div class='ocr_carea' id='block_1_26' title="bbox 2206 1175 3828 1261">
    <p class='ocr_par' dir='ltr' id='par_1_26' title="bbox 2206 1175 3828 1261">
     <span class='ocr_line' id='line_1_27' title="bbox 2206 1175 3828 1261; baseline 0 -23"><span class='ocrx_word' id='word_1_177' title='bbox 2206 1180 2523 1249; x_wconf 74' lang='grc' dir='ltr'>Ἐκϐληθείς</span> <span class='ocrx_word' id='word_1_178' title='bbox 2554 1188 2631 1255; x_wconf 80' lang='grc' dir='ltr'><strong>τῷ</strong></span> <span class='ocrx_word' id='word_1_179' title='bbox 2685 1183 2777 1239; x_wconf 73' lang='grc' dir='ltr'><strong>τοῦ</strong></span> <span class='ocrx_word' id='word_1_180' title='bbox 2806 1185 3008 1240; x_wconf 87' lang='grc' dir='ltr'>Πόντου</span> <span class='ocrx_word' id='word_1_181' title='bbox 3041 1185 3292 1261; x_wconf 83' lang='grc' dir='ltr'>στόματι,</span> <span class='ocrx_word' id='word_1_182' title='bbox 3323 1184 3352 1238; x_wconf 80' lang='grc' dir='ltr'><strong>’ὁ</strong></span> <span class='ocrx_word' id='word_1_183' title='bbox 3395 1185 3484 1239; x_wconf 84' lang='grc' dir='ltr'>καὶ</span> <span class='ocrx_word' id='word_1_184' title='bbox 3527 1175 3686 1260; x_wconf 77' lang='grc' dir='ltr'>Ἱερὰν</span> <span class='ocrx_word' id='word_1_185' title='bbox 3731 1206 3828 1239; x_wconf 82' lang='grc' dir='ltr'>κα-</span> 
     </span>
    </p>
   </div>
   <div class='ocr_carea' id='block_1_27' title="bbox 2200 1269 3823 1350">
    <p class='ocr_par' dir='ltr' id='par_1_27' title="bbox 2200 1269 3823 1350">
     <span class='ocr_line' id='line_1_28' title="bbox 2200 1269 3823 1350; baseline 0 -24"><span class='ocrx_word' id='word_1_186' title='bbox 2200 1270 2374 1340; x_wconf 74' lang='grc' dir='ltr'>λοῦσι,</span> <span class='ocrx_word' id='word_1_187' title='bbox 2434 1273 2744 1350; x_wconf 81' lang='grc' dir='ltr'>προσίσχει.</span> <span class='ocrx_word' id='word_1_188' title='bbox 2806 1273 2945 1328; x_wconf 74' lang='grc' dir='ltr'>Εἶτα</span> <span class='ocrx_word' id='word_1_189' title='bbox 2997 1273 3083 1327; x_wconf 84' lang='grc' dir='ltr'><strong>καὶ</strong></span> <span class='ocrx_word' id='word_1_190' title='bbox 3134 1273 3207 1333; x_wconf 86' lang='grc' dir='ltr'><strong>εἰς</strong></span> <span class='ocrx_word' id='word_1_191' title='bbox 3244 1272 3524 1346; x_wconf 86' lang='grc' dir='ltr'>Πραίνετον</span> <span class='ocrx_word' id='word_1_192' title='bbox 3553 1269 3823 1350; x_wconf 77' lang='grc' dir='ltr'>διαϐαίνει,</span> 
     </span>
    </p>
   </div>
   <div class='ocr_carea' id='block_1_28' title="bbox 2198 1355 3824 1436">
    <p class='ocr_par' dir='ltr' id='par_1_28' title="bbox 2198 1355 3824 1436">
     <span class='ocr_line' id='line_1_29' title="bbox 2198 1355 3824 1436; baseline 0 -20"><span class='ocrx_word' id='word_1_193' title='bbox 2198 1361 2233 1428; x_wconf 77' lang='grc' dir='ltr'><strong>ἢ</strong></span> <span class='ocrx_word' id='word_1_194' title='bbox 2286 1362 2386 1416; x_wconf 78' lang='grc' dir='ltr'><strong>ὑπὸ</strong></span> <span class='ocrx_word' id='word_1_195' title='bbox 2446 1366 2551 1416; x_wconf 81' lang='grc' dir='ltr'><strong>τῶν</strong></span> <span class='ocrx_word' id='word_1_196' title='bbox 2609 1361 2848 1436; x_wconf 85' lang='grc' dir='ltr'>ἀγόντων</span> <span class='ocrx_word' id='word_1_197' title='bbox 2909 1360 3112 1429; x_wconf 84' lang='grc' dir='ltr'>μᾶλλον</span> <span class='ocrx_word' id='word_1_198' title='bbox 3169 1358 3598 1435; x_wconf 77' lang='grc' dir='ltr'>μεταϐιϐάζεται.</span> <span class='ocrx_word' id='word_1_199' title='bbox 3663 1355 3721 1418; x_wconf 70' lang='grc' dir='ltr'>Ὀ</span> <span class='ocrx_word' id='word_1_200' title='bbox 3776 1359 3824 1416; x_wconf 82' lang='grc' dir='ltr'>δὲ</span> 
     </span>
    </p>
   </div>
   <div class='ocr_carea' id='block_1_29' title="bbox 2197 1449 3824 1530">
    <p class='ocr_par' dir='ltr' id='par_1_29' title="bbox 2197 1449 3824 1530">
     <span class='ocr_line' id='line_1_30' title="bbox 2197 1449 3824 1530; baseline -0.001 -24"><span class='ocrx_word' id='word_1_201' title='bbox 2197 1451 2438 1529; x_wconf 82' lang='grc' dir='ltr'>χρηστὸς</span> <span class='ocrx_word' id='word_1_202' title='bbox 2499 1450 2777 1530; x_wconf 76' lang='grc' dir='ltr'>Θεόφιλος,</span> <span class='ocrx_word' id='word_1_203' title='bbox 2833 1450 2948 1506; x_wconf 81' lang='grc' dir='ltr'>ἐπεὶ</span> <span class='ocrx_word' id='word_1_204' title='bbox 3005 1450 3220 1529; x_wconf 84' lang='grc' dir='ltr'>γέγονεν</span> <span class='ocrx_word' id='word_1_205' title='bbox 3296 1455 3437 1523; x_wconf 75' lang='grc' dir='ltr'>αὐτῷ</span> <span class='ocrx_word' id='word_1_206' title='bbox 3498 1449 3710 1507; x_wconf 85' lang='grc' dir='ltr'>τελέσαι</span> <span class='ocrx_word' id='word_1_207' title='bbox 3765 1451 3824 1505; x_wconf 74' lang='grc' dir='ltr'>τὰ</span> 
     </span>
    </p>
   </div>
   <div class='ocr_carea' id='block_1_30' title="bbox 2195 1538 3822 1617">
    <p class='ocr_par' dir='ltr' id='par_1_30' title="bbox 2195 1538 3822 1617">
     <span class='ocr_line' id='line_1_31' title="bbox 2195 1538 3822 1617; baseline -0.001 -21"><span class='ocrx_word' id='word_1_208' title='bbox 2195 1541 2330 1596; x_wconf 85' lang='grc' dir='ltr'>κατὰ</span> <span class='ocrx_word' id='word_1_209' title='bbox 2372 1540 2619 1617; x_wconf 83' lang='grc' dir='ltr'>γνώμην,</span> <span class='ocrx_word' id='word_1_210' title='bbox 2659 1561 2950 1616; x_wconf 83' lang='grc' dir='ltr'>γραμματα</span> <span class='ocrx_word' id='word_1_211' title='bbox 2996 1542 3080 1596; x_wconf 87' lang='grc' dir='ltr'><strong>καὶ</strong></span> <span class='ocrx_word' id='word_1_212' title='bbox 3135 1541 3264 1617; x_wconf 69' lang='grc' dir='ltr'>πρὸς</span> <span class='ocrx_word' id='word_1_213' title='bbox 3310 1538 3644 1597; x_wconf 73' lang='grc' dir='ltr'>Ἰννοκέντιον</span> <span class='ocrx_word' id='word_1_214' title='bbox 3703 1547 3822 1595; x_wconf 80' lang='grc' dir='ltr'>τού-</span> 
     </span>
    </p>
   </div>
   <div class='ocr_carea' id='block_1_31' title="bbox 2195 1620 3820 1703">
    <p class='ocr_par' dir='ltr' id='par_1_31' title="bbox 2195 1620 3820 1703">
     <span class='ocr_line' id='line_1_32' title="bbox 2195 1620 3820 1703; baseline 0 -19"><span class='ocrx_word' id='word_1_215' title='bbox 2195 1652 2283 1685; x_wconf 90' lang='grc' dir='ltr'><strong>τον</strong></span> <span class='ocrx_word' id='word_1_216' title='bbox 2314 1630 2405 1684; x_wconf 81' lang='grc' dir='ltr'>τὸν</span> <span class='ocrx_word' id='word_1_217' title='bbox 2440 1620 2649 1702; x_wconf 54' lang='grc' dir='ltr'>(Ρώμης</span> <span class='ocrx_word' id='word_1_218' title='bbox 2681 1629 2971 1686; x_wconf 79' lang='grc' dir='ltr'>ἐπίσκοπον</span> <span class='ocrx_word' id='word_1_219' title='bbox 2999 1629 3223 1703; x_wconf 80' lang='grc' dir='ltr'><strong>πέμπει,</strong></span> <span class='ocrx_word' id='word_1_220' title='bbox 3276 1628 3446 1696; x_wconf 81' lang='grc' dir='ltr'>δήλην</span> <span class='ocrx_word' id='word_1_221' title='bbox 3496 1631 3638 1702; x_wconf 73' lang='grc' dir='ltr'><strong>αὒτῷ</strong></span> <span class='ocrx_word' id='word_1_222' title='bbox 3693 1633 3820 1684; x_wconf 84' lang='grc' dir='ltr'>καθ-</span> 
     </span>
    </p>
   </div>
   <div class='ocr_carea' id='block_1_32' title="bbox 476 1717 2108 1804">
    <p class='ocr_par' dir='ltr' id='par_1_32' title="bbox 476 1718 2108 1804">
     <span class='ocr_line' id='line_1_33' title="bbox 476 1718 2108 1804; baseline -0.004 -19"><span class='ocrx_word' id='word_1_223' title='bbox 476 1727 659 1786; x_wconf 88' lang='lat' dir='ltr'><strong>multa</strong></span> <span class='ocrx_word' id='word_1_224' title='bbox 685 1733 976 1804; x_wconf 84' lang='lat' dir='ltr'><strong>potestate</strong></span> <span class='ocrx_word' id='word_1_225' title='bbox 1009 1733 1066 1785; x_wconf 92' lang='lat' dir='ltr'><strong>et</strong></span> <span class='ocrx_word' id='word_1_226' title='bbox 1113 1723 1470 1785; x_wconf 87' lang='lat' dir='ltr'><strong>auctoritate</strong></span> <span class='ocrx_word' id='word_1_227' title='bbox 1506 1741 1536 1782; x_wconf 91' lang='lat' dir='ltr'><strong>e</strong></span> <span class='ocrx_word' id='word_1_228' title='bbox 1569 1720 1808 1781; x_wconf 87' lang='lat' dir='ltr'><strong>civitate</strong></span> <span class='ocrx_word' id='word_1_229' title='bbox 1845 1718 2027 1798; x_wconf 90' lang='lat' dir='ltr'><strong>ejecit</strong></span> <span class='ocrx_word' id='word_1_230' title='bbox 2057 1726 2108 1779; x_wconf 86' lang='lat' dir='ltr'><strong>et</strong></span> 
     </span>
    </p>
   </div>
   <div class='ocr_carea' id='block_1_33' title="bbox 2197 1717 3822 1804">
    <p class='ocr_par' dir='ltr' id='par_1_33' title="bbox 2198 1717 3822 1797">
     <span class='ocr_line' id='line_1_34' title="bbox 2198 1717 3822 1797; baseline 0.001 -25"><span class='ocrx_word' id='word_1_231' title='bbox 2198 1719 2341 1780; x_wconf 80' lang='grc' dir='ltr'>ιστὰς</span> <span class='ocrx_word' id='word_1_232' title='bbox 2401 1724 2499 1785; x_wconf 84' lang='grc' dir='ltr'><strong>την</strong></span> <span class='ocrx_word' id='word_1_233' title='bbox 2543 1717 2789 1778; x_wconf 67' lang='grc' dir='ltr'>Ἰωάννου</span> <span class='ocrx_word' id='word_1_234' title='bbox 2818 1720 3114 1797; x_wconf 79' lang='grc' dir='ltr'>καθαίρεσιν</span> <span class='ocrx_word' id='word_1_235' title='bbox 3149 1735 3163 1751; x_wconf 83' lang='grc'><strong>⁸</strong></span> <span class='ocrx_word' id='word_1_236' title='bbox 3192 1720 3249 1783; x_wconf 85' lang='grc' dir='ltr'>ὃς</span> <span class='ocrx_word' id='word_1_237' title='bbox 3277 1720 3366 1774; x_wconf 85' lang='grc' dir='ltr'><strong>καὶ</strong></span> <span class='ocrx_word' id='word_1_238' title='bbox 3407 1731 3525 1782; x_wconf 77' lang='grc' dir='ltr'>τοῖς</span> <span class='ocrx_word' id='word_1_239' title='bbox 3575 1719 3822 1797; x_wconf 79' lang='grc' dir='ltr'>γράμμα-</span> 
     </span>
    </p>
   </div>
   <div class='ocr_carea' id='block_1_34' title="bbox 473 1806 2108 1895">
    <p class='ocr_par' dir='ltr' id='par_1_34' title="bbox 473 1809 2108 1895">
     <span class='ocr_line' id='line_1_35' title="bbox 473 1809 2108 1895; baseline -0.005 -17"><span class='ocrx_word' id='word_1_240' title='bbox 473 1833 547 1878; x_wconf 84' lang='lat' dir='ltr'><strong>ex</strong></span> <span class='ocrx_word' id='word_1_241' title='bbox 577 1813 853 1895; x_wconf 83' lang='lat' dir='ltr'><strong>ecclesia,</strong></span> <span class='ocrx_word' id='word_1_242' title='bbox 891 1823 949 1876; x_wconf 90' lang='lat' dir='ltr'><strong>et</strong></span> <span class='ocrx_word' id='word_1_243' title='bbox 998 1814 1295 1894; x_wconf 81' lang='lat' dir='ltr'><strong>profundo</strong></span> <span class='ocrx_word' id='word_1_244' title='bbox 1354 1829 1624 1892; x_wconf 88' lang='lat' dir='ltr'><strong>vespere,</strong></span> <span class='ocrx_word' id='word_1_245' title='bbox 1671 1819 1920 1871; x_wconf 88' lang='lat' dir='ltr'><strong>attracto</strong></span> <span class='ocrx_word' id='word_1_246' title='bbox 1952 1809 2108 1870; x_wconf 92' lang='lat' dir='ltr'><strong>omni</strong></span> 
     </span>
    </p>
   </div>
   <div class='ocr_carea' id='block_1_35' title="bbox 2197 1806 3820 1895">
    <p class='ocr_par' dir='ltr' id='par_1_35' title="bbox 2200 1806 3820 1886">
     <span class='ocr_line' id='line_1_36' title="bbox 2200 1806 3820 1886; baseline -0.001 -24"><span class='ocrx_word' id='word_1_247' title='bbox 2200 1829 2282 1862; x_wconf 90' lang='grc' dir='ltr'><strong>σιν</strong></span> <span class='ocrx_word' id='word_1_248' title='bbox 2323 1807 2585 1885; x_wconf 78' lang='grc' dir='ltr'>ἐντυχὼν,</span> <span class='ocrx_word' id='word_1_249' title='bbox 2632 1806 2749 1867; x_wconf 76' lang='grc' dir='ltr'>οὐδὲ</span> <span class='ocrx_word' id='word_1_250' title='bbox 2808 1808 3142 1886; x_wconf 76' lang='grc' dir='ltr'>ἀντιγράφων</span> <span class='ocrx_word' id='word_1_251' title='bbox 3197 1807 3334 1872; x_wconf 78' lang='grc' dir='ltr'>ὅλως</span> <span class='ocrx_word' id='word_1_252' title='bbox 3388 1807 3586 1886; x_wconf 80' lang='grc' dir='ltr'>ἔκρινεν</span> <span class='ocrx_word' id='word_1_253' title='bbox 3630 1807 3820 1885; x_wconf 60' lang='lat' dir='ltr'><strong>satos»,</strong></span> 
     </span>
    </p>
   </div>
   <div class='ocr_carea' id='block_1_36' title="bbox 475 1897 2108 1984">
    <p class='ocr_par' dir='ltr' id='par_1_36' title="bbox 475 1899 2108 1984">
     <span class='ocr_line' id='line_1_37' title="bbox 475 1899 2108 1984; baseline -0.004 -20"><span class='ocrx_word' id='word_1_254' title='bbox 475 1904 720 1984; x_wconf 87' lang='lat' dir='ltr'><strong>populo,</strong></span> <span class='ocrx_word' id='word_1_255' title='bbox 755 1912 976 1965; x_wconf 89' lang='lat' dir='ltr'><strong>tractus</strong></span> <span class='ocrx_word' id='word_1_256' title='bbox 1006 1921 1042 1964; x_wconf 91' lang='lat' dir='ltr'><strong>a</strong></span> <span class='ocrx_word' id='word_1_257' title='bbox 1074 1903 1418 1977; x_wconf 71' lang='lat' dir='ltr'><strong>magistratu</strong></span> <span class='ocrx_word' id='word_1_258' title='bbox 1444 1900 1841 1978; x_wconf 90' lang='lat' dir='ltr'><strong>civitatis,per</strong></span> <span class='ocrx_word' id='word_1_259' title='bbox 1859 1899 2108 1959; x_wconf 89' lang='lat' dir='ltr'><strong>mediam</strong></span> 
     </span>
    </p>
   </div>
   <div class='ocr_carea' id='block_1_37' title="bbox 2197 1897 3820 1984">
    <p class='ocr_par' dir='ltr' id='par_1_37' title="bbox 2201 1897 3820 1976">
     <span class='ocr_line' id='line_1_38' title="bbox 2201 1897 3820 1976; baseline 0.001 -24"><span class='ocrx_word' id='word_1_260' title='bbox 2201 1897 2408 1963; x_wconf 75' lang='grc' dir='ltr'>πολλὴν</span> <span class='ocrx_word' id='word_1_261' title='bbox 2473 1897 2630 1952; x_wconf 79' lang='grc' dir='ltr'><strong>αὒτοῦ</strong></span> <span class='ocrx_word' id='word_1_262' title='bbox 2689 1897 3012 1974; x_wconf 82' lang='grc' dir='ltr'>προπέτειαν</span> <span class='ocrx_word' id='word_1_263' title='bbox 3083 1899 3169 1953; x_wconf 74' lang='grc' dir='ltr'><strong>καὶ</strong></span> <span class='ocrx_word' id='word_1_264' title='bbox 3223 1897 3383 1976; x_wconf 76' lang='grc' dir='ltr'>τῦφον</span> <span class='ocrx_word' id='word_1_265' title='bbox 3453 1900 3820 1974; x_wconf 73' lang='grc' dir='ltr'>κατεγνωκὼς,</span> 
     </span>
    </p>
   </div>
   <div class='ocr_carea' id='block_1_38' title="bbox 476 1985 2108 2071">
    <p class='ocr_par' dir='ltr' id='par_1_38' title="bbox 476 1988 2108 2071">
     <span class='ocr_line' id='line_1_39' title="bbox 476 1988 2108 2071; baseline -0.005 -17"><span class='ocrx_word' id='word_1_266' title='bbox 476 1993 801 2066; x_wconf 89' lang='lat' dir='ltr'><strong>civitatem,</strong></span> <span class='ocrx_word' id='word_1_267' title='bbox 839 2002 896 2053; x_wconf 92' lang='lat' dir='ltr'><strong>et</strong></span> <span class='ocrx_word' id='word_1_268' title='bbox 955 2010 1060 2071; x_wconf 90' lang='lat' dir='ltr'><strong>per</strong></span> <span class='ocrx_word' id='word_1_269' title='bbox 1117 1993 1232 2052; x_wconf 89' lang='lat' dir='ltr'><strong>vim</strong></span> <span class='ocrx_word' id='word_1_270' title='bbox 1295 1991 1591 2051; x_wconf 88' lang='lat' dir='ltr'><strong>deductus</strong></span> <span class='ocrx_word' id='word_1_271' title='bbox 1622 2007 1775 2060; x_wconf 90' lang='lat' dir='ltr'><strong>sum,</strong></span> <span class='ocrx_word' id='word_1_272' title='bbox 1815 1988 1872 2046; x_wconf 93' lang='lat' dir='ltr'><strong>in</strong></span> <span class='ocrx_word' id='word_1_273' title='bbox 1908 2005 2108 2047; x_wconf 88' lang='lat' dir='ltr'><strong>navem</strong></span> 
     </span>
    </p>
   </div>
   <div class='ocr_carea' id='block_1_39' title="bbox 2197 1985 3826 2071">
    <p class='ocr_par' dir='ltr' id='par_1_39' title="bbox 2202 1985 3826 2064">
     <span class='ocr_line' id='line_1_40' title="bbox 2202 1985 3826 2064; baseline 0.001 -24"><span class='ocrx_word' id='word_1_274' title='bbox 2202 1986 2282 2041; x_wconf 85' lang='grc' dir='ltr'>ὅτι</span> <span class='ocrx_word' id='word_1_275' title='bbox 2331 2007 2388 2042; x_wconf 89' lang='grc' dir='ltr'><strong>τε</strong></span> <span class='ocrx_word' id='word_1_276' title='bbox 2439 1986 2601 2059; x_wconf 83' lang='grc' dir='ltr'>μόνος</span> <span class='ocrx_word' id='word_1_277' title='bbox 2627 1986 2848 2062; x_wconf 82' lang='grc' dir='ltr'>γράψοι,</span> <span class='ocrx_word' id='word_1_278' title='bbox 2884 1988 2971 2042; x_wconf 86' lang='grc' dir='ltr'>καὶ</span> <span class='ocrx_word' id='word_1_279' title='bbox 3015 1985 3096 2042; x_wconf 82' lang='grc' dir='ltr'><strong>ὅτι</strong></span> <span class='ocrx_word' id='word_1_280' title='bbox 3129 1985 3265 2061; x_wconf 84' lang='grc' dir='ltr'>μηδὲ</span> <span class='ocrx_word' id='word_1_281' title='bbox 3298 1985 3531 2054; x_wconf 85' lang='grc' dir='ltr'>δηλώσοι</span> <span class='ocrx_word' id='word_1_282' title='bbox 3564 1992 3743 2064; x_wconf 78' lang='grc' dir='ltr'>σαφῶς</span> <span class='ocrx_word' id='word_1_283' title='bbox 3772 1987 3826 2042; x_wconf 72' lang='grc' dir='ltr'><strong>οὗ</strong></span> 
     </span>
    </p>
   </div>
   <div class='ocr_carea' id='block_1_40' title="bbox 475 2068 2108 2159">
    <p class='ocr_par' dir='ltr' id='par_1_40' title="bbox 475 2068 2108 2159">
     <span class='ocr_line' id='line_1_41' title="bbox 475 2068 2108 2159; baseline -0.004 -19"><span class='ocrx_word' id='word_1_284' title='bbox 475 2082 801 2154; x_wconf 83' lang='lat' dir='ltr'><strong>immissus,</strong></span> <span class='ocrx_word' id='word_1_285' title='bbox 839 2089 898 2143; x_wconf 88' lang='lat' dir='ltr'><strong>et</strong></span> <span class='ocrx_word' id='word_1_286' title='bbox 921 2068 1098 2142; x_wconf 83' lang='lat' dir='ltr'><strong>noctu</strong></span> <span class='ocrx_word' id='word_1_287' title='bbox 1126 2079 1417 2158; x_wconf 85' lang='lat' dir='ltr'><strong>navigavi,</strong></span> <span class='ocrx_word' id='word_1_288' title='bbox 1451 2077 1732 2159; x_wconf 89' lang='lat' dir='ltr'><strong>quoniam</strong></span> <span class='ocrx_word' id='word_1_289' title='bbox 1768 2075 2108 2136; x_wconf 81' lang='lat' dir='ltr'><strong>invocabam</strong></span> 
     </span>
    </p>
   </div>
   <div class='ocr_carea' id='block_1_41' title="bbox 2197 2068 3826 2159">
    <p class='ocr_par' dir='ltr' id='par_1_41' title="bbox 2205 2068 3826 2154">
     <span class='ocr_line' id='line_1_42' title="bbox 2205 2068 3826 2154; baseline -0.001 -23"><span class='ocrx_word' id='word_1_290' title='bbox 2205 2075 2365 2154; x_wconf 69' lang='grc' dir='ltr'>χάριν</span> <span class='ocrx_word' id='word_1_291' title='bbox 2401 2073 2646 2148; x_wconf 78' lang='grc' dir='ltr'>καθεῖλε,</span> <span class='ocrx_word' id='word_1_292' title='bbox 2687 2076 2774 2130; x_wconf 83' lang='grc' dir='ltr'><strong>καὶ</strong></span> <span class='ocrx_word' id='word_1_293' title='bbox 2825 2076 2961 2149; x_wconf 83' lang='grc' dir='ltr'>μετὰ</span> <span class='ocrx_word' id='word_1_294' title='bbox 3004 2079 3185 2138; x_wconf 88' lang='grc' dir='ltr'>τίνων,</span> <span class='ocrx_word' id='word_1_295' title='bbox 3249 2068 3519 2134; x_wconf 77' lang='grc' dir='ltr'>Ἐντεῦθεν</span> <span class='ocrx_word' id='word_1_296' title='bbox 3576 2077 3640 2131; x_wconf 75' lang='grc' dir='ltr'><strong>τα</strong></span> <span class='ocrx_word' id='word_1_297' title='bbox 3699 2077 3826 2131; x_wconf 75' lang='grc' dir='ltr'>κατὰ</span> 
     </span>
    </p>
   </div>
   <div class='ocr_carea' id='block_1_42' title="bbox 475 2167 2119 2243">
    <p class='ocr_par' dir='ltr' id='par_1_42' title="bbox 475 2167 2119 2243">
     <span class='ocr_line' id='line_1_43' title="bbox 475 2167 2119 2243; baseline -0.005 -13"><span class='ocrx_word' id='word_1_298' title='bbox 475 2173 762 2243; x_wconf 86' lang='lat' dir='ltr'><strong>synodum</strong></span> <span class='ocrx_word' id='word_1_299' title='bbox 789 2174 857 2229; x_wconf 90' lang='lat' dir='ltr'><strong>ad</strong></span> <span class='ocrx_word' id='word_1_300' title='bbox 881 2173 1092 2243; x_wconf 85' lang='lat' dir='ltr'><strong>iustam</strong></span> <span class='ocrx_word' id='word_1_301' title='bbox 1117 2170 1496 2229; x_wconf 86' lang='lat' dir='ltr'><strong>auditionem.</strong></span> <span class='ocrx_word' id='word_1_302' title='bbox 1531 2168 1672 2235; x_wconf 89' lang='lat' dir='ltr'><strong>Quis</strong></span> <span class='ocrx_word' id='word_1_303' title='bbox 1697 2170 1810 2224; x_wconf 79' lang='lat' dir='ltr'><strong>haec</strong></span> <span class='ocrx_word' id='word_1_304' title='bbox 1833 2167 2119 2224; x_wconf 88' lang='lat' dir='ltr'><strong>audiverit</strong></span> 
     </span>
    </p>
   </div>
   <div class='ocr_carea' id='block_1_43' title="bbox 475 2246 2114 2333">
    <p class='ocr_par' dir='ltr' id='par_1_43' title="bbox 475 2246 2114 2333">
     <span class='ocr_line' id='line_1_44' title="bbox 475 2246 2114 2333; baseline -0.004 -20"><span class='ocrx_word' id='word_1_305' title='bbox 475 2253 606 2315; x_wconf 92' lang='lat' dir='ltr'><strong>sine</strong></span> <span class='ocrx_word' id='word_1_306' title='bbox 631 2252 1176 2333; x_wconf 84' lang='lat' dir='ltr'><strong>lacrymis,etiamsi</strong></span> <span class='ocrx_word' id='word_1_307' title='bbox 1208 2269 1312 2312; x_wconf 92' lang='lat' dir='ltr'><strong>cor</strong></span> <span class='ocrx_word' id='word_1_308' title='bbox 1338 2250 1616 2311; x_wconf 84' lang='lat' dir='ltr'><strong>habuerit</strong></span> <span class='ocrx_word' id='word_1_309' title='bbox 1643 2250 1977 2329; x_wconf 86' lang='lat' dir='ltr'><strong>lapideum?</strong></span> <span class='ocrx_word' id='word_1_310' title='bbox 1998 2246 2114 2308; x_wconf 90' lang='lat' dir='ltr'><strong>Sed</strong></span> 
     </span>
    </p>
   </div>
   <div class='ocr_carea' id='block_1_44' title="bbox 475 2335 2110 2422">
    <p class='ocr_par' dir='ltr' id='par_1_44' title="bbox 475 2335 2110 2422">
     <span class='ocr_line' id='line_1_45' title="bbox 475 2335 2110 2422; baseline -0.004 -20"><span class='ocrx_word' id='word_1_311' title='bbox 475 2341 562 2403; x_wconf 91' lang='lat' dir='ltr'><strong>sic</strong></span> <span class='ocrx_word' id='word_1_312' title='bbox 594 2341 835 2421; x_wconf 90' lang='lat' dir='ltr'><strong>quidem</strong></span> <span class='ocrx_word' id='word_1_313' title='bbox 869 2341 1177 2422; x_wconf 79' lang='lat' dir='ltr'><strong>expulsus,</strong></span> <span class='ocrx_word' id='word_1_314' title='bbox 1238 2340 1486 2420; x_wconf 86' lang='lat' dir='ltr'><strong>appellit</strong></span> <span class='ocrx_word' id='word_1_315' title='bbox 1520 2339 1591 2399; x_wconf 91' lang='lat' dir='ltr'><strong>ad</strong></span> <span class='ocrx_word' id='word_1_316' title='bbox 1623 2357 1688 2399; x_wconf 90' lang='lat' dir='ltr'><strong>os</strong></span> <span class='ocrx_word' id='word_1_317' title='bbox 1723 2338 1918 2410; x_wconf 89' lang='lat' dir='ltr'><strong>Ponti,</strong></span> <span class='ocrx_word' id='word_1_318' title='bbox 1956 2335 2110 2417; x_wconf 89' lang='lat' dir='ltr'><strong>quod</strong></span> 
     </span>
    </p>
   </div>
   <div class='ocr_carea' id='block_1_45' title="bbox 476 2427 2106 2497">
    <p class='ocr_par' dir='ltr' id='par_1_45' title="bbox 476 2427 2106 2497">
     <span class='ocr_line' id='line_1_46' title="bbox 476 2427 2106 2497; baseline -0.004 -7"><span class='ocrx_word' id='word_1_319' title='bbox 476 2441 687 2492; x_wconf 89' lang='lat' dir='ltr'><strong>vocant</strong></span> <span class='ocrx_word' id='word_1_320' title='bbox 717 2434 987 2493; x_wconf 87' lang='lat' dir='ltr'><strong>Sacrum.</strong></span> <span class='ocrx_word' id='word_1_321' title='bbox 1034 2429 1260 2490; x_wconf 89' lang='lat' dir='ltr'><strong>Deinde</strong></span> <span class='ocrx_word' id='word_1_322' title='bbox 1292 2429 1471 2490; x_wconf 91' lang='lat' dir='ltr'><strong>etiam</strong></span> <span class='ocrx_word' id='word_1_323' title='bbox 1510 2428 1718 2488; x_wconf 90' lang='lat' dir='ltr'><strong>transit</strong></span> <span class='ocrx_word' id='word_1_324' title='bbox 1748 2427 2106 2497; x_wconf 87' lang='lat' dir='ltr'><strong>Praenetnm,</strong></span> 
     </span>
    </p>
   </div>
   <div class='ocr_carea' id='block_1_46' title="bbox 474 2515 2114 2598">
    <p class='ocr_par' dir='ltr' id='par_1_46' title="bbox 474 2515 2114 2598">
     <span class='ocr_line' id='line_1_47' title="bbox 474 2515 2114 2598; baseline -0.003 -18"><span class='ocrx_word' id='word_1_325' title='bbox 474 2529 574 2580; x_wconf 90' lang='lat' dir='ltr'><strong>aut</strong></span> <span class='ocrx_word' id='word_1_326' title='bbox 602 2521 674 2580; x_wconf 88' lang='lat' dir='ltr'><strong>ab</strong></span> <span class='ocrx_word' id='word_1_327' title='bbox 708 2520 780 2580; x_wconf 88' lang='lat' dir='ltr'><strong>iis</strong></span> <span class='ocrx_word' id='word_1_328' title='bbox 813 2518 1036 2598; x_wconf 88' lang='lat' dir='ltr'><strong>potius,</strong></span> <span class='ocrx_word' id='word_1_329' title='bbox 1071 2517 1171 2598; x_wconf 89' lang='lat' dir='ltr'><strong>qui</strong></span> <span class='ocrx_word' id='word_1_330' title='bbox 1202 2517 1481 2597; x_wconf 82' lang='lat' dir='ltr'><strong>agebant,</strong></span> <span class='ocrx_word' id='word_1_331' title='bbox 1514 2517 1956 2578; x_wconf 86' lang='lat' dir='ltr'><strong>transmittitur.</strong></span> <span class='ocrx_word' id='word_1_332' title='bbox 1993 2515 2114 2576; x_wconf 90' lang='lat' dir='ltr'><strong>Bo-</strong></span> 
     </span>
    </p>
   </div>
   <div class='ocr_carea' id='block_1_47' title="bbox 474 2605 2119 2686">
    <p class='ocr_par' dir='ltr' id='par_1_47' title="bbox 474 2605 2119 2686">
     <span class='ocr_line' id='line_1_48' title="bbox 474 2605 2119 2686; baseline -0.003 -18"><span class='ocrx_word' id='word_1_333' title='bbox 474 2627 590 2669; x_wconf 89' lang='lat' dir='ltr'><strong>nus</strong></span> <span class='ocrx_word' id='word_1_334' title='bbox 619 2616 817 2669; x_wconf 90' lang='lat' dir='ltr'><strong>autem</strong></span> <span class='ocrx_word' id='word_1_335' title='bbox 843 2605 1557 2686; x_wconf 82' lang='lat' dir='ltr'><strong>TheOphilus,postquam</strong></span> <span class='ocrx_word' id='word_1_336' title='bbox 1589 2606 1880 2678; x_wconf 90' lang='lat' dir='ltr'><strong>evenit,ut</strong></span> <span class='ocrx_word' id='word_1_337' title='bbox 1901 2622 1967 2665; x_wconf 87' lang='lat' dir='ltr'><strong>ex</strong></span> <span class='ocrx_word' id='word_1_338' title='bbox 1992 2606 2119 2664; x_wconf 87' lang='lat' dir='ltr'><strong>ani-</strong></span> 
     </span>
    </p>
   </div>
   <div class='ocr_carea' id='block_1_48' title="bbox 475 2693 2119 2776">
    <p class='ocr_par' dir='ltr' id='par_1_48' title="bbox 475 2693 2119 2776">
     <span class='ocr_line' id='line_1_49' title="bbox 475 2693 2119 2776; baseline -0.001 -20"><span class='ocrx_word' id='word_1_339' title='bbox 475 2703 554 2756; x_wconf 88' lang='lat' dir='ltr'><strong>mi</strong></span> <span class='ocrx_word' id='word_1_340' title='bbox 578 2697 878 2758; x_wconf 89' lang='lat' dir='ltr'><strong>sententia</strong></span> <span class='ocrx_word' id='word_1_341' title='bbox 905 2697 1120 2758; x_wconf 87' lang='lat' dir='ltr'><strong>ﬁerent</strong></span> <span class='ocrx_word' id='word_1_342' title='bbox 1143 2714 1276 2776; x_wconf 85' lang='lat' dir='ltr'><strong>quae</strong></span> <span class='ocrx_word' id='word_1_343' title='bbox 1300 2693 1945 2770; x_wconf 88' lang='lat' dir='ltr'><strong>volebat,mittitetiam</strong></span> <span class='ocrx_word' id='word_1_344' title='bbox 1968 2693 2119 2754; x_wconf 89' lang='lat' dir='ltr'><strong>litte-</strong></span> 
     </span>
    </p>
   </div>
   <div class='ocr_carea' id='block_1_49' title="bbox 474 2783 2118 2864">
    <p class='ocr_par' dir='ltr' id='par_1_49' title="bbox 474 2783 2118 2864">
     <span class='ocr_line' id='line_1_50' title="bbox 474 2783 2118 2864; baseline -0.002 -18"><span class='ocrx_word' id='word_1_345' title='bbox 474 2804 576 2847; x_wconf 87' lang='lat' dir='ltr'><strong>ras</strong></span> <span class='ocrx_word' id='word_1_346' title='bbox 598 2785 669 2846; x_wconf 91' lang='lat' dir='ltr'><strong>ad</strong></span> <span class='ocrx_word' id='word_1_347' title='bbox 690 2785 1108 2848; x_wconf 90' lang='lat' dir='ltr'><strong>Innocentium</strong></span> <span class='ocrx_word' id='word_1_348' title='bbox 1127 2787 1458 2847; x_wconf 80' lang='lat' dir='ltr'><strong>Romanum</strong></span> <span class='ocrx_word' id='word_1_349' title='bbox 1484 2783 2118 2864; x_wconf 82' lang='lat' dir='ltr'><strong>episcopum,eisigni-</strong></span> 
     </span>
    </p>
   </div>
   <div class='ocr_carea' id='block_1_50' title="bbox 475 2872 2113 2954">
    <p class='ocr_par' dir='ltr' id='par_1_50' title="bbox 475 2872 2113 2954">
     <span class='ocr_line' id='line_1_51' title="bbox 475 2872 2113 2954; baseline -0.002 -19"><span class='ocrx_word' id='word_1_350' title='bbox 475 2875 664 2936; x_wconf 82' lang='lat' dir='ltr'><strong>ﬁcans</strong></span> <span class='ocrx_word' id='word_1_351' title='bbox 682 2874 932 2936; x_wconf 86' lang='lat' dir='ltr'><strong>Joannis</strong></span> <span class='ocrx_word' id='word_1_352' title='bbox 956 2875 1420 2954; x_wconf 88' lang='lat' dir='ltr'><strong>depositionem.</strong></span> <span class='ocrx_word' id='word_1_353' title='bbox 1456 2874 1569 2946; x_wconf 89' lang='lat' dir='ltr'><strong>Qui</strong></span> <span class='ocrx_word' id='word_1_354' title='bbox 1591 2893 1727 2935; x_wconf 91' lang='lat' dir='ltr'><strong>cum</strong></span> <span class='ocrx_word' id='word_1_355' title='bbox 1750 2873 1990 2950; x_wconf 85' lang='lat' dir='ltr'><strong>legisset</strong></span> <span class='ocrx_word' id='word_1_356' title='bbox 2012 2872 2113 2932; x_wconf 92' lang='lat' dir='ltr'><strong>lit-</strong></span> 
     </span>
    </p>
   </div>
   <div class='ocr_carea' id='block_1_51' title="bbox 476 2962 2115 3041">
    <p class='ocr_par' dir='ltr' id='par_1_51' title="bbox 476 2962 2115 3041">
     <span class='ocr_line' id='line_1_52' title="bbox 476 2962 2115 3041; baseline -0.001 -18"><span class='ocrx_word' id='word_1_357' title='bbox 476 2972 725 3037; x_wconf 89' lang='lat' dir='ltr'><strong>teras,et</strong></span> <span class='ocrx_word' id='word_1_358' title='bbox 745 2963 806 3024; x_wconf 91' lang='lat' dir='ltr'><strong>in</strong></span> <span class='ocrx_word' id='word_1_359' title='bbox 832 2967 918 3026; x_wconf 92' lang='lat' dir='ltr'><strong>eis</strong></span> <span class='ocrx_word' id='word_1_360' title='bbox 939 2965 1189 3026; x_wconf 89' lang='lat' dir='ltr'><strong>vidisset</strong></span> <span class='ocrx_word' id='word_1_361' title='bbox 1213 2965 1456 3026; x_wconf 90' lang='lat' dir='ltr'><strong>multam</strong></span> <span class='ocrx_word' id='word_1_362' title='bbox 1479 2962 1742 3024; x_wconf 88' lang='lat' dir='ltr'><strong>insidere</strong></span> <span class='ocrx_word' id='word_1_363' title='bbox 1765 2962 2115 3041; x_wconf 88' lang='lat' dir='ltr'><strong>perversita-</strong></span> 
     </span>
    </p>
   </div>
   <div class='ocr_carea' id='block_1_52' title="bbox 475 3052 2107 3133">
    <p class='ocr_par' dir='ltr' id='par_1_52' title="bbox 475 3052 2107 3133">
     <span class='ocr_line' id='line_1_53' title="bbox 475 3052 2107 3133; baseline -0.002 -19"><span class='ocrx_word' id='word_1_364' title='bbox 475 3061 705 3124; x_wconf 89' lang='lat' dir='ltr'><strong>tem,ne</strong></span> <span class='ocrx_word' id='word_1_365' title='bbox 727 3052 912 3114; x_wconf 89' lang='lat' dir='ltr'><strong>voluit</strong></span> <span class='ocrx_word' id='word_1_366' title='bbox 933 3053 1175 3133; x_wconf 88' lang='lat' dir='ltr'><strong>quidem</strong></span> <span class='ocrx_word' id='word_1_367' title='bbox 1198 3053 1666 3132; x_wconf 90' lang='lat' dir='ltr'><strong>respondere,ut</strong></span> <span class='ocrx_word' id='word_1_368' title='bbox 1690 3053 1789 3130; x_wconf 90' lang='lat' dir='ltr'><strong>qui</strong></span> <span class='ocrx_word' id='word_1_369' title='bbox 1814 3069 1950 3112; x_wconf 92' lang='lat' dir='ltr'><strong>eum</strong></span> <span class='ocrx_word' id='word_1_370' title='bbox 1986 3068 2107 3111; x_wconf 90' lang='lat' dir='ltr'><strong>ma-</strong></span> 
     </span>
    </p>
   </div>
   <div class='ocr_carea' id='block_1_53' title="bbox 2207 2157 3824 2243">
    <p class='ocr_par' dir='ltr' id='par_1_53' title="bbox 2207 2157 3824 2243">
     <span class='ocr_line' id='line_1_54' title="bbox 2207 2157 3824 2243; baseline -0.001 -22"><span class='ocrx_word' id='word_1_371' title='bbox 2207 2157 2578 2242; x_wconf 73' lang='grc' dir='ltr'>Ἡρακλείδην,</span> <span class='ocrx_word' id='word_1_372' title='bbox 2635 2164 2693 2219; x_wconf 74' lang='grc' dir='ltr'><strong>ὃν</strong></span> <span class='ocrx_word' id='word_1_373' title='bbox 2751 2165 2778 2220; x_wconf 85' lang='lat'><strong>6</strong></span> <span class='ocrx_word' id='word_1_374' title='bbox 2810 2164 2978 2241; x_wconf 84' lang='grc' dir='ltr'>μέγας</span> <span class='ocrx_word' id='word_1_375' title='bbox 3015 2164 3240 2242; x_wconf 79' lang='grc' dir='ltr'>Ἐφέσου</span> <span class='ocrx_word' id='word_1_376' title='bbox 3273 2163 3525 2243; x_wconf 84' lang='grc' dir='ltr'>πρόεδρον</span> <span class='ocrx_word' id='word_1_377' title='bbox 3559 2167 3824 2233; x_wconf 71' lang='grc' dir='ltr'>καταστή-</span> 
     </span>
    </p>
   </div>
   <div class='ocr_carea' id='block_1_54' title="bbox 2202 2250 3824 2330">
    <p class='ocr_par' dir='ltr' id='par_1_54' title="bbox 2202 2250 3824 2330">
     <span class='ocr_line' id='line_1_55' title="bbox 2202 2250 3824 2330; baseline 0.001 -22"><span class='ocrx_word' id='word_1_378' title='bbox 2202 2274 2297 2316; x_wconf 84' lang='grc' dir='ltr'><strong>σας</strong></span> <span class='ocrx_word' id='word_1_379' title='bbox 2353 2253 2442 2324; x_wconf 82' lang='grc' dir='ltr'><strong>ἧν,</strong></span> <span class='ocrx_word' id='word_1_380' title='bbox 2489 2250 2859 2329; x_wconf 78' lang='grc' dir='ltr'>ἀναψηλαφῶν</span> <span class='ocrx_word' id='word_1_381' title='bbox 2904 2255 2929 2308; x_wconf 86' lang='grc' dir='ltr'>ὁ</span> <span class='ocrx_word' id='word_1_382' title='bbox 2963 2252 3244 2330; x_wconf 79' lang='grc' dir='ltr'>Θεόφιλος,</span> <span class='ocrx_word' id='word_1_383' title='bbox 3277 2255 3365 2310; x_wconf 86' lang='grc' dir='ltr'><strong>καὶ</strong></span> <span class='ocrx_word' id='word_1_384' title='bbox 3395 2255 3586 2329; x_wconf 79' lang='grc' dir='ltr'>μῶμον</span> <span class='ocrx_word' id='word_1_385' title='bbox 3616 2255 3675 2310; x_wconf 80' lang='grc' dir='ltr'>ἐκ</span> <span class='ocrx_word' id='word_1_386' title='bbox 3703 2255 3824 2311; x_wconf 77' lang='grc' dir='ltr'>τού-</span> 
     </span>
    </p>
   </div>
   <div class='ocr_carea' id='block_1_55' title="bbox 2204 2340 3824 2420">
    <p class='ocr_par' dir='ltr' id='par_1_55' title="bbox 2204 2340 3824 2420">
     <span class='ocr_line' id='line_1_56' title="bbox 2204 2340 3824 2420; baseline 0 -23"><span class='ocrx_word' id='word_1_387' title='bbox 2204 2365 2292 2399; x_wconf 92' lang='grc' dir='ltr'><strong>του</strong></span> <span class='ocrx_word' id='word_1_388' title='bbox 2349 2343 2632 2416; x_wconf 79' lang='grc' dir='ltr'>περιάψειν</span> <span class='ocrx_word' id='word_1_389' title='bbox 2690 2364 2766 2414; x_wconf 88' lang='grc' dir='ltr'>τῳ</span> <span class='ocrx_word' id='word_1_390' title='bbox 2830 2343 3074 2420; x_wconf 78' lang='grc' dir='ltr'>μακαρίῳ</span> <span class='ocrx_word' id='word_1_391' title='bbox 3128 2340 3477 2420; x_wconf 83' lang='grc' dir='ltr'>πειρώμενος,</span> <span class='ocrx_word' id='word_1_392' title='bbox 3539 2345 3627 2400; x_wconf 81' lang='grc' dir='ltr'><strong>καὶ</strong></span> <span class='ocrx_word' id='word_1_393' title='bbox 3675 2344 3824 2399; x_wconf 69' lang='grc' dir='ltr'>αὐτὸν</span> 
     </span>
    </p>
   </div>
   <div class='ocr_carea' id='block_1_56' title="bbox 2200 2430 3820 2507">
    <p class='ocr_par' dir='ltr' id='par_1_56' title="bbox 2200 2430 3820 2507">
     <span class='ocr_line' id='line_1_57' title="bbox 2200 2430 3820 2507; baseline 0.001 -20"><span class='ocrx_word' id='word_1_394' title='bbox 2200 2433 2368 2504; x_wconf 68' lang='grc' dir='ltr'>ἔκρινε</span> <span class='ocrx_word' id='word_1_395' title='bbox 2427 2433 2503 2506; x_wconf 72' lang='grc' dir='ltr'>μὴ</span> <span class='ocrx_word' id='word_1_396' title='bbox 2552 2430 2813 2506; x_wconf 84' lang='grc' dir='ltr'>παρόντα,</span> <span class='ocrx_word' id='word_1_397' title='bbox 2867 2433 2938 2496; x_wconf 83' lang='grc' dir='ltr'>ὡς</span> <span class='ocrx_word' id='word_1_398' title='bbox 2969 2432 3060 2498; x_wconf 77' lang='grc' dir='ltr'><strong>εἴη</strong></span> <span class='ocrx_word' id='word_1_399' title='bbox 3090 2453 3235 2490; x_wconf 81' lang='grc' dir='ltr'>τινας</span> <span class='ocrx_word' id='word_1_400' title='bbox 3282 2431 3474 2498; x_wconf 80' lang='grc' dir='ltr'>ἀδίκως</span> <span class='ocrx_word' id='word_1_401' title='bbox 3531 2435 3820 2507; x_wconf 76' lang='grc' dir='ltr'>τυπτήσας,</span> 
     </span>
    </p>
   </div>
   <div class='ocr_carea' id='block_1_57' title="bbox 2202 2519 3823 2598">
    <p class='ocr_par' dir='ltr' id='par_1_57' title="bbox 2202 2519 3823 2598">
     <span class='ocr_line' id='line_1_58' title="bbox 2202 2519 3823 2598; baseline 0.001 -22"><span class='ocrx_word' id='word_1_402' title='bbox 2202 2524 2292 2577; x_wconf 85' lang='grc' dir='ltr'><strong>καὶ</strong></span> <span class='ocrx_word' id='word_1_403' title='bbox 2339 2519 2425 2575; x_wconf 82' lang='grc' dir='ltr'><strong>διὰ</strong></span> <span class='ocrx_word' id='word_1_404' title='bbox 2482 2520 2652 2593; x_wconf 84' lang='grc' dir='ltr'>μέσης</span> <span class='ocrx_word' id='word_1_405' title='bbox 2712 2525 2811 2584; x_wconf 65' lang='grc' dir='ltr'><strong>τῆς</strong></span> <span class='ocrx_word' id='word_1_406' title='bbox 2866 2521 3063 2598; x_wconf 83' lang='grc' dir='ltr'>ἀγορᾶς</span> <span class='ocrx_word' id='word_1_407' title='bbox 3121 2523 3476 2598; x_wconf 83' lang='grc' dir='ltr'>περιενεγκὼν</span> <span class='ocrx_word' id='word_1_408' title='bbox 3534 2522 3823 2580; x_wconf 70' lang='grc' dir='ltr'>ἆλύτειδε-</span> 
     </span>
    </p>
   </div>
   <div class='ocr_carea' id='block_1_58' title="bbox 2201 2607 3822 2686">
    <p class='ocr_par' dir='ltr' id='par_1_58' title="bbox 2201 2607 3822 2686">
     <span class='ocr_line' id='line_1_59' title="bbox 2201 2607 3822 2686; baseline 0.002 -21"><span class='ocrx_word' id='word_1_409' title='bbox 2201 2611 2408 2684; x_wconf 76' lang='grc' dir='ltr'>σμίους,</span> <span class='ocrx_word' id='word_1_410' title='bbox 2479 2607 2894 2685; x_wconf 86' lang='grc' dir='ltr'>Ἀντιλεγόντων</span> <span class='ocrx_word' id='word_1_411' title='bbox 2953 2612 3041 2667; x_wconf 79' lang='grc' dir='ltr'>οὖν</span> <span class='ocrx_word' id='word_1_412' title='bbox 3094 2617 3200 2666; x_wconf 77' lang='grc' dir='ltr'>τῶν</span> <span class='ocrx_word' id='word_1_413' title='bbox 3231 2614 3329 2678; x_wconf 76' lang='grc' dir='ltr'>τῆς</span> <span class='ocrx_word' id='word_1_414' title='bbox 3372 2611 3581 2674; x_wconf 76' lang='grc' dir='ltr'>πόλεως</span> <span class='ocrx_word' id='word_1_415' title='bbox 3613 2614 3686 2686; x_wconf 71' lang='grc' dir='ltr'>μή</span> <span class='ocrx_word' id='word_1_416' title='bbox 3717 2612 3822 2668; x_wconf 72' lang='grc' dir='ltr'>δεῖν</span> 
     </span>
    </p>
   </div>
   <div class='ocr_carea' id='block_1_59' title="bbox 2200 2697 3823 2776">
    <p class='ocr_par' dir='ltr' id='par_1_59' title="bbox 2200 2697 3823 2776">
     <span class='ocr_line' id='line_1_60' title="bbox 2200 2697 3823 2776; baseline 0.002 -21"><span class='ocrx_word' id='word_1_417' title='bbox 2200 2699 2335 2755; x_wconf 73' lang='grc' dir='ltr'>κατὰ</span> <span class='ocrx_word' id='word_1_418' title='bbox 2385 2699 2628 2754; x_wconf 79' lang='grc' dir='ltr'>ἀπόντων</span> <span class='ocrx_word' id='word_1_419' title='bbox 2695 2697 2948 2774; x_wconf 80' lang='grc' dir='ltr'>δικάζειν,</span> <span class='ocrx_word' id='word_1_420' title='bbox 3010 2699 3398 2776; x_wconf 76' lang='grc' dir='ltr'>Ἀλεξανδρέων</span> <span class='ocrx_word' id='word_1_421' title='bbox 3453 2699 3508 2756; x_wconf 79' lang='grc' dir='ltr'>δὲ</span> <span class='ocrx_word' id='word_1_422' title='bbox 3547 2699 3823 2767; x_wconf 76' lang='grc' dir='ltr'>ἀξιούντων</span> 
     </span>
    </p>
   </div>
   <div class='ocr_carea' id='block_1_60' title="bbox 2199 2787 3822 2870">
    <p class='ocr_par' dir='ltr' id='par_1_60' title="bbox 2199 2787 3822 2870">
     <span class='ocr_line' id='line_1_61' title="bbox 2199 2787 3822 2870; baseline 0.001 -25"><span class='ocrx_word' id='word_1_423' title='bbox 2199 2801 2315 2851; x_wconf 77' lang='grc' dir='ltr'>τοῖς</span> <span class='ocrx_word' id='word_1_424' title='bbox 2361 2787 2704 2866; x_wconf 82' lang='grc' dir='ltr'>Ἡρακλείδου</span> <span class='ocrx_word' id='word_1_425' title='bbox 2769 2788 3092 2866; x_wconf 83' lang='grc' dir='ltr'>κατηγόροις</span> <span class='ocrx_word' id='word_1_426' title='bbox 3156 2789 3472 2870; x_wconf 85' lang='grc' dir='ltr'>προσέχειν,</span> <span class='ocrx_word' id='word_1_427' title='bbox 3519 2793 3694 2852; x_wconf 79' lang='grc' dir='ltr'>στάσις</span> <span class='ocrx_word' id='word_1_428' title='bbox 3760 2792 3822 2846; x_wconf 80' lang='grc' dir='ltr'><strong>ἐκ</strong></span> 
     </span>
    </p>
   </div>
   <div class='ocr_carea' id='block_1_61' title="bbox 2197 2866 3848 2959">
    <p class='ocr_par' dir='ltr' id='par_1_61' title="bbox 2197 2866 3848 2959">
     <span class='ocr_line' id='line_1_62' title="bbox 2197 2866 3848 2959; baseline 0.001 -25"><span class='ocrx_word' id='word_1_429' title='bbox 2197 2879 2385 2934; x_wconf 84' lang='grc' dir='ltr'>τούτου</span> <span class='ocrx_word' id='word_1_430' title='bbox 2423 2877 2609 2956; x_wconf 82' lang='grc' dir='ltr'>φύεται</span> <span class='ocrx_word' id='word_1_431' title='bbox 2651 2897 2662 2909; x_wconf 90' lang='grc'><strong>·</strong></span> <span class='ocrx_word' id='word_1_432' title='bbox 2731 2875 2790 2932; x_wconf 84' lang='grc' dir='ltr'>ἐκ</span> <span class='ocrx_word' id='word_1_433' title='bbox 2835 2875 2888 2932; x_wconf 81' lang='grc' dir='ltr'>δὲ</span> <span class='ocrx_word' id='word_1_434' title='bbox 2933 2883 3058 2952; x_wconf 81' lang='grc' dir='ltr'>τῆς,</span> <span class='ocrx_word' id='word_1_435' title='bbox 3117 2866 3418 2951; x_wconf 78' lang='grc' dir='ltr'>συμπλοκαὶ</span> <span class='ocrx_word' id='word_1_436' title='bbox 3457 2866 3665 2959; x_wconf 20' lang='grc' dir='ltr'>*χειρῶν</span> <span class='ocrx_word' id='word_1_437' title='bbox 3699 2899 3716 2915; x_wconf 89' lang='grc'><strong>·</strong></span> <span class='ocrx_word' id='word_1_438' title='bbox 3760 2866 3848 2935; x_wconf 75' lang='grc' dir='ltr'><strong>ἐκ¹</strong></span> 
     </span>
    </p>
   </div>
   <div class='ocr_carea' id='block_1_62' title="bbox 2196 2966 3819 3045">
    <p class='ocr_par' dir='ltr' id='par_1_62' title="bbox 2196 2966 3819 3045">
     <span class='ocr_line' id='line_1_63' title="bbox 2196 2966 3819 3045; baseline 0.001 -23"><span class='ocrx_word' id='word_1_439' title='bbox 2196 2969 2422 3045; x_wconf 89' lang='grc' dir='ltr'>τούτων,</span> <span class='ocrx_word' id='word_1_440' title='bbox 2482 2967 2756 3044; x_wconf 87' lang='grc' dir='ltr'>τραύματα</span> <span class='ocrx_word' id='word_1_441' title='bbox 2793 2984 2812 3002; x_wconf 78' lang='grc'><strong>⁸</strong></span> <span class='ocrx_word' id='word_1_442' title='bbox 2870 2968 3076 3030; x_wconf 81' lang='grc' dir='ltr'>τούτοις</span> <span class='ocrx_word' id='word_1_443' title='bbox 3147 2966 3201 3022; x_wconf 79' lang='grc' dir='ltr'>δὲ</span> <span class='ocrx_word' id='word_1_444' title='bbox 3262 2969 3350 3024; x_wconf 87' lang='grc' dir='ltr'><strong>καὶ</strong></span> <span class='ocrx_word' id='word_1_445' title='bbox 3417 2970 3634 3033; x_wconf 83' lang='grc' dir='ltr'>θάνατος</span> <span class='ocrx_word' id='word_1_446' title='bbox 3687 2970 3819 3036; x_wconf 76' lang='grc' dir='ltr'>ἧκο-</span> 
     </span>
    </p>
   </div>
   <div class='ocr_carea' id='block_1_63' title="bbox 2200 3054 3821 3136">
    <p class='ocr_par' dir='ltr' id='par_1_63' title="bbox 2200 3054 3821 3136">
     <span class='ocr_line' id='line_1_64' title="bbox 2200 3054 3821 3136; baseline 0.001 -24"><span class='ocrx_word' id='word_1_447' title='bbox 2200 3056 2372 3112; x_wconf 90' lang='grc' dir='ltr'>λούθει</span> <span class='ocrx_word' id='word_1_448' title='bbox 2409 3071 2422 3085; x_wconf 86' lang='lat'><strong>&#39;</strong></span> <span class='ocrx_word' id='word_1_449' title='bbox 2459 3057 2536 3112; x_wconf 82' lang='grc' dir='ltr'>ὧν</span> <span class='ocrx_word' id='word_1_450' title='bbox 2563 3057 2778 3113; x_wconf 78' lang='grc' dir='ltr'>πάντων</span> <span class='ocrx_word' id='word_1_451' title='bbox 2825 3054 3080 3134; x_wconf 77' lang='grc' dir='ltr'>Θεόφιλος</span> <span class='ocrx_word' id='word_1_452' title='bbox 3111 3055 3289 3121; x_wconf 73' lang='grc' dir='ltr'>αἴτιος</span> <span class='ocrx_word' id='word_1_453' title='bbox 3331 3056 3562 3136; x_wconf 79' lang='grc' dir='ltr'>ἐλέγετο,</span> <span class='ocrx_word' id='word_1_454' title='bbox 3623 3062 3709 3115; x_wconf 85' lang='grc' dir='ltr'>καὶ</span> <span class='ocrx_word' id='word_1_455' title='bbox 3735 3059 3821 3124; x_wconf 75' lang='grc' dir='ltr'><strong>ἦν,</strong></span> 
     </span>
    </p>
   </div>
   <div class='ocr_carea' id='block_1_64' title="bbox 475 3138 2108 3234">
    <p class='ocr_par' dir='ltr' id='par_1_64' title="bbox 475 3138 2108 3234">
     <span class='ocr_line' id='line_1_65' title="bbox 475 3138 2108 3234; baseline -0.001 -33"><span class='ocrx_word' id='word_1_456' title='bbox 475 3158 604 3234; x_wconf 57' lang='lat' dir='ltr'><strong>gnat</strong></span> <span class='ocrx_word' id='word_1_457' title='bbox 624 3141 978 3234; x_wconf 78' lang='lat' dir='ltr'><strong>temeritatis</strong></span> <span class='ocrx_word' id='word_1_458' title='bbox 1004 3142 1352 3203; x_wconf 87' lang='lat' dir='ltr'><strong>damnasset</strong></span> <span class='ocrx_word' id='word_1_459' title='bbox 1376 3150 1434 3202; x_wconf 90' lang='lat' dir='ltr'><strong>et</strong></span> <span class='ocrx_word' id='word_1_460' title='bbox 1455 3138 2020 3234; x_wconf 72' lang='lat' dir='ltr'><strong>arrogantiae,_quod</strong></span> <span class='ocrx_word' id='word_1_461' title='bbox 2054 3149 2108 3202; x_wconf 89' lang='lat' dir='ltr'><strong>et</strong></span> 
     </span>
    </p>
   </div>
   <div class='ocr_carea' id='block_1_65' title="bbox 2197 3138 3823 3234">
    <p class='ocr_par' dir='ltr' id='par_1_65' title="bbox 2199 3143 3823 3223">
     <span class='ocr_line' id='line_1_66' title="bbox 2199 3143 3823 3223; baseline 0 -21"><span class='ocrx_word' id='word_1_462' title='bbox 2199 3151 2372 3202; x_wconf 80' lang='grc' dir='ltr'>Ταῦτα</span> <span class='ocrx_word' id='word_1_463' title='bbox 2448 3145 2760 3214; x_wconf 83' lang='grc' dir='ltr'>Κυζαντίους</span> <span class='ocrx_word' id='word_1_464' title='bbox 2845 3145 3083 3221; x_wconf 76' lang='grc' dir='ltr'>ἠρέθισεν</span> <span class='ocrx_word' id='word_1_465' title='bbox 3170 3143 3364 3223; x_wconf 73' lang='grc' dir='ltr'>ἄκρως,</span> <span class='ocrx_word' id='word_1_466' title='bbox 3455 3149 3542 3203; x_wconf 88' lang='grc' dir='ltr'><strong>καὶ</strong></span> <span class='ocrx_word' id='word_1_467' title='bbox 3600 3145 3823 3204; x_wconf 76' lang='grc' dir='ltr'>διολέσαι</span> 
     </span>
    </p>
   </div>
   <div class='ocr_carea' id='block_1_66' title="bbox 474 3228 2106 3310">
    <p class='ocr_par' dir='ltr' id='par_1_66' title="bbox 474 3228 2106 3310">
     <span class='ocr_line' id='line_1_67' title="bbox 474 3228 2106 3310; baseline 0.001 -20"><span class='ocrx_word' id='word_1_468' title='bbox 474 3229 637 3290; x_wconf 91' lang='lat' dir='ltr'><strong>solus</strong></span> <span class='ocrx_word' id='word_1_469' title='bbox 668 3229 1034 3309; x_wconf 89' lang='lat' dir='ltr'><strong>scripsisset,</strong></span> <span class='ocrx_word' id='word_1_470' title='bbox 1072 3238 1129 3290; x_wconf 91' lang='lat' dir='ltr'><strong>et</strong></span> <span class='ocrx_word' id='word_1_471' title='bbox 1161 3231 1317 3310; x_wconf 91' lang='lat' dir='ltr'><strong>quod</strong></span> <span class='ocrx_word' id='word_1_472' title='bbox 1348 3249 1466 3290; x_wconf 90' lang='lat' dir='ltr'><strong>non</strong></span> <span class='ocrx_word' id='word_1_473' title='bbox 1498 3239 1705 3309; x_wconf 82' lang='lat' dir='ltr'><strong>aperte</strong></span> <span class='ocrx_word' id='word_1_474' title='bbox 1737 3228 2106 3307; x_wconf 86' lang='lat' dir='ltr'><strong>scripsisset,</strong></span> 
     </span>
    </p>
   </div>
   <div class='ocr_carea' id='block_1_67' title="bbox 2195 3233 3814 3308">
    <p class='ocr_par' dir='ltr' id='par_1_67' title="bbox 2195 3233 3814 3308">
     <span class='ocr_line' id='line_1_68' title="bbox 2195 3233 3814 3308; baseline 0.002 -20"><span class='ocrx_word' id='word_1_475' title='bbox 2195 3236 2352 3290; x_wconf 80' lang='grc' dir='ltr'>αὐτὸν</span> <span class='ocrx_word' id='word_1_476' title='bbox 2387 3233 2630 3306; x_wconf 74' lang='grc' dir='ltr'>ἐζήτουν,</span> <span class='ocrx_word' id='word_1_477' title='bbox 2677 3235 2763 3289; x_wconf 82' lang='grc' dir='ltr'><strong>καὶ</strong></span> <span class='ocrx_word' id='word_1_478' title='bbox 2805 3235 2986 3308; x_wconf 80' lang='grc' dir='ltr'>βυθοῒς</span> <span class='ocrx_word' id='word_1_479' title='bbox 3044 3233 3280 3291; x_wconf 76' lang='grc' dir='ltr'>ἐκδοῦναι</span> <span class='ocrx_word' id='word_1_480' title='bbox 3333 3249 3447 3301; x_wconf 77' lang='grc' dir='ltr'>τοῖς</span> <span class='ocrx_word' id='word_1_481' title='bbox 3506 3237 3814 3301; x_wconf 85' lang='grc' dir='ltr'>θαλαττίοις,</span> 
     </span>
    </p>
   </div>
   <div class='ocr_carea' id='block_1_68' title="bbox 475 3314 2108 3406">
    <p class='ocr_par' dir='ltr' id='par_1_68' title="bbox 475 3318 2107 3399">
     <span class='ocr_line' id='line_1_69' title="bbox 475 3318 2107 3399; baseline -0.001 -20"><span class='ocrx_word' id='word_1_482' title='bbox 475 3336 730 3396; x_wconf 87' lang='lat' dir='ltr'><strong>quanam</strong></span> <span class='ocrx_word' id='word_1_483' title='bbox 753 3318 829 3380; x_wconf 90' lang='lat' dir='ltr'><strong>de</strong></span> <span class='ocrx_word' id='word_1_484' title='bbox 853 3336 1029 3380; x_wconf 88' lang='lat' dir='ltr'><strong>causa</strong></span> <span class='ocrx_word' id='word_1_485' title='bbox 1051 3328 1109 3381; x_wconf 91' lang='lat' dir='ltr'><strong>et</strong></span> <span class='ocrx_word' id='word_1_486' title='bbox 1128 3337 1263 3381; x_wconf 88' lang='lat' dir='ltr'><strong>cum</strong></span> <span class='ocrx_word' id='word_1_487' title='bbox 1289 3319 1504 3399; x_wconf 87' lang='lat' dir='ltr'><strong>quibus</strong></span> <span class='ocrx_word' id='word_1_488' title='bbox 1536 3336 1674 3379; x_wconf 90' lang='lat' dir='ltr'><strong>eum</strong></span> <span class='ocrx_word' id='word_1_489' title='bbox 1706 3318 2107 3396; x_wconf 89' lang='lat' dir='ltr'><strong>deposuisset.</strong></span> 
     </span>
    </p>
   </div>
   <div class='ocr_carea' id='block_1_69' title="bbox 2197 3314 3824 3406">
    <p class='ocr_par' dir='ltr' id='par_1_69' title="bbox 2197 3314 3824 3406">
     <span class='ocr_line' id='line_1_70' title="bbox 2197 3314 3824 3406; baseline 0.019 -27"><span class='ocrx_word' id='word_1_490' title='bbox 2197 3314 2253 3380; x_wconf 40' lang='lat'><strong>(0</strong></span> <span class='ocrx_word' id='word_1_491' title='bbox 2285 3321 2340 3378; x_wconf 78' lang='grc' dir='ltr'>δὲ</span> <span class='ocrx_word' id='word_1_492' title='bbox 2385 3329 2488 3378; x_wconf 83' lang='grc' dir='ltr'>τῶν</span> <span class='ocrx_word' id='word_1_493' title='bbox 2521 3321 2816 3379; x_wconf 77' lang='grc' dir='ltr'>διωκόντων</span> <span class='ocrx_word' id='word_1_494' title='bbox 2849 3325 2922 3388; x_wconf 83' lang='grc' dir='ltr'><strong>ὡς</strong></span> <span class='ocrx_word' id='word_1_495' title='bbox 2970 3321 3185 3399; x_wconf 58' lang='grc' dir='ltr'><strong>ᾔσθετο,</strong></span> <span class='ocrx_word' id='word_1_496' title='bbox 3233 3326 3400 3403; x_wconf 74' lang='grc' dir='ltr'>φυγὰς</span> <span class='ocrx_word' id='word_1_497' title='bbox 3452 3329 3601 3390; x_wconf 60' lang='grc' dir='ltr'>εὐθὺς</span> <span class='ocrx_word' id='word_1_498' title='bbox 3630 3326 3824 3406; x_wconf 63' lang='grc' dir='ltr'><strong>(ἔχετον</strong></span> 
     </span>
    </p>
   </div>
   <div class='ocr_carea' id='block_1_70' title="bbox 478 3395 2108 3490">
    <p class='ocr_par' dir='ltr' id='par_1_70' title="bbox 478 3395 2108 3488">
     <span class='ocr_line' id='line_1_71' title="bbox 478 3395 2108 3488; baseline 0.001 -20"><span class='ocrx_word' id='word_1_499' title='bbox 478 3395 882 3469; x_wconf 78' lang='lat' dir='ltr'><strong>Hinccausam</strong></span> <span class='ocrx_word' id='word_1_500' title='bbox 898 3395 1444 3488; x_wconf 78' lang='lat' dir='ltr'><strong>Heraclidis,quem</strong></span> <span class='ocrx_word' id='word_1_501' title='bbox 1467 3426 1714 3486; x_wconf 83' lang='lat' dir='ltr'><strong>magnus</strong></span> <span class='ocrx_word' id='word_1_502' title='bbox 1737 3395 2108 3470; x_wconf 83' lang='lat' dir='ltr'><strong>illeJoannes</strong></span> 
     </span>
    </p>
   </div>
   <div class='ocr_carea' id='block_1_71' title="bbox 2197 3395 3825 3490">
    <p class='ocr_par' dir='ltr' id='par_1_71' title="bbox 2197 3411 3825 3490">
     <span class='ocr_line' id='line_1_72' title="bbox 2197 3411 3825 3490; baseline 0.002 -24"><span class='ocrx_word' id='word_1_503' title='bbox 2197 3413 2280 3468; x_wconf 87' lang='grc' dir='ltr'>καὶ</span> <span class='ocrx_word' id='word_1_504' title='bbox 2337 3412 2458 3475; x_wconf 81' lang='grc' dir='ltr'>τοὺς</span> <span class='ocrx_word' id='word_1_505' title='bbox 2532 3413 2842 3488; x_wconf 80' lang='grc' dir='ltr'>Αἰγυπτίους</span> <span class='ocrx_word' id='word_1_506' title='bbox 2903 3411 3072 3469; x_wconf 70' lang='grc' dir='ltr'>είσέδυ</span> <span class='ocrx_word' id='word_1_507' title='bbox 3124 3413 3352 3490; x_wconf 80' lang='grc' dir='ltr'>μυχούς.</span> <span class='ocrx_word' id='word_1_508' title='bbox 3422 3414 3542 3472; x_wconf 83' lang='grc' dir='ltr'>’Ὁτι</span> <span class='ocrx_word' id='word_1_509' title='bbox 3606 3414 3659 3470; x_wconf 77' lang='grc' dir='ltr'>δὲ</span> <span class='ocrx_word' id='word_1_510' title='bbox 3712 3414 3825 3474; x_wconf 63' lang='grc' dir='ltr'>οὐδὲ</span> 
     </span>
    </p>
   </div>
   <div class='ocr_carea' id='block_1_72' title="bbox 473 3497 2108 3580">
    <p class='ocr_par' dir='ltr' id='par_1_72' title="bbox 473 3497 2108 3576">
     <span class='ocr_line' id='line_1_73' title="bbox 473 3497 2108 3576; baseline -0.001 -17"><span class='ocrx_word' id='word_1_511' title='bbox 473 3497 698 3576; x_wconf 78' lang='lat' dir='ltr'><strong>Ephesi</strong></span> <span class='ocrx_word' id='word_1_512' title='bbox 731 3498 1123 3559; x_wconf 78' lang='lat' dir='ltr'><strong>constituerat</strong></span> <span class='ocrx_word' id='word_1_513' title='bbox 1153 3497 1770 3569; x_wconf 85' lang='lat' dir='ltr'><strong>antistitem,tractans</strong></span> <span class='ocrx_word' id='word_1_514' title='bbox 1799 3497 2108 3575; x_wconf 88' lang='lat' dir='ltr'><strong>Theophi-</strong></span> 
     </span>
    </p>
   </div>
   <div class='ocr_carea' id='block_1_73' title="bbox 2197 3497 3828 3580">
    <p class='ocr_par' dir='ltr' id='par_1_73' title="bbox 2197 3501 3828 3580">
     <span class='ocr_line' id='line_1_74' title="bbox 2197 3501 3828 3580; baseline 0.002 -24"><span class='ocrx_word' id='word_1_515' title='bbox 2197 3501 2446 3578; x_wconf 90' lang='grc' dir='ltr'>πρότερον</span> <span class='ocrx_word' id='word_1_516' title='bbox 2506 3503 2533 3556; x_wconf 97' lang='lat'><strong>6</strong></span> <span class='ocrx_word' id='word_1_517' title='bbox 2593 3504 2959 3580; x_wconf 83' lang='grc' dir='ltr'>ταραχοποιος</span> <span class='ocrx_word' id='word_1_518' title='bbox 3017 3503 3193 3558; x_wconf 79' lang='grc' dir='ltr'>οὑτοσὶ</span> <span class='ocrx_word' id='word_1_519' title='bbox 3260 3505 3410 3578; x_wconf 84' lang='grc' dir='ltr'>θυμῷ</span> <span class='ocrx_word' id='word_1_520' title='bbox 3481 3502 3666 3578; x_wconf 85' lang='grc' dir='ltr'>δικαίῳ</span> <span class='ocrx_word' id='word_1_521' title='bbox 3715 3519 3828 3565; x_wconf 73' lang='grc' dir='ltr'>τοῖς</span> 
     </span>
    </p>
   </div>
   <div class='ocr_carea' id='block_1_74' title="bbox 473 3584 2108 3672">
    <p class='ocr_par' dir='ltr' id='par_1_74' title="bbox 473 3584 2108 3664">
     <span class='ocr_line' id='line_1_75' title="bbox 473 3584 2108 3664; baseline -0.001 -18"><span class='ocrx_word' id='word_1_522' title='bbox 473 3586 658 3662; x_wconf 86' lang='lat' dir='ltr'><strong>lus,et</strong></span> <span class='ocrx_word' id='word_1_523' title='bbox 678 3605 748 3649; x_wconf 87' lang='lat' dir='ltr'><strong>ex</strong></span> <span class='ocrx_word' id='word_1_524' title='bbox 772 3605 841 3649; x_wconf 91' lang='lat' dir='ltr'><strong>eo</strong></span> <span class='ocrx_word' id='word_1_525' title='bbox 866 3588 951 3648; x_wconf 92' lang='lat' dir='ltr'><strong>illi</strong></span> <span class='ocrx_word' id='word_1_526' title='bbox 977 3587 1151 3650; x_wconf 91' lang='lat' dir='ltr'><strong>beato</strong></span> <span class='ocrx_word' id='word_1_527' title='bbox 1167 3596 1402 3649; x_wconf 84' lang='lat' dir='ltr'><strong>tentans</strong></span> <span class='ocrx_word' id='word_1_528' title='bbox 1427 3586 1623 3649; x_wconf 91' lang='lat' dir='ltr'><strong>labem</strong></span> <span class='ocrx_word' id='word_1_529' title='bbox 1642 3584 2108 3664; x_wconf 89' lang='lat' dir='ltr'><strong>inurere,ipsum</strong></span> 
     </span>
    </p>
   </div>
   <div class='ocr_carea' id='block_1_75' title="bbox 2197 3584 3829 3672">
    <p class='ocr_par' dir='ltr' id='par_1_75' title="bbox 2200 3589 3829 3672">
     <span class='ocr_line' id='line_1_76' title="bbox 2200 3589 3829 3672; baseline 0.002 -27"><span class='ocrx_word' id='word_1_530' title='bbox 2200 3591 2313 3667; x_wconf 79' lang='grc' dir='ltr'>περὶ</span> <span class='ocrx_word' id='word_1_531' title='bbox 2373 3589 2660 3667; x_wconf 73' lang='grc' dir='ltr'>Διόσκορον</span> <span class='ocrx_word' id='word_1_532' title='bbox 2712 3589 3045 3668; x_wconf 77' lang='grc' dir='ltr'>χολούμενος</span> <span class='ocrx_word' id='word_1_533' title='bbox 3118 3591 3205 3672; x_wconf 81' lang='grc' dir='ltr'><strong>ἧν,</strong></span> <span class='ocrx_word' id='word_1_534' title='bbox 3294 3592 3411 3649; x_wconf 73' lang='grc' dir='ltr'>οὔτε</span> <span class='ocrx_word' id='word_1_535' title='bbox 3465 3595 3562 3667; x_wconf 77' lang='grc' dir='ltr'>μὲν</span> <span class='ocrx_word' id='word_1_536' title='bbox 3622 3593 3829 3652; x_wconf 72' lang='grc' dir='ltr'>εὐσεϐεῖ</span> 
     </span>
    </p>
   </div>
   <div class='ocr_carea' id='block_1_76' title="bbox 474 3674 2108 3759">
    <p class='ocr_par' dir='ltr' id='par_1_76' title="bbox 474 3674 2108 3758">
     <span class='ocr_line' id='line_1_77' title="bbox 474 3674 2108 3758; baseline -0.001 -22"><span class='ocrx_word' id='word_1_537' title='bbox 474 3676 650 3737; x_wconf 91' lang='lat' dir='ltr'><strong>etiam</strong></span> <span class='ocrx_word' id='word_1_538' title='bbox 667 3677 960 3755; x_wconf 87' lang='lat' dir='ltr'><strong>judicavit</strong></span> <span class='ocrx_word' id='word_1_539' title='bbox 983 3697 1100 3738; x_wconf 92' lang='lat' dir='ltr'><strong>non</strong></span> <span class='ocrx_word' id='word_1_540' title='bbox 1126 3685 1504 3758; x_wconf 72' lang='lat' dir='ltr'><strong>praesentem,</strong></span> <span class='ocrx_word' id='word_1_541' title='bbox 1537 3676 1766 3750; x_wconf 91' lang='lat' dir='ltr'><strong>dicens,</strong></span> <span class='ocrx_word' id='word_1_542' title='bbox 1801 3674 1964 3754; x_wconf 92' lang='lat' dir='ltr'><strong>quod</strong></span> <span class='ocrx_word' id='word_1_543' title='bbox 1996 3675 2108 3735; x_wconf 88' lang='lat' dir='ltr'><strong>ali-</strong></span> 
     </span>
    </p>
   </div>
   <div class='ocr_carea' id='block_1_77' title="bbox 2197 3674 3830 3759">
    <p class='ocr_par' dir='ltr' id='par_1_77' title="bbox 2197 3679 3830 3759">
     <span class='ocr_line' id='line_1_78' title="bbox 2197 3679 3830 3759; baseline 0.004 -27"><span class='ocrx_word' id='word_1_544' title='bbox 2197 3679 2439 3755; x_wconf 83' lang='grc' dir='ltr'>λογισμῷ</span> <span class='ocrx_word' id='word_1_545' title='bbox 2509 3692 2630 3740; x_wconf 77' lang='grc' dir='ltr'>ταῖς</span> <span class='ocrx_word' id='word_1_546' title='bbox 2687 3679 2994 3757; x_wconf 83' lang='grc' dir='ltr'>Ὠριγένους</span> <span class='ocrx_word' id='word_1_547' title='bbox 3057 3679 3336 3759; x_wconf 74' lang='grc' dir='ltr'>ἀπήχθετο</span> <span class='ocrx_word' id='word_1_548' title='bbox 3407 3681 3635 3758; x_wconf 74' lang='grc' dir='ltr'>βίϐλοις,</span> <span class='ocrx_word' id='word_1_549' title='bbox 3709 3682 3830 3739; x_wconf 73' lang='grc' dir='ltr'>ἀλλ’</span> 
     </span>
    </p>
   </div>
   <div class='ocr_carea' id='block_1_78' title="bbox 473 3764 2108 3850">
    <p class='ocr_par' dir='ltr' id='par_1_78' title="bbox 473 3764 2108 3846">
     <span class='ocr_line' id='line_1_79' title="bbox 473 3764 2108 3846; baseline -0.002 -20"><span class='ocrx_word' id='word_1_550' title='bbox 473 3783 622 3846; x_wconf 90' lang='lat' dir='ltr'><strong>quos</strong></span> <span class='ocrx_word' id='word_1_551' title='bbox 643 3765 1462 3846; x_wconf 85' lang='lat' dir='ltr'><strong>injusteverberasset,etper</strong></span> <span class='ocrx_word' id='word_1_552' title='bbox 1487 3766 1746 3827; x_wconf 88' lang='lat' dir='ltr'><strong>medium</strong></span> <span class='ocrx_word' id='word_1_553' title='bbox 1772 3764 1966 3825; x_wconf 80' lang='lat' dir='ltr'><strong>forum</strong></span> <span class='ocrx_word' id='word_1_554' title='bbox 1988 3764 2108 3823; x_wconf 91' lang='lat' dir='ltr'><strong>vin-</strong></span> 
     </span>
    </p>
   </div>
   <div class='ocr_carea' id='block_1_79' title="bbox 2197 3764 3833 3850">
    <p class='ocr_par' dir='ltr' id='par_1_79' title="bbox 2197 3768 3833 3850">
     <span class='ocr_line' id='line_1_80' title="bbox 2197 3768 3833 3850; baseline 0.005 -27"><span class='ocrx_word' id='word_1_555' title='bbox 2197 3769 2434 3847; x_wconf 74' lang='grc' dir='ltr'>ἀφορμὰς</span> <span class='ocrx_word' id='word_1_556' title='bbox 2493 3768 2724 3824; x_wconf 67' lang='grc' dir='ltr'>ἐντεῦθεν</span> <span class='ocrx_word' id='word_1_557' title='bbox 2811 3769 2981 3843; x_wconf 81' lang='grc' dir='ltr'>ἐαυτῷ</span> <span class='ocrx_word' id='word_1_558' title='bbox 3063 3772 3293 3848; x_wconf 80' lang='grc' dir='ltr'>πορίζων</span> <span class='ocrx_word' id='word_1_559' title='bbox 3380 3774 3511 3850; x_wconf 81' lang='grc' dir='ltr'>πρὸς</span> <span class='ocrx_word' id='word_1_560' title='bbox 3567 3772 3667 3840; x_wconf 76' lang='grc' dir='ltr'><strong>τήν</strong></span> <span class='ocrx_word' id='word_1_561' title='bbox 3737 3783 3833 3832; x_wconf 75' lang='grc' dir='ltr'>τοῦ</span> 
     </span>
    </p>
   </div>
   <div class='ocr_carea' id='block_1_80' title="bbox 471 3853 2108 3936">
    <p class='ocr_par' dir='ltr' id='par_1_80' title="bbox 471 3855 2108 3920">
     <span class='ocr_line' id='line_1_81' title="bbox 471 3855 2108 3920; baseline -0.002 -4"><span class='ocrx_word' id='word_1_562' title='bbox 471 3865 596 3916; x_wconf 92' lang='lat' dir='ltr'><strong>ctos</strong></span> <span class='ocrx_word' id='word_1_563' title='bbox 619 3864 828 3918; x_wconf 88' lang='lat' dir='ltr'><strong>catena</strong></span> <span class='ocrx_word' id='word_1_564' title='bbox 853 3857 1375 3920; x_wconf 85' lang='lat' dir='ltr'><strong>circumduxisset.</strong></span> <span class='ocrx_word' id='word_1_565' title='bbox 1414 3855 1654 3918; x_wconf 89' lang='lat' dir='ltr'><strong>Civibus</strong></span> <span class='ocrx_word' id='word_1_566' title='bbox 1674 3864 1870 3916; x_wconf 89' lang='lat' dir='ltr'><strong>autem</strong></span> <span class='ocrx_word' id='word_1_567' title='bbox 1905 3862 2108 3914; x_wconf 88' lang='lat' dir='ltr'><strong>contra</strong></span> 
     </span>
    </p>
   </div>
   <div class='ocr_carea' id='block_1_81' title="bbox 2197 3853 3832 3936">
    <p class='ocr_par' dir='ltr' id='par_1_81' title="bbox 2197 3853 3832 3936">
     <span class='ocr_line' id='line_1_82' title="bbox 2197 3853 3832 3936; baseline 0.004 -24"><span class='ocrx_word' id='word_1_568' title='bbox 2197 3858 2345 3934; x_wconf 74' lang='grc' dir='ltr'>ἁγίου</span> <span class='ocrx_word' id='word_1_569' title='bbox 2411 3857 2729 3935; x_wconf 79' lang='grc' dir='ltr'>καθαίρεσιν,</span> <span class='ocrx_word' id='word_1_570' title='bbox 2791 3859 2850 3912; x_wconf 76' lang='grc' dir='ltr'>τὸ</span> <span class='ocrx_word' id='word_1_571' title='bbox 2909 3859 3046 3932; x_wconf 87' lang='grc' dir='ltr'>μετὰ</span> <span class='ocrx_word' id='word_1_572' title='bbox 3109 3863 3273 3917; x_wconf 80' lang='grc' dir='ltr'>ταῦτα</span> <span class='ocrx_word' id='word_1_573' title='bbox 3316 3858 3498 3926; x_wconf 75' lang='grc' dir='ltr'>δηλοῖ.</span> <span class='ocrx_word' id='word_1_574' title='bbox 3554 3853 3717 3936; x_wconf 71' lang='grc' dir='ltr'>Ὁμοῦ</span> <span class='ocrx_word' id='word_1_575' title='bbox 3774 3884 3832 3919; x_wconf 83' lang='grc' dir='ltr'><strong>τε</strong></span> 
     </span>
    </p>
   </div>
   <div class='ocr_carea' id='block_1_82' title="bbox 469 3942 2108 4029">
    <p class='ocr_par' dir='ltr' id='par_1_82' title="bbox 469 3942 2108 4026">
     <span class='ocr_line' id='line_1_83' title="bbox 469 3942 2108 4026; baseline -0.002 -21"><span class='ocrx_word' id='word_1_576' title='bbox 469 3944 955 4020; x_wconf 90' lang='lat' dir='ltr'><strong>dicentibus,non</strong></span> <span class='ocrx_word' id='word_1_577' title='bbox 988 3954 1268 4026; x_wconf 85' lang='lat' dir='ltr'><strong>oportere</strong></span> <span class='ocrx_word' id='word_1_578' title='bbox 1296 3945 1576 4007; x_wconf 87' lang='lat' dir='ltr'><strong>absentes</strong></span> <span class='ocrx_word' id='word_1_579' title='bbox 1601 3942 2108 4023; x_wconf 87' lang='lat' dir='ltr'><strong>judicari,volen-</strong></span> 
     </span>
    </p>
   </div>
   <div class='ocr_carea' id='block_1_83' title="bbox 2197 3942 3835 4029">
    <p class='ocr_par' dir='ltr' id='par_1_83' title="bbox 2197 3945 3835 4029">
     <span class='ocr_line' id='line_1_84' title="bbox 2197 3945 3835 4029; baseline 0.003 -26"><span class='ocrx_word' id='word_1_580' title='bbox 2197 3947 2292 4023; x_wconf 77' lang='grc' dir='ltr'>γὰρ</span> <span class='ocrx_word' id='word_1_581' title='bbox 2354 3948 2413 4002; x_wconf 87' lang='grc' dir='ltr'>τὸ</span> <span class='ocrx_word' id='word_1_582' title='bbox 2471 3945 2896 4020; x_wconf 84' lang='grc' dir='ltr'>σπουδαζόμενον</span> <span class='ocrx_word' id='word_1_583' title='bbox 2972 3949 3114 4021; x_wconf 79' lang='grc' dir='ltr'><strong>αὐτῷ</strong></span> <span class='ocrx_word' id='word_1_584' title='bbox 3186 3947 3454 4029; x_wconf 77' lang='grc' dir='ltr'>διήνυστο,</span> <span class='ocrx_word' id='word_1_585' title='bbox 3513 3952 3598 4007; x_wconf 80' lang='grc' dir='ltr'>καὶ</span> <span class='ocrx_word' id='word_1_586' title='bbox 3654 3974 3835 4026; x_wconf 81' lang='grc' dir='ltr'>παρα-</span> 
     </span>
    </p>
   </div>
   <div class='ocr_carea' id='block_1_84' title="bbox 471 4030 2108 4116">
    <p class='ocr_par' dir='ltr' id='par_1_84' title="bbox 471 4030 2108 4097">
     <span class='ocr_line' id='line_1_85' title="bbox 471 4030 2108 4097; baseline -0.001 -4"><span class='ocrx_word' id='word_1_587' title='bbox 471 4033 630 4094; x_wconf 90' lang='lat' dir='ltr'><strong>tibus</strong></span> <span class='ocrx_word' id='word_1_588' title='bbox 645 4052 784 4095; x_wconf 89' lang='lat' dir='ltr'><strong>vero</strong></span> <span class='ocrx_word' id='word_1_589' title='bbox 804 4034 1230 4097; x_wconf 85' lang='lat' dir='ltr'><strong>Alexandrinis</strong></span> <span class='ocrx_word' id='word_1_590' title='bbox 1257 4033 1574 4096; x_wconf 87' lang='lat' dir='ltr'><strong>attendere</strong></span> <span class='ocrx_word' id='word_1_591' title='bbox 1596 4039 1975 4095; x_wconf 82' lang='lat' dir='ltr'><strong>accusatores</strong></span> <span class='ocrx_word' id='word_1_592' title='bbox 1997 4030 2108 4092; x_wconf 86' lang='lat' dir='ltr'><strong>He-</strong></span> 
     </span>
    </p>
   </div>
   <div class='ocr_carea' id='block_1_85' title="bbox 2197 4030 3837 4116">
    <p class='ocr_par' dir='ltr' id='par_1_85' title="bbox 2197 4036 3837 4116">
     <span class='ocr_line' id='line_1_86' title="bbox 2197 4036 3837 4116; baseline 0.004 -25"><span class='ocrx_word' id='word_1_593' title='bbox 2197 4041 2383 4115; x_wconf 79' lang='grc' dir='ltr'>χρῆμα</span> <span class='ocrx_word' id='word_1_594' title='bbox 2442 4049 2560 4099; x_wconf 81' lang='grc' dir='ltr'>τοῖς</span> <span class='ocrx_word' id='word_1_595' title='bbox 2605 4049 2874 4114; x_wconf 71' lang='grc' dir='ltr'>μοναχοῖς</span> <span class='ocrx_word' id='word_1_596' title='bbox 2922 4036 3018 4110; x_wconf 74' lang='grc' dir='ltr'>μὲν</span> <span class='ocrx_word' id='word_1_597' title='bbox 3064 4036 3370 4109; x_wconf 82' lang='grc' dir='ltr'>ἐσπένδετο,</span> <span class='ocrx_word' id='word_1_598' title='bbox 3403 4042 3495 4101; x_wconf 73' lang='grc' dir='ltr'><strong>τὰς</strong></span> <span class='ocrx_word' id='word_1_599' title='bbox 3535 4038 3745 4116; x_wconf 77' lang='grc' dir='ltr'>βίϐλους</span> <span class='ocrx_word' id='word_1_600' title='bbox 3780 4040 3837 4097; x_wconf 75' lang='grc' dir='ltr'>δὲ</span> 
     </span>
    </p>
   </div>
   <div class='ocr_carea' id='block_1_86' title="bbox 467 4121 2108 4204">
    <p class='ocr_par' dir='ltr' id='par_1_86' title="bbox 467 4121 2106 4198">
     <span class='ocr_line' id='line_1_87' title="bbox 467 4121 2106 4198; baseline -0.001 -16"><span class='ocrx_word' id='word_1_601' title='bbox 467 4122 818 4198; x_wconf 88' lang='lat' dir='ltr'><strong>raclidis,ex</strong></span> <span class='ocrx_word' id='word_1_602' title='bbox 845 4142 918 4184; x_wconf 92' lang='lat' dir='ltr'><strong>eo</strong></span> <span class='ocrx_word' id='word_1_603' title='bbox 943 4133 1071 4184; x_wconf 89' lang='lat' dir='ltr'><strong>orta</strong></span> <span class='ocrx_word' id='word_1_604' title='bbox 1105 4132 1196 4185; x_wconf 91' lang='lat' dir='ltr'><strong>est</strong></span> <span class='ocrx_word' id='word_1_605' title='bbox 1227 4124 1440 4186; x_wconf 90' lang='lat' dir='ltr'><strong>seditio</strong></span> <span class='ocrx_word' id='word_1_606' title='bbox 1471 4144 1484 4183; x_wconf 92' lang='lat'><strong>:</strong></span> <span class='ocrx_word' id='word_1_607' title='bbox 1509 4142 1576 4184; x_wconf 83' lang='lat' dir='ltr'><strong>ex</strong></span> <span class='ocrx_word' id='word_1_608' title='bbox 1599 4121 1896 4184; x_wconf 89' lang='lat' dir='ltr'><strong>seditione</strong></span> <span class='ocrx_word' id='word_1_609' title='bbox 1911 4129 2106 4181; x_wconf 88' lang='lat' dir='ltr'><strong>autem</strong></span> 
     </span>
    </p>
   </div>
   <div class='ocr_carea' id='block_1_87' title="bbox 2197 4121 3845 4204">
    <p class='ocr_par' dir='ltr' id='par_1_87' title="bbox 2197 4122 3845 4204">
     <span class='ocr_line' id='line_1_88' title="bbox 2197 4122 3845 4204; baseline 0.005 -26"><span class='ocrx_word' id='word_1_610' title='bbox 2197 4122 2540 4202; x_wconf 74' lang='grc' dir='ltr'>παρεδέχετο,</span> <span class='ocrx_word' id='word_1_611' title='bbox 2575 4122 2633 4188; x_wconf 76' lang='grc' dir='ltr'><strong>ἃς</strong></span> <span class='ocrx_word' id='word_1_612' title='bbox 2664 4123 2796 4186; x_wconf 82' lang='grc' dir='ltr'>τέως</span> <span class='ocrx_word' id='word_1_613' title='bbox 2830 4123 3115 4189; x_wconf 81' lang='grc' dir='ltr'>συνοδικῶς</span> <span class='ocrx_word' id='word_1_614' title='bbox 3175 4127 3560 4204; x_wconf 80' lang='grc' dir='ltr'>ἆπεκήρυττεν,</span> <span class='ocrx_word' id='word_1_615' title='bbox 3613 4129 3762 4186; x_wconf 85' lang='grc' dir='ltr'>Ἀλλ’</span> <span class='ocrx_word' id='word_1_616' title='bbox 3817 4134 3845 4187; x_wconf 88' lang='lat'><strong>6</strong></span> 
     </span>
    </p>
   </div>
   <div class='ocr_carea' id='block_1_88' title="bbox 469 4209 2108 4291">
    <p class='ocr_par' dir='ltr' id='par_1_88' title="bbox 469 4209 2103 4283">
     <span class='ocr_line' id='line_1_89' title="bbox 469 4209 2103 4283; baseline -0.001 -13"><span class='ocrx_word' id='word_1_617' title='bbox 469 4219 706 4272; x_wconf 91' lang='lat' dir='ltr'><strong>ventum</strong></span> <span class='ocrx_word' id='word_1_618' title='bbox 741 4213 930 4273; x_wconf 90' lang='lat' dir='ltr'><strong>estad</strong></span> <span class='ocrx_word' id='word_1_619' title='bbox 963 4231 1173 4274; x_wconf 87' lang='lat' dir='ltr'><strong>manus</strong></span> <span class='ocrx_word' id='word_1_620' title='bbox 1209 4234 1222 4273; x_wconf 94' lang='lat'>:</span> <span class='ocrx_word' id='word_1_621' title='bbox 1260 4231 1329 4274; x_wconf 87' lang='lat' dir='ltr'><strong>ex</strong></span> <span class='ocrx_word' id='word_1_622' title='bbox 1387 4231 1458 4275; x_wconf 91' lang='lat' dir='ltr'><strong>eo</strong></span> <span class='ocrx_word' id='word_1_623' title='bbox 1512 4231 1650 4274; x_wconf 89' lang='lat' dir='ltr'><strong>vero</strong></span> <span class='ocrx_word' id='word_1_624' title='bbox 1709 4211 1782 4272; x_wconf 89' lang='lat' dir='ltr'><strong>ad</strong></span> <span class='ocrx_word' id='word_1_625' title='bbox 1831 4209 2103 4283; x_wconf 89' lang='lat' dir='ltr'><strong>vulnera,</strong></span> 
     </span>
    </p>
   </div>
   <div class='ocr_carea' id='block_1_89' title="bbox 2197 4209 3284 4291">
    <p class='ocr_par' dir='ltr' id='par_1_89' title="bbox 2197 4211 3284 4291">
     <span class='ocr_line' id='line_1_90' title="bbox 2197 4211 3284 4291; baseline 0.004 -24"><span class='ocrx_word' id='word_1_626' title='bbox 2197 4213 2349 4289; x_wconf 85' lang='grc' dir='ltr'>λόγος</span> <span class='ocrx_word' id='word_1_627' title='bbox 2379 4211 2581 4269; x_wconf 80' lang='grc' dir='ltr'>ἐπιέναι</span> <span class='ocrx_word' id='word_1_628' title='bbox 2613 4213 2699 4268; x_wconf 86' lang='grc' dir='ltr'><strong>καὶ</strong></span> <span class='ocrx_word' id='word_1_629' title='bbox 2730 4214 2794 4269; x_wconf 82' lang='grc' dir='ltr'>τὰ</span> <span class='ocrx_word' id='word_1_630' title='bbox 2825 4212 2988 4270; x_wconf 72' lang='grc' dir='ltr'>λοιπὰ</span> <span class='ocrx_word' id='word_1_631' title='bbox 3013 4214 3284 4291; x_wconf 87' lang='grc' dir='ltr'>βούλεται,</span> 
     </span>
    </p>
   </div>
   <div class='ocr_carea' id='block_1_90' title="bbox 467 4301 3852 4382">
    <p class='ocr_par' dir='ltr' id='par_1_90' title="bbox 467 4301 3852 4382">
     <span class='ocr_line' id='line_1_91' title="bbox 467 4301 3852 4382; baseline 0.003 -20"><span class='ocrx_word' id='word_1_632' title='bbox 467 4319 538 4362; x_wconf 90' lang='lat' dir='ltr'><strong>ea</strong></span> <span class='ocrx_word' id='word_1_633' title='bbox 582 4309 777 4362; x_wconf 88' lang='lat' dir='ltr'><strong>autem</strong></span> <span class='ocrx_word' id='word_1_634' title='bbox 813 4319 973 4362; x_wconf 89' lang='lat' dir='ltr'><strong>mors</strong></span> <span class='ocrx_word' id='word_1_635' title='bbox 1023 4321 1263 4382; x_wconf 86' lang='lat' dir='ltr'><strong>quoque</strong></span> <span class='ocrx_word' id='word_1_636' title='bbox 1298 4313 1389 4364; x_wconf 91' lang='lat' dir='ltr'><strong>est</strong></span> <span class='ocrx_word' id='word_1_637' title='bbox 1433 4310 1775 4374; x_wconf 90' lang='lat' dir='ltr'><strong>consecuta,</strong></span> <span class='ocrx_word' id='word_1_638' title='bbox 1809 4317 2062 4379; x_wconf 89' lang='lat' dir='ltr'><strong>quorum</strong></span> <span class='ocrx_word' id='word_1_639' title='bbox 2107 4301 2372 4362; x_wconf 90' lang='lat' dir='ltr'><strong>omnium</strong></span> <span class='ocrx_word' id='word_1_640' title='bbox 2423 4301 2789 4380; x_wconf 79' lang='lat' dir='ltr'><strong>Theophilus</strong></span> <span class='ocrx_word' id='word_1_641' title='bbox 2837 4303 3031 4364; x_wconf 86' lang='lat' dir='ltr'><strong>dictus</strong></span> <span class='ocrx_word' id='word_1_642' title='bbox 3078 4313 3168 4365; x_wconf 90' lang='lat' dir='ltr'><strong>est</strong></span> <span class='ocrx_word' id='word_1_643' title='bbox 3199 4313 3255 4365; x_wconf 92' lang='lat' dir='ltr'><strong>et</strong></span> <span class='ocrx_word' id='word_1_644' title='bbox 3306 4305 3413 4365; x_wconf 84' lang='lat' dir='ltr'><strong>fuit</strong></span> <span class='ocrx_word' id='word_1_645' title='bbox 3443 4323 3642 4370; x_wconf 88' lang='lat' dir='ltr'><strong>causa.</strong></span> <span class='ocrx_word' id='word_1_646' title='bbox 3702 4308 3852 4371; x_wconf 68' lang='lat' dir='ltr'><strong>Haac</strong></span> 
     </span>
    </p>
   </div>
   <div class='ocr_carea' id='block_1_91' title="bbox 467 4386 3855 4478">
    <p class='ocr_par' dir='ltr' id='par_1_91' title="bbox 467 4386 3855 4478">
     <span class='ocr_line' id='line_1_92' title="bbox 467 4386 3855 4478; baseline 0.003 -27"><span class='ocrx_word' id='word_1_647' title='bbox 467 4408 704 4452; x_wconf 89' lang='lat' dir='ltr'><strong>summe</strong></span> <span class='ocrx_word' id='word_1_648' title='bbox 753 4390 1064 4452; x_wconf 87' lang='lat' dir='ltr'><strong>irritarunt</strong></span> <span class='ocrx_word' id='word_1_649' title='bbox 1093 4390 1469 4473; x_wconf 79' lang='lat' dir='ltr'><strong>Byzantinos,</strong></span> <span class='ocrx_word' id='word_1_650' title='bbox 1507 4401 1564 4453; x_wconf 90' lang='lat' dir='ltr'><strong>et</strong></span> <span class='ocrx_word' id='word_1_651' title='bbox 1623 4410 1757 4454; x_wconf 90' lang='lat' dir='ltr'><strong>eum</strong></span> <span class='ocrx_word' id='word_1_652' title='bbox 1792 4386 2135 4478; x_wconf 75' lang='lat' dir='ltr'><strong>quaerebant</strong></span> <span class='ocrx_word' id='word_1_653' title='bbox 2166 4389 2439 4469; x_wconf 89' lang='lat' dir='ltr'><strong>perdere,</strong></span> <span class='ocrx_word' id='word_1_654' title='bbox 2475 4397 2534 4450; x_wconf 90' lang='lat' dir='ltr'><strong>et</strong></span> <span class='ocrx_word' id='word_1_655' title='bbox 2563 4389 2623 4450; x_wconf 92' lang='lat' dir='ltr'><strong>in</strong></span> <span class='ocrx_word' id='word_1_656' title='bbox 2676 4390 3035 4469; x_wconf 79' lang='lat' dir='ltr'><strong>profundum</strong></span> <span class='ocrx_word' id='word_1_657' title='bbox 3073 4394 3252 4454; x_wconf 90' lang='lat' dir='ltr'><strong>maris</strong></span> <span class='ocrx_word' id='word_1_658' title='bbox 3285 4395 3523 4456; x_wconf 90' lang='lat' dir='ltr'><strong>mittere</strong></span> <span class='ocrx_word' id='word_1_659' title='bbox 3553 4413 3687 4456; x_wconf 88' lang='lat' dir='ltr'><strong>eum</strong></span> <span class='ocrx_word' id='word_1_660' title='bbox 3740 4401 3855 4478; x_wconf 91' lang='lat' dir='ltr'><strong>qui</strong></span> 
     </span>
    </p>
   </div>
   <div class='ocr_carea' id='block_1_92' title="bbox 470 4477 3856 4570">
    <p class='ocr_par' dir='ltr' id='par_1_92' title="bbox 470 4477 3856 4570">
     <span class='ocr_line' id='line_1_93' title="bbox 470 4477 3856 4570; baseline 0.003 -32"><span class='ocrx_word' id='word_1_661' title='bbox 470 4479 907 4570; x_wconf 59' lang='lat' dir='ltr'><strong>eratdignus:</strong></span> <span class='ocrx_word' id='word_1_662' title='bbox 963 4481 1062 4570; x_wconf 87' lang='lat' dir='ltr'><strong>ille</strong></span> <span class='ocrx_word' id='word_1_663' title='bbox 1099 4491 1298 4543; x_wconf 90' lang='lat' dir='ltr'><strong>autem</strong></span> <span class='ocrx_word' id='word_1_664' title='bbox 1356 4499 1645 4560; x_wconf 89' lang='lat' dir='ltr'><strong>posquam</strong></span> <span class='ocrx_word' id='word_1_665' title='bbox 1699 4477 1886 4570; x_wconf 86' lang='lat' dir='ltr'><strong>sensit</strong></span> <span class='ocrx_word' id='word_1_666' title='bbox 1939 4491 2395 4570; x_wconf 49' lang='lat' dir='ltr'><strong>persegentes,</strong></span> <span class='ocrx_word' id='word_1_667' title='bbox 2438 4479 2581 4570; x_wconf 54' lang='lat' dir='ltr'><strong>fuga</strong></span> <span class='ocrx_word' id='word_1_668' title='bbox 2634 4479 2833 4570; x_wconf 87' lang='lat' dir='ltr'><strong>statim</strong></span> <span class='ocrx_word' id='word_1_669' title='bbox 2879 4479 2994 4570; x_wconf 87' lang='lat' dir='ltr'><strong>sibi</strong></span> <span class='ocrx_word' id='word_1_670' title='bbox 3043 4482 3363 4558; x_wconf 89' lang='lat' dir='ltr'><strong>consuluit,</strong></span> <span class='ocrx_word' id='word_1_671' title='bbox 3399 4493 3457 4544; x_wconf 92' lang='lat' dir='ltr'><strong>et</strong></span> <span class='ocrx_word' id='word_1_672' title='bbox 3509 4477 3856 4564; x_wconf 76' lang='lat' dir='ltr'><strong>penetralia</strong></span> 
     </span>
    </p>
   </div>
   <div class='ocr_carea' id='block_1_93' title="bbox 467 4566 3853 4651">
    <p class='ocr_par' dir='ltr' id='par_1_93' title="bbox 467 4566 3853 4651">
     <span class='ocr_line' id='line_1_94' title="bbox 467 4566 3853 4651; baseline 0.004 -25"><span class='ocrx_word' id='word_1_673' title='bbox 467 4566 648 4627; x_wconf 89' lang='lat' dir='ltr'><strong>subiit</strong></span> <span class='ocrx_word' id='word_1_674' title='bbox 677 4566 932 4647; x_wconf 67' lang='lat' dir='ltr'><strong>Egypti.</strong></span> <span class='ocrx_word' id='word_1_675' title='bbox 975 4569 1143 4641; x_wconf 83' lang='lat' dir='ltr'><strong>Quod</strong></span> <span class='ocrx_word' id='word_1_676' title='bbox 1175 4578 1371 4631; x_wconf 91' lang='lat' dir='ltr'><strong>autem</strong></span> <span class='ocrx_word' id='word_1_677' title='bbox 1405 4588 1601 4649; x_wconf 89' lang='lat' dir='ltr'><strong>neque</strong></span> <span class='ocrx_word' id='word_1_678' title='bbox 1653 4569 1816 4649; x_wconf 91' lang='lat' dir='ltr'><strong>prius</strong></span> <span class='ocrx_word' id='word_1_679' title='bbox 1851 4566 2228 4650; x_wconf 72' lang='lat' dir='ltr'><strong>perturbator</strong></span> <span class='ocrx_word' id='word_1_680' title='bbox 2248 4569 2388 4647; x_wconf 87' lang='lat' dir='ltr'><strong>jure</strong></span> <span class='ocrx_word' id='word_1_681' title='bbox 2436 4566 2720 4629; x_wconf 90' lang='lat' dir='ltr'><strong>Dioscoro</strong></span> <span class='ocrx_word' id='word_1_682' title='bbox 2753 4569 3144 4650; x_wconf 75' lang='lat' dir='ltr'><strong>irascebatur,</strong></span> <span class='ocrx_word' id='word_1_683' title='bbox 3175 4590 3368 4651; x_wconf 88' lang='lat' dir='ltr'><strong>neque</strong></span> <span class='ocrx_word' id='word_1_684' title='bbox 3398 4591 3595 4634; x_wconf 85' lang='lat' dir='ltr'><strong>veram</strong></span> <span class='ocrx_word' id='word_1_685' title='bbox 3643 4585 3704 4636; x_wconf 88' lang='lat' dir='ltr'><strong>et</strong></span> <span class='ocrx_word' id='word_1_686' title='bbox 3732 4596 3853 4639; x_wconf 82' lang='lat' dir='ltr'><strong>ac-</strong></span> 
     </span>
    </p>
   </div>
   <div class='ocr_carea' id='block_1_94' title="bbox 466 4656 3852 4744">
    <p class='ocr_par' dir='ltr' id='par_1_94' title="bbox 466 4656 3852 4744">
     <span class='ocr_line' id='line_1_95' title="bbox 466 4656 3852 4744; baseline 0.003 -28"><span class='ocrx_word' id='word_1_687' title='bbox 466 4661 729 4716; x_wconf 86' lang='lat' dir='ltr'><strong>curatam</strong></span> <span class='ocrx_word' id='word_1_688' title='bbox 764 4656 1097 4720; x_wconf 83' lang='lat' dir='ltr'><strong>defendens</strong></span> <span class='ocrx_word' id='word_1_689' title='bbox 1149 4662 1424 4738; x_wconf 90' lang='lat' dir='ltr'><strong>pietatem</strong></span> <span class='ocrx_word' id='word_1_690' title='bbox 1463 4669 1591 4720; x_wconf 91' lang='lat' dir='ltr'><strong>erat</strong></span> <span class='ocrx_word' id='word_1_691' title='bbox 1641 4659 1890 4722; x_wconf 86' lang='lat' dir='ltr'><strong>infestus</strong></span> <span class='ocrx_word' id='word_1_692' title='bbox 1921 4661 2090 4724; x_wconf 87' lang='lat' dir='ltr'><strong>libris</strong></span> <span class='ocrx_word' id='word_1_693' title='bbox 2120 4657 2421 4736; x_wconf 87' lang='lat' dir='ltr'><strong>Origenis,</strong></span> <span class='ocrx_word' id='word_1_694' title='bbox 2455 4657 2560 4718; x_wconf 92' lang='lat' dir='ltr'><strong>sed</strong></span> <span class='ocrx_word' id='word_1_695' title='bbox 2603 4656 2743 4718; x_wconf 84' lang='lat' dir='ltr'><strong>hinc</strong></span> <span class='ocrx_word' id='word_1_696' title='bbox 2775 4658 3049 4738; x_wconf 87' lang='lat' dir='ltr'><strong>captabat</strong></span> <span class='ocrx_word' id='word_1_697' title='bbox 3079 4661 3459 4722; x_wconf 88' lang='lat' dir='ltr'><strong>occasionem</strong></span> <span class='ocrx_word' id='word_1_698' title='bbox 3491 4662 3852 4744; x_wconf 88' lang='lat' dir='ltr'><strong>deponendi</strong></span> 
     </span>
    </p>
   </div>
   <div class='ocr_carea' id='block_1_95' title="bbox 463 4744 3853 4829">
    <p class='ocr_par' dir='ltr' id='par_1_95' title="bbox 463 4744 3853 4829">
     <span class='ocr_line' id='line_1_96' title="bbox 463 4744 3853 4829; baseline 0.002 -21"><span class='ocrx_word' id='word_1_699' title='bbox 463 4744 733 4824; x_wconf 86' lang='lat' dir='ltr'><strong>Joannis,</strong></span> <span class='ocrx_word' id='word_1_700' title='bbox 763 4747 1023 4808; x_wconf 87' lang='lat' dir='ltr'><strong>ostendit</strong></span> <span class='ocrx_word' id='word_1_701' title='bbox 1071 4747 1151 4819; x_wconf 87' lang='lat' dir='ltr'><strong>id,</strong></span> <span class='ocrx_word' id='word_1_702' title='bbox 1187 4747 1345 4828; x_wconf 89' lang='lat' dir='ltr'><strong>quod</strong></span> <span class='ocrx_word' id='word_1_703' title='bbox 1403 4757 1494 4808; x_wconf 90' lang='lat' dir='ltr'><strong>est</strong></span> <span class='ocrx_word' id='word_1_704' title='bbox 1529 4758 1732 4827; x_wconf 90' lang='lat' dir='ltr'><strong>postea</strong></span> <span class='ocrx_word' id='word_1_705' title='bbox 1773 4764 2187 4814; x_wconf 88' lang='lat' dir='ltr'><strong>consecutum.</strong></span> <span class='ocrx_word' id='word_1_706' title='bbox 2222 4746 2370 4809; x_wconf 89' lang='lat' dir='ltr'><strong>Nam</strong></span> <span class='ocrx_word' id='word_1_707' title='bbox 2430 4745 2609 4807; x_wconf 92' lang='lat' dir='ltr'><strong>simul</strong></span> <span class='ocrx_word' id='word_1_708' title='bbox 2643 4755 2824 4826; x_wconf 88' lang='lat' dir='ltr'><strong>atque</strong></span> <span class='ocrx_word' id='word_1_709' title='bbox 2870 4748 3119 4826; x_wconf 79' lang='lat' dir='ltr'><strong>perfecit</strong></span> <span class='ocrx_word' id='word_1_710' title='bbox 3148 4749 3307 4829; x_wconf 87' lang='lat' dir='ltr'><strong>quod</strong></span> <span class='ocrx_word' id='word_1_711' title='bbox 3356 4751 3661 4827; x_wconf 84' lang='lat' dir='ltr'><strong>studebat,</strong></span> <span class='ocrx_word' id='word_1_712' title='bbox 3697 4773 3853 4816; x_wconf 87' lang='lat' dir='ltr'><strong>cum</strong></span> 
     </span>
    </p>
   </div>
   <div class='ocr_carea' id='block_1_96' title="bbox 466 4833 3853 4918">
    <p class='ocr_par' dir='ltr' id='par_1_96' title="bbox 466 4833 3853 4918">
     <span class='ocr_line' id='line_1_97' title="bbox 466 4833 3853 4918; baseline 0.004 -24"><span class='ocrx_word' id='word_1_713' title='bbox 466 4833 777 4896; x_wconf 87' lang='lat' dir='ltr'><strong>monachis</strong></span> <span class='ocrx_word' id='word_1_714' title='bbox 824 4836 1021 4897; x_wconf 87' lang='lat' dir='ltr'><strong>statim</strong></span> <span class='ocrx_word' id='word_1_715' title='bbox 1056 4837 1249 4897; x_wconf 73' lang='lat' dir='ltr'><strong>foedus</strong></span> <span class='ocrx_word' id='word_1_716' title='bbox 1296 4837 1430 4897; x_wconf 90' lang='lat' dir='ltr'><strong>iniit</strong></span> <span class='ocrx_word' id='word_1_717' title='bbox 1464 4859 1480 4908; x_wconf 87' lang='lat'><strong>;</strong></span> <span class='ocrx_word' id='word_1_718' title='bbox 1513 4836 1699 4899; x_wconf 90' lang='lat' dir='ltr'><strong>libros</strong></span> <span class='ocrx_word' id='word_1_719' title='bbox 1749 4849 1947 4902; x_wconf 89' lang='lat' dir='ltr'><strong>autem</strong></span> <span class='ocrx_word' id='word_1_720' title='bbox 1978 4839 2217 4902; x_wconf 90' lang='lat' dir='ltr'><strong>admisit</strong></span> <span class='ocrx_word' id='word_1_721' title='bbox 2275 4838 2417 4918; x_wconf 85' lang='lat'><strong>(35),</strong></span> <span class='ocrx_word' id='word_1_722' title='bbox 2451 4855 2600 4918; x_wconf 88' lang='lat' dir='ltr'><strong>quos</strong></span> <span class='ocrx_word' id='word_1_723' title='bbox 2651 4837 2816 4916; x_wconf 90' lang='lat' dir='ltr'><strong>prius</strong></span> <span class='ocrx_word' id='word_1_724' title='bbox 2842 4836 3148 4899; x_wconf 86' lang='lat' dir='ltr'><strong>abdicarat</strong></span> <span class='ocrx_word' id='word_1_725' title='bbox 3195 4839 3502 4918; x_wconf 79' lang='lat' dir='ltr'><strong>synodice.</strong></span> <span class='ocrx_word' id='word_1_726' title='bbox 3541 4842 3656 4904; x_wconf 91' lang='lat' dir='ltr'><strong>Sed</strong></span> <span class='ocrx_word' id='word_1_727' title='bbox 3710 4844 3853 4906; x_wconf 79' lang='lat' dir='ltr'><strong>vull</strong></span> 
     </span>
    </p>
   </div>
   <div class='ocr_carea' id='block_1_97' title="bbox 464 4922 1454 5005">
    <p class='ocr_par' dir='ltr' id='par_1_97' title="bbox 464 4922 1454 5005">
     <span class='ocr_line' id='line_1_98' title="bbox 464 4922 1454 5005; baseline 0.003 -21"><span class='ocrx_word' id='word_1_728' title='bbox 464 4923 640 4985; x_wconf 90' lang='lat' dir='ltr'><strong>etiam</strong></span> <span class='ocrx_word' id='word_1_729' title='bbox 672 4922 905 5004; x_wconf 88' lang='lat' dir='ltr'><strong>reliqua</strong></span> <span class='ocrx_word' id='word_1_730' title='bbox 937 4925 1214 5005; x_wconf 89' lang='lat' dir='ltr'><strong>persequi</strong></span> <span class='ocrx_word' id='word_1_731' title='bbox 1244 4926 1454 4988; x_wconf 92' lang='lat' dir='ltr'><strong>oratio.</strong></span> 
     </span>
    </p>
   </div>
   <div class='ocr_carea' id='block_1_98' title="bbox 540 5011 2096 5091">
    <p class='ocr_par' dir='ltr' id='par_1_98' title="bbox 540 5011 2096 5091">
     <span class='ocr_line' id='line_1_99' title="bbox 540 5011 2096 5091; baseline 0.004 -17"><span class='ocrx_word' id='word_1_732' title='bbox 540 5011 729 5074; x_wconf 87' lang='lat' dir='ltr'><strong>XLVI.</strong></span> <span class='ocrx_word' id='word_1_733' title='bbox 742 5011 987 5075; x_wconf 88' lang='lat' dir='ltr'><strong>Interim</strong></span> <span class='ocrx_word' id='word_1_734' title='bbox 1014 5014 1348 5089; x_wconf 91' lang='lat' dir='ltr'><strong>enim,dum</strong></span> <span class='ocrx_word' id='word_1_735' title='bbox 1368 5015 1493 5078; x_wconf 85' lang='lat' dir='ltr'><strong>haec</strong></span> <span class='ocrx_word' id='word_1_736' title='bbox 1517 5018 1752 5091; x_wconf 81' lang='lat' dir='ltr'><strong>tierent,</strong></span> <span class='ocrx_word' id='word_1_737' title='bbox 1787 5016 1945 5080; x_wconf 88' lang='lat' dir='ltr'><strong>Deus</strong></span> <span class='ocrx_word' id='word_1_738' title='bbox 1971 5027 2096 5080; x_wconf 90' lang='lat' dir='ltr'><strong>ter-</strong></span> 
     </span>
    </p>
   </div>
   <div class='ocr_carea' id='block_1_99' title="bbox 457 5102 2091 5184">
    <p class='ocr_par' dir='ltr' id='par_1_99' title="bbox 457 5102 2091 5184">
     <span class='ocr_line' id='line_1_100' title="bbox 457 5102 2091 5184; baseline 0.002 -20"><span class='ocrx_word' id='word_1_739' title='bbox 457 5111 712 5165; x_wconf 62' lang='lat' dir='ltr'><strong>ratmotu</strong></span> <span class='ocrx_word' id='word_1_740' title='bbox 747 5102 1050 5165; x_wconf 84' lang='lat' dir='ltr'><strong>terrefecit</strong></span> <span class='ocrx_word' id='word_1_741' title='bbox 1097 5103 1429 5178; x_wconf 88' lang='lat' dir='ltr'><strong>civitatem,</strong></span> <span class='ocrx_word' id='word_1_742' title='bbox 1464 5125 1943 5184; x_wconf 89' lang='lat' dir='ltr'><strong>communesque</strong></span> <span class='ocrx_word' id='word_1_743' title='bbox 1964 5125 2091 5168; x_wconf 88' lang='lat' dir='ltr'><strong>eam</strong></span> 
     </span>
    </p>
   </div>
   <div class='ocr_carea' id='block_1_100' title="bbox 457 5198 2094 5271">
    <p class='ocr_par' dir='ltr' id='par_1_100' title="bbox 457 5198 2094 5271">
     <span class='ocr_line' id='line_1_101' title="bbox 457 5198 2094 5271; baseline 0.002 -17"><span class='ocrx_word' id='word_1_744' title='bbox 457 5198 753 5269; x_wconf 76' lang='lat' dir='ltr'><strong>agitabant</strong></span> <span class='ocrx_word' id='word_1_745' title='bbox 773 5199 1310 5268; x_wconf 85' lang='lat' dir='ltr'><strong>conquassationes,</strong></span> <span class='ocrx_word' id='word_1_746' title='bbox 1333 5209 1387 5255; x_wconf 93' lang='lat' dir='ltr'><strong>et</strong></span> <span class='ocrx_word' id='word_1_747' title='bbox 1413 5214 1615 5270; x_wconf 76' lang='lat' dir='ltr'><strong>graves</strong></span> <span class='ocrx_word' id='word_1_748' title='bbox 1639 5211 1887 5258; x_wconf 86' lang='lat' dir='ltr'><strong>terrores</strong></span> <span class='ocrx_word' id='word_1_749' title='bbox 1910 5202 2094 5271; x_wconf 88' lang='lat' dir='ltr'><strong>impe-</strong></span> 
     </span>
    </p>
   </div>
   <div class='ocr_carea' id='block_1_101' title="bbox 453 5279 2088 5363">
    <p class='ocr_par' dir='ltr' id='par_1_101' title="bbox 453 5279 2088 5363">
     <span class='ocr_line' id='line_1_102' title="bbox 453 5279 2088 5363; baseline 0.002 -21"><span class='ocrx_word' id='word_1_750' title='bbox 453 5281 675 5342; x_wconf 87' lang='lat' dir='ltr'><strong>ratorio</strong></span> <span class='ocrx_word' id='word_1_751' title='bbox 694 5279 1090 5342; x_wconf 88' lang='lat' dir='ltr'><strong>imminebant</strong></span> <span class='ocrx_word' id='word_1_752' title='bbox 1113 5281 1418 5344; x_wconf 89' lang='lat' dir='ltr'><strong>cubiculo:</strong></span> <span class='ocrx_word' id='word_1_753' title='bbox 1446 5282 1597 5345; x_wconf 89' lang='lat' dir='ltr'><strong>adeo</strong></span> <span class='ocrx_word' id='word_1_754' title='bbox 1617 5291 1680 5344; x_wconf 91' lang='lat' dir='ltr'><strong>ut</strong></span> <span class='ocrx_word' id='word_1_755' title='bbox 1706 5283 1960 5363; x_wconf 90' lang='lat' dir='ltr'><strong>populus</strong></span> <span class='ocrx_word' id='word_1_756' title='bbox 1993 5291 2088 5345; x_wconf 91' lang='lat' dir='ltr'><strong>tu-</strong></span> 
     </span>
    </p>
   </div>
   <div class='ocr_carea' id='block_1_102' title="bbox 2259 5007 3850 5098">
    <p class='ocr_par' dir='ltr' id='par_1_102' title="bbox 2259 5007 3850 5098">
     <span class='ocr_line' id='line_1_103' title="bbox 2259 5007 3850 5098; baseline 0.004 -24"><span class='ocrx_word' id='word_1_757' title='bbox 2259 5007 2414 5090; x_wconf 53' lang='grc' dir='ltr'>σις’.</span> <span class='ocrx_word' id='word_1_758' title='bbox 2450 5015 2540 5072; x_wconf 84' lang='grc' dir='ltr'>Ἐν</span> <span class='ocrx_word' id='word_1_759' title='bbox 2571 5015 2681 5089; x_wconf 72' lang='grc' dir='ltr'>ὅσῳ</span> <span class='ocrx_word' id='word_1_760' title='bbox 2725 5017 2825 5093; x_wconf 77' lang='grc' dir='ltr'><strong>γὰρ</strong></span> <span class='ocrx_word' id='word_1_761' title='bbox 2881 5015 3168 5081; x_wconf 81' lang='grc' dir='ltr'>ἐπράττετο</span> <span class='ocrx_word' id='word_1_762' title='bbox 3230 5024 3416 5093; x_wconf 72' lang='grc' dir='ltr'>ταῦτα,</span> <span class='ocrx_word' id='word_1_763' title='bbox 3461 5021 3662 5098; x_wconf 84' lang='grc' dir='ltr'>νύκτωρ</span> <span class='ocrx_word' id='word_1_764' title='bbox 3729 5024 3850 5092; x_wconf 79' lang='grc' dir='ltr'><strong>τὴν</strong></span> 
     </span>
    </p>
   </div>
   <div class='ocr_carea' id='block_1_103' title="bbox 2179 5104 3849 5184">
    <p class='ocr_par' dir='ltr' id='par_1_103' title="bbox 2179 5104 3849 5184">
     <span class='ocr_line' id='line_1_104' title="bbox 2179 5104 3849 5184; baseline 0.004 -20"><span class='ocrx_word' id='word_1_765' title='bbox 2179 5106 2332 5164; x_wconf 84' lang='grc' dir='ltr'>πόλιν</span> <span class='ocrx_word' id='word_1_766' title='bbox 2366 5104 2566 5161; x_wconf 72' lang='grc' dir='ltr'>ἔσεισεν</span> <span class='ocrx_word' id='word_1_767' title='bbox 2613 5107 2640 5161; x_wconf 90' lang='lat'><strong>6</strong></span> <span class='ocrx_word' id='word_1_768' title='bbox 2686 5107 2839 5184; x_wconf 83' lang='grc' dir='ltr'>Θεὸς,</span> <span class='ocrx_word' id='word_1_769' title='bbox 2908 5109 2993 5162; x_wconf 80' lang='grc' dir='ltr'><strong>καὶ</strong></span> <span class='ocrx_word' id='word_1_770' title='bbox 3039 5110 3252 5183; x_wconf 79' lang='grc' dir='ltr'>θραῠσις</span> <span class='ocrx_word' id='word_1_771' title='bbox 3308 5111 3395 5166; x_wconf 84' lang='grc' dir='ltr'><strong>καὶ</strong></span> <span class='ocrx_word' id='word_1_772' title='bbox 3427 5107 3646 5183; x_wconf 75' lang='grc' dir='ltr'>δείματά</span> <span class='ocrx_word' id='word_1_773' title='bbox 3709 5135 3849 5170; x_wconf 77' lang='grc' dir='ltr'>τινα</span> 
     </span>
    </p>
   </div>
   <div class='ocr_carea' id='block_1_104' title="bbox 2176 5192 3850 5275">
    <p class='ocr_par' dir='ltr' id='par_1_104' title="bbox 2176 5192 3850 5275">
     <span class='ocr_line' id='line_1_105' title="bbox 2176 5192 3850 5275; baseline 0.002 -22"><span class='ocrx_word' id='word_1_774' title='bbox 2176 5202 2251 5269; x_wconf 81' lang='grc' dir='ltr'>τῷ</span> <span class='ocrx_word' id='word_1_775' title='bbox 2279 5192 2542 5271; x_wconf 84' lang='grc' dir='ltr'>βασιλικῷ</span> <span class='ocrx_word' id='word_1_776' title='bbox 2571 5194 2930 5267; x_wconf 82' lang='grc' dir='ltr'>συμπέπτωκε</span> <span class='ocrx_word' id='word_1_777' title='bbox 2963 5203 3200 5270; x_wconf 81' lang='grc' dir='ltr'>κοιτῶνι,</span> <span class='ocrx_word' id='word_1_778' title='bbox 3231 5199 3304 5260; x_wconf 87' lang='grc' dir='ltr'>ὡς</span> <span class='ocrx_word' id='word_1_779' title='bbox 3339 5201 3425 5254; x_wconf 78' lang='grc' dir='ltr'><strong>καὶ</strong></span> <span class='ocrx_word' id='word_1_780' title='bbox 3480 5197 3702 5275; x_wconf 77' lang='grc' dir='ltr'>θορύϐου</span> <span class='ocrx_word' id='word_1_781' title='bbox 3781 5207 3850 5260; x_wconf 82' lang='grc' dir='ltr'>τὸ</span> 
     </span>
    </p>
   </div>
   <div class='ocr_carea' id='block_1_105' title="bbox 2174 5281 3846 5364">
    <p class='ocr_par' dir='ltr' id='par_1_105' title="bbox 2174 5281 3846 5364">
     <span class='ocr_line' id='line_1_106' title="bbox 2174 5281 3846 5364; baseline 0.004 -22"><span class='ocrx_word' id='word_1_782' title='bbox 2174 5289 2373 5353; x_wconf 79' lang='grc' dir='ltr'>πλῆθος</span> <span class='ocrx_word' id='word_1_783' title='bbox 2413 5281 2846 5355; x_wconf 78' lang='grc' dir='ltr'>ὑποπλησθῆναι,</span> <span class='ocrx_word' id='word_1_784' title='bbox 2908 5285 2997 5341; x_wconf 83' lang='grc' dir='ltr'><strong>καὶ</strong></span> <span class='ocrx_word' id='word_1_785' title='bbox 3041 5284 3181 5364; x_wconf 86' lang='grc' dir='ltr'>μέγα</span> <span class='ocrx_word' id='word_1_786' title='bbox 3223 5287 3461 5362; x_wconf 82' lang='grc' dir='ltr'>βοῶντας</span> <span class='ocrx_word' id='word_1_787' title='bbox 3523 5287 3846 5348; x_wconf 74' lang='grc' dir='ltr'>ἀνακαλεῖ-</span> 
     </span>
    </p>
   </div>
   <div class='ocr_carea' id='block_1_106' title="bbox 2176 5463 3849 5534">
    <p class='ocr_par' dir='ltr' id='par_1_106' title="bbox 2176 5463 3849 5534">
     <span class='ocr_line' id='line_1_107' title="bbox 2176 5463 3849 5534; baseline 0.005 -12"><span class='ocrx_word' id='word_1_788' title='bbox 2176 5466 2476 5524; x_wconf 88' lang='lat' dir='ltr'><strong>erroribus</strong></span> <span class='ocrx_word' id='word_1_789' title='bbox 2499 5477 2628 5520; x_wconf 86' lang='lat' dir='ltr'><strong>esse</strong></span> <span class='ocrx_word' id='word_1_790' title='bbox 2657 5463 2980 5522; x_wconf 87' lang='lat' dir='ltr'><strong>cavendum</strong></span> <span class='ocrx_word' id='word_1_791' title='bbox 3013 5465 3517 5534; x_wconf 87' lang='lat' dir='ltr'><strong>admoneat,docet</strong></span> <span class='ocrx_word' id='word_1_792' title='bbox 3539 5470 3849 5532; x_wconf 81' lang='lat' dir='ltr'><strong>Batonius</strong></span> 
     </span>
    </p>
   </div>
   <div class='ocr_carea' id='block_1_107' title="bbox 523 5460 2093 5534">
    <p class='ocr_par' dir='ltr' id='par_1_107' title="bbox 523 5460 2093 5534">
     <span class='ocr_line' id='line_1_108' title="bbox 523 5460 2093 5534; baseline 0.004 -18"><span class='ocrx_word' id='word_1_793' title='bbox 523 5460 641 5530; x_wconf 87' lang='lat'><strong>(35)</strong></span> <span class='ocrx_word' id='word_1_794' title='bbox 669 5461 1054 5534; x_wconf 64' lang='lat' dir='ltr'><strong>Theophilum</strong></span> <span class='ocrx_word' id='word_1_795' title='bbox 1112 5461 1383 5534; x_wconf 77' lang='lat' dir='ltr'><strong>Origenis</strong></span> <span class='ocrx_word' id='word_1_796' title='bbox 1426 5477 1657 5534; x_wconf 82' lang='lat' dir='ltr'><strong>errores</strong></span> <span class='ocrx_word' id='word_1_797' title='bbox 1689 5474 1938 5530; x_wconf 87' lang='lat' dir='ltr'><strong>tantum,</strong></span> <span class='ocrx_word' id='word_1_798' title='bbox 1974 5479 2093 5523; x_wconf 91' lang='lat' dir='ltr'><strong>non</strong></span> 
     </span>
    </p>
   </div>
   <div class='ocr_carea' id='block_1_108' title="bbox 2177 5534 2901 5596">
    <p class='ocr_par' dir='ltr' id='par_1_108' title="bbox 2177 5534 2901 5596">
     <span class='ocr_line' id='line_1_109' title="bbox 2177 5534 2901 5596; baseline -0.007 0"><span class='ocrx_word' id='word_1_799' title='bbox 2177 5547 2316 5596; x_wconf 87' lang='lat' dir='ltr'><strong>tom.</strong></span> <span class='ocrx_word' id='word_1_800' title='bbox 2340 5537 2386 5594; x_wconf 82' lang='lat' dir='ltr'><strong>V</strong></span> <span class='ocrx_word' id='word_1_801' title='bbox 2416 5534 2617 5592; x_wconf 76' lang='lat' dir='ltr'><strong>Annal.</strong></span> <span class='ocrx_word' id='word_1_802' title='bbox 2651 5548 2747 5592; x_wconf 88' lang='lat' dir='ltr'><strong>an.</strong></span> <span class='ocrx_word' id='word_1_803' title='bbox 2776 5535 2901 5592; x_wconf 66' lang='lat'><strong>403.</strong></span> 
     </span>
    </p>
   </div>
   <div class='ocr_carea' id='block_1_109' title="bbox 451 5532 2095 5598">
    <p class='ocr_par' dir='ltr' id='par_1_109' title="bbox 451 5532 2095 5598">
     <span class='ocr_line' id='line_1_110' title="bbox 451 5532 2095 5598; baseline 0.003 -10"><span class='ocrx_word' id='word_1_804' title='bbox 451 5545 654 5588; x_wconf 88' lang='lat' dir='ltr'><strong>omnes</strong></span> <span class='ocrx_word' id='word_1_805' title='bbox 675 5532 856 5588; x_wconf 91' lang='lat' dir='ltr'><strong>libros</strong></span> <span class='ocrx_word' id='word_1_806' title='bbox 882 5532 1308 5598; x_wconf 43' lang='lat' dir='ltr'><strong>damnasse,“</strong></span> <span class='ocrx_word' id='word_1_807' title='bbox 1332 5533 1613 5592; x_wconf 64' lang='lat' dir='ltr'><strong>Ecclesia:</strong></span> <span class='ocrx_word' id='word_1_808' title='bbox 1637 5536 1930 5594; x_wconf 55' lang='lat' dir='ltr'><strong>catholicae</strong></span> <span class='ocrx_word' id='word_1_809' title='bbox 1961 5552 2095 5593; x_wconf 87' lang='lat' dir='ltr'><strong>sen-</strong></span> 
     </span>
    </p>
   </div>
   <div class='ocr_carea' id='block_1_110' title="bbox 448 5601 2093 5682">
    <p class='ocr_par' dir='ltr' id='par_1_110' title="bbox 448 5601 2093 5682">
     <span class='ocr_line' id='line_1_111' title="bbox 448 5601 2093 5682; baseline 0.003 -23"><span class='ocrx_word' id='word_1_810' title='bbox 448 5601 646 5663; x_wconf 88' lang='lat' dir='ltr'><strong>tentia.</strong></span> <span class='ocrx_word' id='word_1_811' title='bbox 673 5616 798 5676; x_wconf 65' lang='lat' dir='ltr'><strong>qua:</strong></span> <span class='ocrx_word' id='word_1_812' title='bbox 830 5602 956 5676; x_wconf 86' lang='lat' dir='ltr'><strong>ejus</strong></span> <span class='ocrx_word' id='word_1_813' title='bbox 986 5603 1444 5663; x_wconf 87' lang='lat' dir='ltr'><strong>Commentarios</strong></span> <span class='ocrx_word' id='word_1_814' title='bbox 1473 5605 1549 5664; x_wconf 85' lang='lat' dir='ltr'><strong>ita</strong></span> <span class='ocrx_word' id='word_1_815' title='bbox 1585 5609 1750 5682; x_wconf 78' lang='lat' dir='ltr'><strong>legit,</strong></span> <span class='ocrx_word' id='word_1_816' title='bbox 1783 5615 1843 5666; x_wconf 87' lang='lat' dir='ltr'><strong>ut</strong></span> <span class='ocrx_word' id='word_1_817' title='bbox 1865 5608 1934 5664; x_wconf 90' lang='lat' dir='ltr'><strong>ab</strong></span> <span class='ocrx_word' id='word_1_818' title='bbox 1967 5607 2093 5679; x_wconf 90' lang='lat' dir='ltr'><strong>ejus</strong></span> 
     </span>
    </p>
   </div>
  </div>
