4060 6200
437 309 588 373 1175

1730 301 2013 367 MENSIS
2047 305 2080 365 J
2083 303 2189 368 AN
2195 303 2500 366 UARIUS.

3655 301 3808 366 1176

432 448 760 514 reputasset
780 453 907 497 esse
925 437 1121 510 templi
1147 435 1556 494 contumeliam
1575 436 1671 504 (ad
1689 450 1885 494 sacros
1906 436 2079 500 enim,

2169 436 2287 502 τοῖς
2317 438 2485 516 ἱεροῖς
2527 435 2711 512 ὕμνοις
2742 435 3019 513 ᾀδομένοις
3066 436 3324 500 ἀτάκτους
3357 457 3414 493 τε
3443 436 3530 493 καὶ
3574 435 3809 511 ἆσήμούξ

438 526 540 608 qui
571 524 936 588 canebantur
986 523 1259 600 hymnos,
1322 520 1586 582 confusae
1637 530 1696 583 et
1729 519 2084 582 inordinatus

435 639 613 682 voces
644 626 851 680 contra
874 613 1454 692 resonabant),smpe
1480 620 1676 674 autem
1711 613 2078 687 adhortatus,

441 727 558 771 non
583 706 871 788 potuisset
899 703 1098 764 facere
1127 714 1192 762 ut
1215 702 1816 780 cessarent,linguam
1847 703 2000 766 laxat
2022 702 2082 763 in

435 795 669 876 eos,qui
701 795 826 856 haec
853 791 1148 872 jubebant
1172 791 1327 854 fieri.
1353 793 1560 871 Itaque
1590 789 1854 853 Eudoxia
1879 809 2084 852 rursus

434 886 509 947 ad
533 903 598 946 se
631 883 876 944 trahens
924 899 994 942 ea
1025 899 1156 962 quae
1216 878 1596 955 dicebantur,
1645 887 1703 941 et
1733 878 2086 942 existimans

434 974 636 1037 omnia
657 975 730 1034 ad
753 990 819 1035 se
842 970 1078 1045 referri,
1107 970 1369 1048 graviori
1396 970 1513 1032 telo
1540 971 1643 1030 ira:
1665 969 2087 1043 sauciata,erat

432 1061 972 1135 intolerabilis,nec
987 1058 1824 1140 poteratcohiberi,quantum
1845 1058 2084 1120 efficere

434 1161 688 1232 poterat,
724 1151 1070 1212 universum
1095 1157 1367 1210 evertere
1416 1148 1796 1226 aggrediens,
1832 1156 1887 1209 et
1933 1147 2082 1208 nihil

432 1245 592 1305 aliud
613 1244 879 1303 effectum
901 1242 1148 1301 reddere
1173 1241 1536 1305 machinans,
1555 1255 1728 1310 quam
1755 1251 2084 1311 opportune

435 1345 570 1389 eum
591 1330 925 1400 ulcisci,qui
952 1329 1111 1385 visus
1130 1327 1314 1385 fuerat
1335 1340 1462 1383 eam
1486 1325 2078 1398 aﬂicereinjuria(36).

435 1421 666 1480 Rursus
686 1435 827 1497 ergo
850 1417 1053 1479 statim
1077 1413 1552 1494 congregabatur
1573 1413 1834 1494 synodus
1863 1413 2082 1494 (37),et

434 1511 650 1573 litterae
669 1508 1062 1573 mittebantur
1080 1508 1505 1587 imperatoriae,
1533 1524 1662 1586 qua:
1683 1515 1742 1566 et
1772 1505 1922 1566 alios
1947 1505 2080 1586 epi-

436 1619 652 1680 scopos
683 1611 739 1661 et
765 1617 892 1675 eos,
921 1599 1026 1676 qui
1057 1615 1251 1678 nuper
1281 1600 1666 1659 accusatores
1692 1594 2085 1669 fuerant,evo-

2166 525 2524 606 ἀντηχεῖσθαι
2587 527 2790 607 φωνὰς,
2836 526 2950 583 ἐπεὶ
3009 525 3188 584 πολλὰ
3242 524 3566 604 παραινέσας
3624 525 3809 581 παύειν

2166 616 2261 670 οὒκ
2315 615 2468 694 εἶχε,
2529 629 2852 694 παραχωρεῖ
2893 616 2961 684 τῇ
3021 615 3238 694 γλώττῃ
3294 615 3432 671 κατὰ
3488 619 3594 670 τῶν
3650 622 3807 673 ταῦτα

2168 705 2409 780 γενέσθαι
2468 703 2816 764 κελευόντων.
2882 695 2946 762 Ἠ
3016 705 3189 761 τοίνυν
3256 702 3473 769 Εὗδοξία
3517 700 3679 760 πάλιν
3738 704 3808 765 εἷς

2171 794 2362 860 ἑαυτὴν
2419 792 2649 851 ἕλκουσα
2691 795 2757 849 τὰ
2812 793 3101 874 λεγόμενα,
3145 795 3234 850 καὶ
3283 795 3416 870 πρὸς
3470 793 3634 860 αύτὴν
3680 791 3808 847 livi-

2168 881 2413 960 φέρεσθαι
2473 883 2534 939 τὸ
2605 888 2711 939 πᾶν
2765 883 2984 958 οἰομένη
3016 931 3033 962 ,
3089 881 3358 961 βαρυτέρῳ
3424 895 3655 938 τυπεῖσα
3726 887 3810 937 τηῦ

2169 971 2334 1046 θυμοῦ
2391 971 2590 1050 κέντρῳ
2650 972 2919 1052 ἀφόρητός
2981 993 3038 1028 τε
3093 974 3181 1029 καὶ
3239 971 3529 1035 ἀκάθεκτος
3602 971 3692 1050 ἦν,
3741 977 3810 1046 ﬁt

2167 1060 2432 1117 θάλασσαν
2512 1068 2766 1140 ιιιγνῦσα,
2849 1062 2937 1118 καὶ
3005 1063 3066 1117 τὸ
3136 1066 3240 1116 πᾶν
3312 1060 3594 1140 στρέφουα,
3667 1057 3807 1118 οὐδὲν

2166 1147 2298 1204 ἄλλο
2367 1149 2633 1227 περαίνειν
2703 1147 3006 1226 βουλομένη
3077 1148 3356 1225 πρότερον,
3412 1149 3447 1216 ἢ
3515 1149 3808 1224 ἀμύνασθαι

2165 1237 2255 1292 τὸν
2307 1235 2526 1308 δόξαντα
2583 1236 2870 1314 ὕϐρικέναι.
2936 1240 3097 1302 Εὐθὺς
3142 1241 3231 1294 οὖν
3273 1236 3487 1301 σύνοδος
3533 1237 3809 1316 ἐκροτεῖτο

2164 1324 2350 1400 πάλιν,
2385 1327 2472 1382 καὶ
2528 1325 2782 1402 βασιλικὰ
2835 1327 2968 1404 πρὸς
3021 1328 3191 1399 τούτῳ
3234 1327 3527 1405 γράμματα
3587 1325 3807 1400 διεπέμ-

2165 1437 2349 1495 ποντο,
2402 1413 2596 1479 ἄλλους
2652 1438 2710 1474 τε
2760 1423 2866 1474 τῶν
2931 1417 3261 1493 ἐπισκόπων,
3313 1417 3401 1472 καὶ
3456 1417 3576 1478 τοὺς
3628 1415 3808 1494 πρώην

2165 1505 2496 1583 κατηγόρους
2555 1504 3022 1580 μετακαλούμενα.
3061 1505 3214 1563 Ἐπεὶ
3271 1505 3325 1562 δὲ
3384 1505 3480 1562 οὒκ
3509 1505 3575 1572 ἧν
3631 1507 3807 1566 αὐτοῖς

2167 1594 2514 1672 εὐπρόσωπος
2588 1593 2805 1674 ἀφορμὴ
2877 1603 2970 1652 τοῦ
3049 1595 3115 1652 τὰ
3186 1593 3289 1662 ἤδη
3379 1594 3808 1672 κατηγορηθέντα

435 1688 670 1752 cabant.
706 1689 852 1751 Cum
903 1694 1102 1748 autem
1143 1703 1265 1746 non
1317 1691 1476 1745 esset
1507 1683 1594 1744 eis
1625 1683 1878 1746 honesta
1909 1702 2079 1744 causa

2168 1697 2362 1756 κινεῖν,
2414 1683 2562 1758 ὅμως
2637 1686 2732 1741 οὐκ
2788 1684 3021 1762 ἄσπορον
3081 1685 3314 1752 κατέστη
3357 1698 3478 1748 τοῖς
3524 1696 3807 1762 πονηροῖς,

435 1777 716 1840 movendi
747 1795 837 1852 ea,
873 1793 1124 1856 quorum
1168 1775 1297 1854 jam
1348 1773 1543 1834 fuerat
1601 1782 1940 1847 accusatus,
1988 1791 2079 1834 ars

2170 1776 2362 1846 μαθεῖν
2419 1775 2478 1828 ὲκ
2512 1771 2688 1850 ἑτέρου
2749 1772 3131 1852 σπουδάσασιν,
3164 1775 3194 1829 '6
3251 1775 3447 1853 γνῶναι
3507 1772 3627 1850 παρ’
3684 1774 3807 1828 ἐαυ-

437 1875 636 1930 tamen
668 1884 788 1927 non
821 1864 1010 1926 defuit
1037 1863 1302 1924 malitiae.
1354 1860 1450 1923 Ad
1498 1879 1632 1922 eum
1671 1860 1856 1935 enim,
1891 1861 1993 1940 qui
2025 1865 2079 1924 in

2170 1884 2274 1916 των
2329 1859 2523 1940 ἄπορον
2558 1865 2650 1930 ἦν.
2714 1863 2773 1920 Τί
2818 1863 2904 1919 οὖν
2965 1863 3309 1939 σκέπτονται,
3344 1865 3437 1920 καί
3470 1875 3568 1919 ποῖ
3623 1861 3807 1939 γέρον-

437 1955 621 2018 rebus
670 1952 964 2032 ejusmodi
1022 1959 1153 2013 erat
1184 1949 1728 2030 ingeniosissimus,
1763 1959 1820 2012 et
1852 1950 1924 2012 ad
1958 1951 2079 2012 haec

2167 1969 2310 2031 ται;
2357 1952 2496 2030 Πρὸς
2556 1953 2646 2009 τὸν
2691 1953 2853 2031 σοφὸν
2912 1952 2976 2009 τὰ
3035 1959 3252 2010 τοιαῦτα
3308 1954 3398 2009 καὶ
3445 1951 3808 2030 ποριμώτατον

435 2043 841 2108 construenda
861 2040 1541 2119 solertissimus,nempe
1564 2039 1636 2100 ad
1651 2038 2079 2120 Theophilum,

436 2140 775 2197 statuerunt
796 2131 1086 2206 scribere,
1123 2139 1185 2192 ut
1225 2131 1312 2192 vel
1348 2133 1578 2190 veniret
1607 2129 2078 2209 quamprimum,

435 2223 530 2281 vel
557 2225 788 2282 modum
821 2225 906 2280 eis
924 2236 1131 2280 rursus
1159 2228 1630 2293 suggereret,per
1651 2235 1824 2291 quem
1851 2232 2086 2290 possent

437 2310 724 2373 adversus
751 2307 1002 2371 Joannis
1029 2325 1324 2369 summam
1360 2306 1728 2368 contendere
1749 2307 2080 2370 veritatem.

437 2402 572 2481 Ipse
589 2405 883 2473 autem,ut
906 2397 1007 2477 qui
1033 2399 1338 2477 quomodo
1357 2395 1604 2474 fugisset
1635 2403 1793 2458 esset
1827 2414 2078 2471 memor,

439 2489 645 2552 venire
671 2487 913 2569 quidem
937 2485 1010 2548 ad
1034 2505 1140 2548 eos
1161 2485 1480 2559 recusavit,
1500 2499 1565 2545 ut
1590 2486 1746 2565 quod
1775 2503 1894 2545 non
1928 2494 2086 2546 esset

437 2583 547 2640 sibi
569 2581 938 2639 conducibile
972 2598 984 2632 :
1039 2581 1212 2637 mittit
1255 2587 1446 2637 autem
1481 2589 1598 2635 tres
1625 2581 1746 2636 suis
1769 2579 2083 2650 episcopis,

437 2673 525 2729 eis
556 2666 694 2728 dato
725 2681 956 2726 canone
986 2663 1056 2725 ad
1090 2663 1536 2726 accusationem
1567 2661 1898 2742 (38),quem
1923 2663 2087 2742 prius

436 2763 880 2838 proposuerunt
935 2754 1142 2817 Ariani
1194 2752 1478 2814 adversus
1507 2751 1766 2815 validum
1802 2751 2086 2814 Ecclesia:

437 2844 1203 2928 propugnaculum,nempe
1234 2841 1758 2918 Athanasium,qui
1799 2840 1946 2903 dicit
1977 2865 1990 2900 :
2025 2841 2082 2904 Si

435 2941 568 3011 quis
589 2939 898 3010 episcopus
923 2947 1022 2994 aut
1056 2934 1525 3007 presbyterjuste
1555 2943 1650 2992 aut
1675 2933 1845 2992 etiam
1870 2935 2082 3006 injuste

439 3023 886 3104 depositus,per
907 3039 973 3083 se
1001 3019 1247 3082 redierit
1275 3018 1502 3100 absque
1523 3018 1747 3098 synodo
1772 3017 2078 3095 Ecclesia,

2168 2053 2484 2118 κακουργεῖν
2538 2039 2757 2120 γράφειν
2819 2040 3079 2118 ἔγνωσαν,
3115 2044 3202 2098 καὶ
3259 2041 3388 2120 παρ’
3443 2045 3603 2100 αὐτοῦ
3660 2038 3804 2096 διδα-

2170 2130 2368 2209 χθῆναι
2437 2129 2536 2197 τὴν
2594 2137 2699 2186 τῶν
2783 2129 3159 2206 ἀπορουμένων
3226 2130 3448 2207 εὕρεσιν.
3525 2130 3806 2208 Γράιρουσιν

2171 2219 2259 2274 οὖν
2292 2217 2530 2296 Θεοφίλῳ
2585 2218 2621 2286 ἢ
2666 2218 2970 2286 ἀπαντῆσαι
3001 2221 3062 2275 τὸ
3109 2221 3280 2300 τάχος
3326 2220 3509 2299 πάλις,
3541 2221 3578 2288 ἢ
3624 2219 3807 2297 τρόπον

2171 2307 2356 2370 αὺτοῖς
2413 2306 2721 2387 ὑποθέσθαι,
2785 2307 2853 2362 δι’
2910 2311 2972 2364 οὗ
3043 2309 3105 2364 ἃν
3175 2307 3449 2377 δυνηθεῖεν
3521 2311 3651 2388 πρὸς
3719 2310 3807 2374 τὴν

2171 2394 2378 2462 πολλὴν
2440 2393 2687 2452 Ἰωάννου
2749 2394 3060 2454 διαπαλαίεν
3131 2395 3412 2467 ἀλήθειαν,
3492 2399 3658 2459 Αὐτὸς
3727 2396 3809 2452 οὖν

2171 2483 2442 2558 συνειδὼς,
2478 2483 2622 2546 ὅπως
2671 2482 2871 2562 ἀπέδρα
2921 2486 3202 2562 πρότερον,
3249 2487 3309 2542 τὸ
3340 2486 3440 2561 μὲν
3485 2488 3807 2557 ἀπαντῆσαι,

2168 2574 2259 2630 ἅτε
2309 2573 2388 2648 μὴ
2419 2571 2726 2630 λυσιτελοῦν
2787 2575 2952 2652 αὐτῷ,
2989 2576 3358 2653 παρῃτήσατο·
3409 2588 3552 2652 τρεῖς
3608 2573 3660 2630 δὲ
3709 2581 3806 2629 τῶν

2171 2663 2256 2718 ὕπ’
2333 2664 2488 2720 αὐτὸν
2547 2661 2854 2718 ἐπισκόπων
2926 2663 3216 2740 ἐκπέμπει,
3281 2665 3476 2720 κανόνα
3553 2662 3668 2727 δοὺς
3736 2665 3804 2724 εὶς

2170 2753 2517 2830 κατηγορίαν,
2553 2753 2612 2807 ὂυ
2648 2747 2910 2829 Ἀρειανοὶ
2963 2752 3226 2831 πρότερον
3283 2753 3421 2810 κατὰ
3459 2762 3553 2811 τοῦ
3601 2751 3806 2828 στεῤῥοῦ

2165 2846 2264 2907 τῆς
2324 2839 2643 2908 Ἐκκλησίας
2708 2840 3018 2919 ἐροίσματος
3094 2842 3411 2899 ’Δθανασίου
3486 2841 3795 2921 προέτειναν,

2171 2930 2234 2986 Εἴ
2291 2951 2372 2991 τις
2441 2929 2752 3003 ἐπίσκοπος,
2815 2930 3059 3010 λέγοντα,
3108 2929 3143 2998 ἢ
3203 2929 3552 3009 πρεσϐύτερος
3597 2928 3803 2990 δικαίως

2166 3018 2199 3085 ἢ
2258 3018 2346 3074 καὶ
2399 3016 2591 3079 ἀδίκως
2653 3020 2999 3096 καθαιρεθεὶς,
3046 3020 3218 3094 ἑαυτῷ
3276 3019 3552 3077 ἐπανέλθοι
3596 3018 3803 3074 συνόδου

435 3117 488 3175 ei
522 3130 642 3173 non
673 3111 852 3172 detur
880 3109 1137 3188 amplius
1167 3109 1336 3169 locus
1360 3107 1750 3168 defensionis.
1776 3107 1968 3187 Atque
1999 3108 2079 3170 sic

2167 3106 2293 3185 δίχα
2365 3113 2434 3182 τῇ
2506 3105 2823 3180 Ἐκκλησία,
2887 3114 2962 3181 τῷ
3031 3109 3257 3182 τοιούτῳ
3318 3109 3515 3184 μηκέτι
3586 3106 3803 3164 δίδοσθαι

433 3204 672 3278 quidem
691 3205 858 3266 is,cui
884 3201 1084 3258 nullus
1115 3210 1236 3257 erat
1264 3215 1364 3269 per
1385 3200 1776 3270 improbitate.
1813 3199 2079 3256 cochlear

2167 3197 2354 3275 χώραν
2411 3193 2724 3274 ἀπολογίας,
2773 3195 2924 3254 Οὕτω
2979 3198 3075 3272 μὲν
3129 3199 3217 3254 οὖν
3249 3200 3276 3254 ὁ
3333 3196 3522 3273 μηδενί
3548 3198 3649 3264 τὴν
3706 3219 3802 3252 πο-

435 3289 745 3362 Ecclesize,
779 3286 996 3366 Libyca
1027 3286 1205 3366 plane
1234 3285 1382 3359 fera,
1416 3301 1486 3346 ex
1517 3285 1774 3363 Ailgypto
1804 3283 2078 3353 Proteus,

430 3380 610 3460 jussit
642 3395 745 3440 eos
795 3375 999 3438 dicere
1031 3376 1131 3455 qui
1165 3373 1238 3434 ab
1271 3374 1398 3454 ipso
1434 3372 1601 3434 missi
1633 3373 1892 3450 fuerant,
1933 3373 2082 3436 nihil

434 3468 594 3530 aliud
629 3466 834 3527 volens
859 3463 1123 3537 efficere,
1157 3479 1336 3543 quam
1368 3471 1435 3523 ut
1466 3463 1552 3524 sic
1585 3480 1694 3523 sua
1725 3471 1884 3524 esset
1913 3464 2085 3526 firma

435 3577 505 3619 ac
536 3566 664 3617 rata
695 3555 1015 3621 sententia.
1041 3559 1100 3614 et
1129 3570 1205 3614 ne
1233 3553 1356 3613 viro
1389 3551 1626 3630 egregio
1650 3551 1890 3614 daretur
1913 3553 2078 3614 locus

435 3643 701 3708 diluendi
733 3642 1083 3716 calumnias,
1119 3660 1254 3723 qua)
1285 3641 1340 3702 ei
1385 3640 1639 3720 objecta:
1669 3640 1923 3704 fuerant.
1959 3642 2077 3704 Sed

431 3736 535 3798 ille
566 3752 683 3796 non
715 3733 1151 3814 vulpinam,sed
1177 3730 1478 3793 leoninam
1505 3731 1699 3811 potius
1728 3731 1948 3812 pellem
1976 3731 2075 3792 in-

430 3825 646 3898 duens,
680 3840 898 3903 nempe
927 3821 1265 3896 veritatem,
1317 3819 1464 3881 dicit
1509 3837 1618 3880 nec
1651 3837 1717 3882 se
1750 3819 1810 3880 in
1836 3819 2075 3899 judicio

429 3918 822 3987 fuisse,neque
843 3915 1274 3971 accusationem
1297 3911 1810 3981 audivisse,neque
1836 3912 2077 3968 omnino

429 4001 714 4065 habuisse
741 4009 977 4078 tempus
1006 3997 1081 4059 ad
1112 3995 1525 4060 defensionem
1563 4015 1576 4056 :
1607 3993 1680 4057 ab
1713 3995 2079 4076 imperatore

2168 3285 2352 3363 νηρίαν
2409 3285 2710 3360 ίσούμενος,
2745 3289 2772 3342 ὁ
2831 3288 2929 3352 τῆς
2993 3285 3316 3354 Ἐκκλησίας
3377 3285 3660 3361 δοίδυξ,τὸ
3711 3293 3798 3341 At-

2167 3372 2325 3432 ϐυκὸν
2380 3377 2582 3455 θηρίον,
2617 3377 2644 3430 ὁ
2675 3374 2727 3440 ἐξ
2759 3375 3028 3452 Αἰγύπτου
3075 3378 3345 3456 Πρωτεὺς,
3380 3376 3546 3439 οὕτως
3606 3375 3804 3436 ἐκεῖνος

2166 3477 2285 3529 τοῖς
2341 3463 2429 3520 ὑπ’
2493 3465 2652 3520 αὐτοῦ
2717 3468 3040 3544 πεμφθεισιν
3093 3466 3353 3545 ὶπέτρεψε
3404 3464 3604 3543 λέγειν,
3664 3463 3806 3523 οὐδὲν

2162 3553 2365 3630 ἕτερον,
2400 3552 2436 3621 ἢ
2469 3553 2562 3619 τήν
2624 3555 2785 3611 αὐτοῦ
2843 3552 3167 3630 βουλόμενος
3221 3561 3404 3634 ψῆφον
3447 3567 3692 3632 κρατεῖν,
3723 3561 3804 3616 καὶ

2163 3641 2300 3714 μηδὲ
2364 3642 2548 3721 χώραν
2581 3639 2794 3710 δοθῆναι
2835 3648 2911 3716 τῷ
2941 3647 3190 3722 μακαρίῳ
3239 3646 3334 3707 τὰς
3387 3641 3636 3704 διαϐολὰς
3667 3643 3804 3698 ἆπο-

2160 3732 2431 3793 δύσασθαι,
2503 3733 2670 3796 Αὐτὸς
2743 3729 2798 3787 δὲ
2871 3735 3009 3807 μήτε
3085 3732 3394 3790 δικάσασθαι
3468 3733 3594 3813 ἔφη,
3670 3733 3804 3807 μήτε

2161 3826 2373 3900 γραφῆς
2429 3820 2672 3894 ἀκοῦσαι,
2710 3821 2836 3894 μήθ’
2897 3820 3036 3888 ὅλως
3086 3830 3271 3901 καιροῦ
3326 3836 3518 3902 τυχεῖν
3548 3825 3620 3886 εἰς
3666 3821 3802 3877 ἁπο-

2163 3909 2367 3986 λογίαν·
2434 3911 2536 3966 ὑπὸ
2569 3909 2832 3986 βασιλέως
2883 3909 2936 3967 δὲ
2998 3911 3310 3988 ἐξωσθῆναι,
3344 3914 3430 3969 καὶ
3481 3913 3605 3988 παρ’
3663 3913 3800 3967 ὲκεί-

2166 4021 2250 4054 νου
2281 3997 2443 4055 πάλιν
2478 4000 2819 4079 εἰσαχθῆναι,
2851 4002 2943 4058 καὶ
2976 4001 3055 4076 μη
3085 4000 3431 4077 βουλόμενος·
3457 3999 3633 4064 ἄλλως
3665 4022 3719 4056 τε
3751 3997 3802 4056 δὲ

428 4103 625 4155 autem
657 4090 841 4151 fuisse
871 4087 1211 4169 expulsum,
1243 4095 1306 4148 et
1336 4084 1409 4146 ab
1443 4084 1544 4146 illo
1578 4101 1788 4146 rursus
1813 4085 1902 4146 vel
1933 4085 2079 4146 invi-

2165 4090 2246 4145 καὶ
2278 4090 2370 4144 τόν
2397 4089 2594 4145 κανόνα
2626 4095 2810 4145 τοῦτον
2843 4089 2931 4147 ὑπ’
2971 4091 3259 4169 Ἀρειανῶν
3308 4090 3434 4148 οἶδα
3476 4090 3801 4162 συντεθὲντα,

432 4188 554 4241 tum
586 4177 994 4239 introductum
1049 4196 1062 4236 :
1095 4174 1320 4252 alioqui
1373 4181 1569 4234 autem
1637 4190 1700 4232 se
1733 4173 1887 4235 scire
1917 4174 2076 4234 hunc

2165 4177 2245 4233 mi
2305 4175 2385 4232 ὅτι
2419 4177 2496 4252 μη
2531 4177 2705 4238 καλῶς
2740 4177 2922 4258 εἶχεν,
2955 4180 3057 4235 ὑπὸ
3113 4182 3210 4246 τῆς
3241 4179 3295 4236 έν
3327 4178 3562 4258 Σαρδικῇ
3590 4177 3803 4236 συνόδου

431 4284 722 4331 canonem
755 4265 938 4327 fuisse
973 4264 1370 4345 compositum
1397 4261 1470 4323 ab
1506 4260 1748 4324 Arianis
1781 4280 1794 4324 :
1830 4271 1890 4324 et
1920 4282 2073 4343 quo-

2165 4267 2566 4348 διαστράιρέντα·
2605 4268 2729 4325 εἶτα
2766 4282 2882 4332 τοῖς
2916 4271 3034 4349 περὶ
3093 4271 3340 4327 Ἀκάκιον
3372 4275 3468 4326 γαὶ
3498 4270 3802 4348 Ἀντίοχον,

436 4357 597 4419 niam
625 4375 746 4418 non
777 4362 942 4417 recte
975 4373 1041 4416 se
1072 4352 1354 4427 habebat,
1386 4371 1420 4414 a
1451 4349 1791 4413 Sardicensi
1852 4351 2076 4433 synodo

2165 4355 2487 4435 Σεϐηριανὸν
2544 4378 2600 4413 τε
2633 4356 2728 4414 καί
2785 4368 3031 4440 Κυρῖνον,
3069 4363 3164 4416 καὶ
3196 4367 3288 4416 τοῦ
3337 4360 3527 4436 μέρους
3557 4359 3806 4416 Ἰωάννου

431 4447 615 4510 fuisse
635 4446 981 4523 abrogatum
1007 4442 1129 4523 (39)
1145 4441 1396 4506 .Deinde
1419 4459 1550 4502 cum
1578 4441 1755 4503 simul
1779 4459 1913 4503 cum
1933 4446 2079 4504 Aca-

2165 4447 2286 4503 δέκα
2344 4445 2783 4504 συνεισεϐθόντων
2827 4450 2899 4514 εἷς
2949 4449 3195 4526 βασιλέα,
3229 4452 3322 4506 καί
3379 4456 3487 4506 τῶν
3526 4449 3623 4525 μὲν
3679 4447 3803 4504 δια-

433 4537 527 4598 cio
555 4543 614 4597 et
640 4515 935 4597 Antiocho
955 4515 1026 4595 et.
1058 4515 1194 4594 aliis
1225 4529 1768 4593 calumniatoribus
1800 4549 1870 4592 ex
1909 4540 2078 4612 parte

2165 4536 2480 4612 τεινομένων
2531 4538 2621 4594 τὸν
2678 4536 2780 4604 ἤδη
2840 4538 3100 4618 λεχθέντα
3158 4543 3522 4617 συντηρεῖσθοι
3580 4539 3801 4610 κανόνα,

432 4624 929 4706 quoqueJoannis
942 4623 1150 4685 decem
1175 4621 1428 4702 ingressi
1449 4619 1703 4681 fuissent
1725 4618 1796 4681 ad
1815 4619 1894 4681 im
1905 4639 2075 4700 pera-

2165 4626 2233 4690 ὥς
2292 4648 2353 4706 γε
2425 4627 2510 4682 καὶ
2567 4626 2668 4683 ὕπὸ
2739 4626 3027 4702 ὁρθσδόξων
3096 4629 3511 4703 συντεθειμένον,
3575 4634 3681 4684 τῶν
3751 4626 3804 4683 δὲ

431 4720 715 4789 torem,et
735 4711 1078 4794 illiquidem
1106 4711 1499 4785 affirmarent,
1527 4709 1755 4772 dictum
1779 4729 2070 4782 canonem

2165 4717 2432 4794 αἱρετικῆς
2509 4714 2664 4771 αὐτὸν
2735 4719 2921 4795 φρενὸς
2983 4719 3127 4775 εἶναι
3197 4717 3484 4795 λεγόντων,
3547 4720 3633 4774 καὶ
3699 4719 3804 4773 ὑπὸ

433 4821 567 4867 esse
597 4804 836 4866 firmum
862 4811 920 4864 et
947 4803 1314 4878 validum,ut
1339 4801 1436 4881 qui
1468 4808 1674 4881 aperte
1707 4800 1895 4862 factus
1918 4813 2076 4862 esset

427 4894 502 4956 ab
536 4891 922 4956 orthodoxis:
978 4892 1042 4954 hi
1089 4900 1286 4953 autem
1328 4889 1622 4965 dicerent,
1687 4908 1823 4951 eum
1858 4908 1990 4952 esse
2019 4897 2077 4952 et

431 4984 650 5047 mentis
673 4993 734 5046 et
755 4985 974 5064 linguae
1008 4981 1330 5058 haeretica,
1369 4988 1426 5041 et
1449 4979 1707 5058 maligne
1731 4979 1802 5041 ab
1829 4981 1917 5041 eis
1941 4997 2075 5041 esse

431 5081 1153 5150 inventum.Quamobrem
1179 5093 1328 5152 saepe
1349 5078 1421 5134 ab
1446 5076 1696 5136 Ecclesia
1721 5076 1934 5149 injuste
1971 5092 2074 5135 ex-

502 5242 615 5311 (36)
648 5241 938 5313 Beronius
961 5240 1258 5313 iustiorem
1290 5237 1703 5313 commotionis
1721 5250 1952 5313 causam
1975 5237 2069 5313 lo-

425 5308 598 5373 annis
626 5321 826 5372 contra
858 5308 1179 5370 Eudoxiam
1208 5311 1436 5376 astruit,
1467 5310 1623 5382 quod
1657 5309 1778 5380 ejus
1819 5308 2070 5365 simula-

429 5399 594 5444 crum
624 5383 989 5452 scilicet,non
1021 5383 1209 5440 solum
1239 5381 1673 5450 Constantinop.
1701 5390 2069 5452 veneraretur

429 5457 530 5512 sed
553 5470 653 5526 per
693 5449 1026 5526 provincias
1058 5449 1678 5526 etiamiEthnicoru’m
1724 5449 1908 5526 instar
1947 5452 2064 5508 cir-

426 5520 827 5583 cum'ferretur.
861 5524 1006 5582 Vide
1039 5524 1211 5583 oracd.
1245 5525 1460 5581 Baron.
1495 5521 1566 5578 ad
1598 5536 1690 5579 an.
1725 5520 1850 5578 404.

493 5595 610 5667 (37)
641 5597 810 5655 Anno
871 5595 993 5654 ιοι.
1039 5593 1255 5655 Iterum
1289 5595 1517 5668 cogitur
1556 5593 1815 5666 synodus
1863 5601 2066 5653 contra

2159 4805 2357 4862 τούτων
2429 4807 2731 4882 κακούρθως
2802 4805 3167 4883 ἐξευρημένον,
3229 4807 3340 4863 ἀνθ’
3397 4808 3471 4863 ὧν
3543 4805 3802 4868 πολλάκις

2159 4895 2256 4960 τῆς
2315 4892 2638 4959 Ἐκκλησίας
2697 4893 2887 4958 ἀδίκως
2946 4895 3224 4958 ἀπελαθεὶς
3282 4895 3616 4966 Ἀθανάσιος,
3676 4896 3804 4952 εἶτα

2159 4992 2342 5063 καιροῦ
2399 4983 2683 5061 τυγχάνων
2713 4983 2886 5058 ἑαυτῷ
2937 4983 3198 5062 ἐπεισῄει·
3236 4989 3323 5042 ναὶ
3373 4985 3556 5058 ὅτιπερ
3606 4984 3802 5042 ἰωάν-

2159 5096 2252 5140 νης
2316 5069 2434 5129 ούδὲ
2486 5073 2782 5151 καθήρηται
2839 5074 3116 5153 πρότερον,
3149 5072 3270 5130 ἀλλ’
3329 5074 3497 5138 οὕτως
3539 5075 3642 5130 ὑπὸ
3700 5073 3801 5130 κό-

2157 5239 2343 5297 virum
2377 5239 2500 5297 Dei.
2525 5238 2669 5312 iVide
2699 5241 2938 5310 Niceph.
2975 5241 3073 5298 lib.
3105 5254 3230 5305 xm.
3265 5255 3316 5312 c.
3352 5241 3417 5297 17
3449 5257 3466 5312 ;
3499 5241 3662 5299 Socr.
3698 5242 3797 5298 lib.

2152 5322 2230 5376 ιι,
2265 5326 2341 5384 ιι.Δ
2367 5312 2432 5384 16
2465 5326 2483 5380 ;
2514 5311 2739 5369 Sozom.
2783 5312 2885 5369 lib.
2935 5323 3062 5383 vni,
3095 5327 3221 5384 cap.
3255 5311 3345 5380 20,
3378 5313 3438 5370 21
3483 5332 3499 5383 ;
3557 5315 3688 5370 Bar.
3729 5315 3801 5370 ad

2152 5380 2507 5525 an(ﬁguldrat
2557 5453 2650 5510 hic
2683 5467 2870 5525 canon
2912 5454 3143 5512 concilii
3193 5455 3538 5513 Antiocheni
3571 5455 3628 5513 in
3677 5454 3798 5512 En-

2151 5524 2476 5596 cee’niistab
2507 5524 3068 5596 Agrianiscelebrati,
3098 5533 3160 5584 ut
3196 5536 3356 5585 natat
3389 5527 3520 5585 Bar.

2221 5595 2334 5667 (39)
2371 5595 2577 5655 Concit.
2610 5595 2832 5655 Sardic.
2869 5613 2917 5652 c.
2940 5596 2997 5654 3.
