4060 6200
297 351 449 420 1177

1339 353 1528 416 VITA
1573 353 1634 417 S.
1679 353 2000 417 JOANNIS
2040 350 2594 416 CHRYSOSTOMI.

3506 355 3660 421 1178

291 513 466 569 μητος
522 487 876 560 ἑξελαυνεται,
933 489 1019 546 καὶ
1067 487 1184 546 οὐδὲ
1215 489 1387 563 ἑαυτῷ
1414 488 1748 568 ἐπεισῆλθεν,
1794 487 1927 544 me

2015 485 2220 559 pulsus
2239 483 2826 550 Athanasius,deinde
2849 486 3214 543 occasionem
3239 494 3573 559 nactus,per
3595 503 3661 546 se

289 589 369 655 τῷ
411 583 489 654 σῷ
531 579 734 659 κράτει,
797 579 982 657 φησὶν,
1029 576 1204 652 εἴξας,
1266 579 1311 632 ὦ
1339 576 1581 655 βασιλεῦ,
1619 577 1821 653 μᾶλλον
1876 575 1930 632 δὲ

288 670 543 746 βιασθείς.
571 667 735 732 Τέλος
766 665 1257 747 ὑπογραψάτωσαν,
1303 668 1352 724 ei
1408 671 1508 734 τῆς
1554 665 1800 725 Ἰωάννου
1842 667 1931 723 καὶ

288 767 423 819 θεοῦ
478 759 669 836 μοίρας
737 757 922 830 εἷπον,
970 755 1116 814 οὗτοι
1164 757 1299 828 (τοὺς
1352 756 1470 834 περὶ
1532 757 1622 812 τὸν
1679 753 1931 812 Ἀκοίκιὸν

283 838 374 906 καὶ
414 848 699 927 ’Δντίοχον
728 844 1012 925 λέγοντες)
1035 847 1082 902 οἱ
1118 843 1404 924 ὀρθοδόξων
1435 848 1577 901 εἶναι
1608 845 1698 901 τὸν
1730 841 1929 900 κανόνα

284 936 672 1013 διατεινόμεναι
721 940 820 1002 τῆς
863 935 1029 1003 αὐτῆς
1082 935 1227 992 εῖναι
1257 934 1487 997 πίστεως
1531 946 1651 998 τοῖς
1696 933 1929 990 ἐκτεθει-

281 1028 430 1103 κόσι,
473 1028 562 1083 καὶ
619 1024 884 1082 διαλύουσι
930 1026 991 1082 τὸ
1022 1021 1341 1104 ἀμφίϐολον,
1373 1022 1668 1101 Ἐπῇνεσεν
1698 1025 1725 1080 ὁ
1768 1024 1928 1099 βασι-

284 1115 407 1178 λεὺς
466 1117 528 1171 τὸ
600 1113 904 1193 εἰρημένον,
965 1115 1038 1178 ὡς
1094 1111 1273 1178 καλῶς
1341 1111 1499 1192 ἔχον,
1553 1113 1642 1169 καὶ
1705 1113 1930 1191 γίνεσθαι

288 1203 456 1269 οὕτως
519 1203 810 1283 ἐπέτρεπεν
843 1219 858 1235 ’
926 1206 974 1260 οἱ
1041 1201 1096 1259 δὲ
1153 1203 1456 1282 ὑπέσχοντο
1508 1202 1606 1277 μὲν
1657 1203 1923 1274 ποιήσειν,

285 1293 594 1374 ἀπέσχοντο
649 1291 704 1348 δὲ
761 1294 824 1350 τὸ
885 1292 963 1369 μὴ
1023 1292 1258 1372 ἀσφαλὲς
1317 1301 1410 1368 τοῦ
1461 1291 1772 1371 πράγματος
1831 1293 1929 1348 ὺπ-

285 1384 662 1445 οπτεύσαντες.

2010 571 2229 636 rediit:
2267 570 2514 652 etquod
2546 569 2810 632 Joannes
2859 588 2934 632 ne
2989 571 3154 650 prius
3206 571 3447 652 quidem
3482 573 3661 658 fuerit

2012 665 2344 747 depositus,
2378 676 2439 727 et
2460 682 2654 745 neque
2674 682 2859 744 perse
2875 682 3086 725 rursus
3106 673 3265 727 esset
3298 666 3605 744 ingressus
3640 686 3654 730 :

2012 756 2118 817 sed
2149 763 2248 816 tuo
2281 752 3124 834 cedonsimperio,aiebant,o
3156 754 3511 834 imperator,
3537 755 3658 818 imo

2011 861 2151 907 vero
2187 861 2294 924 per
2324 843 2439 904 vim
2465 841 3480 905 coactus.Postremoinscribantur
3503 845 3656 924 (40),

2013 932 2319 1008 dicebant,
2351 933 2393 994 ii
2423 932 2526 1010 qui
2559 939 2695 993 sunt
2723 931 2972 995 Joannis
2998 939 3054 994 et
3078 930 3181 993 Dei
3217 933 3423 1012 partis,
3454 941 3512 995 et
3536 936 3656 1012 isti,

2012 1022 2293 1084 Acacium
2326 1021 2599 1084 dicentes
2631 1029 2689 1083 et
2716 1021 3102 1096 Antiochum,
3123 1021 3226 1102 qui
3258 1021 3657 1084 orthodoxum

2014 1111 2318 1173 afﬁrmant
2339 1128 2472 1172 esse
2497 1128 2789 1173 canonem
2818 1130 2834 1184 ;
2868 1118 2927 1171 et
2948 1109 3243 1171 fateantur
3261 1129 3324 1172 se
3344 1128 3476 1172 esse
3500 1112 3554 1191 ej
3565 1130 3659 1173 us-

2013 1200 2150 1263 dem
2187 1200 2351 1274 ﬁdei,
2385 1201 2554 1278 cujus
2584 1200 2759 1279 ii,qui
2793 1199 3111 1262 ediderunt
3144 1218 3157 1262 :
3205 1208 3265 1262 et
3292 1200 3378 1262 sic
3407 1201 3659 1264 solvitur

2012 1289 2096 1366 id,
2131 1289 2207 1352 de
2237 1309 2354 1370 quo
2388 1288 3007 1351 dubitatur.Laudavit
3029 1289 3186 1370 quod
3213 1290 3435 1351 dictum
3462 1291 3657 1353 fuerat

2011 1379 2357 1460 imperator,
2393 1388 2459 1442 ut
2491 1381 2652 1458 quod
2683 1387 2848 1442 recte
2879 1398 2943 1441 se
2976 1379 3247 1455 haberet,
3283 1388 3340 1440 et
3370 1381 3458 1441 sic
3482 1381 3660 1460 jussit

290 1489 399 1534 eos
444 1471 666 1535 facere.
700 1470 792 1535 llli
823 1479 1022 1533 autem
1055 1487 1120 1532 se
1172 1470 1436 1532 facturos
1465 1468 1705 1548 quidem
1735 1476 1873 1531 sunt
1902 1469 2175 1550 polliciti,
2210 1487 2332 1550 prae
2361 1488 2426 1532 se
2475 1470 2758 1547 ferentes,
2796 1487 2862 1532 se
2893 1469 3196 1532 confidere
3231 1491 3244 1528 :
3299 1469 3659 1533 destiterunt

287 1579 452 1637 vero,
486 1569 551 1624 ut
579 1561 680 1643 qui
712 1559 833 1624 sint
855 1560 1139 1643 suspicati
1168 1577 1298 1624 rem
1330 1558 1578 1621 minime
1610 1576 1743 1622 esse
1775 1566 1984 1622 tutam.

366 1667 510 1739 MH'.
553 1679 645 1736 Ἐν
676 1678 880 1739 τούτοις
924 1683 1031 1734 τῶν
1087 1677 1420 1758 πραγμάτων
1461 1674 1651 1749 ὅντων,
1705 1676 1792 1733 καὶ
1836 1683 1927 1733 τοῦ

2090 1675 2497 1741 XLVIII.Cum
2521 1693 2619 1738 res
2651 1676 2733 1737 ita
2763 1695 2827 1739 se
2859 1676 3245 1751 haberent,et
3276 1676 3376 1738 ille
3411 1676 3653 1758 quidem

284 1769 386 1844 μὲν
420 1769 494 1831 ὡς
538 1766 726 1847 ἄριστα
771 1770 872 1836 τὴν
917 1767 1243 1834 Ἐκκλησίαν
1301 1764 1574 1829 διέποντος
1619 1764 1735 1830 ἔτος
1776 1764 1927 1822 ἐντε-

282 1856 376 1921 λὲς
420 1859 557 1933 μετὰ
603 1858 700 1926 τὴν
745 1856 1066 1933 ἀνάκλησιν,
1109 1863 1216 1913 τῶν
1260 1855 1313 1912 δὲ
1345 1857 1409 1912 τὰ
1460 1855 1659 1912 ἑαυτῶν
1705 1855 1925 1912 ποιούν-

278 1968 410 2026 των,
473 1949 561 2004 καὶ
631 1949 681 2004 τί
739 1949 818 2022 μὴ
877 1947 1186 2026 κινούντων,
1262 1945 1400 2003 ὥστε
1458 1946 1550 2000 τὸν
1622 1944 1779 2024 ἅγιον
1836 1951 1927 2000 τοῦ

277 2037 463 2112 θρόνου
517 2049 878 2117 καταγαγεῖν,
923 2035 1139 2113 ἐπείπερ
1182 2037 1217 2103 ἡ
1262 2042 1355 2092 τοῦ
1406 2035 1600 2113 Πάσχα
1651 2032 1925 2113 παρέϐαλ-

280 2125 374 2182 λεν
403 2127 583 2204 ἑορτὴ,
606 2126 714 2183 τῶν
744 2132 959 2206 συχνῶν
990 2125 1276 2205 ὀχλήσεων
1305 2127 1340 2192 ἡ
1371 2123 1620 2200 βασιλεὺς
1655 2125 1923 2199 ἡττηθεὶς,

281 2213 445 2285 δηλοῖ
500 2221 578 2290 τῷ
655 2215 967 2295 πατριάρχῃ
1043 2220 1144 2281 τῆς
1201 2211 1533 2280 Ἐκκλησίας
1595 2213 1922 2288 ὁπεξελθεῖν,

283 2305 384 2360 ὑπὸ
419 2301 649 2360 συνόδων
698 2302 803 2371 ἤδη
861 2303 1005 2360 δυεῖν
1051 2301 1543 2383 καταψηφισθέντα,
1594 2305 1732 2381 Πρὸς
1763 2305 1927 2360 ταῦτα

287 2402 565 2470 τοιγαροῦν
625 2395 653 2449 ὁ
712 2393 904 2471 μέγας,
951 2391 1156 2449 Εἴπατε
1199 2395 1277 2466 τῷ
1332 2389 1574 2470 βασιλτῖ,
1623 2390 1747 2472 ἔφη.
1785 2391 1930 2470 Ἐγὼ

289 2481 434 2558 παρὰ
463 2489 555 2538 τοῦ
611 2488 744 2538 Θεοῦ
800 2485 887 2538 καὶ
937 2486 1188 2558 Σωτῆρος
1221 2482 1318 2550 τὴν
1352 2479 1675 2547 Ἐκκλησίαν
1705 2480 1930 2561 ἐπιτρα-

287 2571 431 2644 πεὶς,
494 2571 848 2651 ὑποχωρῆσαι
905 2572 1102 2638 ταύτης
1148 2571 1284 2627 ἑκὼν
1346 2567 1580 2634 δέδοικα,
1629 2571 1686 2626 Εἰ
1742 2569 1796 2627 δέ
1845 2595 1928 2629 σοι

283 2668 444 2718 τοῦτα
490 2661 624 2716 κατὰ
667 2660 914 2737 γνώμην,
959 2662 1003 2714 ὦ
1045 2658 1288 2736 βασιλεῦ,
1337 2657 1476 2715 ἀλλὰ
1507 2660 1592 2735 βίᾳ
1623 2681 1688 2736 με
1732 2661 1930 2730 ταύτης

279 2747 500 2822 ἕξωσον,
545 2747 622 2803 ἵν’
672 2747 788 2828 ἔχω
845 2754 944 2815 τῆς
997 2750 1155 2806 οἱονεὶ
1210 2745 1550 2812 λειποταξίας
1605 2747 1928 2828 ἀπολογίαν,

277 2838 380 2907 τήν
440 2859 500 2894 σε
544 2838 645 2906 σὴν
703 2837 961 2918 ἐξουσίαν,
1020 2839 1108 2896 καὶ
1170 2839 1268 2905 τὴν
1327 2837 1460 2912 ἐμοῦ
1521 2838 1661 2917 παρὰ
1705 2840 1926 2918 γνώμην

278 2929 443 2995 αὐτῆς
501 2923 839 3002 κατάλειψιν.
873 2929 1191 3001 Πέμψαντες
1243 2927 1440 3005 τοίνυν,
1502 2926 1600 2995 τῆς
1646 2927 1742 3002 μὲν
1805 2927 1926 2984 λει-

2011 1782 2166 1825 anno
2186 1767 2416 1844 integro
2449 1765 2676 1846 optime
2700 1765 3150 1827 administraret
3174 1765 3500 1827 Ecclesiam
3529 1775 3658 1845 post

2008 1853 2456 1915 revocationem
2489 1853 3015 1934 :istiat‘xtem,quae
3044 1853 3162 1916 sibi
3194 1863 3365 1916 erant
3393 1857 3656 1935 propria,

2010 1942 2297 2006 facerent:
2321 1962 2389 2004 ea
2411 1961 2549 2004 vero
2576 1951 2747 2003 erant
2768 1952 2928 2005 artes
2955 1951 3011 2005 et
3032 1943 3400 2024 imposturae:
3423 1953 3482 2006 et
3512 1943 3656 2024 quid

2010 2052 2130 2095 non
2163 2043 2500 2114 moverent,
2533 2041 2595 2094 ut
2647 2029 2932 2094 Sanctum
2987 2050 3020 2095 e
3076 2032 3220 2095 sede
3252 2031 3652 2113 deponerent,

2011 2124 2250 2185 etiamsi
2283 2142 2400 2184 non
2435 2121 2741 2203 potuerint
2761 2122 2892 2202 ejus
2918 2121 3168 2202 spiritus
3192 2121 3486 2202 dejicere?
3508 2121 3654 2184 Cum

2010 2213 2250 2274 adesset
2278 2212 2462 2274 festus
2520 2210 2651 2273 dies
2716 2212 2980 2287 Paschae,
3015 2230 3050 2273 a
3103 2212 3306 2272 multis
3339 2213 3652 2286 molestiis,

2013 2321 2159 2382 quas
2191 2303 2247 2363 ei
2281 2302 2684 2364 exhibuerunt
2716 2301 2836 2375 isti,
2871 2301 3060 2362 victus
3093 2303 3440 2380 imperator,
3472 2300 3655 2376 signi-

2014 2395 2148 2453 licat
2167 2391 2616 2472 patriarchaa,ut
2641 2389 2890 2451 excedat
2918 2408 2986 2450 ex
3015 2389 3290 2462 ecclesia,
3310 2401 3375 2450 ut
3404 2389 3504 2468 qui
3527 2389 3653 2468 jam

2010 2500 2045 2542 a
2073 2480 2304 2543 duabus
2335 2480 2576 2562 synodis
2602 2481 2676 2541 sit
2697 2478 3388 2542 condemnatus.Adha=.c
3409 2496 3656 2555 magnus

2010 2570 2114 2632 ille
2140 2569 2403 2634 Joannes
2438 2591 2452 2630 :
2500 2569 2642 2648 Ego,
2698 2569 2914 2648 inquit,
2969 2568 3067 2630 cui
3097 2567 3256 2630 Deus
3285 2579 3346 2631 et
3375 2565 3656 2630 Servatur

2012 2659 2344 2721 Ecclesiam
2391 2657 2632 2720 tradidit
2685 2658 3034 2737 regendam,
3069 2656 3143 2718 ab
3175 2675 3245 2718 ea
3276 2675 3407 2718 mea
3439 2665 3652 2736 sponte

2015 2766 2221 2810 vereor
2250 2750 2568 2811 recedere.
2601 2747 2707 2810 Sin
2728 2755 2925 2808 autem
2945 2746 3058 2807 hoc
3083 2745 3163 2807 ita
3188 2745 3293 2808 tibi
3326 2744 3582 2819 videtur,
3613 2765 3646 2807 ο

2009 2843 2358 2918 imperator,
2394 2846 2452 2898 at
2485 2855 2580 2898 me
2611 2856 2682 2898 ex
2713 2855 2782 2897 ea
2811 2837 2864 2896 vi
2902 2835 3158 2915 expelle,
3194 2847 3258 2897 ut
3291 2854 3386 2896 me
3422 2835 3647 2914 possim

2008 2926 2251 2989 omnino
2269 2925 2794 3004 defendere,quod
2813 2926 3024 2986 ordine
3053 2925 3141 2986 vel
3167 2925 3219 2984 vi
3251 2923 3648 2988 deseruerim.

279 3015 522 3094 τουργίας
577 3017 736 3072 αὐτὸν
794 3015 1093 3096 ἀπέχεσθαι
1164 3015 1624 3096 παραγγέλλουσι,
1667 3022 1745 3089 τῷ
1799 3020 1923 3074 ἔπι-

2011 3014 2100 3078 Ad
2125 3034 2260 3078 eum
2283 3015 2484 3096 itaque
2508 3015 2815 3078 mittentes
2849 3013 3171 3094 prohibent
3200 3014 3442 3095 quidem
3469 3014 3650 3076 sacri-

275 3105 510 3180 σκοπείῳ
592 3101 646 3160 δὲ
733 3107 796 3160 τὸ
881 3107 1050 3184 παρὸν
1111 3103 1452 3184 ἐνδιατρίϐειν
1513 3116 1921 3186 παραχωροῦσι,

2011 3105 2227 3167 ﬁcare:
2265 3104 2850 3178 ronceduntaulem,
2875 3104 3020 3165 utin
3071 3109 3384 3186 praesentia
3407 3103 3654 3180 quidem

277 3193 568 3270 δείσαντες,
626 3197 809 3270 οἶμαι,
889 3195 967 3269 μή
1054 3217 1104 3250 τι
1175 3192 1337 3256 πάλιν
1392 3194 1482 3250 καὶ
1541 3195 1670 3257 Θεὸς
1730 3193 1926 3252 ἄνωθεν

2011 3203 2280 3256 versetur
2311 3194 2372 3256 in
2427 3199 2818 3274 episcopatu;
2869 3193 3174 3267 timentes,
3205 3200 3269 3254 ut
3299 3192 3536 3272 opinor,
3579 3212 3654 3254 ne

278 3282 562 3360 ὲπιδικάσῃ
621 3288 688 3360 τῇ
729 3282 933 3359 τολμη,
995 3283 1083 3340 καὶ
1131 3281 1206 3339 ’ἶν’
1250 3283 1408 3360 ἐγγὺς
1483 3284 1640 3340 αὐτὸν
1700 3284 1924 3363 ἔχοντες

2011 3286 2168 3346 Deus
2200 3301 2410 3364 rursus
2439 3284 2705 3364 desuper
2746 3283 2897 3345 ferat
2944 3281 3305 3344 sententiam
3351 3281 3412 3342 in
3445 3300 3652 3343 eorum

282 3371 674 3450 διορθώσοιντο.
724 3372 902 3436 Οὕτως
975 3373 1065 3429 οὖν
1137 3371 1349 3444 ἰδιάζων
1405 3371 1604 3448 μεταξὺ
1668 3372 1853 3452 διῆγεν
1897 3377 1924 3432 ὁ

2011 3374 2494 3448 audaciam,etut
2519 3391 2708 3453 prope
2730 3391 2862 3433 eum
2891 3370 3207 3449 habentes,
3237 3370 3343 3432 Dei
3363 3371 3513 3432 iram
3547 3390 3656 3451 per

283 3460 453 3537 μέγας
521 3459 801 3526 διαλέξεων
857 3484 914 3518 τε
971 3464 1059 3519 καὶ
1116 3469 1222 3519 τῶν
1281 3461 1463 3518 καλῶν
1519 3467 1616 3529 τῆς
1673 3461 1922 3541 γλώττης

2011 3465 2202 3540 ipsum
2223 3463 2686 3544 reprimant.Sic
2711 3481 2852 3540 ergo
2873 3481 3143 3523 seorsum
3169 3462 3407 3522 interim
3431 3462 3548 3541 egit
3566 3461 3655 3524 vir

283 3549 558 3626 ῥευμάτων
610 3551 936 3629 εἰργόμενος,
997 3549 1149 3608 Ἐπεὶ
1206 3549 1259 3606 δὲ
1317 3552 1402 3607 καὶ
1446 3551 1482 3618 ἦ
1537 3561 1628 3611 τοῦ
1688 3552 1925 3630 μεγάλου

2011 3550 2110 3612 ille
2139 3570 2660 3631 magnus,cessans
2694 3569 2726 3612 ει
2760 3550 3140 3611 sermonibus
3173 3558 3230 3611 et
3253 3551 3521 3630 pulchris
3549 3551 3656 3612 lin-

284 3635 560 3695 Σαϐϐάτου
616 3639 792 3718 ἡμέρα
836 3641 924 3715 ἧν,
972 3643 999 3697 ὁ
1030 3641 1278 3716 βασιλεὺς
1336 3640 1460 3703 τοὺς
1507 3641 1625 3718 περὶ
1668 3639 1923 3698 Ἀκάκιόν

2011 3658 2140 3718 gnte
2172 3641 2430 3702 fluentis.
2465 3641 2610 3702 Cum
2645 3646 2845 3700 autem
2882 3646 3042 3700 esset
3075 3638 3203 3700 dies
3256 3640 3452 3717 magni
3497 3637 3652 3700 Sab-

279 3748 338 3783 τε
390 3728 478 3783 καὶ
536 3725 818 3806 Ἀντίοχον
879 3727 1388 3804 μεταστειλάμενος,
1423 3728 1474 3784 τί
1522 3726 1629 3784 δέοι
1673 3730 1923 3808 πράττειν

2011 3729 2132 3792 bati
2159 3729 2652 3811 (4t),imperator
2676 3728 2816 3790 fecit
2838 3728 2999 3809 quod
3025 3747 3143 3788 non
3174 3738 3339 3789 recte
3366 3748 3432 3789 se
3458 3729 3650 3790 habe-

279 3815 485 3894 ἦρώτα,
556 3822 822 3874 Σκοπεῖτε
866 3819 990 3897 γὰρ,
1050 3818 1177 3898 ἔφη,
1236 3819 1324 3875 καὶ
1367 3823 1410 3874 εἱ
1453 3817 1632 3882 καλῶς
1685 3819 1803 3898 ἔχει
1860 3821 1926 3875 τὰ

2011 3818 2132 3894 bat,
2169 3839 2279 3882 nec
2308 3819 2495 3882 animi
2526 3826 2654 3880 erat
2684 3816 3407 3898 imperatorii.Accersitis
3437 3818 3650 3881 Acacio

277 3902 403 3983 παρ’
458 3906 605 3980 ὑμῶν
665 3907 1047 3984 εἷσηγούμενα.
1105 3910 1164 3965 Οἱ
1209 3905 1288 3982 δὲ,
1350 3907 1472 3964 Ἐπὶ
1526 3907 1624 3975 τὴν
1683 3906 1923 3987 κεφαλὴν

2011 3918 2065 3972 et
2088 3908 2639 3986 Antiocho,rogavit
2663 3907 2947 3985 quidnam
2973 3912 3277 3986 oporteret
3301 3904 3649 3968 facere.Sed

274 3997 456 4070 ἡμῶν,
502 3995 685 4067 εἶπον,
745 3997 779 4064 ἡ
827 3993 1074 4053 Ἰωάννου
1123 3996 1448 4072 καθαίρεσις,
1496 3995 1709 4053 ἐοικότα
1752 3998 1922 4078 τυχὸν

2011 3996 2988 4078 Oportet,inquit,considerare,an
3020 3993 3140 4056 Deo
3174 4001 3337 4073 grata
3367 3995 3651 4074 sint,quae

271 4097 419 4159 τοῖς,
476 4086 548 4142 Τὸ
605 4085 750 4160 αἷμα
795 4083 956 4142 αὐτοῦ
999 4081 1080 4162 ἐφ’
1127 4085 1291 4158 ἡμᾶς,
1325 4086 1554 4160 εἰποῦσι,
1588 4087 1676 4142 καὶ
1707 4087 1766 4142 οὐ
1788 4085 1923 4142 πολὺ

2011 4106 2039 4150 a
2070 4086 2236 4148 vobis
2267 4088 2437 4148 fiunt.
2469 4083 2562 4146 Illi
2594 4093 2794 4147 autem
2830 4083 2998 4165 (quid
3043 4082 3201 4145 enim
3227 4091 3354 4146 erat
3377 4085 3463 4146 eis
3492 4083 3651 4145 Deus

271 4172 450 4251 πόῤῥω
507 4179 606 4236 τῆς
665 4173 891 4251 γνώμης
968 4174 1141 4230 αὐτῶν
1185 4172 1558 4252 φθεγξάμενοι.
1604 4177 1706 4232 Καὶ
1755 4173 1921 4238 οὕτως

2011 4175 2308 4254 curae?),ln
2334 4175 2934 4255 nostrum,inquiunt,
2957 4173 3165 4235 redeat
3194 4183 3368 4252 caput
3400 4173 3643 4236 Joannis

272 4262 483 4340 ἐρήμην
538 4264 1003 4341 καταψηφίζονται
1085 4268 1176 4318 τοῦ
1261 4260 1485 4337 δικαίου,
1548 4265 1687 4338 μήτε
1760 4263 1923 4341 λόγου

2011 4265 2323 4346 depositio:
2350 4263 2570 4328 similia
2590 4265 2796 4344 iis,qui
2832 4263 3150 4324 dixerunt:
3187 4287 3212 4317 α
3237 4261 3490 4342 Sanguis
3511 4263 3641 4342 ejus

273 4348 613 4448 μεταδόντες,
671 4351 755 4430 ἐφ’
839 4351 932 4448 οἷς
1015 4351 1372 4448 κατηγόρουν,
1435 4351 1568 4428 μήτ’
1627 4351 1921 4431 ἀπολογίαν

2011 4373 2187 4436 super
2218 4374 2324 4416 nos
2354 4356 2477 4434 58,»
2507 4365 2564 4416 et
2589 4373 2706 4415 non
2731 4352 2939 4434 procul
2972 4351 3047 4413 ab
3083 4370 3292 4414 eorum
3326 4353 3644 4428 sententia,

272 4439 552 4504 ἡντιανοῦν
594 4440 725 4516 παρ’
770 4439 970 4497 ἱκείνου
1013 4439 1313 4516 δεξάμενοι,
1377 4439 1537 4500 Ταῦτ’
1581 4445 1670 4498 οὖν
1715 4443 1920 4517 μαθόν-

2011 4444 2250 4506 elocuti.
2285 4445 2384 4506 Sic
2414 4443 2724 4507 absentem
2745 4443 3151 4504 condemnant
3177 4442 3364 4503 virum
3392 4442 3646 4520 justum,

273 4547 361 4589 τες
416 4528 463 4584 οἱ
538 4528 637 4596 τῆς
722 4526 968 4586 ἰωάννου
1054 4529 1292 4609 μερίδος,
1351 4532 1400 4586 οἱ
1458 4530 1558 4605 μὲν
1614 4530 1920 4605 ἐπίσκοποι,

2011 4553 2140 4596 cum
2176 4553 2288 4596 nec
2319 4534 2393 4595 de
2426 4534 2521 4607 iis,
2549 4551 2803 4614 quorum
2833 4530 3507 4604 accusabatur,dicendi
3541 4550 3650 4611 po-

279 4616 421 4692 λύπῃ
454 4617 542 4672 καὶ
599 4615 815 4696 δοίκρυσι
859 4617 1038 4682 δόντες
1085 4620 1329 4695 ἑαυτοὺς,
1391 4633 1515 4685 ταῖς
1573 4634 1921 4699 καταγωγαῖς

2011 4631 2282 4686 testatem
2299 4622 2354 4684 ei
2373 4619 2980 4702 permisissent,quod
3007 4628 3097 4680 est
3115 4639 3434 4682 commune
3448 4621 3650 4680 omni-

273 4705 546 4783 ἡσύχαζον
578 4721 593 4738 ⁸
644 4708 808 4785 ἱερεῖς
866 4706 920 4763 δὲ
980 4709 1068 4764 καὶ
1099 4706 1214 4765 ὅσοι
1244 4715 1338 4766 τοῦ
1367 4708 1564 4788 κλήρου
1595 4709 1650 4766 ἕν
1680 4732 1786 4765 τισι
1816 4711 1921 4766 τῶν

2011 4710 2242 4793 bus,qui
2267 4711 2544 4792 judicant
2591 4713 2721 4790 sine
2776 4711 2895 4771 ulla
2925 4709 3108 4770 animi
3145 4709 3593 4789 perturbatione
3629 4727 3642 4773 :

276 4795 565 4872 εὖκτηρίων
624 4795 792 4852 οἴκων
837 4799 954 4876 περῖ
1021 4799 1113 4854 τὸν
1169 4798 1358 4872 τόπον,
1421 4799 1479 4862 ὃς
1541 4809 1920 4858 Κωνσταντια-

2011 4820 2201 4882 neque
2227 4801 2299 4862 ab
2333 4802 2434 4863 illo
2458 4800 2639 4862 ullam
2659 4801 3031 4879 accepissent
3054 4797 3642 4860 defensionem.Cum

274 4883 368 4939 ναί
409 4881 649 4962 λέγεται,
694 4887 1069 4965 συναγόμενοι,
1127 4889 1262 4964 μετᾶ
1332 4887 1535 4946 πολλοῦ
1591 4896 1686 4946 τοῦ
1743 4887 1920 4945 συνδεο

2011 4881 2124 4954 haec
2143 4905 2332 4954 autem
2358 4895 2846 4964 audivissent,qui
2868 4903 3032 4950 erant
3054 4909 3080 4949 a
3108 4893 3372 4963 partibus
3387 4893 3645 4958 Joannis,

271 4969 608 5049 δραμηκότος
699 4972 933 5044 πλήθους
1019 4983 1127 5032 τῶν
1202 4979 1358 5054 ἱερῶν
1435 4978 1615 5052 ὕμνων
1673 4979 1760 5033 καὶ
1819 4982 1918 5044 τῆς

2011 4981 2272 5061 episcopi
2303 4979 2544 5059 quidem
2583 4997 2649 5040 se
2679 4977 2864 5039 animi
2900 4976 3240 5057 aegritudini
3273 4976 3564 5037 dedentes
3589 4987 3648 5036 et

267 5063 524 5152 συνήθους
578 5061 804 5143 εἴχοντο
853 5062 1184 5143 δοξολογίας,
1249 5067 1619 5143 βαπτίσματός
1681 5089 1736 5123 τε
1779 5068 1920 5126 θείου

2011 5070 2638 5152 lacrymis,in_angulis
2670 5067 2936 5152 latebant
2966 5075 3025 5127 et
3060 5067 3365 5127 silentium
3389 5063 3649 5152 agebant

266 5151 390 5214 τοὺς
451 5154 765 5230 προσιόντας
824 5153 1022 5221 ἠξίουν.
1095 5156 1378 5220 Δείσαντες
1452 5158 1502 5212 οἱ
1569 5167 1662 5216 τοῦ
1740 5180 1918 5225 πονη-

2011 5154 2063 5214 in
2097 5143 2508 5213 habitaculis?
2559 5149 2904 5210 sacerdotes
2963 5155 3161 5209 autem
3209 5154 3266 5205 et
3304 5143 3646 5223 quicunque

265 5258 355 5316 pou
415 5237 700 5320 συνεδρίου,
751 5241 830 5317 μὴ
875 5245 951 5315 τῷ
1001 5243 1131 5320 ἱερῷ
1189 5240 1530 5321 προσϐαλὼν,
1592 5245 1665 5307 ὡς
1715 5243 1858 5323 ἔθος,
1890 5246 1918 5300 ὁ

2011 5249 2169 5304 erant
2199 5257 2267 5302 ex
2303 5238 2492 5316 clero,
2515 5237 3032 5318 congregabantur
3062 5235 3134 5296 ad
3169 5233 3452 5314 quasdam
3487 5231 3645 5293 sedes

343 5399 410 5448 '53
437 5398 646 5462 Matth.
680 5416 863 5478 xxvu,
896 5399 997 5460 25.

341 5555 457 5625 (40)
486 5557 1102 5634 Elpidium_Ls_odlcete
1131 5560 1311 5634 Syrlae
1338 5559 1678 5634 episcOpum
1707 5560 1912 5634 fuisse,
2003 5629 2032 5634 _
2072 5561 2186 5634 (tt)
2219 5557 2358 5616 Nota
2372 5571 2522 5626 ,cum
2555 5562 2704 5615 esset
2733 5555 2855 5614 dies
2885 5552 3079 5626 magni
3109 5549 3363 5616 Sabbati,
3389 5551 3499 5609 hoc
3530 5558 3640 5624 est,

272 5629 1736 5718 £99919j‘alﬁﬁelledigPeroﬁlqﬁhsieésum
1756 5631 1917 5692 αθοί-
1999 5629 2312 5690 Sabbamm
2341 5637 2632 5688 sanetum.

269 5699 495 5759 sionem
524 5699 862 5772 perfacilem
891 5699 1241 5781 imperatori
1271 5699 1666 5780 proposuerit.
