4020 6206
426 315 579 380 1179

1716 320 2000 385 MENSIS
2038 323 2072 384 J
2077 321 2180 386 AN
2189 323 2498 390 UARIUS.

3656 343 3828 408 [180

419 450 711 514 oratorias
765 451 1037 528 (vocatur
1076 457 1278 514 autem
1311 451 1480 515 locus
1506 453 1971 534 Constantianae)
2004 461 2062 518 et

2152 456 2419 536 βασιλεὺς,
2463 461 2552 518 καὶ
2634 469 2725 520 τοῦ
2771 459 2903 518 λαοῦ
2976 464 3202 523 κενωθὲν
3259 469 3387 528 αὐτὸ
3443 473 3824 550 θεασάμενος,

419 560 556 603 cum
597 561 806 621 magna
860 543 1265 604 concurrisset
1305 543 1644 619 multitudo,
1679 544 1754 605 iis
1783 544 2063 608 omnibus

423 649 584 693 curae
616 641 783 694 erant
812 633 962 694 sacri
994 631 1197 712 hymni
1229 639 1286 692 et
1335 641 1623 694 consueta
1655 634 2006 710 gloriﬁcatio
2042 655 2057 696 :

419 729 706 802 praeterea
734 739 873 783 vero
897 740 1000 782 eos
1025 724 1402 802 quoque,qui
1434 723 1826 799 accedebant,
1863 725 2062 786 divino

419 809 814 890 dignabantur
845 810 1169 891 baptismo.
1201 815 1506 874 Timentes
1556 831 1722 892 ergo,
1757 815 1857 892 qui
1889 823 2061 877 erant

415 899 679 980 improbi
710 900 1059 978 concilii,ne
1089 901 1140 962 si
1174 902 1232 962 in
1266 902 1656 983 templum,ut
1687 903 2057 978 solebat,ve-

417 990 608 1052 n‘isset
634 991 982 1070 imperator,
1017 999 1075 1052 et
1133 991 1378 1054 vidisset
1435 992 1494 1054 id
1523 1011 1775 1055 vacuum
1811 995 2056 1075 populo,

417 1081 560 1142 hinc
592 1079 837 1161 quidem
863 1081 1118 1144 sentiret
1141 1082 1345 1162 populi
1371 1082 1430 1142 in
1465 1101 1741 1162 magnum
1763 1083 2058 1147 Joannem

423 1168 928 1244 benevolentiam,
963 1188 1169 1232 eorum
1205 1178 1432 1246 autem,
1466 1179 1528 1232 nt
1580 1180 1709 1232 erat
1738 1182 2064 1237 consenta-

422 1259 1067 1333 neum,condemnaret
1090 1259 1376 1322 invidiam
1407 1279 1419 1324 :
1448 1261 1714 1322 efﬁciunt
1735 1269 1798 1322 ut
1819 1263 2062 1343 quidem

423 1349 646 1414 Lucius
668 1349 784 1410 dux
800 1349 1050 1410 militum
1077 1349 1310 1411 numeri
1333 1351 1526 1429 gravis
1538 1359 2063 1433 armaturae,quern

427 1439 603 1502 etiam
638 1439 794 1500 fama
821 1445 950 1500 erat
983 1458 1116 1501 esse
1145 1441 1426 1519 gentilem
1480 1441 1791 1520 religione,
1845 1442 2066 1505 vadens

427 1536 780 1591 convocaret
817 1529 1098 1608 populum
1135 1529 1210 1590 ad
1245 1530 1586 1604 ecclesiam,
1609 1532 2066 1594 mansuetudine

427 1620 688 1700 primum
711 1626 885 1679 utens
909 1627 966 1679 et
989 1619 1545 1701 persuasione,lege
1557 1626 1617 1682 ut
1634 1620 2060 1702 aiuntBoeotia;

425 1709 519 1770 sin
551 1711 772 1781 minus,
808 1709 922 1768 vim
971 1707 1147 1768 etiam
1181 1708 1452 1783 inferret,
1501 1709 1767 1772 lanceam
1806 1711 2066 1773 miscens

2147 547 2397 616 αἴσθησιν
2458 549 2554 624 μὲν
2599 549 2834 607 ἐντεῦθεν
2881 549 3036 610 λάϐοι
3080 560 3180 623 τῆς
3224 563 3317 614 τοῦ
3361 557 3494 617 λαοῦ
3545 547 3686 641 προς
3726 547 3825 620 τὸν

2146 637 2313 715 μέγαν
2362 639 2588 713 εὐνοίας,
2654 641 2826 696 αὐτῶν
2870 638 2926 696 δὲ
2981 643 3270 718 βασκανίαν
3329 648 3478 714 εὐθὺς
3522 637 3819 731 καταγνῷ,

2145 729 2598 806 παρασκευάζουσι
2698 729 2922 786 Λούκιόν
3019 754 3136 790 τινα
3217 738 3312 793 τοῦ
3381 739 3607 817 ἀριθμοῦ
3682 729 3818 800 -τῶν

2145 816 2457 896 ὁπλοφόρων
2498 817 2823 907 ᾖγούμενον,
2869 820 2927 876 ὃν
2957 823 3046 878 καὶ
3075 820 3324 892 ’Ἕλληνα
3365 816 3465 895 την
3515 833 3821 907 θρησκείαν

2143 907 2170 962 ὁ
2226 911 2330 962 τῶν
2390 905 2605 962 πολλῶν
2635 911 2760 986 εἷχε
2815 906 3000 989 λόγος,
3048 910 3372 989 ἀπελθόντα,
3404 919 3467 973 τὸ
3501 905 3712 987 πλῆθος
3742 924 3818 985 ei;

2142 995 2241 1062 τὴν
2293 993 2581 1062 ἐκκλησίαν
2639 997 3124 1080 μετακαλέσασθαι,
3175 1002 3435 1078 ἐπιεικείᾳ
3490 1009 3553 1065 τὸ
3588 1016 3816 1087 πρῶτον

2144 1085 2232 1141 καὶ
2282 1088 2478 1174 πειθοῖ.
2521 1085 2827 1174 χρωμενον,
2889 1088 2933 1144 εἷ
2979 1087 3022 1143 δ’
3067 1091 3179 1167 οὖν,
3217 1091 3356 1150 ἀλλὰ
3401 1098 3490 1152 καὶ
3532 1085 3660 1174 βίαν
3707 1098 3817 1156 ἒπ-

2148 1187 2398 1264 αγαγεϊν.
2464 1166 2520 1232 Ὀ
2582 1172 2627 1229 δ’
2673 1177 2821 1240 εὐθὺς
2864 1178 2995 1255 πρὸς
3058 1178 3160 1255 [ἵσ.
3213 1183 3342 1260 σὺν]
3409 1166 3812 1264 τετρακοσίοις,

2149 1263 2236 1327 οῖς
2295 1264 2420 1340 περί
2464 1263 2621 1320 αὒτὸν
2680 1265 2864 1343 εἶχεν,
2929 1267 3158 1346 ἑσπέρας
3209 1263 3570 1351 ἐπεισπεσὼν,
3622 1263 3819 1334 ἐκεῖνα

2149 1352 2449 1431 εἰργάσατο,
2505 1353 2538 1408 ἃ
2597 1357 2781 1410 ποθεῖν
2841 1354 2938 1430 μὲν
3022 1358 3144 1420 τοὺς
3223 1357 3541 1440 δεδρακότας
3605 1367 3813 1440 μόνους

2148 1442 2214 1510 ἧν
2245 1441 2390 1508 ἄξιον
2424 1459 2438 1474 ’
2476 1445 2648 1502 εἰπεῖν
2675 1441 2729 1499 δὲ
2762 1447 2850 1502 καὶ
2882 1443 3206 1526 διασαφῆσαι
3237 1467 3596 1532 παραχωρεῖν
3659 1458 3813 1530 ἡμᾶς

2149 1535 2436 1612 προσῆχον
2507 1539 2577 1609 τῇ
2635 1531 2897 1609 καλλίστῃ
2968 1533 3252 1612 γλωσσῶν,
3299 1531 3576 1622 καὶππαρβ
3643 1545 3813 1611 αὐτῆς

2150 1622 2358 1680 ἀκούειν
2447 1619 2828 1702 διηγουμένης.
2922 1626 3089 1689 Αὐτὸς
3174 1629 3275 1706 γὰρ
3333 1619 3535 1710 ὥσπερ-
3590 1634 3804 1702 ὑπέστη

2149 1713 2430 1792 γενναίως,
2460 1712 2600 1768 οὕτω
2649 1710 2713 1780 δὴ
2773 1714 2858 1769 καὶ
2901 1715 3250 1793 γενναιότατα
3308 1717 3636 1798 διηγήσατο.
3697 1725 3803 1780 Καὶ

425 1817 560 1862 cum
595 1797 876 1860 caduceo.
903 1797 1008 1859 Ille
1032 1805 1235 1859 autem
1262 1817 1396 1860 cum
1424 1798 1618 1859 statim
1645 1817 1780 1860 cum
1816 1799 2066 1880 iis,quos

2152 1803 2249 1880 γὰρ
2343 1800 2668 1858 ἐπιστέλλων
2749 1801 3099 1878 ’ίννοκεντίῳ,
3180 1808 3271 1863 καὶ
3341 1797 3423 1864 τᾶί
3463 1810 3809 1888 τολμηθέντα

426 1887 709 1961 habebat,
735 1886 1191 1967 quadringentis
1208 1906 1457 1966 veSpore
1477 1888 1879 1964 irruisset,illa
1902 1889 2062 1964 fecit,

427 1995 558 2056 qua:
586 1995 690 2056 par
714 1984 844 2036 erat
876 1993 978 2036 eos
1008 1975 1169 2036 solos
1205 1976 1348 2055 pati,
1382 1975 1484 2056 qui
1517 1977 1782 2038 fecerant
1814 1996 1828 2040 :
1866 1979 2069 2040 dicere

425 2075 623 2127 autem
657 2073 713 2126 et
745 2065 1044 2146 explicare
1095 2083 1212 2125 non
1259 2084 1367 2126 nos
1399 2072 1653 2146 oportet,
1695 2066 1800 2128 sed
1835 2067 1892 2128 id
1927 2087 2070 2130 con-

427 2155 647 2218 cedere
678 2154 765 2215 illi
810 2154 1035 2234 linguse
1071 2154 1338 2216 omnium
1378 2156 1817 2236 pulcherrime,
1852 2166 1909 2219 et
1938 2175 2066 2218 eam

425 2246 638 2309 audire
670 2253 1037 2307 narrantem.
1071 2247 1206 2325 Ipse
1239 2245 1396 2306 enim
1430 2246 1587 2306 sicut
1617 2245 1853 2308 fortiter
1883 2247 2066 2308 susti-

424 2335 670 2411 nuit,ita
692 2333 872 2394 etiam
895 2351 1032 2394 vere
1057 2334 1318 2394 narravit
1349 2334 1503 2414 quod
1538 2334 2070 2397 accidit.Scribens

428 2423 588 2486 enim
622 2423 695 2484 ad
729 2423 1168 2497 Innocentium,
1203 2431 1262 2484 et
1319 2442 1451 2502 quae
1481 2423 1608 2484 ausi
1643 2423 1894 2501 fuerant,
1929 2443 2067 2486 ora-

423 2515 588 2577 tione
619 2530 1013 2594 persequens,
1048 2531 1182 2573 eum
1213 2521 1411 2573 autem
1444 2519 1618 2573 antea
1652 2513 1916 2575 diximus
1939 2515 2065 2574 Bo-

425 2621 665 2665 manum
699 2601 885 2664 fuisse
911 2601 1283 2683 episcopum,
1321 2602 1408 2662 sic
1441 2619 1567 2662 rem
1598 2603 1889 2663 tractavit:
1913 2603 2067 2675 Quo-

427 2692 604 2755 modo
638 2710 768 2772 qum
800 2692 896 2754 hic
953 2691 1104 2753 facta
1157 2700 1296 2752 sunt
1327 2691 1635 2771 deinceps,
1670 2692 2062 2770 narraverim,

427 2803 558 2865 quae
589 2800 827 2844 omnem
886 2790 1170 2864 superant
1229 2783 1632 2862 tragoediam?
1681 2781 1964 2854 Quaenam
2000 2800 2069 2842 ea

429 2871 738 2954 explicarit
767 2872 951 2933 oratio
984 2871 1009 2934 ?
1038 2871 1316 2944 Quaenam
1350 2889 1528 2933 aures
1559 2888 1626 2931 ea
1661 2871 1887 2952 absque
1918 2873 2068 2933 hor-

426 2983 566 3027 rore
583 2961 929 3042 acceperint
949 2967 976 3024 ’ἰ
995 2964 1143 3022 Nam
1172 2979 1308 3022 cum
1333 2980 1443 3022 nos
1477 2961 1686 3022 eadem
1715 2961 1870 3022 sicut
1903 2965 2069 3042 prius

427 3070 925 3136 proponeremus,
951 3059 1203 3130 repente
1227 3050 1541 3112 multitudo
1565 3049 1819 3111 militum
1846 3050 1907 3111 in
1939 3051 2068 3130 ipso

2150 1891 2329 1956 δεξιὼν
2378 1890 2615 1970 (Ῥώμης
2661 1889 2717 1945 δὲ
2761 1890 2919 1947 αὐτόν
2976 1892 3269 1952 ἐπίσκοπον
3331 1898 3357 1952 ὁ
3401 1897 3562 1975 λόγος
3597 1901 3807 1980 φθάσας

2150 1979 2424 2059 ἐδέλωσε),
2486 1977 2722 2036 διέλαϐεν
2778 1978 2916 2036 οὕτω
2951 1998 2964 2014 ⁸
3003 1989 3124 2045 Πῶς
3156 1983 3218 2039 ἂν
3251 1986 3313 2042 τὰ
3345 1985 3564 2047 ἐνταῦθα
3595 1977 3804 2068 διηγη-

2151 2071 2348 2143 σαίμην
2405 2068 2614 2143 λοιπόν,
2678 2075 2853 2126 πᾶσαν
2900 2069 3280 2148 ὑπερϐαίνοντα
3331 2076 3671 2157 τραγῳδίαν;
3721 2081 3807 2142 τίς

2153 2159 2281 2215 αὐτὰ
2314 2159 2675 2236 παραστήσειε
2708 2157 2867 2236 λόγος
2907 2179 2921 2235 ;
2971 2160 3096 2218 ποία
3147 2164 3314 2242 χωρὶς
3372 2166 3563 2244 φρίκης
3595 2165 3806 2232 δέξεται

2152 2249 2289 2318 ἀκοή
2327 2269 2343 2325 ;
2413 2253 2578 2322 Ημῶν
2620 2248 2722 2325 γὰρ
2774 2255 2960 2328 ταῦτα,
3019 2252 3257 2326 καθάπερ
3288 2253 3578 2332 ’έμπροσθεν
3615 2257 3802 2334 εἶπον,

2153 2337 2556 2413 προτεινόντων,
2615 2336 2798 2415 ἀθρόον
2858 2340 3201 2416 στρατιωτῶν
3264 2341 3463 2410 πλῆθος
3524 2345 3672 2418 αὒτῷ
3728 2349 3807 2419 τῷ

2153 2426 2370 2503 μεγάλῳ
2417 2423 2699 2499 Σαϐϐάτῳ,
2747 2428 2883 2504 πρὸς
2942 2428 3172 2507 ἑσπέραν
3216 2429 3406 2488 λοιπὸν
3464 2433 3562 2500 τῆς
3599 2435 3803 2513 ἡμέρας

2153 2514 2534 2593 ἐπειγομένης,
2615 2528 2737 2580 ταῖς
2816 2515 3126 2585 ἐκκλησίαις
3213 2519 3635 2598 ἐπεισελθόντες,
3711 2527 3803 2580 τῦν

2153 2605 2348 2683 κλῆρον
2381 2605 2592 2661 ἅπαντα
2623 2607 2714 2661 τὸν
2747 2606 2839 2660 σὺν
2882 2608 3019 2682 ἡμῖν
3064 2609 3194 2686 πρὸς
3223 2611 3342 2686 βίαν
3376 2610 3651 2688 ἐξέϐαλον,
3711 2615 3801 2670 καὶ

2151 2695 2339 2758 ὅπλοις
2399 2696 2460 2750 τὸ
2519 2696 2671 2771 βῆμα
2727 2697 3185 2776 περιεστοίχισητο.
3248 2701 3344 2757 Καὶ
3399 2715 3652 2779 γυναῖκες
3695 2709 3802 2760 τῶν

2151 2785 2441 2862 εὒκτηρίων
2486 2783 2678 2857 οἴκων,
2724 2787 2856 2861 πρὸς
2918 2787 2978 2841 τὸ
3038 2787 3316 2863 βάπτισμα
3376 2789 3797 2868 ὰποδυσάμεναι,

2150 2873 2269 2930 κατ’
2297 2873 2454 2929 αὺτὸν
2509 2874 2600 2929 τὸν
2639 2875 2824 2950 καιρὸν
2879 2874 3081 2952 γυμναῖ
3140 2875 3331 2956 ἔφυγον
3371 2880 3593 2936 ἀπὸτοῦ
3629 2878 3802 2959 φόϐου

2151 2970 2249 3030 τῆς
2295 2961 2546 3042 χαλεπῆς
2609 2963 2805 3030 ταύτης
2863 2961 3078 3043 ἒφόδου,
3153 2964 3271 3021 οὐδὲ
3330 2967 3426 3034 τὴν
3496 2969 3801 3048 πρέπουσαν

2153 3051 2380 3130 γυναιξὶν
2507 3051 2922 3131 εὖσχημοσύνην
3033 3057 3478 3134 συγχωρούμεναι
3584 3059 3800 3133 περιθέ-

430 3161 646 3222 magno
667 3139 950 3214 Sabbato,
987 3141 1080 3200 die
1105 3138 1588 3228 jamginclinante
1618 3137 1689 3199 ad
1727 3156 2065 3228 vesperam,

2154 3146 2295 3205 σθαι,
2361 3139 2558 3197 [Ιολλαὶ
2611 3139 2666 3197 δὲ
2727 3143 2814 3198 καὶ
2888 3143 3162 3218 τραύματα
3246 3143 3521 3222 δεξάμεναι
3581 3147 3800 3214 ἐξεϐάλ-

432 3233 493 3293 in
526 3230 812 3292 ecclesias
845 3228 1105 3302 irruens,
1143 3226 1485 3288 universum
1536 3228 1786 3303 clerum,
1814 3227 1913 3308 qui
1947 3235 2066 3289 erat

2156 3231 2334 3310 λοντο,
2395 3230 2484 3285 καὶ
2563 3230 2798 3306 αἵματος
2870 3235 2923 3288 αἱ
3009 3232 3376 3313 κυλυμϐἦθραι
3450 3237 3799 3316 ἐπληροῦντο,

431 3317 1027 3396 nobiscum,expnlit,
1065 3315 1367 3396 armisque
1401 3315 1819 3389 circumdedit;
1855 3325 1913 3378 et
1946 3335 2066 3377 mu-

2155 3321 2242 3377 καὶ
2285 3320 2350 3376 τὰ
2408 3320 2522 3397 ἱερὰ
2567 3320 2673 3376 ἀπὸ
2718 3326 2824 3376 τῶν
2883 3322 3121 3396 αἱμάτων
3183 3323 3508 3404 ἐφοινίσσετο
3566 3315 3794 3401 νάματαξ

429 3411 637 3482 lieres,
674 3427 809 3485 quae
841 3425 908 3468 se
940 3406 1012 3468 ad
1075 3406 1440 3486 baptismum
1476 3414 1784 3481 exuerant,
1820 3423 1890 3466 ex
1921 3406 2066 3468 aedi-

2158 3410 2264 3468 Καὶ
2307 3407 2424 3466 οὐδὲ
2469 3409 2690 3469 ἐνταῦθα
2747 3411 2981 3480 εἱστήκει
3021 3414 3082 3468 τὸ
3140 3412 3340 3485 δεινὸν,
3401 3415 3526 3472 ἀλλ’
3572 3415 3694 3472 ἔνθα
3736 3418 3798 3472 τὰ

430 3501 542 3562 bus
590 3497 869 3561 oratoriis
899 3496 1074 3558 nudae
1105 3514 1176 3558 eo
1228 3503 1503 3576 tempore
1535 3503 1873 3584 evaserunt,
1910 3503 2066 3557 metu

2153 3499 2280 3576 ἅγια
2313 3497 2585 3573 ἀπέκειτο,
2647 3498 2971 3565 εἰσελθόντες
3032 3504 3078 3556 οἱ
3140 3509 3487 3584 στρατιῶται,
3554 3507 3631 3562 ὧν
3675 3506 3797 3562 ἔνιοι

429 3588 623 3671 gravis
650 3588 822 3668 hujus
844 3585 1303 3663 irruptionis,ne
1327 3603 1459 3645 eum
1494 3583 1945 3664 quidem,quem
1973 3585 2075 3645 de-

433 3688 529 3742 cet
552 3675 1117 3757 mulieres,pudoris
1149 3682 1422 3736 ornatum
1459 3673 1709 3735 induere
1741 3674 2070 3755 permissae:

434 3770 634 3832 multa:
656 3786 791 3831 vero
805 3769 980 3828 etiam
994 3765 1261 3844 acceptis
1275 3762 1622 3825 vulneribus
1636 3763 1896 3844 expulsae
1910 3771 2071 3839 sunt,

431 3869 489 3923 et
519 3860 750 3922 lavacra
781 3858 1069 3936 sanguine
1100 3862 1238 3916 sunt
1272 3853 1540 3933 impleta,
1569 3859 1628 3913 et
1652 3871 1816 3913 sacra
1849 3853 2076 3914 ﬂuenta

430 3949 719 4030 sanguine
750 3953 1067 4010 evaserunt
1099 3960 1424 4024 purpurea.
1449 3942 1522 4003 Et
1555 3959 1664 4002 nec
1697 3941 1795 4003 hic
1825 3941 2072 4022 quidem

428 4040 652 4101 malum
682 4035 954 4098 constitit
982 4054 997 4094 :
1034 4033 1140 4095 sed
1172 4031 1436 4110 ingressi
1470 4030 1712 4102 milites,
1737 4031 1839 4092 ubi
1871 4039 2075 4092 sancta

429 4137 597 4191 erant
627 4126 912 4206 reposita,
949 4140 1230 4202 quorum,
1289 4121 1444 4181 sicut
1470 4119 1879 4197 cognovimus,
1918 4139 2073 4182 non-

430 4217 578 4279 nulli
610 4236 729 4278 non
782 4223 952 4276 erant
979 4210 1276 4292 mysteriis
1301 4209 1518 4270 initiati
1544 4228 1673 4289 quae
1695 4209 1856 4271 intus
1880 4219 2070 4285 erant,

429 4306 633 4368 omnia
653 4306 1023 4376 viderunt,et
1049 4300 1463 4362 sanctissimus
1485 4297 1700 4360 Christi
1726 4299 1988 4378 sanguis,
2011 4308 2077 4360 ut

433 4403 490 4457 in
514 4405 674 4459 tanto
706 4393 989 4473 tumultu,
1027 4391 1086 4451 in
1136 4389 1555 4470 praedictorum
1589 4389 1841 4449 militum
1879 4397 2076 4452 vestes

2153 3590 2327 3649 καθὼς
2397 3587 2730 3666 ἐπέγνωμεν,
2817 3593 2905 3646 καὶ
2979 3591 3212 3663 ἀμύητοι
3296 3592 3458 3667 ἦσαν,
3513 3595 3694 3653 πάντα
3746 3615 3798 3649 τε

2155 3678 2334 3755 ἑώρων
2392 3679 2458 3733 τὰ
2517 3676 2686 3753 ἔνδον,
2729 3679 2816 3734 καὶ
2876 3680 2936 3734 τὸ
2979 3679 3280 3759 ἁγιώτατον
3335 3682 3479 3756 αἷμα
3529 3691 3623 3741 τοῦ
3669 3691 3796 3760 Χρι-

2157 3774 2282 3823 στοῦ
2312 3768 2383 3828 ὡς
2431 3765 2484 3822 ἐν
2528 3770 2764 3840 τοσούτῳ
2805 3765 3006 3845 θορύϐῳ
3059 3770 3132 3832 είς
3164 3770 3229 3825 τὰ
3258 3771 3364 3827 τῶν
3395 3771 3794 3850 προειρημένων

2156 3861 2497 3934 στρατιωτῶν
2553 3856 2739 3930 ἱμάτια
2790 3853 3060 3936 ἐξεχεῖτο,
3107 3862 3197 3915 καὶ
3225 3860 3297 3920 ὡς
3350 3859 3404 3916 ἐν
3451 3861 3799 3942 αἰχμαλωσίᾳ

2155 3943 2481 4024 βαρϐαρικῇ,
2546 3946 2718 4002 πάντα
2778 3945 3043 4021 ἐτολμᾶτο
3076 3963 3090 3977 ⁸
3126 3949 3215 4003 καὶ
3257 3951 3284 4004 ὁ
3327 3947 3495 4025 δῆμος
3541 3953 3672 4029 πρὸς
3703 3954 3799 4018 τὴν

2157 4034 2380 4112 ἐρημίαν
2411 4033 2689 4108 ἠλαύνετο,
2723 4035 2810 4090 καὶ
2842 4033 2980 4099 ἅπας
3023 4037 3050 4091 ὃ
3108 4035 3236 4101 λαὸς
3295 4043 3392 4105 τῆς
3445 4038 3654 4101 πόλεως
3704 4039 3798 4104 ἔξω

2157 4121 2404 4200 διέτριϐε.
2443 4123 2545 4180 Καὶ
2603 4123 2759 4179 κεναὶ
2816 4122 2871 4179 ἐν
2932 4125 3091 4203 ἑορτῇ
3133 4126 3351 4203 τοιαύτῃ
3400 4129 3502 4184 τῶν
3563 4127 3708 4185 λαῶν
3749 4131 3799 4184 αἱ

2155 4212 2434 4280 ἐκκλησίαι
2517 4211 2772 4288 ἐγίνοντο,
2847 4214 2935 4268 καὶ
3004 4213 3218 4280 πλείους
3298 4217 3334 4284 ἢ
3406 4219 3795 4297 τεσσαράκοντα

2159 4302 2436 4360 ἐπίσκοποι
2501 4302 2547 4357 οἱ
2592 4303 2989 4376 οἰκονομοῦντες
3034 4304 3170 4378 ἡμῖν
3231 4306 3368 4378 μετὰ
3413 4312 3505 4364 τοῦ
3534 4305 3668 4364 λαοῦ
3715 4310 3797 4365 καὶ

2156 4399 2250 4449 τοῦ
2291 4390 2488 4470 κλήρου
2531 4393 2650 4468 εἰκῇ
2690 4393 2778 4447 καὶ
2851 4392 3027 4468 μάτην
3087 4393 3404 4461 ἠλαύνοντο,
3455 4396 3561 4454 Καὶ
3605 4396 3796 4454 ὀλολυ-

431 4486 539 4548 fuit
563 4485 789 4548 effusus
818 4483 1043 4561 (κηλεῖ
1076 4488 1353 4580 tanquam
1391 4479 1448 4538 in
1482 4477 1799 4580 barbarica
1828 4479 2066 4580 captivi.-

2159 4485 2247 4560 γαὶ
2300 4483 2389 4538 καὶ
2460 4482 2690 4558 οἰμωγαὶ
2733 4480 2827 4545 τὰς
2887 4481 3054 4544 οἰκίας
3111 4484 3248 4540 κατὰ
3277 4487 3373 4548 τὰς
3430 4486 3651 4564 ἐρημίας
3713 4489 3798 4544 καὶ

429 4584 548 4638 tate
582 4578 706 4635 ausi
759 4581 898 4635 sunt
933 4572 1031 4633 illa
1063 4570 1284 4644 omnia,
1317 4580 1378 4630 et
1412 4568 1663 4650 populus
1695 4569 1920 4647 eiectus
1966 4569 2066 4630 fuit

2158 4571 2295 4629 κατὰ
2352 4577 2455 4629 πᾶν
2499 4573 2596 4638 τῆς
2645 4568 2853 4634 πόλεως
2898 4570 3056 4646 μέρος
3120 4577 3227 4627 τῶν
3284 4577 3562 4653 συμφορῶν
3624 4576 3796 4646 ἐπλή-

431 4667 491 4728 in
525 4663 932 4736 solitudinem,
969 4669 1025 4722 et
1058 4658 1372 4721 universus
1418 4658 1619 4738 populi
1653 4667 1841 4720 enatus
1870 4677 2066 4722 versa-

2157 4684 2277 4740 ρουν
2321 4662 2544 4719 τούτων.
2611 4661 2709 4716 Δια
2753 4681 2852 4738 γαρ
2915 4662 3016 4726 τὴν
3070 4658 3372 4739 ὑπερϐολὴν
3426 4668 3527 4732 τῆς
3565 4687 3796 4743 παρανο-

430 4754 609 4817 batur
630 4761 794 4816 extra
819 4749 1211 4814 civitatemzet
1233 4749 1292 4809 in
1319 4747 1418 4810 tali
1441 4748 1598 4809 festo
1618 4748 1887 4810 ecclesiae
1907 4759 2066 4811 erant

2159 4754 2306 4828 μίας,
2354 4756 2459 4830 οὔχ
2507 4753 2553 4807 οἱ
2612 4751 2916 4829 πάσχοντες
2961 4751 3149 4830 μόνον,
3195 4750 3335 4808 ἀλλᾶ
3398 4755 3492 4810 καῖ
3545 4757 3592 4810 οἶ
3635 4754 3795 4829 μηδὲν

429 4847 640 4907 inanes
665 4842 975 4925 populo,et
1003 4841 1138 4922 plus
1161 4857 1343 4921 quam
1369 4837 1763 4920 quadraginta
1784 4839 2066 4920 episcOpi,

2158 4848 2397 4898 τοιοῦτον
2453 4839 2836 4919 ὒπομένοντες,
2882 4838 3178 4917 συνήλγουν
3205 4843 3363 4917 ἡμῖν,
3427 4844 3558 4923 ούχῖ
3608 4845 3797 4921 ὁμόδο·

432 4942 531 5012 qui
556 4939 862 4996 nobiscum
891 4934 1561 4998 communicabant,cum
1583 4932 1802 5004 populo
1834 4941 1887 4989 et
1922 4933 2066 4991 clerc

2163 4931 2238 4997 ξοι
2297 4929 2484 5006 μόνον,
2549 4928 2686 4985 ἀλλά
2746 4929 2831 4984 καὶ
2902 4930 3153 5008 οἱρετικοὶ
3210 4932 3297 4987 καὶ
3381 4931 3634 4990 Ἰουδαῖοι
3714 4936 3798 4992 καὶ

434 5010 663 5088 temere
682 5023 916 5104 expulsi
936 5020 1483 5099 sunt,gemitusque
1506 5027 1562 5080 et
1584 5018 1852 5096 planctus
1873 5027 1999 5080 erat
2021 5021 2066 5080 iu

2163 5019 2453 5086 Ἕλληνες.
2521 5010 2611 5084 Ὠς
2659 5022 2762 5085 τῆς
2820 5017 3031 5081 πόλεως
3089 5019 3225 5075 κατὰ
3292 5027 3485 5092 κράτος
3541 5021 3794 5097 ἀλούσης,

435 5113 885 5186 solitudinibus,
921 5121 978 5174 et
1002 5109 1282 5191 quaelibet
1314 5126 1452 5190 pars
1474 5107 1730 5168 civitatis
1753 5116 1880 5168 erat
1902 5107 2066 5185 plena

2162 5111 2328 5174 οὕτως
2358 5113 2413 5165 ἓν
2441 5105 2680 5184 θορύϐοις
2714 5106 2800 5163 καὶ
2831 5121 3099 5186 ταραχαῖς
3157 5109 3246 5165 καὶ
3288 5109 3577 5190 ὀλολυγαῖς
3623 5113 3796 5170 ἅπαν-

434 5204 527 5265 his
549 5200 1166 5266 calamitatibus.Nam
1196 5206 1446 5280 propter
1476 5197 1770 5272 insignem
1805 5196 2066 5277 iniquita'

2161 5222 2224 5256 τα
2255 5201 2345 5265 ἧν,
2405 5195 2509 5256 Καῖ
2552 5203 2714 5252 ταῦτα
2748 5192 3013 5270 ἐτολμᾶτο
3058 5219 3199 5276 παρῃ
3239 5199 3460 5276 γνώμην
3513 5208 3606 5258 τοῦ
3649 5204 3797 5258 sine-

437 5302 712 5364 tem,non
737 5293 929 5354 solum
953 5292 1055 5372 qui
1079 5286 1591 5372 patiebantur,sed
1612 5286 1787 5346 etiam
1809 5285 1912 5366 qui
1930 5287 2066 5350 nihil

2159 5288 2417 5345 ϐεστάτου
2487 5285 2780 5365 βασιλέως,
2839 5287 3025 5351 νυκτὸς
3084 5285 3516 5364 καταλαϐούσης,
3575 5291 3794 5349 ἐπισκό-

503 5483 623 5555 (42)
649 5483 786 5539 Nota
821 5482 914 5537 hic
963 5487 1162 5558 contra
1211 5477 1380 5549 hujus
1434 5475 1712 5558 temporis
1746 5475 2067 5558 haereticos,
2154 5479 2274 5558 vini
2306 5483 2675 5558 asservatsm,
2710 5473 3279 5558 baechChrysostomi
3301 5545 3315 5558 _
3339 5478 3796 5558 memorajAepts-

474 5544 531 5613 ui
572 5544 780 5624 negant
821 5550 1228 5608 asservandam
1279 5544 1720 5624 sacratissimam
1753 5544 2070 5624 Eucharis-
2154 5550 2289 5624 tota.
2323 5549 2480 5608 idem
2512 5547 2688 5606 etiam
2718 5546 2779 5604 S.
2839 5544 3078 5618 Gregnr.
3114 5548 3264 5606 ωσι.
3300 5545 3340 5604 l.
3372 5561 3457 5616 ru,
3497 5563 3554 5606 ο.
3581 5544 3799 5616 36,15-

433 5617 594 5692 t'tam,
633 5617 811 5698 quam
862 5636 981 5681 non
1030 5630 1256 5680 tantum
1287 5620 1397 5678 sub
1425 5617 1623 5690 specie
1657 5619 1844 5690 panis,
1877 5621 1977 5678 sed
2011 5629 2066 5681 et
2151 5623 2318 5681 trutt.
2963 5617 2979 5618 “
3053 5661 3088 5718 γ.
3320 5669 3334 5714 μ.
3369 5645 3386 5734 ει
3431 5669 3446 5748 ἰ

3319 5707 3326 5744 ἐ
3383 5721 3406 5734 ¹’
3433 5707 3550 5748 lit":
3589 5707 3740 5748 tii'lt’s
