4060 6200
275 336 419 402 1181

1316 328 1507 393 νιΤΑ
1552 325 1614 390 S.
1657 321 1980 388 IOANNIS
2025 320 2585 386 CHRYSOSTOMI.

3482 313 3636 381 1182

269 495 387 531 πων
430 471 564 530 αὐτὰ
619 467 1146 539 κατασκευαζόντων,
1212 464 1298 522 καὶ
1365 461 1650 541 πολλαχοῦ
1718 480 1909 538 στρατ-

1997 456 2115 518 tale
2137 456 2642 537 sustinebant,per
2653 473 3011 518 consensum
3027 454 3342 520 nobiscum
3365 453 3634 518 dolorem

268 565 570 642 ηγούντων,
646 562 700 618 οἳ
760 561 857 616 οὐκ
914 557 1214 634 ᾐσχύνοντο
1272 552 1749 629 καμπιθούκτωρας
1801 547 1916 602 ἀντὶ

269 634 526 710 διακόνων
556 634 1022 727 ’προηγουμένους
1076 643 1326 724 ἔχοντες,
1376 634 1608 716 Ἡμέρας
1642 637 1696 694 δὲ
1753 658 1913 714 γενο-

273 744 469 820 μένης,
529 747 676 797 πᾶσα
732 739 767 805 ἡ
822 733 977 800 πόλις
1029 731 1129 798 ἔξω
1176 754 1279 790 των
1333 737 1534 810 τειχῶν
1566 727 1909 802 μετῳκίζετο,

267 815 372 888 ῦπὸ
403 815 584 908 δένδρα
616 827 703 884 καὶ
733 825 928 898 νάπας,
989 822 1224 898 καθάπερ
1257 818 1497 896 πρόϐατα
1527 815 1909 908 διεσπαρμένα,

266 923 365 989 τὴν
417 906 606 998 ἑορτὴν
651 913 1044 977 ἐπιτελοῦντες,
1091 909 1242 967 Ἀλλ’
1317 909 1454 966 οὕτω
1511 907 1610 983 μὲν
1656 906 1912 998 ἠ-χρυσῆ

269 995 512 1088 γλῶσσα.
578 1012 808 1065 Τοιαῦτα
865 1001 919 1058 δὲ
979 1001 1114 1059 κατὰ
1155 1000 1256 1066 τὴν
1302 998 1487 1074 ἑορτὴν
1522 1006 1615 1054 τοῦ
1643 995 1836 1074 Πάσχα
1865 998 1914 1088 οἱ

268 1082 433 1155 καλοὶ
489 1095 740 1170 ποιμένες
796 1093 884 1149 καὶ
928 1096 1123 1169 ψυχῶν
1173 1087 1494 1167 προστασίαν
1549 1082 1912 1157 πεπιστευμέ-

270 1211 352 1245 νοι
408 1190 486 1260 τῷ
533 1183 816 1242 ἀναστάντι
869 1178 1287 1258 ἒκαρποφόρουν,
1323 1177 1592 1234 Ἐντεῦθεν
1650 1175 1738 1231 καὶ
1793 1173 1912 1228 δια-

269 1279 521 1355 τάγματα
579 1277 862 1350 πανταχοῦ
923 1269 1221 1346 προτίθετο,
1283 1272 1380 1334 τῆς
1445 1265 1690 1322 Ἰωάννου
1748 1261 1910 1340 διείρ-

268 1351 435 1445 γοντα
489 1362 766 1426 κοινωνίας
802 1378 818 1395 ο
881 1360 914 1414 ἃ
963 1365 1218 1416 τοσοῦτον
1249 1355 1484 1436 ἐκράτει,
1519 1356 1590 1415 ὡς
1622 1353 1722 1420 τὴν
1754 1351 1909 1408 ἐναν-

266 1440 384 1512 τίαν
441 1453 647 1530 μᾶλλον
691 1449 952 1528 εἰληφότα
1011 1444 1400 1524 παραγγελίαν,
1433 1445 1523 1501 καὶ
1556 1443 1719 1519 ταύτῃ
1747 1440 1909 1498 πλέον

267 1547 390 1609 τοὺς
447 1539 880 1617 πολεμουμένους
938 1537 1262 1616 ῥωννύοντα,
1325 1534 1505 1613 ὥσπερ
1564 1531 1628 1601 δὴ
1656 1539 1749 1588 τοῦ
1780 1538 1914 1587 Θεοῦ

265 1636 466 1712 τρόπος
537 1632 591 1688 ἐν
656 1642 864 1706 καιροῖς
947 1627 1201 1689 τοιούτοις
1277 1623 1747 1698 οἰκονομουμένος.
1809 1621 1914 1678 Καὶ

269 1707 372 1801 γαρ
428 1723 517 1778 καὶ
560 1722 612 1776 αἱ
674 1716 952 1783 ἐκκλησίαι
1011 1717 1108 1771 καί
1169 1717 1196 1770 ὁ
1256 1713 1470 1789 ἀριθμὸς
1545 1711 1727 1801 ηὔξανε
1789 1707 1914 1801 ,καθ’

269 1814 504 1878 ἑκάστην
573 1807 678 1864 τῶν
761 1805 944 1877 ἐκείνῳ
1020 1803 1468 1881 προστιθεμένων.

270 1901 360 1958 οῦν
391 1901 488 1968 τῆς
534 1897 912 1963 Πεντηκοστῆς
943 1892 1048 1960 ἤδη
1098 1889 1528 1963 καταλαϐούσης,
1582 1891 1695 1946 ἐπεὶ
1724 1892 1819 1948 οὒκ
1849 1889 1913 1956 ἦν

270 1989 408 2053 ὅλως
440 1991 519 2062 τῷ
560 1983 790 2059 διαϐόλῳ
834 1983 1042 2064 φορητὰ
1084 1983 1150 2038 τὰ
1195 1981 1480 2059 γενόμενα,
1537 1976 1912 2057 προσελθόντες

268 2079 358 2144 οἷς
404 2079 611 2140 ἐκεῖνος
669 2075 898 2146 ἐνέπνει,
945 2073 1032 2128 καὶ
1087 2070 1408 2147 θεραπευτὰς
1468 2073 1594 2148 εἶχε
1639 2067 1912 2145 γνησίους,

272 2170 367 2226 Σοὶ
424 2168 550 2246 μὲν,
599 2171 672 2238 τῷ
726 2161 943 2240 βασιλεῖ
994 2159 1223 2238 ἔφησαν,
1285 2158 1488 2222 ἐξουσία
1549 2164 1652 2213 τῶν
1709 2156 1915 2234 ἀνθρω-

269 2262 436 2316 πίνων
493 2255 637 2334 παρεὶ
723 2260 853 2311 Θεοῦ
943 2250 1082 2307 ἀλλὰ
1139 2251 1204 2305 τὰ
1255 2257 1361 2305 τῶν
1421 2248 1722 2315 ἐκκλησιῶν
1781 2249 1916 2317 ἡμῖν

271 2346 675 2423 ἐπιτέτραπται.
746 2352 1030 2419 Τοιγαρτοι
1133 2340 1271 2413 μήτε
1343 2338 1524 2414 ἱερέων
1613 2337 1912 2414 ἱερώτερος,

273 2439 420 2512 μήτε
467 2434 701 2491 κανόνων
733 2428 1106 2508 ἀκριϐέστερος
1125 2429 1284 2512 Δεῖναι
1344 2427 1690 2503 βουλόμενος,
1736 2447 1915 2503 παρα·-

271 2525 442 2604 χώρει
474 2529 579 2580 τῶν
633 2520 886 2578 τοιούτων
929 2521 1091 2593 ἡμῖν.
1125 2503 1369 2596 ’Ἐφημεν
1405 2537 1484 2572 σοι
1517 2517 1602 2572 καὶ
1634 2515 1913 2593 πρότερον,

268 2603 511 2692 βασιλεῦ,
545 2611 631 2669 ἐπὶ
661 2611 758 2678 τὴν
793 2607 1034 2688 κεφαλὴν
1066 2606 1160 2673 εἴη
1192 2607 1292 2673 τὴν
1347 2604 1610 2683 ἡμετέραν
1658 2607 1692 2672 ἡ
1727 2603 1916 2660 Ἰωάν-

271 2726 362 2760 νου
422 2701 742 2779 καθαίρεσις,
834 2699 921 2763 Μὴ
985 2701 1156 2752 τοίνυν
1243 2693 1551 2774 φειδόμενος
1627 2700 1717 2749 τοῦ
1773 2693 1914 2763 ἑνὸς,

270 2793 393 2858 τοὺς
445 2790 650 2853 πάντας
705 2785 823 2844 θέλε
883 2785 1096 2843 λυπεῖν.
1175 2785 1304 2841 Τότε
1376 2781 1642 2860 παρρησίᾳ
1700 2780 1914 2856 πέμψας

271 2885 298 2938 ὃ
349 2879 626 2959 βασιλεὺς,
685 2879 745 2937 Οἱ
798 2875 1089 2954 κατήγοροί
1117 2895 1235 2947 σου,
1271 2874 1508 2952 γνωρίζει
1545 2877 1622 2944 τῷ
1651 2871 1914 2950 πατριάρ-

271 2997 374 3053 χῃ,
435 2971 498 3027 τὸ
545 2981 712 3045 κρῖμα
747 2968 808 3024 τὸ
851 2967 968 3038 σὸν,
1004 2962 1148 3029 ὅπως
1179 2962 1241 3020 ἂν
1293 2963 1439 3042 ἔχοι,
1476 2963 1564 3018 καὶ
1623 2961 1688 3028 ἣν
1739 2959 1914 3017 ἔθεντο

271 3048 451 3139 ιβῆνρον
510 3063 607 3121 τῆς
679 3053 1061 3135 καθαιρέσεως,
1105 3053 1242 3109 κατὰ
1284 3055 1381 3118 τῆς
1441 3053 1644 3107 ἑαυτῶν
1703 3048 1911 3108 ἕλκουσι

1996 545 2394 625 accipiebant:
2424 565 2545 608 non
2571 546 2763 607 solum
2787 546 2889 626 qui
2913 554 3080 607 erant
3100 547 3368 626 ejusdem
3396 543 3638 624 opinioc

1997 634 2226 708 nis,sed
2263 637 2438 697 etiam
2472 637 2828 717 hmretici,et
2853 635 3136 708 Judmi,et
3165 635 3423 714 gentiles
3456 651 3468 695 :
3505 650 3643 711 per-

1997 723 2137 785 inde
2161 743 2228 786 ac
2254 727 2305 786 si
2331 728 2379 787 vi
2409 737 2578 805 capta
2613 734 2774 788 esset
2801 725 3032 801 civitas,
3054 724 3139 785 sic
3165 725 3224 784 in
3262 721 3632 800 tumultibus,

1998 813 2541 888 perturbationibus
2566 825 2625 876 et
2645 813 2966 894 gemitibus
2992 823 3163 876 erant
3184 811 3484 873 omnia.Et
3506 812 3634 872 haec

1996 905 2140 963 facta
2165 918 2307 965 sunt
2331 917 2533 978 praeter
2561 909 2906 966 sententiam
2940 910 3017 978 pii
3044 905 3424 978 imperatoris,
3459 914 3636 961 net-tu

1997 989 2126 1052 haec
2158 991 2646 1072 comparantibus
2677 992 2997 1072 episcopis,
3050 1001 3108 1053 et
3164 989 3366 1052 multis
3397 989 3457 1050 in
3491 987 3636 1049 locis

1997 1080 2416 1142 exercentibus
2447 1099 2662 1143 munus
2686 1081 2856 1143 ducis
2881 1082 3310 1160 exercitus,qui
3347 1097 3464 1140 non
3489 1095 3630 1139 eru—

1997 1168 2322 1231 bescebant
2339 1190 2442 1250 pro
2464 1171 2736 1233 diaconis
2749 1171 2945 1249 campi
2960 1171 3238 1232 ductores
3250 1169 3474 1230 habere
3489 1186 3632 1248 prte-

1996 1259 2305 1322 cederites.
2338 1261 2484 1322 Cum
2517 1270 2714 1324 autem
2739 1261 2952 1323 fuisset
2980 1259 3260 1333 dies,tota
3291 1259 3494 1319 civitas
3528 1257 3632 1318 mi-

1994 1349 2181 1427 gravit
2213 1359 2377 1410 extra
2431 1351 2667 1424 moenia,
2705 1350 2814 1411 sub
2845 1348 3161 1412 arboribus
3191 1355 3251 1408 et
3282 1347 3633 1410 nemoribus

1997 1438 2155 1500 sicut
2186 1439 2472 1519 dispersae
2525 1458 2665 1501 oves
2716 1440 2932 1500 festum
2966 1438 3368 1500 celebrantes.
3399 1437 3515 1500 Sed
3551 1436 3638 1497 sic

2001 1527 2240 1608 quidem
2265 1528 2463 1607 lingua
2485 1530 2584 1591 illa
2606 1548 2811 1592 aurea.
2849 1530 2988 1592 Hzec
3013 1538 3207 1591 autem
3230 1528 3290 1588 in
3307 1527 3456 1589 festo
3490 1529 3636 1588 Pas-

1997 1618 2126 1678 chze
2147 1618 2368 1696 egregii
2387 1626 2656 1697 pastores
2679 1627 2738 1681 et
2759 1617 2976 1700 quibus
2995 1617 3330 1678 animarum
3355 1634 3495 1676 cura
3513 1625 3640 1677 erat

1997 1706 2604 1785 credita,obtulerunt
2621 1707 2809 1788 ei,qui
2833 1706 3354 1768 surrexerat.Hinc
3373 1705 3636 1766 etiamin

1560 1799 1650 1858 Ἐν
1708 1800 1909 1863 τούτοις

1999 1813 2238 1856 omnem
2258 1804 2484 1875 partem
2511 1795 2690 1857 missa
2710 1805 2847 1858 sunt
2869 1795 3219 1876 edicta,qum
3239 1794 3640 1875 prohibebant

1998 1883 2070 1946 ab
2093 1883 2343 1948 Joannis
2366 1884 2792 1947 communione
2821 1906 2834 1946 :
2861 1904 2994 1966 qu'e
3017 1893 3240 1947 tantam
3267 1890 3378 1944 vim
3416 1883 3640 1946 habue—

1998 1987 2162 2048 runt,
2198 1973 2448 2054 perinde
2478 1992 2545 2035 ac
2600 1975 2647 2035 si
2677 1975 3106 2055 praecepissent
3136 1974 3500 2036 contrarium
3532 1993 3545 2035 :
3582 1980 3642 2034 et

2001 2063 2234 2145 eos,qui
2268 2065 2788 2144 oppugnabantur,
2825 2066 3010 2144 magis
3031 2065 3118 2126 sic
3151 2065 3584 2126 conﬁrmarunt
3618 2083 3632 2124 :

2000 2173 2176 2234 quem
2203 2153 2442 2235 quidem
2470 2153 2710 2216 modum
2738 2157 2888 2217 solet
2921 2165 3126 2219 tenere
3156 2153 3314 2216 Deus
3334 2153 3395 2214 in
3429 2154 3636 2232 hujus-

2001 2243 2159 2304 modi
2185 2243 2556 2324 temporibus
2578 2245 2880 2320 Ecclesiae,
2902 2253 3064 2307 certe
3086 2253 3144 2308 et
3166 2262 3454 2306 numerus
3471 2261 3641 2305 cres-

1999 2332 2177 2394 cebat
2205 2333 2445 2396 assidue
2467 2353 2704 2411 eorum,
2737 2336 2838 2413 qui
2870 2335 2953 2396 illi
2985 2334 3445 2414 adjiciebantur.
3473 2331 3634 2393 Inte-

2000 2422 2112 2483 rim
2135 2431 2330 2484 autem
2358 2423 2495 2484 dum
2517 2427 2635 2502 jam
2663 2425 2920 2486 venisset
2942 2427 3321 2498 Pentecoste,
3352 2421 3636 2502 quoniam

2000 2512 2130 2574 ﬁeri
2169 2531 2287 2574 non
2337 2522 2590 2592 poterat,
2643 2522 2707 2575 ut
2737 2516 2974 2576 occulto
3005 2513 3248 2575 inimico
3281 2513 3405 2572 hac
3435 2533 3448 2566 ι
3473 2517 3639 2571 ssent

2000 2600 2354 2676 tolerabilia,
2392 2603 2752 2666 accedentes
2781 2604 2845 2674 ii,
2880 2622 3028 2684 quos
3059 2604 3157 2664 ille
3189 2599 3543 2682 inspirabat,
3576 2611 3640 2662 et

1998 2709 2031 2751 a
2051 2691 2269 2772 quibus
2290 2692 2421 2772 ipse
2435 2693 2606 2755 valde
2629 2693 3074 2756 observabatur:
3095 2691 3230 2753 Tibi
3255 2689 3629 2772 quidem,di-

1999 2790 2214 2842 xerunt
2236 2781 2612 2863 imperatori,
2637 2801 2838 2846 rerum
2891 2785 3288 2844 humanarum
3313 2781 3448 2842 data
3480 2788 3570 2842 est
3601 2797 3635 2840 a

1999 2871 2124 2932 Deo
2151 2871 2548 2950 potestas,sed
2572 2872 2979 2936 Ecclesiarum
3003 2891 3100 2934 res
3122 2881 3259 2934 sunt
3277 2870 3450 2934 nobis
3471 2888 3634 2932 com-

2000 2959 2430 3040 missttaque
2457 2980 2571 3022 nec
2593 2961 3010 3024 sacerdotibus
3029 2961 3432 3035 sanctior,nec
3457 2977 3633 3020 cano.

1999 3047 2175 3111 nibus
2198 3050 2401 3112 volens
2432 3051 2719 3130 majorem
2768 3051 2988 3113 habere
3031 3051 3467 3122 auctoritatem,
3504 3050 3629 3109 haec

269 3138 533 3230 κεφαλῆς.
567 3149 654 3222 Τῷ
706 3151 824 3218 Θεῷ
883 3147 1055 3200 τοίνυν
1112 3142 1176 3198 τὰ
1208 3141 1342 3198 κατὰ
1373 3141 1562 3198 σαυτὸν
1593 3139 1908 3216 ἐπιτρέψας,

1996 3138 2766 3232 relinque_episcopis.Tibi
2797 3141 3038 3222 quidem
3073 3140 3239 3232 prius
3272 3157 3510 3232 quoque
3532 3138 3627 3198 di-

269 3229 367 3306 τῆς
427 3236 755 3304 Ἐκκλησίας
786 3234 1072 3300 ἀπόστηθι,
1116 3233 1176 3290 Τί
1223 3237 1405 3310 τοῦτο,
1437 3229 1635 3307 ἀνδρῶν
1680 3234 1912 3304 εὐμετα-

271 3328 574 3401 ϐαλώτατε,
598 3327 686 3383 καὶ
715 3323 980 3402 βασιλέων
1010 3329 1086 3396 τῷ
1119 3333 1335 3398 κρατεῖν
1365 3320 1711 3398 ἀγεννέστατε
1753 3339 1768 3392 ;
1798 3327 1912 3384 πῶς

272 3423 318 3492 ᾧ
347 3417 607 3483 τοσαύτην
629 3416 944 3492 εἰσήνεγκας
971 3413 1068 3479 τὴν
1094 3409 1330 3477 σπουδὴν
1362 3409 1420 3466 ἐκ
1449 3411 1548 3476 τῆς
1585 3407 1912 3488 Ἀντιοχέων

272 3504 762 3584 μέτακαλούμενος,
821 3504 909 3560 καὶ
970 3507 1199 3581 Χριστοῦ
1267 3501 1366 3568 τὴν
1423 3497 1751 3565 Ἐκκλησίαν
1815 3521 1913 3554 πι-

274 3597 498 3671 στεύων,
545 3596 634 3652 καὶ
677 3594 738 3650 οὗ
789 3605 980 3671 πεῖραν
1039 3589 1172 3658 ὅσην
1207 3588 1366 3670 ἔσχες
1407 3595 1504 3656 τῆς
1534 3589 1752 3666 ἇιρετῆς³
1786 3594 1911 3644 τοῦ-

272 3709 364 3744 τον
427 3687 487 3743 ού
539 3689 636 3752 τῆς
687 3681 1014 3749 Ἐκκλησίας
1047 3679 1232 3745 ἅπλῶς
1276 3676 1629 3751 ἐκϐέϐληκας,
1660 3675 1795 3732 ἀλλὰ
1824 3677 1913 3732 καὶ

271 3776 551 3854 ὑπερορίαν
603 3775 762 3832 αὐτοῦ
848 3769 1218 3842 κατεδίκασας,
1309 3767 1469 3846 ἄνδρα
1525 3768 1625 3835 τὴν
1685 3773 1912 3846 Χριστοῦ

267 3865 546 3942 ζημιώσας
607 3862 864 3938 ποίμνην,
926 3862 1021 3933 Οὗ,
1087 3859 1223 3916 κατᾶ
1252 3859 1343 3914 τὸν
1377 3859 1545 3934 μέγαν
1578 3855 1783 3913 Παῦλον
1829 3857 1909 3911 εἰ-

269 3968 419 4027 πεῖν,
455 3951 572 4011 οὐδὲ
603 3955 630 4010 ὁ
663 3957 766 4014 πᾶς
800 3949 1001 4024 κόσμος
1033 3947 1174 4014 ἄξιος
1206 3967 1224 4024 ;
1257 3945 1425 4003 Ἀλλὰ
1455 3948 1543 4003 καὶ
1593 3947 1650 4002 σὲ
1698 3946 1909 4010 πάντως

268 4045 545 4114 ἠπάτησεν
602 4029 734 4119 Εὔα,
791 4041 827 4107 ἡ
899 4035 1227 4110 δολιωτάτη,
1287 4037 1449 4115 φημὶ,
1528 4037 1814 4112 γυναικῶν,
1875 4036 1910 4102 ἡ

271 4134 497 4213 γνώμην
555 4132 645 4187 καὶ
703 4127 949 4207 γλῶτταν
998 4123 1232 4205 ὀφιώδης
1275 4128 1370 4182 καί
1425 4124 1698 4203 μοχθηρὰ,
1731 4123 1910 4202 ὥσπερ

270 4212 338 4279 δι’
396 4221 608 4287 ἐκείνης
659 4221 686 4276 ὁ
747 4217 889 4297 ὄφις,
946 4215 1115 4280 οὕτως
1176 4214 1309 4282 αὕτη
1360 4212 1443 4271 διὰ
1498 4220 1604 4270 τῶν
1638 4215 1697 4270 οὗ
1728 4212 1908 4269 καλῶν

271 4310 542 4386 ποιμένων
575 4310 648 4371 εἷς
679 4329 790 4364 ωτα
835 4307 901 4363 τὰ
945 4306 1011 4363 σὰ
1055 4303 1367 4375 λαλήσασα.
1427 4305 1635 4361 Τούτων
1681 4305 1707 4358 ὁ
1739 4302 1907 4378 μέγας

270 4399 524 4472 ἀκούσας,
558 4393 724 4474 μηδὲν
755 4395 1064 4472 σκυθρωπὸν
1117 4395 1152 4461 ἢ
1204 4391 1436 4465 κατηφὲς
1487 4390 1616 4465 μήτ’
1675 4391 1728 4446 ἐν
1771 4413 1906 4468 καρ-

1996 3230 2256 3304 ximus,o
2280 3229 2695 3309 imperator,in
2716 3238 2982 3292 nostrum
3007 3229 3215 3292 redeat
3251 3235 3424 3309 caput
3445 3227 3633 3290 Joan-

1999 3318 2093 3379 nis
2111 3317 2592 3398 depositio.Vide
2613 3337 2866 3399 ergo,ne
2886 3339 3069 3382 unum
3095 3319 3182 3382 sic
3198 3319 3633 3397 complectens,

1998 3426 2208 3470 omnes
2241 3427 2450 3488 pergas
2471 3409 2715 3471 afﬁcere
2747 3409 3008 3474 tristitia.
3039 3408 3167 3474 Non
3217 3407 3476 3490 amplius
3510 3407 3636 3468 haec

1997 3497 2293 3559 sustinere
2323 3507 2554 3577 poterat
2603 3499 2954 3580 imperator,
2989 3499 3094 3561 sed
3131 3498 3402 3579 protinus
3430 3507 3636 3578 aperte

1999 3586 2563 3665 mittens,signiiicat
2587 3587 2937 3666 patriarchae
2957 3588 3018 3648 in
3043 3589 3199 3649 hunc
3227 3586 3491 3649 modum:
3525 3586 3636 3645 Ac-

1997 3683 2302 3736 cusatores
2327 3675 2723 3755 tuijudicium
2768 3685 2957 3750 tuum,
2993 3677 3538 3758 quomodocunque
3569 3693 3634 3737 se

1996 3764 2230 3835 habeat,
2258 3773 2314 3826 et
2337 3783 2513 3844 quam
2539 3765 2935 3846 depositionis
2960 3767 3221 3828 tulerunt
3243 3765 3628 3840 sententiam,

1995 3854 2243 3915 trahunt
2263 3853 2324 3916 in
2345 3873 2516 3916 suum
2543 3857 2900 3936 caputJiem
2926 3856 3127 3935 itaque
3151 3848 3308 3916 tuam
3326 3856 3448 3917 Deo
3471 3871 3632 3913 com-

1997 3943 2262 4024 mittens,
2295 3945 2516 4006 recede
2547 3945 2621 4007 ab
2659 3943 3108 4018 EcclesiaQuid
3137 3944 3271 4024 hoc,
3298 3963 3332 4005 o
3365 3943 3628 4004 virorum

1995 4033 2168 4112 longe
2202 4034 2685 4106 mutabilissime,
2733 4045 2792 4097 et
2821 4036 3253 4115 imperatorum
3288 4034 3346 4095 in
3373 4032 3632 4094 admini-

1993 4123 2235 4184 strando
2264 4125 2516 4203 imperio
2542 4124 3260 4206 ignavissime,quomodo
3283 4125 3376 4187 cui
3402 4131 3631 4184 tantum

1991 4212 2314 4274 adhibuisti
2346 4213 2633 4287 studium,
2669 4234 2803 4276 eum
2837 4233 3159 4277 accersens
3189 4213 3533 4288 Antiochia,
3571 4221 3634 4276 et

1989 4303 2208 4364 Christi
2225 4303 2279 4364 ei
2293 4303 2548 4365 credens
2563 4303 3096 4385 Ecclesiam,cujus
3115 4304 3346 4366 virtutis
3365 4323 3479 4364 non
3502 4321 3632 4384 par-

1989 4409 2121 4451 vum
2142 4392 2711 4474 fecistipericulum,
2750 4413 2886 4456 eum
2932 4414 3049 4456 non
3071 4395 3260 4456 solum
3289 4394 3520 4474 ejecisti
3558 4409 3632 4454 ex

267 4487 349 4560 δίᾳ
401 4484 707 4562 δεξάμενος,
755 4485 884 4560 μήτ’
947 4486 1002 4539 ἒν
1060 4481 1180 4558 ὄψει
1243 4483 1662 4561 παρασημήνας,
1721 4491 1903 4553 Δεῦτε,

1995 4481 2256 4542 Ecclesia
2295 4501 2308 4545 :
2345 4482 2448 4544 sed
2471 4501 2604 4544 eum
2633 4485 2812 4546 etiam
2839 4485 3024 4544 virum
3054 4484 3307 4564 turpiter
3339 4481 3631 4544 damnasti

266 4591 383 4642 τοῖς
442 4575 562 4652 περὶ
617 4572 776 4630 αὐτόν
833 4571 1146 4634 ἐπισκόποις
1203 4569 1328 4650 ἔφη,
1387 4575 1465 4642 τῷ
1524 4568 1735 4647 ἀγγέλῳ
1808 4571 1906 4635 τῆς

265 4663 594 4732 Ἐκκλησίας
652 4659 757 4730 ἤδη
816 4663 903 4718 καὶ
963 4659 1358 4734 συνταξώμεθα.
1430 4663 1566 4717 Εἶτα
1616 4660 1750 4734 μετὰ
1805 4659 1903 4726 τὴν

263 4758 602 4826 καθήκουσαν
656 4751 991 4831 προσευχὴν,
1047 4747 1220 4807 πολλὰ
1294 4751 1411 4827 περὶ
1476 4748 1571 4818 τῆς
1632 4747 1904 4826 ὁρθοδόξου

260 4844 674 4922 διαμαρτύρεται
757 4841 1011 4916 πίστεως,
1096 4841 1185 4896 καὶ
1281 4839 1479 4906 ταύτης
1562 4837 1900 4914 ἀμεταθέτως

259 4935 480 5016 ἔχεσθαι
540 4943 818 5013 παραινεῖ,
880 4929 1066 4986 ἔπειτα
1118 4930 1205 4986 καὶ
1260 4929 1430 4994 πάσας
1460 4929 1642 4990 αύτοϊς
1674 4926 1900 5004 αἱρέσεις

254 5023 604 5103 ἀπαγορεύει.
651 5019 832 5086 Οὕτως
903 5018 1118 5095 ὁμιλίας
1173 5017 1356 5098 ἔχοντι
1411 5017 1773 5098 προσέρχεταί
1819 5039 1899 5079 τις

253 5111 536 5193 ἀγγέλλων
582 5111 674 5168 τὸν
731 5113 959 5185 θεομισῆ
1005 5108 1229 5165 Λούκιον
1275 5106 1411 5183 μετὰ
1449 5113 1542 5164 τοῦ
1602 5105 1692 5162 ὑπ’
1744 5106 1900 5165 αὐτὸν

250 5201 645 5282 στρατεύματος
732 5199 1022 5277 προσάγειν
1122 5195 1262 5252 οὕτω
1346 5195 1847 5273 παρεσκευασμένον
1879 5241 1897 5270 ,

249 5297 348 5371 ὡς,
383 5291 542 5371 εἴπερ
573 5287 816 5365 ἀναϐάλῃ
866 5289 966 5355 τὴν
1021 5284 1219 5360 ἔξοδον,
1256 5287 1345 5343 καὶ
1387 5285 1506 5362 βίαν
1561 5284 1896 5364 ἐπενεγκεῖν,

1991 4569 2437 4637 exsilio,Christi
2456 4590 2697 4652 gregem
2715 4574 2931 4634 damno
2946 4575 3363 4652 afﬁcienszquo
3384 4574 3628 4654 quidem

1990 4660 2141 4738 viro,
2168 4668 2228 4721 ut
2258 4679 2390 4720 cum
2430 4680 2640 4739 magno
2667 4662 2861 4724 dicam
2903 4663 3103 4731 Paulo.
3141 4682 3216 4725 ne
3247 4663 3460 4742 dignus
3492 4665 3628 4743 qui-

1988 4748 2123 4809 dem
2159 4758 2284 4810 erat
2344 4751 2658 4812 universus
2711 4754 2968 4813 mundus
2995 4753 3106 4814 39‘!
3144 4751 3260 4814 Sed
3305 4763 3359 4814 te
3391 4772 3629 4833 quoque

1987 4838 2234 4900 omnino
2268 4841 2426 4919 cepit
2461 4841 2691 4902 mulier.
2730 4841 2846 4903 Eva
2872 4861 3082 4904 rursus
3108 4852 3232 4904 tuas
3261 4862 3462 4913 aures,
3497 4860 3628 4920 quae

1985 4937 2122 4990 sunt
2143 4928 2618 5010 faciles,decepit
2641 4932 3393 5014 miserabiliter:quomodo
3419 4949 3528 5012 per
3552 4932 3627 4991 il-

1984 5018 2099 5080 lam
2125 5019 2486 5098 serpens,ita
2511 5021 2638 5100 ipsa
2661 5040 2768 5102 per
2789 5041 2906 5085 non
2929 5021 3118 5084 bonos
3137 5031 3406 5100 pastores
3431 5019 3628 5081 cordis

1986 5108 2146 5169 virus
2177 5126 2483 5172 evomens.
2518 5109 2655 5172 Haec
2688 5130 2821 5173 cum
2874 5129 3120 5191 magnus
3150 5111 3249 5172 ille
3280 5108 3623 5185 audivisset,

1985 5198 2148 5260 nullo
2183 5217 2441 5262 maerore
2470 5208 2570 5261 aut
2602 5201 2861 5275 tristitia,
2896 5219 3006 5261 nec
3039 5201 3098 5262 in
3147 5200 3328 5260 corde
3351 5199 3625 5272 affectus,

1985 5306 2094 5349 nec
2128 5287 2290 5351 vultu
2323 5306 2442 5368 pra)
2472 5307 2535 5350 se
2567 5289 2787 5364 ferens,
2823 5289 2928 5350 sed
2981 5289 3169 5349 virum
3206 5288 3532 5350 ostendens
3562 5288 3624 5349 in

254 5386 343 5439 καὶ
400 5379 518 5456 μεθ’
576 5377 778 5456 ὕϐρεως
839 5376 1030 5443 ἐξῶσαι
1076 5381 1176 5444 τῆς
1229 5373 1577 5442 Ἐκκλησίας.
1617 5374 1899 5433 Κλονεῐται

1995 5375 2431 5451 Lentationibus,
2452 5376 2606 5439 sicut
2637 5377 2696 5438 in
2732 5385 3080 5456 tempestate
3106 5377 3568 5455 gubernatorem
3606 5399 3620 5438 :

251 5468 308 5525 δὲ
358 5470 445 5526 καί
503 5470 564 5526 τὸ
604 5467 809 5535 πλῆθος
846 5467 945 5534 τὴν
1005 5466 1106 5534 σὴν
1139 5467 1242 5545 οὔχ
1273 5465 1394 5522 οἷόν
1437 5485 1494 5520 τε
1525 5464 1585 5520 θν
1613 5465 1896 5539 ὑπομεῖναι

1995 5465 2432 5547 Adeste,inquit
2455 5467 2579 5528 suis
2601 5467 3051 5548 episcOpis,jam
3076 5467 3273 5530 valere
3299 5466 3622 5549 jubeamus

325 5640 392 5693 39
413 5640 599 5706 Hebr.
632 5661 718 5725 ιι,
749 5644 854 5708 28.
