4060 6200
452 327 602 393 H83

454 555 998 635 niebat,preces,de
1022 553 1139 615 ﬁde
1161 550 1490 614 orthodoxa
1509 551 1692 612 multa
1712 551 2085 626 testiﬁcatur,

454 654 513 705 et
533 645 895 716 hortatur,ut
918 661 1042 704 eam
1071 652 1399 722 sequantur
1423 640 1902 703 immutabiliter.
1930 642 2089 701 Prae-

452 741 614 796 terea
642 751 785 794 vero
834 732 922 794 eis
955 750 1200 812 quoque
1252 730 1531 811 prohibet
1561 749 1770 791 omnes
1801 731 2085 794 hmreses.

451 841 585 884 cum
620 823 750 884 haec
782 829 979 883 autem
1041 820 1224 882 verba
1272 821 1519 896 faceret,
1553 819 1784 881 accedit
1813 818 2085 900 quidam,

447 911 726 973 nuntians
756 910 876 972 Deo
924 911 1176 972 invisum
1229 909 1475 971 Lucium
1513 927 1647 970 cum
1681 927 1790 970 suo
1826 910 2088 970 exercitu

443 1001 735 1064 accedere
759 1001 840 1063 ita
864 1009 1240 1083 paratum,ut
1264 1000 1314 1062 si
1336 1018 1450 1081 qua
1469 1000 1567 1061 ﬁat
1586 999 1643 1060 in
1670 999 1829 1059 exitu
1854 997 2083 1072 dilatio,

445 1110 563 1152 non
601 1091 774 1153 sileat
795 1091 1042 1154 omnino
1063 1110 1172 1152 nec
1201 1091 1524 1168 mitigetur:
1552 1089 1656 1150 sed
1682 1106 1917 1150 manum
1943 1106 2089 1167 quo-

1735 323 2018 389 MENSIS
2063 323 2512 389 JANUARIUS.

446 464 728 543 angelum
757 461 1304 528 Ecclesiae.Deinde
1330 466 1461 542 post
1484 461 1848 542 factas,quas
1872 477 2086 523 conve-
2108 466 2144 517 A
2169 460 2445 541 στέρησιν.

3668 326 3814 392 1184

2531 461 2888 542 Ἐπιταχύναι
2988 466 3266 540 τοιγαροῦν
3357 460 3632 522 λυσιτελεῖ
3717 467 3813 534 τὴν

2170 550 2456 632 ἐξέλευσιν,
2510 553 2585 628 μή
2641 551 2771 610 ποτέ
2815 573 2910 609 σου
2952 553 3069 609 λίαν
3111 553 3550 630 ἀντιποιούμενος
3593 556 3623 612 ὁ
3665 553 3814 635 λαὸς,

2174 641 2260 696 καὶ
2319 642 2391 706 εἷς
2451 655 2648 722 χεῖρας
2703 653 2822 706 τοῖς
2885 641 3237 720 στρατιώταις
3291 643 3440 723 ἔλθῃ,
3491 644 3577 701 καί
3619 666 3670 701 τι
3713 651 3814 701 τῶν

2173 728 2488 806 παραϐόλων
2547 730 2870 808 ἐργάσασθαι
2960 735 3234 811 προαχθῇ.
3295 733 3506 791 Τούτων
3564 736 3591 790 ὃ
3650 733 3816 812 μέγας

2171 819 2424 894 ἀκούσας,
2471 817 2641 885 δεξιάν
2673 842 2780 876 τισι
2837 841 2944 876 των
2994 822 3306 878 ἐπισκόπων
3353 819 3494 900 (οὐδὲ
3524 822 3625 900 γὰρ
3656 821 3816 880 ἐδίδου

2171 916 2336 965 πᾶσιν
2397 911 2424 965 ὁ
2477 911 2682 985 καιρὸς)
2731 908 3004 989 ἐμϐαλὼν,
3049 912 3144 967 καί
3204 911 3280 986 τῷ
3344 910 3608 992 φιλήματι
3669 913 3815 986 μίξας

2170 997 2391 1076 δάκρυον
2437 997 2522 1054 διὰ
2585 999 2684 1066 τὴν
2743 1005 2847 1055 τῶν
2901 1001 3140 1071 συνήθων
3170 1002 3388 1081 ζημίαν,
3423 1005 3546 1058 εἶτα
3575 1003 3813 1066 καὶτοῖς

2169 1086 2384 1151 λοιποῖς
2415 1087 2828 1162 συνταξάμενος,
2861 1088 3080 1149 ἐνταῦθά
3110 1112 3212 1147 που
3271 1092 3557 1172 παρηγγύα
3610 1093 3811 1168 μένειν,

442 1199 558 1262 que
593 1181 865 1262 protinus
913 1183 1145 1262 afferat,
1174 1188 1231 1241 et
1260 1198 1392 1241 cum
1428 1178 1793 1240 contumelia
1824 1177 2078 1256 expellat

2167 1177 2313 1241 ¹Ἔως
2343 1176 2610 1246 ἀπελθὼν,
2639 1176 2804 1257 φησί,
2840 1179 3027 1256 μικρὸν
3059 1178 3248 1240 άνεθῶ,

448 1289 517 1332 ex
562 1269 851 1334 Ecclesia.
887 1274 1074 1334 Porro
1106 1279 1300 1332 autem
1345 1275 1753 1331 commovetur
1783 1284 2017 1347 quoque
2073 1264 2347 1346 populus,
2385 1265 2481 1346 qui
2515 1265 2672 1327 ferre
2718 1284 2838 1327 non
2872 1274 3066 1346 potest
3113 1267 3204 1328 sui
3237 1267 3654 1348 privationem.
3706 1268 3813 1330 Ex-

437 1360 599 1441 pedit
631 1379 772 1440 ergo
805 1361 1147 1423 accelerare
1175 1359 1426 1431 exitum,
1461 1377 1536 1419 ne
1567 1358 1719 1419 forte
1751 1365 1804 1418 te
1839 1355 2087 1417 nimium
2122 1353 2453 1415 defendens
2484 1353 2929 1436 populus,quod
2961 1354 3115 1416 absit
3144 1363 3210 1417 ut
3238 1355 3568 1433 videamus,
3603 1376 3813 1420 manus

440 1460 717 1512 conserat
742 1469 876 1512 cum
914 1450 1226 1523 militibus,
1263 1457 1320 1510 et
1351 1447 1668 1508 inducatur
1709 1454 1775 1508 ut
1803 1441 2030 1526 aliquid
2063 1441 2236 1504 faciat
2286 1443 2467 1505 nimis
2501 1461 2768 1525 praeceps
2799 1451 2858 1505 et
2890 1444 3314 1524 periculosum.
3347 1445 3486 1508 Haec
3514 1465 3652 1510 cum
3683 1467 3811 1510 ma-

435 1559 591 1620 gnus
623 1539 890 1602 audisset
932 1539 1220 1615 Joannes,
1256 1539 1676 1621 episcopisque
1705 1535 1933 1615 aliquot
1968 1541 2246 1614 porrecta
2278 1533 2526 1595 dextera
2572 1538 2788 1614 (neque
2819 1533 3003 1609 enim,
3041 1543 3102 1596 ut
3151 1535 3428 1597 omnibus
3457 1540 3807 1617 porrigeret,

437 1627 808 1692 concedebat
842 1633 1122 1710 tempus),
1159 1637 1216 1689 et
1264 1628 1467 1689 osculo
1502 1625 1885 1686 miserabiles
1917 1622 2257 1684 miscuisset
2280 1623 2590 1703 lacrymas,
2627 1630 2944 1703 propterea
2973 1623 3132 1704 quod
3181 1636 3561 1706 scpararetur
3587 1643 3622 1687 a
3649 1628 3814 1688 fami-

439 1718 710 1793 liaribus,
747 1719 966 1780 deinde
1018 1721 1192 1781 etiam
1221 1717 1505 1796 jussisset
1537 1715 1732 1776 valere
1763 1714 2057 1794 reliquos,
2093 1713 2378 1793 praecepit
2427 1719 2491 1772 ut
2523 1710 2632 1773 tibi
2665 1711 2871 1792 utique
2903 1720 3235 1788 manerent,
3272 1713 3464 1776 donec
3499 1733 3632 1777 cum
3664 1735 3807 1798 pau-

437 1809 623 1870 lulum
653 1808 1067 1884 abscessisset,
1102 1811 1526 1869 reverteretur.

517 1897 858 1962 XLIX.Hzec
882 1917 1017 1959 cum
1037 1897 1551 1971 dixisset,sacrum
1573 1895 1915 1976 ingreditur
1943 1893 2078 1974 bap-

2247 1891 2383 1954 MB'.
2458 1891 2636 1956 Οὕτως
2710 1892 2896 1970 εἷπὼν,

439 1987 825 2059 tistcrium,et
848 1994 1114 2047 sanctam
1141 1983 1757 2064 vocatOlympiadem:
1777 1991 2080 2045 estautem

441 2075 686 2136 omnino
712 2074 872 2136 clara
890 2075 1108 2136 mulier
1130 2074 1217 2135 vel
1247 2074 1372 2135 solo
1400 2071 1792 2136 nomine.Sed
1815 2092 1933 2134 non
1958 2072 2084 2133 fue-

438 2165 520 2226 rit
537 2165 786 2227 fortasse
807 2166 1074 2226 deterius
1098 2165 1447 2245 permittere
1471 2164 1822 2236 orationi,ut
1843 2181 1907 2225 se
1930 2181 2081 2242 pau-

439 2253 628 2314 lulum
650 2262 880 2316 recreet
903 2255 1034 2334 ejus
1055 2254 1353 2314 bonorum
1382 2251 1732 2313 deliciis.Ea
1751 2271 1883 2314 cum
1909 2260 1967 2313 et
1986 2269 2084 2331 ge-

438 2361 583 2405 nere
605 2351 662 2404 et
680 2344 898 2406 divitiis
921 2353 978 2405 et
1007 2344 1210 2425 specie
1233 2347 1503 2423 corporis
1527 2354 1586 2403 et
1609 2342 1741 2404 aliis
1763 2343 2082 2421 hujusmo-

435 2433 684 2496 divalde
725 2434 1168 2515 resplenderet,
1205 2451 1338 2494 cum
1391 2433 1518 2493 viro
1546 2432 1787 2512 quidem
1816 2430 2086 2511 jungitur

437 2523 957 2598 matrimonio,sed
985 2543 1102 2584 non
1122 2523 1336 2584 amittit
1356 2522 1751 2601 virginitatem
1783 2543 1796 2580 :
1825 2521 1928 2582 sed
1947 2529 2082 2582 cum

433 2612 524 2674 sic
541 2631 672 2674 cum
702 2633 770 2674 eo
793 2613 1038 2676 vixisset
1061 2613 1220 2675 circa
1246 2611 1452 2692 viginti
1480 2609 1857 2685 menses,ille
1880 2617 2077 2672 autem

438 2703 793 2766 excessisset
818 2723 888 2765 ex
913 2703 1290 2775 hominibus,
1325 2701 1439 2763 etsi
1462 2720 1578 2762 non
1613 2719 1682 2762 ea
1703 2710 1858 2762 esset
1883 2707 2078 2781 aetate,

436 2794 528 2855 cui
556 2793 768 2873 pudori
789 2802 991 2855 essent
1016 2792 1297 2855 secunda}
1321 2791 1888 2872 nuptiae,pulchrum
1916 2808 2080 2852 reve-

436 2900 502 2944 ra
527 2884 802 2961 amplexa
854 2883 1340 2963 temperantiam,
1377 2900 1483 2961 per
1527 2887 1704 2940 totam
1739 2879 1915 2941 vitam
1950 2899 2077 2941 eam

436 2989 638 3034 amare
691 2973 879 3034 voluit
915 2994 927 3035 :
969 2979 1030 3034 et
1068 2972 1554 3050 licetimperator
1582 2988 1710 3031 eam
1739 2980 1976 3032 vocaret
2005 2970 2078 3032 ad

435 3063 880 3123 matrimonium
909 3080 1153 3123 suorum
1180 3067 1661 3139 cognatorum,et
1683 3077 1812 3120 eam
1849 3061 2079 3138 magnis

433 3151 699 3212 afﬁceret
721 3150 1073 3223 honoribus,
1110 3151 1212 3211 illa
1253 3149 1540 3211 omnibus
1565 3149 1793 3210 relictis
1817 3148 2071 3224 deliciis,

2985 1891 3072 1948 ἐπὶ
3149 1894 3240 1950 τὸν
3297 1894 3436 1971 ἱερὸν
3507 1893 3802 1974 εἰσέρχεται

2164 1985 2526 2062 βαπτιστῆρα,
2571 1981 2666 2038 καί
2707 1980 3042 2056 Ὀλυμπιάδα
3085 1981 3246 2040 καλεῖ
3287 1989 3385 2051 τὴν
3429 1985 3597 2044 ὁσίαν.
3657 1984 3802 2056 mpm

2165 2071 2219 2128 δὲ
2264 2075 2298 2141 ἡ
2358 2078 2491 2149 γυνὴ
2546 2072 2764 2136 πάντως
2799 2072 2928 2150 πρὸς
2960 2071 3120 2129 αὐτοῦ
3147 2072 3240 2129 τοῦ
3291 2075 3576 2150 ὀνόματος.
3624 2075 3804 2150 Ὅμως

2167 2164 2226 2219 οὗ
2284 2175 2476 2241 χεῖρον
2531 2164 2740 2242 ἐφεῖναι
2801 2161 2992 2239 μικρὸν
3037 2163 3123 2218 καὶ
3161 2185 3239 2236 τῳ
3280 2162 3450 2240 λόγῳ,
3509 2167 3599 2220 καὶ
3633 2187 3801 2243 παρα-

2164 2258 2424 2331 τρυφῆσαι
2484 2256 2588 2307 τῶν
2647 2252 2845 2318 ταύτης
2904 2250 3107 2327 καλῶν,
3171 2252 3206 2320 ἣ
3264 2253 3460 2328 ζημίαν
3519 2254 3802 2328 ὑπομεῖναι

2170 2341 2370 2397 τελείαν
2429 2338 2648 2409 ἡδίστης
2707 2339 2848 2397 οὕτω
2892 2340 2987 2398 καί
3066 2340 3422 2422 ψυχωφελοῦς
3478 2341 3800 2422 διηγήσεως.

2169 2432 2312 2496 Λῦτη
2361 2430 2512 2509 ’γένει
2557 2432 2644 2487 καὶ
2689 2429 2902 2504 πλούτῳ
2963 2430 3060 2488 καὶ
3113 2430 3226 2508 ὥρᾳ
3267 2432 3543 2506 σώματος,
3576 2433 3804 2498 καὶτοῖς

2169 2518 2353 2583 ἄλλοις
2409 2533 2528 2581 τοῖς
2589 2519 2788 2594 ὁμοίως
2849 2518 3069 2598 ἔχουσιν
3140 2518 3382 2599 ἀτεχνῶς
3437 2517 3803 2602 διαλάμψασα,

2163 2607 2314 2686 ἀνδρί
2374 2609 2694 2665 συνάπτεται
2749 2608 2872 2688 μὲν,
2944 2610 3044 2676 τὴν
3088 2607 3144 2664 δὲ
3187 2609 3468 2688 παρθενίαν
3527 2612 3623 2666 οῦκ
3663 2611 3805 2668 ἀπο-

2162 2696 2437 2758 ϐάλλεται.
2487 2696 2636 2754 Ἀλλ’
2681 2697 2846 2763 οὕτως
2905 2697 3048 2771 αὖτῷ
3095 2699 3215 2776 περί
3268 2720 3370 2754 που
3416 2703 3592 2774 μῆνας
3633 2701 3809 2756 εἴκοσι

2163 2785 2534 2861 συμϐιώσασα,
2597 2787 2710 2844 ἐπεὶ
2765 2789 2973 2851 ἐκεῖνος
3062 2786 3114 2853 ἐξ
3189 2787 3481 2867 ἀνθρώπων
3562 2788 3796 2866 ἐγένετο,

2164 2875 2334 2933 καίτοι
2388 2881 2485 2943 τὴν
2548 2876 2758 2946 ἡλικίαν
2802 2879 2898 2934 οὒκ
2942 2875 3144 2956 ἔχουσα
3185 2879 3310 2940 τοὺς
3375 2875 3642 2956 δευτέρους
3696 2879 3798 2956 γά-

2163 2988 2295 3041 μους
2346 2968 2764 3046 αἰσχυνομένην,
2797 2967 2934 3034 αὕτη
2987 2967 3087 3030 τὴν
3146 2967 3494 3046 σωφροσύνην
3549 2969 3805 3024 ἀσπασα-

2162 3057 2322 3133 μένη,
2371 3057 2614 3137 στέργειν
2674 3057 2840 3124 αὐτὴν
2899 3055 3080 3114 ε’ίλετο
3151 3054 3236 3114 διὰ
3287 3059 3424 3134 βίου,
3489 3059 3577 3114 καὶ
3645 3065 3807 3116 ταῦτα

2158 3153 2250 3201 τοῦ
2279 3146 2539 3222 βασιλέως
2599 3146 2762 3214 αὒτην
2804 3147 2874 3211 εἷς
2933 3159 3209 3224 συγγενεῖς
3255 3145 3507 3210 ἕλκοντος
3565 3147 3798 3226 γάμους,

435 3248 649 3320 ιιιῳιίο
671 3259 804 3302 cum
833 3241 1110 3319 ingenuis
1144 3238 1294 3300 nihil
1319 3238 1610 3299 haberent
1633 3256 1974 3312 commune,
2011 3257 2075 3299 se

2164 3237 2426 3302 νηστείαις
2460 3234 2513 3291 δὲ
2544 3233 2750 3310 μᾶλλον
2779 3234 2874 3292 καῖ
2909 3235 3247 3314 ἀγρυπνίαις,
3304 3237 3391 3292 καὶ
3441 3249 3559 3298 τοῖς
3621 3235 3802 3300 ἄλλοις

435 3328 1042 3409 oblectabatjejunio,
1071 3348 1188 3389 non
1213 3328 1404 3390 solum
1430 3326 1684 3402 cibi,sed
1709 3327 1885 3388 etiam
1909 3345 2074 3388 som-

437 3419 522 3493 ni,
557 3419 804 3500 pulchre
831 3435 1119 3481 exercens
1147 3436 1390 3497 corpus,
1415 3425 1475 3478 et
1496 3417 1552 3477 id
1580 3416 1827 3478 studens
1856 3415 2079 3479 habere

435 3527 608 3590 opem
633 3510 861 3585 ferens,
895 3527 1017 3570 non
1051 3517 1249 3570 autem
1296 3507 1592 3567 insidians
1631 3505 1703 3566 ad
1757 3505 2072 3569 virtutem:

435 3601 898 3680 temperantiam
934 3617 1001 3659 ac
1033 3597 1376 3679 pudicitiam
1428 3595 1834 3677 complectens
1885 3613 2077 3673 usque

434 3689 505 3750 ad
533 3689 978 3767 cogitationem.
1013 3708 1130 3750 non
1157 3687 1351 3749 solum
1382 3705 1570 3768 usque
1609 3685 1678 3746 ad
1705 3694 2072 3746 contactum.

431 3779 751 3860 Postquam
776 3786 972 3840 autem
998 3777 1261 3838 omnium
1291 3775 1582 3837 bonorum
1614 3774 2078 3850 fuitdomina,ea

429 3869 493 3932 in
518 3889 660 3932 usus
682 3887 1027 3931 sanctorum
1054 3867 1278 3929 studuit
1302 3866 1610 3928 effundere
1637 3883 1648 3927 :
1677 3865 1912 3942 fuitque
1943 3865 2074 3926 dia-

431 3961 664 4020 conissa
692 3959 868 4020 totius
890 3957 1453 4036 Ecclesize,propter
1479 3955 1775 4033 insignem
1803 3955 1930 4034 ejus
1955 3953 2074 4033 pie-

433 4056 610 4110 tatem
638 4056 697 4110 et
719 4045 1330 4126 hospitalitatem.Eos
1354 4046 1515 4107 enim
1548 4043 1941 4124 maxime,qui
1965 4044 2079 4103 vir-

430 4145 615 4200 tutem
641 4136 1293 4216 exercebant,hospitio
1315 4133 1628 4213 magniﬁce
1653 4133 2080 4213 excipiebat,el

433 4245 793 4307 quocunque
808 4233 1037 4305 poterat
1061 4225 1547 4286 ofﬁciohilaritcr
1572 4223 2070 4303 prosequebatur.

2159 3325 2466 3406 ἐντρυφῶσα
2525 3333 2631 3383 τῶν
2691 3325 2981 3386 ἐπιπόνων,
3037 3315 3129 3388 Ὠς
3171 3323 3276 3393 ἤδη
3334 3325 3422 3381 καὶ
3473 3325 3569 3393 τῆς
3628 3327 3799 3391 οὐσίας

2161 3416 2338 3481 πάσης
2397 3416 2630 3484 κατέστη
2662 3417 2835 3494 κυρία,
2869 3415 2955 3471 ἐπὶ
3002 3415 3101 3483 τὴν
3151 3415 3434 3493 θεραπείαν
3477 3414 3645 3482 αῦτὴν
3701 3421 3802 3470 τῶν

2160 3505 2325 3582 ἁγίων
2382 3505 2626 3561 ἐκκενοῦν
2676 3504 2835 3584 ἔγνω,
2912 3500 3154 3568 διάκονός
3215 3525 3274 3560 τε
3317 3503 3414 3571 τῆς
3474 3500 3802 3570 Ἐκκλησίας

2159 3593 2352 3662 ἠξίωτο
2406 3594 2736 3662 καταστῆναι
2797 3594 3000 3668 πάσης,
3052 3591 3136 3650 διὰ
3165 3591 3400 3666 πολλὴν,
3432 3592 3500 3661 ἢν
3542 3594 3674 3673 εἶχε
3703 3597 3802 3658 τῆς

2160 3683 2436 3749 εὖλαῦείας
2469 3684 2796 3762 περιουσίαν,
2827 3683 2914 3740 καὶ
2965 3684 3028 3739 τὸ
3087 3687 3186 3750 τῆς
3246 3680 3540 3762 φιλοξενίας
3602 3681 3800 3760 ἐπιφα-

2159 3772 2431 3832 νέστατον.
2463 3759 2561 3830 Ἠν
2591 3775 2690 3851 γὰρ
2747 3773 2835 3830 καί
2879 3771 3113 3848 μάλιστα
3155 3772 3277 3836 τοὺς
3323 3773 3519 3849 ἀρετὴν
3573 3771 3798 3847 μετιόν-

2160 3885 2254 3927 τας
2326 3864 2591 3935 ξενίζουσα
2674 3862 2992 3944 φιλοτίμως,
3081 3861 3180 3918 καὶ
3249 3861 3552 3940 θεραπείαν,
3615 3859 3668 3917 εἴ
3724 3862 3804 3926 τίς

2160 3956 2299 4024 ἐστι,
2327 3954 2688 4032 προσάγουσα,
2725 3953 2759 4022 ἢ
2793 3955 2878 4010 καὶ
2911 3951 3150 4034 Θεοφίλῳ
3207 3949 3466 4016 πολλάκις
3521 3953 3582 4008 τὸ
3612 3952 3804 4022 ἑαυτῆς

2162 4043 2550 4122 μεγαλόψυχον
2579 4041 2902 4108 ἐπεδείξατοο
2947 4041 3046 4099 κᾶν
3088 4042 3187 4110 τῆς
3233 4042 3436 4100 ἐκείνου
3465 4038 3713 4118 γλώττης
3742 4043 3803 4096 τὸ

2160 4131 2520 4212 φιλολοίδορον
2575 4131 2692 4192 οὐδὲ
2751 4133 2883 4200 αὕτη
2969 4132 3203 4212 ἔσχατον
3280 4128 3521 4200 ἢδυνήθη
3580 4144 3799 4210 φυγεῖν,

2160 4223 2419 4302 πρόφασιν
2463 4220 2643 4294 δοῦσα,
2676 4223 2736 4279 τὸ
2768 4221 2888 4282 τοὺς
2918 4221 3009 4277 ὑπ’
3053 4222 3217 4276 αὑτοῦ
3278 4216 3632 4299 διωχθέντας,
3677 4219 3803 4281 τοὺς

433 4318 578 4390 Qum
610 4315 788 4376 etiam
822 4315 1222 4396 Theophilum
1256 4322 1533 4393 tanquam
1560 4312 1662 4374 Dei
1689 4319 1948 4374 amicum
1973 4312 2075 4374 ob-

2164 4313 2272 4390 περὶ
2330 4311 2646 4386 Ἀμμώνιόν
2690 4334 2829 4391 φημι
2874 4311 2960 4367 καὶ
3021 4307 3310 4388 Ἰσίδωρον,
3365 4307 3556 4380 ἄνδρας
3614 4311 3800 4387 θεοφι-

432 4424 695 4480 servans,
733 4424 898 4467 suam
951 4406 1007 4465 in
1053 4423 1185 4466 eum
1231 4403 1494 4465 ostendit
1538 4403 2069 4484 magniﬁcentiam,

2164 4401 2271 4463 tu;
2324 4399 2690 4465 ὑποδέξασθαι,
2758 4401 2976 4457 Πάντων
3062 4398 3161 4474 μὲν
3218 4397 3333 4475 οὖν,
3395 4397 3579 4476 ὥσπερ
3637 4396 3793 4476 ἔφην,

433 4496 668 4558 etiamsi
686 4495 1490 4576 ejnslinguaeimpudentiam
1517 4501 1574 4554 et
1592 4492 2068 4554 maledicentiam

2164 4497 2260 4546 τῶν
2317 4490 2613 4572 φιλαρέτων
2675 4488 2876 4569 ἀνδρῶν
2932 4489 3140 4568 θερμῶς
3215 4484 3462 4576 ἐῗιιήδετο,
3519 4487 3606 4576 καὶ
3660 4507 3795 4576 προ-

431 4603 509 4647 ne
531 4587 656 4666 ipsa
679 4575 923 4666 quidem
951 4575 1196 4646 omnino
1224 4585 1412 4664 potuit
1436 4583 1862 4663 elfugere,data
1884 4585 1937 4643 ei
1961 4602 2066 4644 oc-

2164 4582 2295 4644 νοίας
2356 4581 2540 4644 αὖτοῦς
2599 4581 2780 4647 πάσης
2836 4578 2982 4647 ἠξίου
3017 4593 3033 4609 ⁸
3080 4583 3158 4651 τῷ
3229 4575 3284 4632 δὲ
3349 4575 3593 4654 μακαρίῳ
3628 4575 3798 4648 τούτῳ

433 4663 880 4756 εδείοηοξρυοά
903 4694 1053 4756 quos
1081 4674 1182 4736 ille
1201 4663 1391 4735 fuerat
1414 4681 1781 4754 persecutus,
1811 4674 2062 4735 Ammo-

2164 4672 2246 4728 ιαί
2301 4673 2531 4740 συνήθης
2602 4669 2836 4748 ἐγένετο,
2908 4669 3144 4745 καθάπερ
3215 4665 3389 4723 Θέκλα
3432 4669 3511 4737 τῷ
3577 4663 3786 4739 Παύλῳ,

433 4765 597 4827 nium
621 4753 853 4828 scilicet
877 4753 935 4826 et
956 4763 1279 4833 Isidorum,
1317 4753 1474 4824 viros
1500 4764 1622 4826 Deo
1640 4762 2062 4837 charos,exce-

2164 4767 2246 4828 ςῆς
2300 4764 2459 4819 αὒτοῦ
2529 4759 2777 4838 γλώττης
2859 4757 2969 4814 ὅλω
3024 4759 3124 4834 βίῳ
3180 4756 3378 4823 ἑαυτὴν
3429 4753 3788 4833 ὶξαρτιίσασα.

433 4855 585 4936 perit
609 4855 964 4936 (43).Atque
987 4853 1252 4916 omnium
1277 4852 1705 4934 quidem,sicut
1725 4853 1868 4926 dixi,
1902 4855 2064 4915 viro-

2175 4853 2299 4909 Επεὶ
2331 4849 2382 4906 δὲ
2418 4853 2551 4928 αὖτῇ
2595 4849 2690 4906 καί
2741 4848 2915 4926 ἕτεραι
2975 4845 3220 4903 διάκονοι
3250 4845 3506 4917 συνῆσαν,
3567 4841 3785 4921 Πρόκλη

433 4934 568 5007 rum
596 4934 824 5007 virtutis
844 4934 1170 5007 amantium
1207 4961 1476 5021 magnam
1505 4960 1706 5003 curam
1733 4943 2066 5024 gerebat,et

2164 4964 2203 4998 τε
2237 4943 2334 4998 καί
2370 4937 2628 4996 Πενταδία
2671 4940 2759 4995 καὶ
2808 4935 3070 5007 Σιλϐανῆ,
3125 4937 3211 4992 καὶ
3244 4936 3405 4999 αὐτὰς
3436 4934 3558 4990 τότε
3592 4955 3794 5010 συγκα-

431 5037 519 5098 eis
548 5035 828 5097 omnibus
875 5035 1063 5096 modis
1111 5033 1462 5114 providebat
1496 5053 1507 5090 :
1561 5032 1698 5092 huic
1720 5043 1916 5094 autem
1941 5036 2065 5094 viro

2164 5031 2334 5111 Κέσας,
2401 5038 2583 5110 Δεῦτε,
2647 5027 2772 5106 ἔφη,
2847 5025 3152 5105 θυγατέρες,
3209 5023 3484 5114 προσχετὲ
3555 5045 3646 5114 μοι
3702 5023 3794 5078 τὸν

431 5125 606 5188 beato
629 5125 735 5186 fuit
756 5126 932 5187 etiam
957 5121 1602 5201 familiaris,quomodo
1617 5121 1836 5184 Thecla
1851 5122 2059 5198 Paulo,

2164 5129 2288 5183 θοῦν.
2349 5121 2507 5200 Τάχα
2565 5119 2665 5198 γὰρ
2722 5120 2807 5175 καὶ
2857 5119 2985 5188 πρὸς
3041 5115 3192 5180 τέλος
3245 5113 3348 5182 ἤδη
3382 5114 3554 5170 κλίνει
3586 5113 3652 5168 τὰ
3677 5118 3798 5168 κατ’

425 5215 500 5277 ab
532 5217 662 5296 ejus
687 5216 888 5294 lingua
918 5223 1040 5277 tota
1067 5214 1190 5275 vita
1220 5211 1889 5293 dependensﬂuoniam
1923 5230 2062 5274 vero

2164 5212 2270 5285 εμὲ,
2331 5211 2417 5266 καὶ
2476 5209 2647 5267 οὕκέτι
2707 5229 2774 5283 με
2816 5209 2954 5263 κατᾶ
3015 5207 3106 5262 τὸν
3171 5205 3256 5260 νῦν
3308 5201 3502 5279 ὄψεσθε
3562 5201 3794 5276 κόσμον,

427 5289 654 5366 ουηῖθα
683 5289 813 5366 aliae
839 5324 1076 5386 quoque
1109 5311 1277 5365 erant
1303 5289 1687 5382 idiaconissze,
1717 5301 2068 5381 Procula,et

2164 5303 2359 5368 Ταύτην
2400 5297 2452 5356 δὲ
2483 5301 2631 5375 ὑμῶν
2662 5297 2846 5373 δέομαι
2904 5295 3092 5364 δάησιν
3151 5294 3248 5362 τὴν
3295 5293 3565 5374 ἐσχάτην,
3625 5289 3797 5366 μηδὲν

428 5393 734 5469 Pentadia,
761 5403 818 5457 et
849 5379 1096 5476 Sylvana
1132 5393 1419 5474 (44),quze
1449 5379 1925 5472 bonam'partem
1952 5379 2072 5455 ele-

2164 5397 2248 5460 ιῆς
2304 5392 2554 5461 συνήθους
2613 5389 2730 5468 περὶ
2775 5389 2867 5444 τὸν
2926 5395 3018 5444 τοῦ
3071 5392 3199 5443 Θεοῦ
3266 5385 3392 5441 ναὸν
3448 5379 3795 5461 προσεδρείας

2152 5577 2308 5629 sunt.

503 5571 616 5639 (43)
648 5572 727 5630 De
750 5572 1055 5630 Ammonio
1078 5581 1134 5630 et
1154 5572 1378 5630 Isidoro
1401 5570 1748 5644 Origenistis
1772 5572 1842 5644 ab
1869 5571 2067 5643 Olym-

2227 5639 2337 5711 (M)
2370 5639 2450 5697 Al.
2492 5635 2784 5698 Sulm'nam.

430 5643 737 5721 pia,lnscie
761 5651 949 5700 tamen
976 5647 1283 5716 susceptis,
1315 5645 1445 5702 vlde
1467 5642 1590 5717 quae
1613 5642 1887 5715 superius
1915 5642 2063 5702 dicta
