4060 6200
235 275 408 363 ’1185

1298 297 1485 363 VITA
1530 299 1590 362 S.
1635 290 1958 362 JOANNIS
2000 291 2570 360 CHRYSOSTOMI.

3475 297 3629 364 1186

252 435 337 490 καὶ
409 432 604 494 πίσεως
685 430 1025 509 καθυφεῖναι,
1103 433 1198 489 Καὶ
1255 433 1334 508 ζός
1409 432 1494 490 ἐπὶ
1563 435 1654 490 τὸν
1720 433 1900 512 θρόνον

1990 438 2183 500 gerant
2202 432 2624 488 convenienter
2649 429 2840 486 divino
2863 428 3074 487 Christi
3097 429 3290 496 verbo,
3319 445 3450 488 cum
3477 433 3629 501 ipsas

253 528 438 579 τοῦτον
485 520 575 598 (τὸ
607 520 707 597 γὰρ
760 520 902 576 εἶναι
934 521 1034 586 τὴν
1083 520 1409 587 Ἐκκλησίαν
1455 522 1654 599 ἔρημον
1687 522 1908 578 ἐπισκό-

252 633 354 668 που
404 610 619 672 πάντως
652 610 747 666 οὑκ
791 607 987 688 ἔσται),
1023 611 1081 674 ὃς
1128 611 1188 666 ἃν
1247 610 1335 666 οὖν
1393 613 1527 667 κατὰ
1556 615 1652 679 την
1697 614 1910 674 πάντων

253 701 546 758 συναίνεσιν
608 695 696 754 ἐπ’
748 700 905 757 αὐτὸν
966 699 1200 779 ἂναχθῇ,
1235 701 1405 774 τούτῳ
1447 704 1682 779 καθάπερ
1709 699 1773 770 δὴ
1815 701 1910 757 καὶ

256 790 375 866 ἐμοὶ
418 789 516 856 τήν
576 786 815 867 κεφαλὴν
887 789 1045 864 ὑμεῖς
1105 788 1445 866 ὑποκλίνατε,
1495 792 1585 847 καί
1657 813 1756 866 μου
1813 790 1910 858 τῆς

253 879 472 957 ἀγάπης
533 877 590 934 ἐν
638 891 761 939 ταῖς
814 899 1145 956 προσευχαις
1191 877 1486 954 μέμνησθε.
1522 877 1643 937 Ἐπὶ
1701 878 1910 944 τούτοις

253 968 370 1025 ἐπεὶ
413 969 648 1048 ἰσχυρῶς
694 969 867 1025 αὐτῶν
927 966 964 1034 ἠ
1006 965 1150 1034 λυπη
1207 969 1474 1048 καθίκετο,
1520 970 1607 1025 καὶ
1649 982 1767 1033 τοῖς
1811 966 1908 1024 δά-

255 1079 403 1136 κρυσι
480 1056 849 1135 συνεχύθησαν
879 1103 895 1129 ,
974 1054 1159 1135 ἔλεγόν
1231 1078 1288 1113 τε
1358 1057 1458 1124 τὴν
1530 1057 1781 1137 στέρησιν
1852 1062 1910 1117 οὑ

257 1146 496 1227 φορητὴν
560 1147 752 1210 αὑταῖς
825 1149 995 1225 εἶναι,
1039 1149 1128 1202 καὶ
1195 1159 1311 1212 τοῖς
1382 1149 1511 1204 ποσί
1567 1148 1908 1225 προσέκειντο

255 1237 376 1300 τοῖς
435 1239 596 1295 αὐτου
654 1235 839 1313 γοερὸν
879 1233 1254 1310 ὑλολύζουσαι,
1316 1236 1522 1302 ἐκεῖνος
1566 1237 1660 1295 ’ίτα
1704 1239 1783 1313 μὴ
1835 1243 1912 1310 τῷ

256 1324 409 1405 ὄχλῳ
456 1325 590 1402 πρὸς
636 1324 888 1390 αἴσθησιν
952 1325 1012 1380 τὸ
1055 1331 1278 1403 πρᾶγμα
1327 1327 1492 1381 πεσὸν
1537 1326 1750 1400 θόρυϐον
1807 1327 1910 1402 ἐμ-

254 1412 420 1490 ϐάλῃ,
468 1415 606 1470 νεύει
664 1418 770 1469 τῶν
814 1410 1180 1492 πρεσϐυτέρων
1241 1416 1342 1474 τινὶ
1405 1418 1734 1490 μεταστῆσαι
1779 1418 1910 1474 ταύ-

255 1525 376 1578 τας,
421 1504 511 1560 καὶ
554 1525 614 1560 το
660 1503 760 1578 μὲν
820 1503 1130 1583 ὑποζύγιον,
1164 1507 1222 1560 οὗ
1269 1506 1358 1561 καὶ
1400 1503 1688 1561 ἐπιϐαίνειν
1743 1507 1911 1563 εἰώθει

258 1593 470 1672 (λαθεῖν
531 1593 632 1670 γὰρ
689 1588 976 1672 ἠϐούλετο)
1055 1595 1188 1670 πρὸς
1238 1607 1361 1659 ταῖς
1423 1593 1660 1658 δυτικαϊς
1721 1595 1910 1661 πύλαις

253 1683 445 1750 στῆναι
518 1680 724 1738 κελεύσι
767 1697 781 1710 ⁹
859 1681 1014 1746 αύτὸς
1100 1681 1154 1738 δὲ
1225 1681 1310 1739 διὰ
1391 1689 1497 1740 τῶν
1579 1683 1909 1742 ἀνατολικῶν

1994 532 2232 594 quoque
2258 522 2396 575 tunc
2423 533 2671 592 magnus
2696 513 2796 574 ille
2819 523 3222 576 convocasset:
3245 515 3464 577 Adeste
3487 514 3625 592 huc,

1994 607 2208 689 inquit,
2243 610 2397 682 ﬁliae,
2432 610 2700 670 animum
2764 608 2910 670 mihi
2961 608 3260 671 adhibete.
3297 613 3419 671 Res
3465 609 3625 670 enim

1995 707 2214 759 nostrae
2231 702 2434 779 utique
2450 700 2571 778 jam
2599 698 2849 760 tendunt
2872 695 2941 757 ad
2988 697 3193 771 finem,
3227 717 3339 759 nec
3369 716 3463 758 me
3495 717 3628 758 am-

1994 785 2152 866 plius
2169 787 2444 849 videbitis
2466 799 2525 849 in
2551 789 2664 850 hoc
2697 787 2940 849 mundo.
2977 784 3142 847 Hanc
3178 795 3370 848 autem
3403 804 3437 848 a
3463 786 3631 847 vobis

1993 880 2323 938 extremam
2355 896 2498 957 rogo
2532 877 2900 958 petitionem,
2958 885 3020 936 ut
3065 875 3141 937 de
3175 885 3365 938 vestra
3409 876 3473 937 in
3519 875 3629 938 Dei

1995 965 2280 1045 templum
2305 967 2655 1029 assiduitate
2680 975 2737 1028 et
2757 966 2874 1026 fide
2899 965 3044 1027 nihil
3068 965 3481 1040 remittatis,et
3503 967 3630 1046 qui-

1994 1074 2229 1135 cunque
2253 1056 2403 1117 hanc
2428 1057 2633 1118 sedem
2658 1056 2998 1117 ascenderit
3019 1053 3174 1134 (ﬁeri
3195 1055 3352 1115 enim
3378 1074 3495 1116 non
3519 1074 3628 1135 po-

1995 1144 2156 1219 terit,
2194 1153 2260 1206 ut
2293 1145 2554 1208 Ecclesia
2582 1145 2826 1207 omnino
2852 1153 3047 1206 careat
3081 1142 3414 1224 episcopo),
3445 1145 3501 1206 ei
3530 1163 3630 1206 vos

1993 1233 2150 1296 sicut
2184 1234 2327 1296 mihi
2361 1236 2556 1317 capita
2587 1235 2911 1315 inclinetis,
2947 1243 3005 1295 et
3049 1233 3166 1294 mei
3204 1233 3540 1295 dilectionis
3569 1234 3630 1296 in

1997 1323 2275 1403 precibus
2307 1325 2720 1388 memineritis.
2779 1327 2920 1387 Post
2979 1325 3106 1385 ιιωο
3139 1343 3270 1385 cum
3306 1342 3404 1385 eas
3460 1323 3632 1386 dolor

1992 1413 2738 1490 vehementerinvasisset,
2775 1423 2832 1476 et
2877 1415 3148 1495 protinus
3201 1414 3450 1476 fuissent
3483 1433 3632 1476 con-

1993 1502 2141 1564 fusae
2173 1503 2473 1583 lacrymis,
2509 1513 2566 1564 et
2595 1503 2870 1565 dicerent
2905 1503 3036 1582 ejus
3068 1502 3459 1582 privationem
3514 1523 3633 1566 non

1995 1593 2251 1653 futuram
2279 1595 2365 1654 eis
2387 1593 2784 1667 tolerabilem,
2819 1600 2876 1654 et
2907 1594 3038 1672 ejus
3071 1590 3256 1672 pedes
3287 1605 3628 1670 pensarent,

1993 1681 2286 1762 ejulantes
2310 1682 2969 1762 miserabiliter,ille,ne
2992 1683 3310 1762 sipopulus
3332 1682 3389 1744 id
3415 1683 3634 1744 sensis-

255 1769 438 1843 ἔξεισι,
495 1773 581 1827 καὶ
642 1771 778 1845 μετὰ
820 1769 1015 1848 ὀλίγων
1070 1779 1228 1828 τινῶν
1304 1774 1433 1851 πρὸς
1506 1775 1598 1829 τὸν
1669 1773 1904 1852 αἰγιαλὸν

1993 1780 2104 1846 set,
2138 1771 2737 1847 afferrettumultum,
2766 1771 2976 1834 annuit
3005 1772 3110 1832 uni
3132 1791 3200 1832 ex
3235 1772 3630 1854 presbyteris,

253 1859 568 1940 καταχθεὶς,
605 1857 816 1920 ἔπλεεν.
853 1857 1005 1917 Ἀλλ’
1065 1864 1181 1918 οἷον
1215 1860 1312 1938 ἄρα
1371 1865 1468 1918 καὶ
1514 1863 1737 1937 μνήμης
1767 1863 1907 1928 ἄξιον

253 1952 330 2015 εἷς
375 1949 608 2030 ἔλεγχον
643 1955 742 2016 τῆς
776 1955 882 2006 τῶν
915 1953 1213 2030 μοχθηρῶν
1256 1953 1445 2016 κακίας
1476 1955 1504 2008 ὁ
1547 1951 1708 2030 λόγος
1741 1955 1906 2009 σπεύ-

256 2036 360 2096 δων
391 2041 584 2116 μικροῦ
635 2043 731 2095 καὶ
766 2037 1115 2120 παρέδραμε;
1178 2043 1250 2099 Τὸ
1294 2043 1393 2119 γὰρ
1436 2044 1670 2119 πονηρὸν
1729 2042 1906 2100 ἐκεῖνο

253 2126 542 2205 συνέδριον,
597 2127 716 2184 ἐπεὶ
791 2125 896 2183 ἔδει
955 2129 1094 2203 μεσὰ
1149 2137 1254 2186 τῶν
1320 2128 1498 2186 ἄλλων
1569 2133 1644 2184 ὧν
1704 2129 1904 2208 ἐπῆγον

252 2225 328 2292 τῷ
369 2217 505 2295 ἁγίῳ
547 2217 750 2291 κακῶν,
799 2216 937 2292 μηδέ
967 2218 1128 2297 φόνου
1157 2220 1344 2300 αύτοὺς
1375 2217 1736 2300 ἀποσχέσθαι,
1771 2218 1907 2276 ἄλλα

251 2307 341 2364 καὶ
398 2307 492 2364 τὸν
565 2305 650 2363 διὰ
708 2304 884 2386 ξίφους
941 2306 1201 2374 ὠδινῆσαι
1261 2307 1382 2366 κατ’
1443 2310 1602 2366 αὑτοῦ
1659 2310 1901 2384 θάνατον,

253 2395 466 2463 οἰκέτης
523 2402 628 2454 τῶν
700 2419 841 2460 τινος
903 2395 1293 2475 πρεσϐυτέρων,
1371 2396 1640 2461 Ἐλπίδιος
1711 2399 1905 2474 ὄνομα,

255 2486 590 2556 πεντήκοντα
633 2486 976 2561 νομισμάτων
1031 2487 1122 2542 ὑπ’
1179 2486 1419 2563 ἐκείνων,
1475 2487 1617 2568 φεῦί
1677 2489 1772 2556 τὴν
1816 2487 1905 2544 δε-

254 2574 368 2639 ξιὰν
438 2576 748 2655 μισθωθεὶς,
819 2573 1214 2635 ἐπιϐουλεύσειν
1287 2575 1480 2652 ἔμελλε
1551 2585 1627 2652 τῷ
1695 2577 1901 2652 δικαίῳ,

250 2667 339 2721 ,ιαὶ
390 2666 647 2745 φωραθείς
711 2663 851 2744 (θῦδὲ
897 2667 997 2743 γάρ
1040 2666 1245 2746 ἀφῆκεν
1319 2668 1407 2732 οῖς
1465 2665 1583 2724 οἶδε
1629 2667 1812 2746 λόγοις
1868 2671 1902 2736 ἡ

247 2755 459 2812 πάντων
521 2753 937 2832 ἐπιτροπεύουσα
1010 2757 1260 2834 Πρόνοια)
1321 2757 1488 2820 ἐνίους
1563 2763 1669 2814 τῶν
1727 2780 1898 2813 κατα-

247 2845 495 2922 σχόντων
540 2844 628 2907 οῖς
685 2844 814 2924 εἶχε
873 2844 1060 2923 ξίφεσι,
1108 2847 1230 2912 τοὺς
1271 2847 1368 2922 μὲν
1427 2846 1634 2922 ἀνεῖλε,
1668 2847 1789 2911 τοὺς
1848 2844 1904 2902 δὲ

246 2938 332 2991 καὶ
368 2932 624 3013 χαλεπῶς
657 2932 913 3001 ἔπληξεν.
958 2933 1114 2992 Ἀλλ’
1146 2935 1284 2992 οὕτω
1317 2938 1416 3012 μὲν
1463 2939 1489 2993 ὃ
1523 2938 1692 3015 μέγας
1725 2936 1902 3015 ἔπλει,

247 3025 336 3080 καὶ
415 3026 538 3103 πρὸς
610 3025 710 3091 τὴν
773 3025 1054 3103 ὑπερορίαν
1125 3025 1395 3106 ἀπήγετο,
1463 3018 1658 3094 Ἠδονὴ
1719 3027 1772 3082 δὲ
1843 3029 1904 3084 τὸ

248 3112 453 3182 πλῆθος
507 3114 595 3170 καὶ
651 3112 796 3180 λύπη
842 3111 1216 3192 διεμερίζοντο·
1271 3115 1413 3184 λύπη
1472 3115 1595 3191 μὲν,
1643 3116 1766 3179 τοὺς
1813 3117 1902 3173 εὑο

249 3202 422 3266 σεέεῖς
479 3224 537 3259 τε
593 3204 681 3260 καὶ
741 3201 1047 3281 όρθοδόξους
1104 3227 1192 3261 και
1257 3207 1380 3266 τοὺς
1428 3213 1659 3286 χρυσοῦς
1703 3205 1905 3263 ἐκείνου

249 3289 443 3370 λόγους
503 3293 871 3368 ζημιωθέντας
913 3294 1050 3369 μετὰ
1095 3299 1195 3361 τῆς
1247 3301 1451 3371 σεμνῆς
1483 3295 1678 3371 ὄψεως
1739 3293 1903 3364 ἡδονὴ

251 3377 306 3435 δὲ
373 3379 650 3445 Ἰουδαίους
696 3383 784 3438 καὶ
826 3380 1126 3462 ⁹¹Ελληνας,
1191 3384 1278 3450 οἷς
1330 3387 1418 3440 καὶ
1477 3387 1550 3449 εἰς
1602 3384 1790 3462 ἑορτὴν
1846 3388 1906 3442 τὸ

251 3476 475 3548 πρᾶγμα
531 3472 791 3545 κατέστη,
830 3473 952 3539 τοὺς
1015 3473 1274 3553 ἐλέγχους
1336 3474 1534 3538 πάντος
1567 3479 1666 3542 τῆς
1706 3473 1907 3531 ἐκείνου

251 3559 504 3637 γλώττης
547 3560 909 3642 διαφυγοῦσιν,
957 3564 1083 3620 ὡσεὶ
1140 3562 1276 3638 βέλη
1338 3563 1390 3620 ἐν
1464 3563 1612 3643 χειρί
1686 3562 1904 3621 δυνατοῦ

247 3647 381 3713 ταϐς
443 3649 678 3720 καρδίαις
737 3652 1072 3732 ἀφιεμένους’
1111 3652 1165 3707 οἵ
1223 3653 1315 3709 καί
1377 3659 1772 3729 κατεμωκῶντο
1814 3655 1902 3710 καὶ

251 3739 598 3812 κατέπαιζον,
645 3742 736 3798 καὶ
791 3741 956 3799 πολὺν
1013 3740 1223 3820 γέλωτα
1262 3747 1359 3809 τῆς
1405 3749 1509 3800 τῶν
1566 3744 1900 3823 κρατούντων

249 3829 513 3909 κατέχεον
571 3833 842 3906 εὐηθείας,
876 3833 950 3894 ὡς
1009 3839 1198 3910 μικροῦ
1249 3833 1339 3889 καὶ
1397 3830 1463 3888 δι’
1520 3831 1708 3889 οἴκτου
1761 3833 1902 3889 τίθε-

247 3923 365 3977 σθαι
397 3923 496 3988 την
530 3927 634 3978 τῶν
667 3926 996 3999 Χριστιανῶν
1027 3922 1326 4000 συμφοράν.

1993 1869 2174 1922 uteas
2190 1860 2513 1924 abduceret
2549 1862 3009 1941 :etjumentum
3048 1862 3310 1941 quidem,
3343 1861 3499 1942 quod
3528 1881 3631 1922 so-

1991 1950 2150 2012 lebat
2175 1950 2503 2013 ascendere
2541 1949 2799 2030 (volebat
2823 1951 2982 2012 enim
3013 1953 3241 2027 latere),
3257 1952 3436 2030 jussit
3456 1953 3632 2013 statui

1991 2040 2062 2101 ad
2099 2049 2294 2120 portas
2353 2039 2772 2103 Occidentales
2812 2059 2825 2102 :
2881 2042 3008 2120 ipse
3036 2048 3234 2102 autem
3269 2058 3375 2121 per
3407 2049 3634 2119 portam

1990 2131 2353 2192 Orientalcm
2380 2130 2556 2194 simul
2579 2139 3052 2208 estegressus,et
3075 2150 3206 2192 cum
3235 2131 3436 2210 paucis
3453 2130 3632 2194 adlit~

1992 2228 2084 2281 tus
2103 2220 2391 2283 deductus
2412 2221 2722 2300 navigavit.
2759 2220 2874 2283 Sed
2900 2220 3131 2301 qualem
3175 2239 3328 2296 rem,
3365 2227 3422 2281 et
3451 2238 3630 2298 quam

1990 2309 2395 2392 dignamque;
2423 2320 2926 2374 commemoretur
2950 2311 3025 2372 ad
3061 2311 3235 2391 plane
3266 2310 3629 2389 arguendam

1989 2402 2390 2473 improborum
2408 2403 2988 2472 malitiam,festinans
3003 2403 3188 2459 oratio
3213 2401 3630 2472 propemodum

1992 2488 2405 2566 praetermisit?
2427 2487 2768 2570 Improbum
2789 2487 2948 2549 enim
2970 2487 3115 2548 illud
3140 2485 3630 2560 concilium,cum

1989 2586 2292 2657 oporteret
2313 2598 2447 2640 cum
2472 2580 2606 2640 aliis
2631 2578 2822 2653 malis,
2842 2596 2976 2654 quae
2998 2584 3204 2638 sancto
3230 2573 3628 2650 intentabant,

1988 2683 2065 2729 ne
2084 2668 2246 2747 ipsos
2267 2669 2508 2748 quidem
2530 2687 2564 2730 a
2582 2669 2743 2732 caede
2766 2665 3207 2741 abstinere,sed
3228 2664 3406 2727 etiam
3425 2664 3630 2744 inique

1987 2755 2182 2834 gladio
2209 2758 2435 2820 caedem
2458 2759 2517 2820 in
2542 2777 2676 2820 eum
2712 2755 3295 2839 parturire,famulus
3317 2753 3626 2834 cujusdam

1988 2864 2056 2908 ex
2075 2847 2703 2928 presbyterismomine
2720 2843 3444 2927 Elpidius,quinquaginta
3462 2861 3630 2905 num-

1991 2935 2124 3012 mis,
2157 2937 2305 3016 prob
2339 2937 2528 3010 dolor,
2596 2937 2669 2999 ab
2726 2936 2847 2998 illis
2907 2935 3266 3011 conductus,
3327 2941 3457 2995 erat
3508 2932 3630 2993 viro

1981 3025 2145 3104 justo
2179 3033 2487 3103 paraturus
2523 3025 2796 3088 insidias.
2836 3024 2947 3098 Qui
2993 3023 3238 3104 quidem
3280 3023 3628 3105 deprehen-

1923 3132 2092 3204 Csus
2120 3114 2346 3195 (neque
2379 3115 2539 3177 enim
2599 3115 2812 3196 quibus
2869 3115 3029 3175 novit
3079 3113 3432 3189 rationibus,
3495 3114 3634 3176 sivit

1989 3222 2124 3264 eum
2154 3203 2340 3265 latere
2370 3201 2477 3266 Dei
2514 3203 2912 3284 providentia)
2945 3201 3263 3264 nonnullos
3293 3221 3364 3264 ex
3396 3203 3490 3280 iis,
3526 3203 3627 3285 qui

1989 3311 2125 3356 eum
2179 3293 2782 3373 comprehenderant,
2842 3293 2915 3354 iis
2964 3312 3115 3374 quos
3147 3292 3352 3354 habuit
3386 3293 3630 3354 ensibus

1989 3382 2288 3445 interfecit
2322 3401 2334 3444 :
2398 3384 2548 3444 alios
2597 3393 2792 3445 autem
2824 3385 3086 3462 graviter
3118 3381 3473 3444 vulneravit.
3509 3383 3632 3446 Sed

1990 3471 2090 3534 ille
2122 3471 2361 3552 quidem
2397 3491 2646 3550 magnus
2689 3473 2778 3533 sic
2829 3471 3139 3549 navigabat
3200 3480 3258 3532 et
3315 3470 3515 3532 abibat
3569 3472 3632 3534 in

1990 3562 2290 3642 exsilium,
2344 3561 2605 3642 populus
2660 3571 2859 3623 autem
2909 3561 3126 3640 partim
3161 3559 3386 3635 laetitia,
3423 3561 3631 3640 partim

1988 3651 2196 3712 dolore
2245 3650 2614 3712 afﬁciebatur
2651 3671 2663 3712 :
2709 3650 2916 3710 dolore
2950 3648 3192 3729 quidem
3230 3648 3334 3730 pii,
3372 3651 3474 3729 qui
3510 3649 3634 3728 pri-

1987 3740 2102 3802 vati
2143 3749 2311 3800 erant
2359 3737 2638 3800 suavibus
2671 3738 2829 3800 illius
2867 3736 3242 3799 orationibus
3275 3756 3407 3796 cum
3444 3756 3627 3798 vene-

1987 3831 2176 3893 rando
2198 3837 2481 3909 aspectu:
2518 3828 2719 3890 laetitia
2747 3847 2888 3890 vero
2913 3827 3102 3890 Judaei
3135 3834 3192 3888 et
3219 3827 3630 3908 gentiles,qui-

1991 3919 2102 3982 bus
2133 3919 2259 3981 haec
2285 3937 2383 3981 res
2412 3918 2543 3980 dies
2573 3926 2700 3980 erat
2743 3918 2951 3990 festus,
2987 3924 3051 3977 ut
3102 3916 3201 3997 qui
3235 3916 3392 3977 illius
3427 3917 3629 3994 lingua

241 4008 756 4099 reprehensiones
787 4007 1035 4099 omnino
1073 4009 1461 4099 effugissent:
1524 4011 2054 4090 reprehensiones,
2091 4010 2357 4099 inquam,
2393 4017 2838 4099 quaetanquam
2861 4006 2990 4099 tela
3021 4006 3082 4066 in
3117 4025 3305 4099 manu
3346 4008 3628 4099 potentis,

247 4106 314 4160 ut
343 4117 481 4160 cum
512 4098 718 4162 divino
747 4099 944 4169 dicam
974 4097 1196 4161 Davide
1225 4099 1308 4175 ΑΟ,
1343 4099 1403 4162 in
1436 4100 1620 4162 corda
1654 4119 1860 4163 eorum
1888 4097 2365 4162 immittebantur
2400 4120 2412 4161 :
2447 4097 2549 4178 qui
2582 4105 2639 4160 et
2666 4096 3024 4170 irridebant,
3059 4104 3116 4156 et
3145 4095 3628 4175 ludificabantur,

253 4195 312 4249 et
341 4189 402 4250 in
445 4188 778 4268 principum
807 4187 1114 4252 stultitiam
1145 4187 1332 4252 risum
1365 4189 1752 4253 effundebant
1802 4190 2148 4264 maximum,
2188 4195 2251 4248 ut
2281 4187 2750 4250 Christianorum
2787 4185 3142 4250 calamitatis
3194 4187 3629 4268 propemodum

254 4281 432 4340 etiam
465 4277 848 4341 miserentur.

334 4365 428 4426 N'.
477 4365 756 4446 Ἐξαίφνης
817 4366 872 4424 δὲ
933 4369 1133 4448 γίνεταί
1162 4391 1210 4426 τι
1270 4376 1490 4448 πρᾶγμα
1534 4369 1754 4451 φοϐερὸν
1812 4372 1897 4428 καὶ

2064 4367 2130 4430 L.
2151 4365 2244 4430 Fit
2265 4374 2459 4428 autem
2486 4368 2681 4427 statim
2707 4383 2803 4427 res
2825 4365 3095 4446 quaedam
3122 4365 3431 4443 terribilis,
3465 4366 3515 4428 si
3536 4369 3628 4430 vel

251 4456 419 4534 μέχρι
451 4460 548 4523 τῆς
592 4455 760 4526 ἆκοῆς
809 4457 1126 4539 ἐρχόμενον,
1161 4466 1254 4517 τοῦ
1310 4467 1442 4518 Θεοῦ
1469 4461 1681 4523 πάντως
1739 4458 1904 4524 οὕτως

254 4547 684 4626 οἰκονομοῦντος,
755 4546 938 4625 ὥσπερ
1010 4551 1098 4605 τόν
1170 4551 1390 4625 σεισμὸν
1477 4550 1753 4630 πρότερον,
1831 4551 1905 4611 είς

255 4632 408 4700 δόξαν
471 4635 569 4709 μὲν
625 4637 731 4694 τῶν
808 4640 969 4698 αὐτοῦ
1039 4639 1401 4719 θεραπόντων,
1463 4637 1625 4720 φόϐον
1697 4637 1749 4693 δὲ
1818 4638 1905 4695 καὶ

256 4725 597 4792 συναίσθησιν
670 4733 774 4786 τῶν
856 4727 1056 4808 σφόδρα
1143 4727 1430 4808 τολμηρῶν
1502 4731 1588 4786 καὶ
1644 4729 1877 4808 θρασέων

255 4816 549 4894 μονονουχῖ
620 4817 756 4891 μετὰ
828 4817 919 4873 τοῦ
994 4815 1156 4876 Δαϐἰδ
1219 4820 1504 4897 κηρύττον⁶

253 4904 622 4982 πικραίνοντες
684 4906 761 4981 μὴ
817 4907 1163 4982 ὑψούσθωσαν
1209 4907 1264 4964 ἐν
1310 4909 1544 4974 ἑαυτοῖς.
1596 4907 1772 4976 Αύτῆς
1806 4910 1906 4985 γὰρ

249 4994 482 5072 ἡμέρας,
531 4994 654 5052 καθ’
698 4995 765 5064 ἣν
823 4997 850 5052 ὁ
882 4995 1052 5075 μέγας
1082 5001 1180 5066 τῆς
1235 4995 1558 5065 Ἐκκλησίτς
1589 4997 1778 5074 ἀστὴρ,
1810 4997 1907 5054 οἶα

247 5083 383 5162 πρός
426 5105 576 5150 τινας
635 5083 837 5161 δυσμὰς
881 5085 980 5152 τὴν
1009 5087 1288 5166 ὑπερορίαν
1342 5087 1562 5167 ἐχώρει,
1598 5093 1698 5165 πῦρ
1753 5090 1899 5145 θεῖον

247 5173 310 5230 ἐκ
359 5173 526 5250 μέσου
557 5181 648 5233 τοῦ
676 5174 883 5251 θρόνού,
916 5177 961 5248 ᾧ
1002 5175 1362 5254 προσεδρεύων
1417 5176 1512 5239 τὰς
1559 5177 1702 5253 ἱερὰς
1763 5175 1900 5246 ἐπή-

248 5271 379 5343 γαζε
438 5262 688 5344 διδαχᾶς,
722 5262 812 5321 ὑπ’
859 5262 1105 5340 οὑδεμιᾶς
1137 5266 1322 5345 χειρὸς
1375 5263 1620 5345 ἀναφθέν,
1657 5262 1742 5322 διὰ
1797 5271 1902 5324 τῶν

246 5355 408 5432 ἱερῶν
460 5352 702 5412 ἁλύσεων
757 5353 1012 5433 ἀνιτρπιν
1062 5355 1136 5417 εἷς
1179 5352 1337 5430 ὕψος.
1373 5353 1508 5412 Εἶτα
1561 5355 1662 5423 τὴν
1707 5355 1902 5434 στέγην

247 5441 533 5522 διαφαγὸν,
594 5443 734 5501 κατὰ
778 5450 884 5502 τῶν
951 5443 1135 5501 νώτων
1189 5449 1297 5500 τῶν
1376 5445 1586 5500 σεπτῶν
1642 5442 1902 5520 δωμάτων

251 5530 482 5612 ἐχώρει.
542 5532 817 5591 Ἐντεῦθεν
894 5531 1093 5610 ἄνεμος
1156 5533 1255 5600 τὴν
1327 5530 1497 5611 γλόγα
1554 5530 1898 5610 παραλαϐὼν,

330 5662 394 5716 40
427 5663 588 5728 ΡειΙ.
620 5681 819 5744 Lxxvr,
851 5667 914 5733 4.
999 5667 1054 5718 Μ
1086 5665 1244 5731 Psal.
1275 5681 1417 5746 ων,
1441 5665 1505 5727 7.

1885 4777 1902 4808 θ

1596 4820 1653 4877 Οἱ
1725 4841 1902 4898 παρα-

1991 4460 2182 4522 solum
2216 4457 2289 4518 ad
2319 4475 2495 4518 aures
2529 4454 2984 4536 perveniat,Deo
3007 4455 3134 4516 haec
3170 4457 3628 4539 providente,si-

1989 4554 2092 4611 cut
2121 4547 2298 4610 etiam
2332 4550 2500 4627 prius
2534 4555 2704 4607 terra)
2738 4545 3070 4620 inotum,ad
3102 4545 3350 4624 gloriam
3383 4548 3630 4628 quidem

1988 4657 2234 4701 suorum
2267 4636 2887 4710 l‘amulorum,metum
2923 4642 3125 4696 autem
3160 4644 3217 4696 et
3244 4638 3630 4702 conscientiae

1988 4737 2276 4791 terrorem
2303 4725 2645 4806 eorum,qui
2668 4733 2805 4787 sunt
2828 4723 3084 4786 audaces
3107 4734 3163 4786 et
3193 4727 3628 4809 temerarii,qui

1989 4819 2163 4879 etiam
2199 4816 2630 4898 propemodum
2687 4814 2996 4876 emittebat
3044 4833 3246 4877 vocem
3281 4816 3518 4878 Davidis
3547 4818 3627 4894 ὀί,

1995 4931 2017 4964 ε
2057 4906 2170 4981 Qui
2200 4905 2584 4979 exacerbant,
2622 4925 2697 4967 ne
2729 4906 3095 4967 extollantur
3122 4905 3183 4966 in
3214 4907 3453 4986 seipsis.
3483 4932 3509 4961 »
3546 4906 3628 4967 Eo

1990 4997 2149 5059 enim
2184 4996 2430 5076 die,quo
2465 5014 2678 5074 magna
2710 4995 2809 5055 illa
2830 4995 3002 5056 stella
3029 4993 3526 5068 Ecclesiaz,veluti
3553 4997 3624 5056 ad

1984 5086 2300 5168 quemdam
2328 5105 2604 5149 occasum
2632 5086 2752 5147 ibat
2783 5086 2843 5145 in
2873 5085 3172 5158 exsilium,
3207 5084 3362 5164 ignis
3394 5085 3626 5146 divinus

1985 5195 2058 5238 ex
2091 5174 2194 5237 illa
2222 5177 2389 5255 sede,
2421 5176 2482 5236 in
2541 5195 2658 5256 qua
2705 5173 2978 5236 assidens
3020 5191 3251 5234 sacram
3283 5173 3624 5234 effundebat

1985 5265 2383 5341 doctrinam,a
2407 5264 2566 5326 nulla
2598 5282 2777 5324 manu
2811 5280 3237 5341 accensus,per
3258 5281 3457 5324 sacras
3480 5271 3635 5325 cate-

1986 5371 2096 5416 nas
2116 5355 2305 5434 serpit
2329 5353 2392 5414 in
2415 5353 2622 5416 altum.
2653 5351 2884 5414 Deinde
2907 5369 3040 5413 cum
3067 5357 3286 5412 tectum
3311 5353 3629 5432 exedisset,

1984 5442 2277 5524 processit
2297 5461 2406 5521 per
2424 5461 2726 5503 summam
2754 5439 3131 5522 superficiem
3157 5441 3631 5505 venerandarum

1985 5531 2386 5593 tedium.Hinc
2409 5550 2543 5592 cum
2573 5529 2902 5592 vehemens
2919 5537 3128 5592 ventus
3151 5532 3452 5595 flammam
3473 5532 3634 5596 inva-
