4060 6200
488 287 640 357 118⁸7

1768 281 1932 356 ΜΕΝ
1938 283 2050 355 SIS
2087 283 2548 360 JANUARIUS.

3702 291 3832 362 1188

483 428 818 504 sisset,eam
844 427 905 488 in
928 425 1168 488 domum
1193 433 1435 488 senatus
1460 433 1824 506 evocat,quae
1846 426 1960 487 sita
1990 443 2093 487 era

2203 427 2291 484 ἒπί
2337 430 2426 486 τὸν
2473 429 2568 497 τῆς
2617 426 2917 508 συγκλήτου
2973 429 3246 508 γερουσίας
3307 435 3460 489 οἷκον
3506 431 3591 488 διὰ
3649 439 3831 510 μακροῦ

483 517 665 593 longo
691 515 907 576 abhinc
939 514 1305 595 spatio.Erat
1329 522 1523 576 autem
1555 533 1654 576 res
1673 514 1845 575 valde
1862 514 2124 576 admira-

484 604 648 679 bilis,
683 603 1186 686 quemadmodum
1215 604 1451 665 ﬂamma
1484 613 1764 685 tanquam
1798 604 2121 665 animatum

482 695 818 774 quidpiam,
853 694 1088 774 iis,qna3
1115 694 1676 768 erantintermedia,
1714 694 2043 774 pepercerit
2069 703 2126 756 et

478 801 548 843 ea
573 781 960 844 transilierit:
1013 801 1086 843 ne
1136 784 1573 864 possetaliquis
1600 783 1682 845 id.
1719 783 1878 862 quod
1904 782 2120 845 factum

475 870 1000 945 fuerat,ascribere
1023 870 1403 942 vicinitati,et
1430 879 1545 932 tam
1584 889 1860 950 magnum
1891 890 2039 952 Opus
2065 882 2124 935 et

477 969 593 1023 tam
620 961 988 1030 diuturnum.
1029 960 1281 1022 materia
1327 960 1568 1041 quidem
1597 960 2115 1041 pretiosissimum,

2207 519 2301 575 τοῦ
2357 519 2520 592 μέσου
2564 522 2806 594 κείμενον
2857 519 3195 594 ἐκκαλεῖται,
3237 522 3473 599 καθάπερ
3515 524 3631 578 τινὰ
3675 522 3827 597 ’ἐμψυ-

2208 631 2310 686 χον
2339 615 2444 664 τῶν
2490 607 2684 683 μεταξὺ
2717 608 3069 688 φεισαμένην,
3101 612 3174 672 ὡς
3227 611 3304 684 μὴ
3334 615 3400 686 τῇ
3431 611 3679 689 ἐγγύτητί
3728 633 3825 667 τινα

2207 695 2355 776 ἔχειν
2394 699 2454 753 τὸ
2487 699 2709 775 γεγονός
2768 698 3106 778 ἐπιφράρειν·
3163 699 3250 754 καὶ
3305 705 3466 776 τριῶν
3496 700 3646 776 ὼρῶν
3699 699 3825 776 ἔργον

2207 793 2446 844 τοιοῦτον
2489 787 2628 864 μέγα
2687 789 2775 843 καὶ
2834 786 3210 867 πολυχρόνιον,
3256 787 3357 864 ὕλη
3418 788 3515 862 μέν
3559 787 3825 845 πολυτελέα

2206 896 2422 950 στατον,
2480 874 2666 933 κάλλει
2738 874 2792 932 δὲ
2853 877 3199 956 ὡραιότατον,
3264 877 3512 934 ἑκκαυθὲν
3569 879 3642 940 εἷς
3686 876 3822 957 ἅπαν,

2203 967 2335 1041 πρὸς
2368 977 2429 1022 τὸ
2485 965 2562 1040 μὴ
2589 965 2648 1021 ὃν
2695 966 2898 1045 ᾤχετο.
2950 965 3100 1024 Οὕτω
3133 964 3187 1022 δὲ
3239 968 3500 1043 παραθέον
3529 967 3590 1022 τὸ
3635 968 3727 1044 πῦρ
3754 968 3824 1022 καὶ

471 1051 908 1126 pulchritudine
921 1061 1110 1108 autem
1131 1052 1925 1122 speciosissimum.exustum
1943 1056 2093 1110 triun

2201 1055 2267 1110 τὰ
2295 1053 2475 1130 κύκλῳ
2516 1053 2924 1130 διανεμόμενον,
2959 1055 3124 1130 μόνου
3181 1062 3272 1113 τοῦ
3326 1057 3557 1112 οίκίσκου
3616 1053 3822 1133 φείδεται

470 1140 753 1202 horarum
775 1136 1302 1218 spatio,redactum
1327 1136 1404 1196 sit
1426 1137 1486 1196 in
1510 1135 1894 1199 nihilum.Sic
1915 1147 2110 1199 autem

2197 1143 2382 1218 πάλιν,
2418 1144 2473 1201 ἐν
2524 1146 2704 1218 ᾦτῶν
2758 1147 2914 1222 ἱερῶν
2959 1152 3160 1203 σκευῶν
3221 1144 3468 1222 ἐτηρεῖτο
3493 1147 3555 1201 τὸ
3613 1143 3821 1224 πλῆθος,

470 1229 624 1308 ignis
655 1244 903 1308 serpens
935 1234 996 1287 et
1027 1225 1086 1285 in
1120 1225 1328 1285 orbem
1366 1225 1716 1305 depascens,
1754 1227 1863 1288 soli
1907 1245 2093 1289 rursu:

2196 1234 2256 1288 οὐ
2298 1234 2390 1288 τὸν
2421 1235 2619 1313 χρυσὸν
2664 1232 3071 1314 εὐλαϐούμενον,
3129 1232 3246 1293 οὐδὲ
3303 1235 3401 1302 τὴν
3457 1232 3626 1300 ἄλλην
3679 1232 3818 1309 ὕλην,

468 1317 660 1399 parcit
690 1314 1069 1378 domunculae
1097 1313 1158 1374 in
1185 1333 1300 1395 qua
1326 1315 1716 1377 servabantur
1750 1333 1886 1377 vasa
1917 1335 2103 1378 sacra.

468 1407 640 1482 Quod
672 1405 914 1483 quidem
950 1423 1068 1465 non
1121 1403 1345 1484 absque
1392 1405 1500 1467 Dei
1551 1404 1798 1465 numine
1827 1423 1938 1466 nec
1968 1425 2108 1468 casu

467 1497 683 1560 factum
718 1503 829 1558 est:
865 1496 968 1556 sed
1001 1512 1076 1556 ne
1112 1495 1494 1575 sycophantis
1526 1493 1820 1574 prazberet
1849 1498 2110 1557 occasio-

465 1606 628 1664 nem,
664 1605 733 1649 ex
785 1602 1093 1646 sacrorum
1126 1602 1402 1646 vasorum
1438 1585 1708 1660 interitu,
1745 1592 1950 1646 sancto
1982 1589 2106 1646 viro

464 1675 748 1738 inurendi
774 1675 1160 1738 calumniam.
1190 1673 1338 1745 Quid
1374 1677 1564 1753 ergo?
1593 1693 1725 1736 cum
1757 1675 1897 1736 binc
1925 1693 2106 1752 opor-

2193 1324 2268 1387 ὡς
2326 1322 2387 1378 ἂν
2419 1324 2568 1382 εἴποι
2627 1347 2732 1404 τις,
2767 1324 2862 1392 τὴν
2915 1324 3119 1399 τιμίαν,
3150 1323 3272 1380 ἀλλ’
3313 1324 3408 1380 ’ίνα
3459 1324 3537 1400 μὴ
3580 1337 3695 1388 τοῖς
3733 1345 3820 1380 συ·

2192 1413 2482 1491 κοφὰνταις
2541 1414 2726 1493 χώραν
2781 1415 3039 1493 παράσχῃ
3097 1410 3372 1486 διαϐολῆς,
3434 1415 3520 1469 καὶ
3588 1413 3821 1469 ὑπόνοιαν

2190 1501 2513 1580 ὑφαιρέσεως
2544 1509 2612 1578 τῇ
2645 1504 2748 1559 τῶν
2795 1501 3091 1578 κειμηλίων
3121 1501 3360 1576 ἀπωλείᾳ
3395 1509 3470 1570 τῷ
3500 1503 3637 1580 ἁγίῳ
3665 1523 3822 1581 προσ-

2190 1594 2439 1667 τρίψωσι.
2503 1593 2564 1650 Τί
2619 1591 2758 1667 οῦν;
2805 1589 2919 1649 δέον
2976 1591 3210 1648 ἐντεῦθεν
3268 1593 3390 1656 τοὺς
3443 1593 3726 1667 πονηροὺς,
3755 1594 3823 1655 ὡς

2191 1677 2342 1736 ἁλιέα
2398 1679 2696 1761 πληγέντα,
2731 1683 2878 1760 φασὶ,
2915 1688 3032 1737 νοῦν
3063 1680 3254 1757 οἴσειν,
3289 1685 3335 1738 οἱ
3391 1679 3446 1736 δὲ
3473 1683 3560 1738 καὶ
3619 1681 3823 1760 πρόφα-

461 1774 617 1829 teret
643 1762 948 1844 improbos
971 1770 1252 1841 tanquam
1286 1781 1660 1842 percussum,
1693 1772 1756 1825 ut
1787 1763 1974 1835 aiunt,
2013 1764 2093 1844 pi-

2191 1791 2274 1824 σιν
2325 1777 2479 1826 τοῦτο
2525 1771 2882 1846 ποιησάμενοι
2914 1778 3006 1827 τοῦ
3047 1777 3225 1835 κακῶς
3265 1769 3411 1849 δρᾷν,
3441 1769 3671 1834 πολλοὺς
3726 1771 3824 1827 τῶν

461 1864 756 1918 scatorem
789 1870 1001 1933 sapere
1037 1875 1050 1911 :
1079 1853 1166 1914 illi
1195 1852 1346 1914 male
1369 1852 1627 1913 faciendi
1651 1853 1790 1914 hinc
1816 1853 2103 1930 majorem

461 1951 769 2006 sumentes
791 1941 1534 2022 occasionem,pergebant
1556 1961 1624 2004 ea
1660 1941 2105 2023 persequi,quaa

457 2032 732 2094 solebant
767 2048 780 2093 :
808 2043 866 2092 et
895 2031 1110 2093 multos
1132 2031 1369 2111 quidem
1397 2049 1464 2092 ex
1489 2031 1790 2112 epiSCOpis
1813 2041 1869 2093 et
1897 2048 2103 2092 sacer-

2189 1856 2523 1934 ἐπισκόπων,
2557 1858 2762 1935 μᾶλλον
2820 1860 2909 1916 καὶ
2965 1859 3145 1936 ἱερέων
3208 1860 3294 1916 κεί
3341 1863 3448 1916 τῶν
3496 1858 3674 1916 ἄλλων
3726 1867 3822 1916 τῶν

2185 1951 2284 2013 τῆς
2345 1947 2596 2006 Ἰωάννου
2659 1949 2844 2026 μοίρας
2917 1948 3121 2025 έκόζον,
3167 1950 3268 2006 ὑπὸ
3331 1950 3530 2006 τούτων
3588 1948 3824 2027 λέγοντες

2185 2033 2548 2104 ὑποϐληθῆναι
2605 2039 2665 2094 τό
2735 2045 2836 2116 πῦρ
2906 2044 2982 2111 τῷ
3049 2039 3358 2119 πατριάρχῃ
3437 2039 3818 2119 χαριζομένων.

461 2121 722 2195 dotibus,
762 2121 985 2181 multos
1039 2129 1237 2182 autem
1271 2137 1340 2183 ex
1372 2118 1505 2182 aliis
1535 2139 1793 2202 quoque,
1827 2121 1927 2203 qui
1980 2119 2258 2185 favebant
2290 2125 2558 2206 partibus
2585 2123 2862 2204 Joannis,
2899 2118 3693 2208 vehementer’puniebant,
3733 2126 3824 2188 di-

454 2219 663 2274 centes
717 2209 894 2271 abiis
940 2210 1136 2288 ignem
1170 2209 1350 2271 fuisse
1380 2209 1692 2290 injectum,
1727 2213 1866 2274 dum
1933 2219 2154 2282 vellent
2182 2213 2380 2276 facere
2430 2232 2556 2278 rem
2590 2224 2811 2293 gratam
2865 2218 3239 2296 patriarchae.
3271 2217 3390 2281 Sed
3442 2225 3826 2298 persequatur

455 2299 644 2362 oratio
677 2315 770 2374 ea,
803 2317 937 2379 quas
967 2305 1433 2379 consequuntur,
1463 2307 1521 2358 et
1550 2301 1850 2378 quomodo
1881 2322 1946 2367 se
1978 2303 2258 2368 habuerit
2289 2303 2591 2381 exsilium,
2626 2305 2968 2385 singulatim
2998 2306 3286 2370 declaret.

525 2389 716 2446 L1.Sic
736 2401 874 2458 ergo
902 2401 1147 2458 magnus
1166 2389 1337 2444 homo
1357 2388 1454 2444 Dei
1475 2398 1530 2444 et
1553 2389 1903 2450 fortissimus
1921 2396 2100 2453 athle-

450 2482 502 2530 ta
527 2472 807 2540 veritatis,
832 2487 858 2528 a
886 2474 1048 2529 saevis
1073 2473 1352 2530 militibus
1376 2473 1691 2531 ducebatur
1723 2475 1778 2530 in
1805 2479 2096 2548 quoddam

450 2559 740 2614 desertum
761 2559 1040 2614 Armeniaa
1055 2558 1394 2627 oppidulum
1412 2563 1646 2615 nomine
1665 2559 2094 2634 Cncusum(t5),

451 2643 656 2704 multis
683 2652 824 2704 tunc
859 2652 919 2703 et
951 2641 1194 2704 assidue
1223 2644 1440 2704 Isauris
1483 2642 1542 2704 id
1566 2643 2093 2725 depopulantibus,

450 2744 511 2798 et
541 2737 916 2799 incursiones
948 2735 1330 2800 facientibus.
1367 2736 1501 2798 Fuit
1521 2747 1716 2800 autem
1742 2740 1852 2803 hoc
1873 2743 2093 2805 factum

449 2832 818 2908 consulto,ut
847 2831 1201 2907 arbitror,ut
1233 2851 1369 2894 cum
1403 2832 1536 2894 aliis
1568 2833 1767 2908 malis,
1802 2837 2094 2899 inimicis-

446 2921 614 2982 simis
639 2938 876 3002 quoque
900 2938 1104 2983 eorum
1132 2921 1935 2998 manibustradereturﬂuaa
1953 2945 2095 2988 vero

449 3009 553 3071 ille
577 3010 636 3070 in
659 3011 750 3071 via
774 3029 980 3090 passus
1004 3009 1170 3084 sit,et
1191 3029 1326 3073 cum
1351 3029 1528 3091 quam
1549 3011 1750 3074 multis
1774 3016 2095 3076 decertans

450 3098 766 3173 malis,nec
799 3099 886 3160 sic
920 3099 1162 3181 quidem
1197 3098 1491 3178 abjecerit
1518 3118 1721 3162 curam
1757 3102 1864 3165 Dei
1893 3103 2095 3166 Eccle-

449 3189 691 3264 siarum,
718 3207 1040 3268 quemnam
1073 3189 1253 3250 alium
1291 3195 1391 3249 aut
1409 3189 1759 3268 jucundius,
1779 3201 1879 3253 aut
1909 3211 2090 3274 aper-

2265 2385 2398 2457 NA'.
2445 2395 2594 2452 Οὕτω
2621 2396 2722 2470 μὲν
2751 2397 2837 2452 οὖν
2882 2399 2910 2453 ὁ
2947 2397 3116 2475 μέγας
3146 2406 3239 2457 τοῦ
3270 2403 3402 2454 Θεοῦ
3441 2396 3715 2475 ἄνθρωπος
3742 2390 3823 2453 καὶ

2181 2485 2276 2552 τῆς
2307 2483 2556 2550 ἀληθείας
2593 2483 2896 2562 ἀγωνιστὴς
2930 2487 3164 2565 ἀμοχος,
3197 2488 3298 2542 ὑπὸ
3329 2490 3669 2561 στρατιωτῶν
3695 2485 3820 2564 ἦγε-

2181 2596 2241 2630 το
2283 2575 2354 2638 είς
2387 2572 2586 2650 ἔρημόν
2631 2596 2680 2630 τι
2711 2579 2810 2641 τῆς
2843 2574 3124 2653 Ἀρμενίας
3179 2575 3459 2654 πολίχνιον
3511 2574 3821 2654 (Κουκουσὸς

2180 2663 2400 2738 ὄνομα),
2433 2661 2646 2718 πολλῶν
2681 2663 2806 2719 αὐτὸ
2839 2665 2955 2720 τότε
2986 2666 3074 2720 καὶ
3121 2664 3363 2744 συνεχῶς
3388 2664 3628 2742 Ἰσαύρον
3659 2686 3820 2720 κατα-

2177 2752 2505 2830 τρεχόντων,
2540 2751 2820 2819 Ἐπίτηδες
2852 2753 3011 2829 οἶμαι
3043 2763 3199 2812 τοῦτο
3231 2753 3541 2830 γενόμενον,
3591 2755 3659 2815 ὡς
3686 2753 3821 2825 μετὰ

2177 2846 2286 2897 τῶν
2338 2839 2515 2897 ἄλλων
2563 2842 2742 2922 κακῶν
2800 2843 2888 2897 καὶ
2944 2843 3128 2922 χερσὶν
3186 2842 3344 2898 αὐτὸν
3385 2855 3510 2903 ταῖς
3555 2840 3817 2920 ἐχθίσταις

2178 2930 2561 3006 παραδοθῆναι.
2607 2913 2668 2986 "A
2703 2928 2768 2996 δὴ
2821 2913 3083 2997 κατίίτήν
3129 2928 3249 2986 ὁδὸν
3278 2929 3504 3008 ὑπέστη,
3676 2927 3819 2991 ὅσοις

2177 3017 2243 3086 δὴ
2302 3020 2390 3076 καὶ
2449 3020 2652 3088 ἡλίκοις
2713 3019 2954 3078 παλαίων
3013 3032 3232 3093 κακοῖς,
3265 3020 3373 3077 οὐδ’
3432 3019 3598 3082 οὕτως
3636 3017 3818 3094 ἠμέλει

2176 3115 2268 3166 τοῦ
2301 3109 2394 3170 τὰς
2423 3108 2752 3175 Ἐκκλησίας
2795 3116 2888 3166 τοῦ
2934 3112 3064 3167 Θεοῦ
3091 3108 3273 3176 καλῶς
3314 3107 3484 3189 ἔχειν,
3513 3109 3654 3170 τίνος
3700 3106 3816 3163 ἑτέ-

2175 3220 2264 3276 ρου
2297 3197 2570 3278 λέγοντος,
2603 3199 2639 3266 ἢ
2668 3199 2894 3278 ἐκείνου,
2927 3198 3098 3274 ἥδιον,
3128 3199 3166 3268 ἢ
3195 3198 3542 3279 σαφέστερον,
3572 3198 3608 3266 ἢ
3637 3197 3820 3265 ἀληθέι

446 3284 689 3348 tius,aut
707 3284 901 3339 verius
928 3283 1214 3339 dicentem
1241 3281 1744 3354 audiemus,quem
1770 3284 2092 3345 illum?Haec

2179 3308 2384 3364 στερον⁷
2420 3288 2706 3364 ἀκούοιμεν
2750 3289 2813 3345 ἃν
2849 3308 2866 3362 ;
2896 3290 2984 3346 καὶ
3013 3295 3178 3346 ταῦτα
3205 3289 3306 3365 γὰρ
3349 3289 3403 3346 ἑν
3433 3294 3532 3364 μιᾷ
3563 3289 3671 3344 τῶν
3703 3288 3817 3343 ἐπι-

444 3367 698 3449 enim,in
733 3386 850 3430 una
883 3367 1338 3447 epistola,quam
1365 3367 1440 3429 ad
1464 3385 1604 3430 suos
1638 3371 2092 3441 scribit,tractat

443 3457 647 3536 lingua
674 3457 774 3520 illa
797 3455 1075 3519 aurea.Si
1100 3457 1258 3518 enim
1279 3474 1581 3519 carcerem
1607 3458 1978 3535 habitatis,et
1999 3481 2091 3524 ca-

440 3554 577 3608 tena
591 3547 1163 3622 vinctiestis,etcum
1191 3545 1480 3627 squalidis
1505 3555 1563 3608 et
1585 3547 1847 3610 sordidis
1874 3550 2088 3614 inclusi

444 3637 944 3717 estis,propterea
971 3635 1130 3716 quod
1156 3655 1276 3698 non
1301 3637 1708 3698 sssentiamini
1734 3656 1939 3700 eorum
1965 3640 2088 3702 ini-

441 3727 675 3808 quitati,
711 3726 1004 3789 exsultate
1037 3735 1096 3788 et
1129 3725 1829 3798 laetemini,coronemini
1858 3736 1917 3790 et
1949 3731 2090 3792 cho-

436 3835 539 3878 ros
569 3815 792 3890 ducite,
830 3816 986 3896 quod
1021 3815 1147 3876 baac
1199 3815 1316 3875 sint
1346 3812 1514 3875 vobis
1545 3817 1780 3878 occasio
1808 3817 2087 3898 copiosa-

439 3921 576 3968 rum
604 3905 1132 3968 mercedum.Nam
1158 3920 1266 3963 nos
1295 3920 1537 3983 quoque
1567 3901 1840 3966 tabefacti
1866 3915 1923 3968 et
1946 3926 2083 3969 con-

441 3996 662 4074 sumpti
685 4013 890 4056 sumus
925 4014 938 4052 :
989 4001 1210 4054 mortes
1235 3991 1389 4072 passi
1417 4010 1624 4054 sumus
1649 3996 2080 4061 numerabiles.

441 4084 581 4146 Haec
603 4092 801 4145 autem
830 4088 1077 4163 possunt
1100 4081 1316 4143 melius
1340 4082 1817 4165 reuuntiare,qui
1839 4086 1929 4148 vel
1951 4086 2084 4148 bre-

439 4174 500 4234 vi
529 4173 815 4252 temporis
839 4179 1142 4232 momento
1175 4171 1486 4232 nobiscum
1511 4181 1648 4234 sunt
1672 4173 1910 4236 versati:
1947 4195 2081 4237 cum

443 4260 658 4341 quibus
681 4279 756 4322 ne
786 4261 945 4340 potui
979 4259 1221 4340 quidem
1257 4261 1442 4342 loqui,
1469 4279 1606 4323 cum
1633 4281 1957 4344 oppressus
1981 4284 2082 4328 es-

441 4369 570 4414 sem
604 4350 864 4412 assiduis
893 4350 1138 4412 feribus.
1176 4351 1401 4423 Quibus
1451 4369 1585 4412 cum
1627 4352 1990 4430 laborarem,
2027 4365 2086 4417 et

444 4448 628 4504 noctu
661 4449 719 4502 et
745 4439 1006 4502 interdiu
1031 4439 1290 4518 cogebar
1320 4440 1435 4501 iter
1464 4440 1788 4519 ingredi,et
1808 4451 1953 4505 aestu
1969 4443 2082 4505 ob-

439 4540 736 4612 sessus,et
760 4530 952 4609 vigilia
978 4530 1332 4610 perditus,et
1357 4529 1688 4610 privatione
1711 4533 2080 4596 necessario-

2174 3376 2377 3434 στολῶν
2429 3379 2464 3445 ἡ
2500 3383 2677 3458 χρυσῆ
2722 3377 2937 3456 γλῶττα
2967 3379 3099 3455 πρὸς
3146 3378 3266 3444 τοὺς
3298 3381 3394 3444 τῆς
3425 3380 3589 3436 αὐτοῦ
3616 3374 3818 3454 μερίδος

2173 3466 2354 3546 φησίνο
2393 3469 2451 3524 Ei
2497 3469 2597 3546 γὰρ
2628 3470 2725 3523 καὶ
2772 3466 3139 3546 δεσμωτήριον
3197 3468 3419 3540 οἰκεῖτε,
3453 3468 3542 3523 καὶ
3582 3466 3820 3522 ἁλύσεσιν

2174 3557 2492 3636 περίκεισθε,
2555 3557 2813 3631 καὶμετᾶ
2867 3562 2974 3612 τῶν
3029 3555 3364 3636 αὒχμώντων
3393 3556 3483 3613 καὶ
3542 3555 3821 3632 ῥυπώντων

2173 3644 2291 3702 ἐστέ
2336 3643 2845 3721 κατακεκλεισμένοι
2919 3644 3097 3703 ἕνεκεν
3147 3652 3239 3703 τοῦ
3297 3645 3377 3721 μὴ
3437 3643 3710 3702 συνθέσθαι
3756 3648 3825 3718 τῇ

2170 3734 2366 3792 τούτων
2430 3738 2756 3811 παρανομίᾳ,
2791 3731 2912 3790 ἀλλ’
2969 3736 3058 3792 οὖν
3088 3739 3336 3812 σκιρτᾶτε
3375 3734 3466 3790 καὶ
3507 3731 3812 3811 ἀγγαλλιᾶ·

2169 3826 2281 3897 σθε,
2316 3826 2665 3903 στεφανοῦσθε
2723 3824 2810 3879 καὶ
2859 3822 3139 3903 χορεύετε,
3171 3821 3254 3880 ὅτι
3283 3820 3494 3890 πολλῆς
3545 3821 3810 3900 ἑμπορίας

2166 3913 2295 3987 ὑμῖν
2342 3911 2580 3978 δπόθεσις
2631 3913 2817 3968 ταῦτα’
2893 3911 3007 3969 ἐπεὶ
3061 3913 3149 3968 καὶ
3207 3912 3367 3987 ἣμεῖ,
3424 3910 3808 3985 ἀνηλώθημεν,

2167 3999 2599 4080 ἑδαπανήθημεν,
2675 4004 2877 4075 μυρίοις
2949 4001 3281 4078 ἀπεθὰνομεν
3351 4000 3597 4062 θανάτοις
3624 4018 3638 4032 ·
3729 3998 3819 4055 καὶ

2165 4089 2328 4146 ταῦτα
2385 4089 2570 4146 ἴσασιν
2624 4088 2993 4168 ἀκριϐέστερον
3065 4088 3380 4170 ἀναγγεῖλαι
3437 4089 3485 4144 οἱ
3540 4090 3636 4144 καὶ
3682 4087 3822 4165 βρα-

2167 4192 2331 4258 χεῖαν
2390 4179 2558 4256 ῥοπὴν
2589 4181 2728 4255 ἡμῖν
2785 4180 3194 4258 συγγενόμενοι·
3225 4181 3360 4258 πρὸς
3419 4183 3510 4239 οῦς
3539 4176 3659 4234 οῦδὲ
3695 4175 3821 4232 δια-

2166 4267 2433 4348 λεχθῆναί
2464 4290 2514 4324 τι
2547 4267 2813 4344 ἐδυνήθεν,
2846 4271 2948 4325 ὑπὸ
2977 4270 3085 4325 τῶν
3115 4274 3358 4348 συνεχῶν
3387 4267 3626 4346 πυρετῶν
3655 4287 3822 4322 κατα-

2166 4355 2516 4434 ϐεϐλημένος⁹
2553 4359 2639 4418 οὒς
2684 4357 2830 4438 ἔχων
2861 4359 2949 4414 καὶ
2979 4361 3036 4414 Ιεν
3071 4358 3214 4417 νυκτὶ
3242 4360 3330 4415 καὶ
3362 4357 3417 4413 έν
3460 4357 3637 4433 ἡμὲρᾲ
3669 4354 3818 4412 ὁδοι-

2166 4459 2355 4527 πορεῖν
2408 4448 2818 4526 ἠναγκαζομην,
2852 4449 2940 4505 καὶ
2969 4445 3160 4504 θάλπει
3220 4445 3697 4526 πολιορκούμενος,
3731 4447 3826 4502 καὶ

2165 4537 2267 4594 ὑπὸ
2298 4536 2586 4614 ἀγρυπνίας
2617 4533 3077 4615 διαφθειρόμενος,
3111 4536 3198 4592 καὶ
3229 4537 3332 4593 ὑπὸ
3362 4537 3460 4604 τῆς
3490 4541 3596 4592 τῶν
3625 4534 3823 4602 ἐπιτη-

434 4631 666 4694 rum,et
697 4629 962 4701 egestate
989 4637 1224 4695 eorum,
1257 4619 1358 4700 qui
1391 4619 1508 4680 mei
1537 4637 1740 4682 curam
1773 4633 2076 4700 gererent.

2179 4624 2315 4682 Ξείων
2371 4625 2593 4701 ἐρημίας
2637 4624 3030 4702 ἀπολλύμενος,
3065 4627 3152 4682 καὶ
3199 4630 3302 4693 τῆς
3343 4631 3452 4682 τῶν
3500 4645 3824 4704 προστησο-

436 4707 516 4772 Iis
538 4708 831 4790 enim,qui
865 4708 1464 4783 metalla,t’odiunt,et
1486 4725 1760 4770 carceres
1784 4709 2076 4795 habitant,

434 4801 704 4878 graviora
726 4797 884 4879 passi
915 4816 1118 4860 sumus
1150 4807 1209 4858 et
1241 4796 1517 4877 patimur.
1556 4797 1665 4859 Vix
1697 4799 1935 4861 tandem
1968 4819 2078 4862 au-

429 4896 553 4951 tem
593 4889 843 4969 perveni
875 4887 1232 4962 Caesaream,
1263 4895 1541 4968 tanquam
1575 4887 1679 4968 qui
1712 4889 2011 4952 venissem
2045 4909 2078 4952 a

427 4985 782 5059 tempestate
814 4979 875 5039 in
931 4985 1192 5056 portum.
1227 4975 1344 5040 Sed
1373 4995 1485 5040 nec
1517 4976 1615 5039 hic
1644 4988 1854 5058 portus
1887 4979 2076 5060 potuit

427 5082 708 5130 recreare
739 5069 895 5129 mala
948 5067 1258 5140 ﬂuctuum,
1303 5065 1452 5128 adeo
1488 5084 1597 5129 nos
1631 5067 1873 5129 omnino
1909 5069 2075 5148 prius

428 5164 669 5237 tempus
727 5158 1088 5220 confecerat.
1152 5154 1269 5217 Sed
1328 5164 1526 5217 tamen
1583 5174 1717 5218 cum
1771 5156 2070 5219 venissem

428 5240 780 5320 Caesaream,
846 5265 964 5308 non
1027 5261 1238 5326 parum
1291 5245 1600 5326 respiravi,
1665 5244 1824 5325 quod
1858 5261 2070 5326 aquam

431 5334 556 5395 bibi
616 5354 854 5416 puram,
917 5335 1074 5418 quod
1128 5353 1338 5416 panem
1372 5333 1602 5414 sumpsi
1630 5351 1749 5395 non
1781 5333 2067 5418 olentem,

2160 4714 2336 4790 μένων
2379 4715 2626 4794 ἀπορίας.
2677 4715 2775 4772 Καὶ
2830 4715 2931 4793 γὰρ
2959 4719 3068 4771 τῶν
3123 4715 3190 4770 τὰ
3219 4713 3464 4788 μέταλλα
3511 4712 3823 4792 ἱργαζομέ-

2160 4827 2287 4876 νων,
2365 4805 2454 4860 καὶ
2523 4804 2591 4859 τὰ
2654 4800 2998 4882 δεσμωτήρια
3068 4805 3382 4882 οἰκούντων,
3449 4802 3824 4884 χαλεπώτερα

2159 4894 2248 4950 καὶ
2305 4892 2646 4967 πεπόνθαμεν
2708 4894 2798 4950 καὶ
2851 4893 3159 4972 πάσχομεν.
3234 4892 3366 4968 Ὀψὲ
3422 4889 3478 4948 δέ
3535 4895 3666 4949 ποτὲ
3725 4899 3828 4954 καὶ

2159 4980 2316 5056 μόλις
2383 4980 2652 5061 ἐπέτῦχον
2695 4985 2793 5048 τῆς
2857 4983 3204 5058 Καισαρείπς,
3265 4981 3340 5044 ὦς
3384 4981 3492 5037 ἀπὸ
3536 4987 3826 5060 χειμῶνος

2157 5072 2231 5134 είς
2283 5068 2473 5144 λιμένα
2518 5069 2707 5130 ἐλθών.
2764 5069 2886 5126 ἀλλ’
2940 5068 3054 5127 οὐδὲ
3100 5072 3128 5126 ὁ
3173 5069 3343 5147 λιμὴν
3385 5071 3538 5133 οὗτος
3583 5068 3830 5149 ἴσχυσεν

2156 5159 2557 5228 ἀνακτήσασθαι
2614 5160 2680 5216 τὰ
2740 5159 2847 5216 ἀπὸ
2923 5166 3019 5217 τοῦ
3077 5157 3368 5220 κλυδωνίου
3432 5160 3598 5217 κακά·
3672 5159 3833 5218 οὕτω

2155 5247 2392 5313 καθάπαξ
2454 5250 2599 5322 ἡμᾶς
2660 5251 2688 5305 ὁ
2745 5247 3040 5328 ἔμπροσθεν
3110 5250 3310 5329 χρόνστ,
3391 5249 3826 5330 κατειργάσατο,

2155 5334 2305 5393 Ἀλλ’
2363 5335 2511 5413 ὅμως
2575 5337 2738 5394 ἐλθὼν
2799 5339 2876 5400 εἷς
2949 5337 3049 5406 τὴν
3114 5340 3453 5417 Καισάρειαν,
3499 5343 3562 5399 οὗ
3618 5341 3830 5416 μικρὸν

424 5439 539 5486 nec
605 5424 866 5503 durum,
954 5424 1114 5509 quod
1195 5443 1317 5486 non
1372 5423 1631 5504 amplius
1687 5422 1772 5486 tui
1828 5423 2068 5488 ablutus

2179 5425 2401 5506 ινέψυξα,
2435 5428 2517 5486 ὅτι
2566 5429 2654 5486 καὶ
2709 5425 2901 5491 ὓδατος
2957 5425 3109 5486 ἔπιον
3141 5432 3392 5512 καθαροῦ,
3426 5427 3509 5486 ὅτι
3559 5431 3653 5487 καὶ
3708 5428 3831 5512 ἄρ-

509 5595 630 5680 (45)
663 5598 1029 5677 Deportatur
1057 5598 1379 5674 Cucusum,
1412 5614 1514 5664 an.
1546 5599 1692 5681 404,
1724 5606 1788 5662 ut
1815 5607 1982 5664 notat
2008 5600 2230 5670 Baron.

3329 5657 3424 5688 ,ιτ
3489 5647 3620 5700 ..μεσῖ
3663 5657 3724 5690 ιι
