4020 6206
227 300 384 371 1189
1270 300 1460 370 VITA
1512 303 1571 368 S.
1615 293 1906 369 ΪΟΑΝΝΙὲ

1992 295 2540 366 CHRYSOSTOMI.
3434 301 3462 362 1
3481 293 3593 366 190

224 467 322 502 του
379 443 476 500 οὒκ
527 441 810 517 ὀδωδότος,
874 440 991 498 οὐδὲ
1070 441 1498 509 κατεσκληκότος
1557 440 1906 518 μετέλαϐωμ

1992 441 2301 520 ragmentis
2331 434 2651 508 doliorum,
2704 428 2809 494 sed
2841 431 3039 494 inveni
3070 427 3346 498 balneum
3379 438 3591 517 quale-

227 533 310 589 ὅτι
359 532 533 588 ούκὲτι
592 531 648 587 ἐν
707 544 822 594 τοϊς
883 530 1153 606 κλάσμασι
1207 537 1313 588 τῶν
1357 532 1522 588 πίθων
1578 531 1864 606 ἐλουόμην,

1992 547 2212 609 unque,
2244 525 2399 607 quod
2437 532 2577 585 tunc
2601 522 2744 584 mihi
2769 541 3124 584 concessum
3154 524 3264 584 fuit
3291 525 3443 588 lecto
3470 529 3594 589 affi-

229 620 354 677 ὰλλ’
402 622 550 698 εὗρον
593 619 879 696 βαλανεῖον
911 621 1028 677 οἷον
1060 618 1286 694 δήποτε,
1320 620 1401 677 ὅτι
1446 621 1870 701 συγκεχώρημαι

1992 624 2028 681 i.
2064 617 2338 678 Poteram
2364 614 2460 676 his
2481 615 2650 694 plura
2673 611 2874 674 dicere
2907 633 2920 674 :
2950 612 3056 673 sed
3090 633 3163 673 ne
3202 615 3450 678 nimium
3479 618 3594 680 sim

228 712 367 772 τέως
426 716 492 785 τῇ
534 708 689 786 κλίνῃ
728 709 1133 788 προσηλῶσθαι.
1175 707 1336 776 Ἐνῆν
1379 712 1467 766 καὶ
1498 709 1715 769 πλείονα
1745 711 1870 767 τού-

232 823 344 856 των
389 801 586 880 εἰπεῖν,
624 798 743 855 ἀλλ’
772 799 868 856 ’ίνα
895 799 972 874 μὴ
1004 798 1201 878 σφόδρα
1241 799 1488 874 λυπήσω,
1542 800 1706 878 μέχρι
1746 801 1870 856 τού-

233 913 344 948 των
399 889 595 964 ἵστημι
665 888 843 946 ἐκεῖνο
902 891 1199 966 προστιθείς
1233 905 1247 919 ⁶
1339 889 1420 945 ὅτι
1491 893 1569 964 μὴ
1634 891 1874 957 παύσητε

237 978 581 1050 ὀνειδίζοντες
651 979 770 1044 τοὺς
828 978 1146 1056 ἂγαπῶντας
1217 981 1385 1054 ἡμᾶς.
1442 981 1731 1042 Τοσούτους
1777 980 1876 1056 γὰρ

236 1068 460 1149 ἔχοντες
521 1067 767 1147 ἐραστὰς,
828 1069 916 1125 καὶ
951 1069 1214 1136 τοσαύτην
1273 1067 1489 1146 δύναμιν
1547 1067 1876 1148 περιϐεϐλη-

241 1161 460 1239 μένους,
525 1159 642 1216 οόδὲ
686 1162 860 1218 αὐτῶν
903 1160 1269 1239 τυγχάνομεν,
1328 1162 1400 1218 ὧν
1444 1161 1802 1238 τυγχάνουσιν
1833 1159 1881 1214 οἱ

240 1247 540 1321 κατάδικοι,
589 1249 725 1305 ὥστε
772 1250 846 1313 εἷς
903 1249 1242 1327 ἡμερώτερον
1293 1251 1380 1305 καὶ
1444 1248 1726 1328 ἐγγύτερόν
1780 1271 1882 1306 που

242 1337 693 1406 καταδικασθῆναι
750 1337 916 1395 τόπον
950 1354 964 1368 ⁸
1014 1337 1151 1394 ἀλλὰ
1204 1339 1292 1396 καὶ
1339 1347 1432 1396 τοῦ
1463 1339 1714 1414 σώματος
1744 1341 1884 1414 ἡμῖν

243 1428 706 1507 ἀπαγορεύσαντος
741 1474 757 1500 ,
843 1429 938 1485 καί
1023 1449 1118 1486 του
1200 1427 1364 1509 φόϐου
1445 1435 1552 1486 τῶν
1637 1426 1884 1508 ἰσαύρων

245 1518 418 1574 πάντα
471 1517 907 1597 πολιορκοὸντος,
964 1518 1062 1586 τῆς
1123 1524 1314 1598 μικρᾶς
1396 1518 1595 1586 ταύτης
1655 1519 1743 1574 καὶ
1793 1520 1881 1575 εὖ·

245 1606 431 1673 τελοῦς
475 1609 570 1665 οὐκ
627 1606 961 1687 ἐπετύχομεν
1006 1608 1257 1687 χάριτος.
1317 1608 1452 1674 Δόξα
1506 1614 1582 1683 τῷ
1641 1614 1756 1682 Θεῷ
1799 1608 1882 1665 καὶ

249 1696 335 1753 διὰ
379 1704 532 1754 τοῦτο
563 1713 578 1728 ⁸
614 1698 673 1754 ού
731 1697 1005 1773 παυόμεθα
1063 1698 1162 1776 γὰρ
1208 1699 1365 1754 αὐτὸν
1408 1697 1494 1755 ἐπὶ
1537 1703 1666 1754 πᾶσι
1728 1696 1886 1763 δοξά-

1956 706 2264 778 molestus,
2301 705 2611 782 hucusque
2643 702 2812 775 sisto,
2847 701 2992 763 illud
3027 701 3446 784 addens,quod
3478 727 3600 770 non

1956 795 2203 858 cessetis
2235 791 2597 872 exprobrare
2630 791 2833 872 iis;qui
2859 809 2966 851 nos
2998 791 3428 868 diligunt.Nam
3461 816 3596 860 cum

1959 895 2075 947 tam
2109 883 2326 944 multos
2356 881 2708 956 habeamus,
2743 880 2849 958 qui
2880 899 2987 942 nos
3019 889 3312 958 amant,et
3344 904 3597 965 quorum

1961 986 2051 1037 est
2076 982 2234 1035 tanta
2267 972 2552 1053 potentia,
2593 989 2667 1032 ne
2698 989 2765 1032 ea
2794 969 3033 1050 quidem
3061 975 3438 1049 assequimur
3469 997 3602 1057 quae

1962 1062 2439 1138 condemnati,ut
2465 1061 2524 1122 in
2554 1059 2854 1121 mitiorem
2884 1072 2941 1122 et
2968 1064 3454 1142 propinquiorem
3487 1067 3600 1127 ali-

1965 1172 2144 1235 quem
2177 1152 2373 1216 locum
2405 1151 2765 1228 relegemur:
2803 1149 2908 1211 sed
2940 1169 3074 1211 cum
3099 1160 3159 1213 et
3191 1170 3408 1233 corpus
3430 1156 3605 1218 nobis

1967 1245 2045 1308 sit
2067 1243 2461 1318 defessum,et
2483 1250 2678 1303 metus
2700 1239 3042 1302 Isaurorum
3077 1241 3278 1303 omnia
3308 1244 3600 1325 obsideat,

1968 1335 2121 1397 hanc
2145 1352 2382 1415 parvam
2404 1341 2462 1396 et
2480 1332 2651 1394 vilem
2678 1331 2924 1410 gratiam
2951 1349 3070 1392 non
3093 1350 3300 1394 sumus
3318 1339 3603 1401 assecuti.

1969 1428 2093 1488 Deo
2121 1423 2501 1504 propter',hoc
2529 1440 2764 1504 quoque
2787 1421 2864 1482 sit
2893 1421 3100 1499 gloria.
3135 1423 3265 1484 Non
3298 1444 3604 1491 cessamus

1971 1515 2131 1577 enim
2167 1533 2300 1576 eum
2334 1514 2667 1593 gloriﬁcare
2694 1517 2754 1573 in
2786 1511 3087 1573 omnibus.
3109 1514 3196 1573 Sit
3230 1533 3447 1578 nomen
3479 1517 3608 1598 ejus

1972 1605 2356 1668 benedictum
2393 1605 2453 1666 in
2503 1603 2723 1664 saecula
2763 1601 3142 1664 saeculorum.
3190 1603 3418 1684 Aperte
3448 1610 3608 1669 enim

1971 1693 2369 1771 scitis,omnia
2396 1711 2527 1755 esse
2553 1693 2727 1773 plena
2748 1691 3103 1754 tumultibus
3124 1702 3178 1753 et
3213 1695 3614 1773 perturbatio-

251 1793 455 1857 ζοντες.
502 1787 609 1854 Εἲή
669 1787 728 1843 τὸ
789 1785 957 1862 ὄνομα
1006 1786 1166 1844 αὐτοῦ
1224 1785 1588 1864 εὖλογημένον
1649 1789 1722 1851 εἷς
1766 1788 1888 1850 τοὺς

1992 1789 2148 1846 tibus
2173 1789 2287 1846 Nec
2313 1795 2534 1858 oportet
2558 1786 2746 1842 solum
2767 1799 2974 1855 rogare
2996 1799 3100 1855 pro
3123 1784 3604 1862 Constantinopo-

251 1878 470 1939 αἰῶνας,
533 1875 676 1933 "Io-rs
733 1875 834 1954 γὰρ
894 1877 1077 1955 σαφῶς
1148 1879 1221 1942 ὡς
1294 1876 1468 1935 πάντα
1510 1875 1742 1956 θορύϐων
1793 1875 1890 1933 καῖ

251 1967 340 2021 καὶ
369 1970 615 2044 ταραχῆς
671 1963 1046 2043 πεπλήρωται,
1079 1969 1167 2023 καὶ
1197 1966 1302 2045 οὐχ
1362 1965 1490 2044 ὑπὲρ
1552 1965 1891 2024 Κωνσταντί-

253 2078 345 2112 νου
384 2053 595 2118 πόλεως
651 2055 762 2133 χρή
822 2054 983 2128 μόνον
1041 2054 1402 2132 παρακαλεῖν,
1449 2054 1570 2112 ἅιλλ⁹
1620 2057 1750 2135 ὑπὲρ
1794 2061 1892 2123 τῆς

256 2143 573 2219 οἶκουμὲνης
655 2144 892 2211 ἀπάσης,
971 2135 1292 2224 Ἐπειδήπερ
1365 2143 1600 2202 ἐντεῦθεν
1658 2145 1892 2223 ἀρξάμε-

260 2255 351 2290 νον
407 2235 468 2289 τὸ
530 2233 720 2308 κακὸν,
793 2231 1026 2312 καθάπερ
1105 2234 1342 2311 εἴρηται,
1405 2235 1498 2300 τὰς
1571 2234 1894 2301 Ἐκκλησίας

257 2323 542 2402 πανταχοῦ
625 2326 726 2400 γῆς
811 2321 1138 2397 λυμαίνεται.
1241 2316 1643 2398 Ἐϐδομήκοντα⁵
1727 2325 1898 2380 τοίνυν

261 2413 466 2489 ἡμέρας
510 2411 873 2476 ἀναλώσαντες
916 2413 1052 2469 κατὰ
1097 2413 1195 2480 τὴν
1247 2412 1390 2493 ὁδὸν,
1423 2414 1522 2487 ὀψέ
1553 2435 1682 2470 ποτε
1719 2415 1898 2480 ἀπην-

263 2505 508 2576 τήκαμεν
550 2502 621 2563 εὶς
653 2501 748 2568 τὴν
797 2503 1116 2570 Κουκουσὸν,
1167 2504 1229 2558 τὸ
1285 2503 1460 2569 πάσης
1495 2503 1591 2571 τῆς
1645 2503 1899 2566 οἶκουμέο

265 2614 361 2659 νης
403 2591 733 2670 ὶρηιαότατον
767 2591 964 2672 χωρίον
1000 2607 1014 2622 ⁸
1069 2592 1184 2648 ὅθεν
1236 2592 1532 2671 λογίζεσθαι
1583 2598 1652 2669 τῇ
1692 2599 1901 2667 θαυμα-

264 2674 475 2750 σιότητι
521 2682 669 2756 ὑμῶν
756 2679 977 2757 ἔξεστιν,
1053 2681 1152 2738 ὅσα
1206 2681 1295 2739 καὶ
1349 2681 1509 2749 ἡλίκα
1568 2682 1906 2758 πεπόνθαμεν

264 2773 427 2848 κακὰ,
504 2781 754 2848 πυρετοῖς
812 2771 1101 2850 ἀφορήτοις
1185 2769 1522 2844 παλαίοντες,
1592 2773 1682 2829 καὶ
1761 2770 1910 2852 φόϐῳ

267 2863 542 2938 Ἰσαυρικῷ
641 2858 1109 2937 πολιορκούμενοι.
1203 2863 1299 2919 Καὶ
1385 2863 1550 2917 ταῦτα
1611 2861 1755 2936 λέγω
1815 2866 1911 2920 οὐκ

270 2952 429 3017 ἀξιῶν
473 2948 770 3028 ἐνοχλῆσαί
812 2972 952 3028 τινα,
999 2950 1138 3007 ὥστε
1184 2952 1324 3025 ἡμᾶς
1359 2956 1694 3025 μεταστῆσαι
1727 2950 1910 3010 ἐντεῦ-

269 3045 358 3099 θεν
399 3038 484 3119 (τὸ
528 3040 628 3115 γὰρ
674 3037 1066 3118 χαλεπώτατον
1109 3038 1452 3120 διηνύσαμεν,
1499 3046 1597 3107 τῆς
1655 3038 1776 3097 ἔιδοῦ
1814 3041 1911 3107 τὴν

1974 1875 2150 1950 li,sed
2178 1891 2283 1955 pro
2308 1874 2584 1934 universo
2609 1870 2756 1932 orbe
2788 1878 3102 1932 terrarum:
3125 1873 3611 1955 quandoquidem

1977 1962 2386 2044 malum,quod
2418 1961 2558 2022 hinc
2587 1959 2790 2040 coepit,
2816 1959 2967 2021 sicut
2995 1959 3220 2022 dictum
3246 1971 3358 2038 est,
3395 1965 3616 2047 ubique

1977 2063 2268 2116 terrarum
2299 2051 2495 2133 perdit
2516 2048 2992 2112 Ecclesias.Cum
3019 2055 3393 2133 septuaginta
3415 2055 3618 2133 itaque

1981 2143 2106 2205 dies
2130 2141 2710 2222 consumpsissemus
2733 2140 2793 2200 in
2818 2139 3153 2215 itinere,vix
3179 2145 3415 2206 tandem
3451 2147 3619 2209 veni-

1984 2251 2114 2293 mus
2135 2230 2648 2306 Cucusum,totius
2671 2228 2833 2290 orbis
2856 2239 3028 2290 terrae
3059 2230 3252 2292 locum
3287 2232 3622 2298 desertissi-

1988 2341 2172 2384 mum.
2209 2320 2604 2393 Quamobrem
2641 2319 2782 2381 licet
2831 2319 2972 2380 hinc
3000 2330 3208 2381 vestrae
3238 2325 3623 2403 amplitudini

1986 2411 2353 2485 ratiocinari,
2377 2427 2551 2490 quam
2577 2408 2760 2470 multa
2785 2408 2935 2469 mala
2969 2411 3121 2487 passi
3154 2416 3363 2486 simus,
3395 2422 3454 2474 et
3483 2433 3620 2476 cum

1989 2501 2254 2564 lebribus
2281 2501 2576 2561 luctantes
2599 2497 3169 2572 intolerabilibus,et
3198 2499 3430 2564 obsessi
3458 2512 3620 2567 metu

1985 2589 2429 2655 Isaurorum.Et
2444 2591 2568 2650 haec
2582 2589 2867 2664 dico,non
2886 2589 3088 2650 volens
3104 2607 3316 2667 rogare
3337 2593 3618 2673 aliquem,

1990 2689 2054 2744 ut
2083 2699 2190 2741 nos
2223 2681 2363 2742 hinc
2393 2686 2820 2742 transmoveat.
2879 2677 3242 2742 Perfecimus
3271 2683 3430 2744 enim
3465 2684 3625 2764 quod

1990 2779 2116 2833 erat
2138 2769 2803 2850 gravissimum,nempe
2827 2767 2932 2830 viae
2963 2769 3441 2834 molestiam.Sed
3472 2773 3628 2836 hanc

1993 2879 2026 2922 a
2052 2861 2218 2922 vobis
2242 2868 2376 2941 peto
2398 2859 2669 2938 gratiam,
2700 2868 2762 2919 ut
2783 2858 3022 2921 assidue
3042 2861 3114 2922 ad
3134 2879 3243 2922 nos
3264 2861 3631 2942 scribatis,et

1993 2967 2190 3010 curam
2217 2953 2429 3023 geratis
2451 2951 2843 3008 Ecclesiarum
2875 2950 2937 3008 Et
2961 2967 3168 3010 rursus
3191 2955 3277 3008 sic
3298 2953 3459 3013 dicit:
3484 2956 3628 3013 Nam

1996 3057 2106 3100 nos
2128 3055 2388 3118 quoque,
2424 3036 2524 3116 qui
2546 3037 2784 3097 tertium
2807 3055 3027 3097 annum
3059 3055 3362 3100 versamur
3381 3039 3442 3100 in
3464 3041 3629 3103 exsi-

271 3126 684 3207 ταλαιπωρίαν),
748 3126 864 3184 ἀλλ’
923 3131 1059 3204 ὑμᾶς
1115 3130 1275 3208 χάριν
1335 3131 1486 3204 αἰτῶ,
1548 3131 1610 3186 τὸ
1674 3132 1906 3210 συνεχῶς

1999 3126 3635 3224 lio,fame,peste,bel_lis,l‘requentiturobsidionibus,so-

274 3222 412 3294 ἡμῖν
470 3217 714 3296 γράφειν,
758 3219 847 3275 καὶ
889 3218 1019 3297 ὑπὲρ
1070 3225 1176 3276 τῶν
1221 3217 1557 3286 Ἐκκλήσιῶν
1597 3221 1910 3301 φροντίζειν.

270 3309 368 3366 Καὶ
427 3306 590 3363 πάλιν
635 3305 688 3362 δὲ
751 3307 890 3364 οὕτω
947 3309 1106 3388 φησίν
1140 3325 1154 3340 ⁶
1205 3308 1356 3365 Ἐπεὶ
1407 3310 1492 3365 καὶ
1551 3311 1694 3385 ἡμᾶς
1739 3311 1912 3386 τρίτον

267 3396 388 3462 ἔτος
433 3397 486 3451 ἐν
548 3395 723 3476 ἆξορίᾳ
768 3395 1129 3476 διατρίϐοντας
1174 3397 1341 3474 λιμῷ,
1378 3397 1576 3479 λοιμῷ,
1627 3398 1909 3476 πολέμοις,

269 3484 608 3564 πολιορκίαις
691 3489 1016 3567 συνεχέσιν,
1110 3487 1304 3566 ἐρημίᾳ
1391 3487 1616 3568 ἀφάτῳ,
1706 3491 1916 3563 θανάτῳ

271 3579 634 3655 καθημερινῷ,
698 3578 993 3656 μαχαίραις
1047 3576 1397 3654 Ἱσαυρικαϊς,
1473 3581 1577 3657 οἰχ
1636 3577 1708 3640 ὠς
1754 3578 1912 3658 ἔτυχε

269 3662 576 3742 παρακαλεῖ
633 3664 729 3721 καί
763 3669 1160 3742 παραμυθεῖται
1191 3667 1254 3721 τὸ
1313 3665 1523 3742 διαρκὲς
1569 3669 1656 3724 καὶ
1687 3671 1916 3744 μόνιμον

268 3755 418 3828 ὑμῶν
475 3753 572 3821 τῆς
645 3752 950 3830 διαθέσεως,
1025 3756 1122 3822 τῆς
1194 3755 1486 3832 παῤῥησίας
1544 3757 1604 3811 τὸ
1649 3756 1861 3821 άκλινές
1895 3774 1910 3789 ⁸

270 3843 388 3901 ὅθεν
445 3845 488 3900 εἰ
532 3844 620 3900 καὶ
662 3846 756 3900 τοῦ
805 3842 1029 3922 ἐδάφους
1087 3844 1176 3902 καὶ
1205 3849 1313 3901 τῶν
1344 3845 1547 3925 τειχῶν
1577 3845 1674 3914 τῆς
1705 3847 1916 3912 πόλεως

271 3930 665 4009 ἐκϐεϐλήμεθα,
696 3938 794 4000 τῆς
852 3931 906 3989 δὲ
966 3932 1156 4010 κυρίως
1215 3932 1424 3997 πόλεως
1486 3933 1546 3991 οὒ
1578 3937 1918 4011 μετῳκίσθη-

273 4044 399 4098 μεν,
434 4024 492 4079 Εἰ
523 4022 623 4100 γὰρ
653 4023 812 4098 ὑμεῖς
841 4023 875 4090 ἡ
906 4022 1086 4096 πόλις,
1123 4021 1239 4097 μεθ’
1269 4023 1418 4099 ὑμῶν
1452 4021 1506 4079 δὲ
1539 4026 1703 4101 ἡμεῖς
1721 4026 1800 4083 ἀεὶ
1831 4030 1919 4084 καὶ

273 4113 329 4168 ἐν
358 4114 514 4187 ὑμῖν,
549 4110 767 4178 εὔδηλον
799 4112 880 4169 ὃτι
928 4111 1027 4169 καῖ
1076 4111 1296 4171 ἐνταῦθα
1328 4111 1602 4192 διοίγοντες
1635 4115 1733 4184 τὴν
1763 4114 1918 4174 πόλιν

276 4203 524 4276 cinnamo
580 4199 812 4267 ἐκείνην,
860 4203 958 4259 Καὶ
1021 4201 1120 4279 γὰρ
1177 4199 1558 4277 ἐνδιαιτώμεθα
1588 4205 1738 4280 ὑμῶν
1796 4219 1919 4270 ταῖς

1997 3218 2267 3291 litudine,
2305 3235 2437 3297 quas
2477 3215 2673 3276 verbis
2714 3215 3000 3295 explicari
3042 3236 3158 3278 non
3191 3227 3407 3296 potest,
3446 3231 3635 3284 morte

1998 3306 2585 3390 quotidiana,gladiis
2607 3304 3036 3382 Isauricis,non
3070 3306 3286 3369 leviter
3307 3311 3646 3374 consolatur

2000 3407 2289 3479 perpetua
2314 3403 2509 3457 vestra
2533 3405 2589 3457 et
2609 3395 2840 3456 stabilis
2863 3395 3421 3480 alfectio,[irmaque
3444 3409 3501 3462 et
3522 3401 3643 3464 im-

2001 3497 2156 3548 mota
2181 3484 2827 3556 ﬁducia.Quamobre:n
2864 3486 3092 3546 etiamsi
3125 3504 3158 3546 a
3185 3487 3314 3549 solo
3333 3497 3391 3549 et
3421 3493 3640 3553 mami-

1999 3575 2110 3637 bus
2132 3574 2388 3636 civitatis
2420 3573 2651 3653 expulsi
2683 3592 2910 3647 sumus,
2938 3574 3010 3634 ab
3043 3593 3114 3634 ea
3146 3582 3367 3653 tamen,
3393 3599 3524 3662 quae
3554 3591 3646 3644 est

2000 3664 2238 3745 proprie
2269 3663 2627 3736 civitas,non
2661 3663 3134 3741 migravimus.Si
3162 3667 3322 3728 enim
3371 3686 3472 3730 vos
3503 3671 3645 3732 estis

1999 3754 2225 3827 civitas,
2260 3771 2369 3813 nos
2399 3762 2597 3813 autem
2629 3769 2867 3832 semper
2890 3750 3197 3814 vobiscum
3230 3763 3288 3815 et
3318 3754 3380 3815 in
3417 3757 3590 3820 vobis
3626 3777 3640 3821 :

2001 3844 2226 3905 clarum
2253 3841 2531 3922 est,quod
2548 3842 2644 3902 hic
2666 3860 2906 3922 quoque
2929 3840 3239 3921 degentes,
3275 3843 3438 3906 illam
3465 3846 3645 3908 habi-

2005 3943 2204 3998 tamus
2228 3932 2551 3995 civitatem.
2582 3930 2647 3993 In
2669 3933 2884 3994 vestris
2907 3931 3068 3994 enim
3104 3932 3378 4010 degimus
3400 3937 3641 4013 animis,

2006 4035 2066 4087 et
2085 4024 2428 4103 ubicunque
2446 4021 2980 4095 fuerimus,omnes
3000 4023 3234 4104 vos,qui
3257 4025 3651 4089 vehementes

2007 4116 2148 4177 estis
2171 4111 2358 4176 nostri
2382 4111 2770 4187 amatores,in
2790 4110 3131 4190 cognitione
3153 4111 3652 4178 circumferentes

2006 4204 2267 4268 abimus.

278 4295 520 4370 ῴυχαϊς,
552 4292 639 4347 καὶ
669 4288 904 4369 ὅπουπερ
947 4289 1008 4348 ἂν
1039 4293 1209 4366 ὦμεν,
1241 4290 1444 4355 πάντας
1471 4293 1606 4368 ὑμᾶς
1638 4298 1759 4361 τοὺς
1792 4295 2042 4376 σφοδροὺς
2072 4297 2229 4370 ἡμῶν
2261 4293 2481 4371 ἐραστὰς
2513 4294 2598 4348 ἐπὶ
2628 4290 2831 4348 διανοίαι
2865 4292 3233 4372 περιφέροντες
3267 4294 3485 4372 ἄπιμεν,

366 4405 544 4474 Δηλοῖ
568 4404 622 4462 δὲ
651 4407 738 4462 καὶ
766 4408 800 4474 ἡ
829 4408 960 4484 πρὸς
999 4407 1368 4465 Κωνστάντιον
1401 4411 1544 4482 αὒτῷ
1576 4412 1666 4466 τὸν
1696 4411 1906 4483 πρεσϐύ·

2062 4412 2192 4475 Alia
2216 4428 2392 4491 porro
2417 4408 2490 4469 ad
2517 4406 2931 4488 presbyterum
2947 4405 3402 4472 Constantinum
3428 4411 3502 4473 ab
3523 4412 3651 4493 ipso

279 4517 432 4576 τερον
461 4509 726 4576 γραφεῖσα
759 4495 1138 4576 ἒπιστολὴ,τὸν
1165 4497 1296 4574 ὑπὲρ
1328 4503 1435 4554 τῶν
1459 4497 1800 4569 Ἐκκλησιῶν
1823 4504 1928 4574 ζῆ-

278 4585 399 4664 λον,
447 4582 613 4647 οὕτως
647 4584 869 4664 ἔχουσα*
903 4591 983 4662 Τῇ
1011 4587 1240 4663 τετάρτῂ
1296 4594 1390 4644 τοῦ
1434 4589 1683 4665 Πανέμου
1727 4595 1927 4668 μηνὸς,

287 4672 505 4748 μέλλων
548 4671 655 4728 ἀπὸ
684 4673 784 4739 τῆς
817 4675 1037 4738 Νικαίας
1069 4673 1318 4756 ἐξορμᾷν,
1351 4683 1519 4733 ταῦτα
1549 4675 1931 4756 διαπέμπομαι

288 4760 354 4852 τὰ
399 4762 689 4852 γράμματα
746 4763 878 4852 πρὸς
939 4762 1055 4852 τὴν,
1093 4765 1192 4832 σὴν
1221 4763 1546 4848 θεοσέϐειαν,
1582 4771 1928 4852 παρακαλῶν,

289 4849 421 4929 ὅπερ
453 4849 534 4906 ἀεὶ
563 4849 886 4930 παρακαλῶν
918 4851 1014 4909 οὐκ
1042 4851 1384 4930 ἐπαυσάμην,
1420 4854 1516 4912 κᾶν
1547 4849 1930 4938 χαλεπώτερος

288 4947 382 4998 τοῦ
440 4945 526 4997 νῦν
585 4939 908 5021 κατέχοντος
968 4942 1190 5022 γένηται
1236 4947 1263 5000 ὁ
1320 4952 1555 5024 χειμὼν,
1588 4955 1687 5004 κᾶν
1717 4951 1932 5025 μείζονα

286 5030 353 5087 τά
398 5031 632 5112 κύματα,
664 5032 741 5108 μὴ
791 5029 1079 5091 διαλείπειν
1136 5034 1203 5090 τὰ
1233 5038 1426 5094 σαυτοὸ
1454 5033 1716 5115 πληροῦν,
1748 5041 1814 5096 τὰ
1858 5042 1931 5103 εἷς

287 5120 387 5190 τήν
418 5121 724 5198 οἶκονομίάν
752 5121 819 5190 ἧς
851 5119 904 5188 ἐξ
936 5122 1118 5203 ἀρχῆς
1149 5124 1300 5198 ἥψω·
1338 5122 1479 5201 λέγω
1509 5123 1573 5193 δὴ
1603 5135 1696 5184 τοῦ
1726 5127 1934 5197 Ἐλλη-

290 5217 480 5286 νισμοῦ
531 5210 632 5278 τὴν
689 5210 1019 5290 καθαίρεσιν,
1054 5215 1161 5269 τῶν
1225 5211 1529 5281 ἐκκλησιῶν
1582 5213 1677 5280 τάς
1725 5216 1938 5274 οἰκοδο-

291 5300 422 5376 μάς,
479 5305 585 5358 τῶν
629 5305 825 5380 ψυχῶν
857 5301 956 5369 τὴν
1003 5300 1340 5378 ὶπιμέλειαν,
1393 5302 1483 5370 Μὴ
1528 5300 1592 5374 δή
1630 5302 1745 5384 [γρ.
1781 5306 1937 5384 μηδέ]

293 5409 353 5446 σε
404 5390 588 5447 ὕπτιον
669 5391 888 5449 ποιείτω
966 5397 1073 5449 τῶν
1145 5392 1478 5469 πραγμάτων
1563 5392 1600 5459 ἦ
1660 5392 1935 5460 δυσκολία.

297 5476 426 5537 Οὒδὲ
484 5477 584 5556 γάρ
642 5477 970 5558 κυϐερνήτης
1015 5483 1076 5538 τὸ
1137 5480 1375 5559 πέλαγος
1422 5483 1560 5557 ὁρῶν
1615 5485 1940 5561 μαινόμενον

297 5563 393 5622 καί
439 5564 840 5647 διανιστάμενον
909 5570 1275 5656 ἀποστήσεται
1313 5573 1447 5646 ,τῶν
1507 5571 1702 5648 οἰάκων
1739 5591 1752 5606 ⁶

1816 5574 1937 5632 ἀλλ’

2013 4501 2233 4582 scripta
2292 4497 2568 4578 epistola,
2623 4497 3000 4558 manifestum
3064 4499 3194 4575 ejus
3226 4518 3334 4579 pro
3366 4500 3654 4564 Ecclesiis

2011 4593 2151 4655 facit
2184 4588 2448 4652 studium
2477 4607 2492 4666 ;
2524 4605 2663 4663 quae
2691 4585 2777 4647 sic
2806 4604 2872 4647 se
2901 4585 3080 4666 habet
3112 4607 3126 4645 :
3163 4587 3385 4659 Quarto
3432 4593 3656 4654 mensis

2016 4677 2272 4742 Panzemi
2302 4675 2499 4738 Nicaea
2527 4675 2855 4750 soluturus,
2892 4677 2997 4737 bas
3047 4675 3245 4737 scribo
3301 4678 3526 4742 litteras
3584 4682 3659 4744 ad

2017 4779 2171 4832 tuam
2207 4768 2518 4849 pietatem,
2553 4764 2878 4826 adhortans
2933 4764 3007 4825 ad
3041 4765 3128 4841 id,
3163 4767 3320 4847 quod
3355 4788 3657 4850 nunquam

2017 4858 2245 4923 cessavi
2279 4866 2334 4918 te
2368 4856 2694 4926 adhortari,
2730 4853 2964 4916 etiamsi
3000 4855 3150 4931 hac,
3185 4876 3314 4936 quae
3345 4878 3506 4922 nunc
3541 4868 3660 4934 est,

2019 4959 2151 5012 orta
2199 4945 2377 5008 fuerit
2433 4954 2764 5024 tempestas
2815 4943 3076 5022 gravior,
3113 4955 3174 5006 et
3209 4949 3465 5026 majores
3495 4949 3659 5009 exci—

2021 5047 2222 5102 tentur
2251 5036 2493 5106 ﬂuctus,
2523 5044 2586 5096 ut
2647 5051 2773 5094 non
2830 5051 3033 5095 cesses
3076 5053 3170 5114 ea,
3204 5053 3335 5114 quae
3370 5047 3465 5097 tua
3494 5047 3660 5109 sunt,

2018 5126 2296 5208 implere,
2330 5124 2404 5186 ad
2465 5141 2536 5185 ea
2592 5121 3093 5196 administranda,
3130 5142 3263 5201 quae
3291 5123 3366 5184 ab
3397 5124 3568 5187 initio
3599 5146 3663 5189 es

2019 5233 2332 5302 aggressus
2355 5213 2431 5302 ad
2450 5211 3447 5302 destruendam,inquam,gentium
3463 5233 3528 5276 su
3540 5235 3669 5296 per-

2021 5299 2350 5376 stitionem,
2382 5301 2788 5363 Ecclesiarum
2813 5299 3298 5375 aediﬁcationem,
3332 5304 3666 5366 animarum

2021 5412 2223 5457 curam
2257 5392 2608 5471 gerendam.
2659 5387 2746 5450 Ne
2803 5397 2860 5450 te
2911 5388 3194 5468 supinum
3225 5389 3436 5454 reddat
3463 5411 3667 5455 rerum

2023 5480 2341 5545 difficultas
2379 5503 2391 5545 :
2427 5498 2624 5557 neque
2656 5477 2820 5540 enim
2851 5476 3218 5555 gubernator
3255 5479 3463 5542 videns
3497 5500 3662 5544 mare

2025 5573 2275 5636 savieus
2304 5579 2362 5632 et
2391 5566 2954 5649 agitatum,recedet
2973 5585 3008 5629 ι
3035 5567 3219 5628 clavo.
3247 5570 3362 5630 Sed
3398 5589 3509 5634 nec
3536 5589 3669 5634 me-
