4020 6206
414 322 574 414 1195

1699 328 1980 411 MENSIS
2032 331 2487 412 JANUABIUS.

3667 336 3847 404 1196

420 484 567 546 bant
589 483 905 545 ecclesiam
953 480 1424 560 malignantium,
1455 480 1494 540 ii
1522 498 1730 543 omnes
1762 480 2055 543 bonorum

2180 486 2301 541 αῠθκ
2347 489 2437 539 τοῦ
2484 481 2653 539 καλοῦ
2699 480 2956 556 ποιμένος
3002 479 3138 537 κατὰ
3168 479 3264 545 τὴν
3307 485 3401 535 τοῦ
3445 479 3699 555 πρώτου
3750 478 3856 534 ui-

422 570 1626 654 publicationes,relegationes,mortes,et
1654 570 1813 633 varia
1833 571 2059 653 suppli-

423 669 510 724 cia
534 664 1215 735 subierunt(!17).Etenim
1231 662 1527 734 oportebat
1552 663 1645 720 hic
1667 678 2057 736 quoque,cum

423 752 616 814 bonus
640 758 839 829 pastor
858 748 930 811 ad
954 748 1347 811 imitationem
1374 748 1553 829 primi
1570 749 1831 810 venisset
1856 750 1915 810 in
1943 768 2063 811 ma-

423 858 536 903 nus
556 840 636 901 im
647 836 1179 921 piorum,dispergi
1201 837 1443 919 quidem
1466 856 1737 915 oves,eas
1758 849 1955 901 autem
1972 857 2062 900 es-

422 948 487 992 se
510 946 750 1010 quoque
771 946 907 991 cum
936 927 1220 1007 magistro
1243 926 1629 989 molestorum
1653 927 2061 1009 participes“.

421 1022 650 1083 Licebat
668 1035 807 1093 ergo
826 1020 1023 1078 videre
1042 1019 1184 1077 alios
1206 1019 1438 1091 quidem
1463 1017 1864 1091 implere,quaa
1889 1034 2065 1094 prepe

426 1105 953 1185 erant,custodias:
979 1106 1129 1168 alios
1149 1113 1348 1168 autem
1370 1104 2066 1179 condemnari,habitare

423 1207 613 1260 terras
640 1203 700 1258 et
724 1196 954 1258 insulas
986 1193 1195 1276 procul
1246 1199 1430 1271 sitas;
1466 1194 1668 1257 multis
1697 1204 1758 1257 et
1785 1195 2067 1275 gravibus

423 1286 745 1350 tormentis
792 1285 958 1366 prius
1000 1284 1326 1347 confectos.
1363 1283 1506 1356 Quae
1535 1292 1729 1346 autem
1764 1284 1984 1346 ﬁebant
2007 1286 2068 1346 in

425 1377 663 1451 itinere,
698 1393 771 1438 ea
800 1384 970 1437 erant
1013 1375 1128 1437 alia
1173 1373 1441 1456 quzedam
1489 1374 1782 1455 tragcedia
1806 1383 1863 1436 et
1894 1376 2069 1456 plane

421 1464 559 1529 Ilias
585 1463 1059 1529 malorum.Nam
1091 1480 1226 1525 cum
1251 1462 1407 1526 nacti
1430 1471 1631 1525 essent
1654 1481 1842 1525 saevos
1864 1472 1924 1525 et
1948 1464 2060 1526 im-

425 1555 653 1637 probos
672 1571 801 1629 eos,
824 1553 927 1633 qui
947 1552 1271 1627 ducebant,
1305 1553 1393 1616 eis
1415 1552 1562 1615 nihil
1587 1553 1833 1615 omnino
1851 1571 2065 1634 parce-

423 1646 829 1724 batur,neque
849 1644 909 1704 in
933 1661 1039 1705 eos
1064 1642 1184 1705 ulla
1203 1642 1637 1705 ostendebatur
1664 1643 1981 1706 clementia
2013 1653 2071 1706 et

426 1734 786 1814 benignitas:
813 1750 922 1794 nec
939 1751 1077 1794 cum
1101 1732 1189 1793 eis
1209 1733 1288 1793 ita
1310 1732 1906 1813 agebatur,tanquam
1932 1734 2075 1795 fuiso

2146 595 2313 649 μησιν
2370 573 2473 629 ὑπὸ
2505 573 2657 651 χερσὶ
2715 583 2836 635 ταῖς
2888 578 2995 626 τῶν
3056 570 3269 644 ἀνόμων
3326 567 3650 646 γενομένου
3721 566 3853 621 δια-

2146 665 2529 739 σκορπισθῆναι
2583 661 2681 735 μὲν
2731 661 2797 716 τὰ
2843 657 3103 734 πρόϐατα,
3137 664 3464 739 κοινωνῆσαι
3514 656 3573 712 δὲ
3636 657 3854 719 αὕτως

2146 736 2258 808 καὶ.
2289 759 2366 824 τῷ
2400 748 2700 824 διδασκάλῳ
2756 754 2866 805 τῶν
2893 748 3150 824 θλίψεων,
3212 736 3309 804 Ἠν
3355 748 3444 804 οὖν
3512 750 3665 824 ὸρᾷν
3721 749 3853 807 to};

2147 842 2246 917 μὲν
2293 844 2386 904 τὰς
2420 840 2579 919 ἔγγύς
2630 863 2733 899 που
2762 838 3000 920 φυλακὰς
3061 838 3420 915 πληροῦντας,
3454 840 3586 903 τοὺς
3631 836 3701 892 δὲ
3751 838 3851 899 τὰς

2147 932 2355 1008 μακρὰν
2405 929 2654 1007 ἠπείρους
2709 931 2796 985 καὶ
2839 928 3030 997 νήσους
3063 928 3233 985 οἰκεῖν
3286 925 3849 1006 κατακρισομένσυς,

2147 1019 2382 1082 πολλαῖς
2426 1019 2683 1097 πρότερον
2715 1019 2800 1073 καὶ
2844 1016 3121 1097 χαλεπαῖς
3152 1029 3275 1078 ταῖς
3320 1017 3583 1095 βασάνοις
3625 1036 3848 1091 κατερ-

2148 1109 2465 1189 γασθέντας.
2500 1110 2575 1166 Τὰ
2605 1105 2661 1163 δὲ
2682 1108 2818 1163 κατὰ
2848 1107 2947 1174 τὴν
2973 1105 3117 1178 ὁδὸν,
3140 1105 3277 1172 ἄλλη
3308 1128 3388 1168 τις
3421 1104 3725 1185 τραγῳδία
3756 1106 3847 1159 καὶ

2150 1199 2386 1280 δακρύων
2428 1200 2694 1261 ὑπόθεσις.
2730 1190 2914 1273 Ὠμῶν
2967 1199 3068 1276 γὰρ
3117 1198 3373 1276 τυχόντες
3404 1195 3504 1252 καί
3556 1201 3845 1274 πονηρῶν

2152 1293 2255 1346 τῶν
2301 1289 2562 1369 ἀγόντων,
2597 1286 2846 1364 οὐδεμιᾶς
2901 1286 3133 1355 ἠξιοῦντο
3178 1288 3445 1363 προνοίας,
3480 1287 3520 1354 ἢ
3569 1285 3838 1364 φειὸοὖς,

2151 1381 2187 1450 ἢ
2225 1378 2556 1459 σπλάγχνων
2616 1384 2720 1434 τῶν
2776 1374 3012 1457 φυσικῶν
3069 1380 3158 1433 καὶ
3223 1379 3646 1456 χρηστότητος,
3716 1374 3843 1432 οὐδὲ

2150 1476 2222 1534 ὡς
2285 1470 2548 1548 ἀνθρώποι
2612 1468 2905 1545 ἀνθρώποις
2957 1466 3317 1530 πιστευθέντες
3364 1468 3531 1534 ἦσαν,
3567 1465 3714 1522 ἀλλ’
3760 1469 3839 1528 ὡς

2151 1560 2351 1638 θηρίοις
2396 1556 2624 1637 μᾶλλον,
2674 1556 2709 1626 ἢ
2767 1558 2968 1637 ἀγρίοις
3027 1555 3236 1632 δαίμοσι
3282 1557 3367 1613 καὶ
3426 1557 3839 1635 ἀνθρωποκτόο

2153 1672 2285 1715 νοις.
2337 1651 2433 1707 Καὶ
2463 1646 2550 1703 διὰ
2605 1654 2759 1704 τοῦτο
2818 1647 3018 1720 πικρῶς
3070 1645 3265 1723 ἤγοντο
3295 1650 3381 1703 καὶ
3441 1646 3838 1725 ἆσπλᾶχνως,

2154 1740 2204 1796 οἱ
2260 1741 2360 1813 μὲν
2429 1736 2569 1794 οὕτω
2624 1737 2741 1814 περί
2810 1736 2910 1802 τὴν
2981 1734 3282 1808 ὁδοιπορίαν
3343 1737 3836 1808 κατατεινόμενόι,

427 1819 1665 1896 senthominescommissihominibus,sed
1691 1828 1967 1903 tanquam
1994 1825 2070 1886 fe-

2180 1830 2202 1884 ιί
2247 1826 2301 1884 δὲ
2331 1839 2558 1905 γυμνοῖς
2616 1825 2712 1882 καῖ
2770 1824 3062 1903 ἂστρώτοις
3093 1839 3217 1887 ταῖς
3274 1827 3544 1900 ἡμιόνοις,
3577 1822 3662 1890 ὥς
3714 1846 3841 1880 τινα

428 1915 512 1977 ris
535 1914 734 1995 potius
755 1911 1247 1974 autdaamonibus
1265 1909 1631 1972 immanibus
1644 1918 1705 1972 et
1727 1912 2068 1989 homicidia,

432 2011 492 2066 et
514 2002 653 2064 ideo
669 1997 1046 2063 ducebantur
1060 1999 1278 2062 acerbe
1302 2008 1361 2060 et
1384 1999 2072 2064 immisericorditerzalii

433 2092 678 2175 quidem
703 2091 791 2152 sic
814 2089 1010 2152 vexati
1025 2089 1085 2150 in
1107 2089 1462 2160 itinere,alii
1476 2096 1674 2152 autem
1690 2090 1866 2152 nudis
1880 2102 1938 2153 et
1954 2111 2072 2154 non

430 2181 633 2245 stratis
693 2179 865 2241 mulis
898 2178 1163 2259 injectis,
1214 2197 1331 2240 non
1382 2196 1558 2241 secus
1587 2197 1762 2259 quam
1795 2183 1842 2242 si
1875 2194 2074 2243 essent

432 2288 621 2335 onera
641 2269 928 2333 inanima.
978 2267 1095 2331 Sed
1129 2268 1263 2348 quis
1287 2267 1585 2346 insignem
1621 2287 1828 2332 eorum
1859 2271 2077 2334 dixerit

431 2359 843 2422 insolentiam?
873 2356 1016 2430 Quis
1046 2358 1287 2439 probra,
1322 2357 2076 2435 ludiﬁcationem,subsan-

432 2447 1279 2528 nationem,irrisionem,quze
1302 2446 1495 2527 plagis
1520 2456 1578 2510 et
1603 2449 1797 2527 ﬂagris
1816 2452 2073 2512 animam

433 2536 1199 2617 tanguntvehementius,et
1217 2536 1579 2609 eﬂiciunt,ut
1599 2556 1758 2599 mors
1773 2540 1990 2602 acerba
2002 2545 2080 2603 sit

433 2628 624 2705 magis
645 2626 904 2707 optanda
926 2626 998 2687 iis
1015 2626 1113 2707 qui
1140 2625 1474 2707 patiuntur?
1501 2625 1574 2690 Ut
1604 2640 1804 2690 autem
1834 2630 2074 2692 illorum

433 2719 699 2781 dedecus
718 2715 1010 2780 haberent
1034 2734 1141 2795 pro
1164 2716 1419 2788 deliciis,
1462 2735 1578 2779 non
1605 2716 1665 2778 in
1690 2717 1902 2781 domos
1936 2740 2075 2783 ora-

434 2809 817 2881 tionum,non
840 2806 900 2867 in
924 2804 1125 2886 aliqua
1146 2806 1259 2867 alia
1284 2806 1623 2867 habitacula
1644 2807 1706 2869 in
1735 2808 2078 2873 diversoriis

435 2916 540 2961 eos
572 2894 1056 2959 introducebant:
1093 2894 1198 2957 sed
1232 2900 1292 2956 in
1328 2895 1659 2958 fornicibus
1688 2905 1747 2958 et
1770 2901 2075 2978 prostibu-

2156 1923 2263 1974 τῶν
2323 1917 2553 1997 ἀψύχων
2617 1915 2845 1995 φορτίων
2909 1912 3398 1993 ἐπιῤῥιπτούμενοι,
3473 1911 3655 1971 Ἀλλὰ
3734 1920 3839 1980 τὴν

2154 2004 2457 2083 ὑπερϐολὴν
2525 2013 2623 2070 τῆς
2694 2005 3012 2083 ὑπεροψίας,
3091 2002 3229 2060 ἀλλὰ
3292 2004 3358 2059 τὰ
3434 2001 3643 2076 ὀνείδη,
3738 2005 3839 2069 τὴν

2156 2095 2386 2176 χλεύην,
2422 2098 2513 2153 τὸν
2556 2096 2719 2174 βαρὺν
2762 2093 3027 2170 μυκτῆρα,
3061 2093 3186 2155 τοὺς
3218 2092 3479 2169 γέλωτας.
3518 2092 3555 2148 ἃ
3584 2093 3835 2169 πληγῶν

2157 2211 2251 2244 και
2299 2185 2574 2264 μαστίγων
2628 2183 2816 2257 πολλῷ
2858 2182 3169 2260 δριμύτερον
3224 2182 3482 2241 ἅπτονται
3544 2188 3649 2249 τῆς
3716 2188 3834 2258 ψυ-

2160 2285 2293 2357 χῆς,
2356 2277 2443 2332 καὶ
2497 2277 2586 2331 τὸν
2646 2275 2836 2353 πικρὸν
2891 2275 3115 2330 θάνατον
3171 2274 3355 2329 εὐκτὸν
3412 2280 3627 2329 ποιοῦσι
3706 2288 3831 2334 τοῖς

2160 2368 2514 2446 πάσχουσινς
2578 2364 2696 2422 ’Ἵνα
2724 2362 2780 2419 δὲ
2827 2365 2914 2419 καὶ
2957 2363 3159 2441 τρυφὴν
3218 2361 3351 2418 ἰδίαν
3401 2364 3669 2419 ποιῶνται
3728 2365 3830 2429 τὴν

2160 2458 2375 2514 ἐκείνων
2441 2455 2727 2534 αἰσχύνην,
2794 2454 2890 2509 οὒκ
2961 2453 3033 2515 εἰς
3096 2451 3279 2516 οἷ’κοεις
3330 2459 3651 2532 προσευχῶν
3730 2458 3830 2511 οἱα.

2161 2548 2235 2608 εἰς
2275 2545 2455 2623 ἓτερόν
2510 2549 2698 2601 τιτῶν
2759 2543 3070 2618 οἰκημάτων
3103 2543 3317 2619 εἰσήγον
3361 2541 3549 2605 αὖτοὺς
3581 2542 3639 2596 ὲν
3693 2556 3824 2602 ταῖς

2160 2634 2532 2701 καταλύσεσιν,
2587 2632 2726 2688 ἀλλὰ
2770 2633 3187 2720 χαμαιτυπείοις
3241 2633 3289 2688 οἱ
3346 2630 3585 2709 βδελυροί
3624 2654 3686 2689 τε
3737 2633 3826 2688 καὶ

2162 2727 2424 2802 ἐμπαθεῖς
2483 2721 2772 2785 ἐνέκλειον,
2842 2731 2883 2779 Α
2931 2723 3103 2778 πάντα
3148 2722 3313 2796 μικρὰ
3363 2720 3567 2796 μᾶλλον
3622 2721 3820 2796 ἐνόμι-

2163 2824 2253 2887 ζον
2308 2817 2354 2871 οἱ
2386 2810 2652 2892 γεννάδαι,
2692 2814 2777 2867 καὶ
2837 2818 2930 2867 τοὺ
2957 2812 3217 2890 τυχόντος
3253 2812 3582 2887 ὑπενεγκεῖν,
3618 2809 3649 2876 ἥ
3710 2811 3820 2877 τῆς

2167 2905 2416 2963 ἰωάννου
2461 2901 2669 2977 μερίδος
2737 2903 2827 2957 καὶ
2885 2901 3160 2962 κοινωνίας
3221 2899 3320 2965 ἔξω
3362 2911 3573 2960 πεσεῖν.
3640 2899 3815 2957 ’Ὅσοι

435 2988 508 3049 lis
532 3004 635 3049 eos
657 2984 1010 3048 exsecrandi
1033 2993 1091 3046 et
1111 2984 1386 3046 scelerati
1409 2985 1797 3048 includebant
1829 2988 1962 3051 Haec
1982 3010 2077 3052 au-

2180 2995 2220 3051 Ξὲ
2280 2995 2376 3056 τὰς
2421 2998 2527 3049 τῶν
2575 2990 2815 3047 διωκτῶν
2860 3005 3056 3071 χεῖρας
3117 2987 3395 3069 διαφυγεῖν
3450 2990 3817 3068 ἠδυνήθησαν,

436 3086 555 3140 tem
589 3074 998 3155 omnia.parva
1028 3073 1333 3136 ducebant
1375 3075 1485 3135 viri
1520 3076 1764 3155 egregii,
1799 3087 1857 3140 et
1887 3080 2077 3141 male-

2180 3087 2254 3142 ιαὶ
2316 3085 2461 3141 οὗτοι
2491 3080 2640 3138 οὐδὲν
2699 3081 2860 3150 ἧττον
2905 3080 3051 3137 αὐτοὶ
3096 3080 3299 3137 ἑαυτῶν
3331 3079 3593 3138 κολασταὶ
3652 3081 3821 3158 γιγό-

438 3167 583 3228 bant
604 3140 900 3245 quidlibet
931 3162 1127 3244 potius
1160 3162 1303 3243 pati,
1328 3164 1503 3245 quam
1533 3140 1606 3225 ab
1636 3140 1887 3227 Joannis
1918 3178 2077 3251 parte

2180 3196 2311 3249 μασι,
2345 3172 2444 3240 τήν
2501 3170 2725 3248 ἐρημίαν
2756 3171 2843 3227 καὶ
2887 3169 2978 3236 τὰς
3008 3169 3243 3243 ἀοίκους,
3278 3170 3365 3227 καὶ
3420 3191 3567 3235 τινας
3595 3140 3819 3231 asiam;

438 3264 496 3319 et
525 3251 952 3317 communione
983 3252 1119 3330 (hoc
1150 3253 1309 3314 enim
1345 3259 1472 3314 erat
1514 3252 1602 3314 eis
1632 3254 2077 3340 gravissimum)

2180 3263 2429 3343 ἐσχατιὰς
2502 3262 2707 3318 ἑαυτῶν
2791 3260 3300 3339 καταψηφισάμενοι
3331 3306 3348 3339 ,
3421 3260 3556 3335 μετᾶ
3627 3263 3819 3336 θηρίων

438 3347 1084 3417 excidereouicunque
1108 3360 1244 3403 vero
1266 3355 1579 3418 potuerunt
1603 3345 1855 3420 effugere
1880 3365 2077 3410 manus

2180 3354 2339 3412 >ἰκεῖν
2389 3348 2595 3427 μᾶλλον
2750 3349 3050 3428 ἀνθρώποις
3094 3353 3257 3426 συζῇν
3313 3347 3607 3425 ἑλόμηνοι,
3641 3348 3820 3422 πολλῷ

439 3441 918 3517 persecuturum,
955 3431 1069 3512 ipsi
1101 3448 1341 3512 quoque
1397 3430 1588 3493 nihilo
1621 3433 1813 3496 serius
1843 3435 2077 3503 fuerunt

2180 3443 2273 3500 τῶν
2303 3442 2499 3506 θηρίων
2531 3438 2894 3518 ἀγριωτέρως.

437 3529 552 3592 sibi
606 3527 1065 3618 ipsistortores,
1098 3536 1161 3586 ut
1199 3525 1301 3618 qui
1328 3542 1409 3618 se
1439 3524 1788 3618 solutudrine
1821 3549 1888 3592 ex
1930 3538 2173 3600 etremis
2203 3534 2565 3618 quibusdam
2600 3532 2820 3594 ﬁnibus
2865 3532 3352 3606 condemnarint,
3388 3538 3451 3593 ut
3478 3533 3584 3613 qui
3638 3533 3815 3614 magis

439 3617 732 3698 elegerint
762 3614 1030 3678 habitare
1064 3633 1197 3675 cum
1231 3613 1397 3691 feris,
1433 3632 1609 3695 quam
1636 3617 1837 3681 vivere
1867 3640 2001 3686 cum
2037 3613 2401 3700 hominibus,
2428 3623 2573 3685 feris
2605 3623 2784 3703 longe
2810 3621 3264 3702 agrestioribus.

518 3711 664 3774 LIV.
698 3708 827 3772 Non
861 3707 1032 3770 multi
1080 3707 1213 3771 dies
1274 3708 1713 3788 praeterierunt,
1769 3723 1826 3776 et
1858 3716 2089 3782 Arsacii

439 3801 716 3881 ﬁdeiMS)
733 3796 1258 3878 committitur,qui
1282 3797 1591 3859 ordinatur
1612 3800 2088 3883 (49)patriarcha

440 3886 1151 3970 Constantinopolitanus:
1177 3886 1322 3966 proh
1343 3887 1535 3948 dolor!
1560 3888 1698 3966 quis
1722 3901 1853 3970 post
1875 3898 2089 3975 quem?

440 3983 686 4057 Qualem
713 3979 899 4040 virum
926 3976 1118 4058 qualis
1138 3985 1490 4038 annosuset
1511 3978 1592 4038 ita
1613 3977 2088 4058 dicam,truncus

443 4071 686 4152 excipit,
715 4067 1003 4130 facilitate
1051 4084 1258 4129 eorum
1293 4067 1391 4147 qui
1425 4084 1627 4129 rerum
1662 4071 2090 4151 potiebantur?

442 4161 549 4223 Vir
578 4160 680 4240 qui
705 4157 934 4220 vixerat
965 4156 1097 4236 plus
1128 4174 1305 4236 quam
1341 4155 1642 4236 octoginta
1673 4165 2089 4245 annos,loculo

2252 3719 2392 3780 ΝΜ.
2451 3723 2525 3778 Ού
2579 3716 2776 3775 πολλαὶ
2833 3716 3070 3791 διῆλθον,
3116 3716 3337 3797 ἡμέραι,
3370 3718 3459 3773 καί
3518 3719 3814 3775 πιστεύεται

2172 3813 2269 3879 τὴν
2316 3807 2644 3875 Ἐκκλησίαν
2673 3806 2980 3886 Ἀρσάκιος,
3013 3807 3102 3863 καὶ
3156 3808 3494 3887 πατριάρχης
3521 3811 3623 3874 τῆς
3667 3817 3814 3866 Κων-

2172 3901 2444 3956 στοντίνου
2502 3909 2921 3978 χειροτονεῖται,
2964 3902 3071 3955 Φεῦ
3106 3901 3118 3956 l
3167 3897 3303 3970 μετὰ
3346 3903 3460 3952 τίνα
3518 3897 3598 3961 τίς
3633 3896 3648 3955 ε
3694 3899 3810 3953 οἷον

2173 3987 2354 4066 ἄνδρα,
2418 3990 2559 4063 οἷον,
2590 3988 2799 4066 φάναι,
2862 3983 3178 4065 γεράνδρυον
3248 3984 3387 4043 κατά
3456 3986 3662 4054 πολλὴν
3713 3994 3816 4043 τῶν

2171 4080 2503 4158 κρατούντων
2562 4077 2865 4158 τυφλότητα
2918 4074 3272 4156 διαδέχεταιί
3331 4076 3645 4152 ’Ἄνθρωπος
3691 4078 3816 4154 ὑπὲρ

2173 4171 2239 4226 τὰ
2296 4166 2623 4247 ἂγδοήκοντα
2680 4164 2951 4243 βεϐιωκὼς
3012 4165 3130 4237 ἔτη,
3178 4171 3318 4238 σορῷ
3374 4163 3579 4240 μᾶλλον
3630 4166 3816 4236 ἐπιτή-

444 4252 633 4328 magis
652 4254 823 4327 aptus
845 4264 1021 4328 quam
1049 4246 1287 4336 throno:
1314 4245 1540 4308 delirus
1567 4256 1626 4309 et
1646 4261 1857 4315 emotze
1878 4256 2077 4318 menti:

2180 4245 2406 4336 δειος,ἥ
2461 4255 2953 4333 θρὸνιρ,ὕπόληρός
3000 4277 3081 4319 τις
3138 4256 3225 4311 καὶ
3284 4256 3346 4311 τὸ
3402 4268 3589 4333 φρονεῖ
3645 4253 3817 4312 διασε-

444 4340 502 4400 in
530 4336 787 4399 dicendo
817 4336 1063 4427 quidem
1103 4335 1676 4427 minimel’acundus
1710 4358 1726 4402 :
1759 4342 1831 4404 ad
1865 4343 2077 4427 aliquid

2180 4335 2478 4426 σεισμένοτ,
2542 4348 2714 4403 εἰπεῖν
2775 4345 2874 4420 μὲν
2929 4344 3320 4419 ἀμουσότασος,
3358 4341 3605 4408 ἐννοῆσαι
3663 4342 3717 4400 δέ
3764 4368 3817 4402 τι

444 4424 835 4509 autem,quod
861 4424 1623 4505 oporteat,excogitandum
1656 4424 2069 4512 ineptissimus

2180 4445 2285 4495 τῶν
2355 4424 2581 4493 δέοντων
2639 4434 3018 4507 ἠλιθιώτατος,
3081 4432 3270 4512 πρᾶξαι
3327 4432 3382 4489 δὲ
3438 4432 3813 4512 ῥᾳθυμότατος,

445 4519 516 4582 ad
535 4519 836 4595 agendum
861 4532 1002 4577 vero
1026 4515 1768 4593 ignavissimusjnanimis
1791 4540 1911 4584 non
1937 4525 2091 4586 mul—

447 4619 570 4671 tum
596 4604 1092 4677 dissimilis,lecto
1114 4603 1337 4685 dignus
1361 4606 1672 4684 etangulo.
1709 4609 1818 4682 Qui
1858 4631 1990 4674 cum
2026 4633 2094 4676 ex

444 4717 511 4761 se
534 4704 693 4760 esset
711 4693 1194 4784 inutilis,deinde
1209 4694 1389 4784 etiam
1411 4713 1481 4756 ex
1504 4694 1617 4757 alia
1646 4707 1809 4778 parte
1831 4704 2097 4784 accepiso

444 4796 537 4851 set
551 4785 950 4849 adversariam
976 4782 1181 4865 populi
1204 4782 1265 4844 in
1279 4782 1572 4846 Joannem
1590 4782 2089 4869 benevolentiam,

446 4885 577 4942 erat
594 4876 768 4957 plane
789 4873 1067 4936 omnibus
1084 4872 1307 4935 invisus
1326 4883 1383 4937 et
1397 4879 1958 4956 contemptus.Cum
1986 4884 2094 4944 ita.

447 4986 564 5052 que
589 4962 1043 5049 quatuordecim
1100 4980 1340 5025 menses
1398 4963 1646 5029 vixisset
1676 4967 1736 5031 in
1768 4971 1933 5045 sede,
1972 4990 2095 5053 pra;

445 5061 577 5143 ipsa
598 5055 840 5139 quidem
867 5062 1094 5116 naturae
1111 5053 1483 5118 hebetudine
1505 5059 1854 5142 ignavisque
1875 5070 1933 5124 et
1954 5082 2095 5143 qua-

446 5150 496 5213 si
531 5156 799 5227 torpore,
824 5163 945 5206 non
978 5143 1200 5220 minus,
1234 5162 1412 5225 quam
1446 5145 1498 5207 si
1527 5150 1825 5213 naturalis
1874 5151 2008 5213 linis
2038 5151 2097 5215 ei

449 5239 772 5312 evenisset,
805 5240 1220 5311 praemortuus,
1253 5251 1450 5312 neque
1481 5236 1694 5310 ullum,
1730 5247 1796 5301 ut
1823 5240 1902 5303 ita
1932 5240 2095 5304 dixe-

448 5331 590 5405 rim,
620 5326 736 5387 vivi
766 5342 918 5406 opus
946 5322 1191 5387 interim
1224 5322 1548 5403 eiecisset,
1584 5329 1864 5393 excessit.

531 5488 598 5541 ιϐ
622 5484 869 5550 Zachar.
901 5498 1033 5560 xm,
1070 5484 1127 5547 Ἰ.

525 5650 642 5724 (t7)
668 5645 825 5724 fide,
868 5645 1078 5724 Baron.
1127 5645 1197 5702 ad
1229 5659 1363 5724 ann.
1399 5646 1520 5707 ιοιι.

525 5716 638 5797 (48)
667 5718 907 5779 Videtur
949 5716 1168 5786 deesse,
1202 5716 1373 5778 sedes.

2178 4528 2354 4608 βραχὺ
2414 4529 2524 4608 τῶν
2596 4525 2826 4604 ἀψύχων
2893 4523 3184 4604 ἂπεοικώς,
3237 4521 3426 4590 κλίνης
3475 4526 3565 4580 καὶ
3629 4527 3815 4601 γωνίας

2180 4600 2347 4684 ἕξιόξ.
2414 4600 2510 4680 "Oc
2567 4600 2894 4694 ἕαχυιίιινηπαρν
2965 4600 3180 4673 ἑαυτοῦ⁷
3227 4614 3286 4669 τὸ
3358 4600 3653 4688 ἀδόκιμον,
3695 4614 3815 4671 εἶτα

2180 4704 2497 4786 προσλαϐὼν
2557 4706 2734 4762 καὶτὸ
2791 4705 2924 4782 πρὸς
2983 4702 3238 4771 Ἰωάννην
3287 4710 3380 4760 τοῦ
3421 4701 3551 4759 λαοῦ
3608 4703 3816 4783 φίλτρον

2181 4797 2434 4877 ἑτέρωθεν
2506 4797 2648 4869 αύτῷ
2731 4793 3178 4873 προσιστάμενον,
3250 4793 3581 4873 ἂπόστοργος
3662 4799 3815 4851 πᾶσιν

2175 4887 2266 4962 ἦν,
2299 4887 2387 4943 καὶ
2443 4882 2764 4962 ἇπὸρῤητος.
2800 4883 3071 4959 Τέσσαρας
3124 4883 3211 4939 οὖν
3242 4884 3375 4962 πρὸς
3430 4894 3548 4941 τοῖς
3578 4880 3698 4939 δέκα
3740 4890 3814 4957 τῷ

2174 4977 2342 5056 θρόνῳ
2386 4979 2559 5046 μῆνας
2604 4969 2862 5052 ἐπιϐιοὺς,
2899 4973 2986 5028 καὶ
3016 4994 3093 5047 τῳ
3137 4979 3325 5049 μακρῷ
3355 4972 3536 5052 χρόνῳ
3589 4971 3817 5053 νωχελεῐ

2176 5087 2233 5122 τε
2279 5066 2366 5120 καὶ
2421 5060 2677 5142 ἐπικώφῳ
2731 5063 2832 5129 τῆς
2880 5062 3087 5140 φύσεως
3139 5062 3226 5117 καὶ
3269 5074 3386 5118 οῖον
3443 5062 3817 5140 κατεψυγμένη)

2179 5152 2346 5230 μηδὲν
2428 5154 2594 5219 ἦττον
2677 5158 2772 5208 τού
2854 5156 3074 5231 φυσικοῦ
3157 5148 3342 5214 τέλους
3426 5151 3811 5232 προτεθνηκὼς,

2177 5241 2274 5302 καί
2347 5240 2521 5322 ἔργον,
2568 5242 2641 5306 ὡς
2702 5242 2765 5296 ἃν
2821 5239 2969 5298 εέποι
3024 5261 3130 5316 τις,
3167 5242 3367 5312 ζῶντος
3405 5236 3515 5295 οὐδ’
3544 5242 3713 5298 ὁτιοῦν
3763 5240 3814 5298 ἐν

2181 5337 2259 5409 τῷ
2300 5330 2454 5410 μέσῳ
2483 5329 2927 5411 διαπραξάμενος,
2961 5329 3136 5388 ἀπιὼν
3166 5328 3371 5410 ᾤχετο.

2258 5654 2372 5729 (ιβ)
2407 5652 2826 5729 _Vt’de_Nicepb.
2850 5651 2922 5729 Al‘.
2955 5663 3079 5729 ιρι,
3110 5665 3159 5708 c.
3192 5650 3406 5729 28,_36.
3458 5650 3620 5729 Sper.
3660 5651 3693 5714 Ι.
3733 5662 3814 5729 γι,

2178 5740 2234 5789 c.
2270 5722 2361 5796 '17.
2398 5727 2528 5787 Soz.
2559 5723 2602 5786 l.
2633 5722 2816 5800 vu,'c.
2844 5722 2916 5784 23
2948 5743 2963 5797 ;
2996 5725 3209 5786 Barou.
3240 5722 3316 5787 ad
3343 5734 3442 5788 an.
3473 5722 3598 5784 ιω.
