4060 6200
277 332 430 398 1197
1321 337 1506 406 VITA
1553 342 1614 406 S.
1681 335 1944 409 JOANN]

2045 335 2548 410 CHRYSOSTOM
2558 339 2607 409 Ι.
3502 336 3655 412 1198

355 468 516 558 NE'._
544 469 690 526 Μετά
739 468 793 526 δὲ
822 476 1024 558 ,τοῦτον
1067 471 1198 549 ἀνὴρ
1247 474 1306 528 εκ
1372 472 1732 554 πρεσϐυτερων
1785 479 1944 536 ἀνα-λ

2088 479 2358 544 LV.Post
2383 499 2517 543 eum
2540 490 2740 542 autem
2770 478 3054 558 (58),viro
3079 479 3314 541 cuidam
3347 478 3564 542 educto
3587 499 3658 542 ex

272 560 442 640 χθεὶς,
505 556 749 625 Ἀττικὸς
794 557 984 636 ὄνομα,
1033 561 1153 625 τοὺς
1199 561 1296 630 τῆς
1347 562 1670 632 Ἐκκλησίας
1730 566 1922 631 οἴακας

2031 569 2396 650 iresbyteris,
2426 569 2669 632 nomine
2687 556 2912 643 Attico,
2935 567 3186 630 traditur
3214 569 3415 631 clavus
3447 568 3654 632 Eccle-

271 649 654 738 ἔγχειρίζεται,
705 649 822 706 καθ’
884 651 942 706 ὃν
1007 650 1205 731 χρόνον
1276 649 1453 716 ἀδείας
1514 656 1560 711 οἱ
1617 658 1671 712 ἓν
1716 654 1926 738 Ἐφέσῳ

2031 657 2124 716 iis.
2159 649 2284 728 Quo
2306 649 2540 731 quidem
2563 669 2822 732 tempore
2839 659 3134 730 Ephesini,
3158 672 3289 716 cum
3309 658 3472 717 nullo
3495 675 3663 718 coer-

275 737 591 820 λαϐόμενοι,
654 741 828 797 πάντα
889 754 1063 798 κινεῖν
1118 743 1206 798 καὶ
1262 740 1620 818 μεταϐάλλειν
1677 737 1811 804 κατά
1867 749 1929 804 τὸ

2031 747 2176 798 :ente
2201 748 2356 798 metu
2384 739 2681 798 licentiam
2711 739 3316 812 arripuissent,omnia
3343 755 3576 799 movere
3603 750 3659 798 et

278 841 494 906 ξαυτοτς
551 827 738 886 δοκοῦν
796 828 1076 911 ἔσπευδον,
1133 831 1257 895 τοὺς
1300 830 1480 897 καλῶς
1538 833 1660 910 μὲν,
1720 838 1807 893 καὶ
1857 838 1930 900 ὡς

2031 839 2426 898 transmntere,
2448 832 2598 889 sicut
2619 830 2702 889 eis
2726 831 3047 896 videbatur.
3079 829 3510 888 studebantzeos
3531 832 3657 904 qui.

279 925 395 994 Θεῷ
455 917 632 997 φίλον,
680 925 788 976 τῶν
831 921 1031 1000 θρόνων
1090 919 1516 998 ἑπειλημμένους
1564 924 1932 1002 ἐξωθούμενοι,

2031 921 2170 987 lem,
2201 921 2300 993 qui
2323 929 2478 980 recte
2506 929 2564 980 et
2584 929 2648 979 ut
2677 920 2793 979 Deo
2824 921 3106 992 placebat,
3141 920 3200 977 in
3232 919 3469 978 sedibus
3497 929 3663 978 erant

277 1009 499 1088 μιαροὺς
585 1007 640 1065 δέ
712 1032 858 1074 τινας
945 1013 1033 1067 καὶ
1099 1009 1362 1088 βεϐήλους
1436 1012 1522 1070 ἐπὶ
1593 1023 1935 1097 καταστροφῇ

2031 1010 2309 1079 collocati,
2331 1011 2691 1082 expellentes
2719 1031 2732 1065 :
2755 1010 3035 1084 quosdam
3057 1019 3247 1068 autem
3270 1010 3580 1067 sceleratos
3609 1019 3665 1068 et

275 1099 471 1178 ψυχῶν
528 1097 944 1179 καταλέγοντες,
1009 1098 1258 1177 οὐδεμιᾶς
1309 1101 1550 1180 ἐρεύνης,
1613 1105 1647 1174 ἢ
1705 1106 1935 1184 βασάνου

2031 1099 2295 1181 profanos
2309 1100 2382 1162 ad
2402 1100 2736 1164 animarum
2759 1099 3006 1163 exitium
3022 1099 3551 1175 collocantes,cum
3569 1120 3666 1163 or-

276 1187 376 1257 τῆν
445 1190 783 1269 χειροτονίαν
854 1187 1366 1268 προλαμϐανούσης⁶
1433 1193 1556 1251 ἀλλ’
1606 1197 1796 1272 οὓτως,
1854 1199 1929 1261 ὡς

2031 1190 2384 1253 iinationem
2436 1191 2602 1254 nulla
2655 1189 3050 1272 perscrutatio
3101 1190 3516 1270 praecessisset
3567 1198 3666 1252 aut

276 1277 484 1334 εἰκαῖον
539 1284 763 1356 πρᾶγμα
819 1280 910 1336 καὶ
953 1280 1012 1336 τὸ
1072 1281 1265 1360 τυχὸν,
1323 1292 1415 1341 τοῦ
1469 1283 1846 1365 βουληθέντος,
1892 1285 1928 1354 ἢ

2031 1281 2507 1346 ικεωίηειὶοεεθά
2535 1281 2785 1363 perinde
2802 1298 2871 1344 ac
2893 1281 2943 1342 si
2971 1287 3126 1342 esset
3154 1297 3252 1342 res
3278 1279 3426 1342 levis
3441 1289 3500 1343 et
3524 1280 3665 1344 faci-

273 1363 595 1442 δεδωκότος,
645 1368 753 1424 τῶν
805 1368 1029 1448 θρόνων,
1090 1369 1235 1448 φεῦῖ
1310 1372 1624 1450 γινομένων·
1688 1373 1776 1432 ὅτε
1832 1363 1929 1432 καί

2031 1371 2274 1454 :ilis,qui
2297 1371 2567 1435 voluerat
2587 1379 2688 1435 aut
2710 1371 2912 1454 potius
2931 1370 3033 1452 qui
3054 1368 3326 1445 dederat,
3361 1370 3432 1432 ad
3456 1369 3662 1433 sedem

275 1456 323 1545 οξ
384 1453 612 1545 Δδικαίως
655 1457 758 1514 ὑπὸ
828 1456 924 1526 τῆς
984 1460 1249 1538 μακαρίας
1327 1460 1536 1530 ἐκείνης
1582 1467 1771 1545 ψυχῆς
1843 1468 1928 1523 καὶ

2031 1453 2556 1541 iervehiebatQuo
2586 1469 2860 1543 tempore
2878 1459 2982 1542 qui
3003 1457 3076 1520 ab
3100 1458 3200 1522 illa
3229 1478 3470 1542 quoque
3489 1459 3666 1524 beata

275 1543 526 1623 γλιῑύττης
569 1547 676 1603 τῶν
731 1545 1072 1615 Ἐκκλησιῶν
1118 1547 1490 1627 ἐκϐληθέντες,
1551 1543 1930 1634 προσελθόντες

2031 1552 2209 1614 mima
2226 1552 2391 1632 juste
2421 1552 2599 1633 ejecti
2621 1551 2860 1614 fuerant
2888 1547 2962 1611 ab
2991 1548 3289 1627 ecclesiis,
3315 1567 3524 1612 rursus
3546 1569 3666 1613 non

275 1649 396 1700 τοῖς
461 1650 924 1723 καταφρονηταϊςΔ
961 1639 1169 1703 τούτοις
1243 1643 1543 1720 χρημάτων
1616 1645 1776 1712 αὒτάς
1846 1645 1932 1711 ἐξ·

2031 1639 2342 1704 iimciliter
2353 1640 2598 1704 fuerunt
2621 1638 3079 1703 introductizsed
3099 1638 3210 1700 hos
3221 1646 3669 1723 contemptores

275 1731 530 1783 ωνοῦντο⁶
589 1723 711 1804 οἵγε
764 1728 851 1783 καὶ
910 1717 1297 1807 Ἡρακλείδην-⁷
1317 1733 1410 1788 τὸν
1459 1732 1544 1789 ὕπ’
1598 1733 1799 1791 ἑκείνου
1847 1742 1936 1798 καὶ

2031 1744 2148 1806 apte
2169 1735 2695 1807 aggredientes,ees
2716 1743 2984 1791 emerunt
3005 1732 3412 1804 pecuniis.Qul
3429 1717 3665 1806 quidem

276 1810 646 1891 ἐϐδομήκοντα
731 1816 1044 1875 ἐπισκόπων
1127 1817 1283 1884 ἀξίως
1366 1823 1460 1878 τὸν
1525 1827 1624 1890 τῆς
1706 1823 1934 1904 Ἐφέσου

2031 1817 2396 1883 Heraclidem
2413 1837 2673 1900 quoque,
2701 1824 2797 1881 cui
2819 1817 2894 1880 ab
2918 1816 3022 1880 illo
3040 1824 3100 1879 et
3120 1823 3489 1900 septuaginta
3510 1818 3668 1882 scili-

278 1903 626 1962 πιστευθέντα
683 1907 889 1980 θρόνον,
963 1908 1230 1987 τεττάρων
1301 1909 1436 1966 ἑτῶν
1500 1903 1926 1993 ἐγκλεισάμενοι,

2031 1916 2109 1966 set
2126 1908 2620 1980 episcopis,digne
2639 1908 2989 1966 commissus
3009 1906 3193 1964 luerat
3215 1907 3465 1966 thronus
3476 1908 3600 1979 Eph
3611 1921 3672 1964 e-

273 2003 364 2048 και
419 1994 520 2062 τῆς
577 1993 902 2062 Ἐκκλησίας
974 1995 1293 2079 ἐξώσαντες,
1350 2006 1442 2056 τὸν
1499 2003 1592 2057 τοῦ
1659 1999 1930 2080 τριϐούνου

2031 1998 2226 2066 ιί,ειιω
2251 1997 2777 2056 inclusissentetab
2801 1996 3042 2054 ecclesia
3061 1996 3668 2069 expulissent,trlbuni

277 2083 530 2162 Βίκτορος
594 2086 849 2166 εὖνοῦχον
907 2093 984 2160 τῷ
1041 2089 1208 2166 θρόνῳ
1283 2092 1376 2146 τοῦ
1433 2090 1690 2170 παρθένου
1748 2093 1928 2156 κακῶς

2031 2088 2258 2147 Victoris
2283 2090 2618 2146 eunuchum
2644 2089 2702 2144 in
2731 2087 2866 2144 sede
2893 2087 3162 2160 virginis,
3202 2087 3352 2145 male
3375 2091 3431 2157 (ο
3447 2088 3668 2160 justitia

279 2171 349 2252 (ὢ
378 2171 525 2248 δίκη,
557 2177 646 2232 καὶ
675 2175 856 2258 ἀνοχὴ
886 2176 1019 2234 Θεοῦ
1045 2177 1095 2256 1)
1136 2179 1318 2244 κακῶς
1347 2181 1438 2237 καὶ
1480 2179 1701 2248 ἀναξίως
1733 2181 1928 2260 ἐγκαθ-

2031 2188 2066 2236 li
2091 2178 2191 2235 Dei
2215 2178 2530 2248 patientia!)
2556 2175 2706 2234 male
2725 2184 2780 2235 et
2801 2175 3041 2247 indigne
3071 2175 3527 2242 collocant,cum
3552 2191 3672 2236 non

279 2268 522 2338 ιστῶσιν,
558 2266 664 2346 οὐχ
723 2266 1110 2347 ἡμιμόχθηρον
1141 2267 1290 2330 ὄντα.
1326 2269 1434 2328 οὐδ’
1478 2271 1712 2338 ἀνεκτῶς
1741 2271 1934 2350 βδελυο

281 2353 398 2432 ρὸν,
434 2353 573 2410 ἀλλά
632 2362 916 2436 προφανῶς
965 2356 1197 2415 κίναιδον
1240 2359 1328 2416 καὶ
1383 2361 1773 2420 κατάπνυστον.
1824 2363 1932 2429 Τὴν

284 2440 340 2496 δὲ
387 2445 678 2523 Πορφυρίου
738 2444 967 2523 τόλμαν,
1015 2447 1102 2506 καὶ
1161 2448 1257 2517 τὴν
1303 2448 1510 2519 πολλὴν
1578 2451 1786 2519 ἐκείνην
1843 2459 1936 2509 τοῦ

285 2532 604 2609 πράγματος
663 2537 959 2609 ἰταμότητα
1019 2538 1099 2600 τίς
1173 2536 1234 2594 ἂν
1299 2539 1434 2595 ἑκών
1498 2561 1560 2619 γε
1641 2541 1936 2621 ἀνάσχοιτο

285 2628 493 2694 σιωπᾷν
528 2642 544 2702 ς
579 2626 800 2700 Γεραιὸς
843 2626 941 2701 μὲν
971 2626 1149 2702 οὗτος,
1182 2631 1280 2685 καὶ
1323 2630 1422 2697 τὴν
1450 2633 1757 2710 μοχθηρίαν
1803 2633 1933 2699 ἡλι-

285 2713 473 2768 κιῶτιν
513 2711 742 2792 ἀκριϐῶς
777 2713 946 2795 ἒχων,
995 2715 1144 2773 οὐδὲν
1175 2715 1229 2773 δὲ
1288 2721 1392 2774 ὑπὸ
1419 2727 1512 2777 τοῦ
1543 2727 1748 2798 μακροῦ
1791 2720 1933 2801 χρό-

285 2823 378 2857 νου
423 2803 555 2881 πρὸς
607 2804 706 2871 τὴν
749 2803 1038 2863 ἀκολασίαν
1083 2807 1402 2888 ὠφεληθεὶς,
1435 2808 1573 2866 ἀλλά
1619 2809 1933 2890 φιλονεική-

282 2914 381 2958 σας
414 2896 500 2951 καὶ
558 2896 760 2974 φύσεως
793 2898 1034 2977 ὠφθῆναι
1081 2901 1332 2976 κρείττων
1366 2904 1420 2957 ἓν
1466 2915 1585 2968 τοῖς
1617 2902 1936 2983 αἰσχίστοις·

285 2982 435 3041 Ἐπεὶ
467 2984 556 3041 οὖν
583 2987 675 3042 τὸν
707 2987 875 3066 μέγαν
919 2985 1023 3055 ἤδη
1058 2987 1363 3046 Φλαϐιανὸν
1399 2993 1426 3046 ὁ
1473 2997 1579 3048 τῶν
1608 2991 1663 3048 ἐν
1693 2982 1938 3070 οὖρανοῒς

2019 2277 2178 2333 esset
2226 2267 2578 2330 semimalus
2612 2283 2724 2328 nec
2757 2264 3150 2328 tolerabiliter
3195 2265 3532 2344 improbus,
3566 2267 3672 2330 sed

2017 2365 2221 2441 aperte
2243 2357 2508 2420 cinaedus
2535 2364 2593 2418 et
2614 2355 3040 2418 exsecrandus.
3066 2353 3380 2436 Porphyrii
3408 2356 3535 2437 (54)
3559 2374 3670 2418 au-

2020 2457 2137 2511 tem
2167 2447 2472 2509 audaciam
2492 2445 2865 2524 etinsignem
2895 2445 3058 2508 illam
3089 2447 3178 2507 rei
3209 2445 3666 2526 impudentiam.

2018 2539 2156 2621 quis
2173 2538 2368 2600 libens
2386 2535 2627 2598 silentio
2651 2533 3034 2617 praeterierit?
3063 2533 3119 2596 Is
3139 2553 3346 2617 senex,
3383 2544 3440 2597 et
3471 2537 3529 2597 in
3561 2535 3674 2598 im-

2019 2627 2414 2711 probitate,ut
2435 2626 2537 2708 qui
2561 2625 2620 2687 in
2643 2643 2714 2687 ea
2736 2623 2982 2686 ineunte
3009 2631 3184 2688 astate
3200 2633 3359 2687 esset
3390 2625 3668 2704 eductus,

2018 2727 2297 2782 accurate
2321 2726 2610 2780 versatus:
2637 2725 2854 2798 praeter
2875 2714 3162 2797 temporis
3184 2722 3382 2777 autem
3408 2715 3669 2794 longitu-

2019 2809 2220 2871 dinem
2251 2807 2398 2870 nihil
2421 2805 2848 2868 remisissetde
2871 2804 3358 2884 intemperantia,
3384 2805 3492 2867 sed
3526 2825 3672 2868 con-

2026 2898 2310 2962 tendisset
2325 2897 2413 2960 vel
2436 2903 2648 2958 natura
2670 2894 2854 2958 videri
2873 2893 3150 2976 superior
3165 2898 3226 2956 in
3248 2892 3432 2957 rebus
3454 2893 3672 2977 turpis-

2025 2988 2218 3062 simis,
2254 2995 2564 3068 postquam
2597 3002 2874 3064 magnum
2890 2985 3014 3066 jam
3048 2983 3398 3047 Flavianum
3432 3002 3667 3062 eorum,

284 3073 644 3151 ἑορταζόντων
676 3077 805 3155 εἶχε
851 3079 1042 3156 χορὸς,
1079 3077 1250 3158 ἔρωτα
1303 3080 1455 3160 σχὼν
1484 3085 1580 3148 τῆς
1613 3081 1942 3162 Ἀντιοχέων

2031 3078 2126 3158 qui
2148 3076 2210 3139 in
2231 3076 2397 3138 ccelis
2427 3076 2642 3138 festum
2673 3087 2876 3154 agunt,
2902 3072 3151 3138 tenebat
3183 3073 3426 3150 chorus,
3462 3083 3671 3156 captus

286 3165 643 3242 πυραννήσειν
672 3164 1020 3242 Ἐκκλησίας,
1054 3167 1355 3236 ἓπιτηδείου
1403 3179 1588 3248 καιροῦ
1621 3168 1940 3252 λαϐόπενος,

286 3250 325 3277 ’_.
380 3256 411 3277 ν
469 3260 590 3277 κδ’-ν
644 3255 658 3277 ι
776 3253 812 3277 ’Ἴ
959 3257 974 3277 9
1076 3257 1089 3275 ν
1269 3259 1282 3274 ε
1346 3260 1405 3277 ,ι
1603 3259 1701 3277 1"
1758 3259 1846 3277 λιι.

2031 3167 2326 3230 desiderio
2349 3167 2410 3230 in
2437 3166 2693 3277 echlesia
2713 3164 3086 3228 Antiochena
3112 3164 3432 3266 eaercendi
3459 3173 3507 3266 ι)
3524 3183 3668 3226 ran-

286 3250 344 3307 ἒν
374 3256 418 3326 ᾧ
462 3260 608 3309 πᾶσα
635 3255 670 3322 ἡ
717 3253 878 3318 πόλις
932 3257 1006 3322 εἷς
1038 3257 1104 3313 τὰ
1159 3259 1297 3316 κατὰ
1333 3260 1549 3338 Δάφνην
1599 3250 1940 3328 ἐξεληλύθασι

2031 3256 2254 3332 nidcm,
2289 3273 2424 3318 cum
2455 3252 2830 3318 obset-vasset
2860 3261 3115 3334 tempus,
3151 3253 3210 3314 in
3252 3271 3368 3335 quo
3398 3253 3673 3316 universa

287 3341 479 3420 θέατρα
541 3344 678 3399 κατά
709 3366 759 3400 τι
791 3344 1022 3402 παλαιὸν
1075 3344 1188 3413 ἔθος
1221 3347 1378 3404 εἰσέτι
1411 3349 1686 3426 γινόμενα,
1727 3350 1941 3409 ’Δντίο-

290 3431 396 3509 χόν
453 3452 511 3487 τε
542 3433 631 3489 καὶ
675 3431 1002 3514 Σεϐηριανὸν
1062 3434 1231 3516 ἔχων,
1265 3440 1394 3515 πρὸς
1452 3436 1622 3495 δὲκαὶ
1684 3439 1942 3497 Ἀκάκιον

287 3521 412 3584 τοὺς
475 3521 572 3589 τῆς
615 3521 864 3590 ἀληθείας
915 3527 1142 3605 ἓχθροὺς
1204 3527 1609 3604 συναιρομένους
1650 3530 1792 3604 αὐτῷ
1839 3534 1939 3596 τῆς

287 3609 590 3691 ἐπιθυμίας,
667 3611 902 3686 ἐπιπηδᾷ
969 3622 1045 3690 τῷ
1114 3617 1304 3691 θρόνῳ,
1379 3616 1614 3694 καθάπερ
1693 3616 1932 3684 κλέπτης

290 3700 383 3755 καί
443 3703 502 3758 οὗ
557 3701 760 3776 ποιμὴν
816 3700 914 3784 ὢν,
978 3707 1063 3761 καὶ
1128 3706 1232 3761 ὑπὸ
1300 3707 1408 3763 τῶν
1470 3706 1678 3783 μιαρῶν
1735 3707 1936 3762 τούτων

288 3803 680 3868 χειροτονεῖται
725 3794 991 3860 τοσαύτην
1063 3795 1474 3874 εἰσενεγκόντων
1522 3802 1596 3870 τῷ
1663 3796 1938 3874 πράγματι

289 3879 388 3946 τὴν
439 3878 696 3956 σπουδὴν,
729 3883 800 3944 ὡς
835 3882 974 3958 μηδὲ
1031 3884 1096 3940 τά
1128 3887 1479 3962 νενομισμένα
1534 3884 1940 3954 συντελεσθῆναι

291 3965 376 4024 διὰ
404 3971 468 4026 τὸ
498 3971 692 4050 τάχος.
757 3968 912 4029 Ἀλλ’
944 3973 1086 4031 οὗτοι
1132 3974 1229 4047 μὲν
1260 3977 1308 4032 οἱ
1349 3973 1708 4054 τελεσιουργοὶ
1737 3979 1843 4032 τῶν
1887 3975 1940 4032 έν

288 4057 467 4116 σκότει
515 4060 934 4142 πεπραγμένων,
980 4065 1016 4140 ᾗ
1061 4061 1238 4121 ποδῶν
1280 4067 1466 4144 εἶχον,
1499 4065 1643 4128 εὐθὺς
1696 4063 1940 4146 ἔφευγον,

285 4145 500 4227 ἄστροις
563 4150 1049 4229 ἐπισημαινόμενοι
1108 4156 1209 4221 τὴν
1266 4151 1410 4226 ὁδὸν,
1457 4156 1544 4212 καὶ
1575 4145 1748 4232 ὄρεσιν
1803 4153 1943 4213 ἀϐά-

285 4259 407 4298 τοις
455 4239 673 4304 ἑαυτοὺς
719 4240 1124 4321 ἐπιτρέψαντες.
1159 4244 1226 4301 Ἦ
1272 4242 1326 4301 δὲ
1386 4244 1543 4311 πόλις
1601 4247 1675 4310 ὡς
1721 4244 1826 4314 ἤδη
1854 4256 1947 4308 τοῦ

288 4325 655 4402 τολμηθέντος
713 4329 930 4410 ᾔσθετο,
993 4331 1260 4412 πανδημεὶ
1319 4333 1514 4400 πάντες
1583 4334 1945 4412 συνελθόντες,

291 4417 532 4496 φρύγανά
610 4441 662 4476 τε
725 4422 824 4478 καὶ
892 4430 992 4495 πῦρ
1062 4425 1200 4500 μετὰ
1254 4436 1449 4506 χεῖρας
1494 4425 1742 4507 ἔχοντες,
1801 4424 1948 4484 οὐδὲν

291 4507 456 4572 ἧττον
512 4509 599 4565 καὶ
659 4509 806 4568 αὒτοὶ
872 4512 1020 4588 ζήλῳ
1099 4515 1198 4584 τὴν
1265 4517 1454 4595 ψυχὴν
1527 4515 1785 4593 ἡμμένοι,
1856 4523 1950 4575 τοῦ

295 4597 588 4676 Πορφυρίου
662 4586 1002 4682 κατέτρεχον.
1043 4605 1155 4679 (καὶ
1213 4586 1313 4683 γὰρ
1345 4586 1623 4682 "adstans;
1662 4586 1784 4671 οἷος
1859 4609 1948 4664 τὸν
1974 4586 2019 4639 D

294 4685 408 4762 βίον
440 4684 650 4752 ἐκεῖνος
693 4688 974 4771 ἀνάγωγος
1005 4691 1122 4772 ἧν),
1162 4694 1306 4771 αὐτῷ
1349 4693 1552 4772 δώματι
1584 4700 1684 4762 τῆς
1729 4696 1952 4755 ἐπισκο-

298 4779 408 4842 πῆς
445 4775 738 4867 Δἐνιπρήσειν
773 4780 928 4837 αὺτὸν
971 4781 1313 4859 βουλόμενοι,
1352 4775 1410 4844 Ὀ
1444 4783 1497 4842 δὲ
1530 4787 1590 4843 τὸ
1633 4787 1766 4867 πρὸς
1798 4789 1953 4848 αύτόν

304 4864 617 4959 αἰσθόμενος
701 4882 888 4947 μῖσος,
975 4875 1222 4954 χρήμασι
1304 4875 1397 4932 τὸν
1481 4864 1955 4959 στρατοπεδάρχην

306 4953 628 5035 διαφθείρας,
686 4959 955 5018 ἀναπείθει
1027 4965 1104 5037 τῷ
1173 4965 1304 5044 ὑπὲρ
1369 4953 1635 5030 εὖσεϐείας
1697 4953 1955 5026 τῶνηπι-

303 5052 444 5104 στῶν
503 5048 654 5123 ζήλῳ
703 5043 982 5126 ’δαιμόνιον
1027 5043 1339 5112 ἀνθοπλίσαι
1390 5056 1553 5131 θυμόν
1622 5057 1720 5116 Καὶ
1774 5080 1954 5138 παρα-

300 5141 494 5216 χρῆμα
553 5137 856 5218 στράτευμα
900 5143 1270 5221 συνηθροίζετο
1321 5143 1442 5202 κατ’
1489 5146 1660 5205 αὐτῶν
1721 5137 1954 5226 πονηρὸν

303 5228 389 5284 καὶ
431 5227 735 5288 ἀτίθασσον.
803 5229 944 5287 Εϊτᾶ
1003 5235 1096 5289 καὶ
1159 5230 1396 5313 διωγμος
1451 5255 1533 5300 τις
1589 5235 1758 5315 μέγας
1818 5236 1956 5294 κατά

300 5321 408 5372 τῶν
461 5315 802 5387 Ἐκγλησιῶν
849 5319 1144 5403 ἠρεθίζετο,
1199 5323 1287 5380 καὶ
1327 5321 1580 5400 βασιλικά
1625 5322 1957 5404 διατάγματα

303 5406 391 5462 καὶ
451 5409 787 5486 θεσπίσματα
843 5408 1141 5478 ὑποϐολαῖς
1196 5411 1446 5472 Ἀττικοῦ
1510 5413 1623 5493 (καὶ
1673 5415 1774 5494 γὰρ
1844 5413 1960 5473 οὒδέ

379 5538 494 5616 (ὗθ)
551 5540 684 5600 Vide
710 5541 954 5616 Njceph.
994 5544 1035 5602 l.
1095 5555 1214 5612 xm,
1250 5559 1302 5603 ο.
1333 5545 1406 5604 29
1446 5567 1462 5613 ;
1499 5545 1659 5606 Socr.
1693 5547 1732 5603 l.
1793 5556 1873 5615 Vt,
1912 5562 1965 5604 c.

311 5608 398 5689 l_8,
435 5611 472 5667 ι.
517 5623 624 5689 vn,
650 5630 700 5671 c.
741 5613 777 5670 2
806 5630 827 5686 ;
855 5608 1010 5689 'Sos.
1039 5616 1077 5676 l.
1112 5608 1237 5678 vui.
1302 5632 1354 5678 c.
1385 5608 1505 5687 27;
1545 5617 1585 5678 1.
1635 5630 1740 5685 vn,
1775 5633 1825 5675 c.
1859 5608 1968 5689 '2;

309 5680 524 5743 Daren.
557 5685 629 5741 ad
660 5680 884 5747 annum
914 5688 1042 5747 εοϐ.

2024 3345 2236 3410 civitas
2257 3346 2504 3418 exierat,
2535 3353 2598 3408 ut
2627 3352 2717 3405 est
2743 3361 2870 3405 mos
2891 3343 2946 3405 ei
2977 3343 3276 3424 antiquus,
3313 3342 3385 3405 ad
3418 3351 3670 3426 specta-

2023 3435 2180 3510 cula,
2215 3453 2346 3518 quae
2369 3435 2519 3496 ﬁunt
2561 3433 2620 3496 in
2648 3432 2918 3513 Daphne,
2948 3431 3315 3495 Antiochum
3350 3433 3580 3496 habens
3612 3445 3673 3496 et

2025 3523 2417 3588 Severianum
2450 3532 2508 3585 et
2540 3521 2850 3597 Acacium,
2881 3521 2983 3602 qui
3016 3529 3185 3584 erant
3213 3533 3422 3603 aperte
3443 3523 3673 3586 inimici

2018 3614 2312 3690 veritatis,
2345 3631 2519 3694 opem
2575 3612 2835 3674 ferentes
2866 3610 2996 3691 ejus
3028 3611 3337 3691 cupiditati
3365 3615 3472 3692 (est
3505 3614 3664 3676 enim

2020 3703 2216 3765 simile
2232 3703 2415 3765 simili
2435 3701 2744 3782 amicum),
2780 3699 3003 3763 invadit
3033 3699 3265 3776 sedem,
3291 3709 3354 3763 ut
3375 3702 3478 3783 qui
3503 3711 3664 3764 esset

2022 3805 2115 3862 iur
2137 3812 2190 3861 et
2209 3816 2329 3861 non
2351 3809 2625 3874 pastor.et
2641 3800 2712 3857 ab
2735 3799 2823 3856 his
2847 3799 3219 3858 exsecrandis
3233 3800 3666 3874 ordinaturzqui

2026 3895 2078 3952 el
2099 3895 2182 3952 rei
2207 3901 2423 3952 tantam
2445 3891 2836 3950 adhibuerunt
2853 3889 3294 3955 celeritatem,ut
3319 3903 3426 3948 nec
3450 3905 3578 3962 quae
3601 3888 3673 3948 de

2027 3999 2188 4043 more
2209 3983 2440 4056 quidem
2465 3981 2652 4042 solent
2673 3981 2822 4048 ﬁeri,
2846 3980 3037 4039 locum
3063 3979 3406 4052 repererint.
3438 3979 3550 4038 Sed
3579 3981 3673 4039 isti

2026 4073 2258 4148 quidem
2284 4081 2877 4138 consecratores,cum
2901 4071 3023 4129 haec
3047 4070 3190 4128 facta
3225 4080 3422 4129 essent
3448 4070 3506 4129 in
3531 4079 3684 4130 tene-

2027 4167 2238 4232 bris,se
2264 4165 2454 4223 statim
2479 4163 2533 4222 in
2561 4162 2733 4235 pedes
2755 4161 3154 4234 conjicitntes,
3178 4160 3306 4234 iuga
3331 4160 3444 4220 sibi
3467 4176 3682 4221 consu-

2029 4258 2289 4323 luerunt,
2314 4255 2486 4313 astris
2507 4254 2658 4312 viam
2690 4259 2979 4320 notantes,
3013 4261 3070 4309 et
3095 4251 3390 4310 montibus
3423 4253 3598 4311 inviis
3621 4267 3684 4312 se

2030 4349 2484 4407 committentes.
2518 4343 2726 4402 Civitas
2757 4350 2953 4401 autem
2978 4356 3110 4400 cum
3148 4341 3302 4416 quod
3318 4342 3440 4416 jam
3471 4344 3683 4403 factum

2030 4439 2218 4497 iuerat
2248 4435 2546 4504 sensisset,
2580 4433 2810 4506 publice
2852 4447 3054 4491 omnes
3086 4435 3523 4500 convenientes,
3556 4449 3688 4493 sar-

2035 4529 2358 4598 mentaque
2384 4528 2443 4583 et
2465 4520 2664 4599 ignem
2692 4526 2966 4582 tenentes
2987 4518 3045 4578 in
3073 4516 3504 4598 manibus,ipsi
3525 4538 3680 4601 quo-

2038 4632 2154 4694 que
2177 4611 2304 4674 zelo
2329 4629 2453 4674 non
2477 4609 2674 4672 minus
2702 4608 3432 4689 inﬂammati,irruperunt
3454 4608 3528 4671 ad
3547 4611 3691 4672 Por-

2041 4701 2315 4784 phyrium
2335 4698 2585 4780 (sciebat
2607 4696 2768 4761 enim
2803 4697 2996 4780 qualis
3021 4705 3178 4761 esset
3201 4697 3331 4779 ejus
3352 4697 3490 4774 vita,
3509 4717 3684 4781 quam

2038 4791 2307 4854 insolens
2329 4799 2386 4854 et
2406 4807 2581 4872 quam
2607 4789 3157 4864 exsecranda),cum
3180 4788 3310 4870 ipsa
3332 4788 3510 4851 domo
3533 4789 3690 4870 epis-

2040 4893 2293 4964 copatus
2323 4900 2459 4944 eum
2509 4879 2775 4943 volentes
2805 4879 3187 4942 comburere.
3225 4881 3280 4942 Is
3320 4887 3518 4941 autem
3552 4895 3688 4939 cum

2040 4973 2315 5031 sensisset
2334 4978 2676 5043 conceptum
2700 4970 2758 5028 ln
2783 4985 2845 5028 se
2866 4968 3226 5037 odium,duci
3249 4969 3536 5026 exercitus
3555 4979 3688 5024 cor-

2039 5065 2216 5140 rupto
2241 5056 2538 5140 pecuniis,
2549 5055 2871 5137 persuadet
2889 5054 3181 5116 adversus
3208 5051 3398 5114 selum
3421 5048 3686 5113 ﬁdelium

2042 5167 2152 5232 pro
2174 5149 2397 5231 pietate
2426 5147 2580 5209 iram
2605 5163 2842 5209 armare
2861 5143 3292 5207 dmmoniacam
3319 5161 3334 5205 :
3367 5141 3690 5232 statimque

2039 5229 2152 5303 fuit
2171 5229 2567 5318 congregatus
2583 5236 2645 5298 in
2658 5253 2764 5298 eos
2787 5232 3087 5297 exercitus
3103 5248 3296 5295 saevos
3313 5229 3689 5308 etimmanis,

2041 5337 2102 5394 et
2131 5329 2295 5411 quim
2325 5346 2403 5390 ne
2447 5324 2621 5389 facile
2653 5323 2893 5408 quidem
2925 5321 3266 5404 potuissent
3293 5319 3562 5401 aggredi,
3592 5321 3695 5402 qui

2043 5420 2240 5486 aciem
2272 5419 2716 5484 instruxissent.
2771 5415 3007 5480 Deinde
3054 5413 3308 5478 excitata
3340 5421 3432 5477 est
3485 5431 3698 5494 magna

2121 5560 2236 5632 (51)
2267 5557 2410 5632 Quis
2429 5567 2653 5632 autem,
2686 5563 2742 5614 et
2769 5553 2958 5632 qualis
2985 5551 3179 5632 tuerit,
3218 5560 3277 5611 et
3303 5569 3333 5611 a
3366 5551 3572 5632 quibus
3601 5565 3694 5611 or-

2053 5623 2312 5700 dinatus,
2352 5629 2482 5686 vide
2505 5630 2718 5687 Baron.
2749 5623 2887 5683 tom.
2921 5626 2979 5691 V,
3011 5625 3084 5683 sd
3109 5637 3332 5683 annum
3371 5623 3499 5683 εοε.
