4020 6206
451 310 605 381 1203

1731 310 2011 377 MENSIS
2056 309 2512 380 JANUARIUS.

449 452 833 527 maleficium,
866 459 930 514 ut
981 469 1080 515 res
1125 451 1253 531 ipsa
1285 449 1599 527 indicabit,
1632 448 2081 523 callidissimus,

2179 453 2359 518 ιῦτοῖις
2415 452 2637 532 προνοίᾳ
2685 460 2778 510 τοῦ
2835 451 3119 534 ἀπολέσαι,
3194 454 3483 533 ἀνάγεσθαι
3579 455 3755 512 πάλιν
3812 460 3836 514 ὁ

448 543 580 606 navi
627 543 751 623 jam
807 548 1102 604 vetustate
1152 539 1452 604 fatiscenti
1484 548 1543 602 et
1578 538 1854 620 putrida},
1891 545 1956 600 ut
1987 553 2092 599 eos

447 639 653 713 aperte
685 634 986 712 perderet,
1003 629 1749 701 committens,sceleratus
1774 628 1958 708 jussit
1989 643 2094 689 eos

449 722 792 784 abire.Cum
825 737 966 799 ergo
999 737 1207 800 parum
1239 718 1552 800 abfuisset,
1581 719 1725 800 quin
1758 717 2095 779 inciderent

446 812 506 874 in
533 810 893 892 periculum,
954 809 1047 871 vix
1091 809 1332 872 tandem
1367 809 1588 881 evenit,
1623 817 1689 869 ut
1716 806 2095 888 appellerent

448 902 839 982 Lampsacum
873 919 888 959 :
926 908 985 962 et
1043 918 1177 961 cum
1237 899 1361 962 illic
1406 905 1739 961 mutassent
1768 895 2090 977 navigium,

449 1000 579 1072 post
609 998 862 1071 quatuor
891 1008 1132 1052 menses
1165 1007 1387 1052 venere
1416 988 1697 1052 Romam.
1742 985 2093 1049 Innocentio

447 1081 646 1161 itaque
676 1088 1089 1162 narrant,quse
1118 1078 1466 1145 acciderant
1497 1076 1776 1152 Quiriaco
1808 1083 1867 1137 et
1895 1074 2092 1137 Palla-

448 1172 571 1247 dio,
604 1190 681 1233 an
705 1170 936 1253 aliquid
967 1170 1056 1233 eis
1088 1170 1309 1232 factum
1345 1176 1505 1232 esset
1554 1168 1900 1247 ignorantes
1934 1185 1950 1226 :
1984 1164 2091 1227 sed

448 1279 559 1325 nec
591 1263 665 1324 de
694 1260 922 1325 Joanne
951 1259 1213 1323 valentes
1246 1258 1578 1340 scire,quid
1602 1254 2093 1328 accidisset.Qua

449 1351 691 1432 quidem
751 1350 954 1413 omnia
1005 1350 1284 1412 obtusum
1336 1348 1604 1411 latebant
1647 1346 1994 1420 Arcadium,
2028 1352 2094 1409 ut

454 1451 658 1521 postea
687 1440 844 1504 scire
874 1439 1193 1503 licuit.Sed
1224 1439 1384 1503 enim
1406 1457 1619 1501 rursus
1647 1438 1853 1501 redeat
1873 1436 2089 1519 oratio,

451 1532 613 1595 unde
641 1540 733 1595 est
762 1531 1053 1612 digressa,
1085 1540 1145 1593 et
1204 1538 1407 1593 narret
1457 1547 1550 1604 ea,
1599 1546 1732 1609 quae
1760 1533 1989 1590 restant
2017 1527 2094 1589 de

450 1623 554 1685 illo
589 1641 799 1702 magno
827 1621 1084 1685 Joanne.

535 1710 1133 1776 LVIII.Admirabilis
1153 1729 1295 1791 ergo
1318 1710 1423 1772 ille
1438 1710 1699 1773 Joannes
1726 1725 1861 1770 cum
1888 1710 2091 1771 Cucu-

2174 544 2365 624 μιαρὸς
2422 541 2656 601 ἐκέλευε.
2719 542 2850 621 Παρ¹
2909 542 3097 624 ὀλίγον
3156 544 3248 601 οὖν
3306 544 3517 604 ἐλθοῦσι
3617 546 3840 621 κινδύνῳ

2174 635 2514 714 περιπεσεῖν,
2575 632 2733 711 μόλις
2816 635 3009 698 αὐτοῖς
3082 632 3353 715 ἐξεγένετο
3407 644 3480 714 τῇ
3542 640 3840 713 Λαμψάκῳ

2174 737 2445 805 προσχεῖν
2476 743 2491 759 ⁸
2553 724 2806 805 κάκεῖθεν
2860 724 3189 801 ἀμείψαντες
3236 727 3297 783 τὸ
3354 725 3586 801 πλοῖον,
3657 736 3841 803 μηνὼν

2176 815 2448 894 τεσσάρων
2506 815 2603 883 τὴν
2665 804 2881 890 Ῥώμην
2934 814 3434 889 καταλαμϐάνουσιν
3471 834 3488 850 ⁸
3562 818 3840 876 ’ῐννοκεν-

2175 905 2273 979 τίῳ
2327 926 2384 960 τε
2439 903 2745 982 διηγοῦνται
2810 905 2876 961 τὰ
2955 907 3322 981 συμπεσόντα,
3380 920 3504 973 τοῖς
3566 911 3708 988 περῖ
3760 910 3841 964 τὸν

2180 994 2443 1073 Κυριακὸν
2502 995 2590 1052 καὶ
2635 992 2935 1051 Παλλάδιον
2967 992 3021 1051 εἴ
3050 1017 3101 1052 τι
3144 997 3233 1053 καὶ
3276 996 3514 1078 γένοιτο,
3560 998 3841 1077 ἀγνοοῦν-

2176 1105 2263 1147 τες
2299 1101 2315 1119 ⁸
2378 1082 2515 1140 ἀλλά
2559 1081 2697 1160 μηδὲ
2728 1084 2855 1162 ωερὶ
2895 1084 3144 1141 Ἰωάννου
3188 1108 3239 1142 τι
3287 1091 3431 1161 αὖτῷ
3463 1087 3723 1163 συμϐαίη
3756 1087 3843 1147 δυ-

2176 1172 2420 1242 νηθέντες
2479 1177 2691 1249 μαθεῖν.
2756 1184 2925 1234 Ταῦτα
2973 1172 3029 1230 δὲ
3086 1176 3257 1233 πάντα
3308 1178 3401 1233 τὸν
3433 1179 3583 1247 νωθῆ
3620 1177 3842 1235 διελάν-

2175 1266 2325 1320 θανεν
2385 1262 2687 1343 Ἀρκάδων,
2752 1263 2827 1329 ὥς
2906 1285 2967 1342 γε
3042 1263 3258 1342 ὕστερον
3340 1267 3539 1343 ὑπῆρξε
3612 1273 3840 1345 μαθεῖν,

2175 1350 2344 1410 Ἀλλά
2377 1357 2477 1431 γὰρ
2522 1354 2550 1409 ὃ
2592 1352 2752 1433 λόγος
2798 1354 3027 1411 ἐπανίτω
3075 1354 3236 1412 πάλιν
3283 1355 3400 1414 ὅθεν
3430 1357 3624 1434 ἐξέϐη,
3660 1359 3756 1415 καὶ
3784 1362 3839 1416 τὰ

2177 1443 2311 1500 κατά
2341 1445 2432 1499 τὸν
2463 1443 2633 1523 μέγαν
2661 1443 2930 1501 ὑπόλοιπα
2964 1443 3272 1523 διηγείσθω,

2258 1711 2391 1770 ΝΗ’.
2452 1714 2513 1771 Ὀ
2580 1712 2752 1771 τοίνυν
2836 1717 3138 1789 θαυμαστος
3214 1713 3494 1790 Ἰωάννης,
3555 1723 3636 1793 τῇ
3702 1726 3837 1775 Κου-

3700 321 3837 386 1204
3944 398 3945 403 γ

3940 37 3952 633 γ

452 1821 585 1866 sum
613 1802 960 1875 venisset,et
981 1801 1041 1892 in
1065 1802 1292 1892 aedibus
1308 1798 1591 1892 Adelphii
1612 1798 1839 1892 (5_4),ut
1860 1794 2092 1892 jamdi-

2179 1806 2353 1875 κουσῷ
2408 1800 2749 1882 προσϐαλὼν,
2822 1804 2912 1860 καὶ
2971 1803 3023 1860 ἐν
3080 1810 3156 1879 τῷ
3215 1802 3523 1884 Ἀδελφειοῦ
3553 1806 3713 1878 οἴκῳ
3758 1806 3836 1862 δι-

451 1893 922 1971 ximus,degeret
942 1891 1095 1971 (illic
1117 1890 1278 1953 enim
1297 1908 1434 1953 eum
1461 1886 2092 1969 reliquimus),multos

2179 1890 2320 1968 άγων
2377 1890 2638 1970 (καθάπερ
2681 1891 2908 1972 ἔφημεν.
2971 1891 3122 1950 Ἐκεῖ
3182 1894 3281 1971 γάρ
3338 1896 3490 1952 αὐτὸν
3536 1897 3836 1973 γενόμενον

450 1986 685 2059 quidem
708 1999 993 2056 pauperes
1015 1985 1315 2055 aluitpane
1336 1983 1593 2041 terrestri
1618 1985 1776 2051 (tunc
1798 1982 1945 2040 enim
1962 1995 2092 2052 gra-

2179 1978 2579 2056 κατελίπομεν),
2613 1980 2843 2044 πολλοὺς
2874 1983 2973 2059 μὲν
3004 1983 3239 2049 πένητα)
3269 1990 3345 2056 τῷ
3390 1984 3494 2041 ἀπὸ
3539 1991 3653 2063 γῆς
3690 1985 3834 2062 ’ἐθρε-

453 2068 693 2131 vissima
724 2068 911 2131 fames
942 2086 1081 2130 eum
1112 2069 1309 2131 locum
1343 2067 1868 2146 invaserat),longe
1891 2076 2093 2130 autem

452 2160 653 2241 plures
684 2157 1245 2239 nutrimento,quod
1279 2175 1310 2219 a
1342 2156 1543 2236 lingua
1573 2155 2090 2237 suppeditabatur,

451 2249 611 2331 quod
642 2258 705 2310 et
729 2266 833 2310 cor
851 2248 1170 2310 confirmat
1199 2255 1260 2309 et
1283 2254 1544 2309 mentem
1570 2245 2094 2320 illuminat.Quam

451 2342 664 2400 multas
684 2350 874 2399 autem
890 2340 961 2399 de
975 2341 1172 2398 multis
1190 2342 1535 2398 necessariis
1555 2340 1757 2398 habuit
1778 2340 2095 2398 orationes!

450 2427 597 2505 quid
628 2426 790 2489 enim
826 2446 896 2488 ex
926 2426 1166 2508 iis,quae
1188 2425 1546 2506 contingunt
1567 2443 1781 2505 aspera
1803 2434 1860 2487 et
1884 2424 2098 2487 moles-

452 2528 528 2591 ta,
566 2516 760 2598 potuit
788 2516 1053 2596 linguam
1086 2517 1299 2579 sistere
1346 2534 1478 2597 quae
1508 2514 1730 2576 ﬂuebat
1763 2516 1949 2577 instar
1979 2515 2095 2577 ﬂu-

450 2605 681 2669 minum
706 2604 731 2668 ?
752 2604 971 2668 Habuit
990 2606 1168 2669 etiam
1195 2625 1311 2668 non
1339 2624 1556 2687 paucas
1588 2605 1664 2667 de
1695 2605 2006 2686 patientia,
2038 2613 2097 2666 et

450 2695 607 2778 quod
643 2714 763 2757 non
794 2695 988 2757 solum
1021 2704 1294 2776 oporteat
1323 2714 1442 2757 non
1476 2714 1610 2757 esse
1641 2694 1955 2768 socordes,
1989 2693 2095 2756 sed

451 2805 562 2848 nec
581 2785 807 2847 oﬂ‘endi
840 2785 1311 2867 molestiis,quas
1338 2786 1630 2864 contingit
1661 2785 1916 2866 perpeti.
1942 2782 2094 2846 Mul-

453 2886 525 2939 tae
542 2893 782 2956 quoque
804 2874 877 2937 ab
897 2894 968 2938 eo
993 2875 1211 2937 divinas
1227 2873 1575 2937 scribuntur
1593 2874 1861 2955 epistolae
1876 2872 1950 2935 ad
1963 2891 2097 2935 san-

449 2975 605 3030 ctam
619 2963 1123 3046 Olympiadem,in
1139 2964 1357 3045 quibus
1379 2981 1793 3043 saepenumero
1812 2981 1993 3025 unum
2010 2963 2095 3024 di-

449 3057 531 3119 cit
560 3072 695 3118 esse
726 3054 1249 3135 terribile,nempe
1275 3063 1584 3135 peccatum
1611 3074 1624 3114 :
1656 3061 1713 3114 et
1737 3053 1793 3115 ei
1818 3063 2098 3116 recenset

452 3143 918 3226 molestias,qum
937 3153 1269 3207 evenerunt
1287 3143 1346 3204 in
1370 3142 1819 3216 itinere,eteam
1843 3160 2097 3204 mceren-

449 3242 567 3296 tem
593 3210 835 3315 propter
854 3235 986 3315 ejus
1009 3233 1400 3314 privationem
1425 3210 1675 3294 studens
1699 3210 2154 3311 recreare,ef-C

446 3324 569 3385 ficit
608 3332 671 3385 ut
699 3342 818 3385 non
848 3330 927 3386 sit
956 3322 1428 3403 desperandum,
1455 3321 1583 3383 fore
1617 3329 1682 3382 ut
1714 3338 1852 3382 eum
1884 3338 2094 3384 rursus

446 3412 1133 3486 conveniat.Quinetiam
1161 3410 1666 3494 quemadmodum
1691 3428 1826 3472 cum
1853 3412 1940 3473 via
1966 3430 2089 3471 mo-

446 3503 596 3566 leste
615 3503 677 3565 in
699 3521 934 3565 summo
957 3503 1174 3565 sistatis
1195 3501 1395 3581 vigore
1419 3508 1900 3582 perageretur,et
1918 3500 2096 3563 vehe-

450 3611 622 3655 mens
652 3612 786 3655 eum
820 3592 1008 3655 febris
1034 3592 1250 3663 invasit
1281 3602 1338 3654 et
1371 3591 1526 3653 mala
1558 3590 1876 3666 stomachi,
1907 3598 1965 3652 et
1996 3596 2096 3671 qui

444 3682 507 3744 in
532 3681 625 3745 bis
645 3682 822 3761 longe
845 3690 973 3745 erat
996 3683 1237 3764 gravior
1266 3682 1599 3744 sceleratus
1628 3680 1958 3757 Gallus,cui
1992 3680 2099 3741 fuit

446 3772 520 3834 ad
549 3772 891 3835 ducendum
913 3772 1004 3834 vir
1026 3773 1130 3835 ille
1152 3773 1355 3854 justus
1377 3770 1764 3833 commissus.
1801 3769 2096 3832 Praeterea

446 3862 1357 3946 autem,quemadmodum,cum
1376 3862 1446 3923 ad
1468 3861 1769 3942 quoddam
1792 3863 2096 3922 venissent

443 3952 835 4016 diversorium
847 3952 1071 4033 ,omnia
1088 3951 1208 4015 illis
1223 3951 1472 4013 molesta
1484 3949 2090 4029 acciderunt,eorum,

444 4050 541 4121 qui
566 4048 828 4119 ipsorum
852 4061 1057 4105 curam
1080 4052 1371 4118 gererent,
1397 4042 1873 4115 solitudo,inopia
1900 4057 2092 4100 rerum

442 4129 1073 4200 necessariarum(utor
1096 4129 1245 4186 enim
1262 4126 1374 4184 illis
1395 4126 1614 4184 eisdem
1639 4126 1830 4183 verbis
1851 4126 2088 4195 aureis);

442 4212 672 4275 nullum
698 4213 911 4276 adesse
931 4212 1469 4287 medicum,metus
1492 4210 1842 4293 irruptionis
1863 4209 2092 4274 Isauro-

438 4325 598 4383 rum,
634 4317 691 4370 et
720 4326 885 4389 spes,
920 4307 1050 4369 fore
1083 4314 1147 4369 ut
1181 4325 1315 4369 mox
1347 4306 1410 4368 in
1436 4324 1644 4368 eorum
1675 4323 1885 4366 manus
1908 4305 2090 4369 deve-

440 4396 662 4462 nirent.
697 4395 849 4471 Quid
884 4415 1048 4474 vero,
1083 4396 1184 4478 qui
1240 4406 1457 4478 praeter
1488 4413 1729 4458 omnem
1764 4394 2090 4458 bestiarum

440 4487 739 4550 feritatem
773 4488 836 4549 in
880 4505 1018 4550 eum
1054 4485 1334 4549 furebant
1369 4484 1672 4560 monachi,
1699 4485 1999 4549 minantes
2028 4504 2094 4548 se

2177 2075 2275 2145 ψεν
2325 2070 2468 2148 ἀρτῳ
2500 2072 2624 2151 (καί
2669 2074 2768 2151 γὰρ
2825 2073 2985 2153 ἔτυχε
3035 2074 3156 2129 τότε
3210 2072 3369 2148 λιμὸν
3418 2078 3730 2151 ἐπισκῆψαι
3766 2082 3832 2148 τῷ

2177 2159 2326 2234 τόπῳ
2367 2162 2704 2239 βαρύτατον),
2740 2161 2925 2237 πολλῷ
2954 2161 3008 2219 δὲ
3035 2162 3250 2227 πλείους
3284 2166 3372 2221 καὶ
3401 2172 3467 2234 τῇ
3500 2166 3610 2223 ἀπὸ
3646 2166 3828 2244 γλώσ-

2179 2272 2279 2318 σης
2308 2253 2661 2329 πηγαζομένῃ
2694 2259 2885 2332 τροφῇ,
2918 2252 2953 2321 ἢ
2983 2254 3071 2309 καὶ
3102 2251 3317 2332 καρδίαν
3375 2254 3488 2312 οἶδε
3534 2260 3827 2335 στηρίζειν,

2181 2339 2275 2396 καί
2318 2340 2562 2421 φωτίζειν
2603 2342 2838 2399 διάνοιαν
2872 2360 2886 2373 ⁸
2937 2341 3170 2406 πολλοὺς
3219 2340 3273 2398 δὲ
3316 2345 3404 2400 καὶ
3446 2348 3563 2422 περὶ
3614 2346 3832 2402 πολλῶν

2180 2436 2286 2486 τῶν
2343 2431 2644 2508 ἀναγκαίων
2677 2432 3025 2512 ἐκπεφώνηκε
3055 2430 3246 2510 λόγους
3282 2430 3353 2512 (τί
3397 2434 3497 2510 γάρ
3542 2442 3656 2490 τῶν
3688 2456 3826 2509 συμ-

2180 2517 2467 2576 ϐαινόντων
2512 2521 2741 2599 ἀνιαρῶν
2773 2520 3023 2602 ἐπισχεῖν
3052 2520 3279 2589 ἠδύνατο
3310 2522 3577 2599 γλῶσσαν,
3614 2524 3718 2580 ἴσα
3750 2527 3825 2579 καὶ

2182 2622 2449 2683 ποταμοῖς
2506 2608 2723 2687 ῥέουσαν
2759 2610 2805 2688 ς)
2849 2611 3061 2676 πλείους
3106 2609 3161 2667 δὲ
3205 2613 3328 2674 τοὺς
3389 2618 3509 2690 περῖ
3546 2615 3826 2688 ὑπομονῆς

2178 2699 2301 2775 ᾖσε,
2332 2701 2419 2756 καὶ
2450 2706 2541 2757 τοῦ
2571 2701 2648 2775 μὴ
2681 2699 2794 2757 δεῖν
2827 2701 2903 2774 μὴ
2931 2699 3013 2757 ὅτι
3058 2701 3134 2775 μὴ
3182 2702 3438 2779 ῥᾳθυμεῖν
3468 2705 3661 2783 μόνον,
3692 2702 3823 2759 ἀλλά

2180 2787 2316 2865 μηδὲ
2360 2790 2652 2848 σκάνδαλον
2708 2790 3017 2871 ὑπομένειν,
3050 2791 3133 2870 ἐφ’
3192 2791 3280 2855 οἷς
3336 2797 3570 2871 χρῆσθαι
3614 2793 3820 2849 πολλά-

2176 2903 2261 2945 κις
2306 2878 2569 2958 λυπηροῖς
2633 2878 2909 2956 συμϐαίνει
2940 2899 2955 2915 ⁸
3016 2879 3217 2944 πολλὰς
3277 2880 3331 2937 δὲ
3374 2904 3463 2939 και
3522 2890 3621 2939 τῶν
3660 2885 3810 2939 θείων

2178 2968 2476 3027 ἐπιστολῶν
2533 2972 2664 3048 πρὸς
2706 2968 3043 3045 Ὀλυμπιάδα
3101 2970 3345 3037 συνέταξε
3388 2974 3486 3041 τὴν
3542 2974 3711 3051 ὁσίαν,
3766 2971 3816 3027 ἒν

2159 3065 2271 3129 ,αἶς
2332 3060 2611 3131 πλεονάζει
2665 3083 2723 3118 τε
2794 3060 2990 3141 λέγων,
3052 3060 3134 3117 δτι
3193 3062 3247 3118 ἓν
3300 3060 3523 3142 φοϐερὸν
3581 3065 3813 3137 [ad-iovi;

2179 3151 2431 3229 ἁμαρτία,
2490 3151 2587 3206 καῖ
2652 3153 2771 3227 περὶ
2840 3156 2946 3206 τῶν
3032 3151 3419 3225 συμπεσόντων
3494 3154 3639 3225 αὒτῷ
3710 3154 3813 3229 περὶ

2176 3241 2276 3307 την
2334 3238 2452 3296 ὁδὸν
2507 3240 2735 3319 ἀνιαρῶν
2824 3239 3059 3306 διέξεισιν
3100 3260 3114 3275 ⁶
3200 3240 3346 3305 ὅπως
3408 3263 3467 3299 τε
3523 3243 3813 3316 ἀθδμοῦσαν

2176 3326 2259 3385 διᾶ
2289 3330 2389 3396 τὴν
2432 3332 2681 3409 στέρησιν
2740 3330 3064 3387 ἀνακτᾶσθαι
3094 3329 3440 3407 βουλόμενος,
3473 3332 3636 3394 Ἴσως
3681 3336 3813 3407 ἡμᾶς

2176 3417 2362 3498 πάλιν,
2421 3418 2634 3499 γράφει,
2696 3427 2787 3476 τοῦ
2850 3426 2982 3476 θεοῦ
3052 3419 3430 3496 ἐπιτρέποντος
3484 3421 3662 3497 ὄψει’
3736 3422 3813 3477 καὶ

2178 3507 2323 3574 ὅπως
2379 3513 2448 3585 τῇ
2522 3530 2618 3575 της
2699 3507 2817 3566 ὁδοῦ
2879 3508 3233 3588 ταλαιπωρίᾳ,
3292 3510 3471 3590 θέρους
3526 3513 3677 3589 ἀκμῇ
3740 3511 3812 3567 δι-

2185 3597 2503 3677 ανυομένης,
2565 3598 2658 3655 καί
2721 3601 2948 3677 πυρετὸς
3008 3597 3313 3666 ἐπέσκηπτε
3365 3599 3581 3679 λάϐρος,
3631 3604 3719 3658 καὶ
3759 3602 3814 3655 τὰ

2179 3687 2238 3743 ἐκ
2282 3694 2371 3744 τοῦ
2414 3688 2694 3768 στομάχου
2736 3689 2897 3762 κακὰ,
2946 3688 3041 3745 καῖ
3072 3692 3099 3745 ὁ
3130 3688 3318 3765 πολλῷ
3350 3692 3551 3748 τούτων
3592 3692 3810 3770 βαρύτε-

2178 3798 2290 3856 ρος,
2326 3777 2354 3833 ὁ
2384 3778 2642 3855 πονηρὸς,
2676 3779 2838 3858 φημὶ,
2875 3778 3144 3852 Γαλάτης,
3177 3779 3326 3858 ἄγειν
3356 3783 3512 3838 αὺτὸν
3542 3803 3815 3839 πεπιστευ·

2180 3866 2338 3936 μένος
2372 3882 2386 3896 ⁸
2450 3867 2537 3922 καὶ
2593 3868 2667 3928 ὡς
2724 3872 3018 3946 καταγωγῇ
3078 3890 3191 3923 τινι
3252 3867 3607 3948 προσλαϐοὗσι
3654 3874 3813 3929 πάντα

2178 3954 2337 4012 πάλιν
2396 3957 2629 4027 συνήντα
2686 3956 2748 4012 τὰ
2795 3955 3007 4035 λυπηρὰ
3056 3965 3163 4014 τῶν
3192 3962 3590 4038 θεραπευόντων
3620 3964 3657 4029 ἡ
3689 3963 3812 4040 ἐρη-

2179 4044 2295 4120 μία,
2368 4052 2463 4102 τῶν
2524 4043 2841 4112 ἐπιτηδείων
2883 4048 2917 4115 ἡ
2968 4047 3162 4127 ἀπορία
3225 4050 3428 4123 (αὺτοῖς
3473 4051 3575 4128 γὰρ
3605 4051 3813 4112 ἐκείνοις

2174 4148 2294 4200 τοῖς
2351 4148 2577 4216 χρυσοῖς
2631 4136 2908 4216 κέχρημαι
2971 4136 3206 4216 λόγοις),
3266 4141 3329 4196 τὸ
3396 4138 3601 4216 μηδένα
3643 4142 3814 4219 ἰατρὸν

2177 4238 2450 4303 παρεῖναι,
2510 4228 2538 4282 ὃ
2582 4230 2679 4292 τῆς
2723 4223 2912 4306 ἐφόδου
2942 4232 3049 4284 τῶν
3109 4227 3357 4306 Ἰσαύρων
3402 4228 3590 4309 φόϐος,
3647 4236 3735 4288 καὶ
3783 4233 3813 4297 ἡ

2176 4313 2302 4371 ὅσον
2360 4315 2507 4372 οῧπω
2564 4317 2637 4379 είς
2697 4329 2892 4395 χεῖρας
2957 4319 3127 4374 αὒτῶν
3192 4319 3543 4394 ἐμπεσεῖσθαι
3604 4322 3814 4397 μέλλειν

2176 4402 2350 4478 ἐλπὶς,
2407 4407 2455 4459 οἱ
2542 4403 2887 4478 ἐπιμανέντες
2964 4409 3108 4481 αὐτῷ
3194 4412 3453 4490 μοναχοῖ,
3514 4411 3611 4467 καί
3684 4412 3814 4487 παρα

2177 4499 2352 4551 πᾶσαν
2406 4493 2702 4573 ἀγριότητα
2760 4496 2957 4572 θηρίων
3042 4497 3177 4575 αὒτῇ
3252 4500 3391 4571 οἰκίᾳ
3468 4504 3815 4557 κατακαύσειν

440 4596 576 4667 eum
609 4577 1030 4667 combusturos
1056 4595 1190 4640 esse
1224 4595 1358 4639 cum
1394 4576 1526 4657 ipsa
1555 4575 1755 4652 domo,
1782 4584 1842 4638 et
1874 4594 2090 4657 quem-

2179 4582 2334 4638 αὐτὸν
2392 4582 2734 4648 ἀπειλοῦντες
2771 4602 2783 4615 ⁸
2833 4584 2979 4649 ὅπως
3037 4608 3094 4642 τε
3150 4589 3399 4667 πονήρως
3457 4590 3560 4645 ὑπὸ
3591 4598 3686 4647 τοῦ
3717 4614 3815 4647 πυ-

439 4666 763 4730 admodum
797 4686 829 4729 a
859 4665 1025 4729 febre
1060 4666 1214 4729 male
1248 4666 1618 4739 aﬁ‘ectum,el
1640 4664 1954 4729 deitinere
1975 4666 2089 4728 val-

437 4758 513 4821 de
537 4756 790 4833 fessum,
826 4756 928 4840 qui
955 4774 1089 4819 eum
1121 4756 1528 4830 abducebant,
1566 4774 1686 4818 non
1740 4756 1919 4818 modo
1951 4775 2087 4819 eum

440 4846 603 4909 nulla
634 4846 859 4927 dignati
891 4854 1031 4907 sunt
1062 4845 1609 4922 misericordia,sed
1637 4864 1741 4908 eos
1772 4846 2088 4927 etiam,qui

436 4937 739 5013 volebant,
775 4936 1201 5019 prohibebant,
1262 4938 1560 4999 minantes
1610 4937 1700 4998 eis
1732 4943 2000 4997 extrema
2031 4949 2091 4998 et

434 5027 703 5091 omnium
729 5026 985 5090 maxime
1010 5026 1699 5109 terribilia(55)?Pra2ter
1723 5025 1846 5087 haec
1862 5033 2087 5103 autem,

434 5119 673 5199 qualem
701 5119 858 5180 viam
883 5118 1369 5199 peregit,uempe
1392 5114 2002 5195 arduam,lapidosam
2028 5124 2088 5178 et

437 5206 965 5289 difﬁcilem,iclque
1000 5225 1134 5270 cum
1168 5225 1325 5288 aegre
1357 5214 1559 5288 posset
1594 5204 1853 5285 ingredi,
1884 5212 2087 5286 utpote

434 5296 592 5378 quod
614 5297 671 5360 ei
692 5305 851 5359 esset
876 5296 1029 5359 male
1052 5297 1333 5359 affectum
1360 5301 1899 5378 corpus,quantum
1928 5313 1997 5358 ex
2019 5312 2090 5357 eo

496 5490 614 5619 $52
643 5490 1134 5575 Cbrysostomum
1163 5505 1282 5550 non
1326 5505 1559 5576 semper
1589 5492 1647 5548 in
1672 5488 1899 5571 aedibus
1922 5489 2093 5547 Adel-

496 5581 502 5617 l
530 5576 543 5616 t
617 5577 779 5619 ucusn
802 5563 1353 5619 commoratum.sed
1382 5574 1556 5619 etiam
1581 5562 1728 5619 apud
1752 5560 2091 5619 Dioscorum

425 5560 543 5632 phli
572 5560 779 5619 Cucusi
802 5563 1353 5629 commoratum,sed
1382 5560 1556 5621 etiam
1581 5562 1728 5634 apud
1752 5560 2091 5620 Dioscorum

425 5632 550 5710 ejus
577 5633 787 5692 docent
823 5632 1116 5706 Epistolis.
1157 5635 1291 5695 Vide
1325 5634 1542 5695 Baron.
1577 5634 1648 5693 ad
1680 5647 1775 5692 an.
1821 5634 1947 5691 ιυι.

2173 4678 2325 4747 ρετοῦ
2382 4670 2735 4748 διακείμενον,
2814 4677 2901 4731 καὶ
2976 4675 3095 4732 λίαν
3174 4677 3441 4753 κάμνοντα
3511 4681 3646 4736 κατά
3726 4681 3816 4747 τὴν

2172 4760 2313 4836 ὁδὸν,
2375 4763 2423 4819 οἱ
2456 4761 2751 4840 ἀπάγοντες
2783 4767 2843 4821 οὗ
2873 4765 3036 4837 μόνον
3066 4768 3213 4825 αὐτοὶ
3262 4766 3438 4825 ἐλεεῖν
3485 4770 3579 4826 οὒκ
3634 4776 3812 4850 εἶχον,

2172 4851 2308 4909 ἀλλὰ
2339 4854 2423 4909 κοὶ
2467 4852 2675 4930 ἐτέρους
2725 4853 2987 4932 ἀπεῖργον
3048 4860 3383 4933 παραμυθίας
3443 4862 3601 4919 ait?»
3644 4861 3815 4927 ἀξιοῦν

2173 4941 2471 5017 ἐθέλοντας,
2532 4943 2597 4997 τά
2656 4941 2861 5023 ἔσχατα
2912 4947 3095 5009 αὐτοῖς
3126 4948 3213 5002 καὶ
3259 4946 3602 5027 φοϐερώτατα
3659 4950 3813 5006 ἀπειο

2172 5031 2411 5093 λοῦντες.
2478 5034 2573 5090 Καὶ
2644 5035 2773 5111 πρὸς
2826 5036 3054 5108 τούτοις,
3118 5034 3241 5091 οἵαν
3296 5038 3393 5104 τὴν
3452 5036 3570 5095 ὁδὸν
3639 5039 3811 5112 ἤνυεν,

2170 5120 2369 5187 ἀνάντη
2425 5123 2509 5176 καὶ
2567 5120 2765 5189 λιθώδη
2829 5124 2917 5179 καὶ
2978 5123 3255 5203 χαλεπὴν,
3336 5129 3421 5182 καὶ
3491 5128 3653 5185 ταῦτα
3735 5132 3814 5185 καὶ

2167 5208 2443 5290 δυσχερῶς
2501 5210 2635 5289 ἄγαν
2693 5214 2811 5289 περὶ
2852 5214 2915 5269 τὸ
2973 5212 3275 5292 ὁδοιπορεῖν
3318 5216 3490 5297 ἔχων,
3539 5218 3630 5274 ἅτε
3702 5219 3811 5275 λίαν

2175 5299 2319 5375 αὒτῷ
2348 5301 2719 5368 πεπονηκότος
2750 5309 2840 5359 τοῦ
2869 5303 3118 5379 σώματος
3157 5320 3171 5335 ⁸
3206 5303 3304 5361 ὅσα
3352 5328 3411 5384 γε
3458 5305 3648 5365 εἰδέναι
3694 5306 3810 5386 παρ’

2248 5492 2358 5565 (55)
2390 5493 2468 5550 Dc
2493 5494 2698 5553 horum
2726 5494 3143 5555 monachorum
3166 5499 3357 5557 furore
3382 5502 3554 5559 refert
3582 5504 3711 5563 Bar.
3745 5519 3807 5563 ex

2176 5567 2343 5637 epist.
2384 5565 2485 5622 H3
2513 5566 2804 5643 Chrysost.
