4060 6200
415 303 440 370 1
453 304 567 370 207

1707 304 1991 369 MENSIS
2030 300 2484 370 JANUARIUS.

3636 306 3788 375 1208

409 444 541 507 Duo
573 441 733 505 enim
770 439 1099 523 presbyteri
1145 447 1204 502 et
1252 439 1494 521 quidam
1525 455 1596 501 ex
1625 437 1915 511 diaconis,
1951 439 2054 520 qui

2143 439 2516 516 ἐπιστάμενος,
2581 441 2838 518 ’Έτοιμος
2919 445 2946 500 ὁ
3030 442 3191 523 λόγος
3252 447 3449 508 εἰπεῖν,
3515 452 3631 504 Τῶν
3686 445 3784 524 γὰρ

414 553 631 613 magno
662 531 818 612 capti
843 534 970 611 ejus
987 528 1623 609 desiderio,elegerant
1654 545 1907 610 peregre
1921 547 2055 590 cum

418 643 488 687 eo
523 621 849 704 proﬁcisci,
909 619 1306 700 laborumque
1357 628 1415 681 et
1451 618 1723 680 dolorum
1761 619 1892 697 ejus
1925 635 2060 680 esse

417 720 708 796 perpetuo
745 711 1085 792 participes,
1105 707 1420 789 oculisque
1444 717 1502 770 et
1527 706 1774 770 auribus
1807 709 1931 770 haec
1961 709 2058 768 di-

415 805 552 864 vina
580 808 963 880 acceperant,
995 806 1054 860 et
1109 799 1235 860 haec
1291 797 1424 860 aliis
1474 797 1755 859 similiter
1787 798 2055 859 tradide-

412 904 581 956 runt.
621 891 766 954 Cum
817 898 1015 952 autem
1079 898 1374 968 quatenus
1417 889 1539 968 jam
1575 887 1709 948 ﬁnis
1739 889 2060 968 appropin-

413 982 657 1062 quabat,
693 987 1002 1064 oporteret
1027 986 1220 1059 coepta
1250 979 1437 1058 magis
1467 977 1658 1040 attolli
1688 980 2058 1039 convenien—

414 1083 507 1135 ter
563 1073 746 1134 animi
807 1069 1103 1132 alacritati
1161 1068 1423 1140 athletae,
1480 1086 1617 1129 cum
1651 1067 1977 1129 duceretur
1998 1067 2058 1128 in

413 1163 714 1238 exsilium,
742 1161 785 1222 ii
842 1158 1056 1240 quibus
1111 1157 1469 1220 commissus
1515 1157 1728 1232 fuerat,
1767 1174 1903 1220 eum
1938 1164 2056 1217 tam

411 1252 606 1332 longis
639 1260 698 1315 et
721 1260 836 1314 tam
869 1248 1327 1312 vehementibus
1359 1245 1650 1308 vexabant
1694 1245 2054 1308 ambulatio-

413 1341 616 1423 nibus,
654 1351 715 1403 ut
750 1340 972 1404 vellent
1002 1358 1138 1400 eum
1174 1338 1351 1400 morti
1375 1335 1826 1411 tradere,nimia
1847 1335 2057 1397 celeri-

413 1442 533 1495 tate
569 1432 787 1493 victum
845 1439 904 1492 et
957 1427 1305 1490 afﬂictione.
1344 1426 1548 1506 Itaque
1577 1444 1709 1489 cum
1746 1436 1804 1488 et
1835 1424 2057 1486 imbres

411 1521 767 1586 deciderent
797 1519 1206 1593 vehementes,
1239 1527 1300 1579 et
1329 1516 1416 1577 sol
1459 1524 1666 1577 ureret
1694 1515 2056 1577 ardentissi-

414 1631 535 1688 me,
576 1621 716 1672 tunc
747 1619 807 1673 et
841 1607 1130 1690 prolixior
1154 1615 1280 1668 erat
1306 1605 1434 1685 ejus
1464 1604 1770 1678 deductio,
1793 1611 1853 1668 et
1885 1604 1958 1667 ab
1986 1623 2055 1666 eo

415 1701 825 1782 postulabatur
854 1706 918 1760 ut
969 1699 1205 1759 intense
1234 1694 1681 1774 ingrederetur.
1712 1693 1824 1757 Ubi
1854 1703 2054 1758 autem

415 1792 623 1854 civitas
643 1800 744 1852 aut
768 1791 934 1851 locus
965 1786 1206 1867 aliquis,
1238 1792 1339 1846 aut
1385 1784 1655 1863 corporis
1703 1783 1927 1846 delessi
1955 1801 2056 1844 re-

416 1881 664 1960 creatio,
697 1887 797 1940 aut
816 1876 1033 1940 lavacri
1059 1875 1468 1944 solatium,aut
1496 1873 1695 1954 aliqua
1718 1873 1832 1934 alia
1860 1873 2058 1936 brevis

413 1968 686 2032 laborum
706 1966 1094 2046 remissio,ne
1115 1981 1322 2044 parum
1343 1962 1587 2038 quidem
1616 1981 1751 2024 eum
1777 1962 2059 2026 volebant

413 2057 540 2120 illic
573 2074 989 2131 manere,cum
1021 2055 1110 2116 sic
1137 2055 1224 2117 eis
1252 2053 1463 2115 fuisset
1491 2051 1878 2133 imperatum;
1907 2071 2059 2114 mer-

413 2165 517 2210 ces
547 2147 706 2209 enim
758 2144 1134 2208 crudelitatis
1164 2142 1253 2205 eis
1286 2142 1586 2223 promissa
1613 2141 1832 2216 fuerat,
1865 2143 2057 2223 majo-

415 2255 553 2299 rum
585 2237 882 2298 honorum
911 2231 1411 2295 consecutio.Sed
1436 2250 1569 2293 cum
1593 2231 1696 2294 ille
1729 2232 1884 2294 hanc
1906 2233 2058 2294 viam

415 2325 724 2388 difﬁcilem
759 2330 1071 2404 perageret
1089 2323 1358 2403 jejunus,
1394 2321 1613 2383 vultum
1648 2320 1854 2385 habuit
1882 2322 2059 2400 longe

414 2415 703 2478 laetiorem
739 2414 836 2490 iis,
872 2413 976 2495 qui
1003 2413 1245 2475 assidue
1273 2421 1484 2475 vacant
1529 2411 1766 2473 deliciis
1800 2421 1858 2474 et
1887 2431 2052 2474 com-

416 2502 845 2586 potationibus.

470 2595 801 2671 LX.Atque
816 2593 1152 2674 Pityuntem
1176 2591 1420 2674 quidem
1445 2592 1757 2655 deﬁnitum
1781 2593 1837 2654 ei
1856 2593 2052 2654 locum

414 2684 705 2758 exsilii,ut
727 2684 782 2746 ei
804 2679 1175 2765 Epiphanius
1197 2683 1571 2764 przedixerat,
1611 2701 1728 2744 non
1763 2683 2052 2762 pervenit.

413 2773 530 2838 Sed
555 2792 686 2836 cum
712 2782 872 2836 esset
894 2791 1078 2854 prope
1100 2773 1416 2848 Comanos,
1454 2782 1511 2834 et
1543 2772 1824 2834 diversati
1855 2781 2057 2834 essent

412 2866 476 2928 in
511 2863 794 2944 martyrio
852 2864 1149 2938 Basilisci,
1189 2881 1365 2942 quem
1399 2862 1566 2924 aiunt
1595 2861 1839 2943 quidem
1873 2862 2056 2923 fuisse

413 2955 763 3036 episcopum
801 2970 813 3014 :
843 2961 1113 3032 tempore
1130 2961 1329 3014 autem
1353 2951 1690 3013 Maximiani
1730 2951 1789 3011 in
1825 2953 2058 3013 civitate

413 3041 782 3107 Nicomedia:
799 3041 1054 3103 subiisse
1071 3050 1375 3104 certamen
1396 3041 1656 3120 martyrii
1677 3050 1734 3102 et
1756 3041 2060 3114 vicisse,et

415 3149 637 3194 corona
666 3131 853 3192 fuisse
881 3130 1256 3206 redimitum,
1311 3134 1362 3191 ei
1415 3148 1710 3209 apparens
1739 3131 1802 3191 in
1833 3131 2060 3192 somnis

413 3220 773 3282 Basiliscus:
808 3219 975 3282 Bono
1003 3219 1204 3281 animo
1236 3227 1387 3293 esto,
1432 3219 1648 3300 inquit,
1697 3239 1731 3280 o
1760 3220 1970 3298 frater,
2001 3230 2056 3281 et

2143 3223 2266 3300 ὄναρ
2321 3225 2462 3298 αὑτῷ
2519 3226 2770 3305 φανέντα,

415 3307 855 3381 laetare,ambos
879 3308 1037 3369 enim
1062 3309 1389 3387 conjunget
1413 3308 1542 3370 dies
1565 3310 2059 3372 crastinus.Dici-

413 3413 506 3461 tur
529 3411 718 3459 autem
757 3400 965 3457 aedituo
1008 3415 1241 3473 quoque
1273 3403 1533 3473 martyrii
1587 3400 1682 3458 die
1709 3403 2058 3472 praecedenti

2143 529 2508 608 πρεσϐυτέρων
2561 531 2672 607 δύο,
2721 535 2809 590 καί
2869 556 2950 599 τις
2987 541 3089 592 τῶν
3119 533 3400 609 διακόνων,
3436 538 3489 592 οἳ
3523 537 3609 591 καὶ
3645 536 3785 607 πόθῳ

2143 622 2527 698 προστακὲντες
2581 623 2724 697 αὑτῷ
2772 626 2860 681 καὶ
2904 623 3263 699 συνεκδημετν
3307 625 3545 700 εἵλοντο,
3605 628 3781 700 mpsi-

2141 733 2246 768 των
2276 733 2332 767 τε
2379 715 2468 770 καὶ
2525 715 2702 770 πόνων
2751 716 2835 771 καὶ
2879 715 2986 771 τῶν
3041 714 3220 772 ἄλλων
3250 715 3482 792 θλίψεων
3513 718 3587 780 εἷς
3633 716 3784 780 τέλος

2143 804 2285 876 αὑτῷ
2355 818 2659 882 κοινωνεῖν,
2742 807 2888 862 οὗτοι
2973 808 3060 861 καὶ
3146 809 3406 884 παρόντες
3459 808 3546 862 καὶ
3605 806 3788 882 ὄψεσιν

2146 890 2297 957 ἰδίαις
2346 894 2432 949 καὶ
2488 893 2680 956 ἀκοαῖς
2729 897 2886 952 ταυτὶ
2957 898 3021 952 τὰ
3065 900 3186 952 θεῖα
3231 895 3655 973 παραλαϐόντες,
3702 899 3790 952 καὶ

2144 995 2263 1046 τοῖς
2321 981 2504 1046 ἄλλοις
2563 986 2761 1059 ὁμοίως
2837 983 3296 1062 παραδεδώκασιν.
3356 985 3507 1044 Ἐπεὶ
3550 984 3604 1041 δὲ
3667 985 3790 1042 ὅσον

2144 1070 2248 1138 ἤδη
2307 1079 2398 1129 τοῦ
2457 1073 2643 1137 τέλους
2703 1074 2931 1155 ἥπτετο,
2977 1083 3162 1150 μεῖζον
3209 1074 3324 1155 [γρ.
3358 1077 3591 1153 μείζοναΙ
3630 1077 3784 1152 αἵρε-

2143 1165 2261 1217 σθαι
2307 1163 2393 1218 καὶ
2430 1164 2496 1218 τὰ
2539 1164 2828 1238 σκάμματα
2875 1163 2999 1240 ἔδει,
3052 1166 3152 1233 τὴν
3207 1167 3300 1233 τῆς
3333 1167 3610 1244 ὑπερορίας
3644 1167 3781 1242 ἀγό-

2142 1271 2325 1323 μενον.
2376 1251 2556 1314 Οὕτως
2615 1253 2773 1309 αὑτὸν
2846 1255 2893 1310 οἱ
2946 1254 3306 1320 πιστευθέντες
3366 1267 3486 1318 ταῖς
3549 1267 3784 1333 μακραῖς

2142 1337 2274 1416 ἄγαν
2319 1346 2406 1396 καὶ
2455 1340 3008 1418 κατεσπουδασμέναις
3068 1341 3397 1421 ὁδοιπορίαις
3455 1344 3783 1414 κατέτεινον,

2141 1430 2212 1487 ὡς
2267 1431 2475 1504 θανάτῳ
2525 1431 2809 1507 βούλεσθαι
2875 1431 3326 1512 παραδοῦναι,τῷ
3391 1432 3597 1510 σφοδρῷ
3625 1432 3785 1511 τάχει

2141 1521 2226 1574 καὶ
2284 1525 2350 1594 τῇ
2397 1523 2724 1594 κακοπαθείᾳ
2783 1522 3156 1596 νεκικημένον,
3233 1525 3409 1600 Ταύτῃ
3489 1524 3576 1578 καὶ
3635 1524 3790 1578 ὑετοῦ

2141 1607 2344 1686 λάϐρως
2401 1609 2832 1689 ἐπιγκλύζοντος,
2894 1613 2982 1668 καὶ
3019 1611 3170 1680 ἡλίου
3228 1613 3390 1671 πάλιν
3422 1613 3785 1688 ἀκμαιότερον

2140 1695 2494 1778 διακαίοντος,
2550 1699 2668 1756 τότε
2727 1699 2932 1774 μᾶλλον
2979 1703 3064 1757 καὶ
3121 1704 3154 1770 ἦ
3214 1703 3502 1765 κατάλυσις
3533 1703 3784 1773 παρετεί-

2140 1809 2282 1859 νετυ,
2343 1790 2432 1844 καὶ
2475 1792 2508 1856 ἡ
2574 1790 2757 1862 πορεία
2818 1790 2923 1867 Γίσ,
2955 1796 3053 1857 τῆς
3086 1791 3331 1872 πορείας]
3366 1792 3540 1872 φέρειν
3569 1794 3628 1847 τὸ
3658 1793 3786 1847 σύν-

2141 1898 2295 1934 τονον
2352 1877 2644 1943 ἀπητεῒτο.
2691 1879 2866 1937 ’Ὀπου
2911 1878 2965 1936 ἃ.
2997 1880 3152 1946 πόλις
3183 1881 3216 1948 ἢ
3249 1883 3450 1960 χωρίον
3479 1881 3568 1957 ἧν,
3605 1883 3789 1954 σώμα-

2141 1989 2230 2030 τος
2287 1988 2345 2023 τε
2404 1968 2742 2046 παράκλησις
2799 1971 3164 2052 κεκμηκότος,
3217 1972 3252 2039 ἢ
3285 1975 3505 2048 λουτροῦ
3536 1973 3784 2048 παραμύο

2139 2060 2272 2129 θιον,
2335 2057 2371 2124 ἢ
2425 2059 2662 2138 βραχεῖα
2720 2082 2800 2124 τις
2861 2058 3000 2126 ἄλλη
3066 2063 3169 2117 τῶν
3225 2059 3405 2117 πόνων
3437 2060 3638 2138 ἄνεσις,
3672 2057 3787 2116 οῦδὲ

2142 2147 2327 2220 μικρὸν
2387 2150 2704 2226 προσμένειν
2762 2150 2963 2222 ἠξίουν,
3025 2150 3164 2206 οὕτω
3221 2149 3722 2224 διακεκελευσμὲνοι
3767 2169 3780 2182 ⁸

2142 2239 2256 2292 ἐπεὶ
2312 2235 2407 2292 καὶ
2451 2241 2637 2311 μισθὸς
2682 2238 2866 2303 αὐτοῖς
2924 2244 3019 2305 τῆς
3054 2238 3336 2314 ὠμότητος
3369 2239 3777 2316 διωμολογήθη,

2140 2331 2310 2399 τιμῶν
2364 2328 2622 2398 μειζόνυῖν
2672 2329 2995 2405 ἀπαγγελία.
3032 2331 3141 2396 Τὴν
3173 2333 3260 2386 οὖν
3291 2328 3543 2410 χαλεπήν
3589 2331 3784 2394 ταύτην

2140 2414 2317 2476 ἄσιτος
2351 2415 2599 2496 διανύων,
2647 2417 2782 2474 πολὺ
2814 2420 2912 2486 τὴν
2943 2419 3067 2494 ὄψιν
3099 2420 3229 2499 εἶχε
3261 2418 3650 2500 χαλεπωτέραν
3683 2425 3784 2474 τῶν

2140 2510 2310 2583 τρυφῇ
2339 2508 2426 2562 καὶ
2451 2509 2634 2570 πότοις
2667 2508 2917 2565 ἑκάστοτε
2950 2510 3380 2587 προσκειμένων.

2223 2589 2296 2652 Ξ’
2339 2603 2628 2654 Πιτυοῦντα
2689 2599 2786 2671 μὲν
2843 2601 2931 2654 οῦν
2998 2601 3088 2655 τὸν
3151 2599 3445 2678 ὡρισμένον
3490 2603 3632 2673 αὐτῷ
3693 2598 3784 2665 τῆς

2141 2687 2417 2765 ὑπερορίας
2503 2685 2693 2760 τόπον,
2767 2690 2840 2751 ὡς
2927 2687 3244 2769 Ἐπιφανίου
3325 2688 3634 2768 πρόῤῥησις,
3723 2685 3782 2742 οὗ

2143 2775 2453 2836 κατέλαϐεν.
2516 2775 2666 2834 Ἀλλ’
2725 2777 2839 2834 ἐπεὶ
2899 2779 3158 2854 Κομάνων
3218 2779 3402 2858 ἐγγὺς,
3447 2780 3502 2834 ἐν
3532 2784 3606 2850 τῷ
3630 2799 3775 2854 μαρ-

2140 2868 2311 2944 τυρίου
2357 2866 2673 2924 Βασιλίσκου
2718 2869 3071 2948 κατήχθησαν
3135 2868 3448 2949 (ἐπίσκοπον
3501 2867 3552 2924 δὲ
3615 2867 3776 2923 αὑτόν

2140 2979 2265 3034 φασι
2324 2958 2420 3030 μὲν
2479 2957 2746 3035 γενέσθαι,
2802 2959 2938 3016 κατὰ
2987 2957 3035 3014 δὲ
3084 2962 3204 3023 τοὺς
3252 2958 3584 3034 Μαξιμιανου
3640 2958 3780 3036 χρό-

2143 3067 2262 3108 νους
2321 3045 2376 3100 ἐν
2427 3051 2495 3122 τῇ
2552 3045 2885 3121 Νικομήδους
2940 3050 3030 3103 τὸν
3105 3054 3202 3114 της
3273 3048 3560 3125 μαρτυρίας
3628 3046 3781 3102 ἆθλον

2143 3133 2392 3190 ὑπελθεῖν
2418 3137 2504 3191 καὶ
2535 3141 2750 3203 νικῆσαι
2803 3138 2891 3193 καὶ
2943 3139 3033 3193 τὸν
3065 3139 3322 3216 στέφανον
3370 3135 3778 3213 ἀναδήσασθαι),

2859 3227 3074 3306 Θάρσει,
3165 3225 3380 3306 αδελφὲ,
3445 3230 3629 3305 φέναι,
3703 3227 3782 3280 καὶ

2146 3326 2308 3391 χαῖρε
2344 3331 2357 3347 ⁸
2405 3315 2626 3389 συνάψει
2669 3317 2768 3393 γὰρ
2801 3316 3129 3396 ἀμφοτέρους
3181 3319 3214 3384 ἡ
3277 3315 3522 3372 ἐπιοῦσα.
3565 3315 3779 3391 Λέγεται

2143 3400 2197 3456 δὲ
2242 3405 2328 3458 καὶ
2364 3405 2441 3476 τῷ
2504 3407 2750 3482 νεωκόρῳ
2812 3413 2900 3462 τοῦ
2959 3407 3245 3484 μαρτυρίου
3303 3411 3369 3481 τῇ
3439 3407 3542 3483 πρὸ
3623 3404 3777 3468 αὖτῆς

414 3487 835 3559 apparuisse,et
858 3485 1098 3542 dixisse:
1116 3486 1251 3543 Para
1273 3485 1466 3543 locum
1491 3486 2056 3554 fratriloanni,venil

2144 3489 2455 3566 ἐπιστάντα,
2521 3483 2833 3568 Ἑτοίμασον
2886 3495 3053 3552 τόπον
3131 3492 3378 3573 Ἰωάννῃ,
3454 3499 3638 3571 φάναι,
3713 3499 3783 3562 τῷ

414 3572 754 3638 cnim.Cum
779 3583 978 3634 autem
1005 3571 1184 3634 simul
1205 3580 1385 3652 atque
1408 3571 1892 3646 illuxisset,viam
1917 3591 2056 3635 rur-

413 3679 516 3725 sus
545 3671 751 3724 essent
771 3661 1290 3741 ingressuri,diem
1315 3660 1513 3722 sciens
1538 3663 2058 3740 magnusJoannes

413 3767 694 3839 tanquam
752 3775 822 3818 ex
874 3773 1188 3836 responso,
1242 3754 1490 3832 rogabat
1522 3774 1626 3818 eos
1656 3756 1758 3833 qui
1791 3755 2056 3819 abduce-

410 3849 574 3922 bant,
601 3854 665 3909 ut
687 3847 954 3909 sinerent
1007 3864 1145 3908 eum
1207 3863 1451 3908 manere
1502 3846 1751 3911 inloco.
1789 3847 1936 3909 Cum
1966 3845 2054 3908 illi

406 3946 604 4002 autem
636 3955 757 3999 non
807 3936 1270 4016 concessissent,
1305 3935 1411 3998 sed
1442 3935 1633 3997 instar
1663 3936 1927 3998 volucris
1950 3938 2057 3998 tri-

2143 3579 2354 3661 ἀδελφῷ
2410 3581 2627 3662 ἔρχεται
2672 3584 2773 3662 γάρ
2801 3603 2814 3618 ο
2875 3584 2988 3656 ἅμα
3026 3583 3080 3640 δὲ
3137 3587 3271 3664 φωτὶ
3320 3582 3628 3658 μελλόντωι
3671 3580 3783 3640 ὀδοῦ

2143 3670 2302 3726 πάλιν
2359 3671 2635 3752 ἅπτεσθαι,
2697 3673 2798 3740 τὴν
2848 3674 3053 3752 ἡμέραν
3109 3676 3182 3735 ὡς
3255 3673 3314 3730 ἐκ
3373 3681 3631 3752 χρησμοῦ
3694 3696 3779 3749 γι·-

2141 3760 2358 3816 νώσκων
2403 3764 2429 3817 ὁ
2474 3761 2661 3840 μέγας,
2726 3760 2901 3820 ἐδεῖτο
2946 3765 3051 3819 τῶν
3107 3763 3430 3838 ἀπαγόντων
3459 3765 3614 3819 ἐᾶσαι
3661 3769 3781 3839 γοῦν

2139 3864 2461 3928 προσμεῖναι
2517 3858 2592 3925 τῷ
2643 3851 2816 3926 τόπῳ.
2877 3858 2993 3911 Τῶν
3037 3853 3091 3908 δὲ
3150 3856 3227 3928 μὴ
3263 3852 3609 3923 πεισθέντων,
3644 3852 3778 3916 ἄλλη

2139 3947 2342 4007 πτηνοῦ
2373 3939 2532 4020 τάχει
2583 3941 2867 4018 τριάκοντα
2910 3941 3150 4004 σταδίους
3199 3941 3551 4015 διηνυκότων,
3603 3943 3776 4012 αὑτὸς,

407 4030 573 4108 ginta
603 4026 796 4090 stadia
852 4026 1279 4099 confecissent,
1312 4024 1467 4105 ipse,
1526 4026 1704 4106 cujus
1753 4025 2056 4088 voluntate

2143 4027 2198 4085 οὗ
2253 4030 2425 4085 πάντα
2486 4031 2820 4106 μετατίθεται
2883 4033 2958 4106 τῷ
3015 4031 3343 4108 βουλήματι,
3393 4032 3574 4105 αὑτὸς,
3621 4029 3781 4088 ὢτοῦ

411 4117 614 4179 omnia
643 4115 1159 4190 administrantur,
1184 4114 1314 4194 ipse
1335 4115 1393 4192 (ο
1429 4115 1832 4190 miraculum!)
1862 4115 2056 4178 effecit

2143 4117 2444 4192 θαύματοςῖ
2508 4121 2579 4185 εἰς
2638 4120 2846 4178 ἐκεῖνον
2901 4122 3046 4186 αὖθις
3101 4119 3376 4192 ἀναζεῦξαι
3440 4122 3532 4176 τὸν
3597 4120 3780 4190 τόπον,

410 4215 475 4268 ιιι
496 4223 760 4267 errorem
776 4201 1401 4277 subeuntes,redirent
1422 4203 1484 4266 in
1507 4205 1676 4266 illum
1703 4204 2056 4280 locum,eos-

2143 4206 2347 4274 πλάνην
2403 4209 2738 4274 ὑποστάντας
2783 4210 3199 4289 παρασκευάζει,
3256 4209 3352 4265 καὶ
3409 4207 3568 4265 πάλιν
3600 4209 3784 4271 αὖτοὺς

413 4313 531 4377 que
561 4312 771 4358 rursus
793 4291 1051 4357 habebat
1081 4292 1242 4355 edes
1265 4293 1544 4375 martyris
1574 4293 1869 4360 Basilisci.
1906 4295 2054 4358 Cum

2143 4300 2303 4354 ὑτοῦ
2363 4297 2624 4377 μάρτυρος
2689 4299 3006 4356 Βασιλίσκου
3069 4300 3200 4378 εἶχε
3265 4300 3457 4365 σηκός.
3522 4299 3670 4356 Ἐπεὶ
3730 4295 3782 4352 δὲ

411 4393 611 4448 autem
639 4389 698 4445 et
715 4392 950 4463 tempus
973 4391 1303 4456 vocaret,et
1328 4384 1452 4463 jam
1481 4385 1717 4446 adesset
1747 4383 1894 4446 hora
1926 4385 2056 4464 ejus

2143 4387 2235 4443 καὶ
2269 4389 2295 4442 ὁ
2327 4389 2513 4466 καιρὸς
2563 4387 2766 4463 ἐκάλει,
2813 4391 2900 4446 καὶ
2930 4392 2964 4458 ἡ
2996 4389 3108 4467 ὥρα
3138 4386 3240 4455 ἤδη
3273 4393 3450 4466 παρῆν
3506 4394 3603 4454 τῆς
3653 4390 3780 4463 πρὸς

409 4473 484 4535 ad
505 4473 697 4536 Deum
725 4472 1120 4552 migrationis,
1177 4481 1236 4534 et
1267 4473 1506 4553 egregia
1535 4473 1638 4535 illa
1669 4473 1869 4553 lingua
1899 4483 2056 4538 esset

2143 4479 2270 4533 Θεὸν
2327 4475 2603 4552 ἐκδημίας,
2649 4477 2869 4556 γλῶσσά
2927 4499 2983 4536 τε
3042 4484 3195 4556 σιγᾷν
3257 4477 3478 4553 ἔμελλεν
3521 4480 3554 4546 ἡ
3619 4477 3777 4548 καλὴ,

411 4564 686 4636 tacitura,
722 4543 1113 4624 etclaudendi
1137 4543 1341 4624 essent
1363 4543 1516 4625 oculi
1551 4543 1943 4644 nuntii'porae
1975 4564 2053 4626 il-

2143 4569 2226 4624 καὶ
2285 4565 2542 4646 ὀφθαλμοὶ
2586 4543 2760 4643 μύειν,
2806 4569 2852 4624 οἱ
2908 4574 3006 4636 τῆς
3065 4543 3296 4646 καθαρᾶς
3347 4569 3556 4633 ἐκείνης
3599 4573 3781 4646 ψυχῆς

411 4652 529 4714 lius
559 4651 792 4724 animae,
819 4659 878 4713 et
929 4650 1184 4730 insignis
1217 4654 1624 4732 temperantia
1654 4671 1890 4715 summa
1920 4653 2056 4736 pul-

2143 4656 2362 4735 ἄγγελοι
2421 4659 2640 4734 καθαροὶ
2691 4660 2780 4715 καὶ
2846 4657 3031 4731 πολλῷ
3072 4666 3149 4732 τῷ
3191 4657 3378 4714 κάλλει
3425 4663 3525 4724 τῆς
3564 4679 3775 4736 σωφρο-

410 4740 775 4812 chritudine,
805 4758 1044 4802 omnem
1083 4739 1324 4822 quidem
1349 4759 1526 4822 quam
1547 4760 1750 4806 secum
1776 4743 2056 4805 attulerat

2143 4748 2304 4814 σόνης
2361 4745 2698 4826 διαπρεπεῖς,
2781 4749 2952 4804 πάντα
3028 4749 3127 4821 μὲν
3188 4746 3285 4804 ὅσα
3368 4751 3474 4804 τὼν
3544 4747 3778 4804 ἐπίπλων

407 4828 1212 4913 suppellectilem,divisitiis
1232 4829 1337 4908 qui
1361 4831 1862 4896 aderant.Deinde
1876 4832 2054 4895 etiam

2143 4837 2397 4913 ἐπήγετο,
2445 4837 2674 4913 διένειμε
2731 4851 2848 4901 τοῖς
2909 4839 3185 4915 παροῦσιν.
3252 4839 3390 4894 Εἶτα
3440 4841 3526 4895 καὶ
3561 4839 3690 4914 ἅπερ
3718 4838 3780 4904 ἧν

407 4940 544 4984 cum
577 4919 842 4983 exuisset
873 4938 966 4995 ea,
1001 4919 1218 5001 quibus
1249 4931 1375 4983 erat
1406 4921 1680 5003 indutus,
1717 4940 1785 4983 ea
1815 4941 2056 5004 quoque

2143 4924 2478 5001 ἐκδεδυμὲνος
2536 4925 2961 5007 ἀποδυσάμενος,
3007 4929 3092 4984 καὶ
3156 4929 3287 4984 αὑτὰ
3345 4925 3548 4989 δίδωσι,
3603 4935 3774 4982 Μετα-

407 5011 592 5073 donat
623 5030 637 5070 :
693 5017 752 5072 et
773 5028 908 5072 cum
933 5026 998 5070 se
1021 5009 1093 5072 ad
1119 5009 1352 5072 calceos
1394 5028 1586 5091 usque
1617 5011 1810 5073 laatius
1839 5020 1900 5073 et
1927 5013 2053 5075 ala-

2143 5017 2422 5090 κοσμήσας
2481 5015 2535 5072 δὲ
2568 5018 2755 5074 ἑαυτὸν
2789 5016 2873 5072 ἐπὶ
2910 5019 2971 5074 τὸ
3004 5015 3344 5095 φαιδρότερον
3403 5017 3532 5096 ἄχρι
3592 5015 3655 5084 δὴ
3698 5015 3779 5070 καὶ

403 5107 562 5164 crius
592 5100 1054 5181 composuisset,
1092 5109 1158 5160 ut
1188 5105 1365 5161 etiam
1396 5099 1634 5181 iis,quae
1659 5103 2050 5182 apparebant,

2143 5103 2523 5181 ὑποδημάτων,
2583 5105 2677 5162 ’ἵνα
2737 5106 3096 5184 συνεορταζειν
3153 5109 3188 5182 ᾗ
3232 5119 3350 5168 τοῖς
3396 5105 3543 5163 ἔνδον
3594 5109 3678 5162 καὶ
3717 5105 3777 5160 τὰ

404 5189 620 5254 liceret
647 5207 783 5253 cum
816 5189 914 5263 iis,
968 5206 1103 5270 quas
1134 5197 1305 5251 erant
1335 5188 1518 5277 intus,
1553 5188 1864 5252 celebrare
1894 5190 2053 5253 diem

405 5279 621 5343 festum
638 5281 767 5360 ejus
791 5297 1073 5342 excessus
1097 5278 1568 5358 etmigrationis,
1599 5287 1660 5341 et
1678 5298 1810 5342 cum
1832 5281 1919 5342 sic
1951 5299 2051 5342 or-

407 5382 584 5433 natus
611 5368 812 5431 divina
831 5367 1190 5450 sumpsisset
1210 5375 1683 5443 sacramenta,et
1707 5378 2054 5433 consuetam

407 5462 610 5521 effatus
630 5469 782 5520 esset
801 5461 1206 5533 precationem:
1241 5460 1430 5518 Glorla
1464 5461 2054 5536 tibi,Domine,prop-

405 5555 498 5611 ter
524 5548 763 5624 omnia;
797 5548 938 5627 quin
971 5545 1147 5610 etiam
1180 5564 1248 5609 se
1279 5545 1577 5625 signasset
1624 5547 1796 5628 signo
1827 5548 2052 5630 crucis,

405 5654 538 5700 cum
570 5652 688 5721 qua
710 5633 958 5716 vixerat,
994 5643 1054 5700 et
1101 5635 1286 5718 pedes
1315 5633 1653 5715 extulisset,
1708 5635 1922 5718 pedes,
1955 5639 2052 5703 in-

2139 5195 2454 5273 φαινόμενα,
2491 5198 2591 5263 τὴν
2641 5196 2876 5252 ἐντεῦθεν
2922 5195 3240 5272 ἀπαλλαγὴν
3292 5197 3450 5253 αὑτόὖ
3478 5197 3568 5252 καὶ
3612 5195 3778 5271 μετα-

2140 5306 2324 5342 στασιν
2368 5287 2497 5364 πρὸς
2542 5288 2640 5353 τὴν
2686 5286 2888 5343 ἐκεῖθεν
2936 5287 3306 5361 μακαριότητα
3344 5302 3358 5317 ·
3394 5287 3484 5342 καὶ
3539 5285 3676 5342 οὕτω
3717 5281 3776 5350 δὴ

2139 5376 2450 5455 κοσμηθεὶς,
2511 5377 2600 5432 καὶ
2640 5379 2746 5432 τῶν
2803 5375 2954 5447 θείων
3010 5377 3344 5444 κοινωνήσας
3409 5376 3777 5453 ὰγιασμᾶτων,

2139 5465 2309 5544 εὐχήν
2365 5486 2421 5520 τε
2477 5467 2578 5531 τὴν
2665 5467 2864 5534 συνήθη
2937 5463 3408 5544 ἐπιφθεγξάμενος,
3477 5464 3610 5529 Δόξα
3669 5485 3774 5532 σοι,

2143 5555 2318 5632 Κύριε,
2381 5555 2594 5612 πάντων
2653 5554 2831 5610 ἓνεκεν
2870 5572 2884 5588 ⁸
2915 5561 2992 5628 τῷ
3021 5557 3169 5626 τύπῳ
3222 5575 3277 5610 τε
3320 5553 3779 5633 ἐπισφραγισᾶμε-

2138 5663 2228 5709 νος
2285 5647 2330 5719 ᾧ
2420 5643 2607 5717 συνέζη
2694 5652 2942 5725 σταυροῦ,
3020 5644 3108 5702 καὶ
3164 5645 3284 5710 τοὺς
3343 5641 3508 5709 πόδας
3567 5642 3774 5722 ἐξάρας,
