4020 6206
276 335 433 403 i209
508 325 510 328 ’

1323 324 1528 401 ἮΤᾹ
1556 339 1613 402 S.
1665 341 1698 400 J
1703 339 1912 402 OANN
1920 337 1989 402 IS
2040 339 2599 402 CHRYSOSTOMI.

3504 342 3656 409 1210

268 473 435 539 πόδας
487 470 732 536 ἐκείνους
760 471 880 537 τοὺς
938 471 1163 551 ὡραίους
1211 470 1376 537 ὅντως
1408 477 1495 531 καὶ
1547 474 1921 538 ἀποστολικοὺι

2017 493 2220 558 quam,
2253 474 2390 538 illos
2420 476 2727 554 speciosos
2757 483 2816 538 et
2845 492 2983 537 vere
3011 475 3654 558 apostolicos,beatum

264 566 368 634 τήν
441 563 706 641 μακαρίαν
778 561 990 640 ἆπῆλγε
1046 564 1302 642 πορείαν,
1373 567 1602 641 Χριστὸν
1677 566 1921 639 βλέπειν,

263 655 478 734 Χριστῷ
570 665 830 732 συνεῖναι,
905 659 1132 730 Χριστοῦ
1213 660 1289 728 τῷ
1359 653 1550 710 κάλλει
1640 653 1924 720 διαπαντὸς

262 743 678 824 ἐναγάλλεσθαν
725 742 986 820 μακάριος
1037 742 1135 818 μὲν
1187 743 1358 815 ἑαυτῷ
1406 748 1502 810 τῆς
1534 742 1792 818 ἐκδημίας
1838 754 1923 802 καί

260 832 628 908 μεταθέσεως,
703 829 954 912 ὀδυνηρὸς
1043 830 1097 888 δὲ
1167 833 1364 912 σφόδρα
1447 847 1566 898 τοϊς
1639 835 1922 914 ἒγνωκόσι,

256 926 350 982 καὶ
408 926 496 987 οὒς
541 922 607 991 δὴ
659 923 748 979 καὶ
803 922 1030 1000 μετρίως
1082 930 1175 980 τοῦ
1224 925 1418 980 οἰκείου
1470 922 1688 999 μέλιτος
1744 923 1924 1004 ἔγευσε

257 1015 354 1071 καὶ
413 1017 513 1081 τῆς
565 1009 784 1081 ἡδονῆς.
845 1011 1029 1088 Ημὲρα
1089 1012 1270 1087 μέντοι
1322 1019 1420 1080 τῆς
1466 1015 1625 1071 αὐτοῦ
1694 1013 1923 1090 μεταθέ-

262 1124 422 1178 σεως,
461 1102 580 1172 i’mc
638 1100 810 1171 δήπου
844 1101 936 1158 καῖ
984 1108 1075 1159 τοῦ
1118 1105 1397 1183 ζωηφόρου
1443 1110 1688 1182 σταυροῦ,
1723 1104 1790 1172 ἣν
1840 1099 1926 1160 καὶ

255 1193 466 1269 ὕψωσιν
529 1192 791 1267 εἰώθαμεν
845 1190 1046 1272 λέγειν,
1080 1191 1184 1247 ἀπὸ
1241 1199 1334 1249 τοῦ
1383 1193 1694 1270 πράγματος
1760 1193 1922 1252 αὐτὴν

261 1282 614 1360 ὀνομάζοντες
673 1283 811 1338 κατὰ
853 1283 950 1349 τὴν
1003 1282 1584 1358 τεσσαρεσκαιδεκάτην
1633 1282 1729 1361 (ὡς
1778 1281 1920 1339 πάν-

261 1389 350 1436 τες
413 1370 591 1450 ἴσασι)
651 1370 979 1447 τελουμένην
1036 1378 1130 1428 τοῦ
1188 1369 1572 1451 Σεπτεμϐρίου.
1631 1372 1778 1430 Ἔδει
1820 1372 1921 1449 γὰρ

259 1463 353 1518 τὸν
385 1460 573 1538 μηδενὶ
617 1461 978 1540 προσθέμενον
1023 1462 1130 1518 τῶν
1190 1464 1492 1541 παρόντων,
1556 1459 1676 1518 ἀλλ’
1736 1462 1920 1518 ἑαυτὸν

263 1550 402 1617 ὅλως
457 1558 535 1626 τῷ
568 1553 756 1627 κὸσμῳ
811 1551 1208 1631 στουρώσαντα,
1257 1552 1308 1608 ἐν
1342 1551 1489 1623 ἄλλῳ
1546 1573 1600 1608 τε
1645 1549 1810 1611 οὐδενὶ
1863 1551 1924 1607 τὸ

261 1641 528 1720 καῦχημα
573 1640 821 1716 θέμενον,
859 1637 977 1697 ἀλλ’
1032 1641 1148 1710 ἣὲν
1193 1647 1269 1715 τῷ
1300 1649 1507 1720 σταυρῷ
1538 1649 1628 1698 τοῦ
1674 1647 1920 1720 Χριστοῦ,

258 1729 382 1786 κατ’
443 1732 606 1799 αὐτήν
636 1751 696 1808 γε
750 1729 956 1810 ἡμέραν
1012 1735 1112 1797 τῆς
1173 1731 1358 1810 ἐορτῇς
1419 1738 1509 1788 τοῦ
1559 1737 1782 1809 σταυροῦ
1837 1723 1925 1789 καὶ

2009 565 2155 628 illud
2187 565 2302 626 iter
2331 563 2484 637 iniit,
2519 572 2583 624 ut
2614 563 2914 628 Christum
2964 565 3216 640 videret,
3252 587 3385 630 cum
3418 567 3654 631 Christo

2007 663 2368 727 versaretur,
2398 651 2614 715 Christi
2648 663 2933 735 perpetuo
2965 656 3288 718 exsultaret
3316 657 3656 739 pulchritu-

2008 743 2150 805 dine
2181 764 2197 805 :
2234 741 2346 804 sibi
2371 741 2614 823 quidem
2645 742 2786 804 felix
2820 743 2896 805 ob
2927 743 3240 808 decessum
3266 753 3326 808 et
3351 746 3660 826 migratio-

2010 852 2192 896 nem:
2246 850 2514 910 magnam
2547 842 2744 894 autem
2801 834 3060 896 aﬂ'erens
3109 835 3406 898 tristitiam
3455 838 3523 898 iis
3553 837 3657 918 qui

2008 940 2107 984 res
2161 922 2318 983 illius
2349 921 2602 1003 pulchre
2631 933 2938 999 noverant,
2979 933 3037 986 et
3094 924 3310 1006 quibus
3338 927 3427 987 vel
3457 927 3654 988 modi-

2011 1030 2143 1074 cum
2212 1013 2302 1074 sui
2354 1011 2550 1073 mellis
2598 1021 2830 1092 gustum
2883 1013 3236 1094 praebuerat.
3272 1017 3402 1078 Fuit
3455 1026 3652 1078 autem

2010 1101 2137 1164 dies
2170 1102 2301 1182 ejus
2331 1100 2636 1177 decessus,
2673 1102 2772 1183 qui
2804 1101 2913 1163 fuit
2941 1102 3190 1166 viviﬁcae
3221 1104 3448 1181 Crucis,
3476 1124 3651 1187 quam

2009 1210 2080 1254 ex
2128 1209 2196 1254 re
2253 1191 2382 1271 ipsa
2439 1191 2704 1253 solemus
2751 1209 2960 1254 vocare
3010 1192 3459 1268 Exaltationem,
3497 1213 3648 1276 quae,

2003 1288 2070 1342 ut
2099 1299 2308 1343 omnes
2335 1281 2555 1355 sciunt,
2589 1280 2930 1344 celebratur
2976 1291 3183 1364 quarto
3214 1284 3450 1346 decimo
3498 1288 3650 1367 Sep-

2006 1371 2255 1433 tembris
2287 1372 2426 1449 (56),
2473 1369 2804 1448 Oportebat
2853 1373 3015 1434 enim
3061 1391 3226 1449 eum,
3263 1376 3360 1455 qui
3410 1394 3477 1437 se
3505 1376 3654 1437 nulli

2006 1479 2207 1525 rerum
2244 1461 2632 1542 praesentium
2668 1461 3003 1538 dediderat,
3036 1463 3141 1525 sed
3172 1482 3238 1525 se
3269 1473 3452 1526 totum
3488 1485 3654 1528 mun-

2008 1553 2083 1613 do
2116 1551 2362 1614 omnino
2396 1551 2796 1633 cruciﬁxerat,
2831 1564 2886 1614 et
2918 1553 3081 1616 nulla
3121 1571 3188 1615 re
3229 1553 3342 1616 alia
3371 1556 3653 1635 gloriatus

2008 1641 2224 1716 fuerat,
2259 1659 2433 1722 quam
2468 1640 2526 1702 in
2575 1659 2756 1703 cruce
2787 1642 3032 1716 Christi,
3072 1661 3143 1706 eo
3195 1643 3322 1725 ipso
3354 1644 3452 1706 die
3503 1645 3652 1707 festo

2007 1729 2237 1801 Crucis,
2267 1749 2400 1791 cum
2451 1730 2640 1809 ipsum
2687 1748 2926 1811 quoque
2969 1731 3271 1811 deponere
3319 1734 3651 1813 pulverem,

259 1820 447 1897 αὐτὸν,
479 1821 539 1876 ’ὃν
592 1820 754 1900 εἶχεν
809 1819 870 1876 ἐκ
925 1819 1017 1876 τοῦ
1073 1821 1220 1878 κάτω
1261 1822 1465 1896 κόσμοσ
1519 1823 1676 1900 χοῦν,
1725 1818 1921 1876 ἀποθέ-

2008 1839 2182 1902 quem
2241 1819 2499 1882 habebat
2530 1837 2598 1880 ex
2629 1820 2741 1881 hac
2773 1826 3043 1894 materia,
3078 1829 3136 1883 et
3167 1823 3455 1884 mundum
3511 1842 3652 1904 per-

258 1914 404 1986 σθαι,
478 1911 566 1968 καὶ
625 1908 796 1986 μηδὲν
869 1911 930 1967 ἐκ
1000 1910 1187 1968 τούτου
1257 1911 1579 1988 παράσημὸν
1642 1909 1920 1986 ἑπαγόμε-

258 2023 350 2058 νον
405 2004 646 2078 καθαρῶς
725 1999 968 2078 γενέσθαι
1060 2007 1153 2057 τοῦ
1224 1998 1278 2055 ἐν
1350 2003 1594 2078 οὐρανοῖς
1664 1996 1920 2054 πολιτεύ-

258 2111 428 2164 ματος
438 2137 453 2152 .

343 2170 486 2240 ΞΛ’.
548 2180 677 2240 Τότε
722 2179 789 2248 δὴ
842 2181 1041 2258 γίνεται
1103 2186 1194 2237 τοῦ
1223 2181 1351 2258 πρὸς
1408 2182 1500 2236 τὸν
1544 2179 1695 2257 ἅγιον
1757 2176 1920 2234 πόθου

257 2269 461 2350 δεῖγμα
519 2271 610 2327 καὶ
672 2270 830 2328 τοῦτο
888 2270 1245 2350 σαφέστατον.
1310 2261 1402 2331 Ὠς
1460 2269 1560 2347 γὰρ
1618 2273 1653 2341 ἡ
1696 2267 1921 2333 τελευτή

260 2358 367 2427 ἤδη
408 2361 539 2439 πρὸς
570 2360 738 2426 ἀκοὰς
797 2360 1011 2434 ἔπιπτε,
1044 2360 1132 2415 καὶ
1175 2361 1209 2428 ἡ
1242 2361 1394 2427 κοινὴ
1446 2359 1612 2432 ζημία
1643 2361 1922 2436 πανταχοῦ

266 2445 541 2528 amatam,
591 2447 796 2517 πλῆθος
855 2448 1079 2528 ἀριθμοῦ
1135 2461 1401 2527 κρεῖττον,
1449 2446 1654 2513 πλῆθος
1699 2444 1922 2502 ἄπιστον

263 2535 466 2614 ἀνδρῶν
526 2539 660 2614 ὁμοῦ
703 2542 791 2596 καὶ
835 2539 1064 2617 γυναίων
1115 2545 1220 2596 τῶν
1266 2537 1493 2602 εὐσεϐῶς
1553 2535 1918 2611 ἀσκουμένων,

263 2624 317 2692 ἐξ
371 2628 532 2694 αὐτῆς
592 2629 781 2704 Συρίας
840 2629 925 2685 καὶ
992 2627 1260 2700 Κιλικίας,
1307 2627 1368 2684 ἐκ
1421 2627 1622 2682 Πόντου
1666 2624 1722 2682 τέ
1781 2647 1920 2704 φημι

263 2718 353 2773 καὶ
421 2716 517 2785 τῆς
577 2717 884 2799 Ἀρμενίας,
943 2719 1016 2781 εἰς
1089 2719 1444 2797 προσκύνησιν
1502 2725 1594 2774 τοῦ
1663 2717 1920 2792 μακαρίου

261 2805 537 2886 συνέῤῥεον
601 2807 873 2881 σώματος.
939 2807 1009 2866 ’Ὀ
1071 2810 1158 2865 καὶ
1199 2813 1306 2865 τῶν
1350 2809 1503 2884 ἱερῶν
1575 2806 1780 2880 ὕμνων,
1833 2804 1920 2860 καὶ

261 2901 359 2965 τῆς
414 2896 804 2975 νενομισμένης
857 2899 1024 2978 τυχὸν
1082 2896 1418 2976 ψαλμῳδίας,
1451 2895 1646 2976 χεῖράς
1690 2916 1747 2950 τε
1799 2893 1918 2949 δια-

262 2986 429 3066 φυγὸν
486 2993 594 3043 τῶν
655 2987 837 3066 ὥσπερ
892 2987 967 3044 ἔτι
1037 2994 1233 3058 ζῶντος
1289 2985 1708 3063 λαμϐανομένων
1766 2983 1922 3043 αὒϊοῦ

263 3076 353 3132 καὶ
383 3075 820 3154 νᾶσπαζομένων,
873 3074 996 3133 ὅλον
1055 3099 1112 3133 τε
1157 3077 1249 3132 σὺν
1299 3074 1464 3151 ἣδονῇ
1521 3073 1920 3152 περιπλεκομέ-

264 3187 390 3240 νων,
455 3167 546 3223 καὶ
591 3169 669 3241 μὴ
729 3171 974 3243 μεθεῖναι
1022 3164 1480 3247 φιλονεικούντων,
1523 3167 1766 3245 ἔχομενα
1820 3184 1922 3220 που

267 3254 586 3312 Βασιλίσκοῦ
643 3264 734 3313 τοῦ
795 3259 1054 3336 μάρτυρος
1116 3256 1372 3322 κατετέθη
1430 3257 1502 3320 εἷς
1553 3253 1706 3320 δόξαν
1764 3260 1917 3326 Θεοῦ,

267 3347 328 3400 οὗ
352 3343 527 3400 πάντα
557 3347 628 3412 εἰς
671 3345 824 3414 δόξαν
867 3348 1026 3408 αὒτὸς
1056 3346 1224 3403 ἐποίει
1255 3345 1358 3408 ἀεί,

2005 1912 2205 1974 venire
2229 1908 2301 1972 ad
2327 1928 2483 1984 eam,
2517 1927 2649 1990 quae
2679 1918 2770 1972 est
2796 1909 2856 1971 in
2888 1912 3076 1986 caelis,
3112 1914 3651 1976 conversationem.

2072 2177 2388 2242 LXi.Tunc
2417 2185 2618 2239 autem
2645 2179 2875 2240 exsistit
2903 2180 3198 2259 quoddam
3233 2182 3652 2244 manifestissi-

2006 2286 2167 2330 mum
2198 2267 2487 2330 indicium
2522 2269 2789 2329 omnium
2821 2270 3042 2331 amoris
3068 2274 3127 2330 in
3160 2269 3470 2334 Sanctum.
3503 2271 3648 2334 Nam

2005 2375 2139 2420 cum
2164 2365 2289 2436 jam
2313 2357 2384 2418 ad
2421 2357 2738 2419 multorum
2773 2376 2949 2419 aures
2981 2361 3354 2438 pervenisset
3383 2380 3516 2421 eum
3543 2361 3652 2421 de-

2005 2447 2286 2528 cessisse,
2318 2455 2378 2509 et
2422 2447 2759 2510 communis
2783 2448 3016 2527 jactura
3045 2450 3103 2510 in
3134 2468 3370 2512 omnem
3422 2459 3646 2531 partem

2008 2537 2415 2617 persuaderet,
2454 2536 2774 2598 multitudo
2827 2537 3303 2620 innumerabilis,
3337 2540 3650 2602 multitudo

2005 2627 2379 2690 incredibilis
2417 2626 2676 2688 virorum
2729 2627 2905 2689 simul
2942 2637 2998 2690 et
3027 2628 3369 2705 mulierum,
3396 2648 3528 2712 quae
3557 2635 3652 2710 pie

2004 2714 2466 2788 exercebantur,
2493 2733 2563 2777 ex
2596 2718 2725 2798 ipsa
2750 2719 2916 2799 Syria
2940 2726 3000 2780 et
3028 2717 3256 2793 Cilicia,
3283 2738 3352 2781 ex
3377 2721 3564 2782 Ponto
3595 2728 3654 2781 et

2003 2806 2284 2869 Armenia
2311 2804 2652 2868 conﬂuebat
2674 2807 2745 2870 ad
2769 2807 3141 2870 adorandum
3180 2808 3418 2872 beatum
3445 2810 3647 2871 taber-

2005 2895 2488 2967 naculum.Quod
2513 2896 2923 2977 quidem,cum
2957 2898 3013 2959 ei
3039 2896 3113 2959 de
3140 2916 3307 2962 more
3329 2901 3487 2961 sacri
3510 2899 3650 2962 dicti

2002 2984 2254 3046 fuissent
2280 2983 2482 3065 hymni
2517 2993 2575 3046 et
2606 2985 2960 3066 psalmodia,
2993 2995 3051 3047 et
3082 2986 3172 3047 vix
3205 2987 3516 3065 effugisset
3544 3007 3651 3050 eo-

2003 3094 2132 3136 rum
2157 3092 2385 3140 manus.
2412 3081 2509 3150 qui
2541 3081 2727 3150 ipsum
2751 3089 3024 3151 tanquam
3067 3084 3260 3138 vivum
3292 3082 3655 3151 accipiebant

2006 3173 2223 3227 etcum
2253 3164 2466 3240 gaudio
2495 3165 3075 3246 complectebantur,
3113 3175 3173 3228 et
3203 3167 3261 3228 id
3313 3168 3650 3229 contende-

2005 3253 2464 3334 bant,quidquid
2491 3254 2812 3332 ﬁeret,non
2837 3255 3493 3337 dimittere,deponitur
3522 3275 3653 3337 pro-

2007 3362 2080 3424 pe
2113 3342 2464 3406 Basiliscum
2513 3355 2862 3425 martyrem,
2893 3362 3108 3407 revera
3152 3345 3394 3425 dignum
3448 3346 3648 3407 omni-

265 3430 376 3494 bus
424 3431 728 3510 laudibus,
759 3443 822 3498 ut
851 3433 1011 3517 quod
1046 3434 1147 3497 tali
1179 3434 1357 3496 fuerit
1387 3434 1604 3496 animae
1649 3435 2062 3516 conjunctum,
2100 3441 2159 3494 et
2190 3433 2394 3493 talium
2429 3431 2699 3495 laborum
2749 3435 2926 3495 fuerit
2958 3434 3011 3495 ei
3044 3435 3298 3506 socium,
3337 3444 3394 3496 et
3427 3435 3644 3496 minis-

269 3520 401 3582 terii
435 3522 584 3602 grati
634 3523 713 3603 ei,
745 3525 846 3605 qui
876 3526 1070 3605 ipsum
1103 3524 1329 3587 creavit
1362 3541 1376 3586 :
1438 3524 1532 3587 Ad
1565 3524 1802 3587 laudem
1861 3524 2050 3604 ipsius
2088 3522 2225 3584 boni
2282 3521 2386 3582 Dei
2421 3523 2609 3585 nostri
2661 3523 2732 3584 ad
2767 3525 2937 3603 cujus
2985 3523 3234 3601 gloriam
3269 3523 3399 3603 ipse
3450 3527 3651 3588 omnia

262 3608 538 3687 faciebat,
576 3618 636 3672 et
684 3609 988 3694 Uuigeniti
1021 3613 1153 3694 ejus
1211 3611 1372 3686 Filii,
1407 3621 1468 3675 et
1528 3611 1734 3675 vivitici
1764 3610 2028 3694 Spiritus
2065 3633 2077 3675 :
2115 3628 2248 3692 qua;
2304 3620 2394 3671 est
2427 3611 2598 3672 beata
2650 3623 2707 3674 et
2740 3613 3088 3693 principalis
3148 3613 3436 3688 Trinitas,
3471 3633 3646 3694 quam

265 3698 438 3762 decet
462 3699 674 3779 gloria,
709 3701 907 3766 honor
937 3709 994 3766 et
1022 3702 1310 3774 adoratio,
1349 3719 1510 3764 nunc
1543 3707 1604 3764 et
1630 3719 1899 3784 semper,
1935 3709 1994 3764 et
2025 3701 2088 3764 in
2119 3699 2337 3763 saecula
2368 3699 2750 3767 seculorum.
2788 3706 3002 3765 Amen.

347 3876 472 3958 (56)
502 3876 676 3941 Anno
706 3877 850 3944 407.
