4020 6206
433 335 577 401 1211
1711 334 1991 398 MENSIS
2030 334 2486 399 JANUARIUS.
3682 332 3858 399 l‘li‘l

431 471 3794 504 Μ

1398 650 1577 760 DE
1669 651 1827 760 SA
1846 649 2212 763 ΝΟΤο
2298 647 2832 762 JACOBO

1633 875 1971 942 EREMITA
2015 873 2091 937 IN
2120 873 2586 939 PALIESTINA.

1195 1053 1443 1126 (Januarii
1471 1054 1551 1111 die
1579 1055 1667 1112 28.
1702 1087 1766 1097 —
1798 1058 1939 1114 Acta
1969 1057 2293 1114 Sanctorum
2331 1054 2582 1113 Bolland.
2609 1055 2670 1112 ad
2701 1055 2830 1114 hanc
2867 1054 3045 1122 diem.)

514 1361 573 1422 1.
607 1361 815 1423 Plures
846 1360 906 1422 in
963 1362 1127 1443 Syria
1157 1363 1354 1427 vixere
1391 1363 1794 1426 sanctimonia
1826 1362 2090 1425 illustres
2144 1363 2433 1438 eremitae,
2467 1360 2675 1424 Jacobi
2716 1361 3020 1443 appellati.
3052 1359 3279 1424 Horum
3325 1380 3480 1424 unus
3516 1362 3573 1424 is
3609 1361 3741 1424 fuit
3777 1362 3860 1425 de

430 1470 547 1533 quo
577 1451 990 1514 Theodoretus
1020 1471 1151 1534 cap.
1185 1455 1260 1517 25
1299 1454 1632 1529 Philothei,
1667 1473 1770 1516 seu
1806 1452 1910 1516 lib.
1950 1471 2010 1514 tx
2042 1453 2124 1516 De
2164 1453 2311 1516 Vitis
2372 1455 2660 1527 Patrum,
2694 1451 2924 1528 scribit,
2959 1453 3062 1532 qui
3095 1453 3371 1532 tugurino
3404 1452 3709 1516 inclusus
3737 1451 3862 1515 de-

428 1541 609 1622 gebat
653 1565 678 1599 ι
707 1543 876 1622 juxta
905 1545 1098 1605 vicum
1135 1546 1334 1608 Duzan
1366 1547 1426 1606 in
1455 1544 1644 1626 Syria,
1685 1570 1707 1603 ιι
1751 1561 1976 1624 perque
2033 1543 2328 1606 modicam
2363 1545 2583 1606 fossam
2617 1561 2906 1624 responsa
2935 1541 3253 1619 reddebat,
3282 1561 3478 1623 neque
3511 1543 3667 1620 igne
3703 1562 3858 1606 usus

430 1651 719 1713 unquam,
757 1652 955 1711 neque
989 1634 1218 1697 lumine
1250 1635 1528 1698 lucernae.
1570 1633 1983 1714 Nonagenario
2030 1634 2220 1715 major
2249 1635 2444 1696 adhuc
2475 1634 2535 1694 in
2566 1633 2712 1696 vivis
2744 1640 2893 1708 erat,
2919 1651 3053 1694 cum
3089 1631 3309 1695 librum
3340 1633 3511 1695 illum
3545 1632 3857 1701 Theodo-

428 1733 592 1785 retus
626 1723 840 1786 saeculo
873 1724 1078 1803 quinto
1111 1724 1542 1787 conscriberet.

510 1811 568 1873 2.
591 1812 761 1874 Alius
780 1812 853 1874 ab
884 1832 1094 1893 copem
1122 1813 1504 1878 Theodoreto
1532 1834 1662 1895 cap.
1699 1812 1764 1878 2t
1803 1819 2170 1876 memoratur
2197 1811 2481 1894 Jacobus,
2506 1812 2602 1875 cui
2633 1812 2762 1892 ipse
2787 1812 3018 1892 Magni,
3045 1811 3405 1875 Theodorus
3429 1815 3663 1875 Lector
3689 1813 3813 1877 lib.
3837 1831 3858 1878 I

439 1900 774 1964 Collectan.
808 1904 980 1982 Syri,
1009 1901 1292 1980 Evagrius
1326 1905 1434 1966 lib.
1483 1923 1544 1980 ll,
1574 1924 1703 1984 cap.
1738 1904 1797 1977 9,
1833 1906 2036 1981 Syrii,
2063 1901 2424 1984 Rosweydus
2455 1903 2827 1984 Hyptei’hrii,
2861 1901 3020 1983 quod
3052 1901 3166 1964 sub
3188 1902 3285 1964 dio
3317 1902 3568 1979 viveret,
3596 1923 3849 1985 cogno-

433 2007 570 2051 men
606 1990 890 2055 tribuere.
913 1993 1108 2072 Hujus
1134 1993 1404 2055 meminit
1426 1993 1716 2055 Baronius
1751 2003 1891 2052 tom.
1928 1991 2000 2054 V.
2028 2011 2126 2056 an.
2159 1994 2298 2056 Chr.
2328 1993 2473 2074 404,
2500 2013 2667 2068 num,
2704 1993 2844 2068 408,
2871 2002 2929 2054 et
2960 1993 3221 2066 an.4l4,
3252 2013 3420 2058 num.
3452 1996 3549 2070 15,
3581 2003 3646 2057 et
3685 2007 3846 2058 tom.

430 2081 530 2155 VI,
566 2101 665 2143 an.
703 2083 845 2157 458,
885 2103 1050 2146 num.
1088 2085 1185 2158 15,
1220 2085 1318 2145 ubi
1350 2087 1487 2165 jure
1520 2087 1926 2165 Nicephorum
1963 2084 2229 2162 corrigit,
2263 2084 2366 2164 qui
2414 2102 2546 2146 eum
2581 2102 2714 2145 cum
2746 2081 2972 2145 Jacobo
3001 2081 3294 2147 Nisibeno
3328 2086 3628 2148 confudit.
3668 2085 3846 2150 Coli—

430 2179 526 2232 tur
558 2171 880 2234 Nisibenus
910 2191 988 2235 xv
1011 2174 1182 2251 Julii,
1212 2175 1282 2234 ad
1317 2175 1570 2238 Jacobas
1595 2177 1864 2253 Magnus,
1893 2174 2020 2234 sive
2051 2172 2253 2253 Syrus,
2280 2190 2412 2235 xxvr
2447 2171 2765 2247 Novemb.,
2796 2173 2935 2234 licet
2960 2173 3091 2234 loca
3114 2191 3187 2236 ex
3214 2174 3553 2237 Annalibus
3585 2177 3843 2236 Baronii

423 2261 548 2340 jam
583 2263 762 2324 citata
793 2284 825 2326 a
862 2263 1057 2344 nobis,
1088 2265 1349 2344 ascripta
1403 2265 1655 2343 margini
1688 2270 1807 2325 sint
1839 2264 1897 2324 in
1933 2272 2234 2342 postrema
2265 2261 2667 2344 Martyrologii
2721 2262 2970 2323 Romani
3003 2263 3266 2326 editione
3297 2265 3371 2326 ad
3402 2267 3754 2328 notationes
3784 2283 3840 2328 vr

429 2353 714 2434 Augusti,
750 2373 868 2435 quo
902 2354 1000 2415 die
1020 2354 1237 2416 colitur
1263 2355 1413 2416 alius
1455 2354 1714 2418 Jacobus
1746 2354 2009 2416 Eretnita
2048 2379 2068 2410 ι
2103 2353 2336 2416 Amidae
2383 2355 2443 2414 in
2478 2353 2902 2432 Mesopotamia
2929 2353 3002 2415 ad
3037 2353 3262 2434 Tigrim
3294 2356 3536 2418 ﬂuvium
3579 2382 3601 2414 ι
3636 2357 3838 2419 mira—

433 2440 585 2503 culis
615 2443 843 2520 clarus,
878 2443 1112 2505 duobus
1147 2445 1263 2506 illis
1305 2447 1491 2506 multo
1533 2446 1740 2525 junior
1774 2462 1789 2518 ;
1836 2445 2058 2524 quippe
2099 2444 2195 2526 qui
2233 2452 2361 2520 post
2416 2442 2694 2506 Amidam
2730 2462 2762 2505 a
2794 2462 2936 2522 rege
2990 2446 3310 2508 Persarum
3344 2455 3575 2526 captam
3626 2446 3841 2509 adhuc

434 2531 692 2595 vivebat.
725 2534 902 2614 Capta
933 2551 1079 2595 vero
1113 2544 1202 2596 est
1229 2535 1465 2611 Amida,
1497 2543 1645 2596 teste
1678 2534 2027 2596 Marcellino
2058 2533 2120 2596 in
2153 2533 2475 2613 Chronico,
2516 2558 2538 2588 «
2568 2531 2929 2595 Consulibus
2959 2533 3190 2596 Avieno
3212 2535 3460 2597 Juniore
3489 2548 3547 2597 et
3573 2535 3780 2599 Probo
3804 2559 3834 2598 ι

431 2632 562 2710 (pro
600 2645 718 2707 quo
749 2625 849 2686 alii
886 2626 1156 2704 lia/fum,
1191 2627 1477 2696 scribunt)
1510 2645 1607 2687 an.
1641 2625 1778 2687 Chr.
1815 2623 1955 2700 502,
1993 2639 2110 2704 quo
2141 2624 2435 2686 Baronius
2465 2640 2632 2686 num.
2666 2621 2744 2684 4O
2774 2622 2848 2684 de
2909 2623 3021 2685 hoc
3051 2625 3117 2686 S.
3151 2624 3369 2687 Jacobo
3400 2627 3518 2704 agit
3550 2643 3622 2687 ex
3671 2628 3834 2689 Pro-

433 2720 589 2800 copii
621 2717 726 2780 lib.
760 2733 779 2776 ι
816 2715 903 2776 De
938 2715 1087 2778 bello
1121 2716 1388 2778 Persico.

511 2809 571 2870 2.
607 2806 918 2887 Philippus
949 2806 1255 2867 Ferrarius
1290 2808 1346 2866 in
1381 2803 1808 2885 Topographia
1837 2802 2240 2883 Martyrologii
2291 2803 2573 2876 Romani,
2609 2801 2789 2862 verbo
2820 2801 3191 2880 Palaestina,
3225 2803 3431 2867 scribit
3464 2803 3626 2868 hunc
3662 2824 3696 2866 ι
3718 2804 3831 2867 Ja-

434 2901 648 2962 cobum
708 2896 1063 2969 Eremitam,
1102 2895 1203 2976 qui
1257 2894 1485 2958 Amidae
1517 2897 1758 2974 ponitur
1815 2893 1926 2954 sub
1960 2894 2058 2954 die
2111 2909 2164 2953 v1
2192 2891 2468 2970 Augusti,
2507 2891 2788 2953 eumdem
2844 2891 3033 2954 videri
3065 2912 3198 2955 cum
3231 2913 3301 2956 eo
3331 2898 3432 2974 qui
3464 2894 3578 2956 hoc
3636 2911 3824 2960 xxvrn

433 2988 700 3053 Januarii
752 2987 992 3048 colitur.
1032 3011 1057 3040 ιι
1099 2983 1161 3046 In
1214 3005 1329 3065 quo
1363 2983 1634 3057 iniluhie,
1671 2984 1918 3058 fallitur,
1955 2993 2013 3043 et
2041 2982 2283 3062 quidem
2339 2981 2745 3043 vehementer.
2779 2979 2886 3043 llle
2914 2981 3097 3056 enim,
3132 2991 3280 3045 teste
3333 2982 3652 3064 Procopio,
3691 3010 3720 3040 ι
3755 2985 3817 3048 in

436 3081 565 3141 vico
623 3077 696 3139 ab
727 3075 945 3138 Amida
975 3078 1153 3136 unius
1206 3074 1324 3136 diei
1359 3075 1578 3135 itinere
1639 3073 1921 3148 distante,
1959 3073 2015 3132 in
2072 3071 2237 3133 brevi
2271 3073 2464 3151 spatio
2528 3070 2812 3133 cancellis
2844 3071 3218 3135 interseratis
3271 3073 3593 3136 inclusus:
3627 3073 3815 3152 vixit;

433 3170 531 3232 hic
569 3189 596 3228 it
633 3184 818 3249 prope
851 3164 1134 3245 oppidum
1168 3163 1679 3244 Porphyreouem,
1716 3184 1742 3223 ι
1783 3161 1855 3223 ab
1888 3181 2044 3223 anno
2078 3162 2264 3224 aetatis
2297 3161 2538 3223 circiter
2568 3161 2854 3223 vicesimo
2891 3185 2916 3218 «
2951 3162 3014 3224 in
3037 3164 3324 3244 spelunca
3347 3165 3600 3245 quadam
3634 3164 3815 3246 quin-

436 3259 630 3322 decim
668 3273 856 3318 annos
893 3255 1197 3315 habitavit.
1237 3280 1264 3309 υ

512 3349 574 3410 4.
609 3346 710 3408 Est
740 3352 937 3406 autem
971 3344 1276 3424 Stephano
1329 3341 1435 3405 lib.
1472 3343 1554 3404 De
1586 3341 1845 3404 urbibus
1877 3349 2099 3422 Πορφυρε

2231 3340 2373 3406 πόλις
2405 3345 2688 3421 Φοινίκης,
2721 3339 2870 3403 urbs
2901 3340 3261 3418 Phanio-ica,
3295 3342 3620 3405 admodum
3669 3344 3818 3406 anti-

434 3454 595 3516 qua;
629 3436 801 3514 cujus
829 3433 1104 3494 meminit
1131 3433 1408 3513 Polybius
1432 3431 1534 3495 lib.
1570 3450 1631 3513 v,
1667 3432 1742 3493 de
1776 3431 1936 3493 bello
1968 3449 2152 3509 agens
2184 3429 2463 3494 Antiochi
2495 3431 2714 3508 Magni.
2747 3429 3120 3511 Episcopalis
3149 3431 3259 3493 fuit
3289 3432 3400 3494 sub
3442 3433 3818 3514 metropolita

435 3530 728 3592 Caesarem
787 3523 1123 3598 Palestinae,
1159 3533 1218 3584 ut
1251 3523 1506 3584 habetur
1546 3522 1653 3585 lib.
1689 3540 1728 3583 ιι
1762 3520 1995 3584 Notitiae
2048 3520 2499 3602 episcopatuum
2533 3519 2740 3595 Mirazi,
2777 3519 2878 3582 ubi
2919 3531 3118 3582 tamen
3153 3521 3519 3603 Porphyron
3569 3525 3811 3603 scripta,

437 3615 763 3680 Wilhelmo
823 3613 998 3695 Tyrio
1055 3614 1160 3677 lib.
1221 3631 1273 3675 ιχ
1325 3612 1482 3674 Belli
1512 3617 1697 3686 sacri,
1737 3631 1868 3693 cap.
1926 3609 2024 3684 14,
2060 3621 2117 3672 et
2172 3610 2275 3672 lib.
2310 3631 2366 3686 ιι,
2403 3630 2530 3693 cap.
2591 3611 2628 3675 6
2657 3619 2716 3672 et
2747 3610 2844 3687 10,
2881 3621 2938 3673 et
2986 3611 3129 3674 alibi
3164 3613 3432 3694 Caiphae
3458 3614 3815 3696 appellatur,

434 3709 670 3789 Tyrium
707 3712 1038 3784 sequuntur
1069 3703 1496 3766 Adrichomius
1525 3703 1584 3764 in
1621 3700 1781 3763 tribu
1815 3701 2069 3776 isachar,
2106 3719 2238 3780 cap.
2287 3703 2387 3781 t7,
2421 3701 2828 3782 Quaresmius,
2866 3710 2925 3762 et
2971 3701 3074 3763 alii
3108 3725 3123 3776 ;
3157 3706 3260 3784 qui
3308 3713 3503 3766 tamen
3537 3705 3815 3768 falluntur

437 3800 576 3861 dum
611 3816 645 3860 a
695 3795 919 3875 Caiplia
952 3793 1237 3875 pontiﬁce
1271 3803 1632 3856 exstructam
1669 3797 1979 3854 scribunt:
2017 3798 2346 3853 restaurata
2375 3790 2447 3853 ab
2482 3810 2552 3854 eo
2582 3800 2670 3854 est
2694 3790 2987 3854 fortassis.
3018 3793 3190 3855 Juxta
3220 3811 3408 3869 mare,
3441 3793 3514 3856 ad
3563 3794 3812 3858 Carmeli

436 3888 654 3952 montis
679 3886 938 3953 radices.
972 3893 1137 3964 parte
1165 3883 1501 3964 aquilonari
1525 3883 1701 3944 sitam
1740 3881 2008 3943 tradunt.

515 3981 574 4043 5.
611 3975 1049 4055 Porphyreonis
1085 3972 1250 4035 urbis
1281 3971 1499 4034 incolis
1530 3995 1558 4027 α
1591 3989 1725 4033 cum
1759 3989 1822 4032 se
1857 3968 2143 4032 honorari
2177 3969 2426 4046 videret,
2457 3995 2484 4026 n
2507 3977 2572 4031 ut
2603 3988 2770 4036 num.
2805 3972 2883 4034 10
2912 3970 3155 4048 dicitur,
3189 3998 3209 4030 ι
3243 3973 3478 4054 fugiens
3497 3973 3642 4037 abiit
3668 3993 3809 4056 qua-

434 4067 709 4148 draginta
742 4063 1100 4126 milliaribus
1133 4069 1190 4124 et
1219 4061 1290 4123 ad
1320 4063 1511 4141 ripam
1545 4060 1707 4122 ﬂuvii
1743 4059 1989 4140 triginta
2019 4078 2215 4122 annos
2253 4060 2603 4123 habitavit.»
2642 4060 2813 4123 llunc
2843 4062 3086 4124 ﬂuvium
3127 4062 3403 4127 Cisonem
3435 4063 3808 4142 arbitramur,

433 4158 536 4239 qui
567 4177 635 4220 ex
671 4157 817 4218 mari
869 4153 1148 4228 Galilaete,
1184 4171 1292 4214 seu
1345 4150 1710 4225 Tiberiadis,
1747 4150 1831 4239 in,
1868 4169 2033 4213 mare
2064 4149 2572 4213 Mediterraneum
2629 4149 2863 4226 deﬂuit,
2897 4153 2990 4214 cui
3037 4152 3111 4213 ad
3145 4153 3348 4216 leucas
3374 4153 3600 4234 aliquot
3647 4174 3809 4218 mons

430 4237 718 4318 liermon,
751 4243 878 4304 sive
908 4241 1325 4315 Hermonium,
1362 4239 1597 4319 adjacet
1632 4257 1647 4314 ;
1682 4237 1837 4318 apud
1873 4239 2049 4318 cujus
2109 4248 2304 4320 petras
2335 4240 2398 4302 in
2430 4241 2720 4320 spelunca
2751 4240 2988 4304 videtur
3017 4242 3254 4320 vixisse,
3288 4261 3358 4304 ex
3390 4262 3506 4325 qua
3538 4262 3670 4306 cum
3701 4245 3809 4308 fte-

435 4335 574 4396 dum
609 4331 757 4395 illud
791 4332 1074 4411 ﬂagitium
1111 4336 1535 4412 perpetrasset,
1570 4328 1868 4403 discessit,
1905 4337 2080 4409 atque
2112 4348 2298 4392 annos
2327 4330 2534 4393 decem
2567 4330 2631 4392 in
2663 4329 2780 4392 alia
2805 4332 3115 4411 spelunca,
3149 4351 3255 4396 seu
3286 4341 3488 4396 vetere
3518 4333 3805 4415 sepulcro,

434 4421 494 4486 in
527 4422 734 4486 eadem
786 4421 1032 4501 regione
1091 4420 1303 4500 exegit.
1353 4423 1431 4483 At
1483 4421 1528 4479 si
1590 4420 1814 4481 ﬂumen
1861 4420 1976 4482 hoc
2016 4419 2311 4500 quispiam
2355 4419 2682 4484 Jordanem
2733 4439 2866 4483 esse
2924 4423 3269 4497 contendat,
3327 4423 3483 4486 haud
3536 4423 3804 4504 equidem

434 4513 788 4595 pugnaciter
835 4511 1216 4585 obsistemus,
1252 4510 1303 4573 si
1359 4507 1516 4590 quod
1550 4508 1815 4570 attulerit
1865 4508 2176 4590 probabile
2219 4517 2658 4589 argumentum,
2700 4518 2882 4590 atque
2915 4512 3143 4592 uspiam
3193 4511 3490 4593 repererit
3517 4531 3631 4574 non
3685 4511 3807 4593 plus

433 4603 510 4665 40
545 4602 811 4663 millibus
837 4606 1116 4681 passuum
1151 4601 1338 4661 ﬂuere
1369 4617 1402 4660 a
1436 4597 1862 4678 l’orphyreone
1891 4597 2240 4662 Jordanem.
3506 4606 3512 4612 '

515 4693 574 4754 6.
607 4689 830 4753 Jacobo
867 4710 997 4752 mox
1030 4690 1102 4752 ab
1134 4687 1407 4764 obitu,ob
1435 4689 1856 4750 miraculorum
1893 4687 2495 4769 frequentiam,sacra
2529 4695 2834 4751 exstructa
2869 4695 2960 4751 est
2986 4688 3167 4769 aedes,
3197 4689 3258 4752 in
3283 4708 3460 4773 quam
3494 4692 3624 4772 ejus
3646 4699 3801 4754 tran-

439 4782 603 4844 slataa
646 4795 782 4842 sunt
815 4780 1109 4861 reliquiae,
1141 4787 1199 4842 et
1231 4777 1520 4841 memoria
1552 4785 1697 4854 quot
1725 4777 1898 4838 annis
1928 4795 2062 4838 cum
2096 4777 2350 4840 solemni
2383 4778 2696 4840 festivitate
2743 4777 3072 4843 celebrata.
3113 4778 3248 4842 Vita
3277 4779 3338 4843 S.
3373 4781 3578 4844 Jacobi
3599 4781 3808 4863 scripta

437 4871 669 4932 videtur
701 4889 734 4933 a
760 4879 989 4932 vetusto
1014 4879 1278 4943 auctore,
1313 4866 1474 4930 haud
1507 4867 1608 4928 diu
1637 4875 1774 4945 post
1802 4867 1933 4948 ejus
1969 4873 2244 4942 mortem,
2283 4875 2347 4928 ut
2377 4867 2503 4929 haec
2535 4867 2714 4929 verba
2745 4868 3005 4930 innuunt
3043 4888 3064 4924 α
3106 4889 3120 4932 :
3155 4867 3302 4931 Cum
3333 4870 3806 4950 religiosissimus

437 4961 755 5044 episcopus
786 4960 1012 5022 obitum
1046 4957 1441 5038 cognovisset,
1475 4956 1546 5019 ad
1580 4975 1717 5018 eum
1765 4957 1960 5018 locum
1997 4975 2132 5018 cum
2166 4965 2287 5018 toto
2321 4957 2485 5019 clero
2521 4965 2574 5018 et
2631 4957 2838 5038 probis
2867 4957 3037 5020 laicis
3070 4959 3344 5034 accessit,
3379 4960 3484 5040 qui
3509 4978 3646 5023 cum
3677 4979 3803 5022 aro-

439 5051 696 5113 matibus
727 5048 1007 5131 pretiosis
1040 5067 1176 5110 eum
1223 5047 1614 5118 condiissent,
1651 5046 1838 5108 Deum
1874 5044 2066 5126 ipsum
2124 5054 2183 5107 et
2215 5047 2346 5125 ejus
2399 5045 2645 5125 gloriam
2680 5047 3078 5122 celebrantes,
3109 5049 3480 5111 venerandas
3511 5051 3642 5130 ejus
3670 5049 3802 5113 reli-

437 5140 605 5220 quias
640 5140 697 5200 in
729 5140 830 5200 illo
861 5139 989 5220 ipso
1024 5147 1417 5200 monumento
1451 5137 1882 5215 deposuerunt.
1919 5133 2130 5196 Postea
2161 5143 2399 5196 sanctus
2423 5135 2530 5198 Dei
2564 5137 2846 5198 sacerdos
2878 5154 3107 5198 sacram
3141 5137 3329 5200 aedem
3363 5138 3434 5200 ad
3468 5140 3800 5220 speluncam

439 5230 769 5305 aediﬁcavit,
805 5230 1054 5310 ejusque
1084 5227 1373 5306 reliquias
1409 5226 1546 5288 illuc
1579 5224 1900 5286 transtulit.
1934 5223 2058 5297 Quo
2093 5224 2151 5286 in
2186 5223 2318 5284 loco
2347 5241 2539 5300 usque
2561 5228 2620 5285 in
2654 5225 3014 5288 hodiernum
3044 5224 3202 5286 diem
3239 5225 3408 5288 multi
3440 5235 3720 5290 curantur
3739 5247 3803 5292 ac

439 5330 558 5382 tota
591 5319 816 5397 civitas,
859 5328 913 5380 et
944 5319 1196 5382 ﬁnitima
1223 5317 1414 5396 regio,
1451 5318 1581 5395 ejus
1615 5315 1965 5376 memoriam
2017 5313 2274 5394 singulis
2301 5315 2474 5376 annis
2504 5313 2824 5378 celebrans
2869 5315 3029 5377 diem
3064 5333 3344 5394 magnum
3376 5316 3592 5380 festum
3635 5321 3741 5399 agit
3772 5342 3794 5378 ι

439 5419 554 5472 etc.
606 5409 750 5484 Qum
781 5417 1082 5490 postrema
1115 5408 1187 5469 de
1221 5415 1392 5469 aetate
1440 5406 1854 5486 Metaphrastae
1884 5403 2005 5486 (qui
2039 5405 2190 5466 hanc
2233 5405 2424 5465 Vitam
2460 5422 2566 5466 suo
2601 5405 2677 5467 de
2731 5407 2911 5486 gestis
2943 5413 3290 5468 sanctorum
3320 5407 3490 5488 operi
3541 5408 3796 5476 inseruit,

440 5499 804 5577 recognitam
858 5518 888 5558 a
925 5517 989 5558 se
1044 5497 1335 5570 fortassis,
1372 5515 1440 5558 ac
1473 5496 1546 5557 de
1585 5513 1750 5556 more
1801 5493 2248 5575 interpolatam)
2303 5494 2501 5555 minus
2531 5495 2846 5557 commode
2897 5494 3089 5574 accipi
3123 5494 3394 5558 videntur
3444 5515 3644 5578 posse,
3679 5516 3796 5560 curn

441 5589 636 5650 omnia
665 5589 779 5649 late
800 5587 1080 5650 Saraceni
1114 5587 1529 5667 Melaphrastaa
1559 5605 1678 5648 aevo
1717 5595 2012 5646 tenerent.
2045 5582 2186 5645 Eam
2217 5601 2396 5664 porro
2427 5586 2624 5647 Vitam
2657 5587 2860 5647 Latine
2888 5603 2919 5647 a
2953 5583 3245 5649 Gentiano
3273 5585 3530 5650 Herveto
3557 5606 3797 5666 versam,

440 5677 762 5743 ediderunt
789 5677 1153 5759 Lipomauus
1179 5687 1236 5739 et
1261 5677 1870 5740 Suriuszcontractam
1891 5671 2181 5754 Georgius
2203 5673 2606 5737 Garnefeltius
2627 5674 2731 5738 lib.
2757 5690 2800 5741 ιι
2827 5677 2914 5738 De
2937 5675 3083 5739 vitis
3107 5676 3538 5756 eremitarum,
3564 5696 3722 5744 num.
3745 5680 3794 5746 Ἰ.
