4020 6206
229 295 403 366 1213

1353 253 1356 256 ’
1433 301 1623 368 VITA
1652 303 1712 366 s.
1757 299 2013 365 JACOBI
2059 300 2426 366 MONACHI.

3464 305 3616 372 12M

1014 608 1424 739 ΒΙΟΣ
1537 605 1843 735 ΚΑΙ
1961 607 2838 737 ΠΟΛΙΤΕΙΑ

832 879 1058 967 ΤΟΥ
1133 879 1476 968 ΑΓΙΟΥ
1550 879 1894 967 ΙΑΚΩΒ

1960 878 2055 967 ιΥ
2127 879 2354 968 ΤΟΥ
2428 881 3014 970 ΜΟΝΑΧΟΥ.

581 1231 838 1317 VITA
939 1231 1078 1316 ET
1180 1228 1964 1318 CONVERSATIO
2076 1232 2166 1327 S.
2265 1229 2655 1317 JACOBI
2763 1231 3271 1318 MONACHI

670 1435 867 1507 (Graece
897 1451 1030 1494 nunc
1057 1435 1271 1509 primum
1301 1434 1551 1508 prodeunt
1581 1451 1642 1490 ex
1670 1434 1784 1492 cod.
1819 1450 1920 1492 ms.
1959 1434 2089 1508 Reg.
2129 1435 2294 1494 Paris.
2328 1452 2381 1492 n.
2417 1435 2556 1492 1708
2587 1442 2778 1495 notato.
2814 1435 2968 1493 Eutr.
2996 1435 3191 1505 Pun.)

1709 1761 2136 1828 PREFATIO.

313 1947 412 2012 A'.
469 1947 689 2006 Πολλῶν
751 1947 966 2026 ἀγαθῶν
1025 1946 1112 2002 καὶ
1169 1943 1513 2025 tirwaquth
1569 1947 1885 2024 εὐεργεσιῶν

2048 1941 2095 2006 Ι.
2130 1941 2311 2005 Multa
2339 1943 2498 2006 bona
2529 1955 2589 2007 et
2621 1943 2836 2006 animas
2881 1945 3164 2008 salutaria
3219 1945 3514 2007 beneﬁcia
3543 1944 3617 2006 iis

224 2051 357 2104 τοῖς
402 2037 665 2116 φιλοθὲοις
722 2039 811 2097 καὶ
854 2037 987 2095 κατὰ
1050 2037 1116 2094 τὰ
1175 2036 1565 2114 προστάγματα
1621 2043 1712 2093 τοῦ
1772 2046 1882 2094 Κυ-

223 2131 343 2205 ρίου
389 2131 546 2204 ἡμῶν
605 2127 787 2196 ἰησοῦ
845 2126 1074 2206 Χριστοῦ
1115 2132 1274 2198 ζῆσαι
1318 2124 1558 2182 θέλουσιν
1610 2128 1644 2194 ἡ
1703 2124 1883 2182 καλλί-

226 2242 338 2285 στη
396 2223 496 2285 τῆς
553 2217 1044 2298 ταπεινοφροσύνης
1105 2221 1296 2282 κτῆσις
1354 2213 1604 2293 πρόξενος
1653 2216 1878 2292 γίνεται,

228 2309 299 2377 ἣν
359 2309 386 2365 ὸ
425 2307 703 2384 δράξασθαι
763 2305 1064 2372 σπουδάσας
1109 2307 1195 2362 καὶ
1247 2305 1450 2372 ταύτην
1511 2305 1878 2386 κατορθώσας,

231 2400 296 2456 οὒ
351 2399 551 2456 πτῶσίν
594 2420 737 2478 τινα,
774 2400 836 2455 οὗ
882 2396 1079 2459 πάθους
1139 2393 1544 2474 αἰχμαλωσίαν,
1599 2395 1719 2452 οὕτε
1771 2396 1881 2470 μὴν

231 2488 404 2569 τύφον
431 2492 529 2555 τῆς
559 2487 639 2566 ἐφ’
674 2487 845 2561 ἑαυτῷ
875 2487 1248 2556 πεποιθήσεως
1305 2487 1596 2561 ὑπομεῖναι
1651 2484 1877 2555 δυνήσε-

237 2601 356 2639 ται.
419 2575 542 2636 Ὀτι
599 2577 698 2656 γὰρ
755 2576 954 2642 ταύτην
1003 2575 1213 2644 πολλὴν
1243 2576 1438 2651 ζημίαν
1476 2576 1557 2632 καὶ
1587 2574 1881 2646 ἀνήκεστον

236 2666 449 2746 βλάϐην
501 2668 588 2724 καὶ
645 2665 900 2746 μέγιστον
959 2665 1192 2726 κίνδυνον
1223 2665 1410 2744 ἐπάγει
1444 2679 1562 2731 τοῖς
1595 2666 1674 2741 μῆ
1707 2688 1880 2745 προσ-

235 2758 482 2840 έχουσιν,
519 2757 660 2815 ἔστιν
713 2756 813 2830 μὲν
875 2759 937 2812 ὲκ
993 2755 1213 2814 πολλῶν
1245 2755 1441 2834 ἒτέρων
1492 2753 1726 2812 κατιδεῖν
1783 2777 1877 2812 τε-

235 2851 504 2926 κμηρίων,
565 2852 796 2923 μερικῶς
849 2843 904 2902 δὲ
963 2849 1052 2902 καὶ
1123 2847 1183 2902 εκ
1230 2852 1324 2902 τοῦ
1388 2842 1678 2921 μέλλοντος
1752 2844 1881 2924 παρ’

231 2937 390 3014 ἡμῶν
448 2938 784 3016 προτίθεσθαι
845 2935 1186 3014 διηγήματος
1244 2934 1375 3014 πρὸς
1447 2931 1733 3010 οἰκοδομὴν
1777 2937 1874 2990 καὶ

234 3025 530 3107 ἀσφάλειαν
589 3023 739 3106 [τῶν]
797 3026 888 3084 τὸν
961 3023 1248 3104 ἀγγελικὸν
1291 3030 1479 3080 τοῦτον
1547 3024 1662 3100 βίον
1718 3026 1879 3081 επανο

231 3115 543 3196 ῃρημένων.
607 3117 698 3172 Ἐν
757 3113 932 3187 τούτῳ
972 3114 1073 3191 γὰρ
1104 3113 1399 3191 εὑρήσομεν
1455 3110 1550 3168 καί
1601 3109 1878 3168 πολιτείαν

232 3206 510 3282 εὐάρεστον
562 3203 792 3274 ἀσκήσει
835 3201 1250 3281 κατορθουμένην
1303 3203 1392 3258 καὶ
1437 3206 1639 3258 πτῶσιν
1697 3200 1876 3280 ἰσχά-

1967 2033 2109 2095 viris
2139 2033 2244 2115 qui
2279 2033 2388 2097 Dei
2444 2043 2717 2097 amantes
2748 2045 2912 2108 sunt,
2948 2044 3006 2098 et
3035 2035 3361 2097 Salvatoris
3391 2035 3614 2097 Christi

1967 2123 2286 2204 praeceptis
2316 2133 2748 2202 congruentem
2783 2126 2960 2186 vitam
2994 2125 3441 2204 ingrediuntur,
3479 2125 3613 2206 pul-

1965 2212 2268 2275 cherrima
2319 2213 2672 2276 humilitatis
2733 2215 3034 2295 possessio
3068 2215 3349 2276 conciliat
3383 2233 3398 2272 :
3434 2233 3614 2291 quam

1964 2303 2061 2383 qui
2093 2303 2373 2382 amplecti
2405 2303 2788 2380 studuerit,et
2812 2305 3073 2383 perfecte
3097 2303 3339 2383 obierit,
3373 2305 3420 2364 is
3453 2323 3610 2365 nun-

1965 2412 2140 2474 quam
2173 2390 2318 2454 illud
2359 2393 2572 2455 timere
2605 2395 2845 2473 poterit,
2879 2414 2954 2456 ne
2975 2395 3172 2475 aliquo
3210 2395 3386 2455 modo
3417 2393 3610 2468 cadat,

1963 2490 2069 2544 aut
2095 2481 2216 2544 ullo
2248 2482 2462 2545 affectu
2493 2484 2786 2564 capiatur,
2812 2484 2904 2546 vel
2929 2503 3051 2546 sua;
3072 2483 3308 2546 ﬁducize
3327 2482 3614 2564 superbia

1965 2573 2268 2634 efferatur.
2304 2572 2476 2644 Quod
2508 2573 2670 2634 enim
2699 2575 2948 2635 multum
2973 2573 3268 2644 damni,et
3297 2572 3610 2634 insanabi-

1964 2662 2082 2724 lem
2101 2663 2886 2744 jacturam,maximumque
2913 2663 3247 2744 periculum
3273 2663 3397 2726 haec
3421 2662 3494 2725 iis
3514 2661 3607 2724 af—

1963 2751 2245 2833 ferat,qui
2271 2770 2390 2813 non
2415 2752 2717 2814 cautiores
2739 2752 2986 2828 fuerint,
3022 2752 3164 2814 licet
3185 2771 3216 2815 θ
3246 2752 3446 2814 multis
3476 2754 3610 2816 aliis

1961 2841 2334 2921 argumentis
2366 2842 2480 2904 hoc
2509 2841 2870 2920 intelligere,
2901 2843 3200 2922 praecipue
3223 2861 3361 2904 vero
3397 2862 3465 2905 ex
3499 2845 3610 2906 hac

1961 2930 2373 3012 historia.qua3
2397 2931 2567 2992 nobis
2590 2932 2913 2994 scribenda
2935 2941 3048 2996 est:
3087 2941 3148 2993 ut
3168 2939 3272 3009 qui
3295 2934 3604 2996 caelestem

1961 3021 2138 3082 vitam
2164 3020 2276 3083 sibi
2308 3022 2748 3101 proposuerint,
2784 3040 2854 3083 ex
2900 3023 3026 3100 ipsa
3047 3023 3389 3084 narratione
3423 3024 3610 3103 proii-

1960 3111 2144 3184 ciant,
2179 3130 2296 3190 quo
2332 3111 2582 3172 tutiores
2613 3111 2759 3172 sint.
2823 3113 2886 3172 In
2938 3111 3050 3173 hac
3081 3111 3239 3172 enim
3274 3121 3332 3173 et
3367 3113 3605 3176 institu-

1963 3200 2182 3262 tionem
2213 3201 2499 3280 optimam
2560 3201 2955 3272 inveniemus,
3010 3209 3071 3262 et
3120 3201 3615 3266 exercitationem

232 3318 332 3363 την
388 3294 450 3351 ἐκ
503 3294 754 3371 ῥᾳθυμίας
815 3290 1116 3367 συμϐᾶσαν,
1171 3292 1257 3348 καὶ
1306 3293 1407 3360 τῆν
1445 3296 1546 3358 τῆς
1591 3290 1875 3366 μετανοίας

1963 3292 2310 3371 perfectam,
2346 3301 2679 3353 extremum
2714 3289 2974 3372 denique
3005 3309 3246 3354 cursum
3278 3311 3346 3353 ex
3382 3293 3616 3373 pigritia

232 3383 450 3460 δύναμιν
507 3393 760 3442 τοσοῦτον
816 3381 1108 3461 ἰσχύουσαν
1168 3379 1311 3457 παρὰ
1382 3383 1460 3440 τῶ
1521 3378 1878 3458 φιλανθρώπῳ

233 3472 374 3554 Θεῷ,
424 3475 497 3538 ὡς
553 3473 630 3548 μὴ
677 3471 840 3546 μόνον
873 3469 928 3536 ἑξ
957 3471 1132 3527 αὐτῶν
1162 3479 1254 3529 τοῦ
1285 3467 1412 3542 ᾅδου
1441 3467 1624 3526 πυλῶν
1655 3484 1742 3524 και
1771 3475 1879 3524 τῶν

233 3568 330 3630 τῆς
389 3561 609 3642 γεέννῆς
646 3559 836 3618 δεινῶν
893 3559 1185 3638 ἐξαρπάσαι
1239 3560 1331 3615 τὸν
1388 3558 1684 3636 ἄνθρωπον,
1742 3557 1880 3614 ἀλλὰ

235 3653 334 3730 γὰρ
393 3652 610 3727 μείζονα
669 3654 770 3718 τῆς
844 3650 1108 3728 προτέρας
1153 3649 1348 3721 ἀρετῆς
1403 3648 1562 3707 αὐτὸν
1607 3647 1878 3728 ἀποφῆναι

241 3743 326 3799 καὶ
354 3747 423 3818 τῇ
452 3747 549 3799 τοῦ
579 3747 809 3820 Χριστοῦ
837 3739 1021 3820 χάριτι
1053 3739 1274 3813 ἄμεινον
1304 3738 1448 3813 αὐτῷ
1490 3736 1732 3816 γενέσθαι
1781 3736 1880 3804 τῆν

243 3831 626 3912 ἐπανόρθωσιν,

1962 3380 2474 3460 proficiscentem,
2512 3387 2570 3441 et
2603 3380 2969 3460 poenitentia;
2987 3380 3289 3458 virtutem;
3315 3400 3448 3462 quae
3475 3393 3612 3445 tan-

1963 3477 2087 3530 tum
2119 3468 2274 3531 valet
2304 3470 2463 3551 apud
2497 3469 2996 3548 benignissimum
3029 3470 3244 3546 Deum,
3271 3480 3333 3534 ut
3365 3492 3483 3535 non
3515 3491 3616 3536 so-

1963 3557 2083 3619 lum
2109 3578 2178 3621 ex
2211 3559 2360 3638 ipsis
2392 3558 2724 3620 inferorum
2761 3561 3040 3638 portis,et
3069 3561 3359 3634 gehennae
3392 3563 3610 3627 dolori-

1960 3646 2073 3708 bus
2106 3648 2412 3710 hominem
2439 3648 2793 3728 eripiat,sed
2827 3650 3006 3712 etiam
3055 3651 3233 3711 talem
3267 3651 3501 3728 reddat,
3550 3662 3614 3716 ut

1965 3737 2150 3816 priori
2181 3739 2398 3798 virtute
2458 3739 2648 3816 majus
2706 3739 2930 3819 aliquid
2985 3739 3312 3818 possideat,
3346 3748 3405 3802 et
3431 3741 3614 3821 adju-

1967 3835 2139 3890 vante
2168 3827 2371 3890 divina
2397 3827 3103 3908 gratia,emendationem
3132 3828 3265 3891 vitae
3294 3828 3611 3908 superiore

1967 3923 2122 3979 statu
2156 3915 2468 3981 meliorem
2497 3925 2840 4000 recuperat.

1753 4045 1996 4113 CAPUT
2038 4049 2084 4114 Ι.

1115 4157 1188 4225 S.
1217 4158 1427 4224 Jacobi
1473 4159 1855 4238 exercitatio,
1887 4159 2192 4221 castitatis
2219 4159 2543 4223 servandw
2573 4175 2751 4223 cura.

325 4299 413 4365 B'.
445 4300 637 4378 Γέγονε
691 4320 776 4361 τις
831 4300 1195 4382 ἀναχωρητὴς
1229 4299 1284 4356 ἐν
1313 4298 1625 4377 κωμοπόλει
1659 4304 1900 4378 Πορευοι

2041 4296 2522 4379 ILFuitquidam
2547 4297 2658 4372 vir,
2692 4298 2792 4378 qui
2814 4297 3150 4361 solitarium
3183 4299 3242 4358 in
3276 4298 3476 4360 locum
3511 4317 3610 4360 se-

251 4395 398 4469 ρεῶνι
458 4389 788 4467 καλουμένη,
847 4393 894 4464 ᾧ
939 4389 1106 4466 ὄνομα
1155 4387 1438 4453 Ἰάκωϐος.
1471 4389 1636 4455 Οὗτος
1677 4395 1746 4463 τῇ
1788 4395 1881 4445 τοῦ

248 4479 576 4562 προσκαίρου
628 4483 745 4560 βίου
801 4481 1129 4557 ματαιότητι
1212 4479 1613 4557 ἀποταξάμενος
1667 4477 1880 4552 ᾤκησεν

247 4570 296 4628 ἕν
351 4593 452 4628 τινι
484 4572 734 4646 σπηλαίῳ
776 4571 864 4629 ἰπὶ
893 4567 1273 4629 πεντεκαίδεκα
1328 4570 1524 4633 ἔτεσιν.
1578 4567 1708 4628 Ἐπΐ
1748 4591 1879 4627 τοσ-

247 4671 387 4723 οῦτον
449 4659 504 4718 δὶ
563 4661 729 4742 ἀρετῇ
773 4661 865 4719 καὶ
907 4660 1133 4731 ἀσκήσει
1193 4660 1473 4740 προκόψας
1517 4661 1694 4730 τίμιος
1724 4660 1876 4739 ὤφθη

246 4753 326 4808 καὶ
379 4751 663 4832 εὐάρεστος
707 4757 784 4826 τῷ
842 4757 983 4831 Θεῷ,
1037 4750 1176 4809 ὥστε
1236 4750 1393 4809 αὺτὸν
1419 4750 1509 4808 καὶ
1539 4751 1876 4830 χαρίσματος

247 4841 372 4898 κατὰ
446 4839 714 4918 δαιμόνων
795 4838 1209 4916 καταξιωθῆναι,
1267 4842 1357 4898 καὶ
1431 4838 1636 4902 πολλὰς
1691 4838 1874 4917 ἑτέρας

246 4931 402 4996 ίάσεις
457 4937 537 5006 τῷ
591 4937 688 4987 τοῦ
719 4934 972 5008 Σωτῆρος
1034 4931 1190 5005 ἡμῶν
1219 4929 1396 4999 Ἰησοῦ
1428 4935 1652 5006 Χριστοῦ
1681 4928 1872 4984 ἄπετε-

247 5021 319 5078 λει
370 5020 614 5098 όνόματι.
651 5018 852 5085 Πάντες
881 5021 1054 5076 τοίνυν
1083 5021 1182 5087 τὴν
1227 5030 1322 5080 τοῦ
1363 5018 1548 5099 ἀνδρὸς
1599 5018 1871 5076 πολιτείαν

245 5112 614 5192 θαυμάζοντες,
677 5111 807 5189 πρὸς
859 5109 1017 5167 αὐτὸν
1063 5109 1408 5191 συνέτρεχον,
1457 5112 1532 5165 ῶν
1581 5111 1627 5166 οἱ
1658 5108 1872 5171 πλείους

246 5201 332 5270 τῆς
369 5203 474 5257 τῶν
531 5197 799 5258 δυσσεϐῶν
844 5201 1192 5278 Σαμαρειτῶν
1257 5200 1543 5278 θρησκείας
1597 5198 1869 5280 ὑπῆρχον,

246 5289 426 5370 οὕσπερ
458 5293 597 5370 ὁρῶν
640 5291 772 5370 πρὸς
828 5292 986 5349 αὐτὸν
1044 5291 1506 5370 παραγενομένους
1559 5289 1588 5344 δ
1616 5297 1709 5346 τοῦ
1739 5297 1872 5348 Θεοῦ

308 5456 704 5526 (1)8amaritaa
770 5457 1118 5519 infestarunt
1175 5457 1534 5523 Christianos
1579 5458 1869 5529 praecipue

249 5529 442 5604 saeculo
467 5531 667 5604 quinto
692 5536 747 5604 et
793 5532 1093 5596 sexto.sub
1141 5529 1586 5604 imperatoribus
1615 5529 1863 5604 Zenone.

247 5599 553 5666 Anastasio,
596 5599 825 5659 Justino
865 5599 1280 5662 etJustiniano
1313 5619 1328 5661 :
1379 5600 1479 5658 sed
1521 5601 1594 5658 ab
1627 5602 1738 5658 hoc
1765 5601 1867 5658 Ju-

246 5670 420 5734 lianus
477 5671 714 5746 quidam
749 5688 952 5734 eorum
1006 5689 1111 5736 rex
1144 5674 1299 5736 bello
1333 5681 1643 5746 superatus
1673 5679 1728 5734 et
1755 5687 1862 5746 pe-

1963 4387 2146 4449 cessit
2170 4405 2354 4468 prope
2375 4389 2663 4468 oppidum
2681 4389 3180 4468 Porphyrionem.
3208 4389 3347 4451 Erat
3366 4389 3495 4450 viro
3528 4388 3617 4450 illi

1964 4495 2185 4539 nomen
2207 4477 2607 4542 Jacobus.Hic
2632 4497 2769 4539 cum
2797 4478 2996 4540 brevis
3017 4478 3193 4556 hujus
3218 4478 3351 4541 vita:
3373 4478 3617 4540 vanitati

1960 4575 2376 4639 renuntiasset,
2401 4577 2458 4632 in
2486 4573 2760 4646 spelunca
2785 4576 3035 4648 quadam
3055 4577 3393 4646 quindecim
3426 4591 3614 4635 annos

1961 4658 2267 4725 habitavit.
2315 4659 2540 4723 Tantos
2573 4669 2768 4724 autem
2816 4661 2878 4724 in
2912 4661 3148 4723 virtutis
3179 4663 3612 4726 exercitatione

1961 4751 2734 4832 progressusfecitJamque
2757 4753 3006 4831 insignis
3028 4761 3086 4815 et
3106 4752 3226 4814 Deo
3247 4763 3449 4831 gratus
3474 4773 3610 4815 exs-

1959 4841 2095 4912 titit,
2130 4850 2194 4901 ut
2234 4848 2294 4904 et
2341 4842 2527 4918 gratia
2553 4851 2759 4903 contra
2780 4841 3085 4905 daemones
3104 4843 3326 4922 dignus
3358 4845 3607 4905 effectus

1957 4928 2507 5013 fuerit,multasque
2529 4931 2675 4994 alias
2697 4931 3394 5008 curationes,Salvatoris
3415 4932 3609 4994 nostri

1952 5018 2095 5082 Jesu
2113 5018 2328 5082 Christi
2354 5020 2975 5102 nomine,hominibus
2995 5021 3435 5084 attulerit.Cum
3473 5040 3604 5083 om-

1956 5128 2065 5172 nes
2092 5110 2275 5190 igitur
2316 5112 2496 5191 hujus
2527 5111 2789 5173 hominis
2818 5111 2994 5173 vitam
3026 5111 3491 5182 admirarentur,
3527 5111 3603 5176 ad

1954 5217 2090 5262 eum
2115 5200 2578 5276 concurrebant;
2605 5219 2859 5280 quorum
2888 5199 3160 5280 plerique
3185 5211 3358 5262 erant
3379 5219 3452 5262 ex
3484 5201 3599 5262 im-

1953 5288 2188 5369 piorum
2223 5290 2648 5352 Samaritarum
2670 5289 2759 5369 (1)
2817 5289 3264 5369 superstitione.
3296 5292 3435 5353 Illos
3466 5310 3602 5354 cum

1951 5467 2214 5532 [emptus
2243 5467 2348 5532 est.
2381 5459 2576 5529 Agunt
2633 5459 2726 5532 de
2766 5459 2852 5514 eis
2898 5457 3212 5532 ljrocopius
3241 5458 3313 5515 De
3351 5460 3601 5532 adiﬁciis

1948 5527 2634 5602 lustinianit’mpefatoris
2673 5529 2769 5602 lib.
2804 5539 2863 5592 ν,
2898 5527 3146 5602 Cyrillus
3181 5527 3504 5590 monachus
3539 5534 3598 5590 in

1950 5601 2064 5658 Vita
2097 5601 2150 5658 S.
2186 5601 2604 5659 Sabaeabbatis
2645 5601 2680 5657 5
2726 5601 2999 5662 Decemb.
3040 5610 3094 5658 et
3143 5602 3265 5660 alii.
3320 5604 3463 5662 Hinc
3527 5604 3598 5663 de

1948 5673 2006 5734 S.
2039 5671 2242 5733 Jacobi
2271 5682 2433 5735 aetate
2463 5673 2636 5734 statui
2670 5683 2972 5746 utcunque
2999 5681 3206 5746 potest.
