4060 6200
434 310 586 379 1215

1716 314 2000 382 MENSIS
2042 317 2495 386 JANUARIUS.

3650 327 3802 393 12l6

429 455 503 518 ad
532 472 598 518 se
619 455 928 519 venientes
981 453 1216 517 divinus
1274 453 1378 518 ille
1421 454 1511 518 vir
1537 457 2062 539 animadverteret,

2160 459 2449 541 ἅνθρωπος,
2483 459 2568 518 ἐπὶ
2597 459 2733 518 πολὺ
2789 466 3051 542 κατηχῶν
3113 460 3173 518 ἐκ
3234 465 3339 517 τῶν
3367 461 3521 519 θείων
3554 469 3796 543 Γραοῶν,

431 563 502 608 ex
532 544 866 608 divinarum
916 544 1244 606 litterarum
1307 545 1566 609 lectione
1621 549 1788 630 ipsos
1819 549 2071 613 multum

430 635 789 710 erudiendo,
823 635 896 697 ad
927 652 1124 696 veram
1160 633 1339 695 iidem
1366 636 1776 702 convertebat.

508 725 608 790 Ill.
634 724 755 788 Sed
784 725 883 804 qui
913 725 1172 787 humano
1203 726 1418 804 generi
1449 726 1590 788 inde
1621 745 1810 809 usque
1839 747 1873 791 a
1897 730 2070 810 prin-

427 816 584 897 cipio
607 813 907 876 adversari
931 813 1111 896 coepit
1131 813 1504 890 diabolus,et
1532 816 1606 878 iis
1639 819 1939 902 praecipue
1969 819 2074 901 qui

427 903 661 968 Christo
692 908 1125 980 serviunt,cum
1156 921 1228 966 ex
1260 903 1446 966 multa
1475 905 1637 968 illius
1663 907 1924 970 hominis
1953 909 2072 970 vir-

425 1001 552 1056 tute
578 1012 648 1056 ac
679 993 944 1074 perfecta
977 993 1094 1056 vita
1125 1011 1190 1056 se
1248 993 1436 1072 iugari
1467 995 1721 1071 videret,
1753 1015 2073 1079 aggressus

425 1092 514 1147 est
541 1101 679 1147 eum
713 1084 1085 1167 persequi,et
1117 1102 1186 1146 ex
1217 1083 1295 1145 iis
1319 1084 1492 1165 locis,
1528 1105 1663 1166 quae
1693 1105 1877 1168 supra
1909 1089 2068 1152 dixi-

424 1172 909 1256 mus,expellere.
948 1173 1092 1237 Cum
1118 1173 1277 1236 enim
1303 1174 1362 1236 in
1388 1193 1574 1237 unum
1597 1181 1935 1259 quempiam
1969 1180 2072 1242 Sa-

424 1265 696 1327 maritam
729 1263 1036 1344 ingressus
1066 1263 1296 1339 fuisset,
1331 1280 1405 1325 ex
1435 1281 1641 1326 eorum
1673 1285 1930 1330 numero
1961 1270 2070 1348 qui

423 1355 496 1418 ab
525 1355 698 1416 initio
726 1355 1036 1417 veritatem
1068 1353 1258 1436 ipsam
1317 1353 1806 1431 adversabantur,
1844 1358 1986 1421 fecit
2008 1367 2073 1422 ut

422 1446 525 1509 ille
546 1444 859 1508 universos
881 1443 954 1506 ad
976 1461 1042 1504 se
1067 1443 1439 1524 pertinentes
1461 1445 2071 1529 amicos,consangui-

422 1553 565 1598 ueos
587 1555 652 1596 ac
678 1536 974 1602 scrvos,ad
1001 1537 1247 1595 insidias
1271 1544 1471 1597 sancto
1493 1538 1574 1595 illi
1599 1540 1722 1598 viro
1739 1543 2068 1613 struendas,

418 1623 484 1687 in
514 1643 698 1687 unum
731 1623 1068 1701 colligeret;
1102 1642 1219 1705 quo
1255 1641 1390 1685 eum
1421 1623 1500 1684 ita
1531 1623 1830 1687 irretitum
1867 1635 2071 1708 posset

418 1734 455 1778 e
482 1715 826 1796 regionibus
862 1713 980 1776 illis
1012 1712 1617 1794 propulsare.0mnes
1640 1715 1824 1794 igitur
1838 1735 1971 1778 cum
1993 1718 2065 1779 ad

2155 553 2226 617 είς
2256 551 2353 620 τὴν
2383 550 2560 619 ἀληθῆ
2591 553 2765 608 πίστιν
2803 550 3154 630 ἐπέστρεψεν.

2237 729 2324 792 l".
2358 727 2511 787 Ἀλλ’
2542 733 2568 787 ὁ
2620 735 2696 805 τῷ
2739 730 2878 809 γένει
2923 737 3032 788 τῶν
3076 732 3366 811 ἀνθρώπων
3408 732 3646 813 ἑξαρχῆς
3691 755 3799 789 πο-

2157 819 2334 896 λεμῶ)
2367 817 2633 894 διάϐολος,
2669 821 2758 877 καὶ
2812 818 3046 895 μάλιστα
3078 834 3198 885 τοῖς
3226 823 3318 878 τοῦ
3370 823 3622 901 Σωτῆρος
3647 825 3801 897 ἡμῶν

2155 909 2383 986 δούλοις,
2443 911 2582 988 ὁρὼτ
2637 910 2823 968 ἑαυτὸν
2882 907 2966 966 διὰ
3022 915 3122 978 τῆς
3182 911 3394 980 πολλῆς
3462 915 3558 969 τοῦ
3614 911 3798 989 ἀνδρὸς

2155 999 2554 1079 εύαρεστήσεως
2611 1001 2698 1056 καὶ
2756 999 3004 1078 ἀκριϐοῦς
3063 999 3335 1066 πολιτείας
3378 1003 3466 1058 ἰπὶ
3503 1001 3638 1058 πολῦ
3669 1001 3795 1060 διω-

2154 1089 2404 1165 κόμενον,
2451 1087 2806 1169 ἐπεχείρησεν
2849 1090 3008 1146 αύτδν
3036 1096 3142 1146 τῶν
3167 1091 3569 1170 προειρημένων
3613 1092 3794 1149 τόπων

2153 1178 2359 1244 διῶξαι.
2425 1178 2685 1237 Εἰσελθὼν
2717 1179 2818 1258 γὰρ
2865 1181 2939 1243 είς
2969 1179 3062 1235 ἕνα
3119 1185 3228 1236 τῶν
3286 1187 3635 1260 Σαμαρειτῶν
3688 1187 3794 1237 τῶν

2155 1267 2352 1326 ἄνωθεν
2409 1269 2496 1325 καὶ
2555 1266 2608 1334 ἐξ
2661 1268 2838 1348 ἀρχῆς
2915 1269 3015 1336 τὴν
3077 1267 3330 1337 ἀλήθειαν
3388 1270 3792 1351 ἀποστρεφομέο

2155 1380 2280 1436 νων,
2339 1358 2741 1437 παρασκευάσεν
2819 1358 2977 1415 αὐτὸν
3036 1373 3363 1438 συναγαγεῖν
3420 1361 3624 1424 πάντας
3666 1363 3790 1422 τοὺς

2153 1448 2523 1528 προσέλοδτας
2601 1447 2746 1523 αύτῷ
2821 1447 3002 1528 φίλους
3077 1449 3166 1506 καὶ
3221 1457 3496 1529 συγγενεῖς
3568 1451 3656 1508 ἰπὶ
3713 1459 3789 1524 τῷ

2152 1537 2509 1616 ενεδρευθῆναι
2568 1537 2703 1616 ἁγίῳ
2779 1536 2947 1617 ἀνδρὶ,
3026 1537 3174 1596 ὅπως
3245 1540 3404 1596 αὐτὸν
3469 1539 3788 1619 παγιδεύσας

2150 1625 2395 1696 δυνηθείη
2440 1634 2547 1685 τῶν
2605 1633 2781 1706 μερῶν
2827 1627 3042 1685 ἐκείνων
3087 1627 3378 1694 ἀπελᾶσαι,
3441 1632 3787 1695 Συνελθόντες

2150 1719 2319 1777 τοίνυν
2380 1715 2607 1782 ἅπαντες
2645 1719 2718 1784 εἷς
2776 1720 2838 1775 τὸ
2893 1719 3233 1797 καταγώγιον
3291 1729 3387 1779 τοῦ
3444 1719 3572 1799 παρ’
3604 1721 3789 1784 αύτοϊς

419 1805 750 1868 sacerdotis
779 1803 874 1866 sui
897 1803 1292 1865 diversorium
1317 1802 1764 1881 convenissent,
1793 1813 1856 1869 et
1887 1806 2062 1870 multa

2160 1810 2353 1887 ἱερέως,
2410 1810 2504 1866 καῖ
2565 1807 2742 1867 πολλὰ
2799 1809 3280 1888 μηχανησάμενοι,
3325 1809 3477 1876 τέλος
3508 1812 3603 1887 μία
3645 1812 3782 1867 πάν-

421 1903 624 1959 esseut
651 1893 1000 1968 machinati,
1027 1910 1146 1955 una
1167 1893 1435 1954 omnium
1459 1895 1758 1956 sententia
1780 1895 1905 1958 haec
1930 1897 2061 1972 fuit,

419 1984 914 2066 utimpudentem
939 1991 1115 2065 atque
1137 1982 1518 2045 inhonestam
1546 1983 1962 2048 mulierculam
1991 1987 2064 2049 ad

421 2092 486 2137 se
517 2072 1028 2149 accerserent,cui
1048 2072 1255 2152 viginti
1279 2091 1496 2134 aureos
1518 2092 1800 2137 nummos
1825 2075 2061 2152 darent,

417 2162 790 2245 totidemque
819 2161 970 2225 alios
999 2179 1066 2224 se
1117 2161 1206 2224 illi
1234 2163 1480 2224 daturos
1531 2163 1977 2244 promitterent,
2013 2160 2063 2227 si

418 2254 546 2332 ipsa
566 2250 675 2316 Dei
705 2269 941 2316 servum
973 2249 1261 2316 Jacobum
1314 2251 1618 2314 illecebris
1639 2252 1767 2315 suis
1790 2273 2061 2317 corrum-

415 2359 562 2424 pere
593 2349 815 2424 posset,
845 2349 913 2406 ut
967 2357 1172 2403 ansam
1205 2339 1464 2423 aliquam
1497 2343 1884 2423 arripientes,
1921 2362 2059 2408 cum

414 2431 605 2495 virum
641 2450 776 2495 cum
807 2431 1108 2495 dedecore
1133 2450 1166 2494 e
1196 2449 1301 2493 sua
1330 2433 1576 2510 regione
1605 2433 1903 2512 fngarent.

494 2521 594 2586 IV.
629 2520 737 2588 His
767 2523 1078 2606 promissis
1108 2522 1328 2586 mulier
1383 2522 1485 2585 illa
1518 2523 1780 2599 inducta,
1817 2525 2059 2588 multam

2149 1920 2256 1955 των
2311 1897 2643 1976 ἑπεκράτησε
2721 1898 2940 1978 γνώμη.
3008 1899 3105 1958 Καὶ
3168 1897 3232 1967 δὴ
3306 1899 3781 1976 μεταστειλάμενοι

2150 1985 2358 2054 Ξιναιδὲς
2412 1990 2500 2045 καὶ
2565 1987 2900 2069 ἀσχημόνως
2954 1989 3226 2063 προεστὼς
3281 1990 3518 2069 γύναιον,
3565 1987 3783 2046 διδοῦσιν

2150 2081 2292 2153 αύτῷ
2340 2077 2518 2136 εἴκοσι
2563 2079 2875 2159 χρυσίνους,
2938 2079 3025 2135 καὶ
3084 2078 3222 2134 ἄλλα
3271 2087 3498 2136 τοσαῦτα
3548 2079 3789 2157 παρέξειν

2149 2171 2290 2244 αύτῷ
2342 2166 2896 2248 κατεπαγγέλλονται,
2929 2170 2972 2224 εί
3012 2166 3257 2236 δυνηθείη
3302 2169 3650 2226 ὑποσκελίσαι
3695 2172 3784 2225 τὸν

2145 2265 2238 2316 τοῦ
2281 2264 2413 2318 Θεοῦ
2455 2255 2638 2314 δοῦλον
2684 2255 2960 2332 Ἰάκωϐον,
3023 2259 3155 2337 πρὸς
3203 2260 3264 2316 τὸ
3316 2258 3491 2335 λαβὴν
3520 2257 3784 2334 δραξαμέ-

2146 2369 2287 2423 νους,
2323 2345 2605 2416 δυνηθῆναι
2639 2348 2825 2413 αὖτοὺς
2852 2349 2913 2404 ὲκ
2971 2353 3068 2416 τῆς
3121 2351 3304 2429 χώρας
3363 2352 3536 2408 αὐτῶν
3581 2348 3783 2404 ἄπελᾶ-

2145 2458 2252 2494 σαι.

2228 2526 2309 2587 Δ’.
2374 2528 2602 2592 Ταύταις
2659 2540 2784 2591 ταῖς
2828 2527 3157 2608 ὑποσχέσεσι
3200 2527 3431 2597 ἡττηθὲν
3476 2529 3539 2584 τὸ
3570 2528 3784 2606 γύναιον

414 2624 651 2679 noctem
713 2611 1066 2686 observans,
1123 2611 1196 2674 ad
1246 2612 1440 2693 ipsum
1491 2612 1673 2684 adiit,
1719 2632 1787 2676 ac
1814 2615 2059 2694 januam

2160 2618 2361 2675 ἔπεισιν
2418 2620 2548 2695 πρὸς
2608 2619 2766 2676 αὐτὸν
2809 2618 3036 2696 ὶσπέρας
3091 2617 3306 2695 βαθείας
3354 2617 3544 2674 λοιπὸν
3591 2618 3784 2674 tum.

413 2706 658 2789 pulsans
679 2721 816 2768 eum
840 2703 1182 2784 rogabat,ut
1205 2704 1392 2785 ipsam
1418 2702 2058 2769 intromitteret.Cum-

2160 2706 2338 2777 ἰούσης
2377 2724 2393 2742 ⁸
2441 2710 2534 2766 καὶ
2585 2709 2856 2787 κρούσασα
2915 2708 3012 2776 τήν
3083 2710 3263 2788 θύραν,
3327 2706 3567 2773 δέξασθαι
3625 2708 3786 2775 τότὴν

411 2816 528 2878 que
559 2795 661 2858 ille
691 2803 1048 2869 moraretur,
1083 2801 1142 2858 et
1172 2793 1401 2856 diutius
1434 2793 1494 2854 id
1525 2811 1590 2855 se
1625 2795 1919 2856 facturum
1955 2814 2057 2857 re-

2279 2797 2432 2862 add.
2480 2797 2824 2876 παρεκάλειΙ.
2884 2802 2986 2855 Τοῦ
3051 2793 3106 2852 δὲ
3164 2794 3613 2872 ἀναϐαλλομένου,
3689 2799 3782 2853 καῖ

413 2892 670 2959 cusaret,
704 2883 806 2946 illa
837 2881 1230 2945 nihilominus
1252 2882 1633 2963 impudenter
1661 2884 1904 2964 januam
1929 2884 2060 2965 pul-

2160 2889 2226 2943 επὶ
2281 2886 2440 2946 τοῦτᾶ
2475 2909 2576 2945 που
2627 2885 2762 2944 πολὺ
2823 2886 3253 2965 δπερτιθεμένου,
3316 2885 3570 2962 ξπέμενεν
3623 2884 3782 2941 ἆνιι-

412 2993 546 3038 sare
578 2973 883 3056 pergebat,
912 2983 970 3035 et
995 2971 1196 3035 multis
1230 2973 1512 3052 precibus
1544 2990 1679 3034 eum
1713 2973 2053 3050 obsecrare,

2160 2977 2247 3040 ῖεῦς
2306 2978 2586 3056 κρούουσαι,
2649 2979 2736 3034 καὶ
2788 2977 2926 3052 μετὰ
2955 2975 3164 3044 πολλῆς
3195 2977 3392 3038 ἱκεσίας
3425 2975 3784 3050 ἕκλιπαροῦσα

411 3073 476 3127 ut
507 3065 695 3145 ipsam
729 3062 1098 3124 admitteret.
1135 3063 1281 3124 Cum
1315 3060 1497 3140 igitur
1526 3061 1626 3124 ille
1649 3066 1894 3143 januam
1962 3084 2059 3144 pa-

2160 3068 2398 3146 ῑεχθῆναι
2445 3066 2634 3144 αύτῄν.
2696 3069 2793 3126 Καὶ
2837 3065 2900 3135 δὴ
2958 3065 3277 3146 παρανοίξας
3337 3068 3426 3123 καὶ
3457 3066 3782 3139 θεασᾶμενος

411 3153 739 3226 tefecisset,
773 3159 833 3253 et
858 3169 988 3213 eam
1021 3149 1288 3225 vidisset,
1315 3160 1620 3251 spectrum
1654 3152 2055 3255 aliquodOcer-

2160 3159 2330 3230 ιὺτὴν,
2393 3155 2562 3223 ἔδοξεν
2618 3157 2902 3236 φάντασμα
2955 3160 3144 3213 εἶναι’
3207 3157 3296 3214 καὶ
3353 3158 3784 3235 κατασφραγίσας

2179 3250 2193 3262 .
2241 3248 2253 3262 ς
2624 3246 2644 3262 ..
2800 3247 2815 3262 ι
2900 3247 2955 3262 ...
3187 3247 3201 3262 .
3267 3247 3281 3262 .
3347 3247 3358 3262 .
3505 3254 3516 3262 .
3767 3245 3782 3262 ε

415 3258 560 3305 nere
590 3241 705 3302 sibi
754 3239 914 3302 visus
956 3247 1072 3317 est;
1100 3258 1284 3320 seque
1315 3241 1511 3301 crucis
1542 3239 1713 3320 signo
1747 3239 2050 3317 muniens,

2160 3248 2319 3321 ιῦτὸν,
2354 3246 2706 3326 προσέῤῥηξεν
2761 3247 2859 3315 τὴν
2899 3247 3058 3324 θύραν
3115 3247 3204 3303 καὶ
3265 3247 3592 3325 ὑπέστρεψεν
3624 3264 3643 3280 ο
3700 3245 3782 3302 καὶ

405 3333 651 3412 januam
685 3330 872 3410 ipsam
907 3347 1044 3391 cum
1079 3328 1306 3409 impetu
1359 3329 1593 3401 clausit,
1626 3338 1801 3409 atque
1834 3331 1891 3391 in
1937 3333 2056 3394 cel-

2160 3336 2263 3399 rs‘ac
2333 3337 2470 3393 κατὰ
2528 3336 2814 3415 ἀνατολὰς,
2879 3335 3067 3402 ἐκτενῆ
3158 3337 3466 3416 προσευχὴν
3525 3343 3601 3410 τῷ
3667 3341 3780 3406 Θεῷ

411 3423 530 3483 iam
563 3438 866 3494 reversus,
895 3418 968 3481 ad
1001 3419 1293 3481 orientem
1329 3417 1513 3480 solem
1549 3436 1613 3480 se
1645 3422 1960 3496 convertit,
1997 3431 2055 3486 et

2160 3426 2465 3501 ινέπεμψει,
2532 3425 2749 3493 Πολλῆς
2793 3423 2848 3482 δὲ
2904 3426 3045 3504 ὥρας
3096 3423 3510 3503 διαδραμούσης,
3569 3425 3780 3492 καὶτῆς

410 3509 599 3574 Deum
625 3515 851 3572 attente
873 3517 1152 3590 precatus
1175 3509 1429 3572 est.Non
1457 3506 1644 3570 multo
1672 3517 1869 3572 autem
1896 3519 2012 3573 tem
2030 3545 2054 3559 ο

2160 3517 2323 3574 ιυκτὸς
2382 3513 2484 3583 ἤδη
2549 3516 2638 3572 τὸν
2697 3515 2858 3590 μέσον
2931 3513 3128 3592 δρόμον
3185 3511 3620 3587 καταλαϐούσης,
3683 3518 3775 3572 ούκ

413 3617 560 3682 pore
581 3605 948 3679 postea,cum
985 3598 1182 3661 media
1213 3615 1330 3660 nox
1365 3597 1906 3680 praeteriissetmon
1935 3601 2044 3664 deo

2160 3605 2407 3685 ιπέσχετο
2464 3608 2555 3662 τού
2611 3607 2817 3682 κρούειν
2886 3607 2970 3660 καὶ
3050 3603 3263 3682 μεγάλῃ
3320 3609 3472 3683 φωνῇ
3531 3602 3722 3676 ξκϐοᾷν
3759 3622 3773 3636 ·

411 3688 649 3752 sinebat
681 3689 898 3752 mulier
953 3687 1055 3751 illa
1102 3688 1339 3771 pulsare
1362 3689 1613 3769 jauuam
1647 3709 1662 3765 ;
1693 3688 1838 3770 quin
1870 3691 2049 3754 etiam

2160 3695 2393 3760 Ελέησόν
2427 3717 2516 3776 με,
2547 3693 2699 3752 δοῦλε
2730 3702 2820 3752 τοῦ
2851 3703 3005 3767 Θεοῦ,
3037 3697 3126 3751 καὶ
3158 3692 3365 3759 ἄνοιξόν
3395 3715 3512 3769 μοι,
3547 3695 3624 3768 μή
3663 3716 3775 3755 πως

414 3797 632 3860 magna
659 3797 802 3844 voce
837 3799 849 3838 :
911 3779 1221 3856 Miserere,
1274 3777 1494 3860 inquit,
1541 3777 1661 3840 mei
1694 3787 1775 3852 tu,
1812 3780 1914 3860 qui
1945 3782 2051 3845 Dei

2160 3786 2329 3863 VIPin
2358 3787 2546 3864 βρῶμα
2579 3789 2706 3864 πρὸς
2740 3790 2839 3855 τῆς
2871 3785 3069 3852 κέλλης
3101 3806 3196 3845 σου
3225 3784 3487 3864 γένωμαι.

408 3887 618 3933 servus
647 3887 757 3933 es:
815 3870 979 3951 aperi
1036 3867 1185 3931 mihi
1234 3869 1501 3947 januam,
1556 3887 1632 3930 ne
1667 3875 1808 3931 ante
1841 3870 2050 3932 cellam

411 3969 571 4023 tuam
603 3959 862 4022 ferarum
899 3958 1069 4021 cibus
1101 3957 1353 4022 efﬁciar.

488 4051 559 4111 V.
597 4051 741 4114 Cum
769 4049 969 4130 justus
993 4047 1096 4110 ille
1129 4047 1217 4110 vir
1249 4049 1374 4110 haec
1398 4047 1834 4128 consideraret,
1863 4057 1926 4113 et
1955 4047 2048 4110 fe-

406 4157 609 4203 rarum
634 4138 1245 4218 multitudinemque;
1267 4145 1394 4200 erat
1417 4136 1478 4199 in
1503 4137 1620 4200 illis
1649 4138 1820 4217 locis,
1849 4139 2046 4202 anim-

405 4230 766 4305 adverteret,
818 4229 1066 4309 januam
1126 4229 1318 4309 ipsam
1347 4227 1588 4302 invitus,
1624 4237 1687 4290 ut
1717 4229 1800 4291 ita
1827 4228 2046 4305 dicam,

407 4319 703 4402 patefecit,
740 4319 919 4399 eique
949 4317 1097 4380 dixit
1131 4338 1145 4377 :
1192 4315 1365 4381 Unde
1403 4317 1522 4380 huc
1553 4317 1823 4382 venisti?
1859 4320 2049 4392 Quem

2160 4322 2302 4378 Ῑόθεν
2360 4321 2520 4390 ἦλθες
2549 4319 2677 4395 ὦδε,
2719 4321 2846 4400 ἔφη,
2879 4343 2997 4377 τινα
3027 4319 3081 4376 δὲ
3113 4328 3323 4400 ζητεῖς,
3359 4321 3448 4378 καὶ
3477 4321 3616 4383 τίνος
3649 4320 3773 4396 sic;

408 4410 625 4492 qumris
654 4415 683 4472 ?
705 4409 778 4474 Et
802 4407 962 4470 unde
1010 4426 1074 4470 es
1101 4405 1133 4468 ‘l
1161 4407 1273 4470 Cui
1302 4407 1539 4478 mulier.
1575 4409 1624 4471 E
1655 4409 2047 4485 monasterio,

2160 4419 2202 4468 Η
2261 4409 2316 4468 δὲ
2373 4411 2727 4488 ἀποκριθεῖσα
2787 4411 2888 4490 ἔφη
2925 4426 2940 4442 ⁸
3001 4409 3098 4468 Ἐκ
3153 4417 3246 4467 τοῦ
3302 4410 3642 4488 ὰσκητηρίου
3670 4411 3776 4483 εἰμὶ

405 4499 747 4581 inquit,hoc
770 4497 1102 4580 propinquo
1135 4515 1242 4577 ego
1266 4515 1422 4573 sum,
1459 4516 1676 4579 meque
1699 4498 2051 4569 monasterii

2160 4499 2307 4581 τοῦδε,
2363 4502 2451 4559 καὶ
2524 4499 2807 4559 ἀπέστειλέ
2879 4521 2947 4577 με
3027 4499 3056 4565 ἡ
3114 4500 3388 4578 ἡγουμένη
3453 4499 3775 4576 ἀπενεγκεῖν

407 4568 632 4670 praeses
652 4586 726 4650 ad
746 4568 1026 4651 ferendas
1049 4568 1501 4650 benédictioues
1523 4568 1601 4669 (9i
1616 4587 1676 4648 in
1701 4587 1816 4649 hoc
1836 4568 2049 4651 castel;

2160 4568 2379 4670 ύλογίας
2439 4593 2510 4655 εἰς
2566 4589 2723 4662 τήνδε
2781 4568 2890 4659 τὴν.
2928 4591 3123 4666 κώμην
3151 4568 3176 4619 ’⁷
3200 4568 3289 4646 καὶ
3318 4591 3374 4645 ἒν
3404 4595 3481 4662 τῷ
3512 4568 3772 4667 ὅποστρέ-

404 4684 527 4743 lum
559 4681 811 4747 misit.ac
833 4681 970 4739 dum
984 4688 1308 4739 reverterer
1327 4679 1382 4737 in
1409 4681 1966 4746 monasterium.hoc
1988 4683 2046 4740 in

2160 4703 2246 4738 ιειν
2279 4703 2346 4756 με
2379 4682 2466 4738 καὶ
2523 4681 2737 4738 ἀπιέναι
2791 4680 2846 4736 ἐν
2904 4686 2980 4754 τῷ
3022 4679 3383 4758 μοναστηρίῳ,
3418 4677 3618 4754 ὄψησέν
3677 4700 3769 4753 μοι

406 4770 538 4833 loco
567 4785 683 4832 uox
718 4785 814 4830 me
835 4764 1325 4848 oppressit.Bogo
1348 4766 1528 4846 igitur
1557 4765 1841 4843 te,divine
1864 4767 2050 4844 vir,ut

2160 4798 2183 4828 ν
2217 4775 2288 4844 τῷ
2338 4771 2489 4846 τύπῳ
2541 4772 2734 4845 τούτῳ,
2797 4769 3102 4848 Παρακαλῶ
3134 4772 3222 4825 οὖν
3254 4790 3338 4843 σε,
3371 4767 3616 4847 ἄνθρωπε
3676 4774 3772 4824 τοῦ

405 4858 749 4923 miserearis
780 4857 922 4932 mei,
957 4864 1015 4919 et
1043 4857 1199 4938 apud
1232 4864 1288 4918 te
1317 4855 1604 4937 accipiar,
1657 4875 1734 4922 ne
1783 4857 2042 4922 ferarum

2160 4867 2288 4942 ησύ,
2321 4862 2654 4941 οἰκτείρησόν
2687 4881 2752 4936 με
2804 4863 2892 4917 καὶ
2948 4858 3086 4925 δέξαι
3139 4879 3230 4934 με,
3263 4859 3356 4915 ἵνα
3397 4859 3472 4935 μή
3531 4857 3773 4937 θηριάλω

2217 4052 2306 4116 Ε’,
2339 4052 2569 4110 Συνιδὼν
2599 4054 2771 4111 τοίνυν
2820 4055 2849 4110 ὁ
2905 4051 3111 4117 δίκαιος
3170 4055 3258 4108 καὶ
3312 4050 3776 4130 ἂναλογισᾶμενος

2134 4142 2231 4214 τῂν
2289 4141 2342 4199 ἒν
2401 4157 2519 4208 τοῖς
2575 4143 2758 4210 τόποις
2816 4143 3037 4206 ὶκείνοις
3069 4146 3172 4198 τῶν
3205 4141 3401 4218 θηρίιυν
3433 4140 3664 4221 πληθὺν,
3704 4142 3779 4203 εἷς

2137 4227 2399 4310 διάκρισιν
2448 4232 2723 4308 ἐμπεσὼν,
2779 4231 2987 4300 ἤνοιξεν
3046 4230 3213 4304 ἄκων,
3275 4232 3362 4287 καὶ
3416 4230 3564 4307 λέγει
3619 4233 3776 4303 αύτῇ’

475 5027 644 5108 (2)_ld
675 5026 897 5108 duplici
931 5025 1104 5108 modo
1135 5026 1318 5108 accipi
1352 5035 1559 5096 potest;
1579 5025 1682 5108 _ve|
1713 5036 1775 5084 ut
1807 5029 2046 5108 missam
2127 5037 2319 5108 tamen
2351 5030 2560 5108 suscipi
2591 5038 2777 5108 atque
2823 5029 2997 5087 etiam
3031 5026 3324 5108 adversus
3365 5027 3608 5108 morbos
3647 5026 3771 5108 vim

399 5096 689 5169 se'dicat,
742 5096 806 5158 ut
855 5097 991 5157 inde
1025 5096 1494 5155 benedictionem
1527 5098 1598 5156 ad
1630 5098 2046 5169 monasterium
2127 5101 2343 5159 habere
2379 5096 2583 5159 solitas
2617 5117 2632 5159 :
2671 5096 2779 5158 'vel
2819 5109 2978 5158 certe
3029 5100 3089 5155 in
3134 5099 3538 5157 testimonium
3582 5096 3771 5155 solum

399 5168 870 5245 deportarettid
907 5177 1052 5245 est,
1097 5169 1551 5245 elgemosynam.
1616 5168 2042 5245 Similj_p_brasi
2129 5171 2798 5245 benevolentiaaliquos
2821 5184 3107 5243 praecoces
3132 5169 3770 5245 autrarioresfructus.

399 5239 590 5316 utitur
622 5241 964 5316 Cyrjliusin
997 5239 1208 5316 vitans,
1238 5239 1424 5303 Sabina.
1461 5244 1745 5316 utiAsupra
1769 5239 2036 5316 Ξούθου.
2126 5243 2214 5302 vel
2243 5239 2788 5316 quidpiamfsiuiile,
2822 5239 3004 5313 ‘quod
3051 5253 3182 5298 esse
3217 5241 3620 5316 secularibus,
3658 5239 3769 5316 sub

400 5315 473 5371 ad
504 5310 685 5372 vitam'
709 5311 1064 5385 S.Eutbymgii
1095 5310 1364 5385 diximus
1384 5310 2037 5385 num.9,iu__Prolegom.
2123 5310 2281 5385 piis,‘
2317 5310 2655 5373 hominibus
2709 5310 3010 5384 acceptum
3046 5316 3290 5385 scirent,
3313 5314 3550 5385 mittere
3581 5312 3764 5385 sueti-

401 5386 614 5444 Verum
644 5385 742 5458 ubi
775 5401 838 5442 es
864 5381 982 5458 erat
1016 5383 1370 5458 benedictio?
1400 5383 1501 5458 Vel
1541 5381 1792 5458 intelligi
1826 5381 2038 5458 potest,
2121 5381 2405 5458 inaniales
2435 5387 2541 5458 illae
2575 5381 3148 5458 virgines'solebaut.
3184 5383 3284 5458 _S_ic
3303 5382 3375 5441 26
3407 5383 3660 5442 Januarii
3707 5383 3765 5438 in

405 5461 471 5516 ut
501 5473 566 5514 se
595 5456 792 5515 tulisse
832 5471 901 5514 eo
931 5454 1393 5529 benedictionem
1424 5454 1733 5529 dicat,sive_
1755 5454 2037 5529 eulogias,
2122 5457 2247 5518 Vita
2277 5459 2333 5514 S.
2369 5457 2651 5516 Bathitdis
2674 5454 2825 5529 'cap.
2889 5456 2944 5518 3.
2978 5470 3142 5529 num.
3175 5454 3270 5529 i2,
3313 5474 3336 5506 ε
3373 5465 3436 5513 ut
3473 5466 3529 5513 et
3568 5467 3767 5529 regem

401 5529 462 5602 id
502 5537 608 5594 est,
643 5541 1026 5602 panes_resve_
1051 5525 1218 5590 alias,
1255 5526 1404 5602 vela
1436 5525 1828 5602 sacerdotibus
1862 5523 2031 5602 bene;
2122 5530 2462 5602 etreginam
2493 5523 2848 5602 etprocer'es
2877 5527 3170 5599 condigno
3194 5526 3416 5585 honore
3442 5539 3575 5585 cum
3599 5523 3762 5583 eulo-

403 5599 584 5658 dictas
616 5595 778 5658 statis
811 5597 1085 5679 Ecclesia
1144 5596 1596 5679 precationibus.
1653 5595 1739 5679 vel
1781 5598 1941 5679 quod
1997 5616 2028 5658 a
2115 5601 2224 5673 gils
2255 5595 2488 5672 semper
2522 5595 2844 5672 visitarent,
2875 5620 2897 5650 ι
2933 5607 3045 5659 etc.

405 5679 737 5736 sanctarum
773 5669 1064 5741 virginum
1117 5669 1386 5727 manibus
1441 5669 1721 5736 venirent,
1781 5669 2034 5742 benigne
