4060 6200
278 315 428 388 1217

1454 319 1642 389 VITA
1685 325 1748 388 S.
1793 321 2048 388 JACOBI
2093 316 2466 386 MONACHI.

3491 325 3642 393 1218

266 481 356 522 τος
403 457 662 536 γένωμαι’
713 458 841 516 Τότε
889 456 1306 538 σπλαγχνισθεὶς
1364 459 1669 536 εἰσήνεγκεν
1726 461 1910 530 αὐτήν·

2005 456 2204 537 prmda
2225 455 2474 518 efficiar.
2509 456 2615 519 His
2667 455 2848 536 igitur
2903 453 3100 522 verbis
3147 451 3250 522 ille
3275 469 3636 538 commotus,

266 546 359 602 καί
408 547 655 624 παραθεὶς
702 545 837 622 αύτῇ
896 545 1077 624 ἄρτον,
1115 544 1207 604 καί
1241 545 1402 620 ἅλας,
1462 549 1549 604 καὶ
1591 546 1752 625 ὕδωρ,
1799 550 1914 606 εἰσ-

267 634 432 693 ελθὼν
479 636 634 701 αύτὸς
680 635 734 694 ὲν
779 636 856 710 τῷ
893 635 1140 714 ἆνωτὲρῳ
1184 635 1402 712 κελλίῳ,
1469 635 1762 695 ἐνέκλεισεν
1820 642 1914 697 αὖ·

265 727 380 800 τὸν,
441 725 769 801 καταλείψας
826 726 927 792 τὴν
981 739 1216 803 γυοιαῖκα
1273 728 1330 784 iv
1380 733 1456 800 τῷ
1503 725 1740 806 ἐξωτέρω
1783 730 1914 785 κελ-

265 813 319 871 λί
373 860 385 872 .

321 839 431 932 ιρι-ι’
489 893 548 932 'n
587 903 636 932 2‘-
697 903 867 932 ωλι-
927 905 1057 932 _-\-_
1120 903 1258 932 -\i,,-
1341 905 1537 932 .1--__-..
1601 923 1615 932 .
1682 907 1745 932 _-\,
1802 907 1899 932 .-Α

347 903 454 978 ς’.
489 903 549 961 Ἠ
584 903 638 960 δὲ
695 903 868 971 ἔδοξεν
925 905 1058 984 πρὶς
1115 903 1294 984 ὀλίγον
1340 905 1564 982 ἠρεμεῖν
1601 923 1615 938 ⁸
1663 907 1750 964 καὶ
1779 907 1916 985 μετὰ

265 1003 428 1051 ταῦτα
461 992 693 1067 ἁναϐοᾷν
724 993 938 1074 ἤρξατο,
999 997 1088 1053 καὶ
1147 995 1518 1076 ὀλοφυρομένη
1561 996 1915 1075 προσρήσσειν

267 1085 462 1152 saturi”
509 1091 576 1162 τῇ
619 1086 770 1165 θύρᾳ,
831 1088 917 1142 καὶ
969 1085 1106 1160 μετὰ
1146 1087 1352 1164 θρήνων
1406 1085 1778 1145 ἐπικαλεῖσθαι
1821 1089 1916 1145 τὸν

268 1173 444 1252 ἅγιον.
495 1175 593 1232 Καὶ
656 1172 721 1244 δὴ
765 1177 1084 1255 παρακύψας
1129 1173 1214 1232 διαὶ
1257 1179 1355 1244 τῆς
1399 1174 1617 1255 θυρίδος,
1679 1177 1766 1232 καὶ
1794 1175 1915 1235 ἰδὼν

267 1265 434 1332 αὐτὴν
476 1264 848 1345 συνεχομένην
890 1267 978 1323 καὶ
1021 1268 1095 1331 ὡς
1155 1265 1209 1321 έν
1269 1263 1442 1342 πολλῇ
1505 1264 1659 1344 ὀδύνῃ
1730 1266 1912 1346 οὖσαν,

265 1353 322 1410 ἐν
365 1355 648 1435 ἀμηχανίᾳ
703 1355 984 1435 περιέστη,
1030 1356 1080 1412 τί
1123 1356 1183 1410 ἂν
1220 1355 1368 1412 εἴποι
1414 1359 1572 1436 αύτῇ,
1605 1356 1641 1424 ἢ
1673 1356 1723 1412 τί
1750 1357 1915 1426 ποιή-

430 1449 444 1467 ς
495 1452 518 1462 ς
599 1435 613 1456 ε
738 1445 758 1478 ι
853 1445 863 1461 ο
1066 1445 1080 1466 \
1189 1448 1203 1468 ν
1266 1445 1275 1462 ο
1343 1461 1358 1478 ο
1409 1471 1412 1475 ,
1457 1445 1466 1460 ν
1559 1435 1601 1466 Ὗ
1869 1447 1879 1466 ι

266 1467 346 1502 σει
391 1467 548 1519 αντη.
618 1451 662 1501 Η
706 1443 760 1501 δε.
806 1443 952 1524 λεγει
981 1467 1112 1522 προς
1149 1467 1307 1505 αυεον
1401 1457 1600 1521 Δεομαι
1643 1467 1760 1517 σου,
1794 1445 1914 1502 ἔπι-

265 1532 468 1611 ϐλεψον
500 1535 574 1598 εἰς
634 1533 729 1610 ἐμὲ
787 1535 877 1592 καὶ
907 1535 1197 1614 σφράγισόν
1230 1555 1318 1610 με,
1355 1535 1435 1592 ὅτι
1468 1533 1730 1613 καρδιακῇ
1760 1533 1916 1612 ὀδύνῃ

267 1624 593 1705 συνέχομαι.
639 1632 814 1683 Ταῦτα
867 1624 1094 1690 ἀκούσας
1149 1624 1389 1701 ἐξῆλθεν,
1437 1626 1523 1682 καὶ
1598 1626 1764 1704 πυρὰν
1809 1645 1912 1701 με-

266 1713 441 1792 γάλην
498 1714 731 1790 ἀνάψας,
785 1715 1136 1792 παρεκάθισεν
1193 1715 1381 1789 αὐτὴν,
1431 1716 1518 1772 καί
1562 1716 1660 1782 τὴν
1697 1715 1912 1794 ἀριστε-

264 1804 360 1880 ρὰν
389 1805 549 1860 αὐτοῦ
595 1817 759 1884 χεῖρα
791 1803 1046 1874 ἐπιδήσας
1079 1811 1154 1879 τῷ
1199 1807 1353 1882 πυρὶ,
1415 1811 1484 1881 τῇ
1514 1802 1656 1877 δεξιᾷ
1685 1803 1910 1862 ὑπαλεί-

265 1917 378 1972 φων
436 1893 497 1952 ἐκ
553 1902 645 1951 τοῦ
701 1893 881 1951 ελαίου
940 1896 1045 1950 τῶν
1086 1894 1252 1972 ἁγίων
1297 1893 1571 1972 ἐπυρίαζεν
1618 1893 1780 1962 αύτὴν
1830 1892 1912 1953 διὰ

263 1985 362 2048 τῆς
419 1981 742 2060 θερμότητος
804 1989 909 2038 τῶν
972 1989 1171 2062 χειρῶν
1228 1981 1421 2062 αύτοῦ,
1473 1983 1912 2062 κατασφραγίςων

264 2072 428 2138 αύτην
481 2078 721 2150 συνεχῶς
799 2071 885 2128 ἐπὶ
942 2081 1035 2130 τού
1109 2073 1357 2142 στήθους.
1410 2061 1474 2128 Ἠ
1518 2072 1573 2131 δὲ
1633 2074 1700 2148 τῇ
1745 2073 1912 2145 οἰκείᾳ

263 2160 498 2233 ἀναιδείᾳ
550 2160 844 2240 φερομένη,
903 2159 1206 2237 βουλομένη
1263 2183 1322 2218 τε
1381 2164 1540 2223 αὐτὸν
1597 2159 1910 2242 παγιδεῦσαι

261 2251 350 2305 καὶ
408 2251 480 2312 εἷς
541 2251 820 2326 ἔπιθυμίαν
910 2248 1108 2306 ἄτοπον
1181 2249 1429 2330 ἁταγεϊν,
1505 2249 1649 2330 λέγει
1717 2256 1861 2326 αύτῷ
1892 2269 1907 2284 ⁸

271 2339 470 2414 Δέομαί
525 2362 642 2414 σου,
702 2338 923 2417 ante»
1001 2362 1102 2416 μου
1177 2340 1262 2398 ἐπὶ
1323 2340 1454 2398 πολὺ
1511 2343 1608 2407 τὴν
1671 2340 1908 2420 καρδίαν,

267 2427 413 2492 ὅπως
471 2435 651 2507 παύσῃ
709 2432 743 2499 ἡ
816 2430 1116 2511 συνέχουσὰ
1181 2453 1249 2508 με
1303 2429 1484 2501 ὀδύνη.
1538 2423 1596 2491 Ὀ
1639 2429 1694 2487 δὲ
1734 2429 1909 2511 ἅγιος,

265 2521 403 2575 κατᾶ
459 2519 556 2587 τὴν
617 2522 914 2595 προσοῦσαν
946 2523 1106 2582 αὐτοῦ
1165 2520 1470 2598 ἁπλότητα,
1530 2521 1697 2580 εἴκων
1753 2523 1908 2602 αὐτῇ,

259 2611 327 2668 τὰ
372 2610 503 2689 πρὸς
554 2613 831 2689 θεραπείαν
876 2611 1040 2680 αύτής
1091 2611 1328 2669 ἐπετέλει
1361 2629 1376 2644 ⁸
1419 2611 1529 2688 ἅμα
1573 2611 1627 2670 δὲ
1688 2614 1772 2670 καὶ
1813 2613 1910 2676 τὰς

260 2698 460 2780 τέχνας
530 2707 622 2758 τοῦ
676 2701 917 2777 Ποντιροῦ
973 2700 1356 2782 ἒπιστὰμενος,
1421 2703 1508 2758 καὶ
1559 2700 1764 2775 δεδιὼς,
1828 2703 1908 2775 μή

258 2795 374 2853 πῶς
431 2788 492 2845 ἐκ
533 2793 630 2859 τῆς
675 2787 882 2858 πολλῆς
928 2791 1000 2854 εἰς
1047 2791 1213 2859 αύτὴν
1257 2793 1584 2867 συμπαθείας
1649 2791 1908 2848 ἀθάνατον

259 2880 430 2954 ἑαυτῴ
459 2879 734 2936 ἀσθένειαν
775 2882 1064 2960 ἱπαγάγοι,
1099 2879 1185 2938 ἐπὶ
1215 2879 1305 2939 δύο
1335 2881 1371 2949 ἢ
1428 2882 1513 2938 καὶ
1578 2894 1722 2960 τρεῖς
1767 2880 1905 2959 ὥρας

257 2969 424 3035 οὕτως
471 2968 700 3049 ἀφειδῶς
759 2971 857 3038 τὴν
906 2970 1184 3050 ἀριστερὰν
1231 2985 1398 3051 χεῖρα
1431 2979 1506 3046 τῷ
1557 2974 1680 3050 πυρὶ
1740 2993 1910 3050 προσ-

257 3058 431 3139 φέρων
493 3057 846 3140 ἐνεκαρτέρει,
889 3058 1049 3140 ἄχρις
1096 3063 1155 3116 ού
1228 3061 1279 3118 αἱ
1339 3060 1585 3139 ἁρμονίαι
1647 3059 1752 3119 τῶν
1810 3061 1910 3131 τῆς

261 3151 444 3228 χειρὸς
477 3150 748 3208 δακτύλων
783 3153 1068 3210 καυθεϊσαι
1103 3149 1406 3215 ἀπέπεσαν,
1466 3160 1630 3211 Τοῦτο
1673 3149 1728 3208 δὲ
1789 3165 1910 3214 ταῖς

2001 565 2131 609 eam
2161 545 2234 608 ad
2294 563 2358 607 se
2417 545 2765 620 introduxit,
2827 564 3160 628 panemque
3219 556 3278 610 et
3307 567 3519 630 aquam
3553 551 3644 613 illi

1999 635 2277 718 apposuit
2314 656 2328 696 :
2383 644 2443 698 et
2492 635 2838 698 interiorem
2872 637 3084 699 cellam
3116 638 3440 717 ingressus,
3475 639 3644 720 seip-

1999 744 2133 787 sum
2166 724 2289 788 illic
2320 723 2588 803 inclusit,
2623 725 2878 788 muliere
2907 727 2968 788 in
3007 727 3306 792 exteriore
3345 728 3499 792 cella
3527 729 3640 793 de-

1997 815 2230 879 relicta.

2076 902 2176 969 VI.
2215 905 2321 969 llla
2380 923 2520 969 vero
2578 925 2713 971 cum
2767 906 2967 968 cibum
3026 907 3404 987 sumpsisset,
3457 908 3644 971 voluit

2000 995 2307 1077 paulisper
2339 998 2678 1078 quiescere.
2715 999 2928 1060 Postea
2979 997 3159 1078 coepit
3210 997 3547 1074 vociferari,
3583 1010 3646 1061 et

2001 1105 2136 1149 cum
2171 1085 2454 1149 lamentis
2483 1085 2556 1149 ad
2609 1085 2857 1165 januam
2907 1105 2972 1148 se
3003 1085 3292 1166 dejicere,
3329 1087 3646 1168 virumque

2001 1184 2278 1239 sanctum
2309 1176 2660 1258 implorare.
2709 1174 2816 1238 Ille
2867 1194 3016 1239 vero
3048 1195 3081 1239 e
3110 1176 3370 1240 fenestra
3402 1179 3642 1260 prospi-

2001 1266 2192 1340 ciens,
2225 1285 2483 1345 eamque
2533 1265 2741 1328 videns
2789 1267 3082 1346 angustiis
3130 1275 3190 1328 et
3221 1269 3404 1329 multo
3435 1266 3644 1332 dolore

2000 1374 2429 1437 compressam,
2488 1355 2800 1418 dubitabat
2854 1355 3138 1437 quidnam
3190 1355 3246 1417 ei
3281 1357 3508 1418 diceret
3540 1367 3642 1421 aut

2000 1444 2244 1508 faceret.
2279 1445 2449 1508 Tunc
2479 1445 2604 1520 illa,
2653 1447 2878 1508 Precor
2929 1455 3008 1522 te,
3043 1445 3258 1526 inquit,
3294 1455 3358 1508 ut
3388 1465 3484 1508 me
3511 1466 3643 1510 res-

2001 1534 2205 1616 picias,
2238 1545 2297 1597 et
2353 1535 2521 1614 signo
2580 1541 2778 1597 crucis
2834 1534 3090 1610 munias,
3121 1535 3403 1611 quoniam
3437 1536 3646 1601 dolore

1998 1625 2202 1688 cordis
2232 1624 2562 1704 opprimor.
2599 1624 2703 1688 His
2735 1624 2834 1687 ille
2881 1624 3101 1687 auditis
3154 1624 3317 1702 exiit,
3353 1635 3412 1688 et
3443 1624 3642 1688 statim

1997 1713 2133 1794 igne
2169 1714 2354 1776 multo
2406 1732 2685 1790 accenso,
2749 1733 2936 1796 prope
2993 1713 3311 1776 mulierem
3363 1715 3543 1790 sedit,
3572 1733 3646 1779 ac

1997 1803 2236 1867 sinistra
2268 1821 2446 1865 manu
2472 1803 2596 1882 igni
2623 1801 2882 1879 admota,
2917 1803 3161 1866 dextera
3181 1821 3417 1866 sacrum
3442 1805 3644 1870 oleum

1995 1890 2276 1972 sumpsit,
2311 1898 2372 1954 et
2396 1910 2527 1954 eam
2561 1890 2889 1953 calefacere
2937 1891 3116 1972 coepit
3148 1891 3402 1972 propriae
3433 1910 3646 1956 manus

1996 1979 2220 2055 calore,
2256 1999 2452 2062 neque
2483 1979 2796 2044 desinebat
2829 1981 2961 2060 ejus
3005 1987 3210 2060 pectus
3245 1979 3444 2042 crucis
3473 1981 3644 2060 signo

1997 2071 2254 2133 munire.
2291 2071 2398 2134 llla
2439 2069 2624 2151 igitur
2653 2069 3042 2152 impudentiae
3073 2069 3330 2131 stimulis
3360 2069 3642 2151 impulsa,

1993 2179 2128 2223 cum
2164 2160 2406 2223 irretire
2439 2179 2575 2222 eum
2609 2159 2810 2236 vellet,
2849 2167 2907 2221 et
2941 2164 3001 2220 in
3037 2165 3272 2240 turpem
3327 2158 3643 2224 libidinem

1997 2251 2322 2325 concitare,
2353 2249 2542 2330 Rogo,
2578 2249 2788 2332 inquit,
2825 2256 2880 2312 te
2913 2249 3132 2311 diutius
3161 2267 3268 2310 cor
3297 2268 3498 2312 meum
3527 2269 3645 2314 un-

1995 2360 2121 2421 gas,
2159 2351 2220 2402 ut
2274 2341 2470 2416 dolor,
2534 2341 2636 2422 qui
2693 2360 2787 2402 me
2835 2339 3198 2421 comprimit,
3220 2339 3345 2419 jam
3377 2339 3639 2406 desinat.

1995 2429 2127 2513 Ille,
2161 2449 2294 2508 quae
2323 2431 2454 2510 ejus
2519 2439 2645 2493 erat
2674 2430 3051 2510 simplicitas,
3087 2429 3326 2491 mulieri
3357 2429 3636 2507 credens,

1995 2539 2251 2602 quasque
2309 2519 2381 2582 ad
2429 2539 2560 2584 eam
2620 2520 2946 2584 curandam
3000 2518 3402 2602 pertinebant,
3437 2528 3640 2585 atten-

1995 2611 2168 2691 dens,
2197 2611 2500 2692 simulque
2529 2609 2804 2672 fraudem
2835 2608 3000 2691 pravi
3031 2607 3320 2671 damonis
3349 2610 3549 2674 sciens
3571 2631 3641 2675 ac

1996 2709 2378 2776 metuens,ne
2409 2699 2562 2762 forte
2587 2718 2656 2762 ex
2694 2698 2874 2762 multa
2910 2699 2971 2760 in
2997 2716 3127 2761 eam
3162 2699 3641 2763 commiseratio-

1994 2808 2070 2852 ne
2091 2789 2520 2870 sempiternam
2549 2789 2966 2852 inﬂrmitatem
2992 2788 3109 2850 sibi
3138 2788 3644 2866 aﬁ‘erret,duabus

1993 2879 2084 2942 vel
2115 2879 2311 2941 tribus
2342 2879 2510 2941 horis
2537 2887 2886 2942 constanter
2916 2877 3221 2941 sinistram
3283 2896 3525 2942 manum
3577 2881 3642 2944 in

1991 2970 2194 3051 ignem
2227 2970 2512 3050 injectam
2545 2969 2828 3043 detinuit,
2866 2968 2946 3031 ita
2968 2977 3032 3030 ut
3055 2967 3375 3048 digitorum
3399 2988 3643 3053 compa-

1989 3078 2096 3139 ges
2125 3057 2450 3121 combusta:
2473 3056 2838 3122 deciderint.
2878 3057 3004 3120 Hoc
3029 3056 3130 3118 ille
3153 3055 3410 3120 faciebat
3431 3067 3642 3125 contra

1995 3147 2321 3212 diabolicae
2352 3149 2658 3212 machinas
2689 3147 3049 3219 militans,ut
3081 3154 3327 3228 propter
3349 3147 3644 3212 intolera-

261 3226 596 3302 διαϐολικαϊς
677 3251 966 3320 μηχαναῖς
1061 3239 1594 3320 ἀντιστρατευόμενος
1695 3241 1910 3322 ἐποίει,

1999 3239 2182 3302 bilem
2205 3237 2372 3301 illum
2394 3235 2664 3300 dolorem
2689 3256 2759 3300 ex
2795 3236 2948 3318 ignis
2976 3226 3217 3300 ﬂamma
3248 3238 3643 3318 proﬁciscen-

263 3330 401 3385 ὥστε
460 3329 614 3385 αὐτὸν
699 3327 784 3385 διὰ
845 3331 942 3396 τῆς
1002 3329 1062 3386 ἐκ
1111 3337 1206 3389 τοῦ
1261 3332 1426 3409 πυρὸς
1486 3331 1910 3411 προσγινομένης

265 3420 407 3491 αύτῷ
438 3417 708 3496 ἀφορήτου
739 3419 950 3500 ὀδύνης,
997 3422 1075 3495 μή
1132 3443 1252 3478 τινα
1303 3422 1564 3488 κακίστην
1597 3420 1800 3480 ἔννοιαν
1845 3427 1913 3497 τῇ

264 3504 448 3586 καρδίᾳ
478 3509 638 3565 αύτοῦ
666 3508 1026 3568 ὑπεισελθεῒν.

342 3596 430 3660 Ζ¹.
492 3588 552 3654 Ἠ
598 3596 676 3675 δὲ,
729 3601 790 3655 τὸ
833 3598 1124 3678 παράδοξον
1168 3599 1372 3674 ἰδοῦσα,
1423 3601 1508 3658 καὶ
1536 3603 1592 3658 ἓν
1626 3601 1789 3678 ἑαυτῇ
1820 3621 1910 3679 γε·

263 3687 463 3764 νομένη
524 3687 690 3767 (ἑώρα
734 3689 831 3768 γὰρ
870 3690 970 3758 τὴν
1027 3704 1194 3770 χεῖρα
1235 3698 1328 3749 τοῦ
1371 3692 1522 3771 ἁγίου
1563 3697 1735 3748 πᾶσαν
1768 3711 1906 3770 σχεο

261 3775 351 3835 δὸν
407 3778 508 3834 ὑπὸ
565 3780 728 3857 πυρὸς
789 3777 1240 3861 δαπανηθεῖσιν),
1322 3780 1623 3860 δακρύσασα
1694 3782 1906 3859 πικρὸν,

259 3870 348 3925 καὶ
430 3866 723 3934 στενάξασα
798 3866 990 3948 δεινὸν,
1073 3883 1190 3934 τοῖς
1253 3872 1378 3928 ποσὶ
1446 3870 1748 3950 προσέπεσε
1818 3876 1910 3926 τού

260 3958 435 4038 ἁγίου,
470 3953 557 4016 καὶ
585 3972 708 4022 ταῖς
739 3959 927 4039 χερσὶν
965 3960 1130 4028 αὐτῆς
1181 3961 1238 4018 τὸ
1271 3958 1406 4018 ἴδιον
1465 3961 1732 4021 τύπτουσα
1768 3965 1908 4028 στῆ-

259 4052 372 4125 θος,
401 4046 528 4106 ἐϐόα
561 4068 577 4085 ⁸
627 4049 792 4124 Οῗμοι
843 4055 906 4126 τῇ
949 4049 1102 4122 ἀθλία
1152 4051 1240 4108 καὶ
1292 4049 1696 4128 ἓσκοτισμένῃί
1758 4052 1909 4125 θ’ἰμοι

261 4137 341 4195 ὅτι
400 4137 728 4217 καταϐρωμὰ
791 4141 900 4214 εἶμι
951 4142 1046 4197 τοῦ
1110 4140 1318 4196 αἰωνίου
1373 4138 1582 4219 πυρόςί
1633 4138 1784 4217 σ’ίμοι
1829 4136 1910 4196 ὅτι

265 4227 486 4308 δοχεϊόν
537 4230 646 4304 εἶμι
702 4231 794 4286 τοῦ
846 4225 1140 4288 διαϐόλουί
1189 4220 1248 4288 Ὀ
1292 4227 1347 4286 δὲ
1393 4229 1543 4310 ἅγιος
1589 4231 1718 4310 πρὸς
1747 4236 1910 4288 ταῦτα

265 4318 412 4381 ἐντὸς
474 4320 786 4397 γενόμενος,
863 4323 1021 4400 φησὶν
1091 4321 1223 4395 πρὸς
1290 4321 1454 4391 αύτήν
1490 4337 1504 4353 ⁶
1590 4319 1908 4394 Ἀνάστηθι,

264 4407 442 4485 γύναι.
513 4408 615 4465 Καῖ
680 4409 770 4464 σὺν
816 4407 994 4485 πολλῇ
1049 4414 1118 4486 τῇ
1161 4410 1248 4486 βίᾳ
1291 4407 1354 4468 ἰκ
1394 4416 1487 4468 τοῦ
1531 4407 1748 4490 ἰδάιρους
1778 4431 1911 4466 ανα-

267 4496 471 4565 στήσας
531 4496 716 4572 αύτήν,
778 4497 867 4553 καὶ
911 4497 1082 4578 εύχὴν
1127 4501 1320 4566 εκτενῆ
1365 4498 1706 4579 ἐπιτελέσας,
1765 4498 1910 4577 λέγει

1997 3339 2140 3411 tem,
2173 3327 2336 3391 nulla
2368 3329 2633 3411 pessima
2663 3327 2943 3409 cogitatio
3001 3326 3063 3388 in
3092 3327 3225 3408 ejus
3252 3327 3518 3392 animum
3549 3332 3635 3395 ir-

1993 3427 2260 3502 reparet.

2072 3597 2202 3663 VII.
2227 3597 2398 3671 Quod
2427 3616 2561 3661 cum
2587 3595 3020 3661 admirabiliter
3047 3595 3121 3658 ab
3154 3613 3224 3659 eo
3258 3597 3388 3660 fieri
3415 3600 3634 3665 mulier

1993 3686 2246 3768 videret,
2270 3695 2330 3750 et
2346 3687 2476 3770 ipsa
2497 3686 2882 3769 resipisceret
2901 3685 3104 3766 (totam
3130 3685 3290 3748 enim
3313 3690 3498 3750 sancti
3519 3689 3629 3752 viri

1995 3795 2239 3840 manum
2272 3777 2398 3840 fere
2423 3777 2546 3857 igni
2568 3783 2982 3855 consumptam
3008 3773 3635 3857 videbat),lacrymans

1993 3876 2173 3949 atque
2207 3866 2613 3944 ingemiscens
2633 3864 2706 3929 ad
2731 3865 2924 3927 sancti
2949 3863 3057 3926 viri
3081 3865 3268 3944 pedes
3297 3883 3364 3926 se
3394 3865 3638 3946 dejecit,

1994 3966 2051 4021 et
2080 3957 2208 4019 suis
2239 3958 2515 4020 manibus
2548 3955 2854 4039 proprium
2888 3963 3096 4036 pectus
3133 3953 3399 4034 pulsans,
3425 3955 3642 4019 clama-

1993 4048 2093 4111 bat
2127 4066 2140 4110 :
2177 4046 2287 4111 Hei
2347 4047 2495 4110 mihi
2558 4047 2790 4108 misera:
2840 4052 2898 4108 et
2953 4044 3306 4106 excaecata!
3343 4044 3639 4124 beimihi,

1996 4137 2154 4221 quod
2179 4137 2403 4200 diaboli
2427 4135 2797 4199 domicilium
2821 4135 2971 4198 facta
2994 4141 3146 4196 sum!
3181 4133 3321 4197 Haec
3341 4154 3474 4198 cum
3499 4155 3643 4199 san-

1998 4239 2127 4291 ctus
2156 4229 2248 4289 vir
2279 4227 2516 4290 audiret
2541 4231 2717 4308 atque
2766 4225 3242 4305 obstupesceret,
3284 4223 3495 4305 Surge,
3541 4227 3642 4289 in-

1995 4319 2147 4401 quit,
2176 4315 2549 4380 mulier.Hoc
2573 4317 2741 4388 dixit,
2769 4324 2826 4377 et
2858 4313 3183 4377 admodum
3222 4313 3576 4380 festinanter
3609 4337 3644 4382 e

1995 4409 2122 4471 solo
2151 4408 2314 4470 illam
2339 4408 2616 4482 erexit,et
2639 4414 2896 4468 attentas
2923 4422 3137 4486 preces
3169 4403 3243 4465 ad
3275 4406 3465 4468 Deum
3499 4409 3643 4470 mit-

1997 4507 2152 4573 tens,
2189 4498 2430 4572 Nuntia,
2456 4496 2673 4578 inquit,
2698 4495 2938 4569 mulier,
2970 4494 3113 4574 quid
3141 4494 3253 4556 hoc
3284 4496 3382 4558 sit.
3417 4497 3646 4578 Vixque

269 4587 404 4661 αύτῇ
437 4604 453 4623 ο
517 4587 577 4644 Τί
634 4587 716 4643 σοί
772 4585 936 4662 ἔστιν,
995 4587 1312 4666 ἁνᾶγγειλόν
1367 4611 1483 4665 μοι.
1535 4580 1597 4646 Ἠ
1642 4587 1696 4644 δὲ
1757 4587 1910 4665 μόλις

1999 4586 2070 4649 ad
2093 4606 2159 4650 se
2182 4606 2572 4669 reversa,quo
2599 4595 2767 4668 pacto
2784 4603 2884 4648 res
2907 4603 2974 4646 se
2993 4582 3269 4658 habebat,
3303 4583 3645 4664 singulatim

269 4674 490 4734 ἐλθοῦσα
535 4677 608 4738 είς
662 4676 880 4750 ἑαυτὴν,
929 4675 1073 4742 ὅπως
1119 4678 1281 4759 εἶχεν
1335 4679 1398 4735 τὰ
1451 4685 1542 4736 τοῦ
1601 4678 1914 4758 πράγματος

265 4763 402 4821 κατὰ
450 4762 647 4822 λεπτὸν
703 4764 846 4840 αύτῷ
899 4764 1226 4845 ἰξηγήσατο,
1261 4769 1612 4849 φανερώσασα
1643 4767 1786 4842 αύτῷ
1815 4767 1914 4835 τὴν

265 4859 372 4910 τῶν
429 4853 748 4932 παρανόμων
804 4861 1174 4938 Σαμαρειτῶν,
1229 4856 1436 4934 μᾶλλον
1479 4855 1533 4913 δὲ
1592 4863 1686 4914 τοῦ
1729 4854 1912 4914 διαϐό-

265 4943 382 5020 λου,
445 4942 836 5020 μελετηθετσαν
897 4947 1033 5002 κατὰ
1075 4954 1167 5004 τοῦ
1229 4948 1382 5026 ἁγίου
1438 4943 1750 5014 ἐπιϐουλήν,
1815 4947 1912 5006 Καὶ

264 5031 329 5102 δὴ
382 5034 524 5113 μέγα
556 5034 804 5101 στενάξας
837 5037 864 5092 ὃ
895 5033 1081 5100 δοῦλος
1121 5044 1214 5094 τοῦ
1257 5039 1411 5116 Θεοῦ,
1447 5038 1537 5094 καὶ
1568 5035 1744 5094 πολλὰ
1777 5036 1912 5112 μετὰ

263 5123 420 5192 δόξης
463 5125 551 5181 καὶ
609 5122 846 5204 δακρύων
906 5127 1303 5206 εὖχαριστήσας
1365 5133 1440 5200 τῷ
1475 5128 1614 5202 Θεῷ,
1649 5128 1913 5207 κατήχη-

265 5236 353 5272 σεν
384 5215 574 5293 αύτὴν,
605 5213 724 5279 δούς
757 5236 814 5271 τε
874 5215 1008 5292 αύτῇ
1062 5215 1328 5292 εύλογίας,
1374 5215 1688 5274 ἀπέστειλεν
1745 5217 1912 5284 αὐτὴν

266 5307 396 5384 πρὸς
451 5307 546 5362 τὸν
604 5306 904 5384 ἁγιώτατον
963 5305 1255 5364 ἐπίσκοπον
1309 5303 1678 5382 Ἀλέξανδρον.
1729 5298 1794 5364 Ἠ
1857 5306 1912 5364 δὲ

265 5396 363 5460 τὴν
420 5393 712 5464 ἐκκλησίαν
769 5393 1169 5469 καταλαϐοῦσα,
1235 5397 1434 5454 ἓκαστα
1484 5397 1592 5453 τῶν
1662 5418 1912 5476 παρηκο-

266 5482 609 5550 λουθηκότων
663 5491 739 5561 τῷ
798 5491 914 5563 Θεῷ
972 5488 1208 5567 πρῶτον,
1265 5483 1452 5544 έπειτα
1509 5485 1564 5542 δὲ
1639 5486 1730 5542 καί
1795 5486 1910 5562 [τῷ]

267 5572 552 5651 ἁγιωτάτῷ
583 5573 722 5650 ἀνδρὶ
752 5574 1194 5654 ἑξομολογήσατο
1232 5593 1244 5608 ⁸
1310 5578 1368 5642 ὃς
1412 5577 1501 5633 καὶ
1546 5577 1702 5638 αὒτὸς
1745 5573 1912 5631 πλεῖ·-

267 5684 367 5721 στα
411 5667 735 5743 κατηχήσας
781 5668 968 5748 αὐτὴν,
1026 5669 1115 5724 καὶ
1164 5667 1329 5747 εὸρὼν
1361 5666 1526 5735 αὐτὴν
1557 5665 1785 5728 ἐκτενῶς
1829 5664 1912 5746 ἐφ’

1999 4677 2307 4758 exposuit,
2341 4678 2624 4756 aperiens
2652 4693 2800 4757 quas
2833 4674 2996 4756 pravi
3028 4674 3358 4749 Samaritm,
3395 4676 3484 4738 vel
3516 4677 3650 4739 dia-

1999 4765 2178 4828 bolus
2211 4766 2410 4846 potius
2441 4765 2728 4828 adversus
2748 4765 2976 4844 justum
3015 4763 3204 4824 virum
3239 4762 3492 4827 insidias
3517 4785 3647 4828 ma-

1998 4857 2278 4918 chinatus
2307 4853 2657 4926 fueraLQua
2680 4871 2748 4915 re
2779 4853 3003 4925 audita,
3032 4850 3136 4913 Dei
3163 4867 3374 4914 servus
3397 4872 3647 4932 magno-

1997 4966 2142 5028 pere
2175 4949 2465 5027 ingemuit
2497 4962 2510 5007 :
2548 4963 2811 5026 cumque
2841 4942 2945 5006 Dei
2968 4943 3217 5020 gloriam
3251 4943 3641 5018 celebrasset,

1998 5046 2055 5099 et
2087 5038 2380 5118 lacrymas
2409 5034 2621 5097 multas
2649 5035 2957 5107 emittens,
2992 5031 3115 5094 Deo
3147 5032 3369 5110 gratias
3401 5032 3642 5112 egisset,

1995 5127 2156 5190 illam
2174 5122 3043 5199 catecbismoinstruxit,eique
3066 5119 3518 5184 benedictione:
3538 5122 3646 5184 im-

1997 5216 2452 5298 partitus,misit
2475 5215 2546 5277 ad
2581 5214 2943 5275 sanctissum
2975 5209 3384 5272 Alexandrum
3417 5211 3649 5291 episco-

1999 5305 2391 5388 pum.Mulier
2403 5323 2540 5368 vero
2556 5321 2689 5366 cum
2713 5301 2788 5364 ad
2808 5300 3126 5363 ecclesiam
3152 5305 3646 5388 venisset,unam-

1997 5387 2297 5478 quamque
2327 5413 2455 5458 rem
2490 5394 2700 5456 ordine
2733 5393 2858 5454 Deo
2888 5389 3006 5469 ipsi
3039 5387 3554 5478 primum,deinde
3586 5401 3646 5456 et

1999 5477 2378 5549 sanctissimo
2401 5484 2526 5545 viro
2552 5482 2825 5545 confessa
2846 5487 2954 5540 est:
2985 5478 3087 5560 qui
3113 5487 3170 5539 et
3194 5477 3322 5559 ipse
3345 5497 3480 5543 cum
3505 5481 3644 5564 plu-

1998 5574 2216 5637 rimum
2239 5592 2368 5637 eam
2394 5573 2795 5640 instruxisset,
2831 5586 3164 5651 eorumque
3191 5569 3482 5634 malorum
3512 5590 3644 5654 quae

1999 5665 2411 5742 commiserat,
2434 5661 2604 5726 valde
2647 5659 3042 5744 poenitentem
3077 5660 3331 5742 videret,
3386 5661 3642 5729 immor-
