  <div class='ocr_page' id='page_1' title='image "/cluster/home/n/w/nwhite01/storage/ocr_20150623/114/hvd.32044073502254/615.png"; bbox 0 0 4060 6200; ppageno 0'>
   <div class='ocr_carea' id='block_1_1' title="bbox 431 324 586 391">
    <p class='ocr_par' dir='ltr' id='par_1_1' title="bbox 431 324 586 391">
     <span class='ocr_line' id='line_1_1' title="bbox 431 324 586 391; baseline -0.006 0"><span class='ocrx_word' id='word_1_1' title='bbox 431 324 586 391; x_wconf 75' lang='grc'><strong>1219</strong></span> 
     </span>
    </p>
   </div>
   <div class='ocr_carea' id='block_1_2' title="bbox 1718 317 2512 385">
    <p class='ocr_par' dir='ltr' id='par_1_2' title="bbox 1718 317 2512 385">
     <span class='ocr_line' id='line_1_2' title="bbox 1718 317 2512 385; baseline -0.004 -3"><span class='ocrx_word' id='word_1_2' title='bbox 1718 317 2001 384; x_wconf 90' lang='lat' dir='ltr'><strong>MENSIS</strong></span> <span class='ocrx_word' id='word_1_3' title='bbox 2058 320 2090 383; x_wconf 90' lang='lat' dir='ltr'>J</span> <span class='ocrx_word' id='word_1_4' title='bbox 2094 320 2200 385; x_wconf 87' lang='lat' dir='ltr'><strong>AN</strong></span> <span class='ocrx_word' id='word_1_5' title='bbox 2210 319 2512 383; x_wconf 83' lang='lat' dir='ltr'><strong>UARIUS.</strong></span> 
     </span>
    </p>
   </div>
   <div class='ocr_carea' id='block_1_3' title="bbox 3653 317 3806 387">
    <p class='ocr_par' dir='ltr' id='par_1_3' title="bbox 3653 317 3806 387">
     <span class='ocr_line' id='line_1_3' title="bbox 3653 317 3806 387; baseline 0.013 -2"><span class='ocrx_word' id='word_1_6' title='bbox 3653 317 3806 387; x_wconf 77' lang='lat'><strong>1220</strong></span> 
     </span>
    </p>
   </div>
   <div class='ocr_carea' id='block_1_4' title="bbox 438 451 2074 537">
    <p class='ocr_par' dir='ltr' id='par_1_4' title="bbox 438 455 2074 537">
     <span class='ocr_line' id='line_1_4' title="bbox 438 455 2074 537; baseline -0.005 -12"><span class='ocrx_word' id='word_1_7' title='bbox 438 462 682 526; x_wconf 78' lang='lat' dir='ltr'><strong>talitatis</strong></span> <span class='ocrx_word' id='word_1_8' title='bbox 713 462 1011 525; x_wconf 76' lang='lat' dir='ltr'><strong>lavacrum</strong></span> <span class='ocrx_word' id='word_1_9' title='bbox 1066 459 1121 522; x_wconf 90' lang='lat' dir='ltr'><strong>ei</strong></span> <span class='ocrx_word' id='word_1_10' title='bbox 1181 456 1366 533; x_wconf 87' lang='lat' dir='ltr'><strong>dedit,</strong></span> <span class='ocrx_word' id='word_1_11' title='bbox 1400 464 1460 518; x_wconf 88' lang='lat' dir='ltr'><strong>et</strong></span> <span class='ocrx_word' id='word_1_12' title='bbox 1488 455 1806 519; x_wconf 81' lang='lat' dir='ltr'><strong>mulierem</strong></span> <span class='ocrx_word' id='word_1_13' title='bbox 1836 455 2074 537; x_wconf 83' lang='lat' dir='ltr'><strong>quidem</strong></span> 
     </span>
    </p>
   </div>
   <div class='ocr_carea' id='block_1_5' title="bbox 2163 451 3802 537">
    <p class='ocr_par' dir='ltr' id='par_1_5' title="bbox 2163 451 3802 534">
     <span class='ocr_line' id='line_1_5' title="bbox 2163 451 3802 534; baseline 0 -22"><span class='ocrx_word' id='word_1_14' title='bbox 2163 456 2252 518; x_wconf 85' lang='grc' dir='ltr'><strong>οἷς</strong></span> <span class='ocrx_word' id='word_1_15' title='bbox 2296 453 2516 534; x_wconf 72' lang='grc' dir='ltr'><strong>ἔπραξεν</strong></span> <span class='ocrx_word' id='word_1_16' title='bbox 2569 457 2952 534; x_wconf 84' lang='grc' dir='ltr'><strong>μετανοοῦσαν,</strong></span> <span class='ocrx_word' id='word_1_17' title='bbox 3000 451 3194 510; x_wconf 80' lang='grc' dir='ltr'><strong>ἔδωκεν</strong></span> <span class='ocrx_word' id='word_1_18' title='bbox 3242 455 3376 531; x_wconf 77' lang='grc' dir='ltr'><strong>αὐτῇ</strong></span> <span class='ocrx_word' id='word_1_19' title='bbox 3423 454 3483 512; x_wconf 76' lang='grc' dir='ltr'><strong>τὸ</strong></span> <span class='ocrx_word' id='word_1_20' title='bbox 3523 459 3625 522; x_wconf 77' lang='grc' dir='ltr'><strong>τῆς</strong></span> <span class='ocrx_word' id='word_1_21' title='bbox 3667 454 3802 512; x_wconf 77' lang='grc' dir='ltr'><strong>ἀθα-</strong></span> 
     </span>
    </p>
   </div>
   <div class='ocr_carea' id='block_1_6' title="bbox 437 545 2079 634">
    <p class='ocr_par' dir='ltr' id='par_1_6' title="bbox 437 545 2079 634">
     <span class='ocr_line' id='line_1_6' title="bbox 437 545 2079 634; baseline -0.004 -20"><span class='ocrx_word' id='word_1_22' title='bbox 437 554 630 634; x_wconf 89' lang='lat' dir='ltr'><strong>ipsam</strong></span> <span class='ocrx_word' id='word_1_23' title='bbox 663 553 736 615; x_wconf 88' lang='lat' dir='ltr'><strong>ad</strong></span> <span class='ocrx_word' id='word_1_24' title='bbox 796 550 1088 630; x_wconf 76' lang='lat' dir='ltr'><strong>virginum</strong></span> <span class='ocrx_word' id='word_1_25' title='bbox 1143 546 1572 609; x_wconf 83' lang='lat' dir='ltr'><strong>monasterium</strong></span> <span class='ocrx_word' id='word_1_26' title='bbox 1608 545 1803 624; x_wconf 81' lang='lat' dir='ltr'><strong>misit;</strong></span> <span class='ocrx_word' id='word_1_27' title='bbox 1838 563 2079 608; x_wconf 91' lang='lat' dir='ltr'><strong>omnem</strong></span> 
     </span>
    </p>
   </div>
   <div class='ocr_carea' id='block_1_7' title="bbox 436 634 2081 722">
    <p class='ocr_par' dir='ltr' id='par_1_7' title="bbox 436 634 2081 722">
     <span class='ocr_line' id='line_1_7' title="bbox 436 634 2081 722; baseline -0.002 -20"><span class='ocrx_word' id='word_1_28' title='bbox 436 661 577 706; x_wconf 89' lang='lat' dir='ltr'><strong>vero</strong></span> <span class='ocrx_word' id='word_1_29' title='bbox 601 641 884 722; x_wconf 82' lang='lat' dir='ltr'><strong>populum</strong></span> <span class='ocrx_word' id='word_1_30' title='bbox 903 639 1344 717; x_wconf 87' lang='lat' dir='ltr'><strong>religiosum,et</strong></span> <span class='ocrx_word' id='word_1_31' title='bbox 1367 636 1584 699; x_wconf 82' lang='lat' dir='ltr'><strong>Christi</strong></span> <span class='ocrx_word' id='word_1_32' title='bbox 1609 644 1938 698; x_wconf 81' lang='lat' dir='ltr'><strong>amatorem</strong></span> <span class='ocrx_word' id='word_1_33' title='bbox 1961 634 2081 698; x_wconf 84' lang='lat' dir='ltr'><strong>cle-</strong></span> 
     </span>
    </p>
   </div>
   <div class='ocr_carea' id='block_1_8' title="bbox 433 725 2080 808">
    <p class='ocr_par' dir='ltr' id='par_1_8' title="bbox 433 725 2080 808">
     <span class='ocr_line' id='line_1_8' title="bbox 433 725 2080 808; baseline -0.005 -13"><span class='ocrx_word' id='word_1_34' title='bbox 433 751 565 795; x_wconf 88' lang='lat' dir='ltr'><strong>rum</strong></span> <span class='ocrx_word' id='word_1_35' title='bbox 613 749 747 792; x_wconf 91' lang='lat' dir='ltr'><strong>cum</strong></span> <span class='ocrx_word' id='word_1_36' title='bbox 809 735 1253 808; x_wconf 81' lang='lat' dir='ltr'><strong>congregasset,</strong></span> <span class='ocrx_word' id='word_1_37' title='bbox 1307 745 1380 790; x_wconf 85' lang='lat' dir='ltr'><strong>ex</strong></span> <span class='ocrx_word' id='word_1_38' title='bbox 1431 725 1582 789; x_wconf 89' lang='lat' dir='ltr'><strong>urbe</strong></span> <span class='ocrx_word' id='word_1_39' title='bbox 1613 735 1671 789; x_wconf 90' lang='lat' dir='ltr'><strong>et</strong></span> <span class='ocrx_word' id='word_1_40' title='bbox 1700 726 1949 806; x_wconf 85' lang='lat' dir='ltr'><strong>regione</strong></span> <span class='ocrx_word' id='word_1_41' title='bbox 1977 725 2080 786; x_wconf 91' lang='lat' dir='ltr'><strong>illa</strong></span> 
     </span>
    </p>
   </div>
   <div class='ocr_carea' id='block_1_9' title="bbox 435 816 2076 899">
    <p class='ocr_par' dir='ltr' id='par_1_9' title="bbox 435 816 2076 899">
     <span class='ocr_line' id='line_1_9' title="bbox 435 816 2076 899; baseline -0.005 -15"><span class='ocrx_word' id='word_1_42' title='bbox 435 839 645 884; x_wconf 90' lang='lat' dir='ltr'><strong>omnes</strong></span> <span class='ocrx_word' id='word_1_43' title='bbox 668 818 991 884; x_wconf 89' lang='lat' dir='ltr'><strong>Samaritas</strong></span> <span class='ocrx_word' id='word_1_44' title='bbox 1010 816 1333 899; x_wconf 80' lang='lat' dir='ltr'><strong>expulit,ac</strong></span> <span class='ocrx_word' id='word_1_45' title='bbox 1357 824 1560 898; x_wconf 90' lang='lat' dir='ltr'><strong>postea</strong></span> <span class='ocrx_word' id='word_1_46' title='bbox 1582 817 1689 881; x_wconf 88' lang='lat' dir='ltr'><strong>Dei</strong></span> <span class='ocrx_word' id='word_1_47' title='bbox 1712 835 1949 878; x_wconf 86' lang='lat' dir='ltr'><strong>servum</strong></span> <span class='ocrx_word' id='word_1_48' title='bbox 1971 818 2076 877; x_wconf 85' lang='lat' dir='ltr'><strong>Ja-</strong></span> 
     </span>
    </p>
   </div>
   <div class='ocr_carea' id='block_1_10' title="bbox 432 905 2078 987">
    <p class='ocr_par' dir='ltr' id='par_1_10' title="bbox 432 905 2078 987">
     <span class='ocr_line' id='line_1_10' title="bbox 432 905 2078 987; baseline -0.004 -15"><span class='ocrx_word' id='word_1_49' title='bbox 432 908 653 972; x_wconf 91' lang='lat' dir='ltr'><strong>cobum</strong></span> <span class='ocrx_word' id='word_1_50' title='bbox 687 907 1126 987; x_wconf 90' lang='lat' dir='ltr'><strong>adiit,eumque</strong></span> <span class='ocrx_word' id='word_1_51' title='bbox 1147 916 1212 968; x_wconf 82' lang='lat' dir='ltr'><strong>ut</strong></span> <span class='ocrx_word' id='word_1_52' title='bbox 1245 905 1439 968; x_wconf 90' lang='lat' dir='ltr'><strong>bonus</strong></span> <span class='ocrx_word' id='word_1_53' title='bbox 1471 912 1640 986; x_wconf 90' lang='lat' dir='ltr'><strong>pater</strong></span> <span class='ocrx_word' id='word_1_54' title='bbox 1671 905 1922 968; x_wconf 88' lang='lat' dir='ltr'><strong>multum</strong></span> <span class='ocrx_word' id='word_1_55' title='bbox 1939 922 2078 968; x_wconf 90' lang='lat' dir='ltr'><strong>con-</strong></span> 
     </span>
    </p>
   </div>
   <div class='ocr_carea' id='block_1_11' title="bbox 433 994 2076 1076">
    <p class='ocr_par' dir='ltr' id='par_1_11' title="bbox 433 994 2076 1076">
     <span class='ocr_line' id='line_1_11' title="bbox 433 994 2076 1076; baseline -0.002 -16"><span class='ocrx_word' id='word_1_56' title='bbox 433 998 710 1061; x_wconf 83' lang='lat' dir='ltr'><strong>ﬁrmavit.</strong></span> <span class='ocrx_word' id='word_1_57' title='bbox 745 996 831 1058; x_wconf 87' lang='lat' dir='ltr'><strong>Ita</strong></span> <span class='ocrx_word' id='word_1_58' title='bbox 862 1015 1003 1059; x_wconf 91' lang='lat' dir='ltr'><strong>vero</strong></span> <span class='ocrx_word' id='word_1_59' title='bbox 1055 1006 1114 1058; x_wconf 89' lang='lat' dir='ltr'><strong>et</strong></span> <span class='ocrx_word' id='word_1_60' title='bbox 1169 994 1383 1057; x_wconf 90' lang='lat' dir='ltr'><strong>mulier</strong></span> <span class='ocrx_word' id='word_1_61' title='bbox 1431 994 1777 1075; x_wconf 87' lang='lat' dir='ltr'><strong>supradicta</strong></span> <span class='ocrx_word' id='word_1_62' title='bbox 1807 1013 1913 1076; x_wconf 86' lang='lat' dir='ltr'><strong>per</strong></span> <span class='ocrx_word' id='word_1_63' title='bbox 1945 1012 2076 1076; x_wconf 82' lang='lat' dir='ltr'><strong>poe-</strong></span> 
     </span>
    </p>
   </div>
   <div class='ocr_carea' id='block_1_12' title="bbox 430 1084 2076 1166">
    <p class='ocr_par' dir='ltr' id='par_1_12' title="bbox 430 1084 2076 1166">
     <span class='ocr_line' id='line_1_12' title="bbox 430 1084 2076 1166; baseline -0.003 -15"><span class='ocrx_word' id='word_1_64' title='bbox 430 1087 743 1151; x_wconf 89' lang='lat' dir='ltr'><strong>nitentiam</strong></span> <span class='ocrx_word' id='word_1_65' title='bbox 769 1086 1004 1150; x_wconf 85' lang='lat' dir='ltr'><strong>Christo</strong></span> <span class='ocrx_word' id='word_1_66' title='bbox 1027 1085 1284 1166; x_wconf 90' lang='lat' dir='ltr'><strong>seipsam</strong></span> <span class='ocrx_word' id='word_1_67' title='bbox 1311 1084 1622 1161; x_wconf 86' lang='lat' dir='ltr'><strong>obtulit,ut</strong></span> <span class='ocrx_word' id='word_1_68' title='bbox 1650 1094 1711 1149; x_wconf 90' lang='lat' dir='ltr'><strong>et</strong></span> <span class='ocrx_word' id='word_1_69' title='bbox 1741 1085 1922 1148; x_wconf 89' lang='lat' dir='ltr'><strong>chara</strong></span> <span class='ocrx_word' id='word_1_70' title='bbox 1955 1087 2076 1147; x_wconf 90' lang='lat' dir='ltr'><strong>Deo</strong></span> 
     </span>
    </p>
   </div>
   <div class='ocr_carea' id='block_1_13' title="bbox 432 1174 1992 1258">
    <p class='ocr_par' dir='ltr' id='par_1_13' title="bbox 432 1174 1992 1258">
     <span class='ocr_line' id='line_1_13' title="bbox 432 1174 1992 1258; baseline -0.003 -18"><span class='ocrx_word' id='word_1_71' title='bbox 432 1187 614 1255; x_wconf 81' lang='lat' dir='ltr'><strong>esset,</strong></span> <span class='ocrx_word' id='word_1_72' title='bbox 649 1186 708 1240; x_wconf 92' lang='lat' dir='ltr'><strong>et</strong></span> <span class='ocrx_word' id='word_1_73' title='bbox 735 1177 1025 1239; x_wconf 88' lang='lat' dir='ltr'><strong>adversus</strong></span> <span class='ocrx_word' id='word_1_74' title='bbox 1055 1174 1361 1238; x_wconf 61' lang='lat' dir='ltr'><strong>daemones</strong></span> <span class='ocrx_word' id='word_1_75' title='bbox 1392 1174 1640 1253; x_wconf 82' lang='lat' dir='ltr'><strong>gratiam</strong></span> <span class='ocrx_word' id='word_1_76' title='bbox 1669 1175 1992 1258; x_wconf 83' lang='lat' dir='ltr'><strong>acciperet.</strong></span> 
     </span>
    </p>
   </div>
   <div class='ocr_carea' id='block_1_14' title="bbox 2161 544 3804 622">
    <p class='ocr_par' dir='ltr' id='par_1_14' title="bbox 2161 544 3804 622">
     <span class='ocr_line' id='line_1_14' title="bbox 2161 544 3804 622; baseline -0.001 -19"><span class='ocrx_word' id='word_1_77' title='bbox 2161 549 2344 610; x_wconf 86' lang='grc' dir='ltr'><strong>νασίας</strong></span> <span class='ocrx_word' id='word_1_78' title='bbox 2403 544 2622 621; x_wconf 75' lang='grc' dir='ltr'><strong>λουτρὸν</strong></span> <span class='ocrx_word' id='word_1_79' title='bbox 2672 544 2758 601; x_wconf 76' lang='grc' dir='ltr'><strong>καὶ</strong></span> <span class='ocrx_word' id='word_1_80' title='bbox 2817 544 2954 619; x_wconf 82' lang='grc' dir='ltr'><strong>μετὰ</strong></span> <span class='ocrx_word' id='word_1_81' title='bbox 3024 550 3191 601; x_wconf 87' lang='grc' dir='ltr'><strong>ταῦτα</strong></span> <span class='ocrx_word' id='word_1_82' title='bbox 3265 544 3368 611; x_wconf 72' lang='grc' dir='ltr'><strong>τὴν</strong></span> <span class='ocrx_word' id='word_1_83' title='bbox 3430 545 3528 620; x_wconf 80' lang='grc' dir='ltr'><strong>μὲν</strong></span> <span class='ocrx_word' id='word_1_84' title='bbox 3577 559 3804 622; x_wconf 74' lang='grc' dir='ltr'><strong>γυναῖκα</strong></span> 
     </span>
    </p>
   </div>
   <div class='ocr_carea' id='block_1_15' title="bbox 2161 631 3802 712">
    <p class='ocr_par' dir='ltr' id='par_1_15' title="bbox 2161 631 3802 712">
     <span class='ocr_line' id='line_1_15' title="bbox 2161 631 3802 712; baseline -0.001 -19"><span class='ocrx_word' id='word_1_85' title='bbox 2161 633 2472 694; x_wconf 79' lang='grc' dir='ltr'><strong>ἀπέστειλεν</strong></span> <span class='ocrx_word' id='word_1_86' title='bbox 2523 636 2599 699; x_wconf 82' lang='grc' dir='ltr'><strong>εἰς</strong></span> <span class='ocrx_word' id='word_1_87' title='bbox 2651 635 2714 692; x_wconf 77' lang='grc' dir='ltr'><strong>τὸ</strong></span> <span class='ocrx_word' id='word_1_88' title='bbox 2765 639 2872 691; x_wconf 86' lang='grc' dir='ltr'><strong>τῶν</strong></span> <span class='ocrx_word' id='word_1_89' title='bbox 2932 631 3202 712; x_wconf 80' lang='grc' dir='ltr'><strong>παρθένων</strong></span> <span class='ocrx_word' id='word_1_90' title='bbox 3259 632 3616 711; x_wconf 82' lang='grc' dir='ltr'><strong>ἆσκητήριον,</strong></span> <span class='ocrx_word' id='word_1_91' title='bbox 3678 642 3802 692; x_wconf 78' lang='grc' dir='ltr'><strong>Συν-</strong></span> 
     </span>
    </p>
   </div>
   <div class='ocr_carea' id='block_1_16' title="bbox 2160 721 3802 806">
    <p class='ocr_par' dir='ltr' id='par_1_16' title="bbox 2160 721 3802 806">
     <span class='ocr_line' id='line_1_16' title="bbox 2160 721 3802 806; baseline -0.002 -22"><span class='ocrx_word' id='word_1_92' title='bbox 2160 727 2377 806; x_wconf 77' lang='grc' dir='ltr'><strong>αγαγὼν</strong></span> <span class='ocrx_word' id='word_1_93' title='bbox 2420 723 2475 782; x_wconf 75' lang='grc' dir='ltr'>δὶ</span> <span class='ocrx_word' id='word_1_94' title='bbox 2520 725 2694 782; x_wconf 84' lang='grc' dir='ltr'><strong>πάντα</strong></span> <span class='ocrx_word' id='word_1_95' title='bbox 2735 723 2826 780; x_wconf 78' lang='grc' dir='ltr'><strong>τὸν</strong></span> <span class='ocrx_word' id='word_1_96' title='bbox 2873 721 3097 804; x_wconf 76' lang='grc' dir='ltr'><strong>θεοφιλῆ</strong></span> <span class='ocrx_word' id='word_1_97' title='bbox 3155 721 3355 800; x_wconf 75' lang='grc' dir='ltr'><strong>κλῆρον</strong></span> <span class='ocrx_word' id='word_1_98' title='bbox 3404 725 3612 782; x_wconf 78' lang='grc' dir='ltr'><strong>καὶτὸν</strong></span> <span class='ocrx_word' id='word_1_99' title='bbox 3644 723 3802 804; x_wconf 76' lang='grc' dir='ltr'><strong>φιλό-</strong></span> 
     </span>
    </p>
   </div>
   <div class='ocr_carea' id='block_1_17' title="bbox 2161 811 3802 898">
    <p class='ocr_par' dir='ltr' id='par_1_17' title="bbox 2161 811 3802 898">
     <span class='ocr_line' id='line_1_17' title="bbox 2161 811 3802 898; baseline -0.001 -26"><span class='ocrx_word' id='word_1_100' title='bbox 2161 838 2383 898; x_wconf 86' lang='grc' dir='ltr'><strong>χριστον</strong></span> <span class='ocrx_word' id='word_1_101' title='bbox 2426 814 2579 891; x_wconf 57' lang='grc' dir='ltr'><strong>λαὸν,</strong></span> <span class='ocrx_word' id='word_1_102' title='bbox 2626 811 2888 880; x_wconf 71' lang='grc' dir='ltr'><strong>ἒξεδίωξεν</strong></span> <span class='ocrx_word' id='word_1_103' title='bbox 2931 818 3031 881; x_wconf 81' lang='grc' dir='ltr'><strong>τῆς</strong></span> <span class='ocrx_word' id='word_1_104' title='bbox 3074 834 3131 870; x_wconf 86' lang='grc' dir='ltr'><strong>τε</strong></span> <span class='ocrx_word' id='word_1_105' title='bbox 3180 811 3392 878; x_wconf 84' lang='grc' dir='ltr'><strong>πόλεως</strong></span> <span class='ocrx_word' id='word_1_106' title='bbox 3442 813 3529 870; x_wconf 83' lang='grc' dir='ltr'><strong>καὶ</strong></span> <span class='ocrx_word' id='word_1_107' title='bbox 3559 820 3664 871; x_wconf 80' lang='grc' dir='ltr'><strong>τῶν</strong></span> <span class='ocrx_word' id='word_1_108' title='bbox 3700 835 3802 890; x_wconf 83' lang='grc' dir='ltr'><strong>με-</strong></span> 
     </span>
    </p>
   </div>
   <div class='ocr_carea' id='block_1_18' title="bbox 2159 903 3798 987">
    <p class='ocr_par' dir='ltr' id='par_1_18' title="bbox 2159 903 3798 987">
     <span class='ocr_line' id='line_1_18' title="bbox 2159 903 3798 987; baseline -0.002 -23"><span class='ocrx_word' id='word_1_109' title='bbox 2159 913 2264 987; x_wconf 80' lang='grc' dir='ltr'><strong>ρῶν</strong></span> <span class='ocrx_word' id='word_1_110' title='bbox 2319 905 2536 963; x_wconf 68' lang='grc' dir='ltr'><strong>ὲκείνων</strong></span> <span class='ocrx_word' id='word_1_111' title='bbox 2614 904 2818 970; x_wconf 90' lang='grc' dir='ltr'><strong>πάντας</strong></span> <span class='ocrx_word' id='word_1_112' title='bbox 2900 903 3023 969; x_wconf 75' lang='grc' dir='ltr'><strong>τοὺς</strong></span> <span class='ocrx_word' id='word_1_113' title='bbox 3081 903 3384 982; x_wconf 72' lang='grc' dir='ltr'><strong>εὑρεθέντας</strong></span> <span class='ocrx_word' id='word_1_114' title='bbox 3441 904 3798 983; x_wconf 57' lang='grc' dir='ltr'><strong>Σαμαρεὴας,</strong></span> 
     </span>
    </p>
   </div>
   <div class='ocr_carea' id='block_1_19' title="bbox 2158 994 3803 1074">
    <p class='ocr_par' dir='ltr' id='par_1_19' title="bbox 2158 994 3803 1074">
     <span class='ocr_line' id='line_1_19' title="bbox 2158 994 3803 1074; baseline -0.002 -20"><span class='ocrx_word' id='word_1_115' title='bbox 2158 998 2252 1054; x_wconf 80' lang='grc' dir='ltr'><strong>καί</strong></span> <span class='ocrx_word' id='word_1_116' title='bbox 2298 995 2433 1074; x_wconf 85' lang='grc' dir='ltr'><strong>μετᾶ</strong></span> <span class='ocrx_word' id='word_1_117' title='bbox 2475 1002 2643 1052; x_wconf 83' lang='grc' dir='ltr'><strong>ταῦτα</strong></span> <span class='ocrx_word' id='word_1_118' title='bbox 2704 994 3142 1072; x_wconf 83' lang='grc' dir='ltr'><strong>παραγενόμενος</strong></span> <span class='ocrx_word' id='word_1_119' title='bbox 3214 994 3344 1071; x_wconf 83' lang='grc' dir='ltr'><strong>πρὸς</strong></span> <span class='ocrx_word' id='word_1_120' title='bbox 3387 994 3477 1051; x_wconf 79' lang='grc' dir='ltr'><strong>τὸν</strong></span> <span class='ocrx_word' id='word_1_121' title='bbox 3520 997 3616 1052; x_wconf 88' lang='grc' dir='ltr'><strong>τοῦ</strong></span> <span class='ocrx_word' id='word_1_122' title='bbox 3673 1001 3803 1052; x_wconf 81' lang='grc' dir='ltr'><strong>Θεοῦ</strong></span> 
     </span>
    </p>
   </div>
   <div class='ocr_carea' id='block_1_20' title="bbox 2161 1081 3799 1162">
    <p class='ocr_par' dir='ltr' id='par_1_20' title="bbox 2161 1081 3799 1162">
     <span class='ocr_line' id='line_1_20' title="bbox 2161 1081 3799 1162; baseline -0.001 -20"><span class='ocrx_word' id='word_1_123' title='bbox 2161 1085 2345 1144; x_wconf 81' lang='grc' dir='ltr'><strong>δοῦλον</strong></span> <span class='ocrx_word' id='word_1_124' title='bbox 2402 1083 2684 1159; x_wconf 67' lang='grc' dir='ltr'><strong>Ἰάκωϐον,</strong></span> <span class='ocrx_word' id='word_1_125' title='bbox 2716 1083 2810 1141; x_wconf 69' lang='grc' dir='ltr'><strong>έπῗ</strong></span> <span class='ocrx_word' id='word_1_126' title='bbox 2869 1081 2999 1140; x_wconf 83' lang='grc' dir='ltr'><strong>πολὺ</strong></span> <span class='ocrx_word' id='word_1_127' title='bbox 3029 1081 3212 1159; x_wconf 75' lang='grc' dir='ltr'><strong>αὐτὸν,</strong></span> <span class='ocrx_word' id='word_1_128' title='bbox 3246 1085 3320 1148; x_wconf 67' lang='grc' dir='ltr'><strong>ὣς</strong></span> <span class='ocrx_word' id='word_1_129' title='bbox 3349 1083 3526 1161; x_wconf 77' lang='grc' dir='ltr'><strong>πατὴρ</strong></span> <span class='ocrx_word' id='word_1_130' title='bbox 3557 1085 3799 1162; x_wconf 74' lang='grc' dir='ltr'><strong>γνήσιος,</strong></span> 
     </span>
    </p>
   </div>
   <div class='ocr_carea' id='block_1_21' title="bbox 2161 1170 3801 1257">
    <p class='ocr_par' dir='ltr' id='par_1_21' title="bbox 2161 1170 3801 1257">
     <span class='ocr_line' id='line_1_21' title="bbox 2161 1170 3801 1257; baseline -0.001 -24"><span class='ocrx_word' id='word_1_131' title='bbox 2161 1174 2528 1257; x_wconf 74' lang='grc' dir='ltr'><strong>έπεστήριξεν.</strong></span> <span class='ocrx_word' id='word_1_132' title='bbox 2589 1172 2710 1233; x_wconf 85' lang='grc' dir='ltr'><strong>Ἐπὶ</strong></span> <span class='ocrx_word' id='word_1_133' title='bbox 2759 1173 3012 1230; x_wconf 87' lang='grc' dir='ltr'><strong>τοσοῦτον</strong></span> <span class='ocrx_word' id='word_1_134' title='bbox 3069 1170 3125 1229; x_wconf 81' lang='grc' dir='ltr'><strong>δὲ</strong></span> <span class='ocrx_word' id='word_1_135' title='bbox 3168 1175 3202 1242; x_wconf 79' lang='grc' dir='ltr'><strong>ἡ</strong></span> <span class='ocrx_word' id='word_1_136' title='bbox 3247 1172 3609 1253; x_wconf 82' lang='grc' dir='ltr'><strong>προῤῥηθεῖσα</strong></span> <span class='ocrx_word' id='word_1_137' title='bbox 3668 1174 3801 1252; x_wconf 74' lang='grc' dir='ltr'><strong>γυνὴ</strong></span> 
     </span>
    </p>
   </div>
   <div class='ocr_carea' id='block_1_22' title="bbox 428 1262 3798 1347">
    <p class='ocr_par' dir='ltr' id='par_1_22' title="bbox 428 1262 3798 1347">
     <span class='ocr_line' id='line_1_22' title="bbox 428 1262 3798 1347; baseline -0.001 -22"><span class='ocrx_word' id='word_1_138' title='bbox 428 1271 490 1326; x_wconf 65' lang='grc' dir='ltr'><strong>ὲκ</strong></span> <span class='ocrx_word' id='word_1_139' title='bbox 545 1269 828 1346; x_wconf 70' lang='grc' dir='ltr'><strong>μετανοίας</strong></span> <span class='ocrx_word' id='word_1_140' title='bbox 902 1268 1066 1334; x_wconf 77' lang='grc' dir='ltr'><strong>αὐτὴν</strong></span> <span class='ocrx_word' id='word_1_141' title='bbox 1124 1274 1202 1341; x_wconf 82' lang='grc' dir='ltr'><strong>τῷ</strong></span> <span class='ocrx_word' id='word_1_142' title='bbox 1264 1267 1432 1344; x_wconf 78' lang='grc' dir='ltr'><strong>Κυρίῳ</strong></span> <span class='ocrx_word' id='word_1_143' title='bbox 1484 1269 1871 1346; x_wconf 68' lang='grc' dir='ltr'><strong>προσήνεγκεν,</strong></span> <span class='ocrx_word' id='word_1_144' title='bbox 1931 1269 2004 1331; x_wconf 83' lang='grc' dir='ltr'><strong>ὡς</strong></span> <span class='ocrx_word' id='word_1_145' title='bbox 2075 1267 2252 1342; x_wconf 81' lang='grc' dir='ltr'><strong>τιμίαν</strong></span> <span class='ocrx_word' id='word_1_146' title='bbox 2335 1269 2590 1347; x_wconf 69' lang='grc' dir='ltr'><strong>ὀφθεῖσαν</strong></span> <span class='ocrx_word' id='word_1_147' title='bbox 2647 1265 2814 1339; x_wconf 85' lang='grc' dir='ltr'><strong>αὐτῷ,</strong></span> <span class='ocrx_word' id='word_1_148' title='bbox 2878 1263 2964 1321; x_wconf 83' lang='grc' dir='ltr'><strong>καὶ</strong></span> <span class='ocrx_word' id='word_1_149' title='bbox 3023 1266 3356 1344; x_wconf 78' lang='grc' dir='ltr'><strong>χαρίσματος</strong></span> <span class='ocrx_word' id='word_1_150' title='bbox 3417 1265 3550 1320; x_wconf 77' lang='grc' dir='ltr'><strong>κατὰ</strong></span> <span class='ocrx_word' id='word_1_151' title='bbox 3603 1262 3798 1339; x_wconf 82' lang='grc' dir='ltr'><strong>δαιμό-</strong></span> 
     </span>
    </p>
   </div>
   <div class='ocr_carea' id='block_1_23' title="bbox 429 1357 974 1425">
    <p class='ocr_par' dir='ltr' id='par_1_23' title="bbox 429 1357 974 1425">
     <span class='ocr_line' id='line_1_23' title="bbox 429 1357 974 1425; baseline 0.004 -9"><span class='ocrx_word' id='word_1_152' title='bbox 429 1381 532 1417; x_wconf 88' lang='grc' dir='ltr'><strong>νων</strong></span> <span class='ocrx_word' id='word_1_153' title='bbox 564 1357 974 1425; x_wconf 77' lang='grc' dir='ltr'><strong>καταξιωθῆναι.</strong></span> 
     </span>
    </p>
   </div>
   <div class='ocr_carea' id='block_1_24' title="bbox 1936 1462 2288 1529">
    <p class='ocr_par' dir='ltr' id='par_1_24' title="bbox 1936 1462 2288 1529">
     <span class='ocr_line' id='line_1_24' title="bbox 1936 1462 2288 1529; baseline -0.011 0"><span class='ocrx_word' id='word_1_154' title='bbox 1936 1462 2183 1529; x_wconf 85' lang='lat' dir='ltr'><strong>CAPUT</strong></span> <span class='ocrx_word' id='word_1_155' title='bbox 2213 1462 2288 1526; x_wconf 84' lang='lat' dir='ltr'><strong>ll.</strong></span> 
     </span>
    </p>
   </div>
   <div class='ocr_carea' id='block_1_25' title="bbox 1363 1626 2868 1708">
    <p class='ocr_par' dir='ltr' id='par_1_25' title="bbox 1363 1626 2868 1708">
     <span class='ocr_line' id='line_1_25' title="bbox 1363 1626 2868 1708; baseline -0.001 -18"><span class='ocrx_word' id='word_1_156' title='bbox 1363 1629 1607 1692; x_wconf 82' lang='lat' dir='ltr'><strong>Donum</strong></span> <span class='ocrx_word' id='word_1_157' title='bbox 1654 1629 2071 1692; x_wconf 72' lang='lat' dir='ltr'><strong>curationum.</strong></span> <span class='ocrx_word' id='word_1_158' title='bbox 2117 1626 2401 1692; x_wconf 72' lang='lat' dir='ltr'><strong>Secessus</strong></span> <span class='ocrx_word' id='word_1_159' title='bbox 2445 1627 2868 1708; x_wconf 74' lang='lat' dir='ltr'><strong>longinquior.</strong></span> 
     </span>
    </p>
   </div>
   <div class='ocr_carea' id='block_1_26' title="bbox 508 1805 2074 1888">
    <p class='ocr_par' dir='ltr' id='par_1_26' title="bbox 508 1805 2072 1888">
     <span class='ocr_line' id='line_1_26' title="bbox 508 1805 2072 1888; baseline -0.003 -16"><span class='ocrx_word' id='word_1_160' title='bbox 508 1809 662 1874; x_wconf 86' lang='lat' dir='ltr'><strong>Vlll.</strong></span> <span class='ocrx_word' id='word_1_161' title='bbox 698 1811 875 1873; x_wconf 87' lang='lat' dir='ltr'><strong>Facto</strong></span> <span class='ocrx_word' id='word_1_162' title='bbox 908 1817 1104 1871; x_wconf 89' lang='lat' dir='ltr'><strong>autem</strong></span> <span class='ocrx_word' id='word_1_163' title='bbox 1137 1808 1452 1871; x_wconf 89' lang='lat' dir='ltr'><strong>intervallo</strong></span> <span class='ocrx_word' id='word_1_164' title='bbox 1484 1807 1739 1888; x_wconf 86' lang='lat' dir='ltr'><strong>quodam</strong></span> <span class='ocrx_word' id='word_1_165' title='bbox 1765 1805 2072 1888; x_wconf 85' lang='lat' dir='ltr'><strong>temporis,</strong></span> 
     </span>
    </p>
   </div>
   <div class='ocr_carea' id='block_1_27' title="bbox 2163 1805 3795 1888">
    <p class='ocr_par' dir='ltr' id='par_1_27' title="bbox 2241 1805 3795 1888">
     <span class='ocr_line' id='line_1_27' title="bbox 2241 1805 3795 1888; baseline -0.01 -15"><span class='ocrx_word' id='word_1_166' title='bbox 2241 1807 2336 1872; x_wconf 74' lang='lat' dir='ltr'><strong>H&#39;.</strong></span> <span class='ocrx_word' id='word_1_167' title='bbox 2372 1808 2517 1864; x_wconf 80' lang='grc' dir='ltr'><strong>Μετᾶ</strong></span> <span class='ocrx_word' id='word_1_168' title='bbox 2546 1805 2601 1864; x_wconf 75' lang='grc' dir='ltr'><strong>δὲ</strong></span> <span class='ocrx_word' id='word_1_169' title='bbox 2630 1810 2827 1887; x_wconf 84' lang='grc' dir='ltr'><strong>χρόνον</strong></span> <span class='ocrx_word' id='word_1_170' title='bbox 2873 1809 3014 1882; x_wconf 84' lang='grc' dir='ltr'><strong>τινὰ,</strong></span> <span class='ocrx_word' id='word_1_171' title='bbox 3047 1808 3281 1888; x_wconf 77' lang='grc' dir='ltr'><strong>θυγάτηρ</strong></span> <span class='ocrx_word' id='word_1_172' title='bbox 3313 1807 3459 1871; x_wconf 78' lang='grc' dir='ltr'><strong>τινὸς</strong></span> <span class='ocrx_word' id='word_1_173' title='bbox 3491 1810 3598 1861; x_wconf 82' lang='grc' dir='ltr'><strong>τῶν</strong></span> <span class='ocrx_word' id='word_1_174' title='bbox 3645 1825 3795 1883; x_wconf 81' lang='grc' dir='ltr'><strong>πρω-</strong></span> 
     </span>
    </p>
   </div>
   <div class='ocr_carea' id='block_1_28' title="bbox 430 1897 2078 1979">
    <p class='ocr_par' dir='ltr' id='par_1_28' title="bbox 430 1897 2078 1979">
     <span class='ocr_line' id='line_1_28' title="bbox 430 1897 2078 1979; baseline -0.001 -20"><span class='ocrx_word' id='word_1_175' title='bbox 430 1900 553 1961; x_wconf 84' lang='lat' dir='ltr'><strong>ﬂlia</strong></span> <span class='ocrx_word' id='word_1_176' title='bbox 581 1899 892 1979; x_wconf 86' lang='lat' dir='ltr'><strong>cujusdam</strong></span> <span class='ocrx_word' id='word_1_177' title='bbox 927 1897 1058 1974; x_wconf 89' lang='lat' dir='ltr'><strong>viri,</strong></span> <span class='ocrx_word' id='word_1_178' title='bbox 1080 1898 1181 1978; x_wconf 90' lang='lat' dir='ltr'><strong>qui</strong></span> <span class='ocrx_word' id='word_1_179' title='bbox 1206 1898 1536 1978; x_wconf 85' lang='lat' dir='ltr'><strong>principem</strong></span> <span class='ocrx_word' id='word_1_180' title='bbox 1565 1899 1757 1959; x_wconf 87' lang='lat' dir='ltr'><strong>locum</strong></span> <span class='ocrx_word' id='word_1_181' title='bbox 1782 1898 1844 1958; x_wconf 91' lang='lat' dir='ltr'><strong>in</strong></span> <span class='ocrx_word' id='word_1_182' title='bbox 1867 1905 2078 1959; x_wconf 89' lang='lat' dir='ltr'><strong>senatu</strong></span> 
     </span>
    </p>
   </div>
   <div class='ocr_carea' id='block_1_29' title="bbox 430 1987 2078 2067">
    <p class='ocr_par' dir='ltr' id='par_1_29' title="bbox 430 1987 2078 2067">
     <span class='ocr_line' id='line_1_29' title="bbox 430 1987 2078 2067; baseline -0.001 -18"><span class='ocrx_word' id='word_1_183' title='bbox 430 1987 1013 2067; x_wconf 83' lang='lat' dir='ltr'><strong>obtinebat,impuro</strong></span> <span class='ocrx_word' id='word_1_184' title='bbox 1047 1987 1260 2067; x_wconf 85' lang='lat' dir='ltr'><strong>Spiritu</strong></span> <span class='ocrx_word' id='word_1_185' title='bbox 1292 1987 1892 2066; x_wconf 87' lang='lat' dir='ltr'><strong>agitata,nominatim</strong></span> <span class='ocrx_word' id='word_1_186' title='bbox 1928 2005 2078 2048; x_wconf 81' lang='lat' dir='ltr'><strong>san-</strong></span> 
     </span>
    </p>
   </div>
   <div class='ocr_carea' id='block_1_30' title="bbox 433 2076 2077 2158">
    <p class='ocr_par' dir='ltr' id='par_1_30' title="bbox 433 2076 2077 2158">
     <span class='ocr_line' id='line_1_30' title="bbox 433 2076 2077 2158; baseline -0.001 -19"><span class='ocrx_word' id='word_1_187' title='bbox 433 2084 594 2140; x_wconf 90' lang='lat' dir='ltr'><strong>ctum</strong></span> <span class='ocrx_word' id='word_1_188' title='bbox 628 2076 798 2138; x_wconf 90' lang='lat' dir='ltr'><strong>illum</strong></span> <span class='ocrx_word' id='word_1_189' title='bbox 831 2076 1021 2137; x_wconf 89' lang='lat' dir='ltr'><strong>virum</strong></span> <span class='ocrx_word' id='word_1_190' title='bbox 1045 2076 1384 2140; x_wconf 79' lang='lat' dir='ltr'><strong>invocabat.</strong></span> <span class='ocrx_word' id='word_1_191' title='bbox 1413 2080 1557 2140; x_wconf 90' lang='lat' dir='ltr'><strong>Cum</strong></span> <span class='ocrx_word' id='word_1_192' title='bbox 1593 2076 1772 2153; x_wconf 78' lang='lat' dir='ltr'><strong>igitur</strong></span> <span class='ocrx_word' id='word_1_193' title='bbox 1803 2077 1935 2157; x_wconf 87' lang='lat' dir='ltr'><strong>ejus</strong></span> <span class='ocrx_word' id='word_1_194' title='bbox 1970 2094 2077 2158; x_wconf 84' lang='lat' dir='ltr'><strong>pa-</strong></span> 
     </span>
    </p>
   </div>
   <div class='ocr_carea' id='block_1_31' title="bbox 426 2165 2078 2246">
    <p class='ocr_par' dir='ltr' id='par_1_31' title="bbox 426 2165 2078 2246">
     <span class='ocr_line' id='line_1_31' title="bbox 426 2165 2078 2246; baseline 0 -18"><span class='ocrx_word' id='word_1_195' title='bbox 426 2176 634 2229; x_wconf 87' lang='lat' dir='ltr'><strong>rentes</strong></span> <span class='ocrx_word' id='word_1_196' title='bbox 661 2166 734 2228; x_wconf 88' lang='lat' dir='ltr'><strong>ad</strong></span> <span class='ocrx_word' id='word_1_197' title='bbox 757 2165 862 2228; x_wconf 91' lang='lat' dir='ltr'><strong>Dei</strong></span> <span class='ocrx_word' id='word_1_198' title='bbox 889 2184 1125 2227; x_wconf 87' lang='lat' dir='ltr'><strong>servum</strong></span> <span class='ocrx_word' id='word_1_199' title='bbox 1151 2184 1280 2227; x_wconf 89' lang='lat' dir='ltr'><strong>eam</strong></span> <span class='ocrx_word' id='word_1_200' title='bbox 1307 2166 1647 2241; x_wconf 86' lang='lat' dir='ltr'><strong>duxissent,</strong></span> <span class='ocrx_word' id='word_1_201' title='bbox 1669 2165 1864 2246; x_wconf 90' lang='lat' dir='ltr'><strong>ipsum</strong></span> <span class='ocrx_word' id='word_1_202' title='bbox 1897 2185 2078 2244; x_wconf 86' lang='lat' dir='ltr'><strong>roga-</strong></span> 
     </span>
    </p>
   </div>
   <div class='ocr_carea' id='block_1_32' title="bbox 428 2259 2082 2334">
    <p class='ocr_par' dir='ltr' id='par_1_32' title="bbox 428 2259 2082 2334">
     <span class='ocr_line' id='line_1_32' title="bbox 428 2259 2082 2334; baseline 0.002 -17"><span class='ocrx_word' id='word_1_203' title='bbox 428 2260 657 2330; x_wconf 90' lang='lat' dir='ltr'><strong>bant,ut</strong></span> <span class='ocrx_word' id='word_1_204' title='bbox 681 2260 882 2330; x_wconf 74' lang='lat' dir='ltr'><strong>puellae</strong></span> <span class='ocrx_word' id='word_1_205' title='bbox 900 2260 1258 2332; x_wconf 78' lang='lat' dir='ltr'><strong>iuventutem</strong></span> <span class='ocrx_word' id='word_1_206' title='bbox 1284 2259 1682 2318; x_wconf 84' lang='lat' dir='ltr'><strong>misericordia</strong></span> <span class='ocrx_word' id='word_1_207' title='bbox 1709 2272 2082 2334; x_wconf 69' lang='lat' dir='ltr'><strong>prosequere-</strong></span> 
     </span>
    </p>
   </div>
   <div class='ocr_carea' id='block_1_33' title="bbox 427 2346 2080 2428">
    <p class='ocr_par' dir='ltr' id='par_1_33' title="bbox 427 2346 2080 2428">
     <span class='ocr_line' id='line_1_33' title="bbox 427 2346 2080 2428; baseline 0.001 -21"><span class='ocrx_word' id='word_1_208' title='bbox 427 2354 616 2420; x_wconf 91' lang='lat' dir='ltr'><strong>tur,et</strong></span> <span class='ocrx_word' id='word_1_209' title='bbox 637 2346 944 2425; x_wconf 91' lang='lat' dir='ltr'><strong>impurum</strong></span> <span class='ocrx_word' id='word_1_210' title='bbox 977 2346 1254 2426; x_wconf 89' lang='lat' dir='ltr'><strong>spiritum</strong></span> <span class='ocrx_word' id='word_1_211' title='bbox 1281 2347 1353 2408; x_wconf 88' lang='lat' dir='ltr'><strong>ab</strong></span> <span class='ocrx_word' id='word_1_212' title='bbox 1378 2346 1508 2427; x_wconf 79' lang='lat' dir='ltr'><strong>ipsa</strong></span> <span class='ocrx_word' id='word_1_213' title='bbox 1539 2348 2080 2428; x_wconf 81' lang='lat' dir='ltr'><strong>expelleret.Cum-</strong></span> 
     </span>
    </p>
   </div>
   <div class='ocr_carea' id='block_1_34' title="bbox 425 2434 2082 2516">
    <p class='ocr_par' dir='ltr' id='par_1_34' title="bbox 425 2434 2082 2516">
     <span class='ocr_line' id='line_1_34' title="bbox 425 2434 2082 2516; baseline 0 -18"><span class='ocrx_word' id='word_1_214' title='bbox 425 2454 541 2516; x_wconf 89' lang='lat' dir='ltr'><strong>que</strong></span> <span class='ocrx_word' id='word_1_215' title='bbox 568 2442 810 2498; x_wconf 83' lang='lat' dir='ltr'><strong>sanctus</strong></span> <span class='ocrx_word' id='word_1_216' title='bbox 840 2434 927 2496; x_wconf 88' lang='lat' dir='ltr'><strong>vir</strong></span> <span class='ocrx_word' id='word_1_217' title='bbox 949 2455 1054 2516; x_wconf 90' lang='lat' dir='ltr'><strong>pro</strong></span> <span class='ocrx_word' id='word_1_218' title='bbox 1078 2455 1152 2498; x_wconf 85' lang='lat' dir='ltr'><strong>ea</strong></span> <span class='ocrx_word' id='word_1_219' title='bbox 1177 2439 1366 2499; x_wconf 87' lang='lat' dir='ltr'><strong>Deum</strong></span> <span class='ocrx_word' id='word_1_220' title='bbox 1393 2446 1668 2516; x_wconf 85' lang='lat' dir='ltr'><strong>precatus</strong></span> <span class='ocrx_word' id='word_1_221' title='bbox 1688 2445 1940 2512; x_wconf 89' lang='lat' dir='ltr'><strong>esset,el</strong></span> <span class='ocrx_word' id='word_1_222' title='bbox 1960 2456 2082 2498; x_wconf 84' lang='lat' dir='ltr'><strong>ma-</strong></span> 
     </span>
    </p>
   </div>
   <div class='ocr_carea' id='block_1_35' title="bbox 425 2525 2076 2608">
    <p class='ocr_par' dir='ltr' id='par_1_35' title="bbox 425 2525 2076 2608">
     <span class='ocr_line' id='line_1_35' title="bbox 425 2525 2076 2608; baseline 0.001 -20"><span class='ocrx_word' id='word_1_223' title='bbox 425 2544 540 2588; x_wconf 90' lang='lat' dir='ltr'><strong>nus</strong></span> <span class='ocrx_word' id='word_1_224' title='bbox 559 2543 740 2606; x_wconf 91' lang='lat' dir='ltr'><strong>super</strong></span> <span class='ocrx_word' id='word_1_225' title='bbox 759 2525 919 2586; x_wconf 89' lang='lat' dir='ltr'><strong>illam</strong></span> <span class='ocrx_word' id='word_1_226' title='bbox 944 2525 1565 2607; x_wconf 88' lang='lat' dir='ltr'><strong>imposuisset,statim</strong></span> <span class='ocrx_word' id='word_1_227' title='bbox 1595 2526 1796 2588; x_wconf 89' lang='lat' dir='ltr'><strong>divina</strong></span> <span class='ocrx_word' id='word_1_228' title='bbox 1816 2546 1929 2608; x_wconf 91' lang='lat' dir='ltr'><strong>ope</strong></span> <span class='ocrx_word' id='word_1_229' title='bbox 1958 2527 2076 2589; x_wconf 81' lang='lat' dir='ltr'><strong>dae-</strong></span> 
     </span>
    </p>
   </div>
   <div class='ocr_carea' id='block_1_36' title="bbox 428 2615 2076 2698">
    <p class='ocr_par' dir='ltr' id='par_1_36' title="bbox 428 2615 2076 2698">
     <span class='ocr_line' id='line_1_36' title="bbox 428 2615 2076 2698; baseline 0.001 -20"><span class='ocrx_word' id='word_1_230' title='bbox 428 2634 666 2678; x_wconf 88' lang='lat' dir='ltr'><strong>monem</strong></span> <span class='ocrx_word' id='word_1_231' title='bbox 692 2615 1008 2696; x_wconf 86' lang='lat' dir='ltr'><strong>expulit,et</strong></span> <span class='ocrx_word' id='word_1_232' title='bbox 1033 2616 1289 2697; x_wconf 87' lang='lat' dir='ltr'><strong>puellam</strong></span> <span class='ocrx_word' id='word_1_233' title='bbox 1310 2618 1557 2680; x_wconf 88' lang='lat' dir='ltr'><strong>curavit.</strong></span> <span class='ocrx_word' id='word_1_234' title='bbox 1588 2616 1731 2698; x_wconf 85' lang='lat' dir='ltr'><strong>Ejus</strong></span> <span class='ocrx_word' id='word_1_235' title='bbox 1752 2617 1938 2697; x_wconf 80' lang='lat' dir='ltr'><strong>igitur</strong></span> <span class='ocrx_word' id='word_1_236' title='bbox 1968 2637 2076 2698; x_wconf 87' lang='lat' dir='ltr'><strong>pa-</strong></span> 
     </span>
    </p>
   </div>
   <div class='ocr_carea' id='block_1_37' title="bbox 426 2711 2077 2784">
    <p class='ocr_par' dir='ltr' id='par_1_37' title="bbox 426 2711 2077 2784">
     <span class='ocr_line' id='line_1_37' title="bbox 426 2711 2077 2784; baseline 0.002 -16"><span class='ocrx_word' id='word_1_237' title='bbox 426 2718 622 2768; x_wconf 86' lang='lat' dir='ltr'><strong>rentes</strong></span> <span class='ocrx_word' id='word_1_238' title='bbox 645 2725 774 2767; x_wconf 87' lang='lat' dir='ltr'><strong>cum</strong></span> <span class='ocrx_word' id='word_1_239' title='bbox 800 2720 855 2768; x_wconf 89' lang='lat' dir='ltr'><strong>et</strong></span> <span class='ocrx_word' id='word_1_240' title='bbox 878 2711 997 2768; x_wconf 83' lang='lat' dir='ltr'><strong>Deo</strong></span> <span class='ocrx_word' id='word_1_241' title='bbox 1024 2721 1076 2768; x_wconf 84' lang='lat' dir='ltr'><strong>et</strong></span> <span class='ocrx_word' id='word_1_242' title='bbox 1105 2712 1210 2782; x_wconf 86' lang='lat' dir='ltr'><strong>ipsi</strong></span> <span class='ocrx_word' id='word_1_243' title='bbox 1235 2713 1449 2782; x_wconf 80' lang='lat' dir='ltr'><strong>gratias</strong></span> <span class='ocrx_word' id='word_1_244' title='bbox 1481 2714 1754 2784; x_wconf 87' lang='lat' dir='ltr'><strong>egissent.</strong></span> <span class='ocrx_word' id='word_1_245' title='bbox 1789 2721 2077 2771; x_wconf 86' lang='lat' dir='ltr'><strong>trecentos</strong></span> 
     </span>
    </p>
   </div>
   <div class='ocr_carea' id='block_1_38' title="bbox 430 2794 2076 2879">
    <p class='ocr_par' dir='ltr' id='par_1_38' title="bbox 430 2794 2076 2879">
     <span class='ocr_line' id='line_1_38' title="bbox 430 2794 2076 2879; baseline 0.002 -22"><span class='ocrx_word' id='word_1_246' title='bbox 430 2813 646 2858; x_wconf 84' lang='lat' dir='ltr'><strong>aureos</strong></span> <span class='ocrx_word' id='word_1_247' title='bbox 679 2815 960 2858; x_wconf 87' lang='lat' dir='ltr'><strong>nummos</strong></span> <span class='ocrx_word' id='word_1_248' title='bbox 989 2794 1045 2858; x_wconf 92' lang='lat' dir='ltr'><strong>ei</strong></span> <span class='ocrx_word' id='word_1_249' title='bbox 1078 2797 1396 2873; x_wconf 89' lang='lat' dir='ltr'><strong>miserunt,</strong></span> <span class='ocrx_word' id='word_1_250' title='bbox 1431 2815 1579 2879; x_wconf 88' lang='lat' dir='ltr'><strong>quos</strong></span> <span class='ocrx_word' id='word_1_251' title='bbox 1610 2816 1727 2859; x_wconf 88' lang='lat' dir='ltr'><strong>non</strong></span> <span class='ocrx_word' id='word_1_252' title='bbox 1751 2798 1944 2860; x_wconf 90' lang='lat' dir='ltr'><strong>solum</strong></span> <span class='ocrx_word' id='word_1_253' title='bbox 1968 2798 2076 2878; x_wconf 90' lang='lat' dir='ltr'><strong>ju-</strong></span> 
     </span>
    </p>
   </div>
   <div class='ocr_carea' id='block_1_39' title="bbox 429 2885 2077 2968">
    <p class='ocr_par' dir='ltr' id='par_1_39' title="bbox 429 2885 2077 2968">
     <span class='ocr_line' id='line_1_39' title="bbox 429 2885 2077 2968; baseline 0.002 -21"><span class='ocrx_word' id='word_1_254' title='bbox 429 2893 554 2948; x_wconf 88' lang='lat' dir='ltr'><strong>stus</strong></span> <span class='ocrx_word' id='word_1_255' title='bbox 583 2885 685 2948; x_wconf 93' lang='lat' dir='ltr'><strong>ille</strong></span> <span class='ocrx_word' id='word_1_256' title='bbox 711 2886 802 2948; x_wconf 90' lang='lat' dir='ltr'><strong>vir</strong></span> <span class='ocrx_word' id='word_1_257' title='bbox 831 2886 1108 2968; x_wconf 87' lang='lat' dir='ltr'><strong>accipere</strong></span> <span class='ocrx_word' id='word_1_258' title='bbox 1140 2905 1326 2948; x_wconf 89' lang='lat' dir='ltr'><strong>ausus</strong></span> <span class='ocrx_word' id='word_1_259' title='bbox 1358 2907 1474 2949; x_wconf 94' lang='lat' dir='ltr'><strong>non</strong></span> <span class='ocrx_word' id='word_1_260' title='bbox 1507 2887 1733 2963; x_wconf 89' lang='lat' dir='ltr'><strong>est,sed</strong></span> <span class='ocrx_word' id='word_1_261' title='bbox 1767 2906 1844 2949; x_wconf 91' lang='lat' dir='ltr'><strong>ne</strong></span> <span class='ocrx_word' id='word_1_262' title='bbox 1872 2887 2077 2951; x_wconf 87' lang='lat' dir='ltr'><strong>videre</strong></span> 
     </span>
    </p>
   </div>
   <div class='ocr_carea' id='block_1_40' title="bbox 429 2975 2073 3058">
    <p class='ocr_par' dir='ltr' id='par_1_40' title="bbox 429 2975 2073 3058">
     <span class='ocr_line' id='line_1_40' title="bbox 429 2975 2073 3058; baseline 0.002 -22"><span class='ocrx_word' id='word_1_263' title='bbox 429 2975 673 3056; x_wconf 89' lang='lat' dir='ltr'><strong>quidem</strong></span> <span class='ocrx_word' id='word_1_264' title='bbox 698 2995 802 3038; x_wconf 93' lang='lat' dir='ltr'><strong>eos</strong></span> <span class='ocrx_word' id='word_1_265' title='bbox 828 2995 1034 3056; x_wconf 89' lang='lat' dir='ltr'><strong>passus</strong></span> <span class='ocrx_word' id='word_1_266' title='bbox 1056 2977 1187 3053; x_wconf 78' lang='lat' dir='ltr'><strong>fuit;</strong></span> <span class='ocrx_word' id='word_1_267' title='bbox 1206 2977 1656 3058; x_wconf 88' lang='lat' dir='ltr'><strong>dicens,eisque</strong></span> <span class='ocrx_word' id='word_1_268' title='bbox 1678 2978 2073 3058; x_wconf 89' lang='lat' dir='ltr'><strong>persuadens,</strong></span> 
     </span>
    </p>
   </div>
   <div class='ocr_carea' id='block_1_41' title="bbox 427 3066 2072 3145">
    <p class='ocr_par' dir='ltr' id='par_1_41' title="bbox 427 3066 2072 3145">
     <span class='ocr_line' id='line_1_41' title="bbox 427 3066 2072 3145; baseline 0.002 -19"><span class='ocrx_word' id='word_1_269' title='bbox 427 3082 545 3126; x_wconf 88' lang='lat' dir='ltr'><strong>non</strong></span> <span class='ocrx_word' id='word_1_270' title='bbox 576 3067 798 3128; x_wconf 83' lang='lat' dir='ltr'><strong>decere</strong></span> <span class='ocrx_word' id='word_1_271' title='bbox 828 3066 1169 3128; x_wconf 90' lang='lat' dir='ltr'><strong>divinarum</strong></span> <span class='ocrx_word' id='word_1_272' title='bbox 1197 3086 1400 3128; x_wconf 89' lang='lat' dir='ltr'><strong>rerum</strong></span> <span class='ocrx_word' id='word_1_273' title='bbox 1429 3077 1824 3129; x_wconf 89' lang='lat' dir='ltr'><strong>mercaturam</strong></span> <span class='ocrx_word' id='word_1_274' title='bbox 1849 3068 2072 3145; x_wconf 84' lang='lat' dir='ltr'><strong>facere,</strong></span> 
     </span>
    </p>
   </div>
   <div class='ocr_carea' id='block_1_42' title="bbox 2158 1893 3798 1975">
    <p class='ocr_par' dir='ltr' id='par_1_42' title="bbox 2158 1893 3798 1975">
     <span class='ocr_line' id='line_1_42' title="bbox 2158 1893 3798 1975; baseline -0.004 -20"><span class='ocrx_word' id='word_1_275' title='bbox 2158 1897 2418 1956; x_wconf 86' lang='grc' dir='ltr'><strong>τευόντων</strong></span> <span class='ocrx_word' id='word_1_276' title='bbox 2479 1908 2570 1958; x_wconf 83' lang='grc' dir='ltr'><strong>τού</strong></span> <span class='ocrx_word' id='word_1_277' title='bbox 2623 1897 2999 1975; x_wconf 75' lang='grc' dir='ltr'><strong>βουλευτηρίου</strong></span> <span class='ocrx_word' id='word_1_278' title='bbox 3066 1900 3168 1955; x_wconf 82' lang='grc' dir='ltr'><strong>ὑπὸ</strong></span> <span class='ocrx_word' id='word_1_279' title='bbox 3210 1897 3506 1974; x_wconf 79' lang='grc' dir='ltr'><strong>ἀκαθάρτου</strong></span> <span class='ocrx_word' id='word_1_280' title='bbox 3554 1893 3798 1968; x_wconf 81' lang='grc' dir='ltr'><strong>πνεύμα-</strong></span> 
     </span>
    </p>
   </div>
   <div class='ocr_carea' id='block_1_43' title="bbox 2158 1984 3800 2066">
    <p class='ocr_par' dir='ltr' id='par_1_43' title="bbox 2158 1984 3800 2066">
     <span class='ocr_line' id='line_1_43' title="bbox 2158 1984 3800 2066; baseline -0.004 -21"><span class='ocrx_word' id='word_1_281' title='bbox 2158 2010 2250 2052; x_wconf 90' lang='grc' dir='ltr'><strong>τος</strong></span> <span class='ocrx_word' id='word_1_282' title='bbox 2283 1986 2634 2066; x_wconf 70' lang='grc' dir='ltr'><strong>ἐνεργουμένη</strong></span> <span class='ocrx_word' id='word_1_283' title='bbox 2668 1986 2816 2063; x_wconf 69' lang='grc' dir='ltr'><strong>ἐϐόα,</strong></span> <span class='ocrx_word' id='word_1_284' title='bbox 2865 1988 2916 2056; x_wconf 76' lang='grc' dir='ltr'><strong>ἐξ</strong></span> <span class='ocrx_word' id='word_1_285' title='bbox 2947 1988 3210 2065; x_wconf 80' lang='grc' dir='ltr'><strong>ὀνόματος</strong></span> <span class='ocrx_word' id='word_1_286' title='bbox 3268 1984 3665 2060; x_wconf 70' lang='grc' dir='ltr'><strong>ἆπικαλουμένη</strong></span> <span class='ocrx_word' id='word_1_287' title='bbox 3711 1985 3800 2040; x_wconf 68' lang='grc' dir='ltr'><strong>τὸν</strong></span> 
     </span>
    </p>
   </div>
   <div class='ocr_carea' id='block_1_44' title="bbox 2161 2071 3804 2158">
    <p class='ocr_par' dir='ltr' id='par_1_44' title="bbox 2161 2071 3804 2158">
     <span class='ocr_line' id='line_1_44' title="bbox 2161 2071 3804 2158; baseline -0.002 -26"><span class='ocrx_word' id='word_1_288' title='bbox 2161 2075 2337 2157; x_wconf 79' lang='grc' dir='ltr'><strong>ἅγιον.</strong></span> <span class='ocrx_word' id='word_1_289' title='bbox 2392 2076 2720 2156; x_wconf 78' lang='grc' dir='ltr'><strong>’Λγαγόντες</strong></span> <span class='ocrx_word' id='word_1_290' title='bbox 2771 2079 2858 2136; x_wconf 82' lang='grc' dir='ltr'><strong>οὗν</strong></span> <span class='ocrx_word' id='word_1_291' title='bbox 2905 2077 3071 2146; x_wconf 73' lang='grc' dir='ltr'><strong>αὐτὴν</strong></span> <span class='ocrx_word' id='word_1_292' title='bbox 3115 2079 3248 2158; x_wconf 81' lang='grc' dir='ltr'><strong>πρὸς</strong></span> <span class='ocrx_word' id='word_1_293' title='bbox 3278 2078 3372 2134; x_wconf 82' lang='grc' dir='ltr'><strong>τὸν</strong></span> <span class='ocrx_word' id='word_1_294' title='bbox 3400 2082 3494 2133; x_wconf 90' lang='grc' dir='ltr'><strong>τοῦ</strong></span> <span class='ocrx_word' id='word_1_295' title='bbox 3524 2080 3658 2132; x_wconf 92' lang='grc' dir='ltr'><strong>Θεοῦ</strong></span> <span class='ocrx_word' id='word_1_296' title='bbox 3686 2071 3804 2130; x_wconf 84' lang='grc' dir='ltr'><strong>δοῦ-</strong></span> 
     </span>
    </p>
   </div>
   <div class='ocr_carea' id='block_1_45' title="bbox 2161 2163 3801 2247">
    <p class='ocr_par' dir='ltr' id='par_1_45' title="bbox 2161 2163 3801 2247">
     <span class='ocr_line' id='line_1_45' title="bbox 2161 2163 3801 2247; baseline -0.005 -23"><span class='ocrx_word' id='word_1_297' title='bbox 2161 2166 2256 2224; x_wconf 93' lang='grc' dir='ltr'><strong>λον</strong></span> <span class='ocrx_word' id='word_1_298' title='bbox 2313 2167 2360 2226; x_wconf 71' lang='grc' dir='ltr'><strong>οἱ</strong></span> <span class='ocrx_word' id='word_1_299' title='bbox 2403 2168 2600 2235; x_wconf 83' lang='grc' dir='ltr'><strong>ταύτης</strong></span> <span class='ocrx_word' id='word_1_300' title='bbox 2648 2181 2851 2247; x_wconf 90' lang='grc' dir='ltr'><strong>γονεῖς,</strong></span> <span class='ocrx_word' id='word_1_301' title='bbox 2901 2167 3233 2247; x_wconf 80' lang='grc' dir='ltr'><strong>παρεκάλουν</strong></span> <span class='ocrx_word' id='word_1_302' title='bbox 3263 2169 3421 2224; x_wconf 72' lang='grc' dir='ltr'><strong>αὐτὸν</strong></span> <span class='ocrx_word' id='word_1_303' title='bbox 3453 2164 3673 2233; x_wconf 72' lang='grc' dir='ltr'><strong>ἐλεῆσαι</strong></span> <span class='ocrx_word' id='word_1_304' title='bbox 3706 2163 3801 2230; x_wconf 66' lang='grc' dir='ltr'><strong>τὴν</strong></span> 
     </span>
    </p>
   </div>
   <div class='ocr_carea' id='block_1_46' title="bbox 2165 2255 3802 2331">
    <p class='ocr_par' dir='ltr' id='par_1_46' title="bbox 2165 2255 3802 2331">
     <span class='ocr_line' id='line_1_46' title="bbox 2165 2255 3802 2331; baseline -0.002 -18"><span class='ocrx_word' id='word_1_305' title='bbox 2165 2261 2328 2326; x_wconf 76' lang='grc' dir='ltr'><strong>αὐτῆς</strong></span> <span class='ocrx_word' id='word_1_306' title='bbox 2389 2257 2617 2325; x_wconf 84' lang='grc' dir='ltr'><strong>νεότητα</strong></span> <span class='ocrx_word' id='word_1_307' title='bbox 2673 2260 2766 2315; x_wconf 83' lang='grc' dir='ltr'><strong>καί</strong></span> <span class='ocrx_word' id='word_1_308' title='bbox 2825 2257 3092 2317; x_wconf 80' lang='grc' dir='ltr'><strong>ἀπελάσαι</strong></span> <span class='ocrx_word' id='word_1_309' title='bbox 3124 2257 3220 2315; x_wconf 85' lang='grc' dir='ltr'><strong>ἀπ’</strong></span> <span class='ocrx_word' id='word_1_310' title='bbox 3253 2258 3418 2324; x_wconf 77' lang='grc' dir='ltr'><strong>αὐτῆς</strong></span> <span class='ocrx_word' id='word_1_311' title='bbox 3451 2258 3540 2313; x_wconf 80' lang='grc' dir='ltr'><strong>τὸν</strong></span> <span class='ocrx_word' id='word_1_312' title='bbox 3573 2255 3802 2331; x_wconf 72' lang='grc' dir='ltr'><strong>ἀκάθαρ-</strong></span> 
     </span>
    </p>
   </div>
   <div class='ocr_carea' id='block_1_47' title="bbox 2162 2341 3802 2427">
    <p class='ocr_par' dir='ltr' id='par_1_47' title="bbox 2162 2341 3802 2427">
     <span class='ocr_line' id='line_1_47' title="bbox 2162 2341 3802 2427; baseline 0.002 -24"><span class='ocrx_word' id='word_1_313' title='bbox 2162 2369 2252 2403; x_wconf 86' lang='grc' dir='ltr'><strong>τον</strong></span> <span class='ocrx_word' id='word_1_314' title='bbox 2306 2345 2552 2422; x_wconf 84' lang='grc' dir='ltr'><strong>δαίμονα.</strong></span> <span class='ocrx_word' id='word_1_315' title='bbox 2593 2348 2690 2405; x_wconf 84' lang='grc' dir='ltr'><strong>Καὶ</strong></span> <span class='ocrx_word' id='word_1_316' title='bbox 2747 2345 2812 2414; x_wconf 75' lang='grc' dir='ltr'><strong>δὴ</strong></span> <span class='ocrx_word' id='word_1_317' title='bbox 2865 2346 3288 2427; x_wconf 79' lang='grc' dir='ltr'><strong>προσευξαμένου</strong></span> <span class='ocrx_word' id='word_1_318' title='bbox 3317 2345 3410 2404; x_wconf 79' lang='grc' dir='ltr'><strong>τοῦ</strong></span> <span class='ocrx_word' id='word_1_319' title='bbox 3439 2345 3594 2423; x_wconf 84' lang='grc' dir='ltr'><strong>ἆγίου</strong></span> <span class='ocrx_word' id='word_1_320' title='bbox 3621 2341 3802 2421; x_wconf 75' lang='grc' dir='ltr'><strong>ἀνδρὸς</strong></span> 
     </span>
    </p>
   </div>
   <div class='ocr_carea' id='block_1_48' title="bbox 2166 2436 3802 2516">
    <p class='ocr_par' dir='ltr' id='par_1_48' title="bbox 2166 2436 3802 2516">
     <span class='ocr_line' id='line_1_48' title="bbox 2166 2436 3802 2516; baseline -0.002 -24"><span class='ocrx_word' id='word_1_321' title='bbox 2166 2438 2251 2492; x_wconf 72' lang='grc' dir='ltr'><strong>ναὶ</strong></span> <span class='ocrx_word' id='word_1_322' title='bbox 2296 2437 2389 2500; x_wconf 82' lang='grc' dir='ltr'><strong>τὰς</strong></span> <span class='ocrx_word' id='word_1_323' title='bbox 2434 2449 2629 2516; x_wconf 82' lang='grc' dir='ltr'><strong>χεῖρας</strong></span> <span class='ocrx_word' id='word_1_324' title='bbox 2684 2441 2816 2513; x_wconf 82' lang='grc' dir='ltr'><strong>αὐτῇ</strong></span> <span class='ocrx_word' id='word_1_325' title='bbox 2872 2437 3170 2511; x_wconf 78' lang='grc' dir='ltr'><strong>ἐπιθέντος,</strong></span> <span class='ocrx_word' id='word_1_326' title='bbox 3217 2439 3555 2516; x_wconf 75' lang='grc' dir='ltr'><strong>παραχρῆμα</strong></span> <span class='ocrx_word' id='word_1_327' title='bbox 3601 2436 3668 2510; x_wconf 78' lang='grc' dir='ltr'><strong>τῇ</strong></span> <span class='ocrx_word' id='word_1_328' title='bbox 3715 2441 3802 2489; x_wconf 83' lang='grc' dir='ltr'><strong>τοῦ</strong></span> 
     </span>
    </p>
   </div>
   <div class='ocr_carea' id='block_1_49' title="bbox 2166 2521 3804 2606">
    <p class='ocr_par' dir='ltr' id='par_1_49' title="bbox 2166 2521 3804 2606">
     <span class='ocr_line' id='line_1_49' title="bbox 2166 2521 3804 2606; baseline -0.002 -23"><span class='ocrx_word' id='word_1_329' title='bbox 2166 2525 2352 2604; x_wconf 81' lang='grc' dir='ltr'><strong>Κυρίου</strong></span> <span class='ocrx_word' id='word_1_330' title='bbox 2409 2525 2592 2606; x_wconf 81' lang='grc' dir='ltr'><strong>χάριτι</strong></span> <span class='ocrx_word' id='word_1_331' title='bbox 2635 2527 2726 2582; x_wconf 80' lang='grc' dir='ltr'><strong>τὸν</strong></span> <span class='ocrx_word' id='word_1_332' title='bbox 2770 2525 2994 2602; x_wconf 84' lang='grc' dir='ltr'><strong>δαίμονα</strong></span> <span class='ocrx_word' id='word_1_333' title='bbox 3039 2525 3318 2598; x_wconf 74' lang='grc' dir='ltr'><strong>ἀπήλασεν</strong></span> <span class='ocrx_word' id='word_1_334' title='bbox 3367 2527 3456 2582; x_wconf 84' lang='grc' dir='ltr'><strong>καὶ</strong></span> <span class='ocrx_word' id='word_1_335' title='bbox 3510 2526 3610 2592; x_wconf 79' lang='grc' dir='ltr'><strong>τὴν</strong></span> <span class='ocrx_word' id='word_1_336' title='bbox 3640 2521 3804 2580; x_wconf 76' lang='grc' dir='ltr'><strong>παῖδα</strong></span> 
     </span>
    </p>
   </div>
   <div class='ocr_carea' id='block_1_50' title="bbox 2159 2609 3804 2696">
    <p class='ocr_par' dir='ltr' id='par_1_50' title="bbox 2159 2609 3804 2696">
     <span class='ocr_line' id='line_1_50' title="bbox 2159 2609 3804 2696; baseline -0.001 -24"><span class='ocrx_word' id='word_1_337' title='bbox 2159 2609 2367 2678; x_wconf 69' lang='grc' dir='ltr'><strong>ἰάσατο.</strong></span> <span class='ocrx_word' id='word_1_338' title='bbox 2406 2616 2916 2695; x_wconf 86' lang='grc' dir='ltr'><strong>Εὐχαριστήσαντες</strong></span> <span class='ocrx_word' id='word_1_339' title='bbox 2947 2622 3235 2696; x_wconf 81' lang='grc' dir='ltr'><strong>τοιγαροῦν</strong></span> <span class='ocrx_word' id='word_1_340' title='bbox 3267 2617 3314 2671; x_wconf 81' lang='grc' dir='ltr'><strong>οἱ</strong></span> <span class='ocrx_word' id='word_1_341' title='bbox 3373 2614 3574 2680; x_wconf 79' lang='grc' dir='ltr'><strong>ταύτης</strong></span> <span class='ocrx_word' id='word_1_342' title='bbox 3621 2626 3804 2692; x_wconf 81' lang='grc' dir='ltr'><strong>γονεῖς</strong></span> 
     </span>
    </p>
   </div>
   <div class='ocr_carea' id='block_1_51' title="bbox 2158 2702 3802 2784">
    <p class='ocr_par' dir='ltr' id='par_1_51' title="bbox 2158 2702 3802 2784">
     <span class='ocr_line' id='line_1_51' title="bbox 2158 2702 3802 2784; baseline -0.002 -22"><span class='ocrx_word' id='word_1_343' title='bbox 2158 2711 2237 2778; x_wconf 83' lang='grc' dir='ltr'><strong>τῷ</strong></span> <span class='ocrx_word' id='word_1_344' title='bbox 2287 2709 2402 2777; x_wconf 85' lang='grc' dir='ltr'><strong>Θεῷ</strong></span> <span class='ocrx_word' id='word_1_345' title='bbox 2451 2707 2539 2761; x_wconf 83' lang='grc' dir='ltr'><strong>καὶ</strong></span> <span class='ocrx_word' id='word_1_346' title='bbox 2581 2709 2658 2778; x_wconf 84' lang='grc' dir='ltr'><strong>τῷ</strong></span> <span class='ocrx_word' id='word_1_347' title='bbox 2705 2704 2840 2781; x_wconf 75' lang='grc' dir='ltr'><strong>ἁγίῳ</strong></span> <span class='ocrx_word' id='word_1_348' title='bbox 2885 2703 3048 2784; x_wconf 84' lang='grc' dir='ltr'><strong>ἀνδρὶ,</strong></span> <span class='ocrx_word' id='word_1_349' title='bbox 3115 2702 3434 2761; x_wconf 76' lang='grc' dir='ltr'><strong>ἀπέστειλαν</strong></span> <span class='ocrx_word' id='word_1_350' title='bbox 3479 2702 3621 2776; x_wconf 85' lang='grc' dir='ltr'><strong>αὐτῷ</strong></span> <span class='ocrx_word' id='word_1_351' title='bbox 3664 2703 3802 2783; x_wconf 79' lang='grc' dir='ltr'><strong>χρύ-</strong></span> 
     </span>
    </p>
   </div>
   <div class='ocr_carea' id='block_1_52' title="bbox 2161 2790 3804 2874">
    <p class='ocr_par' dir='ltr' id='par_1_52' title="bbox 2161 2790 3804 2874">
     <span class='ocr_line' id='line_1_52' title="bbox 2161 2790 3804 2874; baseline -0.002 -22"><span class='ocrx_word' id='word_1_352' title='bbox 2161 2817 2278 2852; x_wconf 76' lang='grc' dir='ltr'><strong>σινα</strong></span> <span class='ocrx_word' id='word_1_353' title='bbox 2326 2795 2604 2874; x_wconf 83' lang='grc' dir='ltr'><strong>τριακόσια</strong></span> <span class='ocrx_word' id='word_1_354' title='bbox 2639 2812 2654 2830; x_wconf 88' lang='grc'><strong>·</strong></span> <span class='ocrx_word' id='word_1_355' title='bbox 2703 2793 2837 2874; x_wconf 78' lang='grc' dir='ltr'><strong>ἅπερ</strong></span> <span class='ocrx_word' id='word_1_356' title='bbox 2869 2798 2895 2852; x_wconf 86' lang='grc' dir='ltr'>ὁ</span> <span class='ocrx_word' id='word_1_357' title='bbox 2925 2792 3124 2860; x_wconf 83' lang='grc' dir='ltr'><strong>δίκαιος</strong></span> <span class='ocrx_word' id='word_1_358' title='bbox 3155 2797 3216 2851; x_wconf 91' lang='grc' dir='ltr'><strong>οὐ</strong></span> <span class='ocrx_word' id='word_1_359' title='bbox 3259 2795 3422 2870; x_wconf 91' lang='grc' dir='ltr'><strong>μόνον</strong></span> <span class='ocrx_word' id='word_1_360' title='bbox 3467 2790 3650 2849; x_wconf 81' lang='grc' dir='ltr'><strong>λαϐεῖν</strong></span> <span class='ocrx_word' id='word_1_361' title='bbox 3706 2793 3804 2848; x_wconf 81' lang='grc' dir='ltr'><strong>οὐκ</strong></span> 
     </span>
    </p>
   </div>
   <div class='ocr_carea' id='block_1_53' title="bbox 2165 2881 3802 2964">
    <p class='ocr_par' dir='ltr' id='par_1_53' title="bbox 2165 2881 3802 2964">
     <span class='ocr_line' id='line_1_53' title="bbox 2165 2881 3802 2964; baseline -0.001 -24"><span class='ocrx_word' id='word_1_362' title='bbox 2165 2885 2450 2964; x_wconf 71' lang='grc' dir='ltr'><strong>ἠνέσχετο,</strong></span> <span class='ocrx_word' id='word_1_363' title='bbox 2508 2881 2630 2940; x_wconf 80' lang='grc' dir='ltr'><strong>ἀλλ’</strong></span> <span class='ocrx_word' id='word_1_364' title='bbox 2686 2883 2804 2941; x_wconf 77' lang='grc' dir='ltr'><strong>οὐδὲ</strong></span> <span class='ocrx_word' id='word_1_365' title='bbox 2847 2882 2980 2941; x_wconf 84' lang='grc' dir='ltr'><strong>ἰδεῖν</strong></span> <span class='ocrx_word' id='word_1_366' title='bbox 3029 2882 3367 2959; x_wconf 76' lang='grc' dir='ltr'><strong>κατεδέξατο,</strong></span> <span class='ocrx_word' id='word_1_367' title='bbox 3421 2883 3584 2960; x_wconf 86' lang='grc' dir='ltr'><strong>Αέγων</strong></span> <span class='ocrx_word' id='word_1_368' title='bbox 3615 2884 3802 2946; x_wconf 83' lang='grc' dir='ltr'><strong>αὐτοῖς</strong></span> 
     </span>
    </p>
   </div>
   <div class='ocr_carea' id='block_1_54' title="bbox 2160 2970 3805 3054">
    <p class='ocr_par' dir='ltr' id='par_1_54' title="bbox 2160 2970 3805 3054">
     <span class='ocr_line' id='line_1_54' title="bbox 2160 2970 3805 3054; baseline -0.002 -24"><span class='ocrx_word' id='word_1_369' title='bbox 2160 2975 2247 3031; x_wconf 87' lang='grc' dir='ltr'><strong>καὶ</strong></span> <span class='ocrx_word' id='word_1_370' title='bbox 2305 2976 2524 3054; x_wconf 87' lang='grc' dir='ltr'><strong>πείθων,</strong></span> <span class='ocrx_word' id='word_1_371' title='bbox 2577 2973 2657 3049; x_wconf 67' lang='grc' dir='ltr'><strong>μὴ</strong></span> <span class='ocrx_word' id='word_1_372' title='bbox 2700 2971 2814 3030; x_wconf 85' lang='grc' dir='ltr'><strong>δεῖν</strong></span> <span class='ocrx_word' id='word_1_373' title='bbox 2872 2975 2970 3040; x_wconf 79' lang='grc' dir='ltr'><strong>τὴν</strong></span> <span class='ocrx_word' id='word_1_374' title='bbox 3015 2974 3179 3054; x_wconf 87' lang='grc' dir='ltr'><strong>χάριν</strong></span> <span class='ocrx_word' id='word_1_375' title='bbox 3233 2983 3324 3033; x_wconf 81' lang='grc' dir='ltr'><strong>τοῦ</strong></span> <span class='ocrx_word' id='word_1_376' title='bbox 3369 2979 3501 3032; x_wconf 87' lang='grc' dir='ltr'><strong>Θεοῦ</strong></span> <span class='ocrx_word' id='word_1_377' title='bbox 3549 2970 3805 3051; x_wconf 82' lang='grc' dir='ltr'><strong>ἐμπορίαν</strong></span> 
     </span>
    </p>
   </div>
   <div class='ocr_carea' id='block_1_55' title="bbox 2161 3060 3800 3141">
    <p class='ocr_par' dir='ltr' id='par_1_55' title="bbox 2161 3060 3800 3141">
     <span class='ocr_line' id='line_1_55' title="bbox 2161 3060 3800 3141; baseline -0.001 -20"><span class='ocrx_word' id='word_1_378' title='bbox 2161 3067 2454 3138; x_wconf 86' lang='grc' dir='ltr'><strong>ποιεῖσθαι,</strong></span> <span class='ocrx_word' id='word_1_379' title='bbox 2515 3060 2682 3120; x_wconf 80' lang='grc' dir='ltr'><strong>Ἀλλὰ</strong></span> <span class='ocrx_word' id='word_1_380' title='bbox 2738 3061 2943 3138; x_wconf 82' lang='grc' dir='ltr'><strong>μᾶλλον</strong></span> <span class='ocrx_word' id='word_1_381' title='bbox 2999 3061 3116 3120; x_wconf 85' lang='grc' dir='ltr'><strong>δότε</strong></span> <span class='ocrx_word' id='word_1_382' title='bbox 3177 3064 3308 3120; x_wconf 80' lang='grc' dir='ltr'><strong>αὐτὰ</strong></span> <span class='ocrx_word' id='word_1_383' title='bbox 3363 3075 3487 3126; x_wconf 88' lang='grc' dir='ltr'><strong>τοῖς</strong></span> <span class='ocrx_word' id='word_1_384' title='bbox 3521 3074 3800 3141; x_wconf 52' lang='grc' dir='ltr'><strong>πτωχοῖς</strong></span> 
     </span>
    </p>
   </div>
   <div class='ocr_carea' id='block_1_56' title="bbox 428 3149 2074 3238">
    <p class='ocr_par' dir='ltr' id='par_1_56' title="bbox 428 3154 2071 3238">
     <span class='ocr_line' id='line_1_56' title="bbox 428 3154 2071 3238; baseline 0.002 -23"><span class='ocrx_word' id='word_1_385' title='bbox 428 3154 535 3217; x_wconf 89' lang='lat' dir='ltr'><strong>sed</strong></span> <span class='ocrx_word' id='word_1_386' title='bbox 571 3155 932 3235; x_wconf 89' lang='lat' dir='ltr'><strong>pauperibus</strong></span> <span class='ocrx_word' id='word_1_387' title='bbox 963 3155 1098 3218; x_wconf 87' lang='lat' dir='ltr'><strong>illos</strong></span> <span class='ocrx_word' id='word_1_388' title='bbox 1124 3157 1322 3236; x_wconf 87' lang='lat' dir='ltr'><strong>potius</strong></span> <span class='ocrx_word' id='word_1_389' title='bbox 1343 3155 1638 3236; x_wconf 88' lang='lat' dir='ltr'><strong>dare.Ego</strong></span> <span class='ocrx_word' id='word_1_390' title='bbox 1661 3157 2071 3238; x_wconf 88' lang='lat' dir='ltr'><strong>enim,inquit,</strong></span> 
     </span>
    </p>
   </div>
   <div class='ocr_carea' id='block_1_57' title="bbox 2163 3149 3808 3238">
    <p class='ocr_par' dir='ltr' id='par_1_57' title="bbox 2163 3149 3808 3233">
     <span class='ocr_line' id='line_1_57' title="bbox 2163 3149 3808 3233; baseline -0.002 -23"><span class='ocrx_word' id='word_1_391' title='bbox 2163 3154 2304 3232; x_wconf 86' lang='grc' dir='ltr'><strong>Ἐγὼ</strong></span> <span class='ocrx_word' id='word_1_392' title='bbox 2336 3153 2435 3232; x_wconf 80' lang='grc' dir='ltr'><strong>γὰρ</strong></span> <span class='ocrx_word' id='word_1_393' title='bbox 2459 3162 2625 3211; x_wconf 82' lang='grc' dir='ltr'><strong>ταῦτα</strong></span> <span class='ocrx_word' id='word_1_394' title='bbox 2654 3156 2713 3212; x_wconf 85' lang='grc' dir='ltr'><strong>οὐ</strong></span> <span class='ocrx_word' id='word_1_395' title='bbox 2743 3151 3000 3229; x_wconf 77' lang='grc' dir='ltr'><strong>λαμϐάνω</strong></span> <span class='ocrx_word' id='word_1_396' title='bbox 3035 3172 3050 3190; x_wconf 75' lang='grc'><strong><em>⁸</em></strong></span> <span class='ocrx_word' id='word_1_397' title='bbox 3111 3153 3164 3210; x_wconf 78' lang='grc' dir='ltr'><strong>ἐν</strong></span> <span class='ocrx_word' id='word_1_398' title='bbox 3225 3153 3422 3233; x_wconf 77' lang='grc' dir='ltr'><strong>ἐρημίᾳ</strong></span> <span class='ocrx_word' id='word_1_399' title='bbox 3456 3152 3557 3230; x_wconf 77' lang='grc' dir='ltr'><strong>γὰρ</strong></span> <span class='ocrx_word' id='word_1_400' title='bbox 3586 3149 3808 3231; x_wconf 85' lang='grc' dir='ltr'><strong>διάγων,</strong></span> 
     </span>
    </p>
   </div>
   <div class='ocr_carea' id='block_1_58' title="bbox 430 3244 2077 3326">
    <p class='ocr_par' dir='ltr' id='par_1_58' title="bbox 430 3244 2077 3326">
     <span class='ocr_line' id='line_1_58' title="bbox 430 3244 2077 3326; baseline 0.001 -20"><span class='ocrx_word' id='word_1_401' title='bbox 430 3261 533 3307; x_wconf 90' lang='lat' dir='ltr'><strong>eos</strong></span> <span class='ocrx_word' id='word_1_402' title='bbox 559 3263 680 3306; x_wconf 90' lang='lat' dir='ltr'><strong>non</strong></span> <span class='ocrx_word' id='word_1_403' title='bbox 712 3245 984 3326; x_wconf 88' lang='lat' dir='ltr'><strong>accipio;</strong></span> <span class='ocrx_word' id='word_1_404' title='bbox 1020 3264 1157 3307; x_wconf 92' lang='lat' dir='ltr'><strong>nam</strong></span> <span class='ocrx_word' id='word_1_405' title='bbox 1187 3244 1249 3307; x_wconf 92' lang='lat' dir='ltr'><strong>in</strong></span> <span class='ocrx_word' id='word_1_406' title='bbox 1282 3245 1605 3308; x_wconf 86' lang='lat' dir='ltr'><strong>solitudine</strong></span> <span class='ocrx_word' id='word_1_407' title='bbox 1667 3246 1893 3324; x_wconf 87' lang='lat' dir='ltr'><strong>degens</strong></span> <span class='ocrx_word' id='word_1_408' title='bbox 1944 3247 2077 3309; x_wconf 90' lang='lat' dir='ltr'><strong>istis</strong></span> 
     </span>
    </p>
   </div>
   <div class='ocr_carea' id='block_1_59' title="bbox 430 3333 2079 3416">
    <p class='ocr_par' dir='ltr' id='par_1_59' title="bbox 430 3333 2079 3416">
     <span class='ocr_line' id='line_1_59' title="bbox 430 3333 2079 3416; baseline 0.002 -20"><span class='ocrx_word' id='word_1_409' title='bbox 430 3352 552 3396; x_wconf 91' lang='lat' dir='ltr'><strong>non</strong></span> <span class='ocrx_word' id='word_1_410' title='bbox 580 3334 847 3414; x_wconf 89' lang='lat' dir='ltr'><strong>indigeo.</strong></span> <span class='ocrx_word' id='word_1_411' title='bbox 889 3337 1092 3416; x_wconf 85' lang='lat' dir='ltr'><strong>Itaque</strong></span> <span class='ocrx_word' id='word_1_412' title='bbox 1124 3335 1344 3414; x_wconf 89' lang='lat' dir='ltr'><strong>gratias</strong></span> <span class='ocrx_word' id='word_1_413' title='bbox 1374 3333 1496 3397; x_wconf 92' lang='lat' dir='ltr'><strong>Deo</strong></span> <span class='ocrx_word' id='word_1_414' title='bbox 1527 3343 1772 3415; x_wconf 82' lang='lat' dir='ltr'><strong>agentes</strong></span> <span class='ocrx_word' id='word_1_415' title='bbox 1803 3335 2079 3399; x_wconf 88' lang='lat' dir='ltr'><strong>homines</strong></span> 
     </span>
    </p>
   </div>
   <div class='ocr_carea' id='block_1_60' title="bbox 425 3423 1432 3488">
    <p class='ocr_par' dir='ltr' id='par_1_60' title="bbox 425 3423 1432 3488">
     <span class='ocr_line' id='line_1_60' title="bbox 425 3423 1432 3488; baseline 0.002 -2"><span class='ocrx_word' id='word_1_416' title='bbox 425 3423 571 3486; x_wconf 90' lang='lat' dir='ltr'><strong>illos</strong></span> <span class='ocrx_word' id='word_1_417' title='bbox 602 3425 662 3485; x_wconf 95' lang='lat' dir='ltr'><strong>in</strong></span> <span class='ocrx_word' id='word_1_418' title='bbox 694 3442 902 3487; x_wconf 89' lang='lat' dir='ltr'><strong>eorum</strong></span> <span class='ocrx_word' id='word_1_419' title='bbox 936 3424 1148 3487; x_wconf 91' lang='lat' dir='ltr'><strong>domos</strong></span> <span class='ocrx_word' id='word_1_420' title='bbox 1177 3425 1432 3488; x_wconf 90' lang='lat' dir='ltr'><strong>remisit.</strong></span> 
     </span>
    </p>
   </div>
   <div class='ocr_carea' id='block_1_61' title="bbox 507 3513 2076 3596">
    <p class='ocr_par' dir='ltr' id='par_1_61' title="bbox 507 3513 2076 3596">
     <span class='ocr_line' id='line_1_61' title="bbox 507 3513 2076 3596; baseline 0.002 -21"><span class='ocrx_word' id='word_1_421' title='bbox 507 3513 608 3576; x_wconf 87' lang='lat' dir='ltr'><strong>1X.</strong></span> <span class='ocrx_word' id='word_1_422' title='bbox 640 3513 977 3594; x_wconf 84' lang='lat' dir='ltr'><strong>Aliquando</strong></span> <span class='ocrx_word' id='word_1_423' title='bbox 1008 3533 1145 3576; x_wconf 92' lang='lat' dir='ltr'><strong>vero</strong></span> <span class='ocrx_word' id='word_1_424' title='bbox 1175 3533 1310 3577; x_wconf 92' lang='lat' dir='ltr'><strong>cum</strong></span> <span class='ocrx_word' id='word_1_425' title='bbox 1342 3513 1697 3577; x_wconf 86' lang='lat' dir='ltr'><strong>adolescens</strong></span> <span class='ocrx_word' id='word_1_426' title='bbox 1745 3513 1985 3596; x_wconf 87' lang='lat' dir='ltr'><strong>quidam</strong></span> <span class='ocrx_word' id='word_1_427' title='bbox 2041 3534 2076 3578; x_wconf 94' lang='lat' dir='ltr'><strong>a</strong></span> 
     </span>
    </p>
   </div>
   <div class='ocr_carea' id='block_1_62' title="bbox 426 3603 2076 3686">
    <p class='ocr_par' dir='ltr' id='par_1_62' title="bbox 426 3603 2076 3686">
     <span class='ocr_line' id='line_1_62' title="bbox 426 3603 2076 3686; baseline 0.003 -23"><span class='ocrx_word' id='word_1_428' title='bbox 426 3603 700 3666; x_wconf 69' lang='lat' dir='ltr'><strong>dwmone</strong></span> <span class='ocrx_word' id='word_1_429' title='bbox 731 3612 992 3666; x_wconf 90' lang='lat' dir='ltr'><strong>tentatus</strong></span> <span class='ocrx_word' id='word_1_430' title='bbox 1022 3603 1517 3686; x_wconf 77' lang='lat' dir='ltr'><strong>fuisset,utroque</strong></span> <span class='ocrx_word' id='word_1_431' title='bbox 1559 3605 1710 3686; x_wconf 84' lang='lat' dir='ltr'><strong>pede</strong></span> <span class='ocrx_word' id='word_1_432' title='bbox 1743 3604 2076 3668; x_wconf 89' lang='lat' dir='ltr'><strong>dissolutus</strong></span> 
     </span>
    </p>
   </div>
   <div class='ocr_carea' id='block_1_63' title="bbox 424 3692 2071 3775">
    <p class='ocr_par' dir='ltr' id='par_1_63' title="bbox 424 3692 2071 3775">
     <span class='ocr_line' id='line_1_63' title="bbox 424 3692 2071 3775; baseline 0.003 -23"><span class='ocrx_word' id='word_1_433' title='bbox 424 3692 536 3754; x_wconf 88' lang='lat' dir='ltr'><strong>fuit</strong></span> <span class='ocrx_word' id='word_1_434' title='bbox 569 3712 784 3774; x_wconf 88' lang='lat' dir='ltr'><strong>:quem</strong></span> <span class='ocrx_word' id='word_1_435' title='bbox 819 3695 950 3775; x_wconf 86' lang='lat' dir='ltr'><strong>ejus</strong></span> <span class='ocrx_word' id='word_1_436' title='bbox 979 3694 1409 3775; x_wconf 89' lang='lat' dir='ltr'><strong>consanguinei</strong></span> <span class='ocrx_word' id='word_1_437' title='bbox 1437 3694 1794 3774; x_wconf 86' lang='lat' dir='ltr'><strong>bajulantes,</strong></span> <span class='ocrx_word' id='word_1_438' title='bbox 1823 3694 1896 3756; x_wconf 90' lang='lat' dir='ltr'><strong>ad</strong></span> <span class='ocrx_word' id='word_1_439' title='bbox 1929 3713 2071 3757; x_wconf 91' lang='lat' dir='ltr'><strong>san-</strong></span> 
     </span>
    </p>
   </div>
   <div class='ocr_carea' id='block_1_64' title="bbox 429 3784 2072 3866">
    <p class='ocr_par' dir='ltr' id='par_1_64' title="bbox 429 3784 2072 3866">
     <span class='ocr_line' id='line_1_64' title="bbox 429 3784 2072 3866; baseline 0.001 -22"><span class='ocrx_word' id='word_1_440' title='bbox 429 3791 590 3845; x_wconf 92' lang='lat' dir='ltr'><strong>ctum</strong></span> <span class='ocrx_word' id='word_1_441' title='bbox 644 3784 835 3847; x_wconf 90' lang='lat' dir='ltr'><strong>virum</strong></span> <span class='ocrx_word' id='word_1_442' title='bbox 872 3785 1158 3860; x_wconf 88' lang='lat' dir='ltr'><strong>tulerunt,</strong></span> <span class='ocrx_word' id='word_1_443' title='bbox 1191 3803 1330 3846; x_wconf 91' lang='lat' dir='ltr'><strong>eum</strong></span> <span class='ocrx_word' id='word_1_444' title='bbox 1364 3792 1674 3864; x_wconf 86' lang='lat' dir='ltr'><strong>rogantes,</strong></span> <span class='ocrx_word' id='word_1_445' title='bbox 1710 3794 1772 3845; x_wconf 87' lang='lat' dir='ltr'><strong>ut</strong></span> <span class='ocrx_word' id='word_1_446' title='bbox 1803 3803 1910 3865; x_wconf 92' lang='lat' dir='ltr'><strong>pro</strong></span> <span class='ocrx_word' id='word_1_447' title='bbox 1943 3785 2072 3866; x_wconf 91' lang='lat' dir='ltr'><strong>ipso</strong></span> 
     </span>
    </p>
   </div>
   <div class='ocr_carea' id='block_1_65' title="bbox 428 3874 2073 3956">
    <p class='ocr_par' dir='ltr' id='par_1_65' title="bbox 428 3874 2073 3956">
     <span class='ocr_line' id='line_1_65' title="bbox 428 3874 2073 3956; baseline 0 -20"><span class='ocrx_word' id='word_1_448' title='bbox 428 3874 619 3936; x_wconf 90' lang='lat' dir='ltr'><strong>Deum</strong></span> <span class='ocrx_word' id='word_1_449' title='bbox 654 3883 1022 3954; x_wconf 91' lang='lat' dir='ltr'><strong>precaretur.</strong></span> <span class='ocrx_word' id='word_1_450' title='bbox 1057 3874 1165 3935; x_wconf 92' lang='lat' dir='ltr'><strong>Ille</strong></span> <span class='ocrx_word' id='word_1_451' title='bbox 1191 3881 1386 3935; x_wconf 89' lang='lat' dir='ltr'><strong>autem</strong></span> <span class='ocrx_word' id='word_1_452' title='bbox 1437 3891 1572 3934; x_wconf 91' lang='lat' dir='ltr'><strong>cum</strong></span> <span class='ocrx_word' id='word_1_453' title='bbox 1602 3883 1722 3937; x_wconf 90' lang='lat' dir='ltr'><strong>tres</strong></span> <span class='ocrx_word' id='word_1_454' title='bbox 1753 3875 1884 3936; x_wconf 86' lang='lat' dir='ltr'><strong>dies</strong></span> <span class='ocrx_word' id='word_1_455' title='bbox 1906 3874 2073 3956; x_wconf 85' lang='lat' dir='ltr'><strong>jeju-</strong></span> 
     </span>
    </p>
   </div>
   <div class='ocr_carea' id='block_1_66' title="bbox 431 3962 2073 4045">
    <p class='ocr_par' dir='ltr' id='par_1_66' title="bbox 431 3962 2073 4045">
     <span class='ocr_line' id='line_1_66' title="bbox 431 3962 2073 4045; baseline 0.001 -20"><span class='ocrx_word' id='word_1_456' title='bbox 431 3971 720 4036; x_wconf 89' lang='lat' dir='ltr'><strong>nasset,et</strong></span> <span class='ocrx_word' id='word_1_457' title='bbox 741 3964 958 4025; x_wconf 85' lang='lat' dir='ltr'><strong>divinis</strong></span> <span class='ocrx_word' id='word_1_458' title='bbox 981 3962 1260 4044; x_wconf 89' lang='lat' dir='ltr'><strong>precibus</strong></span> <span class='ocrx_word' id='word_1_459' title='bbox 1291 3980 1538 4044; x_wconf 89' lang='lat' dir='ltr'><strong>operam</strong></span> <span class='ocrx_word' id='word_1_460' title='bbox 1567 3963 1856 4041; x_wconf 86' lang='lat' dir='ltr'><strong>dedisset,</strong></span> <span class='ocrx_word' id='word_1_461' title='bbox 1891 3983 2073 4045; x_wconf 86' lang='lat' dir='ltr'><strong>para-</strong></span> 
     </span>
    </p>
   </div>
   <div class='ocr_carea' id='block_1_67' title="bbox 426 4051 2067 4133">
    <p class='ocr_par' dir='ltr' id='par_1_67' title="bbox 426 4051 2067 4133">
     <span class='ocr_line' id='line_1_67' title="bbox 426 4051 2067 4133; baseline 0.002 -21"><span class='ocrx_word' id='word_1_462' title='bbox 426 4052 674 4133; x_wconf 88' lang='lat' dir='ltr'><strong>lyticum</strong></span> <span class='ocrx_word' id='word_1_463' title='bbox 697 4053 1006 4113; x_wconf 84' lang='lat' dir='ltr'><strong>hominem</strong></span> <span class='ocrx_word' id='word_1_464' title='bbox 1029 4070 1238 4113; x_wconf 89' lang='lat' dir='ltr'><strong>sanum</strong></span> <span class='ocrx_word' id='word_1_465' title='bbox 1258 4051 1648 4128; x_wconf 87' lang='lat' dir='ltr'><strong>restituit,cui</strong></span> <span class='ocrx_word' id='word_1_466' title='bbox 1666 4061 1725 4114; x_wconf 90' lang='lat' dir='ltr'><strong>et</strong></span> <span class='ocrx_word' id='word_1_467' title='bbox 1743 4051 2067 4131; x_wconf 83' lang='lat' dir='ltr'><strong>benedixit,</strong></span> 
     </span>
    </p>
   </div>
   <div class='ocr_carea' id='block_1_68' title="bbox 420 4141 2074 4222">
    <p class='ocr_par' dir='ltr' id='par_1_68' title="bbox 420 4141 2074 4222">
     <span class='ocr_line' id='line_1_68' title="bbox 420 4141 2074 4222; baseline 0.001 -20"><span class='ocrx_word' id='word_1_468' title='bbox 420 4142 725 4222; x_wconf 88' lang='lat' dir='ltr'><strong>jussitque</strong></span> <span class='ocrx_word' id='word_1_469' title='bbox 781 4141 1042 4222; x_wconf 87' lang='lat' dir='ltr'><strong>propriis</strong></span> <span class='ocrx_word' id='word_1_470' title='bbox 1100 4141 1350 4222; x_wconf 89' lang='lat' dir='ltr'><strong>pedibus</strong></span> <span class='ocrx_word' id='word_1_471' title='bbox 1409 4143 1469 4202; x_wconf 92' lang='lat' dir='ltr'><strong>in</strong></span> <span class='ocrx_word' id='word_1_472' title='bbox 1500 4159 1666 4203; x_wconf 88' lang='lat' dir='ltr'><strong>suam</strong></span> <span class='ocrx_word' id='word_1_473' title='bbox 1701 4141 1944 4204; x_wconf 90' lang='lat' dir='ltr'><strong>domum</strong></span> <span class='ocrx_word' id='word_1_474' title='bbox 1972 4161 2074 4205; x_wconf 89' lang='lat' dir='ltr'><strong>re-</strong></span> 
     </span>
    </p>
   </div>
   <div class='ocr_carea' id='block_1_69' title="bbox 426 4229 2072 4313">
    <p class='ocr_par' dir='ltr' id='par_1_69' title="bbox 426 4229 2072 4313">
     <span class='ocr_line' id='line_1_69' title="bbox 426 4229 2072 4313; baseline 0.003 -23"><span class='ocrx_word' id='word_1_475' title='bbox 426 4231 600 4295; x_wconf 89' lang='lat' dir='ltr'><strong>verti.</strong></span> <span class='ocrx_word' id='word_1_476' title='bbox 627 4231 799 4294; x_wconf 86' lang='lat' dir='ltr'><strong>Multi</strong></span> <span class='ocrx_word' id='word_1_477' title='bbox 828 4232 931 4293; x_wconf 89' lang='lat' dir='ltr'><strong>alii</strong></span> <span class='ocrx_word' id='word_1_478' title='bbox 984 4231 1058 4293; x_wconf 89' lang='lat' dir='ltr'><strong>ad</strong></span> <span class='ocrx_word' id='word_1_479' title='bbox 1109 4229 1391 4293; x_wconf 89' lang='lat' dir='ltr'><strong>eumdem</strong></span> <span class='ocrx_word' id='word_1_480' title='bbox 1425 4231 1769 4308; x_wconf 83' lang='lat' dir='ltr'><strong>veniebant,</strong></span> <span class='ocrx_word' id='word_1_481' title='bbox 1803 4232 1907 4313; x_wconf 91' lang='lat' dir='ltr'><strong>qui</strong></span> <span class='ocrx_word' id='word_1_482' title='bbox 1938 4251 2072 4295; x_wconf 92' lang='lat' dir='ltr'><strong>cum</strong></span> 
     </span>
    </p>
   </div>
   <div class='ocr_carea' id='block_1_70' title="bbox 430 4318 2078 4403">
    <p class='ocr_par' dir='ltr' id='par_1_70' title="bbox 430 4318 2078 4403">
     <span class='ocr_line' id='line_1_70' title="bbox 430 4318 2078 4403; baseline 0.003 -22"><span class='ocrx_word' id='word_1_483' title='bbox 430 4318 682 4382; x_wconf 89' lang='lat' dir='ltr'><strong>diversis</strong></span> <span class='ocrx_word' id='word_1_484' title='bbox 708 4320 937 4383; x_wconf 89' lang='lat' dir='ltr'><strong>morbis</strong></span> <span class='ocrx_word' id='word_1_485' title='bbox 967 4320 1337 4402; x_wconf 88' lang='lat' dir='ltr'><strong>laborarent,</strong></span> <span class='ocrx_word' id='word_1_486' title='bbox 1371 4339 1582 4384; x_wconf 89' lang='lat' dir='ltr'><strong>omnes</strong></span> <span class='ocrx_word' id='word_1_487' title='bbox 1603 4319 1800 4382; x_wconf 89' lang='lat' dir='ltr'><strong>divina</strong></span> <span class='ocrx_word' id='word_1_488' title='bbox 1830 4340 1944 4403; x_wconf 87' lang='lat' dir='ltr'><strong>ope</strong></span> <span class='ocrx_word' id='word_1_489' title='bbox 1972 4341 2078 4403; x_wconf 86' lang='lat' dir='ltr'><strong>per</strong></span> 
     </span>
    </p>
   </div>
   <div class='ocr_carea' id='block_1_71' title="bbox 427 4410 2076 4491">
    <p class='ocr_par' dir='ltr' id='par_1_71' title="bbox 427 4410 2076 4491">
     <span class='ocr_line' id='line_1_71' title="bbox 427 4410 2076 4491; baseline 0.002 -20"><span class='ocrx_word' id='word_1_490' title='bbox 427 4411 614 4491; x_wconf 89' lang='lat' dir='ltr'><strong>ipsius</strong></span> <span class='ocrx_word' id='word_1_491' title='bbox 647 4427 858 4491; x_wconf 90' lang='lat' dir='ltr'><strong>preces</strong></span> <span class='ocrx_word' id='word_1_492' title='bbox 889 4411 1106 4486; x_wconf 84' lang='lat' dir='ltr'><strong>curati,</strong></span> <span class='ocrx_word' id='word_1_493' title='bbox 1161 4410 1236 4474; x_wconf 86' lang='lat' dir='ltr'><strong>ad</strong></span> <span class='ocrx_word' id='word_1_494' title='bbox 1269 4429 1412 4474; x_wconf 88' lang='lat' dir='ltr'><strong>suas</strong></span> <span class='ocrx_word' id='word_1_495' title='bbox 1442 4411 1655 4474; x_wconf 90' lang='lat' dir='ltr'><strong>domos</strong></span> <span class='ocrx_word' id='word_1_496' title='bbox 1684 4412 2076 4474; x_wconf 76' lang='lat' dir='ltr'><strong>reverteban-</strong></span> 
     </span>
    </p>
   </div>
   <div class='ocr_carea' id='block_1_72' title="bbox 429 4511 549 4563">
    <p class='ocr_par' dir='ltr' id='par_1_72' title="bbox 429 4511 549 4563">
     <span class='ocr_line' id='line_1_72' title="bbox 429 4511 549 4563; baseline 0 -1"><span class='ocrx_word' id='word_1_497' title='bbox 429 4511 549 4563; x_wconf 92' lang='lat' dir='ltr'><strong>tur.</strong></span> 
     </span>
    </p>
   </div>
   <div class='ocr_carea' id='block_1_73' title="bbox 507 4589 2076 4656">
    <p class='ocr_par' dir='ltr' id='par_1_73' title="bbox 507 4589 2076 4656">
     <span class='ocr_line' id='line_1_73' title="bbox 507 4589 2076 4656; baseline 0.003 -5"><span class='ocrx_word' id='word_1_498' title='bbox 507 4589 582 4651; x_wconf 85' lang='lat' dir='ltr'><strong>X.</strong></span> <span class='ocrx_word' id='word_1_499' title='bbox 609 4591 758 4653; x_wconf 87' lang='lat' dir='ltr'><strong>Cum</strong></span> <span class='ocrx_word' id='word_1_500' title='bbox 789 4598 989 4654; x_wconf 87' lang='lat' dir='ltr'><strong>autem</strong></span> <span class='ocrx_word' id='word_1_501' title='bbox 1046 4589 1150 4653; x_wconf 90' lang='lat' dir='ltr'><strong>ille</strong></span> <span class='ocrx_word' id='word_1_502' title='bbox 1200 4591 1309 4653; x_wconf 87' lang='lat' dir='ltr'><strong>Dei</strong></span> <span class='ocrx_word' id='word_1_503' title='bbox 1352 4609 1558 4654; x_wconf 89' lang='lat' dir='ltr'><strong>servus</strong></span> <span class='ocrx_word' id='word_1_504' title='bbox 1590 4610 1656 4654; x_wconf 92' lang='lat' dir='ltr'><strong>se</strong></span> <span class='ocrx_word' id='word_1_505' title='bbox 1687 4592 1760 4653; x_wconf 91' lang='lat' dir='ltr'><strong>ab</strong></span> <span class='ocrx_word' id='word_1_506' title='bbox 1792 4592 2076 4656; x_wconf 91' lang='lat' dir='ltr'><strong>omnibus</strong></span> 
     </span>
    </p>
   </div>
   <div class='ocr_carea' id='block_1_74' title="bbox 429 4679 2075 4762">
    <p class='ocr_par' dir='ltr' id='par_1_74' title="bbox 429 4679 2075 4762">
     <span class='ocr_line' id='line_1_74' title="bbox 429 4679 2075 4762; baseline 0.003 -22"><span class='ocrx_word' id='word_1_507' title='bbox 429 4679 683 4740; x_wconf 91' lang='lat' dir='ltr'><strong>multum</strong></span> <span class='ocrx_word' id='word_1_508' title='bbox 736 4680 1024 4741; x_wconf 87' lang='lat' dir='ltr'><strong>honorari</strong></span> <span class='ocrx_word' id='word_1_509' title='bbox 1051 4679 1321 4756; x_wconf 88' lang='lat' dir='ltr'><strong>videret;</strong></span> <span class='ocrx_word' id='word_1_510' title='bbox 1355 4689 1413 4742; x_wconf 92' lang='lat' dir='ltr'><strong>et</strong></span> <span class='ocrx_word' id='word_1_511' title='bbox 1445 4697 1676 4759; x_wconf 89' lang='lat' dir='ltr'><strong>casum,</strong></span> <span class='ocrx_word' id='word_1_512' title='bbox 1712 4680 1817 4762; x_wconf 91' lang='lat' dir='ltr'><strong>qui</strong></span> <span class='ocrx_word' id='word_1_513' title='bbox 1864 4699 1934 4744; x_wconf 84' lang='lat' dir='ltr'><strong>ex</strong></span> <span class='ocrx_word' id='word_1_514' title='bbox 1960 4683 2075 4745; x_wconf 89' lang='lat' dir='ltr'><strong>ho-</strong></span> 
     </span>
    </p>
   </div>
   <div class='ocr_carea' id='block_1_75' title="bbox 429 4769 2078 4851">
    <p class='ocr_par' dir='ltr' id='par_1_75' title="bbox 429 4769 2078 4851">
     <span class='ocr_line' id='line_1_75' title="bbox 429 4769 2078 4851; baseline 0.003 -22"><span class='ocrx_word' id='word_1_515' title='bbox 429 4785 577 4831; x_wconf 92' lang='lat' dir='ltr'><strong>nore</strong></span> <span class='ocrx_word' id='word_1_516' title='bbox 602 4770 732 4851; x_wconf 92' lang='lat' dir='ltr'><strong>ipso</strong></span> <span class='ocrx_word' id='word_1_517' title='bbox 757 4769 960 4830; x_wconf 90' lang='lat' dir='ltr'><strong>multis</strong></span> <span class='ocrx_word' id='word_1_518' title='bbox 991 4771 1230 4832; x_wconf 86' lang='lat' dir='ltr'><strong>evenire</strong></span> <span class='ocrx_word' id='word_1_519' title='bbox 1257 4769 1433 4843; x_wconf 87' lang='lat' dir='ltr'><strong>solet,</strong></span> <span class='ocrx_word' id='word_1_520' title='bbox 1467 4770 1640 4832; x_wconf 89' lang='lat' dir='ltr'><strong>valde</strong></span> <span class='ocrx_word' id='word_1_521' title='bbox 1672 4771 2078 4848; x_wconf 87' lang='lat' dir='ltr'><strong>metueret,lo-</strong></span> 
     </span>
    </p>
   </div>
   <div class='ocr_carea' id='block_1_76' title="bbox 430 4858 2078 4941">
    <p class='ocr_par' dir='ltr' id='par_1_76' title="bbox 430 4858 2078 4941">
     <span class='ocr_line' id='line_1_76' title="bbox 430 4858 2078 4941; baseline 0.002 -20"><span class='ocrx_word' id='word_1_522' title='bbox 430 4877 566 4921; x_wconf 90' lang='lat' dir='ltr'><strong>cum</strong></span> <span class='ocrx_word' id='word_1_523' title='bbox 593 4859 764 4922; x_wconf 89' lang='lat' dir='ltr'><strong>illum</strong></span> <span class='ocrx_word' id='word_1_524' title='bbox 792 4859 1062 4940; x_wconf 91' lang='lat' dir='ltr'><strong>reliquit,</strong></span> <span class='ocrx_word' id='word_1_525' title='bbox 1087 4867 1145 4921; x_wconf 93' lang='lat' dir='ltr'><strong>et</strong></span> <span class='ocrx_word' id='word_1_526' title='bbox 1167 4859 1400 4938; x_wconf 83' lang='lat' dir='ltr'><strong>fugiens</strong></span> <span class='ocrx_word' id='word_1_527' title='bbox 1423 4858 1570 4924; x_wconf 84' lang='lat' dir='ltr'><strong>abiit</strong></span> <span class='ocrx_word' id='word_1_528' title='bbox 1597 4861 1806 4941; x_wconf 90' lang='lat' dir='ltr'><strong>procul</strong></span> <span class='ocrx_word' id='word_1_529' title='bbox 1827 4861 1900 4923; x_wconf 91' lang='lat' dir='ltr'><strong>ab</strong></span> <span class='ocrx_word' id='word_1_530' title='bbox 1925 4861 2078 4925; x_wconf 89' lang='lat' dir='ltr'><strong>urbe</strong></span> 
     </span>
    </p>
   </div>
   <div class='ocr_carea' id='block_1_77' title="bbox 425 4949 2076 5033">
    <p class='ocr_par' dir='ltr' id='par_1_77' title="bbox 425 4949 2076 5033">
     <span class='ocr_line' id='line_1_77' title="bbox 425 4949 2076 5033; baseline 0.004 -23"><span class='ocrx_word' id='word_1_531' title='bbox 425 4949 531 5011; x_wconf 89' lang='lat' dir='ltr'><strong>illa</strong></span> <span class='ocrx_word' id='word_1_532' title='bbox 554 4949 946 5031; x_wconf 85' lang='lat' dir='ltr'><strong>quadraginta</strong></span> <span class='ocrx_word' id='word_1_533' title='bbox 962 4949 1322 5012; x_wconf 87' lang='lat' dir='ltr'><strong>milliaribus</strong></span> <span class='ocrx_word' id='word_1_534' title='bbox 1347 4967 1362 5010; x_wconf 90' lang='lat'><strong>:</strong></span> <span class='ocrx_word' id='word_1_535' title='bbox 1387 4967 1642 5032; x_wconf 90' lang='lat' dir='ltr'><strong>cumque</strong></span> <span class='ocrx_word' id='word_1_536' title='bbox 1664 4955 1820 5032; x_wconf 90' lang='lat' dir='ltr'><strong>apud</strong></span> <span class='ocrx_word' id='word_1_537' title='bbox 1855 4961 2076 5033; x_wconf 85' lang='lat' dir='ltr'><strong>petras,</strong></span> 
     </span>
    </p>
   </div>
   <div class='ocr_carea' id='block_1_78' title="bbox 429 5043 2077 5116">
    <p class='ocr_par' dir='ltr' id='par_1_78' title="bbox 429 5043 2077 5116">
     <span class='ocr_line' id='line_1_78' title="bbox 429 5043 2077 5116; baseline 0.001 -16"><span class='ocrx_word' id='word_1_538' title='bbox 429 5057 550 5114; x_wconf 83' lang='lat' dir='ltr'><strong>quae</strong></span> <span class='ocrx_word' id='word_1_539' title='bbox 572 5053 706 5101; x_wconf 91' lang='lat' dir='ltr'><strong>sunt</strong></span> <span class='ocrx_word' id='word_1_540' title='bbox 729 5045 799 5101; x_wconf 87' lang='lat' dir='ltr'><strong>ad</strong></span> <span class='ocrx_word' id='word_1_541' title='bbox 842 5044 1025 5114; x_wconf 87' lang='lat' dir='ltr'><strong>ripam</strong></span> <span class='ocrx_word' id='word_1_542' title='bbox 1051 5043 1208 5100; x_wconf 88' lang='lat' dir='ltr'><strong>ﬂuvii</strong></span> <span class='ocrx_word' id='word_1_543' title='bbox 1234 5043 1578 5114; x_wconf 77' lang='lat' dir='ltr'><strong>speluncam</strong></span> <span class='ocrx_word' id='word_1_544' title='bbox 1607 5059 1874 5116; x_wconf 86' lang='lat' dir='ltr'><strong>magnam</strong></span> <span class='ocrx_word' id='word_1_545' title='bbox 1909 5045 2077 5102; x_wconf 85' lang='lat' dir='ltr'><strong>inve-</strong></span> 
     </span>
    </p>
   </div>
   <div class='ocr_carea' id='block_1_79' title="bbox 431 5127 2077 5210">
    <p class='ocr_par' dir='ltr' id='par_1_79' title="bbox 431 5127 2077 5210">
     <span class='ocr_line' id='line_1_79' title="bbox 431 5127 2077 5210; baseline 0.002 -22"><span class='ocrx_word' id='word_1_546' title='bbox 431 5128 643 5203; x_wconf 85' lang='lat' dir='ltr'><strong>nisset,</strong></span> <span class='ocrx_word' id='word_1_547' title='bbox 681 5129 919 5208; x_wconf 88' lang='lat' dir='ltr'><strong>triginta</strong></span> <span class='ocrx_word' id='word_1_548' title='bbox 949 5146 1140 5190; x_wconf 85' lang='lat' dir='ltr'><strong>annos</strong></span> <span class='ocrx_word' id='word_1_549' title='bbox 1186 5128 1308 5190; x_wconf 92' lang='lat' dir='ltr'><strong>illic</strong></span> <span class='ocrx_word' id='word_1_550' title='bbox 1360 5127 1665 5204; x_wconf 88' lang='lat' dir='ltr'><strong>habitavit,</strong></span> <span class='ocrx_word' id='word_1_551' title='bbox 1699 5129 1764 5190; x_wconf 91' lang='lat' dir='ltr'><strong>in</strong></span> <span class='ocrx_word' id='word_1_552' title='bbox 1796 5130 2077 5210; x_wconf 91' lang='lat' dir='ltr'><strong>precibus</strong></span> 
     </span>
    </p>
   </div>
   <div class='ocr_carea' id='block_1_80' title="bbox 433 5219 2075 5300">
    <p class='ocr_par' dir='ltr' id='par_1_80' title="bbox 433 5219 2075 5300">
     <span class='ocr_line' id='line_1_80' title="bbox 433 5219 2075 5300; baseline 0.001 -20"><span class='ocrx_word' id='word_1_553' title='bbox 433 5228 491 5280; x_wconf 88' lang='lat' dir='ltr'><strong>et</strong></span> <span class='ocrx_word' id='word_1_554' title='bbox 517 5221 751 5300; x_wconf 79' lang='lat' dir='ltr'><strong>hymnis</strong></span> <span class='ocrx_word' id='word_1_555' title='bbox 775 5229 929 5282; x_wconf 91' lang='lat' dir='ltr'><strong>totos</strong></span> <span class='ocrx_word' id='word_1_556' title='bbox 953 5220 1080 5281; x_wconf 87' lang='lat' dir='ltr'><strong>dies</strong></span> <span class='ocrx_word' id='word_1_557' title='bbox 1107 5238 1174 5280; x_wconf 91' lang='lat' dir='ltr'><strong>ac</strong></span> <span class='ocrx_word' id='word_1_558' title='bbox 1206 5227 1415 5281; x_wconf 88' lang='lat' dir='ltr'><strong>noctes</strong></span> <span class='ocrx_word' id='word_1_559' title='bbox 1445 5219 1834 5285; x_wconf 88' lang='lat' dir='ltr'><strong>insumendo.</strong></span> <span class='ocrx_word' id='word_1_560' title='bbox 1862 5222 2075 5284; x_wconf 89' lang='lat' dir='ltr'><strong>Nutri-</strong></span> 
     </span>
    </p>
   </div>
   <div class='ocr_carea' id='block_1_81' title="bbox 432 5309 2077 5392">
    <p class='ocr_par' dir='ltr' id='par_1_81' title="bbox 432 5309 2077 5392">
     <span class='ocr_line' id='line_1_81' title="bbox 432 5309 2077 5392; baseline 0.004 -23"><span class='ocrx_word' id='word_1_561' title='bbox 432 5321 636 5370; x_wconf 88' lang='lat' dir='ltr'><strong>menta</strong></span> <span class='ocrx_word' id='word_1_562' title='bbox 668 5327 808 5370; x_wconf 89' lang='lat' dir='ltr'><strong>vero</strong></span> <span class='ocrx_word' id='word_1_563' title='bbox 864 5309 998 5390; x_wconf 90' lang='lat' dir='ltr'><strong>ipsa</strong></span> <span class='ocrx_word' id='word_1_564' title='bbox 1055 5309 1240 5371; x_wconf 75' lang='lat' dir='ltr'><strong>multo</strong></span> <span class='ocrx_word' id='word_1_565' title='bbox 1275 5321 1545 5389; x_wconf 85' lang='lat' dir='ltr'><strong>tempore</strong></span> <span class='ocrx_word' id='word_1_566' title='bbox 1575 5328 1645 5372; x_wconf 82' lang='lat' dir='ltr'><strong>ex</strong></span> <span class='ocrx_word' id='word_1_567' title='bbox 1681 5310 1910 5391; x_wconf 88' lang='lat' dir='ltr'><strong>herbis,</strong></span> <span class='ocrx_word' id='word_1_568' title='bbox 1946 5331 2077 5392; x_wconf 68' lang='lat' dir='ltr'><strong>quae</strong></span> 
     </span>
    </p>
   </div>
   <div class='ocr_carea' id='block_1_82' title="bbox 433 5398 2082 5482">
    <p class='ocr_par' dir='ltr' id='par_1_82' title="bbox 433 5398 2082 5482">
     <span class='ocr_line' id='line_1_82' title="bbox 433 5398 2082 5482; baseline 0.003 -23"><span class='ocrx_word' id='word_1_569' title='bbox 433 5416 617 5478; x_wconf 91' lang='lat' dir='ltr'><strong>prope</strong></span> <span class='ocrx_word' id='word_1_570' title='bbox 649 5399 889 5460; x_wconf 89' lang='lat' dir='ltr'><strong>ﬂuvium</strong></span> <span class='ocrx_word' id='word_1_571' title='bbox 922 5398 1470 5474; x_wconf 88' lang='lat' dir='ltr'><strong>nascebantur,sibi</strong></span> <span class='ocrx_word' id='word_1_572' title='bbox 1501 5399 1884 5462; x_wconf 81' lang='lat' dir='ltr'><strong>conﬁciebat:</strong></span> <span class='ocrx_word' id='word_1_573' title='bbox 1922 5411 2082 5482; x_wconf 92' lang='lat' dir='ltr'><strong>post-</strong></span> 
     </span>
    </p>
   </div>
   <div class='ocr_carea' id='block_1_83' title="bbox 431 5488 2076 5570">
    <p class='ocr_par' dir='ltr' id='par_1_83' title="bbox 431 5488 2076 5570">
     <span class='ocr_line' id='line_1_83' title="bbox 431 5488 2076 5570; baseline 0.002 -21"><span class='ocrx_word' id='word_1_574' title='bbox 431 5505 505 5550; x_wconf 92' lang='lat' dir='ltr'><strong>ea</strong></span> <span class='ocrx_word' id='word_1_575' title='bbox 538 5507 780 5569; x_wconf 83' lang='lat' dir='ltr'><strong>parvum</strong></span> <span class='ocrx_word' id='word_1_576' title='bbox 813 5489 1136 5570; x_wconf 87' lang='lat' dir='ltr'><strong>quemdam</strong></span> <span class='ocrx_word' id='word_1_577' title='bbox 1191 5489 1429 5550; x_wconf 89' lang='lat' dir='ltr'><strong>hortum</strong></span> <span class='ocrx_word' id='word_1_578' title='bbox 1483 5488 1555 5550; x_wconf 90' lang='lat' dir='ltr'><strong>ad</strong></span> <span class='ocrx_word' id='word_1_579' title='bbox 1588 5491 1778 5569; x_wconf 89' lang='lat' dir='ltr'><strong>ripam</strong></span> <span class='ocrx_word' id='word_1_580' title='bbox 1809 5490 2076 5554; x_wconf 87' lang='lat' dir='ltr'><strong>ﬂuminis</strong></span> 
     </span>
    </p>
   </div>
   <div class='ocr_carea' id='block_1_84' title="bbox 436 5577 2074 5660">
    <p class='ocr_par' dir='ltr' id='par_1_84' title="bbox 436 5577 2074 5660">
     <span class='ocr_line' id='line_1_84' title="bbox 436 5577 2074 5660; baseline 0.004 -22"><span class='ocrx_word' id='word_1_581' title='bbox 436 5577 743 5657; x_wconf 87' lang='lat' dir='ltr'><strong>eleganter</strong></span> <span class='ocrx_word' id='word_1_582' title='bbox 766 5579 1120 5654; x_wconf 82' lang='lat' dir='ltr'><strong>construxit,</strong></span> <span class='ocrx_word' id='word_1_583' title='bbox 1159 5593 1335 5660; x_wconf 88' lang='lat' dir='ltr'><strong>atque</strong></span> <span class='ocrx_word' id='word_1_584' title='bbox 1357 5578 1417 5639; x_wconf 89' lang='lat' dir='ltr'><strong>in</strong></span> <span class='ocrx_word' id='word_1_585' title='bbox 1441 5597 1512 5640; x_wconf 92' lang='lat' dir='ltr'><strong>eo</strong></span> <span class='ocrx_word' id='word_1_586' title='bbox 1534 5581 1763 5659; x_wconf 87' lang='lat' dir='ltr'><strong>aliquot</strong></span> <span class='ocrx_word' id='word_1_587' title='bbox 1783 5580 1947 5642; x_wconf 89' lang='lat' dir='ltr'><strong>boris</strong></span> <span class='ocrx_word' id='word_1_588' title='bbox 1975 5582 2074 5644; x_wconf 83' lang='lat' dir='ltr'><strong>dei</strong></span> 
     </span>
    </p>
   </div>
   <div class='ocr_carea' id='block_1_85' title="bbox 430 5667 2066 5753">
    <p class='ocr_par' dir='ltr' id='par_1_85' title="bbox 430 5667 2066 5753">
     <span class='ocr_line' id='line_1_85' title="bbox 430 5667 2066 5753; baseline 0.006 -25"><span class='ocrx_word' id='word_1_589' title='bbox 430 5686 582 5748; x_wconf 88' lang='lat' dir='ltr'><strong>opus</strong></span> <span class='ocrx_word' id='word_1_590' title='bbox 614 5670 840 5731; x_wconf 82' lang='lat' dir='ltr'><strong>faciens</strong></span> <span class='ocrx_word' id='word_1_591' title='bbox 872 5686 945 5728; x_wconf 79' lang='lat' dir='ltr'><strong>ex</strong></span> <span class='ocrx_word' id='word_1_592' title='bbox 979 5687 1049 5730; x_wconf 90' lang='lat' dir='ltr'><strong>eo</strong></span> <span class='ocrx_word' id='word_1_593' title='bbox 1081 5674 1211 5752; x_wconf 90' lang='lat' dir='ltr'><strong>ipso</strong></span> <span class='ocrx_word' id='word_1_594' title='bbox 1243 5667 1442 5732; x_wconf 91' lang='lat' dir='ltr'><strong>cibum</strong></span> <span class='ocrx_word' id='word_1_595' title='bbox 1499 5668 1614 5732; x_wconf 83' lang='lat' dir='ltr'><strong>sibi</strong></span> <span class='ocrx_word' id='word_1_596' title='bbox 1661 5670 2066 5753; x_wconf 82' lang='lat' dir='ltr'><strong>comparabat.</strong></span> 
     </span>
    </p>
   </div>
   <div class='ocr_carea' id='block_1_86' title="bbox 2161 3240 3808 3323">
    <p class='ocr_par' dir='ltr' id='par_1_86' title="bbox 2161 3240 3808 3323">
     <span class='ocr_line' id='line_1_86' title="bbox 2161 3240 3808 3323; baseline -0.001 -24"><span class='ocrx_word' id='word_1_597' title='bbox 2161 3244 2360 3299; x_wconf 76' lang='grc' dir='ltr'><strong>τούτων</strong></span> <span class='ocrx_word' id='word_1_598' title='bbox 2391 3243 2450 3298; x_wconf 86' lang='grc' dir='ltr'><strong>οὐ</strong></span> <span class='ocrx_word' id='word_1_599' title='bbox 2495 3242 2709 3322; x_wconf 75' lang='grc' dir='ltr'><strong>χρῄζω.</strong></span> <span class='ocrx_word' id='word_1_600' title='bbox 2770 3243 2869 3300; x_wconf 83' lang='grc' dir='ltr'><strong>Καὶ</strong></span> <span class='ocrx_word' id='word_1_601' title='bbox 2926 3240 3091 3308; x_wconf 75' lang='grc' dir='ltr'><strong>οὕτως</strong></span> <span class='ocrx_word' id='word_1_602' title='bbox 3141 3243 3592 3323; x_wconf 73' lang='grc' dir='ltr'><strong>εὐχαριστοῦντας</strong></span> <span class='ocrx_word' id='word_1_603' title='bbox 3627 3242 3808 3306; x_wconf 75' lang='grc' dir='ltr'><strong>αὐτοὺς</strong></span> 
     </span>
    </p>
   </div>
   <div class='ocr_carea' id='block_1_87' title="bbox 2160 3329 3435 3413">
    <p class='ocr_par' dir='ltr' id='par_1_87' title="bbox 2160 3329 3435 3413">
     <span class='ocr_line' id='line_1_87' title="bbox 2160 3329 3435 3413; baseline 0.002 -23"><span class='ocrx_word' id='word_1_604' title='bbox 2160 3340 2237 3408; x_wconf 83' lang='grc' dir='ltr'><strong>τῷ</strong></span> <span class='ocrx_word' id='word_1_605' title='bbox 2269 3335 2410 3413; x_wconf 83' lang='grc' dir='ltr'><strong>Θεῷ,</strong></span> <span class='ocrx_word' id='word_1_606' title='bbox 2439 3334 2494 3390; x_wconf 63' lang='grc' dir='ltr'><strong>ἓν</strong></span> <span class='ocrx_word' id='word_1_607' title='bbox 2525 3333 2712 3411; x_wconf 75' lang='grc' dir='ltr'><strong>εἰρήνῃ</strong></span> <span class='ocrx_word' id='word_1_608' title='bbox 2742 3331 3066 3410; x_wconf 73' lang='grc' dir='ltr'><strong>ἀπέπεμψεν</strong></span> <span class='ocrx_word' id='word_1_609' title='bbox 3097 3334 3170 3398; x_wconf 87' lang='grc' dir='ltr'><strong>εἰς</strong></span> <span class='ocrx_word' id='word_1_610' title='bbox 3203 3333 3268 3389; x_wconf 80' lang='grc' dir='ltr'><strong>τὰ</strong></span> <span class='ocrx_word' id='word_1_611' title='bbox 3299 3329 3435 3392; x_wconf 73' lang='grc' dir='ltr'><strong>ἴδια.</strong></span> 
     </span>
    </p>
   </div>
   <div class='ocr_carea' id='block_1_88' title="bbox 2241 3502 3806 3589">
    <p class='ocr_par' dir='ltr' id='par_1_88' title="bbox 2241 3502 3806 3589">
     <span class='ocr_line' id='line_1_88' title="bbox 2241 3502 3806 3589; baseline -0.003 -19"><span class='ocrx_word' id='word_1_612' title='bbox 2241 3502 2328 3575; x_wconf 78' lang='grc' dir='ltr'><strong>ϐ’.</strong></span> <span class='ocrx_word' id='word_1_613' title='bbox 2356 3509 2591 3569; x_wconf 71' lang='grc' dir='ltr'><strong>’Ἃλλοτε</strong></span> <span class='ocrx_word' id='word_1_614' title='bbox 2647 3509 2704 3568; x_wconf 84' lang='grc' dir='ltr'><strong>δὲ</strong></span> <span class='ocrx_word' id='word_1_615' title='bbox 2757 3513 2964 3578; x_wconf 85' lang='grc' dir='ltr'><strong>νεανίας</strong></span> <span class='ocrx_word' id='word_1_616' title='bbox 2990 3533 3072 3575; x_wconf 87' lang='grc' dir='ltr'><strong>τις</strong></span> <span class='ocrx_word' id='word_1_617' title='bbox 3103 3511 3207 3570; x_wconf 61' lang='lat' dir='ltr'><strong>sua</strong></span> <span class='ocrx_word' id='word_1_618' title='bbox 3236 3512 3540 3588; x_wconf 84' lang='grc' dir='ltr'><strong>πνεύματος</strong></span> <span class='ocrx_word' id='word_1_619' title='bbox 3573 3511 3806 3589; x_wconf 71' lang='grc' dir='ltr'><strong>ἀκαθάρ-</strong></span> 
     </span>
    </p>
   </div>
   <div class='ocr_carea' id='block_1_89' title="bbox 2157 3598 3812 3682">
    <p class='ocr_par' dir='ltr' id='par_1_89' title="bbox 2157 3598 3812 3682">
     <span class='ocr_line' id='line_1_89' title="bbox 2157 3598 3812 3682; baseline -0.002 -23"><span class='ocrx_word' id='word_1_620' title='bbox 2157 3605 2247 3660; x_wconf 82' lang='grc' dir='ltr'><strong>του</strong></span> <span class='ocrx_word' id='word_1_621' title='bbox 2330 3601 2712 3680; x_wconf 72' lang='grc' dir='ltr'><strong>ἔπηρεασθείς,</strong></span> <span class='ocrx_word' id='word_1_622' title='bbox 2797 3600 3132 3682; x_wconf 74' lang='grc' dir='ltr'><strong>ἀμφοτέρους</strong></span> <span class='ocrx_word' id='word_1_623' title='bbox 3208 3605 3367 3662; x_wconf 87' lang='grc' dir='ltr'><strong>αὐτοῦ</strong></span> <span class='ocrx_word' id='word_1_624' title='bbox 3442 3601 3568 3665; x_wconf 80' lang='grc' dir='ltr'><strong>τοὺς</strong></span> <span class='ocrx_word' id='word_1_625' title='bbox 3645 3598 3812 3662; x_wconf 82' lang='grc' dir='ltr'><strong>πόδας</strong></span> 
     </span>
    </p>
   </div>
   <div class='ocr_carea' id='block_1_90' title="bbox 2158 3689 3810 3773">
    <p class='ocr_par' dir='ltr' id='par_1_90' title="bbox 2158 3689 3810 3773">
     <span class='ocr_line' id='line_1_90' title="bbox 2158 3689 3810 3773; baseline -0.002 -24"><span class='ocrx_word' id='word_1_626' title='bbox 2158 3691 2427 3773; x_wconf 82' lang='grc' dir='ltr'><strong>παρελύθη</strong></span> <span class='ocrx_word' id='word_1_627' title='bbox 2459 3709 2474 3724; x_wconf 86' lang='grc'><strong>·</strong></span> <span class='ocrx_word' id='word_1_628' title='bbox 2508 3693 2596 3748; x_wconf 83' lang='grc' dir='ltr'><strong>καὶ</strong></span> <span class='ocrx_word' id='word_1_629' title='bbox 2627 3689 2692 3759; x_wconf 75' lang='grc' dir='ltr'><strong>δὴ</strong></span> <span class='ocrx_word' id='word_1_630' title='bbox 2720 3697 2907 3748; x_wconf 86' lang='grc' dir='ltr'><strong>τοῦτον</strong></span> <span class='ocrx_word' id='word_1_631' title='bbox 2954 3693 3000 3748; x_wconf 84' lang='grc' dir='ltr'><strong>οἱ</strong></span> <span class='ocrx_word' id='word_1_632' title='bbox 3055 3689 3190 3749; x_wconf 72' lang='grc' dir='ltr'><strong>ἴδιοι</strong></span> <span class='ocrx_word' id='word_1_633' title='bbox 3236 3703 3420 3771; x_wconf 79' lang='grc' dir='ltr'><strong>γονεῖς</strong></span> <span class='ocrx_word' id='word_1_634' title='bbox 3449 3691 3810 3769; x_wconf 74' lang='grc' dir='ltr'><strong>βαστάσαντες</strong></span> 
     </span>
    </p>
   </div>
   <div class='ocr_carea' id='block_1_91' title="bbox 2156 3779 3801 3862">
    <p class='ocr_par' dir='ltr' id='par_1_91' title="bbox 2156 3779 3801 3862">
     <span class='ocr_line' id='line_1_91' title="bbox 2156 3779 3801 3862; baseline -0.001 -22"><span class='ocrx_word' id='word_1_635' title='bbox 2156 3782 2363 3862; x_wconf 74' lang='grc' dir='ltr'><strong>ἤγαγον</strong></span> <span class='ocrx_word' id='word_1_636' title='bbox 2419 3782 2551 3861; x_wconf 81' lang='grc' dir='ltr'><strong>πρὸς</strong></span> <span class='ocrx_word' id='word_1_637' title='bbox 2607 3783 2700 3838; x_wconf 81' lang='grc' dir='ltr'><strong>τὸν</strong></span> <span class='ocrx_word' id='word_1_638' title='bbox 2755 3779 2933 3860; x_wconf 75' lang='grc' dir='ltr'><strong>ἅγιον,</strong></span> <span class='ocrx_word' id='word_1_639' title='bbox 2997 3780 3429 3860; x_wconf 85' lang='grc' dir='ltr'><strong>παρακαλοῦντες</strong></span> <span class='ocrx_word' id='word_1_640' title='bbox 3459 3781 3618 3838; x_wconf 81' lang='grc' dir='ltr'><strong>αὐτὸν</strong></span> <span class='ocrx_word' id='word_1_641' title='bbox 3649 3779 3801 3846; x_wconf 76' lang='grc' dir='ltr'><strong>εὖξα-</strong></span> 
     </span>
    </p>
   </div>
   <div class='ocr_carea' id='block_1_92' title="bbox 2156 3870 3802 3952">
    <p class='ocr_par' dir='ltr' id='par_1_92' title="bbox 2156 3870 3802 3952">
     <span class='ocr_line' id='line_1_92' title="bbox 2156 3870 3802 3952; baseline -0.004 -22"><span class='ocrx_word' id='word_1_642' title='bbox 2156 3877 2273 3930; x_wconf 89' lang='grc' dir='ltr'><strong>σθαι</strong></span> <span class='ocrx_word' id='word_1_643' title='bbox 2331 3873 2462 3952; x_wconf 78' lang='grc' dir='ltr'><strong>ὑπὲρ</strong></span> <span class='ocrx_word' id='word_1_644' title='bbox 2506 3874 2687 3934; x_wconf 81' lang='grc' dir='ltr'><strong>αὐτοῦ,</strong></span> <span class='ocrx_word' id='word_1_645' title='bbox 2717 3873 2778 3929; x_wconf 74' lang='grc' dir='ltr'>Ὃ</span> <span class='ocrx_word' id='word_1_646' title='bbox 2811 3870 2865 3926; x_wconf 79' lang='grc' dir='ltr'><strong>δὲ</strong></span> <span class='ocrx_word' id='word_1_647' title='bbox 2913 3884 3062 3950; x_wconf 90' lang='grc' dir='ltr'><strong>τρεῖς</strong></span> <span class='ocrx_word' id='word_1_648' title='bbox 3105 3871 3310 3948; x_wconf 79' lang='grc' dir='ltr'><strong>ἡμέρας</strong></span> <span class='ocrx_word' id='word_1_649' title='bbox 3343 3871 3660 3947; x_wconf 82' lang='grc' dir='ltr'><strong>νηστεύσας,</strong></span> <span class='ocrx_word' id='word_1_650' title='bbox 3707 3871 3802 3928; x_wconf 67' lang='grc' dir='ltr'><strong>καί</strong></span> 
     </span>
    </p>
   </div>
   <div class='ocr_carea' id='block_1_93' title="bbox 2155 3960 3802 4042">
    <p class='ocr_par' dir='ltr' id='par_1_93' title="bbox 2155 3960 3802 4042">
     <span class='ocr_line' id='line_1_93' title="bbox 2155 3960 3802 4042; baseline -0.002 -23"><span class='ocrx_word' id='word_1_651' title='bbox 2155 3965 2224 4038; x_wconf 73' lang='grc' dir='ltr'><strong>τῇ</strong></span> <span class='ocrx_word' id='word_1_652' title='bbox 2280 3967 2557 4042; x_wconf 83' lang='grc' dir='ltr'><strong>προσευχῇ</strong></span> <span class='ocrx_word' id='word_1_653' title='bbox 2615 3962 3108 4040; x_wconf 82' lang='grc' dir='ltr'><strong>προσκαρτερήσας,</strong></span> <span class='ocrx_word' id='word_1_654' title='bbox 3178 3962 3303 4040; x_wconf 81' lang='grc' dir='ltr'><strong>ὑγιῆ</strong></span> <span class='ocrx_word' id='word_1_655' title='bbox 3354 3963 3446 4018; x_wconf 79' lang='grc' dir='ltr'><strong>τὸν</strong></span> <span class='ocrx_word' id='word_1_656' title='bbox 3506 3960 3802 4041; x_wconf 79' lang='grc' dir='ltr'><strong>παραλυτι-</strong></span> 
     </span>
    </p>
   </div>
   <div class='ocr_carea' id='block_1_94' title="bbox 2156 4049 3801 4132">
    <p class='ocr_par' dir='ltr' id='par_1_94' title="bbox 2156 4049 3801 4132">
     <span class='ocr_line' id='line_1_94' title="bbox 2156 4049 3801 4132; baseline -0.003 -21"><span class='ocrx_word' id='word_1_657' title='bbox 2156 4055 2251 4112; x_wconf 82' lang='grc' dir='ltr'><strong>κὸν</strong></span> <span class='ocrx_word' id='word_1_658' title='bbox 2295 4051 2729 4118; x_wconf 83' lang='grc' dir='ltr'><strong>ἀπεκατέστησεν</strong></span> <span class='ocrx_word' id='word_1_659' title='bbox 2764 4066 2781 4082; x_wconf 83' lang='grc'><strong>⁸</strong></span> <span class='ocrx_word' id='word_1_660' title='bbox 2837 4051 2924 4107; x_wconf 78' lang='grc' dir='ltr'><strong>καὶ</strong></span> <span class='ocrx_word' id='word_1_661' title='bbox 2965 4049 3265 4129; x_wconf 78' lang='grc' dir='ltr'><strong>εὐλογήσας</strong></span> <span class='ocrx_word' id='word_1_662' title='bbox 3299 4051 3484 4132; x_wconf 83' lang='grc' dir='ltr'><strong>αὐτον,</strong></span> <span class='ocrx_word' id='word_1_663' title='bbox 3514 4051 3801 4130; x_wconf 70' lang='grc' dir='ltr'><strong>ἐπέτρεψεν</strong></span> 
     </span>
    </p>
   </div>
   <div class='ocr_carea' id='block_1_95' title="bbox 2157 4140 3799 4217">
    <p class='ocr_par' dir='ltr' id='par_1_95' title="bbox 2157 4140 3799 4217">
     <span class='ocr_line' id='line_1_95' title="bbox 2157 4140 3799 4217; baseline 0.001 -18"><span class='ocrx_word' id='word_1_664' title='bbox 2157 4143 2299 4217; x_wconf 83' lang='grc' dir='ltr'><strong>αὐτῳ</strong></span> <span class='ocrx_word' id='word_1_665' title='bbox 2347 4155 2466 4206; x_wconf 86' lang='grc' dir='ltr'><strong>τοῖς</strong></span> <span class='ocrx_word' id='word_1_666' title='bbox 2523 4140 2673 4204; x_wconf 78' lang='grc' dir='ltr'><strong>ἰδίοις</strong></span> <span class='ocrx_word' id='word_1_667' title='bbox 2719 4143 2874 4198; x_wconf 85' lang='grc' dir='ltr'><strong>ποσὶν</strong></span> <span class='ocrx_word' id='word_1_668' title='bbox 2904 4141 2978 4206; x_wconf 83' lang='grc' dir='ltr'><strong>εἰς</strong></span> <span class='ocrx_word' id='word_1_669' title='bbox 3010 4143 3100 4199; x_wconf 84' lang='grc' dir='ltr'><strong>τὸν</strong></span> <span class='ocrx_word' id='word_1_670' title='bbox 3145 4141 3304 4199; x_wconf 76' lang='grc' dir='ltr'><strong>οἷκον</strong></span> <span class='ocrx_word' id='word_1_671' title='bbox 3331 4143 3489 4199; x_wconf 87' lang='grc' dir='ltr'><strong>αὐτοῦ</strong></span> <span class='ocrx_word' id='word_1_672' title='bbox 3519 4140 3799 4200; x_wconf 79' lang='grc' dir='ltr'><strong>ἀπελθεῖν.</strong></span> 
     </span>
    </p>
   </div>
   <div class='ocr_carea' id='block_1_96' title="bbox 2159 4229 3806 4312">
    <p class='ocr_par' dir='ltr' id='par_1_96' title="bbox 2159 4229 3806 4312">
     <span class='ocr_line' id='line_1_96' title="bbox 2159 4229 3806 4312; baseline 0.002 -23"><span class='ocrx_word' id='word_1_673' title='bbox 2159 4232 2356 4312; x_wconf 65' lang='grc' dir='ltr'><strong>Πολγοὶ</strong></span> <span class='ocrx_word' id='word_1_674' title='bbox 2413 4229 2467 4288; x_wconf 76' lang='grc' dir='ltr'><strong>δὲ</strong></span> <span class='ocrx_word' id='word_1_675' title='bbox 2526 4233 2615 4288; x_wconf 84' lang='grc' dir='ltr'><strong>καὶ</strong></span> <span class='ocrx_word' id='word_1_676' title='bbox 2673 4229 2824 4290; x_wconf 74' lang='grc' dir='ltr'><strong>ἄλλοι</strong></span> <span class='ocrx_word' id='word_1_677' title='bbox 2901 4229 3136 4311; x_wconf 62' lang='grc' dir='ltr'><strong>ἤρχοντο</strong></span> <span class='ocrx_word' id='word_1_678' title='bbox 3190 4233 3325 4311; x_wconf 80' lang='grc' dir='ltr'><strong>πρὸς</strong></span> <span class='ocrx_word' id='word_1_679' title='bbox 3385 4232 3567 4308; x_wconf 82' lang='grc' dir='ltr'><strong>αὐτὸν,</strong></span> <span class='ocrx_word' id='word_1_680' title='bbox 3617 4233 3806 4292; x_wconf 79' lang='grc' dir='ltr'><strong>νόσους</strong></span> 
     </span>
    </p>
   </div>
   <div class='ocr_carea' id='block_1_97' title="bbox 2159 4320 3803 4403">
    <p class='ocr_par' dir='ltr' id='par_1_97' title="bbox 2159 4320 3803 4403">
     <span class='ocr_line' id='line_1_97' title="bbox 2159 4320 3803 4403; baseline -0.001 -25"><span class='ocrx_word' id='word_1_681' title='bbox 2159 4321 2434 4403; x_wconf 81' lang='grc' dir='ltr'><strong>διαφόρους</strong></span> <span class='ocrx_word' id='word_1_682' title='bbox 2465 4321 2686 4402; x_wconf 77' lang='grc' dir='ltr'><strong>ἔχοντες</strong></span> <span class='ocrx_word' id='word_1_683' title='bbox 2718 4335 2734 4351; x_wconf 76' lang='grc'>⁸</span> <span class='ocrx_word' id='word_1_684' title='bbox 2768 4320 2857 4377; x_wconf 85' lang='grc' dir='ltr'><strong>καὶ</strong></span> <span class='ocrx_word' id='word_1_685' title='bbox 2885 4320 3105 4402; x_wconf 82' lang='grc' dir='ltr'><strong>πάντες,</strong></span> <span class='ocrx_word' id='word_1_686' title='bbox 3141 4326 3210 4398; x_wconf 77' lang='grc' dir='ltr'><strong>τῇ</strong></span> <span class='ocrx_word' id='word_1_687' title='bbox 3239 4328 3332 4378; x_wconf 90' lang='grc' dir='ltr'><strong>τοῦ</strong></span> <span class='ocrx_word' id='word_1_688' title='bbox 3371 4323 3557 4402; x_wconf 82' lang='grc' dir='ltr'><strong>Κυρίου</strong></span> <span class='ocrx_word' id='word_1_689' title='bbox 3589 4321 3803 4402; x_wconf 79' lang='grc' dir='ltr'><strong>χάριτι,</strong></span> 
     </span>
    </p>
   </div>
   <div class='ocr_carea' id='block_1_98' title="bbox 2160 4410 3418 4492">
    <p class='ocr_par' dir='ltr' id='par_1_98' title="bbox 2160 4410 3418 4492">
     <span class='ocr_line' id='line_1_98' title="bbox 2160 4410 3418 4492; baseline -0.001 -23"><span class='ocrx_word' id='word_1_690' title='bbox 2160 4412 2245 4470; x_wconf 77' lang='grc' dir='ltr'><strong>διὰ</strong></span> <span class='ocrx_word' id='word_1_691' title='bbox 2265 4419 2372 4469; x_wconf 86' lang='grc' dir='ltr'><strong>τῶν</strong></span> <span class='ocrx_word' id='word_1_692' title='bbox 2407 4414 2585 4492; x_wconf 82' lang='grc' dir='ltr'><strong>εὐχῶν</strong></span> <span class='ocrx_word' id='word_1_693' title='bbox 2617 4414 2776 4470; x_wconf 83' lang='grc' dir='ltr'><strong>αὐτοῦ</strong></span> <span class='ocrx_word' id='word_1_694' title='bbox 2804 4410 3052 4488; x_wconf 72' lang='grc' dir='ltr'><strong>ἰώμενοι,</strong></span> <span class='ocrx_word' id='word_1_695' title='bbox 3086 4412 3418 4492; x_wconf 84' lang='grc' dir='ltr'><strong>ἀνεχώρουν,</strong></span> 
     </span>
    </p>
   </div>
   <div class='ocr_carea' id='block_1_99' title="bbox 2239 4588 3810 4670">
    <p class='ocr_par' dir='ltr' id='par_1_99' title="bbox 2239 4588 3810 4670">
     <span class='ocr_line' id='line_1_99' title="bbox 2239 4588 3810 4670; baseline -0.001 -20"><span class='ocrx_word' id='word_1_696' title='bbox 2239 4590 2304 4654; x_wconf 85' lang='grc' dir='ltr'><strong>ι’.</strong></span> <span class='ocrx_word' id='word_1_697' title='bbox 2360 4589 2508 4653; x_wconf 79' lang='grc' dir='ltr'><strong>Ἰδὼν</strong></span> <span class='ocrx_word' id='word_1_698' title='bbox 2556 4589 2613 4647; x_wconf 81' lang='grc' dir='ltr'><strong>δὲ</strong></span> <span class='ocrx_word' id='word_1_699' title='bbox 2670 4590 2856 4648; x_wconf 83' lang='grc' dir='ltr'><strong>ἑαυτὸν</strong></span> <span class='ocrx_word' id='word_1_700' title='bbox 2913 4592 2942 4646; x_wconf 80' lang='grc' dir='ltr'>ὁ</span> <span class='ocrx_word' id='word_1_701' title='bbox 2997 4588 3182 4656; x_wconf 87' lang='grc' dir='ltr'><strong>δοῦλος</strong></span> <span class='ocrx_word' id='word_1_702' title='bbox 3212 4597 3304 4650; x_wconf 89' lang='grc' dir='ltr'><strong>τοῦ</strong></span> <span class='ocrx_word' id='word_1_703' title='bbox 3333 4597 3467 4649; x_wconf 86' lang='grc' dir='ltr'><strong>Θεοῦ</strong></span> <span class='ocrx_word' id='word_1_704' title='bbox 3507 4612 3648 4650; x_wconf 86' lang='grc' dir='ltr'><strong>πανυ</strong></span> <span class='ocrx_word' id='word_1_705' title='bbox 3680 4588 3810 4670; x_wconf 82' lang='grc' dir='ltr'><strong>παρ’</strong></span> 
     </span>
    </p>
   </div>
   <div class='ocr_carea' id='block_1_100' title="bbox 2159 4679 3816 4759">
    <p class='ocr_par' dir='ltr' id='par_1_100' title="bbox 2159 4679 3816 4759">
     <span class='ocr_line' id='line_1_100' title="bbox 2159 4679 3816 4759; baseline -0.002 -20"><span class='ocrx_word' id='word_1_706' title='bbox 2159 4683 2412 4740; x_wconf 81' lang='grc' dir='ltr'><strong>ἁπάντων</strong></span> <span class='ocrx_word' id='word_1_707' title='bbox 2456 4681 2784 4758; x_wconf 85' lang='grc' dir='ltr'><strong>τιμώμενον,</strong></span> <span class='ocrx_word' id='word_1_708' title='bbox 2836 4681 2923 4738; x_wconf 76' lang='grc' dir='ltr'><strong>καὶ</strong></span> <span class='ocrx_word' id='word_1_709' title='bbox 2983 4682 3084 4748; x_wconf 79' lang='grc' dir='ltr'><strong>τὴν</strong></span> <span class='ocrx_word' id='word_1_710' title='bbox 3123 4681 3184 4738; x_wconf 71' lang='grc' dir='ltr'><strong>ἐκ</strong></span> <span class='ocrx_word' id='word_1_711' title='bbox 3215 4686 3315 4750; x_wconf 80' lang='grc' dir='ltr'><strong>τῆς</strong></span> <span class='ocrx_word' id='word_1_712' title='bbox 3375 4685 3544 4758; x_wconf 77' lang='grc' dir='ltr'><strong>τιμῆς</strong></span> <span class='ocrx_word' id='word_1_713' title='bbox 3589 4679 3816 4759; x_wconf 75' lang='grc' dir='ltr'><strong>συμϐαί-</strong></span> 
     </span>
    </p>
   </div>
   <div class='ocr_carea' id='block_1_101' title="bbox 2161 4769 3815 4846">
    <p class='ocr_par' dir='ltr' id='par_1_101' title="bbox 2161 4769 3815 4846">
     <span class='ocr_line' id='line_1_101' title="bbox 2161 4769 3815 4846; baseline -0.001 -19"><span class='ocrx_word' id='word_1_714' title='bbox 2161 4794 2351 4831; x_wconf 78' lang='grc' dir='ltr'><strong>νουσαν</strong></span> <span class='ocrx_word' id='word_1_715' title='bbox 2409 4783 2530 4834; x_wconf 87' lang='grc' dir='ltr'><strong>τοῖς</strong></span> <span class='ocrx_word' id='word_1_716' title='bbox 2574 4769 2806 4835; x_wconf 89' lang='grc' dir='ltr'><strong>πολλοῖς</strong></span> <span class='ocrx_word' id='word_1_717' title='bbox 2860 4777 3068 4828; x_wconf 86' lang='grc' dir='ltr'><strong>πτῶσιν</strong></span> <span class='ocrx_word' id='word_1_718' title='bbox 3128 4771 3425 4846; x_wconf 81' lang='grc' dir='ltr'><strong>δειλιάσας,</strong></span> <span class='ocrx_word' id='word_1_719' title='bbox 3458 4771 3688 4829; x_wconf 79' lang='grc' dir='ltr'><strong>ἀπέλιπε</strong></span> <span class='ocrx_word' id='word_1_720' title='bbox 3717 4772 3815 4828; x_wconf 74' lang='grc' dir='ltr'><strong>τὸν</strong></span> 
     </span>
    </p>
   </div>
   <div class='ocr_carea' id='block_1_102' title="bbox 2159 4860 3813 4943">
    <p class='ocr_par' dir='ltr' id='par_1_102' title="bbox 2159 4860 3813 4943">
     <span class='ocr_line' id='line_1_102' title="bbox 2159 4860 3813 4943; baseline -0.001 -23"><span class='ocrx_word' id='word_1_721' title='bbox 2159 4864 2349 4938; x_wconf 82' lang='grc' dir='ltr'><strong>τύπον,</strong></span> <span class='ocrx_word' id='word_1_722' title='bbox 2385 4864 2475 4920; x_wconf 87' lang='grc' dir='ltr'><strong>καὶ</strong></span> <span class='ocrx_word' id='word_1_723' title='bbox 2505 4867 2646 4943; x_wconf 78' lang='grc' dir='ltr'><strong>φυγῇ</strong></span> <span class='ocrx_word' id='word_1_724' title='bbox 2703 4861 3052 4941; x_wconf 74' lang='grc' dir='ltr'><strong>χρησάμενος</strong></span> <span class='ocrx_word' id='word_1_725' title='bbox 3097 4861 3336 4929; x_wconf 74' lang='grc' dir='ltr'><strong>ἀπῆλθεν</strong></span> <span class='ocrx_word' id='word_1_726' title='bbox 3367 4864 3442 4927; x_wconf 82' lang='grc' dir='ltr'><strong>ὥς</strong></span> <span class='ocrx_word' id='word_1_727' title='bbox 3476 4862 3585 4919; x_wconf 82' lang='grc' dir='ltr'><strong>ἀπὸ</strong></span> <span class='ocrx_word' id='word_1_728' title='bbox 3614 4860 3813 4936; x_wconf 85' lang='grc' dir='ltr'><strong>μιλίων</strong></span> 
     </span>
    </p>
   </div>
   <div class='ocr_carea' id='block_1_103' title="bbox 2160 4949 3815 5031">
    <p class='ocr_par' dir='ltr' id='par_1_103' title="bbox 2160 4949 3815 5031">
     <span class='ocr_line' id='line_1_103' title="bbox 2160 4949 3815 5031; baseline -0.002 -21"><span class='ocrx_word' id='word_1_729' title='bbox 2160 4952 2561 5031; x_wconf 74' lang='grc' dir='ltr'><strong>τεσσαράκοντα</strong></span> <span class='ocrx_word' id='word_1_730' title='bbox 2617 4955 2718 5018; x_wconf 79' lang='grc' dir='ltr'><strong>τῆς</strong></span> <span class='ocrx_word' id='word_1_731' title='bbox 2781 4949 2997 5015; x_wconf 86' lang='grc' dir='ltr'><strong>πόλεως</strong></span> <span class='ocrx_word' id='word_1_732' title='bbox 3027 4953 3238 5019; x_wconf 68' lang='grc' dir='ltr'><strong>ὶκείνης</strong></span> <span class='ocrx_word' id='word_1_733' title='bbox 3271 4969 3288 4988; x_wconf 87' lang='grc'>⁶</span> <span class='ocrx_word' id='word_1_734' title='bbox 3322 4953 3411 5008; x_wconf 80' lang='grc' dir='ltr'><strong>καὶ</strong></span> <span class='ocrx_word' id='word_1_735' title='bbox 3438 4952 3603 5024; x_wconf 80' lang='grc' dir='ltr'><strong>εὐρὼν</strong></span> <span class='ocrx_word' id='word_1_736' title='bbox 3633 4952 3815 5008; x_wconf 76' lang='grc' dir='ltr'><strong>αὐτόθι</strong></span> 
     </span>
    </p>
   </div>
   <div class='ocr_carea' id='block_1_104' title="bbox 2161 5040 3814 5120">
    <p class='ocr_par' dir='ltr' id='par_1_104' title="bbox 2161 5040 3814 5120">
     <span class='ocr_line' id='line_1_104' title="bbox 2161 5040 3814 5120; baseline -0.001 -21"><span class='ocrx_word' id='word_1_737' title='bbox 2161 5041 2428 5112; x_wconf 84' lang='grc' dir='ltr'><strong>σπήλαιον</strong></span> <span class='ocrx_word' id='word_1_738' title='bbox 2461 5045 2600 5120; x_wconf 84' lang='grc' dir='ltr'><strong>μέγα</strong></span> <span class='ocrx_word' id='word_1_739' title='bbox 2632 5041 2775 5120; x_wconf 86' lang='grc' dir='ltr'><strong>παρά</strong></span> <span class='ocrx_word' id='word_1_740' title='bbox 2803 5040 2904 5109; x_wconf 77' lang='grc' dir='ltr'><strong>τὴν</strong></span> <span class='ocrx_word' id='word_1_741' title='bbox 2933 5040 3105 5120; x_wconf 79' lang='grc' dir='ltr'><strong>ὄχθην</strong></span> <span class='ocrx_word' id='word_1_742' title='bbox 3149 5041 3242 5098; x_wconf 87' lang='grc' dir='ltr'><strong>τοῦ</strong></span> <span class='ocrx_word' id='word_1_743' title='bbox 3290 5047 3536 5118; x_wconf 82' lang='grc' dir='ltr'><strong>ποταμοῦ</strong></span> <span class='ocrx_word' id='word_1_744' title='bbox 3580 5041 3814 5115; x_wconf 83' lang='grc' dir='ltr'><strong>Πέτρας,</strong></span> 
     </span>
    </p>
   </div>
   <div class='ocr_carea' id='block_1_105' title="bbox 2159 5129 3819 5212">
    <p class='ocr_par' dir='ltr' id='par_1_105' title="bbox 2159 5129 3819 5212">
     <span class='ocr_line' id='line_1_105' title="bbox 2159 5129 3819 5212; baseline -0.001 -24"><span class='ocrx_word' id='word_1_745' title='bbox 2159 5131 2245 5188; x_wconf 78' lang='grc' dir='ltr'><strong>ἐπὶ</strong></span> <span class='ocrx_word' id='word_1_746' title='bbox 2308 5130 2593 5210; x_wconf 77' lang='grc' dir='ltr'><strong>τριάκοντα</strong></span> <span class='ocrx_word' id='word_1_747' title='bbox 2669 5129 2764 5200; x_wconf 77' lang='grc' dir='ltr'><strong>ἔτη</strong></span> <span class='ocrx_word' id='word_1_748' title='bbox 2837 5131 3154 5205; x_wconf 77' lang='grc' dir='ltr'><strong>κατῴκησεν</strong></span> <span class='ocrx_word' id='word_1_749' title='bbox 3212 5132 3406 5212; x_wconf 87' lang='grc' dir='ltr'><strong>εὐχαῖς</strong></span> <span class='ocrx_word' id='word_1_750' title='bbox 3467 5135 3562 5188; x_wconf 67' lang='grc' dir='ltr'><strong>καὶ</strong></span> <span class='ocrx_word' id='word_1_751' title='bbox 3623 5130 3819 5207; x_wconf 77' lang='grc' dir='ltr'><strong>ὕμνοις</strong></span> 
     </span>
    </p>
   </div>
   <div class='ocr_carea' id='block_1_106' title="bbox 2159 5218 3822 5298">
    <p class='ocr_par' dir='ltr' id='par_1_106' title="bbox 2159 5218 3822 5298">
     <span class='ocr_line' id='line_1_106' title="bbox 2159 5218 3822 5298; baseline -0.002 -20"><span class='ocrx_word' id='word_1_752' title='bbox 2159 5222 2336 5287; x_wconf 87' lang='grc' dir='ltr'><strong>πάσας</strong></span> <span class='ocrx_word' id='word_1_753' title='bbox 2393 5220 2489 5284; x_wconf 79' lang='grc' dir='ltr'><strong>τὰς</strong></span> <span class='ocrx_word' id='word_1_754' title='bbox 2545 5219 2749 5298; x_wconf 79' lang='grc' dir='ltr'><strong>ἡμέρας</strong></span> <span class='ocrx_word' id='word_1_755' title='bbox 2779 5222 2867 5276; x_wconf 78' lang='grc' dir='ltr'><strong>καὶ</strong></span> <span class='ocrx_word' id='word_1_756' title='bbox 2911 5221 3102 5284; x_wconf 81' lang='grc' dir='ltr'><strong>νύκτας</strong></span> <span class='ocrx_word' id='word_1_757' title='bbox 3163 5218 3496 5284; x_wconf 86' lang='grc' dir='ltr'><strong>διατελέσας.</strong></span> <span class='ocrx_word' id='word_1_758' title='bbox 3541 5221 3647 5286; x_wconf 76' lang='grc' dir='ltr'><strong>Τὰς</strong></span> <span class='ocrx_word' id='word_1_759' title='bbox 3678 5221 3822 5295; x_wconf 78' lang='grc' dir='ltr'><strong>μέν-</strong></span> 
     </span>
    </p>
   </div>
   <div class='ocr_carea' id='block_1_107' title="bbox 2157 5309 3821 5393">
    <p class='ocr_par' dir='ltr' id='par_1_107' title="bbox 2157 5309 3821 5393">
     <span class='ocr_line' id='line_1_107' title="bbox 2157 5309 3821 5393; baseline -0.001 -24"><span class='ocrx_word' id='word_1_760' title='bbox 2157 5334 2241 5369; x_wconf 90' lang='grc' dir='ltr'><strong>τοι</strong></span> <span class='ocrx_word' id='word_1_761' title='bbox 2297 5311 2581 5393; x_wconf 79' lang='grc' dir='ltr'><strong>διατροφὰς</strong></span> <span class='ocrx_word' id='word_1_762' title='bbox 2617 5313 2703 5368; x_wconf 81' lang='grc' dir='ltr'><strong>ἐπὶ</strong></span> <span class='ocrx_word' id='word_1_763' title='bbox 2746 5309 2912 5368; x_wconf 83' lang='grc' dir='ltr'><strong>πολὺν</strong></span> <span class='ocrx_word' id='word_1_764' title='bbox 2973 5313 3066 5368; x_wconf 81' lang='grc' dir='ltr'><strong>τὸν</strong></span> <span class='ocrx_word' id='word_1_765' title='bbox 3119 5313 3319 5392; x_wconf 84' lang='grc' dir='ltr'><strong>χρόνον</strong></span> <span class='ocrx_word' id='word_1_766' title='bbox 3347 5310 3409 5367; x_wconf 81' lang='grc' dir='ltr'><strong>ὲκ</strong></span> <span class='ocrx_word' id='word_1_767' title='bbox 3439 5315 3544 5370; x_wconf 83' lang='grc' dir='ltr'><strong>τῶν</strong></span> <span class='ocrx_word' id='word_1_768' title='bbox 3573 5312 3821 5388; x_wconf 72' lang='grc' dir='ltr'><strong>βοτανῶν</strong></span> 
     </span>
    </p>
   </div>
   <div class='ocr_carea' id='block_1_108' title="bbox 2161 5399 3820 5482">
    <p class='ocr_par' dir='ltr' id='par_1_108' title="bbox 2161 5399 3820 5482">
     <span class='ocr_line' id='line_1_108' title="bbox 2161 5399 3820 5482; baseline -0.002 -23"><span class='ocrx_word' id='word_1_769' title='bbox 2161 5402 2324 5482; x_wconf 76' lang='grc' dir='ltr'><strong>εἶχεν</strong></span> <span class='ocrx_word' id='word_1_770' title='bbox 2355 5405 2461 5458; x_wconf 82' lang='grc' dir='ltr'><strong>τῶν</strong></span> <span class='ocrx_word' id='word_1_771' title='bbox 2493 5405 2622 5478; x_wconf 83' lang='grc' dir='ltr'><strong>πρὸς</strong></span> <span class='ocrx_word' id='word_1_772' title='bbox 2656 5405 2732 5474; x_wconf 86' lang='grc' dir='ltr'><strong>τῷ</strong></span> <span class='ocrx_word' id='word_1_773' title='bbox 2761 5405 2994 5477; x_wconf 82' lang='grc' dir='ltr'><strong>ποταμῷ</strong></span> <span class='ocrx_word' id='word_1_774' title='bbox 3024 5400 3302 5482; x_wconf 71' lang='grc' dir='ltr'><strong>φνομένων</strong></span> <span class='ocrx_word' id='word_1_775' title='bbox 3341 5416 3354 5431; x_wconf 82' lang='grc'><strong>⁸</strong></span> <span class='ocrx_word' id='word_1_776' title='bbox 3393 5402 3533 5476; x_wconf 77' lang='grc' dir='ltr'><strong>μετὰ</strong></span> <span class='ocrx_word' id='word_1_777' title='bbox 3562 5399 3616 5456; x_wconf 77' lang='grc' dir='ltr'><strong>δὲ</strong></span> <span class='ocrx_word' id='word_1_778' title='bbox 3647 5407 3820 5457; x_wconf 76' lang='grc' dir='ltr'><strong>ταῦτα</strong></span> 
     </span>
    </p>
   </div>
   <div class='ocr_carea' id='block_1_109' title="bbox 2159 5489 3820 5573">
    <p class='ocr_par' dir='ltr' id='par_1_109' title="bbox 2159 5489 3820 5573">
     <span class='ocr_line' id='line_1_109' title="bbox 2159 5489 3820 5573; baseline -0.002 -22"><span class='ocrx_word' id='word_1_779' title='bbox 2159 5494 2425 5572; x_wconf 81' lang='grc' dir='ltr'><strong>κηπάριον</strong></span> <span class='ocrx_word' id='word_1_780' title='bbox 2472 5491 2660 5569; x_wconf 68' lang='grc' dir='ltr'><strong>μικρὸν</strong></span> <span class='ocrx_word' id='word_1_781' title='bbox 2719 5491 2866 5568; x_wconf 76' lang='grc' dir='ltr'><strong>παρὰ</strong></span> <span class='ocrx_word' id='word_1_782' title='bbox 2921 5491 3020 5559; x_wconf 76' lang='grc' dir='ltr'><strong>τὴν</strong></span> <span class='ocrx_word' id='word_1_783' title='bbox 3073 5489 3250 5571; x_wconf 64' lang='grc' dir='ltr'><strong>ὄχθην</strong></span> <span class='ocrx_word' id='word_1_784' title='bbox 3278 5489 3675 5573; x_wconf 77' lang='grc' dir='ltr'><strong>φιλοκαλήσας,</strong></span> <span class='ocrx_word' id='word_1_785' title='bbox 3723 5492 3820 5548; x_wconf 71' lang='grc' dir='ltr'><strong>καὶ</strong></span> 
     </span>
    </p>
   </div>
   <div class='ocr_carea' id='block_1_110' title="bbox 2159 5579 3820 5663">
    <p class='ocr_par' dir='ltr' id='par_1_110' title="bbox 2159 5579 3820 5663">
     <span class='ocr_line' id='line_1_110' title="bbox 2159 5579 3820 5663; baseline -0.001 -24"><span class='ocrx_word' id='word_1_786' title='bbox 2159 5603 2315 5640; x_wconf 86' lang='grc' dir='ltr'><strong>τουτο</strong></span> <span class='ocrx_word' id='word_1_787' title='bbox 2367 5583 2504 5639; x_wconf 83' lang='grc' dir='ltr'><strong>κατά</strong></span> <span class='ocrx_word' id='word_1_788' title='bbox 2553 5580 2716 5659; x_wconf 85' lang='grc' dir='ltr'><strong>μέρος</strong></span> <span class='ocrx_word' id='word_1_789' title='bbox 2889 5583 3004 5638; x_wconf 64' lang='grc' dir='ltr'><strong>καθ²</strong></span> <span class='ocrx_word' id='word_1_790' title='bbox 3050 5581 3281 5662; x_wconf 79' lang='grc' dir='ltr'><strong>ἡμέραν]</strong></span> <span class='ocrx_word' id='word_1_791' title='bbox 3313 5581 3694 5663; x_wconf 70' lang='grc' dir='ltr'><strong>ἐργαζόμενος,</strong></span> <span class='ocrx_word' id='word_1_792' title='bbox 3763 5579 3820 5646; x_wconf 72' lang='grc' dir='ltr'><strong>ιε</strong></span> 
     </span>
    </p>
   </div>
   <div class='ocr_carea' id='block_1_111' title="bbox 2162 5671 3820 5754">
    <p class='ocr_par' dir='ltr' id='par_1_111' title="bbox 2162 5671 3820 5754">
     <span class='ocr_line' id='line_1_111' title="bbox 2162 5671 3820 5754; baseline 0.001 -25"><span class='ocrx_word' id='word_1_793' title='bbox 2162 5676 2321 5730; x_wconf 86' lang='grc' dir='ltr'><strong>αὐτοῦ</strong></span> <span class='ocrx_word' id='word_1_794' title='bbox 2350 5673 2449 5743; x_wconf 78' lang='grc' dir='ltr'><strong>τὴν</strong></span> <span class='ocrx_word' id='word_1_795' title='bbox 2478 5673 2680 5754; x_wconf 72' lang='grc' dir='ltr'><strong>τροφὴν</strong></span> <span class='ocrx_word' id='word_1_796' title='bbox 2725 5672 2899 5749; x_wconf 79' lang='grc' dir='ltr'><strong>ἑαυτῷ</strong></span> <span class='ocrx_word' id='word_1_797' title='bbox 2940 5687 3337 5754; x_wconf 84' lang='grc' dir='ltr'><strong>περιεποιεῖτο.</strong></span> <span class='ocrx_word' id='word_1_798' title='bbox 3385 5671 3508 5732; x_wconf 79' lang='grc' dir='ltr'><strong>Ἐπὶ</strong></span> <span class='ocrx_word' id='word_1_799' title='bbox 3558 5679 3820 5731; x_wconf 84' lang='grc' dir='ltr'><strong>τοσοῦτον</strong></span> 
     </span>
    </p>
   </div>
  </div>
