4020 6206
192 268 201 275 “
252 289 398 364 122i

1422 296 1608 363 VITA
1653 298 1716 362 S.
1775 295 2032 362 JACOBI
2075 294 2450 361 MONACHI.

3469 300 3620 367 1222

244 433 303 493 δὲ
361 437 396 504 ἡ
453 432 697 492 πολιτεία
755 436 914 493 αὐτοῦ
973 430 1292 512 περιϐόητος
1352 432 1594 513 γέγονεν,
1653 435 1729 497 ὡς
1789 432 1897 489 ἀπὸ

2000 430 2065 493 ita
2088 448 2229 493 vero
2253 428 2386 510 ejus
2402 428 2520 492 vita
2541 426 2983 504 celebrabatur,
3021 437 3083 493 ut
3129 446 3162 494 e
3179 430 3386 511 viginti
3419 438 3479 495 et
3505 434 3619 494 tri-

245 523 425 582 εῗκοσι
476 525 568 581 καὶ
622 524 905 602 τριάκοντα
962 528 1142 599 μονῶν
1198 525 1476 602 μοναχοὺς
1534 526 1667 595 πρὸς
1738 522 1894 579 αὔτὸν

2000 521 2141 599 ginta
2168 520 2551 582 monasteriis
2570 518 2850 582 monachi
2879 527 2936 581 et
2956 520 3157 583 clerici
3183 520 3254 583 ad
3287 540 3422 583 eum
3455 525 3623 584 veni-

247 616 527 695 ἔρχεσθαι,
586 613 679 669 καί
731 612 1040 691 κληρικοὺς,
1118 613 1208 669 καὶ
1286 610 1517 674 πολλοὺς
1576 613 1896 688 κοσμικοῦς,

2000 617 2136 683 'ent,
2173 608 2459 690 multique
2490 609 2589 671 alii
2643 626 2713 670 ex
2744 608 2947 690 iis,qui
2982 610 3192 671 mundi
3224 610 3404 672 rebus
3434 629 3621 673 occu-

250 706 384 784 πρὸς
429 704 491 759 τὸ
533 701 871 783 εὖλογεῐσθαι
899 702 985 759 καὶ
1032 701 1368 781 στηρίζεσθαι
1399 699 1489 758 ὑπ’
1523 701 1705 764 αὐτοῦ.

1982 700 2305 781 pantur,ad
2339 717 2474 762 eum
2508 718 2573 762 se
2596 700 2963 776 conferrent,
2984 708 3050 761 ut
3075 700 3207 778 ejus
3240 699 3619 763 benedictio-

1982 808 2119 852 nem
2153 787 2517 871 acciperent,
2553 797 2612 852 et
2641 788 2715 851 ab
2746 808 2818 853 eo
2847 789 3187 853 conﬁrmari
3223 800 3487 871 possent.

1744 964 1995 1032 CAPUT
2039 967 2141 1032 III.

1225 1101 1462 1182 Lapsus
1505 1101 1574 1164 in
1613 1102 2090 1180 fornicationem
2132 1107 2192 1165 et
2234 1100 2662 1165 homicidium.

337 1242 445 1307 IA'.
504 1242 657 1302 Ἀλλ’
701 1246 728 1302 6
775 1243 1015 1310 τοιοῦτος
1052 1243 1140 1301 καὶ
1192 1242 1542 1323 τηλικοῦτος,
1576 1244 1603 1298 6
1633 1242 1898 1308 τοσαύτης

257 1332 483 1414 χάριτος
512 1332 775 1407 ἀξιωθεὶς,
810 1334 948 1399 ἴσως
992 1333 1212 1412 ἐπάρσει
1256 1334 1399 1397 τινὸς
1434 1333 1517 1389 καὶ
1578 1331 1727 1413 τύφῳ
1768 1329 1901 1407 λιμ-

256 1425 398 1503 φθεὶς
588 1423 850 1504 Maesta],
938 1423 1188 1499 πτώματι
1249 1435 1620 1504 συγχωρεϊται
1688 1433 1900 1500 πεσεῖν,

257 1500 345 1570 καὶ
403 1500 654 1589 πτῶματι
676 1500 687 1504 -
711 1518 789 1585 τῷ
810 1500 822 1502 _
848 1512 1064 1571 πάντων
1094 1500 1494 1593 χαλεπωτᾶτῲ.
1541 1500 1600 1569 ιΟ
1631 1511 1732 1590 γὰρ
1763 1533 1906 1585 παμ-

258 1602 445 1681 μίαρος
495 1603 689 1683 ἐχθρὸς
740 1608 849 1660 τῶν
908 1607 1262 1682 Χριστιανῶν,
1325 1602 1353 1659 6
1420 1601 1501 1657 ἀεὶ
1560 1613 1679 1665 τοῖς
1726 1597 1904 1661 καλῶς

258 1691 397 1749 κατᾶ
455 1693 572 1749 θεὸν
617 1692 820 1769 βιοῦσιν
865 1692 956 1749 τὸν
993 1693 1192 1749 οἰκεῖον
1236 1690 1424 1771 φθόνον
1481 1689 1748 1770 ἐπαφιεὶς,
1790 1689 1905 1744 εἷσ-

258 1781 428 1838 ελθὼν
485 1782 562 1846 εἷς
614 1784 780 1856 κόρην
844 1780 1094 1839 πλουσίου
1149 1782 1293 1845 τινὸς
1366 1779 1647 1859 θυγατέρα,
1713 1777 1909 1856 ἤρξατο

255 1870 385 1947 βοᾷν
418 1871 507 1928 καὶ
535 1872 626 1928 τὸν
671 1869 823 1950 ἅγιον
870 1868 1030 1950 ἄνδρα
1072 1870 1126 1936 ἒξ
1188 1869 1452 1945 ὀνόματος
1507 1865 1901 1939 ἐπικαλεῖσθαι,

256 1961 330 2026 ὡς
385 1957 786 2039 ἀναγκασθῆναι
845 1960 969 2023 τοὺς
1022 1972 1203 2037 γονεῖς
1254 1964 1353 2026 τῆς
1387 1958 1552 2037 κὸρης
1583 1960 1906 2035 περιελθεῖν,

257 2046 355 2105 καῖ
412 2045 723 2128 ἀνιχνεῦσαι
785 2049 1127 2128 πανταχόθεν
1172 2049 1264 2105 τὸν
1313 2046 1586 2123 ἄνθρωπον
1629 2056 1722 2105 τοῦ
1752 2052 1905 2118 Θεοῦ,

257 2138 396 2212 μήτε
449 2138 811 2215 μοναστήριον
870 2137 1317 2215 καταλείποντας,
1372 2137 1511 2212 μήτε
1570 2135 1678 2209 μὴν
1708 2134 1907 2210 ἔρημον

254 2226 446 2289 τόπον.
496 2216 587 2292 Ὠς
646 2225 701 2283 δὲ
778 2237 964 2286 τοῦτον
1048 2229 1220 2305 εῦρεϊν
1285 2223 1516 2300 οὐδαμοῦ
1573 2223 1904 2300 ἐδεδύνηντο,

259 2315 502 2393 ἕγνωσάν
560 2337 677 2373 τινα
762 2316 1128 2396 ἀναχωρητὴν
1201 2315 1345 2372 εἶναι
1420 2314 1557 2371 κατὰ
1614 2314 1673 2370 τό
1691 2312 1760 2368 ιδε
1817 2314 1908 2368 τὸν

270 2403 457 2465 τόπον.
518 2407 618 2464 Καὶ
675 2404 741 2474 δὴ
794 2403 972 2463 λαϐὼν
1015 2408 1041 2462 6
1092 2406 1268 2482 πατὴρ
1324 2403 1486 2472 αὒτῆς
1552 2407 1672 2466 τοὺς
1720 2403 1909 2461 ἑαυτοῦ

2066 1238 2184 1303 Sed
2218 1241 2354 1304 talis
2381 1259 2451 1303 ac
2477 1248 2677 1303 tantus
2726 1240 2834 1321 vir,
2889 1247 3167 1320 tantaque
3196 1245 3383 1319 gratia
3408 1238 3625 1319 dignus

1985 1329 2255 1403 eﬂ'ectus,
2280 1330 2537 1394 fortasse
2572 1330 2827 1393 elatione
2871 1330 2962 1391 vel
2994 1329 3274 1410 superbia
3298 1338 3529 1411 captus,
3568 1336 3630 1390 in

1987 1419 2246 1502 lapsum,
2285 1439 2545 1503 eumque
2575 1421 2844 1483 omnium
2877 1420 3325 1500 gravissimum,
3358 1418 3631 1483 incidere

1989 1515 2317 1591 permissus
2338 1509 2621 1574 fuit-.Nam
2646 1510 3113 1573 scelestissimus
3134 1509 3379 1572 humani
3397 1508 3636 1587 generis

1988 1600 2289 1675 mimicus,
2319 1601 2419 1681 qui
2450 1609 2656 1662 contra
2687 1599 2963 1661 homines
2997 1607 3221 1662 rectam
3255 1607 3313 1661 et
3335 1598 3459 1661 Deo
3489 1617 3633 1679 gre-

1991 1696 2108 1751 tam
2140 1689 2318 1751 vitam
2354 1690 2642 1768 degentes
2694 1689 2996 1769 propriam
3043 1689 3328 1751 invidiam
3366 1697 3630 1762 exercet,

1994 1781 2054 1840 in
2082 1779 2340 1859 puellam
2376 1779 2696 1860 quamdam
2728 1779 3061 1858 ingressus,
3097 1779 3406 1860 cujusdam
3439 1780 3638 1842 divitis

1993 1868 2204 1949 tiliam,
2239 1870 2418 1949 ccepit
2448 1869 2728 1944 clamare,
2775 1878 2829 1930 et
2858 1870 2921 1931 ὃ.
2954 1867 3243 1930 Iacobum
3278 1871 3635 1931 nominatim

1992 1959 2325 2039 appellare;
2359 1958 2441 2020 ita
2470 1966 2536 2020 ut
2571 1967 2848 2039 parentes
2884 1958 3094 2039 puellae
3124 1958 3541 2029 circumirent,
3581 1967 3642 2021 et

1994 2048 2218 2130 ubique
2250 2048 2514 2110 divinum
2549 2049 2714 2110 illum
2753 2048 3057 2110 hominem
3083 2049 3643 2127 investigarent,ne-

1993 2157 2109 2218 que
2134 2141 2792 2219 monasterium,neque
2824 2138 3129 2199 desertum
3155 2140 3415 2219 aliquem
3441 2138 3634 2201 locum

1993 2234 2448 2309 praetereuntes.
2484 2226 2673 2298 Quem
2720 2245 2859 2289 cum
2902 2227 3174 2288 invenire
3216 2245 3334 2288 non
3369 2237 3634 2305 possent,

1993 2324 2197 2397 postea
2227 2316 2556 2378 solitarium
2586 2317 2902 2396 quemdam
2954 2316 3261 2376 hominem
3284 2317 3347 2376 in
3370 2334 3442 2377 eo
3474 2317 3632 2392 loco,

1989 2424 2165 2486 quem
2190 2405 2798 2486 supradiximus,esse
2817 2408 3439 2482 cognoverunt.Pater
3456 2404 3637 2484 igitur

266 2491 493 2569 παῖδας,
556 2495 640 2551 καὶ
698 2494 1103 2570 παρασκευάσας
1135 2495 1232 2562 τὴν
1263 2494 1426 2563 κόρην
1462 2493 1572 2568 ἅμα
1601 2497 1670 2568 τῇ
1713 2492 1906 2558 ἑαυτῆς

2000 2513 2195 2557 servos
2233 2514 2373 2556 suos
2395 2513 2598 2556 secum
2626 2493 2876 2567 habens,
2913 2502 2972 2556 et
2994 2493 3251 2573 puellam
3265 2493 3491 2573 jubens
3521 2513 3641 2557 una

264 2584 433 2661 μητρὶ
487 2583 541 2639 ἐν
593 2584 669 2647 τῶ
719 2586 1012 2662 βαστερνίῳ
1071 2586 1416 2655 καθεσθῆναι,
1480 2580 1643 2651 ἦλθον
1689 2581 1774 2637 ἐπὶ
1816 2582 1906 2637 τὸν

2000 2604 2128 2647 cum
2158 2594 2348 2645 matre
2374 2583 2430 2644 in
2453 2586 2723 2663 jumento
2747 2584 2960 2645 sedere
2994 2592 3051 2644 et
3075 2602 3211 2642 eum
3257 2584 3447 2665 sequi,
3481 2585 3644 2646 venit

264 2674 701 2748 καταμηνυθέντα
747 2678 935 2736 αὐτοῖς
1008 2675 1196 2753 τόπον,
1256 2672 1376 2729 ’ἐνθα
1432 2671 1616 2750 διῆγεν
1659 2674 1687 2727 6
1733 2669 1905 2747 ἅγιος.

2000 2680 2053 2735 in
2074 2691 2208 2735 eum
2236 2673 2541 2745 locum,de
2563 2692 2679 2753 quo
2703 2672 3000 2746 audierat,
3026 2670 3128 2732 ubi
3151 2681 3209 2733 et
3233 2671 3335 2733 ille
3357 2674 3447 2734 vir
3469 2693 3641 2736 sanc-

268 2763 369 2819 Καὶ
420 2761 542 2820 ἰδὼν
620 2762 803 2844 αὗτὸν,
884 2762 1072 2819 ἔπεσεν
1155 2764 1285 2838 πρὸς
1347 2761 1468 2821 τοὺς
1527 2758 1694 2823 πόδας
1755 2759 1908 2815 αὖτοῦ

2000 2772 2090 2825 tus
2114 2763 2290 2824 vitam
2315 2761 2589 2840 degebat.
2615 2762 2803 2834 Quem
2829 2780 2963 2823 cum
3013 2760 3278 2837 vidisset,
3315 2771 3375 2823 et
3405 2772 3475 2823 ad
3512 2765 3644 2845 ejus

264 2851 437 2931 λέγων
470 2871 483 2886 ·
546 2852 811 2921 Ἐλεησον
843 2854 939 2921 τὴν
972 2853 1231 2931 θυγατέρα
1263 2873 1385 2927 μου,
1441 2849 1521 2906 ὅτι
1572 2848 1753 2915 δεινῶς
1805 2850 1908 2925 βα-

2000 2852 2184 2933 pedes
2196 2870 2261 2913 se
2274 2851 3301 2954 abjecisset,Miserere,inquit,tiliae
3320 2870 3643 2935 meae.quo-

264 2943 529 3014 σανίζεται
587 2943 690 3000 ὑπὸ
747 2950 838 3001 τοῦ
882 2943 1178 3019 ἀκαθάρτου
1238 2940 1537 3016 πνεύματος
1574 2955 1587 2970 ⁸
1649 2938 1759 2995 ἰδοῦ
1812 2940 1908 3016 γὰρ

2000 2943 2155 3004 niam
2183 2942 2444 3020 graviter
2480 2940 2554 3003 ab
2601 2942 2834 3020 impuro
2886 2942 3099 3019 spiritu
3125 2944 3424 3005 cruciatur
3458 2960 3471 3006 :
3504 2963 3640 3007 nam

265 3029 451 3089 εἴκοσι
511 3031 701 3090 λοιπὸν
759 3031 977 3109 ἡμέραι,
1038 3033 1125 3089 καὶ
1189 3031 1310 3088 οὕτε
1367 3031 1538 3103 σίτου,
1588 3030 1707 3086 οὕτε
1748 3035 1908 3085 ποτοῦ

2000 3031 2203 3110 viginti
2235 3030 2366 3092 dies
2390 3038 2549 3103 sunt,
2574 3031 2792 3111 quibus
2818 3048 3014 3108 neque
3045 3029 3270 3106 cibum,
3305 3051 3498 3113 neque
3530 3053 3641 3115 po-

266 3120 611 3201 μετείληφεν,
673 3119 810 3177 ἀλλὰ
865 3119 1065 3192 ἀναϐοᾷ
1094 3120 1469 3195 σπαράττουσα
1501 3119 1689 3186 ἑαυτὴν
1720 3118 1809 3174 καὶ
1850 3119 1908 3172 τὸ

2000 3131 2125 3180 tum
2158 3120 2433 3199 sumpsit,
2467 3118 2571 3180 sed
2606 3120 2823 3181 clamat
2850 3124 3110 3199 seipsam
3142 3120 3506 3199 lacerans,et
3538 3143 3646 3187 no-

267 3209 436 3285 ὄνομά
467 3232 562 3269 σου
591 3210 1016 3286 ἐπικαλουμένη,

352 3298 624 3358 IB’K‘
740 3301 752 3319 ‘
1322 3297 1364 3337 ἐ
1526 3297 1616 3354 δκ
1733 3298 1910 3337 θ’..

451 3348 466 3363 ,
576 3322 628 3355 αι
669 3321 794 3366 στας
852 3322 880 3357 ο
925 3322 1077 3377 αγιος
1128 3319 1466 3377 προσηυ,ατο
1558 3319 1656 3375 περ
1698 3320 1861 3364 sum,

266 3391 405 3467 μετὰ
458 3387 512 3445 δὲ
570 3390 630 3446 τὸ
686 3389 972 3469 πληρῶσαι
1016 3391 1174 3447 αὐτὸν
1220 3389 1320 3458 τὴν
1378 3388 1575 3468 εὐχὴν,
1620 3387 1913 3464 ἐνεφύσησε

265 3484 343 3555 τῷ
399 3479 681 3560 ἂκαθάρτῳ
725 3478 933 3555 δαίμονι
980 3479 1068 3536 καὶ
1124 3476 1272 3557 λέγει
1332 3481 1474 3551 αὖτῷ
1508 3493 1523 3507 ⁸
1560 3476 1651 3534 Ἐν
1683 3477 1759 3550 τῷ
1789 3478 1911 3533 ὀνό-

264 3592 394 3645 ματι
452 3576 546 3627 τοῦ
608 3570 796 3647 Κυρίου
826 3576 920 3627 τοῦ
945 3575 1175 3647 Χριστοῦ
1206 3566 1382 3632 ἔξελθέ
1429 3563 1522 3625 ἀπ’
1576 3568 1764 3633 αὐτῆς.
1816 3568 1914 3623 Καὶ

266 3663 605 3741 παραχρῆμα
666 3662 693 3716 6
747 3656 949 3733 δαίμων
1010 3660 1083 3723 ὡς
1158 3659 1259 3715 ὑπὸ
1317 3658 1482 3737 πυρὸς
1563 3655 1916 3731 ἐλαυνόμενος

267 3748 551 3830 ἐχώρησεν
588 3765 606 3785 ⁸
644 3750 680 3816 ἡ
723 3745 778 3803 δὲ
823 3747 909 3804 ἐπὶ
968 3747 1060 3805 τοῦ
1113 3744 1337 3829 ἐδάφους
1370 3750 1628 3817 πεσοῦσα,
1664 3743 1752 3800 ἐπὶ
1786 3743 1918 3800 πολ-

266 3836 364 3901 λᾶς
424 3839 516 3901 τὰς
576 3837 719 3916 ὥρας
778 3836 989 3919 ἄφωνος
1061 3836 1256 3895 ἔκειτο.
1316 3837 1411 3894 Καὶ
1464 3833 1914 3913 προσευξάμενος,

268 3928 433 3996 αῦτὴν
492 3927 592 3996 τῆς
644 3928 828 4008 χειρὸς
890 3927 1219 3999 ἀναστήσας,
1255 3923 1562 3999 παρέδωκεν
1594 3924 1755 3991 αὐτὴν
1786 3923 1913 4001 ὑγιῆ

265 4030 387 4081 τοῖς
446 4023 715 4095 γονεῦσιν,
749 4015 970 4082 ’ἰδόντες
1002 4014 1056 4071 δὲ
1087 4017 1148 4071 τὸ
1174 4019 1372 4090 θαῦμα,
1408 4014 1494 4070 καὶ
1524 4011 1913 4092 δειλιάσαντες,

268 4107 469 4183 μήπως
531 4104 693 4163 πάλιν
751 4105 1088 4184 ὑποστρέψας
1144 4108 1171 4161 6
1210 4104 1502 4181 ἀκάθαρτος
1548 4101 1751 4178 δαίμων
1799 4104 1915 4159 ela-

270 4196 398 4274 έλθῃ
450 4196 640 4272 αῦτὴν,
694 4195 1066 4276 παρεκάλεσαν
1102 4197 1260 4252 αὖτὸν
1306 4194 1581 4268 ἐπιμεῖναι
1612 4194 1715 4260 την
1746 4192 1915 4250 παῖδα

1999 3228 2136 3271 men
2172 3219 2336 3272 tuum
2371 3208 2707 3290 appellans.

2077 3298 2380 3363 XlI.Tunc
2404 3298 2587 3379 jussit
2611 3298 2872 3381 puellam
2896 3298 3037 3361 illuc
3061 3298 3202 3361 duci
3240 3318 3253 3363 :
3287 3312 3548 3384 cumque
3579 3322 3648 3368 se

1998 3387 2227 3451 diutius
2285 3389 2567 3469 precibus
2619 3389 2908 3459 dedisset,
2946 3391 3033 3451 sic
3064 3389 3353 3453 ardenter
3383 3410 3489 3473 pro
3521 3395 3649 3474 ipsa

1999 3488 2279 3558 precatus
2326 3487 2436 3551 est,
2482 3490 2545 3538 ut
2580 3485 2637 3539 et
2668 3477 2930 3552 locus,in
2961 3497 3077 3559 quo
3109 3478 3368 3556 stabant,
3402 3492 3647 3546 contre-

2000 3567 2241 3629 muerit.
2272 3567 2483 3630 Finitis
2518 3584 2654 3629 vero
2701 3567 3006 3647 precibus,
3040 3568 3359 3631 insuﬁlavit
3387 3569 3450 3632 in
3477 3572 3647 3636 illum

2000 3655 2301 3735 impurum
2325 3656 2630 3737 spiritum,
2658 3665 2717 3717 et
2738 3656 2842 3716 ait:
2871 3655 2935 3716 In
2986 3655 3230 3719 nomine
3260 3659 3501 3722 Domini
3533 3680 3648 3724 no-

2001 3745 2276 3809 striJesu
2314 3745 2531 3809 Christi
2564 3752 2653 3808 exi
2687 3746 2761 3806 ab
2796 3746 2906 3806 ista
2934 3745 3503 3831 puellaStatimque
3533 3752 3651 3814 daa-

2004 3853 2142 3896 mon
2169 3835 2611 3916 ipse,tanquam
2636 3834 2775 3913 igne
2807 3833 3037 3914 aliquot
3068 3834 3424 3915 impulsus,e
3451 3840 3652 3918 puella

2001 3925 2303 3987 discessit.
2340 3925 2443 3988 Illa
2470 3942 2608 3986 vero
2634 3943 2768 3984 cum
2792 3924 2852 3984 in
2875 3923 3068 3986 solum
3093 3925 3651 4001 cecidisset,multis

2000 4013 2377 4094 horisjacuit
2399 4014 2531 4076 sine
2554 4032 2720 4076 voce:
2748 4012 2850 4074 sed
2877 4020 3119 4075 sanctus
3150 4012 3251 4076 ille
3278 4015 3465 4076 Deum
3502 4036 3650 4098 pre-

2000 4112 2187 4177 catus,
2223 4121 2378 4176 eam,
2418 4122 2594 4165 manu
2651 4103 3049 4183 apprehensa,
3079 4103 3297 4179 erexit,
3334 4115 3393 4166 et
3427 4125 3650 4187 paren-

2001 4192 2165 4256 tibus
2195 4193 2320 4254 suis
2346 4192 2632 4255 reddidit.
2663 4192 2777 4266 Qui
2826 4210 2959 4255 cum
2997 4192 3344 4257 miraculum
3371 4196 3520 4259 illud
3551 4197 3643 4259 vi-

274 4268 383 4343 ὁύό
416 4268 646 4363 ἡμέρας,
694 4268 855 4366 ἄχρις
892 4285 953 4343 οὗ
992 4284 1268 4349 παντελῶς
1331 4282 1624 4361 ἀπαλλαγῇ
1673 4289 1766 4339 τοῦ
1794 4280 1908 4339 δαί-

2000 4283 2251 4360 dissent,
2285 4282 2541 4345 divinam
2575 4282 2826 4363 gloriam
2870 4281 3312 4347 collaudarunt.
3360 4284 3475 4350 Sed
3512 4306 3645 4351 me—

276 4395 459 4449 μονος.
517 4376 615 4433 Καὶ
671 4373 736 4444 δὴ
794 4374 1184 4440 καταλιπόντες
1244 4373 1434 4450 αὐτὴν,
1490 4373 1566 4436 εἷς
1599 4372 1689 4429 τὸν
1715 4371 1913 4429 ἑαυτῶν

275 4464 435 4521 οἷκον
465 4464 797 4544 ὑπέστρεψαν
808 4510 822 4525 .

1998 4381 2261 4452 tuentes,
2305 4390 2381 4434 ne
2413 4374 2681 4453 impurus
2711 4371 2813 4434 ille
2845 4370 3080 4436 daemon
3111 4375 3485 4452 reversus,in
3508 4396 3645 4441 eam

1998 4461 2647 4542 ingrederetur,ipsum
2677 4472 2967 4538 rogarunt
2999 4472 3065 4527 ut
3094 4465 3294 4544 puella
3320 4466 3479 4548 apud
3509 4486 3644 4532 eum

276 4555 432 4619 duos
462 4556 591 4620 dies
621 4567 981 4633 remaneret,
1015 4557 1210 4639 quoad
1246 4556 1492 4620 omnino
1522 4572 1557 4619 a
1588 4554 1862 4620 daemone
1894 4556 2280 4622 liberaretur.
2320 4554 2523 4620 Puella
2553 4556 2731 4639 igitur
2758 4557 2913 4639 apud
2939 4576 3076 4620 eum
3105 4559 3337 4643 relicta,
3374 4572 3651 4643 parentes

273 4647 335 4709 in
362 4646 609 4709 domum
641 4665 808 4710 suam
839 4646 1067 4711 reversi
1100 4654 1260 4711 sunt.

356 4735 464 4798 ll".
522 4738 797 4817 Προσῆκεν
847 4739 1043 4818 τοίνυν,
1104 4737 1281 4795 καθὼς
1339 4738 1397 4793 ἒν
1448 4736 1748 4816 προοιμίοις
1776 4738 1908 4816 εἶρή·

2085 4735 2437 4801 Xlll.l)ecet
2459 4735 2844 4812 antem,sicut
2866 4736 3040 4802 initio
3056 4738 3417 4819 diximus,ad
3440 4747 3651 4808 multo-

274 4846 471 4903 καμσν,
504 4828 639 4906 πρὸς
668 4825 971 4908 ἀσφάλειαν
1000 4827 1089 4884 καὶ
1135 4824 1423 4901 οἶιοδομὴν
1453 4833 1561 4883 τῶν
1616 4828 1717 4893 τὴν
1750 4826 1908 4905 ἀγγε-

2002 4844 2135 4889 rum
2169 4828 2506 4889 cautionem
2526 4834 2586 4888 et
2608 4827 2919 4889 coelestem
2956 4828 3111 4892 hanc
3141 4830 3319 4894 vitam
3352 4851 3649 4897 exercen-

276 4914 436 4984 λικῆν
493 4916 695 4984 ταύτην
773 4915 1046 4973 πολιτείαν
1103 4917 1420 4997 μετιόντων,
1491 4915 1571 4992 μὴ
1634 4917 1797 4991 μόνον
1854 4916 1908 4972 τᾶ

2004 4917 2147 4978 tium
2172 4915 2781 4992 mdiﬁcationemmon
2805 4916 2996 4978 solum
3024 4920 3421 4999 perfecturum
3450 4925 3651 4986 homio

274 5005 668 5086 κατορθώματα
719 5011 826 5062 τῶν
883 5004 1102 5063 τελείων
1164 5003 1552 5084 διηγτυμένους
1612 5005 1793 5061 αὔτόθι
1853 5005 1908 5062 τὰ

2005 5024 2145 5067 num
2170 5014 2335 5071 recte
2354 5006 2506 5068 facta
2526 5016 2865 5092 narrantes,
2894 5007 3051 5070 bona
3074 5018 3298 5073 tantum
3321 5012 3646 5092 colligere;

276 5095 419 5153 καλὰ
454 5096 620 5172 μόνον
673 5092 1051 5171 συλλέγοντας,
1108 5094 1357 5172 ἀπείρους
1416 5095 1505 5150 καί
1561 5093 1908 5173 ἀγυμνάστου.

2016 5098 2114 5156 sed
2139 5115 2208 5156 ne.
2234 5100 2516 5157 malarum
2553 5089 2762 5158 artium
2798 5109 2853 5159 et
2885 5100 3227 5173 laqueorum
3255 5089 3651 5165 scelestissimi

278 5186 425 5244 εἶναι
511 5190 621 5243 τῶν
701 5184 1056 5264 κακοτέχνων
1117 5183 1390 5273 ,παγίδωνγ
1440 5189 1533 5241 τοῦ
1598 5185 1908 5273 ,παμμιάροι

2016 5182 2181 5245 illius
2201 5183 2390 5245 hostis
2415 5185 2680 5264 imperiti
2705 5185 2958 5266 sint,qui
2983 5185 3105 5249 Deo
3130 5188 3420 5264 serviunt;
3444 5211 3653 5273 quem-

277 5274 473 5356 ἐχθροῦ
500 5275 594 5333 τοῦ
641 5272 775 5332 Θεοῦ
828 5275 918 5331 καὶ
974 5273 1081 5330 τῶν
1111 5271 1311 5329 δούλων
1341 5272 1502 5329 αυτοῦ
1530 5287 1545 5303 ⁸
1586 5271 1706 5328 ἀλλ’
1752 5272 1908 5341 ὥσπει

2018 5273 2336 5336 admodum
2373 5273 2662 5335 maximas
2692 5285 2753 5337 et
2785 5293 2956 5337 veras
2981 5276 3157 5357 hujus
3188 5271 3655 5345 hominisvirtu-

281 5366 541 5444 μεγίστας
571 5366 659 5421 καὶ
706 5363 932 5432 ἀληθεῖς
990 5363 1181 5442 ἀρετὰς
1239 5369 1333 5419 τοῦ
1387 5361 1574 5441 ἀνδρὸς
1638 5361 1894 5429 ιιατελέξα

2019 5370 2109 5425 tes
2169 5364 2695 5438 enumeravimus;
2756 5363 2860 5439 ita,
2925 5365 3191 5448 inquam,
3233 5372 3536 5446 convenit,
3592 5386 3655 5437 et

285 5474 408 5539 μεν,
438 5454 578 5512 οὕτω
629 5455 741 5536 χρὴ
803 5455 893 5512 καὶ
950 5454 1041 5510 τὸν
1073 5450 1430 5533 ἐπενεχθέντα
1458 5455 1602 5525 αὐτῷ
1652 5457 1903 5532 χειμῶνα

2011 5450 2463 5515 ﬂuctuationem
2498 5458 2556 5514 in
2590 5470 2727 5516 eum
2783 5452 3027 5530 illatam,
3064 5463 3123 5517 et
3161 5457 3303 5519 inde
3334 5463 3654 5526 maximum

286 5546 377 5599 καὶ
430 5545 531 5611 τὴν
584 5545 818 5602 εντεῦθεν
872 5543 1017 5617 αὖτῷ
1076 5540 1352 5618 συμϐᾶσαν
1410 5544 1617 5599 πτῶσιν
1657 5539 1908 5619 διηγήσα-

2016 5542 2148 5634 ejus
2178 5541 2434 5621 lapsum,
2468 5559 2775 5634 enarrare.
2815 5544 3097 5634 Dicemus
3118 5555 3315 5608 autem
3340 5550 3648 5634 deinceps,

287 5636 430 5715 σθαι,
477 5633 728 5710 λέγοντας
788 5634 925 5710 μετὰ
956 5639 1147 5709 ταῦτα,
1179 5634 1251 5694 ὡς
1283 5631 1480 5705 ἔνεστι,
1515 5632 1652 5707 μετὰ
1694 5630 1794 5699 τὴν
1837 5653 1908 5689 τει

2018 5642 2084 5694 ut
2113 5633 2310 5706 decet,
2345 5640 2406 5691 et
2453 5647 2524 5693 ea
2574 5630 2865 5694 miracula
2899 5653 3107 5717 magna
3135 5648 3315 5719 atquc
3367 5630 3654 5730 ingentia,
