4060 6200
274 306 428 379 1233

1398 280 1584 380 vrri
1639 313 1740 380 ss.
1782 314 1966 380 cvm
2008 315 2107 378 ET
2164 315 2509 382 JOANNIS.

3488 318 3637 387 1234

268 450 428 509 αὗτοῦ
456 446 704 529 βούλεται
749 448 930 530 λόγος,
987 448 1068 508 ὅτι
1120 452 1287 531 κρίσει
1338 445 1576 531 θειοτέρα
1632 451 1722 509 καί
1778 474 1894 510 τινοι

2002 450 2162 532 quod
2192 450 2395 515 divino
2411 453 2669 533 judicio,
2697 461 2758 517 et
2785 454 3100 534 cujii'sdam
3142 455 3277 533 viri,
3314 456 3412 540 qui
3445 457 3645 522 futura

269 537 454 618 ἀνδρὸς
516 538 799 619 προῤῥησει
858 540 925 596 τὰ
994 538 1262 615 μέλλοντα
1321 539 1539 617 βλέπειν
1585 543 1766 598 ἱκανοῦ
1819 543 1913 598 τὸν

268 631 532 707 ἱερατικὸν
592 630 876 696 ἐπιστεύθη
920 629 1154 710 θρόνον).
1192 631 1358 694 Οὗτος
1402 630 1493 687 οὗν
1520 631 1565 687 ’ὁ
1624 630 1936 688 Ἀπολινάο-

267 741 403 796 ριος,
466 717 568 787 ἤδη
628 723 728 786 τῆς
788 718 1193 799 ἄρχιερωσύνης
1254 717 1664 795 ἐπιλαϐόμενος,
1728 719 1912 799 ἔτρεφέ

265 830 384 865 τινα
426 811 513 866 καὶ
542 807 876 889 ἀδελφιδοῦν,
908 809 1095 889 ἔτρεφε
1152 807 1206 865 δὲ
1255 810 1371 865 λίαν
1426 809 1697 885 ἐπιμελῶς
1739 831 1795 867 τε
1823 811 1913 867 καὶ

266 897 587 978 φιλαρὲτως,
646 898 724 954 ἵν’
776 899 956 978 ὥσπερ
1014 901 1172 957 αὐτὸν
1228 897 1390 979 ἔσχεν
1442 899 1720 977 ἐγγίζοντα
1774 899 1913 956 κατὰ

264 989 442 1067 γένος,
491 987 633 1046 οὕτω
674 987 863 1062 πολλῷ
908 987 1108 1062 μᾶλλον
1140 989 1230 1045 καὶ
1259 995 1336 1062 τῷ
1364 989 1463 1065 βίῳ
1520 987 1661 1065 δείξῃ
1714 1009 1910 1066 συγγε-

266 1086 368 1145 νῶς
428 1080 651 1161 ἔχοντα,
710 1077 862 1136 Ἐπεὶ
920 1076 975 1134 δὲ
1021 1079 1109 1134 καὶ
1166 1076 1350 1156 ἀνδρὸς
1403 1080 1555 1144 οὗτος
1611 1075 1911 1154 ἰλάμϐανεν

264 1169 488 1239 ἡλικίαν
543 1171 630 1226 ναὶ
672 1170 928 1236 νεότητος
963 1168 1109 1245 άκμῇ
1142 1171 1381 1247 σφριγῶν
1412 1171 1504 1248 ἦν,
1539 1168 1600 1226 οὔ
1624 1168 1759 1225 κατὰ
1787 1169 1910 1231 τοὺς

264 1259 496 1323 πολλοὺς
554 1262 660 1316 τῶν
716 1259 849 1315 νέων
895 1255 1105 1314 ἔκδοτον
1165 1257 1352 1313 ἑαυτὸν
1402 1270 1527 1322 ταῖς
1573 1263 1672 1326 τῆς
1702 1259 1908 1339 φύσεως

265 1349 459 1418 ἀνῆκεν
516 1351 736 1425 ὁρμαῖς,
789 1348 992 1428 χαλινὰ
1048 1345 1220 1404 πάντα
1271 1346 1520 1427 χαλάσας
1555 1363 1570 1379 ⁶
1625 1346 1744 1407 οὖδὲ
1774 1346 1906 1405 κλέ-

263 1462 417 1496 πτειν
483 1439 664 1496 ε’ίλετο
721 1438 818 1502 τὰς
877 1438 940 1493 οὺ
999 1434 1167 1499 καλὰς
1238 1434 1432 1505 ἡδονὰς
1488 1436 1757 1515 λαθραίαις
1817 1439 1906 1494 καὶ

263 1541 593 1606 νυκτεριναῐς
652 1523 849 1592 ἐξόδοις
885 1543 900 1560 ⁸
962 1524 1100 1582 ἀλλὰ
1157 1524 1327 1601 μηδὲν
1383 1526 1621 1583 τοιοῦτον
1699 1523 1904 1601 μᾶλλον

261 1618 457 1676 ἒθέλων
489 1621 704 1692 παθεῖν,
741 1615 981 1696 εὐγενῶς·
998 1616 1087 1672 καὶ
1141 1613 1450 1694 ἐλευθερίως
1506 1619 1585 1689 τῷ
1627 1615 1751 1689 θείῳ
1806 1614 1903 1672 καῖ

261 1709 512 1789 ἆρχιερετ
554 1705 883 1785 προσελθὼν,
945 1704 1172 1780 ἐννόμου
1234 1706 1481 1782 γυναικὶς
1525 1706 1695 1782 ᾔτησε
1741 1712 1901 1776 συζυ-

1997 540 2953 625 praevidebat,prasdictione,ejus
2973 546 3115 608 ﬁdei
3143 548 3530 613 sacerdotalis
3552 567 3647 612 es-

1997 639 2092 690 set
2111 630 2286 718 sedes
2308 631 2671 695 creditaliie
2690 652 2832 712 ergo
2845 634 3352 714 Apollinariscum
3371 638 3495 718 jam
3517 657 3649 718 per-

1996 716 2260 779 venisset
2309 718 2384 781 ad
2419 720 2860 800 pontiﬁcatum,
2892 721 3090 784 alebat
3118 726 3294 787 etiam
3322 716 3644 806 quemdam

1996 822 2121 868 sum
2143 808 2374 870 sororis
2390 808 2935 890 ﬁlium,diligenter
2954 811 3277 876 admodum
3301 823 3358 877 et
3379 834 3448 877 ex
3471 816 3647 878 virtu-

1998 904 2150 987 tezut
2173 898 2473 987 quomodo
2506 918 2646 962 cum
2675 899 3183 980 babebatgenere
3213 904 3641 987 propinquum,

1993 985 2075 1047 ita
2110 986 2298 1048 multo
2353 988 2544 1066 magis
2576 1007 2712 1050 eum
2767 990 3053 1053 redderet
3081 992 3203 1053 vita
3230 985 3643 1073 conjunctum.

1997 1073 2141 1137 Cum
2178 1093 2318 1137 vero
2349 1077 2401 1137 is
2428 1077 2504 1139 ad
2533 1077 2764 1142 virilem
2819 1080 3187 1161 pervenisset
3213 1090 3450 1146 aetatem
3481 1092 3540 1147 et
3570 1084 3642 1147 ad

1995 1163 2204 1226 ﬂorem
2222 1165 2805 1248 juventutis,non,ut
2828 1171 3002 1234 multi
3017 1172 3372 1251 juvenes,se
3395 1173 3561 1235 dedit
3584 1183 3644 1236 et

1995 1254 2269 1334 permisit
2301 1265 2528 1318 naturae
2556 1258 3264 1339 appetitionibus,lavatis
3291 1263 3477 1324 frenis
3507 1281 3642 1324 om-

1994 1343 2399 1426 nibuszneque
2417 1346 2569 1409 clam
2598 1356 2900 1430 noctuque
2929 1350 3295 1430 egrediendo
3317 1351 3501 1413 voluit
3520 1371 3640 1414 non

1991 1436 2275 1496 honestas
2323 1434 2605 1498 suﬁ‘urari
2654 1438 3011 1517 voluptates,
3045 1438 3153 1502 sed
3207 1441 3400 1520 potius
3436 1441 3641 1504 volens

1988 1522 2135 1612 nihil
2163 1524 2219 1586 ei
2242 1524 2538 1605 ejusmodi
2556 1526 2942 1602 accidere,ad
2968 1538 3197 1609 patrum
3221 1549 3393 1593 suum
3417 1538 3476 1592 et
3495 1551 3642 1612 pon-

1987 1610 2208 1674 tiﬁcem
2242 1614 2437 1678 libere
2468 1624 2526 1678 et
2554 1617 2814 1695 ingenue
2837 1618 3335 1699 accedens,petiit
3360 1610 3645 1700 legitimae

1988 1702 2193 1764 uxoris
2248 1705 2618 1785 conjugium.
2654 1705 2764 1769 Vir
2816 1716 3011 1769 autem
3045 1707 3146 1769 ille
3192 1726 3330 1770 vere
3377 1708 3637 1785 divinus,

257 1802 400 1877 γίαν,
459 1789 517 1855 Ὀ
560 1795 615 1853 δὲ
656 1800 804 1859 θεῖος
834 1793 1003 1859 ὄντως
1030 1796 1239 1857 ὶκεῐνος
1273 1794 1407 1871 ἀνὴρ
1451 1792 1567 1851 οὐδὲ
1601 1794 1768 1874 μέχρι
1813 1796 1894 1850 τοῦ

1986 1808 2121 1853 cum
2148 1810 2224 1854 ne
2248 1793 2556 1856 auditione
2580 1795 2850 1875 quidem,
2889 1796 3052 1877 quod
3076 1796 3333 1875 dicebat,
3368 1799 3642 1880 accipere

260 1888 346 1943 καί
402 1887 557 1944 ὤτων
608 1890 808 1962 ψαῦσαι
864 1885 958 1941 τὸν
1015 1883 1171 1961 λόγον
1227 1882 1624 1962 ἀνασχόμενος,
1678 1883 1894 1947 ποέλοϊς

1986 1881 2555 1963 sustinuisset,apud
2587 1903 2725 1947 eum
2760 1886 2966 1948 multis
2986 1885 3185 1948 verbis
3217 1896 3306 1950 est
3333 1899 3639 1963 usus,tur-

258 1977 525 2058 ἐκέχρητο
554 1978 686 2055 πρὸς
717 1975 873 2032 αὒτδν
924 1972 1132 2052 λόγους,
1180 1979 1287 2029 τῶν
1340 1980 1433 2030 τοῦ
1463 1972 1639 2051 γάμου
1666 1970 1894 2053 θορύϐὠν

1987 1968 2092 2032 bas
2124 1971 2488 2035 matrimonii
2513 1992 2803 2036 revocans
2835 1976 2895 2036 iu
2931 1977 3379 2052 memnriam,et
3403 1987 3644 2041 tentans

256 2068 686 2143 ὑπομιμνήσκων
739 2065 829 2121 καὶ
858 2063 1086 2140 ἀπάγειν
1137 2063 1295 2119 αὐτὸν
1337 2066 1436 2130 τῆς
1489 2062 1713 2139 γνώμης
1771 2084 1894 2119 πει-

1986 2076 2123 2121 eum
2156 2059 2232 2122 ab
2264 2061 2370 2124 illa
2400 2062 2705 2126 abducere
2761 2062 3085 2129 sententia.
3122 2067 3440 2147 Postquam
3492 2085 3639 2130 vero

258 2158 520 2238 ρώμενος,
582 2154 736 2213 Ἐπεὶ
806 2152 862 2210 δὲ
925 2150 1167 2233 σφοδρῶς
1237 2151 1544 2230 ἐγκείμενον
1587 2152 1745 2234 ἑώρα,
1813 2153 1900 2208 καὶ

256 2246 395 2323 μηδὲ
452 2246 649 2323 μικρὸν
692 2241 1005 2301 ὑποδιδόντα
1053 2242 1151 2309 τὴν
1212 2240 1479 2320 ἔνστασιν,
1524 2241 1794 2321 σοφίζεται
1841 2242 1903 2297 τὸ

259 2342 479 2415 πρᾶγμα
509 2333 626 2391 λίαν
659 2332 860 2408 καλῶς,
911 2330 1189 2405 ἐπιθυμίαν
1248 2329 1397 2410 ἔχειν
1429 2331 1593 2387 εἰπὼν
1623 2333 1750 2387 ναὸν
1785 2345 1901 2397 τοῖς

260 2428 427 2503 τρισὶν
510 2426 679 2503 ἁγίοις
759 2424 942 2480 παισὶν
1021 2422 1319 2500 ἀνεγεῖραι,
1399 2420 1616 2486 Οὗτινος
1678 2442 1736 2478 σε
1791 2422 1903 2502 χρὴ

260 2520 554 2593 προστῆναι
615 2514 711 2581 τῆς
769 2511 1071 2587 οἰκοδομίας
1116 2511 1177 2568 τό
1221 2531 1283 2589 γε
1325 2517 1414 2568 νῦν
1455 2509 1589 2591 ἔχον
1624 2528 1641 2546 ⁶
1689 2510 1897 2587 ἔπειτα,

256 2611 352 2660 τοῦ
382 2602 534 2681 ἔργου
580 2603 652 2667 εἰς
680 2602 844 2677 πέρας
868 2599 1136 2674 ἐλθόντος,
1172 2601 1258 2655 καὶ
1291 2599 1368 2656 σοὶ
1433 2599 1697 2677 χωρήσει,
1743 2600 1898 2679 φησὶ,

254 2692 393 2749 κατὰ
442 2690 666 2769 γνώμην
720 2692 782 2748 τὸ
835 2687 1282 2764 σπουδαζόμενον.
1344 2685 1611 2747 Ἤκουσεν
1664 2688 1894 2761 ἐκεῖνος,

252 2783 342 2839 καὶ
399 2778 568 2850 asa»;
605 2783 715 2836 λίαν
759 2778 1034 2845 ἀνεδέξατο
1064 2780 1125 2835 τὸ
1174 2777 1470 2854 ἰπίταγμα,
1530 2777 1735 2853 θέρμην
1773 2781 1897 2834 επι-

1989 2147 2132 2211 vidit
2162 2167 2298 2211 eum
2335 2151 2505 2213 valde
2532 2151 2779 2227 instare,
2816 2161 2876 2214 et
2926 2154 3002 2216 de
3034 2156 3369 2217 constantia
3399 2173 3474 2218 ne
3504 2164 3639 2218 tan-

1987 2236 2180 2300 tillum
2228 2239 2475 2319 quidem
2507 2242 2843 2322 remittere,
2877 2243 3047 2305 valde
3078 2244 3332 2325 pulchre
3362 2244 3479 2308 hoc
3532 2263 3642 2307 ex-

1986 2327 2223 2406 cogitat,
2259 2328 2469 2392 dicens
2490 2349 2558 2393 se
2589 2349 2808 2412 cupere
2838 2333 3101 2394 excitare
3128 2332 3416 2412 templum
3449 2333 3640 2397 tribus

1986 2417 2210 2479 sanctis
2242 2420 2486 2497 pueris:
2520 2420 2706 2499 Cujus
2742 2420 2984 2501 quidem
3019 2421 3431 2485 mdiﬁcationis
3462 2440 3642 2503 opor-

1987 2513 2069 2569 tet
2101 2515 2180 2581 te,
2215 2508 2432 2589 inquit,
2466 2508 2528 2570 in
2561 2511 2878 2590 praesentia
2907 2528 3111 2573 curam
3162 2529 3375 2589 gerere
3411 2533 3427 2589 ;
3458 2512 3637 2575 dein-

1985 2595 2085 2676 de,
2141 2597 2252 2659 hoc
2315 2617 2503 2679 opere
2561 2599 2635 2661 ad
2693 2599 2877 2662 ﬁnem
2936 2600 3243 2681 perducto,
3296 2601 3410 2664 hoc
3465 2604 3638 2682 cujus

1983 2685 2181 2749 studio
2214 2688 2463 2764 teneris,
2494 2688 2554 2751 id
2589 2688 2696 2751 tibi
2725 2692 3012 2754 succedet
3051 2708 3120 2754 ex
3149 2692 3470 2755 sententia.
3505 2693 3633 2757 Au-

1983 2775 2091 2836 diit
2121 2776 2251 2854 ille,
2283 2786 2345 2840 et
2373 2778 2652 2841 lubenter
2681 2781 3002 2843 admodum
3038 2783 3278 2863 suscepi
3309 2781 3463 2863 quod
3487 2783 3631 2863 jus-

1979 2882 2081 2926 sus
2112 2865 2327 2941 fuerat,
2362 2869 2622 2931 calorem
2657 2869 3004 2950 cupiditatis
3050 2869 3208 2932 bona
3236 2888 3343 2949 spe
3373 2871 3630 2952 refrige-

1977 2971 2119 3017 rans
2148 2968 2211 3019 οι
2239 2975 2545 3021 recreans.

331 3048 419 3113 [".
467 3044 567 3106 Ἦν
597 3047 652 3106 δέ
698 3071 775 3113 τις
810 3048 988 3105 αὖτόθι
1034 3048 1198 3112 τόπος
1247 3048 1462 3127 Δορύζιν
1508 3044 1646 3104 οὕτω
1692 3044 1891 3103 καλού-

2058 3046 2159 3109 ΙΙΙ.
2189 3047 2332 3111 Erat
2355 3055 2552 3110 autem
2575 3048 2699 3110 illic
2721 3048 2966 3129 quidem
2994 3049 3294 3131 locus,qui
3316 3050 3633 3115 vocabatur

252 3162 414 3211 μενος
447 3154 461 3169 ⁹
516 3138 579 3195 οὗ
608 3137 672 3196 δὴ
706 3140 798 3195 καὶ
839 3136 992 3203 δόξαν
1021 3136 1225 3216 ἐγεῖραι
1253 3138 1316 3193 τὸ
1354 3138 1515 3215 ἱερὸν,
1562 3134 1716 3215 ἔργου
1757 3137 1894 3192 κατὰ

1982 3135 2417 3214 DorysimQuo
2434 3137 2684 3218 quidem
2719 3138 2779 3199 in
2804 3138 2936 3200 loco
2965 3157 3100 3200 cum
3135 3139 3324 3202 visum
3352 3150 3513 3204 esset
3533 3161 3631 3205 ex-

247 3235 423 3286 πᾶσαν
475 3226 709 3296 σπουδὴν
761 3228 918 3291 αὑτὸς
967 3225 1181 3307 εἴχετο,
1228 3227 1317 3283 καὶ
1349 3228 1412 3282 τὸ
1456 3225 1554 3301 μὲν
1584 3227 1658 3291 εἰς
1705 3246 1893 3304 γηρω-

1982 3223 2165 3287 citare
2196 3226 2412 3301 aedem,
2446 3227 2578 3307 ipse
2609 3235 2731 3289 toto
2778 3227 2979 3289 studio
3010 3227 3269 3291 instabat
3313 3231 3485 3310 operi
3521 3250 3535 3294 :
3571 3240 3632 3295 et

244 3331 472 3393 κομετον
521 3317 690 3391 εὐθὺς,
743 3318 805 3373 τὸ
837 3315 889 3372 δὲ
923 3318 996 3380 εἰς
1030 3315 1195 3383 αὐλὴν
1226 3316 1521 3395 ἀφωρίζετο
1557 3330 1572 3346 ⁸
1607 3318 1639 3383 ἡ
1672 3313 1807 3383 αὐλὴ
1841 3313 1892 3370 δὲ

1982 3314 2124 3377 illud
2158 3316 2300 3396 quid
2323 3317 2520 3378 statim
2555 3317 2629 3379 ad
2655 3317 3201 3396 gerontocomium,
3223 3319 3339 3381 hoc
3370 3337 3507 3382 vero
3528 3319 3630 3383 de-

246 3407 447 3482 μεταζὺ
502 3408 566 3463 τὸ
623 3404 882 3480 ᾀδόμενον
941 3410 1099 3462 τοῦτο
1142 3403 1589 3484 περιελάμϐανεν,
1652 3403 1783 3479 ὅπερ
1815 3406 1890 3492 εἰς

1982 3404 2302 3485 putabatur
2324 3407 2397 3468 ad
2431 3408 2647 3469 atrium
2680 3429 2694 3471 :
2731 3409 2947 3471 atrium
2979 3418 3176 3472 autem
3211 3410 3632 3492 intercipiebat

247 3498 375 3553 ναὸν
434 3494 853 3572 μεταϐαλοντες,
912 3502 1006 3552 τοῦ
1077 3495 1343 3569 ὀνόματος
1404 3495 1594 3569 μόνον,
1650 3495 1723 3557 ὡς
1782 3491 1887 3561 ἤδη

1982 3494 2152 3571 hanc,
2181 3514 2313 3575 quin
2346 3496 2516 3576 vulgo
2548 3497 2915 3578 celebratur,
2949 3491 3468 3572 oiﬁcinam.Quam
3501 3500 3631 3577 qui-

245 3585 540 3665 φθάσαντες
598 3584 827 3666 ἔφημεν,
884 3586 982 3644 οὔκ
1038 3583 1114 3640 ἔτι
1186 3582 1241 3639 δὲ
1285 3583 1515 3642 καὶτοῦ
1569 3583 1887 3661 πράγματος

1982 3582 2112 3644 dem
2145 3602 2279 3646 cum
2314 3584 2376 3646 in
2401 3586 2689 3668 templum
2718 3594 3111 3662 mutassent,a
3136 3589 3381 3650 nomine
3402 3589 3623 3672 solum,

242 3674 577 3753 ἀπέστησαν,
635 3674 716 3732 ὅτι
788 3676 866 3751 μὴ
943 3676 1032 3732 καὶ
1093 3673 1302 3751 μᾶλλον
1358 3671 1558 3741 ἀληθὲς
1614 3674 1741 3731 αὖτὸ
1799 3673 1889 3729 καὶ

1982 3680 2036 3732 ut
2049 3673 2173 3752 jam
2203 3674 2369 3751 prius
2400 3674 2688 3752 diximus,
2708 3695 2828 3737 non
2859 3683 3057 3738 autem
3084 3695 3117 3737 a
3140 3695 3205 3738 re
3228 3676 3405 3739 etiam
3430 3671 3626 3740 reces-

238 3764 476 3840 ἰατρεῖον
570 3764 767 3830 πάθους
867 3765 1065 3826 παντὸς
1145 3762 1443 3841 ἀνθρώποις
1546 3762 1884 3842 εἰργάσαντο.

1982 3770 2203 3836 serunt,
2240 3763 2353 3824 nisi
2377 3763 2536 3845 quod
2570 3783 2700 3827 eam
2734 3766 3071 3828 effecerunt
3099 3765 3391 3828 veriorem
3427 3767 3623 3846 cujus-

241 3851 409 3910 Ἀλλὰ
452 3859 609 3910 τοῦτο
668 3855 768 3928 μὲν
819 3853 884 3921 δὴ
930 3863 1113 3915 τοῦτον
1167 3855 1504 3929 μετεποιήθη
1536 3853 1627 3907 τὸν
1661 3851 1882 3928 τρόπον,

1982 3850 2058 3913 vis
2090 3850 2397 3916 hominem
2443 3854 2639 3916 morbi
2686 3854 2973 3916 medendi
3020 3854 3348 3918 ofﬁcinam.
3381 3853 3497 3917 Sed
3551 3874 3622 3917 ea

237 3944 328 4000 καὶ
377 3944 503 4008 ναὸς
556 3942 608 4009 ἐξ
638 3943 868 4023 ἰατρείου
922 3944 1182 4018 κατέστη,
1243 3942 1466 4020 ἄμισθον
1528 3941 1739 4009 ἀληθῶς
1795 3942 1884 3997 ἰα-

1982 3941 2211 4021 quidem
2267 3943 2380 4005 hoc
2414 3943 2591 4006 modo
2623 3952 2714 4005 est
2743 3950 3159 4020 transmutata,
3192 3953 3251 4007 et
3283 3962 3351 4006 ex
3403 3944 3624 4008 medici

232 4045 436 4109 τρεϊον,
475 4046 679 4113 ταχεῖα
724 4034 894 4089 νόσων
955 4031 1273 4110 ἀπαλλαγὴ,
1328 4036 1589 4110 θεραπεϊα
1619 4029 1885 4105 μέλλησιν

1982 4029 2209 4093 ofﬁcina
2263 4031 2552 4112 templum
2587 4041 2683 4094 eet
2713 4032 3105 4094 constitutum
3138 4054 3151 4095 :
3209 4052 3346 4095 vere
3376 4034 3619 4111 quidem

234 4122 438 4202 ἔχουσα
481 4120 772 4201 μηδεμίαν,
818 4120 956 4179 ἀλλὰ
1013 4144 1103 4200 καί
1172 4124 1267 4185 τὰς
1329 4122 1570 4191 αἰτήσεις
1620 4119 1882 4180 πολλάκις

1982 4121 2320 4199 gratuita,et
2344 4122 2568 4183 nullam
2596 4121 2904 4202 accipiens
2927 4122 3263 4184 mercedem
3298 4123 3517 4185 medici
3538 4126 3605 4187 of
3609 4159 3625 4171 -

234 4190 342 4268 τίξιν
398 4190 723 4291 πασχόντων
758 4190 1073 4291 ’φθάνουσι
1140 4202 1309 4287 ίΗμϊν
1374 4209 1430 4266 δέ
1490 4214 1575 4267 καὶ
1636 4210 1702 4265 τὰ
1759 4208 1880 4275 ἑξῆς

1982 4190 2144 4272 licina
2177 4190 2345 4272 velox
2378 4190 3291 4291 morborum-liberatio,curatio
3322 4231 3460 4289 quae
3489 4214 3620 4276 nul-

234 4300 576 4379 προσθετέον,
639 4303 727 4357 καὶ
784 4304 845 4357 οὔ
902 4301 1203 4375 ζημιωτέον
1260 4303 1434 4375 θαῧμα
1508 4299 1669 4356 καλὸν
1712 4298 1880 4363 ἀκοὰς

1982 4317 2081 4361 am
2141 4299 2326 4362 habet
2376 4301 2752 4376 dilationem,
2789 4302 2895 4363 sed
2954 4319 3159 4363 eorum
3195 4301 3299 4382 qui
3346 4302 3620 4366 laborant

235 4387 479 4462 διψώεας
536 4388 713 4467 λόγων
766 4390 1078 4469 ἐπωφελῶν,
1113 4390 1157 4446 εἰ
1189 4393 1281 4447 καί
1319 4391 1507 4466 μετρία
1551 4388 1674 4466 δόξῃ
1734 4410 1879 4464 παρα

1982 4391 2343 4452 ).aeveniens
2394 4390 2737 4471 petitiones.
2785 4390 2974 4453 Nobis
3021 4400 3216 4454 autem
3250 4400 3388 4454 sunt
3437 4393 3616 4455 etiam

236 4474 455 4540 ἑκϐασις
512 4488 604 4537 τοῦ
658 4478 796 4554 μετά
839 4492 1031 4559 χεῖρας
1083 4488 1303 4555 σκοποῦ¹
1369 4483 1401 4548 ἡ
1446 4481 1727 4559 προσθήκη
1786 4488 1881 4538 τοῦ

1982 4496 2035 4541 ea
2072 4496 2203 4558 quae
2232 4478 2520 4560 deinceps
2577 4487 3028 4559 consequuntur
3075 4479 3374 4557 addenda,
3420 4500 3618 4563 neque

235 4565 602 4646 διηγήματος.
659 4547 669 4554 ’
843 4547 881 4559 η
942 4547 951 4556 ’
1294 4547 1302 4555 ’
1393 4547 1397 4548 ν
1490 4547 1500 4559 ’
1905 4547 1948 4597 D
1966 4547 2105 4630 sunt
2127 4568 2378 4649 pulchro
2403 4547 2708 4650 privandae
2728 4547 3019 4632 miraculo
3039 4587 3240 4642 aures,
3276 4547 3412 4648 quas
3441 4547 3616 4634 utiles

1965 4658 2173 4720 sitiunt
2201 4660 2529 4734 orationes,
2565 4659 2801 4721 etiamsi
2833 4658 2907 4721 ab
2938 4658 3208 4722 instituto
3239 4661 3385 4723 satis
3441 4661 3617 4742 longa

1965 4745 2262 4810 videbitur
2292 4746 2610 4825 digressio,
2640 4747 2865 4809 additio
2895 4748 3278 4813 narrationis.

252 2872 439 2948 θυμίας
464 2871 638 2928 ἐλπίσι
670 2883 941 2950 χρησταῖς
967 2868 1264 2949 ἂναψόχων
1293 2868 1382 2924 καὶ
1412 2867 1811 2944 ἀνακτώμενος.

320 4835 411 4895 Δ’.
462 4835 556 4901 Ὠς
588 4837 687 4915 γὰρ
717 4839 746 4893 δ
788 4837 906 4903 νέος
938 4836 1039 4915 ὅλῃ
1073 4838 1278 4916 σπουδῇ
1321 4840 1441 4918 περὶ
1466 4839 1559 4901 τὰς
1594 4835 1879 4912 οἰκοδομὰς

233 4924 624 5005 ἂπνοσχολητο,
663 4928 735 4989 εἰς
792 4928 916 4983 ναὸν
965 4928 1064 5003 μὲν
1097 4927 1149 4984 ἒν
1192 4928 1396 5009 βραχεῖ
1426 4930 1487 4985 τὸ
1531 4927 1877 5007 ἐργαστήριον

231 5013 630 5093 μεταϐέϐλητο,
690 5019 780 5073 καὶ
837 5031 1195 5094 νοσοκομεϊον
1251 5016 1306 5074 δὲ
1363 5020 1453 5076 καὶ
1495 5020 1880 5098 γηρωκομεῒον

228 5106 356 5185 παρ’
420 5110 579 5164 αὖτοῦ
636 5108 1054 5183 κατεσκεύαστο,
1097 5111 1189 5165 καί
1237 5110 1409 5165 πάντα
1451 5107 1554 5176 ἤδη
1612 5108 1668 5164 ἐν
1712 5106 1879 5185 ὀλίγῳ

227 5201 413 5276 χρόοῳ
467 5195 788 5272 ἀπήρτιστο.
828 5200 964 5254 Εἶτα
1016 5196 1432 5272 μεταστέλλεται
1479 5220 1596 5254 τινα
1641 5200 1669 5254 δ
1698 5195 1873 5253 Ἀπο-

228 5285 463 5358 λινάριος
520 5284 679 5362 ἄνδρα
736 5287 972 5361 ποίμνης
1032 5287 1404 5363 προεστηκότα
1433 5288 1521 5343 καὶ
1551 5288 1649 5354 τὴν
1676 5285 1872 5364 ἀρετὴν

230 5373 520 5447 ἐπίσημον,
567 5376 613 5449 ᾦ
656 5376 881 5454 γράμμα
953 5373 1070 5440 δοὺς
1129 5377 1272 5453 παρὰ
1324 5376 1447 5439 τοὺς
1505 5377 1675 5439 ὁσίους
1726 5387 1873 5451 τρεῖς

231 5461 432 5526 παῖδας
501 5464 575 5527 εἰς
631 5460 922 5521 Βαϐυλῶνα
988 5463 1277 5539 ἐκπέμπει.
1336 5466 1413 5521 Τὰ
1473 5463 1761 5541 γράμματα
1815 5460 1872 5517 δὲ

229 5551 430 5608 ἱκετεία
462 5552 530 5618 ἦν
585 5550 721 5609 ὥστε
777 5554 895 5608 τινὰ
952 5553 1061 5609 τῶν
1117 5553 1274 5631 ἱερῶν
1328 5552 1546 5609 ὶκείνων
1603 5549 1874 5627 λειψάνων

230 5640 366 5724 πρὸς
416 5642 508 5698 τὸν
553 5641 608 5697 ἐν
653 5642 1018 5721 Ἀλεξανδρείᾳ
1076 5646 1383 5725 πεμφθῆναι
1444 5644 1593 5728 ναὸν,
1629 5643 1686 5699 ὃν
1717 5642 1873 5709 αὐτὸς

2037 4840 2123 4896 ιν.
2149 4840 2292 4899 Nam
2315 4856 2448 4899 cum
2471 4841 2809 4899 adolescens
2832 4850 2950 4900 toto
2979 4842 3177 4900 studio
3198 4842 3256 4898 in
3277 4842 3616 4903 aediﬁcando

1963 4924 2168 4985 fuisset
2195 4928 2601 4997 occupatus,in
2631 4926 2908 4997 templum
2932 4927 3165 4998 quidem
3198 4927 3422 4984 oﬂlcina
3454 4929 3612 4986 brevi

1962 5013 2075 5078 fuit
2098 5022 2320 5077 mutata
2351 5013 2782 5077 Nosocomium
2800 5024 3000 5074 autem
3020 5021 3077 5074 et
3096 5020 3610 5091 gerontocomium

1963 5108 2037 5172 ab
2069 5127 2139 5171 eo
2162 5116 2504 5174 constructa
2525 5117 2689 5169 sunt:
2724 5118 2782 5169 et
2806 5106 3007 5168 omnia
3031 5124 3148 5167 non
3181 5105 3340 5184 longi
3366 5114 3607 5184 tempo-

1962 5200 2048 5261 ris
2094 5200 2286 5279 spatio
2317 5198 2390 5259 ab
2435 5217 2506 5260 eo
2537 5205 2676 5259 sunt
2729 5196 3015 5277 perfecta.
3048 5194 3280 5256 Deinde
3333 5194 3611 5256 accersiit

1956 5290 2321 5369 Apollinaris
2343 5289 2530 5351 virum
2556 5292 2903 5369 quemdam,
2930 5287 3029 5367 qui
3051 5284 3214 5365 gregi
3248 5291 3518 5364 praserat,
3554 5293 3609 5346 et

1959 5388 2089 5441 erat
2131 5380 2349 5442 virtute
2378 5379 2656 5458 insignis.
2704 5375 2814 5439 Cui
2864 5395 2997 5439 cum
3031 5373 3302 5437 dedisset
3347 5375 3604 5449 litteras,

1959 5467 2175 5531 emittit
2203 5485 2338 5530 eum
2391 5468 2465 5530 ad
2495 5477 2619 5530 tres
2668 5473 2907 5528 sanctos
2940 5481 3164 5545 pueros
3214 5461 3602 5543 Babylonem.

1955 5556 2199 5620 Litteris
2226 5566 2424 5620 autem
2474 5556 2985 5637 supplicabantur,
3021 5561 3083 5616 ut
3125 5552 3340 5634 aliquae
3369 5571 3439 5615 ex
3485 5552 3607 5613 illis

1957 5646 2143 5712 sacris
2191 5647 2466 5735 reliquiis
2516 5646 2902 5713 mitterentur
2952 5644 3026 5709 ad
3092 5643 3406 5731 templum,
3441 5642 3604 5725 quod
