4060 6200
425 227 446 297 1
461 227 582 297 235

1717 227 2001 295 MENSIS
2033 225 2488 294 JANUARIUS.

3648 225 3796 297 1236

415 377 543 432 erat
589 361 991 441 Alexandriae,
1025 364 1183 448 quod
1220 364 1352 447 ipse
1385 363 1590 428 multis
1637 366 1978 448 sumptibus
2009 372 2068 428 et

2159 362 2381 428 πολλοῖς
2427 365 2525 440 μὲν
2579 360 2919 438 ἀναλώμασι,
2955 357 3184 428 πολλοῖς
3213 357 3268 419 δὲ
3305 360 3394 419 καὶ
3436 362 3621 426 πόνοις
3651 363 3782 421 ἐδεί-

419 459 626 522 multis
655 457 960 520 laboribus
991 464 1426 519 construxerat.
1471 455 1634 518 Talis
1663 467 1789 518 erat
1817 456 1973 518 enim
2007 455 2067 515 in

420 567 527 611 eos
557 566 726 610 amor
756 546 1122 626 Apollinaris
1151 564 1288 607 cum
1321 546 1555 608 ardenti
1587 554 1643 606 et
1673 546 1806 607 viva
1837 545 1975 616 fide,
2010 551 2072 605 ut

423 647 508 700 tot
551 640 673 718 jam
708 645 844 699 ante
873 636 1048 697 annis
1080 645 1544 710 consummatos,
1572 646 1847 716 tanquam
1879 635 2072 698 adhuc

422 730 601 803 vivos,
638 727 953 806 epistolam
1005 743 1138 788 esse
1168 744 1478 800 sensuros,
1515 734 1573 787 et
1619 727 1744 788 suis
1770 745 1905 788 eum
1941 743 2074 788 esse

423 816 712 880 membris
774 815 1158 896 imperituros
1217 817 1517 878 crederet.
1577 813 1721 877 Cum
1776 833 1916 894 ergo
1971 815 2075 877 ille

423 923 676 985 magnus
721 913 782 967 et
809 923 1012 966 rerum
1067 923 1203 966 vere
1235 922 1584 982 magnarum
1619 903 1892 966 minister
1921 905 2078 965 hanc

425 995 574 1057 viam
621 992 1012 1075 confecisset,
1067 1004 1125 1056 et
1176 994 1540 1074 Babylonem
1590 993 1980 1074 pervenisset,
2017 1001 2077 1055 et

422 1095 560 1146 ante
592 1101 792 1145 sacras
849 1082 982 1144 illas
1013 1083 1279 1146 stetisset
1316 1084 1624 1164 reliquias,
1661 1098 1722 1144 et
1751 1101 1930 1145 manu
1976 1084 2075 1146 in-

422 1173 682 1236 dicasset
712 1172 964 1253 litteras,
998 1182 1056 1235 et
1088 1172 1414 1253 plurimum
1443 1181 1731 1251 rogasset,
1758 1181 1821 1234 ut
1846 1173 2076 1235 litteras

422 1264 793 1344 acciperent,
845 1272 905 1324 et
959 1262 1301 1343 pontiﬁcem
1347 1263 1444 1330 iis,
1479 1281 1611 1342 qua:
1662 1260 1921 1342 petebat,
1955 1264 2074 1324 im-

425 1360 764 1432 pertirent:
822 1352 926 1429 qui
977 1360 1103 1413 erat
1162 1369 1368 1414 eorum
1426 1350 1684 1426 medius,
1716 1359 1994 1432 tanquam
2043 1371 2077 1413 a

423 1459 638 1503 somno
691 1440 981 1503 excitatus
1033 1441 1312 1520 (divinam
1350 1439 1783 1521 providentiam
1818 1439 1832 1503 l
1870 1459 1904 1502 ο
1953 1449 2072 1504 stu-

424 1531 679 1611 pendam
715 1532 1116 1593 narrationem
1148 1538 1207 1608 ι),
1242 1549 1376 1593 cum
1411 1548 1651 1592 manum
1677 1530 1900 1592 sensim
1935 1550 2070 1610 por-

420 1622 698 1699 rexisset,
753 1630 809 1682 ct
883 1620 1197 1702 epistolam
1258 1623 1615 1700 accepisset,
1651 1637 1864 1683 rursus
1923 1620 2070 1683 nihil

421 1710 713 1790 adjiciens
741 1710 1046 1773 decubuit.

481 1800 922 1864 V.Litterarum
953 1800 1154 1880 itaque
1177 1798 1906 1872 tabellarius,miraculum
1945 1801 2074 1880 qui-

425 1891 562 1952 dem
581 1889 1096 1968 admiratus,quod
1121 1888 1271 1950 nihil
1295 1898 1494 1950 autem
1523 1901 1683 1950 esset
1711 1899 2072 1952 consecutus

427 1997 633 2041 eorum
669 1991 912 2060 propter
937 1996 1070 2059 quae
1090 1977 1568 2052 venerat,animo
1594 1977 1912 2051 creciatus,
1935 1997 2069 2040 cum

427 2076 546 2130 tota
575 2067 954 2131 hebdomada
977 2067 1038 2128 in
1073 2066 1293 2146 templo
1319 2085 1678 2147 permanens
1709 2077 1766 2129 et
1797 2079 2072 2148 precatus

425 2157 576 2219 nihil
601 2156 1259 2238 profecisset,reversus
1289 2167 1377 2218 est
1402 2157 1604 2218 animo
1633 2157 1934 2232 anxius,et
1965 2177 2070 2239 pro

423 2246 694 2329 reliquiis
740 2247 943 2309 ferens
973 2246 1303 2328 Apollinari
1351 2247 1660 2327 lacrymas.
1719 2248 1824 2310 Ille
1871 2258 2070 2312 autem

424 2356 560 2399 cum
586 2356 662 2400 ne
687 2338 771 2400 sic
793 2336 1037 2418 quidem
1064 2337 1488 2417 despondisset
1515 2337 1810 2413 animum,
1838 2357 1948 2399 nec
1979 2358 2074 2400 cu-

423 2447 550 2490 ram
577 2427 902 2508 abjecisset
932 2427 1187 2490 instituti
1210 2426 1368 2508 quod
1395 2427 1652 2489 habebat
1681 2428 1739 2488 in
1776 2429 2071 2504 manibus,

425 2517 722 2595 ejusmodi
745 2518 905 2579 enim
933 2535 1030 2579 res
1052 2525 1141 2578 est
1171 2517 1564 2580 desiderium:
1586 2536 1702 2579 non
1724 2518 1878 2581 solet
1906 2537 2071 2598 Spem

424 2607 692 2688 abjicere
728 2625 847 2669 non
875 2625 1082 2669 eorum
1117 2607 1311 2668 solum
1341 2625 1474 2687 quaa
1504 2617 1642 2669 sunt
1670 2607 2074 2681 difﬁcilia,sed

427 2716 535 2758 nec
555 2716 760 2760 eorum
794 2702 1032 2773 quidem
1056 2715 1186 2772 quae
1209 2715 1324 2757 non
1359 2711 1600 2772 possunt
1629 2703 1868 2760 omnino
1889 2701 2070 2772 ﬁeri);

424 2785 787 2868 Abi,inquit,
823 2803 1058 2862 rursus,
1089 2805 1124 2848 o
1145 2786 1234 2846 vir
1264 2787 1581 2866 optime,et
1613 2787 2024 2850 vehementius
2046 2806 2078 2848 a

434 2878 660 2940 sanctis
683 2885 818 2957 pete
843 2895 976 2938 meo
999 2874 1246 2937 nomine
1273 2895 1289 2949 ;
1315 2875 1443 2936 etsi
1475 2893 1579 2937 eos
1609 2876 1848 2956 quidem
1879 2876 2080 2958 aliqua

2152 475 2312 530 ματο.
2378 463 2626 514 Τοιοῦτον
2689 455 2790 532 γὰρ
2846 455 2907 512 τὸ
2967 454 3084 530 περὶ
3162 451 3350 516 αὖτοὺς
3423 451 3787 532 ’Λπολιναρίω

2153 543 2368 623 φίλτρον
2437 544 2572 619 μετὰ
2629 544 2723 611 τῆς
2781 543 3014 622 ἐμπύρου
3072 543 3160 599 καὶ
3243 547 3477 613 ζωτιγῆς
3537 544 3786 623 πίστεως,

2155 632 2236 689 ὅτι
2281 635 2368 690 καὶ
2396 634 2672 696 τοσούτοις
2703 632 2806 700 ἤδη
2846 633 3101 710 πρότερον
3133 633 3351 712 χρόνοις
3381 632 3786 706 τελειωθέντας,

2156 722 2334 801 ὥσπερ
2392 721 2469 780 ἔτι
2526 730 2730 794 ζῶντας
2776 726 3112 794 αἰσθήσεσθαι
3171 724 3272 790 τῆς
3329 721 3643 803 ἐπιστολῆς,
3702 725 3795 780 καί

2157 811 2335 887 μελῶν
2430 812 2570 886 αὒτῲ
2654 811 2967 886 μεταδοῦναι
3052 813 3158 868 τῶν
3237 813 3445 868 οἶιείων
3531 811 3792 872 ἐπίστευε.

2161 900 2376 979 Σπουδῇ
2433 909 2716 980 τοιγαροῦν
2769 911 2861 960 τοῦ
2917 900 3156 980 μεγάλου
3197 901 3393 968 ταύτην
3454 901 3656 961 ἐκεὶνου
3715 904 3797 958 καὶ

2158 990 2394 1070 μεγάλου
2453 992 2673 1056 εἷκδτως
2759 990 3003 1047 διακὸνοδ
3073 991 3170 1058 τὴν
3229 989 3346 1047 ὁδὸν
3421 991 3792 1066 στειλαμὲνου,

2159 1083 2244 1138 καὶ
2276 1082 2348 1145 εἷς
2396 1079 2686 1138 Βαϐυλῶνα
2717 1081 3037 1158 φθάσαντος,
3070 1081 3195 1136 εἶτα
3223 1081 3308 1137 καὶ
3361 1082 3463 1157 πρὸ
3506 1087 3611 1137 τῶν
3643 1083 3795 1159 ἱερῶν

2160 1170 2374 1228 ἐκείνων
2417 1171 2639 1234 στάντος
2701 1169 2996 1244 λειψάνων,
3053 1170 3142 1226 καὶ
3194 1175 3262 1245 τῇ
3319 1171 3464 1249 χειρὶ
3508 1171 3572 1226 τὰ
3614 1172 3796 1248 γράμ-

2159 1284 2304 1336 ματα
2334 1259 2726 1332 ὑποδείξαντος,
2781 1259 3013 1316 πλεῖστᾶ
3070 1281 3128 1316 τε
3160 1257 3461 1338 δεηθέντος,
3521 1259 3661 1316 ὥστε
3710 1258 3796 1315 δέ-

2160 1350 2340 1415 ξασθαι
2398 1351 2496 1417 τὴν
2569 1348 2887 1423 ἐπιστολὴν,
2941 1350 3030 1406 καὶ
3088 1349 3162 1405 ὧι
3207 1351 3234 1404 6
3293 1349 3574 1429 ἀρχιερεὺς
3632 1352 3796 1421 αἰτεῖ,

2158 1439 2497 1515 μεταδοόναι,
2535 1442 2562 1496 6
2607 1439 2769 1514 μέσος
2835 1440 3036 1517 αὐτῶν,
3075 1439 3256 1517 ὥσπερ
3301 1438 3352 1505 ἐξ
3383 1439 3547 1496 ὕπνου
3590 1439 3802 1518 διεγερ-

2155 1532 2259 1594 θεὶς
2426 1531 2570 1592 θείας
2629 1529 2977 1603 οἰκονομίσςι
3037 1528 3082 1586 ὢ
3132 1536 3358 1608 φρικτοῦ
3397 1527 3734 1606 διηγήματος
3762 1529 3801 1608 ί)

2154 1619 2251 1686 τὴν
2314 1620 2479 1700 χεῖρά
2527 1641 2583 1675 τε
2641 1618 2815 1696 ἠρέμα
2873 1618 3174 1697 προτείνας,
3219 1620 3304 1674 καὶ
3365 1619 3464 1686 τὴν
3507 1619 3800 1686 ἐπιστολὴν

2157 1709 2413 1786 εἰληφὼς,
2450 1711 2592 1772 αὖθις
2626 1707 2774 1766 οὗδὶν
2803 1709 3045 1779 προσθεὶς
3078 1706 3438 1770 κατεκλίνετο.

2239 1791 2320 1862 Ε’.
2371 1790 2427 1856 εἰ)
2476 1807 2602 1875 γοῦν
2645 1803 2750 1854 τῶν
2809 1797 3139 1875 γραμμάτων
3197 1796 3464 1867 διάκονος,
3529 1800 3802 1872 θαυμάσας

2155 1889 2252 1964 μὲν
2295 1887 2380 1944 ἐπὶ
2437 1895 2514 1962 τῷ
2557 1889 2807 1966 θεάματι,
2856 1889 2934 1962 τῷ
2976 1887 3030 1942 δὲ
3082 1888 3160 1961 μὴ
3206 1901 3399 1967 τυχεῖν
3450 1887 3619 1963 μηδὲν
3675 1889 3803 1967 ὑπὲρ

2151 1981 2227 2033 ὧν
2271 1979 2506 2058 ἀφίκετο,
2557 1976 2674 2033 λίαν
2736 1977 2985 2047 ἀνιαθεὶς,
3040 1978 3156 2033 ἐπεὶ
3209 1976 3334 2054 παρ’
3366 1976 3498 2043 ὅλην
3536 1975 3802 2053 ἑϐδομάδα

2153 2076 2228 2140 τῷ
2308 2069 2416 2141 νάῳ
2501 2068 2827 2145 παραμείνας
2901 2069 2984 2123 οιαὶ
3069 2065 3296 2140 δεηθεὶς,
3374 2065 3521 2126 οὒδέν
3594 2069 3801 2144 εὕρισκε

2154 2156 2339 2230 πλέον,
2386 2155 2700 2236 ἀνέστρεφεν
2747 2155 2961 2231 ἀθυμῶν
3009 2157 3098 2211 καὶ
3141 2156 3254 2211 ἀντὶ
3302 2155 3572 2230 λειψάνων
3629 2156 3794 2213 Ἀποο

2155 2245 2372 2324 λιναρίῳ
2415 2235 2646 2320 κομίζων
2691 2246 2908 2323 δάκρυα,
2977 2235 3034 2303 Ὀ
3079 2243 3135 2301 δὲ
3183 2243 3319 2319 μηδὲ
3368 2244 3534 2311 οὕτως
3580 2247 3796 2324 ἀπαγο-

2157 2338 2368 2414 ρεύσας,
2431 2335 2562 2410 μηδέ
2628 2343 2721 2392 τού
2779 2335 2915 2410 μετὰ
2979 2348 3176 2414 χεῖρας
3249 2334 3526 2408 ἀμελήσας
3599 2347 3800 2396 σκοποῦ

2157 2433 2416 2502 (τοιοῦτον
2462 2427 2562 2503 γὰρ
2606 2426 2634 2481 ὃ
2670 2426 2827 2488 πόθος
2863 2440 2876 2454 ⁸
2944 2426 3005 2480 οὗ
3047 2426 3250 2504 πέφυκε
3278 2423 3465 2502 ῥᾷδίως
3523 2426 3797 2504 ἀπογινώ-

2160 2538 2304 2574 σκειν
2333 2517 2394 2572 ο)
2425 2521 2528 2572 τῶν
2573 2513 2848 2594 δυσχερῶν
2880 2515 3066 2594 μόνον,
3127 2513 3249 2570 ἀλλ’
3291 2513 3408 2571 οὒδὶ
3453 2521 3557 2571 τῶν
3591 2517 3794 2572 παντά-

2158 2628 2318 2662 πασιν
2362 2603 2680 2683 ἂδυνατων),
2716 2605 2924 2673 Ἄπιθι,
2988 2606 3150 2684 φησι,
3211 2606 3306 2661 καί
3341 2605 3511 2678 αὖθις,
3537 2608 3583 2660 ὡ
3614 2605 3793 2683 βέλτι-

2159 2717 2274 2774 στε,
2332 2696 2420 2751 καὶ
2503 2695 2822 2771 θερμότερον
2877 2694 3038 2750 πάλιν
3109 2695 3230 2758 τοὺς
3298 2695 3475 2771 ἁγίους
3545 2697 3787 2767 α’ἔτησαι,

2163 2785 2290 2861 παρ’
2331 2784 2460 2860 ἱμοῦ
2495 2803 2509 2818 ·
2556 2785 2653 2839 κᾶν
2699 2783 2796 2858 μέν
2840 2805 2915 2846 τις
2961 2783 3148 2847 αὖτοὺς
3202 2785 3390 2849 οἶκτος
3437 2783 3658 2862 εἰσέλθῃ,
3703 2786 3787 2839 καὶ

2162 2876 2254 2936 τὰς
2317 2873 2578 2950 ἡμετέρας
2628 2872 3028 2940 δυσωπηθέντες
3079 2871 3308 2948 δεήσεις,
3345 2875 3483 2948 ἔνια,
3509 2878 3580 2930 ὧν
3611 2874 3781 2930 aito?»

425 2967 639 3030 subeat
666 2964 1216 3030 miseratiomostris
1239 2964 1453 3044 placati
1476 2964 2073 3045 precibus,pra3beant

2164 2986 2282 3038 μεν,
2345 2964 2703 3043 παράσχωσιν
2736 2979 2750 2994 ·
2801 2964 2846 3018 εἰ
2891 2961 2935 3018 δ’
3003 2963 3115 3038 οὖν,
3163 2962 3302 3019 ἀλλὰ
3358 2971 3457 3031 την
3515 2963 3792 3029 έπιστολὴν

425 3055 622 3135 aliqua
646 3071 716 3116 ex
738 3053 812 3115 iis
842 3072 978 3132 qua:
1005 3059 1290 3132 petimus;
1316 3057 1410 3113 sin
1435 3055 1909 3134 minus,accepta
1933 3056 2079 3135 epis-

2162 3049 2441 3108 ἆναλαϐὼν
2471 3051 2778 3125 ἐπανήξεις,
2809 3051 2904 3108 καῖ
2964 3051 3110 3108 ἔσται
3149 3075 3242 3126 μοι
3289 3053 3402 3109 ἀντὶ
3446 3052 3697 3128 λειψάνων
3738 3055 3792 3107 τὸ

425 3127 544 3205 tola
573 3127 950 3221 reverteri-is,
985 3127 1045 3202 et
1082 3141 1231 3202 mihi
1263 3142 1376 3202 erit
1407 3159 1476 3203 ea
1503 3159 1601 3203 res
1632 3127 1736 3222 pro
1780 3127 2073 3221 reliquiis,

2161 3148 2378 3220 χρημα,
2437 3141 2560 3198 ἐπεί
2627 3141 2765 3217 μηδὲ
2837 3141 3058 3218 ἄμοιρος
3118 3141 3317 3199 ἆκείνον
3377 3127 3665 3220 ἁγιασμοῦ,
3710 3142 3792 3198 ἅτε

426 3251 560 3294 nam
597 3251 709 3294 nec
741 3231 847 3293 illa
877 3229 1122 3311 quidem
1174 3232 1284 3292 erit
1319 3249 1532 3311 expers
1563 3231 2076 3307 sanctiﬁcationis,

427 3334 489 3384 ut
511 3341 641 3404 quae
663 3333 829 3383 recte
851 3321 1212 3402 sitaccepta,
1244 3330 1302 3381 et
1325 3321 1450 3401 jam
1487 3321 1663 3400 longo
1694 3330 1962 3402 tempore
1991 3340 2079 3382 sa-

427 3431 526 3475 cra
560 3411 832 3474 membra
861 3410 1200 3489 contigerit.
1250 3409 1354 3472 His
1385 3428 1626 3491 quoque
1661 3421 1825 3490 paret
1868 3429 2079 3489 magna

428 3503 515 3564 vir
566 3503 671 3565 ille
728 3500 1097 3564 obedientia.
1158 3499 1492 3581 Oportebat
1547 3501 1731 3575 enim,
1836 3509 1901 3562 ut
1975 3519 2077 3562 ar-

426 3593 632 3665 bitror,
672 3591 770 3653 tali
830 3592 1054 3653 servire
1105 3591 1406 3652 desiderio
1441 3590 1616 3652 talem
1673 3590 1918 3668 parendi
1950 3591 2077 3654 ala-

424 3683 722 3746 critatem.
773 3680 1006 3743 Etcum
1039 3698 1247 3742 rursus
1309 3679 1571 3742 venisset
1601 3679 1983 3760 Babylonem,
2018 3690 2076 3743 et

421 3773 493 3835 ad
519 3782 760 3834 sanctos
791 3770 1162 3844 accessisset,
1193 3769 1581 3832 vehementer
1628 3771 1894 3847 rogabat,
1930 3789 2074 3850 sup-

425 3861 708 3943 plicabat,
739 3859 1119 3936 obsecrabat,
1146 3860 1422 3940 lacrymis
1455 3858 1641 3938 magis
1670 3878 1847 3940 quam
1880 3859 2078 3922 verbis

423 3951 690 4034 implens
722 3951 1220 4032 supplicationem
1251 3970 1264 4009 :
1301 3967 1377 4010 ne
1407 3948 1513 4009 has
1541 3948 1836 4010 secundas
1868 3967 2078 4030 preces

427 4041 784 4120 patriarchae
833 4047 1317 4112 contemnerent,
1351 4056 1548 4115 neque
1592 4038 1888 4100 secundos
1941 4057 2080 4100 suos

422 4130 659 4192 itineris
716 4128 954 4190 labores
1011 4128 1415 4207 despicerent,
1461 4127 1566 4190 sed
1619 4129 1775 4208 quod
1834 4128 1936 4190 ille
1993 4129 2080 4190 eis

422 4218 715 4299 templum
774 4217 1084 4279 aediﬁcavit
1112 4217 1183 4278 ad
1218 4216 1533 4291 honorem,
1566 4217 1678 4279 hoc
1729 4217 1854 4280 suis
1887 4237 2074 4279 mem-

423 4308 550 4371 bris
579 4307 844 4370 vicissim
877 4305 1308 4386 glorilicarent.
1343 4305 1478 4368 Haec
1525 4314 1804 4388 precatus
1831 4307 2074 4388 quidem

423 4407 535 4473 est,
566 4397 672 4459 sed
707 4396 856 4458 nihil
894 4396 1165 4477 profecit.

2161 3231 2339 3295 καλῶς
2387 3235 2790 3312 προσληφθεῖσα
2855 3232 2943 3287 καὶ
3013 3233 3212 3311 χρόνον
3257 3231 3357 3299 ἤδη
3407 3235 3607 3312 συχνὸν
3648 3235 3791 3305 ἱερῶν

2160 3323 2413 3378 τοιούτων
2457 3319 2634 3396 μελῶν
2693 3323 2965 3396 ψαύσασα.
3031 3323 3268 3378 Πείθεται
3330 3325 3417 3379 καὶ
3477 3325 3607 3399 πρὸς
3641 3330 3792 3378 ταῦτα

2161 3411 2188 3466 6
2233 3408 2393 3476 πολὺς
2430 3410 2528 3476 τὴν
2571 3410 2816 3476 ὑπακοὴν
2847 3409 3054 3474 ἰκτῖνος
3098 3410 3232 3488 ἁνήρ
3270 3426 3284 3441 ·
3321 3410 3423 3466 ἔδει
3452 3413 3580 3489 γὰρ,
3614 3413 3789 3483 οἶμαι,

2162 3500 2293 3578 πρὸς
2336 3506 2573 3555 τοιοῦτον
2621 3499 2784 3555 πόθον
2829 3501 3120 3556 εὔπείθειαν
3179 3501 3431 3569 τοιαύτην
3463 3502 3792 3577 ὑπηρετῆσαι

2163 3594 2372 3668 ψυχῆς.
2453 3589 2558 3646 Καὶ
2616 3590 2686 3654 εἰς
2748 3588 3034 3646 Βαϐυλῶνα
3125 3589 3285 3646 πάλιν
3344 3593 3660 3667 γενόμενος,
3716 3591 3795 3645 καὶ

2161 3677 2469 3756 προσελθὼν
2550 3692 2667 3742 τοῖς
2747 3680 2945 3755 ἁγίοις,
3005 3677 3182 3735 East-co
3250 3683 3481 3758 θερμῶς,
3543 3680 3791 3747 ἱαέτεαεν,

2160 3767 2450 3847 ἠντιϐόλει,
2512 3765 2724 3844 δάκρδσι
2784 3766 2990 3842 μᾶλλον
3053 3768 3087 3836 ἢ
3151 3769 3350 3846 ῥήμασι
3418 3771 3517 3835 τὴν
3579 3770 3796 3825 ἱκετείαν

2161 3857 2404 3934 πληρῶν,
2439 3857 2516 3931 μὴ
2561 3854 2803 3934 δευτέρας
2837 3857 3095 3932 ἀτιμάσαι
3128 3867 3221 3916 τοῦ
3251 3858 3590 3937 πατριάρχου
3620 3857 3792 3929 λιτας,

2161 3945 2295 4022 μηδέ
2345 3945 2600 4024 δευτέρων
2648 3947 2804 4002 αὐτοῦ
2849 3948 3025 4003 πόνων
3076 3953 3181 4003 τῶν
3211 3945 3348 4003 κατά
3376 3948 3476 4013 τὴν
3506 3947 3799 4025 ὁδοιπορίαν

2161 4035 2448 4114 ὒπεριδεϊν,
2496 4033 2616 4091 ἀλλ’
2657 4035 2786 4110 ὅπερ
2818 4038 2891 4100 εἷς
2924 4037 3088 4112 τιμὴν
3145 4037 3355 4100 έκεῖνος
3419 4035 3661 4112 ἐδείματο
3707 4037 3801 4091 αὖ·

2160 4139 2279 4190 τοῖς
2311 4125 2473 4205 ἱερὸν,
2505 4132 2660 4180 τοῦτο
2693 4127 2907 4190 οὶκεῐοις
2957 4124 3291 4192 ἀντιδοξάσαι
3341 4126 3584 4201 μέλεσιν.
3632 4135 3804 4184 Ταῦτα

2163 4213 2338 4273 ἐδεῖτο
2367 4221 2490 4295 μὲν,
2521 4213 2645 4281 ἤνυε
2677 4214 2734 4270 δὲ
2757 4214 2918 4272 πλέον
2949 4214 3120 4278 οὖδέν,

507 4486 596 4548 VI.
628 4487 921 4558 Quocirca
949 4504 1085 4548 cum
1121 4502 1289 4566 spem
1336 4483 1655 4565 abjecisset
1687 4485 2073 4567 reliquiarum

2240 4482 2343 4556 ς’.
2389 4482 2549 4541 ’Ὀθεν
2604 4483 2868 4561 ἀπογνοὺς
2925 4483 3031 4540 τῶν
3089 4483 3363 4557 λειψάνων
3425 4483 3598 4563 (ἄλλά
3633 4506 3802 4563 προσ-

428 4577 555 4656 (sed
614 4583 706 4637 est
733 4574 1056 4653 diligenter
1100 4573 1526 4637 attendendum
1566 4597 1578 4634 :
1627 4575 1884 4638 audietis
1915 4575 2075 4638 enim

420 4683 548 4728 rem
580 4664 822 4746 quidem
853 4665 925 4727 ad
960 4662 1330 4727 audiendum
1356 4664 1890 4744 jucundissimam,
1924 4675 1981 4727 et
2003 4666 2077 4728 ad

421 4753 824 4817 admiratione
871 4753 1256 4816 afﬁciendum
1305 4755 1571 4816 animum
1618 4753 2074 4836 divinissimam)

424 4864 557 4907 cum
593 4845 692 4907 ille
725 4862 894 4925 spem
926 4843 1260 4905 divinarum
1291 4843 1607 4924 abjecisset
1657 4845 2072 4925 reliquiarum,

422 4933 702 4996 studebat
763 4933 954 5014 ipsam
988 4932 1196 4994 saltem
1244 4932 1522 5014 recipere
1551 4933 1894 5014 epistolam,
1928 4943 1990 4994 ut
2021 4939 2074 5000 ei

415 5024 652 5102 jussum
677 5021 1090 5097 fuerat,ei,qui
1117 5031 1246 5083 erat
1267 5021 1385 5083 ﬁde
1408 5022 1668 5098 ardenti,
1691 5023 2070 5103 impleturam

420 5117 618 5173 locum
654 5115 1064 5187 reliquiarum.
1099 5115 1240 5173 Cum
1265 5115 1351 5171 sic
1382 5116 1574 5187 itaque
1598 5130 1834 5173 manum
1869 5117 2068 5171 manui

421 5201 984 5280 admovisset,suam
1011 5201 1212 5262 manui
1236 5200 1601 5280 martyris,et
1629 5198 1940 5279 epistolam
1961 5216 2068 5260 ac-

420 5287 868 5367 cepisset,illam
889 5287 1132 5368 quidem
1156 5286 1420 5350 traxitad
1437 5305 1664 5349 se:eam
1685 5295 1885 5348 autem
1905 5304 2076 5348 secu-

418 5386 473 5437 ta
494 5395 732 5458 quoque
763 5385 854 5439 est
880 5375 1130 5456 pulchra
1154 5376 1435 5456 martyris
1469 5395 1698 5438 manus.
1721 5376 1912 5449 Quam
1939 5395 2071 5438 cum

417 5465 503 5526 sic
537 5465 784 5528 vidisset
839 5465 1087 5528 divisam
1119 5485 1154 5526 a
1201 5472 1322 5528 toto
1356 5483 1636 5545 corpore,
1671 5465 2070 5529 desideranti-

416 5553 528 5617 bus
556 5553 736 5620 simul
767 5561 826 5617 et
856 5554 1286 5619 venerantibus
1330 5554 1642 5638 amplexus
1672 5554 1974 5633 manibus,
2009 5556 2071 5622 in

2162 4572 2344 4629 εκτέον
2395 4571 2665 4648 ἐπιμελῶς
2701 4592 2715 4607 ⁶
2803 4573 3086 4630 ἀκούσεσθε
3163 4575 3264 4651 γὰρ
3329 4580 3548 4652 πρᾶγμα
3611 4573 3808 4649 κομιδῇ

2161 4661 2382 4721 ἀκοῦσαί
2438 4683 2494 4718 τε
2551 4661 2928 4741 χαριέστατον,
2977 4664 3061 4718 sui
3105 4663 3292 4741 ψυχὴν
3343 4661 3605 4729 ἐκπλῆξαι
3656 4665 3806 4720 0nd-

2160 4750 2370 4832 τατον),
2412 4758 2514 4808 τῶν
2551 4750 2816 4826 λειψάνων
2863 4754 2951 4807 οὖν
2985 4751 3249 4828 ἀπογνοῦς
3282 4750 3516 4825 ἐκεῖνος,
3551 4753 3650 4808 κᾶν
3680 4762 3808 4829 γοῦν

2161 4840 2448 4898 ἀναλαϐεῖν
2481 4842 2644 4906 αὖτὴν
2678 4839 2893 4898 ἔσπευδε
2946 4842 3037 4909 τὴν
3087 4840 3400 4914 ἐπιστολὴν,
3434 4841 3614 4920 ὥσπερ
3645 4845 3807 4923 εἶχεν

2159 4934 2192 4994 ἦ
2222 4933 2354 5007 πρὸς
2399 4932 2554 4989 αὐτὸν
2597 4929 2811 5005 ἐντολὴ,
2860 4929 3113 5005 λειψάνου
3169 4931 3355 5010 χώραν
3387 4936 3464 5004 τῷ
3495 4935 3675 5007 θερμῳ
3706 4936 3806 5000 τὴν

2159 5022 2333 5077 πίστιν
2403 5019 2842 5096 αποπληροῦσαν.
2898 5022 3075 5096 Ταύτῃ
3160 5043 3241 5077 τοι
3296 5025 3385 5078 καὶ
3441 5024 3584 5100 χειρὶ
3638 5037 3811 5102 χεῖρα

2155 5109 2334 5186 βαλὼν
2388 5110 2488 5178 τὴν
2533 5111 2722 5168 ἑαυτοῦ
2774 5116 2842 5184 τῇ
2884 5109 3170 5189 μάρτυρος,
3235 5110 3331 5165 καί
3379 5112 3474 5176 τῆς
3518 5111 3810 5180 ἐπιστολῆς

2154 5197 2473 5274 λαϐόμενος,
2503 5200 2602 5268 τὴν
2633 5200 2731 5274 μὲν
2761 5198 2914 5257 εἷλκε
2947 5202 3077 5278 πρὸς
3135 5201 3347 5272 ἑαυτὸν,
3395 5203 3562 5276 ταύτῃ
3602 5201 3655 5256 δὲ
3707 5202 3807 5280 ἄρα

2157 5291 2249 5345 καὶ
2290 5291 2323 5356 ἡ
2381 5287 2524 5356 καλὴ
2574 5296 2664 5346 τοῦ
2725 5289 2989 5367 μάρτυρος
3025 5288 3304 5358 ἠεολούθει
3351 5292 3493 5370 χείρ.
3559 5291 3661 5348 ’Ἑν
3719 5294 3807 5348 καὶ

2157 5377 2325 5443 οὕτως
2381 5375 2505 5434 ἰδὼν
2547 5389 2641 5438 τοῦ
2699 5377 2827 5436 ὅλου
2856 5376 3210 5456 διαιρεθεῖσαν
3241 5384 3516 5460 σώματος,
3552 5383 3638 5437 καὶ
3695 5403 3805 5438 πο-

2155 5469 2365 5530 θούσαις
2424 5467 2536 5543 ἅμα
2594 5470 2748 5546 χερσὶ
2806 5470 2894 5525 καὶ
2938 5470 3279 5549 ⁹εριττούσαις
3340 5469 3804 5548 ἀγκαλισάμενος,

2153 5561 2405 5634 θησαυρῷ
2448 5577 2503 5613 τε
2547 5559 2708 5634 τιμίῳ
2765 5559 2828 5614 τὰ
2888 5557 3184 5636 τιμιώτατα
3245 5561 3512 5636 καταθεὶς,
3571 5559 3811 5650 ἄσμενος

3983 40 3985 170 l

3984 171 3985 264 ψ

3984 569 3985 662 ι
