4020 6206
243 304 398 379 1237
1190 310 1194 314 Α
1368 310 1557 377 VITA
1611 312 1714 377 SS.
1762 307 1941 375 CYRI
1984 306 2083 373 ET
2124 308 2473 377 JOANNIS.
3462 308 3614 378 l238

238 452 343 519 τὴν
390 448 787 529 Ἀλεξάνδρειαν
818 445 1152 528 κατειλήφει.
1203 446 1320 517 Ἐφ’
1351 448 1397 523 ᾦ
1423 449 1505 514 τίς
1562 470 1691 507 ποτε
1727 446 1789 504 ἂν
1846 446 1883 515 ἢ
1905 453 1933 503 Α

2019 445 2232 509 retioso
2251 445 2530 509 thesauro
2546 462 2998 527 reponens.qute
3014 454 3153 509 sunt
3168 440 3630 528 pretiosissima.

238 542 352 599 τὼν
408 538 602 609 ἡδονὴν
633 540 740 613 xui;
770 537 1097 618 φαιδρότητα
1127 538 1467 617 παραστῆσαι
1510 546 1603 595 τοῦ
1632 538 1895 618 πατριάρ-

2019 534 2197 597 ibens
2221 534 2493 615 pervenit
2524 532 2969 599 Alexandriam.
3012 533 3198 608 Quam
3233 535 3310 599 ob
3339 554 3468 599 rem
3501 539 3636 618 quis

242 653 374 711 χου,
410 629 445 697 ἢ
489 630 588 697 τὴν
619 638 713 688 τοῦ
760 628 991 698 πλήθους
1023 626 1184 688 παλιν
1215 628 1406 706 ἑορτὴν
1436 629 1522 685 καὶ
1555 629 1849 706 πανήγυριν
1877 644 1893 702 ς

2019 624 2070 686 el
2100 624 2459 706 patriarchae
2489 623 2852 705 voluptatem
2887 634 2948 686 et
2980 623 3272 701 laetitiam,
3308 628 3394 688 vel
3428 645 3638 690 rursus

241 699 438 793 Sigei:
482 718 714 794 μετῆλθε
758 719 915 797 σοφίᾳ
973 719 1061 774 κα)
1105 718 1204 785 τὴν
1246 699 1376 792 πρὸς
1437 718 1529 774 τὸν
1588 699 1897 796 ἀδελιριδοῦν

2021 699 2182 794 opuli
2216 713 2486 774 festivam
2519 699 2929 775 celebritatem
2984 699 3640 794 potuerit-ostendere?

242 810 568 889 ὁπόσχεσιν,
603 809 824 867 ἀκοῦσαι
858 806 1049 865 καλον*
1095 807 1203 874 Ti:
1230 808 1331 885 γὰρ
1362 806 1659 875 ὲππιούσης
1689 808 1777 863 τὸν
1807 804 1901 863 ὑπ’

249 899 397 972 αὖτῷ
442 899 616 955 πάντα
659 896 856 977 κλῇρον
893 897 1163 975 ἀθροίσας,
1210 910 1377 975 χεῖρα
1425 898 1524 973 μὲν
1566 896 1772 964 ἐκείνην
1815 896 1901 952 καὶ

248 990 343 1045 σὺν
401 990 528 1065 οὔτῇ
585 989 684 1056 τὴν
740 986 1031 1055 ἱπιστολὴν
1086 985 1174 1044 ὑπ’
1229 990 1394 1054 αὐτῆς
1426 986 1696 1066 ἐχομένην
1750 987 1900 1063 ἷερῶς

247 1081 388 1152 ὁμου
429 1081 527 1135 καὶ
576 1077 839 1157 λαμπρῶς
882 1078 1221 1135 κατατίθεται
1269 1077 1333 1134 τά
1375 1097 1433 1133 τε
1482 1075 1621 1136 ἄλλα
1680 1074 1903 1138 τελέσας

250 1168 391 1224 κατὰ
432 1169 524 1224 τὸν
555 1170 679 1225 ναὸν
710 1167 1028 1248 φιλοτίμως,
1062 1168 1152 1223 καὶ
1197 1172 1382 1224 τοῦτον
1410 1164 1510 1222 ὅσα
1564 1171 1901 1243 Χριστιανοῒς

1983 800 2169 875 Quam
2202 800 2508 882 sapienter
2563 810 2761 863 autem
2800 820 2867 863 se
2895 803 3149 882 gesserit
3205 810 3265 864 in
3301 805 3638 883 praestando
3740 838 3743 839 ν

1986 890 2278 972 promisso
2313 909 2437 952 sua;
2463 892 2688 953 sororis
2729 890 2876 968 ﬁlio,
2911 890 3119 954 audire
3153 902 3244 954 est
3273 912 3474 973 operte
3501 913 3639 977 pre-

1986 984 2302 1045 tiumNam
2332 1000 2465 1043 cum
2498 987 2766 1058 sequenti
2799 986 2890 1045 die
2920 995 3126 1053 totum,
3159 988 3259 1060 qui
3301 988 3350 1045 ei
3382 989 3640 1056 suberat,

1985 1072 2214 1135 clerum
2241 1080 2656 1146 convocasset,
2680 1091 2920 1134 manum
2955 1072 3193 1153 quidem
3219 1072 3475 1150 illam,et
3504 1093 3640 1136 cum

1984 1161 2116 1243 ipsa
2135 1160 2477 1243 epistolam,
2510 1180 2643 1242 quae
2688 1159 2760 1222 ab
2795 1180 2863 1223 ea
2895 1160 3229 1237 tenebatur,
3261 1172 3644 1227 sacrosancte

250 1261 439 1331 νόμοις
502 1256 854 1332 καθιερώσας,
900 1258 1087 1313 ἔπειτα
1137 1258 1229 1313 τὸν
1291 1252 1609 1335 ἀδελφιδοῦν
1654 1253 1899 1333 ἀγαγὼν,

2020 1250 2166 1312 imul
2198 1258 2258 1311 et
2289 1250 2573 1331 praeclare
2597 1249 2883 1331 deponit:
2919 1259 2981 1314 et
3010 1269 3144 1312 cum
3179 1250 3296 1313 alia
3325 1250 3386 1312 in
3418 1252 3642 1335 templo

250 1348 342 1404 καὶ
399 1346 540 1425 ἱερέα
597 1347 1014 1427 χειροτονήσας,
1064 1344 1181 1402 ἀντ’
1247 1344 1419 1412 ἄλλης
1478 1342 1620 1417 αὗτῷ
1683 1344 1905 1422 συζύγου

2022 1338 2307 1421 plendide
2334 1347 2390 1400 et
2423 1339 2746 1420 magniﬁce
2774 1339 3125 1421 peregisset,
3158 1339 3339 1421 idque
3369 1340 3445 1405 de
3476 1361 3644 1406 more

253 1438 354 1502 τὴν
399 1435 724 1504 Ἐκκλησίαν
784 1435 1161 1511 μνηστεύεται,
1196 1433 1332 1493 Ἰδού
1379 1455 1462 1490 σοι
1522 1434 1608 1491 καὶ
1652 1434 1686 1502 ἦ
1745 1432 1905 1511 γυνὴ,

2019 1430 2468 1494 3hristianorum
2492 1438 2931 1504 consecrasset,
2954 1429 3212 1493 adducto
3235 1431 3455 1495 deinde
3480 1450 3645 1495 soro-

258 1528 391 1606 πρὸς
443 1528 603 1586 σῦτὸν
634 1525 820 1582 είπών·
885 1524 1022 1581 ἀλλα
1050 1522 1215 1592 κήδοι)
1265 1525 1488 1598 ταύτης,
1520 1525 1595 1587 ὡς
1637 1523 1911 1602 προσῆκόν

2019 1519 2079 1581 ’ἰε
2099 1519 2312 1593 tilio,et
2330 1516 2644 1582 sacerdote
2667 1519 2963 1592 ordinato,
2998 1519 3128 1581 loco
3150 1519 3398 1584 alterius
3428 1522 3644 1603 conju-

258 1617 397 1678 ἐστι.
454 1616 557 1674 Τοῦ
587 1615 781 1694 λεχθὲν
831 1613 972 1670 οὕτω
1016 1614 1106 1670 τὸν
1155 1613 1272 1670 νέον
1330 1610 1563 1693 διέθηκε,
1597 1612 1693 1668 καί
1744 1610 1910 1675 οὕτως

2019 1608 2083 1685 {is
2105 1607 2163 1670 ei
2184 1607 2517 1689 desponset
2539 1608 2947 1683 ecclesiam,ei
2972 1607 3206 1671 dicens:
3225 1609 3312 1672 En
3337 1610 3440 1673 tibi
3472 1628 3643 1686 uxor;

262 1707 423 1763 αὖτοῦ
464 1705 709 1761 καθίκετο
751 1704 851 1772 τῆς
904 1706 1090 1783 ψυχῆς
1145 1704 1231 1760 καὶ
1266 1702 1526 1777 μετέθηκε
1579 1701 1679 1770 τὴν
1726 1700 1910 1758 ἱπιθυ-

2019 1698 2101 1759 :ed
2131 1698 2289 1778 ejus,
2323 1706 2388 1759 ut
2421 1715 2526 1778 par
2555 1706 2666 1774 est,
2699 1716 2904 1760 curam
2949 1717 3114 1778 gere.
3147 1699 3271 1763 Hoc
3301 1701 3525 1764 dictum
3559 1706 3646 1763 sic

257 1796 406 1870 μίαν,
453 1796 529 1857 ὡς
560 1792 730 1850 πλείω
770 1794 831 1849 τὸ
861 1793 999 1866 μετὰ
1030 1798 1200 1849 ταῦτα
1229 1793 1509 1869 παρθενίας
1550 1789 1720 1870 ἔρωτα
1749 1801 1912 1870 σχεῖν

2019 1786 2193 1850 ιῆεείι
2223 1784 2693 1862 adolescentem,
2728 1799 2785 1849 et
2815 1787 2943 1867 ejus
2991 1788 3078 1851 sic
3109 1789 3302 1868 tetigit
3352 1790 3645 1866 animum,

257 1885 294 1953 ἢ
325 1891 432 1940 τῶν
482 1885 672 1961 γάμων
702 1884 982 1961 πρότερον.
1020 1878 1182 1938 Ἀλλα
1246 1882 1363 1959 περὶ
1396 1880 1493 1956 μὲν
1537 1881 1741 1938 τούτων
1768 1878 1911 1942 ἅλις.

2019 1884 2060 1939 ιι
2113 1875 2364 1938 dimovit
2419 1875 2835 1957 cupiditatem,
2899 1885 2962 1938 ut
3020 1879 3248 1959 majore
3294 1879 3649 1960 virginitatis

260 1971 443 2036 fuerit
468 1971 757 2052 deinceps
787 1978 998 2051 captus
1028 1986 1262 2043 amore,
1297 1986 1477 2047 quam
1509 1975 1649 2031 ante
1680 1964 2073 2029 matrimonii.
2109 1964 2228 2028 Sed
2262 1964 2335 2027 de
2364 1962 2461 2026 his
2491 1964 2737 2046 quidem
2772 1965 2938 2029 satis.

343 2063 425 2121 Z'.
488 2052 654 2136 ’Βμῖν
700 2059 753 2117 δὲ
790 2061 958 2138 Κύρου
1008 2059 1177 2116 πάλιν
1223 2062 1310 2116 καὶ
1348 2064 1456 2115 τῶν
1490 2056 1657 2127 Κύρου
1696 2080 1913 2134 μνημο-

2052 2052 2181 2118 VII.
2214 2053 2398 2116 Nobis
2430 2064 2631 2117 autem
2656 2073 2866 2119 rursus
2896 2056 3029 2137 Cyri
3061 2063 3121 2117 et
3166 2074 3374 2119 eorum
3408 2076 3540 2140 quas
3572 2059 3647 2123 ad

267 2152 500 2231 νεδτέον,
532 2152 591 2207 ὃν
643 2152 730 2207 καὶ
780 2158 873 2207 τοῦ
930 2151 1190 2228 παρόντος
1246 2148 1409 2226 λόγου
1466 2147 1716 2205 ὑπόθεσιν
1774 2170 1913 2224 προ-

2019 2144 2210 2226 lyrum
2245 2143 2551 2227 pertinent
2583 2145 2857 2207 facienda
2886 2155 2978 2209 est
3006 2147 3227 2208 mentio
3258 2168 3270 2211 :
3303 2167 3481 2229 quem
3510 2151 3650 2232 qui-

265 2241 508 2317 εθέμεθα,
569 2240 733 2305 Οὗτος
775 2240 946 2297 τοίνυν
987 2240 1231 2315 ἰατρικὴν
1286 2238 1520 2316 γεγονὼς
1575 2239 1683 2293 τῶν
1741 2236 1917 2293 ἄλλων

2019 2234 2138 2296 lem
2174 2234 2596 2315 proposuimus
2624 2243 3041 2315 argumentum
3079 2239 3392 2317 praesentis
3420 2240 3651 2302 oratio-

266 2331 689 2409 διαφορώτατος,
763 2326 915 2387 οὖδέν
984 2328 1147 2396 ἦττον
1214 2329 1301 2384 καὶ
1384 2327 1496 2403 βίον
1572 2330 1638 2396 ἦν
1710 2327 1916 2403 ἀνθρώ-

2019 2323 2118 2385 ιίε.
2153 2323 2266 2387 Hic
2312 2342 2453 2403 ergo
2485 2343 2621 2386 cum
2666 2329 2724 2385 in
2757 2333 2885 2387 arle
2916 2324 3217 2387 medicina
3245 2327 3498 2390 aliorum
3542 2348 3649 2392 ex-

271 2443 391 2482 ποις
437 2418 880 2499 ὠφελιμώτατος,
936 2423 1006 2494 τῇ
1062 2416 1160 2493 μὲν
1215 2416 1388 2498 τέχνῇ
1444 2417 1512 2473 τὰ
1566 2416 1793 2492 σώματα
1848 2423 1922 2491 τῷ

2019 2413 2518 2488 :ellentissimus,
2578 2414 2770 2476 nihilo
2850 2415 3049 2477 secius
3100 2413 3228 2478 erat
3287 2420 3464 2480 etiam
3536 2419 3653 2483 vita

270 2511 454 2588 τρόπῳ
507 2508 560 2564 δὲ
590 2509 682 2574 τὰς
726 2508 910 2587 ψυχὰς
940 2508 1266 2585 θεραπεύωνο
1329 2504 1534 2581 μᾶλλον
1565 2504 1620 2562 δὲ
1650 2508 1738 2564 καὶ
1791 2506 1921 2586 τρό-

2019 2502 2352 2566 hominibus
2429 2503 2829 2567 utilissimus:
2884 2513 3010 2567 arte
3067 2505 3310 2587 quidem
3371 2527 3650 2592 corpora,

272 2621 376 2656 που
448 2598 511 2655 τὰ
569 2596 747 2655 πολλὰ
810 2599 1103 2677 φροντίζειν
1154 2597 1346 2653 πείθων
1419 2594 1504 2653 διὰ
1552 2600 1652 2663 τῆς
1718 2596 1922 2676 τέχνης

270 2689 361 2744 καὶ
420 2685 666 2743 διδάσκον
695 2687 851 2743 νόσον
892 2686 1075 2765 ψυχῆς
1107 2684 1293 2743 πολλῶ
1336 2692 1429 2743 τοῦ
1482 2686 1730 2760 σώματος
1782 2686 1925 2742 εἶναι

278 2776 675 2858 χαλεπωτέραν,
715 2774 826 2849 ὅσῳ
871 2777 959 2832 καὶ
1003 2776 1198 2843 ταύτης
1246 2777 1412 2832 αἰτίαν
1473 2774 1731 2837 πολλάκις
1783 2776 1924 2832 ὲκεί-

277 2890 376 2934 νην
434 2867 688 2946 γίνεσθαι,
733 2871 826 2923 τοῦ
887 2864 1158 2922 Δεσπότου
1217 2866 1432 2922 πάντων
1478 2866 1565 2922 καὶ
1623 2866 1803 2940 ἰατροῦ
1844 2863 1929 2922 διὰ

276 2958 435 3012 νόσου
503 2959 820 3030 σωματικῆς
903 2955 1092 3010 κακίαν
1161 2956 1303 3030 ἡμᾶς
1388 2952 1672 3011 ἀποθέσθαι
1742 2957 1928 3034 ψυχῆς

285 3042 696 3115 σπουδάζοντος,
730 3045 767 3112 ἢ
814 3045 897 3101 καὶ
936 3044 1100 3100 νόσων
1144 3042 1285 3099 ἐστὶν
1319 3043 1486 3106 ὄντως
1545 3041 1929 3121 σφαλερωτάτη

283 3136 368 3191 καὶ
438 3132 872 3211 δυσθεράτιευτος.
941 3141 1092 3190 Ετσιν
1149 3133 1249 3212 γὰρ
1320 3134 1392 3200 εἷς
1451 3132 1572 3198 τοὺς
1643 3138 1928 3197 νοσοῦντας

2010 2593 2279 2655 moribus
2310 2601 2507 2656 autem
2540 2612 2758 2656 curans
2787 2596 3018 2656 animas
3045 2616 3059 2659 :
3094 2597 3185 2658 vel
3208 2598 3403 2679 potius
3434 2617 3543 2679 per
3564 2619 3657 2662 ar-

2011 2691 2128 2744 tem
2182 2683 2577 2764 persuadens,
2612 2692 2675 2744 ut
2726 2701 2959 2745 morum
3019 2703 3222 2747 curam
3257 2698 3562 2770 gererent,
3597 2700 3658 2752 et

2011 2773 2238 2834 docens
2260 2772 2535 2835 morbum
2557 2774 2777 2836 animae
2806 2792 2939 2836 esse
2960 2774 3168 2836 morbo
3192 2780 3466 2859 corporis
3481 2779 3660 2861 longe

2013 2862 2415 2926 difﬁciliorem
2453 2882 2466 2927 :
2504 2864 2661 2946 quod
2695 2864 2874 2942 hujus
2904 2883 3141 2947 quoque
3171 2866 3271 2929 ille
3299 2885 3455 2950 saepe
3483 2888 3662 2933 causa

2014 2953 2113 3032 sit,
2138 2952 2396 3016 Domino
2427 2954 2695 3015 omnium
2730 2962 2787 3015 et
2808 2954 3044 3016 medico
3066 2955 3347 3019 studente
3370 2977 3478 3039 per
3505 2978 3661 3023 mor-

2012 3040 2155 3104 bum
2188 3042 2482 3124 corporis,
2516 3052 2583 3104 ut
2613 3061 2722 3105 nos
2760 3043 2977 3105 animae
3006 3045 3211 3107 vitium
3246 3045 3658 3129 deponamus:

2015 3131 2173 3211 quod
2199 3131 2442 3212 quidem
2466 3140 2525 3193 et
2555 3136 2903 3194 morborum
2929 3151 3138 3195 revera
3160 3133 3336 3214 longe
3356 3135 3662 3218 periculo-

282 3226 310 3280 ὂ
378 3229 563 3300 Κῦρος,
599 3225 658 3279 ού
707 3225 812 3278 τῶν
870 3221 1114 3289 Γαληνοῦ
1142 3224 1229 3278 καὶ
1279 3214 1658 3299 Ἱπποκράτους
1710 3224 1797 3278 καὶ
1824 3227 1932 3279 τῶν

2019 3220 2317 3319 sissimum
2341 3228 2401 3284 et
2429 3231 2637 3284 curatu
2666 3222 3189 3319 difﬁﬂcilimumllid
3221 3214 3473 3319 aegrotos
3502 3227 3663 3289 enim

280 3313 480 3388 ὁμοίων
538 3313 752 3377 πάντως
799 3313 1074 3386 ἒμέμνητο
1131 3318 1314 3383 (ταῦτα
1369 3312 1471 3388 γὰρ
1514 3310 1698 3384 ἐκείνῳ
1750 3309 1931 3368 δευτέ-

2019 3310 2365 3390 ingrediens
2386 3313 2594 3393 Cyrus,
2629 3331 2749 3373 non
2769 3312 2980 3375 Galeni
3007 3321 3065 3374 et
3092 3312 3467 3396 Hippocratis
3493 3325 3552 3381 et
3582 3317 3667 3379 si-

277 3425 368 3481 ρο)
402 3400 617 3481 λόγου),
648 3399 770 3457 ἀλλ’
800 3401 908 3458 ἀπο
938 3405 1037 3467 τῆς
1090 3401 1358 3479 ἡμετέρας
1390 3398 1680 3475 λαμϐάνων
1722 3400 1930 3478 πηγῆς,

275 3492 362 3548 καὶ
434 3489 639 3552 πολλὰς
692 3488 901 3563 επᾴόων
957 3493 1142 3553 αὐτοῖς
1198 3495 1305 3545 τῶν
1354 3495 1704 3571 προφητικῶν
1733 3513 1790 3547 τε
1846 3511 1935 3547 και

276 3580 674 3654 ἁποστολικῶν,
730 3578 931 3657 ἀλλάγε
1012 3580 1100 3636 καὶ
1162 3585 1436 3657 πατρικῶν
1514 3578 1746 3656 ῥήσεων,
1810 3579 1936 3635 εἶτα

278 3673 368 3727 καὶ
421 3672 487 3725 τὰ
537 3674 637 3736 τῆς
695 3669 918 3748 χάριτος
971 3668 1269 3746 προστιθεῖς
1325 3669 1583 3745 ὑγιαίνειν
1627 3668 1816 3732 αὖτοὺς
1877 3670 1937 3726 οὒ

280 3762 347 3816 τὰ
402 3759 625 3834 σώματα
657 3758 819 3833 μόνον
862 3757 1001 3814 ἀλλὰ
1042 3759 1139 3814 καί
1190 3758 1283 3821 τὰς
1317 3758 1500 3836 ψυχὰς
1550 3759 1935 3836 παρεσκεύαζε,

281 3850 371 3905 καὶ
428 3858 546 3927 περί
605 3853 807 3926 μικρῶν
867 3848 1139 3923 δεομένοις
1200 3849 1332 3903 αὔτα
1387 3867 1444 3902 τε
1489 3844 1679 3925 ἒδίδου,
1725 3850 1813 3903 καὶ
1873 3847 1938 3902 τὲι

279 3937 469 4012 πολλῷ
528 3940 743 4012 μείζονα
798 3938 998 3994 τούτων
1070 3936 1227 4016 (ἅπερ
1288 3937 1389 3992 εἰσὶ
1436 3942 1569 3993 Θεοῦ
1626 3936 1934 4014 ἐπίγνωσις,

282 4029 471 4091 κακίας
532 4028 810 4106 κάθαρσις,
872 4027 1109 4105 σωτηρία
1167 4024 1377 4104 ψυγῆς)
1441 4024 1744 4105 ἐχαρίζετο,
1802 4025 1943 4082 πολ-

282 4119 407 4183 λοὺς
481 4117 579 4191 μὲν
635 4122 741 4172 τῶν
814 4115 1046 4172 εὒσεόῶν
1116 4113 1447 4193 ἑδραιτῲους
1503 4114 1581 4170 ἔτι
1654 4116 1786 4195 πρὸς
1844 4115 1943 4183 τὴν

281 4208 538 4276 ἀλήθειαν
599 4207 980 4285 ἐργαζόμενος,
1013 4203 1245 4270 πολλοὺς
1304 4202 1359 4261 δὲ
1419 4206 1506 4259 καὶ
1537 4209 1643 4261 τῶν
1704 4206 1944 4263 ἀπίστων

284 4304 385 4373 τῇς
429 4295 760 4371 Ἑλληνικῆς
796 4295 1167 4371 ἐξαιρούμενος
1199 4293 1433 4360 πλάνης.
1482 4292 1667 4361 Πολλὴ
1697 4291 1751 4349 δὲ
1812 4292 1947 4361 αὕτη

287 4388 409 4443 τότε
457 4388 547 4443 καὶ
579 4384 818 4456 πολλῶν,
853 4385 888 4453 ἢ
932 4386 1018 4441 οιαὶ
1067 4389 1176 4441 τῶν
1220 4383 1509 4463 πλειόνων,
1542 4381 1945 4458 ἐπειλημμένγ,,

2019 3400 2249 3462 milium
2278 3403 2524 3464 omnino
2552 3402 2909 3465 meminerat
2936 3402 3011 3484 (is
3043 3402 3202 3465 enim
3240 3405 3505 3468 secundo
3536 3405 3669 3469 loco

2018 3507 2228 3553 eorum
2260 3489 2522 3553 habebat
2556 3490 2905 3572 rationem),
2931 3493 3039 3553 sed
3071 3512 3103 3553 a
3135 3502 3339 3555 nostro
3368 3495 3533 3558 fonte
3563 3514 3670 3559 su-

2019 3597 2193 3640 mens
2243 3579 2713 3661 propheticaque
2778 3590 2837 3642 et
2893 3581 3227 3661 apostolica
3271 3590 3446 3665 atque
3494 3584 3671 3648 etiam

2020 3678 2265 3749 paterna
2290 3669 2379 3729 eis
2412 3669 2602 3730 multa
2632 3670 2792 3731 dicta
2820 3672 3131 3746 accinens,
3158 3681 3215 3733 et
3246 3672 3469 3736 deinde
3492 3676 3675 3738 etiam

2017 3758 2270 3838 gratiam
2323 3757 2648 3838 adjiciens,
2683 3759 2984 3821 efficiebat
3016 3768 3077 3821 ut
3128 3761 3258 3822 sani
3289 3772 3518 3836 essent,
3555 3782 3676 3825 non

2019 3847 2212 3910 solum
2248 3847 2630 3928 corporibus,
2659 3849 2763 3911 sed
2801 3858 2858 3910 et
2879 3849 3133 3913 animis:
3170 3860 3228 3914 et
3260 3870 3437 3932 parva
3455 3872 3675 3932 rogan-

2028 3936 2186 3999 tibus
2219 3946 2277 3999 et
2308 3956 2377 3999 ea
2400 3937 2601 4013 dabat,
2627 3946 2682 4001 et
2706 3938 2779 4000 iis
2805 3939 2987 4001 multo
3020 3941 3369 4021 majoribus,
3394 3962 3527 4023 quae
3550 3941 3682 4024 qui-

2028 4026 2164 4089 dem
2196 4027 2477 4100 sunt,Dei
2509 4027 2759 4106 agnitio,
2782 4027 2906 4089 vitii
2936 4029 3227 4110 purgatio,
3253 4029 3410 4091 salus
3439 4030 3678 4104 animae,

2027 4115 2117 4178 eis
2156 4115 2646 4194 gratiﬁcabatur:
2685 4118 2901 4181 multos
2931 4117 3169 4199 quidem
3223 4137 3296 4182 ex
3328 4119 3441 4201 piis
3486 4118 3683 4183 adhuc

2027 4203 2373 4267 stabiliores
2424 4205 2695 4268 efﬁciens
2726 4208 2800 4269 ad
2857 4206 3188 4290 veritatem,
3224 4210 3439 4274 multos
3486 4221 3682 4272 autem

2033 4294 2213 4356 etiam
2243 4312 2313 4357 ex
2345 4294 2695 4358 inﬁdelibus
2712 4296 2786 4358 ab
2818 4315 3024 4359 errore
3052 4298 3321 4361 liberans
3350 4298 3684 4380 gentilium.

2032 4384 2089 4446 Is
2119 4401 2262 4445 vero
2296 4394 2437 4446 tunc
2472 4394 2598 4447 erat
2629 4386 2938 4468 frequens,
2976 4397 3033 4449 et
3065 4388 3281 4449 multos
3332 4398 3507 4470 atque
3537 4388 3686 4453 adeo

293 4473 689 4543 Διοκλητιανοῦ
721 4497 784 4552 γε
829 4477 888 4531 τὸ
928 4479 1205 4551 σκῆπτρον
1266 4473 1515 4553 ἔχοντος,
1572 4474 1630 4534 ὃς
1701 4476 1799 4530 οὒκ
1841 4473 1933 4528 ἀπὶ

2035 4473 2233 4553 plures
2265 4471 2591 4548 invaserat,
2628 4485 2777 4538 tunc
2809 4486 3110 4559 sceptrum
3175 4486 3418 4539 tenente
3448 4476 3686 4539 Diocle-

285 4572 379 4624 τού
408 4563 734 4640 διαδήματος
788 4562 996 4638 μᾶλλον
1026 4563 1061 4632 ἢ
1118 4563 1225 4620 ἀπὸ
1256 4572 1348 4622 τοῦ
1390 4562 1674 4639 περιόντος
1706 4564 1779 4627 είς
1833 4559 1933 4618 δει-

2038 4561 2224 4636 tiano,
2285 4563 2388 4644 qui
2447 4582 2566 4625 non
2620 4565 2810 4644 magis
2869 4572 2998 4626 erat
3052 4564 3304 4644 insignis
3355 4565 3692 4631 diademate

290 4628 628 4730 σιδαιμονίαν
658 4628 729 4712 «ad
771 4628 1041 4729 ἐπίσημον
1074 4653 1261 4733 ἔσχεν,
1320 4652 1412 4709 Ἐν
1451 4628 1624 4723 τούτῳ
1653 4651 1755 4729 γὰρ
1809 4650 1933 4739 πολ-

2019 4646 2215 4731 ‘quam
2268 4628 2453 4715 nimia
2501 4628 2956 4735 superstitione.
2993 4656 3141 4718 Nam
3172 4628 3251 4716 in
3284 4655 3397 4717 hoc
3444 4656 3691 4739 quidem

290 4748 416 4811 λοὺς
461 4747 728 4822 εὒρήσεις,
773 4744 862 4805 οἷς
916 4742 978 4799 ἂν
1023 4744 1183 4799 αὐτὸν
1226 4744 1527 4817 ὁμοιώσης,
1566 4738 1620 4795 ἓν
1664 4738 1853 4813 ἐκείνῳ
1898 4738 1933 4798 δί

2039 4742 2259 4803 multos
2291 4742 2587 4815 invenies,
2621 4743 2842 4824 quibus
2869 4743 3066 4825 ipsum
3113 4744 3545 4808 assimilaveris
3578 4765 3592 4806 :
3629 4745 3694 4808 in

290 4834 571 4897 παντελῶς
605 4832 841 4911 ὀλίγους.

2040 4828 2142 4890 ἰΙΙο
2172 4839 2398 4906 autem,
2428 4832 2678 4895 omnino
2709 4852 2952 4914 paucos.

378 4917 467 4985 δ’.
532 4923 695 4982 Ἐπεί
723 4921 779 4978 δὲ
824 4920 942 4979 οὔτε
1002 4919 1188 4981 λαθεῖν
1229 4925 1397 4976 ταῦτα
1454 4919 1544 4975 τὸν
1598 4919 1829 4996 πονηρὸν
1860 4919 1928 4987 ἦν

2120 4919 2272 4981 VIII.
2324 4919 2469 4982 Cum
2504 4939 2642 4985 vero
2677 4940 2787 4985 nec
2820 4922 2950 4984 fieri
2996 4932 3221 5005 posset,
3256 4931 3319 4985 ut
3368 4923 3692 5002 malignum

295 5014 415 5072 οὔτε
476 5013 554 5088 μὴ
598 5011 827 5068 λαθόντα
856 5012 1178 5087 ὑπενεγκεῖν
1222 5006 1400 5086 ῥᾴδιον
1442 5005 1806 5087 (δυσκάτοχον
1854 5010 1933 5087 γᾶι

2038 5006 2167 5069 haec
2194 5008 2478 5082 laterent,
2513 5030 2713 5093 neque
2744 5011 2794 5073 si
2845 5030 2964 5073 non
2998 5011 3333 5086 latuissent,
3367 5012 3526 5073 ferre
3567 5021 3698 5074 erat

295 5107 329 5171 ἡ
375 5105 538 5160 κακία
566 5103 655 5157 καὶ
686 5099 929 5179 ἰταμόν),
963 5097 1101 5166 δῆλα
1132 5100 1218 5153 καὶ
1252 5102 1326 5170 τῷ
1356 5102 1453 5173 τῇς
1488 5095 1697 5162 πόλεως
1727 5094 1933 5176 ἄρχοντ

2038 5097 2214 5159 facile
2247 5099 2369 5179 (res
2416 5101 2577 5161 enim
2641 5120 2771 5183 quae
2801 5100 3130 5163 difﬁciliter
3175 5100 3475 5162 contineri
3509 5109 3697 5183 potest

296 5192 368 5249 δι’
422 5192 582 5248 αὒτοῦ
625 5191 850 5268 γίνεται,
899 5186 1078 5263 πολλῇ
1119 5188 1209 5244 καὶ
1241 5188 1385 5259 αὖτῷ
1434 5188 1573 5241 κατὰ
1622 5192 1954 5263 Χριστιανῶν

300 5280 630 5361 κεχρημένῳ
691 5279 876 5353 μανίᾳο
939 5280 997 5338 ὃς
1059 5277 1143 5332 καὶ
1201 5273 1567 5361 συλληφθέντα
1640 5275 1733 5330 τὸν
1792 5281 1956 5353 Κῦρον

301 5356 448 5436 simiai;
496 5371 734 5450 ἀχθῆναι
806 5365 1194 5429 διακελεύεται,
1252 5356 1310 5423 Ὀ
1376 5363 1457 5443 δὲ,
1518 5362 1578 5419 τό
1634 5365 1956 5441 πρόσταγμα

304 5461 488 5537 γνοὺς,
525 5459 622 5526 τῆς
676 5456 887 5519 πόλεώς
919 5478 975 5512 τε
1022 5455 1233 5532 ἀπαίρει
1268 5454 1364 5511 κᾶν
1419 5458 1486 5528 τῇ
1517 5452 1649 5529 πρὸς
1710 5453 1960 5529 Αἰγύπτῳ

307 5545 528 5625 Ἀραϐίᾳ
575 5548 802 5625 γίνεναι.
856 5544 1027 5603 Ἀλλὰ
1072 5541 1260 5618 μηδεὶς
1304 5542 1576 5599 ἀσθένειαν
1629 5539 1769 5613 μηδὲ
1827 5561 1960 5615 σμι-

310 5637 733 5718 κρότηταψυχῆς
789 5643 883 5694 τοῦ
927 5632 1111 5714 ἀνδρὸς
1158 5632 1513 5712 καταγνώτω.
1564 5631 1639 5689 Ού
1670 5635 1772 5711 γὰρ
1832 5631 1962 5711 πρὸς

2040 5195 2096 5248 et
2130 5186 2451 5268 impudens
2482 5198 2573 5252 est
2612 5191 2871 5273 vitium),
2904 5191 3036 5253 haec
3070 5207 3177 5271 per
3204 5192 3402 5270 ipsum
3456 5190 3697 5268 signiﬁ-

2039 5286 2252 5338 cantur
2282 5278 2521 5359 pracsidi
2554 5280 2811 5341 civitatis
2840 5279 2940 5361 qui
2970 5297 3186 5358 magno
3214 5296 3458 5359 quoque
3489 5278 3702 5340 incita-

2040 5363 2217 5427 batur
2246 5366 2446 5429 t’urore
2475 5369 2536 5429 in
2585 5367 2993 5431 Christianos:
3040 5368 3139 5449 qui
3188 5367 3700 5448 comprehensum

2043 5472 2287 5535 quoque
2316 5457 2529 5536 Cyrum
2565 5460 2761 5519 statim
2788 5456 2964 5536 jubet
2992 5456 3156 5521 duci.
3192 5456 3301 5519 Ille
3320 5468 3523 5519 autem
3558 5477 3697 5519 cum

2039 5544 2277 5625 jussum
2305 5547 2707 5628 cognovisset,
2734 5546 2961 5609 recedit
2995 5566 3029 5609 a
3058 5546 3320 5622 civitate,
3351 5556 3411 5609 et
3444 5546 3611 5610 venit
3642 5546 3705 5608 in

2044 5632 2357 5715 Arabiam,
2387 5655 2519 5722 qute
2549 5635 2965 5725 estinﬁnibus
2989 5636 3249 5722 Egypti.
3285 5636 3472 5702 Nemo
3504 5645 3704 5703 autem
