4060 6200
446 214 606 281 1239
1738 221 2022 286 ΜΕΝὸΙὸ
2082 223 2099 285 l

2186 219 2544 286 NUARIUS.
3679 212 3828 279 1240

444 372 579 416 eum
606 351 968 415 condemnet
986 352 1437 428 imbecillitatis,
1467 371 1664 434 neque
1690 352 1893 435 pusilli
1917 361 1974 414 et
2003 352 2098 414 ab-

2186 353 2280 421 τῆν
2325 361 2416 410 τοῦ
2446 354 2713 434 ἄρχοντος
2746 353 3006 429 ὡμότητα
3035 351 3263 430 βλέψας,
3301 350 3417 412 οὑδὲ
3463 351 3556 413 τὰς
3583 348 3666 408 διὰ
3698 357 3827 428 Χρι-

437 445 586 524 jecti
615 444 825 507 animi.
860 447 990 507 Non
1024 443 1181 506 enim
1234 444 1533 523 aspiciens
1566 443 1634 504 ad
1671 442 2088 505 crudelitatem

2186 445 2302 498 στὸν
2351 444 2614 520 βασάνους
2673 443 3012 522 ὑποπτήξας,
3048 441 3164 499 οὐδὲ
3193 442 3438 518 μαλακὸν
3500 440 3649 500 ούδὲν
3692 442 3828 496 ὕπο-

445 534 740 615 praesidis,
776 553 971 615 neque
1002 543 1248 614 propter
1293 532 1594 594 Christum
1626 531 1932 595 afferenda
1966 541 2095 592 tor-

2186 533 2330 611 στάς,
2376 532 2559 600 ἒξῆλθε
2615 541 2712 603 τῆς
2786 534 3018 598 πόλεως’
3083 532 3220 588 ἀλλά
3279 539 3438 589 τοῦτο
3499 532 3597 608 μὲν
3653 529 3831 606 πράγ-

449 634 650 687 menta
675 623 1297 704 reformidans,neque
1328 623 1506 685 ullam
1532 633 1670 685 otus
1698 621 1881 684 animi
1909 620 2098 682 molli-

2186 621 2354 696 γελμα
2418 624 2744 679 Δεσποτικὸν
2793 621 3106 696 ἔκπληρωνο
3159 643 3184 678 ι
3217 621 3338 680 “Οτ’
3395 625 3457 677 ἂν
3506 623 3628 699 γὰρ,
3677 622 3826 700 φησὶ,

448 713 688 780 tia,exiit
713 731 746 772 e
768 712 1147 774 civitatezsed
1172 713 1381 792 partim
1413 712 1652 792 quidem
1676 712 1930 792 implens
1954 729 2098 792 prae-

2186 707 2446 767 διώκωσιν
2503 714 2640 787 ὒμᾶς
2691 713 2765 775 εἰς
2824 713 2922 778 τὴν
2981 711 3138 768 πόλιν
3197 714 3419 790 ταύτην,
3482 712 3702 790 φεύγετε
3760 711 3830 771 εἰς

449 812 684 882 ceptum
713 800 951 862 Domini
977 803 1020 864 ¹;
1054 801 1338 874 «Quando
1365 801 1778 882 enim,inquit,
1807 793 2099 882 persecuti

2191 802 2288 868 τὴν
2318 801 2524 878 ἑτέραν·
2563 825 2589 855 ι
2651 809 2804 858 τοῦτο
2836 799 2890 857 δὲ
2945 803 3031 856 καὶ
3063 803 3195 857 κατά
3227 801 3434 880 σχολὴν
3464 801 3648 856 ἑαυτὸν
3709 798 3830 854 ἑπι-

447 910 549 952 vos
571 891 868 952 fuerintin
891 892 998 952 bac
1027 891 1291 964 civitate,
1319 892 1497 968 fugite
1533 892 1592 952 in
1623 891 1859 972 aliam;»
1893 890 2105 970 partim

449 999 584 1042 vero
612 981 792 1042 etiam
820 999 926 1060 per
946 981 1130 1042 otium
1161 981 1364 1042 volens
1387 981 1651 1062 seipsum
1696 980 2103 1053 considerare,

446 1082 630 1135 etcor
648 1092 822 1134 suum
845 1091 1087 1147 acuere,
1115 1085 1174 1135 et
1199 1073 1416 1135 deinde
1447 1072 1694 1153 aggredi
1733 1076 1804 1132 ad
1839 1071 2104 1152 pericula

444 1181 551 1243 pro
577 1163 814 1226 Christo
837 1162 1408 1244 suscipienda:forte
1427 1172 1623 1224 autem
1647 1161 2105 1242 divinaqnoque

444 1252 816 1334 providentia
837 1272 973 1315 eum
1000 1261 1254 1316 vocante
1283 1252 1341 1314 in
1365 1250 1649 1315 Arabiam
1686 1258 1932 1331 propter
1962 1250 2104 1311 inﬁ-

445 1342 638 1417 deles,
675 1361 824 1420 quos
855 1343 978 1405 illic
1012 1353 1136 1405 erat
1166 1343 1238 1404 ad
1289 1342 1589 1405 Christum
1624 1340 2013 1410 adducturus,
2050 1349 2108 1401 et

449 1432 658 1494 fideles
688 1451 899 1496 rursus
944 1433 1268 1494 eﬁ‘ecturus
1301 1431 1764 1494 constantiores.
1820 1433 1968 1492 Cum
2003 1431 2106 1492 ille

447 1539 592 1600 ergo
619 1522 707 1584 sic
729 1531 786 1586 et
811 1531 1053 1604 propter
1073 1523 1199 1584 haec
1216 1521 1477 1584 venisset
1500 1522 1559 1583 in
1589 1518 2100 1592 Arabiam,statim

447 1621 637 1674 mutat
662 1612 1100 1687 habitum,vitaa
1116 1613 1364 1674 formam
1398 1619 1455 1672 et
1474 1611 1831 1682 studium;et
1852 1627 1986 1671 cum
2011 1627 2104 1669 ca-

447 1709 700 1782 putcute
728 1709 900 1764 tenus
930 1701 1541 1772 totondisset,amictu
1564 1699 1835 1760 induitur
1869 1717 2103 1760 monas-

449 1790 588 1865 tico,
623 1800 681 1853 et
710 1791 782 1853 ad
817 1790 1054 1853 vivendi
1096 1796 1390 1852 rationem
1427 1787 1736 1851 extollitur
1783 1786 2099 1848 sublimio-

448 1896 602 1941 rem.
628 1878 860 1941 Deinde
885 1880 1062 1940 etiam
1097 1886 1280 1940 mutat
1305 1878 1546 1939 modum
1584 1875 1936 1938 curationis.
1971 1874 2100 1938 Non

446 1968 702 2045 amplius
750 1969 910 2031 enim
944 1967 1214 2031 medicus
1241 1970 1428 2049 Cyrus
1476 1964 1791 2029 dicebatur
1819 1975 1918 2027 aut
1951 1973 2099 2041 erat,

451 2055 563 2118 nisi
614 2057 773 2138 quod
806 2057 1002 2120 solum
1053 2056 1309 2119 faciebat
1357 2056 1554 2137 potius
1600 2055 1933 2118 miracula:
1983 2073 2100 2118 non

448 2146 1050 2222 medicamentorum,
1087 2165 1204 2209 non
1251 2147 1572 2208 herbarum
1636 2146 1879 2206 omnino
1929 2151 2104 2206 utens

447 2235 709 2313 auxiliis,
742 2237 848 2299 sed
903 2255 1082 2316 prece
1114 2237 1238 2298 sola
1271 2245 1329 2299 et
1357 2235 1633 2297 doctrina
1668 2255 1680 2296 :
1717 2235 1827 2296 hac
1859 2234 2100 2314 quidem

2190 890 2486 966 σκέψασθαι
2557 888 2868 966 βουληθείς,
2937 893 3024 947 γαὶ
3092 897 3371 966 στυμῶσαι
3440 888 3676 966 καρδίαν,
3739 887 3830 943 καί

2188 979 2394 1054 τόλμαν
2445 979 2674 1036 ἑνθεϊναι
2732 981 3011 1057 πρότερον,
3046 984 3168 1037 εἶτα
3213 982 3308 1036 καὶ
3363 981 3494 1057 πρὸς
3539 980 3659 1041 τοὺς
3707 978 3832 1054 ὑπὲρ

2193 1063 2420 1146 Χριστοῦ
2464 1075 2715 1148 χωρῆσαι
2765 1067 3058 1132 κινδύνους⁶
3107 1069 3253 1148 τάχα
3313 1067 3367 1123 δὲ
3425 1069 3509 1124 καὶ
3569 1066 3830 1143 θειοτέρος

2189 1161 2344 1216 αὖτὸν
2406 1160 2654 1236 προνοὶας
2713 1160 2787 1222 είς
2831 1158 2930 1224 τὴν
2975 1156 3225 1236 Ἀραϐίαν
3279 1157 3717 1236 παρακαλούσης,
3766 1154 3831 1211 δι’

2191 1249 2278 1312 οὓς
2338 1270 2394 1304 τε
2455 1261 2824 1326 προσαγαγεῖν
2888 1247 3079 1323 ἔμελλε
3125 1253 3230 1306 τῶν
3289 1249 3524 1306 ἀπίστων
3583 1247 3702 1304 ἐκεῖ
3757 1268 3830 1319 τῳ

2193 1339 2424 1417 Χριστῷ,
2478 1341 2565 1393 καὶ
2623 1340 2710 1400 οὒς
2782 1338 2944 1396 πάλιν
3005 1343 3111 1394 τῶν
3167 1344 3368 1395 πιστῶν
3412 1336 3828 1416 ἀσφαλεστέρους

2189 1430 2534 1506 ἐργάσασθαι.
2583 1427 2764 1492 Οὕτως
2826 1431 2914 1484 οὖν
2983 1434 3082 1496 τήν
3155 1425 3402 1506 Ἀραϐίαν
3471 1427 3673 1492 ἐκεῖνος
3746 1428 3830 1482 γαὶ

2186 1518 2270 1574 ἐπὶ
2331 1518 2541 1576 τούτοις
2601 1516 2914 1574 καταλαϐὼν
2989 1516 3312 1592 μεταϐάλλει
3375 1522 3710 1596 παραχρῆμα
3773 1518 3828 1571 τὸ

2185 1613 2378 1686 σχῆμα
2424 1607 2516 1664 τοῦ
2574 1608 2712 1686 βίου,
2746 1609 2807 1662 τὸ
2865 1607 3218 1684 επιτήδευμα,
3252 1606 3343 1663 καί
3395 1608 3571 1684 κείρας
3601 1609 3654 1660 ἒν
3714 1611 3829 1684 χρῷ

2185 1700 2282 1763 τὴν
2351 1694 2614 1774 κεφαλὴν,
2675 1696 2736 1752 τὰ
2802 1702 3059 1776 μοναχῶν
3117 1696 3487 1775 ἀμφιέννυται,
3551 1695 3635 1750 καὶ
3700 1696 3826 1771 πρὸς

2186 1786 2408 1863 ἀγωγην
2453 1783 2792 1862 ὑψηλοτέραν
2825 1787 3102 1864 ἀνάγεται.
3166 1786 3304 1844 Εἶτα
3351 1786 3446 1842 καί
3490 1787 3579 1841 τὸν
3636 1787 3826 1860 τρόπον

2185 1873 2393 1951 ἀμείϐει
2453 1879 2555 1941 τῆς
2586 1875 2892 1952 θεραπείας.
2953 1885 3064 1932 Ουκ
3105 1874 3181 1931 ἔτι
3237 1877 3337 1953 γὰρ
3379 1877 3554 1952 ἰατρὸς
3583 1877 3610 1929 ὁ
3665 1875 3826 1947 Κύρος

2186 1964 2400 2042 Βέγετὸ
2454 1985 2510 2020 τε
2543 1963 2637 2019 καί
2690 1964 2778 2036 ἧν,
2811 1962 2890 2020 ὅτι
2949 1966 3026 2038 μὴ
3068 1965 3465 2041 θαυματουργὸς
3496 1961 3721 2036 μᾶλλον·
3769 1965 3823 2018 ού

2187 2055 2506 2133 φαρμάκων,
2545 2053 2603 2110 οὒ
2647 2055 2889 2130 βοτανῶν
2946 2052 3085 2119 ὅλως
3141 2054 3423 2132 χρώμενος
3467 2053 3819 2128 βοηθήμασιν,

2187 2143 2309 2200 ἀλλ’
2368 2147 2509 2222 εὐχῇ
2542 2148 2684 2220 μονῇ
2739 2142 2834 2200 καὶ
2870 2142 3199 2222 διδασκαλίᾳ,
3236 2149 3303 2218 τῇ
3347 2142 3442 2215 μὲν
3489 2144 3619 2219 πρὸς
3651 2143 3821 2219 ψυχὰς

2185 2237 2420 2312 ἓχουσας
2455 2240 2656 2305 κακῶς,
2683 2238 2751 2308 τῇ
2797 2231 2850 2288 δὲ
2883 2235 3012 2313 πρὸς
3045 2233 3290 2308 σώματα.

447 2324 732 2388 adversus
762 2327 992 2388 animas
1029 2345 1157 2409 quae
1189 2327 1344 2388 male
1374 2344 1440 2388 se
1473 2323 1800 2402 habebant,
1832 2323 1936 2384 illa
1967 2342 2104 2384 vero
2137 2322 2426 2418 adversus
2458 2339 2734 2400 corpora.

505 2413 738 2473 lX.Cum
763 2430 903 2487 ergo
925 2416 1051 2488 ejus
1075 2417 1218 2473 fama
1243 2425 1417 2473 totam
1441 2415 1792 2488 pervasisset
1815 2413 2098 2478 Arabiam,

448 2501 642 2579 etjam
667 2499 739 2562 ad
766 2499 1016 2563 Joannis
1037 2519 1278 2582 quoque
1303 2518 1484 2562 aures
1505 2500 1750 2561 virtutes
1773 2497 1936 2560 illius
1956 2517 2102 2576 per-

447 2587 1062 2658 venissent,Joannem
1077 2589 1680 2672 ,inquam,illum,qui
1701 2606 1890 2668 genus
1909 2588 2104 2649 trahe-

447 2679 546 2740 bat
565 2697 632 2741 ex
660 2679 849 2760 patria
875 2679 1408 2756 Edessa,moribus
1432 2688 1626 2741 autem
1651 2687 1774 2740 erat
1795 2695 1934 2739 vere
1957 2677 2102 2739 civis

447 2768 730 2843 coelestis,
764 2777 892 2830 erat
935 2787 1071 2831 vero
1125 2769 1368 2832 militari
1421 2768 1678 2847 insignis
1724 2768 2096 2831 auctoritate.

447 2859 595 2920 Cum
625 2859 751 2920 haec
784 2877 924 2937 ergo
958 2859 1109 2920 fama
1137 2859 1207 2920 ad
1248 2858 1410 2920 illum
1437 2877 1674 2938 quoque
1706 2858 2094 2937 pervenisset,

443 2956 503 3010 et
533 2947 754 3028 alioqui
789 2965 921 3008 cum
977 2948 1385 3010 Diocletianus
1417 2947 1768 3008 intentasset
1811 2964 2097 3026 persecu-

449 3037 696 3112 tionem,
736 3037 1056 3116 prwclarus
1111 3037 1206 3098 hic
1263 3037 1462 3111 miles,
1500 3045 1721 3097 mutato
1771 3036 2004 3102 ordine,
2041 3044 2100 3094 et

2267 2410 2352 2470 6'.
2413 2416 2520 2478 Τῆς
2595 2419 2719 2488 γοῦν
2778 2412 2896 2488 περὶ
2953 2415 3112 2470 αὐτοῦ
3169 2415 3357 2492 φήμης
3411 2412 3510 2474 τὴν
3583 2410 3822 2484 Ἀραϐίαν

2186 2507 2360 2556 πᾶσαν
2418 2498 2834 2571 περιλαΰούσης,
2883 2499 2988 2568 ἤδη
3048 2501 3236 2559 δὲκαὶ
3306 2500 3559 2568 Ἰωάννην
3602 2502 3820 2569 ἀνήκοον

2185 2591 2263 2664 μὴ
2305 2587 2675 2654 ἀπολιπούσης
2722 2597 2826 2646 τῶν
2872 2590 3077 2648 ἐκείνου
3122 2590 3324 2666 καλῶν,
3383 2589 3634 2657 ἰωάννην
3674 2591 3817 2647 ἐκεῖ·

2184 2702 2299 2750 νον,
2333 2680 2388 2744 ὃς
2449 2678 2508 2734 ὲκ
2539 2677 2786 2757 πατρίδος
2835 2681 2934 2754 μέν
2968 2678 3188 2748 Ἐδέσης
3222 2683 3282 2737 τὸ
3325 2680 3479 2759 γένος
3541 2680 3696 2750 εἷλκε,
3731 2703 3815 2736 τον

2182 2767 2236 2824 δὲ
2270 2769 2466 2847 τρόπον
2509 2767 2574 2834 ἦν
2617 2766 2847 2845 ἀκριϐῶς
2890 2770 3138 2848 οὐράνιος
3187 2769 3439 2848 πολίτης,
3473 2774 3806 2848 στρατιωτικῇ

2182 2855 2486 2936 διαπρέπων
2526 2856 2663 2928 ἀξίᾳ,
2725 2859 2933 2925 Ταύτης
2997 2881 3122 2937 γουν
3205 2861 3305 2928 τῆς
3379 2862 3566 2940 φήμης
3622 2864 3704 2914 καὶ
3739 2860 3809 2920 εἷς

2182 2946 2387 3003 ἐκεῖνον
2433 2947 2791 3025 ἀφικομένης,
2840 2947 3017 3013 ἄλλως
3063 2971 3119 3005 τε
3175 2947 3228 3005 δὲ
3281 2951 3366 3006 καὶ
3441 2947 3815 3016 Διοκλητιανοῦ

2181 3040 2272 3091 τὸν
2327 3035 2562 3112 διμωγὸν
2608 3035 2994 3118 ἐπιτείναντος,
3029 3042 3120 3096 καί
3182 3041 3208 3095 ὁ
3241 3037 3403 3105 καλὸς
3455 3041 3603 3102 οὗτος
3662 3059 3809 3114 στρα-

447 3127 709 3186 humano
743 3124 958 3186 relicto
1007 3132 1295 3200 exercitu,
1334 3125 1577 3204 egregie
1630 3125 1860 3186 relatus
1899 3132 1988 3185 est
2040 3125 2095 3184 in

2186 3125 2380 3192 τιώτης
2429 3126 2528 3191 τὴν
2559 3124 2704 3190 τάξιν
2737 3127 2991 3203 ἀμείψας,
3026 3131 3114 3186 καὶ
3157 3129 3432 3206 στρατείαν
3463 3129 3560 3194 την
3621 3129 3808 3204 ἀνθρω-

374 3228 377 3232 ·
445 3231 765 3275 numerum
819 3213 1037 3276 Christi
1073 3187 1446 3289 militum-aet
1481 3187 1708 3276 inlinit
1750 3231 1815 3275 se
1868 3213 2099 3274 fortiter

2339 3187 2376 3192 ρ
2487 3187 2498 3191 -
2639 3187 2650 3190 -
2773 3187 2785 3202 ι
2879 3187 2888 3203 .
2953 3187 2991 3196 η
3223 3187 3234 3206 .
3519 3187 3531 3194 -
3715 3187 3724 3204 .

2186 3215 2341 3281 πίνην
2411 3213 2692 3272 ἀπολιπὼν
2727 3263 2742 3289 ,
2819 3231 2939 3280 τοῖς
3017 3226 3108 3275 τοὺ
3178 3217 3407 3296 Χριστοῦ
3481 3219 3811 3295 στρατιώταις

447 3320 659 3382 gerere
711 3304 996 3364 adversus
1026 3303 1160 3381 ejus
1195 3303 1418 3374 hostes,
1452 3320 1626 3382 quam
1681 3302 1963 3363 adversus
1993 3319 2098 3364 eos

2186 3308 2409 3382 εὐγενῶς
2471 3304 2811 3384 ἐνεγράφετο,
2857 3310 2941 3364 καὶ
2999 3308 3288 3386 ἀριστεύειν
3351 3309 3488 3364 κατά
3531 3314 3636 3363 τῶν
3674 3310 3814 3362 αὖτοό

448 3394 549 3472 qui
598 3399 738 3452 sunt
766 3390 965 3452 hostili
1001 3393 1200 3452 animo
1233 3391 1293 3452 iu
1349 3391 1645 3452 homines.
1699 3389 2094 3463 Quamobrem

2186 3391 2388 3468 μᾶλλον
2447 3392 2682 3474 ἐχθρῶν,
2741 3395 2775 3463 ἢ
2832 3403 2938 3452 τῶν
2997 3398 3126 3476 πρὸς
3195 3397 3497 3476 ἀνθρώπους
3555 3396 3812 3467 πολεμίων

447 3481 642 3542 statim
694 3479 958 3560 abjectis
991 3480 1276 3541 omnibus
1334 3478 1572 3561 opibus,
1606 3479 1851 3554 divitiis,
1883 3481 2094 3559 gloria,

445 3568 988 3635 auctoritate.venit
1011 3567 1685 3649 Hierosolyma.Deinde
1715 3569 1885 3631 etiam
1922 3569 2095 3648 profi-

443 3658 689 3720 ciscitur
714 3663 768 3720 in
803 3658 1360 3740 Egyptum,amore
1390 3658 1520 3738 Cyri
1545 3677 1678 3718 eum
1707 3659 1979 3719 trahente
2003 3658 2092 3718 ci-

444 3747 902 3822 tralaborem,et
929 3757 1048 3809 toto
1074 3749 1225 3828 pede
1259 3751 1389 3830 ejus
1415 3766 1684 3827 gressum
1719 3748 2095 3810 accelerante

441 3837 515 3899 ad
564 3855 725 3907 eum,
759 3840 858 3917 qui
893 3847 982 3899 est
1012 3839 1280 3919 ejusdem
1336 3837 1475 3899 fidei
1513 3857 1526 3897 :
1567 3847 1632 3899 ut
1671 3843 1771 3916 qui
1805 3855 1923 3899 una
1956 3856 2093 3899 cum

442 3927 547 3990 illo
607 3927 1019 4009 philosophari
1052 3937 1110 3990 et
1164 3945 1281 3988 una
1341 3927 1608 3990 exerceri
1663 3927 2092 3989 constituisset.

446 4015 554 4088 Qui
589 4036 721 4078 cum
747 4017 819 4078 ad
853 4037 989 4079 eum
1022 4016 1408 4096 accessisset,
1434 4025 1493 4078 et
1523 4035 1641 4078 una
1662 4035 1794 4078 cum
1830 4035 1900 4077 eo
1931 4016 2098 4077 habi-

449 4113 650 4180 tasset,
688 4106 1022 4188 fuissetque
1069 4107 1456 4188 pulchrorum
1507 4105 1670 4168 illius
1701 4105 2094 4166 certaminum

446 4204 508 4255 et
555 4196 977 4258 miraculorum
1043 4205 1367 4276 spectator,
1402 4203 1524 4257 erat
1559 4197 1846 4257 novacula
1902 4203 2093 4257 cotem

2180 3481 2479 3560 προείλετο.
2561 3485 2654 3539 Διὸ
2714 3487 2810 3542 καί
2881 3487 3054 3542 πάντα
3123 3488 3280 3564 ῥίψας
3354 3488 3524 3561 ειῦθὺς,
3576 3487 3814 3561 πλοῦτον,

2179 3573 2486 3648 εὐημερίαν,
2543 3571 2720 3650 δόξαν,
2783 3574 3013 3650 ἀξίωμα.
3074 3579 3144 3643 εἷς
3202 3567 3543 3655 (ιεροσὸλυδη
3595 3577 3813 3653 ’³³9³Ῡῇ

2179 3683 2346 3722 νεῖαι.
2394 3661 2530 3718 Εἶτα
2561 3662 2656 3718 καὶ
2689 3665 2820 3741 πρὸς
2851 3665 3126 3741 Αἴγυπτον
3156 3664 3434 3741 Επιδημεϊ,
3469 3672 3576 3721 τῶν
3612 3665 3811 3741 ἐρώτων

2182 3752 2346 3828 Κύρου
2388 3750 2616 3818 ἀπονητὶ
2659 3775 2848 3808 τουτον
2903 3752 3162 3835 ἐλκότων,
3207 3758 3295 3812 καὶ
3359 3755 3469 3811 δλω
3512 3754 3637 3812 ποδί
3698 3754 3813 3823 πρὸς

2177 3841 2268 3894 τὸν
2328 3841 2624 3912 ὁμόπιστον
2681 3840 3144 3921 ἐπιταχυνόντων,
3195 3845 3293 3902 οἷα
3348 3847 3434 3900 καὶ
3493 3842 3813 3921 συμφιλοσο-

2179 3941 2302 3990 φεῖν
2358 3927 2543 4004 ἐκείνῳ
2603 3931 2691 3986 καὶ
2735 3934 3082 3990 συνασκεῖθαι
3146 3934 3543 4012 προῃρημένον.
3590 3921 3684 3996 ⁸’ος
3739 3931 3816 3986 καὶ

2179 4014 2502 4085 παραϐαλὼν
2560 4019 2726 4092 αύτῷ,
2782 4021 2877 4076 καί
2922 4023 3160 4086 σύνοικος
3207 4025 3466 4101 γεγονὼς,
3527 4024 3722 4091 θεατής
3764 4039 3812 4074 τε

2178 4113 2285 4164 τῶν
2314 4104 2492 4162 καλῶν
2537 4107 2752 4164 ἐκείνων
2783 4109 3007 4188 ἀγώνων
3059 4115 3146 4168 καὶ
3188 4114 3472 4187 θαυμάτων
3513 4113 3813 4190 γενόμενος,

2180 4195 2326 4273 ξυρὸς
2356 4198 2424 4262 ἧν
2466 4195 2666 4264 ἀκόνης
2712 4197 3010 4278 ἐπιτυχὼν,
3043 4203 3132 4258 καὶ
3175 4203 3236 4258 τὸ
3287 4201 3478 4258 λοιπὸν
3534 4203 3608 4265 εἷς
3668 4200 3815 4256 αὖτὶυν

447 4293 642 4361 nacta,
678 4294 735 4346 et
765 4285 1053 4366 deinceps
1087 4285 1158 4348 ad
1191 4304 1328 4348 eum
1391 4284 1740 4366 aSpiciebat,
1778 4293 1836 4347 et
1864 4285 2098 4346 virtutis

2186 4286 2343 4364 ἑώρα,
2390 4287 2486 4340 καὶ
2534 4292 2640 4342 τῶν
2702 4288 2858 4345 αὐτοῦ
2918 4290 3012 4358 τῆς
3080 4292 3274 4369 ἀρετῆς
3343 4293 3513 4369 lxvii»:
3574 4289 3816 4365 ἐμμελῶς

452 4376 581 4453 ejus
636 4374 880 4454 vestigia
911 4375 1233 4454 diligenter
1281 4374 1692 4455 sequebatur:
1731 4393 1848 4436 non
1882 4385 1950 4435 ut.
1991 4383 2095 4452 qui

2186 4372 2392 4453 εἴχετο,
2440 4376 2499 4431 οὐ
2541 4376 2678 4430 κατὰ
2709 4379 2955 4451 μαθητὴν
3014 4378 3302 4460 ἐλλείπων,
3334 4381 3473 4436 ἀ).ὶά
3502 4387 3594 4436 τοῦ
3639 4381 3820 4454 ὁμοίου

451 4465 626 4542 longe
643 4464 716 4525 ab
741 4483 812 4526 eo
837 4463 1074 4526 abesset
1093 4474 1154 4526 ut
1177 4463 1640 4546 discipulus,sed
1664 4464 1762 4544 qui
1784 4463 1912 4542 ejus
1935 4464 2097 4524 simi-

2186 4468 2310 4541 πρὸς
2372 4461 2640 4542 ἀκρίϐειαν
2699 4469 3122 4546 στοχαζόμενος.
3173 4477 3274 4528 Τοῦ
3305 4468 3542 4546 διωγμοῦ
3595 4467 3674 4540 δὲ,
3710 4468 3818 4524 ὥσ-

449 4553 768 4615 litudinem
795 4563 1073 4615 accurate
1093 4561 1535 4634 assequeretur.
1564 4551 1708 4616 Cum
1732 4561 1928 4614 autem
1954 4571 2094 4633 per-

2186 4575 2278 4631 περ
2349 4553 2574 4634 ἔφημεν,
2645 4553 2966 4635 ἀγριώτερον
3024 4561 3373 4631 πνεύσαντος,
3421 4557 3818 4633 συλλαμϐάνον-

449 4642 677 4704 secutio
696 4643 1076 4725 spirasset,ut
1093 4643 1952 4717 diximus,vehementius,tres
1978 4643 2099 4723 qui-

2186 4665 2265 4699 ται
2321 4644 2418 4717 μὲν
2471 4656 2617 4721 τρεῖς
2665 4644 2752 4700 τὸν
2815 4646 3036 4723 ἀριθμὸν
3093 4651 3339 4729 παρθένοι
3400 4651 3535 4723 μετά
3593 4651 3817 4724 μητρὸς,

448 4733 582 4794 dem
611 4751 862 4795 numero
891 4731 1149 4811 virgines
1177 4751 1311 4794 cum
1347 4741 1535 4794 matre
1564 4731 2095 4811 comprehendun-

2186 4733 2245 4788 τὰ
2292 4737 2619 4809 Χριστιανῶν
2675 4736 2980 4808 μετιοῦσαςο
3043 4737 3262 4816 ἄγονται
3317 4737 3371 4795 δὲ
3439 4740 3512 4802 εἰς
3575 4735 3820 4796 Κάνωϐον

449 4832 564 4898 tur,
601 4840 733 4904 quae
765 4841 861 4885 res
890 4821 1276 4884 sectabantur
1305 4821 1777 4885 Christianorum
1815 4841 1828 4883 :
1861 4822 2098 4882 ducun«

2186 4820 2362 4901 πόλιν,
2412 4829 2679 4880 Κασιανοῦ
2731 4823 2828 4898 μὲν
2869 4825 2970 4892 τὴν
3013 4829 3208 4904 μιαρὰν
3265 4828 3318 4884 ἓν
3378 4831 3544 4904 ταύτῃ
3604 4831 3710 4883 τῶν
3767 4827 3821 4882 οὗ

447 4923 542 4974 tur
593 4929 738 4974 vero
769 4912 830 4974 in
862 4912 1165 4974 civitatem
1228 4911 1559 4987 Canodum,
1591 4929 1726 4972 cum
1780 4911 2099 4974 Cassianus

2186 4917 2312 4968 θεῶν
2373 4911 2632 4988 ἱερατείαν
2687 4908 2984 4988 διέποντος,
3046 4920 3302 4994 Συριανοῦ
3373 4918 3427 4974 δὲ
3485 4918 3585 4984 τὴν
3643 4918 3818 4996 ἀρχὴν

454 5003 888 5064 exsecrandum
925 5020 1158 5075 eorum,
1195 5001 1300 5082 qui
1329 5001 1410 5062 dii
1445 5019 1564 5062 non
1600 5010 1761 5075 sunt,
1796 5009 2099 5062 exerceret

2186 4999 2430 5078 ἔχοντος.
2477 5005 2654 5057 Ταῦτα
2711 4998 2764 5056 δὲ
2811 5004 2870 5060 οὗ
2927 5018 3050 5069 ταῖς
3096 5006 3373 5084 παρθένοις
3429 5009 3517 5063 καὶ
3547 5013 3614 5082 τῇ
3657 5003 3821 5083 μητρΐ

446 5092 874 5166 sacerdotium,
938 5090 1218 5172 Syrianus
1277 5098 1474 5153 autem
1546 5090 1800 5152 civitatis
1856 5089 2099 5150 haberet

2186 5091 2394 5164 μόναις,
2429 5087 2550 5145 ἀλλ’
2603 5089 2706 5158 ἤδη
2738 5094 2832 5150 καί
2870 5097 3010 5169 αὖτῷ
3075 5099 3224 5176 Κύρῳ
3270 5100 3358 5154 καὶ
3402 5097 3622 5172 Ἰωάννη
3657 5101 3820 5152 καθα-

450 5181 1054 5244 administrationem.
1092 5183 1229 5242 Haec
1258 5192 1461 5242 autem
1520 5199 1638 5242 non
1670 5177 2005 5258 virginibus
2037 5188 2099 5241 et

2186 5181 2329 5258 περεὶ
2375 5181 2625 5266 προοίμια
2683 5183 2770 5238 καὶ
2822 5184 2955 5264 ἀχαὶ
3013 5195 3104 5242 τοῦ
3157 5188 3439 5265 μαρτυρίου
3500 5187 3816 5266 ἐτύγχανον,

450 5271 623 5331 matri
656 5271 822 5346 solis,
845 5269 952 5333 sed
987 5270 1165 5332 etiam
1190 5269 1301 5350 ipsi
1330 5288 1571 5352 quoque
1595 5270 1740 5349 Cyro
1773 5277 1831 5329 et
1853 5266 2094 5341 Joanni,

2186 5272 2267 5324 καὶ
2322 5265 2693 5325 ὃιαπλέκεσθαι
2724 5273 2938 5338 τούτοις
2994 5273 3097 5342 ἤδη
3128 5276 3387 5356 στέφανος
3432 5265 3665 5356 ἤρχετοξ
3701 5277 3819 5331 Δείο

444 5362 689 5422 fuerunt
719 5360 900 5423 veluti
934 5360 1252 5440 [prooemia
1283 5369 1341 5422 et
1369 5358 1666 5441 principia
1713 5355 2006 5438 martyrii,
2039 5365 2099 5420 et

2186 5380 2278 5421 σας
2337 5358 2435 5437 γὰρ
2467 5358 2494 5412 ὁ
2540 5365 2728 5436 Κῦρος,
2765 5369 2842 5438 μὴ
2886 5365 2948 5420 τὸ
3001 5366 3183 5442 νεαρὸν
3212 5355 3317 5422 τῶν
3376 5355 3644 5446 παρθένων
3679 5366 3816 5424 ἀπο-

523 5541 542 5586 ¹
573 5539 777 5608 Matth.
811 5557 871 5607 x.
900 5539 1002 5607 23.
