4060 6200
286 287 439 358 1241

1416 275 1606 343 VITA
1655 273 1759 340 ss.
1804 273 1986 338 CYRI
2029 250 2130 337 ET
2189 269 2533 337 JOANNIS.

3514 265 3664 332 1242

279 423 524 499 δειλιάση
594 418 726 498 πρὸς
787 416 848 473 τὸ
911 412 1082 494 τραχὺ
1142 417 1248 470 τῶν
1319 409 1619 485 κολάσεων,
1667 407 1783 466 ἐπεὶ
1838 409 1923 499 καί

2010 407 2135 487 jam
2185 404 2512 486 incipiebat
2543 401 2631 465 eis
2661 399 2898 465 contexi
2931 417 3174 464 corona.
3229 399 3472 464 Veritus
3501 399 3661 464 enim

275 497 649 591 κομιδῇ-τὴν
679 505 896 576 ἡλικίαν
955 502 1097 571 ἦσαν
1155 501 1384 560 νεώαται
1459 499 1778 579 (Θεοκτίστη
1838 497 1935 591 μὲν

274 585 469 683 vizin
526 597 621 656 καί
685 592 1026 675 πρεσϐυτάτη
1084 597 1190 650 τῶν
1249 596 1409 668 τριῶν
1460 590 1551 668 ἧν,
1585 585 1934 646 πεντεκαιδε-

273 677 441 752 κάτου
485 689 688 758 ἥπτετο
717 686 893 749 ἴτους“
950 689 1019 760 τῇ
1047 680 1102 738 δὲ
1131 680 1252 756 μετ’
1305 681 1467 748 αὐτὴν
1503 677 1734 756 Θεοδότῃ
1778 698 1931 756 τρισ-

271 781 589 844 καιδέκατος
661 777 849 845 ἠνύετο
913 773 1139 853 χρόνος⁶
1207 768 1420 836 Εὖδοξία
1491 767 1571 849 δὲ,
1631 771 1662 838 ἡ
1741 768 1934 824 τούτων

271 872 512 952 ἐσχάτη,
544 865 826 926 ἑνδέκατον
869 861 986 926 ἔτος
1030 859 1182 940 ἦγε).
1232 858 1331 916 Διὰ
1359 863 1524 952 ταῦτα
1567 858 1758 952 γοῦνὸ
1811 863 1930 952 ΔΙίῡτ

271 945 377 1041 ρος*
425 945 590 1031 δείλίᾳ
618 954 840 1034 ληφθεὶς
891 951 1023 1030 ὑπέρ
1067 951 1172 1007 τῶν
1229 947 1526 1041 παρθένων,
1565 945 1681 1004 ἔπει
1713 946 1829 1041 ’καὶ
1872 945 1932 1041 τί)

270 1034 371 1118 τῆς
429 1045 643 1117 ἡλικίας
702 1043 927 1121 ταύτης,
987 1041 1076 1098 καὶ
1146 1039 1354 1115 μᾶλλον
1433 1038 1488 1095 ἐν
1552 1034 1809 1116 γυναιξὶν,
1873 1034 1932 1092 οὒ

271 1137 424 1220 φόϐῳ
479 1136 765 1195 κολάσεων
826 1131 1020 1195 ἀπλῶς
1077 1129 1408 1210 χειρωθῆναι
1435 1127 1760 1220 πρόχειρον,
1798 1125 1938 1220 ἀλλὰ.

273 1216 365 1290 καὶ
437 1225 746 1289 κολακείαις
816 1221 1182 1303 ὑποφθαρῆναι
1274 1217 1614 1276 παντάπασιν
1687 1216 1932 1299 εὖχερὲς,

274 1315 558 1376 κατελθεῖν
630 1316 704 1379 εἰς
768 1311 868 1380 τὴν
932 1307 1090 1368 πόλιν
1149 1307 1448 1386 ἀναγκαῖον
1513 1305 1776 1386 ὑπείληφε
1834 1309 1931 1362 καῖ

275 1409 498 1488 ταύτας,
529 1408 602 1470 ὡς
659 1403 784 1462 οἶόν
825 1422 907 1476 τε,
943 1401 1076 1478 πρὸς
1133 1399 1253 1462 τοὺς
1298 1402 1510 1478 ἀγῶνας
1571 1395 1929 1475 ἐπιθαῤῥῦναι,

274 1495 451 1555 Φόϐου
480 1485 608 1575 ’γὰρ
638 1493 738 1560 ἔξω
782 1493 872 1548 καὶ
900 1490 1134 1566 ὑποψίας
1190 1485 1308 1545 οὐδὲ
1337 1489 1434 1555 τὴν
1491 1486 1700 1565 μητέρα
1727 1485 1930 1575 τούτων

273 1573 531 1645 ἐποιεῖτο
574 1581 916 1656 Ἀθανασίαν,
950 1585 1106 1637 τοῦτο
1151 1577 1249 1655 μὲν
1281 1590 1515 1657 γυναῖκα
1558 1577 1722 1633 οὖσαν
1751 1573 1925 1649 εἰδὼς,

2019 498 2206 578 Cyrus
2230 495 2521 575 virginum
2544 492 3140 556 temeritudinem.ne
3157 509 3370 573 aspera
3391 491 3668 553 reformi-

2019 585 2235 648 darent
2266 584 2580 666 supplicia,
2615 581 2853 664 quando
2881 581 3125 664 quidem
3152 589 3320 643 erant
3351 588 3522 644 astate
3552 581 3662 644 ad-

2019 676 2264 738 modum
2283 674 2534 756 juvenili
2571 672 2937 754 (Theoctiste
2963 671 3151 747 enim,
3173 687 3304 753 quae
3334 678 3462 734 erat
3484 671 3663 734 trium

2018 773 2190 828 aetate
2240 772 2381 826 natu
2433 764 2712 835 maxima,
2761 763 3059 826 decimum
3116 763 3388 842 quintum
3441 781 3664 824 annum

2019 854 2284 917 nondum
2314 853 2591 935 attigerat
2618 875 2634 929 ;
2665 853 2976 917 Theodota
3000 861 3222 932 autem,
3256 870 3387 934 quae
3403 870 3532 915 eam
3566 869 3666 914 se-

2020 943 2334 1026 quebatur,
2361 944 2574 1026 agebat
2603 963 2824 1007 annum
2859 951 3128 1025 quartum
3163 942 3460 1004 decimum
3492 963 3505 1002 :
3540 942 3664 1005 Eu-

2020 1035 2195 1096 doxia
2220 1035 2656 1110 vero,omnium
2691 1033 2956 1110 minima,
2983 1031 3192 1114 agebat
3220 1051 3442 1096 annum
3469 1031 3664 1095 unde-

2021 1124 2286 1203 cimum).
2317 1126 2424 1188 His
2448 1142 2590 1203 ergo
2623 1123 2698 1186 de
2727 1125 2924 1186 causis
2953 1125 3168 1186 timore
3197 1122 3446 1186 affectus
3478 1123 3664 1203 Cyrus

2019 1231 2200 1276 causa
2217 1214 3030 1296 virginum,quandoquidem
3050 1214 3176 1276 hinc
3201 1223 3367 1289 tetas,
3391 1223 3450 1276 et
3472 1213 3664 1276 maxi-

2017 1321 2114 1366 me
2136 1303 2296 1366 inter
2317 1304 2743 1370 mulieresmon
2758 1303 2948 1366 solum
2968 1301 3141 1365 facile
3163 1302 3318 1365 vinci
3337 1312 3666 1384 potestme-

2018 1399 2079 1456 tu
2108 1393 2540 1476 suppliciorum
2573 1394 2678 1456 sed
2703 1395 2879 1456 etiam
2910 1391 3218 1455 blanditiis
3239 1393 3401 1456 nullo
3426 1394 3664 1471 negotio

2015 1483 2814 1565 corrumpiturzexistimavit
2844 1501 2974 1546 esse
2995 1484 3498 1566 necessarium,ut
3520 1483 3662 1546 des-

2014 1577 2287 1633 cenderet
2311 1576 2382 1634 ad
2405 1577 2718 1642 civitatem,
2742 1585 2794 1634 et
2817 1576 3114 1648 eis,quoad
3147 1575 3272 1650 ejus
3293 1576 3419 1634 ﬁeri
3451 1586 3664 1648 posset,

273 1686 428 1737 τοῦτο
487 1673 541 1732 δὶ
598 1673 685 1731 καί
747 1673 953 1750 μητέρα
1012 1667 1313 1748 θυγατέρων
1373 1666 1512 1724 οὕτω
1571 1667 1794 1740 νεαρῶν,
1841 1667 1923 1722 καῖ

2012 1659 2254 1719 adderet
2277 1662 2536 1719 animum
2561 1662 2968 1750 adcertamen.
3003 1661 3136 1718 Nam
3161 1676 3268 1718 nec
3289 1671 3410 1720 erat
3429 1661 3662 1735 quidem

271 1766 517 1845 ἃγουσῶν
575 1745 787 1832 ἠλικίον
833 1745 1015 1828 ⁴ἣγκοιί
1073 1745 1306 1836 μητέρος
1367 1756 1662 1838 εὐφραίνειν
1724 1753 1923 1845 ὀφθαλ-

2010 1753 2170 1845 extra
2193 1746 2586 1817 suspicionem
2607 1745 2678 1802 de
2694 1760 2893 1803 earum
2916 1747 3662 1818 matreAthanasia:partim

272 1829 406 1933 μους
438 1853 577 1926 οἶδε,
600 1829 700 1910 καὶ
743 1850 872 1929 ὑπὲρ
903 1859 997 1909 τοῦ
1027 1829 1198 1923 μηδὲν
1217 1829 1404 1911 ἀῦτᾶς
1436 1829 1626 1904 παθεῖν
1681 1829 1923 1926 χαλεπόν

2013 1829 2419 1912 quidem.cum
2443 1849 2511 1893 ea
2526 1832 2711 1895 sciret
2733 1849 2867 1894 esse
2887 1831 3442 1913 mulierem:partim
3465 1840 3670 1894 autem

271 1968 322 2003 οι
369 1950 480 2002 τῶν
531 1940 849 2011 ἀϐουλήτων
893 1940 1057 2018 μητρὶ
1113 1937 1193 2014 μὴ
1250 1935 1474 2004 θελητὸν
1513 1935 1754 2015 γενέσθαι
1812 1957 1924 1992 πα-

270 2033 606 2109 ρασκευάσει.
661 2030 836 2090 Ταῦτα
893 2029 1089 2104 μεστὸν
1149 2026 1315 2085 ἐποίει
1372 2025 1519 2090 δέους
1579 2027 1671 2082 τὸν
1733 2031 1921 2103 Κῦρον,

263 2125 584 2199 ’ὑπονούντα,
643 2121 724 2196 μή
768 2120 855 2176 καὶ
905 2121 940 2187 ἡ
983 2118 1181 2196 ,μήτηρ
1253 2114 1555 2192 ἒπικλαοθῇ
1629 2115 1929 2193 θυγατέρων

272 2213 508 2287 νεότητι,
544 2211 623 2286 μὴ
688 2209 826 2285 πάθῃ
881 2208 948 2265 τὰ
993 2205 1310 2286 σπλάγχνα,
1361 2207 1446 2262 καὶ
1502 2205 1790 2281 ἡττωμένη
1835 2204 1931 2271 τῆς

274 2303 505 2382 φύσεως,
559 2299 848 2381 φθέγξηταί
903 2319 950 2354 τι
1014 2296 1144 2376 πρὸς
1208 2296 1392 2375 αὐτὰς,
1455 2295 1491 2364 ἢ
1557 2295 1644 2351 καὶ
1704 2295 1932 2350 νεύσειεν

270 2389 502 2448 ὶλεεινὸν
561 2389 649 2446 καὶ
677 2385 1008 2462 ἒνδυόσιμον.
1066 2392 1245 2444 Ταῦτα
1277 2393 1429 2465 γοῦν,
1458 2384 1639 2462 ὥσπερ
1701 2382 1930 2466 ἔφημεν,

271 2481 565 2538 ὕπνοοῦντα
613 2479 705 2534 τὸν
751 2483 944 2557 Κῦρον,
978 2477 1052 2538 είς
1103 2475 1202 2543 τὴν
1256 2472 1412 2530 πόλιν
1461 2475 1688 2551 εἰσάγει.
1751 2475 1933 2547 Τοῦτῳ

271 2567 329 2626 δὲ
379 2569 468 2626 καὶ
513 2569 539 2625 δ
597 2565 761 2630 καλὸς
813 2565 1002 2622 ε’ίπετο
1047 2562 1328 2632 ἰωάννηςο
1389 2562 1478 2620 καί
1534 2565 1770 2642 γίνονται
1824 2569 1928 2619 τῶν

269 2659 495 2739 ἀγώνων
546 2656 738 2721 αὐταῖς
811 2653 1066 2711 ἀλεῖπται
1140 2653 1253 2733 (1),
1314 2654 1403 2710 καὶ
1473 2661 1569 2710 τοῦ
1643 2654 1928 2732 μαρτυρίου

269 2748 436 2806 καλὸν
488 2745 818 2828 ἀρχέτυπον,
852 2744 984 2821 ὅπερ
1031 2744 1095 2810 ἧν
1130 2746 1222 2800 οὐκ
1270 2743 1476 2808 ἐκείνας
1524 2746 1600 2817 τῷ
1655 2746 1924 2822 μαρτυρίῳ

267 2851 660 2918 προσαγαγεῖν,
721 2834 858 2894 ἀλλὰ
899 2834 999 2901 τὴν
1056 2835 1260 2890 ἑαυτῶν
1331 2831 1624 2910 ὁμολογίαν
1696 2834 1922 2912 φανερὰν

267 2933 627 3000 καταστῆσαι,
691 2924 898 3002 μᾶλλον
950 2923 1002 2980 δὲ
1059 2921 1126 2980 δι’
1177 2921 1434 2994 ἀλλήλων
1480 2923 1728 3000 ἑκάτερα,
1777 2922 1922 2985 ὅπως

268 3020 415 3078 αὐτοί
470 3039 527 3074 τε
611 3015 695 3072 διὰ
751 3016 848 3078 τὰς
914 3014 1202 3093 παρθένους
1283 3012 1754 3092 παῤῥησιάσωνται
1826 3013 1924 3080 τὴν

2014 1932 2264 1987 matrem
2301 1942 2539 2006 quoque
2573 1923 2829 1987 ﬁliarum
2863 1933 2980 1987 tam
3015 1934 3236 1987 tenerae
3285 1925 3496 2000 aetatis,
3530 1943 3664 2006 quae

2010 2018 2128 2080 scit
2146 2018 2356 2081 matris
2381 2018 2683 2081 oblectare
2714 2017 2941 2096 oculos,
2969 2029 3027 2082 et
3059 2037 3135 2081 ne
3164 2019 3308 2100 ipsae
3337 2036 3515 2098 grave
3545 2017 3666 2080 ali-

2012 2107 2160 2186 quid
2195 2107 2517 2189 patiantur,
2555 2109 2775 2171 efficiet
2806 2107 2967 2190 quod
3009 2110 3199 2172 nolint
3228 2108 3478 2189 aliquid,
3501 2109 3662 2190 quod

2014 2215 2135 2260 non
2159 2198 2279 2260 vult
2303 2207 2514 2262 mater.
2538 2197 2676 2261 Haec
2697 2199 2907 2280 Cyrum
2935 2209 3097 2261 metu
3119 2197 3452 2280 replebant,
3478 2197 3663 2260 dubi-

2014 2296 2238 2350 tantem
2290 2306 2366 2349 ne
2419 2296 2608 2350 mater
2657 2307 2894 2370 quoque
2944 2289 3314 2368 frangeretur
3352 2289 3662 2368 jnventute

2016 2375 2295 2451 filiarum,
2317 2395 2395 2440 ne
2418 2378 2548 2457 ejus
2579 2385 2928 2459 paterentur
2948 2377 3200 2452 viscera,
3236 2385 3294 2438 et
3317 2376 3470 2438 victa
3497 2395 3532 2438 a
3555 2395 3664 2437 na-

2014 2465 2521 2541 tura,miserabile
2543 2467 2916 2550 aliquid,quo
2941 2487 3006 2530 se
3029 2468 3247 2531 cedere
3275 2465 3662 2546 significaret,

2012 2555 2102 2619 eis
2130 2556 2492 2633 diceret,aut
2512 2556 2689 2619 etiam
2711 2566 3034 2620 annueret.
3067 2558 3205 2620 Haec
3228 2575 3393 2635 ergo,
3422 2555 3661 2618 etdixi-

2010 2663 2170 2722 mus,
2206 2645 2577 2708 dubitantem
2634 2646 2846 2728 Cyrum
2878 2647 3171 2709 inducunt
3211 2647 3273 2708 in
3331 2645 3656 2712 civitatem.

2008 2733 2156 2799 Eum
2184 2743 2383 2799 autem
2424 2737 2696 2818 egregius
2718 2756 2959 2820 quoque
2989 2738 3354 2819 sequebatur
3373 2738 3656 2801 Joannes.

2007 2825 2186 2888 Fiunt
2238 2845 2372 2889 vero
2404 2827 2524 2888 illis
2554 2828 2640 2890 eis
2671 2828 2868 2909 alipta
2924 2827 2997 2890 ad
3031 2828 3383 2902 certamina,
3418 2833 3476 2889 et
3518 2827 3660 2909 pul-

2008 2915 2219 2977 chrum
2274 2919 2586 2997 exemplar
2632 2917 2946 2998 martyrii:
2999 2917 3158 2996 quod
3213 2917 3454 2999 quidem
3504 2927 3658 2995 erat,

2011 3023 2131 3066 non
2165 3005 2298 3069 illas
2329 3007 2632 3069 adducere
2664 3007 2739 3069 ad
2760 3006 3130 3090 martyrium,
3157 3007 3267 3070 sed
3297 3025 3470 3069 suam
3505 3009 3662 3089 ipso-

266 3105 559 3182 εὐσέϐειαν,
594 3105 840 3171 κάκείνας
896 3105 1100 3181 θύματα
1135 3107 1346 3180 Χριστῷ
1390 3101 1454 3160 δι’
1487 3103 1688 3160 ἑαυτῶν
1746 3124 1920 3180 προσ-

2010 3113 2136 3157 rum
2163 3095 2601 3158 confessionem
2631 3096 3006 3160 manifestam
3033 3097 3300 3161 efficere:
3333 3097 3424 3159 vel
3462 3098 3658 3178 potius

266 3197 576 3278 ενέγκωσιν.

350 3464 412 3528 Ι’,
478 3455 774 3544 ’Υπηρέτας
807 3463 897 3521 οὗν
945 3462 1033 3518 καὶ
1063 3465 1207 3525 αὖθις
1261 3466 1356 3521 οὐκ
1385 3460 1610 3538 ἀμελεῖς
1655 3467 1756 3529 τῆς
1789 3462 1916 3518 ἑαυ-

264 3564 360 3614 τοῦ
405 3557 589 3620 κακίας
636 3558 662 3611 ὁ
720 3554 912 3634 ἐχθρὰς
972 3552 1237 3630 εὑρηκὼς,
1288 3551 1424 3610 οὕτω
1480 3558 1586 3607 τῶν
1645 3551 1923 3630 μαρτύρων

266 3647 459 3710 αὐτοὺς
520 3645 788 3703 ἀναπείθει
860 3643 995 3717 πρὸς
1059 3643 1152 3698 τὸν
1209 3639 1448 3723 ἄρχοντα
1495 3655 1796 3717 κατειπεῖν,
1849 3642 1921 3704 ὡς

262 3737 365 3816 ἄρα
413 3735 530 3794 Εἰσί
556 3757 692 3798 τινες
737 3735 998 3812 ἀγνῶτες,
1036 3735 1063 3789 ὁ
1109 3733 1207 3808 μὲν
1238 3743 1565 3812 μοναχικον,
1601 3734 1628 3788 ὁ
1655 3729 1709 3786 δὲ
1755 3753 1919 3810 στρα-

261 3828 512 3884 τιωτικὸν
544 3830 737 3905 σχῆμα
781 3824 1069 3903 σώζοντες,
1103 3835 1160 3879 οῖ
1217 3823 1311 3885 τᾶς
1347 3819 1742 3900 συλληφθεισας
1803 3819 1918 3898 ἄρτι

260 3915 549 3994 παρθένους
609 3913 1067 3993 παρασκευάζουσι
1118 3915 1251 3968 θεῶν
1312 3911 1410 3987 μὲν
1480 3911 1585 3966 τῶν
1646 3911 1918 3988 ἡμετέρων

258 4019 641 4086 καααφρονεῖν,
689 4003 907 4078 δυνάμει
964 4023 1024 4058 τε
1068 4002 1215 4079 πάσῃ
1261 4001 1360 4069 τὴν
1419 4000 1592 4057 αὐτῶν
1631 4000 1918 4075 ἀπώμοτον

256 4098 532 4154 ποιεῖσθαι
586 4094 894 4172 θρησκείαν,
953 4093 1042 4147 καὶ
1115 4091 1182 4147 τὰ
1249 4091 1508 4168 Καίσαρος
1582 4086 1916 4167 διατάγματα

257 4192 521 4265 παρορᾷν,
578 4184 787 4251 Ἰησοῦν
861 4181 916 4238 δέ
984 4203 1103 4238 τινα
1173 4181 1337 4256 μόνον
1405 4179 1768 4260 ἔπιιρημίζειν,
1830 4187 1915 4242 καὶ

257 4277 431 4348 τούτῳ
487 4273 870 4354 προσανέχειν,
932 4269 1032 4327 ὅσα
1091 4277 1232 4350 Θεῷ,
1290 4271 1362 4336 εἰς
1435 4268 1647 4336 ἔνδειξίν
1718 4291 1776 4328 τε
1821 4275 1916 4337 τῆς

261 4365 396 4442 πρὸς
466 4363 624 4420 αὐτὸν
681 4364 883 4426 εὐνοίας
945 4362 1135 4438 μικρὸν
1193 4362 1441 4438 ηγεῖσθαι
1521 4362 1614 4416 τὸν
1664 4361 1914 4422 θάνατσν.

2008 3191 2333 3265 utrumque
2367 3203 2474 3266 per
2502 3203 2567 3247 se
2597 3184 2879 3264 invicem,
2915 3195 2979 3247 ut
3024 3196 3082 3249 et
3111 3187 3226 3268 ipsi
3263 3194 3503 3266 propter
3532 3186 3658 3248 vir-

2005 3274 2175 3354 gines
2209 3274 2398 3338 libere
2454 3294 2620 3337 suam
2653 3277 3043 3339 ostenderent
3075 3275 3379 3358 pietatem,
3416 3283 3477 3338 et
3526 3277 3658 3339 illas

2004 3386 2112 3449 per
2144 3387 2209 3430 se
2240 3366 2479 3432 Christo
2511 3369 2796 3432 offerrent
2826 3370 3076 3434 hostias.

2064 3456 2295 3520 X.Cum
2327 3458 2526 3539 itaque
2547 3476 2754 3520 rursus
2775 3478 2897 3521 suae
2914 3459 3313 3540 improbitatis
3333 3478 3450 3522 non
3474 3459 3662 3538 negli-

2006 3553 2184 3626 gente
2219 3549 2530 3610 ministros
2559 3547 2891 3610 invenisset
2920 3550 3317 3625 inimicus,eis
3341 3551 3660 3630 persuadet

2006 3636 2246 3718 praesidi
2290 3637 2494 3699 dicere
2527 3638 2601 3699 de
2634 3638 2992 3718 martyribus
3024 3659 3038 3699 :
3074 3640 3232 3716 quod
3267 3640 3497 3702 scilicet
3528 3641 3657 3703 Sint

2006 3725 2248 3807 quidam
2283 3726 2491 3806 ignoti,
2527 3745 2682 3790 unus
2711 3729 2951 3808 quidem
2980 3730 3496 3807 monastico,alter
3514 3747 3656 3791 vero

2003 3815 2246 3878 militari
2278 3816 2497 3877 indulti
2521 3817 2872 3898 amictu,qui
2898 3818 3258 3885 efﬁciunt,ut
3290 3819 3464 3880 modo
3487 3837 3655 3879 com-

2003 3905 2318 3986 prehensae
2367 3907 2654 3988 virgines,
2687 3908 2831 3968 deos
2879 3908 3118 3989 quidem
3166 3916 3404 3969 nostros
3449 3907 3655 3987 despi-

2002 3994 2184 4069 ciant,
2239 3995 2496 4078 totisque
2556 3997 2784 4058 viribus
2835 3998 3113 4076 adjurent
3167 4005 3225 4059 et
3268 4007 3656 4060 exsecrentur

2004 4101 2210 4148 eorum
2234 4087 2616 4166 religionem,
2640 4087 3011 4169 Caesarisque
3049 4089 3211 4168 jussa
3238 4095 3647 4155 contemnant:

1997 4180 2199 4237 Jesum
2233 4181 2766 4252 autemlquemdam
2799 4181 2988 4238 solum
3021 4180 3275 4247 laudent,
3302 4191 3354 4239 et
3384 4181 3456 4246 ei,
3489 4197 3648 4254 quae-

2006 4284 2245 4345 cunque
2265 4263 2712 4340 Deo,tribuant:
2751 4279 2807 4328 et
2828 4267 2898 4328 ad
2933 4267 3363 4330 ostendendam
3396 4287 3562 4330 suam
3594 4268 3656 4330 in

2003 4372 2138 4416 eum
2163 4353 2929 4433 benevolentiam,mortem
2955 4365 3113 4437 parvi
3138 4357 3659 4439 faciant.Syrianus

265 4453 520 4527 Συριανὸς
573 4453 745 4508 τοίνυν
816 4451 874 4506 οὒ
937 4452 1120 4528 πράως
1176 4452 1342 4506 ταῦτα
1412 4448 1722 4530 διενεγκὼν,
1798 4449 1918 4507 ἀλλ’

2010 4443 2210 4524 igitur,
2245 4464 2378 4507 cum
2429 4446 2557 4507 hzec
2615 4464 2730 4507 non
2783 4445 2994 4508 leviter
3046 4448 3307 4525 tulisset,
3342 4449 3448 4510 sed
3499 4449 3657 4511 viros
3717 4528 3721 4532 ν

264 4538 359 4597 ἀπ’
389 4540 513 4616 ὄψιν
563 4539 785 4620 ἀγαγὼν
814 4540 932 4606 τοὺς
981 4537 1276 4618 γενναίους,
1315 4547 1508 4620 Υμεῖς,
1540 4538 1670 4618 ἔφη,
1719 4537 1918 4607 δύστη-

263 4652 344 4687 νοι
394 4632 482 4686 καὶ
523 4633 660 4686 θοῶν
715 4636 822 4686 τῶν
877 4629 1148 4706 μακορίων
1206 4630 1413 4709 ἐχθροὶ,
1460 4631 1647 4710 ὑμεῖς,
1706 4631 1760 4686 οἳ
1824 4631 1919 4692 σὰς

262 4717 362 4794 μὲν
419 4719 707 4793 παρθένους
765 4719 1064 4777 ἀναπείθειν
1132 4721 1409 4795 πειρᾶσθε,
1487 4721 1575 4776 καὶ
1646 4720 1712 4776 τὰ
1785 4726 1920 4796 Χρι-

261 4808 494 4866 στιανῶν
565 4808 805 4876 αὐξάνειν
876 4805 1220 4884 σπουδάζετε,
1295 4805 1645 4888 περιϋϐρίζτιν
1728 4807 1781 4864 δὲ
1855 4809 1921 4865 τὰ

263 4901 524 4974 Κὰίσαρος
573 4903 804 4979 μηχανῇ
835 4904 902 4974 τῇ
948 4899 1126 4975 πάσῃ,
1173 4897 1314 4965 πλὴν
1357 4898 1401 4955 εὶ
1450 4899 1538 4956 καὶ
1595 4899 1674 4974 μὴ
1719 4897 1918 4978 πρότε-

260 5009 376 5067 ρον,
409 4987 549 5048 ἀλλὰ
603 4996 691 5046 νῦν
722 4995 850 5066 γοῦν
904 4989 1003 5057 τῆς
1061 4988 1290 5064 ματαίας
1344 4989 1491 5063 ὑμῶν
1524 4989 1725 5055 ταύτης
1777 4989 1918 5046 ἀπο-

261 5079 483 5142 στάντες
535 5078 842 5157 θρησκείας,
878 5081 1075 5159 εὐχαῖς
1131 5099 1187 5134 τε
1218 5079 1305 5135 καὶ
1349 5079 1555 5142 θυσίαίς
1585 5080 1708 5143 τοὺς
1759 5078 1920 5157 μεγί-

260 5190 416 5232 στους
485 5170 633 5234 θεοὺς
705 5167 1017 5232 υεώσασθε.
1090 5175 1256 5227 Τοῦτο
1341 5169 1442 5246 γὰρ
1514 5172 1574 5227 οὔ
1644 5189 1914 5248 τιμωριων

250 5258 415 5334 μόνον
473 5256 776 5338 ἐλευθέρους
811 5260 948 5335 ὑμᾶς
982 5257 1121 5315 ἀλλὰ
1175 5258 1264 5313 καὶ
1297 5265 1470 5333 τιμῶν
1499 5257 1678 5323 ἀλίους
1737 5258 1910 5336 ὄφθῆ-

252 5369 337 5406 ναι
396 5347 818 5426 παρασκευάσει*
881 5349 926 5404 εί
985 5345 1031 5403 δ’
1083 5346 1194 5421 οὗν,
1231 5344 1352 5402 ἀλλ’
1397 5346 1603 5403 ε’ίσεσθε
1637 5346 1734 5414 μὲν
1781 5346 1908 5404 ὅσον

255 5435 396 5495 οὕτω
456 5438 733 5518 Συριανόνο
809 5435 1019 5494 εἴσεσθε
1078 5436 1134 5493 δὲ
1203 5434 1428 5514 βασιλέα
1492 5434 1902 5508 Διοκλητιανὸν,

2007 4535 2323 4616 ρτωοιδτοε
2347 4534 2406 4596 ἱη
2441 4553 2613 4596 suum
2647 4546 3040 4615 conspectum
3077 4537 3478 4618 produxisset,
3509 4535 3651 4614 Vos,

2004 4623 2224 4704 inquit,
2261 4625 2529 4686 infelices
2558 4631 2617 4685 et
2645 4625 2850 4686 hostes
2881 4624 3131 4687 deorum
3156 4625 3493 4689 beatorum:
3527 4647 3652 4706 vos,

2005 4718 2104 4788 qui
2129 4715 2454 4786 virginibus
2488 4714 2723 4786 quidem
2757 4717 3052 4775 conamini
3085 4720 3457 4788 persuadere.
3491 4720 3655 4777 Chri-

2003 4799 2333 4862 stianorum
2363 4809 2559 4863 autem
2588 4819 2687 4862 res
2719 4801 2971 4863 studetis
2987 4803 3530 4881 augere:Czesarem
3551 4823 3654 4866 ve-

2003 4908 2071 4952 ro
2095 4889 2372 4951 omnibus
2395 4890 2590 4951 modis
2611 4891 3370 4956 afficerecontumelia:sed
3402 4893 3514 4956 etsi
3535 4912 3655 4954 non

2004 4979 2193 5061 prius,
2230 4998 2387 5042 nunc
2439 4979 2683 5062 quidem
2715 4989 2879 5043 certe
2905 4981 2978 5044 ab
3029 4985 3139 5045 hac
3169 5002 3319 5045 vana
3361 4981 3655 5044 deficien-

2005 5077 2096 5132 tes
2147 5068 2456 5149 religione,
2491 5069 2770 5151 precibus
2799 5078 2859 5132 et
2889 5072 3208 5135 sacrificiis
3237 5073 3382 5135 deos
3428 5071 3655 5151 placate

2005 5158 2299 5221 maximos
2333 5179 2346 5222 :
2382 5159 2495 5222 hoc
2528 5160 2684 5221 enim
2744 5178 2867 5221 non
2900 5161 3120 5224 efficiet
3153 5161 3373 5237 solum,
3405 5171 3468 5222 ut
3523 5161 3655 5222 sitis

1995 5249 2169 5312 liberi
2197 5267 2232 5311 a
2261 5249 2596 5330 suppliciis,
2627 5248 2730 5310 sed
2766 5249 2967 5327 etiam,
3003 5260 3067 5312 ut
3098 5251 3264 5331 digni
3326 5249 3651 5313 videamini

1992 5340 2328 5405 honoribus
2359 5363 2372 5405 :
2408 5343 2499 5406 sin
2527 5343 2751 5417 minus,
2774 5359 2912 5404 mox
2943 5343 3185 5424 quidem
3211 5342 3416 5406 scietis
3446 5343 3649 5424 Syria-

1989 5449 2176 5509 mum,
2212 5430 2414 5493 scietis
2443 5440 2637 5496 autem
2671 5431 3094 5512 imperatorem
3151 5449 3388 5514 quoque
3419 5431 3649 5494 Diocle-

339 5613 430 5697 (1)
455 5612 692 5700 Aliptae,
718 5621 1043 5696 unctores,
1078 5614 1182 5700 qui
1213 5613 1468 5679 athletas
1495 5619 1823 5677 certaturos
1855 5611 2186 5697 ungebant.
