4020 6206
417 288 570 359 1243

1709 295 1995 364 MENSIS
2032 291 2495 372 JANUARIUS.

3659 307 3822 378 1244

408 425 815 510 tianum,quin
847 427 1025 492 etiam
1059 425 1204 490 deos
1237 423 1716 507 ipsos,adversus
1744 433 1897 510 quos
1934 427 2059 490 haec

2166 432 2279 492 ιλλὰ
2337 444 2436 498 καί
2468 443 2619 507 θεοὺς
2681 441 2894 516 αὖτοὺς,
2929 443 3047 501 καθ’
3090 446 3163 502 ὧι
3193 443 3438 514 ἀνοήτως
3470 447 3536 504 τά
3583 458 3820 507 τοιαῦτα

403 517 620 579 stolide
667 519 923 594 audetis,
958 537 1134 600 quam
1184 516 1439 596 gratiam
1487 517 1754 582 referant
1806 536 1946 596 erga
2002 535 2067 580 se

406 608 878 682 contumeliosis,
915 607 1146 670 etiamsi
1177 607 1296 670 sint
1328 608 1503 670 mites
1536 617 1594 670 et
1625 607 1897 687 benigni.

461 695 664 760 XI.Ad
689 698 815 760 haec
828 699 1011 778 Cyrus
1031 705 1088 759 et
1107 695 1900 772 Joannes:Nos,dixerunt,o
1919 715 2067 780 prae-

407 785 612 862 ses,de
634 787 837 848 multis
862 805 1050 867 pauca
1070 787 1277 850 dicere
1301 789 1742 851 consuevimus.
1777 790 1938 851 Scias
1966 806 2060 851 er-

415 893 625 951 go,nos
647 894 754 937 nec
777 895 905 937 esse
927 881 1174 939 infames
1198 881 1450 941 honores
1473 882 1856 947 admissuros,
1878 897 2069 954 neque

409 965 951 1036 Christianismum,
983 967 1270 1040 quidquid
1323 969 1514 1039 fuerit,
1549 969 1901 1041 prodituros.
1936 969 2068 1026 Hoc

407 1068 540 1112 cum
573 1051 868 1115 audiisset
910 1053 1218 1133 Syrianus,
1255 1063 1315 1116 et
1365 1055 1702 1118 vehementi
1753 1054 1951 1118 cordis
1980 1054 2069 1116 ira

407 1154 568 1208 esset
600 1156 959 1222 commotus,
997 1155 1054 1208 et
1083 1146 1292 1209 dentes
1315 1147 1503 1210 instar
1534 1149 1661 1230 apri
1694 1149 2064 1212 exacuisset:

410 1239 1100 1322 Oportebat,inquit,vos
1125 1241 1185 1302 in
1209 1241 1322 1302 hoc
1351 1241 1562 1306 saltem
1588 1241 1678 1304 uti
1700 1241 2071 1322 benignitate

401 1329 653 1408 judicis,
689 1331 846 1412 quod
883 1331 1026 1393 moti
1061 1332 1414 1412 poenitentia
1469 1350 1704 1412 eorum,
1737 1351 1871 1414 quin
1901 1333 2070 1413 prius

406 1419 791 1498 statuissetis,
821 1421 869 1483 si
895 1420 1016 1482 ulla
1041 1431 1200 1484 esset
1227 1421 1550 1500 sapientia,
1577 1423 1766 1484 minas
1789 1421 2072 1484 evitasse-

407 1508 803 1582 tis.Quoniam
833 1519 1029 1572 autem
1058 1511 1433 1585 universum,
1460 1519 1522 1574 ut
1541 1509 1740 1585 video,
1765 1519 1856 1572 est
1885 1511 2070 1573 fastus

413 1607 474 1661 et
497 1599 831 1679 arrogantia
858 1609 916 1662 et
946 1600 1142 1662 inanis
1169 1601 1480 1681 jactantia,
1508 1619 1625 1662 non
1661 1601 1905 1681 prolixis
1931 1619 2068 1663 ver-

411 1686 506 1750 bis
529 1689 783 1770 amplius
810 1690 924 1751 erit
954 1708 1126 1769 opus,
1153 1689 1256 1752 sed
1278 1692 1400 1768 jam
1431 1689 1505 1750 ad
1539 1690 1728 1770 ipsam
1763 1691 2072 1752 veniemus

2149 524 2406 617 ⁴ξολμὲἱτε,
2440 533 2561 596 οἷος
2623 531 2706 612 .
2741 534 2866 615 οἷα]
2913 533 3111 591 ἓκεῒνοι
3165 537 3287 598 τοὺς
3329 534 3582 617 ὑϐριστάς
3644 538 3820 612 ἀμεί-

2149 611 2352 699 ϐονται,
2388 623 2485 677 κᾶν
2530 623 2746 699 εὑμενετ
2770 627 2893 688 ὦσι,

2230 698 2338 769 1Α’.
2403 713 2537 788 Πρὸς
2594 698 2761 771 ταῦτα
2835 720 2998 790 Κύρος
3070 716 3158 772 καὶ
3232 715 3509 794 Ἰωάννης,
3578 709 3817 798 Ἠμεϊς,

2151 799 2306 854 εἷπον
2330 803 2402 894 ﬂob
2434 801 2640 883 ἅρχων,
2689 801 2844 882 δλίγα
2895 805 3010 883 περῖ
3059 803 3277 864 πολλῶν
3321 805 3499 886 λέγειν
3554 810 3821 888 πεφύκα-

2151 909 2272 977 μεν,
2355 894 2456 948 [σθι
2499 901 2802 972 τοιγαροῦν,
2835 895 2910 959 ὡς
2969 895 3088 953 οὕτε
3144 897 3303 973 τιμὰς
3354 897 3577 974 ἀτίμους
3625 921 3818 977 παρα-

2151 973 2427 1060 δεξόμεθα,
2487 980 2605 1038 οὔτε
2663 983 2754 1040 τὸν
2798 988 3234 1063 Χριστιανισμὸν,
3282 987 3335 1044 εἴ
3391 1011 3441 1045 τι
3487 987 3533 1044 δ’
3595 990 3662 1046 ἃν
3726 992 3822 1045 καὶ

2151 1065 2389 1150 γένοιτο⁹
2434 1073 2804 1148 προησόμεθα.
2851 1076 3062 1133 Τούτων
3122 1077 3350 1144 ἀκούσας
3401 1081 3687 1159 Σῳιανὺς,
3727 1072 3822 1135 παῖ

2155 1155 2396 1236 σφοδρῶς
2442 1161 2541 1226 τὴν
2573 1159 2785 1240 καρδίαν
2846 1165 3100 1245 κινηθεὶς,
3133 1167 3220 1222 καὶ
3278 1171 3370 1224 τὸν
3420 1155 3612 1225 ὀδόντα
3656 1155 3824 1235 δίκην

2153 1247 2277 1311 συὸς
2307 1247 2595 1331 ὑποθήξας,
2633 1250 2784 1310 τΊΞδει
2831 1253 2927 1329 μὲν
2972 1256 3138 1332 ὑμᾶς,
3172 1256 3218 1312 ὦ
3270 1256 3438 1338 οὗτοι,
3475 1257 3603 1338 ἔφη,
3653 1264 3821 1315 τοῦτο

2155 1346 2277 1412 γοῦν
2347 1343 2443 1406 τῆς
2502 1348 2595 1397 τοῦ
2648 1339 2952 1414 δικάζοντος
3026 1343 3327 1404 ἀπολαῦσαι
3383 1345 3818 1427 φιλανθρωπίας,

2152 1427 2214 1482 τό
2257 1428 2514 1503 μεταναίᾳ
2557 1437 2664 1488 τῶν
2715 1434 3196 1512 προεγνωσμένων,
3249 1434 3407 1507 εἴπερ
3473 1437 3616 1503 ὃλως
3679 1461 3825 1495 σονο

2153 1536 2262 1608 εσις
2320 1521 2410 1596 ἦν,
2454 1521 2518 1575 τὰ
2577 1519 2918 1597 ἦπειλημὲνα
2977 1522 3280 1604 διαφυγεῖν.
3327 1527 3557 1584 Ἐπεὶδέ
3619 1530 3816 1608 τῦφος,

2154 1607 2224 1672 ὡς
2269 1609 2399 1683 ὁρω,
2451 1611 2511 1666 τὸ
2557 1617 2685 1685 πᾶν,
2719 1613 2805 1668 καὶ
2864 1611 3163 1692 ἀλαζονεία,
3211 1617 3300 1672 καὶ
3351 1615 3562 1692 κόμπος
3623 1607 3818 1690 κενὸς,

2156 1697 2216 1787 οὑ
2263 1704 2493 1787 μακρῷν
2578 1702 2653 1764 εἰς
2714 1700 2790 1758 ἔτι
2863 1701 3162 1779 δεησόμεθα
3218 1703 3421 1787 λόγων,
3479 1705 3620 1763 ἀλλά
3675 1708 3822 1784 πρὸς

413 1779 872 1874 experientiam.
936 1777 1035 1842 Sic
1083 1777 1244 1840 enim
1277 1778 1391 1860 ipsi
1448 1787 1507 1839 et
1537 1797 1670 1859 quas
1715 1779 2072 1874 desideratis

2166 1786 2320 1854 αὑτὴν
2377 1786 2480 1855 ἤδη
2519 1789 2614 1858 τὴν
2671 1805 2864 1870 πεῖραν
2931 1789 3148 1870 ἥξομεν.
3213 1795 3363 1852 Οὕτω
3394 1777 3494 1874 γὰρ
3541 1798 3694 1853 αὑτοὶ
3759 1817 3821 1853 τε

411 1868 656 1946 praemia
681 1869 928 1931 omnino
955 1870 1506 1950 consequemini,et
1533 1876 1596 1929 ut
1613 1887 1744 1949 quae
1761 1868 1939 1947 jussit
1963 1869 2074 1929 im-

415 1965 656 2036 perator
704 1956 960 2032 faciatis,
997 1957 1089 2018 vel
1140 1957 1307 2018 inviti
1341 1957 1881 2037 persuadebimini.
1935 1955 2071 2020 Haec

415 2063 548 2106 cum
601 2045 870 2126 dixisset,
903 2055 962 2108 et
991 2046 1370 2126 produxisset
1391 2047 1655 2124 virgines
1684 2048 1743 2108 in
1774 2066 2070 2126 conspec-

417 2140 541 2196 tum
574 2144 920 2216 martyrum,
951 2145 1012 2197 ut
1042 2135 1317 2198 viderent
1340 2154 1478 2216 qum
1502 2135 1748 2212 ﬁebant,
1779 2136 2076 2201 inferebat

414 2223 656 2287 athletis
681 2243 859 2287 omne
887 2244 1078 2305 genus
1115 2233 1580 2306 tormentorum,
1605 2226 1858 2305 ﬂagellis
1889 2227 2077 2290 caade-

422 2315 542 2390 bat,
577 2315 762 2377 clavis
812 2313 1186 2391 conterebat,
1228 2315 1611 2396 lampadibus
1658 2315 1980 2395 ustulabat,
2019 2327 2078 2379 et

416 2425 578 2478 cum,
617 2423 748 2486 quae
771 2413 906 2468 usta
935 2405 1476 2480 fuerunt,membra
1501 2414 1668 2468 aceto
1701 2414 1759 2468 et
1789 2407 1912 2468 sale
1944 2425 2073 2469 ma-

417 2493 998 2569 defecisset,deinde
1022 2495 1236 2576 pannis
1258 2513 1328 2558 ex
1365 2494 1478 2575 piis
1511 2495 1800 2558 confectis
1825 2495 2078 2576 jubebat

417 2583 782 2663 abstergere,
835 2594 899 2645 et
959 2583 1250 2646 bulliente
1303 2583 1436 2665 pice
1481 2586 1667 2668 pedes
1723 2583 2073 2665 inungebat.

417 2673 580 2739 Nihil
632 2673 894 2754 denique
944 2692 1064 2736 non
1115 2673 1376 2736 faciebat
1419 2694 1487 2737 ex
1537 2674 1611 2737 iis
1650 2692 1782 2755 quae
1832 2684 2078 2756 possent

419 2781 640 2846 corpus
662 2763 860 2846 aliquo
892 2763 1068 2826 modo
1097 2764 1317 2845 punire
1349 2781 1363 2827 :
1391 2765 1570 2826 simul
1603 2763 1847 2846 quidem
1881 2772 1937 2826 et
1966 2783 2074 2826 eo-

415 2872 549 2916 rum
605 2853 906 2916 ulciscens
934 2854 1357 2930 constantiam,
1395 2864 1454 2916 et
1498 2853 1794 2934 virginum
1828 2853 2079 2934 spiritus

426 2943 592 3025 prius
623 2943 982 3005 labefactare
1013 2943 1290 3006 moliens.

476 3036 593 3093 XII.
617 3035 759 3094 Cum
784 3046 977 3094 autem
1002 3051 1102 3093 eos
1134 3038 1237 3108 qut
1258 3036 1538 3095 videbant
1567 3036 1856 3095 videretur
1885 3038 2078 3107 potius

2156 1874 2259 1931 τῶν
2316 1879 2657 1953 ποθουμένων
2723 1887 2894 1958 γερῶν
2952 1882 3013 1939 ἐκ
3056 1885 3255 1948 παντὸς
3301 1883 3664 1960 ἀπιεεόξεσθε,
3727 1889 3824 1942 καὶ

2154 1966 2216 2019 τὸ
2273 1973 2366 2022 τοῦ
2397 1966 2663 2042 βασιλέως
2719 1972 3067 2050 πρόσταγμα,
3099 1973 3196 2029 καί
3239 1973 3481 2049 ἔχοντες,
3515 1975 3644 2052 δρᾷν
3686 1997 3821 2032 πει-

2156 2055 2434 2124 σθήσεσθε.
2483 2064 2658 2114 Ταῦτα
2710 2060 2874 2116 εἰπὼν
2918 2061 3014 2117 καί
3060 2061 3156 2124 τὰς
3217 2064 3502 2141 παρθένους
3545 2067 3622 2128 εἰς
3686 2069 3821 2121 θεαν

2157 2143 2264 2198 τῶν
2322 2148 2617 2222 γινομένων
2674 2151 3186 2226 παραστησάμενος,
3219 2157 3324 2207 πᾶν
3369 2151 3517 2217 εἶδος
3559 2154 3819 2229 βασάνων

2157 2233 2329 2322 ἐπῆγε
2380 2249 2499 2298 τοῖς
2552 2235 2840 2304 ἀθλητὰῐς⁴
2889 2239 3133 2312 μάστιξιν
3185 2243 3362 2322 ᾕγιζε,
3395 2240 3654 2320 ῥοπάλοις
3683 2265 3819 2300 σνν-

2159 2320 2357 2412 έτριϐξ,
2405 2322 2934 2412 λαμπάσι-διέκαιε
3009 2330 3077 2386 τὰ
3147 2320 3411 2408 φλεγέντα
3477 2331 3646 2412 μέλη,
3705 2332 3818 2397 ὑΞει

2157 2405 2247 2458 καὶ
2297 2402 2453 2461 ἅλατι
2485 2404 2777 2482 διαϐρέξας,
2814 2412 2937 2465 εἶτα
2985 2411 3073 2466 καὶ
3118 2402 3378 2490 τριχίνοις
3430 2402 3646 2489 ῥάκεσιν
3676 2413 3816 2469 ἀνα-

2159 2490 2354 2569 τρίϐειν
2389 2493 2668 2568 ἐπέταττε,
2706 2498 2873 2574 πίσσῃ
2933 2520 2991 2555 τε
3047 2498 3400 2580 παφλαζούσῃ
3459 2503 3578 2566 τοὺς
3642 2501 3813 2566 πόδας

2159 2579 2435 2661 ἒπὲχριεν.
2499 2583 2659 2642 Οὐδὲν
2688 2586 2756 2654 ἧν
2815 2587 2843 2642 Β
2887 2587 2967 2663 μὴ
3029 2579 3196 2646 ἐποίει
3252 2596 3358 2645 τῶν
3397 2589 3641 2662 κολάζειν
3695 2594 3813 2649 σώ-

2161 2693 2304 2744 ματα
2362 2671 2690 2753 δυναμένων,
2745 2675 2860 2749 ἅμα
2917 2677 3017 2752 μὲν
3079 2679 3268 2741 αὑτοὺς
3322 2681 3652 2756 ἀμυνόμενος
3709 2687 3808 2748 τῆς

2159 2759 2478 2842 ἐνστάσεως,
2525 2763 2640 2839 ἅμα
2683 2763 2738 2820 δὲ
2792 2767 2882 2823 καὶ
2927 2772 3031 2823 τῶν
3069 2768 3345 2847 παρθένων
3388 2785 3809 2848 προκατασεῐσαι

2160 2851 2221 2906 τὸ
2253 2851 2497 2930 φρόνημα
2528 2853 2950 2934 μηχανώμενος.

2244 3029 2348 3094 ω’,
2395 3031 2546 3089 Ἐπεὶ
2578 3031 2632 3089 δὲ
2690 3036 2810 3098 τοὺς
2844 3036 3080 3113 ὁρῶντας
3124 3037 3330 3112 μᾶλλον
3362 3039 3398 3108 ἢ
3427 3041 3548 3104 τοὺς
3603 3040 3807 3116 μάρτυ-

421 3124 721 3217 castigare
753 3139 928 3201 quam
959 3134 1252 3217 martyres
1283 3123 1398 3200 (illi
1420 3122 1581 3184 enim
1606 3122 1695 3183 vel
1727 3122 1945 3217 ex__so_lo
1972 3142 2072 3203 pa-

2166 3123 2258 3191 ρᾷς
2327 3119 2578 3192 καλάζειδ
2621 3122 2776 3197 ἐῴκει
2844 3125 2918 3202 (οἱ
2989 3127 3089 3201 μὲν
3149 3127 3251 3203 γάρ
3323 3130 3408 3185 uti
3466 3129 3572 3185 ἀπὸ
3644 3131 3813 3202 μόνης

425 3210 685 3274 tiebatur
707 3211 1072 3289 spectaculo,
1098 3220 1342 3290 propter
1360 3212 1618 3290 insignia
1639 3211 1954 3292 supplicia:
1989 3212 2072 3274 bis

2167 3208 2413 3290 ἔπασχον
2467 3217 2566 3278 τῆς
2596 3211 2718 3275 θέας
2763 3213 2849 3270 διὰ
2879 3215 2978 3281 τὴν
3025 3213 3327 3292 ὑπερϐολὴν
3355 3219 3461 3273 τῶν
3515 3217 3816 3288 κολάσεων,

421 3319 562 3361 vero
589 3301 791 3361 omnia
823 3310 993 3361 erant
1014 3301 1300 3379 jucunda,
1342 3307 1583 3382 propter
1608 3319 1774 3380 spem
1805 3319 2085 3362 remune-

2167 3313 2287 3363 τοῖς
2350 3297 2405 3355 δὲ
2448 3301 2622 3358 πάντα
2681 3302 2799 3359 καθ’
2843 3301 3038 3371 ἡδονάν
3097 3305 3170 3360 ὦν
3225 3304 3311 3362 διὰ
3368 3307 3468 3374 τὴν
3497 3305 3686 3364 ἐλπίδα
3726 3309 3819 3375 τῆς

421 3389 729 3470 rationis),
763 3390 927 3469 ipsos
953 3387 1194 3469 quidem
1229 3390 1454 3452 relaxat
1484 3407 1517 3451 a
1542 3389 1876 3464 tormentis,
1909 3389 2072 3469 jussit

2167 3387 2540 3469 ἀντιδόσεως),
2573 3392 2762 3454 α’)τοὺς
2821 3393 2920 3466 μὲν
2962 3393 3140 3460 ἀνίησι
3198 3398 3305 3451 τῶν
3348 3397 3616 3472 βασάνων
3683 3398 3818 3454 αἰκί-

421 3489 620 3542 autem
643 3478 906 3558 virgines
935 3485 1198 3560 torqueri
1230 3497 1345 3540 una
1369 3497 1505 3541 cum
1538 3478 2072 3557 matre.Postquam

2167 3483 2344 3550 ζεσθαι
2403 3477 2458 3535 δὲ
2497 3481 2588 3542 τὰς
2644 3481 2931 3558 παρθένους
2963 3481 3172 3540 ἐκέλευε
3206 3485 3299 3540 σὺν
3343 3484 3456 3559 ἅμα
3485 3488 3677 3562 μητρί,
3731 3479 3819 3548 Ὠς

421 3580 625 3632 autem
656 3569 882 3631 faciens
908 3569 1266 3650 periculum,
1295 3569 1504 3648 majori
1530 3569 1758 3650 pudore
1788 3567 2072 3632 afficieba-

2166 3567 2220 3624 δὲ
2249 3571 2339 3625 καὶ
2387 3570 2589 3626 τούτων
2619 3573 2694 3634 εἷς
2727 3586 2923 3650 πεῖραν
2978 3575 3094 3650 ἰὼν,
3124 3574 3392 3652 ᾐσχύνετο
3437 3573 3674 3655 μῆλλον,
3707 3573 3818 3632 οὑδὲ

425 3669 540 3734 tur,
577 3659 891 3740 utquinec
919 3659 1201 3720 mulieres
1235 3658 1478 3739 quidem
1501 3669 1701 3739 posset
1723 3659 1915 3720 solum
1949 3659 2072 3718 vin-

2166 3663 2432 3736 γυναικῶν
2491 3659 2676 3722 ἁπλῶς
2737 3668 3004 3738 κρατῆσαι
3076 3662 3371 3737 δυνάμετος
3426 3664 3652 3722 ἐθεῶντο
3723 3668 3818 3741 γαρ

420 3769 561 3813 cere
582 3748 1012 3824 (cernebantur
1043 3749 1202 3812 enim
1229 3748 1426 3811 sextui
1453 3748 1646 3810 solum
1678 3749 1898 3812 Christi
1932 3766 2072 3810 mar

2166 3749 2270 3805 ἀπὸ
2331 3758 2426 3807 τοῦ
2475 3749 2655 3826 γένους
2717 3750 2882 3826 μὸνου
2941 3753 3060 3816 τοὺς
3119 3753 3212 3810 τοῦ
3265 3760 3489 3830 Χριστοῦ
3545 3755 3813 3834 μάρτυρας

419 3850 578 3922 tyres
599 3840 811 3902 sivisse
835 3848 1270 3919 praestaremon
1301 3840 1494 3900 minus
1511 3857 1649 3901 vero
1681 3856 1813 3900 esse
1837 3838 2072 3912 animis,

2166 3837 2386 3894 ἑάσασαι
2459 3836 2744 3918 διαφέρειν,
2791 3841 2886 3905 τάς
2948 3840 3002 3897 δέ
3055 3863 3116 3921 γε
3192 3844 3377 3923 ψυχὰς
3437 3840 3586 3900 οῦδὲν
3645 3849 3812 3903 αὐτῶν

421 3949 596 4013 quam
623 3931 743 3992 sint
767 3928 1218 4010 ipsi,masculis,
1256 3946 1481 4009 eosque
1507 3927 1579 3988 ad
1615 3946 1870 4005 unguem
1907 3927 2072 4008 plane

2166 3928 2326 3996 ἦττον
2384 3926 2765 4005 ἠῤῥενωμέναι,
2796 3932 2884 3986 καὶ
2929 3934 3028 3996 τὴν
3088 3934 3313 4007 μίμησιν
3345 3932 3483 3988 πάνυ
3526 3934 3624 4000 τὴν
3685 3935 3810 4010 πρὸς

427 4040 562 4086 esse
593 4021 888 4094 imitatae);
915 4029 1224 4099 postquam
1260 4037 1398 4096 ergo
1424 4018 1550 4078 haec
1581 4017 1727 4078 vidit
1751 4017 1935 4096 judex
1967 4017 2072 4077 im-

2166 4017 2348 4078 αὑτοὺς
2408 4016 2818 4096 ἀκριϐώσασαι),
2880 4019 2993 4077 ἐπεὶ
3065 4029 3230 4078 ταῦτα
3299 4019 3476 4084 οὔπως
3540 4024 3568 4078 ὁ
3635 4021 3810 4085 ἄδικος

426 4111 690 4191 pius,eas
722 4117 912 4170 morte
935 4109 1382 4180 condemnat,et
1401 4124 1773 4184 earum,qua:
1805 4107 1916 4168 vita
1942 4106 2072 4186 dig-

2166 4105 2303 4184 έώρα
2356 4107 2569 4185 κριτὴς,
2627 4110 2849 4165 θάνατον
2903 4113 3074 4168 αὐτῶν
3133 4111 3463 4188 κατακρίνει,
3521 4112 3608 4168 καὶ
3666 4133 3806 4186 τμη-

425 4219 516 4260 nae
549 4208 743 4274 erant,
769 4202 926 4259 sicut
969 4199 1148 4260 etiam
1181 4196 1400 4258 factum
1434 4204 1547 4276 est,
1570 4197 1762 4275 capita
1790 4200 2072 4275 amputari

2166 4198 2318 4260 θῆναι
2360 4196 2456 4258 τὰς
2515 4196 2751 4276 κεφαλὰς
2783 4205 2892 4254 τῶν
2953 4200 3094 4270 ζωῆς
3139 4196 3321 4272 ἀξίων,
3369 4199 3553 4277 ὥσπερ
3597 4198 3694 4277 ἄρα
3735 4201 3819 4256 καὶ

425 4287 794 4368 pronuntiat.
829 4289 1029 4366 Atque
1066 4304 1203 4347 cum
1241 4284 1504 4362 virgines
1528 4285 1770 4364 quidem
1806 4303 1922 4345 una
1947 4303 2072 4346 cum

2166 4282 2430 4360 γέγονειν,
2491 4284 2868 4365 ἀποφαίνεται.
2931 4289 3035 4351 Τὰς
3093 4289 3194 4362 μὲν
3237 4288 3328 4344 οὖν
3385 4287 3675 4366 παρθένους
3731 4289 3819 4344 σὺν

425 4386 614 4441 matre
639 4396 849 4439 manus
873 4376 1155 4438 lictorum
1189 4375 1741 4454 accepisset,morti
1774 4392 1906 4454 quas
1938 4391 2072 4436 ense

2166 4377 2234 4448 τῇ
2291 4375 2452 4450 μητρὶ
2514 4388 2700 4454 χεῖρες
2767 4373 2975 4452 δημίων
3033 4375 3312 4452 λαϐοῦσαι,
3362 4384 3439 4446 τῷ
3495 4375 3582 4433 δια
3642 4376 3812 4456 ξίφους

423 4469 699 4541 infertur,
737 4466 1113 4528 tradiderunt
1143 4465 1288 4572 nihil
1325 4463 1758 4572 muliebreaut
1805 4465 2072 4572 ignavum

2166 4463 2378 4536 θανάτῳ
2435 4463 2817 4542 παρέπεμψαν,
2881 4463 3029 4523 οὑδὲν
3101 4469 3414 4543 γυναικεῖον
3470 4466 3505 4534 ἢ
3572 4465 3815 4544 ἄνανδρον

2247 4553 2407 4570 ς.
2667 4553 3089 4572 .,.ν.
3269 4553 3764 4572 ,ςυπεηι

425 4558 816 4620 ostendentes
847 4556 907 4618 in
943 4554 1244 4629 caade,sed
1269 4553 1686 4626 reddentes,id
1719 4554 1877 4634 quod
1904 4572 2072 4616 acce-

2171 4554 2300 4629 πρὸς
2356 4553 2454 4618 τὴν
2513 4554 2726 4631 σφαγὴν
2784 4553 3212 4628 ἐπιδειξαμένας,
3261 4553 3382 4611 ἀλλ’
3447 4553 3577 4634 ὅπερ
3632 4553 3815 4612 ἔλαϐον

428 4655 660 4727 perant,
697 4656 756 4708 et
785 4645 874 4707 eis
903 4644 1144 4707 etl'ectas
1177 4643 1488 4723 exemplar
1518 4642 1908 4715 fortitudinis.
1937 4661 2072 4722 quot

2172 4642 2507 4722 άντιδούσας,
2539 4645 2626 4700 καὶ
2656 4647 2948 4721 γενομένας
3007 4648 3215 4710 τοῦτοις
3246 4643 3545 4723 ὑπόδειγμα
3574 4667 3816 4725 γενναιο-

425 4738 569 4815 ipsa:
602 4735 766 4817 prius
820 4734 1136 4815 pulchrum
1175 4741 1538 4814 acceperant
1596 4733 1980 4813 archetypum
2014 4732 2072 4793 ac

2171 4755 2358 4804 τητος,
2393 4736 2476 4796 οὒς
2509 4735 2660 4790 αὑταὶ
2717 4735 2969 4812 πρότερον
3013 4733 3180 4792 καλὸν
3241 4736 3547 4816 ἀρχέτυπον
3590 4737 3665 4800 εἷς
3724 4737 3818 4791 ἀν-

427 4827 703 4888 virtutem
742 4825 943 4905 magni
975 4824 1182 4887 animi.
1213 4823 1424 4904 Cyrum
1465 4832 1662 4885 autem
1707 4831 1767 4884 et
1795 4821 2072 4886 Joannen

2173 4821 2315 4901 δρίαν
2357 4823 2630 4903 εἰλήφασι.
2676 4832 2840 4903 Κῦρον
2870 4824 2924 4880 δὲ
2983 4824 3145 4884 πάλιν
3177 4827 3205 4882 ὁ
3235 4823 3460 4896 δικάζων
3491 4825 3580 4881 καὶ
3637 4826 3818 4884 Ἰωάν-

424 4917 609 4998 judex
644 4933 853 4976 rursus
892 4913 1119 4975 vocavit
1148 4913 1218 4975 ad
1255 4914 1472 4974 luctam
1505 4934 1518 4975 :
1548 4911 1767 4992 quibus
1790 4912 1933 4988 quid
1971 4930 2072 4972 nor

2171 4936 2268 4978 νην
2299 4911 2518 4968 ἐκάλεσε
2565 4915 2695 4992 πρὸς
2751 4915 2815 4970 τὰ
2873 4913 3242 4989 παλαίσματα⁶
3299 4915 3388 4976 οὒς
3445 4915 3498 4970 τί
3539 4915 3618 4990 μὴ
3659 4916 3819 4971 ὶποίει

431 5011 563 5067 fecit
595 5009 832 5079 impius,
859 5007 1055 5065 volens
1087 5021 1185 5062 eos
1218 5005 1286 5063 ad
1313 5020 1478 5064 suam
1516 5004 1817 5062 traducere
1847 5016 2072 5062 senten-

2173 5004 2200 5058 ὁ
2259 4999 2518 5070 δυσσεϐὴς
2579 5005 2900 5075 μετιπείσεν
2959 5003 3390 5081 προῃρημένοςς
3448 5004 3657 5080 Λόγους
3691 5025 3820 5060 κατ·-

431 5095 612 5158 tiam?
639 5094 877 5157 Prolixa
901 5092 1181 5156 utebatur
1201 5095 1473 5156 oratione
1500 5113 1515 5154 :
1547 5111 1612 5155 se
1639 5111 1848 5156 eorum
1882 5109 2072 5154 curan

2173 5090 2340 5148 ἔτεινε
2397 5093 2632 5171 μακροὺς
2682 5098 2772 5150 καὶ
2815 5094 3066 5172 παρῄνει,
3114 5090 3368 5163 κήδεσθαι
3427 5095 3825 5171 προσποιούμε-

424 5203 640 5266 gerere
664 5203 785 5264 prae
814 5203 878 5246 se
904 5183 1477 5246 ferenszminabatur
1505 5182 1854 5260 gravissima
1877 5198 2072 5260 parere

2174 5197 2288 5246 νος³
2335 5180 2552 5248 ἠπείλσι
2583 5184 2650 5238 τὰ
2709 5181 3096 5262 χαλεπώτατα,
3131 5185 3412 5250 πεισθῆναι
3449 5183 3528 5258 μὴ
3560 5181 3822 5258 βουλομέ-

433 5273 1156 5354 nolentibus,proferebat
1179 5271 1724 5352 dona,subjiciebat
1750 5270 2072 5331 tormentis

2176 5288 2310 5334 νοις⁶
2366 5272 2638 5348 προέτεινε
2707 5271 2928 5352 δωρεὰς,
2977 5270 3242 5329 ὑπέϐαλλε
3299 5272 3606 5350 τιμωρίαις,
3665 5271 3822 5334 ἄλλας

430 5365 550 5428 elia
601 5363 901 5426 inferebat
954 5365 1199 5442 majora,
1237 5381 1357 5424 non
1389 5363 1581 5423 solum
1632 5359 1950 5440 supplicia,
1984 5362 2072 5422 set

2176 5359 2345 5437 ἐπῆγε
2407 5361 2617 5434 μείζους
2650 5363 2710 5419 οὑ
2769 5359 3020 5426 κολάσεις
3077 5363 3265 5438 μόνον,
3301 5360 3558 5418 ἀλλὰκαὶ
3617 5361 3818 5439 ἀγαθῶν

433 5455 607 5516 etiam
639 5471 908 5514 munera:
937 5452 1115 5532 utqui
1153 5451 1522 5513 existimaret
1543 5458 1882 5529 contempta
1911 5449 2072 5510 fuisst

2177 5448 2463 5530 ἕπιδόσεις,
2497 5453 2570 5514 ὡς
2623 5455 3076 5531 περιφρονηθῆναι
3128 5451 3221 5516 τὰς
3274 5447 3646 5528 προλαϐούσάς
3689 5453 3816 5508 ὑπο-

435 5544 638 5616 priora
690 5551 934 5621 propter
969 5541 1267 5621 egregiam
1328 5541 1520 5618 magni
1555 5541 1737 5600 animi
1785 5539 2062 5600 virtutem

2177 5539 2354 5597 λαϐὼν
2412 5539 2496 5596 διὰ
2528 5539 2736 5608 πολλὴν
2795 5538 3004 5618 ἀνδρίαν
3053 5540 3088 5608 ἢ
3144 5540 3422 5617 ἐπιθυμίας
3484 5539 3818 5618 μεγαλοπρέ-

429 5643 530 5701 aut
571 5633 923 5714 praeclarum
956 5642 1009 5696 et
1061 5630 1450 5712 magnificum
1493 5629 1884 5696 desiderium.
1947 5630 2072 5696 Cuu

2177 5652 2356 5694 πειαν.
2391 5630 2538 5691 Ἐπεὶ
2567 5629 2622 5689 δέ
2679 5629 2851 5690 πάντα
2886 5635 3062 5690 ποιῶν
3120 5630 3270 5690 οὐθὲν
3315 5628 3452 5708 ἕνυε,
3491 5630 3589 5700 τὴν
3647 5634 3818 5712 ψῆιῖον
