4060 6200
290 285 446 352 1245
1416 287 1604 352 νΙΤΑ
1660 287 1764 351 SS.
1811 288 1945 351 CYF

2053 289 2153 352 ΕΤ
2193 293 2538 357 JOANNIS.
3517 295 3670 364 1246

284 427 472 506 ἐπάγει
503 424 593 483 καὶ
648 421 770 483 κατ’
828 425 1025 501 αὐτῶν,
1064 433 1255 506 Κῦρον,
1303 427 1490 502 εἰπὼν,
1523 429 1616 484 τὸν
1659 429 1766 484 τῶν
1823 434 1934 484 Γα-

2035 446 2158 490 vero
2184 429 2385 491 omnia
2405 429 2632 491 faciens
2653 427 2802 492 nihil
2837 430 3181 512 proﬁceret,
3207 428 3269 493 in
3303 448 3405 494 eos
3437 451 3673 514 quoque

281 515 506 574 λιλαίων
551 517 884 597 προστάτην,
920 518 1009 574 καὶ
1073 517 1331 585 Ἰωάννην
1359 519 1452 574 τὸν
1495 519 1557 573 τὸ
1587 515 1744 583 σέϐας
1800 518 1944 592 αὺτῷ

2035 517 2138 580 fert
2161 519 2971 600 sententiam:Cyro,dicens,
2997 519 3240 582 antistiti
3265 520 3668 599 Galilaeorum,

283 604 685 684 παραπλήσιον,
745 618 864 671 τοῖς
897 612 1002 662 τῶν
1064 607 1468 685 αὐτοκρατόρων
1499 610 1604 688 οὐχ
1633 605 1945 672 ὑπείξαντας

2035 615 2086 669 et
2117 607 2460 689 Joanni,qui
2493 617 2585 671 est
2614 609 2670 670 ei
2701 609 2758 669 in
2817 608 3110 686 religione
3139 610 3377 686 similis,
3418 611 3517 692 qui
3553 630 3673 673 non

283 695 634 773 διατάγμασι,
696 697 782 753 καὶ
855 699 1034 762 θυσιας
1108 709 1228 762 τοῖς
1295 699 1570 776 μεγίστοις
1649 699 1791 761 θεοῖς
1867 696 1944 772 μή

282 787 767 865 προσενεγκόντας,
818 788 1197 861 ἀποτμηθῆναι
1256 788 1351 850 τὰς
1393 786 1628 866 κεφαλὰς
1657 787 1793 844 κατὰ
1850 787 1943 841 τὸν

279 877 387 934 τῶν
421 877 758 953 κρατούντων
789 878 952 953 νόμον
986 877 1408 957 ἀποφαινόμεθα.

366 964 475 1027 ll".
511 975 689 1025 Ταῦτα
749 965 1128 1046 ψηφισαμένου
1159 973 1436 1044 Συριανοῦ,
1471 965 1718 1045 δέχονται
1768 987 1942 1044 παραυ

281 1055 476 1137 χρῆμα
507 1057 596 1113 καὶ
651 1057 798 1113 οὗτοι
843 1057 985 1136 χειρὶ
1042 1056 1141 1131 μὲν
1195 1056 1500 1134 ἀνθρωπίνῃ
1527 1055 1621 1123 τὴν
1681 1055 1942 1131 ἐκτομὴν,

281 1145 530 1220 ἀθανάτῳ
587 1143 641 1200 δὲ
694 1145 786 1201 τὸν
845 1144 897 1210 ἓξ
953 1145 1174 1224 οὖρανοῦ
1230 1144 1490 1224 στέφανον
1548 1144 1633 1200 ἐπὶ
1694 1142 1941 1224 τριακάδι

283 1237 372 1291 καὶ
443 1234 662 1312 πρώτην
723 1231 944 1310 ἄγοντες
1007 1241 1100 1290 τοῦ
1175 1232 1500 1314 ἰανουαρὶου
1569 1235 1766 1308 μηνός.
1828 1234 1943 1292 Tth

285 1325 469 1401 μέντοι
502 1322 775 1399 λειψάνων
803 1323 850 1380 οἱ
881 1321 1216 1404 φιλευσεϐετς
1261 1321 1528 1399 οὐδαμῶς,
1563 1323 1943 1400 ὠλιγώρησαν,

285 1415 385 1482 τὴν
445 1423 538 1472 τοῦ
568 1418 754 1491 καιροῦ
803 1411 1082 1469 δυσκολίαν
1111 1411 1520 1477 ὕποσταλέντες·
1558 1411 1695 1469 ἀλλὰ
1749 1426 1947 1493 χεῖρας

281 1502 434 1568 εὐθὺς
519 1499 946 1570 σπουδαιοτήτος
1033 1502 1452 1580 εισενεγκόντες,
1533 1498 1770 1566 εὐλαϐῶς
1856 1503 1942 1558 καὶ

282 1593 443 1654 ὁσίως
475 1587 750 1647 ἀνείλοντο
797 1597 986 1665 ταῦτα,
1020 1589 1115 1647 καί
1161 1593 1587 1670 περιστείλαντες
1633 1589 1686 1646 ἐν
1735 1595 1812 1664 τῷ
1854 1592 1945 1646 τοῦ

281 1679 585 1738 ἀποστόλου
657 1686 770 1753 ναῷ
842 1680 1060 1759 Μάρκου
1124 1679 1387 1759 λαμπρῶς
1457 1679 1652 1737 ἕκαστα
1720 1681 1944 1736 κατατί-

279 1775 491 1850 θενταῒ,
529 1767 674 1836 πλὴν
726 1767 850 1826 ὅσον
883 1773 1066 1834 αὐτοῖς
1125 1771 1176 1826 αἱ
1210 1774 1370 1838 θῆκαι
1431 1770 1692 1850 διάφοροι·
1728 1767 1849 1826 ἀλλ’
1909 1770 1943 1836 ἡ

280 1861 380 1935 μὲν
441 1861 542 1938 γὰρ
572 1859 638 1916 τὰ
699 1866 804 1916 τῶν
849 1859 1122 1938 παρθένων
1153 1860 1239 1917 κα)
1293 1865 1394 1926 τῆς
1426 1860 1656 1937 μητρὸς,
1702 1861 1855 1937 ἑτέρα
1890 1857 1944 1914 δὲ

280 1949 445 2006 πάλιν
498 1951 564 2005 τὰ
597 1951 768 2027 Κύρου
828 1952 922 2006 καί
983 1947 1232 2008 Ἰωάννου
1273 1952 1601 2008 πιστεύεται.
1649 1949 1832 2027 Χρόνῳ
1888 1948 1942 2004 δὲ

278 2039 521 2117 ὕστερον,
553 2023 684 2105 τοῖς.
727 2023 958 2106 1Ἐλλησι
989 2039 1090 2115 μὲν
1155 2037 1545 2106 καταλυθείσης
1588 2023 1706 2106 τῆς-
1747 2046 1940 2116 τυράν-

283 2127 442 2202 νίδος,
479 2127 757 2186 Θεοδοσίου
788 2127 843 2184 δὲ
898 2130 958 2185 τὸ
989 2134 1088 2196 τῆς
1151 2127 1425 2206 βασιλείας
1462 2131 1734 2206 σκῆπτρον
1789 2129 1940 2184 ἀνει-

284 2220 543 2298 ληφότος,
577 2216 809 2282 εὐσεϐῶς
839 2239 897 2275 τε
954 2223 1061 2274 τῶν
1107 2220 1202 2285 τῆς
1252 2217 1520 2282 εὐσεϐείας
1579 2219 1745 2299 φίλων
1806 2225 1940 2296 Χρι-

287 2314 517 2364 στιανῶν
559 2307 881 2386 ἡγουμένου,
915 2321 1146 2366 κινεῖται
1205 2312 1303 2364 καὶ
1361 2310 1525 2380 ταῦτα
1583 2309 1672 2364 καὶ
1715 2307 1940 2383 μετατί-

285 2400 458 2458 θεται.
489 2397 559 2454 Τὸ
591 2395 644 2451 δὲ
686 2395 858 2468 ὅπως,
909 2398 1082 2453 εἰπεῖν
1113 2397 1206 2454 οὐκ
1239 2397 1466 2474 ἀτερπὲς
1521 2410 1637 2461 τοϊς
1670 2396 1940 2476 φιλοθέσις

279 2484 550 2562 διήγημκο

363 2585 428 2634 ῐΔ
459 2621 474 2636 .
524 2574 804 2635 Θεοδοσίου
832 2577 932 2643 τήν
979 2576 1280 2658 βασιλείαν,
1315 2577 1496 2656 ὥσπερ
1553 2577 1780 2657 ἔφημεν,
1828 2576 1943 2654 ἄρτι

279 2663 710 2744 παραλαϐόντος,
748 2667 1003 2744 μέγιστος
1039 2668 1098 2722 ἑκ
1147 2673 1254 2723 τῶν
1284 2668 1416 2744 πρὸς
1477 2667 1703 2744 ἑσπέραν
1763 2679 1942 2723 κινεῖ-

277 2779 367 2812 ται
421 2757 507 2812 καὶ
567 2755 809 2836 χαλεπὸς
869 2755 1132 2828 πόλεμος.
1183 2755 1362 2813 Πολλὰ
1415 2757 1517 2836 γὰρ
1578 2755 1762 2834 ἀθρόον
1817 2755 1942 2823 ἔθνη

277 2844 373 2903 ἐπὶ
435 2847 498 2901 τὸ
543 2847 670 2902 αὐτὸ
729 2843 1142 2924 συνδραμόντες,
1177 2847 1442 2916 συνθήκας
1505 2867 1562 2902 τε
1621 2847 1753 2924 πρὸς
1809 2847 1944 2902 αὐτὰ

278 2934 499 3015 θέμενα,
577 2936 770 3014 πικρὰν
831 2934 1086 3002 ἠπείλουν
1147 2941 1215 3013 τῇ
1289 2926 1569 3010 Ῥωμαίων
1629 2935 1776 3015 ἀρχῇ
1848 2937 1944 3004 τὴν

278 3023 494 3105 ἔφοδον.
558 3025 816 3081 Δείσαντα
879 3024 968 3082 οὖν
1025 3025 1148 3082 τότε
1191 3027 1284 3083 τὸν
1342 3024 1512 3102 μέγαν
1569 3024 1625 3080 ἓν
1672 3023 1945 3100 βασιλεῦσι

2027 705 2340 758 cesserunt
2357 697 3045 778 jussuiimperatoris,et
3074 698 3370 760 sacriﬁcia
3401 699 3676 760 maximis

2027 785 2140 848 diis
2195 805 2315 849 non
2348 786 2716 864 obtulerunt,
2752 789 3203 868 pronuntiamus
3252 788 3548 870 amputari
3581 808 3675 851 ca-

2027 874 2149 955 pita
2180 875 2614 938 convenienter
2642 875 2758 956 legi
2790 877 3241 957 imperatorum.

2105 963 2260 1028 XIII.
2293 964 2458 1028 Hanc
2489 984 2626 1028 cum
2655 972 3014 1029 sentent2am
3049 965 3282 1030 tulisset
3311 967 3676 1048 Syrianus,ii

2027 1059 2219 1117 statim
2247 1059 2502 1117 humana
2535 1058 2773 1132 quidem
2805 1075 2980 1118 manu
3010 1061 3306 1132 accipiunt
3337 1062 3676 1134 amputatio-

2027 1163 2189 1206 nem:
2227 1145 2556 1208 immortali
2604 1155 2805 1208 autem
2838 1165 2997 1223 eam,
3032 1166 3167 1230 quae
3209 1167 3241 1210 e
3273 1148 3422 1210 coelo
3475 1148 3672 1226 datur,

2027 1237 2628 1302 coronam,trlcesimo
2659 1241 2849 1310 primo
2883 1244 3098 1299 mensis
3135 1241 3395 1300 Januarii
3428 1241 3530 1313 (2).
3567 1241 3678 1298 Ite-

2028 1321 2246 1394 liquias
2269 1330 2457 1380 autem
2494 1323 2570 1394 pit
2607 1322 2848 1382 minime
2888 1325 3532 1397 negtexerunt,reveriti
3565 1326 3678 1384 dif-

2031 1406 2356 1469 ﬁcultatem
2390 1409 2700 1489 temporis,
2734 1408 2840 1471 sed
2873 1409 3130 1472 maximo
3160 1410 3358 1472 studio
3390 1410 3447 1472 ei
3478 1411 3676 1472 statim

2029 1517 2240 1563 manus
2263 1499 2674 1583 admoventes,
2707 1519 2808 1565 eas
2828 1501 2925 1584 pie
2947 1511 3006 1565 et
3024 1504 3416 1585 sustulerunt,
3453 1510 3512 1566 et
3542 1522 3676 1566 cum

2028 1589 2507 1670 composuissent
2551 1591 2822 1671 singulas
2853 1593 2914 1654 in
2953 1596 3170 1674 templo
3218 1593 3397 1657 Marci
3426 1593 3678 1677 apostoli

2027 1677 2360 1740 honoriﬁce
2393 1677 2723 1761 deponunt,
2749 1683 2865 1744 nisi
2887 1684 3046 1764 quod
3075 1683 3164 1746 eis
3195 1692 3334 1746 sunt
3362 1703 3554 1765 capsae
3582 1683 3677 1744 di-

1971 1816 2005 1866 Β
2029 1785 2238 1866 versae.
2273 1767 2679 1866 Alterienim,
2715 1771 3010 1850 virginum
3041 1781 3100 1834 et
3127 1776 3330 1838 matris
3355 1774 3624 1855 reliquiae
3661 1795 3676 1847 ;

2028 1857 2204 1920 alteri
2238 1875 2403 1934 vero,
2439 1857 2570 1940 Cyri
2619 1867 2679 1921 et
2727 1862 2996 1939 Joannis,
3032 1882 3244 1926 rursus
3294 1864 3673 1926 mandantur.

2025 1946 2406 2012 Procedente
2438 1956 2635 2012 autem
2661 1960 2864 2030 postea
2896 1960 3189 2034 tempore,
3225 1972 3363 2016 cum
3399 1954 3680 2034 gentibus

2030 2037 2274 2120 quidem
2309 2048 2471 2103 esset
2503 2038 2784 2103 dissoluta
2819 2042 3105 2122 tyrannis,
3137 2043 3512 2107 Theodosius
3541 2062 3679 2106 vero

2023 2129 2194 2205 regni
2226 2138 2530 2210 sceptrum
2561 2131 2918 2213 accepisset,
2944 2132 3178 2215 piaeque
3208 2134 3514 2213 religionis
3534 2133 3676 2195 ami-

2025 2219 2110 2280 cis
2161 2217 2512 2301 Christianis
2537 2219 2632 2301 pie
2689 2231 2997 2301 praeesset,
3031 2241 3115 2284 ea;
3169 2232 3228 2284 et
3264 2233 3574 2286 moventur
3619 2233 3678 2286 et

2028 2299 2495 2361 transferuntur.
2541 2299 2848 2373 Quomodo
2904 2311 3126 2380 autem,
3163 2322 3281 2366 non
3314 2305 3429 2366 erit
3459 2304 3572 2384 piis
3602 2305 3675 2366 ad

2025 2387 2347 2451 dicendum
2381 2389 2707 2468 injucunda
2738 2392 3019 2454 narratio.

2109 2477 2270 2543 XIV.
2304 2481 2449 2541 Cum
2481 2479 2884 2559 Theodosius,
2917 2491 2985 2544 ut
3018 2481 3302 2559 diximus,
3339 2486 3512 2565 paulo
3541 2489 3681 2546 ante

2030 2569 2394 2649 suscepisset
2429 2569 2778 2653 imperium,
2813 2573 3135 2635 maximum
3169 2581 3230 2636 et
3260 2573 3680 2636 difﬁcillimum

2029 2657 2251 2720 bellum
2279 2666 2551 2720 movetur
2579 2658 2652 2722 ab
2675 2658 3024 2724 Occidente.
3061 2664 3209 2726 Cum
3238 2663 3398 2726 enim
3429 2670 3680 2744 repente

2028 2748 2232 2812 multa;
2251 2756 2461 2828 gentes
2483 2749 2663 2812 simul
2687 2751 3062 2826 coiissent,et
3086 2752 3279 2816 Imdus
3311 2753 3469 2816 inter
3492 2771 3556 2816 se
3583 2753 3682 2816 in-

2025 2838 2649 2914 iissent,minabantur
2673 2842 2734 2904 in
2757 2839 3162 2905 Romanorum
3197 2849 3504 2924 regionem
3529 2861 3674 2918 gra-

2027 2947 2158 2991 vem
2183 2929 2600 3010 irruptionem.
2633 2929 2874 2994 Veritus
2905 2950 3050 3011 ergo
3084 2941 3224 2996 tunc
3249 2952 3498 3013 magnus
3524 2935 3679 2994 inter

2028 3019 2426 3100 imperatores
2452 3021 2551 3083 hic
2581 3019 3184 3104 Theodosius,neque
3207 3023 3280 3085 ad
3312 3023 3678 3102 colligendas

278 3115 489 3172 τουτονὶ
551 3112 859 3195 Θεοδόσιον,
907 3113 1044 3189 μήτε
1116 3117 1251 3193 πρὸς
1315 3113 1582 3194 συλλογὴν
1639 3113 1944 3190 ἀποϐλέψαι

2035 3108 2256 3190 aspexit
2276 3114 2585 3189 pecunias,
2611 3129 2807 3192 neque
2839 3129 3110 3190 magnam
3146 3112 3404 3194 aliquam
3437 3131 3678 3175 manum

281 3203 611 3284 χρημάτων,
650 3205 791 3279 μήτε
847 3204 963 3259 τινὰ
1021 3218 1188 3284 χεῖρα
1232 3205 1442 3285 συχνὴν
1498 3206 1572 3270 εἷς
1631 3206 1948 3285 συμμαχίαν

284 3293 758 3367 ἑπικαλέσσασθαι,
795 3293 915 3349 ἀλλ’
963 3295 1051 3356 οἶς
1099 3293 1305 3358 ἐκεῖνος
1336 3296 1421 3351 ἐπὶ
1451 3300 1612 3350 πᾶσιν
1655 3295 1734 3350 ἀεὶ
1778 3294 1949 3370 μόνης

283 3387 384 3449 τῆς
440 3380 640 3456 ἄνωθεν
670 3382 927 3459 ἠρτῆσθαι
962 3383 1174 3462 χειρός·
1231 3382 1368 3439 οὕτω
1417 3380 1482 3449 δὴ
1512 3384 1600 3439 καὶ
1659 3383 1951 3450 τηνικαῦτα

291 3470 486 3551 ἐποίει,
548 3475 635 3526 καὶ
694 3477 866 3528 ποιῶν
929 3475 1034 3552 οὐχ
1099 3472 1397 3550 ἡμάρτανε.
1463 3472 1656 3528 Μαθὼν
1715 3473 1816 3550 γὰρ
1875 3473 1950 3535 ὡς

281 3561 423 3619 κατᾶ
466 3561 564 3626 τὴν
627 3565 831 3627 Εκῆττν
895 3560 1122 3640 (ἔρημος
1183 3560 1239 3617 δὲ
1300 3560 1433 3627 αὕτη
1481 3563 1610 3639 πρὸς
1670 3562 1942 3639 Αἵγυπνον

286 3653 388 3727 μὶν
443 3649 690 3728 κειμένη,
726 3651 916 3708 οὓτωσὶ
974 3649 1029 3706 δὲ
1088 3649 1476 3731 ὠνομασμένη)
1511 3649 1796 3730 φιλοσοφεῖ
1854 3673 1941 3716 τις

290 3743 449 3819 ἀνὴρ,
483 3740 636 3818 γένος
672 3741 772 3814 μὲν
801 3741 888 3796 καὶ
952 3742 1110 3805 αὐτὸς
1162 3742 1474 3820 Αἰγύπτιος,
1510 3740 1774 3818 μεγίστων
1818 3743 1949 3797 θαυ-

285 3832 470 3907 μάτων
544 3829 894 3910 δημιουργος,
972 3829 1212 3910 Θεοφίλῳ
1285 3835 1628 3910 παραχρῆμα
1700 3835 1776 3904 τῷ
1849 3832 1950 3898 τῆς

282 3917 683 3998 Ἀλεξανδρείας
743 3920 1025 3994 ἐπισκόπῳ
1091 3921 1302 4000 γράφει,
1367 3919 1600 3977 κελεύων
1661 3920 1800 3977 ὥστε
1858 3922 1948 3977 τὸν

283 4011 576 4086 θαυμάσιον
642 4013 856 4067 ὶκεῒνον
928 4008 1089 4090 ἄνδρα
1160 4010 1563 4085 παρασκευάσαι
1622 4011 1718 4079 τὴν
1795 4021 1947 4068 Κων-

283 4100 558 4159 σταντίνου
615 4103 752 4178 πρὸς
785 4101 956 4181 τάχος
1016 4097 1366 4158 καταλαϐεῖν.
1405 4099 1726 4178 Προσέκειτο
1755 4096 1810 4154 δὲ
1861 4101 1952 4156 καί

283 4193 320 4258 ἡ
380 4193 478 4258 τῆς
510 4191 802 4268 παρουσίας
855 4190 1014 4271 χρεία
1060 4203 1177 4255 τοῖς
1211 4189 1544 4268 γράμμασιν.
1583 4181 1640 4248 Ὀ
1671 4188 1726 4245 δὲ
1788 4197 1952 4248 ταῦτα

288 4276 594 4358 δεξάμενος,
655 4280 782 4359 παρ’
825 4281 983 4336 αὐτὸν
1042 4281 1114 4342 ὡς
1175 4280 1335 4359 εἶχεν
1410 4279 1554 4339 εὖθὺς
1617 4282 1946 4360 ἀφικνεῖται,

290 4368 376 4423 καὶ
437 4368 503 4424 τά
548 4369 840 4446 γράμματα
914 4367 1060 4443 δοὺς,
1106 4369 1205 4437 τὴν
1250 4376 1338 4426 τοῦ
1405 4367 1670 4447 βασιλέως
1737 4369 1950 4435 ἀξίωσιν

289 4460 377 4513 καὶ
450 4457 549 4525 τὴν
620 4457 1037 4515 έπισπεύδουσαν
1109 4461 1296 4539 χρείαν
1368 4461 1511 4534 αὐτῷ
1589 4459 1944 4539 ἀπαγγέλλει.

2035 3198 2415 3261 invocavitad
2438 3199 2742 3277 auxilium,
2776 3200 2881 3263 sed
2917 3200 3018 3263 ille
3048 3201 3108 3263 in
3142 3202 3418 3264 omnibus
3441 3220 3682 3282 semper

2034 3287 2335 3370 pendebat
2387 3307 2420 3351 a
2469 3308 2650 3352 manu
2699 3289 2800 3354 illa
2846 3309 3135 3373 superna.
3188 3291 3287 3354 Sic
3339 3310 3482 3370 ergo
3541 3304 3682 3355 tunc

2034 3398 2266 3456 quoque
2298 3384 2451 3453 fecit,
2487 3393 2542 3443 et
2575 3385 2630 3440 id
2667 3385 3016 3458 Iaciens,spe
3045 3402 3410 3462 nequaquam
3443 3397 3526 3448 est
3559 3390 3679 3446 fru-

2035 3477 2279 3531 stratus.
2331 3468 2478 3532 Cum
2528 3469 2688 3531 enim
2734 3471 3148 3544 intellexisset,
3183 3474 3340 3553 quod
3397 3473 3458 3534 iu
3507 3472 3682 3536 Scete

2035 3561 2154 3638 (est
2185 3560 2313 3621 haec
2355 3567 2552 3622 autem
2596 3561 2856 3624 solitudo
2892 3564 2951 3623 in
2983 3563 3236 3644 [Egypto
3269 3563 3508 3644 quidem
3544 3565 3678 3642 sita,

2036 3649 2122 3709 sic
2153 3664 2292 3710 vero
2342 3649 2669 3726 nominata)
2712 3651 3247 3731 philosophabatur
3294 3653 3383 3713 vir
3413 3653 3677 3733 quidam,

2033 3755 2259 3818 genere
2289 3738 2532 3820 quidem
2565 3741 2695 3819 ipse
2753 3758 2993 3820 quoque
3023 3741 3357 3822 Egyptius,
3397 3747 3689 3803 maximo-

2033 3845 2165 3890 rum
2199 3835 2396 3889 autem
2427 3829 2671 3890 effector
2695 3830 3152 3906 miraculorum,
3177 3829 3388 3892 scribit
3421 3832 3689 3913 protinus

2032 3918 2108 3981 ad
2158 3918 2556 4000 Theophilum
2617 3918 2993 3981 Alexandriae
3050 3920 3426 4002 episcopum,
3466 3919 3690 4002 jubens

2035 4015 2101 4069 ut
2144 4007 2383 4085 efﬁciat,
2421 4015 2487 4070 ut
2532 4008 2621 4069 vir
2666 4007 2768 4070 ille
2816 4008 3195 4072 admirabilis
3244 4011 3690 4091 quamprimum

2032 4097 2232 4160 veniat
2287 4097 2858 4180 Constantinopolim
2919 4100 3034 4180 (2).
3093 4099 3192 4160 Eis
3223 4108 3418 4162 autem
3481 4100 3691 4164 litteris

2035 4205 2275 4269 quoque
2316 4187 2760 4269 continebatur,
2795 4187 2938 4269 quid
2968 4190 3098 4269 ejus
3127 4188 3381 4252 adventu
3414 4209 3564 4272 opus
3595 4209 3690 4254 es-

2032 4287 2147 4341 set.
2197 4278 2302 4341 Ille
2335 4297 2473 4340 vero
2518 4277 2591 4341 iis
2644 4279 2928 4358 acceptis,
2963 4279 3158 4341 statim
3207 4279 3280 4341 ad
3314 4298 3449 4342 eum
3505 4282 3687 4358 venit,

2032 4377 2091 4430 et
2119 4367 2278 4430 datis
2326 4368 2564 4443 litteris,
2603 4386 2814 4448 preces
2845 4368 3221 4450 imperatoris
3263 4378 3322 4432 et
3351 4389 3550 4446 usum,
3586 4372 3688 4453 qui

2032 4458 2306 4538 urgebat,
2341 4458 2659 4538 signiﬁcat.
2694 4457 2925 4522 Deinde
2979 4460 3157 4520 etiam
3191 4460 3319 4541 ipse
3349 4478 3588 4542 quoque
3616 4480 3688 4523 ex

294 4549 429 4604 Εἶτα
474 4549 562 4604 καὶ
619 4549 684 4605 τὰ
741 4545 866 4627 παρ’
926 4549 1114 4607 ἑαυτοῦ
1181 4563 1356 4623 ποιεῖ,
1420 4549 1594 4607 δεῖται
1651 4551 1737 4605 καὶ
1794 4549 1945 4614 αὐτὸς

2035 4565 2100 4610 se
2131 4548 2290 4626 facit,
2321 4567 2452 4629 qua;
2480 4557 2674 4630 potest
2702 4569 2716 4609 :
2748 4550 3140 4610 vehementer
3167 4557 3356 4627 rogat,
3389 4560 3688 4633 orat,sup-

290 4633 530 4709 οἴκοθεν,
559 4634 782 4714 λιπαρεῖ
825 4639 1058 4712 θερμῶς,
1092 4639 1342 4712 ἱκετεύει,
1379 4641 1517 4714 μήτε
1567 4639 1664 4704 τᾶς
1699 4647 1792 4696 τοῦ
1847 4640 1951 4715 βα-

289 4722 482 4787 σιλέως
543 4727 814 4797 ἱκετηρίας
879 4726 1168 4806 ὅπεριδεῐν,
1233 4727 1371 4803 μήτε
1433 4733 1600 4787 κοπου
1631 4732 1696 4786 τὰ
1767 4728 1955 4786 ἑαυτοῦ

289 4814 575 4895 ἀτιμάσαι,
631 4813 770 4874 ἀλλὰ
833 4817 922 4872 καὶ
970 4824 1038 4893 τῇ
1097 4816 1251 4873 πόλει
1312 4816 1682 4898 ἐπιφοιτῆσαι,
1731 4819 1954 4874 καὶτὸν

284 4903 408 4962 κατ’
469 4904 636 4974 αὐτῆς
673 4903 910 4981 πόλεμον
964 4906 1102 4986 εὐχῇ
1145 4907 1213 4976 τῇ
1268 4907 1400 4985 πρὸς
1458 4910 1588 4963 Θεὸν
1651 4907 1952 4985 ἀποστέψαι

282 4993 527 5054 κινδύνον
587 5019 646 5053 τε
677 4996 999 5064 τηλικούτου
1050 5000 1138 5054 καὶ
1182 4997 1351 5078 φόϐου
1391 5000 1590 5068 ταύτην
1619 4998 1947 5081 ἀπαλλάξαι,

283 5086 381 5143 οἶα
443 5085 572 5164 παρ’
607 5090 751 5162 αύτῴ
808 5093 902 5144 τοῦ
952 5089 1188 5154 σωθῆναί
1243 5109 1300 5144 τε
1332 5089 1432 5158 τήν
1479 5088 1630 5146 πόλιν
1661 5089 1696 5158 ἣ
1740 5089 1947 5149 ἀπολέ-

278 5179 397 5232 σθαι
434 5175 705 5251 κειμένου.

360 5265 475 5328 IE’.
516 5257 574 5324 Ὀ
624 5267 805 5340 μέντοι
838 5267 1133 5332 θαυμάσιος
1185 5265 1393 5334 έκεῖνος
1421 5268 1708 5348 Σενούφιος
1759 5270 1944 5344 (τοῦτο

280 5352 334 5409 δὲ
392 5357 420 5410 ὅ
456 5353 591 5434 ἀνὴρ
622 5354 904 5435 ἇκαλεῒτο)
933 5364 1119 5437 πρῶτα
1152 5358 1272 5434 μὲν,
1309 5359 1380 5421 ὡς
1430 5359 1592 5434 εἰκὸς,
1635 5358 1937 5440 ἀπηγόρευε

351 5519 431 5589 (2)
489 5521 836 5598 Plectuntur
864 5523 1055 5598 capite
1093 5523 1274 5598 Cyrus
1307 5534 1361 5583 et
1416 5525 1665 5584 Joannes
1696 5542 1851 5586 anno
1900 5530 1934 5585 9

2037 4637 2244 4718 plicat,
2297 4657 2373 4701 ne
2433 4657 2646 4719 preces
2705 4638 2996 4721 despiciat
3045 4639 3446 4718 imperatoris,
3493 4659 3689 4723 neque

2037 4747 2175 4789 suos
2203 4727 2531 4809 vilipendat
2573 4728 2808 4791 labores
2840 4749 2853 4790 :
2889 4728 2992 4790 sed
3027 4727 3225 4789 veniat
3254 4728 3326 4788 ad
3358 4729 3684 4805 civitatem,

2037 4826 2097 4879 et
2127 4817 2377 4894 bellum,
2414 4815 2574 4899 quod
2608 4818 2668 4880 in
2700 4837 2834 4881 eam
2895 4827 3155 4899 paratur,
3193 4819 3317 4880 suis
3349 4828 3570 4881 avertat
3614 4824 3686 4883 ad

2037 4911 2224 4972 Deum
2277 4909 2580 4990 precibus,
2616 4917 2674 4972 et
2703 4928 2735 4971 a
2767 4918 2926 4971 tanto
2960 4911 3222 4990 periculo
3271 4918 3329 4970 et
3361 4919 3520 4972 metu
3554 4926 3682 4971 eam

2036 4996 2251 5060 liberet
2285 5016 2299 5061 :
2337 5010 2541 5080 utpote
2574 5000 2729 5082 quod
2764 5001 2824 5062 in
2859 4999 3010 5079 ejus'
3041 5005 3330 5080 potestate
3359 4999 3538 5061 situm
3583 4998 3681 5076 sit,

2034 5099 2096 5154 ut
2126 5091 2330 5156 civitas
2360 5097 2453 5156 vel
2486 5095 2646 5157 salva
2677 5093 2752 5155 sit
2784 5094 2872 5155 vel
2903 5094 3180 5156 intereat.

2079 5281 2190 5339 XV.
2215 5281 2590 5341 Admirabilis
2639 5289 2832 5339 autem
2865 5279 2968 5337 ille
2989 5279 3321 5352 Senuphius
3365 5280 3498 5350 (hoc
3529 5282 3684 5341 enim

2025 5370 2262 5426 nomine
2287 5367 2625 5436 vocabatur)
2660 5367 2910 5438 primum
2944 5365 3206 5437 quidem,
3231 5373 3292 5421 ut
3326 5375 3410 5424 cst
3440 5383 3684 5426 consen-

2091 5527 2168 5597 (3)
2197 5527 2242 5596 Q

2251 5542 2320 5585 uo
2359 5527 2416 5583 in
2441 5537 2699 5599 tempore
2727 5526 3008 5585 acciderit
3038 5529 3320 5599 incertum
3355 5536 3461 5586 est.
3494 5527 3681 5587 Eam-

320 5594 699 5672 ersecutionis
757 5594 1104 5655 Diocletiani
1139 5594 1303 5670 imp.,
1338 5605 1396 5654 ut
1434 5607 1588 5655 notat
1624 5599 1834 5657 Baron.
1872 5601 1929 5656 in
2016 5594 2478 5659 dem'bistoriam
2511 5594 2802 5672 et‘Glycas
2833 5597 3239 5669 rotert,Annat.
3273 5608 3420 5671 part.
3458 5612 3533 5660 IV.

367 5666 571 5737 rtyrol.
