4020 6206
416 237 568 326 1247

410 386 676 456 taneum,
703 395 779 442 ne
808 387 1048 461 rogaret
1093 378 1422 461 prohibuit,
1452 398 1572 443 non
1602 379 1676 442 ad
1711 395 2058 445 mensuram
2082 388 2120 439 Α

411 471 566 548 ejus,
594 487 774 547 quam
803 469 1087 544 habebat,
1118 470 1348 550 gratiae,
1383 488 1448 532 se
1479 471 1550 534 ad
1588 489 1932 534 mensuram
1967 492 2066 554 po-

409 561 534 621 tius
581 560 739 641 ejus,
792 579 907 642 qua
949 567 1076 622 erat
1127 560 1312 635 dives,
1348 560 1696 624 humilitatis
1741 563 2066 643 aspiciens.

407 647 618 730 Magna
647 649 1123 731 est,inquit,mea
1143 650 1204 712 in
1230 650 1528 713 civitatem
1562 651 2069 728 benevolentia,et

407 739 601 818 ipsam
633 739 808 802 valde
840 739 1060 802 salvam
1095 758 1230 804 esse
1261 742 1473 822 cupio:
1509 741 1613 803 sed
1649 761 1765 804 non
1788 743 2066 806 volunta-

409 836 527 891 tem
565 848 805 912 quoque
860 830 1020 893 vires
1050 839 1504 912 consequuntur
1555 851 1624 894 ex
1676 851 1766 908 ea,
1807 852 1939 914 quae
1978 843 2069 898 est

406 917 479 980 ad
510 920 727 995 Deum,
759 919 1182 995 ﬁducia.Quin
1216 926 1392 982 etiam
1427 923 1661 1000 rogavit
1693 921 1886 1004 ipsum
1923 923 2066 985 Ale-

405 1007 676 1072 xandria:
700 1009 1076 1091 episcopum,
1107 1029 1181 1072 ne
1211 1010 1285 1072 de
1308 1029 1378 1072 eo
1413 1010 1549 1073 talia
1570 1011 1844 1090 sentiret,
1873 1032 2066 1095 neque

403 1118 542 1162 eum
578 1108 812 1182 putaret
843 1103 1016 1183 vulgo
1057 1103 1452 1168 antecellere.
1489 1105 1634 1167 Cum
1669 1123 1804 1167 eum
1861 1116 2058 1170 autem

402 1190 535 1272 ipse
568 1193 810 1254 omnino
841 1211 961 1256 non
993 1193 1352 1269 dimitteret,
1383 1213 1493 1256 nec
1525 1194 1712 1258 sciret
1771 1195 2060 1278 deinceps

405 1287 660 1363 magnus
707 1283 991 1365 quidnam
1043 1283 1271 1346 faceret
1320 1283 1690 1366 Senuphius,
1725 1284 2056 1349 discessum

403 1377 639 1452 quidem
661 1393 830 1436 suum
855 1378 1091 1449 pulchre
1123 1378 1332 1437 differt:
1365 1379 1459 1437 dat
1489 1387 1682 1438 autem
1714 1381 1795 1437 sic
1829 1397 2059 1456 quoque

404 1461 716 1538 auxilium,
744 1463 924 1544 idque
957 1463 1098 1527 facit
1121 1463 1558 1528 admirabilius.
1591 1467 1741 1530 Nam
1774 1473 1831 1529 et
1861 1469 2058 1532 statim

405 1559 565 1616 stetit
593 1557 663 1616 ad
697 1559 1011 1628 orientem,
1037 1569 1091 1617 et
1122 1573 1253 1616 cum
1295 1560 1772 1630 superhumerale
1801 1569 1856 1620 et
1882 1562 2059 1620 bacu-

401 1641 526 1704 lum
572 1642 635 1704 in
667 1643 884 1707 caelum
921 1643 1282 1724 sustulisset,
1319 1644 1573 1707 Domine
1626 1647 1802 1714 Deus.
1839 1647 2054 1727 inquit,

400 1732 561 1795 Deus
591 1733 992 1807 exercituum,
1023 1734 1099 1796 da
1127 1734 1268 1795 huic
1301 1752 1434 1795 meo
1467 1735 1967 1814 superhumerale
1998 1745 2056 1799 et
2078 1760 2116 1812 Β

399 1822 541 1906 huic
563 1821 876 1896 baculo,ut
907 1831 1138 1886 tantum
1167 1822 1668 1904 possit,quantum
1705 1842 1813 1902 ego
1847 1825 2056 1906 ipse,si

399 1902 526 1972 illic
547 1912 849 1975 adessem.
879 1912 1018 1974 Haec
1047 1902 1182 1974 cum
1212 1914 1336 1974 Deo
1357 1902 1768 1994 dixissemus:
1797 1902 2058 1977 habebat

399 2002 461 2062 in
487 1999 886 2070 manibus,dat
907 2001 1107 2064 statim
1139 2000 1567 2085 pontifici.ch
1593 2002 2051 2083 accipe,dicens,

399 2102 456 2152 et
497 2093 658 2152 mitte
681 2097 874 2154 statim
910 2096 982 2153 ad
1013 2097 1445 2165 imperatorem.
1479 2097 1583 2154 Ille
1625 2106 1817 2155 autem
1849 2112 2054 2169 super-

400 2179 714 2243 humerale
769 2180 1012 2262 quidem
1049 2180 1318 2262 imponat
1364 2182 1566 2262 capiti,
1600 2180 1878 2245 baculum
1912 2202 2052 2246 vero

398 2286 576 2330 manu
595 2273 764 2331 (erat.
801 2273 1022 2331 Deinde
1042 2273 1277 2346 quando
1312 2289 1458 2346 opus
1482 2277 1650 2333 tuerit
1681 2291 1889 2334 manus
1912 2292 2056 2336 con-

397 2376 603 2421 serere
633 2363 769 2421 ctim
802 2359 1087 2434 inimicis,
1100 2359 1396 2440 praecedat
1429 2379 1641 2422 omnes
1671 2360 1912 2437 alios,et
1937 2381 2052 2426 an-

396 2446 608 2511 dacter
658 2449 946 2530 procedat
975 2452 1262 2512 adversus
1309 2448 1614 2512 inimicos.
1649 2448 1795 2512 Nam
1859 2452 1909 2512 si
1942 2471 2050 2532 ego

398 2538 642 2619 quidem
700 2539 928 2620 possim
963 2557 997 2602 a
1029 2541 1152 2603 Deo
1203 2539 1496 2615 exaudiri,
1531 2539 1804 2602 existimo
1833 2540 1959 2604 fore
1992 2553 2056 2605 ut

397 2628 525 2708 ipse
554 2629 628 2691 sit
660 2630 784 2692 illis
815 2629 1132 2705 terribilis,
1168 2637 1225 2692 et
1251 2631 1383 2692 sine
1412 2632 1703 2710 sanguine
1728 2632 2049 2711 gloriosam

392 2719 618 2782 referat
647 2720 978 2782 victoriam.

479 2808 642 2874 XVI.
668 2808 806 2873 Haec
829 2829 965 2874 cum
991 2810 1061 2872 ad
1092 2810 1516 2892 imperatorem
1554 2809 1831 2874 lubenter
1851 2822 2055 2876 essent

395 2903 694 2970 allata,ille
711 2903 943 2976 quidem
963 2904 1148 2962 munit
1172 2905 2052 2976 caputsuperliumerali,quavis

393 2991 564 3072 galea
589 2993 794 3054 tutius:
823 2991 1034 3056 baculo
1059 3001 1259 3054 autem
1286 2992 1478 3055 munit
1507 2991 2054 3068 dexteram,lancea

393 3083 568 3161 longe
581 3082 933 3182 .validiuszet
956 3084 1074 3182 hac
1085 3084 1321 3182 ratione.
1335 3083 1647 3182 conlidens
1666 3084 1792 3182 fore
1806 3093 1869 3145 ut
1888 3085 2052 3182 vide-
2065 3127 2109 3182 ε

389 3178 558 3234 retur
581 3171 855 3234 hostibus
871 3172 1407 3252 terribilior,quam
1432 3173 2049 3249 olim,utaiunt,clava

390 3261 843 3327 HerculesJam
873 3261 1303 3327 accedentibus
1329 3263 1626 3340 hostibus,
1659 3263 1788 3345 ipse
1822 3265 2049 3344 primus

391 3351 931 3432 praecedit,ducens
965 3359 1150 3414 totum
1185 3354 1539 3418 exercitum.
1563 3352 1810 3435 PrOpter
1849 3353 2042 3417 Senu-

392 3441 520 3522 phii
548 3450 749 3506 autem
782 3443 858 3504 ad
883 3444 1070 3505 Deum
1102 3443 1438 3506 orationem
1465 3444 1631 3505 nulla
1661 3452 1790 3506 erat
1811 3443 2042 3520 dilatio,

393 3531 500 3595 sed
549 3548 648 3594 res
679 3532 872 3594 statim
929 3534 1107 3595 finem
1143 3532 1500 3615 accipiebat.
1549 3531 1735 3596 Simul
1767 3552 1835 3596 ac
1883 3533 2042 3598 enim

391 3641 526 3684 eum
578 3623 860 3686 viderunt
909 3623 1186 3699 Barbari,
1233 3643 1371 3686 eum
1423 3622 1701 3685 admirati
1763 3631 2042 3705 tanquam

388 3732 574 3776 unum
599 3732 669 3777 ex
694 3713 1143 3788 ccelestibus,ad
1168 3714 1366 3794 fugam
1389 3715 1586 3776 statim
1609 3713 1963 3795 spectabant
1987 3720 2049 3776 et

389 3806 609 3885 pedum
659 3805 931 3866 virtutem
968 3804 1315 3869 laudabant.
1375 3803 1708 3881 Fugiebant
1756 3823 1897 3866 vero
1930 3821 2047 3864 non

388 3899 582 3970 aliquo
605 3907 762 3957 certo
784 3898 1010 3963 ordine,
1048 3901 1231 3971 utqui
1256 3913 1371 3956 non
1396 3909 1589 3956 essent
1612 3901 1852 3956 omnino
1885 3898 2049 3955 obliti

384 3985 735 4055 virium.sed
771 3995 833 4046 ut
869 3986 968 4066 qui
1001 3993 1204 4047 essent
1235 3993 1448 4046 emotae
1478 3983 1696 4045 mentis
1723 3991 1779 4045 et
1812 3991 2048 4065 perter-

396 4075 518 4148 riti,
552 4075 707 4137 alius
738 4075 854 4136 alio
909 4072 1192 4156 dispersi,
1225 4083 1391 4152 terga
1437 4072 1776 4134 volentibus
1827 4072 2045 4148 facilia,

395 4165 673 4245 expedita
695 4163 1026 4237 veneratio,
1056 4181 1267 4224 secura
1301 4161 1644 4242 persecutio
1671 4170 1728 4224 et
1759 4159 1948 4224 libera
1979 4161 2051 4225 ab

398 4254 562 4316 omni
591 4254 841 4332 periclo,
866 4253 981 4333 ipsi
1008 4253 1204 4332 potius
1233 4260 1478 4332 propter
1499 4251 1723 4332 fugam,
1759 4271 1894 4328 quae
1927 4260 2053 4315 erat

391 4344 522 4407 sine
567 4343 686 4406 ullo
757 4351 917 4405 certo
955 4341 1188 4418 ordine,
1221 4343 1422 4423 plagas
1470 4350 1528 4403 et
1576 4341 1842 4420 vulnera,
1876 4351 2054 4422 atque

389 4435 537 4496 adeo
567 4442 820 4495 mortem
844 4432 960 4494 sibi
981 4431 1234 4494 invicem
1259 4430 1840 4494 conciliantes:adeo
1861 4432 2049 4513 impe-

388 4531 554 4585 rator
579 4542 696 4585 non
719 4522 914 4586 solum
939 4523 1067 4584 sine
1098 4522 1413 4602 sanguine,
1451 4521 1556 4584 sed
1585 4521 1761 4584 etiam
1797 4527 1926 4585 sine
1956 4523 2042 4583 la-

389 4612 537 4675 bore
566 4612 724 4676 hanc
757 4612 1062 4675 victoriam
1093 4611 1390 4676 retulerit.
1435 4610 1673 4674 Festum
1710 4610 1814 4675 ille
1844 4611 2041 4674 nomi-

389 4702 550 4763 navit
601 4701 760 4764 hunc
816 4701 1002 4779 diem,
1041 4710 1100 4764 et
1140 4720 1300 4764 nunc
1350 4718 1588 4782 quoque
1629 4707 1763 4782 post
1817 4708 2042 4762 tantum

390 4805 617 4865 tempus
663 4794 970 4868 magniﬁce
1003 4795 1332 4854 celebratur
1366 4794 1439 4852 ab
1489 4793 1890 4853 Alexandrinis
1922 4793 2040 4867 (3‘),

387 4885 856 4961 nominaturque
873 4880 947 4943 ab
979 4880 1068 4943 eis
1096 4882 1392 4944 Iconium.
1425 4879 1516 4942 Ab
1548 4879 1636 4942 eis
1663 4879 1822 4942 enim
1857 4879 2045 4961 impe-

386 4971 604 5034 ratoris
637 4970 793 5032 facta
825 4979 914 5032 est
938 4971 1206 5052 quadam
1244 4978 1460 5051 statua,
1491 4988 1713 5050 eo,quo
1749 4977 2044 5050 ωηο,ωο-

384 5061 488 5136 do,
526 5069 792 5125 armata:
826 5069 881 5123 et
913 5061 1109 5143 capite
1139 5061 1378 5142 quidem
1410 5059 1616 5123 induta
1645 5058 2038 5139 superhume-

385 5151 522 5225 rali,
559 5150 806 5214 dextera
830 5160 1025 5214 autem
1059 5160 1271 5215 tenens
1299 5149 1600 5213 baculum.

439 5238 776 5305 XVll.Cum
803 5261 942 5306 vero
962 5242 1222 5322 gentiles
1255 5241 1520 5302 nondum
1545 5237 2037 5313 eiiloruissent,is

383 5331 489 5411 qui
540 5329 961 5395 Alexandrinae
991 5339 1246 5413 praeerat
1287 5329 1596 5409 Ecclesiae,
1628 5327 1881 5392 destruit
1933 5327 2037 5410 qui

457 5490 560 5561 (3')
619 5493 764 5550 Hinc
823 5494 1193 5552 manifestum
1261 5491 1350 5550 est
1405 5491 1675 5562 scriptam
1729 5502 1854 5546 esse
1891 5489 2042 5547 hanc

383 5563 566 5620 Vitam
608 5578 742 5621 cum
776 5564 1280 5648 [Egyptusadhuc
1311 5563 1418 5648 sub
1457 5561 1805 5648 Qhriftianis
1841 5573 1992 5645 esset
2026 5580 2038 5619 :

381 5650 518 5696 nam
549 5650 686 5712 quae
715 5634 939 5709 potuit,
957 5646 1116 5697 aetate
1146 5637 1563 5709 Metapbrastae,
1600 5634 1732 5692 licet
1769 5634 1890 5693 haec
1919 5635 2046 5708 ipse

1695 246 1978 312 MENSIS
2017 247 2488 313 JANUARIUS.

3667 256 3866 326 1248

2143 382 2242 476 τὴν
2299 382 2536 463 ἀξίωσιν,
2572 389 2632 447 οὗ
2689 387 2822 470 πρὸς
2871 389 2930 446 τδ
2991 386 3206 470 μέτρον.
3239 391 3311 458 ὥς
3369 389 3447 472 [f-
3483 391 3586 476 ἧς]
3659 395 3850 475 εῖν-ε»

2151 475 2399 554 χάριτος,
2443 475 2580 534 ἀλλὰ
2636 480 2759 559 πρὸς
2822 481 2883 536 τὸ
2937 480 3099 559 μέρον
3144 481 3353 560 μᾶλλον
3405 487 3474 554 ἧς
3534 475 3853 558 {nlo-hu,

2149 565 2516 633 ταπεινώσεως
2560 567 2795 648 ἀφορῶν,
2847 561 2908 627 Ἠ
2963 571 3061 645 μὲν
3103 569 3211 648 ἐμὴ
3243 571 3419 630 εὔνοια
3449 575 3485 642 ἡ
3533 576 3689 653 πρὸς
3735 577 3856 642 τὴν

2147 653 2328 730 πόλιν,
2387 655 2586 738 λέγων,
2647 657 2848 741 πολλὴ,
2895 662 2990 718 καί
3051 661 3112 717 τὸ
3162 661 3335 718 θέλειν
3397 663 3480 720 ἀεὶ
3549 664 3858 741 σώζεσθαιτ

2151 745 2351 812 ταύτην
2407 745 2606 825 ἒχατον
2665 739 2882 829 θερμὸν,
2929 748 3072 819 πλὴν
3129 750 3252 808 ἀλλ’
3309 755 3368 811 οὗ
3410 759 3489 828 τῷ
3544 739 3858 830 etlapsa-:5

2150 856 2252 909 μου
2306 837 2481 893 καὶτὸ
2540 838 2748 916 ἷσχυειν
2806 839 2866 896 ἐκ
2917 839 3012 908 τῆς
3042 841 3174 917 πρὸς
3229 840 3526 921 παῤῥησίας
3571 844 3850 901 ἀκολου-

2149 926 2257 980 (ὶεῖ⁸
2325 926 2414 982 καὶ
2478 925 2636 984 αὐτὸν
2706 926 2760 984 δὲ
2827 930 2921 986 τὸν
2985 927 3376 1011 Ἀλεξανδρείας
3448 934 3529 1008 μὴ
3596 941 3846 990 τοιαῦτα

2150 1015 2268 1093 περὶ
2359 1019 2519 1076 αὐτοῦ
2589 1031 2806 1096 φρονεῖν
2833 1063 2851 1093 ,
2918 1017 3056 1094 μηδὲ
3133 1028 3316 1078 τοῦτον
3401 1025 3509 1080 τῶν
3585 1022 3841 1080 πολλῶν

2152 1103 2394 1182 ἡγεῖσθαι
2455 1104 2718 1187 διαφέρειν
2773 1107 2944 1176 ἠξίου.
3003 1109 3158 1168 Ἐπεὶ
3201 1109 3257 1167 δὲ
3329 1113 3581 1191 παράπαν
3657 1114 3841 1176 αὐτὸς

2143 1197 2202 1254 οὖ
2259 1194 2491 1276 μεοιὲτο,
2527 1195 2605 1273 μὴ
2642 1199 2786 1278 ἔχων
2847 1196 2930 1255 ὅτι
2961 1201 3118 1257 πείθοι
3163 1199 3361 1259 λοιπὸν
3399 1202 3426 1258 ὁ
3456 1203 3645 1280 μέγας
3711 1209 3836 1259 Σε-

2143 1284 2376 1364 νούφιος,
2421 1285 2521 1354 τὴν
2564 1287 2664 1360 μὲν
2716 1285 3016 1364 ἀποδημίαν
3065 1292 3340 1370 εὖπρεπῶς
3413 1290 3831 1364 ἀναϐάὶλεται,

2142 1373 2206 1429 τὰ
2237 1373 2290 1430 δὲ
2343 1380 2441 1442 τῆς
2471 1376 2718 1452 βοηθείας
2779 1377 2868 1434 καί
2895 1377 3033 1436 οὕτω
3091 1377 3289 1438 δίδωσι·
3340 1385 3424 1439 καὶ
3467 1395 3629 1439 ποιεῖ
3664 1381 3832 1456 μᾶλα

2142 1461 2236 1519 λον
2293 1463 2454 1533 αὐτὴν
2487 1466 2946 1545 Θαυμασιωτέραν·
3005 1466 3178 1538 ’Ἑστη
3226 1493 3284 1528 τε
3331 1472 3431 1551 γὰρ
3457 1473 3609 1538 εὐθὺς
3678 1473 3826 1551 πρὸς

2143 1552 2430 1635 ἀνατολὰς,
2496 1556 2583 1612 καὶ
2627 1556 2723 1624 τὴν
2789 1555 3030 1633 ἐπωμίδα
3074 1561 3162 1616 καὶ
3222 1561 3320 1627 τὴν
3383 1562 3692 1640 βακτηρίαν
3741 1563 3823 1626 εἰς

2141 1642 2391 1721 οὖρανοὺν
2435 1644 2714 1726 ἀνασχὼν,
2783 1647 3027 1704 Δέσποτα
3085 1649 3112 1704 ὃ
3175 1651 3327 1724 Θεὸς,
3359 1655 3536 1724 εἶπεν,
3585 1654 3622 1707 ὁ
3674 1653 3818 1715 Θεὸς

2141 1738 2244 1786 τῶν
2291 1731 2587 1815 δυνάμεων,
2642 1733 2732 1800 δὸς
2792 1738 2878 1792 καί
2935 1735 3067 1811 τῷδε
3121 1761 3224 1814 μου
3279 1745 3349 1816 τῇ
3416 1739 3656 1816 ἐπωμίσι
3724 1743 3819 1797 καὶ

2142 1819 2264 1898 τῇδε
2326 1822 2392 1899 τῇ
2448 1824 2710 1902 βακτηρίᾳ
2770 1846 3021 1883 τοσουτον
3072 1828 3291 1908 ἰσχυσαι
3337 1828 3546 1907 ὅσῳπερ
3578 1829 3653 1886 ἂν
3721 1831 3815 1886 καὶ

2141 1914 2283 1986 αὖτῷ
2321 1911 2462 1988 ἐμοὶ,
2503 1912 2555 1967 εἷ’
2601 1936 2660 1991 γε
2693 1912 2758 1982 δὴ
2803 1914 2982 1972 ἐκεῖσε
3041 1918 3242 1986 παρῆν,
3274 1928 3448 1978 Ταῦτα
3490 1923 3630 1999 πρὸς
3671 1922 3814 1976 Θεὸν

2141 2002 2326 2076 εἰπὼν,
2358 2003 2423 2062 τὰ
2476 2002 2529 2058 ὲν
2575 2010 2760 2084 χερσὶν
2795 2003 2977 2062 αὒτίκα
3023 2008 3108 2063 καὶ
3152 2015 3229 2082 τῷ
3285 2009 3534 2089 ἀρχιερεῖ
3581 2008 3804 2087 δίδωσί,

2143 2089 2294 2156 Δέξᾶι
2353 2099 2540 2172 ταῦτα,
2599 2093 2792 2171 λέγων,
2840 2096 2929 2151 καὶ
2986 2095 3203 2173 πέμψον
3261 2106 3337 2173 τῷ
3391 2097 3611 2176 βασιλεῖ
3662 2102 3814 2157 κατᾶ

2139 2181 2330 2261 τάχος⁶
2393 2181 2643 2248 κάκεῖνος
2675 2184 2774 2251 τὴν
2831 2185 2931 2260 μὲν
2986 2183 3228 2261 ἐπωμίδα
3271 2193 3340 2264 τῇ
3369 2187 3578 2268 κεφαλῇ
3634 2211 3806 2268 περι-

2137 2270 2328 2344 θέσθω,
2372 2270 2471 2338 τὴν
2499 2272 2794 2350 βακτηρίαν
2852 2271 2905 2330 δὲ
2937 2280 3004 2352 τῇ
3050 2278 3192 2355 χειρὶ
3225 2278 3448 2357 φερέτω.
3485 2275 3604 2336 Εἶθ’
3670 2279 3806 2336 ὅταν

2138 2358 2460 2416 συπϐάλλειν
2495 2375 2613 2424 τσϊς
2659 2360 2936 2439 πολεμίοις
2983 2365 3016 2432 ἡ
3071 2367 3230 2445 χρεία
3259 2365 3441 2442 καλεῖ,
3476 2375 3582 2424 τῶν
3612 2368 3807 2425 ἄλλων

2137 2449 2424 2529 προεξιέτω
2485 2451 2742 2527 πάντωθξ,
2788 2454 2876 2510 καὶ
2923 2453 3124 2532 θαῤῥὼν
3183 2457 3431 2534 χωρείτω
3493 2458 3632 2514 κατά
3691 2465 3805 2514 τῶν

2138 2538 2432 2616 πολεμίων,
2497 2541 2625 2598 Εἴτε
2689 2542 2765 2619 If.
2827 2540 2896 2599 Εἴ
2926 2545 3008 2620 γε]
3060 2545 3160 2622 γὰρ
3206 2545 3462 2612 ἀκουστὸς
3493 2546 3602 2624 ἐγὼ
3655 2548 3806 2626 παρὰ

2135 2636 2211 2702 τῷ
2263 2637 2400 2709 Θεῷ,
2436 2630 2522 2685 καὶ
2568 2628 2725 2686 αὐτὸν
2778 2631 2939 2707 οἶμαι
2984 2631 3206 2711 φοϐερὸν
3240 2633 3464 2698 ἐκείνοις
3525 2634 3800 2716 γενέσθαι,

2135 2720 2224 2776 καὶ
2267 2720 2527 2794 ἀναιμωτὶ
2558 2720 2655 2788 τὴν
2688 2724 2840 2788 νίκην
2884 2721 3113 2787 εὐκλεῶς
3147 2722 3395 2803 ἅρασθαι.

2217 2811 2300 2883 1;"
2315 2799 2342 2868 ’.
2379 2804 2472 2865 Ὧν
2519 2807 2689 2878 ἡδέως
2733 2818 2809 2884 τῷ
2836 2810 3052 2886 βασιλεῖ
3111 2799 3497 2889 κομισθέντων,
3535 2829 3792 2894 φρουρεῖ-

2136 2921 2221 2954 ται
2253 2898 2350 2974 μὲν
2383 2897 2588 2962 ἐκεῖνος
2621 2899 2718 2967 τὴν
2751 2899 2988 2979 κεφαλὴν
3021 2907 3088 2977 τῇ
3119 2901 3365 2978 ἐπωμίδι,
3401 2906 3606 2968 παντὸς
3653 2907 3788 2976 κρά-

2137 3011 2255 3054 νους
2299 2986 2406 3044 οὔδ’
2451 2987 2578 3044 ὅσον
2623 2991 2797 3045 εἰπεῖν
2841 2989 3255 3070 ἀσφαλέστερον,
3304 2991 3576 3065 ὁπλίζεται
3606 2993 3661 3050 δὲ
3692 2998 3788 3064 τὴν

2134 3079 2424 3158 βακτηρίαν
2457 3085 2524 3156 τῇ
2569 3077 2708 3152 δεξιᾷ
2761 3077 2945 3153 πο)ὶῷ
2977 3079 3194 3160 δόρατος
3251 3086 3627 3162 κραταιὸτερος
3685 3087 3782 3160 ὀφ-

2131 3170 2286 3234 θῆναι
2331 3168 2452 3232 τοῖς
2486 3166 2785 3250 πολεμίοις,
2821 3169 3020 3248 θαῤῥῶν
3062 3171 3096 3239 ἢ
3128 3176 3203 3245 τῷ
3234 3171 3454 3250 ῥοπάλῳ
3484 3176 3640 3252 φασὶν
3687 3166 3782 3231 Ἠ-

2137 3257 2335 3336 ρακλέα
2392 3260 2452 3314 τὸ
2490 3258 2766 3336 πράτερον,
2823 3261 3155 3336 Προσιόντων
3184 3260 3292 3331 ἢδη
3321 3269 3426 3318 τῶν
3486 3263 3778 3346 πολεμίων,

2131 3349 2268 3428 ὁρμᾷ
2315 3351 2519 3424 πρῶτος
2551 3350 2706 3412 αὐτὸς
2736 3349 2829 3405 τοῦ
2856 3351 3053 3412 παντὸς
3099 3352 3497 3431 στρατεύματος
3553 3354 3776 3432 ἐξηγού-

2131 3460 2312 3514 μενος,
2378 3440 2532 3518 Εὖχῇ
2564 3437 2618 3494 δὲ
2649 3444 2717 3515 τῇ
2765 3440 2895 3519 πρὸς
2955 3441 3086 3496 Θεὸν
3144 3449 3238 3499 τοῦ
3268 3445 3554 3524 Σενουφίου
3609 3446 3780 3520 μένειν

2241 3527 2383 3590 add.
2417 3527 2708 3606 ἀτελέστῳ]
2744 3533 2838 3588 οὒκ
2861 3529 2950 3602 ἦν,
2986 3528 3106 3586 ἀλλ’
3137 3533 3327 3596 εὐθέως
3355 3533 3509 3610 πέρας
3537 3533 3779 3609 ἐλάμϐα-

2131 3640 2239 3678 νεν.
2272 3617 2423 3692 ’Ἅμα
2467 3639 2522 3674 τε
2555 3617 2656 3696 γάρ
2704 3617 2853 3675 εἶδον
2885 3620 3040 3676 αὐτὸν
3099 3622 3146 3678 οἱ
3207 3619 3501 3700 Βάρϐαροί,
3537 3627 3626 3680 καὶ
3669 3626 3775 3681 ὥοο

2131 3729 2230 3786 περ
2288 3707 2380 3764 ἕνα
2437 3714 2543 3764 τῶν
2616 3711 2868 3785 οὐρανίων
2938 3709 3400 3790 καταπλαγέντες,
3469 3715 3542 3776 εἷς
3611 3716 3776 3794 φυγήν

2133 3799 2279 3862 εὐθὺς
2326 3796 2577 3874 ἔϐλεψαν,
2642 3798 2730 3855 καὶ
2790 3796 2968 3855 ποδοῖν
3010 3799 3203 3878 ἀρετὴν
3261 3801 3520 3879 ἒπῄνουν,
3586 3803 3774 3884 Ἐφευο

2132 3910 2225 3965 γον
2255 3886 2309 3943 δὲ
2341 3891 2401 3945 οὗ
2430 3889 2520 3943 σὺν
2553 3889 2740 3964 κόσμῴ
2769 3888 2877 3944 τινὶ
2909 3887 3005 3945 καὶ
3063 3889 3232 3966 τάξει,
3265 3893 3340 3956 ὡς
3373 3892 3451 3966 μὴ
3497 3891 3776 3950 παντάπα-

2133 4000 2214 4033 σιν
2270 3976 2442 4045 ἀλκῆς
2502 3975 2942 4055 ἐπιλελησμένοι,
2977 3976 3098 4034 ἀλλ’
3155 3982 3229 4044 ὡς
3286 3980 3346 4036 ἂν
3386 3980 3639 4061 ἔκφρονες
3693 3985 3776 4040 καὶ

2131 4066 2448 4149 καταφιιϐοι,
2483 4066 2640 4133 ἄλλος
2692 4066 2940 4148 ἀλλαχοῦ
2996 4066 3450 4145 διεσκεδασμένοι,
3499 4077 3642 4128 νῶτα
3670 4086 3774 4136 τοῖς

2136 4157 2483 4235 βουλομένοις
2530 4155 2730 4233 ῥᾴδιον,
2777 4159 2992 4234 θήραμα
3021 4158 3266 4238 εὐχερὲς,
3303 4161 3549 4240 ἀσφαλὴς
3614 4160 3771 4227 δίωξις

2137 4248 2223 4305 καὶ
2280 4246 2516 4304 κινδύνου
2570 4247 2766 4312 παντὸς
2827 4247 3090 4330 ἔλευθέρα,
3143 4251 3282 4308 αὐτοὶ
3339 4249 3545 4325 μᾶλλον
3603 4249 3770 4318 ἀλλ-οἱ-

2138 4337 2276 4412 λοις,
2308 4338 2410 4394 ὑπὸ
2463 4337 2558 4405 τῆς
2612 4335 2850 4412 ἀκόσμου
2895 4340 3090 4419 φυγῆς,
3125 4338 3352 4419 πληγὼν
3404 4341 3490 4396 καὶ
3532 4343 3766 4419 τραυμά-

2137 4451 2266 4508 των,
2319 4427 2354 4496 ἢ
2411 4427 2500 4483 καὶ
2555 4425 2804 4500 Θανάτου,
2857 4425 3121 4505 πρόξενοι·
3186 4429 3324 4486 ὥστε
3375 4430 3454 4505 μὴ
3516 4429 3771 4506 ἀναιμωτὶ

2128 4520 2216 4576 τὸν
2249 4517 2471 4594 βασιλέα
2515 4517 2680 4592 μόνον
2711 4515 2849 4572 ἀλλά
2897 4518 2984 4574 καὶ
3015 4519 3244 4586 ἀπόνητὶ
3298 4521 3398 4588 τὴν
3430 4521 3581 4589 νίκην
3641 4522 3764 4578 ταύ-

2125 4631 2225 4676 την
2296 4606 2629 4685 ἐνέγκασθαι.
2717 4605 2944 4684 Ἐορτήν
3024 4608 3234 4675 ἐκεῖνος
3303 4609 3550 4686 ὠνόμασε
3619 4609 3765 4680 τήνδε

2125 4699 2224 4767 τὴν
2271 4697 2496 4774 τςμέραν,
2541 4697 2628 4752 καὶ
2686 4695 2774 4752 νῦν
2819 4694 3095 4772 πάνδημος
3152 4697 3580 4780 Ἀλεξανδρεῦσιν
3641 4701 3763 4768 αὕτη

2125 4792 2220 4846 καὶ
2253 4784 2552 4853 πολυτελὴς
2596 4782 2681 4842 διὰ
2725 4786 2945 4866 χρόνου,
2982 4790 3217 4846 Εἰκονιον
3267 4789 3406 4847 οὕτω
3434 4793 3563 4868 παρ’
3590 4792 3763 4854 αὺτοῖς

2127 4878 2528 4955 ὀνομαζομένη.
2603 4878 2897 4943 Πεποίηται
2942 4879 3042 4957 γὰρ
3099 4877 3163 4950 δή
3222 4901 3302 4944 τις
3362 4886 3456 4937 τοῦ
3510 4878 3763 4956 βασιλέως

2128 4973 2214 5026 καὶ
2259 4969 2413 5024 εἰκὼν
2470 4965 2789 5041 ὡπλισμένη
2848 4967 2940 5022 τὸν
2973 4968 3095 5024 τότε
3152 4970 3347 5048 τρόπον
3409 4974 3506 5026 καὶ
3555 4976 3621 5046 τῇ
3675 4971 3761 5045 μὲν

2121 5060 2333 5141 κεφαλῇ
2385 5057 2483 5113 τὶν
2527 5053 2768 5131 ἓπωμίδα
2819 5059 3194 5140 περικειμένη,
3237 5063 3304 5136 τῇ
3362 5057 3504 5132 δεξιᾷ
3561 5057 3614 5115 δὲ
3672 5060 3758 5126 τὴν

2119 5149 2413 5229 βακτηρίαν
2457 5146 2826 5225 προΐσχονσα.

2203 5229 2304 5302 1Ζ’,
2368 5235 2518 5295 Οὕτω
2550 5231 2604 5290 δὲ
2661 5233 2767 5290 τῶν
2813 5233 3086 5307 Ἐλλήνων
3130 5237 3552 5306 ἀπηνθηκὸτων.
3602 5238 3630 5294 ὃ
3665 5242 3756 5306 τῆς

2120 5325 2506 5407 Ἀλεξανδρέων
2579 5325 2854 5401 προεστὼς
2926 5323 3274 5404 Ἐκκλησίας,
3312 5325 3605 5394 Ε’λληνικὰ
3669 5327 3758 5405 μὲν

2123 5487 2455 5556 retinuerit)
2506 5497 2715 5556 magna
2747 5482 3055 5556 celebritas
3085 5497 3134 5544 et
3165 5485 3592 5556 magniﬁcentia
3638 5501 3754 5547 ser-

2127 5563 2268 5628 vari,
2301 5554 2494 5619 rerum
2526 5554 2886 5630 patientibus
2915 5555 3236 5620 Saracenis.
3263 5554 3562 5621 BOLLAND.
