4020 6206
213 434 371 514 1249
1343 437 1531 512 VITA
1577 439 1680 508 ss.
1727 441 1909 506 CYRI
1960 433 2054 504 ET
2098 436 2456 505 JOANNIS.
3279 453 3286 459 ·
3444 433 3599 506 1250

205 583 386 640 πάντα
445 581 664 657 διαθήσει
723 577 1054 654 σεϐάσματα,
1090 579 1210 644 ναὺς
1273 577 1326 634 δὲ
1374 579 1472 644 τὴν
1532 577 1687 635 πόλιν
1732 576 1853 633 ἐκό-

1961 576 2078 663 lem
2107 595 2315 638 omnes
2332 576 2528 639 cultus
2550 576 2915 651 daemonum,
2934 572 3121 638 sacris
3141 590 3340 640 autem
3367 576 3596 640 aedibus

212 693 340 746 σμει
386 674 483 727 καὶ
543 671 708 748 ἱεροῖς
775 667 1017 746 ἷδρύμασί
1089 690 1145 724 τε
1220 669 1306 724 καὶ
1378 668 1704 746 ἀναθήμασι,
1781 666 1869 723 καὶ

1961 667 2187 730 ornavit
2217 666 2542 741 civitatem,
2571 666 3048 747 imaginibusque
3072 675 3130 728 et
3157 668 3444 742 donariis,
3479 669 3599 729 Ca—

207 762 437 834 τὲμενος
475 760 530 816 ἐν
587 759 830 831 Κανώπῳ
858 760 919 814 τὸ
974 757 1190 837 μέγεθος
1226 759 1313 815 καὶ
1371 759 1432 814 τὸ
1463 756 1658 820 κάλλος
1702 760 1868 838 υττερ-

208 851 364 927 φυὲς,
399 863 520 913 τοῖς
576 847 896 912 ἀποστόλοις
929 845 1197 928 ἐδείματο,
1229 846 1289 903 οὗ
1335 854 1521 922 μεῖζον
1551 846 1585 915 ἢ
1614 845 1741 905 δέκα
1783 853 1871 907 καὶ

210 939 304 996 δύο
351 937 582 1004 σταδίοις
636 944 733 1006 τῆς
798 937 1010 1002 πόλεως
1055 937 1287 1018 ἀπέχον.
1347 936 1646 1012 Ἐπίσημος
1688 935 1743 993 δὲ
1785 941 1874 994 καὶ

211 1029 402 1094 αὐτοῖς
463 1027 728 1096 Ἕλλησιν
761 1029 788 1084 ὁ
820 1029 980 1091 τόπος
1010 1028 1097 1084 καὶ
1143 1027 1404 1104 ὀνόματος
1435 1027 1529 1084 οὒκ
1585 1027 1873 1107 ἐλαχίστου

208 1116 540 1193 ἠξιωμένος.
603 1118 987 1194 Τεκμαίρεσθαι
1021 1114 1074 1172 δὲ
1134 1114 1300 1181 ἔξεστι
1358 1121 1424 1193 τῇ
1467 1138 1524 1172 τε
1578 1115 1683 1190 ὁδῷ
1739 1119 1871 1194 πρὸς

214 1207 380 1264 αὐτὸν
441 1207 694 1286 φερούσῃ,
755 1206 894 1285 ἤπερ
963 1203 1126 1271 πλαξῖ
1184 1206 1525 1284 κατέστρωτα
1584 1212 1728 1262 πᾶσα
1783 1207 1871 1264 καί

211 1296 381 1362 λίθοις
453 1299 511 1353 εὗ
586 1295 973 1376 ἦρμοσμένοις,
1033 1297 1123 1352 καὶ
1205 1301 1282 1370 τῷ
1348 1302 1455 1353 τῶν
1541 1296 1868 1375 προαστείων

212 1386 413 1458 πλήθει
444 1388 531 1442 καὶ
577 1385 876 1462 βαλανειων
905 1386 1265 1466 κεκόσμηται,
1301 1385 1332 1441 ἃ
1391 1385 1454 1454 δὴ
1501 1390 1588 1444 καὶ
1642 1386 1872 1467 τέσσαρα

1957 756 2218 837 nopique
2235 757 2660 819 exstruxittem
2674 756 2835 836 plum
2861 756 3168 837 apostolis,
3190 757 3602 836 magnitudine

1957 847 2190 925 insigne
2225 856 2283 908 et
2315 846 2785 926 pulchritudine,
2823 846 2980 921 quod
3029 865 3146 907 non
3198 848 3390 908 minus
3421 866 3601 927 quam

1957 935 2166 998 decem
2219 936 2412 998 stadia
2463 938 2635 998 abest
2682 956 2714 998 a
2764 936 3025 998 civitate.
3080 937 3183 998 Est
3225 944 3421 997 autem
3453 936 3602 1017 ipsis

1955 1045 2194 1107 quoque
2215 1025 2541 1105 gentilibus
2564 1025 2730 1088 locus
2766 1025 3017 1104 insignis
3048 1034 3106 1088 et
3136 1043 3253 1086 non
3292 1025 3454 1105 parvi
3487 1045 3601 1086 no-

1955 1114 2158 1178 minis.
2214 1115 2277 1176 ld
2334 1132 2478 1177 vero
2535 1115 2676 1177 licet
2727 1116 3056 1195 conjicere,
3113 1124 3168 1175 et
3217 1134 3285 1176 ex
3319 1115 3429 1187 via,
3466 1134 3604 1194 qua:

1953 1203 2065 1267 fert
2090 1203 2162 1265 ad
2199 1204 2415 1285 ipsum,
2450 1213 2514 1266 ut
2562 1224 2696 1286 quae
2744 1213 2866 1267 tota
2907 1213 3208 1266 constrata
3243 1213 3333 1266 est
3386 1204 3601 1266 tabulis

1955 1304 2014 1357 et
2036 1302 2201 1356 recte
2231 1293 2609 1356 concinnatis
2640 1294 2940 1376 lapidibus
2975 1304 3033 1356 et
3063 1293 3494 1356 suburbiorum
3539 1303 3602 1355 et

1955 1382 2307 1445 balneorum
2341 1392 2549 1446 ornata
2581 1395 2671 1446 est
2703 1384 3084 1454 multitudine
3120 1403 3133 1447 :
3184 1402 3314 1464 quae
3349 1383 3598 1464 quidem

216 1477 383 1554 λόγος
417 1478 546 1554 πρὸς
602 1489 721 1539 τοῖς
757 1474 960 1533 εἴκοσιν
995 1488 1135 1533 εῖναι
1184 1478 1269 1532 καὶ
1309 1477 1400 1532 ἐπὶ
1438 1479 1543 1532 τῶν
1597 1475 1873 1556 ἡμετέρων

1961 1473 2120 1535 fama
2149 1483 2242 1535 est
2273 1474 2467 1540 adhuc
2500 1473 2710 1552 viginti
2760 1488 3020 1556 quatuor
3051 1475 3272 1536 nostris
3306 1474 3601 1534 mansisse

213 1564 466 1635 διαϐῆναι
527 1567 738 1646 χρόνων
794 1567 926 1642 πρὸς
985 1564 1039 1621 δὲ
1107 1567 1194 1622 καὶ
1263 1571 1330 1642 τῇ
1387 1565 1554 1644 ἀγορᾷ
1623 1569 1712 1622 καὶ
1770 1568 1873 1626 τῶν

1963 1564 2335 1644 temporibus
2374 1586 2387 1627 :
2423 1563 2606 1626 habet
2633 1571 2833 1625 autem
2871 1573 2929 1626 et
2958 1565 3178 1639 forum,
3233 1576 3291 1624 et
3340 1562 3603 1624 abundat

213 1657 393 1714 ὠνίων
457 1655 678 1735 ἀφθονίᾳ
708 1655 967 1735 περιττῶς
1030 1653 1174 1735 ἔχει.
1213 1660 1322 1723 Τῆς
1353 1655 1454 1734 γὰρ
1503 1655 1713 1719 πόλεως
1746 1656 1873 1712 ταύ-

1965 1653 2132 1733 copia
2182 1672 2389 1716 rerum
2450 1653 2774 1716 venalium.
2836 1654 2930 1716 Ab
2982 1654 3097 1716 hac
3149 1654 3306 1716 enim
3339 1653 3601 1726 civitate,

212 1770 344 1820 της,
378 1753 472 1803 τοῦ
538 1746 822 1820 Κανώπου,
855 1744 1026 1826 φημί,
1057 1744 1218 1820 κώμη
1248 1767 1328 1811 τις
1383 1745 1448 1813 ἧν
1479 1744 1591 1802 δυσὶ
1649 1744 1873 1809 σταδίοις

1962 1747 2228 1823 Canopo,
2258 1743 2531 1820 inquam,
2562 1743 2742 1804 distat
2767 1744 3007 1824 quidam
3041 1743 3210 1804 vicus
3238 1744 3430 1823 spatio
3459 1742 3605 1803 duo-

214 1838 563 1912 διεστηκυῒα,
627 1836 857 1894 Νανουθὲ
926 1833 1255 1911 καλουμένηο
1325 1837 1413 1891 καὶ
1470 1838 1502 1905 ᾖ
1575 1840 1738 1911 κώμη
1790 1835 1873 1902 ἥδε

1961 1851 2092 1894 rum
2127 1832 2484 1905 stadiorum,
2522 1832 2764 1893 nomine
2795 1832 3095 1894 Manuthe.
3132 1831 3242 1894 Hic
3276 1840 3474 1894 autem
3510 1833 3602 1893 vi-

213 1926 488 2002 δαιμόνων
550 1926 613 1994 ἦν
650 1925 890 1982 κατοικία
935 1926 1024 1981 καὶ
1081 1931 1330 2003 πονηρῶν
1386 1926 1702 2002 πνευμάτων
1758 1925 1873 1982 δια-

1966 1941 2069 1984 cus
2089 1930 2215 1984 erat
2247 1921 2588 1983 daemonum
2625 1922 2936 1997 habitatio,
2957 1931 3013 1984 et
3037 1922 3427 1986 versabantur
3452 1921 3512 1983 in
3531 1940 3602 1984 eo

216 2013 406 2093 τριϐή.
471 2013 731 2095 Θεόφιλος
762 2013 840 2091 δὲ,
888 2015 1042 2078 οὗτος
1101 2017 1127 2070 ὁ
1171 2021 1278 2071 τῶν
1307 2013 1693 2092 Ἀλεξανδρέων
1753 2015 1875 2072 ἐπί-

216 2128 446 2180 σκοπος,
510 2106 738 2182 γαθαρὸν
800 2103 1067 2180 δαιμόνων
1118 2102 1397 2170 ἀποδεῖξαι
1470 2104 1749 2181 βουληθεὶς
1815 2109 1876 2164 τὸ

217 2195 454 2274 χωρίον,
489 2194 575 2250 καὶ
629 2195 998 2273 χαρακτῆρσιν
1062 2195 1188 2249 αὒτὸ
1246 2196 1343 2250 κα¹ι
1393 2194 1574 2258 τόποις
1622 2208 1740 2258 τοῖς
1785 2200 1876 2251 τοῦ

218 2291 454 2361 Χριστοῦ
522 2281 914 2361 εὐαγγελιστῶν
972 2304 1030 2339 τε
1076 2282 1171 2338 καῖ
1228 2281 1544 2340 ἀποστόλων
1616 2284 1712 2357 οἴᾳ
1767 2307 1874 2340 τισι

225 2371 606 2453 φυλακτηρίοις
678 2369 974 2447 διαλαϐεῖν,
1037 2374 1132 2428 οὒκ
1206 2371 1394 2451 ἔφθασε
1478 2373 1578 2440 τὴν
1650 2373 1874 2452 γνώμην

229 2464 304 2525 εἷς
350 2461 504 2542 ἔργον
557 2460 810 2541 ἀγαγεῖν.
845 2461 1047 2527 Μεταξὺ
1092 2462 1191 2540 γὰρ
1223 2464 1258 2531 ἡ
1304 2462 1526 2530 τελευτὴ
1586 2465 1658 2528 εἷς
1716 2462 1874 2542 ἔργον

229 2551 506 2610 ἐπισπᾶσα
573 2553 816 2630 [-στᾶσα
848 2549 961 2632 l’],
1019 2554 1079 2608 τὸ
1149 2552 1509 2631 ἔιπαραίττιτον
1582 2553 1874 2632 ἀνθρώποις

223 2640 416 2724 χρέος,
468 2640 565 2709 τῆς
625 2642 895 2720 παρούσης
956 2640 1111 2698 αὗνὸν
1169 2641 1366 2719 ἀπάγει
1429 2647 1597 2713 ζωῆς.
1646 2642 1873 2700 Ἔπειτα

223 2731 410 2808 μέντοι
467 2732 555 2788 καὶ
589 2729 831 2811 Κορίλλῳ
889 2733 978 2788 τὸν
1032 2731 1218 2807 θράνον
1262 2731 1381 2808 μετ’
1427 2735 1585 2791 αὐτὸν
1641 2730 1870 2799 διαδεξα-

223 2822 372 2897 μένῳ
432 2822 643 2902 φροντὶς
700 2822 765 2890 ἦν
826 2827 885 2881 οὗ
940 2822 1103 2900 μικρὰ
1161 2822 1254 2890 τῆς
1312 2828 1417 2880 τῶν
1458 2819 1722 2899 δαιμόνων
1768 2823 1869 2879 ἐπ-

217 2912 401 2990 ηρείας
442 2909 742 2977 ἀπαλλάξαι
774 2912 864 2968 τὸν
895 2912 1085 2972 τόπον.

300 2999 417 3059 IB'.
468 2999 737 3065 Πολλάκις
795 3011 888 3061 τοῦ
945 3007 1076 3059 Θεοῦ
1119 2999 1422 3082 δεηθέντος,
1456 3001 1688 3081 ἄγγελος
1725 3004 1871 3078 αὒτῷ

220 3088 346 3146 κατ’
403 3088 527 3166 ὄψιν
601 3090 857 3172 ἐπιφανὲς
931 3090 1252 3161 ἐπισκήπτει
1311 3093 1377 3148 τὰ
1447 3094 1638 3175 Κόρου,
1697 3094 1867 3174 φημί,

219 3181 314 3236 τοῦ
371 3178 632 3258 μεγάλω,
690 3181 779 3237 καὶ
839 3180 1055 3258 Μάρκου
1124 3177 1295 3250 δήπου
1349 3187 1438 3236 τοῦ
1493 3181 1872 3262 εὐαγγελιστοῦ

1964 2014 2209 2094 maligni
2240 2014 2512 2094 spiritus.
2540 2012 2910 2094 Theophilus
2943 2033 3106 2090 vero,
3143 2015 3240 2078 hic
3275 2016 3515 2096 praesul,
3541 2023 3605 2076 ut

1960 2106 2124 2184 prius
2158 2103 2439 2184 diximus,
2474 2103 2942 2184 Alexandrinus,
2977 2124 3109 2167 cum
3144 2105 3437 2168 voluisset
3467 2104 3603 2167 red-

1961 2194 2106 2256 dere
2166 2195 2361 2256 locum
2424 2213 2638 2276 purum
2700 2215 2733 2257 a
2788 2195 3197 2270 daemonibus,
3261 2194 3605 2278 Christique

1959 2284 2461 2363 evangelistarum
2517 2293 2577 2346 et
2624 2286 3032 2365 apostolorum
3065 2285 3515 2348 characteribus
3547 2293 3605 2346 et

1960 2374 2188 2454 figuris,
2225 2385 2286 2434 ut
2310 2375 2380 2436 ad
2416 2393 2555 2436 eum
2607 2376 3084 2438 conservandum
3121 2375 3380 2449 idoneis,
3421 2393 3602 2437 occu-

1959 2483 2121 2546 pare,
2156 2464 2212 2525 id
2246 2464 2405 2545 quod
2439 2472 2730 2526 statuerat
2755 2483 2873 2527 non
2896 2464 3174 2546 perduxit
3197 2464 3268 2526 ad
3290 2465 3593 2528 eil'ectum.

1957 2555 2200 2616 interim
2235 2555 2396 2616 enim
2434 2572 2594 2616 mors
2624 2554 2976 2631 adveniens,
3025 2574 3155 2636 qua;
3206 2563 3295 2616 est
3328 2554 3596 2618 homini-

1960 2643 2070 2706 bus
2101 2663 2201 2706 res
2235 2643 2650 2721 inexorabilis,
2682 2644 2926 2708 abducit
2958 2664 3092 2708 eum
3122 2663 3155 2706 a
3186 2645 3302 2706 vita
3332 2663 3601 2726 praesen-

1959 2735 2024 2798 ti.
2057 2734 2290 2797 Deinde
2321 2744 2521 2796 autem
2557 2734 2774 2817 Cyrillo
2807 2754 3069 2817 quoque,
3109 2735 3206 2816 qui
3241 2744 3374 2816 post
3406 2735 3601 2817 ipsum

1956 2822 2082 2885 sedi
2118 2824 2431 2896 successit,
2463 2842 2581 2885 non
2622 2843 2830 2905 parum
2865 2833 2993 2887 erat
3025 2842 3186 2888 curae
3213 2823 3474 2887 liberare
3506 2825 3600 2888 lo-

1955 2932 2089 2975 cum
2125 2933 2157 2974 a
2181 2913 2521 2976 daemonum
2556 2913 2802 2994 injuria.

2034 3002 2240 3068 XVIII.
2273 3005 2419 3066 Cum
2446 3022 2585 3066 vero
2611 3004 2686 3066 de
2708 3021 2779 3066 ea
2806 3021 2873 3066 re
2901 3022 3057 3085 saepe
3086 3006 3276 3068 Deum
3306 3013 3597 3084 rogasset,

1953 3092 2201 3172 angelus
2232 3091 2288 3154 ei
2321 3111 2618 3174 apparens
2666 3094 2725 3154 in
2781 3094 3038 3167 visione,
3083 3093 3259 3174 jubet
3311 3102 3374 3156 ut
3404 3095 3603 3174 magni

1955 3183 2117 3245 illius
2147 3180 2275 3262 Cyri
2310 3191 2368 3243 et
2403 3181 2582 3245 Marci
2627 3182 3002 3262 evangelista;
3052 3182 3325 3263 reliquiae
3377 3181 3440 3244 in
3490 3186 3604 3245 hoc

231 3268 449 3344 λείψανα
507 3270 576 3338 τῇ
633 3269 798 3347 κώμῇ
883 3267 1006 3345 τῇδε
1080 3272 1516 3348 θησαυριοθῆναι·
1580 3272 1717 3330 οὕτω
1773 3274 1872 3353 γὰρ

262 3363 285 3374 ..
439 3362 462 3373 ..
578 3355 602 3376 δ
719 3359 730 3376 ,
913 3357 1050 3376 Μ..
1235 3361 1249 3376 .
1299 3359 1311 3374 ς
1432 3359 1475 3376 ,ς
1550 3365 1572 3376 ,
1687 3366 1744 3376 η

1961 3275 2088 3336 vico
2117 3282 2580 3352 reponerentur.
2617 3273 2717 3335 Sic
2741 3273 2902 3334 enim
2930 3272 3079 3346 fore,
3105 3279 3166 3332 ut
3198 3290 3231 3332 a
3261 3271 3600 3334 daemonum

223 3363 322 3424 τῆς
397 3362 502 3412 τῶν
574 3355 838 3432 δαιμόνων
911 3357 1118 3434 βλάϐης
1196 3359 1360 3427 αὐτὴν
1427 3359 1865 3440 ἑλευθερωθῆναι.

233 3447 330 3504 Διᾶ
365 3447 414 3504 τί
456 3446 630 3505 δὲκαὶ
687 3449 752 3504 τὰ
781 3449 859 3524 μὴ
918 3447 1165 3506 ’[ωάννου
1221 3451 1447 3527 εἰρήκει,
1495 3450 1734 3531 Κυρίλλῳ
1776 3452 1873 3529 μὲν

226 3537 423 3601 ἷκανῶς
481 3535 798 3618 ἀπεδείχθι,ο
864 3536 1028 3606 δῆλον
1071 3537 1124 3594 δὲ
1169 3541 1254 3594 καὶ
1307 3546 1468 3596 πᾶσιν
1521 3539 1730 3621 ἁπλῶς,
1793 3542 1872 3606 ὅτι

228 3632 304 3700 τῷ
364 3626 532 3706 Κόρου
564 3627 777 3692 πάντως
826 3627 1047 3703 ὀνόματι
1097 3629 1183 3684 γαὶ
1242 3630 1302 3684 τὸ
1333 3627 1580 3686 Ἰωάννου
1638 3652 1874 3689 συνυπο-

230 3709 490 3796 φαίνεταιξ
557 3717 802 3789 Καθάπερ
839 3717 937 3796 γὰρ
995 3720 1171 3782 κοινὸς
1218 3721 1400 3780 αὐτοῖς
1456 3721 1542 3775 καὶ
1587 3722 1613 3776 ὁ
1655 3720 1870 3799 τρόπος,

227 3808 315 3863 καὶ
367 3807 400 3874 ἡ
431 3803 514 3862 διὰ
557 3807 783 3884 Χριστὸν
839 3805 1123 3888 ὁμολογία,
1157 3809 1245 3864 καὶ
1294 3809 1328 3876 ἡ
1375 3807 1675 3874 τελείωσις·
1737 3808 1874 3867 οὕτω

229 3892 293 3963 δὴ
345 3896 431 3952 καὶ
462 3897 497 3963 ἡ
555 3898 746 3963 κλῆσις
782 3896 930 3964 ἁπλῆ
959 3897 1174 3960 πάντως
1229 3900 1318 3954 καὶ
1348 3896 1590 3976 διάφορος
1736 3899 1870 3977 ἆδ,].

225 3983 498 4043 Ἐντεῦθεν
554 3987 626 4046 εἷς
660 3987 898 4042 Μανοῦθὲ
946 3985 1012 4043 τὰ
1063 3987 1359 4066 μαρτυρικὰ
1413 3989 1613 4046 τούτων
1651 3988 1875 4064 λείψανα

225 4072 387 4153 ὀγδόῃ
439 4075 528 4131 καὶ
572 4077 789 4154 εἰκοστῇ
840 4077 1008 4151 μηνὸς
1053 4074 1267 4135 Ἰουνίου
1315 4077 1574 4157 λαμπρῶς
1637 4079 1749 4156 ἅμα
1792 4090 1880 4146 καὶ

227 4165 379 4242 ἱερῶς
466 4165 857 4246 μετατίθεται,)
943 4164 1211 4241 δαιμόνων
1281 4168 1423 4248 φυγὴ
1508 4169 1596 4225 καὶ
1680 4177 1766 4226 νῦν
1851 4173 1879 4227 ὁ

226 4256 406 4313 τόπως
465 4254 744 4330 ἂνειμένος
775 4254 884 4312 ἐστὶ
939 4261 1016 4330 τῷ
1049 4264 1164 4328 Θεῷ
1221 4258 1446 4335 μάρτυσῖ
1479 4279 1534 4314 τε
1568 4273 1682 4324 τοῖς
1737 4259 1879 4317 ἐκεί-

232 4367 320 4400 νου
367 4345 456 4401 καὶ
511 4345 829 4427 ὑπουργοῖς,
864 4347 1046 4425 χάριτι
1090 4349 1174 4404 καὶ
1240 4347 1602 4427 φιλανθρωπίᾳ
1646 4355 1736 4407 τοῦ
1781 4351 1880 4408 Κύ-

233 4455 324 4511 ρου
394 4435 555 4508 ἡμῶν
609 4435 793 4503 ἰησοῦ
860 4436 1112 4516 Χριστοῦ,
1171 4444 1216 4511 ᾦ
1286 4437 1474 4511 πρέπει
1542 4446 1686 4496 πᾶσα
1732 4439 1878 4522 δόξα,

1959 3372 2314 3425 nocumento
2339 3362 2654 3425 liberetur.
2676 3363 2794 3426 Cur
2814 3370 3015 3424 autem
3043 3379 3162 3423 non
3187 3361 3439 3424 Joannis
3455 3381 3601 3443 quo-

1957 3471 2072 3534 que
2102 3452 2346 3528 dixerit,
2382 3453 2523 3513 satis
2557 3452 2800 3533 quidem
2828 3464 3140 3515 ostensum
3170 3459 3259 3514 est
3290 3472 3322 3516 a
3354 3451 3600 3534 Cyrillo,

1959 3552 2048 3604 est
2081 3549 2278 3604 autem
2323 3541 2604 3605 omnibus
2654 3560 2892 3624 quoque
2940 3561 3046 3623 per
3077 3561 3142 3604 se
3195 3541 3601 3626 manifestum,

1959 3632 2113 3712 quod
2148 3630 2391 3692 nomine
2420 3630 2582 3711 Cyri,
2617 3633 2861 3694 omnino
2910 3631 3161 3694 Joannis
3211 3650 3452 3713 quoque
3486 3652 3603 3695 no-

1961 3740 2096 3782 men
2129 3719 2308 3781 simul
2341 3720 2700 3782 ostenditur.
2729 3722 2898 3784 Sicut
2929 3723 3089 3783 enim
3126 3739 3326 3784 mores
3357 3732 3495 3784 sunt
3517 3723 3605 3784 eis

1957 3827 2329 3883 communes,
2380 3819 2439 3872 et
2487 3829 2618 3891 quae
2669 3821 2916 3891 propter
2966 3811 3269 3873 Christum
3323 3809 3478 3872 facta
3511 3821 3602 3874 est

1959 3899 2260 3962 confessio
2294 3909 2354 3962 et
2385 3903 2841 3978 consummatio,
2894 3902 2972 3963 ita
3005 3900 3184 3963 etiam
3219 3900 3480 3978 simplex
3513 3912 3604 3965 est

1960 3991 2205 4053 omnino
2231 3990 2460 4052 vocatio
2493 3999 2552 4053 et
2579 3991 2727 4054 citra
2758 3993 2943 4053 ullum
2967 3989 3322 4054 discrimen.
3358 3990 3511 4054 Hinc
3539 3993 3602 4054 in

1961 4079 2238 4143 Manuthe
2268 4081 2607 4160 martyricm
2649 4100 2853 4144 eorum
2899 4080 3172 4162 reliquiza
3207 4081 3496 4143 vicesimo
3544 4091 3602 4144 et

1962 4179 2166 4233 octavo
2201 4172 2425 4232 mensis
2449 4171 2616 4234 Junii
2642 4172 2923 4251 praeclare
2945 4171 3124 4232 simul
3149 4178 3208 4233 et
3228 4179 3606 4233 sacrosancte

1967 4259 2430 4337 transferuntur,
2460 4261 2571 4324 vici
2606 4261 2877 4324 custodia
2910 4261 3022 4342 (4),
3070 4261 3412 4323 daemonum
3445 4259 3606 4343 fuga,

1964 4369 1997 4412 a
2032 4349 2255 4411 morbis
2281 4350 2554 4412 liberatio
2584 4373 2595 4409 :
2634 4359 2692 4413 et
2723 4370 2885 4413 nunc
2919 4350 3085 4413 locus
3117 4360 3205 4412 est
3231 4348 3353 4412 Deo
3387 4368 3605 4414 conse-

1965 4447 2185 4511 cratus,
2214 4437 2494 4521 illiusque
2522 4439 2884 4518 martyribus
2910 4449 2966 4502 et
2989 4439 3385 4521 administris,
3417 4441 3606 4519 gratia

231 4523 364 4598 τιμὴ
396 4525 481 4581 καὶ
528 4525 890 4602 προσκόνησις
953 4527 1046 4583 συν
1097 4534 1174 4601 τῷ
1237 4527 1462 4608 ἆνάρχῳ
1487 4529 1575 4586 καὶ
1632 4535 1873 4603 ζωοποιῷ

1966 4528 2286 4592 clementia
2317 4528 2553 4592 Domini
2581 4531 2770 4592 nostri
2791 4532 2930 4592 Jesu
2956 4529 3199 4608 Christi,
3221 4547 3398 4610 quem
3429 4529 3604 4592 decet

233 4614 388 4670 αὖτοῦ
447 4614 738 4690 Πνεόματι,
796 4622 884 4673 νῦν
949 4616 1040 4674 καὶ
1093 4615 1174 4674 ἀεὶ
1244 4618 1332 4673 καὶ
1376 4618 1448 4681 είς
1506 4619 1627 4684 τοὺς
1685 4620 1880 4682 αἰῶνας

230 4706 336 4760 τῶν
366 4703 598 4766 αἰώνων.
631 4703 836 4782 Ἀμήν,

1967 4618 2167 4681 omnis
2195 4619 2406 4698 gloria,
2440 4620 2633 4681 honor
2663 4629 2722 4681 et
2771 4619 3044 4682 adoratio
3078 4639 3236 4682 nunc
3270 4627 3331 4682 et
3360 4636 3602 4701 semper

1967 4717 2026 4772 et
2056 4708 2116 4770 in
2149 4709 2365 4772 sazcula
2397 4709 2781 4775 saeculorum.
2816 4711 3031 4774 Arnen.

311 4871 398 4953 (4)
443 4871 575 4936 Vici
602 4875 902 4939 custodia.
937 4873 1077 4938 Haec
1102 4893 1220 4939 non
1252 4875 1429 4939 habet
1467 4894 1578 4939 ms.
1607 4885 1837 4942 noster.
1879 4879 2048 4942 Enrr.
2083 4881 2267 4944 Pun.
