4020 6206
489 357 1702 396 2m

937 630 1752 807 MENSIS
1888 629 3386 808 FEBRUARIUS.

1131 1243 1454 1352 VlTA
1554 1246 2052 1357 SANCTI
2143 1245 2750 1357 EPHR/EM
2845 1244 3203 1354 SYRI.

1845 1479 2184 1562 (Februarii
2237 1480 2340 1543 die
2390 1481 2477 1560 l.)

1273 1657 1422 1731 [0pp.
1455 1658 1550 1716 SS.
1581 1660 1812 1733 Ephrem
1840 1660 1920 1717 ed.
1950 1657 2224 1718 Assemani
2253 1665 2378 1714 tom.
2413 1656 2504 1728 Ill,
2535 1655 2717 1714 Romae
2754 1655 2891 1715 1732
2923 1655 3042 1725 fol.]

1875 2072 2430 2163 MONITUM.

551 2334 637 2397 Ex
684 2336 950 2415 Nysseuo
982 2336 1301 2420 desumpta
1349 2346 1440 2402 est
1467 2337 1770 2422 Ephrtemi
1819 2336 1975 2413 Vita,
2009 2355 2141 2418 quae
2188 2336 2470 2420 Symeoni
2501 2333 2924 2422 Metaphrastae
2970 2329 3346 2422 inscribitur,
3379 2329 3733 2422 incipitque
3779 2330 3873 2392 his

468 2423 707 2486 verbis:
763 2426 1005 2505 Ἐφραῗμ
1052 2431 1079 2485 ὁ
1128 2419 1450 2510 Οαομάσιος,
1484 2419 1777 2510 Ephrazm
1829 2427 1936 2492 ille
1965 2430 2055 2490 ad

2284 2431 2380 2491 lis.
2437 2426 2483 2490 E
2536 2423 2744 2489 Graeco
2779 2422 2837 2484 in
2888 2419 3478 2510 Latinumqtransulit
3527 2419 3871 2510 Gentianus

469 2511 798 2579 Hervetus:
855 2525 1044 2578 exstat
1073 2525 1270 2579 autem
1324 2507 1716 2600 Latine'apud
1755 2519 2145 2599 Lipomanum
2196 2527 2256 2580 et
2285 2517 2526 2581 Surium
2564 2514 2690 2576 del
2731 2510 3138 2600 Februariiet
3174 2509 3236 2572 in
3285 2511 3500 2572 Latinis
3555 2507 3870 2591 Ephremi

468 2601 838 2666 editionibus
865 2628 881 2678 ;
917 2607 1120 2669 Graece
1153 2626 1290 2669 vero
1325 2609 1386 2670 in
1416 2599 1680 2672 editione
1705 2607 2059 2682 Oxoniensi,
2094 2626 2230 2689 pag.
2261 2607 2404 2672 433.
2439 2606 2747 2686 Tanquam
2780 2607 3022 2679 genium
3054 2599 3471 2681 Metaphrastae
3493 2618 3654 2681 opus
3681 2618 3875 2680 agno-

468 2693 582 2754 scit
631 2694 886 2756 Allatius
921 2696 1026 2761 lib.
1067 2699 1154 2759 De
1213 2700 1582 2778 Symconum
1611 2699 1860 2776 scriptis
1895 2714 1910 2772 ;
1963 2696 2280 2760 Hancmlus
2312 2716 2441 2778 par.
2475 2713 2495 2758 ι
2547 2695 2632 2757 De
2657 2694 2929 2773 scriptor
2982 2691 3280 2772 Byzant.,
3315 2709 3448 2772 cap.
3499 2689 3607 2764 Ἃ,
3640 2691 3875 2753 Caveas

469 2783 546 2844 ad
578 2801 798 2845 annum
834 2785 1049 2848 Christi
1083 2787 1224 2858 901,
1262 2797 1318 2848 et
1348 2787 1660 2852 Fabricius
1689 2787 1985 2850 Biblioth.
2025 2789 2210 2850 Graec.
2262 2786 2370 2848 lib.
2401 2803 2485 2868 γι,
2519 2802 2653 2865 pag.
2687 2781 2828 2843 524.
2881 2780 2944 2843 In
2981 2779 3406 2862 manuscriptis
3438 2779 3600 2842 enim
3635 2779 3872 2841 codici-

469 2871 580 2934 bus
608 2873 899 2936 disertum
926 2873 1248 2955 Symeonis
1277 2877 1731 2960 Metaphrastae,
1759 2896 1889 2953 seu,
1924 2876 2275 2957 Logotheta:
2306 2893 2528 2939 nomen
2563 2871 2823 2954 praefert.
2859 2870 3009 2934 Vide
3038 2871 3173 2960 cod.
3201 2869 3341 2960 Vat.
3366 2870 3508 2960 453,
3548 2887 3692 2951 pag.
3726 2870 3872 2960 336;

467 2962 604 3025 cod.
661 2965 794 3026 Vat.
829 2965 970 3039 818,
1011 2984 1143 3045 pag.
1177 2967 1296 3032 306
1333 2989 1348 3039 ;
1381 2959 1515 3030 cod.
1552 2967 1685 3032 Vat.
1719 2968 1903 3044 1608,
1939 2987 2075 3049 pag.
2127 2967 2205 3030 46
2239 2989 2255 3040 ;
2309 2966 2446 3030 cod.
2480 2963 2668 3027 Palat.
2716 2962 2858 3044 308,
2895 2979 3028 3042 pag.
3065 2959 3203 3036 148,
3239 2959 3375 3022 cod.
3424 2959 3731 3049 Clement.
3766 2959 3867 3032 51,

472 3071 612 3132 pag,
643 3057 701 3127 1,
739 3061 796 3114 et
844 3055 981 3116 cod.
1014 3056 1264 3119 Coislin.
1311 3058 1453 3132 507,
1489 3077 1655 3120 num.
1709 3060 1808 3121 14.
1843 3048 1960 3121 Sed
1992 3056 2198 3120 Graios
2244 3053 2612 3136 exemplaria
2643 3052 2759 3116 sibi
2811 3070 2931 3114 non
2965 3055 3330 3113 conveniunt
3381 3048 3583 3132 quoad
3615 3049 3866 3111 initium

467 3142 600 3220 ejus
637 3143 821 3205 Vitae:
857 3144 1130 3223 quaedam
1165 3148 1325 3207 enim
1360 3145 1447 3209 sic
1480 3147 1704 3209 habent
1737 3168 1750 3210 :
1787 3149 2033 3224 ’Eopﬁp

2277 3149 2428 3212 άσιος
2459 3146 2553 3224 ἔφύ
2583 3144 2680 3215 μὲν
2713 3143 2773 3199 ἐκ
2803 3144 2902 3209 τῆς
2938 3143 3116 3218 Σύρων
3146 3145 3275 3220 γῆς,
3312 3140 3526 3204 πόλεως
3568 3138 3859 3206 Ἐδέσσης.

464 3240 798 3307 Χριστιανῶν
832 3235 1056 3310 γονέων,
1115 3227 1405 3310 Ἐλόμενος
1435 3234 1489 3293 δὲ
1519 3240 1620 3305 τὴν
1651 3237 1844 3304 ἁρετὴ»
1899 3237 1959 3294 ἐκ
1990 3260 2051 3304 νη

2271 3234 2540 3316 ῐρὴνωγη
2571 3231 2674 3298 ille
2703 3229 3123 3307 admirabilis,
3157 3238 3342 3292 natus
3367 3227 3493 3308 fuit
3518 3231 3594 3290 in
3641 3230 3858 3309 Syria,

463 3322 532 3383 in
580 3321 832 3384 civitate
865 3321 1127 3396 Edessa,
1163 3323 1543 3388 Christianis
1588 3326 1976 3407 parentibus.
2025 3326 2177 3388 Cum
2226 3334 2431 3388 autem
2489 3323 2770 3406 elegisset
2816 3326 3104 3385 virtutem
3152 3318 3228 3382 ab
3278 3320 3577 3397 infantia,
3611 3317 3861 3407 etc.ilta

464 3409 611 3490 legit
639 3410 933 3491 vertitque
964 3411 1280 3489 Hervetus,
1315 3422 1374 3476 et
1418 3433 1487 3478 ex
1518 3406 1622 3478 illo
1654 3415 1878 3478 habent
1905 3414 2296 3497 Lipomanus,
2330 3413 2539 3478 Smius
2570 3421 2628 3475 et
2669 3410 2920 3475 Vossius
2953 3429 2967 3474 :
3004 3409 3212 3492 sicque
3245 3407 3460 3490 incipit
3492 3409 3688 3471 codex
3742 3406 3857 3469 Va-

465 3500 700 3568 ticanus
729 3500 866 3576 818,
897 3519 1028 3583 pag.
1065 3501 1204 3566 376.
1238 3506 1488 3587 Reliqua
1519 3523 1654 3569 vero
1687 3505 1912 3576 omnia,
1940 3523 2074 3587 quae
2105 3524 2175 3568 ex
2206 3503 2494 3567 Vaticana
2521 3501 2888 3565 bibliotheca
2915 3499 3220 3580 recensui,
3249 3497 3580 3573 volumina,
3617 3516 3855 3561 necnon

465 3590 791 3669 Anglicana
836 3609 906 3653 ex
938 3590 1156 3672 quibus
1185 3592 1546 3658 Oxoniensis
1578 3596 1761 3658 editio
1795 3595 2084 3658 adornata
2114 3605 2226 3670 est,
2259 3594 2334 3658 de
2381 3593 2607 3657 Edessa
2636 3589 2786 3654 nihil
2813 3589 3061 3668 habent,
3095 3589 3202 3652 sed
3235 3587 3507 3651 absolute
3555 3587 3856 3669 incipiunt

465 3681 624 3741 hunc
659 3682 716 3742 in
753 3681 994 3743 modum
1036 3703 1049 3746 :
1083 3683 1326 3764 Ἐφραιῖμ
1359 3689 1386 3742 ὁ
1415 3689 1707 3762 Θαυμάσιος
1741 3687 1836 3766 ἔφυ
1867 3687 1964 3761 μὲν
1994 3689 2052 3743 ὲκ

2266 3685 2397 3764 ύρων
2428 3690 2556 3760 γῆς.
2597 3674 2885 3757 Ἐλόμενος
2931 3679 2986 3738 δὲ
3016 3682 3116 3749 τὴν
3147 3680 3340 3760 ἀρετὴν
3385 3678 3440 3734 ὲν
3469 3678 3690 3746 νηπίου·
3727 3696 3853 3758 quae

461 3769 644 3832 verba
678 3770 742 3832 in
773 3771 907 3833 cod.
942 3771 1241 3834 Clement.
1278 3775 1377 3835 5t.
1415 3793 1548 3855 pag.
1585 3791 1626 3850 I,
1659 3765 1837 3856 paulo
1859 3775 2034 3838 aliter
2063 3773 2530 3856 ampliﬁcantur.
2564 3769 2758 3852 Atque
2788 3771 2904 3833 hoc
2938 3777 3307 3852 postremum
3337 3769 3639 3850 Nysseno,
3671 3765 3854 3856 Heta-

462 3861 721 3941 phrastae
751 3878 820 3922 ac
870 3861 1204 3924 Sozomeno
1255 3855 1725 3927 consentaneum
1780 3873 1892 3939 est,
1926 3855 2546 3946 quibus’Ephraamus
2603 3858 2860 3935 Nisibin,
2893 3859 2985 3921 vel
3029 3860 3208 3923 aliam
3256 3857 3418 3922 circa
3451 3875 3584 3920 eam
3644 3855 3856 3919 urbem

463 3951 688 4025 locum,
724 3969 842 4012 non
874 3949 1160 4012 Edessam
1218 3950 1505 4016 habuisse
1540 3955 1790 4035 patriam
1842 3953 2085 4017 dicitur.
2121 3950 2442 4028 Hervetus,
2477 3962 2537 4015 et
2589 3949 2691 4033 qui
2721 3968 2859 4013 eum
2911 3949 3065 4032 typis
3099 3949 3416 4028 vulgarunt
3461 3947 3857 4030 Lipomanus,

463 4041 678 4104 Surius
731 4040 978 4120 aliique,
1015 4061 1149 4103 cum
1183 4042 1356 4103 initio
1389 4041 1540 4105 Vitae
1586 4063 1692 4124 per
1720 4043 2166 4125 Metaphrasten
2224 4042 2425 4118 editae,
2459 4040 2844 4124 Ephrtemum
2878 4040 3171 4120 legissent
3225 4040 3291 4102 in
3324 4038 3578 4102 civitate
3619 4035 3856 4100 Edessa

462 4138 676 4192 natum
708 4128 919 4204 fuisse,
957 4131 1275 4211 sequentia
1305 4130 1722 4214 Metaphrastae
1749 4132 1930 4196 verba
1959 4131 2186 4211 quibus
2240 4133 2607 4196 contrarium
2639 4132 2951 4208 aaseritur,
2986 4129 3079 4193 vel
3131 4149 3250 4194 non
3283 4127 3735 4205 intellexerunt,
3766 4126 3856 4190 vel

469 4218 751 4280 mutanda
781 4237 913 4281 esse
945 4230 1309 4283 censuerunt
1339 4242 1351 4284 :
1389 4222 1476 4284 sic
1508 4231 1704 4286 autem
1738 4223 1920 4286 habet
1950 4241 2019 4284 ex
2048 4222 2056 4284 l

2266 4242 2315 4286 ιο
2337 4221 2771 4304 Metaphrastes
2801 4241 2814 4281 :
2852 4223 2950 4281 Καὶ
2980 4223 3100 4302 περὶ
3122 4222 3218 4290 τὴν
3249 4219 3450 4301 ἔρημον
3480 4217 3853 4294 αὒΧιζόμενος,

467 4309 526 4365 ἐκ
557 4311 726 4365 τόπου
757 4307 810 4364 δὲ
840 4309 1037 4373 τὸπους
1071 4309 1344 4387 ἀμεύϐων,
1378 4316 1572 4393 ψυχῶν
1606 4311 1894 4390 οἰκοδομῆς
1928 4313 2088 4394 χάριν
2119 4315 2208 4371 καὶ
2233 4313 2520 4394 ὠφελείας,
2551 4313 2646 4370 ἅτε
2679 4314 2766 4370 καὶ
2800 4313 3067 4390 Πνεόματι
3097 4315 3220 4387 θείῳ
3249 4309 3590 4390 κινούμενος,
3621 4309 3858 4385 ἀπολιμ-

466 4399 623 4456 πάνει
650 4399 782 4454 ποτὲ
814 4399 914 4466 τὴν
945 4398 1311 4479 ὶνερκαμένην
1357 4403 1495 4458 κατὰ
1539 4403 1599 4459 τὸ
1627 4406 1775 4460 θεῖον
1808 4405 1894 4460 καὶ
1925 4403 2080 4468 οὗτος
2113 4402 2357 4482 ’Λϐραὰμ
2407 4402 2727 4483 κελευσθεὶς²
2760 4403 2849 4459 καὶ
2878 4403 2979 4470 τὴν
3026 4399 3352 4460 Ἐδεσσενῶν
3381 4399 3537 4456 πόλιν
3565 4396 3853 4473 καταλαμ-

468 4486 638 4550 ϐάνει.
698 4487 984 4561 Quicum
1029 4488 1335 4552 habitaret
1361 4491 1429 4552 in
1482 4489 1838 4567 solitudine,
1872 4498 1928 4554 et
1976 4493 2124 4555 locis
2153 4491 2286 4558 loca
2337 4491 2598 4556 subinde
2645 4497 2955 4554 mutuam
2980 4497 3235 4572 propter
3285 4487 3771 4569 aediﬁcationem
3798 4494 3853 4548 et

469 4577 804 4640 utilitatem
855 4579 1232 4658 animarum,
1267 4584 1475 4660 sicque
1522 4597 1559 4642 a
1588 4581 1804 4644 divino
1855 4581 2281 4647 admoneretur
2335 4583 2611 4666 Spiritu,
2645 4580 2896 4661 reliquit
2945 4577 3285 4662 aliquando
3336 4578 3438 4647 τὴν
3481 4578 3850 4658 ἐνεγκαμένην

465 4672 733 4748 patriam
787 4667 915 4748 (seu
951 4667 1144 4731 natale
1173 4668 1392 4751 solum)
1435 4671 1616 4749 jussu
1648 4669 1860 4734 divino
1913 4671 2078 4736 alter
2107 4672 2218 4736 iste
2251 4671 2588 4737 Abraham:
2621 4677 2678 4736 et
2709 4677 2778 4734 in
2807 4672 3128 4736 ciuitatem
3180 4667 3629 4734 Edessenorum
3658 4670 3850 4730 venit.

464 4758 510 4820 li
545 4775 683 4819 vero
716 4757 798 4820 ita
826 4765 1081 4820 vertunt:
1121 4757 1238 4832 Qui
1266 4777 1402 4822 cum
1431 4759 1742 4824 habitaret
1772 4767 1840 4824 in
1870 4760 2234 4845 solitudine,
2267 4781 2339 4826 ac
2367 4761 2514 4826 locis
2542 4761 2673 4826 loca
2700 4761 2960 4825 subinde
2983 4767 3274 4835 mutaret,
3307 4763 3551 4840 propter
3581 4758 3851 4836 adiﬁca-

467 4851 696 4918 n‘onem
721 4853 778 4911 et
806 4848 1148 4911 utilitatem
1185 4849 1543 4913 animarum
1572 4852 1779 4932 sicque
1809 4869 1847 4914 a
1880 4852 2092 4916 divino
2138 4853 2584 4918 admoneretur
2612 4852 2882 4934 Spiritu,
2916 4849 3172 4931 reliquit
3199 4847 3540 4930 aliquando
3562 4845 3850 4911 solitudi-

463 4957 606 5002 nem
623 4940 804 5018 jussu
833 4937 1177 5013 diviniore,
1210 4947 1265 5001 et
1293 4941 1561 5017 ferventi
1592 4940 1893 5005 desiderio
1923 4943 1989 5004 iu
2015 4960 2197 5007 suam
2238 4949 2405 5006 venit
2435 4945 2712 5022 patriam
2742 4940 3064 5006 Edessam.
3099 4939 3278 5023 Atqui
3309 4937 3756 5020 Metaphrastes
3783 4955 3854 5000 ex

465 5029 734 5111 Nysseno
767 5027 982 5090 scribit
1014 5027 1396 5110 Ephrtemum
1429 5048 1550 5091 non
1578 5031 1968 5095 solitudinem
2025 5031 2371 5114 reliquisse,
2407 5042 2465 5093 et
2497 5037 2554 5094 ln
2609 5050 2779 5093 suam
2813 5031 3063 5114 patriam
3094 5029 3388 5094 Edessam
3424 5031 3658 5090 venisse
3695 5045 3711 5102 ;
3748 5027 3852 5089 sed

471 5118 666 5201 patria
697 5137 802 5181 sua
833 5117 1149 5192 derelicta,
1183 5121 1250 5180 in
1279 5119 1590 5182 civitatem
1623 5121 2058 5184 Edessenorun

2266 5139 2452 5200 rasse,
2493 5121 2858 5199 ἆπολιμπάνιι
2887 5123 3018 5180 ποτὲ
3062 5122 3162 5190 τὴν
3217 5118 3610 5199 ἑνεγχαμένην,
3641 5119 3730 5174 ταὶ
3759 5118 3853 5185 τήν

470 5209 794 5267 Ἕδισσενὼν
824 5210 979 5267 πόλιν
1010 5206 1434 5285 καταλιμόανει,
1466 5209 1724 5290 reliquit
1753 5211 2057 5290 aliquand

2266 5215 2425 5294 iam,
2447 5217 2505 5276 et
2537 5217 2605 5276 in
2631 5211 3078 5276 Edessenorum
3106 5211 3316 5274 urbem
3346 5208 3547 5272 abiit:
3583 5205 3853 5289 adeoque

470 5300 589 5362 alia
621 5299 732 5364 fuit
772 5299 1073 5381 Ephrmmi
1107 5298 1318 5379 patria,
1353 5317 1535 5374 quam
1566 5299 1915 5381 dereliquit,
1951 5307 2012 5362 et
2040 5301 2158 5363 alia
2203 5299 2348 5363 urbs
2376 5301 2629 5380 Edessa,
2663 5301 2724 5364 in
2753 5320 2935 5382 quam
2966 5299 3262 5380 migravit.
3297 5297 3656 5363 Versionem
3710 5315 3851 5359 nos-

469 5397 618 5451 tram
651 5389 953 5471 Nyssenus
996 5389 1347 5451 conﬁrmat:
1397 5389 1672 5447 Ἐντεῦθεν
1715 5393 1814 5458 τὴν
1853 5390 2056 5468 ἐνεγκαι

2273 5394 2346 5455 ὡς
2401 5395 2428 5450 ὁ
2458 5396 2602 5458 θεῖος
2633 5392 2839 5458 ἑκετνος
2875 5396 3178 5456 κελευσθείς
3212 5389 3478 5471 Ἀϐραάμ,
3512 5388 3612 5456 τὴν
3660 5385 3849 5445 Ἐδεσ-

469 5490 636 5538 σενῶν
683 5478 944 5536 κατέλαϐε
975 5481 1154 5540 πόλιν.
1220 5477 1389 5541 Unde
1413 5481 1712 5560 patriam,
1743 5479 1896 5544 sicut
1945 5481 2056 5545 diu:

2261 5480 2333 5542 lle
2381 5480 2720 5556 Abraham,
2754 5482 3100 5563 relinquere
3135 5481 3376 5559 jussus,
3406 5478 3848 5542 Edessenorum

467 5570 677 5634 urbem
698 5569 895 5649 petiit.
947 5566 1097 5630 Vide
1126 5566 1407 5630 Vossium
1441 5576 1583 5633 tom.
1619 5571 1665 5646 l,
1701 5587 1833 5651 pag.
1870 5571 1929 5653 5,
1966 5571 2128 5635 linea
2158 5571 2512 5654 peuultime.
2545 5570 2772 5645 Quibus
2801 5571 3001 5635 verbis
3049 5570 3300 5634 dubium
3333 5586 3515 5633 omne
3543 5568 3846 5651 eximitur,

468 5659 624 5738 quod
662 5657 982 5721 Bollandus
1012 5657 1234 5738 allique
1264 5658 1341 5721 de
1374 5659 1566 5741 patria
1595 5657 1896 5742 Ephrtemi
1931 5671 2198 5728 movent.
