4060 6200
426 377 577 444 1955

1672 378 1955 446 MENSIS
2001 376 2513 450 FEBRUAPJUS.

3653 370 3806 445 1256

422 511 600 573 ribile
631 510 782 572 illud
834 507 1088 572 tribunal
1119 526 1358 591 semper
1388 509 1813 592 subjicientem
1847 517 2033 581 oculis

2143 521 2319 586 socia;
2378 525 2607 598 Χριστοῦ
2665 522 2764 584 τῆς
2822 512 3064 595 δευτέρας
3147 508 3556 596 φιλόσοφοῦντά,
3619 517 3680 572 τό
3739 538 3802 572 τε

423 602 715 683 illumque
746 601 905 662 diem
940 601 1380 680 imprimentem
1431 610 1654 666 nostra;
1689 607 2056 690 cogitationi,

425 699 484 753 et
512 710 577 754 se
609 693 799 770 ipsum
835 690 1222 750 inducentem
1276 701 1558 771 tanquam
1595 696 2060 762 condemnatum

423 791 484 843 et
514 781 833 842 deﬂentem
869 777 1036 840 valde
1071 779 1516 844 miserabiliter.

460 957 710 1021 1V.Cum
729 965 926 1019 autem
945 958 1222 1038 Ephraem
1247 977 1488 1040 semper
1509 972 1845 1027 versaretur
1863 969 1924 1027 in
1939 966 2065 1028 tali-

421 1049 531 1110 bus
561 1049 821 1110 visorum
874 1048 1480 1127 apprehensionibus,
1516 1051 1859 1133 elongabat,
1896 1064 1958 1119 ut
1982 1057 2062 1118 ait

416 1139 719 1219 Propheta
743 1137 790 1211 Ξ,
826 1137 1083 1215 fugiens;
1120 1157 1486 1216 omnemque
1516 1142 1592 1203 de
1617 1142 1856 1224 iis,qua2
1879 1145 1952 1206 ad
1986 1145 2065 1205 vi-

420 1237 541 1290 tam
566 1229 719 1290 hanc
749 1229 1429 1309 pertinent,tumultum,
1470 1238 1920 1312 motumque,ac
1943 1235 2059 1295 ﬁu-

421 1328 579 1379 ctum
603 1315 1059 1389 declinans.Qui
1084 1335 1216 1378 cum
1241 1317 1536 1380 habitaret
1553 1319 1613 1380 in
1637 1322 2059 1397 solitudine,ac

416 1408 564 1471 locis
595 1408 722 1469 loca
757 1407 1017 1468 subinde
1039 1415 1574 1488 mutaret,propter
1594 1411 2054 1475 aediﬁcationem

415 1505 474 1559 et
505 1497 824 1560 utilitatem
855 1497 1216 1578 animarum,
1241 1496 1446 1577 sicque
1472 1517 1504 1560 a
1533 1498 1732 1562 divino
1766 1503 2056 1564 admone-

413 1595 582 1648 retur
633 1585 902 1668 Spiritu:
955 1585 1199 1666 reliquit
1245 1587 1565 1667 aliquando
1599 1590 1852 1669 patriam
1878 1594 2056 1671 jussu

413 1677 616 1739 divino
647 1676 928 1740 alteriste
951 1675 1276 1748 Abraham,
1305 1686 1364 1738 et
1386 1676 1444 1737 in
1473 1677 1768 1740 civitatem
1793 1679 2053 1743 Edesse-

411 1786 624 1829 norum
657 1767 842 1842 venit,
876 1775 1000 1828 tum
1035 1774 1098 1826 ut
1140 1783 1342 1828 sacras
1371 1765 1453 1826 ibi
1485 1767 1780 1844 reliquias
1815 1778 1872 1831 et
1923 1772 2056 1834 loca

2146 609 2368 691 φοϐερὸν
2412 610 2593 666 ἐκεῖνο
2638 609 2789 684 βῆμα
2833 609 2991 664 οἷονεί
3042 606 3144 683 πρὸ
3183 612 3291 661 τῶν
3335 604 3624 684 ὀφθαλμῶν
3651 604 3803 679 τιθέ-

2146 721 2331 776 μενον,
2376 701 2466 757 καὶ
2519 700 2620 766 τὴν
2681 697 2884 776 ἡμέραν
2944 696 3154 762 ἐκείνην
3198 696 3566 751 ὅποτυποῦντα
3592 701 3662 770 τῇ
3687 692 3804 750 δια-

2147 791 2281 865 νοίᾳ,
2339 789 2524 848 ἑαυτόν
2595 809 2653 844 τε
2703 787 3024 864 κατάκριτον
3083 786 3458 862 εἰσαγόμενον,
3533 786 3622 841 καὶ
3677 784 3802 841 λίαν

2149 879 2394 943 ἐλεεινῶς
2425 877 2715 957 ὀδυρόμενο
2730 901 2772 937 θ.

2231 958 2314 1029 Δ’.
2362 979 2494 1034 Ταῖς
2524 970 2796 1031 τοιαύταις
2827 967 3072 1047 Ἐφραῗμ
3115 964 3204 1022 ἀεὶ
3237 964 3522 1046 σχολάζων
3571 973 3666 1021 τοῦ
3707 971 3802 1021 νοῦ

2146 1060 2480 1140 φαντασίαις,
2541 1058 2822 1136 ἐμάκρυνε,
2888 1056 3024 1112 κατὰ
3075 1058 3165 1113 τὸν
3230 1052 3557 1128 Ψαλμῳδὸν,
3620 1075 3800 1132 φυγα-

2146 1146 2332 1224 δεύων,
2396 1149 2483 1205 καί
2535 1143 2752 1227 θόρυϐον
2811 1145 2984 1204 πάντα
3054 1147 3332 1221 βιωτικὸν,
3379 1145 3467 1200 καὶ
3525 1141 3793 1216 κλύδωνα,

2145 1241 2231 1295 καὶ
2289 1241 2452 1296 σαλὸν
2494 1236 2774 1298 ἐκκλίνων.
2823 1237 2931 1294 Καῖ
2969 1237 3088 1314 περί
3119 1238 3218 1301 την
3251 1234 3455 1311 ἔρημον
3498 1231 3793 1307 αὖλιζόμε-

2141 1352 2251 1396 νος,
2302 1329 2360 1383 ἐκ
2415 1328 2581 1385 τόπου
2623 1325 2677 1381 δὲ
2738 1325 2935 1390 τόπους
2979 1322 3240 1400 ἀμείϐων,
3273 1323 3466 1400 ψυχῶν
3499 1319 3790 1396 οἰκοδομῆς
3880 1331 3886 1336 ”

2139 1420 2302 1499 χάριν
2355 1419 2444 1474 καὶ
2487 1415 2743 1496 ὠφελείας
2779 1432 2794 1446 ⁶
2854 1415 2948 1471 ἅτε
2985 1417 3074 1472 καὶ
3134 1414 3402 1487 Πνεύματι
3452 1412 3575 1485 θείῳ
3603 1413 3791 1468 itum}-

2139 1529 2322 1584 μενος,
2368 1506 2732 1582 ἇπολιμπάνει
2765 1505 2896 1562 ποτὲ
2927 1505 3025 1572 τὴν
3062 1503 3428 1582 ἐνεγκαμένην
3467 1501 3604 1558 κατὰ
3641 1505 3792 1558 θετον

2138 1599 2234 1656 καῖ
2291 1597 2438 1662 οὗτος
2481 1593 2726 1675 Ἀϐραὰμ.
2768 1594 3091 1665 κελευσθεὶς,
3152 1595 3240 1649 καὶ
3303 1593 3400 1660 τὴν
3456 1589 3792 1657 Ἐδεσσηνῶν

2137 1687 2292 1745 πόλιν
2355 1683 2780 1761 καταλαμϐάνει,
2842 1683 2955 1758 ἅμα
3037 1685 3137 1759 μὲν
3206 1684 3345 1739 κατὰ
3429 1682 3790 1761 προσκύνησιν

2135 1783 2241 1833 τῶν
2293 1779 2450 1856 ἱερῶν
2509 1775 2565 1832 ἐν
2621 1779 2756 1852 αὐτῇ
2806 1772 3079 1850 λειψάνων
3120 1794 3176 1830 τε
3235 1772 3333 1836 καί
3378 1772 3554 1828 νόπων
3598 1770 3791 1844 ἐλθὼν,

409 1865 620 1918 sancta
644 1855 944 1930 adoraret;
969 1862 1091 1916 tum
1117 1853 1390 1927 etiani,ut
1415 1862 1601 1918 virum
1624 1857 1884 1940 aliquem
1910 1878 2039 1923 eru-

2135 1867 2248 1944 ἇ¹μα
2304 1853 2358 1923 δέ
2390 1866 2478 1924 καὶ
2505 1865 2643 1924 κατὰ
2687 1865 2984 1946 συντυχίαν
3018 1861 3205 1942 ἀνδρὸς
3251 1868 3360 1918 τῶν
3391 1861 3588 1938 λογίων
3616 1862 3788 1933 τινὸς,

412 1947 603 2008 ditum
635 1945 718 2007 ibi
748 1945 1069 2025 reperiret,
1103 1961 1172 2006 ac
1203 1946 1573 2022 conveniret,
1602 1957 1662 2008 et
1694 1949 2039 2028 cognitioni!

2135 1956 2272 2014 ὥστε
2335 1957 2580 2034 γνώσεως
2638 1956 2846 2032 καρπὸν
2905 1955 3114 2010 ἐκεῖθεν
3157 1945 3348 2007 λαϐεῖν
3381 1967 3398 1983 ⁶
3447 1951 3474 2005 ὃ
3515 1952 3604 2006 καὶ

412 2035 584 2098 illinc
613 2035 874 2097 fructum
899 2035 1201 2114 acciperet
1229 2054 1243 2096 :
1271 2034 1436 2112 quod
1460 2036 1634 2098 etiam
1669 2055 1703 2099 a
1727 2038 1850 2100 Deo
1874 2041 2051 2103 enixe

409 2124 768 2208 petebat,sic
788 2124 1017 2186 dicens:
1042 2125 1184 2184 Jesu
1210 2122 1742 2206 Christe,omnium
1770 2128 2043 2206 Domine,

406 2216 768 2292 concede,ut
796 2233 905 2293 ego
936 2213 1232 2276 civitatem
1263 2215 1548 2277 Edessam
1582 2218 1954 2296 ingrediens,
1988 2221 2047 2282 in

405 2307 584 2369 talem
627 2305 816 2366 virum
871 2303 1074 2366 statim
1128 2303 1417 2379 incidam,
1447 2305 1550 2385 qui
1581 2307 1657 2366 sit
1685 2307 1943 2373 idoneus
1971 2311 2046 2372 ad

405 2395 826 2462 disserendum
851 2411 1086 2455 mecum
1103 2392 1178 2455 de
1199 2393 1275 2454 iis
1303 2411 1436 2470 quae
1455 2395 1527 2456 ad
1546 2398 1762 2459 animae
1791 2399 2046 2461 aidiﬂca-

402 2488 627 2550 tionem
657 2485 996 2564 pertineant
1016 2492 1076 2544 et
1105 2483 1725 2566 utilitatem.Cumque
1755 2488 1842 2549 sic
1872 2506 2043 2550 oras-

402 2586 516 2653 set,
544 2585 858 2658 postquam
882 2573 1076 2635 fuitin
1103 2572 1377 2652 ingressu
1405 2574 1684 2650 civitatis,
1717 2584 1776 2638 et
1806 2584 2042 2657 portam

401 2676 488 2731 est
513 2662 1288 2747 ingressus,cogitabundus
1313 2661 1954 2748 haerebat,attentoque
1975 2685 2045 2730 ac

403 2757 660 2821 sollicito
690 2755 985 2831 animo,ut
1014 2753 1118 2830 qui
1149 2769 1354 2814 secum
1390 2754 2044 2838 consideraret,quem-

399 2847 724 2914 admodum
753 2843 828 2906 ad
886 2843 1054 2903 illum
1108 2842 1352 2922 quidem
1388 2842 1579 2905 virum
1612 2845 1951 2923 accederet,
1986 2855 2045 2910 et

399 2955 669 3023 quaenam
704 2954 774 2998 ex
822 2952 895 2996 eo
955 2934 1330 3023 potissimum
1390 2944 1708 3013 quaereret,
1740 2954 2040 3019 quamque

399 3022 716 3093 utilitatem
746 3043 814 3086 ex
849 3041 920 3084 eo
951 3022 1266 3102 percipere
1294 3031 1516 3101 posset.

477 3116 701 3182 V.Cum
726 3115 812 3175 sic
836 3121 1038 3174 autem
1063 3109 1499 3190 cogitabundus
1521 3114 1904 3194 incideret,et
1923 3123 2040 3178 sta-

398 3215 501 3272 tim
527 3205 794 3289 quaedam
819 3201 1083 3264 occurrit
1109 3201 1350 3276 mulier,
1381 3219 1570 3282 eaque
1595 3209 1901 3268 meretrix.
1932 3205 2037 3272 Dei

395 3318 537 3361 vero
562 3314 634 3359 ea
653 3301 782 3355 erat
797 3290 1044 3354 omnino
1067 3289 1518 3371 permissio,qui
1542 3295 1790 3374 mystice
1811 3303 2043 3358 etarca-

396 3407 472 3451 ne
500 3403 659 3468 saepe
683 3399 790 3464 per
817 3384 1118 3443 contraria
1141 3377 1452 3460 dispensat
1469 3383 1786 3444 contraria.
1824 3384 2038 3448 Sacro-

393 3498 451 3540 sa
463 3491 630 3538 nctus
656 3478 849 3548 itaque
865 3473 1297 3544 Ephrmmmum
1320 3477 1402 3529 sic
1415 3484 1620 3545 praeter
1633 3489 1794 3548 spem
1811 3479 2040 3538 incidis-

392 3577 483 3632 set
505 3567 565 3629 in
587 3560 1276 3635 meretricem,constitit
1296 3559 1359 3621 in
1384 3577 1516 3621 eam
1547 3561 1760 3624 deﬁxis
1794 3564 2038 3628 intuens

393 3657 672 3733 oculis,et
702 3651 869 3735 quasi
899 3657 1116 3711 emotae
1144 3650 1383 3726 mentis,
1418 3651 1746 3732 tristisque,
1779 3672 1847 3717 ac
1876 3656 2032 3737 apud

390 3766 455 3811 se
479 3745 830 3829 perturbato
853 3739 1244 3819 animo,quod
1270 3758 1390 3800 non
1423 3749 1488 3800 ut
1511 3753 1792 3822 precatus
1815 3746 2030 3823 fuerat,

390 3839 498 3901 sed
516 3835 886 3900 contrarium
913 3829 1110 3911 potius
1133 3830 1430 3890 evenisset
1453 3836 1507 3891 ei
1528 3848 1594 3892 ac
1620 3832 1891 3912 petierat.
1927 3831 2034 3894 Illa

386 3937 586 3991 autem
615 3943 749 3986 cum
775 3922 862 3985 sic
893 3938 1031 3982 eum
1066 3919 1314 3979 vidisset
1343 3919 1765 4000 aspicientem,
1801 3925 1862 3984 in
1891 3940 2027 3985 eum

386 4036 595 4080 rursus
620 4014 828 4078 oculos
855 4009 1101 4088 conjicit
1141 4011 1494 4070 acerrimos.
1540 4008 1858 4092 Postquam
1888 4029 2031 4076 vero

387 4109 475 4171 sic
504 4107 728 4169 diutius
759 4120 824 4165 se
854 4101 1112 4162 invicem
1135 4099 1747 4179 aspexissent,volens
1770 4120 1899 4164 eam
1923 4122 2031 4183 pu-

387 4199 538 4260 dore
560 4197 823 4269 aﬁicere,
853 4198 914 4252 et
943 4189 1018 4252 ad
1049 4188 1476 4250 Verecundiam
1507 4207 1643 4266 quis
1674 4191 2028 4254 mulieribus

386 4286 663 4350 convenit
693 4283 997 4344 deducere
1027 4297 1276 4357 magnus
1301 4277 1579 4359 Ephraem
1615 4302 1628 4339 :
1661 4279 1814 4354 Quid
1858 4301 2024 4360 vero,

384 4377 730 4459 inquit,non
760 4370 1091 4446 erubescis,
1131 4371 1498 4446 mulier,tam
1535 4369 1668 4433 ﬁxis
1697 4372 1888 4434 oculis
1918 4391 2027 4434 nos

383 4471 632 4530 intuens
656 4464 682 4527 ἵ
703 4464 809 4526 illa
830 4471 1030 4524 autem
1064 4478 1078 4523 :
1113 4461 1229 4522 Sed
1266 4477 1384 4537 me,
1415 4460 1631 4542 inquit,
1659 4464 1938 4525 convenit
1967 4471 2026 4525 te

381 4559 472 4620 sic
493 4556 787 4636 aspicere:
813 4570 884 4615 ex
908 4565 967 4614 te
990 4555 1149 4613 enim
1177 4560 1420 4632 sumpta
1439 4561 1664 4628 sum,et
1686 4561 1784 4614 tuo
1809 4552 2021 4616 latere.

379 4647 468 4712 Te
497 4628 634 4710 vero
665 4662 786 4706 non
816 4642 1062 4720 nos,sed
1095 4628 1336 4702 terram'
1363 4642 1556 4721 potius
1588 4650 1822 4724 oportet
1853 4642 2019 4724 aspi-
2044 4628 2088 4680 ο

381 4755 541 4813 cere,
575 4755 645 4798 ex
676 4753 792 4816 qua
818 4733 947 4814 ipse
995 4750 1204 4792 rursus
1253 4741 1527 4812 sumptus
1574 4750 1662 4795 es.
1714 4731 1853 4796 Haec
1882 4751 2020 4795 cum

380 4828 646 4890 audisset
675 4825 956 4906 Ephraem
981 4827 1196 4903 praeter
1211 4838 1454 4883 omnem
1481 4823 2015 4902 expectationem,

381 4925 441 4981 et
471 4915 710 4979 mulieri
744 4913 1057 4976 confessus
1079 4920 1170 4974 est
1191 4929 1438 4991 magnas
1461 4930 1526 4975 se
1549 4913 1773 4976 habere
1800 4914 2020 4994 gratias

379 5014 627 5090 prepter
654 5022 812 5086 eam,
838 5019 1014 5083 quam
1045 5001 1123 5062 ab
1153 5000 1284 5081 ipsa
1311 5003 1967 5084 acceperat,utilitatem
1997 5023 2016 5082 ;

380 5106 441 5161 et
469 5096 592 5161 Deo
624 5095 1011 5159 vehementer
1061 5090 1262 5152 emisit
1307 5090 1509 5154 studio
1557 5093 1882 5172 gratiarum
1912 5112 2018 5156 ac-

381 5189 599 5264 tiones,
633 5184 736 5267 qui
766 5200 875 5268 per
904 5199 975 5245 ea
1004 5198 1139 5263 qua:
1170 5192 1394 5262 praeter
1422 5200 1592 5263 spem
1624 5183 1928 5261 accidunt,
1951 5201 2022 5246 ea

381 5296 538 5360 saepe
567 5276 708 5338 facit
737 5291 870 5356 quae
896 5272 1088 5353 ipsam
1120 5288 1289 5352 spem
1322 5279 1634 5352 superant.

425 5368 679 5431 VLCum
703 5383 848 5444 ergo
866 5361 989 5444 jam
1009 5360 1142 5423 dies
1162 5361 1393 5443 aliquot
1411 5362 1874 5441 transiissent,et
1892 5383 2025 5428 sau-

387 5469 518 5522 ctus
544 5457 820 5539 Ephraem
843 5460 1185 5516 moraretur
1205 5450 1470 5530 Edessa,
1506 5453 1723 5516 mulier
1747 5455 2022 5536 quaedam

384 5554 692 5626 meretrix,
725 5563 860 5627 quae
903 5547 967 5607 in
1017 5544 1353 5624 propinqua
1382 5543 1688 5607 habitabat
1715 5546 1932 5608 vicinia
1960 5547 2025 5608 ﬁt

459 5734 488 5777 9
510 5732 668 5795 Psal.
699 5747 820 5811 Liv,
853 5730 916 5794 8.

2135 2052 2269 2103 Θεοῦ
2320 2047 2460 2103 αἰτεῖ
2516 2065 2599 2119 τε,
2687 2043 2855 2108 οὕτως
2919 2042 3083 2100 εἰπών
3118 2061 3134 2080 ⁸
3182 2040 3362 2108 Ἰησοῦ
3405 2040 3622 2118 Χριστὲ,
3684 2038 3791 2095 Δέ-

2133 2157 2303 2193 σποτα
2363 2134 2460 2192 καί
2535 2135 2691 2212 Κύριε
2747 2133 2986 2206 πάντων,
3048 2131 3269 2197 ἀξίὼσόν
3337 2150 3402 2206 με
3449 2131 3548 2196 τήν
3628 2127 3785 2186 πόλιν

2130 2223 2390 2283 ’Ἔδεσσαν
2435 2223 2668 2282 εἰσιόντα
2723 2224 2949 2296 τοιούτῳ
3005 2219 3148 2300 ἀνδρὶ
3191 2223 3336 2286 εὐθὺς
3399 2219 3677 2300 ἐντυχεῖν,
3723 2221 3783 2282 ὃς

2129 2317 2306 2380 ἱκανὸς
2338 2314 2485 2372 ἔσται
2529 2315 2595 2371 τὰ
2651 2314 2780 2378 πρὸς
2837 2311 3127 2388 οἰκοδομὴν
3184 2315 3370 2390 ψυχῆς
3399 2312 3492 2367 καὶ
3516 2308 3778 2388 ὠφέλειαν

2130 2405 2249 2480 ἐμοὶ
2296 2403 2654 2471 συλλαλῆσαι.
2719 2401 2897 2466 Οὕτως
2946 2401 3253 2476 εὐξάμενος,
3309 2399 3433 2456 ἐπεῖ
3477 2401 3608 2477 πρὸς
3655 2412 3779 2462 ταῖς

2126 2499 2225 2562 τῆς
2282 2492 2492 2558 πόλεως
2551 2491 2798 2566 εἰσόδοις,
2853 2495 2942 2548 καὶ
2987 2491 3087 2558 τὴν
3129 2489 3285 2547 πόλιν
3317 2490 3513 2566 εἰσῄει,
3558 2489 3778 2553 σύννους

2126 2587 2216 2660 ἧν,
2278 2585 2364 2640 καὶ
2409 2586 2781 2662 προσεκτικὸς,
2837 2583 2922 2638 καὶ
2967 2578 3460 2659 μεμεριμνημένος,
3511 2579 3607 2635 οἷα
3638 2599 3774 2635 σκο-

2126 2678 2268 2754 πῶν,
2300 2673 2448 2738 ὅπως
2491 2673 2589 2749 μὲν
2631 2672 2818 2747 ἐκείνῳ
2877 2676 2953 2744 τῷ
2995 2669 3140 2750 ἀνδρὶ
3198 2667 3504 2749 προσέλθοι,
3553 2669 3667 2724 τίνα
3713 2666 3768 2724 δὲ

2127 2764 2341 2822 πύθοιτο
2399 2761 2524 2842 παρ’
2579 2766 2757 2837 αὺτοῦ,
2817 2762 2905 2818 καὶ
2950 2759 3106 2824 ποίας
3160 2758 3458 2817 ἀπολαύσοι
3493 2763 3588 2825 τῆς
3616 2759 3765 2836 ὠφε-

2127 2853 2295 2918 λείας.

2205 3120 2287 3182 Ε’.
2333 3119 2486 3179 Οὕτω
2514 3125 2794 3199 τοιγαροῦν
2820 3117 2917 3175 hri
2959 3119 3198 3182 συννοίας
3228 3114 3494 3194 βαδίζοντι
3523 3116 3658 3196 γυνή
3688 3135 3768 3178 τις

2125 3211 2269 3277 εὐθὺς
2297 3215 2547 3285 συναντᾷ,
2577 3210 2667 3266 καὶ
2697 3209 2830 3276 αὕτη
2875 3209 3070 3287 πόρνη.
3134 3214 3266 3264 Θεοῦ
3315 3204 3371 3262 δὲ
3431 3211 3581 3262 τοῦτο
3632 3205 3769 3261 πείν-

2122 3321 2228 3366 τως
2273 3299 2363 3377 ἦν,
2410 3309 2503 3359 τοῦ
2529 3298 2615 3355 διὰ
2643 3305 2750 3356 τῶν
2800 3297 3053 3355 ἐναντίων
3111 3294 3376 3358 πολλάκις
3419 3297 3771 3369 οἰκονομοῦν-

2120 3410 2215 3455 τος
2272 3375 2353 3446 τὰί
2386 3390 2594 3446 ἐναντία
2649 3390 2922 3463 μυστικῶς
2952 3407 3010 3443 τε
3055 3389 3143 3443 καὶ
3173 3384 3514 3463 ἆποῤῥήτως.
3565 3375 3623 3442 Ὀ
3677 3385 3772 3458 μὶν

2121 3478 2210 3535 οῦν
2268 3481 2404 3559 ἱερὸς
2461 3477 2729 3558 Ἐφραῖμ,
2762 3476 2902 3534 οὕτω
2933 3473 3058 3555 παρ’
3090 3473 3278 3532 ἐλπίδα
3323 3480 3497 3531 πᾶσαν
3531 3473 3774 3554 ἐντυχὼν

2121 3574 2189 3645 τῇ
2217 3569 2418 3649 ἑταίρᾳ,
2479 3568 2674 3625 ’ίστατο
2703 3568 2837 3645 πρὸς
2870 3566 3038 3630 αὐτὴν
3070 3563 3370 3634 ἐξηστηκὸς
3403 3585 3455 3620 τι
3498 3565 3587 3621 καὶ
3647 3566 3774 3620 ἀτε-

2118 3658 2201 3723 νὲς
2245 3659 2466 3737 ἐνορῶν,
2501 3658 2678 3714 ἀλύων
2732 3678 2792 3714 τε
2841 3659 2929 3713 καὶ
2987 3655 3382 3731 παθαινόμενος
3426 3650 3547 3710 καθ’
3582 3653 3770 3710 ἑαυτὸν

2114 3749 2214 3817 τὴν
2257 3752 2466 3828 ψυχὴν,
2527 3745 2673 3810 ὅπως
2719 3747 2798 3822 μὴ
2836 3745 2958 3802 κατ’
3002 3745 3195 3825 εὐχὴν,
3240 3743 3399 3828 sua
3421 3743 3762 3801 παντάπασιν

2113 3837 2206 3894 ἀπ’
2258 3823 2498 3902 ἐναντίας
2540 3835 2747 3913 μᾶλλον
2796 3833 2965 3902 ἐπέϐη
3018 3823 3344 3901 τὸήαίτηθέν.
3386 3823 3450 3889 Ἠ
3494 3829 3552 3888 δὲ
3595 3831 3765 3897 οὕτως

2113 3929 2318 4007 ὁρῶντα
2374 3925 2580 4007 ἰδοῦσα,
2639 3925 2894 3992 δεύτατον
2935 3924 3080 3998 αὒτῷ
3122 3924 3292 3980 πάλιν
3348 3918 3625 3978 ἐπιϐάλλει
3673 3923 3761 3979 τὸν

2112 4016 2408 4095 ὀφθαλμόν,
2469 4015 2621 4073 Ἐπεὶ
2679 4013 2734 4071 δὲ
2778 4013 2919 4072 οὕτω
2972 4015 3138 4094 μέχρι
3191 4009 3392 4069 πολλοῦ
3423 4011 3554 4088 πρὸς
3586 4008 3762 4080 ἀλλή-

2111 4105 2234 4172 λους
2264 4107 2469 4187 ἑώρων,
2503 4105 2783 4182 βουληθεὶς
2816 4105 2981 4172 αὐτὴν
3040 4102 3313 4182 ἐντρέψαι,
3376 4104 3468 4157 καί
3515 4102 3590 4163 εἰς
3635 4098 3762 4156 αἰδῶ

2112 4195 2312 4275 γυναιξὶ
2383 4197 2692 4274 πρέπουσαν
2772 4197 3002 4274 ἀγαγεῖν
3060 4196 3088 4250 ὁ
3144 4193 3315 4270 μέγας
3351 4207 3366 4223 ⁸
3425 4191 3486 4249 Τί
3535 4189 3593 4246 δὲ
3666 4191 3762 4246 οὐχ

2111 4287 2371 4366 ἐρυθριᾷς,
2423 4287 2601 4366 γύναι,
2652 4286 2836 4364 φησιν,
2883 4282 3050 4345 οὕτως
3101 4281 3415 4360 πεπηγόσιν
3462 4277 3764 4359 ὀφθαλμοῖς

2109 4378 2182 4441 εἰς
2225 4379 2368 4452 ἡμᾶς
2412 4377 2638 4456 ὁρῶσα,
2680 4374 2909 4441 Κάκείνη
2946 4390 2960 4404 ⁸
3022 4370 3176 4430 Ἀλλ’
3237 4371 3334 4448 ἐμὲ
3390 4369 3584 4448 οὕτως,
3631 4368 3760 4449 ἔφη,

2109 4467 2381 4544 προσῆκόν
2425 4469 2539 4522 ἐστι
2585 4470 2716 4544 πρὸς
2761 4465 2820 4520 σὲ
2853 4464 3068 4541 βλέπειν
3105 4483 3122 4501 ο
3170 4465 3260 4519 καὶ
3290 4463 3391 4541 γὰρ
3434 4460 3495 4517 ἐκ
3523 4469 3620 4519 σοῦ
3675 4461 3762 4515 καὶ

2105 4560 2206 4626 τῆς
2249 4556 2347 4624 σῆς
2406 4556 2678 4632 εἴλημμαι
2740 4552 2973 4634 πλευρᾶς
3007 4569 3022 4584 ⁶
3085 4553 3144 4610 σὲ
3205 4550 3262 4608 δὲ
3306 4553 3367 4608 ού
3424 4550 3559 4627 πρὸς
3595 4551 3754 4628 ἡμᾶς,

2104 4646 2242 4703 ἀλλὰ
2299 4647 2430 4725 πρὸς
2485 4645 2586 4713 τὴν
2635 4650 2739 4724 γῆν
2798 4643 3006 4721 μᾶλλον
3065 4644 3189 4723 δρᾷν
3232 4640 3341 4722 δεῖ,
3397 4639 3448 4706 ἐξ
3491 4645 3559 4707 ἧς
3593 4637 3758 4695 πάλιν

2103 4735 2339 4816 tamen:
2373 4735 2554 4802 αύνός.
2587 4737 2800 4793 Τούτων
2851 4732 2955 4800 ἔξω
2982 4734 3162 4802 πάσης
3193 4732 3424 4796 ἀκούσας
3455 4733 3483 4787 δ
3513 4727 3754 4809 Ἐφραῖμ

2104 4825 2443 4908 προσδοκίας,
2484 4831 2554 4903 τῇ
2590 4845 2648 4882 τε
2693 4826 2903 4904 γυναικὶ
2955 4821 3200 4903 μεγάλας
3271 4819 3540 4898 ὡμολόγει
3584 4819 3752 4898 χάρι-

2100 4938 2197 4980 τας
2255 4915 2540 4995 ὠφελείας,
2598 4917 2688 4974 καὶ
2720 4921 2836 4990 Θεῷ
2866 4917 3075 4994 θερμῶς
3121 4913 3397 4989 ἀνέπεμπε
3427 4911 3520 4974 τάς
3577 4912 3750 4987 εὔχα-

2103 5007 2331 5087 ριστίας,
2379 5010 2456 5082 τῷ
2485 5003 2578 5062 διὰ
2619 5010 2727 5062 τῶν
2769 5003 2898 5085 παρ’
2951 5002 3137 5062 ἐλπίδα
3181 5001 3471 5079 πολλάκις,
3515 4998 3605 5055 καὶ
3648 4998 3750 5055 αῦ-

2103 5104 2207 5154 τῶν
2237 5093 2463 5154 ἐλπίδων
2495 5095 2768 5176 κρείττονα
2793 5107 2972 5152 ποιεῖν
3005 5093 3288 5174 παραπολὺ
3313 5087 3612 5166 δυναμένῳ.

2185 5364 2267 5440 ς’
2281 5409 2298 5428 .
2324 5355 2414 5430 Ὠς
2447 5364 2535 5423 οῦν
2550 5365 2742 5444 *ἱκαναὶ
2772 5363 2985 5436 διῆλθον
3015 5365 3239 5444 ἡμέραι,
3271 5361 3360 5418 καὶ
3388 5359 3635 5442 Ἐφραίμ
3660 5358 3756 5414 τὸν

2103 5459 2250 5514 θεῖον
2296 5457 2332 5526 ἡ
2361 5455 2517 5519 πόλις
2549 5441 2779 5514 Ἔδεσσα
2811 5458 2968 5540 εἶχε,
2998 5441 3171 5532 πόρνη
3200 5441 3281 5517 τις
3313 5453 3446 5530 γυνῆ
3473 5441 3537 5509 ἐκ
3566 5450 3753 5529 γειτό-

2105 5569 2207 5604 νων
2253 5546 2398 5622 αὖτῷ
2439 5548 2677 5622 οἰκοῦσα,
2742 5547 2965 5626 ὄργανον
3023 5548 3096 5609 εἰς
3153 5543 3343 5600 κακίαν
3393 5548 3469 5616 τῷ
3522 5546 3752 5616 Πονηρῷ
