4060 6200
279 288 433 366 1257

274 441 477 516 γίνεται
519 456 531 470 ·

274 528 556 604 πρότερον,
621 530 698 598 τῷ
751 523 938 597 δικαίῳ
997 524 1345 602 προσϐάλλει,
1385 526 1533 583 Ἐπεὶ
1596 529 1684 582 οὖν
1728 527 1921 604 βρῶσίν

269 639 388 672 τινα
421 615 722 694 ἐτύγχανεν
754 614 897 688 ἕψων
930 616 957 669 ὁ
999 617 1145 676 θεῖος
1202 613 1466 693 Ἐφραῖμ,
1513 614 1689 682 ἐκείνη
1718 613 1921 671 διανοί-

269 704 400 771 ξασα
432 705 526 772 τήν
555 703 756 782 θυρίδα,
817 701 936 769 ἥτις
995 703 1096 781 ἄρα
1155 706 1239 759 καὶ
1293 704 1360 772 ἧν
1393 704 1479 760 ἐπὶ
1509 713 1602 762 τοῦ
1627 704 1918 780 μεσαύλου,

270 795 604 872 παρακύπτει
663 815 722 849 τε
761 793 1160 871 ἀναισχύντως,
1208 795 1296 850 καὶ
1349 793 1476 850 αὐτὸ
1519 801 1675 852 τοῦτο
1718 795 1923 871 ἑταιρι-

271 892 379 947 κῶς
415 906 428 920 ·
466 883 591 940 εἶτα
619 886 718 940 καὶ
750 880 977 944 ἀναιδῶς
1009 879 1328 957 ἐμϐλέψασα
1358 905 1434 955 τῳ
1459 884 1586 958 ὁσίῳ
1613 903 1627 918 ·
1676 883 1923 958 Εὖλόγη-

269 995 387 1046 σον,
434 972 594 1043 ἆϐϐἆ,
639 972 809 1048 λέγει.
849 963 908 1030 Ὀ
960 969 1014 1027 δὲ
1075 972 1214 1046 μετὰ
1248 981 1341 1032 τοῦ
1383 974 1750 1049 προσήκοντος
1782 977 1925 1046 αὒτῷ

271 1064 566 1142 σχήματος
627 1084 686 1118 τε
733 1064 821 1119 καὶ
885 1061 1212 1142 φθέγματος,
1264 1053 1322 1120 Ὀ
1372 1064 1586 1140 Κύριος,
1620 1065 1801 1142 φησὶν,
1837 1066 1920 1121 εύο

271 1152 502 1231 λογήσαι
549 1174 634 1213 σε.
685 1151 830 1217 Αὒτὴ
875 1150 929 1207 δὲ
987 1151 1148 1209 πάλιν
1180 1153 1316 1225 μετὰ
1345 1155 1542 1230 θερμοῦ
1569 1161 1662 1210 τοῦ
1686 1153 1925 1232 γέλωτος

272 1245 361 1299 καὶ
421 1242 654 1317 ἆσέμνου
688 1261 700 1274 ⁸
744 1239 912 1297 Ἀλλὰ
954 1241 1028 1315 τί,
1086 1242 1267 1316 εἶπεν,
1302 1240 1535 1299 ἰλλείπει
1568 1250 1644 1318 τῷ
1685 1243 1927 1321 βρώματί

275 1349 428 1404 sou;
494 1333 591 1388 Καὶ
649 1331 730 1409 ὃς,
784 1340 964 1407 Τρεῖς,
1025 1330 1150 1408 ἔφη,
1198 1330 1328 1387 λίθοι
1370 1334 1459 1388 καὶ
1506 1331 1662 1412 ὀλίγη
1723 1334 1922 1406 πηλὸς,

275 1420 417 1479 ὥστε
449 1423 547 1486 τὴν
596 1421 772 1496 θυρίδα
833 1421 1031 1486 ταύτην
1061 1419 1458 1499 ἁναφραγῆναι,
1496 1421 1708 1489 Ἐκείνη
1758 1422 1925 1497 μηδὲν

275 1508 569 1568 ὑπενδοῦσα
633 1516 732 1577 τῆς
768 1509 1059 1582 ἀναιδείας,
1095 1511 1218 1567 ’Ὁτι
1251 1532 1309 1566 σε
1358 1510 1740 1589 προλαϐόντες,
1793 1513 1920 1593 ἔφη,

275 1600 813 1678 προσηγορεόσαμεν,
877 1607 1029 1656 τοῦτο
1108 1622 1194 1658 σοι
1256 1611 1417 1680 τῦφον
1477 1603 1716 1675 ἐνῆκενῖ,
1781 1604 1924 1681 Ἐγὼ

276 1694 702 1768 συγκοιμηθῆναι
752 1689 1015 1765 βούλομαί
1071 1711 1178 1764 σοι,
1239 1693 1392 1770 φησί.
1443 1694 1514 1747 Σὺ
1574 1691 1631 1748 δέ
1698 1715 1763 1768 με
1821 1695 1920 1760 τὴν

275 1780 499 1857 πρώτην
578 1781 721 1841 εὒθὺς
782 1779 1207 1857 ἀπηγόρευκας;

1497 290 1686 364 VITA
1731 300 1790 364 S.
1837 293 2176 364 EPHR/EM
2219 295 2419 364 SYRI.

3494 295 3647 361 1258

591 437 678 492 καὶ
735 433 802 492 δι’
862 437 1054 508 αὐτῆς,
1113 435 1294 513 ὥσπερ
1322 435 1410 493 διὰ
1438 439 1532 493 τοῦ
1573 435 1741 515 ὄφεως
1791 437 1922 513 αὖτῇ

2017 437 2265 517 Maligno
2287 438 2750 499 instrumentum
2770 433 2842 495 ad
2871 432 3101 507 vitium;
3123 438 3187 494 et
3209 449 3317 513 per
3338 450 3493 505 eam,
3523 432 3642 494 sic-

2006 538 2068 589 ut
2105 527 2270 606 prius
2306 527 2494 607 ipsam
2528 543 2638 607 per
2668 522 3276 603 serpentem,jnstum
3307 522 3650 602 aggreditur

2005 618 2310 698 Ephrzem.
2372 618 2519 681 Cum
2580 617 2781 695 itaque
2829 621 3068 675 sanctus
3117 611 3392 691 Ephraam
3448 612 3646 675 cibum

2005 707 2324 788 quemdam
2359 714 2623 786 pararet,
2657 702 2759 765 illa
2807 710 3010 783 aperta
3046 700 3325 777 fenestra,
3363 720 3494 782 quae
3523 711 3651 764 erat

2009 797 2069 858 in
2103 804 2291 871 certe,
2324 794 2708 876 impudenter
2753 789 3032 872 despicit,
3067 800 3128 852 et
3160 790 3337 870 plane
3365 791 3648 854 meretri-

2008 886 2099 948 cie
2136 904 2149 948 :
2185 893 2244 948 et
2273 885 2493 948 deinde
2525 903 2659 947 cum
2710 881 2995 945 Sanctum
3045 879 3376 961 aspexisset
3407 887 3648 944 invere-

2009 975 2204 1037 cunde
2238 995 2254 1036 :
2288 973 2578 1054 Benedic,
2612 972 2828 1053 inquit,
2865 970 3041 1033 abba.
3071 971 3175 1033 Ille
3210 987 3352 1032 vero
3382 989 3518 1032 cum
3553 991 3648 1047 eo,

2009 1066 2113 1146 qui
2148 1065 2344 1145 ipsum
2395 1061 2670 1136 decebat,
2735 1061 2964 1138 habitu,
3027 1069 3199 1140 gestu
3231 1069 3290 1121 et
3319 1079 3648 1124 sermone:

2012 1151 2662 1234 Dominus,inquit,tibi
2685 1150 3029 1212 benedicat.
3063 1149 3197 1230 Ipsa
3229 1160 3426 1213 autem
3447 1169 3655 1214 rursus

2010 1264 2143 1308 cum
2178 1241 2518 1306 vehementi
2549 1249 2608 1304 et
2664 1241 2950 1302 indecoro
2999 1241 3146 1313 risu,
3182 1239 3255 1300 ad
3309 1259 3448 1302 eum
3488 1259 3500 1301 :
3539 1239 3655 1304 Sed

2010 1334 2178 1415 quid,
2213 1332 2429 1414 inquit,
2484 1339 2585 1393 tuo
2617 1329 2752 1392 cibo
2785 1329 2983 1392 deest?
3009 1327 3116 1390 Ille
3145 1347 3311 1403 vero,
3347 1329 3519 1406 Tres,
3553 1332 3653 1391 in-

2009 1424 2157 1504 quit,
2193 1423 2442 1502 lapides,
2478 1433 2538 1483 et
2562 1419 2996 1501 parumluti,ut
3027 1419 3153 1480 haec
3179 1418 3524 1482 obstruatur
3561 1420 3654 1482 fe-

2010 1523 2231 1576 nestra.
2267 1513 2374 1574 Illa
2398 1511 2637 1573 interim
2675 1510 2824 1571 nihil
2857 1509 2930 1570 de
2962 1528 3068 1570 sua
3101 1510 3416 1571 remittens
3447 1509 3653 1590 impu-

2008 1601 2412 1676 dentia,Quod
2442 1609 2522 1673 te,
2556 1599 3015 1679 inquit,priores
3034 1598 3654 1679 appellavimus,hoc-

2009 1712 2083 1754 ne
2115 1704 2170 1754 te
2202 1691 2399 1754 eﬂ‘ecit
2425 1691 2784 1752 insolentem
2816 1687 2839 1749 ?
2870 1690 3016 1767 Ego,
3046 1689 3260 1769 inquit,
3288 1689 3425 1750 volo
3459 1698 3653 1752 tecum

1296 1783 1432 1859 Πρὸς
1490 1786 1676 1855 ταῦτα,
1741 1784 1922 1862 ὥσπερ

2017 1781 2470 1844 dortniie.Tunc
2491 1787 2688 1841 autem
2723 1780 2839 1839 hoc
2865 1776 3006 1838 mihi
3030 1779 3226 1839 statim
3256 1781 3444 1858 primo
3470 1799 3654 1859 nega-

272 1871 453 1937 ἒκείνη
501 1870 758 1946 ῥημάτων
794 1877 1118 1943 σατανικῶν,
1149 1869 1288 1926 οὕτω
1315 1870 1502 1945 πολλῷ
1552 1871 1759 1945 μᾶλλον
1819 1873 1919 1928 αὒ-

2017 1873 2081 1934 sti
2099 1872 2129 1931 ?
2152 1872 2239 1934 Ad
2266 1873 2412 1944 haec,
2449 1866 2955 1948 quemadmodum
2982 1865 3083 1927 illa
3106 1866 3309 1928 verbis
3331 1869 3653 1945 Satanicis,

269 1963 365 2021 τὸς
409 1965 781 2034 πνευματικῶν
844 1958 940 2014 οὒκ
975 1959 1221 2037 ἠπόρησε
1253 1959 1452 2036 λόγων,
1519 1963 1604 2016 καὶ
1649 1961 1785 2017 οἵων
1830 1964 1922 2018 αὒ-

2017 1966 2085 2024 ita
2117 1961 2301 2023 multo
2336 1959 2522 2038 magis
2553 1964 2680 2038 ipse
2710 1955 3092 2019 sermonibus
3119 1957 3449 2019 abundavit
3473 1959 3656 2038 spiri-

268 2048 364 2106 τόν
394 2070 450 2104 τε
482 2047 585 2104 ἔδει
618 2047 819 2124 λέγειν,
884 2047 1136 2114 κάκείνην
1186 2048 1421 2111 ἀκούειν,
1485 2051 1541 2106 Εἰ
1576 2050 1756 2126 βούλει
1792 2052 1917 2128 γὰρ,

2017 2051 2365 2125 tualibus,et
2387 2049 2593 2128 quales
2617 2048 2815 2126 ipsum
2841 2043 3070 2126 dicere,
3091 2055 3148 2107 et
3182 2065 3312 2109 eam
3345 2050 3660 2129 oportebat

272 2140 399 2219 ἔφη,
459 2136 794 2218 ἀμφοτέρους
846 2137 1291 2214 συγκαθευδῇσαι,
1351 2137 1473 2194 ἔνθα
1525 2140 1587 2196 ἂν
1643 2144 1732 2197 καὶ
1777 2140 1920 2198 εἴπω

2017 2142 2238 2205 audire.
2274 2138 2336 2203 Si
2366 2139 2456 2200 vis
2479 2137 2664 2210 enim,
2700 2135 3033 2216 inquit,nos
3054 2134 3264 2198 ambos
3297 2139 3475 2198 simul
3509 2139 3654 2201 dor-

274 2252 384 2309 σοι,
417 2228 594 2285 ἐκεῖσε
627 2225 693 2294 δὴ
727 2228 814 2282 καὶ
871 2233 1026 2302 κοινῇ
1077 2229 1490 2305 συγκειαόμεθα.
1531 2223 1623 2294 Ὠς
1655 2229 1709 2286 δὲ
1744 2231 1923 2296 ἐκείνη

275 2321 366 2375 τὸν
424 2316 585 2394 λόγον
653 2315 884 2393 ἥρπασε,
945 2317 1035 2372 καὶ
1092 2315 1252 2394 ἤρετο
1302 2319 1397 2373 τὸν
1426 2317 1612 2398 τόπον,
1648 2319 1741 2377 ’ίνα
1771 2328 1927 2376 τοῦτο

280 2407 519 2485 γενέσθαι
549 2406 655 2469 δεῖ,
689 2408 800 2464 Οὔκ
829 2406 883 2462 ἐν
939 2405 1108 2485 ἄλλῳ,
1168 2405 1296 2486 ἔφη,
1325 2409 1499 2482 τύπῳ,
1544 2407 1624 2464 ὅτι
1657 2410 1736 2483 μὴ
1767 2411 1822 2466 ἐν
1853 2411 1928 2484 τῷ

283 2497 436 2572 μέσῳ
467 2495 846 2572 συνελεύσομαι
881 2518 962 2552 σοι
994 2501 1093 2562 τῆς
1143 2496 1378 2561 πόλεως.
1418 2500 1515 2555 Καὶ
1546 2501 1680 2568 αὐτή
1717 2519 1732 2534 ⁸
1768 2499 1929 2558 Ἀλλ’

282 2589 377 2644 οὒκ
434 2584 615 2655 αἰδὼς,
650 2585 778 2664 ἔφη,
814 2586 904 2641 καὶ
936 2585 1168 2663 αἰσχύνη
1204 2586 1378 2664 σαφὴς
1410 2586 1516 2643 ἀπὸ
1545 2594 1652 2646 τῶν
1683 2589 1928 2658 ὁρώντων

283 2673 507 2754 ἀνδρῶν,
568 2675 706 2732 οὕτω
785 2681 906 2752 γοῦν
983 2677 1038 2729 ἓν
1098 2679 1172 2747 τῷ
1231 2675 1378 2749 μέσῳ
1430 2677 1692 2750 κειμένων
1747 2680 1926 2748 ἡμῶν,

282 2763 463 2822 Ἐσίλω
524 2766 554 2832 ἦ
614 2763 759 2820 ἑλεῖν
817 2762 1144 2839 βουληθεῖσα
1192 2765 1326 2840 γυνὶ⁸
1374 2765 1470 2831 την
1516 2767 1697 2834 ἅπαθῆ
1744 2768 1930 2846 ψυχὴν

278 2856 368 2911 καὶ
412 2853 658 2911 ἀνάλωτο
674 2878 714 2927 θ,
749 2851 862 2912 οὒδὲ
923 2855 1077 2909 τοῦτο
1119 2859 1318 2930 γνῶναι
1365 2851 1674 2934 δυνηθεῖσα,
1725 2857 1752 2912 ὅ
1795 2879 1927 2932 φησι

2013 2229 2298 2310 mire,ubi
2332 2228 2438 2289 tibi
2469 2227 2700 2299 dixero,
2730 2225 2850 2286 illic
2878 2225 3657 2306 pariterjacebimus.Post-

2011 2339 2190 2403 quam
2219 2337 2358 2380 vero
2382 2317 2484 2378 illa
2509 2333 2850 2377 sermonem
2900 2315 3174 2393 arripuit,
3219 2324 3276 2376 et
3308 2317 3539 2396 rogavit
3569 2317 3661 2378 lo-

2013 2429 2172 2484 cum,
2210 2407 2311 2470 ubi
2342 2407 2455 2468 hoc
2479 2404 2609 2466 ﬁeri
2634 2413 2942 2483 oporteret
2971 2406 3138 2467 :Non
3171 2405 3230 2464 in
3262 2405 3402 2481 alio,
3439 2406 3658 2487 inquit,

2014 2501 2169 2576 loco,
2205 2507 2400 2560 tecum
2433 2493 2816 2572 congrediar,
2880 2493 2996 2554 nisi
3050 2493 3112 2554 in
3147 2495 3346 2556 medio
3378 2495 3654 2558 civitatis.

2015 2589 2134 2654 Sed
2169 2606 2308 2662 non,
2346 2587 2539 2666 inquit
2565 2585 2686 2657 illa,
2723 2584 2950 2663 pudore
2979 2592 3157 2664 atque
3203 2585 3427 2647 rubore
3456 2594 3664 2667 aperte

2013 2680 2346 2742 afﬁciemur
2374 2695 2408 2738 a
2437 2673 2778 2738 videntibus
2833 2673 3202 2750 hominibus,
3236 2674 3287 2736 si
3317 2676 3404 2737 sic
3437 2695 3546 2738 nos
3580 2677 3663 2740 ibi

2008 2771 2316 2850 jaceamus
2342 2766 2404 2828 in
2438 2765 2665 2827 medio?
2693 2763 2876 2844 Capta
2907 2773 3105 2825 autem
3140 2776 3228 2826 est
3256 2765 3495 2841 mulier,
3533 2784 3664 2846 quae

2013 2859 2200 2921 voluit
2229 2875 2446 2938 capere
2472 2854 2866 2934 impatibilem
2897 2863 2954 2916 et
2977 2854 3500 2935 inexpugnabilem
3527 2857 3668 2918 ani-

279 2949 566 3018 Σολομῶν,
641 2941 721 2998 ὅτι
801 2943 860 3000 Οἱ
943 2941 1206 3022 ὀφθαλμοὶ
1280 2943 1468 3020 Κυρίου
1545 2948 1640 3002 τοῦ
1709 2946 1929 3020 ὑψίστου

2017 2967 2194 3023 mam,
2224 2957 2288 3009 ut
2309 2965 2440 3027 qum
2460 2963 2534 3006 ne
2559 2945 2670 3006 hoc
2717 2945 2961 3024 quidem
2991 2947 3662 3027 potueritcognoscere,

277 3032 680 3111 μυριοπλασίως
768 3031 921 3100 ἡλίου
1005 3032 1376 3112 φωτεινότεροί
1453 3035 1608 3110 εἰσιν,
1668 3038 1716 3092 οἱ
1801 3035 1925 3092 ἐπι-

2017 3039 2172 3120 quod
2197 3037 2340 3098 dicit
2357 3034 2671 3099 Salomon:
2702 3033 2875 3095 Oculi
2919 3035 3165 3095 Domini.
3195 3034 3480 3097 altissimi
3522 3044 3668 3098 sunt

275 3121 562 3190 ϐλέποντες
595 3124 772 3185 πάσας
807 3119 955 3186 ὁδοὺς
989 3120 1211 3199 ἀνδρῶν,

2017 3125 2570 3190 innumerabilibus
2597 3125 2875 3226 partibus
2901 3123 3025 3226 sole
3053 3123 3529 3226 splendidiores,
3561 3127 3668 3205 qui

2018 3223 2341 3280 intuentur
2365 3233 2568 3276 omnes
2598 3218 2735 3276 vias
2765 3212 3080 3275 hominum
3098 3214 3150 3274 ὅ.

357 3300 442 3360 Ζ’.
477 3302 670 3358 Αὐτίκα
702 3308 855 3380 γοῦν,
889 3301 985 3358 οἶα
1008 3298 1206 3374 λαϐῆς,
1234 3310 1326 3360 τοῦ
1355 3302 1593 3376 ῥήματος
1627 3305 1654 3359 ὁ
1684 3308 1931 3381 γενναῖος

2059 3303 2340 3370 VIl.Cum
2370 3323 2509 3365 vero
2530 3304 2729 3364 statim
2750 3301 2932 3364 veluti
2949 3302 3439 3374 ansam,verbum
3457 3322 3671 3384 appre-

277 3389 605 3470 δραξάμενος
652 3390 952 3467 ἀντεπῆγεν
989 3405 1002 3420 ⁸
1065 3391 1121 3447 Εἰ
1173 3389 1263 3445 οὖν
1317 3391 1607 3458 ἀνθρώπων
1634 3392 1931 3470 ὀφθαλμοὺς

2018 3396 2334 3458 hendisset
2354 3395 2442 3455 vir
2473 3395 3039 3474 praeclarus,contra
3062 3392 3282 3454 intulit:
3317 3395 3379 3456 Si
3400 3413 3540 3474 ergo
3565 3395 3672 3457 bo-

279 3479 492 3558 ἔκρινας
537 3480 733 3542 ἱκανῶς
787 3478 937 3558 ἔχειν
980 3478 1228 3557 ἐντρέψαι
1277 3481 1490 3558 ψυχὴν,
1545 3482 1638 3536 καί
1696 3489 1931 3560 πονηρᾶς

2026 3487 2250 3547 minum
2270 3483 2554 3563 judicasti
2598 3483 2804 3544 oculos
2829 3481 2976 3542 satis
3000 3499 3132 3543 esse
3171 3483 3243 3543 ad
3278 3483 3506 3562 pudore
3529 3485 3667 3545 alti-

283 3568 582 3650 ἁφελκύσαι
639 3568 876 3645 πράξεως
912 3588 926 3602 °
991 3570 1112 3632 τοὺς
1147 3577 1240 3627 τοῦ
1272 3576 1404 3626 Θεοῦ
1435 3570 1608 3626 πάντα
1637 3569 1931 3645 βλέποντας

2021 3578 2285 3634 ciendam
2307 3579 2639 3638 animam.et
2663 3591 2691 3631 a
2718 3574 2866 3630 mula
2891 3576 3115 3631 actione
3137 3576 3669 3634 abducendam:Dei

286 3660 613 3738 ὀφθαλμοὺς,
662 3656 761 3714 ὅσα
792 3679 849 3714 τε
879 3657 934 3713 ἐν
966 3655 1175 3734 ἀδήλῳ,
1208 3663 1295 3715 καὶ
1327 3658 1425 3715 ὅσα
1469 3660 1604 3714 κατὰ
1652 3662 1715 3715 τὸ
1760 3660 1931 3739 ἐμφα-

2023 3661 2255 3734 oculos,
2289 3660 2392 3740 qui
2424 3663 2626 3720 omnia
2657 3659 3114 3738 intuentur,tam
3141 3677 3272 3740 quae
3303 3660 3456 3721 clam
3491 3679 3669 3740 quam

290 3750 375 3812 νὲς
406 3749 752 3826 πράττονται,
801 3748 860 3804 οὒ
908 3745 1094 3821 πολλῴ
1135 3746 1342 3821 μᾶλλον
1397 3746 1710 3824 αἰδεσάμεθά
1752 3771 1809 3806 τε
1856 3751 1931 3806 καῖ

2026 3769 2160 3828 quae
2183 3757 2389 3829 aperte
2411 3751 2796 3812 ﬁunt.nonne
2819 3747 3004 3808 multo
3027 3749 3212 3826 magis
3230 3748 3666 3829 reverebimur,

289 3837 665 3912 ὑποπτήξομεν
701 3855 713 3868 ·
790 3837 886 3892 καῖ
962 3838 1200 3915 πονηροῦ
1257 3837 1571 3915 πράγματος
1617 3839 1931 3918 ἀφεξόμεθα,

2028 3850 2086 3904 et
2117 3839 2709 3910 exstimescemus,et
2733 3855 2766 3897 a
2795 3855 2861 3898 re
2895 3837 3048 3898 mala
3077 3837 3538 3899 abstinebimus:
3571 3839 3670 3919 qui

287 3930 344 3995 ὃς
389 3929 687 4006 κατήγορον
725 3929 807 3983 ἀεὶ
851 3927 1091 3985 σύνοικον
1137 3929 1195 3984 τὸ
1239 3925 1475 3991 συνειδὸς
1519 3930 1657 4003 ἡμῖν
1722 3929 1939 4009 ἐπεγεί-

292 4041 394 4098 ρει,
453 4019 542 4074 καὶ
595 4018 863 4094 βασάνους
930 4017 1136 4074 ἐκεῖθεν
1196 4038 1360 4096 περας
1419 4019 1650 4098 ἐχούσας
1696 4019 1938 4094 οὐδαμῶς

289 4109 595 4181 ταμιεύεται
631 4128 645 4188 ;
699 4114 872 4165 Ταῦτα
917 4108 1074 4164 ἱκανὰ
1117 4107 1360 4186 γέγονεν,
1396 4109 1501 4188 οὐχ
1530 4109 1716 4172 ἁπλῶς
1751 4123 1939 4167 πεῖσαι

290 4199 392 4265 τὴν
450 4197 652 4276 πόρνην
701 4196 1038 4277 ἀποσχέσθαι
1067 4203 1166 4264 τῆς
1195 4200 1324 4276 πρὸς
1369 4199 1525 4255 αὐτὸν
1560 4199 1769 4278 φαύλης
1813 4201 1938 4258 ἐπι-

293 4287 509 4364 θυμίας,
551 4285 686 4342 sua
732 4287 820 4342 καὶ
875 4287 1006 4364 ὑπὲρ
1058 4291 1164 4344 τῶν
1223 4286 1493 4366 προτέρων
1528 4290 1662 4366 αὒτῇ
1694 4312 1938 4366 μεταμε-

294 4374 456 4442 λῆσαι
510 4375 716 4448 κακῶν,
763 4373 891 4432 ὅλου
941 4397 997 4431 τε
1051 4384 1146 4433 τοῦ
1189 4377 1304 4453 βίου
1365 4375 1674 4452 μεταϐολὴν
1720 4382 1938 4447 καὶτῆς

295 4465 520 4542 γνώμης
588 4464 838 4526 ἐνθεῖναι,
901 4465 1095 4521 Αὒτίκα
1141 4473 1265 4543 γοῦν
1303 4467 1685 4545 προσελθοῦσα,
1733 4471 1821 4526 καὶ
1864 4471 1937 4533 εἷς

2023 3947 2265 4012 semper
2288 3927 2596 3990 nobiscum
2619 3928 2986 3988 habitantem
3013 3930 3072 3986 in
3099 3927 3270 3988 nobis
3294 3927 3510 3989 excitat
3535 3947 3673 3989 con-

2024 4020 2430 4092 scientiam,et
2453 4036 2522 4079 ex
2549 4037 2618 4078 ea
2643 4015 2813 4077 nobis
2841 4029 3108 4078 reservat
3132 4025 3426 4078 tormenta
3450 4036 3583 4098 quae
3607 4018 3676 4079 ft-

2025 4129 2162 4172 nem
2194 4127 2311 4170 non
2334 4107 2664 4188 accipiunt?
2690 4106 2828 4168 Haec
2853 4107 3222 4168 suffecerunt
3245 4126 3361 4167 non
3384 4108 3574 4167 solum
3600 4107 3670 4169 ad

2024 4203 2318 4262 meretrici
2369 4200 2866 4273 persuadendum,
2891 4210 2950 4256 ut
2973 4200 3295 4256 abstineaet
3315 4200 3386 4257 ab
3410 4202 3672 4271 improba

2026 4291 2084 4345 in
2107 4300 2240 4344 eum
2265 4287 2525 4352 libidine,
2547 4285 2649 4342 sed
2673 4297 2732 4343 ut
2755 4286 3014 4356 priorum
3040 4286 3212 4341 etiam
3240 4299 3366 4341 eam
3386 4285 3673 4342 malorum

2025 4375 2349 4444 paeniteret,
2379 4380 2432 4428 et
2456 4372 2832 4428 mutationem
2860 4368 3091 4426 afferret
3115 4369 3288 4426 totius
3313 4371 3444 4426 vitae
3463 4382 3514 4426 et
3540 4387 3676 4428 sen-

2025 4455 2469 4521 tentiae.Statim
2496 4457 2698 4536 itaque
2725 4454 3114 4529 accedens,et
3139 4455 3306 4516 humi
3334 4456 3674 4536 procidens,

296 4561 400 4631 γῆν
452 4560 708 4627 πεσοῦσα,
745 4555 836 4609 καί
868 4551 1044 4610 ποδῶν
1077 4555 1278 4612 ἐκείνου
1311 4564 1416 4611 τῶν
1459 4557 1614 4634 ἱερῶν
1661 4559 1931 4640 ἁψαμένη,

2025 4559 2086 4614 et
2106 4570 2308 4614 sacros
2330 4551 2491 4612 illius
2516 4551 2704 4630 pedes
2726 4548 3181 4640 tangens,petiit
3198 4549 3428 4610 veniam
3453 4551 3678 4613 aratio-

295 4641 624 4720 συγγνώμην
681 4663 736 4696 τε
797 4643 986 4718 ᾐτεῖτο
1041 4643 1138 4711 τῆς
1207 4643 1592 4722 ἁλλογωτάτης
1666 4647 1940 4721 ἐπιθυμίας

2026 4662 2103 4704 ne
2125 4643 2515 4704 alienissimae
2537 4639 3360 4722 cupiditatis,impudica:que
3384 4651 3440 4702 et
3462 4642 3679 4704 intem-

297 4734 386 4789 καὶ
443 4730 738 4788 ἀκολάστου
781 4729 954 4808 ῥοπῆς
992 4750 1008 4768 ⁶
1043 4734 1131 4790 καὶ
1161 4731 1307 4798 ὅπως
1341 4734 1402 4789 ἃν
1436 4735 1661 4812 γνησίαν
1701 4737 1931 4814 εἰσενεγ-

2028 4733 2294 4813 perantis
2319 4731 2759 4812 propensionis:
2786 4742 2842 4792 et
2865 4748 3110 4804 ne,cum
3133 4748 3333 4793 veram
3359 4741 3417 4793 et
3447 4753 3680 4812 germa-

296 4828 465 4879 κοῦσα
522 4823 620 4885 την
674 4821 980 4896 μετάνοιαν,
1029 4823 1128 4888 τῆς
1194 4820 1315 4879 ὁδοῦ
1358 4823 1489 4900 πρὸς
1534 4824 1798 4901 σωτηρίαν
1844 4847 1931 4904 φε-

2030 4841 2165 4884 nam
2194 4823 2485 4884 attulisset
2543 4822 2977 4902 paenitentiam,
3040 4840 3074 4882 a
3125 4822 3216 4883 via
3247 4841 3379 4903 qua:
3405 4823 3573 4885 ducit
3604 4824 3678 4885 ad

294 4913 493 4989 ρούσης
555 4911 633 4984 μὴ
691 4908 993 4988 διαμάρτοι,
1039 4909 1239 4989 ὁδηγὸν
1287 4912 1443 4968 αὐτὸν
1487 4914 1575 4968 καὶ
1629 4912 1931 4972 διδάσκαλοι

2030 4912 2282 4975 salutem
2305 4911 2780 4984 aberraret,eum
2804 4911 3024 4975 ducem
3050 4913 3467 4990 etmagistrum
3495 4912 3681 4973 voluit

293 5001 441 5070 ἠξίου
472 4997 686 5063 λαϐεῖν,
724 4991 780 5058 Ὀ
812 4999 864 5056 δὲ
900 4999 1012 5079 (καὶ
1040 5006 1155 5063 πῶς
1191 5002 1291 5080 γὰρ
1321 5002 1416 5060 οὒκ
1454 5002 1677 5076 ἔμελλεν
1706 5004 1950 5085 Ἐφραῖμ

292 5091 368 5149 ὥν
435 5095 672 5168 ἐκεῖνος,
736 5091 994 5164 αἰτήμασι
1047 5093 1308 5155 τοιούτοις
1381 5093 1607 5168 ἑτοίμως
1663 5097 1950 5174 ὑπηρετεῖν

290 5185 381 5238 καὶ
440 5192 730 5258 παραινεῖν
789 5180 852 5236 τὰ
914 5177 1102 5237 δέοντα
1140 5180 1180 5261 ;)
1228 5183 1317 5238 καὶ
1377 5190 1470 5240 τοῦ
1509 5185 1587 5258 μὴ
1631 5190 1948 5263 πορευθῆναι

291 5269 477 5344 πάλιν,
539 5277 632 5327 τοῦ
685 5269 824 5325 θείου
881 5269 1044 5348 φάναι
1105 5263 1381 5349 Ἱερεμίου,
1442 5273 1614 5329 ὀπίσω
1657 5281 1764 5330 τῶν
1795 5275 1948 5332 ἐνθυ-

295 5360 561 5434 μημάτων
616 5358 712 5427 τῆς
775 5357 992 5436 καρδίας
1053 5360 1218 5427 αὐτῆς
1252 5366 1352 5426 τῆς
1384 5369 1646 5439 πονηρᾶς,
1682 5362 1821 5438 μηδὲ
1855 5387 1947 5421 κα-

294 5453 653 5528 ταφρονῆσαι,
713 5447 807 5504 τοῦ
866 5447 1192 5526 δευτερῶσαι
1242 5447 1393 5513 ὁδοὺς
1458 5454 1646 5532 αὐτῆς,
1703 5453 1949 5532 ἀσφαλέ-

375 5617 407 5666 3
438 5611 623 5678 Eccli.
656 5630 820 5693 xxui,
846 5614 950 5680 28.
1036 5616 1068 5668 6
1094 5615 1329 5681 Jerem.
1359 5633 1462 5693 vu,
1495 5618 1594 5682 23.

623 5746 888 5812 PATBOL.
917 5749 1032 5812 GR.
1068 5751 1277 5815 CXIV.

2031 5002 2331 5082 accipere.
2368 5001 2476 5064 Ille
2533 5011 2730 5064 autem
2771 5001 3095 5084 (quomodo
3129 5003 3316 5076 enim,
3355 5020 3490 5063 cum
3525 5011 3682 5064 esset

2032 5094 2134 5157 ille
2162 5092 2466 5174 Ephraem,
2502 5111 2621 5156 non
2647 5102 2773 5153 erat
2799 5091 3016 5154 talibus
3044 5093 3345 5173 pariturus
3372 5091 3679 5172 petitioni-

2033 5184 2168 5258 bus,
2201 5192 2260 5246 et
2285 5201 2375 5258 ea,
2403 5202 2535 5264 quae
2559 5200 2664 5264 par
2687 5182 3260 5261 erat,admoniturus
3285 5181 3336 5261 ι)
3367 5199 3443 5242 ne
3473 5199 3682 5243 rursus

2032 5273 2466 5349 ambularet,ut
2488 5291 2623 5335 cum
2651 5272 2845 5333 divino
2868 5269 3064 5332 dicam
3087 5270 3372 5346 Jeremia,
3411 5280 3542 5352 post
3571 5291 3678 5334 co-

2035 5365 2353 5444 gitationes
2374 5363 2577 5426 cordis
2594 5362 2683 5423 sui
2712 5360 2852 5422 mali
2877 5361 3134 5440 ﬁneque
3158 5363 3684 5435 contemneret,ita

2039 5443 2101 5518 ut
2122 5456 2244 5518 vias
2267 5453 2505 5535 priores
2532 5443 3138 5533 repeteret,pmcipit
3161 5453 3685 5536 egregie,eamque

3285 5757 3365 5822 40
