4060 6200
271 319 414 400 1261

1497 334 1684 406 VITA
1728 337 1788 406 S.
1838 334 2174 406 EPHR/EM
2221 336 2420 405 SYRI.

3393 301 3398 304 ’
3490 340 3642 410 1262

259 472 466 549 τόμως,
523 469 610 525 καὶ
651 474 876 525 τοσοῦτο
919 468 1076 527 αὒτὸν
1120 473 1154 539 ἡ
1203 478 1307 529 τῶν
1341 473 1724 552 ἐνθυμημάτων
1770 503 1887 537 συν-

1988 486 2108 539 tam
2140 475 2384 555 copiose
2411 481 2472 536 et
2491 481 2608 536 tam
2633 473 3016 537 vehementer
3039 475 3316 557 Ephrasm
3345 477 3643 540 ﬂuxerunt

258 559 421 640 έχεια
465 557 816 629 ἐπικλύζουσα
859 558 947 634 ἧν,
985 561 1058 625 ὡς
1091 560 1225 637 μηδὲ
1273 565 1372 631 τὴν
1423 563 1668 642 γλῶτταν
1709 572 1901 632 ἱκανῶς

257 647 409 729 ἔχειν
459 649 751 726 ὑπηρετεῖν
792 652 871 720 τῷ
920 649 1078 729 τάχει
1121 658 1227 709 τῶν
1279 654 1568 728 νοημάτων
1603 672 1616 687 ⁰
1664 658 1902 737 καίτοιγε

254 739 475 814 τοιαύτῃ
508 737 860 817 κεχρημένην
892 739 1068 816 εὐροίᾳ
1101 743 1218 819 περὶ
1247 743 1308 799 τὸ
1366 741 1565 821 λέγειν,
1613 748 1702 803 καὶ
1734 746 1900 812 οὕτως

252 829 576 904 ἑτοιμότατα
620 828 682 883 τὸ
731 830 918 894 νοηθὲν
961 827 1430 908 ἆπαγγέλλουσαν,
1477 835 1552 898 ὡς
1611 834 1782 910 μηδὲν
1825 840 1899 902 εἰς

251 918 458 997 τάχους
506 915 669 994 λόγον
725 917 892 984 αὐτὴν
952 917 1334 976 ἀπολείπεσθαι
1401 929 1508 979 τῶν
1552 923 1678 1002 παρ’
1710 924 1900 991 ἄλλοις

253 1008 664 1082 ἐνθυμημάτων,
725 1006 894 1064 "uate
947 1007 1196 1065 κάκεῖνον
1280 1009 1495 1089 λέγεταί
1553 1032 1686 1074 ποτε
1742 1017 1902 1096 φάναι

253 1099 387 1174 πρὸς
443 1097 535 1153 τὸν
583 1096 714 1154 Θεόν
748 1117 763 1132 ο
821 1096 1007 1172 ’Ἀνες,
1041 1098 1086 1154 ὦ
1118 1098 1385 1178 Δέσποτα,
1419 1108 1517 1172 τῆς
1552 1106 1777 1184 χάριτός
1808 1128 1902 1165 σου

253 1187 319 1242 τὰ
377 1185 610 1260 κύματα.
657 1187 793 1242 Ὑπὸ
842 1188 942 1264 γὰρ
986 1189 1084 1256 τὴν
1122 1189 1371 1268 γλῶσσαν
1423 1195 1457 1262 ἡ
1503 1200 1600 1262 τῆς
1643 1193 1902 1253 διδασκαο

255 1273 371 1337 λίας
430 1272 656 1340 ἄϐυσσος
712 1273 1096 1352 πελαγίζουσα,
1160 1279 1368 1358 στέγειν
1442 1284 1600 1340 αὐτὸν
1659 1289 1754 1343 οὐκ
1812 1286 1901 1342 εὶά

255 1362 468 1443 λοιπον,
501 1365 608 1422 τῶν
638 1365 770 1442 πρὸς
803 1366 864 1420 τὸ
917 1365 1093 1444 λέγειν
1145 1369 1384 1447 ὀργάνων
1430 1375 1525 1431 οὐκ
1569 1374 1899 1454 ὑπουργοῦν-

254 1475 382 1516 των.

365 1533 376 1554 ε
431 1541 446 1564 ,
549 1543 560 1562 ρ
763 1543 808 1578 η
901 1545 914 1562 ι
1040 1546 1051 1568 ι
1166 1571 1182 1584 ,
1215 1547 1238 1568 υ
1467 1552 1481 1569 κ
1587 1556 1602 1577 9
1648 1552 1667 1586 ξ
1794 1556 1808 1574 ν
1873 1555 1884 1571 ‘

333 1553 350 1600 ί
380 1589 395 1606 .
455 1553 730 1602 Επειιοπτε
757 1559 811 1600 οε.
835 1567 958 1609 τους
990 1545 1182 1625 λογου,
1216 1570 1390 1630 ετερον
1423 1575 1521 1627 μεν
1553 1551 1725 1633 ουδιν,
1761 1575 1901 1634 ευχη

1988 567 2210 629 fluenta
2259 564 2565 639 orationis,
2617 572 2677 626 et
2728 581 2860 625 eum
2910 572 3078 628 tanta
3127 575 3185 629 et
3232 567 3309 628 ita
3356 577 3644 649 perpetua

1987 655 2281 717 obruebat
2311 655 2402 716 vis
2433 652 2784 733 cogitarum,
2821 661 2885 715 ut
2915 672 3028 715 nec
3058 655 3201 716 satis
3234 656 3476 733 quidem
3508 665 3641 738 post

1987 753 2078 806 set
2101 745 2233 825 ejus
2253 743 2453 824 lingua
2473 743 2699 804 servire
2727 741 3020 804 celeritati
3052 762 3283 818 eorum,
3309 764 3442 826 quae
3472 746 3639 827 cogi-

1989 843 2162 908 tarat,
2197 831 2430 896 tametsi
2451 836 2582 911 ejus
2604 840 2728 894 erat
2753 839 2951 894 tantus
2975 833 3034 893 in
3059 832 3313 896 dicendo
3336 837 3555 912 ﬂuxus,
3579 847 3639 899 et

1988 931 2106 986 tam
2123 930 2398 1005 prompte
2414 921 2760 983 enuntiabat
2775 921 2834 982 id
2846 921 3028 1002 ,quod
3043 931 3243 985 mente
3254 935 3635 1005 conceperat,

1989 1021 2051 1075 ut
2081 1031 2200 1074 non
2235 1012 2431 1073 minus
2456 1009 2742 1072 celeriter
2773 1029 3054 1072 sermone
3086 1012 3438 1092 explicaret,
3459 1034 3635 1095 quam

1986 1101 2086 1164 alii
2137 1101 2491 1181 cogitarent.
2527 1099 2926 1172 Quamobrem
2983 1100 3203 1162 dicitur
3252 1103 3301 1164 is
3356 1104 3479 1166 Deo
3524 1105 3636 1166 ali-

1985 1191 2223 1272 quando
2255 1189 2477 1253 dixisse
2511 1207 2524 1252 :
2561 1188 2839 1261 Remitte,
2877 1208 2909 1250 o
2955 1189 3226 1263 Domine,
3286 1192 3473 1255 undas
3525 1202 3638 1256 tuae

1983 1283 2207 1360 gratiae.
2226 1282 2492 1361 Abyssus
2516 1279 2677 1342 enim
2700 1279 3010 1354 doctrinm,
3028 1299 3158 1360 quae
3184 1281 3439 1360 linguam
3463 1283 3637 1345 inun-

1984 1370 2183 1438 dabat.
2241 1391 2362 1433 non
2415 1370 2648 1434 sinebat
2675 1388 2810 1432 eum
2845 1369 3099 1450 amplius
3128 1371 3462 1449 continere,
3498 1392 3632 1436 cum

1984 1461 2057 1522 ad
2091 1461 2416 1524 dicendum
2451 1459 2700 1522 minime
2731 1459 3024 1522 servirent
3054 1460 3472 1524 instrumenta.

2066 1551 2139 1612 X.
2174 1551 2339 1612 Illius
2358 1560 2554 1613 autem
2583 1550 2913 1612 orationem
2941 1549 3089 1612 nihil
3113 1550 3271 1612 aliud
3303 1553 3630 1615 interrum-

249 1631 304 1689 δὲ
347 1635 488 1708 μόνη
525 1653 542 1670 ⁶
588 1636 674 1691 καὶ
719 1635 919 1704 ταύτην
960 1637 1024 1691 τὰ
1080 1635 1297 1716 δάκρυα.
1337 1641 1405 1698 Αἵ
1435 1664 1492 1698 τε
1525 1631 1719 1707 νύκτες
1741 1631 1887 1700 αῦτέαι

1986 1640 2161 1721 pebat
2184 1640 2296 1702 nisi
2316 1640 2611 1720 precatio:
2635 1658 2766 1700 eam
2783 1639 3451 1720 verolacrymae.Noctes
3463 1661 3627 1721 vero,

247 1730 614 1801 γρηγοροῦντα
671 1723 1210 1804 παραλαμϐάνουσαι,
1286 1731 1526 1810 νήφοντα
1603 1732 1765 1790 πάλιν
1821 1741 1887 1808 τιῖ

1982 1749 2113 1812 quae
2133 1731 2326 1809 ipsum
2359 1727 2735 1809 excipiebant
2753 1729 3116 1808 vigilantem,
3144 1730 3257 1791 luci
3282 1730 3398 1793 diei
3422 1751 3632 1794 rursus

243 1818 345 1922 τῆς
405 1814 611 1893 ἡμέρας
657 1814 800 1892 φωτῖ
848 1813 1217 1898 παρεδίδοσαν,
1263 1820 1358 1876 οἶα
1415 1823 1507 1877 τὸν
1553 1829 1642 1878 τοῦ
1672 1821 1887 1888 σκότους

543 1905 555 1922 .
667 1901 719 1922 ιιι
1006 1905 1019 1922 .
1150 1908 1163 1922 .
1366 1907 1462 1922 .,-
1598 1911 1611 1922 .
1661 1914 1670 1922 .
1746 1913 1771 1922 η

1979 1819 2312 1883 reddebant
2347 1817 2611 1880 sobrium
2641 1840 2652 1876 :
2681 1825 2744 1878 ut
2775 1819 2873 1898 qui
2898 1828 3220 1893 vereretur,
3254 1840 3328 1882 ne
3350 1821 3632 1901 princeps

245 1899 485 1983 ἄρχοντα
539 1901 908 1979 ὑπειδόμενον,
956 1905 1034 1980 μὴ
1078 1908 1165 1962 καὶ
1218 1907 1511 1966 καταλάϐοι
1558 1911 1714 1969 αὐτὸν
1744 1913 1887 1987 ὕπνῳ

1979 1909 2366 1973 tenebrarum
2384 1927 2518 1970 eum
2535 1925 2743 1969 somno
2758 1907 3106 1988 impeditum
3123 1899 3628 1989 deprehenderet,

244 1991 620 2068 πεπεδημένον
657 2008 669 2023 ⁸
731 1995 818 2050 καὶ
865 1991 949 2050 διὰ
978 2002 1135 2053 τοῦτο
1167 1998 1297 2071 πρὸς
1328 1999 1427 2066 τὴν
1461 1998 1646 2080 ἔφοδον
1691 2002 1887 2060 ἐκείνου

1979 2007 2037 2063 et
2069 2001 2202 2063 ideo
2235 1999 2497 2078 vigilaret
2533 1997 2816 2060 adversus
2858 1997 2987 2077 ejus
3017 1996 3298 2062 insultus.
3355 1998 3422 2060 Ei
3469 2001 3628 2062 enim

244 2084 604 2173 ξγρηγορότα,
683 2081 888 2148 ’Ύπνος
975 2085 1075 2161 γὰρ
1150 2087 1292 2160 αῦτῷ
1349 2092 1437 2145 καὶ
1499 2089 1614 2146 λίαν
1687 2092 1887 2173 βραχὺς

1980 2089 2316 2153 sufficiebat
2363 2106 2607 2150 somnus
2642 2087 2728 2150 vel
2757 2086 3167 2161 brevissimus,
3221 2096 3291 2148 ut
3338 2088 3439 2169 qui
3489 2096 3627 2152 eum

246 2170 482 2250 ἔξηρκει,
535 2173 974 2250 παραγ-ευόμενος
1029 2175 1214 2249 μόνον,
1275 2181 1370 2236 οὐκ
1409 2180 1481 2244 εἰς
1538 2179 1693 2256 κόρον
1752 2170 1887 2255 ualui

1981 2179 2175 2243 solum
2211 2178 2419 2242 leviter
2437 2186 2726 2256 gustaret,
2762 2195 2879 2238 non
2905 2183 3180 2238 uteretur
3204 2185 3400 2238 autem
3424 2178 3496 2240 ad
3529 2199 3628 2241 sa-

247 2261 532 2340 χρώμενος
568 2277 584 2291 ⁸
674 2262 762 2317 καὶ
847 2269 1125 2339 τοσοῦτος,
1183 2263 1309 2322 ὅσον
1367 2267 1528 2325 αὐτοῦ
1588 2267 1887 2347 διακρατεῖν

1983 2269 2272 2343 tietatem,
2293 2267 2398 2329 sed
2425 2275 2676 2341 tantum,
2704 2274 2984 2348 quantum
3019 2266 3160 2327 satis
3192 2274 3370 2342 esset,
3406 2267 3479 2328 ad
3513 2287 3626 2330 ne-

250 2350 554 2428 ἀναγκαίως
594 2350 692 2406 καί
741 2352 989 2431 συνέχειν
1019 2355 1080 2410 τὸ
1111 2359 1270 2430 σῶμα
1300 2369 1418 2420 τοῖς
1450 2356 1679 2422 πολλοῖς
1713 2358 1887 2438 ἱδρῶσι

1979 2359 2242 2422 cessario
2273 2355 2700 2420 continendum
2725 2373 2965 2436 corpus,
2990 2353 3152 2435 quod
3190 2353 3392 2418 multis
3425 2358 3626 2419 inten-

250 2440 336 2496 καὶ
382 2441 566 2506 πόνοις
609 2444 1078 2516 κατατεινόμενον.
1115 2440 1318 2502 Ἐποίει
1375 2447 1474 2525 γὰρ
1533 2448 1744 2527 φεόγειν
1792 2453 1887 2509 αὒ-

1981 2449 2230 2511 debatur
2255 2445 2576 2509 sudoribus
2607 2453 2666 2507 et
2694 2443 3022 2506 laboribus.
3076 2441 3150 2506 Ut
3179 2444 3339 2506 enim
3385 2445 3458 2508 ab
3493 2447 3626 2526 ejus

244 2539 339 2590 τοῦ
395 2531 518 2593 τοὺς
563 2529 864 2610 ὀφθαλμοὺς
895 2532 988 2586 τὸν
1022 2531 1211 2613 ὕπνον,
1247 2533 1424 2591 πολλά
1455 2537 1553 2611 μὲν
1598 2539 1684 2594 καὶ
1725 2536 1886 2612 ἄλλα,

241 2619 477 2695 μάλιστα
509 2617 564 2676 δὲ
593 2620 883 2699 χαμευνία,
917 2619 1322 2704 σλληραγωγία,
1361 2626 1446 2681 καὶ
1506 2627 1540 2694 ἡ
1572 2625 1888 2696 παντοδαπὴ

241 2715 334 2766 τοῦ
365 2712 614 2786 σώματος
647 2708 792 2778 τῆξις
827 2709 1030 2786 ἐκείνη,
1059 2714 1146 2770 καὶ
1177 2715 1442 2779 κάκωσις,

323 2885 443 2949 IA’.
501 2885 912 2960 Ἀκτημοσύνης
973 2887 1028 2946 δὲ
1087 2890 1341 2958 τοσοῦτος
1385 2893 1530 2967 αὖτῷ
1589 2894 1886 2976 συνελέχθη

237 2976 494 3055 πλοῦτος,
525 2976 663 3032 ὥστε
693 2979 779 3034 καὶ
811 2979 1050 3058 μάρτυρα
1080 2980 1171 3038 ὶπ⁹
1219 2987 1363 3056 αὐτῷ
1391 2985 1450 3040 τὸ
1480 2986 1682 3043 οἰκεῖον
1713 2987 1887 3062 στόμα

237 3063 594 3144 παραλαϐεῖν,
659 3068 747 3123 γαὶ
794 3068 861 3124 τὰ
923 3072 1054 3146 πρὸς
1096 3084 1218 3133 ταῖς
1279 3071 1540 3152 ἐσχάταις
1585 3075 1884 3140 ἀναπνοαῖς

240 3157 397 3215 αὑτοῦ
450 3155 689 3234 ῥήματα,
751 3176 826 3212 ων
882 3158 1028 3215 οὐδὲν
1080 3159 1533 3237 ἀξιοπιστότεόον,
1595 3164 1630 3232 ἢ
1681 3163 1879 3232 ἀληθέ-

1976 2537 2166 2600 oculis
2208 2537 2440 2616 fugeret
2482 2552 2751 2608 somnus,
2804 2533 3102 2596 faciebant
3148 2533 3388 2614 quidem
3445 2539 3626 2598 multa

1976 2629 2154 2692 etiam
2188 2627 2338 2703 alia;
2377 2625 2630 2688 maxime
2660 2633 2854 2687 autem
2889 2622 3320 2700 humicubatio,
3349 2626 3482 2687 vitae
3511 2645 3622 2688 au-

1974 2718 2234 2792 steritas,
2288 2715 2506 2796 illaque
2555 2715 2712 2777 varia
2742 2721 2800 2776 et
2833 2712 3138 2795 multiplex
3169 2715 3442 2794 corporis
3473 2734 3620 2778 con-

1974 2807 2234 2886 sumptio
2264 2812 2323 2866 et
2353 2803 2615 2868 atilictio.

2053 2895 2152 2959 XI.
2177 2893 2335 2956 Nihil
2361 2912 2499 2956 vero
2526 2891 2870 2975 possidendi
2894 2897 3068 2954 tantae
3090 2899 3226 2952 sunt
3246 2890 3321 2953 ab
3345 2910 3415 2955 eo
3441 2894 3622 2957 colle.

1971 2992 2080 3048 clm
2110 2983 2355 3055 divitiae.
2393 2985 2547 3045 utad
2580 2983 2639 3044 id
2664 2989 2999 3044 assumatur
3031 2979 3152 3042 oris
3186 2981 3312 3060 ejus
3347 2983 3619 3046 testimo-

1973 3075 2227 3150 nium,et
2246 3075 2572 3150 verbaquae
2592 3070 2663 3134 ab
2684 3089 2754 3133 eo
2777 3071 2934 3134 dicta
2957 3077 3094 3132 sunt
3114 3069 3174 3130 in
3198 3077 3464 3133 extremo
3488 3072 3620 3152 ejus

1967 3164 2204 3246 spiritu,
2230 3163 2450 3244 quibus
2477 3161 2626 3223 nihil
2648 3171 2738 3223 est
2762 3161 2880 3222 fide
2901 3159 3139 3238 dignius
3156 3169 3259 3220 aut
3281 3161 3497 3223 verius.
3516 3163 3615 3225 Sic

241 3267 448 3335 στερον.
480 3246 646 3326 ’Ἔχει
677 3244 731 3301 δὲ
762 3247 927 3335 οὕτως
964 3267 980 3284 ⁸
1014 3253 1124 3309 Οὐκ
1151 3249 1350 3330 ὑπῆρξε
1381 3275 1456 3326 τῳ
1483 3257 1726 3335 ‘Ecppa’t‘p.
1758 3279 1883 3314 ποτε

1979 3244 2168 3316 autem
2204 3253 2424 3315 habent
2455 3273 2469 3313 :
2507 3250 2780 3332 Ephraam
2814 3268 3118 3330 nunquam
3162 3248 3268 3310 fuit
3299 3268 3608 3329 crumena,

241 3333 550 3424 βαλάντιον,
599 3339 659 3394 οὒ
701 3332 913 3424 ῥέϐδος,
968 3340 1028 3396 οὔ
1084 3342 1252 3419 πήρα,
1308 3340 1425 3398 οὔτε
1476 3332 1584 3418 μὴν
1616 3345 1883 3424 ἀργύριον,

245 3422 364 3480 οὔτε
399 3425 615 3504 χρυσίον
649 3440 664 3456 ⁸
726 3422 878 3482 Ἀλλ’
923 3426 1039 3485 οὐδὲ
1081 3451 1200 3486 τινα
1244 3435 1434 3498 κτῆσιν
1477 3434 1564 3490 επὶ
1625 3422 1722 3502 τῆς
1783 3440 1886 3514 γῆς

244 3513 582 3604 ἐκτησάμην.
619 3520 721 3604 Τοῦ
762 3515 860 3593 γὰρ
917 3515 1116 3593 ἀγαθοῦ
1173 3520 1442 3586 Βασιλέως
1474 3521 1696 3598 ἤκουσα,
1731 3513 1885 3604 φησὶ,

243 3601 298 3661 ἐν
331 3617 446 3668 τοῖς
480 3603 825 3682 Εὖαγγελίοις
869 3619 985 3671 τοῖς
1019 3609 1207 3665 ἑαυτοῦ
1250 3614 1522 3685 μαθηταῖς
1567 3601 1886 3672 ἐπιτάττονέ-

240 3715 332 3760 τος
366 3713 379 3726 ·
441 3693 616 3760 Μηδὲν
647 3693 734 3750 ἐπὶ
775 3696 870 3761 τῆς
915 3698 1015 3773 γῆς
1049 3700 1321 3768 κτήσησθε
1351 3715 1365 3730 ⁶
1401 3701 1518 3758 ὅθεν
1551 3701 1668 3759 οῦδὲ
1702 3703 1884 3780 ἐμπα-

239 3786 343 3848 θῶς
402 3782 567 3862 ἔσχον
609 3805 659 3839 τι
694 3791 930 3845 τοιοῦτο.
979 3786 1160 3850 Οὕτως
1205 3787 1443 3847 ἐπείθετο
1475 3792 1646 3849 πάντα
1675 3796 1754 3867 τῷ
1786 3803 1882 3850 Δι-

239 3871 516 3948 δασκάλῳ,
550 3876 647 3930 καὶ
709 3875 960 3944 ζηλωτὴς
992 3873 1159 3940 ὅντως
1189 3881 1281 3936 καὶ
1316 3881 1561 3955 μιμητὴς
1591 3888 1698 3938 τῶν
1731 3884 1884 3960 πρώ-

233 3984 341 4019 των
372 3962 576 4020 ἑκείνου
608 3965 862 4038 μαθητῶν
892 3961 1180 4031 ὶδείκνυτο.

315 4051 422 4115 ω’,
459 4053 966 4133 Ταπεινοφροσύνην
1023 4053 1102 4131 δὲ,
1148 4059 1238 4114 καὶ
1297 4057 1579 4137 συντριϐὴν
1639 4059 1879 4142 καρδίας,

231 4145 318 4230 καὶ
363 4142 712 4220 μετριότητα,
746 4143 824 4208 τίς
886 4143 1026 4201 οὕτω
1077 4146 1240 4210 πολὺς
1296 4148 1404 4229 ἀεὶ,
1451 4152 1539 4206 καὶ
1567 4153 1758 4230 θερμὸς
1794 4155 1880 4210 καὶ

234 4229 530 4309 ἀκμαῖος,
590 4234 663 4294 ὡς
721 4231 920 4292 σποδὸν
991 4236 1092 4311 μὲν
1149 4238 1275 4294 ὡσεὶ
1335 4237 1492 4316 ἄρτον
1550 4229 1760 4317 ἐσθίειν,
1821 4243 1882 4299 τὸ

235 4319 389 4408 πόμα
537 4319 789 4408 κλαυθμῷ
838 4331 1146 4404 συγκιρνᾷν,
1210 4327 1298 4384 καὶ
1329 4330 1459 4408 πρὸς
1491 4329 1591 4405 μὲν
1635 4329 1883 4398 ἐπαίνους

236 4404 355 4463 λίαν
414 4407 647 4472 εὐλαϐῶς
685 4407 858 4489 ἔχειν,
906 4415 995 4470 καὶ
1033 4415 1153 4479 τοὺς
1202 4404 1572 4497 εὐφημοῦντας
1618 4422 1776 4478 αὐτὸν
1821 4422 1882 4478 οῦ

235 4497 400 4587 μόνον
459 4497 584 4576 οὐχὶ
641 4502 970 4582 προσίεσθαι,
1032 4503 1171 4561 ἀλλά
1253 4509 1339 4563 καὶ
1396 4510 1634 4587 φανερῶς
1694 4511 1880 4576 αὐτοῖς

1971 3363 2089 3407 non
2112 3343 2298 3421 virga,
2323 3362 2442 3405 non
2466 3359 2629 3424 pera,
2658 3359 2852 3421 neque
2874 3357 3106 3413 aurum,
3133 3357 3244 3400 nec
3263 3348 3610 3421 argentum.

1970 3433 2088 3497 Sed
2110 3452 2220 3495 nec
2239 3432 2299 3494 in
2321 3441 2477 3494 terra
2497 3431 2674 3492 ullam
2700 3429 2880 3491 habui
2901 3427 3364 3508 possessionem.
3382 3429 3615 3492 Bonum

1973 3523 2130 3585 enim
2159 3521 2382 3602 Regem
2408 3520 2632 3590 audivi,
2650 3519 2866 3599 inquit,
2894 3519 2955 3578 in
2979 3523 3102 3578 suis
3117 3515 3447 3596 Evangeliis
3471 3539 3618 3599 prte-

1970 3612 2296 3693 cipientem
2323 3609 2635 3690 discipulis
2655 3610 2716 3670 5:
2741 3607 2898 3668 Nihil
2928 3609 2984 3668 in
3015 3615 3172 3668 terra
3199 3609 3615 3686 possederitis.

1969 3700 2261 3774 Quocirca
2293 3717 2406 3762 nec
2437 3699 2752 3760 affectione
2793 3695 3032 3774 quidem
3068 3695 3183 3756 tale
3216 3696 3356 3774 quid
3411 3697 3614 3760 habui.

1969 3788 2058 3852 Ita
2093 3789 2377 3868 Magistro
2409 3785 2656 3869 parebat
2685 3786 2748 3846 in
2773 3783 3073 3860 omnibus,
3108 3791 3170 3845 et
3199 3801 3265 3843 se
3296 3801 3436 3847 vere
3458 3805 3617 3866 prae-

1969 3877 2099 3941 buit
2125 3877 2488 3941 imitatorem
2524 3874 2855 3956 primorum
2887 3872 3051 3935 illius
3085 3871 3550 3951 discipulorum.

2044 4057 2172 4123 Xll.
2208 4055 2272 4118 In
2307 4054 2652 4118 humilitate
2684 4062 2878 4116 autem
2915 4061 2972 4114 et
2996 4051 3196 4113 cordis
3220 4052 3611 4131 contritione,

1967 4155 2027 4210 et
2055 4145 2495 4221 moderatione,
2532 4144 2667 4226 quis
2696 4141 3091 4223 frequentius,
3127 4148 3226 4203 aut
3256 4148 3485 4220 acrius,
3517 4151 3618 4204 aut

1969 4235 2289 4316 perfectius
2320 4243 2411 4296 est
2442 4241 2714 4296 versatus
2741 4230 2766 4294 ?
2794 4230 2941 4292 adeo
2973 4237 3038 4292 ut
3073 4229 3339 4292 cinerem
3371 4231 3614 4311 quidem

1969 4332 2248 4406 tanquam
2280 4342 2498 4406 panem
2547 4320 2913 4396 comederet,
2965 4329 3170 4399 potum
3227 4329 3424 4382 autem
3477 4340 3613 4383 cum

1969 4415 2108 4478 ﬁctu
2143 4413 2450 4476 misceret.
2486 4413 2720 4475 Laudes
2749 4427 2891 4473 vero
2922 4407 3089 4471 valde
3131 4409 3385 4486 vitabat;
3419 4419 3478 4471 et
3510 4429 3613 4472 eos

1966 4504 2069 4586 qui
2092 4521 2230 4566 eum
2255 4501 2577 4564 laudabant
2601 4519 2722 4562 non
2745 4500 2936 4562 solum
2970 4517 3089 4561 non
3121 4498 3616 4576 admittebat,sed

235 4582 520 4676 ἄχθεσθαι,
551 4585 730 4676 ὥσπερ
762 4603 877 4655 τοῖς
935 4592 1284 4668 κωμῳδοῦσιν
1336 4582 1638 4676 ἕτερος-καί
1698 4597 1880 4656 λοιδο-

1979 4582 2055 4656 eis
2079 4592 2254 4654 etiam
2277 4598 2485 4672 aperte
2517 4589 2933 4664 succensebat,
2969 4597 3032 4650 ut
3061 4588 3214 4650 alius
3239 4588 3313 4649 iis
3343 4590 3442 4670 qui
3472 4589 3613 4651 irri-

237 4675 514 4754 ρουμένοις
551 4694 566 4710 ·
615 4675 850 4768 έρυθριᾷν
907 4702 988 4761 τε,
1051 4685 1137 4740 καὶ
1196 4685 1270 4748 εἷς
1329 4691 1432 4763 γῆν
1490 4685 1735 4768 βλέπειν,
1794 4690 1881 4746 καὶ

235 4765 412 4857 χρόαν
472 4765 570 4840 μὲν
619 4763 814 4857 ἄλλοτε
845 4767 1015 4838 ἄλλην
1045 4776 1144 4840 τῆς
1175 4773 1350 4848 ὅψεως
1384 4773 1624 4850 ἀμείϐειν
1660 4796 1672 4810 ⁸
1704 4763 1878 4857 ἱδρῶτι

232 4854 290 4911 δὲ
343 4853 527 4929 λεπτῷ
582 4856 886 4933 στάζεσθαι,
948 4862 1044 4917 καί
1088 4861 1369 4926 παντελῶς
1430 4863 1642 4945 ἄφωνον
1673 4853 1878 4942 μένειν,

231 4945 476 5021 καθάπερ
525 4948 623 5012 τῆς
651 4947 916 5035 αἰσχύνης
961 4951 1105 5026 αῦτῷ
1149 4953 1247 5020 τὴν
1302 4953 1484 5032 φωνὴν
1544 4957 1876 5035 ἐπεχούσης.

229 5035 334 5124 [sui
406 5040 561 5124 τοῦτο
643 5033 697 5090 δὲ
781 5041 881 5104 τῆς
935 5038 1145 5107 πολλῆς
1207 5045 1365 5101 αὐτοῦ
1424 5033 1878 5124 μετριοφροσύνης

225 5121 396 5183 ἴδιον.
459 5121 604 5192 ’Ἤδη
664 5125 766 5206 γὰρ
843 5126 1056 5203 μέλλων
1129 5130 1395 5211 ἀπαίρειν,
1456 5121 1676 5192 τοιαῦτα
1746 5137 1882 5212 μετὰ

223 5213 460 5294 σφοδρᾶς
523 5213 890 5292 ἐπιτιμήσεως
962 5221 1319 5291 επισκήπτων
1384 5221 1449 5290 ἧν
1485 5241 1502 5260 ⁶

225 5305 380 5381 ᾆσμα
435 5305 528 5361 Eni
575 5304 846 5386 Ἐφρα³ιμ,
892 5308 991 5365 καὶ
1021 5308 1432 5388 ἑγκωμιάσητε,
1467 5313 1546 5389 μὴ
1590 5312 1880 5373 πολυτελεῖ

228 5392 498 5482 evertam
556 5394 855 5477 ἱματισμῷ,
904 5398 980 5474 μὴ
1035 5397 1139 5472 ἰδίᾳ
1190 5406 1267 5474 τῷ
1319 5400 1527 5476 σώματί
1570 5425 1672 5480 μου
1715 5405 1882 5482 τάφον

232 5480 557 5560 ἐργάσησθε.
617 5485 788 5564 Λόγον
834 5487 934 5567 γὰρ
987 5485 1106 5566 ἔχω
1155 5488 1292 5564 μετὰ
1357 5495 1514 5566 Θεοῦ,
1573 5480 1884 5560 «otiosam

312 5646 346 5696 5
376 5642 581 5705 Matth.
615 5660 677 5722 x,
704 5645 744 5706 9
775 5669 792 5722 ;
825 5645 971 5713 Luc.
1005 5663 1086 5727 Ix,
1120 5647 1180 5712 3.

1963 4683 2112 4746 dent
2129 4692 2185 4745 et
2202 4679 2536 4746 maledictis
2553 4681 2972 4761 insequuntur;
2989 4677 3375 4742 erubesceret
3388 4688 3611 4756 autem,

1963 4781 2022 4835 et
2044 4781 2264 4834 terram
2290 4768 2614 4849 aSpiceret,
2652 4778 2710 4831 et
2731 4769 2927 4830 vultus
2957 4767 3222 4830 colorem
3255 4769 3402 4832 alias
3426 4769 3608 4831 alium

1967 4869 2264 4923 mutaret:
2290 4859 2455 4923 tenui
2480 4867 2677 4921 autem
2704 4859 2923 4921 sudore
2946 4856 3262 4934 diltlueret,
3281 4866 3342 4920 et
3368 4863 3613 4920 omnino

1965 4957 2166 5013 mutus
2197 4956 2490 5025 maneret,
2551 4947 2778 5028 pudore
2809 4949 2937 5029 ejus
2975 4963 3176 5008 vocem
3234 4947 3414 5008 veluti
3462 4950 3609 5008 reti-

1963 5038 2372 5104 nente.Porro
2396 5047 2593 5101 autem
2619 5039 2732 5100 hoc
2756 5055 2990 5119 quoque
3013 5042 3140 5098 erat
3161 5034 3470 5116 proprium
3496 5051 3616 5096 ma-

1963 5149 2095 5211 gnae
2117 5131 2249 5211 ejus
2272 5128 2668 5191 moderationi
2692 5137 2887 5209 atquae
2909 5124 3238 5188 modestiae.
3273 5123 3418 5187 Cum
3450 5123 3611 5186 enim

1567 5225 1656 5292 Μὴ
1714 5223 1878 5297 iam:
1957 5221 2084 5302 jam
2108 5227 2268 5284 esset
2288 5217 2580 5295 abiturus,
2608 5217 2733 5280 haec
2754 5235 2888 5279 cum
2925 5232 3134 5294 magna
3163 5213 3482 5276 mandabat
3513 5214 3612 5276 in-

1964 5301 2312 5394 crepatione
2379 5327 2394 5369 :
2470 5306 2559 5370 Ne
2631 5305 2925 5394 canticum
2997 5301 3341 5394 cecineritis
3432 5320 3615 5394 super

1964 5388 2263 5483 Ephraem,
2289 5413 2485 5478 neque
2518 5413 2656 5483 eum
2683 5390 3085 5458 laudaveritis.
3111 5388 3197 5454 Ne
3223 5409 3322 5455 me
3351 5393 3613 5483 pretiosa

1963 5482 2128 5555 veste
2157 5484 2500 5553 indueritis.
2545 5482 2631 5547 Ne
2661 5501 2933 5549 seorsum
2968 5498 3104 5545 meo
3137 5483 3376 5564 corpori
3408 5482 3610 5564 sepul-
