4060 6200
455 296 609 386 1263

1709 296 1994 380 MENsrs
2035 292 2543 381 FEBRUARiUS.
2590 302 2595 307 '

3671 308 3821 383 1264

457 471 627 518 crum
658 452 946 515 feceritis.
968 451 1152 516 Statui
1179 448 1366 525 enim,
1395 446 1519 511 Deo
1541 449 1797 525 volente,
1826 446 2090 510 habitare

2183 468 2249 521 με
2294 450 2386 504 σὺν
2446 463 2566 515 τοῖς
2614 449 2784 516 ξένοις
2818 464 2834 482 ⁸
2883 450 3053 516 Ξένος
3109 452 3242 531 ἐγὼ,
3293 453 3386 508 καί
3424 449 3823 532 παρεπίδημος,

458 563 593 608 cum
628 539 1376 625 peregrinis,Peregri'nus
1396 540 1561 601 enim
1584 557 1717 603 sum
1746 544 1802 601 et
1830 537 2095 611 advena,

454 639 617 698 sicut
646 649 855 695 omnes
880 638 1092 711 patres
1122 633 1244 693 mei
1271 629 1324 694 6.

532 721 687 786 XIII.
718 719 1111 800 Benignitatis
1135 726 1360 796 autem,
1393 727 1453 782 et
1473 719 1825 781 alendorum
1861 716 2098 778 mendi-

457 828 686 886 corum,
720 818 779 872 et
808 807 1240 872 misericordia)
1262 808 1323 870 in
1347 826 1643 890 pauperes
1665 815 1887 870 tantam
1908 805 2098 868 habe-

454 902 554 964 bat
582 900 908 974 rationem,
943 906 1002 961 et
1035 906 1260 961 tantam
1296 897 1535 960 illorum
1570 912 1772 961 curam
1805 897 2094 977 gerebat;

451 1000 515 1053 ut
535 988 818 1072 quoniam
845 1007 913 1050 ex
940 1007 1006 1050 se
1028 1006 1148 1051 non
1172 985 1452 1063 habebat,
1477 987 1633 1070 quod
1659 988 1744 1049 eis
1767 984 2102 1067 impertiret

447 1078 776 1163 (quomodo
800 1077 960 1140 enim
986 1076 1514 1159 haberet,quiipse
1539 1074 2101 1159 quoquelaborabat

449 1169 651 1250 inopia
675 1186 876 1230 rerum
902 1169 1312 1230 necessarium
1327 1165 1395 1240 ί),
1414 1167 1572 1248 quod
1597 1165 1790 1227 solum
1814 1162 2093 1239 habebat,

449 1279 520 1323 eo
552 1256 831 1320 utebatur
857 1256 931 1319 ad
964 1274 1171 1318 eorum
1207 1255 1492 1317 salutem:
1523 1263 1581 1318 et
1602 1272 1734 1317 cum
1756 1253 1975 1333 linguae
1995 1271 2098 1315 sa-

451 1350 672 1430 pientia
701 1358 762 1410 et
782 1345 1177 1426 intelligentia
1199 1344 1401 1407 multis
1422 1345 1667 1407 divitum
1694 1351 1754 1408 et
1778 1362 2015 1405 manum
2039 1351 2099 1404 et

453 1440 683 1502 viscera
714 1443 773 1499 et
802 1436 1019 1498 horrea
1048 1434 1404 1517 aperuisset,
1440 1435 1682 1515 copiose
1712 1453 1821 1516 per
1850 1452 1919 1494 ea
1948 1450 2093 1511 sup-

452 1527 756 1611 peditabat
785 1523 1123 1604 egentibus.
1155 1522 1285 1586 Non
1310 1524 1502 1586 solum
1530 1530 1687 1585 enim
1717 1530 1945 1605 poterat
1968 1522 2097 1611 eius

452 1610 655 1682 sermo
682 1615 920 1678 mollire
951 1623 1009 1675 et
1035 1615 1381 1676 demulcere
1404 1614 1657 1687 animos,
1679 1622 1738 1675 et
1759 1631 1878 1674 moi
1895 1629 1999 1673 ere
2021 1610 2094 1671 ad

454 1706 960 1780 misericordiam,
994 1704 1100 1766 sed
1133 1704 1225 1765 vel
1259 1703 1389 1784 ipse
1443 1712 1723 1778 asriectus
1769 1711 1829 1763 et
1860 1719 2093 1763 morum

2182 537 2357 602 καθὼς
2403 540 2598 603 πάντες
2631 542 2678 598 οἷ
2710 541 2935 621 πατέρες
2967 564 3089 619 μου.

2265 716 2377 781 ΙΓ¹,
2437 717 2846 798 Φιλανθρωπίας
2896 719 2972 795 δὲ,
3026 721 3114 777 καὶ
3143 721 3583 800 πτωχοτροφίας,
3615 721 3827 775 καὶτοῦ

2183 807 2316 883 πρὸς
2371 807 2495 871 τοὺς
2554 808 2792 876 πένητας
2822 809 3010 867 οἴκτου
3053 817 3307 873 τοσοῦτος
3335 811 3478 881 αυτῷ
3507 807 3695 887 λόγος,
3731 808 3825 863 καί

2182 894 2322 952 οὕτω
2369 902 2470 973 τῇς
2532 895 2749 954 ἐκείνων
2805 898 3089 978 ἀντείχετο
3118 898 3470 976 προστασίας,
3502 902 3576 960 ὼς
3610 896 3830 974 ἐπείπερ

2182 983 2396 1042 οἴκοθεν
2428 986 2522 1043 οὒκ
2554 988 2682 1067 εἶχε
2733 986 3070 1063 μεταδιδόναι
3107 986 3289 1061 (πόθεν
3326 1006 3343 1060 ;
3371 987 3429 1053 ὃς
3459 1007 3521 1065 γε
3549 988 3640 1044 καὶ
3666 988 3827 1049 αὐτὸς

2180 1074 2372 1154 ἠπόρει
2416 1079 2524 1132 τῶν
2582 1076 2908 1154 ἀναγκαίων)
2965 1077 2997 1134 ὃ
3046 1077 3210 1153 μόνον
3271 1080 3423 1157 εἶχε,
3487 1083 3645 1133 τοῦτο
3689 1076 3829 1154 πρὸς

2180 1165 2280 1228 τὴν
2335 1166 2509 1222 auter
2539 1164 2809 1245 ἐκέχρητο
2841 1167 3108 1247 σωτηρίαν
3140 1182 3156 1198 ⁶
3191 1167 3278 1223 καὶ
3319 1172 3387 1242 τῇ
3427 1166 3525 1234 τῆς
3567 1165 3826 1244 γλώττης

2180 1253 2335 1334 σοφία
2391 1257 2480 1311 καὶ
2537 1257 2605 1331 τῇ
2648 1255 2879 1332 συνέσει,
2939 1256 3188 1338 πολλοῖς,
3261 1262 3366 1313 τῶν
3414 1253 3678 1312 πλουσίων
3733 1255 3826 1311 καί

2180 1358 2372 1423 χεῖρα,
2432 1347 2520 1401 καί
2564 1343 2881 1425 σπλάγχνα,
2929 1349 3017 1403 καὶ
3047 1358 3297 1422 ταμιεῖα,
3326 1368 3495 1426 φημι,
3528 1344 3821 1419 διανοίξας,

2178 1434 2418 1514 ἀφθόνως
2464 1433 2534 1491 δι’
2578 1437 2750 1492 αὐτῶν
2793 1436 3051 1515 ἐχορήγει
3094 1449 3214 1499 τοῖς
3245 1433 3540 1509 δεομένοις.
3569 1428 3670 1492 Ἦν
3713 1436 3824 1513 γὰρ

2179 1526 2284 1603 οἰχ
2342 1526 2370 1580 6
2412 1522 2573 1602 λόγος
2617 1524 2709 1582 τοῦ
2751 1523 2936 1604 ἀνδρὸς
2993 1525 3155 1598 μόνον
3186 1525 3306 1587 οἶος
3344 1526 3525 1604 ψυχὰς
3554 1523 3819 1599 μαλάξαι,

2180 1617 2273 1670 καί
2305 1619 2521 1681 κινῆσαι
2569 1616 2697 1685 πρὸς
2728 1614 2906 1695 ἔλεον,
2939 1614 3077 1671 ἀλλὰ
3127 1616 3216 1671 καὶ
3264 1614 3400 1681 αὑτὴ
3435 1617 3470 1682 ἡ
3516 1615 3664 1690 ὄψις,
3717 1612 3822 1669 καί

2177 1705 2240 1760 τὸ
2297 1710 2389 1761 τοῦ
2437 1703 2593 1771 ἤθους
2641 1703 2876 1768 ἐπιεικές
2923 1724 2981 1761 τε
3030 1706 3118 1760 καὶ
3153 1704 3366 1780 μέτριον
3404 1720 3418 1735 ⁸
3463 1702 3730 1767 πολλακις
3763 1700 3823 1759 δὲ

451 1796 810 1859 moderatio.
847 1792 1015 1874 Saepe
1046 1802 1244 1855 autem
1278 1793 1375 1854 vel
1405 1795 1599 1873 ipsum
1634 1791 1826 1853 solum
1883 1808 2087 1871 respe-

2178 1796 2264 1851 καὶ
2315 1796 2443 1853 αὐτο
2484 1796 2576 1850 τὸν
2620 1793 2817 1871 βλέψαι
2859 1806 2983 1858 ταῖς
3030 1796 3133 1850 τῶν
3178 1792 3355 1849 ἄλλων
3399 1797 3607 1874 ψυχαῖς
3635 1793 3823 1849 ἱκανὸν

445 1885 629 1961 xisse,
660 1884 901 1946 suffecit
928 1882 1178 1944 aliorum
1200 1881 1417 1942 animis
1442 1881 1514 1942 ad
1538 1879 2087 1961 compunc'tionem.

446 1976 524 2039 Et
552 1982 689 2036 sunt
722 1974 849 2035 haec
878 1970 1122 2053 quidem
1157 1970 1523 2048 hujusmodi,
1558 1979 1616 2031 et
1661 1988 1793 2051 qua
1817 1970 1890 2032 ad
1921 1986 2090 2031 sum-

448 2081 609 2125 mum
643 2062 840 2125 omnis
868 2059 1100 2123 virtutis
1128 2060 1213 2122 sic
1245 2067 1569 2123 venerunt.

523 2152 676 2216 XIV.
711 2150 855 2231 Ejus
883 2167 1033 2212 vero
1062 2167 1133 2213 ex
1160 2151 1285 2213 Deo
1306 2149 1444 2226 zeli,
1472 2160 1528 2211 et
1555 2164 1783 2222 eorum,
1811 2166 1961 2230 quos
1983 2168 2091 2231 pro

443 2251 608 2306 recta
629 2240 750 2304 ﬁde
771 2239 1062 2321 suscepit,
1087 2240 1397 2315 sudorum,
1427 2247 1566 2301 sunt
1585 2239 1769 2301 multa
1799 2239 1915 2300 alia
1936 2257 2089 2320 quo-

444 2351 560 2418 que
584 2328 829 2394 indicia.
861 2328 1030 2403 Quod
1050 2338 1245 2392 autem
1279 2347 1439 2391 nunc
1470 2327 1733 2409 suggerit
1764 2327 2089 2390 dicendum

445 2422 659 2495 oratio,
691 2429 748 2483 et
772 2418 846 2481 ad
868 2418 1032 2501 quod
1051 2419 1166 2481 fert
1187 2418 1471 2498 deinceps
1493 2419 1923 2499 consequentia
1946 2435 2090 2480 nar-

440 2511 713 2588 rationis,
735 2517 825 2571 est
842 2509 1109 2571 omnium
1133 2508 1459 2569 maximum
1483 2515 1542 2568 et
1555 2507 2088 2587 jucundissimum.

442 2599 532 2663 Ita
556 2606 755 2663 autem
782 2599 984 2662 habet.
1007 2596 1394 2678 Apollinaris,
1421 2596 1522 2678 qui
1546 2596 1605 2657 in
1629 2597 1812 2658 altum
1845 2596 2088 2678 quidem

441 2691 680 2753 locutus
702 2697 814 2763 est,
832 2695 889 2749 et
913 2686 1229 2748 meditatus
1251 2703 1517 2765 magnam
1540 2685 1917 2767 iniquitatem
1937 2706 1953 2763 ;
1970 2704 2095 2747 om-

444 2786 540 2843 nia
558 2797 699 2842 vero
729 2777 1009 2841 etfacere
1034 2785 1092 2837 et
1113 2776 1319 2838 dicere
1344 2773 1642 2836 didicitad
1666 2782 1826 2836 recta
1850 2793 2093 2856 perver-

442 2870 626 2933 tenda
648 2869 950 2948 dogmata,
975 2884 1108 2928 cum
1134 2866 1294 2928 circa
1316 2872 1546 2927 rectam
1570 2865 1748 2927 ﬁdem
1775 2865 1960 2926 multa
1988 2864 2089 2926 in-

446 2968 747 3033 novasset,
777 2965 836 3018 et
857 2957 1012 3017 sicut
1037 2954 1491 3035 engastrimythi
1527 2963 1586 3017 et
1618 2956 1716 3035 qui
1745 2971 1957 3016 eterra
1984 2973 2091 3016 vo-

442 3067 574 3112 cem
600 3047 810 3121 edunt,
848 3056 913 3106 ut
941 3054 1109 3107 recte
1135 3044 1212 3107 de
1246 3048 1319 3105 iis
1353 3062 1565 3123 magno
1596 3044 1829 3106 videtur
1853 3043 2019 3105 Isaae
2034 3045 2087 3119 7,

2176 1886 2307 1959 πρὸς
2365 1883 2667 1950 κατάνυξιν.
2751 1885 2847 1940 Καὶ
2918 1891 3081 1941 ταῦτα
3149 1883 3246 1959 μὲν
3305 1882 3367 1945 δὴ
3424 1904 3666 1958 τοιαυτα,
3731 1883 3822 1938 καὶ

2175 1973 2342 2039 οὕτως
2375 1976 2448 2037 είς
2479 1975 2541 2030 τὸ
2574 1971 2868 2038 ἀκρότατον
2898 1974 3115 2040 ἀπάσης
3149 1973 3341 2051 ἀρετῆς
3374 1972 3663 2051 ἀφιγμένα.

2256 2142 2367 2217 Μ’,
2431 2161 2532 2212 Τοῦ
2590 2150 2645 2210 δὲ
2706 2151 2843 2210 κατᾶ
2900 2153 3033 2209 Θεὸν
3073 2150 3262 2226 ζήλου,
3296 2154 3387 2210 καὶ
3418 2157 3528 2208 τῶν
3555 2150 3687 2230 ὑπὲρ
3713 2155 3822 2216 τῆς

2173 2240 2466 2321 ὁρθοδοξίας
2508 2242 2742 2315 ἱδρώτων
2790 2241 2965 2299 πο)λᾶ
3014 2242 3111 2318 μὲν
3140 2243 3299 2299 αὖτοῠ
3329 2243 3418 2298 καὶ
3448 2240 3585 2299 ἄλλα
3614 2241 3819 2320 γνωρί-

2175 2318 2374 2405 σματα.
2407 2318 2472 2389 ⁸⁸Ο
2524 2330 2579 2388 δὲ
2625 2340 2711 2388 νῦν
2764 2333 2791 2388 6
2821 2330 2982 2410 λόγος
3014 2333 3188 2387 εἰπεῖν
3214 2318 3652 2411 61r05élhr,_&¢i
3680 2318 3816 2407 πρὸς

2173 2420 2201 2476 ὃ
2232 2420 2376 2500 φέρει
2419 2420 2609 2478 λοιπὸν
2664 2423 2699 2489 ἡ
2757 2420 3044 2479 ἀκολουθία
3085 2426 3177 2477 τοῦ
3222 2417 3582 2498 διηγήματος,
3648 2420 3813 2497 μέγιο

2175 2532 2296 2567 στον
2356 2510 2607 2568 ἕαπάντων
2687 2511 2774 2566 καὶ
2830 2510 3208 2589 χαριέστατον.
3269 2509 3434 2588 ’Ἔχει
3489 2509 3544 2566 δὲ
3616 2509 3811 2574 οὕτως,

2173 2597 2606 2677 Ἀπολλινάριος,
2667 2601 2694 2656 6
2751 2598 2961 2667 πολλὴν
3017 2599 3114 2674 μὲν
3178 2602 3252 2666 είς
3295 2602 3357 2657 τὸ
3414 2600 3552 2675 ὕψος
3604 2598 3813 2656 ἀδικίαν

2175 2688 2417 2759 λαλήσας
2475 2691 2563 2746 καὶ
2621 2687 2947 2763 μελετήσας,
3006 2690 3182 2746 πάντα
3253 2689 3307 2746 δὲ
3354 2692 3450 2747 καί
3492 2703 3671 2746 ποιεῖν
3722 2691 3812 2746 καὶ

2175 2778 2353 2857 λέγειν
2409 2778 2495 2835 ἐπὶ
2551 2776 2840 2858 διαστροφῇ
2888 2784 2994 2836 τῶν
3027 2780 3192 2857 ὀρθῶν
3243 2777 3527 2859 δογμάτων
3556 2782 3810 2853 μεμαθη-

2174 2871 2305 2938 κὼς,
2353 2867 2530 2926 πολλὰ
2586 2870 2706 2947 περὶ
2759 2869 2857 2936 τὴν
2915 2867 3093 2937 ἀληθῆ
3150 2870 3327 2926 πίστιν
3385 2868 3805 2944 γαινοτομήσας,

2174 2961 2309 3016 κατὰ
2366 2959 2490 3022 τοὺς
2548 2958 3023 3040 ἐγγαστριμύθους,
3080 2960 3172 3017 καὶ
3224 2959 3346 3026 τοὺς
3390 2959 3497 3017 ἀπὸ
3553 2963 3651 3025 τῆς
3706 2963 3810 3036 γῆς

2173 3054 2500 3126 φωνοῦντας,
2588 3049 2663 3111 ὡς
2746 3046 2926 3113 καλῶς
3002 3050 3078 3122 τῷ
3154 3047 3377 3126 μεγάλῳ
3436 3048 3552 3125 περὶ
3608 3047 3812 3104 τούτων

441 3138 677 3199 locutus
701 3142 951 3209 esset,et
975 3153 1043 3195 ea
1066 3131 1299 3195 duobus
1315 3132 1484 3194 libris
1497 3133 2089 3213 composuisset,cre-

2178 3138 2374 3194 Ἠσαΐα
2427 3135 2601 3213 δοκεῖ,
2638 3137 2725 3193 καὶ
2767 3135 2874 3195 ἀπὸ
2918 3136 3221 3213 θελήματος
3272 3137 3469 3194 οἰκείου
3511 3135 3813 3219 φθεγξάμε-

442 3226 530 3290 dit
555 3225 794 3288 cuidam
824 3222 1396 3303 mulieri,quaaillius
1409 3223 1608 3284 animo
1630 3221 1944 3286 dicebatur
1965 3241 2087 3285 ser-

441 3322 560 3376 vire
578 3328 628 3375 et
644 3315 1197 3388 voluptatibus.Cum
1213 3317 1321 3372 hoc
1335 3331 1472 3388 ergo
1487 3316 1783 3373 didicisset
1802 3317 2086 3388 Ephrem,

443 3410 504 3465 et
535 3419 665 3464 eam
721 3418 848 3462 rem
885 3417 1019 3462 esse
1052 3399 1453 3461 existimasset
1485 3399 1942 3462 convenientem
1974 3399 2091 3464 sibi

440 3491 818 3554 venationem
842 3506 959 3551 non
980 3489 1178 3551 levem
1200 3488 1441 3571 quidem
1466 3488 1765 3564 illam,sed
1790 3508 1921 3570 quae
1939 3509 2088 3571 opus

449 3581 846 3643 haberetarte
872 3587 931 3641 et
953 3578 1542 3661 sapientia,suscipit
1567 3597 1885 3659 personam
1911 3581 2089 3643 unius

446 3688 517 3733 ex
548 3670 623 3731 iis
653 3669 756 3751 qui
787 3668 998 3731 eadem
1034 3687 1166 3750 qua:
1200 3668 1300 3730 ille
1330 3667 1633 3732 sentiebat
1663 3676 1721 3731 et
1749 3670 1984 3733 accedit
2012 3671 2085 3733 ad

438 3760 748 3822 custodem
808 3758 1121 3834 librorum,
1157 3758 1370 3838 partim
1405 3757 1648 3838 quidem
1699 3763 1752 3821 ei
1817 3760 2085 3839 eulogias

437 3850 700 3912 atterens
723 3866 796 3910 ex
821 3848 1162 3922 solitudine,
1192 3849 1402 3926 partim
1423 3855 1622 3910 autem
1645 3866 1710 3911 se
1735 3849 2002 3912 artitiose
2022 3850 2083 3911 in

439 3938 1043 4001 mulierisinsinuans
1070 3937 1555 4013 familiaritatem,
1584 3946 1649 4001 ut
1682 3956 1816 4019 quas
1847 3957 2084 4001 morum

439 4028 705 4106 magistri
729 4045 860 4090 cum
890 4045 995 4090 ero
1021 4027 1264 4088 haberet
1295 4027 1666 4093 societatem.
1702 4026 1847 4092 Cum
1882 4038 2082 4092 autem

439 4117 493 4179 ei
513 4135 694 4180 scena
716 4124 880 4177 recte
903 4134 966 4177 se
992 4115 1264 4197 haberet,
1287 4133 1339 4178 et
1379 4126 1547 4179 actus
1577 4116 2002 4193 simulationis,
2030 4128 2090 4181 et

440 4210 688 4268 omnino
711 4207 837 4287 jam
868 4207 982 4268 sibi
1020 4207 1419 4286 persuasisset
1450 4209 1691 4286 mulier,
1725 4227 1864 4271 eum
1913 4209 2091 4291 plane

439 4315 572 4359 esse
595 4296 955 4375 discipulum
985 4296 1433 4375 Apollinaris,et
1453 4299 1711 4379 ejus,qui
1740 4297 1899 4362 circa
1919 4299 2085 4361 illum

2173 3246 2284 3305 νος,
2314 3226 2403 3283 καὶ
2451 3236 2618 3285 ταῦτα
2675 3224 2787 3283 δυσὶ
2834 3223 3062 3303 βιϐλίοις
3106 3224 3385 3299 συντάξας,
3452 3228 3665 3305 γυναικί
3718 3249 3812 3283 πι-

2171 3316 2342 3372 στεύει
2400 3317 2527 3391 τινὶ,
2588 3318 2625 3385 ἢ
2683 3321 2753 3393 τῇ
2794 3315 2995 3373 ἐκείνου
3038 3316 3231 3395 γνώμῃ
3274 3318 3365 3374 καὶ
3418 3329 3546 3379 ταῖς
3595 3315 3815 3385 ἡδοναῖς

2171 3403 2438 3462 δουλεύειν
2495 3404 2732 3485 ἐλέγετο,
2791 3405 2957 3464 Τοῦτο
2984 3406 3074 3464 οὖν
3106 3408 3290 3483 μαθὼν
3319 3409 3348 3464 6
3407 3405 3677 3487 'Ecppa’tp,
3722 3405 3813 3462 καί

2171 3496 2386 3574 θήραμα
2414 3496 2616 3553 οἰκεῖον
2643 3495 2786 3554 εῖναι
2812 3496 2875 3552 τὸ
2906 3502 3130 3576 πρᾶγμα
3156 3497 3377 3573 νομίσας
3437 3498 3544 3577 οὐχ
3585 3494 3804 3571 ἁπλοῦν,

2171 3583 2308 3640 ἀλλὰ
2351 3584 2556 3664 τέχνης
2612 3583 2867 3659 δεόμενον
2908 3587 3000 3643 καὶ
3042 3586 3254 3666 σοφίας,
3290 3599 3639 3666 προσωπεῖον
3700 3587 3811 3652 ἑνὸς

2168 3674 2462 3755 ὑπέρχεται
2520 3680 2626 3732 τῶν
2685 3676 2751 3730 τὰ
2807 3675 3009 3732 ἐκείνου
3058 3674 3411 3755 φρονούντων,
3473 3678 3561 3733 καί
3596 3681 3668 3754 τῇ
3706 3681 3807 3732 τῶν

2170 3763 2382 3822 έιόλίων
2444 3762 2638 3844 φύλακι
2685 3767 2930 3842 πρόσεισι
2968 3782 2983 3797 ⁸
3037 3764 3195 3823 τοῦτο
3231 3762 3352 3841 μὲν,
3400 3764 3647 3844 εὖλογίας
3677 3766 3805 3841 αὖτῇ

2167 3852 2322 3921 δῆθεν
2351 3853 2458 3911 ἀπὸ
2490 3858 2588 3921 τῆς
2616 3852 2819 3932 ἐρήμου
2847 3854 3081 3930 κομίζων
3117 3871 3134 3888 ⁸
3185 3861 3340 3912 τοῦτο
3371 3853 3450 3928 δὲ,
3480 3857 3570 3913 καὶ
3599 3856 3809 3913 οἱκειῶν

2168 3945 2357 4001 ἑαυτὸν
2409 3944 2679 4025 εὖτέχνως
2718 3945 2849 4024 πρὸς
2883 3945 2981 4012 τὴν
3012 3957 3264 4023 γυναῖκα,
3300 3945 3389 4003 καὶ
3412 3946 3646 4016 συνήθης
3676 3947 3807 4020 αὐτῇ

2168 4036 2474 4114 γινόμενος,
2526 4034 2764 4111 καθάπερ
2827 4036 3109 4092 κοινωνίαν
3170 4034 3377 4112 ἐχούσῃ
3458 4037 3591 4114 πρὸς
3653 4036 3810 4094 αὐτὸν

2174 4124 2259 4180 καὶ
2312 4124 2528 4201 τρόπων
2568 4123 2657 4179 καὶ
2701 4120 3042 4187 διδασκάλου.
3097 4123 3253 4181 Ἐπεί
3304 4122 3360 4179 δὲ
3423 4126 3511 4181 καὶ
3552 4126 3589 4192 ἦ
3633 4124 3810 4192 σκηνὴ

2169 4210 2350 4276 καλῶς
2409 4212 2571 4293 εἶχεν
2624 4213 2767 4286 αὐτῷ
2817 4214 2904 4269 καὶ
2959 4214 3022 4269 τὸ
3076 4210 3251 4290 δρᾶμα
3304 4215 3407 4281 τῆς
3460 4212 3815 4293 ὑποκρίσεως,

2170 4303 2258 4359 καὶ
2317 4299 2576 4359 πέπειστο
2631 4300 2736 4369 ἤδη
2781 4300 3058 4368 παντελῶς
3101 4304 3136 4371 ἡ
3188 4302 3323 4381 γυνὴ
3376 4303 3625 4378 μαθητήν
3658 4303 3819 4361 αὐτὸν

437 4395 588 4456 erat,
642 4386 809 4448 chori
867 4385 1230 4466 impietatis;
1285 4395 1452 4465 rogat
1502 4387 1842 4463 mulierem,
1880 4396 1943 4449 ut
1973 4389 2086 4452 sibi

434 4474 656 4582 dentur
672 4476 895 4582 scripta
915 4475 1278 4555 magistri,ut
1302 4476 1513 4576 possit,
1541 4478 1699 4540 sicut
1721 4477 2085 4553 aiebat,cum

2178 4483 2271 4549 τῆς
2328 4476 2569 4542 ἀσεϐείας
2641 4485 2833 4559 χοροῦ,
2895 4476 3070 4536 δέεται
3126 4481 3250 4558 περὶ
3296 4480 3403 4538 τῶν
3458 4479 3657 4558 βίϐλων
3712 4484 3813 4547 τῆς

434 4563 734 4626 haereticis
788 4565 893 4646 (ita
948 4583 1059 4626 nos
1085 4583 1325 4640 vocans,
1360 4564 1463 4646 qui
1517 4575 1746 4646 partem
1780 4567 2090 4647 sequimur

2178 4570 2444 4649 γυναικὸς,
2477 4567 2615 4625 ὥστε
2646 4565 2864 4636 δοθῆναι
2910 4568 3054 4643 αὖ)τῷ
3089 4570 3155 4626 τὰ
3184 4578 3276 4629 τοῦ
3321 4567 3643 4627 διδασκάλου
3674 4590 3810 4647 συγ-

435 4654 862 4735 orthodoxam)
893 4652 1073 4715 facile
1092 4653 1402 4733 congredi.
1430 4653 1541 4715 Illa
1566 4656 1953 4729 tero,callida
1976 4656 2089 4718 hac

2178 4659 2483 4738 γράμματα,
2529 4657 2675 4721 ὅπως
2726 4656 2875 4737 ἔχοι,
2926 4659 3108 4739 φὴσὶν,
3139 4672 3260 4724 τοῖς
3293 4659 3585 4737 αἱρετικοῖς
3620 4658 3814 4739 (οὕτως

444 4750 572 4803 arte
598 4750 657 4804 et
681 4740 975 4823 probabili
1000 4747 1264 4805 inescata
1292 4744 1548 4819 ratione,
1573 4750 1629 4804 et
1663 4743 1848 4808 libros
1879 4745 2086 4823 tradit,

2178 4751 2313 4821 ἡμᾶς
2343 4749 2466 4812 τοὺς
2524 4748 2621 4813 τῆς
2675 4745 2949 4829 ὀρθοδόξου
2995 4748 3185 4828 μοίρας
3213 4747 3523 4829 ἀποκαλῶν)
3572 4753 3813 4814 εὐπετῶς

447 4838 675 4895 tantum
711 4830 918 4894 dicens
951 4839 1014 4892 ut
1042 4832 1085 4893 ii
1116 4833 1235 4894 cito
1267 4831 1381 4893 sibi
1412 4832 1844 4898 redderentur.

2178 4835 2306 4916 ἕγαν
2338 4836 2760 4912 συμπλέκεσθαι.
2792 4826 2857 4893 Ἠ
2888 4835 2944 4893 δὲ
2978 4840 3048 4915 τῇ
3078 4826 3216 4917 σοφῇ
3243 4839 3413 4915 ταύτῃ
3469 4826 3560 4895 καὶ
3611 4842 3813 4916 πιθα.νῇ

442 4922 613 5003 τέχνῃ
665 4920 1007 4980 δελεασθεῖσα
1066 4922 1352 5003 ἐγχειρίζει
1407 4925 1501 4988 τὰς
1555 4924 1764 5001 βίκλους
1818 4927 1982 5008 αὐτῷ,
2017 4928 2248 5009 ταχινὴν
2307 4929 2467 5005 μόνον
2518 4928 2739 4984 είποῦσα
2793 4928 3035 5005 γενέσθαι
3085 4927 3241 4985 πάέιν
3296 4932 3473 4988 αὐτῶν
3521 4929 3623 4998 τὴν
3674 4929 3815 4986 ἂνά-

433 5009 603 5076 δοσιν,

510 5103 637 5169 XV.
663 5104 818 5169 Hinc
838 5112 1034 5168 autem
1061 5122 1309 5185 magnus
1331 5105 1534 5179 Jacob,
1563 5125 1695 5168 cum
1720 5108 1830 5172 hac
1850 5111 2086 5175 ratione

2246 5110 2353 5172 IE’.
2414 5101 2472 5169 Ὀ
2523 5108 2705 5186 μέντοι
2756 5109 2926 5189 μέγας
2986 5108 3187 5169 Ἰακὼϐ
3226 5112 3395 5178 οὕτως
3439 5115 3530 5172 τὸν
3579 5112 3821 5192 βέϐηλον

433 5196 748 5272 profanum
806 5195 1252 5277 supplautasset
1285 5194 1463 5271 Esau,
1500 5204 1558 5258 et
1591 5198 1891 5263 scelerata
1924 5202 2085 5265 illius

2178 5205 2332 5280 ταύτῃ
2384 5198 2665 5278 πτερνίσας
2715 5204 2908 5276 Ἡσαῦ,
2978 5203 3173 5258 καὶτὰ
3231 5205 3443 5282 πονηρὰ
3495 5204 3821 5283 πρωτότοκα

431 5284 832 5364 improbitatis
852 5285 1255 5366 primogenita
1274 5284 1589 5349 fuissentsi
1611 5287 2083 5372 credita,magno

2178 5301 2264 5363 τῆς
2294 5292 2498 5350 ἐκείνου
2529 5291 2718 5356 κακίας
2749 5288 3135 5372 ἐγχειρισθείς,
3170 5291 3404 5358 ἐπέξεισι
3431 5294 3687 5375 γενναίως
3717 5295 3820 5352 τὸν

428 5382 486 5463 et
507 5374 644 5437 forti
665 5376 869 5437 animo
887 5375 1077 5435 virum
1100 5375 1532 5438 exsecrandum
1547 5375 2087 5458 aggreditur,et,ut

2178 5383 2465 5460 ὶλιτήριον,
2524 5380 2614 5436 καὶ
2673 5380 2733 5436 τὸ
2793 5387 2887 5439 τοῦ
2944 5380 3129 5463 λόγου,
3192 5383 3421 5441 παλαύει
3479 5383 3656 5448 καλῶς
3713 5383 3825 5453 τὴν

425 5461 915 5546 dicitur,vulpem
935 5463 1183 5544 pulchre
1203 5464 1609 5543 decipit.Vide
1624 5466 1785 5529 enim
1802 5468 1952 5533 mibi
1972 5471 2085 5534 viri

2178 5472 2447 5535 ὶλώπεκα,
2498 5469 2627 5550 Ὀρα
2671 5471 2772 5551 γάρ
2821 5495 2915 5549 μοι
2956 5481 3053 5531 τοῦ
3096 5461 3263 5556 σι.φοῦ
3288 5476 3389 5545 τὴν
3421 5474 3680 5557 ἐπίνοιαν,
3722 5478 3827 5534 καὶ

2172 4391 2317 4448 εἶναι
2399 4395 2581 4469 σαφῶς
2643 4389 3070 4470 ’ΛπολΑιναρίου,
3149 4394 3238 4447 καὶ
3293 4399 3387 4449 τοῦ
3426 4392 3547 4469 περὶ
3604 4391 3813 4448 ὲκεῖνον

503 5650 537 5703 6
566 5650 728 5714 Psal.
764 5667 1004 5733 xxxvnt,
1035 5650 1132 5715 13.
1215 5654 1245 5704 7
1273 5652 1411 5717 Isai.
1446 5672 1604 5731 χχιι,
1638 5656 1700 5721 4.

3984 5142 3999 5253 l

3976 5758 3999 5965 ί

3984 5974 3999 6019 1
