4060 6200
265 324 421 419 i265

1483 332 1672 399 VITA
1714 332 1779 400 S.
1826 331 2164 399 EPHB/EM
2209 330 2408 399 SYRI.

3485 332 3507 397 1
3520 328 3639 399 266

266 464 415 532 ὅπως
472 463 823 535 τηλικαύτην
860 469 1046 548 ψυχῆς
1115 468 1413 537 σκαιότητα
1483 470 1582 526 καί
1639 468 1904 529 ποικιλίαν

2000 463 2276 548 sapientis
2303 464 2702 540 inventum,et
2724 462 3228 544 quemadmodum
3254 470 3369 527 tam
3407 466 3638 546 impro-

260 557 697 637 κατασοφίζεται.
757 558 830 617 Τό
897 558 997 633 μὲν
1066 561 1155 617 οὖν
1224 561 1357 638 πρὸς
1416 558 1605 639 λόγους
1659 561 1912 640 χωρῆσαι

259 646 350 702 καὶ
411 645 717 719 ἀντιθέσεις,
752 648 839 704 καὶ
880 646 1126 727 γλῶτταν
1173 649 1359 716 αὐτοῖς
1417 649 1724 730 ἐπαφεῖναι,
1759 648 1913 706 λῦσαι

261 734 434 791 πάντα
495 736 582 792 καὶ
645 736 943 814 ἀνατρέψαι
1016 735 1133 794 λίαν
1189 739 1424 818 εὐχερῶς
1474 736 1795 814 δυναμένην,
1853 741 1915 797 οῦ

261 822 399 881 πείνυ
458 826 751 905 πρόχειρον
809 826 875 894 ἦν
935 828 1078 902 αὖτῷ
1134 824 1272 884 ἀλλά
1314 830 1401 885 καὶ
1458 828 1656 908 χρόνου
1712 837 1914 908 συχνοῦ

262 911 514 988 δεόμενον
563 916 651 971 καί
696 913 885 978 πόνου.
947 926 1113 976 Τοῦτο
1142 915 1199 973 δὲ
1244 911 1347 976 τοῦ
1375 925 1561 997 καιροῦ
1613 923 1911 984 τηνικαῦτα

261 1004 341 1076 μὴ
412 1004 800 1082 ἑπιτρέποντος
863 1004 1133 1084 (ἐπέκειτο
1190 1008 1291 1085 γὰρ
1361 1009 1396 1075 ἡ
1468 1008 1602 1086 γυνὴ
1673 1006 1909 1087 σφοδρῶς

258 1092 559 1150 ἀπαιτοῦσα
615 1094 706 1159 τὰς
778 1091 1046 1176 βίϐλους),
1091 1095 1178 1153 ἐπ’
1252 1096 1423 1164 ἀλλην
1484 1095 1734 1159 τρέπεται
1794 1119 1911 1154 τινα

256 1184 541 1263 μηχανὴν,
604 1184 739 1240 πολὺ
796 1184 889 1240 σῦν
957 1190 1037 1257 τῷ
1092 1185 1254 1264 τάχει
1318 1188 1407 1243 καὶ
1477 1188 1540 1244 τὸ
1596 1184 1910 1264 δραστήριον

257 1269 506 1349 ἔχουσαν.
550 1271 877 1338 Ἀιαπτύξας
929 1275 1031 1353 γὰρ
1063 1275 1129 1331 τὰ
1183 1272 1390 1351 βιϐλία,
1425 1274 1519 1332 καί
1551 1280 1659 1332 τῶν
1700 1273 1911 1354 φύλλων

258 1360 482 1418 ἕκαστον
547 1360 760 1443 διελὼν,
819 1363 1001 1442 ἰχθύος
1063 1385 1122 1420 τε
1165 1363 1339 1442 κόλλῃ
1408 1367 1470 1422 τὸ
1533 1371 1638 1423 πᾶν
1709 1364 1911 1427 ἴκανῶς

259 1448 563 1529 διαχρίσας,
611 1451 737 1509 εἶτα
779 1453 999 1532 θάτερον
1046 1453 1249 1531 θάτερῳ
1291 1455 1618 1530 συμπτύξας,
1653 1453 1750 1512 καί
1805 1453 1911 1527 μέ-

261 1561 355 1619 χρι
387 1539 591 1598 πολλοῦ
618 1545 688 1618 τῇ
718 1542 860 1622 χειρὶ
904 1548 1069 1600 ταῦτα
1097 1543 1313 1623 συσχών
1371 1566 1429 1600 τε
1457 1544 1545 1600 καὶ
1573 1542 1906 1624 ἐπισφίγξας,

261 1629 334 1691 ὡς
380 1628 436 1685 ἓν
466 1626 641 1686 πάντα
698 1632 945 1707 γενέσθαι
1000 1637 1069 1708 τῇ
1127 1636 1260 1712 πρὸς
1301 1632 1513 1701 ἄλληλα
1567 1632 1755 1713 σχέσει
1825 1634 1913 1688 καὶ

258 1720 536 1798 συναφείᾳ,
595 1719 682 1781 καὶ
756 1717 886 1787 μηδ’
953 1720 1132 1800 ἕτερον
1203 1729 1298 1779 τοῦ
1349 1723 1526 1800 ἐτέρου
1596 1721 1912 1779 διασπᾶσθαι

1996 554 2138 618 bum
2169 563 2225 619 et
2264 564 2378 618 tam
2413 555 2637 616 varium
2670 552 2886 615 callide
2912 554 3067 615 fallit
3097 554 3386 617 animum.
3422 556 3640 619 Venire

1997 644 2239 720 quidem
2284 643 2356 705 ad
2388 641 2808 723 diSputandum
2842 652 2905 704 et
2950 642 3398 722 opponendum,
3432 653 3492 706 et
3519 644 3640 708 lin-

1992 750 2169 811 guam
2198 733 2283 794 eis
2314 730 2660 805 immittere,
2695 748 2828 811 qum
2855 731 3054 792 omnia
3088 731 3257 793 facile
3293 742 3492 810 posset
3513 733 3639 796 sol-

1995 839 2137 884 vere
2166 829 2225 883 et
2254 828 2672 896 evertere,non
2696 828 2821 882 erat
2844 820 2899 881 ei
2923 819 3242 884 admodum
3266 820 3635 901 expeditum:

1997 911 2102 973 sed
2154 910 2216 972 in
2267 910 2443 989 longo
2474 929 2625 991 Opus
2677 908 2937 971 habebat
2992 920 3259 990 tempore
3304 920 3363 972 et
3407 910 3635 973 labore.

1994 1002 2138 1063 Cum
2165 1008 2362 1061 autem
2389 999 2447 1060 id
2470 999 2668 1061 facere
2693 1018 2811 1061 non
2838 1000 3211 1080 permitteret
3232 999 3642 1081 opportunitas

1994 1087 2266 1167 (urgebat
2316 1088 2475 1150 enim
2532 1087 2775 1160 mulier,
2809 1087 2994 1149 libros
3024 1089 3415 1151 vehementer
3459 1107 3639 1169 repe-

1995 1184 2176 1257 tens),
2212 1176 2579 1240 convertitur
2609 1177 2683 1238 ad
2740 1177 3058 1258 quamdam
3104 1177 3277 1238 aliam
3329 1178 3639 1239 machina-

1997 1266 2247 1343 tionem,
2283 1285 2415 1347 qum
2441 1284 2572 1328 cum
2607 1266 2909 1328 celeritate
2934 1284 3203 1345 magnam
3236 1265 3493 1329 habebat
3523 1269 3639 1327 vim

1996 1368 2055 1419 et
2087 1356 2438 1419 efﬁcaciam.
2472 1353 2619 1418 Nam
2649 1375 2786 1417 cum
2818 1355 3003 1418 libros
3032 1357 3406 1437 explicasset,
3439 1366 3495 1419 et
3545 1356 3639 1417 fo—

1995 1444 2211 1508 liorum
2262 1444 2726 1526 unumquodque
2756 1445 3076 1519 divisisset,
3111 1445 3459 1526 ichtyocolla
3497 1445 3641 1508 satis

1996 1534 2341 1597 universum
2390 1534 2687 1608 illivisset,
2722 1544 2778 1596 et
2825 1534 3042 1597 deinde
3073 1553 3205 1597 cum
3237 1535 3423 1599 altero
3469 1553 3639 1596 com-

1998 1625 2301 1706 plicasset,
2334 1632 2395 1686 et
2424 1642 2495 1687 ea
2527 1622 2629 1685 diu
2662 1642 2840 1685 manu
2872 1623 3326 1687 constrinxisset
3352 1643 3423 1686 ac
3466 1641 3638 1685 com-

1998 1712 2337 1794 pressisset,
2370 1713 2521 1775 adeo
2571 1722 2865 1774 utmutua
2919 1713 3078 1774 inter
3107 1732 3172 1774 se
3222 1712 3643 1793 conjunctione

256 1805 523 1882 δύνασθαι,
604 1808 640 1877 ἢ
714 1811 960 1868 ὁπωσοῦν
1031 1810 1485 1889 ἀποῤῥήγνυαθαι,
1557 1817 1627 1887 τῇ
1696 1808 1913 1889 γυναικί

2000 1803 2192 1863 omnia
2229 1820 2409 1862 unum
2444 1803 2680 1874 ﬂerent,
2714 1810 2773 1863 et
2806 1810 3081 1863 neutrum
3113 1812 3315 1883 posset
3342 1802 3416 1864 ab
3454 1801 3642 1864 altero

256 1895 603 1960 ἀποδίδωσιν.
672 1889 734 1955 Ἠ
794 1896 849 1954 δὲ
905 1898 1274 1974 ἀπολαμϐάνει
1320 1907 1505 1973 ταῦτα,
1541 1898 1710 1974 μηδὲν
1751 1921 1911 1976 περι-

2000 1891 2221 1963 divelli,
2255 1899 2353 1952 aut
2382 1891 2926 1971 quomodocunque
2976 1891 3278 1971 abrumpi,
3312 1910 3413 1953 eos
3445 1890 3645 1952 reddit

260 1986 623 2063 εργασομένη,
685 1986 815 2063 μηδ’
868 1988 1227 2061 ἀναπτύξασα,
1289 1988 1431 2056 πλὴν
1495 1989 1681 2067 ὅτιπερ
1750 1991 1911 2066 ὑγιῶς

260 2076 424 2152 εἶχον
470 2076 534 2132 τὰ
589 2075 713 2151 ἔξω,
744 2087 903 2137 τοῦτο
961 2079 1124 2152 μόνον
1180 2077 1266 2136 ἐπ’
1323 2081 1510 2142 αὐτοῖς
1569 2079 1910 2156 ἀρκεσθεῖσα.

262 2164 465 2238 Χρόνον
521 2164 620 2240 μὲν
649 2165 740 2222 οῦν
764 2165 903 2223 οὕτω
946 2168 1065 2224 τινὰ
1106 2180 1338 2247 κατεῖχε
1392 2171 1487 2232 τὰς
1517 2166 1729 2245 βίϐλους
1788 2164 1909 2244 παρ’

260 2254 445 2329 ἑαυτῇ,

372 2322 452 2353 μὶο
534 2332 559 2354 ν

347 2335 471 2407 ις’.
534 2335 765 2393 Ἔπειτα
833 2335 1083 2394 καλεῖται
1147 2338 1244 2413 μὲν
1314 2338 1417 2394 ὑπὸ
1469 2344 1574 2395 τῶν
1629 2335 1913 2414 όρθοδόξων

266 2420 697 2501 Ἀπολλινέριος.
755 2432 858 2484 T03
888 2430 1026 2484 θείου
1074 2425 1127 2482 δὲ
1176 2427 1332 2485 τοῦτο
1377 2429 1640 2504 Ἐφρα³ιμ,
1672 2429 1761 2483 καὶ
1814 2431 1913 2493 τῆς

264 2510 350 2567 διὰ
410 2514 635 2588 Χριστὸν
681 2515 995 2595 εὖμηχάνου
1022 2518 1111 2573 καὶ
1161 2516 1416 2584 ὀξυτάτης
1462 2519 1646 2595 ψυχῆς
1706 2513 1912 2579 ὶιιείνης

264 2598 535 2670 ὅποϐολή·
593 2601 707 2682 ᾔδει
738 2605 838 2682 γὰρ
893 2607 920 2662 ὁ
964 2606 1102 2663 κατά
1130 2607 1236 2662 τῶν
1293 2606 1520 2664 ἀνοσίων
1549 2605 1764 2662 huiva
1818 2602 1915 2660 καί

262 2695 473 2770 μιαρῶν
515 2689 712 2769 βίϐλων
769 2692 1046 2772 εἴργαστο.
1105 2694 1363 2754 Καλεῖται
1422 2698 1593 2752 τοίνυν
1652 2692 1915 2751 ’.Απολλι-

264 2781 476 2859 νάριος,
512 2785 584 2846 ὡς
645 2788 722 2855 τῷ
752 2784 976 2859 γενναίῳ
1010 2785 1284 2862 προστάτῃ
1327 2790 1419 2842 τοῦ
1449 2784 1623 2860 Λόγου
1674 2781 1913 2848 διαλεξό-

263 2892 451 2946 μενος,
511 2862 570 2930 Ὀ
601 2873 654 2927 δὲ
703 2874 792 2929 καὶ
823 2874 964 2951 γήρᾳ
1006 2871 1142 2941 ἤδης
1188 2875 1276 2930 καὶ
1319 2888 1439 2939 τοῖς
1497 2873 1557 2930 ἐκ
1598 2879 1691 2931 τοῦ
1733 2874 1915 2951 γήρως

263 2961 485 3021 xiv.va
527 2974 746 3033 κακοῖς,
790 2963 947 3024 αὐτὸς
992 2965 1091 3036 μὲν
1143 2963 1481 3042 ἀπηγόρευκε
1512 2963 1612 3030 τὴν
1663 2960 1911 3028 διάλεξιν

265 3051 412 3115 εόθυς
472 3048 528 3106 δὲ
562 3052 692 3123 πρὸς
723 3051 819 3113 τὰς
878 3053 1100 3115 οἰκείους
1132 3050 1324 3128 ἔϐλεψε
1354 3049 1593 3131 ϐίϐλους,
1636 3053 1725 3109 καὶ
1781 3052 1915 3109 ταύ-

263 3161 360 3203 τας
405 3143 549 3214 αὖτῷ
605 3144 924 3215 κομισθῆναι
990 3143 1341 3219 προσπάττει’
1417 3143 1569 3200 αὗται
1641 3142 1741 3219 γάρ
1799 3163 1889 3217 μοι

1868 3190 1913 3248 .”
1935 3194 1977 3246 C

1999 1981 2264 2045 mulieri.
2318 1979 2421 2043 Illa
2455 1999 2592 2043 vero
2627 1998 2731 2042 eos
2760 1980 2976 2061 recipit
3024 1979 3171 2042 nihil
3204 1999 3477 2061 quaerens
3508 1998 3640 2040 am-

1998 2070 2178 2150 plius,
2231 2089 2427 2151 neque
2475 2088 2580 2133 eos
2629 2070 2956 2151 explicans,
3008 2068 3151 2131 satis
3196 2069 3425 2132 habens
3481 2069 3641 2150 quod

1995 2169 2162 2223 recte
2213 2179 2280 2223 se.
2310 2159 2599 2223 haberent
2631 2160 3023 2222 extrinsecus.
3056 2159 3273 2240 Aliquo
3306 2176 3447 2238 ergo
3496 2169 3644 2221 tem-

2000 2268 2142 2331 pore
2167 2250 2255 2312 sic
2288 2250 2472 2312 libros
2502 2249 2656 2330 apud
2687 2267 2753 2311 se
2786 2250 3053 2312 retinuit.

2056 2338 2447 2400 XVI.Deinde
2469 2348 2710 2400 vocatur
2729 2338 2972 2418 quidem
3001 2343 3073 2399 ab
3094 2338 3443 2400 orthodoxis
3463 2337 3643 2416 Apol-

1998 2428 2205 2490 linaris
2231 2449 2245 2492 :
2279 2430 2391 2489 hoc
2422 2437 2622 2488 autem
2672 2438 3048 2505 suggesserat
3073 2436 3314 2507 propter
3342 2426 3640 2489 Christum

1996 2518 2340 2581 acutissima
2362 2527 2420 2579 et
2444 2516 2924 2597 ingeniosissima
2943 2514 3213 2596 Ephrem
3245 2516 3467 2590 anima;
3484 2514 3644 2577 scieo

1999 2607 2099 2669 bat
2119 2607 2455 2688 enim,quid
2486 2606 2725 2669 fecisset
2746 2606 2807 2667 in
2830 2604 2967 2666 illos
2990 2605 3210 2686 impios
3231 2614 3289 2666 et
3319 2623 3644 2668 exsecrari»

2002 2698 2109 2758 dos
2136 2695 2345 2759 libros:
2372 2704 2618 2758 vocatur
2641 2713 2778 2774 ergo
2801 2694 3480 2775 Apollinaris,tanquam
3506 2712 3641 2756 cum

1999 2786 2238 2865 egregio
2269 2785 2451 2848 Verbi
2494 2786 2815 2846 defensore
2842 2784 3278 2864 disputaturus.
3311 2783 3419 2847 llle
3446 2793 3641 2845 autem

1993 2877 2117 2956 jam
2149 2885 2208 2938 et
2224 2883 2533 2938 senectute
2554 2882 2612 2936 et
2635 2876 2959 2936 senectutis
2984 2873 3154 2936 malis
3175 2873 3646 2947 defessus,recu-

1998 2964 2145 3029 sevit
2171 2964 2414 3045 quidem
2450 2964 2580 3045 ipse
2609 2963 2909 3025 disserere
2943 2983 2958 3024 :
2996 2964 3194 3025 statim
3228 2981 3365 3025 vero
3391 2963 3463 3024 ad
3504 2979 3646 3025 suos

1999 3053 2189 3116 libros
2216 3058 2501 3134 respexit,
2537 3060 2593 3114 et
2618 3071 2720 3114 eos
2741 3052 2812 3114 ad
2843 3070 2910 3113 se
2940 3052 3162 3115 deferri
3190 3052 3495 3133 praecepit.
3529 3051 3649 3132 Ipsi

2002 3144 2163 3207 enim
2193 3142 2590 3223 mihi,inquit,
2618 3139 3558 3222 subministrabunt.quaacunque
3580 3157 3650 3201 os

266 3228 455 3308 φησίν,
492 3228 591 3286 ὅσα
640 3230 729 3286 καὶ
763 3230 936 3304 στόμα
964 3234 1042 3305 τῷ
1089 3230 1255 3309 λογῳ,
1288 3230 1713 3300 διακονῆσουσιν.
1746 3231 1914 3306 Ἀμέ-

2001 3234 2435 3297 orationi.Cum
2468 3250 2538 3295 ex
2572 3231 2743 3294 libris
2764 3230 2962 3312 itaque
2981 3230 3238 3311 cepisset
3259 3229 3650 3306 aiterum,ille

254 3318 338 3376 λει
386 3320 472 3376 καὶ
515 3324 622 3375 τῶν
671 3317 869 3395 βίϐλων
916 3320 1014 3389 τὴν
1065 3322 1249 3399 ἑτέραν
1306 3318 1508 3401 λαϐὼν,
1543 3323 1571 3378 ὀ
1624 3321 1722 3397 μὲν
1779 3322 1915 3378 ἀνα-

254 3408 509 3465 πτύσσειν
573 3406 763 3487 αὐτὴν,
826 3411 945 3487 περί
1015 3411 1177 3475 αὖτάς
1248 3432 1350 3467 που
1409 3412 1506 3477 τὰς
1564 3410 1738 3490 ἀρχὰς
1814 3415 1913 3478 τῆς

259 3501 574 3576 συγγραφῆς
637 3498 775 3572 μετά
832 3496 1034 3555 πολλοῦ
1090 3506 1181 3557 τοῦ
1232 3500 1573 3579 φρονήματος
1631 3500 1904 3577 ἐπειρᾶτο,

257 3579 350 3651 Ὠς
411 3584 458 3642 δ’
515 3584 621 3666 οὔχ
663 3586 928 3656 ὑπήκουεν
980 3587 1157 3655 ἒκιίνη
1204 3590 1266 3646 τὸ
1315 3589 1593 3667 παράπαν,
1639 3586 1755 3645 οῦδὲ
1803 3595 1910 3645 τῶν

255 3675 466 3757 φύλλων
528 3678 646 3732 τινά
702 3674 980 3751 διεσπᾶτο,
1036 3677 1156 3733 ἀλλ’
1184 3679 1398 3747 ⁸ἑαυτῆς
1454 3679 1648 3758 εἴχετο
1706 3676 1911 3752 μᾶλλον

257 3768 495 3843 καθάπερ
539 3764 594 3821 ἓν
637 3770 796 3840 σῶμα
839 3766 1195 3846 γεγενομὲνη,
1243 3768 1369 3845 περῖ
1422 3767 1489 3824 τά
1533 3766 1669 3841 μέσα
1710 3767 1909 3834 ταύτης

259 3851 587 3929 μετίϐαινεν,
643 3854 794 3914 Ἐπεὶ
849 3853 902 3911 δέ
960 3857 1225 3914 κάνταῦθα
1276 3854 1602 3935 διημάρτανε
1650 3858 1756 3914 τῶν
1814 3856 1909 3912 ἐλ-

258 3942 447 4018 πίδων,
484 3945 581 4013 τὴν
633 3946 887 4012 τοιαύτην
936 3942 1118 4022 βίϐλον
1163 3945 1336 4025 ἀφεὶς,
1384 3944 1756 4021 μετελάμϐανε
1814 3946 1914 4013 τὴν

260 4034 469 4112 ἑτέραν,
533 4026 625 4099 Ὧς
683 4034 739 4091 δὲ
800 4036 1021 4102 κάκείνη
1071 4035 1260 4093 λοιπὸν
1318 4037 1448 4116 εἶχε
1502 4035 1911 4112 παραπλησίως,

256 4122 552 4202 ἀδιαίρετός
612 4147 672 4182 τε
727 4125 793 4193 ἧν
853 4126 987 4191 αὐτὴ
1035 4126 1252 4204 ἑαυτῆς,
1297 4128 1385 4183 καὶ
1443 4125 1718 4191 παντελῶς
1762 4123 1917 4183 ἀδιά-

259 4235 489 4292 σπατος,
551 4216 625 4274 εἰς
682 4213 892 4281 πολλὴν
952 4215 1218 4278 καταστὰς
1280 4215 1524 4295 ἀπορίαν,
1573 4214 1762 4273 σκότου
1820 4216 1918 4283 τὴν

262 4303 449 4381 ψυχὴν
523 4302 845 4379 πληρωθεὶς,
909 4306 1009 4361 Imb
1080 4311 1174 4360 τοῦ
1244 4304 1341 4373 τῆς
1414 4305 1637 4378 ἀθυμίας
1708 4305 1917 4370 ἒκείνης

263 4394 350 4447 καὶ
420 4391 517 4458 τῆς
564 4393 824 4471 αἰσχύνης
882 4394 1113 4471 ἰλίγγου,
1155 4396 1245 4451 καὶ
1301 4394 1375 4458 ὡς
1449 4395 1567 4470 περὶ
1624 4396 1700 4467 τῷ
1761 4393 1914 4449 πάθει

262 4482 666 4558 παρατῖιαπεὶς,
753 4481 1000 4556 ἀναπηδᾷ
1082 4491 1178 4541 τοῦ
1263 4482 1571 4562 σύνεδρίου,
1659 4482 1915 4562 κατέχειν

264 4570 453 4626 ἑαυτὸν
519 4569 655 4635 ὅλως
729 4570 947 4635 δυνατὸς
1020 4577 1115 4632 οὒκ
1184 4572 1280 4630 ὤν’
1345 4575 1433 4630 καὶ
1486 4572 1664 4653 τέλος,
1738 4577 1915 4635 κακῶς

265 4656 561 4715 ἀπόλλῦται
619 4662 819 4736 καρπὸν
882 4667 986 4716 τῶν
1045 4664 1251 4719 οἰκέίων
1314 4663 1514 4737 πόνων,
1576 4663 1662 4719 καὶ
1720 4659 1919 4739 βίϐλων

268 4747 486 4821 ἀμήσας
515 4748 763 4809 θάνατον.
800 4756 1053 4812 Τοιοῦτος
1104 4750 1167 4819 ἧν
1199 4754 1287 4809 καὶ
1320 4754 1346 4807 ὁ
1376 4750 1508 4829 ὑπὲρ
1558 4758 1786 4828 Χριστοῦ
1815 4757 1918 4822 ζῆ-

269 4836 386 4902 λος.
425 4836 695 4916 Ἐιξραῖιθ
727 4841 824 4894 καὶ
854 4837 1020 4906 οὕτως
1052 4842 1126 4904 εἰς
1157 4840 1257 4908 τὴν
1298 4841 1499 4899 ἐκείνου
1531 4840 1714 4919 ψυχὴν
1757 4839 1922 4917 ἀρετὴ

268 4932 414 4984 πᾶσα
469 4926 784 5006 πεφύτευτο,
818 4926 956 4985 ὥστε
1008 4930 1192 5007 πηγὴν
1254 4927 1315 4984 ἀν
1359 4930 1436 4994 τίς
1494 4929 1660 4996 αὐτὴν
1703 4928 1922 4992 εἰκότως

266 5014 513 5073 καλέσειε
574 5014 942 5079 παντοδαποῖς
998 5019 1193 5092 νάμασι
1251 5019 1537 5096 βρύουσαν,
1588 5017 1619 5087 ἢ
1683 5017 1923 5075 λειμῶνα

266 5106 535 5168 ποικίλοις
571 5104 746 5162 ἄνθεσι
778 5108 866 5163 καὶ
886 5105 1060 5183 ῥόδοις
1094 5114 1368 5183 κομῶντα,
1402 5108 1435 5177 ἢ
1465 5110 1554 5166 καὶ
1584 5108 1803 5185 οὐρανὸν
1836 5106 1922 5163 ἐπὶ

263 5202 366 5274 γῆς
398 5194 563 5253 ἄλλον
607 5198 685 5261 τῷ
714 5196 821 5251 τῶν
852 5195 1087 5275 ἀστέρων
1120 5196 1313 5268 πλήθει
1343 5198 1600 5253 πάντοθεν
1632 5195 1919 5254 ποικιλλό-

268 5305 451 5347 μενονο
487 5287 532 5340 εἰ
553 5284 733 5361 βούλει
758 5283 839 5364 δὲ,
863 5284 958 5341 καί
984 5285 1324 5360 παράδεισον,
1351 5287 1469 5343 οἷον
1489 5289 1581 5342 τὸν
1614 5287 1709 5353 τῆς
1732 5284 1920 5366 Ἐδὲμ,

271 5374 480 5435 ἀκούεις
512 5372 847 5449 ἀκμάζοντα,
878 5377 967 5431 καὶ
994 5374 1212 5453 φαιδρὸν
1243 5375 1353 5454 ἀει,
1383 5374 1472 5431 καὶ
1502 5373 1772 5450 μηδέποτε
1813 5397 1922 5450 μα-

275 5464 611 5537 ραινύμενοΨ
648 5463 785 5519 ἀλλά
815 5477 1007 5544 φυτοῖς
1060 5463 1348 5543 ὲγκάρποις
1393 5467 1479 5519 καὶ
1523 5463 1813 5535 ἀκηράτοις
1845 5464 1929 5522 ἀεί

274 5572 407 5606 ποτε
439 5551 722 5614 θάλλοντα,
757 5553 906 5621 Πλὴν
937 5553 1051 5633 ὄφει
1084 5554 1247 5629 μόνον
1289 5555 1349 5610 τὸ
1381 5553 1628 5627 παράπαν
1660 5553 1928 5628 ἄψαυστόν

274 5661 334 5696 τε
391 5642 486 5697 καί
548 5641 865 5701 ἀνεπίϐατον
922 5650 1001 5718 τῷ
1064 5649 1283 5724 πονηρῷ
1351 5640 1449 5700 καῖ
1506 5646 1600 5711 τῆς
1664 5642 1927 5722 σωτηρίας

275 5726 548 5806 ἐπιϐούλῳ
574 5737 670 5804 τῆς
714 5733 1007 5813 ἡμετύρας.

1999 3322 2243 3402 quidem
2278 3340 2415 3384 eum
2453 3322 2755 3401 explicare
2786 3320 2979 3382 statim
3012 3320 3077 3381 in
3124 3320 3416 3401 principio
3447 3319 3648 3400 operis

1996 3429 2133 3474 cum
2185 3429 2400 3488 magna
2427 3411 2680 3491 quadam
2715 3409 2999 3488 gravitate
3030 3409 3391 3473 conabatur:
3425 3419 3482 3470 at
3510 3427 3646 3471 cum

1993 3500 2097 3562 ille
2126 3501 2373 3562 omnino
2413 3517 2534 3561 non
2567 3498 2863 3573 obediret,
2898 3516 3094 3580 neque
3146 3517 3216 3561 ex
3249 3497 3413 3561 foliis
3454 3497 3655 3579 aliqua

1993 3587 2453 3665 divellerentur,
2487 3589 2592 3651 sed
2629 3588 2734 3648 tibi
2787 3586 2985 3667 potius
3015 3588 3415 3668 cohaererent,
3449 3596 3513 3649 ut
3542 3586 3650 3664 qui

1994 3688 2271 3756 tanquam
2306 3696 2489 3739 unum
2517 3696 2737 3758 corpus
2771 3677 3123 3750 evasissent,
3161 3678 3374 3741 transit
3403 3676 3479 3739 ad
3517 3675 3650 3754 ejus

1996 3766 2285 3829 medium.
2319 3764 2466 3829 Cum
2493 3784 2630 3828 vero
2661 3774 2718 3827 ct
2747 3765 2871 3827 illic
2903 3774 3065 3829 esset
3094 3783 3199 3846 spe
3231 3766 3445 3843 falsus,
3478 3783 3550 3825 eo
3574 3763 3652 3825 li-

1997 3875 2104 3939 pro
2134 3854 2590 3936 relicto,transit
2613 3856 2683 3916 ad
2715 3853 3114 3918 alterum.Ubi
3138 3864 3338 3916 autem
3369 3854 3471 3916 ille
3496 3871 3651 3934 quo-

1998 3965 2116 4028 que
2146 3965 2212 4008 se
2265 3945 2514 4009 haberet
2542 3944 2844 4021 similiter,
2873 3954 2932 4006 et
2963 3945 3091 4025 ipse
3125 3963 3159 4005 a
3206 3963 3272 4006 se
3304 3962 3423 4005 non
3457 3951 3654 4020 posset

1998 4035 2211 4109 dividi,
2246 4053 2358 4097 nec
2386 4034 2518 4097 ﬂeri
2541 4037 2784 4095 omnino
2818 4044 3019 4115 posset
3046 4044 3108 4095 ut
3138 4033 3548 4107 divelleretur,
3578 4032 3652 4094 ad

2005 4142 2274 4203 magnam
2306 4124 2526 4186 mentis
2555 4123 2834 4186 redactus
2863 4122 3153 4203 inopiam,
3189 4141 3308 4203 prae
3337 4122 3566 4200 pudore
3596 4128 3654 4183 et

2001 4213 2185 4275 animi
2218 4213 2579 4292 aegritudine
2609 4214 2896 4292 caligans,
2931 4221 2991 4274 et
3034 4212 3322 4292 vertigine
3348 4211 3653 4285 laborans,

2002 4311 2060 4366 et
2091 4321 2162 4364 eo
2192 4320 2333 4365 casu
2364 4304 2546 4367 veluti
2580 4308 2826 4366 eversus
2855 4303 3061 4365 exsilit
3085 4320 3116 4364 e
3146 4312 3530 4376 consessu,ut
3554 4303 3657 4383 qui

2001 4410 2066 4455 se
2097 4410 2216 4453 non
2250 4401 2454 4472 posset
2483 4392 2742 4474 amplius
2774 4392 3113 4455 continere:
3140 4402 3197 4455 et
3228 4392 3465 4455 tandem
3502 4393 3657 4454 male

2003 4481 2181 4562 perit,
2210 4481 2465 4543 fructum
2499 4481 2770 4545 laborum
2802 4500 3046 4544 suorum
3085 4491 3144 4543 et
3175 4481 3463 4544 librorum
3490 4499 3654 4543 mor-

2000 4580 2118 4632 tem
2141 4570 2621 4650 colligens.Talis
2646 4589 2752 4652 pro
2774 4570 3008 4634 Christo
3037 4571 3147 4637 fuit
3165 4571 3328 4633 zelus
3348 4570 3649 4651 Ephraam,

2003 4670 2062 4722 et
2091 4659 2179 4721 sic
2207 4665 2403 4721 omnis
2425 4661 2612 4721 virtus
2638 4660 2897 4740 plantata
2921 4662 3115 4724 fuerat
3145 4661 3206 4722 in
3238 4660 3398 4723 illius
3430 4660 3656 4740 anima,

2004 4748 2154 4811 adeo
2189 4758 2251 4811 ut
2281 4749 2416 4830 quis
2449 4768 2580 4812 eam
2627 4752 2842 4811 merito
2879 4751 3176 4813 vocaverit
3211 4751 3460 4827 fontem,
3497 4748 3659 4812 unde

2006 4847 2197 4900 scatet
2248 4856 2429 4900 omne
2472 4858 2663 4919 genus
2715 4841 3010 4916 ﬂuentis;
3065 4850 3167 4903 aut
3215 4849 3468 4923 pratum,
3501 4837 3658 4921 quod

2006 4926 2120 4990 sibi
2173 4927 2367 5009 placet
2424 4936 2667 5009 propter
2714 4932 2905 4992 varios
2952 4931 3133 4992 ﬂores
3182 4942 3245 4993 et
3291 4947 3501 4999 rosas;
3558 4940 3661 4994 aut

2006 5018 2181 5079 etiam
2213 5017 2373 5079 aliud
2407 5018 2624 5081 caelum
2660 5019 2718 5080 in
2754 5029 2933 5096 terra,
2967 5022 3129 5102 quod
3157 5028 3451 5082 astrorum
3500 5016 3657 5078 mul-

2005 5106 2261 5171 titudine
2324 5109 2592 5190 undique
2652 5109 2960 5183 variatur;
3019 5119 3079 5171 et
3134 5112 3181 5170 si
3245 5108 3436 5183 vellis,
3488 5105 3661 5168 audis

2007 5197 2184 5258 etiam
2246 5198 2615 5278 paradisum,
2678 5199 2861 5261 veluti
2919 5200 3081 5260 illius
3135 5198 3348 5277 Eden,
3405 5196 3506 5275 qui
3570 5204 3665 5259 est

2008 5304 2249 5367 semper
2279 5288 2525 5362 ﬂorens,
2562 5296 2621 5349 et
2649 5288 2845 5365 laetus,
2884 5299 2943 5351 et
2976 5306 3279 5370 nunquam
3316 5285 3657 5362 marcescit,

2011 5374 2117 5436 sed
2176 5374 2492 5439 arboribus
2523 5376 2823 5439 featilibus
2870 5386 2927 5439 et
2975 5397 3108 5458 quae
3138 5395 3448 5455 nunquam
3500 5377 3662 5437 inte-

2009 5474 2190 5527 reunt
2238 5482 2476 5546 semper
2518 5467 2691 5527 ﬂoret
2746 5476 2806 5528 et
2842 5468 3134 5546 germinat
3173 5489 3188 5528 :
3249 5466 3415 5528 solus
3465 5473 3661 5527 autem

2013 5571 2267 5634 serpens
2297 5573 2434 5616 eum
2492 5574 2608 5618 non
2658 5564 2853 5639 potest
2903 5563 3226 5635 attingere,
3262 5574 3375 5618 nec
3417 5556 3472 5617 ei
3506 5563 3664 5636 patet

2010 5642 2233 5718 aditus,
2267 5644 2373 5720 qui
2422 5655 2513 5710 est
2542 5647 2731 5711 malus
2782 5655 2839 5710 et
2867 5645 3104 5710 invidus
3136 5655 3195 5709 et
3241 5652 3457 5710 nostrae
3486 5644 3666 5711 saluti

2010 5729 2351 5798 insidietur.
