4060 6200
299 336 319 401 1
333 333 453 403 269

1461 339 1645 403 VITA
1701 338 1762 402 S.
1808 334 2101 403 IGNATIl
2155 335 2488 401 DEIFERI.

3511 333 3664 402 1270

836 666 1488 756 ΜΑΡΤΥΡΙΟΝ
1557 668 1783 756 ΤΟΥ
1845 668 2185 755 ΑΓΙΟΥ
2251 666 3112 753 ΙΕΡΟΜΑΡΤΥΡΟΣ

707 893 1558 1027 ΙΓΝΑΤΙΟΥ
1703 893 2050 1024 ΤΟΥ
2197 893 3211 1026 ΘΕΟΦΟΡΟΥ.

890 1365 1564 1452 MARTYBIUM
1632 1365 2403 1455 SACROSANCTI
2470 1364 3044 1454 MARTYRIS

1356 1594 1920 1705 DEIFERI

2009 1593 2582 1718 IGNATII.

348 1844 549 1918 (Latine
572 1843 706 1919 apud
728 1842 934 1902 Surium
965 1842 1027 1900 ad
1058 1843 1191 1901 diem
1218 1844 1238 1900 Ι
1272 1844 1423 1902 Febr.
1456 1848 1534 1917 (t)
1562 1866 1577 1914 ;
1611 1845 1782 1902 Graece
1809 1861 1873 1901 ex
1902 1847 2019 1902 cod.
2061 1859 2158 1902 ms.
2189 1845 2351 1902 Paris.
2385 1846 2527 1903 1400
2560 1863 2695 1905 nunc
2725 1850 2940 1922 primum
2973 1849 3156 1921 prodit.
3189 1847 3340 1906 Ευιτ.
3376 1850 3577 1921 Pun.)

355 2211 440 2274 A'.
486 2210 663 2275 ’¹Αρτι
726 2220 993 2289 Τραϊανοῦ
1051 2211 1116 2268 τὰ
1174 2211 1273 2280 τῆς
1316 2213 1598 2287 Ῥωμαίων
1640 2212 1903 2291 βασιλείας

2078 2213 2123 2276 I.
2160 2213 2307 2277 Cum
2363 2215 2667 2294 Trajanus
2696 2215 3055 2295 sumpsisset
3085 2221 3325 2295 sceptra
3348 2213 3652 2275 Romano-

277 2308 521 2379 σκῆπτρα
577 2297 1009 2377 παραλαϐόντος,
1054 2305 1155 2368 τῆς
1215 2299 1550 2381 Ἀντιοχέων
1594 2299 1921 2370 Ἐκκλησίας

275 2392 563 2457 ἒπίσκοπος
634 2392 661 2446 ξι
732 2391 820 2446 καὶ
886 2388 1077 2459 κλήσει
1154 2392 1249 2447 καὶ
1309 2391 1588 2471 πράγματι
1659 2393 1919 2473 Θεοφόρος

276 2479 537 2559 Ἰγνάτιες
578 2480 669 2546 ἦν.
741 2478 934 2557 Πέτρον
980 2478 1079 2555 μὲν
1130 2481 1230 2558 γὰρ
1261 2481 1351 2536 τὸν
1379 2479 1548 2558 μέγαν
1584 2479 1770 2544 Εὕοδος
1800 2479 1920 2537 δια-

274 2566 518 2648 δέχεται,
570 2565 760 2626 Εὔοδον
803 2565 858 2624 δὲ
899 2566 1187 2647 Ἰγνάτιος,
1222 2575 1314 2626 τοῦ
1363 2568 1560 2647 τρόπου
1601 2590 1659 2626 τε
1697 2570 1784 2625 καὶ
1820 2575 1919 2637 τῆς

275 2658 473 2737 ἀρετῆς
538 2656 789 2730 ζηλωτὴς
849 2658 1053 2735 γίνεται
1122 2659 1332 2717 τούτου.
1413 2659 1491 2726 Δὴ
1549 2665 1625 2731 τῷ
1672 2659 1919 2737 Θεοφόρῳ

275 2749 401 2827 φασὶ
435 2744 632 2823 κομιδῇ
673 2745 784 2803 ὄντι
842 2746 1019 2819 νηπίῳ
1061 2748 1154 2802 τὸν
1211 2747 1438 2825 Χριστὸν
1469 2746 1545 2803 ἔτι
1578 2748 1669 2812 τὰς
1701 2746 1755 2802 ἐν
1815 2750 1915 2804 κό-

275 2858 401 2911 σμῳ
445 2834 715 2915 διατριϐὰς
761 2836 1083 2909 ποιούμενον
1146 2837 1241 2900 τὰς
1298 2836 1597 2917 ἀχράντους
1661 2858 1718 2894 τε
1774 2838 1916 2910 αὐτῷ

268 2925 530 2982 ἐπιθεῖναι
587 2938 785 3005 χεῖρας
833 2925 919 2979 καὶ
963 2925 1096 3002 πρὸς
1139 2926 1201 2980 τὸ
1249 2923 1450 2992 πλῆθος
1505 2923 1910 3002 ἀποϐλέψαντα,

269 3012 397 3072 Ἐὰν
555 3036 660 3089 τις,
725 3015 922 3091 εἰπεῖν,
956 3013 1264 3091 ταπεινώσῃ
1294 3014 1480 3070 ἑαυτὸν
1510 3016 1583 3077 ὡς
1616 3015 1677 3070 10
1708 3013 1914 3071 παιδίον

263 3110 443 3173 τοῦτο,
504 3105 564 3161 οὖ
622 3105 701 3177 μὴ
747 3101 959 3179 εἰσέλθῃ
1005 3104 1078 3164 είς
1118 3106 1218 3168 τὴν
1275 3101 1551 3179 βασιλείαν
1593 3106 1700 3161 τῶν
1745 3107 1909 3181 οὖρα-

262 3194 412 3269 νίων,
448 3194 537 3249 καὶ
563 3194 617 3255 ὃς
652 3193 744 3252 ἐὰν
772 3192 830 3248 ἓν
878 3192 985 3248 τῶν
1035 3191 1289 3249 τοιούτων
1334 3190 1557 3249 παιδίων
1600 3191 1812 3260 δέξηται
1855 3192 1910 3249 ἒν

262 3286 340 3357 τῷ
384 3282 501 3358 ἰμῷ
555 3283 803 3357 ὀνόματι,
857 3281 953 3356 ἐμὲ
1003 3280 1244 3361 δέχεται,
1280 3283 1470 3345 ὁποῖος
1525 3281 1674 3339 ἔσται
1705 3284 1910 3361 προγό-

264 3393 416 3428 πτων
498 3371 596 3439 τὴν
665 3369 878 3439 ἡλικίαν
939 3369 1200 3450 Ἰγνάτιος
1282 3368 1521 3428 ἐντεῦθεν
1588 3371 1912 3443 παραδηλῶν

261 3461 360 3517 καὶ
434 3460 535 3527 τὴν
613 3458 977 3528 ἀποστολικήν
1067 3458 1271 3518 ἐκείνου
1331 3458 1673 3518 διδασκαλίαν
1730 3462 1912 3542 σαφῶς

267 3549 593 3628 ὑποφαίνων.

348 3638 408 3695 B’
421 3685 436 3702 .
483 3638 648 3701 Οὗτος
701 3637 870 3694 τοίνυν
902 3639 930 3696 ὁ
963 3642 1109 3705 θεῖος
1142 3638 1399 3718 Ἰγνάτιος
1431 3640 1541 3715 ἅμα
1579 3638 1909 3720 Πολυκάρπῳ

264 3729 363 3797 τῆς
410 3729 547 3785 κατὰ
589 3729 829 3807 Σμύρναν
891 3727 1216 3796 Ἐκκὶησίας
1280 3728 1610 3807 ἡγησαμένῳ
1660 3733 1906 3805 μαθητὴς

263 3815 511 3875 Ἰωάννου
556 3824 648 3874 τοῦ
692 3817 1072 3896 εὐαγγελιστοῦ
1127 3818 1352 3898 γίνεται,
1428 3820 1514 3875 καὶ
1569 3819 1712 3894 αὺτῷ
1758 3819 1907 3894 μόνῳ

260 3909 545 3987 φοιτήσας,
609 3907 783 3965 πᾶσάν
825 3929 883 3963 τε
943 3906 1136 3986 ἀρετῆς
1186 3906 1329 3964 ἰδέαν
1394 3909 1482 3965 καὶ
1541 3907 1777 3984 μάλιστα
1805 3909 1904 3976 τὴν

258 3998 393 4075 ἱερεῖ
447 3996 752 4076 πρέπουσαν
823 3995 1125 4077 φιλοπόνως
1214 3996 1546 4079 ἐξατκηθεὶς,
1621 3998 1746 4056 εἶτα
1816 3991 1903 4056 καὶ

257 4086 426 4165 ἱερεὺς
461 4092 618 4164 κοινῇ
674 4087 889 4145 πάντων
926 4088 1063 4160 ὁμοῦ
1092 4092 1198 4142 τῶν
1232 4086 1550 4144 ἀποστόλων
1580 4088 1747 4168 ψήφῳ
1777 4098 1902 4168 χεί-

260 4189 565 4250 ροτονεϊται
610 4176 698 4232 καὶ
738 4181 837 4243 τῆς
898 4174 1229 4254 Ἀντιοχέων
1261 4175 1550 4241 ἐπίσκοπος
1583 4179 1897 4257 χειρίζεται.

263 4264 594 4341 Παραλαϐὼν
650 4263 703 4320 δὲ
785 4266 887 4332 τὴν
944 4264 1274 4331 Ἐκκλησῖαν
1326 4268 1414 4322 καὶ
1485 4265 1664 4346 ἱδρῶτι
1717 4271 1903 4348 συχνῷ

260 4351 348 4406 καὶ
394 4353 590 4432 μόχθῳ
621 4358 684 4409 10
735 4354 831 4421 τῆς
879 4353 1148 4418 εὗσεϐείας
1180 4353 1235 4410 ἐν
1264 4356 1399 4432 αὐτῇ
1428 4358 1677 4434 κήρυγμα
1725 4378 1899 4412 κατα-

258 4441 499 4519 σπείρας,
535 4441 892 4499 ἆποστολικον
920 4465 977 4500 τε
1009 4442 1093 4499 διὰ
1150 4444 1360 4500 πάντων
1402 4445 1567 4515 ζῆλον
1624 4448 1711 4501 καὶ
1758 4444 1899 4503 διδα-

258 4529 483 4586 σκαλίαν
528 4528 947 4606 ἐπιδειξάμενος,
979 4534 1066 4589 καὶ
1106 4532 1311 4595 τέλειος
1342 4531 1583 4598 διάκονος
1628 4532 1730 4603 ἤδη
1790 4543 1897 4592 τῶν

256 4626 349 4675 τοῦ
423 4627 651 4699 Χριστοῦ
736 4621 1041 4698 μυστηρίων
1123 4622 1441 4703 ἀναφανεὶς,
1524 4625 1609 4680 καὶ
1696 4624 1896 4703 μάρτυς

252 4708 470 4784 ὕστερον
525 4711 749 4788 γίνεται,
792 4711 994 4788 θηρίοις
1038 4708 1106 4767 δι’
1158 4711 1367 4769 ἐκεῖνον
1421 4709 1760 4791 παραδοθεὶς,
1818 4716 1892 4777 ὡς

253 4799 447 4874 μικρὸν
477 4797 676 4855 ἄνωθεν
706 4798 987 4856 ἀναλαϐὼν
1018 4800 1178 4877 λόγος
1212 4800 1467 4869 δηλώσει,

333 4886 421 4946 Γ¹.
469 4895 717 4966 Τραϊανῷ
783 4890 884 4966 γὰρ
955 4896 1032 4963 τῷ
1092 4882 1370 4965 Ῥωμαίων
1415 4892 1757 4970 αὐτοκράτορι
1825 4900 1892 4970 τῇ

2005 2319 2138 2363 rum
2172 2303 2434 2384 imperii,
2468 2312 2594 2366 erat
2647 2304 3047 2366 Antiochense
3094 2301 3383 2365 Ecclesiae
3418 2302 3653 2382 episco-

2008 2410 2141 2471 pus,
2173 2400 2231 2454 et
2260 2392 2507 2454 nomine
2568 2399 2627 2454 et
2686 2411 2753 2454 re
2787 2392 2991 2456 Deifer
3017 2391 3310 2471 Ignatius.
3350 2390 3495 2453 Nam
3521 2410 3649 2454 ma-

2003 2499 2120 2561 gno
2152 2481 2395 2562 quidem
2453 2480 2629 2543 Petro
2677 2481 2943 2544 succedit
3005 2481 3266 2553 Evodus,
3304 2480 3505 2543 Evado
3533 2499 3649 2542 au-

2004 2580 2122 2633 tem
2184 2569 2471 2644 Ignatius,
2526 2570 2711 2650 ﬁtque
2761 2579 2820 2632 et
2872 2588 3102 2632 morum
3161 2570 3293 2650 ejus
3323 2578 3382 2633 et
3411 2569 3646 2632 virtutis

2003 2658 2338 2722 aemulator.
2374 2656 2527 2719 Huic
2560 2658 2760 2720 divino
2793 2660 3043 2738 lgnatio,
3092 2676 3228 2721 cum
3261 2667 3419 2720 esset
3448 2659 3646 2722 adhuc

2002 2748 2181 2826 plane
2209 2764 2378 2828 puer,
2415 2747 2584 2808 aiunt
2615 2747 2917 2811 Christum
2968 2748 3166 2809 adhuc
3203 2760 3544 2811 versantem
3578 2749 3640 2810 in

2001 2835 2250 2909 mundo,
2277 2835 2331 2896 ei
2363 2836 2752 2899 intemeratas
2805 2855 3021 2899 manus
3052 2837 3437 2917 imposuisse,
3471 2846 3530 2899 et
3565 2839 3641 2901 ad

1998 2924 2284 3003 ponulum
2320 2925 2685 3006 intuentem,
2735 2926 2963 2989 dixisse
2999 2945 3013 2990 :
3044 2927 3174 2990 Nisi
3205 2926 3341 3007 quis
3373 2931 3637 3006 seipsum

1997 3012 2404 3076 humiliaverit
2455 3023 2519 3077 ut
2550 3014 2649 3077 hic
2697 3017 2955 3096 puellus,
3007 3035 3127 3078 non
3158 3015 3409 3078 intrabit
3437 3016 3497 3077 in
3530 3035 3640 3081 re-

1994 3121 2177 3182 gnum
2210 3104 2545 3180 cmlorum;
2596 3113 2656 3167 et
2705 3106 2809 3186 qui
2857 3124 3040 3167 unum
3074 3124 3142 3167 ex
3177 3104 3401 3167 talibus
3431 3107 3640 3186 pueris

1992 3193 2331 3274 susceperit
2361 3193 2422 3256 in
2486 3194 2736 3256 nomine
2783 3212 2938 3269 meo,
2991 3212 3086 3256 me
3118 3194 3373 3274 suscipit
3402 3195 3449 3269 ¹,
3483 3214 3636 3275 qua-

1994 3281 2213 3343 lisnam
2266 3281 2501 3344 futurus
2553 3290 2715 3346 esset
2764 3291 2940 3345 aetate
2987 3283 3631 3364 proficienslgnatius,

1994 3371 2138 3433 hinc
2166 3372 2520 3447 ostendens,
2574 3380 2633 3435 et
2680 3373 3066 3455 apostolicam
3100 3372 3267 3435 illius
3296 3372 3634 3436 doctrinam

1992 3471 2201 3543 aperte
2230 3461 2526 3525 indicans.

2070 3637 2147 3701 Il.
2181 3636 2292 3701 Hie
2325 3656 2465 3718 ergo
2497 3639 2732 3702 divinus
2753 3641 3038 3721 Ignatius,
3073 3640 3252 3703 simul
3284 3659 3418 3702 cum
3455 3640 3629 3723 Poly-

1989 3728 2301 3810 carpo,qui
2325 3730 2671 3810 Smyrnensi
2700 3739 2952 3811 praeerat
2973 3729 3282 3805 Ecclesiae,
3310 3728 3418 3790 fuit
3438 3729 3630 3792 disci-

1989 3818 2427 3897 pulusJoannis
2448 3818 2829 3899 evangelista;
2860 3838 2874 3884 :
2903 3829 3118 3883 etcum
3152 3819 3224 3881 ad
3259 3837 3397 3881 eum
3430 3818 3625 3881 solum

1983 3909 2416 3982 ventitasset,et
2438 3927 2678 3971 omnem
2707 3910 2947 3972 virtutis
2969 3909 3327 3990 speciem,et
3350 3926 3479 3970 eam
3504 3926 3630 3969 ma-

1986 3997 3223 4078 xime,quaadecetsacerdotem,diligeuter
3235 3998 3625 4074 exercuisset,

1987 4089 2260 4147 sacerdos
2273 4088 2481 4146 deinde
2503 4090 2740 4160 eligitur
2757 4091 3051 4146 communi
3067 4088 3348 4146 sententia
3366 4087 3627 4146 omnium

1986 4175 2163 4237 simul
2183 4176 2684 4254 apostolorum,et
2702 4175 3114 4237 Antiochenus
3133 4182 3378 4236 creatur
3395 4179 3626 4255 episco-

1987 4283 2095 4345 pus
2126 4264 2235 4343 (2).
2271 4263 2417 4325 Cum
2450 4273 2650 4326 autem
2711 4265 3134 4344 assumpsisset
3179 4263 3532 4337 Ecclesiam,
3566 4272 3627 4327 et

1984 4354 2172 4415 multo
2203 4353 2423 4415 sudore
2456 4362 2514 4415 et
2546 4354 2754 4416 labore
2788 4355 2847 4415 in
2899 4372 2969 4415 ea
3018 4353 3375 4415 seminasset
3404 4372 3623 4433 preco-

1983 4445 2145 4505 nium
2180 4443 2506 4522 pietatis,et
2534 4444 2727 4505 zelum
2764 4461 2870 4524 per
2901 4445 3103 4505 omnia
3135 4442 3533 4523 apostolicum
3567 4452 3627 4505 et

1980 4534 2309 4595 doctrinam
2340 4534 2707 4596 ostendisset
2744 4543 2803 4595 et
2828 4533 3154 4595 exstitisset
3176 4532 3478 4614 perfectus
3508 4537 3623 4593 mi-

1979 4623 2171 4684 nister
2186 4624 2405 4687 Christi
2434 4624 2948 4704 mysteriorum,ﬁt
2974 4641 3211 4705 quoque
3244 4630 3447 4701 postea
3471 4639 3623 4683 mar-
3694 4618 3701 4625 ’

1979 4721 2092 4793 tyr,
2129 4712 2340 4775 bestiis
2371 4722 2621 4794 propter
2652 4713 2817 4775 illum
2850 4713 3198 4789 traditus,ut
3235 4712 3411 4793 paulo
3441 4712 3621 4775 altius

1974 4810 2259 4881 repetens
2289 4802 2625 4864 declarabit
2657 4802 2874 4866 oratio.

2054 4890 2419 4972 Il[.Trajano
2445 4892 2606 4953 enim
2625 4894 3026 4954 Romanorum
3052 4890 3609 4971 imperatori,qnam

245 4977 383 5033 κατὰ
440 4980 656 5033 Σκυθῶν
703 4977 979 5056 ἐπαρθέντι
1038 4979 1155 5058 νίκῃ
1219 4982 1306 5036 καὶ
1350 4981 1428 5056 μὴ
1486 4981 1650 5062 μέχρι
1704 4983 1887 5040 τούτου

1992 4984 2040 5041 Ie
2064 4958 2298 5056 Scythis
2320 4986 2621 5056 habuerat,
2647 4987 2795 5045 elato
2822 4958 3156 5050 victoriamt'
3172 4999 3289 5042 non
3307 4958 3616 5042 sustihenti

242 5071 439 5134 στῆσαι
473 5066 571 5133 τὴν
602 5065 939 5142 εὐδαιμονίαν
995 5068 1336 5148 ἀνεχομένῳ,
1383 5069 1522 5126 ἀλλὰ
1582 5072 1881 5151 περαιτέρω

237 5157 440 5241 ταύτην
488 5155 804 5233 βουλομένῳ
852 5171 1208 5237 προαγαγεῖν,
1270 5160 1363 5216 καὶ
1409 5158 1639 5224 πολλοὺς
1670 5161 1879 5241 ἐτέρους

235 5250 304 5321 τῇ
343 5237 622 5319 Ῥωμαίων
666 5247 815 5324 ἀρχῇ
869 5250 1338 5326 παραστήσασθαι,
1398 5259 1554 5308 τοῦτο
1614 5252 1714 5327 πρὸ
1760 5237 1879 5308 ’τῶν

235 5331 413 5390 ἄλλων
443 5338 470 5391 ὁ
532 5336 670 5392 κατὰ
726 5340 1080 5412 Χριστιανῶν,
1130 5336 1237 5393 εἴτ’
1282 5335 1371 5394 οὗν
1402 5337 1668 5401 εὖσεϐείας
1719 5340 1881 5396 πόλε-

233 5445 333 5497 μος
367 5424 645 5500 κράτιστον
705 5427 849 5499 αὖτῷ
906 5428 992 5483 καὶ
1049 5424 1324 5490 λυσιτελὲς
1372 5425 1665 5500 ἐνομίζετο.
1698 5426 1877 5486 Ἐκεί-

317 5557 337 5606 ¹
371 5556 576 5621 Matth.
616 5576 785 5635 xvm,
819 5560 882 5637 4,
914 5560 977 5624 5.

310 5663 358 5735 (1
425 5662 614 5726 Graeci
645 5664 862 5728 festum
894 5667 1025 5729 e'us
1053 5665 1135 5728 20
1165 5666 1451 5731 Decembr

315 5662 396 5827 (ἓξ
428 5742 582 5810 Vide
609 5743 829 5813 Baron.
859 5687 947 5814 adJ
960 5766 1061 5816 an.
1093 5746 1314 5817 Christi
1351 5749 1451 5817 71.

1963 5087 2128 5131 suam
2149 5072 2461 5152 hucusque
2484 5072 2698 5135 sistere
2724 5070 3210 5144 felicitatem,sed
3233 5068 3453 5129 volenti
3480 5086 3612 5131 eam

1962 5159 2221 5223 ulterius
2245 5162 3090 5242 producere,etRomanorum
3116 5158 3368 5238 imperio
3394 5158 3613 5221 multos

1962 5250 2111 5313 alios
2137 5251 2531 5332 subjungere,
2552 5253 2839 5315 adversus
2857 5250 3230 5314 Christianos
3259 5268 3364 5312 seu
3396 5250 3614 5313 adver-

1964 5357 2065 5402 sus
2098 5342 2374 5421 pietatem
2410 5341 2633 5405 bellum
2662 5342 2716 5404 ei
2753 5345 2940 5402 visum
2966 5351 3052 5402 est
3074 5339 3365 5420 optimum
3393 5357 3526 5403 esse
3555 5348 3615 5403 et

1964 5431 2271 5511 expedire.
2306 5431 2449 5494 Nam
2484 5432 2584 5494 illo
2639 5431 2877 5512 quidem
2914 5429 3092 5492 modo
3120 5429 3364 5511 putabat
3396 5446 3463 5494 se
3497 5431 3616 5494 soli

425 5661 862 5756 graecint‘estum
894 5667 1025 5756 ejus
1053 5665 1522 5756 29_Decen_ibris
1547 5666 1877 5753 celebrant,
1912 5679 1979 5738 ut
2008 5679 2173 5737 notat
2202 5674 2500 5739 Baronius
2528 5674 2593 5740 in
2621 5671 3069 5756 Martyrologio.
