4020 6206
411 427 416 432 .
492 349 634 412 1271
1755 350 2037 414 MENSIS
2078 352 2586 416 FEBRUARIUS.
3721 348 3844 414 i272

486 486 777 567 prodesse
807 485 1156 564 reipublicae
1192 507 1204 548 :
1242 483 1328 547 sic
1359 492 1555 546 autem
1592 486 1771 547 etiam
1803 485 1950 547 deos
1981 503 2120 546 suos

2225 507 2306 551 ’ως
2355 490 2452 564 μὲν
2494 491 2595 568 γὰρ
2639 489 2699 546 τὸ
2757 490 2933 547 κοινὸν
2977 487 3209 569 ὠφελεῖν
3272 487 3458 564 μόνον,
3502 489 3655 546 οὕτω
3697 487 3747 543 δὲ
3782 477 3850 544 zz"-

484 577 775 650 colere,et
808 594 910 636 eos
942 575 1255 647 inducere,
1292 583 1355 636 ut
1381 594 1555 654 opem
1590 575 2125 637 ferrentadversus

2225 577 2332 640 τοὺς
2381 581 2540 636 ιιῦτοῦ
2595 581 2743 642 θεοὺς
2801 580 3107 657 θεραπεύειν
3168 581 3254 634 καὶ
3313 579 3620 656 συνεργοὺς
3693 579 3849 641 αὕτως

486 665 964 728 hostes.Gravem
993 664 1193 744 itaque
1216 683 1283 725 ac
1306 665 1614 726 difﬁcilem
1643 665 2126 745 persecutionem

2225 671 2346 723 ιατᾶ
2403 676 2510 725 τῶν
2562 668 2834 732 πολεμίων
2869 668 3183 745 ἐπάγεσθαι.
3223 666 3442 741 Ἀμέλει
3492 667 3602 724 καί
3646 666 3855 742 amas.

485 755 664 816 infert
685 755 969 815 adversus
997 754 1151 833 piam
1183 755 1458 828 ﬁdem,et
1489 755 1768 835 proponit
1798 756 1997 816 edicta
2027 773 2130 834 per

2225 759 2346 813 ιατά
2404 763 2502 824 τῆς
2563 756 2811 824 εύσεϐοὖς
2893 759 3122 820 πίστεως
3183 755 3428 836 χαλεπὸν
3485 758 3722 834 ἐπάγει,
3788 754 3854 812 καὶ

486 846 825 908 universam
859 851 1104 915 terram,
1141 863 1272 924 quae
1305 845 1436 924 ejus
1477 844 1721 922 parebat
1755 843 2034 925 imperio,
2067 853 2129 902 ut

402 939 408 945 '
484 935 575 996 vel
603 941 809 994 essent
835 952 966 993 cum
993 951 1064 993 eo
1087 951 1298 993 omnes
1323 933 1649 1013 impietatis
1683 932 2128 1012 participes,vel

483 1024 678 1085 adhuc
730 1031 1046 1083 manentes
1101 1023 1452 1095 Christiani,
1514 1023 1896 1083 afﬁcerentur
1960 1019 2130 1083 variis

483 1113 795 1193 suppliciis
825 1121 886 1173 et
909 1112 1144 1174 acerbis
1169 1113 1490 1174 mortibus.
1527 1113 1964 1190 Contigerat,ut
1991 1120 2131 1171 tunc

483 1203 773 1282 Trajanus
802 1211 1138 1263 versaretur
1155 1203 1492 1264 Antiochiae
1523 1223 1536 1262 :
1563 1209 1628 1262 ut
1652 1205 1755 1282 qui
1778 1210 1934 1262 esset
1957 1218 2132 1280 expe-

417 1314 422 1319 ·
484 1292 776 1354 ditionem
798 1301 1186 1370 suscepturus
1212 1301 1417 1352 contra
1443 1294 1674 1357 Persas.
1710 1299 1768 1354 et
1792 1290 2014 1352 bellum
2049 1289 2131 1349 ibi

484 1387 748 1463 pararet.
769 1378 878 1441 Hic
905 1400 1046 1460 ergo
1070 1381 1125 1441 ei
1153 1381 1226 1441 de
1251 1381 1452 1441 divino
1480 1381 1852 1459 signiﬁcatur
1876 1381 2125 1460 lgnalio,

483 1475 641 1553 quod
667 1480 725 1533 et
742 1470 1093 1549 religionem
1112 1469 1850 1542 teneretChristianam,et
1873 1469 2129 1531 homini-

483 1565 594 1624 bus
621 1560 1032 1641 persuaderet,
1060 1569 1124 1621 ut
1153 1559 1453 1622 Christum
1491 1575 1768 1642 tanquam
1806 1564 1993 1636 Deum
2022 1560 2125 1621 ho-

485 1659 790 1724 norarent,
827 1648 1005 1730 idque
1038 1668 1172 1710 cum
1209 1651 1419 1712 fuisset
1463 1668 1495 1710 a
1550 1651 1738 1712 Pilato
1771 1669 1950 1711 cruce
1981 1667 2131 1709 con-

484 1743 802 1804 demnatus
833 1749 892 1800 et
952 1747 1165 1812 morte,
1204 1752 1270 1801 ut
1302 1741 1521 1801 docent
1555 1741 1683 1820 ejus
1714 1749 1843 1800 acta
1879 1757 1892 1801 :
1932 1748 1988 1798 et
2020 1739 2134 1799 fert

482 1832 675 1910 legem
703 1829 779 1890 de
800 1829 1094 1890 servanda
1111 1830 1472 1908 virginitate,
1500 1838 1558 1890 et
1581 1831 1655 1890 de
1673 1827 2132 1890 contemnendis

2225 1826 2547 1886 διδάσκουσιν
2605 1831 2970 1904 ῦπομνήματα
3005 1845 3018 1860 ⁸

482 1919 706 1982 divitiis
734 1928 792 1980 et
823 1918 1152 1998 deliciis,et
1183 1919 1318 1980 aliis
1351 1937 1483 1998 qua;
1505 1927 1644 1978 sunt
1676 1918 1738 1978 in
1772 1917 1889 1977 vita
1910 1917 2133 1995 jucun-

483 2009 597 2084 da;
631 2016 688 2068 et
721 2007 880 2087 quod
909 2018 1002 2068 est
1034 2008 1303 2068 omnium
1336 2007 1781 2086 gravissimum,
1817 2005 1974 2086 quod
2013 2023 2131 2064 non

484 2105 757 2178 oporteat
790 2106 999 2177 putare
1031 2115 1165 2159 esse
1188 2097 1425 2172 deos,et
1448 2098 1669 2158 nullam
1703 2098 2130 2177 imperatorum

485 2189 710 2251 ducere
738 2187 1035 2248 rationem
1071 2188 1184 2266 (3).

566 2277 666 2341 IV.
732 2275 868 2340 Haec
923 2287 1231 2358 postquam
1288 2276 1516 2340 audivit
1564 2275 1883 2354 Trajanus,
1929 2282 2135 2336 sancto

486 2368 686 2430 statim
720 2367 1040 2440 accersito,
1075 2387 1207 2429 cum
1235 2385 1360 2431 una
1394 2369 1572 2429 etiam
1604 2365 1845 2428 adesset
1867 2374 2134 2428 senatus:

485 2460 652 2520 Tune
710 2474 798 2530 es,
860 2457 1080 2536 inquit,
1139 2458 1240 2536 qui
1290 2458 1513 2519 diceris
1547 2456 1770 2529 Deifer,
1807 2456 1908 2536 qui
1937 2463 2138 2516 nostra

480 2549 652 2628 jusso
685 2545 1034 2618 ludiﬁcaris,
1075 2554 1134 2607 et
1182 2564 1424 2608 omnem
1480 2545 1702 2608 evertis
1731 2547 2134 2623 Antiochiam,

487 2644 546 2698 et
581 2653 794 2697 omnes
825 2635 994 2696 ducis
1029 2643 1161 2715 post
1190 2637 1519 2712 Christum,
1554 2635 1655 2716 qui
1687 2654 1720 2697 a
1753 2644 1808 2697 te
1843 2635 2135 2716 praedica-

487 2735 608 2797 tur,
644 2735 702 2786 et
732 2743 844 2786 nec
874 2725 1000 2785 solo
1037 2725 1281 2803 quidem
1345 2726 1492 2787 deos
1542 2725 1810 2804 dignaris
1842 2723 2085 2786 nomine
2108 2723 2138 2783 ξ)

487 2816 732 2878 Divinus
790 2825 988 2875 autem
1049 2813 1337 2895 Ignatius,
1401 2818 1524 2895 Ego
1583 2834 1740 2888 sum,
1775 2816 1993 2895 inquit.
2027 2814 2136 2875 Ille

2212 844 2548 924 διατάγματα
2617 849 2756 904 κατὰ
2833 853 2932 914 τῆς
3011 848 3251 912 ὑπηκόου
3322 847 3505 914 πάσης
3593 847 3856 905 ἐκτίθεται,

2213 935 2351 992 ὥστε
2395 937 2429 1004 ἢ
2474 936 2678 1000 πάντας
2724 941 2866 1011 αῦτῷ
2897 938 3186 1002 κοινωνοῦς
3217 939 3363 993 εἶναι
3395 960 3496 1003 της
3534 934 3809 1014 ἀσεϐείας,
3837 937 3858 1002 ἦ

2217 1028 2563 1102 Χριστιανοὺς
2636 1028 2713 1083 ἔτι
2786 1027 3043 1100 μένοντας
3117 1028 3399 1100 τιμωρίαις
3444 1025 3748 1086 ποικίλαις
3795 1029 3863 1078 καὶ

2214 1116 2461 1179 θανάτοις
2534 1116 2805 1196 χαλεποῖς
2876 1114 3193 1176 ἒκδίδοσθαι,
3284 1116 3521 1193 ἰ’πῆρξε
3621 1114 3680 1169 δὲ
3764 1116 3861 1170 vita

2219 1211 2469 1278 Τραϊανῷ
2510 1213 2577 1280 τῇ
2625 1206 2954 1284 Ἀντιοχέων
2999 1203 3311 1278 ἐπιδημεῖν,
3351 1206 3448 1261 οἷα
3497 1203 3574 1270 δὴ
3627 1204 3860 1278 μέλλοντι

2216 1295 2349 1350 κατὰ
2408 1301 2624 1373 Περσῶν
2683 1295 3053 1373 ἐκστρατεύειν
3095 1293 3190 1350 καί
3237 1294 3775 1370 παρεσκευαζομένερ
3814 1294 3860 1348 τὲ

2215 1382 2472 1457 πολέμια.
2524 1383 2778 1441 Ἐνταῦθα
2835 1389 2960 1460 γοῦν
3005 1384 3093 1439 καὶ
3150 1384 3410 1458 μηνύεται
3457 1387 3618 1456 αὗτῴ
3653 1384 3720 1437 τὰ
3748 1385 3860 1436 κατᾶ

2213 1474 2304 1529 τὸν
2347 1473 2600 1553 θεοφόρον
2660 1473 2945 1550 ’1γνάτιον,
3007 1475 3080 1535 ὡς
3139 1473 3232 1538 εἴη
3297 1494 3355 1528 τε
3420 1474 3485 1528 τὰ
3535 1478 3862 1550 Χριστιανῶν

2213 1560 2515 1641 πρεσϐεύων
2577 1564 2667 1618 καὶ
2731 1563 2963 1638 Χριστὸν
3021 1561 3118 1618 ’ίσα
3176 1563 3266 1618 καὶ
3321 1565 3468 1624 θεοῖς
3523 1567 3702 1634 τιμᾷν
3756 1562 3860 1619 τὼς

2214 1650 2517 1728 ἀνθρώπους
2564 1650 2882 1724 ἀναπείθων,
2944 1652 3031 1707 καὶ
3081 1651 3246 1707 ταῦτα
3297 1652 3523 1728 σταυρὸν
3559 1652 3674 1705 ὑπὸ
3709 1647 3862 1704 Πιλά-

2213 1762 2305 1796 του
2365 1742 2773 1819 κατακριθέντα,
2827 1741 2916 1796 καὶ
2987 1739 3208 1797 θάνατον
3267 1743 3341 1802 ὡς
3398 1741 3465 1796 τὸ,
3528 1741 3662 1813 περὶ
3723 1740 3860 1793 αὖτοῦ

3105 1833 3384 1904 μονοθετεῖ
3458 1851 3516 1886 τε
3590 1829 3861 1906 παρθενίαν

2217 1917 2312 1973 καΐ
2365 1916 2596 1976 πλούτου
2653 1921 2740 1975 καὶ
2797 1918 2996 1998 τρυφῆς
3069 1920 3156 1975 καὶ
3199 1922 3305 1976 τῶν
3362 1918 3547 1974 ἄλλων
3610 1926 3710 1973 τοῦ
3763 1919 3859 1991 ﬂio»

2215 2010 2456 2084 τερπνῶν
2500 2007 2877 2086 κατολιγορεῖν
2910 2011 2996 2063 καὶ
3028 2009 3088 2064 τὸ
3147 2007 3212 2074 δὴ
3257 2007 3694 2087 χαλεπώτατον,
3739 2010 3859 2076 μήτε

2215 2098 2364 2157 θεοὺς
2409 2099 2686 2178 ἡγεῖσθαι,
2747 2099 2886 2172 μήτε
2929 2098 3047 2154 τινὰ
3089 2098 3181 2153 τὸν
3239 2095 3398 2176 λόγον
3429 2103 3539 2153 τῶν
3607 2097 3856 2174 αὐτοκρα-

2219 2187 2387 2265 τόρων
2418 2188 2668 2248 τίθεσθαι.

2305 2276 2385 2334 Δ’.
2445 2284 2619 2336 Ταῦτα
2674 2279 2747 2339 ὡς
2805 2275 2999 2343 ἤκουσε
3053 2278 3336 2354 Τραϊανὸς,
3372 2278 3857 2352 μεταπεμψάμενος

2222 2368 2406 2423 αὐτίκα
2454 2368 2545 2422 τὸν
2589 2365 2766 2444 ἅγιον,
2839 2366 3221 2443 συμπαρούσης
3267 2369 3411 2438 αῦτῴ
3453 2367 3546 2422 καὶ
3595 2371 3701 2433 τῆς
3745 2388 3859 2441 cry:-

2221 2455 2422 2524 κλήτου
2451 2456 2651 2531 βουλῆς
2689 2472 2701 2486 ⁸
2739 2455 2810 2509 Σὺ
2843 2455 2924 2526 εἴ,
2973 2457 3158 2535 ιρηιτὶν³
3197 2461 3224 2510 ὸ
3255 2453 3552 2532 λεγόμενος
3585 2455 3857 2534 Θεοιςεόρος,

2221 2547 2247 2601 ὁ
2308 2551 2412 2600 τῶν
2471 2544 2747 2622 ἡμετέρων
2804 2546 3147 2615 καταπαίζων
3202 2543 3546 2622 προστάξεων
3613 2548 3707 2602 καὶ
3773 2549 3856 2609 τὴν

2221 2632 2550 2714 Ἀντιοχέων
2581 2633 2874 2690 ἀνάστατον
2927 2640 3102 2690 πᾶσαν
3147 2640 3340 2706 ποιῶν,
3389 2635 3566 2691 ὀπίσω
3615 2657 3674 2692 τε
3737 2637 3856 2690 πάνυ

2219 2747 2313 2787 τας
2372 2731 2464 2780 τοῦ
2517 2725 2620 2780 ὑπὸ
2662 2731 2757 2781 σοῦ
2814 2723 3213 2801 κηρυττομέιου
3249 2731 3476 2802 Χριστοῦ
3507 2723 3852 2802 ἐπαγόμενος,

2219 2815 2306 2869 καὶ
2340 2812 2476 2888 μηδέ
2520 2813 2680 2888 ψιλοῦ
2723 2815 2844 2874 τοὺς
2887 2814 3033 2875 θεοὺς
3097 2814 3361 2889 ὀνόματος
3417 2813 3584 2878 ἀξιῶν
3623 2834 3641 2888 ς
3696 2816 3785 2872 Καὶ
3834 2816 3854 2866 ὅ

483 2923 650 2980 vero,
685 2905 753 2966 Et
785 2903 929 2985 quid
964 2893 1092 2965 sibi
1116 2907 1266 2982 vult,
1301 2893 1518 2986 inquit,
1572 2905 1722 2967 illud
1755 2893 2001 2967 Deifer?
2033 2903 2135 2967 Cui

2225 2906 2368 2960 θεῖος
2403 2901 2661 2980 Ἰγνάτιος
2699 2919 2711 2932 ⁸
2745 2902 2895 2978 Ἐγὼ
2927 2903 3061 2975 εἰμι,
3094 2902 3223 2982 ἔφη.
3262 2893 3318 2959 εΟ
3354 2900 3409 2958 δέ
3443 2917 3456 2931 ⁸
3517 2906 3623 2960 Καὶ
3671 2904 3722 2986 τί
3762 2902 3852 2957 ἐστι

489 3005 713 3075 martyr
745 3011 761 3057 :
797 2982 909 3068 Qui
934 2992 1262 3068 Christum,
1301 2982 1518 3074 inquit,
1555 2995 1901 3057 circumfert
1932 2996 1988 3054 in
2017 2994 2135 3055 ani«

2225 2993 2512 3071 Θεοφόρος,
2561 2989 2957 3048 διεπυνθάνετο.
2997 2992 3134 3067 Πρὸς
3184 2991 3242 3047 ’ὃν
3288 2993 3315 3046 ὁ
3361 2992 3565 3070 μάρτυρ
3602 3009 3617 3024 ’
3671 2982 3728 3049 Ὀ
3780 2992 3854 3045 τὸν

489 3103 607 3148 ma.
665 3084 998 3165 Imperator
1047 3092 1245 3144 autem
1286 3104 1299 3144 :
1350 3083 1440 3144 Tu
1474 3103 1639 3160 ergo,
1677 3084 1892 3162 inquit,
1931 3083 2135 3145 Chris-

2225 3088 2450 3156 Χριστὸν
2501 3080 2555 3135 ἐν
2600 3086 2668 3156 τῇ
2711 3085 2866 3160 ψυχῇ
2924 3079 3248 3158 περιφέρων,
3303 3078 3427 3159 ἔφη.
3481 3083 3583 3137 Καὶ
3645 3084 3672 3137 ὁ
3715 3082 3850 3156 βασι-

491 3183 611 3235 tum
648 3174 710 3234 in
741 3174 931 3253 teipso
986 3173 1392 3234 circumfers?
1447 3172 1644 3242 Certe,
1682 3173 1899 3253 inquit.
1933 3170 2135 3251 Scrip-

2225 3168 2341 3231 λεὺς
2379 3189 2390 3202 ·
2430 3171 2502 3224 Σὺ
2531 3170 2620 3225 οὖν
2653 3170 2706 3225 ἐν
2739 3171 2910 3244 ἑαυτῷ
2940 3172 3032 3225 τὸν
3079 3171 3306 3246 Χριστὸν
3352 3171 3686 3248 περιφέρεις,
3750 3171 3848 3241 Ναὶ,

488 3272 610 3322 tum
663 3270 755 3322 est
807 3261 1015 3323 enim:
1057 3286 1097 3339 «π
1131 3260 1427 3332 Habitabo
1478 3261 1540 3321 in
1594 3268 1680 3321 eis
1713 3270 1772 3322 et
1797 3260 2134 3321 inambula-

2225 3281 2354 3338 φησι
2391 3277 2404 3292 ·
2465 3259 2766 3338 γέγραπται
2798 3260 2898 3336 γάρ
2934 3277 2949 3294 ⁸
3002 3283 3030 3315 α
3065 3259 3368 3329 Ἐνοικήσω
3428 3259 3481 3315 ἐν
3525 3261 3740 3335 αὗτοῐς,
3781 3261 3851 3314 καὶ

488 3352 563 3412 bo
586 3351 634 3414 2.
676 3374 697 3407 υ
737 3349 894 3422 Quid
929 3367 1064 3410 vero
1100 3357 1254 3412 nos?
1286 3369 1404 3411 non
1437 3349 1716 3411 videmur
1748 3349 1854 3410 tibi
1883 3350 2138 3411 deorum

487 3439 724 3502 assidue
758 3437 1134 3513 meminisse,
1173 3447 1232 3500 et
1283 3457 1386 3501 eos
1417 3458 1660 3519 semper
1691 3440 1750 3500 in
1787 3439 1985 3500 anima
2015 3457 2139 3502 cir-

488 3528 813 3603 cumferre,
875 3545 1099 3608 eosque
1149 3529 1441 3589 inducere
1498 3528 1570 3590 ad
1620 3547 1794 3608 opem
1830 3529 2135 3591 ferendam

488 3628 701 3679 contra
734 3619 962 3693 hostes,
999 3626 1062 3680 et
1089 3636 1193 3698 per
1219 3636 1323 3679 eos
1354 3618 1559 3679 omnia
1589 3618 1814 3691 facere,
1849 3637 1981 3698 quae
2003 3627 2142 3679 sunt

486 3727 557 3768 ex
588 3707 771 3769 animi
830 3712 1173 3769 sententia?
1227 3707 1630 3788 Respondeas
1675 3717 1873 3769 autem
1906 3707 2141 3769 divinus

484 3798 795 3878 lgnatius:
857 3795 970 3858 Hei
1033 3797 1204 3871 mihi,
1267 3797 1484 3878 inquit,
1518 3797 1842 3858 simulacra
1872 3797 2139 3876 gentium

487 3888 634 3951 deos
667 3887 966 3950 nominas.
1009 3884 1176 3950 Unus
1223 3887 1386 3947 enim
1439 3887 1621 3958 Deus,
1680 3888 1900 3967 inquit,
1937 3905 2134 3957 verus,

487 3978 590 4058 qui
621 3977 757 4040 caeli
791 3984 847 4037 et
908 3984 1081 4037 terrae
1115 3985 1172 4039 et
1206 3977 1412 4048 maris,
1448 3985 1504 4037 et
1537 3977 1806 4038 omnium
1840 3995 1971 4057 quae
2000 3983 2140 4037 sunt

485 4068 548 4128 in
583 4068 728 4147 ipsis
752 4073 844 4128 est
875 4073 1132 4129 creator.
1166 4064 1334 4128 Unus
1359 4064 1630 4128 Christus
1659 4068 1855 4145 Iesus,
1897 4065 2003 4128 Dei
2035 4065 2135 4126 Fi-

486 4157 606 4217 lios
637 4155 1008 4234 unigenitus,
1071 4157 1247 4234 cujus
1284 4155 1454 4235 regni
1489 4175 1605 4216 non
1639 4165 1729 4218 est
1757 4156 1912 4216 ﬁnis.
1949 4154 2134 4227 Quem

490 4245 541 4306 si
576 4254 634 4306 tu
667 4262 1052 4324 agnosceres,
1087 4263 1121 4306 ο
1148 4245 1498 4325 imperator,
1533 4255 1593 4306 et
1625 4265 1890 4326 purpura
1921 4246 2142 4325 ipsa,et

491 4334 788 4409 diadema,
850 4341 909 4395 et
965 4334 1220 4397 thronus
1265 4335 1496 4416 regius,
1558 4335 1825 4396 ﬁrmiora
1857 4347 2056 4396 essent
2084 4343 2142 4396 et

494 4423 831 4487 stabiliora.

576 4515 994 4596 V.Imperator
1013 4513 1327 4588 veroJizec
1351 4524 1470 4576 tam
1501 4515 2137 4596 multa,inquit,mitta-

2223 3349 2670 3426 éunepman‘pw.
2711 3370 2734 3406 ιι
2776 3349 2830 3407 Τί
2889 3347 2968 3404 δαὶ
3006 3351 3148 3423 ἡμᾶς
3185 3368 3203 3424 ;
3240 3347 3300 3406 οῦ
3329 3371 3413 3405 σοι
3446 3348 3713 3425 δοιοῦμεν
3740 3354 3850 3405 θεῶν

2224 3442 2525 3513 μεμνῆσθαι
2590 3436 2876 3509 διηνεκῶς,
2920 3440 3010 3494 καὶ
3043 3439 3263 3502 τούτους
3296 3439 3348 3494 ἐν
3394 3446 3462 3509 τῇ
3507 3445 3671 3521 ψυχῇ
3698 3440 3846 3519 φέρειν

2223 3528 2303 3584 ἀεὶ
2363 3530 2685 3607 συμμάχους
2744 3549 2800 3584 τε
2861 3530 3052 3592 αὐτοὺς
3085 3529 3222 3585 κατὰ
3261 3530 3369 3585 τῶν
3416 3529 3632 3609 ἐχθρῶν
3665 3529 3845 3605 ἐπαγὸ-

2226 3640 2397 3692 μενοι,
2445 3621 2534 3674 καὶ
2577 3616 2644 3672 δι’
2700 3618 2872 3675 αὒτῶν
2929 3617 3102 3674 πάντα
3133 3625 3410 3681 ποιοῦντες
3469 3621 3534 3675 τὰ
3564 3622 3704 3676 κατά
3738 3619 3844 3696 κνώ-

2224 3731 2333 3782 μην
2371 3728 2385 3788 ;
2437 3710 2533 3766 Καὶ
2577 3705 2860 3763 ὑπολαϐὼν
2891 3709 2918 3762 ὁ
2949 3711 3095 3769 θεῖος
3129 3707 3392 3784 Ἰγνάτιος
3425 3723 3439 3738 ⁸
3488 3716 3623 3784 Φεῦ,
3687 3708 3760 3764 ὅτι
3796 3708 3844 3759 τὲ

2224 3795 2446 3870 εἴδωλα,
2483 3795 2609 3875 ἔφη,
2643 3797 2750 3853 τῶν
2783 3797 2948 3853 ἐθνῶν
3005 3797 3179 3877 θεοὺς,
3242 3797 3486 3874 βασιλεῦ,
3531 3791 3835 3874 ὀνομάζειςί

2226 3891 2321 3950 Εἷς
2378 3886 2478 3964 γὰρ
2547 3888 2676 3949 Θεὸς
2731 3885 2961 3959 ἀληθὴς,
3023 3887 3080 3947 ὃς
3143 3888 3366 3963 ούρανοῦ
3423 3909 3479 3942 τε
3527 3891 3618 3944 καὶ
3649 3896 3745 3966 γῆς
3771 3884 3843 3941 καὶ

2221 3975 2494 4041 θαλάσσης
2538 3977 2625 4031 καὶ
2655 3981 2762 4031 τῶν
2802 3978 2856 4030 εν
2901 3980 3087 4039 αὐτοῖς
3132 3976 3348 4032 πάντων
3405 3976 3517 4032 ἐστὶ
3574 3979 3834 4044 ποιητής·

2221 4066 2306 4128 εἷς
2359 4066 2584 4142 Χριστὸς
2641 4064 2878 4136 Ἰησοῦς,
2925 4067 2951 4121 ὃ
2995 4063 3088 4120 τοῦ
3133 4071 3266 4120 Θεοῦ
3299 4067 3593 4143 μονογενὴς
3633 4070 3764 4143 Υἱὸς,
3792 4062 3842 4118 οὗ

2220 4159 2317 4220 τῆς
2374 4153 2646 4230 βασιλείας
2708 4155 2801 4209 οῦκ
2845 4153 2992 4209 ἔσται
3019 4153 3173 4216 τέλος
3209 4170 3223 4183 ⁶
3261 4155 3319 4210 ὃν
3355 4156 3399 4210 εἰ
3428 4159 3527 4212 καὶ
3573 4157 3729 4217 αὒτὸς
3757 4157 3839 4208 ἒπ-

2227 4244 2419 4320 ἐγνως,
2465 4245 2509 4297 ὡ
2566 4243 2809 4322 βασιλεῦ²
2866 4242 3053 4317 πολλῷ
3085 4241 3146 4300 ἂν
3179 4242 3214 4310 ἦ
3245 4265 3300 4300 τε
3330 4231 3581 4322 ἀλουργίς
3618 4269 3698 4301 σοι
3731 4243 3842 4304 αὕτη

2225 4333 2311 4388 καὶ
2368 4333 2430 4387 τὸ
2487 4330 2720 4406 διάδημα
2763 4333 2853 4389 καὶ
2897 4334 2922 4387 ὁ
2982 4331 3264 4407 βασιλικὸς
3314 4331 3497 4410 θρόνος
3548 4331 3840 4409 βεϐαιότερι

2223 4423 2360 4489 ἦσαν
2391 4423 2480 4478 καὶ
2509 4420 2708 4497 κομιδῇ
2740 4423 3106 4498 μονιμώτερα,

2311 4501 2386 4568 δ’.
2441 4522 2535 4570 Και
2590 4513 2616 4567 ὁ
2665 4510 2914 4587 βασιλεύς
2952 4531 2962 4543 ·
3013 4515 3089 4569 Τὰ
3119 4512 3219 4587 μὲν
3250 4511 3426 4570 πολλά
3457 4522 3621 4572 ταῦτα
3654 4515 3840 4595 χαίρειν

496 4592 1063 4678 ιηιιε.Τιιάυιθιῐι,8ἰ
1087 4605 1518 4686 velis,inquit,o
1542 4592 1910 4684 Ignati,meae
1933 4613 2135 4684 poten-

2225 4601 2420 4676 ἐῶμεν,
2471 4601 2542 4656 Σὺ
2587 4598 2664 4680 δὲ,
2727 4602 2772 4656 εἰ
2828 4600 3028 4676 βούλει,
3063 4602 3218 4680 φησὶ,
3264 4601 3514 4679 ’[γνάτιε,
3550 4605 3617 4660 τὰ
3659 4592 3845 4680 μεγάλα

499 4695 597 4757 tiae
621 4711 748 4756 rem
773 4695 975 4756 facere
993 4694 1486 4773 gratissimam,et
1506 4695 1580 4756 de
1606 4705 1820 4756 caetero
1846 4693 2055 4755 referri
2083 4695 2140 4754 in

499 4802 819 4846 numerum
846 4801 1114 4846 meorum
1139 4785 1495 4854 amicorum,
1527 4784 1637 4846 hac
1663 4791 1861 4845 mente
1897 4789 2140 4853 mutata,

499 4873 614 4935 diis
630 4873 939 4936 nobiscum
957 4873 1534 4938 sacriﬁcuetstatim
1552 4872 1763 4945 (sciant
1783 4872 1894 4953 ipsi
1911 4881 2137 4943 omnes)

498 4973 556 5026 te
589 4963 785 5042 magni
813 4961 977 5025 Jovis
1009 4963 1366 5025 constituam
1420 4963 1785 5044 pontiﬁcem,
1826 4972 1882 5024 et
1914 4971 2142 5039 patrem

502 5057 820 5115 nominabo
847 5057 1326 5114 senatus.Adbaec
1350 5057 1582 5113 divinus
1614 5057 1896 5128 Ignatius:
1923 5057 2144 5113 Gratias

501 5143 745 5225 quidem
780 5141 1072 5220 praebere,
1105 5161 1140 5203 o
1174 5142 1522 5222 imperator,
1584 5140 1862 5203 omnibus
1905 5139 2145 5219 quidem

504 5244 593 5296 est
644 5233 1018 5314 pulchrum:
1077 5233 1336 5293 maxime
1393 5239 1595 5293 autem
1657 5229 2144 5310 imperatoribus,

504 5325 662 5402 quod
692 5323 926 5403 possint
950 5323 1066 5403 ipsi
1081 5321 1345 5403 amplius
1368 5320 1710 5401 gratiﬁcari:
1747 5319 1848 5380 sed
1885 5337 2135 5396 eas,qua

2233 5316 2440 5374 δυνατοὶ
2498 5316 2565 5372 τὰ
2607 5317 2773 5389 μείζω
2828 5315 2986 5374 πάλιν
3050 5315 3491 5396 ἀντιχαρίσασθαι
3527 5333 3542 5348 ⁶

581 5483 610 5533 2
639 5486 690 5547 ll
722 5483 858 5546 Cor.
891 5501 974 5563 v1,
1012 5484 1110 5546 16.

2228 4697 2302 4763 τῷ
2365 4691 2480 4764 ἐμῷ
2535 4691 2715 4766 κράτει
2747 4692 3073 4769 χαρίοασθαι
3109 4693 3190 4748 καὶ
3224 4705 3342 4756 τοῖς
3375 4693 3531 4767 ἐμοῖς
3560 4702 3656 4749 τοῦ
3685 4694 3848 4748 λοιπού

2229 4782 2602 4838 συντάττεσθαι
2657 4779 2863 4858 φίλοις,
2910 4782 3004 4846 τῆς
3053 4781 3305 4847 τοιαύτης
3352 4783 3578 4858 γνώμης
3625 4778 3845 4854 μεταϐα-

2227 4870 2361 4948 λὼν,
2419 4874 2573 4927 θῦσον
2620 4870 2709 4925 σὺν
2753 4872 2891 4943 ἡμῖν
2937 4881 3053 4932 τοῖς
3092 4871 3242 4931 θεοῖς
3279 4872 3363 4925 καὶ
3396 4873 3580 4927 αὐτίκα
3607 4873 3846 4947 (ἔστωσαν

2229 4961 2384 5016 αὒτοὶ
2429 4959 2654 5036 πάντες)
2714 4958 2971 5038 ἀρχιερέα
3018 4979 3075 5014 σε
3107 4966 3199 5014 τοῦ
3229 4958 3467 5035 μεγάλου
3523 4962 3648 5024 Διὸς
3700 4979 3844 5015 κατα-

2231 5051 2437 5127 στήσω,
2475 5047 2544 5104 δι’
2575 5051 2602 5103 ὃ
2659 5050 2747 5103 καὶ
2804 5047 3005 5124 πατέρα
3053 5053 3151 5114 τῆς
3183 5047 3380 5123 βουλῆς
3413 5051 3686 5124 ὀνομάσω.
3735 5049 3846 5123 Πρὸς

2229 5145 2395 5194 ταῦτα
2429 5140 2454 5192 ὃ
2488 5137 2754 5215 Θεοφάρος
2793 5154 2806 5167 ⁸
2843 5139 3078 5215 Χάριτας
3117 5137 3214 5209 μὲν
3247 5137 3533 5217 παρέχειν,
3565 5138 3845 5216 ὦβατιλεῦ,

2231 5229 2325 5283 καί
2372 5233 2503 5283 πᾶσι
2534 5225 2722 5296 καλὸν,
2758 5226 2994 5302 μάλιστα
3025 5224 3079 5280 δὲ
3110 5225 3439 5307 βασιλεῦσιν,
3464 5228 3576 5300 ὅσῳ
3603 5234 3690 5285 καὶ
3722 5223 3849 5284 αἱ»τοί

3604 5319 3738 5376 ἀλλὰ
3775 5316 3850 5372 τὰς

587 5621 664 5698 (3)
698 5617 992 5699 Ignatium
1017 5625 1154 5679 ante
1179 5616 1503 5699 Trajanum
1554 5617 1730 5681 etiam
1762 5637 1795 5680 a
1837 5615 2178 5699 Domitiano
2206 5612 2686 5694 persecutionem
2721 5628 2959 5692 passum
2997 5628 3069 5673 ex
3106 5609 3318 5692 Ignatii
3361 5610 3535 5692 epist.
3572 5611 3611 5672 4
3642 5609 3710 5672 ad
3747 5607 3852 5672 Ma-

503 5695 654 5762 riam
687 5696 1144 5780 Cassobolitem,
1181 5695 1474 5763 memorat
1514 5699 1808 5765 Baronius
1853 5696 1928 5761 ad
1973 5715 2070 5761 an.
2110 5695 2212 5762 93-
