4020 6206
251 351 406 419 1273
1421 354 1606 416 VITA
1651 354 1712 416 S.
1753 352 2055 416 IGNATII
2102 352 2434 416 DEIFERI.
3483 357 3633 426 1274

235 491 550 556 λυσιτελεῖς
610 488 821 554 πάντως
879 489 968 544 καὶ
1028 485 1332 567 ὠφελίμους
1392 487 1734 566 ἄμφοτέροις,
1802 487 1932 548 τὰςλ

2017 495 2123 549 unt
2153 489 2398 550 omnino
2440 488 2706 570 utrisque
2738 488 2914 551 utiles
2946 496 3003 550 et
3035 490 3448 555 conducibiles
3484 513 3498 558 ε
3533 514 3634 558 eas

239 583 301 639 δὲ
360 582 622 658 βλάπτειν
665 579 754 634 καί
806 576 1040 652 μάλιστᾶ
1099 599 1160 655 γε
1215 577 1402 655 ψυχὴν
1463 575 1755 653 δυναμένας
1815 574 1906 632 καὶ

2016 593 2154 650 'ero,
2185 597 2317 658 qua:
2350 589 2602 659 possunt
2634 579 2850 641 lzedere
2881 588 2938 640 et
2971 581 3228 643 maxime
3257 583 3544 658 animam,
3580 594 3639 647 et

240 670 606 752 σφοδροτέραν
658 669 791 740 αὒτῇ
823 673 915 722 τοῦ
964 669 1128 744 πυρὸς
1156 668 1255 733 τὴν
1304 666 1522 744 γέενναν
1553 668 1904 744 ὕπανάπτειν,

2016 667 2676 747 'ehementioremignis
2703 669 3040 747 gehennam
3073 676 3125 731 ei
3160 673 3642 751 ascendere,non

244 763 358 840 οὐχ
388 764 415 817 ὃ
466 758 634 822 διδοὺς
686 758 872 831 μόνον,
908 755 1046 812 ἀλλὰ
1089 758 1178 813 καὶ
1229 759 1256 812 6
1306 757 1466 812 αἰτῶν
1498 756 1654 818 αὖτὸς
1705 754 1908 812 ἀθλιώ-

241 873 440 913 τατος,
487 847 783 921 Θαυμαστὴ
841 845 896 901 δὲ
956 869 1072 920 σου,
1102 844 1346 922 βασιλεῦ,
1399 847 1485 901 καὶ
1538 845 1912 923 μεγαλόδωρος

243 944 283 1010 ἡ
333 936 676 1016 ἐπαθγελεία,
711 935 770 992 Τί
812 936 936 1013 γὰρ,
970 936 1088 1009 ἐμοὶ
1132 937 1192 990 τὸ
1222 941 1316 990 τοῦ
1359 935 1502 1012 παρὰ
1532 937 1614 990 σοὶ
1658 935 1914 1012 μεγίστου

249 1033 383 1094 Διὸς
440 1032 712 1092 καστῆναι
775 1023 1032 1104 ἂρχιερέα
1089 1026 1174 1080 καὶ
1245 1023 1443 1100 βουλῆς
1504 1024 1705 1102 πατέρα
1771 1023 1914 1089 κλη-

245 1125 434 1195 θῆναι,
468 1118 605 1194 ἱερεῖ
665 1138 721 1172 τε
780 1113 892 1172 ὅντι
947 1121 1174 1194 Χριστοῦ
1221 1117 1307 1170 καὶ
1365 1114 1545 1170 θυσίαν
1594 1113 1738 1184 αὐτῷ
1797 1112 1914 1170 καθ’

244 1211 489 1274 ἑκάστην
542 1205 797 1268 αἰνέσεως
842 1205 1040 1284 θύοντι,
1094 1203 1200 1271 ἤδη
1253 1202 1307 1260 δὲ
1351 1205 1442 1260 καὶ
1485 1202 1611 1259 ὅλον
1681 1203 1914 1276 ἐμαυτὸν

248 1300 570 1358 καταθύσειν
633 1295 970 1372 ἐπειγομένῳ
1019 1297 1107 1350 καὶ
1166 1295 1433 1371 σύμγυτον
1464 1295 1642 1350 θέσθαι
1700 1294 1778 1366 τῷ
1824 1300 1916 1351 τοῦ

244 1389 483 1447 θανάτου
541 1385 705 1443 αὐτοῦ
763 1384 1093 1458 ὁμοιώματι.
1144 1385 1244 1442 Καὶ
1307 1387 1334 1438 ὁ
1392 1381 1669 1458 βασιλεύςο
1716 1386 1829 1440 Τίνι
1859 1378 1914 1436 δὲ

249 1477 500 1541 σπεύδείς
555 1475 746 1530 ἑαυτὸν
788 1477 1100 1546 καταθῦσαι,
1136 1476 1214 1546 τῷ
1263 1472 1348 1530 ἐπὶ
1395 1474 1617 1530 Ποντίου
1669 1492 1914 1550 σταυρω-

250 1568 400 1626 θέντι
458 1563 743 1637 Πιλάτου;
807 1565 930 1637 Ναὶ,
990 1565 1151 1641 φησὶν
1208 1565 1235 1619 ὁ
1289 1561 1459 1640 μέγας
1519 1562 1802 1640 Ἰγνάτιος,
1845 1563 1924 1619 τῶ

252 1659 362 1725 τὴν
433 1656 696 1733 ἁμαρτίαν
740 1652 1208 1730 ἂνασταυρώσαντι
1259 1654 1341 1710 καί
1403 1654 1492 1708 τὸν
1551 1651 1771 1731 εὖρετὴν
1831 1651 1924 1706 αὒ-

253 1753 363 1813 τῆς
422 1742 672 1802 διάϐολον
716 1741 998 1799 καθελόντι
1058 1744 1146 1798 καὶ
1184 1749 1361 1798 πᾶσαν
1417 1740 1504 1798 διὰ
1562 1749 1656 1799 τοῦ
1699 1745 1925 1817 σταυροῦ

1994 756 2046 816 is
2099 758 2197 836 qui
2241 757 2341 818 dat
2389 760 2605 832 solum,
2661 760 2764 820 sed
2820 759 2997 820 etiam
3052 760 3151 840 qui
3200 763 3367 840 petit,
3401 773 3460 824 et
3513 765 3642 845 ipse

1994 846 2389 910 miserrimus.
2441 847 2828 911 Admirabilis
2873 861 3097 922 autem,
3134 869 3166 911 ο
3200 850 3548 932 imperator,
3583 867 3644 915 et

1996 933 2280 995 muniﬁca
2305 945 2390 996 est
2419 946 2513 997 tua
2539 937 2882 1015 promissio.
2917 937 3247 1010 Quidenim
3277 959 3405 1002 mea
3430 942 3636 1016 relert,

1998 1042 2032 1084 a
2063 1031 2119 1085 te
2151 1025 2391 1086 maximi
2433 1026 2593 1087 Jovis
2621 1026 2900 1088 constitui
2931 1027 3271 1106 pontiﬁcem
3309 1049 3326 1110 ;
3356 1037 3414 1092 et
3444 1034 3640 1094 vocari

2001 1123 2228 1194 patrem
2276 1123 2542 1195 senatus,
2575 1116 2675 1192 qui
2728 1133 2860 1177 sum
2895 1115 3112 1178 Christi
3162 1119 3466 1195 sacerdos,
3501 1129 3561 1182 et
3589 1121 3646 1182 ei

1995 1204 2268 1284 quotidie
2292 1206 2564 1267 sacriﬁco
2590 1205 2950 1268 sacriﬁcium
2976 1207 3188 1288 laudis,
3216 1220 3273 1270 et
3289 1208 3413 1288 jam
3449 1218 3638 1272 totum

2000 1311 2093 1354 me
2125 1293 2316 1373 ipsum
2341 1312 2601 1374 propero
2631 1293 2967 1370 immolare,
2989 1304 3048 1358 et
3074 1297 3316 1360 efﬁcere
3339 1298 3645 1380 complan-

1998 1390 2182 1444 tatum
2207 1385 2336 1463 ejus
2371 1383 2579 1445 mortis
2609 1384 3069 1448 similitudini“
3098 1386 3435 1465 Imperator
3452 1407 3589 1451 vero
3623 1408 3637 1451 :

2003 1471 2277 1552 Cuinam,
2314 1472 2530 1553 inquit,
2550 1473 2796 1536 festinas
2824 1475 3082 1556 teipsum
3115 1477 3446 1551 immolare,
3480 1479 3641 1557 eine,

2005 1566 2100 1637 qui
2135 1582 2171 1621 a
2200 1565 2405 1623 Pontio
2436 1565 2615 1624 Pilato
2649 1568 2708 1623 in
2742 1582 2973 1625 crucem
3013 1569 3118 1626 fuit
3156 1573 3346 1627 actus?
3385 1572 3648 1637 Maxime.

2005 1649 2200 1732 inquit
2239 1669 2486 1729 magnus
2532 1653 2819 1731 lgnatius,
2854 1652 2932 1726 ei,
2967 1654 3069 1735 qui
3097 1664 3407 1734 peccatum
3453 1657 3654 1719 cruci-

2009 1741 2230 1815 ﬁxit,et
2261 1741 2389 1819 ejus
2411 1739 2781 1802 inventorem
2801 1741 3097 1807 destruxit
3120 1744 3513 1818 diabolum,et
3533 1765 3658 1808 om-

256 1834 476 1894 ἐκείνου
535 1833 758 1907 δύναμιν
787 1833 1212 1909 καταργήσαντι.
1257 1831 1409 1894 Αὖθις
1442 1832 1530 1887 οὗν
1563 1835 1590 1887 6
1646 1829 1921 1908 βασιλεύς·

2016 1846 2146 1890 nem
2181 1829 2312 1908 ejus
2345 1831 2667 1908 potentiam
2699 1849 2806 1910 per
2835 1849 3072 1893 crucem
3117 1833 3396 1896 abolevit.
3431 1834 3659 1897 Rursus

258 1924 493 1988 ’Έοικάς
549 1943 668 1997 μοι,
730 1920 924 1999 φησίν,
1001 1920 1256 2000 Ἰγνάτιε,
1313 1922 1536 1998 κρίσεως
1607 1921 1765 1996 ὀρθῆς
1831 1913 1921 1975 καὶ

260 2016 456 2095 φρενὸς
513 2014 682 2087 ὑγιῶς
715 2011 956 2089 ἐχούσης
1014 2010 1217 2088 ἕρημος
1262 2011 1578 2086 τοπαράπαν
1635 2014 1802 2066 εἷται·
1861 2009 1923 2064 οὗ

257 2106 362 2184 γὰρ
422 2102 484 2158 ἂν
515 2102 654 2159 οὕτω
685 2106 933 2177 φανερῶς
965 2113 1090 2164 ταῖς
1147 2106 1255 2156 τῶν
1287 2105 1634 2177 Χριστιανῶν
1683 2105 1921 2176 Γραφαῐς

267 2193 612 2269 ἔξηπάτησο,
643 2188 766 2245 ἀλλ’
817 2188 982 2265 ἔγνως
1033 2189 1275 2264 πάντως,
1325 2188 1514 2256 ἡλίκον
1570 2189 1770 2265 ἀγαθὸν
1818 2189 1923 2264 βα-

263 2295 502 2344 σιλικοῖς
556 2282 822 2338 πείθεσθαι
879 2276 1205 2357 διατάγμασι
1277 2280 1366 2336 καὶ
1421 2282 1533 2343 θεῖς
1593 2278 1730 2353 μετὰ
1787 2277 1927 2335 πάν-

268 2395 373 2430 των
433 2368 749 2448 προσφέρειν
807 2368 1011 2430 θυσίας.
1085 2369 1222 2445 Πρὸς
1282 2374 1450 2424 ταῦτα
1494 2368 1694 2442 μείζονι
1764 2365 1926 2423 πάλιν

269 2464 297 2518 6
355 2461 502 2538 ἅγιος
549 2459 898 2538 χρησάμενος
944 2456 1232 2535 παῤῥησίᾳ·
1285 2459 1344 2514 Ei
1389 2459 1478 2512 καὶ
1535 2456 1739 2530 θηρίοις
1791 2455 1926 2511 ἆναο

270 2550 488 2623 λώσεις,
526 2548 652 2629 ἔφη,
685 2550 730 2604 εἰ
786 2547 874 2603 καὶ
928 2551 1138 2621 σταυρῷ
1178 2568 1245 2620 με
1305 2559 1675 2619 κατακρινεϊς,
1739 2546 1783 2600 εἰ
1841 2555 1926 2610 οιαὶ

269 2640 415 2702 αύτῷ
450 2638 583 2718 ξίφει
642 2639 731 2694 καὶ
789 2637 912 2713 πυρὶ
984 2635 1348 2713 παραδώσεις,
1396 2636 1428 2689 ἃ
1475 2637 1572 2710 τῇς
1635 2635 1730 2702 σῆς
1773 2633 1926 2698 ἐξου-

268 2729 414 2808 σίας,
446 2727 595 2786 ἓστίν
657 2729 752 2784 οὐκ
807 2724 870 2783 ἄν
918 2746 1051 2781 ποτε
1111 2727 1293 2780 θυσίαν
1350 2724 1458 2802 ἐγὼ
1500 2723 1716 2798 δαίμοσι
1757 2745 1927 2801 προσ-

272 2832 521 2896 ενεγκεῖν
566 2816 890 2895 ἂνάσχοιμι,
938 2813 1058 2871 οὕτε
1105 2815 1205 2892 γὰρ
1259 2813 1485 2871 θάνατον
1543 2811 1773 2886 δέδοικα,
1809 2813 1927 2868 οὔτε

271 2911 421 2966 ποθῶ
462 2908 530 2964 τὰ
586 2907 850 2984 παρόντα,
899 2907 974 2961 ὦν
1043 2905 1203 2977 ὁμεϊς
1264 2905 1433 2980 κύριοι
1505 2902 1765 2982 παρέχειν
1831 2904 1925 2966 τὰς

271 2997 620 3074 ἀπολαύσεις,
655 2993 794 3050 ἀλλὰ
836 3000 942 3050 τῶν
989 2991 1299 3068 μελλόντων
1341 2991 1576 3070 ἐφίεμαι,
1613 2995 1702 3048 καὶ
1751 3014 1925 3049 σπου-

270 3085 334 3156 δή
381 3109 476 3161 μοι
526 3091 668 3142 πᾶσα
698 3085 831 3162 πρὸς
883 3085 977 3141 τὸν
1007 3083 1137 3156 ὑπὲρ
1169 3081 1302 3157 ἐμοῦ
1349 3081 1683 3140 ἀποθανόντα
1728 3079 1923 3148 διαϐῆ-

272 3201 358 3236 ναι
390 3176 642 3254 Χριστόν,

351 3265 454 3341 ς’,
509 3264 629 3344 Ἐφ’
661 3265 753 3326 οἷς
787 3263 839 3330 ἐξ
870 3261 1155 3342 ἀγχινοίας
1201 3260 1358 3328 δῆθεν
1385 3263 1419 3330 ἡ
1455 3260 1760 3339 σύγκλητος
1803 3261 1927 3317 ἐπι-

277 3355 529 3414 λαϐέσθαι
586 3355 888 3430 βουλομένη
921 3360 1014 3409 τοῦ
1051 3353 1339 3430 μάρτυρος’
1401 3352 1460 3409 Τί
1517 3349 1572 3406 δὲ
1631 3351 1931 3426 συνομολο-

276 3459 397 3525 γεϊς
451 3445 681 3524 ἔφησον,
712 3445 801 3501 καὶ
853 3444 1036 3517 αὐτὸς,
1065 3443 1312 3498 τεθνάιαι
1371 3464 1466 3500 σου
1497 3442 1586 3496 τὸν
1634 3442 1786 3497 Θεόν’
1847 3443 1934 3497 καὶ

278 3543 392 3602 πῶς
446 3535 508 3591 ἂν
570 3537 598 3590 6
655 3534 882 3590 θάνατον
923 3533 1156 3596 ὑποστὰς
1228 3532 1318 3588 καὶ
1373 3532 1599 3587 θάνατον
1667 3532 1936 3608 ἒπάρατον

278 3625 470 3705 οὕτως,
504 3624 715 3702 ἑτέρους
774 3621 1056 3702 ὠφελῆσαι
1091 3619 1312 3685 δυνατὸς
1372 3621 1518 3677 ἔσται
1556 3641 1572 3691 ;
1637 3623 1684 3677 οἱ
1713 3622 1816 3677 θεοὶ
1878 3619 1931 3674 δὲ

277 3717 526 3774 ἀθάνατοί
569 3714 625 3771 τέ
657 3715 782 3787 εἶσι,
815 3714 908 3771 καὶ
967 3709 1095 3790 παρ’
1142 3713 1296 3785 ἡμῶν
1355 3709 1629 3787 λέγονται.
1667 3708 1761 3767 Ἐκ
1803 3709 1931 3765 τού-

277 3827 369 3861 του
401 3803 690 3878 Ααέόμενος
740 3803 989 3882 ἀφορμῆς
1023 3803 1050 3856 6
1112 3803 1256 3862 θεῖος
1301 3797 1586 3876 Ἰγνάτιος,
1621 3798 1762 3855 ὥστε
1801 3801 1935 3873 ὁμοῦ

283 3897 384 3970 μὲν
442 3893 565 3955 τοὺς
617 3891 834 3948 ἐκείνων
888 3891 1299 3967 διαμυκτηρίσαι
1345 3893 1518 3968 θεοὺς,
1553 3890 1690 3962 ὁμοῦ
1734 3887 1789 3943 δὲ
1849 3889 1936 3944 καὶ

279 3987 372 4043 τοῦ
428 3984 527 4051 τῆς
584 3984 890 4056 οἰκονομίας
949 3981 1242 4057 μυστηρίου
1308 3979 1467 4054 θύραν
1521 3980 1706 4043 αὒτοῖς
1744 4000 1937 4057 παραν-

283 4073 416 4140 οίξαι
472 4074 562 4129 καὶ
621 4071 788 4134 οὕτως
861 4073 935 4134 εἰς
1001 4073 1178 4126 πίστιν
1223 4068 1638 4148 χειραγωγῆσαι
1690 4069 1788 4136 τῆς
1845 4075 1937 4124 τοῦ

283 4171 415 4222 Θεοῦ
474 4163 750 4241 γνώσεως,
813 4160 952 4217 οὕτω
1009 4158 1194 4215 διεϊθει
1238 4159 1361 4221 τοὺς
1423 4157 1640 4234 λόγους·
1690 4149 1747 4215 Ὀ
1806 4159 1936 4232 ἐμὸς

286 4252 474 4330 Κύριος
533 4253 643 4308 κσιὶ
703 4255 834 4312 Θεὸς
898 4248 1108 4316 Ἰησοῦς
1162 4249 1386 4326 Χριστὸς
1453 4254 1635 4324 πρῶτα
1694 4247 1792 4321 μὲν
1837 4247 1935 4303 ἅν-

288 4347 494 4420 θρωπος
553 4339 767 4419 ἐγένετο
823 4338 892 4395 δι’
963 4341 1132 4413 ἡμᾶς,
1191 4353 1278 4394 καί
1343 4337 1441 4402 τὴν
1501 4338 1768 4402 σωτηρίαν
1839 4337 1938 4402 τὴν

288 4433 551 4510 ἡμετεραν
615 4434 697 4488 (αἱ
764 4432 988 4506 σταυρὸν
1053 4427 1356 4484 ἐθελούσιον
1412 4425 1502 4481 καὶ
1572 4427 1796 4482 θάνατον
1853 4427 1938 4481 καὶ

289 4524 462 4602 ταφὴν
511 4519 857 4598 κατεδέξαοο,
889 4518 1034 4585 πλὴν
1086 4516 1207 4572 ἀλλ’
1240 4515 1436 4581 ἀνέστη
1498 4513 1659 4570 πᾶλιν
1690 4517 1763 4578 εἷς
1820 4519 1937 4590 τρία

289 4635 388 4678 την
434 4611 664 4689 ἡμέραν,
699 4620 792 4668 τοῦ
851 4607 1048 4688 ἐχθροῦ
1101 4608 1161 4662 τὸ
1221 4605 1412 4681 κράτος
1469 4603 1814 4684 καταλαϐὼν,
1849 4606 1938 4660 καί

291 4704 365 4764 εἷς
425 4702 679 4779 οὐρανοὺς
751 4698 1004 4770 ἀνῆλθεν,
1063 4698 1178 4753 ὅθεν
1238 4694 1486 4768 ἐλήλυθε,
1543 4696 1944 4765 συναναστήσας

290 4794 438 4866 ἡμᾶς
499 4801 590 4849 τοῦ
646 4795 746 4857 τῆς
807 4789 1066 4864 ἁμαρτίας
1128 4785 1442 4859 πτώματος,
1490 4788 1586 4839 καὶ
1645 4785 1946 4860 εἰσαγαγὼν

297 4881 435 4945 αἴθις
498 4883 571 4945 εἷς
628 4883 720 4936 τὸν
775 4877 1122 4955 παράδεισον,
1183 4876 1244 4931 οὗ
1315 4879 1496 4936 κακῶς
1557 4872 1942 4952 ἐξεϐλήθημεν,

297 4974 385 5027 καὶ
453 4972 660 5045 μείζοσι
723 4974 830 5023 τῶν
905 4966 1174 5044 προτέρων
1247 4965 1473 5041 ἀγαθοῖς
1545 4961 1944 5041 δωρησάμενος,

296 5060 416 5118 τὈτι
468 5058 524 5116 δὲ
555 5059 796 5118 τοιοῦτόν
827 5080 876 5113 τι
927 5057 1034 5112 τξόν
1064 5054 1192 5132 παρ’
1238 5055 1368 5127 ὑμῖν
1399 5052 1760 5127 νομιζομένων
1815 5057 1949 5112 θεῶν

298 5172 375 5212 τις
434 5149 755 5227 ἐπεδείξοτο,
811 5145 978 5209 οὐδεὶς
1036 5151 1141 5200 τῶν
1189 5145 1403 5199 πάντων
1461 5143 1523 5196 ἃν
1587 5143 1947 5222 ἰσχυρίσαιτο,

297 5225 597 5316 ηΛσθρωποι
660 5225 761 5313 γὰρ
822 5236 988 5307 οὗτοι,
1025 5233 1312 5306 κοκοῦργοι
1357 5229 1552 5307 κομιδῇ
1593 5234 1680 5290 καὶ
1735 5237 1948 5312 φθορετς

297 5329 601 5406 γενόμενοι,
639 5327 728 5382 καὶ
785 5323 962 5382 πολλὰ
1013 5323 1099 5380 ἐπὶ
1153 5319 1328 5398 βλάϐῃ
1387 5323 1475 5377 καὶ
1543 5320 1795 5400 διαφθορᾷ
1853 5330 1951 5390 τῆς

298 5419 559 5494 ἡμετέρας
618 5421 762 5487 ζωῆς
811 5436 869 5471 τε
928 5415 1018 5470 καὶ
1074 5415 1173 5480 τῆς
1207 5412 1587 5474 καταστάσεως
1643 5411 1948 5489 ἐργασάμε-

303 5531 378 5563 νοι
415 5509 608 5584 μικράν
652 5506 708 5563 τέ
757 5528 878 5562 τινα
936 5502 1085 5568 δόξων
1137 5502 1270 5559 θεῶν
1332 5500 1424 5556 καί
1482 5502 1772 5579 φαντασίαν
1834 5519 1951 5567 τοῖς

383 5685 416 5735 5
448 5686 628 5749 Rom.
656 5699 739 5760 VI,
772 5683 834 5747 5.

1946 3221 1988 3272 C

2007 1929 2208 1981 autem
2234 1920 2583 1997 imperator:
2619 1918 2884 1994 Videris,
2915 1921 3132 2002 inquit,
3171 1923 3342 1998 mihi,
3377 1943 3410 1985 ο
3440 1923 3655 2004 Ignati,

2007 2008 2261 2071 omnino.
2286 2015 2451 2069 recto
2500 2026 2706 2072 carere
2735 2009 2967 2088 judicio
3000 2019 3060 2073 et
3093 2029 3232 2072 sana
3269 2022 3495 2076 mente.
3528 2013 3656 2075 Non

2008 2098 2170 2162 enim
2195 2107 2311 2160 tam
2329 2107 2538 2179 aperte
2569 2097 2782 2160 fuisses
2813 2100 3100 2182 deceptus
3131 2103 3460 2184 Scripturis
3492 2103 3661 2166 Chri-

2009 2189 2366 2262 stianorum,
2398 2189 2500 2249 sed
2534 2190 2917 2267 cognovisses
2957 2191 3229 2267 omnino,
3263 2202 3552 2270 quantum
3585 2195 3663 2256 sit

2009 2283 2228 2340 bonum
2254 2281 2458 2338 edictis
2482 2297 2685 2352 parere
2709 2286 3120 2356 imperatoriis,
3154 2297 3208 2345 et
3239 2287 3348 2343 diis
3379 2287 3657 2344 sacriﬁcia

2011 2368 2230 2429 offerre
2262 2386 2396 2430 cum
2429 2366 2732 2430 omnibus.
2765 2370 2858 2432 Ad
2884 2371 3010 2432 haec
3032 2381 3295 2448 sanctus,
3334 2381 3510 2435 utens
3529 2390 3662 2434 rur-

2013 2477 2115 2520 sus
2163 2459 2390 2538 majore
2441 2457 2685 2520 dicendi
2747 2459 3072 2523 libertate:
3121 2462 3371 2525 Etiamsi
3422 2463 3657 2536 bestiis,

2012 2551 2222 2623 inquit,
2251 2551 2705 2621 consumpseris,
2737 2554 2959 2610 etiarnsi
2994 2569 3081 2610 me
3107 2569 3276 2612 cruce
3307 2557 3662 2612 condemna-

2010 2637 2191 2711 veris,
2217 2637 2450 2699 etiamsi
2482 2638 2681 2716 gladio
2714 2648 2772 2699 et
2799 2639 2921 2718 igni
2979 2640 3327 2715 tradideris,
3361 2659 3493 2722 quae
3522 2653 3664 2703 sunt

2010 2726 2073 2788 in
2107 2733 2201 2790 tua
2235 2735 2546 2807 potestate,
2583 2747 2884 2807 nunquam
2919 2747 3026 2807 ego
3071 2729 3262 2809 patiar
3289 2729 3663 2792 daemonibus

2012 2817 2232 2879 offerre
2284 2819 2669 2889 sacriﬁcium,
2706 2838 2904 2899 neque
2947 2819 3106 2881 enim
3141 2829 3338 2880 metuo
3385 2829 3660 2894 mortem,

2009 2925 2206 2987 neque
2263 2907 2544 2970 desidero
2585 2910 2924 2988 praesentia,
2959 2928 3090 2989 quae
3141 2909 3322 2971 estin
3373 2918 3665 2990 potestate

2009 3005 2204 3059 vestra
2235 2997 2506 3077 prmbere
2539 2997 2816 3072 fruenda,
2839 2999 2944 3060 sed
2977 2999 3105 3060 sola
3139 2998 3414 3062 desidero
3438 2999 3660 3074 futura,

2011 3096 2069 3149 et
2123 3106 2192 3148 ea
2244 3104 2340 3148 me
2369 3105 2548 3148 omne
2587 3087 2885 3148 adhibere
2928 3088 3220 3161 studium,
3253 3097 3317 3149 ut
3367 3095 3664 3150 transeam

2011 3177 2083 3238 ad
2119 3176 2445 3250 Christum,
2481 3178 2582 3258 qui
2616 3195 2721 3255 pro
2754 3195 2850 3238 me
2877 3185 2967 3238 est
2997 3188 3290 3240 mortuus.

2094 3264 2194 3328 VI.
2225 3266 2474 3346 Propter
2506 3286 2638 3346 qua}
2682 3267 2887 3328 volens
2917 3275 3165 3328 senatus
3207 3275 3527 3348 martyrem
3561 3284 3662 3328 ar-

2014 3374 2199 3434 guere
2222 3355 2751 3434 ignorantiaezQuid
2773 3366 2969 3416 autem
2998 3365 3055 3416 tu
3079 3376 3338 3437 quoque,
3360 3357 3664 3432 dixerunt,

2019 3446 2324 3507 conﬁteris
2371 3446 2559 3507 Deum
2611 3463 2744 3507 esse
2797 3456 3094 3508 mortuum
3122 3446 3146 3505 Υ
3175 3445 3485 3518 Quomodo
3528 3464 3669 3508 vero

2021 3537 2123 3614 qui
2148 3535 2328 3596 subiit
2359 3545 2638 3608 mortem,
2665 3553 2922 3616 eamque
2955 3537 3418 3610 exsecrandam,
3455 3537 3672 3615 poterit

2020 3623 2308 3704 prodesse
2337 3624 2522 3684 aliis?
2569 3623 2660 3684 Dii
2697 3634 2891 3685 autem
2927 3633 2986 3686 et
3015 3633 3153 3684 sunt
3181 3624 3576 3698 immortales,
3612 3634 3670 3685 et

2019 3713 2303 3775 dicuntur
2323 3732 2354 3774 a
2379 3713 2573 3774 nobis.
2611 3713 2753 3776 Cum
2780 3733 2850 3775 ex
2877 3714 2985 3774 hoc
3018 3715 3396 3775 occasionem
3431 3715 3670 3775 divinus

2022 3814 2338 3875 acceprsset
2362 3805 2638 3875 Ignatius.
2659 3803 2833 3862 simul
2861 3817 2918 3863 et
2940 3807 3217 3864 irridendi
3243 3807 3473 3862 illorum
3507 3805 3670 3869 deos,

2021 3901 2078 3955 et
2109 3893 2196 3954 eis
2220 3891 2532 3970 aperiendi
2572 3892 2813 3970 januam
2851 3893 3116 3972 mysterii
3149 3902 3441 3972 susceptae
3472 3891 3671 3952 carnis

2021 3981 2514 4062 dispensationis,
2550 3989 2609 4042 et
2638 3982 2722 4043 sic
2755 3981 3096 4042 deducendi
3128 3982 3200 4042 ad
3236 3981 3412 4043 ﬁdem
3449 3979 3673 4042 Christi

2020 4071 2404 4151 cognitionis,
2439 4071 2526 4130 sic
2581 4069 2758 4130 verba
2791 4071 3014 4132 habuit:
3071 4073 3242 4132 Meus
3273 4070 3565 4131 Dominus
3615 4077 3672 4130 et

2020 4163 2180 4225 Deus
2209 4159 2383 4222 Jesus
2408 4159 2701 4235 Christus,
2739 4161 2990 4240 primum
3017 4160 3257 4240 quidem
3293 4166 3533 4239 propter
3565 4177 3673 4219 nos

2021 4252 2202 4312 homo
2235 4251 2423 4311 factus
2447 4259 2559 4323 est,
2595 4258 2653 4310 et
2676 4258 2918 4330 propter
2942 4259 3203 4311 nostram
3247 4248 3494 4309 salutem
3531 4267 3671 4309 cru-

2023 4359 2275 4420 cemque
2309 4350 2367 4401 et
2399 4352 2648 4400 mortem
2682 4348 2737 4399 et
2785 4340 3150 4418 sepulturam
3185 4357 3288 4400 sua
3333 4346 3548 4417 sponte
3580 4355 3675 4400 ac-

2023 4429 2504 4510 cepit.Caaterum
2529 4447 2738 4490 rursus
2763 4429 2936 4490 tertio
2964 4429 3060 4491 die
3088 4427 3674 4501 resurrexit,inimici

2027 4520 2256 4600 dejecta
2288 4528 2345 4580 et
2368 4526 2660 4598 prostrata
2685 4517 2968 4598 potentia,
3003 4527 3061 4578 et
3094 4517 3368 4579 ascendit
3399 4519 3459 4577 in
3491 4520 3675 4579 cmlos

2029 4609 2186 4670 unde
2239 4617 2502 4680 venerat,
2540 4626 2648 4667 nos
2679 4606 2863 4667 simul
2896 4626 2929 4668 a
2984 4607 3154 4686 lapsu
3189 4608 3414 4686 peccati
3448 4606 3675 4668 faciens

2029 4717 2367 4777 resurgere,
2397 4707 2456 4758 et
2477 4715 2684 4757 rursus
2705 4696 3095 4758 introducens
3121 4698 3177 4756 in
3205 4696 3572 4776 paradisum,
3607 4714 3675 4757 ex

2029 4811 2146 4870 quo
2179 4789 2332 4850 male
2364 4789 2669 4851 fueramus
2701 4787 2880 4867 ejecti
2911 4806 2924 4850 :
2959 4795 3017 4848 et
3070 4805 3177 4848 nos
3208 4787 3451 4848 donavit
3504 4785 3675 4847 bonis

2032 4877 2563 4958 majoribus,quam
2585 4886 2754 4938 erant
2777 4895 2846 4938 ea
2865 4896 2994 4957 qua:
3026 4883 3474 4957 praecesserant.
3504 4873 3676 4948 Quod

2029 4979 2227 5030 autem
2275 4987 2345 5029 ex
2377 4968 2448 5028 iis
2480 4967 2579 5048 qui
2610 4987 2640 5028 a
2685 4967 2854 5028 vobis
2881 4976 3204 5027 censentur
3234 4966 3340 5039 dit,
3376 4963 3532 5024 ullus
3560 4963 3675 5022 tale

2033 5059 2174 5140 quid
2204 5059 2647 5132 fecerit,nullns
2682 5057 2928 5118 omnino
2960 5053 3388 5117 assuerit.Nam
3416 5071 3549 5112 cum
3578 5051 3676 5112 isti

2032 5150 2279 5211 fuissent
2311 5148 2588 5211 homines
2619 5147 2871 5208 maleﬁci
2904 5154 2961 5206 et
3001 5143 3257 5216 exitiosi,
3286 5151 3342 5203 et
3374 5141 3562 5202 multa
3593 5141 3676 5202 le-

2035 5241 2256 5302 cissent
2285 5238 2358 5300 ad
2381 5238 2662 5300 damnum
2690 5245 2746 5297 et
2776 5235 3025 5298 exitium
3059 5241 3274 5292 nostrae
3308 5232 3440 5292 vitae
3471 5239 3530 5291 et
3561 5238 3677 5292 sta-

2037 5338 2154 5402 tus,
2185 5345 2418 5407 pravam
2453 5337 2648 5388 autem
2673 5325 2922 5386 deorum
2950 5319 3293 5402 opinionem
3321 5330 3380 5381 et
3408 5319 3674 5398 speciem

2035 5415 2404 5498 hominibus,
2437 5416 2538 5497 qui
2594 5424 2731 5476 sunt
2761 5432 2794 5474 a
2842 5411 3075 5473 ratione
3108 5409 3280 5489 paulo
3328 5410 3673 5480 alieniores,

2035 5508 2184 5570 citra
2212 5506 2388 5567 ullam
2424 5505 2712 5567 rationem
2749 5499 3160 5582 praebuissent,
3201 5499 3524 5560 contractis
3562 5517 3673 5584 po-
