4020 6206
456 328 606 398 1275

1718 334 1883 399 ΜΕΝ
1889 334 2000 398 SIS
2041 333 2550 399 FEBRUARIUS.

3687 335 3819 402 1276

450 485 520 532 ea
570 467 717 530 velis
748 468 1122 550 deceptionis
1165 477 1221 530 et
1252 487 1433 532 scena
1481 468 1698 544 ablata,
1733 470 2090 550 deprehensi

2184 471 2540 552 ἀλογωτέροις
2597 475 2702 530 τῶν
2747 472 3035 551 ἀνθρώπων
3086 472 3404 552 ἀλογώτατα
3459 476 3824 554 παρασχόμε-

453 558 681 620 suntid
713 559 869 639 quod
896 567 1086 632 erant,
1120 567 1180 619 ut
1210 559 1312 639 qui
1343 559 1597 639 turpiter
1626 578 1659 621 e
1687 559 1804 621 vita
1833 579 2103 624 excesse-

451 647 595 723 rint,
628 654 685 710 et
716 646 897 709 morti
927 647 1248 708 immortali
1302 648 1500 711 traditi
1532 649 1651 710 sint
1681 656 1924 730 propter
1955 651 2102 712 mul-

450 747 645 800 torum
692 737 1027 799 interitum.
1061 736 1298 816 Jupiter
1344 739 1585 816 quidem
1638 746 1823 812 certe,
1859 740 1960 818 qui
2013 747 2102 800 est

448 825 620 889 vobis
673 826 902 906 primus
937 834 994 888 et
1047 827 1344 890 maximus
1376 828 1650 902 deorum,
1683 829 1744 890 in
1808 827 1982 891 Creta
2013 837 2103 891 est

447 916 718 996 sepultus
753 934 766 978 :
806 915 1184 996 JEsculapius
1218 936 1356 979 vero
1391 918 1644 982 fulmine
1671 925 1729 978 et
1781 935 2098 998 persecus-

447 1024 572 1068 sus.
607 1005 962 1087 Sepulcrum
996 1005 1252 1069 Veneris
1286 1007 1626 1069 ostenditur
1680 1007 1740 1068 in
1774 1008 2000 1088 Papho,
2039 1017 2100 1069 et

446 1093 733 1157 Hercules
764 1095 874 1157 fuit
901 1094 973 1157 ab
1000 1101 1136 1176 igne
1153 1105 1564 1177 consumptus.
1599 1095 1744 1157 Nam
1777 1114 1912 1158 cum
1947 1096 2095 1159 tales

445 1184 584 1258 sint,
618 1185 738 1246 imo
788 1204 927 1247 vero
978 1187 1155 1265 longe
1206 1185 1562 1262 deteriores,
1601 1204 1671 1248 ea
1721 1185 1809 1248 eis
1857 1184 2092 1266 obtige-

445 1281 606 1350 runt,
643 1293 774 1354 quae
806 1283 1130 1338 mereatur.

524 1452 655 1517 VII.
671 1453 814 1516 Cum
845 1455 970 1517 haec
993 1454 1152 1516 dicta
1174 1453 1428 1517 fuissent
1453 1455 1800 1536 ab,[gnatio,
1824 1456 2090 1537 impera-

445 1553 537 1606 tor
586 1544 764 1606 simul
797 1563 930 1605 cum
983 1551 1218 1618 senatu,
1257 1544 1476 1606 timens
1526 1565 1624 1621 ne,
1659 1546 1710 1607 si
1754 1554 1914 1608 esset
1964 1551 2097 1626 ejus

443 1652 642 1697 sermo
674 1634 982 1715 prolixior,
1018 1652 1114 1696 res
1139 1635 1380 1716 quidem
1416 1636 1734 1714 gentilium
1767 1635 2094 1698 labefacta-

440 1731 673 1798 rentur,
709 1735 769 1786 et
820 1725 913 1786 vel
963 1742 1082 1786 non
1133 1725 1551 1806 crederentur,
1590 1725 1678 1786 vel
1735 1725 2098 1788 haberentur

2183 585 2286 638 νοι,
2320 567 2441 619 εἷτα
2492 566 2597 620 τῶν
2657 562 3162 639 παραπετασμάτων
3215 563 3429 643 ὕστερον
3457 565 3565 633 τῆς
3627 565 3822 635 ἀπάτης

2185 650 2664 727 συνελκυσθὲντων,
2726 651 3078 730 ἐξαιρεθείσης
3139 675 3195 709 τε
3253 660 3354 720 τῆς
3411 660 3656 729 σκηνῆς,
3711 656 3825 735 ὅπερ

2181 740 2339 815 ἦσαν,
2401 739 2780 821 ἠλέγχθησαν,
2837 743 3080 821 αἰσχρῶς
3140 745 3229 800 νὺν
3289 744 3400 820 βίον
3469 743 3826 813 ἀπολιπόντες

2183 831 2265 888 οαὶ
2323 831 2534 905 θανάτῳ
2592 829 2677 886 διὰ
2732 832 2830 899 τὴν
2857 836 2964 888 τῶν
3009 831 3228 890 πολλῶν
3259 833 3534 891 ἀπώλειαν
3596 834 3829 908 ἀθανάτῳ

2180 917 2596 996 παραδοθέντες,
2656 918 2876 994 Ἀμέλει
2907 921 2996 977 καὶ
3052 923 3176 987 Ζεὺς
3230 922 3329 996 μὲν
3383 923 3669 1001 ὁπρῶτος
3720 926 3830 999 ὑμῖν

2180 1009 2267 1064 καὶ
2299 1008 2552 1085 μέγιστος
2581 1015 2690 1065 τῶν
2747 1011 2880 1066 θεῶν
2927 1009 2982 1064 έν
3044 1012 3228 1087 Κρήτῃ
3274 1013 3554 1088 τέθαπται,
3597 1012 3829 1081 Ἀσκλη-

2179 1099 2302 1161 πιὸς
2359 1096 2414 1154 δὲ
2473 1106 2716 1175 κεραυνῷ
2772 1097 3056 1175 βέϐληται,
3098 1098 3412 1181 Ἀφροδίτής
3470 1105 3496 1159 ὃ
3562 1103 3735 1181 τάφος
3787 1107 3833 1160 ἐν

2178 1189 2346 1268 Πάφῳ
2404 1187 2693 1270 δείκνυται,
2756 1192 2843 1247 καὶ
2893 1191 2998 1247 ὑπὸ
3063 1192 3227 1271 πυρὸς
3291 1182 3568 1263 Ἡρακλῆς
3625 1193 3832 1250 ἀνάλω-

2177 1301 2289 1339 ται.
2351 1280 2618 1338 Τοιούτων
2675 1279 2776 1358 γὰρ
2833 1279 3070 1361 ἀληθῶς,
3119 1279 3327 1357 μᾶλλον
3377 1280 3433 1338 δὲ
3491 1285 3591 1340 καὶ
3658 1284 3832 1358 πολλῷ

2177 1369 2440 1449 χειρόνων
2470 1371 2536 1429 τά
2565 1369 2781 1427 ἐκείνων
2811 1367 2958 1435 ἄξια,

2256 1459 2343 1518 Ζ¹.
2396 1460 2608 1518 Τούτων
2667 1458 2804 1518 οὕτω
2861 1459 3128 1538 ῥηθέντων
3173 1459 3418 1540 ἰγνατίφ
3461 1469 3573 1520 τῶν
3639 1463 3829 1544 λόγων,

2177 1552 2204 1606 ὁ
2263 1547 2513 1627 βασιλεὺς
2541 1548 2655 1625 ἅμα
2703 1554 2772 1626 τῇ
2801 1549 3090 1628 συγκλήτῳ
3146 1550 3347 1632 δείσας,
3379 1554 3459 1626 μὴ
3492 1557 3598 1622 τῆς
3661 1552 3833 1610 διαλέ-

2177 1647 2309 1709 ζεως
2357 1641 2431 1702 είς
2501 1637 2665 1695 πλέον
2731 1639 3132 1714 ἐκτεινομένης,
3205 1638 3527 1708 διασεισθείη
3608 1642 3714 1718 μὲν
3778 1644 3834 1698 τὰ

2183 1719 2456 1796 Ἐλλήνων
2523 1729 2611 1784 καὶ
2671 1729 2803 1806 πρὸς
2875 1727 3126 1785 ἀπιστίαν
3198 1730 3233 1797 ἢ
3307 1731 3394 1786 καὶ
3462 1733 3833 1808 μυκτηρίσμὸν

441 1813 724 1890 ludibrio,
755 1821 810 1875 et
840 1831 977 1876 vera
997 1813 1240 1893 quidem
1279 1816 1519 1878 floreret
1539 1815 1842 1893 religio,et
1862 1813 2090 1878 tollere-

2181 1815 2562 1892 ἀποϐλέψειεν,
2626 1816 2833 1892 ἀνθήσῃ
2894 1815 2949 1874 δὲ
3006 1818 3073 1874 τὰ
3129 1823 3231 1885 τῆς
3289 1818 3560 1884 εὐσεϐείας
3641 1824 3728 1877 καὶ
3780 1823 3832 1877 τὸ

441 1911 539 1966 tur
565 1903 756 1965 nubes
784 1903 1032 1978 erroris,
1067 1922 1199 1984 quae
1229 1904 1284 1964 ei
1316 1904 1573 1965 offundit
1617 1905 1922 1985 tenebras,
1962 1923 2096 1966 eum

443 1992 685 2072 quidem
719 1993 964 2073 conjicit
993 1995 1054 2054 in
1088 1993 1344 2068 vincula,
1382 2001 1440 2054 et
1476 1995 1538 2054 in
1576 1994 1870 2056 tutissima
1903 1994 2095 2056 collo-

441 2091 532 2144 cat
562 2081 833 2145 custodia
880 2082 1013 2162 ipse
1044 2091 1242 2145 autem
1295 2102 1430 2144 cum
1463 2090 1586 2144 tota
1633 2092 1812 2145 nocte
1844 2084 2000 2164 apud
2031 2101 2096 2144 se

439 2173 778 2252 cogitasset,
811 2191 1074 2254 quonam
1128 2172 1303 2234 modo
1360 2191 1494 2234 eum
1532 2174 1930 2235 ulcisceretur
1984 2191 2091 2252 pro

443 2261 699 2335 meritis,
737 2269 796 2324 et
843 2280 1102 2343 quonam
1157 2261 1335 2324 modo
1385 2281 1418 2323 e
1469 2263 1752 2343 praesenti
1785 2280 1920 2324 eum
1976 2263 2095 2326 vita

439 2350 1038 2427 subduceret,statuit
1067 2369 1206 2414 eum
1233 2351 1376 2413 feris
1401 2352 1636 2414 tradere
1655 2351 2088 2426 devorandum,

439 2449 507 2503 ut
548 2441 868 2503 dilaniatus
898 2441 972 2502 ab
1017 2441 1105 2502 eis
1157 2447 1423 2513 sanctus,
1457 2441 1756 2506 interiret.
1798 2444 1973 2503 Visus
2005 2450 2095 2504 est

441 2530 598 2591 enim
633 2530 981 2610 imperatori
1017 2529 1116 2593 hic
1148 2529 1356 2592 mortis
1405 2531 1620 2592 modus
1653 2531 1831 2611 longe
1879 2532 2097 2612 gravis.

438 2619 810 2684 simus.Com
845 2620 1004 2682 hanc
1035 2639 1162 2683 rem
1195 2639 1336 2700 ergo
1360 2623 1590 2683 senatui
1625 2639 1802 2684 mane
1831 2640 2096 2683 commu-

438 2709 844 2790 nicasset,ipsi
878 2728 1119 2790 quoque
1151 2711 1284 2790 ejus
1335 2710 1653 2773 laudarunt
1687 2712 2041 2772 sententiam
2076 2734 2088 2771 :

436 2797 542 2862 sed
587 2799 1044 2875 consuluerunt,
1081 2818 1153 2860 ne
1203 2800 1331 2861 hinc
1367 2799 1575 2861 bestiis
1631 2799 1892 2880 objectio
1924 2800 2093 2864 fieret

434 2892 788 2972 Antiochiae,
823 2895 933 2973 Ne,
961 2892 1224 2968 aiebant,
1259 2892 1345 2953 sic
1375 2893 1565 2972 magis
1595 2893 1999 2956 desideratum
2033 2903 2092 2956 et

433 2982 762 3063 gloriosum
813 2982 970 3064 apud
1024 3001 1168 3044 suos
1212 2982 1369 3044 cives
1418 2982 1742 3044 reddamus
1792 2984 2086 3062 lgnatum,

436 3073 747 3153 martyrico
803 3074 921 3134 ﬁne
953 3091 986 3132 e
1039 3071 1157 3133 vita
1211 3072 1631 3134 excedentem.
1683 3071 2086 3144 Quamobrem

2181 1910 2502 1964 ἐπισκοτοῦν
2561 1907 2695 1974 αὒτῆ
2747 1906 2846 1973 τῆς
2902 1905 3111 1974 πλάνης
3149 1908 3306 1987 νέφος
3350 1909 3676 1988 ἐξαιρεθείη,
3715 1917 3826 1968 τοῦ·

2181 2020 2274 2054 τον
2332 1997 2429 2071 μὲν
2461 1998 2563 2054 ὑπὸ
2612 1995 2834 2071 δεσμοῖς
2889 1998 2978 2053 καὶ
3008 2002 3206 2076 φρουρᾶ
3233 1999 3520 2064 καθίστῆσι
3551 2006 3624 2072 τᾷ
3664 2001 3830 2079 ἀσφα-

2177 2088 2430 2162 λεστάτῃ.
2470 2087 2635 2152 Αὐτὸς
2692 2085 2746 2142 δὲ
2802 2084 2928 2164 παρ’
2981 2084 3115 2153 ὅλην
3146 2088 3308 2144 νύκτα
3370 2087 3822 2166 διασκεψάμενος,

2177 2183 2294 2242 πῶς
2349 2176 2411 2232 ἂν
2469 2178 2628 2235 αὐτὸν
2687 2174 2842 2241 ἀξίως
2891 2176 3150 2250 ἀμύναιτο
3199 2181 3290 2234 καὶ
3347 2181 3448 2235 τίνι
3499 2181 3690 2257 τρόπῳ
3739 2186 3827 2245 τῆς

2176 2269 2450 2344 παρούσης
2523 2265 2848 2344 ὑπεξαγάγοι
2921 2271 3091 2341 ζωῆς,
3162 2268 3373 2346 θηρίοις
3448 2271 3595 2349 ἔγνω
3656 2292 3826 2348 napa-

2177 2353 2358 2412 δοῦναι
2419 2356 2580 2431 βορὰν
2640 2359 2728 2412 καὶ
2777 2356 2868 2412 ὑπ’
2930 2357 3146 2413 ἐκείνων
3211 2355 3692 2439 διασπαρᾶχθέντα
3744 2361 3827 2416 τὸν

2177 2448 2329 2524 ἅγιον
2383 2445 2698 2506 ἀπολέσθαι.
2735 2445 2901 2509 Οὗτος
2945 2447 3045 2524 γὰρ
3094 2447 3390 2526 βαρύτατος
3417 2449 3655 2508 θανάτου
3711 2449 3825 2524 τρόο

2178 2558 2278 2598 πος
2329 2535 2618 2615 διεσκέφγη
2673 2535 2750 2609 τῷ
2793 2533 3035 2610 βασιλεῖ.
3091 2535 3298 2594 ’Ἒωθεν
3353 2537 3442 2594 οὖν
3474 2541 3596 2615 περὶ
3653 2541 3825 2597 τούτου

2177 2627 2266 2684 καὶ
2316 2632 2385 2702 τῇ
2429 2623 2715 2702 συγκλήτῳ
2756 2623 3155 2699 κοινωσαμένου
3181 2626 3280 2693 τὴν
3327 2627 3426 2702 μὲν
3457 2628 3694 2704 γνώμην
3747 2629 3822 2684 καί

2178 2715 2325 2773 αὐτοὶ
2375 2713 2630 2792 ἐπῄκουν,
2666 2711 2810 2780 πλὴν
2859 2714 2956 2770 οὒκ
3009 2713 3063 2770 ἐν
3093 2712 3406 2794 Ἀντιοχείᾳ
3451 2715 3822 2775 συνεϐούλευον

2176 2803 2288 2862 δεῖν
2345 2805 2583 2884 γενέσθαι
2617 2803 2716 2869 τὴν
2774 2801 3005 2883 ἔκδοσιν,
3052 2802 3169 2860 Ἵνα
3201 2805 3280 2879 μὴ
3339 2807 3612 2880 ποθεινὺν,
3649 2809 3816 2886 φησὶν,

2174 2894 2313 2952 οὕτω
2370 2896 2452 2952 καί
2500 2890 2705 2968 μᾶλϐον
2756 2890 2996 2958 ἐπίδοξον
3024 2895 3170 2971 παρὰ
3225 2906 3346 2958 τοῖς
3397 2895 3618 2962 οἰκείοις
3673 2895 3813 2953 πολί-

2174 3005 2291 3047 ταις
2362 2985 2453 3040 τὸν
2520 2982 2782 3060 Ἰγνάτιον
2851 2981 3225 3060 ἐργασώμεθα,
3301 2993 3620 3063 μαρτυρικῷ
3677 2985 3814 3053 δῆθεν

2174 3072 2315 3129 τέλει
2373 3073 2470 3140 τὴν
2501 3071 2646 3143 ζωὴν
2701 3069 3059 3134 καταλύοντα.
3118 3069 3287 3130 ’Ὥστε
3341 3075 3667 3156 προσήκειν,
3696 3075 3816 3153 ἔφα.

434 3162 712 3224 dicebant
737 3171 1018 3241 oportere
1052 3180 1185 3222 eum
1210 3163 1462 3223 Romam
1497 3161 1713 3223 abduci
1739 3161 2090 3233 vinctum,et

2179 3184 2328 3234 σκον,
2387 3163 2459 3226 εἰς
2523 3153 2744 3237 ’Σώμην
2817 3161 2976 3220 αὐτὸν
3033 3161 3343 3241 ἐπαχθέντα
3384 3153 3675 3238 δεσμώτην
3715 3165 3818 3221 ἐκεῖ

432 3250 558 3312 illic
592 3251 746 3311 tradi
791 3249 1022 3311 bestiis.
1056 3249 1155 3310 Sic
1181 3249 1338 3310 enim
1373 3258 1432 3311 et
1458 3249 1803 3329 prolixitate
1858 3248 2090 3311 itineris

2179 3264 2293 3315 τοῖς
2350 3251 2532 3330 θηρσὶν
2580 3249 2886 3319 ἐκδοθῆναι.
2953 3248 3106 3308 Οὕτω
3148 3251 3249 3329 γὰρ
3304 3253 3383 3326 τῷ
3411 3255 3576 3323 μήκει
3625 3275 3682 3311 τε
3728 3258 3812 3317 τῆς

433 3344 671 3420 gravius
695 3338 927 3401 subibit
957 3338 1411 3420 supplicium,et
1440 3338 1622 3400 simul
1655 3341 1944 3402 Romanis
1963 3338 2090 3420 qui-

2179 3341 2388 3419 πορείας
2445 3339 2832 3421 χαλεπωτέραν
2888 3337 3062 3419 ὑφέξει
3135 3341 3233 3408 τὴν
3290 3340 3512 3398 κόλασιν
3580 3347 3677 3401 καὶ
3717 3343 3812 3417 ἅμα

433 3447 601 3490 snam
638 3428 714 3490 sit
744 3428 1181 3508 ignorantibus,
1218 3427 1513 3490 videbitur
1557 3448 1690 3491 esse
1723 3437 2088 3511 peremptus,

2179 3431 2454 3506 Ῥωμαίοις
2522 3428 2878 3506 ἀγνοούμενος
2924 3429 3071 3492 ὅστις
3143 3427 3261 3503 εἴη,
3297 3431 3534 3504 καθάπερ
3576 3434 3668 3498 εἷς
3721 3439 3810 3488 τῶν

433 3528 714 3600 tanquam
751 3537 906 3580 unus
929 3538 1003 3581 ex
1040 3517 1418 3595 maleficis,et
1438 3535 1551 3580 nec
1581 3519 1830 3582 minima
1849 3520 2088 3600 quidem

2179 3521 2504 3599 κακούργων,
2578 3517 2914 3596 ἂναιρεθῆναι
2975 3519 3164 3592 δόξειε,
3227 3521 3316 3577 καὶ
3372 3519 3491 3581 οὐδὲ
3562 3521 3810 3602 βραχείας

433 3609 545 3670 erit
572 3609 704 3688 ejus
733 3609 890 3688 apud
924 3608 1059 3672 illos
1093 3608 1405 3671 memoria.
1446 3608 1596 3672 Cum
1635 3610 1747 3671 hoc
1779 3627 1920 3688 ergo
1955 3610 2084 3689 pla-

2179 3611 2230 3666 τὸ
2288 3609 2422 3683 μετὰ
2465 3615 2628 3664 ταῦτα
2687 3609 2911 3682 μνήμης
2968 3608 3096 3688 παρ’
3155 3607 3378 3673 ἐκείνοις
3439 3610 3802 3682 ἀξιωθήσεται.

432 3701 740 3775 cuisset,et
767 3699 828 3760 in
856 3702 1046 3780 ipsum
1082 3699 1199 3761 lata
1227 3699 1438 3762 fuisset
1463 3699 1738 3781 protinus
1761 3699 2082 3773 sententia,

2179 3706 2367 3757 Γοῦτου
2425 3705 2706 3776 τοιγαροῦν
2764 3698 2958 3776 ἀρέσαν
3015 3700 3102 3756 καὶ
3151 3699 3250 3767 τῆς
3299 3699 3422 3757 κατ’
3483 3701 3648 3758 αὒτοῦ
3706 3701 3808 3775 ψήο

429 3789 758 3870 imperator
810 3808 946 3850 cum
1006 3808 1214 3851 rursus
1268 3789 1542 3869 producit.
1578 3809 1608 3850 e
1645 3789 1940 3862 custodia,
1973 3789 2088 3851 hoc

2179 3810 2269 3865 :pOu
2321 3787 2629 3845 παπαυτίκα
2688 3785 3104 3866 ἐξενεχθείσης,
3167 3789 3488 3866 παρίσνησιν
3560 3788 3674 3845 ἀπὸ
3725 3792 3806 3854 τῆς

429 3881 559 3959 ejus
609 3888 974 3960 postremum
1009 3879 1235 3941 faciens
1287 3879 1644 3957 periculum.
1703 3880 1780 3940 Et
1827 3878 2083 3956 primum

2179 3875 2411 3955 φυλακῆς
2483 3876 2640 3932 αὗτὸν
2710 3878 2797 3932 καὶ
2867 3875 3030 3935 πάλιν
3087 3878 3115 3932 ὃ
3187 3875 3460 3958 βασιλεὺς,
3517 3877 3807 3937 τελευταίαν

430 3969 671 4050 quidem
720 3969 924 4031 multis
978 3969 1269 4029 bonorum
1309 3966 1620 4046 promissis
1651 3967 1860 4028 crebro
1905 3984 2087 4028 sanc-

2179 3970 2313 4038 αὒτῷ
2355 3966 2551 4024 ταόνην
2599 3965 2698 4032 τὴν
2735 3978 2924 4042 πεῖραν
2981 3966 3292 4044 προσάγων,
3349 3969 3448 4025 Καὶ
3477 3968 3669 4047 πρῶτα
3721 3965 3806 4040 μὲν

435 4069 558 4121 tum
597 4058 924 4120 deliuiebat
953 4077 1019 4118 ac
1049 4055 1450 4126 demulcebat.
1486 4056 1707 4118 deinde
1747 4056 1925 4117 etiam
1956 4073 2088 4118 rur-

2179 4057 2336 4119 πολὺς
2382 4054 2436 4109 ἐν
2485 4068 2606 4116 ταῖς
2654 4056 2759 4112 τῶν
2811 4055 3010 4132 ἀγιθῶν
3061 4055 3408 4133 ἐπαγγελίαις
3439 4058 3530 4113 τὸν
3583 4054 3802 4122 ἀθλητὴν

437 4169 537 4210 sus
569 4149 748 4208 minis
777 4146 962 4225 magis
997 4146 1296 4208 territans.
1355 4148 1668 4226 Postquam
1701 4155 1900 4207 autem
1949 4163 2084 4206 cum

2179 4145 2467 4204 Snocalvwv
2549 4144 2644 4201 καί
2731 4149 3011 4220 καταψῶν·
3099 4143 3285 4202 ἔπειτα
3342 4144 3396 4202 δὲ
3479 4149 3568 4202 καὶ
3627 4145 3804 4204 πλείων

437 4238 581 4298 vidit
611 4257 721 4301 nec
775 4237 992 4297 cedere
1025 4237 1356 4316 promissis,
1387 4254 1583 4316 neque
1632 4235 1824 4296 minas
1881 4234 2085 4297 formi-

2179 4233 2329 4290 πάλιν
2396 4246 2511 4296 ταῖς
2542 4231 2798 4298 ἀπειλαῖς
2855 4231 3246 4308 δεδιττόμενος,
3279 4243 3371 4297 Ως
3421 4233 3476 4290 δὲ
3506 4237 3648 4310 μήτε
3692 4233 3804 4303 πρὸς

435 4328 600 4399 dare,
645 4329 973 4405 desperans
1023 4324 1264 4386 omnino
1315 4325 1442 4385 fore
1491 4332 1554 4386 ut
1604 4334 1958 4399 mutaretur,
2007 4325 2081 4386 ad

2179 4324 2259 4386 τὰς
2317 4323 2641 4402 ὑποσχέσεις
2699 4320 2962 4378 ἐνδιδόντα
3008 4322 3145 4397 εἶδε,
3180 4325 3318 4393 μήτε
3361 4325 3493 4400 πρὸς
3529 4325 3626 4386 τὰς
3682 4325 3803 4378 ὓπο-

436 4418 712 4478 efiectum
747 4416 996 4476 deduxit
1028 4434 1096 4475 ea
1120 4433 1250 4495 quae
1279 4414 1520 4476 decreta
1551 4415 1783 4476 fuerant
1809 4433 1821 4477 :
1856 4423 1914 4477 et
1945 4433 2078 4476 cum

2179 4414 2497 4486 ττήσσοντα,
2529 4413 2837 4468 παντάπασι
2897 4411 2994 4478 τὴν
3054 4409 3364 4485 μεταϐολὴν
3410 4413 3702 4492 ἀπογνοὺς,
3741 4410 3804 4470 εἷς

427 4508 710 4588 jussisset
765 4504 1066 4584 prioribus
1117 4507 1382 4584 graviora
1433 4505 1487 4566 ei
1538 4505 1763 4584 imponi
1819 4503 2074 4580 vincula,

2179 4504 2312 4580 ἔργον
2366 4503 2431 4557 τὰ
2488 4500 2835 4580 ἐψηφισμένα
2888 4499 3045 4578 ἐξῆγε
3075 4503 3162 4558 καὶ
3218 4502 3479 4579 βαρύτερα
3516 4509 3624 4560 τῶν
3679 4522 3803 4576 προ·

433 4599 615 4656 tradit
645 4613 782 4656 eum
817 4595 1047 4656 cohorti
1081 4596 1345 4670 militari,
1377 4604 1439 4657 et
1471 4595 1647 4657 mittit
1676 4594 1922 4656 Romam
1971 4595 2075 4674 ju-

2179 4592 2326 4670 τέρων
2383 4594 2526 4665 αὒτῷ
2583 4589 2752 4665 δεσμὰ
2821 4593 3120 4666 περιθεῖναι
3187 4590 3522 4672 κελεύεετος,
3577 4593 3799 4670 τάγματι

433 4686 605 4759 hens,
651 4704 787 4746 cum
840 4685 1179 4748 advenisset
1235 4684 1466 4748 civibus
1519 4685 1648 4746 dies
1696 4685 1908 4758 festus,
1960 4671 2076 4766 quo

2179 4687 2530 4760 ιτρατιωτιιιῷ
2599 4677 2946 4758 παραδίδωσι,
3021 4681 3111 4736 καὶ
3167 4681 3242 4743 εἷς
3319 4671 3533 4754 Ῥώμην
3603 4679 3799 4753 ἐκπέμ-

431 4785 590 4837 totus
646 4784 1113 4854 congregaretur
1167 4776 1444 4857 populus,
1481 4793 1615 4836 eum
1663 4774 1815 4836 tradi
1873 4773 2079 4835 bestiis

432 4867 504 4926 ad
556 4883 937 4927 communem
975 4865 1188 4926 theatri
1233 4865 1712 4936 delectationem,
1748 4871 1811 4925 ul
1858 4881 2079 4926 conve-

432 4956 674 5017 nienter
717 4956 794 5032 ei,
831 4956 990 5035 quod
1038 4955 1179 5017 dicit
1211 4957 1282 5018 D.
1335 4954 1550 5017 Paulus
1581 4957 1632 5030 4,
1665 4955 1797 5036 ipse
1844 4974 2080 5036 quoque

431 5045 602 5108 fieret
631 5045 1036 5125 spectaculum
1071 5045 1320 5121 mundo,
1353 5044 1583 5125 angelis
1613 5053 1673 5108 et
1713 5044 2078 5107 hominibus.

502 5223 656 5286 Vlll.
687 5223 900 5305 Martyr
922 5243 1064 5304 ergo
1087 5243 1224 5286 cum
1253 5223 1524 5285 ultimam
1551 5224 1712 5284 illam
1746 5224 2075 5304 accepisset

421 5312 809 5390 sententiam,
846 5323 908 5377 et
940 5317 1058 5376 Deo
1091 5333 1308 5392 magno
1341 5315 1628 5389 clamore,
1664 5321 1728 5374 ut
1757 5323 2076 5375 consenta-

423 5420 604 5464 neum
624 5404 1008 5483 erat,egisset
1035 5423 1102 5482 gr
1115 5405 1418 5478 atias,cum
1470 5422 1682 5482 magna
1706 5403 2002 5484 voluptate
2019 5412 2080 5464 et

427 5492 628 5556 laetitia
650 5494 767 5557 sibi
797 5494 1050 5575 imponit
1080 5495 1340 5556 vincula.
1367 5493 1436 5556 Et
1465 5493 1796 5574 imperator
1831 5493 2074 5575 quidem

509 5664 539 5713 4
567 5661 592 5725 Ι
623 5660 758 5727 Cor.
793 5680 872 5726 1v.

2162 4792 2250 4827 πει
2311 4770 2706 4845 ἐντειλάμενος,
2753 4768 2906 4836 ἡνίκο
2964 4782 3085 4832 τοῖς
3150 4767 3390 4829 πολίταις
3448 4769 3624 4846 ἡμέρα
3673 4789 3800 4826 παν-

2163 4862 2404 4940 ηγύρεως
2463 4864 2683 4931 ἐπιστῇ,
2726 4860 2927 4934 θηρίοις
2972 4859 3128 4914 αὐτὸν
3183 4859 3257 4922 εἰς
3313 4858 3499 4936 τέρψιν
3540 4867 3634 4916 τοῦ
3688 4857 3801 4914 θεά-

2164 4972 2289 5028 τρου
2345 4951 2537 5018 κοινὴν
2591 4947 2888 5021 ἐκδοθῆναι,
2924 4946 3061 5005 ὥστε
3113 4949 3248 5004 κατὰ
3289 4949 3380 5004 τὸν
3413 4951 3562 5004 θεῖον
3610 4945 3800 5004 Παῦλον

2163 5041 2250 5097 καὶ
2299 5041 2456 5098 at?)th
2484 5037 2702 5111 Θέατρον
2753 5035 2995 5114 γενέσθαι
3040 5039 3118 5100 τῷ
3168 5037 3378 5114 κόσμῳ,
3411 5038 3501 5093 καὶ
3542 5036 3797 5115 ἀγγέλοις,

2162 5131 2251 5186 καὶ
2281 5127 2575 5206 ἀνθρώποις
2587 5175 2601 5190 ,

2245 5217 2333 5277 Η’.
2416 5209 2471 5275 Ὀ
2544 5216 2742 5297 μάρτυς
2801 5216 2973 5273 τοίνυν
3032 5216 3134 5283 τὴν
3176 5214 3486 5274 τελευταίαν
3542 5215 3798 5296 ἀπόιρασιν

2159 5310 2370 5374 ἐκεινην
2417 5304 2620 5382 λαϐὼν,
2653 5309 2743 5364 καὶ
2795 5313 2870 5381 τῷ
2930 5314 3048 5382 Θεῷ
3107 5306 3320 5386 μεγάλῃ
3378 5309 3480 5384 βοῇ
3507 5305 3575 5363 τὰ
3631 5306 3795 5362 εἰκότα

2161 5398 2556 5479 εὖχαριστήσας
2601 5397 2718 5472 μεθ’
2771 5395 2972 5464 ἡδονῆς
3025 5396 3159 5464 ὅσης
3223 5398 3310 5453 καὶ
3339 5395 3685 5476 φαιδρότητος
3739 5393 3794 5451 τὰ

2161 5490 2332 5566 δεσμοὶ
2386 5489 2727 5568 περιτίθεται.
2795 5487 2891 5546 Καὶ
2949 5491 2976 5545 ὁ
3011 5488 3108 5564 μὲν
3164 5487 3413 5565 βασιλεὺς
3473 5485 3613 5564 ἐξῄει
3673 5484 3793 5543 κατὰ
