4060 6200
317 333 469 402 1277
1493 337 1674 403 VITA
1717 336 1778 401 S.
1827 334 2127 401 IGNATII
2173 334 2506 398 DEIFERI.
3286 369 3293 375 -
3541 333 3694 403 1278

313 479 531 552 Περσῶν
575 470 712 548 μετὰ
766 477 862 549 τῇς
919 469 1009 528 ὕπ’
1054 469 1214 528 αὐτοῦ
1259 477 1536 549 στρατιᾶς.
1587 472 1648 532 ’0
1694 473 1958 554 Θεοφόρος

2050 466 2352 545 egreditur
2381 475 2589 530 contra
2619 467 2832 532 Persas
2873 489 3008 533 cum
3041 483 3148 534 suo
3181 470 3448 535 exercitu
3483 490 3498 537 :
3532 472 3688 534 divi-

309 562 365 620 δὲ
422 569 491 640 τῇ
571 560 872 634 Ἐκκλησία
943 562 1206 641 πρότερον
1289 559 1643 636 ἐπευξάμενος
1726 564 1809 620 οιαὶ
1862 563 1960 628 τὴν

2050 574 2157 618 nus
2187 565 2390 619 autem
2427 556 2714 634 Ignatius,
2742 579 2874 621 cum
2898 559 3182 622 Ecclesiae
3216 562 3384 642 prius
3413 563 3567 626 bene
3598 581 3692 625 es-

310 655 549 729 ποίμνην
609 653 702 710 σὸν
754 651 973 731 δάκρυσι
1018 650 1387 729 παραθέμενος
1448 659 1525 725 τῷ
1573 659 1712 728 Θεῷ,
1742 651 1960 725 δέσμιος

309 743 592 811 ἠκολούθει
648 755 769 804 τοϊς
828 739 1209 820 στρατιώταις.
1263 737 1382 797 Εῑτ’
1414 741 1582 806 οὕτως
1613 743 1715 809 τὴν
1758 741 1960 797 Σελεύ-

309 854 460 890 κειαν
517 833 576 891 οὒ
626 829 952 907 διαμέλλων,
1030 833 1127 889 οῦκ
1186 829 1428 904 ἀθυμῶν,
1487 831 1546 888 οὗ
1607 831 1844 910 πάσχειν
1911 853 1962 886 τι

309 923 630 1002 σκυθρωπὸν
687 921 827 984 ὅλως
883 921 1331 1000 ὑποφαινόμενος,
1376 919 1516 978 ἀλλὰ
1563 923 1720 979 ποσὶν
1763 923 1961 1001 εὐπρο-

307 1015 507 1090 θύμοις
555 1009 898 1085 καταλαϐὼν,
962 1011 1036 1075 είς
1097 1009 1290 1068 πλοῖόν
1335 1033 1392 1067 τε
1423 1013 1526 1070 ὐπὸ
1560 1017 1664 1068 τῶν
1693 1034 1963 1092 στρατιω-

308 1111 414 1162 τῶν
472 1100 826 1177 ὶμϐάλλεται,
879 1099 969 1158 καὶ
1013 1100 1108 1156 σὺν
1151 1101 1337 1165 αὐτοῖς
1388 1101 1463 1164 είς
1495 1107 1738 1180 Σμύρναν
1767 1104 1961 1158 καταί-

306 1216 409 1269 ρει.
501 1191 762 1251 Ἐνταῦθα
847 1189 1200 1268 Πολύκαρπον
1274 1190 1596 1270 ἀσπάζεται,
1659 1193 1753 1249 τὸν
1814 1197 1964 1250 θετον

313 1279 640 1355 ἀποστόλον,
690 1280 752 1337 ὃν
801 1280 1125 1357 προεστάναι
1181 1279 1280 1347 τῆς
1339 1283 1475 1336 κατὰ
1528 1280 1774 1360 Σμύρναν
1832 1278 1962 1339 Ἐκ·-

313 1371 542 1439 κλησίας
593 1369 965 1447 συμφοιτητῆν
1036 1369 1282 1447 ’[γνατίῳ
1367 1369 1658 1448 γενόμενον
1715 1370 1964 1450 ἀνωτέρω

313 1463 515 1541 φθάσας
585 1461 614 1516 ὁ
670 1458 834 1537 λόγος
898 1456 1162 1528 ἱδήλωσε.
1245 1467 1442 1519 Τοῦτον
1499 1459 1588 1516 οῦν
1641 1459 1961 1536 ἀσπάζεται,

313 1550 706 1628 σεμνυνόμενος
753 1548 848 1606 ἐπὶ
905 1561 1026 1612 τοῖς
1086 1546 1315 1625 δεσμοῖς
1375 1553 1466 1606 καὶ
1496 1549 1728 1629 χαίρων.
1773 1551 1834 1608 Τί
1861 1551 1962 1630 γὰρ

314 1645 474 1721 εἶχεν
518 1641 678 1698 αὐτὸν
729 1637 894 1695 πλέον
942 1641 1195 1714 σεμνῦναι
1227 1638 1262 1707 ἢ
1290 1640 1351 1696 τὸ
1380 1640 1514 1716 ὑπὲρ
1543 1637 1713 1705 οὕτως
1742 1639 1962 1719 ἀγαπή-

311 1752 503 1794 σαντος
565 1728 840 1786 Δεσπότου
905 1727 1192 1809 πάσχοντα
1251 1731 1623 1809 καθορᾶσθαι,
1685 1734 1823 1788 Εἶτα
1878 1737 1964 1793 καὶ

2044 655 2136 708 set
2166 654 2467 726 precatus,
2503 657 2563 709 et
2591 667 2834 728 gregem
2867 669 3041 711 suum
3097 650 3220 712 Deo
3266 652 3687 714 commendas-

2053 745 2146 798 set
2177 755 2310 798 cum
2342 737 2649 819 lacrymis,
2684 739 2914 801 vinctus
2936 741 3301 821 sequebatur
3333 742 3556 804 milites
3580 743 3686 823 (4).

2047 825 2279 888 Deinde
2311 845 2444 888 cum
2479 827 2814 890 Seleuciam
2851 848 2968 890 non
3002 839 3318 904 cunctans,
3357 849 3474 892 non
3506 832 3681 908 ﬂens,

2047 933 2168 976 non
2203 934 2266 977 se
2297 916 2524 998 aliquid
2560 936 2734 997 grave
2765 919 3011 980 omnino
3069 921 3186 1001 pati
3221 939 3339 1002 pra:
3365 939 3431 983 se
3459 921 3683 998 ferens,

2047 1005 2152 1067 sed
2187 1006 2486 1068 alacribus
2511 1009 2768 1071 venisset
2801 1009 3076 1091 pedibus,
3105 1029 3138 1072 a
3171 1011 3459 1074 militibus
3489 1012 3549 1072 in
3582 1030 3689 1073 na-

2045 1114 2176 1159 vem
2228 1097 2600 1174 immittitur,
2662 1106 2723 1160 et
2781 1118 2916 1160 cum
2953 1102 3039 1161 eis
3068 1102 3318 1182 appellit
3349 1105 3681 1182 Smyrnam.

2047 1185 2155 1248 Hic
2183 1185 2401 1248 salutat
2428 1186 2816 1269 Polycarpum
2850 1188 3114 1251 divinum
3141 1191 3686 1272 apostolum,quem

2047 1275 2399 1355 Smyrnensi
2453 1278 2545 1357 (5)
2608 1278 2918 1359 praefuisse
2974 1278 3283 1356 Ecclesiae,
3311 1299 3445 1342 cum
3479 1280 3692 1360 lgnatii

2048 1363 2263 1428 fuisset
2321 1366 2802 1449 condiscipulus,
2853 1370 3132 1450 superius
3205 1371 3482 1433 diximus.
3536 1369 3684 1431 Eum

2048 1472 2190 1535 ergo
2221 1455 2461 1531 salutat,
2523 1457 2788 1536 glorians
2839 1467 2898 1520 et
2957 1459 3272 1540 magnifice
3301 1460 3414 1523 sibi
3447 1461 3690 1542 placens

2046 1544 2340 1627 laetusque
2371 1546 2448 1608 de
2494 1546 2780 1610 vinculis.
2830 1548 2984 1622 Quid
3019 1550 3180 1612 enim
3214 1550 3269 1613 ei
3303 1559 3531 1632 poterat
3557 1567 3690 1612 esse

2049 1635 2264 1716 majori
2296 1645 2682 1713 ornamento,
2734 1657 2911 1718 quam
2962 1640 3151 1722 aspici
3186 1641 3304 1722 pati
3340 1659 3445 1721 pro
3479 1638 3688 1702 Domi-

2049 1743 2152 1800 no,
2185 1725 2289 1806 qui
2347 1745 2484 1788 eum
2538 1726 2627 1789 sic
2680 1727 3022 1792 dilexerat?
3077 1730 3311 1794 Deinde
3341 1749 3475 1792 cum
3507 1729 3686 1791 etiam

313 1831 429 1886 τοῖς
469 1819 684 1882 λοιποῖς
729 1816 1068 1898 ἐπισκόποις,
1124 1816 1498 1895 πρεσϐυτέροις
1547 1839 1604 1875 τε
1655 1822 1742 1875 καὶ
1773 1815 1962 1876 διακό-

2050 1813 2298 1895 reliquis
2326 1815 2626 1896 episcopis
2656 1826 2714 1880 et
2751 1819 3114 1900 presbyteris
3145 1831 3205 1883 et
3247 1819 3515 1882 diaconis
3544 1819 3689 1880 red-

315 1930 452 1989 ςοις,
529 1909 650 1975 τοὺς
737 1907 1106 1988 πρόσῆκοντας
1165 1907 1482 1978 ἀσπασμοὺς
1536 1907 1789 1982 ἀποδοὺς,
1853 1907 1962 1966 ἐπεῖ

2050 1903 2302 1967 didisset
2331 1922 2455 1978 eas,
2491 1924 2638 1986 quas
2667 1925 2772 1988 par
2801 1918 2953 1989 erat,
2977 1909 3386 1986 salutationes,
3407 1909 3688 1990 quoniam

313 1999 506 2058 πολλοὶ
555 1998 802 2056 συνέθεον
883 1997 991 2054 ἀπὸ
1051 2002 1157 2053 τῶν
1213 2002 1312 2064 τῆς
1380 1997 1564 2063 Ἀσίας
1629 1996 1962 2065 Ἰ-Ζκοιλησιῶν

2050 1993 2222 2056 multi
2253 1995 2695 2059 concurrebant
2727 2014 2798 2059 ex
2831 1997 3120 2060 Ecclesiis
3148 1999 3302 2061 Asiae
3348 2008 3408 2062 et
3437 1998 3690 2060 civitati-

312 2091 406 2148 καὶ
462 2095 567 2146 τῶν
627 2087 862 2164 πόλεων,
925 2089 1012 2143 καὶ
1072 2086 1197 2162 ὄψιν
1262 2086 1474 2155 έκείνην
1517 2085 1652 2144 ἰδεῖν
1682 2089 1770 2145 καὶ
1800 2087 1962 2146 καλοῦ

2050 2079 2159 2143 bus
2190 2082 2263 2143 ad
2321 2082 2650 2146 videndum
2682 2085 2828 2148 illud
2881 2087 3317 2168 spectaculum,
3372 2095 3428 2148 et
3459 2095 3520 2148 ut
3552 2087 3690 2168 pul-

317 2181 552 2256 νάματος
605 2177 906 2236 ἀπολαῦσαι
983 2175 1193 2254 ῥέοντος
1271 2182 1369 2244 τῆς
1428 2176 1629 2234 ἐκείνου
1687 2177 1958 2256 γλώττης,

2050 2171 2192 2234 cliro
2223 2172 2569 2236 fruerentur
2594 2177 2819 2238 ﬂuento
2847 2177 3004 2258 quod
3031 2179 3252 2240 ﬂuebat
3274 2197 3347 2240 ex
3377 2176 3537 2238 illius
3567 2178 3688 2239 lin-

315 2270 476 2333 αὐτὸς
537 2269 602 2325 τὰ
659 2267 1002 2344 προσήκοντα
1058 2266 1328 2345 παραινῶν
1378 2265 1626 2347 εὔχεσθαι
1679 2267 1808 2345 ῦπὲρ
1863 2268 1962 2324 αὒ-

2050 2279 2181 2341 gua,
2215 2263 2344 2341 ipse
2377 2281 2612 2346 ea,quaa
2641 2284 2747 2346 par
2777 2275 2924 2342 erat,
2959 2267 3244 2348 suadens,
3278 2266 3524 2347 rogabat
3551 2283 3686 2328 om-

315 2365 412 2416 τοῦ
465 2357 666 2424 πάντας
719 2356 886 2432 ἠξίου,
937 2355 1078 2414 ὥστε
1107 2353 1194 2412 διὰ
1223 2359 1327 2414 τῶν
1359 2357 1555 2436 θηρίων
1597 2360 1787 2413 θᾶττον
1828 2356 1962 2413 ἀνα-

2050 2369 2176 2425 nes,
2202 2361 2266 2413 ut
2297 2371 2404 2433 pro
2431 2353 2562 2435 ipso
2595 2367 2862 2431 orarent,
2897 2365 2962 2419 ut
2991 2376 3098 2438 per
3149 2357 3308 2420 feras
3338 2357 3456 2418 cito
3487 2355 3688 2418 resol-

317 2446 468 2504 λῦσάι
523 2448 653 2526 πρὸς
723 2448 817 2504 τὸν
875 2445 1230 2528 ποθούμενον,
1297 2447 1384 2503 καὶ
1451 2452 1526 2519 τῷ
1570 2445 1772 2502 ἐκείνου
1823 2447 1962 2503 θείου

2050 2449 2286 2503 veretur
2307 2443 2380 2505 ad
2413 2461 2575 2520 eum,
2611 2465 2792 2527 quem
2846 2446 3252 2523 desiderabat,
3284 2455 3342 2509 et
3370 2452 3689 2528 appareret

318 2535 588 2612 προσώπῳ
637 2538 1052 2616 εμφανισθῆναι.
1113 2526 1282 2609 Ὀρῶν
1337 2533 1394 2592 δὲ
1446 2539 1539 2592 καὶ
1603 2533 1720 2592 λίαν
1775 2535 1962 2600 αὐτοὺς

2050 2538 2182 2592 ante
2209 2531 2374 2594 illius
2421 2526 2659 2596 faciem}
2713 2534 2857 2598 Cum
2890 2537 3124 2598 videret
3152 2545 3350 2598 autem
3385 2526 3489 2599 eos
3518 2534 3690 2598 valde

316 2628 623 2704 περιπαθῶς
679 2623 908 2706 ἔχοντας
975 2626 1074 2683 καῖ
1144 2627 1310 2682 οἱονεῖ
1363 2630 1461 2692 τῆς
1513 2623 1718 2682 ἐκείνου
1774 2629 1962 2703 ψυχῆς

2050 2621 2448 2700 perturbatos,
2480 2632 2541 2685 et
2572 2625 3016 2705 quodammodo
3045 2626 3380 2706 pendentes
3409 2625 3482 2688 ab
3527 2625 3690 2688 illius

317 2714 778 2792 ἐκκρεμαμένους,
837 2716 926 2774 καὶ
980 2715 1179 2791 ζημίαν
1234 2713 1294 2771 οῦ
1341 2715 1579 2794 φορητὴν
1628 2714 1961 2792 ἡγουμένους

316 2810 414 2866 τὸν
475 2809 758 2888 χωρισμὸν
800 2810 981 2888 αὖτοῦ,
1027 2808 1115 2865 καὶ
1161 2807 1254 2864 τὸν
1307 2807 1556 2884 θάνατον,
1585 2804 1760 2864 δείσας
1790 2827 1846 2862 τε
1877 2807 1962 2863 καὶ

317 2900 441 2975 περὶ
495 2898 603 2956 τῶν
657 2900 713 2956 ιν
745 2905 814 2976 τῇ
845 2897 1031 2974 Ῥώμῃ
1078 2902 1307 2976 πιστῶν,
1353 2897 1432 2971 μὴ
1469 2895 1557 2952 καὶ
1587 2896 1732 2953 αὐτοὶ
1785 2917 1963 2972 παραυ

315 2987 565 3057 πλησίως
611 2987 942 3052 διατεθέντες
973 2989 1070 3044 οὔκ
1097 2985 1372 3052 ἀνέξονται
1426 2982 1560 3041 ἰδεῖν
1605 2986 1764 3044 αὐτὸν
1813 2983 1963 3042 ἐκδι-

313 3076 543 3155 δόμενον
602 3091 723 3141 τοῖς
781 3077 1008 3156 θηρίοις,
1055 3075 1194 3134 ἀλλὰ
1252 3087 1448 3156 χεῖρας
1482 3073 1805 3141 ἀντιπάλους
1845 3088 1963 3140 τοῖς

313 3167 794 3247 ἰπιτετραμμένοις
837 3167 936 3235 τὴν
982 3163 1186 3224 ἔκδοσιν
1243 3163 1549 3254 ἐμϐάλωσιν
1593 3167 1680 3222 καὶ
1724 3165 1819 3235 τὴν
1847 3253 1853 3254 7
1879 3163 2026 3254 διοο

319 3269 634 3336 ανοιγετσαν
678 3255 822 3330 αὐτῷ
867 3263 960 3312 τοῦ
1003 3253 1287 3332 μαρτυρίου
1323 3252 1574 3311 κλείσωσι
1617 3254 1799 3332 θύραν,
1831 3253 1967 3332 ἔγνω

321 3349 449 3426 πρὸς
500 3346 690 3408 αὖτοὺς
735 3344 1064 3420 ἐπιστεῖλαι,
1105 3344 1243 3402 ὥστε
1287 3345 1376 3400 καὶ
1416 3345 1632 3407 τούτους
1695 3346 1813 3421 περὶ
1871 3343 1966 3400 αὖ·

316 3443 411 3494 τοῦ
455 3433 730 3515 εὔχεσθαι,
781 3435 860 3511 μὴ
891 3435 1283 3510 ἰμποκισθῆναι
1319 3434 1410 3490 τὸν
1453 3432 1651 3512 δρόμον
1696 3437 1840 3506 αὒτῷ
1869 3438 1967 3500 τῆς

318 3524 620 3600 ἀθλήσεως,
697 3522 835 3582 ἀλλά
890 3523 974 3581 διά
1029 3529 1137 3580 τῶν
1191 3525 1409 3601 θηρίων,
1469 3523 1650 3601 ὥσπερ
1720 3521 1962 3600 εἴρηται,

315 3621 506 3674 θᾶττον
563 3616 694 3693 πρὸς
773 3617 866 3673 τὸν
953 3614 1219 3694 ἐρώμενον
1309 3611 1567 3670 ἀναλῦσαι
1651 3612 1962 3680 Δεσπότην.

317 3705 504 3772 ’Ἄξιον
547 3703 604 3761 δὲ
648 3703 743 3760 καῖ
789 3707 950 3772 αὐτῆς
1017 3704 1227 3770 ἱκείνης
1286 3700 1680 3778 ἐπιμνησθῆναι
1741 3701 1964 3760 ἐπιστο-

318 3795 420 3864 λῆς
457 3811 472 3826 ⁶

401 3884 492 3944 ϐ’.
547 3903 577 3944 ε
611 3879 876 3962 Ἰγνάτιος
913 3885 941 3940 ὁ
986 3885 1073 3940 καὶ
1118 3883 1403 3962 Θεοφόρος,
1451 3882 1740 3945 ἐπίσκοπος
1787 3887 1886 3949 τῆς
1909 3881 1963 3936 ἒν

317 3975 630 4056 Ἀντιοχείᾳ
675 3974 826 4052 ἁγίας
885 3981 976 4030 τοῦ
1019 3980 1151 4028 Θεοῦ
1208 3970 1552 4047 Ἐκκλησίας,
1588 3978 1655 4048 τῇ
1683 3971 1963 4049 ἡλεημένῃ

313 4067 370 4124 ἐν
413 4064 796 4144 μεγαλειότητι
847 4062 1050 4141 Πατρὸς
1091 4063 1313 4137 ὑψίστου
1357 4063 1443 4120 κάὶ
1504 4061 1685 4129 Ἰησοῦ
1731 4063 1963 4139 Χριστοῦ

316 4159 410 4214 τοῦ
469 4158 632 4233 μόνου
693 4156 814 4212 Υἱοῦ
889 4157 1048 4211 αὐτοῦ
1119 4150 1415 4223 Ἐκκλησία
1486 4151 1816 4229 ἠγαπημένῃ
1875 4152 1964 4206 καὶ

319 4244 702 4325 πεφωτισμένῃ
740 4247 796 4299 'sv
841 4241 1103 4316 θελήματι
1161 4249 1254 4298 τοῦ
1286 4239 1610 4309 θελήσαντος
1657 4241 1722 4296 τὰ
1765 4241 1960 4310 πάντα,

319 4335 352 4390 ἅ
379 4338 494 4392 ὶστι
526 4332 660 4390 κατά
694 4333 914 4408 ἀγάπην
958 4329 1138 4397 Ἰησοῦ
1183 4336 1411 4410 Χριστοῦ
1454 4337 1546 4387 τοῦ
1604 4337 1736 4386 Θεοῦ
1781 4331 1960 4406 ἡμῶν,

321 4424 357 4492 ἢ
403 4424 488 4480 καὶ
530 4423 864 4501 προκάθηται
897 4420 1122 4476 έντόπου
1170 4419 1374 4498 χωρίου
1409 4411 1709 4499 Ῥωμαίων,
1755 4419 1822 4487 ἣν
1866 4420 1960 4476 καί

2044 2709 2266 2784 anima,
2297 2719 2356 2773 et
2388 2730 2506 2774 non
2569 2712 2882 2776 ferendum
2943 2716 3227 2779 damnum
3281 2716 3691 2780 existimantes

2045 2801 2486 2879 separationem
2544 2803 2680 2882 ejus
2730 2813 2790 2865 et
2820 2813 3100 2882 mortem,
3156 2806 3232 2867 de
3283 2805 3382 2880 iis,
3417 2805 3518 2886 qui
3551 2816 3694 2868 sunt

2049 2887 2276 2968 Romae,
2310 2891 2554 2960 timens.
2593 2912 2668 2954 ne
2720 2893 2836 2976 ipsi
2885 2913 3125 2976 quoque
3156 2896 3438 2958 similiter
3465 2895 3686 2974 aﬂ‘ecti,

2049 2996 2168 3039 non
2223 2981 2592 3045 sustinerent
2644 3001 2780 3045 eum
2844 2984 3048 3048 videre
3105 2985 3256 3048 tradi
3319 2983 3552 3058 bestiis,
3583 2985 3685 3048 sed

2051 3085 2264 3131 manus
2289 3069 2380 3132 eis
2410 3072 2721 3150 aﬂ'errent,
2778 3072 2996 3154 quibus
3047 3077 3392 3138 mandatum
3455 3082 3580 3136 erat
3632 3081 3694 3136 ut

2050 3176 2187 3220 eum
2221 3160 2547 3239 traderent,
2585 3172 2643 3224 et
2672 3163 2730 3226 ei
2761 3163 3114 3226 clauderent
3151 3172 3416 3244 apertam
3442 3164 3691 3245 jauuam

2052 3247 2345 3328 martyrii,
2381 3251 2585 3312 statuit
2613 3251 2684 3313 ad
2713 3271 2816 3314 eos
2844 3252 3104 3328 mittere,
3148 3262 3214 3314 ut
3242 3255 3280 3314 ii
3311 3272 3553 3336 quoque
3586 3270 3691 3334 pro

2049 3353 2120 3396 eo
2152 3348 2419 3414 orarent,
2455 3359 2529 3401 ne
2561 3359 2775 3402 cursus
2832 3359 2956 3403 suae
3004 3341 3455 3405 exercitationis
3485 3343 3541 3404 ei
3573 3343 3695 3403 im-

2050 3426 2382 3506 pediretur,
2418 3429 2524 3491 sed
2581 3449 2688 3510 per
2718 3430 2899 3505 feras,
2957 3432 3113 3493 sicut
3164 3431 3390 3494 dictum
3425 3441 3535 3504 est,
3574 3432 3691 3494 cito

2047 3517 2452 3579 resolveretur
2482 3519 2556 3580 ad
2595 3520 2883 3582 dilectum
2916 3519 3262 3582 Dominum.
3297 3520 3512 3601 Operae
3554 3539 3692 3602 pre-

2047 3605 2196 3668 tium
2229 3617 2322 3668 est
2353 3615 2551 3670 autem
2587 3608 2750 3670 illius
2781 3628 3026 3690 quoque
3082 3611 3430 3672 meminisse
3462 3611 3691 3692 episto-

2047 3694 2141 3771 lae,
2175 3714 2304 3778 quae
2332 3697 2418 3759 sic
2450 3697 2631 3760 habet
2661 3696 2735 3759 ad
2769 3697 3014 3761 verbum
3051 3717 3065 3761 :

2130 3873 2231 3937 1X.
2267 3898 2289 3932 ιι
2323 3875 2607 3956 Ignatius,
2643 3877 2741 3957 qui
2777 3883 2833 3938 et
2858 3875 3079 3953 Deifer,
3117 3878 3440 3960 episcopus
3471 3884 3691 3939 sanctae

2050 3961 2320 4046 Dei,qua3
2353 3974 2440 4028 est
2470 3967 2830 4042 Antiochiae,
2858 3966 3304 4047 Ecclesiae,quae
3339 3967 3685 4028 misericor-

2047 4052 2206 4114 diam
2232 4064 2322 4117 est
2342 4065 2668 4118 consecuta
2692 4057 2748 4117 in
2774 4058 3081 4138 majestate
3109 4059 3298 4120 Patris
3327 4056 3604 4118 altissimi
3633 4065 3691 4119 et

2045 4145 2187 4205 Jesu
2208 4141 2424 4206 Christi
2444 4145 2629 4206 solius
2659 4153 2790 4223 ejus
2814 4146 2973 4220 Filii,
2999 4147 3229 4208 dilectae
3251 4155 3308 4208 et
3343 4145 3692 4209 illuminataa

2048 4232 2110 4293 in
2139 4235 2440 4296 voluntate
2465 4234 2620 4314 ejus,
2659 4234 2758 4315 qui
2793 4235 2978 4296 voluit
3007 4236 3227 4307 omnia,
3258 4255 3391 4315 quae
3419 4243 3558 4297 sunt
3586 4254 3652 4298 se
3673 4271 3690 4282 -

2049 4323 2308 4384 cundum
2337 4323 2687 4386 charitatem
2748 4327 2886 4386 Jesu
2945 4327 3165 4388 Christi
3201 4327 3307 4388 Dei
3343 4325 3551 4400 nostri,
3587 4329 3689 4403 qui

2049 4413 2224 4472 etiam
2253 4413 2533 4492 praesidet
2555 4420 2612 4475 in
2647 4414 2776 4475 loco
2795 4414 3060 4492 regionis
3077 4414 3690 4495 Romanorumzquam

319 4512 628 4587 ἀσπάζομαι
682 4512 738 4568 εν
797 4511 1018 4584 ὀνόματι
1075 4507 1251 4578 ἰησοῦ
1314 4512 1542 4581 Χριστοῦ
1601 4510 1738 4566 κατὰ
1795 4509 1962 4588 σάρκα

2050 4501 2236 4564 saluto
2263 4503 2320 4563 in
2348 4503 2592 4564 nomine
2613 4503 2752 4566 Jesu
2768 4503 3344 4584 Christi,secundum
3371 4523 3610 4566 carnem
3638 4515 3696 4567 et

318 4605 408 4658 καὶ
463 4602 671 4674 πνεῦμα
724 4598 1000 4674 ἡνωμένον
1048 4600 1196 4675 πάσῃ
1259 4599 1450 4676 ἐντολῇ
1524 4601 1682 4656 αὐτοῦ
1743 4598 1965 4665 πεπλη-

319 4686 572 4765 ρωμένην
641 4687 865 4766 χάριτος
923 4693 1055 4744 Θεοῦ
1121 4688 1175 4742 ἐν
1219 4695 1432 4766 Χριστῷ
1479 4688 1657 4756 Ἰησοῦ
1713 4694 1791 4762 τῷ
1852 4694 1968 4762 Θεῷ

321 4777 554 4856 χαίρειν.
605 4773 756 4833 Ἐπεὶ
812 4775 1094 4853 εὒξάμενος
1144 4785 1259 4851 Θεῷ
1322 4777 1585 4858 ἐπέτυχον
1641 4775 1774 4833 iactv
1821 4777 1967 4852 ὑμῶν

319 4868 387 4922 τὰ
429 4864 707 4932 ἀξιοθέατα
750 4866 1036 4946 πρόσωπα,
1086 4864 1359 4941 δεδεμένος
1423 4866 1476 4923 ἐν
1537 4867 1746 4945 Χριστῷ
1789 4866 1970 4933 Ἰησοῦ

317 4953 516 5026 ὲλπίζω
560 4955 693 5029 δμᾶς
751 4954 1115 5036 ἀσπάσασθαι,
1175 4955 1367 5034 ἐάνπερ
1432 4955 1642 5030 θέλημα
1684 4962 1778 5012 τοῦ
1837 4962 1968 5012 Θεοῦ

317 5048 352 5123 ’ᾗ
401 5045 492 5102 τοῦ
533 5043 817 5114 ἀξιωθῆναί
856 5068 946 5121 με,
1007 5048 1095 5107 καὶ
1160 5048 1232 5110 εἷς
1280 5047 1430 5112 τέλος
1473 5045 1640 5110 οὕτως
1687 5048 1848 5106 εἶναι,
1900 5036 1961 5101 Ἠ

313 5136 414 5212 μὲν
462 5135 562 5214 γὰρ
614 5135 756 5216 εὐχὴ
802 5137 1216 5212 εὐοίκονόμητός
1271 5136 1406 5216 ἐστι,
1445 5135 1638 5212 ἐάνπερ
1667 5140 1764 5203 τῆς
1797 5136 1962 5215 χάρι-

311 5246 402 5291 τος
447 5225 695 5305 ἐπιτύχω
727 5227 818 5282 τὸν
861 5225 1061 5305 κλῆρον
1129 5248 1232 5301 μου
1289 5223 1688 5301 ἀνεμποδίστως
1747 5224 1962 5282 ἀπολα-

313 5312 454 5374 ϐεῖν.
490 5314 768 5391 Φοϐοῦμαι
814 5316 914 5394 γὰρ
945 5316 1042 5383 τὴν
1093 5318 1242 5372 ὑμῶν
1284 5313 1526 5394 ἀγάπην,
1580 5314 1658 5388 μὴ
1702 5316 1834 5382 eam
1896 5336 1962 5390 με

316 5401 572 5480 ἀδικήσῃ,
625 5394 786 5480 ’Υμτν
830 5410 932 5483 γὰρ
977 5403 1196 5484 εὐχερές
1242 5403 1353 5460 ἐστι
1397 5404 1622 5470 ποιῆσᾶι
1680 5403 1709 5457 ’ὁ
1757 5402 1958 5482 θέλετε,

389 5570 463 5644 (4)
494 5571 661 5629 Anno
693 5571 795 5644 109
827 5574 1066 5633 Romam
1100 5570 1365 5644 captivus
1397 5567 1822 5629 mittitur.Vide
1852 5569 1961 5629 Ba-

316 5641 548 5700 ronium
576 5648 712 5702 tom.
747 5643 822 5704 ll.

2051 4592 2324 4671 spiritum
2375 4598 2598 4653 unltam
2652 4593 2816 4654 omni
2867 4595 2999 4671 ejus
3051 4593 3352 4668 mandato,
3386 4594 3689 4674 impletam

2051 4682 2240 4762 gratia
2277 4681 2382 4744 Dei
2417 4683 2487 4743 ad
2525 4682 2843 4743 laetandum
2879 4685 2935 4744 in
2971 4683 3202 4746 Christo
3224 4683 3366 4746 Jesu
3392 4683 3692 4755 Deo.Cum

2051 4773 2236 4834 Deum
2274 4781 2576 4852 precatus.
2638 4771 3001 4835 obtinuerim
3061 4783 3122 4835 ut
3153 4774 3416 4836 viderem
3453 4781 3693 4854 specta-

2053 4861 2205 4924 biles
2236 4869 2467 4923 vestros
2498 4863 2717 4936 vultus,
2754 4861 2984 4924 vinctus
3015 4863 3073 4923 in
3108 4861 3342 4925 Christo
3372 4862 3513 4926 Jesu
3563 4880 3696 4940 spe-

2051 4970 2117 5012 ro
2150 4969 2244 5012 me
2280 4970 2378 5013 vos
2410 4951 2833 5023 salutaturum,
2867 4953 2914 5013 si
2953 4954 3059 5015 Dei
3091 4953 3274 5013 fuerit
3303 4952 3595 5024 voluntas,
3635 4960 3697 5011 ut

2049 5040 2261 5119 dignus
2291 5041 2535 5115 habear,
2569 5041 2672 5122 qui
2696 5041 2783 5103 sic
2809 5043 2922 5103 sim
2955 5059 3146 5123 usque
3177 5039 3248 5101 ad
3286 5039 3691 5100 finem.Meum

2047 5131 2208 5194 enim
2243 5130 2356 5193 rite
2386 5132 2658 5193 succedit
2699 5140 2922 5207 votum,
2979 5134 3026 5191 si
3061 5129 3306 5209 gratiam
3341 5129 3508 5191 fuero
3542 5148 3691 5190 con-

2047 5229 2310 5296 secutus,
2341 5229 2408 5281 ut
2439 5228 2666 5282 sortem
2701 5239 2891 5282 meam
2925 5219 3218 5299 accipiam
3264 5218 3395 5279 sine
3427 5218 3692 5299 impedi-

2048 5319 2274 5374 mento.
2308 5309 2519 5372 Timeo
2551 5309 2712 5370 enim
2767 5317 3020 5371 vestram
3081 5309 3462 5382 charitatem,
3497 5327 3572 5370 ne
3625 5327 3694 5372 ea

2049 5419 2143 5463 me
2170 5399 2386 5464 efﬁciat
2416 5399 2658 5479 injuria.
2694 5396 2878 5461 Vobis
2926 5396 3083 5459 enim
3142 5397 3316 5460 facile
3339 5405 3431 5460 est
3465 5397 3688 5474 facere,

2045 5653 2072 5701 Ϊ
2117 5570 2194 5698 (5i)
2225 5568 2526 5642 Smyrnam
2568 5581 2767 5628 mense
2815 5566 3076 5642 Augusto
3115 5569 3361 5636 venit.ut
3392 5576 3549 5628 notat
3583 5569 3691 5626 Ba-

2078 5655 2152 5700 on
2181 5655 2269 5700 us.

2078 5655 2269 5700 ODltlS.
