4060 6200
406 303 559 371 1279

1660 301 1940 368 MENSIS
1981 301 2492 370 FEBRUABIUS.

3616 300 3768 372 1280

396 443 554 524 quod
577 438 776 504 vultis:
801 440 950 503 mihi
969 448 1166 502 autem
1187 434 1433 498 difﬁcile
1457 443 1547 498 est
1563 433 1749 496 Deum
1772 435 2034 511 assequi,

2132 441 2241 512 ιμοὶ
2283 438 2336 496 δὲ
2391 439 2645 499 δύσκολόν
2701 439 2814 499 ἔστι
2870 447 2962 499 τοῦ
3008 439 3140 498 Θεοῦ
3211 439 3522 520 ἐπιτυχεῖν,
3578 439 3768 519 ἐάνπερ

399 533 450 593 si
467 550 586 594 vos
610 531 757 593 mihi
785 525 1338 611 peperceritis.Non
1363 529 1520 587 enim
1556 526 1686 588 volo
1720 543 1820 586 vos
1852 525 2042 585 homi-

396 621 577 683 nibus
609 619 982 701 placere,sed
1016 616 1160 688 Deo,
1203 617 1355 676 sicut
1386 614 1567 675 etiam
1605 613 1877 693 placetis.
1906 614 2041 676 Non

398 710 558 774 enim
585 728 691 787 ego
715 725 975 789 unquam
1003 704 1240 766 habebo
1267 702 1426 763 aliud
1455 710 1691 781 tempus
1715 704 1904 765 Deum
1937 718 2039 761 as-

397 799 712 880 sequendi,
748 815 948 878 neque
981 814 1105 856 vos.
1157 793 1219 855 Si
1252 791 1540 854 silueritis
1570 809 1606 853 ιι
1635 810 1752 864 me,
1791 809 1899 869 ego
1935 789 2041 852 Dei

396 889 624 953 efﬁciar
650 909 665 970 ;
692 888 784 949 sin
810 905 952 949 vero
977 903 1221 947 carnem
1247 900 1439 942 meam
1465 880 2044 951 amaveritis,rursus

399 998 502 1042 ero
526 977 1016 1040 currens.Potius
1035 982 1232 1035 autem
1256 971 1401 1033 mibi
1423 971 1916 1051 praebete,utDeo
1939 969 2042 1030 im-

397 1068 590 1130 moler
625 1086 642 1126 :
675 1078 770 1130 est
795 1065 955 1128 enim
987 1083 1089 1127 ara
1123 1071 1348 1144 parata,
1408 1070 1472 1121 ut
1504 1060 1700 1122 effecti
1733 1057 1952 1121 chorus
1983 1059 2044 1119 in

397 1158 708 1233 charitate,
765 1157 998 1219 canatis
1057 1153 1217 1216 Patri
1280 1155 1340 1211 in
1393 1151 1634 1212 Christo
1685 1148 1850 1217 Jesu.
1885 1146 2045 1229 quod

396 1248 750 1329 episcopum
773 1245 958 1327 Syriae
983 1243 1262 1323 dignatus
1286 1241 1365 1302 sit
1388 1238 2046 1329 Dominus,ut_inveni-

394 1325 562 1400 retur
590 1325 653 1398 in
701 1325 1061 1413 Occidente,
1121 1349 1257 1393 eum
1315 1346 1641 1392 accersens
1668 1328 1743 1390 ab
1774 1325 2042 1391 Oriente.

391 1427 720 1493 Pulchrum
749 1431 841 1486 est
869 1443 902 1486 a
933 1422 1157 1484 mundo
1191 1419 1471 1482 occidere
1504 1418 1579 1480 ad
1626 1421 1841 1491 Deum,
1876 1425 1940 1478 ut
1969 1416 2044 1478 ad

393 1519 588 1597 ipsum
621 1513 986 1578 exoriamur.
1019 1511 1179 1574 Nulli
1223 1527 1489 1589 unquam
1524 1508 1863 1583 invidistis;
1895 1506 2044 1569 alios

396 1607 712 1669 docuistis.

472 1723 672 1804 ΧΕςο
695 1728 896 1785 autem
923 1723 1053 1783 volo
1084 1720 1185 1781 illa
1209 1734 1446 1800 quoque
1471 1733 1606 1778 esse
1628 1716 1804 1776 firma
1827 1732 1894 1775 ac
1915 1721 2042 1775 sta-

2123 529 2282 603 ὑμεῖς
2340 531 2588 611 φείσησθέ
2654 551 2780 607 μου,
2839 532 2912 589 Ού
2981 532 3081 610 γὰρ
3135 529 3273 589 θέλω
3331 532 3468 606 ὑμᾶς
3524 530 3768 608 ἅνθρωπ-

2123 621 2441 693 αρεσκῆσαι,
2477 620 2614 677 ἀλλά
2645 628 2760 694 Θεῷ
2793 620 3002 698 ἀρέσαι,
3035 622 3218 697 ὥσπερ
3261 618 3329 687 δὴ
3359 622 3449 676 καὶ
3493 619 3762 698 ἀρέσκετε·

2124 712 2183 767 οὗ
2223 711 2323 786 γὰρ
2355 711 2463 788 ἐγὼ
2505 710 2668 768 ἄλλον
2709 711 2810 776 ἔξω
2862 711 3047 790 καιρόν
3105 732 3240 768 ποτε
3279 717 3410 768 θεοῦ
3451 709 3764 790 ἐπιτυχεῖν,

2125 798 2243 856 οὕτε
2286 801 2466 876 ὑμεῖς.
2515 801 2642 858 Ἐὰν
2673 801 2988 870 σιωπήσητε
3045 799 3140 857 ἀπ’
3186 799 3342 879 ἱμοῦ,
3371 799 3504 878 »ἐγὼ
3532 801 3768 880 γενήσο-

2127 910 2222 962 μαι
2272 897 2426 965 Θεοῦ,
2473 890 2563 946 ἐὰν
2620 888 2675 946 δὲ
2732 889 2989 966 ἐρασθῆτε
3051 893 3150 956 τῆς
3197 891 3392 967 σαρκός
3435 912 3560 965 μου,
3607 888 3768 945 πάλιν

2127 977 2316 1053 ἔσομαι
2373 979 2607 1060 τρέχων.
2667 977 2833 1036 [1λέον
2896 977 2952 1036 δέ
3010 1000 3101 1056 μοι
3154 980 3499 1058 παράσχεσθε
3558 977 3771 1036 σπονδιο

2129 1071 2315 1134 σθῆναι
2375 1076 2514 1148 Θεῷ,
2547 1071 2620 1135 ὡς
2649 1069 2732 1127 ’ἐτι
2781 1069 3156 1143 θυσιαστήριον
3200 1067 3418 1144 ἕτοιμόν
3461 1068 3630 1143 ἐστιν,
3674 1067 3773 1124 ἵνα

2127 1156 2182 1214 ἓν
2214 1158 2396 1235 ἀγάπῃ
2459 1159 2623 1238 χορὸς
2668 1157 2949 1236 γενὸπενοι
3007 1157 3174 1230 ᾅσητε
3215 1164 3293 1232 τῷ
3344 1159 3509 1233 Πατρὶ
3537 1157 3591 1214 ἰν
3634 1165 3770 1234 Χρι-

2129 1249 2240 1320 στῷ
2293 1247 2494 1327 Ἰησοῦ,
2540 1246 2623 1304 ὅτι
2679 1250 2770 1305 τὸν
2821 1249 3114 1306 ὶπίσκοπον
3163 1248 3352 1326 Συρίας
3385 1249 3412 1304 ὁ
3444 1248 3575 1312 Θεὸς
3630 1269 3770 1304 κατ-

2129 1333 2352 1402 ηξίωσεν
2400 1338 2671 1415 εδρεθῆναι
2749 1338 2823 1404 εἷς
2893 1335 3038 1395 δόσιν
3109 1336 3216 1394 ἀπὸ
3257 1336 3523 1405 ἀνατολῆς
3577 1343 3766 1394 τοῦτον

2128 1429 2644 1503 μεταπεμψάμενος,
2698 1426 2875 1486 Καλὸν
2925 1429 2988 1484 τὸ
3030 1424 3176 1484 δῦναι
3222 1424 3327 1483 ἀπὸ
3373 1428 3578 1500 κόσμου
3633 1427 3766 1501 πρὸς

2128 1517 2280 1596 Θεὸν,
2313 1513 2407 1573 ἵνα
2439 1518 2513 1582 εἷς
2547 1514 2705 1574 «ext»
2725 1514 3111 1592 ἀνατείλωμεν,
3147 1513 3412 1575 Οὒδέποτε
3440 1514 3768 1582 ἐϐασιιήνατε

2127 1603 2328 1686 οὒδενὶ,
2364 1605 2556 1670 ἀλλους
2587 1603 2880 1672 ὲδιδάξατε.

2206 1709 2270 1777 Ι’.
2304 1718 2450 1798 Ἐγὼ
2483 1719 2537 1776 δὲ
2577 1719 2740 1793 θέλω,
2777 1719 2873 1776 ἵνα
2906 1719 3135 1777 κάκεῖνα
3185 1716 3374 1795 βέϐαια
3423 1724 3481 1800 ᾗ,
3516 1719 3548 1775 ἃ
3577 1723 3768 1796 μαθη-

396 1813 565 1895 bilia,
600 1831 730 1894 quae
754 1811 1047 1873 docentes
1102 1806 1447 1889 praecipitis.
1481 1805 1687 1868 Solum
1720 1811 1946 1895 rogate,
1980 1809 2044 1864 ut

2132 1810 2368 1872 τεύοντες
2449 1809 2722 1872 τέλλισθε.
2810 1811 2976 1866 Μόνοι
3046 1831 3138 1885 μοι
3197 1807 3420 1882 δύναμιν
3480 1810 3770 1880 αἰτήσασθε

397 1893 789 1964 ἀθῐιιιιτίηιίὶιί
819 1900 974 1961 vires
1005 1919 1038 1960 a
1094 1896 1370 1969 Domino,
1410 1902 1471 1954 ut
1503 1913 1623 1955 non
1653 1893 1845 1954 solum
1879 1893 2044 1956 dicar

396 1986 914 2061 Christianus,sed
947 1985 1124 2047 etiam
1157 1982 1429 2045 inveniar
1457 1991 1521 2043 et
1548 1981 1663 2042 dici
1699 1986 1952 2061 possim,
1987 1988 2046 2042 et

397 2086 541 2140 tunc
576 2076 831 2139 videbor
857 2093 988 2137 esse
1024 2069 1491 2152 ﬁdelis,quando
1522 2071 1749 2131 mundo
1782 2089 1901 2130 non
1935 2089 2045 2150 ap—

399 2165 621 2250 parebo
653 2164 813 2228 Nihil
840 2167 998 2227 enim
1025 2164 1182 2244 quod
1197 2171 1445 2243 apparet
1470 2169 1562 2222 est
1584 2159 2048 2231 mternumﬂuaa

395 2257 557 2319 enim
591 2252 1190 2330 cernuntur,suntad
1229 2261 1466 2329 tempus
1493 2272 1508 2310 :
1535 2268 1669 2328 qua
1696 2260 1890 2309 autem
1928 2266 2046 2308 non

394 2346 696 2420 videntur,
725 2353 975 2407 aeterna.
1009 2343 1133 2421 Ego
1159 2341 1361 2404 scribo
1394 2339 1703 2412 Ecclesiis,
1740 2345 1797 2400 et
1829 2337 2046 2400 mando

395 2437 697 2510 omnibus,
725 2434 884 2516 quod
914 2453 1024 2512 ego
1057 2432 1273 2494 lubens
1300 2448 1408 2512 pro
1439 2429 1676 2491 Chrism
1710 2427 1960 2501 morior,
1995 2428 2045 2488 si

394 2545 498 2588 vos
522 2545 640 2587 non
673 2524 1128 2607 prohibueritis.
1160 2521 1330 2598 Rogo
1366 2539 1493 2588 vos,
1528 2536 1604 2607 ne
1629 2519 1707 2578 sit
1741 2518 2044 2595 intempe-

396 2618 542 2678 stiva
571 2606 772 2680 vestra
803 2614 864 2675 in
900 2633 996 2676 me
1027 2609 1447 2676 benevolentia
1473 2632 1486 2668 :
1513 2606 1695 2670 inite
1730 2626 1824 2669 me
1855 2607 2042 2668 devo-

392 2707 514 2770 rari
541 2726 573 2768 a
596 2706 877 2785 feris,per
897 2722 1044 2785 quas
1064 2703 1206 2764 licet
1229 2703 1415 2763 Deum
1451 2696 1911 2777 consequi.Sum
1937 2695 2044 2757 Dei

397 2797 860 2866 frumentum,et
878 2794 1071 2855 molor
1095 2809 1200 2871 per
1221 2790 1436 2852 dentes
1459 2785 2043 2861 ferarum,utChristi

402 2887 678 2950 inveniar
707 2884 968 2946 mundus
998 2882 1188 2962 panis.
1224 2881 1392 2944 Feris
1428 2879 1623 2958 potius
1660 2877 2043 2948 blandimini,

403 2988 470 3038 ut
503 2978 646 3040 ﬁant
675 2974 827 3036 mihi
853 2973 1226 3052 sepulcrum,
1262 2979 1321 3031 et
1351 2968 1499 3031 nihil
1549 2967 1898 3048 relinquant
1927 2964 2044 3027 mei

404 3066 702 3146 corporis,
736 3082 813 3125 ne
842 3064 1076 3142 sopitus
1106 3065 1248 3122 ﬁam
1280 3060 1502 3137 gravis.
1535 3057 1701 3118 Tunc
1734 3074 1837 3118 ero
1869 3073 2044 3116 verus

2127 1897 2343 1965 δοθῆναι
2374 1900 2516 1977 παρά
2561 1906 2712 1971 Θεοῦ,
2759 1898 2852 1954 ’ίνα
2897 1899 2974 1974 μὴ
3025 1906 3188 1974 μόνον
3235 1897 3476 1977 λέγωμαι
3509 1906 3771 1976 Χριστια-

2129 1989 2239 2062 νὸς,
2301 1988 2440 2044 ἀλλά
2501 1991 2590 2044 καὶ
2650 1991 2842 2066 εὗρεθῶ
2898 1989 2988 2045 καὶ
3035 1987 3283 2065 λέγεσθαι
3355 1986 3616 2060 δύνωμαι,
3667 1991 3772 2047 Καὶ

2131 2079 2250 2135 τότε
2279 2080 2470 2143 πιστὸς
2513 2077 2657 2135 έῖναι
2710 2079 3037 2158 ὀφθήσομαι,
3085 2076 3173 2135 ὅτε
3229 2077 3420 2153 κόσμῳ
3467 2078 3545 2153 μή
3579 2080 3773 2158 φαίνου

2131 2190 2228 2242 μαι
2259 2181 2276 2199 ⁸
2336 2167 2479 2226 οὐδὲν
2539 2169 2638 2245 γάρ
2695 2170 3018 2248 φαινόμενον
3091 2166 3326 2243 αἰώνιον,
3388 2167 3500 2224 ἐπεὶ
3561 2170 3650 2225 καὶ
3705 2169 3775 2225 τὰ

2130 2257 2438 2334 βλεπόμενα
2488 2259 2809 2338 πρόσκαιρα,
2871 2257 2938 2313 τὰ
2979 2255 3035 2312 δὲ
3079 2258 3157 2332 μὴ
3189 2255 3497 2333 βλεπόμενα
3556 2257 3770 2320 αἰώνια.

2131 2345 2275 2425 Ἐγὼ
2330 2347 2516 2426 γράφω
2559 2359 2680 2412 ταῖς
2735 2345 3081 2413 Ἐκκλησίαις
3141 2347 3232 2404 καὶ
3287 2345 3604 2421 ἐντέλλομαι
3656 2353 3771 2403 πᾶ-

2128 2458 2234 2510 σιν,
2283 2435 2366 2492 ὅτι
2422 2435 2531 2514 ἐγὼ
2595 2437 2733 2492 ἑκὼν
2791 2436 2922 2514 ὑπὲρ
2979 2443 3112 2494 Θεοῦ
3171 2436 3517 2508 ἀποθνήσκω,
3575 2435 3773 2514 ἐάνπερ

2124 2527 2284 2599 ὑμεῖς
2342 2526 2420 2599 μὴ
2475 2524 2755 2592 κωλύσητε
2790 2541 2805 2556 ‘
2873 2523 3171 2603 παρακαλῶ
3235 2527 3397 2604 ὑμᾶς,
3453 2527 3533 2601 μὴ
3593 2525 3771 2583 εὔνοια

2126 2615 2344 2691 ἄκαιρος
2377 2615 2617 2691 γένοισθέ
2649 2637 2752 2690 μου
2791 2633 2807 2649 ⁶
2843 2613 3003 2695 ἔφετέ
3033 2635 3100 2690 με
3149 2616 3346 2693 θηρίων
3394 2615 3538 2672 εἶναι
3577 2617 3766 2692 βορὰν,

2125 2703 2202 2760 δι’
2233 2706 2308 2762 ὧν
2353 2703 2522 2760 ἔνεστι
2579 2711 2711 2761 Θεοῦ
2765 2704 3072 2783 ἐπιτυχεῖν.
3127 2710 3287 2769 Σῖτος
3337 2706 3444 2780 είμί
3476 2707 3634 2777 Θεοῦ,
3680 2707 3770 2762 καὶ

2126 2792 2194 2850 δι’
2251 2792 2482 2850 ὀδόντων
2541 2794 2738 2873 Θηρίων
2797 2793 3088 2868 ἆλῆθομαι,
3153 2795 3249 2850 ’ίνα
3307 2796 3537 2872 καθαρὸς
3608 2793 3768 2868 ἄρτος

2127 2886 2320 2962 εὗρεθῶ
2366 2891 2460 2941 τοῦ
2537 2884 2762 2962 Χριστοῦ
2793 2902 2806 2917 ⁸
2884 2881 3090 2958 μᾶλλον
3162 2880 3215 2938 δὲ
3289 2883 3648 2941 κολακεύσετε
3700 2887 3769 2941 τὰ

2125 2973 2304 3053 θηρία,
2363 2976 2454 3029 ’ἱνα
2526 2997 2617 3049 μοι
2660 2974 2825 3053 τάφος
2881 2972 3140 3050 γένωνται
3183 2974 3274 3030 καὶ
3315 2971 3484 3049 μηδὲν
3540 2973 3766 3031 καταλί-

2125 3085 2267 3119 πωσι
2312 3071 2404 3120 τοῦ
2468 3063 2718 3135 σώματός
2786 3085 2910 3139 μου,
2977 3062 3074 3119 ’ἕνα
3131 3062 3209 3138 μὴ
3269 3065 3549 3138 κοιμηθεὶς
3604 3066 3768 3142 βαρὺς

404 3143 632 3218 Christi
681 3152 1037 3232 discipulus,
1071 3149 1311 3230 quando
1369 3165 1480 3209 nec
1531 3163 1748 3226 corpus
1801 3143 2043 3225 quidem

2132 3154 2402 3230 γένωμαι,
2433 3154 2564 3213 Τότε
2595 3156 2787 3231 ἔσομαι
2818 3153 3064 3229 μαθητὴς
3116 3153 3324 3222 ἀληθὴς
3366 3163 3457 3212 τοῦ
3519 3163 3770 3234 Χριστοῦ,

402 3263 603 3306 meum
658 3243 858 3303 adhuc
914 3238 1144 3301 videbit
1196 3235 1480 3298 mundus.
1543 3239 1654 3296 Pro
1688 3253 1786 3295 me
1809 3234 2044 3297 Christo

402 3333 757 3414 supplicate,
808 3339 871 3390 ut
903 3347 1011 3409 per
1043 3327 1168 3389 haec
1194 3326 1598 3386 instrumenta
1633 3322 1852 3384 munda
1879 3321 2049 3384 inve-

401 3410 536 3482 niar
594 3420 810 3481 hostia.
875 3417 1002 3478 Non
1063 3416 1215 3476 sicut
1268 3413 1476 3474 Petrus
1533 3419 1597 3474 et
1623 3410 1847 3473 Paulus
1881 3410 2050 3472 vobis

404 3511 714 3592 praecipio.
751 3508 841 3569 Illi
877 3505 1300 3587 Apostoli,ego
1326 3503 1764 3564 condemnatus
1799 3520 1814 3563 :
1851 3500 1938 3592 illi
1964 3501 2046 3579 1i-

404 3590 678 3678 beri,ego
701 3607 894 3659 autem
923 3615 1134 3657 servus
1163 3611 1357 3673 usque
1387 3593 1446 3653 in
1481 3592 1836 3654 hodiernum
1861 3590 2043 3653 diem:

405 3693 509 3754 sed
564 3691 613 3752 si
672 3687 1007 3759 volueritis,
1073 3705 1182 3763 ego
1217 3685 1504 3746 liberatus
1532 3681 1674 3746 Jesu
1707 3680 1950 3758 Christi,
1989 3688 2046 3742 et

402 3800 719 3860 exsurgam
753 3779 812 3840 in
841 3779 967 3858 ipso
999 3777 1177 3838 liber.

477 3897 747 3961 XLNunc
778 3895 944 3956 disco
978 3894 1208 3954 vinctus
1239 3889 1389 3953 nihil
1427 3888 1799 3950 mundanum
1821 3904 2044 3967 cupere

399 3999 501 4051 aut
533 3989 732 4059 inane,
765 4006 797 4047 a
831 3983 1002 4066 Syria
1062 4000 1249 4061 usque
1299 3983 1370 4043 ad
1421 3981 1672 4043 Romam
1707 3976 1893 4056 ipsam
1931 3997 2042 4058 pu-

399 4099 589 4159 gnans
620 4097 751 4138 cum
791 4077 1186 4142 bestiis,terra
1218 4080 1273 4132 et
1309 4070 1669 4143 mari,noctu
1697 4077 1754 4128 et
1785 4067 1880 4128 diu
1910 4067 2044 4127 vin-

402 4158 530 4231 etus
562 4170 768 4228 decem
808 4163 1134 4244 leopardis,
1170 4162 1271 4238 qui
1307 4171 1445 4221 sunt
1474 4160 1696 4219 cohors
1729 4158 2040 4219 militaris:

403 4261 502 4340 qui
537 4261 714 4319 etiam
755 4257 801 4315 si
834 4252 1130 4314 beneﬁcio
1152 4245 2042 4322 afﬁcianturﬁuntdeteriores.

399 4335 464 4410 In
498 4366 704 4408 eorum
738 4363 876 4405 vero
908 4342 1146 4422 injuriis
1180 4341 1366 4419 magis
1390 4340 1578 4399 disco.
1615 4335 1848 4399 Utinam
1884 4338 2048 4399 fruar

402 4440 612 4500 bestiis
647 4435 793 4496 mihi
830 4433 1067 4512 paratis,
1133 4441 1192 4492 et
1241 4440 1405 4511 opto,
1439 4436 1501 4488 ut
1535 4446 1619 4488 eae
1654 4426 1797 4487 mihi
1831 4436 2047 4506 paratae

2133 3242 2219 3300 ὅτε
2255 3242 2372 3302 οὐδὲ
2415 3246 2475 3300 τὸ
2511 3249 2670 3319 σῶμα
2727 3266 2829 3319 μου
2876 3243 2953 3300 ἔτι
3001 3246 3029 3300 ὃ
3087 3246 3291 3318 κόσμος
3341 3242 3557 3320 ὄψεται.
3605 3251 3775 3303 Λιτα-

2132 3333 2350 3389 νεύσατε
2408 3338 2486 3406 τῷ
2543 3339 2754 3413 Χριστῷ
2804 3333 2936 3410 ὑπὲρ
2966 3333 3118 3408 ἐμοῦ,
3153 3333 3244 3389 ἵνα
3277 3331 3362 3388 διὰ
3388 3336 3495 3389 τῶν
3538 3334 3776 3413 ὀργάνων

2130 3423 2332 3478 τούτων
2383 3424 2531 3479 θυσία
2595 3424 2800 3501 καθαρά
2861 3423 3076 3500 εὗρεθῶ.
3139 3425 3256 3502 Οὖχ
3321 3425 3392 3488 ὡς
3436 3423 3634 3502 Πέτρος
3693 3433 3777 3482 καί

2133 3511 2342 3574 Παῦλος
2399 3511 2755 3587 διατάσσομαι
2791 3528 2805 3542 ⁶
2843 3511 3040 3568 ἐκεῖνοι
3074 3511 3392 3592 ἀπόστολοι,
3436 3513 3550 3589 ἐγὼ
3605 3515 3773 3570 κατά-

2131 3623 2306 3680 κριτος
2343 3618 2356 3632 ·
2393 3602 2592 3658 ἐκεῖνοι
2636 3601 2924 3679 ἐλεύθεροι,
2973 3601 3082 3678 ἐγὼ
3127 3600 3180 3656 δὲ
3229 3601 3395 3680 μέχρι
3427 3602 3516 3658 νῦν
3561 3600 3767 3665 δοῦλος.

2131 3690 2280 3749 Ἀλλ’
2338 3692 2428 3748 ἐὰν
2470 3691 2760 3765 θελήσητε,
2810 3690 3161 3769 ἀπελεύθερος
3205 3688 3385 3758 ἰησοῦ
3427 3698 3661 3770 Χριστοῦ
3687 3698 3770 3750 καὶ

2126 3781 2498 3856 ἀναστήσομαι
2520 3781 2575 3837 ἐν
2599 3781 2742 3855 αδτῷ
2773 3779 3066 3859 ἐλεύθερος,

2209 3897 2318 3958 1Α’.
2382 3904 2484 3956 Νῦν
2543 3898 2791 3973 μανθάνω
2869 3893 3172 3975 δεδεμένος,
3246 3894 3413 3972 μηδὲν
3486 3896 3766 3972 ἐπιθυμεῖν

2127 3990 2385 4063 κοσμικὸν
2429 3986 2464 4056 ἢ
2509 3988 2757 4063 μάταιον,
2810 3986 2915 4043 ἀπὸ
2977 3986 3166 4064 Συρίας
3210 3983 3375 4066 μέχρι
3407 3985 3506 4054 τῆς
3555 3977 3766 4061 Ῥώμης

2128 4079 2292 4145 αὒτῆς
2352 4078 2735 4156 θηριομαχῶν,
2783 4075 2890 4132 ἀπὸ
2935 4079 3040 4152 γῆς
3082 4078 3168 4130 καὶ
3223 4075 3519 4154 θαλάσσης,
3581 4078 3765 4137 νυκτὸς

2127 4168 2222 4224 καί
2281 4166 2485 4245 ἡμέρας
2571 4164 2882 4240 δεδεσμὲνος
2962 4163 3087 4221 δέκα
3168 4162 3510 4244 λεοπάρδοις,
3576 4165 3604 4220 ὅ
3662 4166 3771 4221 ἐστι

2131 4258 2513 4336 στρατιωτικὸν
2556 4257 2758 4334 τάγμα,
2829 4257 2882 4312 οἳ
2943 4253 3038 4310 καί
3081 4255 3513 4332 εὐεργετούμενοι
3559 4255 3770 4335 χείρους

2131 4348 2388 4424 γίνονται.
2423 4345 2515 4403 Ἐν
2560 4343 2613 4401 δὲ
2656 4360 2776 4409 τοῖς
2822 4343 3146 4414 ἀδικήμασιν
3192 4343 3364 4399 αὐτῶν
3396 4342 3605 4418 μᾶλλον
3661 4367 3774 4419 μα-

2131 4437 2423 4511 θητεύομαι
2455 4451 2470 4466 ⁸
2534 4435 2762 4510 ὀναίμην
2802 4440 2908 4490 τῶν
2967 4433 3162 4511 θηρίων
3219 4433 3502 4508 τῶνὶὶμοὶ
3549 4434 3775 4507 ἑτοιμα-

407 4526 788 4591 inveniantur
823 4544 835 4580 :
871 4520 1091 4602 quibus
1121 4525 1297 4580 etiam
1324 4516 1696 4589 blandiar,ut
1731 4533 1826 4575 me
1854 4515 2044 4594 proti-

2133 4527 2342 4600 σμὲνιυν
2395 4525 2483 4582 καὶ
2547 4523 2781 4604 εὔχομαι
2844 4523 3038 4599 ἕτοιμα
3083 4545 3173 4597 μοι
3233 4523 3508 4599 εὑρεθῆναι
3546 4541 3557 4554 ⁶
3609 4522 3642 4578 ἃ
3687 4524 3778 4577 καὶ

404 4634 519 4676 nus
554 4616 863 4684 devorent,
898 4630 1015 4671 non
1049 4609 1206 4671 sicut
1248 4607 1536 4688 quosdam
1575 4605 1791 4665 timore
1821 4605 2049 4666 aﬂ‘ectae

404 4725 524 4767 non
561 4700 1091 4780 tetigeruntﬂuod
1117 4699 1163 4758 si
1192 4717 1276 4760 eae
1301 4703 1477 4758 etiam
1503 4695 1701 4756 invitae
1722 4695 2044 4770 noluerint,

404 4805 463 4858 at
493 4815 600 4874 ego
658 4793 716 4853 vi
747 4792 1002 4871 adigam.
1043 4789 1342 4866 Ignoscite
1379 4785 1551 4866 mihi,
1586 4785 1709 4846 scio
1742 4785 1883 4865 quid
1919 4803 2050 4846 mea

401 4885 664 4946 intersit.
702 4881 871 4944 Nunc
918 4879 1141 4959 incipio
1198 4896 1332 4940 esse
1363 4875 1719 4956 discipulus,
1752 4884 1814 4934 ut
1845 4876 2048 4937 Jesum

400 4977 712 5040 Christum
745 4968 1220 5052 assequar.lgnis
1253 4977 1311 5027 et
1342 4965 1852 5045 crux,bestiarum
1888 4965 2047 5026 irru-

401 5056 1451 5146 ptiones,dissectiones,divisiones,
1487 5053 1819 5133 amputatio
1853 5072 2048 5116 mem-

403 5141 909 5227 brorum,trituree
929 5150 1106 5211 totius
1118 5146 1483 5227 corporis,et
1503 5141 1728 5205 diaboli
1753 5151 2052 5205 tormenta

402 5262 585 5324 super
611 5262 705 5303 me
739 5242 1000 5314 veniant,
1033 5235 1361 5299 dummodo
1384 5234 1586 5298 Jesum
1619 5231 1917 5294 Christum
1954 5250 2049 5293 as-

401 5321 809 5414 sequar.Nihil
845 5329 990 5391 mihi
1021 5327 1351 5408 proderunt
1388 5321 2043 5414 mundijucunditates,

404 5411 600 5502 neque
624 5439 807 5498 regna
841 5419 1014 5496 hujus
1045 5414 1494 5480 saeculiMelius
1516 5421 1603 5474 est
1629 5411 1774 5473 mihi
1809 5411 1962 5472 mori
1985 5411 2045 5473 in

404 5501 639 5574 Christo
669 5507 1024 5588 Jesu,quam
1058 5524 1306 5584 regnum
1335 5503 1610 5565 obtinere
1644 5519 1834 5581 usque
1864 5501 1935 5562 ad
1969 5501 2045 5561 ti-

403 5617 512 5667 nes
544 5607 742 5664 terrae.
797 5597 950 5672 Quid
1004 5599 1167 5660 enim
1203 5595 1453 5678 prodest
1483 5593 1737 5671 homini,
1769 5593 1822 5656 si
1855 5601 2041 5657 totum

2129 4615 2462 4692 κολακεύσω,
2526 4615 2802 4690 συντόμως
2860 4635 2926 4688 με
2997 4625 3359 4689 καταφαγεῖν,
3423 4614 3528 4692 οὔχ
3597 4612 3779 4689 ὥσπερ

2131 4707 2287 4761 τινῶν
2331 4702 2701 4778 δειλαινόμενα
2747 4703 2851 4782 οῦχ
2909 4700 3121 4776 ἥψαντο
3155 4717 3170 4732 ⁸
3204 4700 3302 4757 κᾶν
3335 4702 3466 4757 αὖτά
3494 4699 3548 4756 δὲ
3582 4699 3780 4757 ἄκοντα

2133 4795 2211 4866 μὴ
2266 4791 2563 4863 θελήσειεν,
2644 4792 2753 4869 ἐγὼ
2810 4789 2864 4845 δὲ
2941 4787 3369 4868 παραϐιάσομαι.
3442 4796 3783 4868 Συγγνώμην

2136 4880 2292 4960 ἔχετέ
2337 4902 2428 4956 μοι
2463 4897 2478 4911 ⁸
2513 4881 2562 4937 τί
2608 4903 2698 4954 μοι
2746 4879 3022 4957 συμφέρει,
3072 4879 3180 4956 ἐγὼ
3225 4879 3496 4957 γινώσκω.
3533 4886 3637 4937 Νῦν
3680 4878 3784 4956 ἄρ-

2134 4993 2306 5050 χομαι
2366 4972 2610 5045 μαθητὴς
2655 4969 2825 5041 εἶναι,
2858 4968 2954 5025 ’ἶνα
2995 4967 3176 5035 Ἰησοῦ
3231 4976 3458 5047 Χριστοῦ
3503 4968 3782 5047 ἐπιτύχω,

2135 5067 2241 5137 Πῦρ
2301 5061 2388 5116 καὶ
2442 5061 2690 5136 σταυρὸς,
2751 5059 2949 5136 θηρίων
2990 5079 3048 5113 τε
3121 5057 3428 5137 συστάσεις,
3498 5059 3787 5132 ἀνατομαὶ,

2133 5147 2443 5227 διαιρέσεις,
2532 5149 2858 5228 σκορπισμοί
2926 5147 3150 5221 ὀστέων,
3235 5149 3484 5224 συγκοπὴ
3570 5147 3788 5222 μελῶν,

2133 5238 2369 5312 ἀλησμοὶ
2413 5237 2535 5294 ὅλον
2587 5239 2680 5293 τοῦ
2739 5236 3012 5315 σώματος,
3050 5236 3080 5304 ἢ
3121 5235 3374 5300 κολάσεις
3407 5243 3503 5293 τοῦ
3534 5234 3790 5294 διαϐόλου

2133 5327 2216 5383 ἐπ’
2271 5327 2367 5403 ἐμὲ
2411 5326 2779 5406 ἐρχέσθωσαν,
2835 5325 2998 5400 μόνον
3031 5325 3124 5382 ἵνα
3167 5325 3350 5391 Ἰησοῦ
3387 5333 3615 5402 Χριστοῦ
3659 5325 3788 5382 ἐπι-

2131 5417 2304 5495 τύχω.
2353 5414 2510 5474 Οὐδέν
2581 5437 2647 5490 με
2719 5413 2990 5494 ὠφελήσει
3045 5416 3107 5471 τὰ
3167 5417 3262 5471 τοῦ
3306 5415 3512 5490 κόσμου
3583 5416 3789 5490 τερπνᾶ

2129 5504 2245 5564 οὐδὲ
2276 5506 2326 5560 αἱ
2351 5502 2624 5580 βασιλεῖαι
2656 5509 2747 5560 τοῦ
2779 5504 2970 5570 αἰῶνος
2999 5503 3212 5566 τούτου,
3270 5501 3444 5561 Καλόν
3496 5525 3589 5577 μοι
3635 5503 3786 5561 ἀπο-

2127 5595 2309 5653 θανεῖν
2341 5597 2397 5651 ἒν
2441 5599 2652 5674 Χριστῷ
2685 5592 2882 5670 Ἰησοῦ,
2919 5593 2954 5663 ἢ
2984 5593 3284 5670 βασιλεύειν
3325 5597 3434 5650 τῶν
3479 5592 3727 5673 περάτων
3761 5625 3782 5639 -
