4020 6206
270 349 420 426 1281

1441 353 1626 427 VITA
1672 357 1732 425 S.
1803 351 2109 426 IGNATII
2151 353 2485 425 DEIFERI.

3499 353 3650 424 128?

264 505 371 567 τῆς
424 505 551 579 γῆς.
601 500 662 558 Τί
703 500 803 577 γὰρ
846 497 1139 578 ὠφελεῖται
1200 498 1499 578 ἅνθρωπος,
1552 499 1641 554 ἐὰν
1691 497 1924 577 κερδήσῃ

2016 495 2300 558 mundum
2336 495 2624 568 lucretur,
2661 500 2719 554 et
2773 512 2896 556 suae
2926 493 3142 555 animai
3187 495 3440 574 patiatur
3473 494 3652 556 detri-

263 591 360 646 τὸν
419 592 624 664 κόσμον
690 589 835 660 ὅλον,
884 589 979 645 καὶ
1045 592 1292 665 ζημιωθῇ
1335 589 1432 656 τὴν
1489 592 1674 669 ψυχὴν
1740 588 1920 660 αὗιοῦ,

265 676 514 735 Ἐκεϊνον
543 684 690 750 ζητῶ
721 679 812 733 τον
844 678 974 757 ὑπὲρ
1008 679 1166 751 ἡμῶν
1198 678 1550 736 ἀποθανόντα.

353 767 466 828 ῐΒ¹.
528 766 812 845 Σύγγνωτέ
870 789 986 842 μοι,
1039 765 1276 846 ἀδελφοὶ,
1309 767 1388 841 μὴ
1449 765 1772 842 ὲμποδίστ,τέ
1834 789 1924 843 μοι

263 860 454 935 ζῆσαι,
491 854 630 931 μηδὲ
681 855 946 925 θελιςσητέ
978 878 1045 932 με
1105 856 1419 912 ἀποθανεῖν’
1454 855 1612 936 ἄφετέ
1655 878 1723 932 με
1754 861 1924 914 καθα-

263 946 362 1020 ρὸν
415 947 529 1026 φῶς
573 942 783 1001 λαϐεῖν·
847 942 964 1001 ἐκεῖ
1016 945 1115 1023 γὰρ
1166 945 1601 1024 παραγενόμενος
1652 944 1924 1026 ἅνθρωπος

266 1041 405 1093 Θεοῦ
461 1033 673 1108 ἔσομαι,
747 1034 1110 1112 Ἐπιτρέψατέ
1170 1057 1262 1110 μοι
1308 1035 1553 1110 μιμητὴν
1620 1036 1764 1092 εἶναι
1832 1044 1927 1094 τοῦ

265 1125 469 1188 πάθους
528 1131 621 1181 τοῦ
691 1130 939 1203 Χριστοῦο
998 1123 1052 1179 εἴ
1107 1144 1186 1190 τις
1247 1126 1404 1181 αὐτὸν
1460 1125 1514 1180 ὲν
1566 1125 1738 1198 ἑαυτῷ
1779 1125 1923 1206 ἔχει,

267 1215 526 1281 νοησάτω
576 1213 606 1269 ’6
663 1213 803 1270 θέλω
861 1213 958 1269 καίἶ
1023 1215 1427 1285 συμπαθησάτω
1484 1236 1597 1290 μοι,
1659 1213 1809 1280 εἰδὼς
1862 1217 1926 1273 τὰ

267 1302 574 1382 συνέχοντά
618 1325 708 1377 με.
759 1293 817 1360 Ὀ
861 1301 1050 1383 ἄρχων
1093 1314 1186 1362 τοι)
1246 1305 1434 1366 αἰῶνος
1465 1304 1652 1360 τούτου
1699 1304 1925 1378 διαρπά-

263 1414 359 1448 σαι
414 1413 480 1466 με
515 1391 783 1469 βούλεται,
822 1393 910 1450 καὶ
949 1396 1050 1459 τὴν
1103 1393 1174 1458 εἷς
1207 1393 1338 1449 Θεόν
1396 1416 1500 1468 μου
1527 1393 1750 1471 γνώμην
1807 1393 1926 1451 δια-

261 1483 553 1558 φθαρῆναι.
620 1479 816 1549 Μηδεὶς
848 1480 937 1538 οὗν
982 1480 1088 1536 τῶν
1120 1483 1402 1559 παράντων
1442 1483 1704 1558 βοηθείτω
1756 1486 1921 1556 αὐτῷ·

265 1568 477 1646 μᾶλλον
509 1571 627 1646 ἐμοὶ
673 1574 913 1652 γένεσθε,
947 1569 1091 1628 τοῦτ’
1125 1570 1236 1628 ἔστι
1267 1579 1360 1628 τοῦ
1390 1579 1543 1628 Θεοῦ.
1593 1574 1680 1639 Μὴ
1709 1572 1928 1630 λαλεῖτε

263 1658 481 1723 Ἰησοῦν
543 1662 793 1740 Χριστὸν,
862 1660 1065 1736 κόσμου
1141 1659 1195 1716 δὲ
1259 1661 1590 1737 ἐπιθυμεῖτε·
1670 1663 1926 1739 βασκανία

266 1748 324 1804 ἐν
358 1751 484 1826 ξιμῖν
531 1753 608 1825 μὴ
670 1752 1006 1808 κατοικείτω⁸
1069 1749 1197 1826 μηδ’
1245 1752 1307 1807 ἃν
1363 1752 1473 1829 ἐγὼ
1515 1755 1697 1830 παρὼν
1751 1776 1927 1832 παρα-

264 1838 421 1896 καλῶ
474 1840 637 1915 ὑμᾶς,
691 1840 945 1908 πείσθητὲ
998 1855 1112 1916 μοι·
1179 1842 1387 1906 τούτοις
1448 1841 1499 1898 ’δὲ
1545 1842 1748 1918 μᾶλλον
1804 1844 1925 1899 πεί·-

266 1933 458 2009 σθητε,
492 1931 582 1992 οἷς
629 1929 744 1987 Emi)
774 1931 962 2013 γράφω
992 1933 1146 2006 ὓμτν⁶
1185 1931 1236 1997 ἐξ
1297 1934 1372 1986 ὧν
1402 1933 1502 2010 γὰρ
1535 1934 1723 2013 γράφω
1768 1934 1921 2008 ὑμῖν,

263 2019 371 2098 ἐρῶ
415 2027 506 2076 νοῦ
575 2020 891 2083 ἀποθανεῖν,
943 2012 1000 2080 Ὀ
1062 2020 1191 2097 ἐμὸς
1259 2021 1391 2099 ἔρως
1449 2012 1772 2100 ἐσταύρωται
1836 2026 1923 2079 καὶ

263 2111 362 2166 οὐκ
403 2110 547 2167 ἔστιν
600 2109 653 2166 ἐν
685 2110 804 2185 ἐμοὶ
838 2117 939 2189 πῦρ
984 2111 1263 2190 etiamm,
1295 2109 1432 2191 ὓδωρ
1463 2111 1517 2168 δὲ
1579 2112 1784 2186 μᾶλλον
1818 2115 1922 2184 ζῶν

262 2201 353 2256 καὶ
412 2198 606 2256 λαλοῦν
639 2198 696 2256 ἒν
751 2201 893 2274 ἐμοὶ,
930 2199 1122 2257 ἔσωθέν
1173 2224 1264 2275 μοι
1311 2200 1504 2278 λέγων’
1573 2209 1734 2280 Δεῦρο
1794 2204 1921 2281 πρὸς

265 2291 359 2346 τὸν
416 2290 650 2367 Πατέρα.
713 2289 833 2371 Οὐχ
883 2289 1081 2365 ἥδομαι
1126 2296 1295 2371 τροφῇ
1326 2295 1520 2372 φθορᾶς
1553 2291 1669 2349 οὐδὲ
1701 2290 1924 2360 ἡδοναῖς

269 2390 395 2443 ταῖς
453 2387 548 2436 τοῦ
579 2379 694 2455 βίου
737 2384 952 2458 τούτου,
987 2379 1144 2458 ἄρτον
1180 2387 1311 2437 Θεοῦ
1361 2380 1523 2461 θέλω,
1556 2378 1713 2459 ἄρτον
1761 2382 1922 2460 οὖρά-

271 2489 406 2543 νιον,
469 2466 624 2546 ἄρτον
686 2473 858 2540 ζωῆς,
913 2469 941 2525 ὅ
984 2471 1097 2525 ἔστι
1145 2468 1270 2548 σὰρξ
1329 2472 1508 2536 Ἰησοῦ
1560 2477 1794 2548 Χριστοῦ
1836 2479 1926 2528 τοό

275 2559 399 2614 1⁸ἱοῦ
451 2559 542 2614 τοῦ
594 2559 748 2633 Θεοῦ,
805 2560 901 2616 τοῦ
955 2560 1242 2636 γενομένου
1297 2558 1352 2614 ἐν
1398 2559 1598 2634 ὑστέρῳ
1653 2559 1713 2617 ἐκ
1756 2583 1924 2639 σπερ-

271 2667 439 2722 ματος
501 2646 672 2704 Δαυ³ιδ
731 2650 818 2704 καὶ
865 2646 1130 2727 Ἀϐραὰμ,
1170 2651 1258 2705 καὶ
1312 2651 1462 2724 πόμα
1520 2657 1656 2707 Θεαῦ
1687 2650 1822 2707 θέλω
1864 2653 1924 2707 τὸ

270 2737 409 2812 αῖμο
473 2739 652 2813 αύτοῦ,
717 2737 747 2792 ὅ
793 2741 936 2794 ἔστιν
1008 2738 1192 2816 ἀγάπη
1251 2738 1510 2818 ἄφθορτος
1585 2743 1672 2796 καὶ
1735 2740 1925 2805 ἆέανος

268 2828 405 2896 ζωή.
469 2828 578 2884 Οὔκ
635 2826 712 2882 ἔτι
770 2827 908 2884 θέλω
963 2829 1101 2884 κατὰ
1153 2828 1454 2907 ἀνθρώπους
1505 2835 1622 2905 ζῇν⁹
1671 2837 1827 2887 τοῦτο
1869 2829 1924 2887 δὲ

269 2915 444 2996 ἔσται,
503 2915 593 2972 ἐὰν
651 2919 782 2992 ὕμεϊ
849 2917 1139 2988 θελήσητε.
1203 2917 1476 2988 Θελήσατε
1527 2921 1643 3000 σὺν,
1703 2920 1796 2977 ἵνα
1843 2923 1928 2977 καὶ

271 3006 428 3082 ὑμεῖς
502 3007 792 3074 θεληθῆτε⁵
868 3006 938 3064 δι’
1011 3009 1206 3087 ὀλίγων
1278 3009 1610 3089 γραμμάτων
1684 3011 1928 3085 αἰτοῦμαι

269 3097 431 3176 ὑμᾶς,
469 3099 783 3155 πιστεύσατέ
813 3121 929 3174 μοι.
993 3101 1180 3166 Ιησοῦς
1212 3096 1265 3155 δὲ
1326 3101 1551 3174 Χριστὸς
1581 3102 1712 3175 ὑμῖν
1764 3109 1929 3158 ταῦτα

2010 597 2276 650 mentum
2311 585 2337 649 Ῡ
2383 585 2556 648 Illum
2591 603 2816 666 quaero,
2853 587 2952 667 qui
3015 603 3119 666 pro
3152 584 3326 647 nobis
3360 595 3452 646 est
3499 603 3654 645 mor-

2008 685 2164 740 tuus.

2092 767 2198 832 XII
2246 766 2543 847 Ignoscite
2567 765 2740 841 mihi,
2764 765 2997 828 fratres:
3025 783 3102 825 ne
3128 765 3256 826 sitis
3285 764 3433 826 mihi
3467 765 3657 844 impe-

2009 857 2636 937 dimento,quominus
2656 857 2872 936 vivam,
2908 873 3103 936 neque
3135 873 3232 915 me
3263 854 3453 915 velitis
3477 854 3650 914 mori.

2008 944 2204 1010 Sinite
2236 965 2330 1009 me
2363 965 2571 1026 puram
2603 949 2797 1008 lucem
2830 942 3286 1025 accipere.Cum
3321 944 3464 1004 illuc
3495 944 3655 1004 enim

2008 1054 2366 1110 venero,ero
2395 1037 2573 1097 homo
2607 1035 3084 1098 Dei.Permittite
3109 1034 3355 1109 mihi,ut
3380 1033 3488 1094 sim
3513 1034 3656 1096 imi-

2009 1133 2164 1189 tator
2219 1125 2515 1207 passionis
2571 1123 2891 1190 Christi.Si
2923 1125 3059 1205 quis
3111 1134 3305 1204 ipsum
3342 1123 3402 1183 in
3457 1123 3655 1203 seipso

2011 1216 2210 1281 habet.
2246 1216 2537 1294 intelligat
2586 1215 2750 1295 quod
2804 1214 2937 1277 volo
2976 1235 2988 1277 :
3044 1223 3102 1274 et
3160 1213 3306 1274 mihi
3354 1223 3661 1273 moveatur

2010 1305 2561 1379 commiseratione,
2589 1323 2723 1366 cum
2750 1305 2900 1365 sciat
2927 1322 3060 1383 quae
3091 1323 3186 1364 me
3217 1303 3654 1380 constringant.

2010 1396 2299 1478 Princeps
2318 1397 2496 1476 hujus
2519 1395 2728 1458 saeculi
2753 1414 2850 1456 me
2879 1395 3002 1456 vult
3019 1394 3376 1474 diripere,et
3394 1411 3660 1454 corrum-

2013 1505 2156 1567 pere
2183 1505 2377 1548 meam
2401 1488 2461 1547 in
2487 1485 2674 1546 Deum
2702 1486 3081 1547 sententiam.
3114 1486 3300 1544 Nemo
3327 1502 3466 1562 ergo
3493 1502 3561 1544 ex
3585 1481 3658 1544 iis

2013 1577 2116 1658 qui
2147 1577 2385 1650 adsunt,
2413 1577 2468 1637 ei
2492 1594 2664 1654 opem
2697 1576 2870 1638 ferat.
2904 1574 3108 1636 Estote
3143 1579 3256 1636 mei
3292 1574 3508 1654 potius,
3546 1573 3659 1633 hoc

2011 1675 2124 1742 est,
2145 1666 2276 1728 Dei.
2302 1665 2388 1728 Ne
2419 1665 2751 1746 loquamini
2778 1665 3080 1726 Christum
3110 1663 3340 1736 Jesum,
3370 1662 3655 1723 mundum

2015 1774 2151 1818 vero
2182 1756 2669 1818 desideretis.Ne
2690 1754 3096 1817 habitetinter
3127 1773 3227 1814 vos
3256 1753 3500 1814 invidia.
3534 1754 3660 1814 Nec

1953 1889 1990 1940 Β
2013 1848 2059 1940 si
2094 1864 2201 1926 ego
2232 1846 2472 1927 quidem
2527 1863 2792 1940 praesens
2825 1863 2926 1906 vos
2955 1862 3187 1940 rogem,
3219 1852 3425 1924 parete
3447 1843 3654 1940 mihi:

2012 1937 2085 1998 iis
2104 1946 2305 1998 autem
2343 1943 2547 2015 parete
2565 1934 2784 2015 potius,
2807 1951 2939 2015 qua:
2969 1953 3078 2013 ego
3111 1933 3183 1994 ad
3217 1951 3320 1994 vos
3343 1931 3662 1994 scribo.Ex

2008 2026 2083 2088 iis
2109 2026 2269 2087 enim
2295 2043 2428 2104 quae
2445 2022 2648 2086 scribo
2671 2023 2748 2085 ad
2780 2023 3065 2098 vos,mori
3089 2021 3464 2103 cupio.Meus
3496 2038 3666 2082 amor

2007 2128 2098 2177 est
2148 2116 2311 2177 cruci
2342 2114 2577 2187 afﬁxus,
2613 2123 2674 2176 et
2725 2131 2846 2176 non
2875 2122 2965 2176 est
3016 2114 3075 2174 in
3122 2131 3218 2175 me
3249 2113 3406 2192 ignis
3456 2129 3662 2173 amans

2007 2204 2324 2268 mundanas
2374 2205 2687 2266 materiae:
2742 2223 2896 2284 aqua
2943 2212 3141 2265 autem
3196 2205 3390 2283 potius
3433 2203 3558 2262 viva
3604 2209 3664 2263 et

2006 2295 2068 2356 in
2123 2315 2215 2355 me
2247 2295 2525 2374 loquens,
2559 2312 2695 2370 quae
2744 2293 2906 2354 intus
2960 2293 3105 2354 mihi
3157 2293 3351 2354 dicit:
3404 2291 3555 2353 Veni
3586 2290 3661 2352 ad

2007 2384 2264 2446 Patrem.
2317 2384 2444 2444 Non
2477 2384 2745 2445 delector
2797 2384 3194 2455 nutrimento,
3228 2379 3659 2462 corruptionis,

2010 2492 2205 2554 neque
2256 2473 2662 2554 voluptatibus
2696 2474 2876 2553 hujus
2906 2476 3059 2536 vitae.
3107 2471 3325 2534 Panem
3360 2469 3468 2532 Dei
3494 2471 3661 2546 volo,

2013 2583 2226 2645 panem
2280 2565 2610 2640 caelestem,
2652 2582 2864 2644 panem
2897 2565 3051 2639 vitae,
3086 2563 3186 2644 qui
3237 2571 3326 2624 est
3353 2580 3492 2624 caro
3520 2560 3663 2624 Jesu

2012 2652 2231 2718 Christi
2285 2651 2391 2716 ﬁlii
2422 2653 2551 2732 Dei,
2587 2653 2690 2734 qui
2724 2664 2934 2736 postea
2985 2663 3157 2714 natus
3190 2663 3280 2714 est
3329 2670 3399 2715 ex
3431 2650 3664 2712 semine

2011 2743 2196 2806 David
2223 2743 2603 2807 etAbraham
2638 2765 2652 2807 :
2676 2753 2736 2806 et
2761 2754 2964 2824 potum
2985 2743 3092 2805 Dei
3113 2743 3243 2804 volo
3269 2743 3400 2823 ejus
3427 2741 3666 2820 sangui-

2011 2835 2282 2916 nem,qui
2316 2843 2408 2895 est
2431 2835 2691 2896 charitas
2721 2833 3096 2913 incorrupta,
3119 2840 3180 2894 et
3205 2832 3322 2894 vita
3355 2833 3661 2914 perennis.

2011 2921 2140 2985 Non
2166 2924 2424 3004 amplius
2445 2923 2577 2985 volo
2599 2923 2801 2986 vivere
2831 2924 2985 2986 sicut
3009 2923 3432 2996 homines,hoc
3461 2931 3662 2985 autem

2014 3015 2148 3088 erit,
2177 3013 2226 3075 si
2259 3032 2360 3074 vos
2393 3013 2728 3076 volueritis.
2761 3012 2972 3076 Velitis
3003 3031 3172 3093 ergo,
3204 3021 3268 3074 ut
3297 3031 3401 3074 vos
3430 3029 3666 3094 quoque

2012 3100 2174 3164 Deus
2205 3103 2368 3166 velit.
2406 3103 2695 3166 Brevibus
2755 3102 2967 3165 litteris
2996 3111 3136 3182 peto
3185 3120 3220 3163 a
3253 3101 3463 3164 \obis:
3517 3100 3666 3162 mihi

269 3187 566 3266 φανερώσει
598 3189 659 3243 τὸ
691 3186 916 3264 ἀψεοδές
959 3190 1158 3268 στόμα,
1207 3190 1287 3245 ὃτι
1332 3189 1508 3257 ἀληθῆ
1551 3189 1720 3266 λέγω.
1760 3192 1925 3261 Ait-6-

2016 3192 2267 3254 credite.
2320 3191 2496 3255 Jesus
2545 3210 2682 3254 vero
2741 3191 3010 3254 Christus
3057 3191 3224 3254 cobis
3281 3191 3528 3274 aperiet,
3567 3189 3668 3270 qui

272 3279 430 3333 σασθε
471 3276 588 3355 περί
617 3276 769 3352 ἐμοῦ,
803 3277 898 3334 ’ἕνα
954 3278 1221 3358 ἐπιτύχω.
1277 3281 1350 3337 Ού
1397 3281 1533 3336 κατὰ
1590 3280 1758 3358 σάρκα
1801 3281 1925 3356 ὑμῖν

2016 3289 2107 3343 est
2159 3301 2228 3344 os
2256 3300 2376 3344 non
2433 3282 2713 3357 mendax,
2748 3283 2907 3362 quod
2951 3300 3090 3344 vera
3133 3283 3269 3344 dico
3314 3263 3668 3362 petendo-ut

270 3364 506 3444 ἔγραψα,
538 3366 677 3424 ἀλλὰ
707 3370 844 3426 κατὰ
876 3391 1097 3448 γνωμην
1131 3377 1285 3432 Θεου.

344 3545 429 3603 II"
443 3594 457 3609 .
533 3544 662 3605 Ἐὰν
728 3548 905 3628 πάθω,
967 3550 1332 3624 μνημονεύετε
1408 3548 1462 3605 ἐν
1537 3554 1606 3626 τῇ
1648 3555 1928 3630 προσευχῇ

265 3637 412 3708 ὑμῶν
469 3642 567 3704 τῆς
599 3635 657 3694 ἐν
714 3641 876 3717 Συρίᾳ
907 3638 1260 3713 Ἐλκλησίας,
1292 3638 1410 3706 ἥτις
1454 3639 1570 3696 ἀντὶ
1615 3639 1747 3714 ὄμοῦ
1799 3663 1924 3696 ποι-

268 3725 392 3801 μὲνε
421 3727 498 3800 τῷ
533 3733 648 3802 Θεῷ
693 3727 984 3806 κέχρηται·
1036 3729 1198 3803 μόνος
1231 3728 1395 3796 αὐτὴν
1455 3729 1665 3795 ’ίησοῦς
1698 3736 1923 3807 Χριστὸς

267 3814 623 3886 ὶπισκοπήσει
691 3818 778 3872 καὶ
834 3817 869 3884 ἡ
919 3818 1070 3892 ὑμῶν
1131 3817 1341 3896 ἀγάπη,
1395 3817 1723 3889 Ἀσπάζεται
1783 3820 1922 3891 ὑμᾶς

267 3907 328 3961 τὸ
358 3904 488 3980 ἐμὸν
541 3913 753 3979 πνεῦμα
808 3907 900 3963 καὶ
954 3909 988 3975 ἡ
1035 3907 1220 3985 ἀγάπη
1265 3909 1373 3966 τῶν
1433 3906 1775 3975 Ἐκκλησιὼν
1817 3916 1924 3965 τῶν

270 3992 568 4070 δεξάμὲνων
623 4016 690 4070 με
724 3997 796 4059 εἷς
851 3994 1018 4072 ὄνομα
1052 3996 1229 4064 Ἰησοῦ
1279 4005 1501 4077 Χριστοῦ
1534 3999 1636 4078 οὔχ
1679 4001 1749 4064 ὡς
1780 4022 1922 4077 παρ-

271 4083 539 4142 οδεύοντα·
610 4088 696 4143 καὶ
741 4087 841 4164 γὰρ
895 4097 973 4162 μὴ
1018 4089 1384 4164 προσήκουσαί
1434 4111 1526 4164 μοι
1581 4095 1652 4164 τῇ
1713 4085 1818 4164 ὁδῷ
1860 4095 1926 4165 τῇ

272 4175 406 4230 κατὰ
481 4174 651 4254 σάρκα
719 4176 859 4232 κατᾶ
906 4175 1064 4233 πόλιν
1138 4199 1204 4252 με
1251 4184 1549 4258 προσῆγονο
1627 4201 1814 4258 γραφω
1871 4177 1926 4234 δὲ

273 4264 397 4339 ὑμῖν
457 4272 621 4323 ταῦτα
661 4264 768 4322 ἀπὸ
817 4267 1064 4344 Σμύρνης
1125 4265 1198 4322 δι’
1242 4267 1500 4349 Ἐφεσίων
1545 4271 1646 4324 νῶν
1697 4267 1924 4343 ἂξιομα-

278 4374 561 4430 καριστων.
627 4353 789 4412 ’Ἐστι
861 4353 916 4411 δὲ
976 4357 1068 4411 σὺν
1112 4355 1292 4419 ἄλλοις
1350 4357 1579 4420 πολλοῖς
1640 4358 1753 4432 ἅμα
1807 4357 1927 4425 ἐμοὶ

278 4443 363 4497 καὶ
423 4443 647 4522 Κρόκος,
684 4446 746 4500 τὸ
783 4447 1021 4511 ποθητὸν
1049 4445 1221 4522 ὄνομα
1273 4447 1380 4504 τῶν
1427 4444 1783 4503 συνελθόντων
1833 4469 1926 4522 μοι

277 4530 380 4588 ἀπὸ
425 4534 613 4612 Συρίας
659 4545 729 4599 είς
760 4533 912 4600 δόξαν
965 4542 1120 4598 Θεοῦ.
1175 4535 1431 4614 Ἔγραψα
1482 4538 1612 4612 ὑμῖν
1656 4544 1819 4594 ταῦτα
1859 4543 1926 4614 τῇ

2013 3390 2372 3453 consequar.
2408 3370 2539 3434 Non
2571 3373 2902 3434 secundum
2927 3389 3169 3435 carnem
3204 3373 3276 3434 ad
3309 3389 3412 3433 vos
3441 3369 3666 3447 scribo,

2013 3461 2118 3523 sed
2145 3462 2476 3524 secundum
2510 3461 2619 3525 Dei
2644 3462 3027 3524 sententiam.

2091 3549 2245 3614 Xlll.
2299 3552 2363 3613 Si
2396 3569 2604 3631 passus
2657 3551 2848 3626 fuero,
2885 3558 3254 3612 mementote
3285 3549 3347 3611 in
3395 3549 3668 3612 oratione

2010 3650 2202 3702 vestra
2250 3641 2542 3704 Ecclesiae
2571 3641 2790 3719 Syriae,
2828 3658 2960 3719 quae
2991 3657 3096 3720 pro
3143 3658 3237 3700 me
3269 3649 3507 3720 pastore
3537 3641 3664 3702 Deo

2009 3730 2242 3794 vivitur.
2277 3729 2456 3792 Solus
2480 3730 2668 3809 ipsam
2685 3730 2714 3792 J
2724 3747 2862 3790 esus
2884 3729 3157 3791 Christus
3182 3728 3465 3800 visitabit.
3491 3730 3665 3808 ejus-

2006 3839 2124 3901 que
2152 3837 2357 3881 curem
2392 3829 2560 3899 geret
2611 3828 2672 3880 et
2701 3827 2905 3880 vestra
2967 3819 3251 3882 charitas.
3287 3819 3518 3881 Salutat
3562 3837 3665 3881 vos

2008 3929 2177 3973 meus
2207 3909 2821 3992 spiritus,etcharitas
2847 3909 3420 3989 Ecclesiarum,quaa
3451 3927 3546 3971 me
3572 3927 3666 3970 su-

2009 4008 2338 4081 sceperunt
2368 4001 2427 4061 in
2466 3999 2712 4060 nomine
2762 4000 2898 4061 .lesu
2933 3997 3178 4074 Christi,
3213 4017 3331 4058 non
3383 4006 3665 4078 tanquam

2013 4090 2699 4154 transeuntem.Etenim
2728 4107 2862 4170 quae
2883 4089 2957 4151 ad
2984 4107 3081 4151 me
3107 4108 3223 4150 nou
3256 4087 3592 4150 attinebant
3613 4088 3673 4150 in

2008 4182 2266 4262 via,quaa
2287 4189 2378 4243 est
2407 4181 2739 4242 secundum
2775 4198 3043 4250 carnem,
3070 4197 3166 4239 me
3196 4179 3574 4240 deduxerunt
3601 4177 3663 4239 in

2010 4271 2338 4334 civitatem.
2375 4270 2588 4333 Scribo
2611 4279 2808 4331 autem
2837 4271 2965 4331 haec
2995 4270 3068 4330 ad
3089 4289 3194 4331 vos
3217 4287 3250 4331 e
3281 4271 3534 4349 Smyrna
3555 4285 3663 4348 per

2009 4362 2330 4442 Ephesios,
2359 4360 2460 4442 qui
2485 4361 2648 4438 digni
2684 4361 2937 4440 suntqui
2970 4358 3131 4421 beati
3157 4359 3528 4440 judicentur.
3561 4357 3665 4421 Est

2008 4469 2152 4514 vero
2185 4469 2419 4513 mecum
2455 4470 2588 4511 cum
2626 4450 2828 4511 multis
2857 4451 2991 4510 aliis
3023 4450 3244 4512 Crocus
3277 4467 3662 4530 quoque,no-

2012 4559 2149 4603 men
2183 4540 2588 4604 desiderabile
2611 4558 2819 4601 eorum
2863 4541 2965 4621 qui
2998 4557 3232 4601 mecum
3255 4548 3666 4602 convenerunt

274 4624 375 4701 πρὸ
451 4624 603 4682 ἐννεα
678 4625 966 4686 Καλανδῶν
1057 4627 1440 4706 Σεπτεμϐρίου.
1506 4629 1777 4708 ’Ἑῤῥωσθε
1849 4632 1922 4694 εἷς

2016 4651 2042 4693 e
2075 4631 2240 4712 Syria
2270 4631 2341 4692 ad
2378 4630 2626 4710 gloriam
2663 4630 2794 4694 Dei.
2854 4629 2999 4692 Haec
3031 4631 3102 4692 ad
3131 4649 3234 4692 vos
3266 4631 3475 4712 scripsi
3506 4649 3666 4693 nono

274 4712 450 4794 τέλος,
485 4715 755 4794 ἀγαπητοὶ
815 4716 867 4773 ἓν
919 4718 1168 4795 ὑπομονῇ
1212 4719 1393 4786 Ἰησοῦ
1438 4726 1686 4798 Χριστοῦ.
1750 4718 1926 4796 Ἀμὴν

353 4901 466 4962 1Δ’.
529 4899 696 4960 Ἀλλὰ
727 4903 890 4962 ταῦτα
950 4905 1067 4980 μὲν·
1107 4905 1174 4963 τὰ
1231 4911 1329 4972 τῆς
1379 4905 1694 4974 ἐπιστολῆς.
1759 4907 1928 4970 Αὐτὸς

279 4993 410 5068 μετὰ
444 4993 620 5074 βραχὺ
671 4994 776 5051 ἀπὸ
811 4995 1084 5073 Σμύρνης,
1120 4995 1224 5052 ἀπὸ
1255 5001 1362 5051 τῶν
1422 5002 1762 5072 στρατιωτῶν
1797 4999 1925 5052 ἂνα-

280 5085 433 5162 χθεϊς
486 5085 574 5139 καὶ
608 5085 902 5164 προσσχὼν
931 5088 1000 5162 τῇ
1048 5083 1252 5162 Τρωάδι
1284 5086 1371 5140 καὶ
1425 5085 1687 5143 Νεαπόλει
1736 5087 1930 5164 παρῄει

279 5169 360 5228 διὰ
403 5171 690 5229 Φιλίππων
744 5175 836 5230 καὶ
895 5173 1224 5236 Μακεδονίας
1282 5181 1443 5252 πεζῇ,
1496 5177 1590 5236 τὰς
1650 5178 1793 5253 παρὰ
1835 5181 1934 5243 την

280 5263 398 5318 ὁοὸν
461 5261 788 5330 Ἐκκλησιας
820 5263 1130 5321 ἐπισκοπῶν
1179 5266 1266 5320 καὶ
1297 5262 1560 5321 διδάσκων
1606 5265 1660 5320 ἒν
1715 5265 1929 5345 αὐταῖς,

282 5351 634 5430 παρακαλῶν,
708 5351 1092 5431 διαλεγόμενος
1164 5353 1283 5418 τοὺς
1357 5355 1758 5435 άκεραιοτέρους
1829 5358 1934 5410 τῶν

286 5439 520 5520 ἀδελφῶν
577 5441 1005 5522 ἀσφαλιζόμενος
1037 5445 1124 5499 καὶ
1184 5445 1384 5510 πάντας
1433 5444 1782 5524 ἐγρηγορέναι
1842 5445 1931 5501 καὶ

286 5530 468 5608 νήφειν
525 5533 966 5613 παρασκευάζων,
1001 5533 1213 5598 Φθάσας
1257 5532 1315 5590 δὲ
1377 5536 1476 5602 τὴν
1510 5533 1564 5589 ἐν
1620 5531 1932 5609 Ἐπιδάμνῳ

287 5616 543 5698 Ἤπειρον
585 5623 673 5678 καὶ
715 5623 777 5678 τὸ
826 5619 1162 5700 Ἀδριατικόν
1211 5646 1268 5681 τε
1319 5626 1406 5683 καὶ
1466 5622 1786 5702 Τυῤῥηνικδν
1837 5621 1932 5680 πέ-

285 5706 448 5786 λαγος
503 5707 844 5786 διαπλεύσας,
905 5713 980 5777 εἷς
1038 5712 1157 5788 τὰς,
1190 5716 1247 5769 ἓν
1303 5719 1372 5791 τῇ
1405 5704 1588 5790 Ῥῶμῃ
1646 5713 1934 5778 Ποτιόλους

2009 4721 2140 4784 Kal.
2175 4721 2488 4800 Septemb.
2544 4719 2758 4782 Valete
2790 4729 3107 4802 perpetuo,
3141 4721 3379 4796 fratres,
3414 4721 3474 4782 in
3511 4722 3666 4785 tole-

2009 4811 2201 4872 rantia
2231 4812 2372 4874 Jesu
2404 4809 2651 4874 Christi.
2684 4811 2904 4872 Amen.

2091 4899 2240 4962 XIV.
2281 4899 2398 4962 Sed
2432 4908 2524 4962 est
2558 4902 2681 4962 haec
2715 4901 2956 4982 quidem
2990 4900 3264 4982 epistola.
3297 4900 3433 4980 Ipse
3463 4905 3664 4962 autem

2017 4991 2195 5070 paulo
2215 4998 2405 5072 poste
2430 4989 2682 5071 Smyrna
2703 4991 2997 5053 deductus
3019 5010 3050 5052 a
3085 4989 3374 5052 militibus
3399 5011 3412 5051 :
3443 4995 3501 5049 et
3530 5006 3664 5049 cum

2016 5081 2344 5161 appulisset
2366 5080 2662 5142 Troadem
2697 5090 2754 5142 et
2777 5079 3352 5160 Neapolim,transiit
3376 5076 3528 5158 prde
3560 5095 3669 5158 per

2015 5170 2324 5249 Philippos
2349 5178 2406 5232 et
2429 5171 2974 5241 Maeedoniam,eas
2999 5186 3128 5248 quae
3160 5176 3297 5228 sunt
3319 5168 3378 5227 in
3407 5167 3495 5227 via
3523 5167 3668 5228 invi-

2017 5277 2156 5321 sens
2189 5259 2510 5331 Ecclesias,
2544 5270 2600 5322 et
2625 5259 2685 5320 in
2709 5267 2795 5321 eis
2819 5261 3064 5330 docens;
3093 5257 3438 5330 exhortans,
3466 5257 3666 5319 disse-

2016 5367 2180 5425 rens,
2213 5349 2428 5412 fratres
2449 5351 2550 5430 qui
2579 5359 2746 5410 erant
2770 5350 2946 5428 paulo
2968 5345 3372 5426 simpliciores
3398 5357 3454 5407 et
3481 5346 3668 5408 imbe-

2016 5439 2298 5514 cilliores,
2330 5440 2716 5512 conﬁrmans,
2736 5447 2795 5499 et
2827 5436 3098 5498 efﬁciens
3132 5443 3196 5496 ut
3217 5455 3430 5498 omnes
3462 5437 3669 5515 vigila-

2016 5537 2152 5591 rent
2175 5539 2232 5590 et
2256 5540 2456 5593 essent
2478 5528 2686 5591 sobrii.
2712 5531 2858 5592 Cum
2893 5546 3035 5589 vero
3061 5528 3376 5589 transisset
3397 5527 3666 5607 Epirum,

2021 5628 2078 5682 et
2135 5637 2300 5682 mare
2352 5618 2688 5684 transiisset
2737 5616 3112 5685 Adriaticum
3171 5627 3229 5680 et
3298 5617 3668 5699 Tyrhenum,

2023 5710 2270 5788 appellit
2297 5709 2600 5777 Puteolos.
2637 5707 2906 5788 Hospitio
2952 5716 3146 5771 autem
3181 5717 3463 5788 exceptus
3493 5705 3669 5771 simul
