  <div class='ocr_page' id='page_1' title='image "/cluster/home/n/w/nwhite01/storage/ocr_20150623/114/hvd.32044073502254/647.png"; bbox 0 0 4020 6206; ppageno 0'>
   <div class='ocr_carea' id='block_1_1' title="bbox 428 306 577 374">
    <p class='ocr_par' dir='ltr' id='par_1_1' title="bbox 428 306 577 374">
     <span class='ocr_line' id='line_1_1' title="bbox 428 306 577 374; baseline 0 -1"><span class='ocrx_word' id='word_1_1' title='bbox 428 306 577 374; x_wconf 72' lang='grc'><strong>1283</strong></span> 
     </span>
    </p>
   </div>
   <div class='ocr_carea' id='block_1_2' title="bbox 409 536 2062 616">
    <p class='ocr_par' dir='ltr' id='par_1_2' title="bbox 409 536 2062 616">
     <span class='ocr_line' id='line_1_2' title="bbox 409 536 2062 616; baseline 0.002 -18"><span class='ocrx_word' id='word_1_2' title='bbox 409 556 548 598; x_wconf 91' lang='lat' dir='ltr'><strong>cum</strong></span> <span class='ocrx_word' id='word_1_3' title='bbox 583 555 687 598; x_wconf 91' lang='lat' dir='ltr'><strong>eos</strong></span> <span class='ocrx_word' id='word_1_4' title='bbox 713 553 952 616; x_wconf 91' lang='lat' dir='ltr'><strong>quoque</strong></span> <span class='ocrx_word' id='word_1_5' title='bbox 982 537 1178 598; x_wconf 89' lang='lat' dir='ltr'><strong>valere</strong></span> <span class='ocrx_word' id='word_1_6' title='bbox 1195 536 1478 616; x_wconf 86' lang='lat' dir='ltr'><strong>jnssisset</strong></span> <span class='ocrx_word' id='word_1_7' title='bbox 1503 542 1562 598; x_wconf 90' lang='lat' dir='ltr'><strong>in</strong></span> <span class='ocrx_word' id='word_1_8' title='bbox 1596 537 1875 614; x_wconf 92' lang='lat' dir='ltr'><strong>Domino,</strong></span> <span class='ocrx_word' id='word_1_9' title='bbox 1903 537 2062 602; x_wconf 89' lang='lat' dir='ltr'><strong>venit</strong></span> 
     </span>
    </p>
   </div>
   <div class='ocr_carea' id='block_1_3' title="bbox 408 625 2061 707">
    <p class='ocr_par' dir='ltr' id='par_1_3' title="bbox 408 625 2061 707">
     <span class='ocr_line' id='line_1_3' title="bbox 408 625 2061 707; baseline -0.001 -17"><span class='ocrx_word' id='word_1_10' title='bbox 408 626 682 702; x_wconf 85' lang='lat' dir='ltr'><strong>Romam,</strong></span> <span class='ocrx_word' id='word_1_11' title='bbox 719 635 775 688; x_wconf 90' lang='lat' dir='ltr'><strong>et</strong></span> <span class='ocrx_word' id='word_1_12' title='bbox 835 626 1063 688; x_wconf 77' lang='lat' dir='ltr'><strong>sistitur</strong></span> <span class='ocrx_word' id='word_1_13' title='bbox 1093 635 1230 688; x_wconf 93' lang='lat' dir='ltr'><strong>ante</strong></span> <span class='ocrx_word' id='word_1_14' title='bbox 1286 627 1628 707; x_wconf 70' lang='lat' dir='ltr'><strong>praefectum</strong></span> <span class='ocrx_word' id='word_1_15' title='bbox 1662 625 1862 691; x_wconf 86' lang='lat' dir='ltr'><strong>Urbis.</strong></span> <span class='ocrx_word' id='word_1_16' title='bbox 1915 627 2061 690; x_wconf 87' lang='lat' dir='ltr'><strong>Cum</strong></span> 
     </span>
    </p>
   </div>
   <div class='ocr_carea' id='block_1_4' title="bbox 409 715 2058 796">
    <p class='ocr_par' dir='ltr' id='par_1_4' title="bbox 409 715 2058 796">
     <span class='ocr_line' id='line_1_4' title="bbox 409 715 2058 796; baseline 0.002 -18"><span class='ocrx_word' id='word_1_17' title='bbox 409 719 460 779; x_wconf 91' lang='lat' dir='ltr'><strong>is</strong></span> <span class='ocrx_word' id='word_1_18' title='bbox 511 737 650 796; x_wconf 86' lang='lat' dir='ltr'><strong>ergo</strong></span> <span class='ocrx_word' id='word_1_19' title='bbox 695 715 1123 796; x_wconf 82' lang='lat' dir='ltr'><strong>TheOphorum</strong></span> <span class='ocrx_word' id='word_1_20' title='bbox 1181 715 1450 791; x_wconf 73' lang='lat' dir='ltr'><strong>vidisset,</strong></span> <span class='ocrx_word' id='word_1_21' title='bbox 1485 726 1544 778; x_wconf 92' lang='lat' dir='ltr'><strong>et</strong></span> <span class='ocrx_word' id='word_1_22' title='bbox 1599 717 1831 780; x_wconf 82' lang='lat' dir='ltr'><strong>litteras</strong></span> <span class='ocrx_word' id='word_1_23' title='bbox 1878 735 2058 781; x_wconf 83' lang='lat' dir='ltr'><strong>acce-</strong></span> 
     </span>
    </p>
   </div>
   <div class='ocr_carea' id='block_1_5' title="bbox 407 803 2062 888">
    <p class='ocr_par' dir='ltr' id='par_1_5' title="bbox 407 803 2062 888">
     <span class='ocr_line' id='line_1_5' title="bbox 407 803 2062 888; baseline 0.002 -22"><span class='ocrx_word' id='word_1_24' title='bbox 407 806 597 887; x_wconf 91' lang='lat' dir='ltr'><strong>pisset</strong></span> <span class='ocrx_word' id='word_1_25' title='bbox 627 803 1067 885; x_wconf 83' lang='lat' dir='ltr'><strong>imperatorias,</strong></span> <span class='ocrx_word' id='word_1_26' title='bbox 1093 805 1221 866; x_wconf 89' lang='lat' dir='ltr'><strong>dies</strong></span> <span class='ocrx_word' id='word_1_27' title='bbox 1245 814 1446 868; x_wconf 87' lang='lat' dir='ltr'><strong>autem</strong></span> <span class='ocrx_word' id='word_1_28' title='bbox 1469 805 1813 869; x_wconf 73' lang='lat' dir='ltr'><strong>advenisset</strong></span> <span class='ocrx_word' id='word_1_29' title='bbox 1843 826 2062 888; x_wconf 84' lang='lat' dir='ltr'><strong>oppor-</strong></span> 
     </span>
    </p>
   </div>
   <div class='ocr_carea' id='block_1_6' title="bbox 407 895 2060 976">
    <p class='ocr_par' dir='ltr' id='par_1_6' title="bbox 407 895 2060 976">
     <span class='ocr_line' id='line_1_6' title="bbox 407 895 2060 976; baseline 0.001 -20"><span class='ocrx_word' id='word_1_30' title='bbox 407 905 611 971; x_wconf 87' lang='lat' dir='ltr'><strong>tunus,</strong></span> <span class='ocrx_word' id='word_1_31' title='bbox 651 895 890 976; x_wconf 84' lang='lat' dir='ltr'><strong>quando</strong></span> <span class='ocrx_word' id='word_1_32' title='bbox 922 905 1048 956; x_wconf 90' lang='lat' dir='ltr'><strong>erat</strong></span> <span class='ocrx_word' id='word_1_33' title='bbox 1078 895 1209 957; x_wconf 81' lang='lat' dir='ltr'><strong>dies</strong></span> <span class='ocrx_word' id='word_1_34' title='bbox 1239 896 1429 958; x_wconf 86' lang='lat' dir='ltr'><strong>festus</strong></span> <span class='ocrx_word' id='word_1_35' title='bbox 1461 905 1519 957; x_wconf 91' lang='lat' dir='ltr'><strong>et</strong></span> <span class='ocrx_word' id='word_1_36' title='bbox 1550 895 1811 960; x_wconf 83' lang='lat' dir='ltr'><strong>celebris</strong></span> <span class='ocrx_word' id='word_1_37' title='bbox 1843 900 2060 960; x_wconf 86' lang='lat' dir='ltr'><strong>Roma-</strong></span> 
     </span>
    </p>
   </div>
   <div class='ocr_carea' id='block_1_7' title="bbox 405 985 2059 1063">
    <p class='ocr_par' dir='ltr' id='par_1_7' title="bbox 405 985 2059 1063">
     <span class='ocr_line' id='line_1_7' title="bbox 405 985 2059 1063; baseline 0.001 -17"><span class='ocrx_word' id='word_1_38' title='bbox 405 1003 650 1058; x_wconf 89' lang='lat' dir='ltr'><strong>norum,</strong></span> <span class='ocrx_word' id='word_1_39' title='bbox 687 985 850 1047; x_wconf 84' lang='lat' dir='ltr'><strong>ducit</strong></span> <span class='ocrx_word' id='word_1_40' title='bbox 909 1004 1044 1046; x_wconf 88' lang='lat' dir='ltr'><strong>eum</strong></span> <span class='ocrx_word' id='word_1_41' title='bbox 1098 985 1159 1046; x_wconf 90' lang='lat' dir='ltr'><strong>in</strong></span> <span class='ocrx_word' id='word_1_42' title='bbox 1215 985 1478 1046; x_wconf 91' lang='lat' dir='ltr'><strong>medium</strong></span> <span class='ocrx_word' id='word_1_43' title='bbox 1534 987 1857 1063; x_wconf 83' lang='lat' dir='ltr'><strong>theatrum,</strong></span> <span class='ocrx_word' id='word_1_44' title='bbox 1906 987 2059 1048; x_wconf 89' lang='lat' dir='ltr'><strong>sicut</strong></span> 
     </span>
    </p>
   </div>
   <div class='ocr_carea' id='block_1_8' title="bbox 397 1074 1767 1157">
    <p class='ocr_par' dir='ltr' id='par_1_8' title="bbox 397 1074 1767 1157">
     <span class='ocr_line' id='line_1_8' title="bbox 397 1074 1767 1157; baseline 0 -19"><span class='ocrx_word' id='word_1_45' title='bbox 397 1074 653 1156; x_wconf 86' lang='lat' dir='ltr'><strong>jubebat</strong></span> <span class='ocrx_word' id='word_1_46' title='bbox 677 1075 1018 1155; x_wconf 88' lang='lat' dir='ltr'><strong>improbum</strong></span> <span class='ocrx_word' id='word_1_47' title='bbox 1053 1075 1314 1138; x_wconf 89' lang='lat' dir='ltr'><strong>edictum</strong></span> <span class='ocrx_word' id='word_1_48' title='bbox 1365 1075 1767 1157; x_wconf 84' lang='lat' dir='ltr'><strong>imperatoris.</strong></span> 
     </span>
    </p>
   </div>
   <div class='ocr_carea' id='block_1_9' title="bbox 482 1253 2050 1332">
    <p class='ocr_par' dir='ltr' id='par_1_9' title="bbox 482 1253 2050 1332">
     <span class='ocr_line' id='line_1_9' title="bbox 482 1253 2050 1332; baseline -0.001 -13"><span class='ocrx_word' id='word_1_49' title='bbox 482 1253 607 1319; x_wconf 84' lang='lat' dir='ltr'><strong>XV.</strong></span> <span class='ocrx_word' id='word_1_50' title='bbox 646 1253 790 1318; x_wconf 88' lang='lat' dir='ltr'><strong>Cum</strong></span> <span class='ocrx_word' id='word_1_51' title='bbox 820 1272 960 1332; x_wconf 78' lang='lat' dir='ltr'><strong>ergo</strong></span> <span class='ocrx_word' id='word_1_52' title='bbox 985 1255 1265 1316; x_wconf 89' lang='lat' dir='ltr'><strong>universa</strong></span> <span class='ocrx_word' id='word_1_53' title='bbox 1296 1255 1502 1317; x_wconf 73' lang='lat' dir='ltr'><strong>civitas</strong></span> <span class='ocrx_word' id='word_1_54' title='bbox 1525 1254 1769 1319; x_wconf 85' lang='lat' dir='ltr'><strong>sederet</strong></span> <span class='ocrx_word' id='word_1_55' title='bbox 1791 1256 1852 1319; x_wconf 91' lang='lat' dir='ltr'><strong>in</strong></span> <span class='ocrx_word' id='word_1_56' title='bbox 1881 1256 2050 1318; x_wconf 85' lang='lat' dir='ltr'><strong>thea-</strong></span> 
     </span>
    </p>
   </div>
   <div class='ocr_carea' id='block_1_10' title="bbox 403 1344 2049 1427">
    <p class='ocr_par' dir='ltr' id='par_1_10' title="bbox 403 1344 2049 1427">
     <span class='ocr_line' id='line_1_10' title="bbox 403 1344 2049 1427; baseline 0 -19"><span class='ocrx_word' id='word_1_57' title='bbox 403 1356 661 1427; x_wconf 81' lang='lat' dir='ltr'><strong>tro,cum</strong></span> <span class='ocrx_word' id='word_1_58' title='bbox 693 1344 928 1406; x_wconf 87' lang='lat' dir='ltr'><strong>ardenti</strong></span> <span class='ocrx_word' id='word_1_59' title='bbox 952 1345 1163 1424; x_wconf 88' lang='lat' dir='ltr'><strong>spiritu</strong></span> <span class='ocrx_word' id='word_1_60' title='bbox 1196 1355 1253 1406; x_wconf 89' lang='lat' dir='ltr'><strong>et</strong></span> <span class='ocrx_word' id='word_1_61' title='bbox 1279 1345 1608 1424; x_wconf 87' lang='lat' dir='ltr'><strong>oculisjam</strong></span> <span class='ocrx_word' id='word_1_62' title='bbox 1639 1345 2049 1426; x_wconf 88' lang='lat' dir='ltr'><strong>spectaculum</strong></span> 
     </span>
    </p>
   </div>
   <div class='ocr_carea' id='block_1_11' title="bbox 403 1435 2052 1516">
    <p class='ocr_par' dir='ltr' id='par_1_11' title="bbox 403 1435 2052 1516">
     <span class='ocr_line' id='line_1_11' title="bbox 403 1435 2052 1516; baseline -0.001 -16"><span class='ocrx_word' id='word_1_63' title='bbox 403 1435 763 1510; x_wconf 89' lang='lat' dir='ltr'><strong>amantibus,</strong></span> <span class='ocrx_word' id='word_1_64' title='bbox 798 1442 1006 1514; x_wconf 86' lang='lat' dir='ltr'><strong>utpote</strong></span> <span class='ocrx_word' id='word_1_65' title='bbox 1037 1435 1194 1515; x_wconf 92' lang='lat' dir='ltr'><strong>quod</strong></span> <span class='ocrx_word' id='word_1_66' title='bbox 1229 1436 1351 1515; x_wconf 86' lang='lat' dir='ltr'><strong>jam</strong></span> <span class='ocrx_word' id='word_1_67' title='bbox 1386 1436 1542 1498; x_wconf 80' lang='lat' dir='ltr'><strong>fama</strong></span> <span class='ocrx_word' id='word_1_68' title='bbox 1579 1436 1796 1516; x_wconf 91' lang='lat' dir='ltr'><strong>ubique</strong></span> <span class='ocrx_word' id='word_1_69' title='bbox 1823 1454 2052 1498; x_wconf 87' lang='lat' dir='ltr'><strong>annun-</strong></span> 
     </span>
    </p>
   </div>
   <div class='ocr_carea' id='block_1_12' title="bbox 401 1523 2051 1606">
    <p class='ocr_par' dir='ltr' id='par_1_12' title="bbox 401 1523 2051 1606">
     <span class='ocr_line' id='line_1_12' title="bbox 401 1523 2051 1606; baseline -0.001 -17"><span class='ocrx_word' id='word_1_70' title='bbox 401 1528 633 1600; x_wconf 88' lang='lat' dir='ltr'><strong>tiasset,</strong></span> <span class='ocrx_word' id='word_1_71' title='bbox 661 1525 844 1606; x_wconf 65' lang='lat' dir='ltr'><strong>Syriae</strong></span> <span class='ocrx_word' id='word_1_72' title='bbox 869 1523 1218 1604; x_wconf 89' lang='lat' dir='ltr'><strong>episcopum</strong></span> <span class='ocrx_word' id='word_1_73' title='bbox 1253 1544 1384 1586; x_wconf 93' lang='lat' dir='ltr'><strong>cum</strong></span> <span class='ocrx_word' id='word_1_74' title='bbox 1419 1524 1562 1586; x_wconf 86' lang='lat' dir='ltr'><strong>feris</strong></span> <span class='ocrx_word' id='word_1_75' title='bbox 1594 1543 1726 1586; x_wconf 91' lang='lat' dir='ltr'><strong>esse</strong></span> <span class='ocrx_word' id='word_1_76' title='bbox 1755 1533 2051 1606; x_wconf 77' lang='lat' dir='ltr'><strong>pugnatu-</strong></span> 
     </span>
    </p>
   </div>
   <div class='ocr_carea' id='block_1_13' title="bbox 399 1614 2049 1696">
    <p class='ocr_par' dir='ltr' id='par_1_13' title="bbox 399 1614 2049 1696">
     <span class='ocr_line' id='line_1_13' title="bbox 399 1614 2049 1696; baseline -0.002 -16"><span class='ocrx_word' id='word_1_77' title='bbox 399 1635 574 1688; x_wconf 85' lang='lat' dir='ltr'><strong>rum;</strong></span> <span class='ocrx_word' id='word_1_78' title='bbox 633 1631 959 1676; x_wconf 85' lang='lat' dir='ltr'><strong>conversus</strong></span> <span class='ocrx_word' id='word_1_79' title='bbox 991 1614 1093 1676; x_wconf 91' lang='lat' dir='ltr'><strong>ille</strong></span> <span class='ocrx_word' id='word_1_80' title='bbox 1145 1615 1216 1675; x_wconf 90' lang='lat' dir='ltr'><strong>ad</strong></span> <span class='ocrx_word' id='word_1_81' title='bbox 1265 1615 1573 1694; x_wconf 88' lang='lat' dir='ltr'><strong>populum,</strong></span> <span class='ocrx_word' id='word_1_82' title='bbox 1609 1633 1744 1678; x_wconf 90' lang='lat' dir='ltr'><strong>cum</strong></span> <span class='ocrx_word' id='word_1_83' title='bbox 1792 1616 2049 1696; x_wconf 82' lang='lat' dir='ltr'><strong>quodam</strong></span> 
     </span>
    </p>
   </div>
   <div class='ocr_carea' id='block_1_14' title="bbox 402 1703 2052 1787">
    <p class='ocr_par' dir='ltr' id='par_1_14' title="bbox 402 1703 2052 1787">
     <span class='ocr_line' id='line_1_14' title="bbox 402 1703 2052 1787; baseline -0.001 -18"><span class='ocrx_word' id='word_1_84' title='bbox 402 1724 694 1787; x_wconf 81' lang='lat' dir='ltr'><strong>generoso</strong></span> <span class='ocrx_word' id='word_1_85' title='bbox 719 1711 776 1766; x_wconf 91' lang='lat' dir='ltr'><strong>et</strong></span> <span class='ocrx_word' id='word_1_86' title='bbox 802 1703 1113 1766; x_wconf 82' lang='lat' dir='ltr'><strong>inﬂexibili</strong></span> <span class='ocrx_word' id='word_1_87' title='bbox 1135 1705 1356 1778; x_wconf 85' lang='lat' dir='ltr'><strong>animo,</strong></span> <span class='ocrx_word' id='word_1_88' title='bbox 1395 1716 1458 1767; x_wconf 91' lang='lat' dir='ltr'><strong>ut</strong></span> <span class='ocrx_word' id='word_1_89' title='bbox 1485 1706 1582 1785; x_wconf 90' lang='lat' dir='ltr'><strong>qui</strong></span> <span class='ocrx_word' id='word_1_90' title='bbox 1602 1704 1964 1782; x_wconf 84' lang='lat' dir='ltr'><strong>gloriaretur</strong></span> <span class='ocrx_word' id='word_1_91' title='bbox 1993 1715 2052 1768; x_wconf 89' lang='lat' dir='ltr'><strong>et</strong></span> 
     </span>
    </p>
   </div>
   <div class='ocr_carea' id='block_1_15' title="bbox 1672 303 2514 378">
    <p class='ocr_par' dir='ltr' id='par_1_15' title="bbox 1672 303 2514 378">
     <span class='ocr_line' id='line_1_15' title="bbox 1672 303 2514 378; baseline -0.001 -2"><span class='ocrx_word' id='word_1_92' title='bbox 1672 303 1953 378; x_wconf 79' lang='grc' dir='ltr'><strong>ΜΕΝὸΙὸ</strong></span> <span class='ocrx_word' id='word_1_93' title='bbox 2003 305 2514 377; x_wconf 78' lang='lat' dir='ltr'><strong>FEBRUARIUS.</strong></span> 
     </span>
    </p>
   </div>
   <div class='ocr_carea' id='block_1_16' title="bbox 407 443 2034 528">
    <p class='ocr_par' dir='ltr' id='par_1_16' title="bbox 407 443 2034 524">
     <span class='ocr_line' id='line_1_16' title="bbox 407 443 2034 524; baseline 0.001 -16"><span class='ocrx_word' id='word_1_94' title='bbox 407 466 544 509; x_wconf 90' lang='lat' dir='ltr'><strong>cum</strong></span> <span class='ocrx_word' id='word_1_95' title='bbox 595 444 884 508; x_wconf 84' lang='lat' dir='ltr'><strong>militibus</strong></span> <span class='ocrx_word' id='word_1_96' title='bbox 932 445 1006 509; x_wconf 84' lang='lat' dir='ltr'><strong>ab</strong></span> <span class='ocrx_word' id='word_1_97' title='bbox 1057 445 1153 521; x_wconf 86' lang='lat' dir='ltr'><strong>iis,</strong></span> <span class='ocrx_word' id='word_1_98' title='bbox 1192 446 1294 524; x_wconf 90' lang='lat' dir='ltr'><strong>qui</strong></span> <span class='ocrx_word' id='word_1_99' title='bbox 1348 443 1473 510; x_wconf 89' lang='lat' dir='ltr'><strong>illic</strong></span> <span class='ocrx_word' id='word_1_100' title='bbox 1518 457 1711 523; x_wconf 87' lang='lat' dir='ltr'><strong>erant,</strong></span> <span class='ocrx_word' id='word_1_101' title='bbox 1748 447 2034 523; x_wconf 51' lang='lat' dir='ltr'><strong>ﬁdelibus,</strong></span> 
     </span>
    </p>
   </div>
   <div class='ocr_carea' id='block_1_17' title="bbox 2124 443 2841 528">
    <p class='ocr_par' dir='ltr' id='par_1_17' title="bbox 2135 445 2841 528">
     <span class='ocr_line' id='line_1_17' title="bbox 2135 445 2841 528; baseline -0.004 -22"><span class='ocrx_word' id='word_1_102' title='bbox 2135 453 2396 528; x_wconf 82' lang='grc' dir='ltr'>καταίρει.</span> <span class='ocrx_word' id='word_1_103' title='bbox 2474 445 2786 512; x_wconf 79' lang='grc' dir='ltr'>Ἐπιξενωθε</span> <span class='ocrx_word' id='word_1_104' title='bbox 2800 449 2841 512; x_wconf 85' lang='grc' dir='ltr'>ἰς</span> 
     </span>
    </p>
   </div>
   <div class='ocr_carea' id='block_1_18' title="bbox 3650 313 3800 381">
    <p class='ocr_par' dir='ltr' id='par_1_18' title="bbox 3650 313 3800 381">
     <span class='ocr_line' id='line_1_18' title="bbox 3650 313 3800 381; baseline 0.013 -2"><span class='ocrx_word' id='word_1_105' title='bbox 3650 313 3800 381; x_wconf 73' lang='grc'>1284</span> 
     </span>
    </p>
   </div>
   <div class='ocr_carea' id='block_1_19' title="bbox 2929 445 3808 526">
    <p class='ocr_par' dir='ltr' id='par_1_19' title="bbox 2929 445 3808 526">
     <span class='ocr_line' id='line_1_19' title="bbox 2929 445 3808 526; baseline 0.001 -22"><span class='ocrx_word' id='word_1_106' title='bbox 2929 445 2983 504; x_wconf 79' lang='grc' dir='ltr'><strong>δὲ</strong></span> <span class='ocrx_word' id='word_1_107' title='bbox 3061 449 3196 524; x_wconf 80' lang='grc' dir='ltr'><strong>μετά</strong></span> <span class='ocrx_word' id='word_1_108' title='bbox 3269 452 3375 506; x_wconf 83' lang='grc' dir='ltr'><strong>τῶν</strong></span> <span class='ocrx_word' id='word_1_109' title='bbox 3448 457 3808 526; x_wconf 72' lang='grc' dir='ltr'><strong>στρατιωτῶν</strong></span> 
     </span>
    </p>
   </div>
   <div class='ocr_carea' id='block_1_20' title="bbox 2144 538 3808 618">
    <p class='ocr_par' dir='ltr' id='par_1_20' title="bbox 2144 538 3808 618">
     <span class='ocr_line' id='line_1_20' title="bbox 2144 538 3808 618; baseline 0.001 -23"><span class='ocrx_word' id='word_1_110' title='bbox 2144 552 2262 602; x_wconf 74' lang='grc' dir='ltr'>τοῖς</span> <span class='ocrx_word' id='word_1_111' title='bbox 2321 538 2498 595; x_wconf 72' lang='grc' dir='ltr'>ἐκεῖσε</span> <span class='ocrx_word' id='word_1_112' title='bbox 2570 549 2786 601; x_wconf 73' lang='grc' dir='ltr'>πιστοῖς</span> <span class='ocrx_word' id='word_1_113' title='bbox 2839 544 2926 594; x_wconf 85' lang='grc' dir='ltr'><strong>καὶ</strong></span> <span class='ocrx_word' id='word_1_114' title='bbox 2967 538 3166 618; x_wconf 16' lang='grc' dir='ltr'>τὸννξν</span> <span class='ocrx_word' id='word_1_115' title='bbox 3221 539 3394 618; x_wconf 82' lang='grc' dir='ltr'>Κυρίῳ</span> <span class='ocrx_word' id='word_1_116' title='bbox 3454 538 3559 596; x_wconf 70' lang='grc' dir='ltr'>καὶ</span> <span class='ocrx_word' id='word_1_117' title='bbox 3612 544 3808 603; x_wconf 66' lang='grc' dir='ltr'>αὐτοῖς</span> 
     </span>
    </p>
   </div>
   <div class='ocr_carea' id='block_1_21' title="bbox 2143 617 3806 705">
    <p class='ocr_par' dir='ltr' id='par_1_21' title="bbox 2143 617 3806 705">
     <span class='ocr_line' id='line_1_21' title="bbox 2143 617 3806 705; baseline 0.001 -21"><span class='ocrx_word' id='word_1_118' title='bbox 2143 625 2399 705; x_wconf 78' lang='grc' dir='ltr'>μεταδοὺς</span> <span class='ocrx_word' id='word_1_119' title='bbox 2485 627 2771 703; x_wconf 86' lang='grc' dir='ltr'>ἀσπασμόν</span> <span class='ocrx_word' id='word_1_120' title='bbox 2799 672 2817 702; x_wconf 82' lang='grc'><strong>,</strong></span> <span class='ocrx_word' id='word_1_121' title='bbox 2889 627 2990 696; x_wconf 74' lang='grc' dir='ltr'><strong>τὴν</strong></span> <span class='ocrx_word' id='word_1_122' title='bbox 3075 617 3307 704; x_wconf 77' lang='grc' dir='ltr'>Ῥώμην</span> <span class='ocrx_word' id='word_1_123' title='bbox 3360 626 3806 704; x_wconf 63' lang='grc' dir='ltr'>καταλαμϐάνει,</span> 
     </span>
    </p>
   </div>
   <div class='ocr_carea' id='block_1_22' title="bbox 2143 716 3808 798">
    <p class='ocr_par' dir='ltr' id='par_1_22' title="bbox 2143 716 3808 798">
     <span class='ocr_line' id='line_1_22' title="bbox 2143 716 3808 798; baseline 0.001 -24"><span class='ocrx_word' id='word_1_124' title='bbox 2143 719 2230 774; x_wconf 83' lang='grc' dir='ltr'>καὶ</span> <span class='ocrx_word' id='word_1_125' title='bbox 2288 719 2364 792; x_wconf 82' lang='grc' dir='ltr'>τῷ</span> <span class='ocrx_word' id='word_1_126' title='bbox 2393 717 2617 796; x_wconf 77' lang='grc' dir='ltr'>ἐπάρχῳ</span> <span class='ocrx_word' id='word_1_127' title='bbox 2660 721 2756 784; x_wconf 79' lang='grc' dir='ltr'>τῆς</span> <span class='ocrx_word' id='word_1_128' title='bbox 2799 716 3011 782; x_wconf 86' lang='grc' dir='ltr'>πόλεως</span> <span class='ocrx_word' id='word_1_129' title='bbox 3053 717 3415 798; x_wconf 67' lang='grc' dir='ltr'>ἐμφανίζεται.</span> <span class='ocrx_word' id='word_1_130' title='bbox 3452 721 3623 784; x_wconf 73' lang='grc' dir='ltr'>Οὗτος</span> <span class='ocrx_word' id='word_1_131' title='bbox 3685 721 3808 775; x_wconf 80' lang='grc' dir='ltr'>τοί-</span> 
     </span>
    </p>
   </div>
   <div class='ocr_carea' id='block_1_23' title="bbox 2143 804 3808 884">
    <p class='ocr_par' dir='ltr' id='par_1_23' title="bbox 2143 804 3808 884">
     <span class='ocr_line' id='line_1_23' title="bbox 2143 804 3808 884; baseline 0 -20"><span class='ocrx_word' id='word_1_132' title='bbox 2143 833 2232 868; x_wconf 87' lang='grc' dir='ltr'><strong>νυν</strong></span> <span class='ocrx_word' id='word_1_133' title='bbox 2287 809 2376 865; x_wconf 83' lang='grc' dir='ltr'>τὸν</span> <span class='ocrx_word' id='word_1_134' title='bbox 2435 807 2695 884; x_wconf 80' lang='grc' dir='ltr'>Θεοφόρον</span> <span class='ocrx_word' id='word_1_135' title='bbox 2749 804 2870 864; x_wconf 79' lang='grc' dir='ltr'>ἰδὼν</span> <span class='ocrx_word' id='word_1_136' title='bbox 2929 808 3018 863; x_wconf 84' lang='grc' dir='ltr'><strong>καὶ</strong></span> <span class='ocrx_word' id='word_1_137' title='bbox 3083 808 3146 864; x_wconf 79' lang='grc' dir='ltr'>τὰ</span> <span class='ocrx_word' id='word_1_138' title='bbox 3193 807 3449 884; x_wconf 75' lang='grc' dir='ltr'>βασιλιὸὰ</span> <span class='ocrx_word' id='word_1_139' title='bbox 3504 806 3808 884; x_wconf 74' lang='grc' dir='ltr'>δεξάμενος</span> 
     </span>
    </p>
   </div>
   <div class='ocr_carea' id='block_1_24' title="bbox 2141 896 3808 977">
    <p class='ocr_par' dir='ltr' id='par_1_24' title="bbox 2141 896 3808 977">
     <span class='ocr_line' id='line_1_24' title="bbox 2141 896 3808 977; baseline -0.002 -20"><span class='ocrx_word' id='word_1_140' title='bbox 2141 899 2454 977; x_wconf 78' lang='grc' dir='ltr'>γράμματα,</span> <span class='ocrx_word' id='word_1_141' title='bbox 2516 896 2723 975; x_wconf 73' lang='grc' dir='ltr'>ἡμέρας</span> <span class='ocrx_word' id='word_1_142' title='bbox 2793 896 3087 964; x_wconf 78' lang='grc' dir='ltr'><strong>ἐπιστάσης</strong></span> <span class='ocrx_word' id='word_1_143' title='bbox 3151 897 3414 976; x_wconf 75' lang='grc' dir='ltr'><strong>εὐκαίρου,</strong></span> <span class='ocrx_word' id='word_1_144' title='bbox 3479 899 3646 965; x_wconf 77' lang='grc' dir='ltr'>ἡνίκα</span> <span class='ocrx_word' id='word_1_145' title='bbox 3711 896 3808 965; x_wconf 74' lang='grc' dir='ltr'><strong>δη-</strong></span> 
     </span>
    </p>
   </div>
   <div class='ocr_carea' id='block_1_25' title="bbox 2141 977 3808 1066">
    <p class='ocr_par' dir='ltr' id='par_1_25' title="bbox 2141 977 3808 1066">
     <span class='ocr_line' id='line_1_25' title="bbox 2141 977 3808 1066; baseline 0 -22"><span class='ocrx_word' id='word_1_146' title='bbox 2141 987 2378 1063; x_wconf 77' lang='grc' dir='ltr'>μοτελὴς</span> <span class='ocrx_word' id='word_1_147' title='bbox 2447 987 2660 1066; x_wconf 76' lang='grc' dir='ltr'>ὑπῆρχε</span> <span class='ocrx_word' id='word_1_148' title='bbox 2730 999 2849 1050; x_wconf 77' lang='grc' dir='ltr'>τοῖς</span> <span class='ocrx_word' id='word_1_149' title='bbox 2925 977 3206 1062; x_wconf 75' lang='grc' dir='ltr'>Ῥωμαίοις</span> <span class='ocrx_word' id='word_1_150' title='bbox 3266 989 3594 1066; x_wconf 68' lang='grc' dir='ltr'>πανήγυρις,</span> <span class='ocrx_word' id='word_1_151' title='bbox 3659 989 3808 1044; x_wconf 66' lang='grc' dir='ltr'>κατὰ</span> 
     </span>
    </p>
   </div>
   <div class='ocr_carea' id='block_1_26' title="bbox 2143 1079 3806 1160">
    <p class='ocr_par' dir='ltr' id='par_1_26' title="bbox 2143 1079 3806 1160">
     <span class='ocr_line' id='line_1_26' title="bbox 2143 1079 3806 1160; baseline -0.001 -22"><span class='ocrx_word' id='word_1_152' title='bbox 2143 1085 2305 1157; x_wconf 88' lang='grc' dir='ltr'>μέσον</span> <span class='ocrx_word' id='word_1_153' title='bbox 2364 1081 2523 1140; x_wconf 76' lang='grc' dir='ltr'>αὐτὸν</span> <span class='ocrx_word' id='word_1_154' title='bbox 2555 1081 2754 1158; x_wconf 69' lang='grc' dir='ltr'>εἰσάγει</span> <span class='ocrx_word' id='word_1_155' title='bbox 2803 1081 2866 1136; x_wconf 82' lang='grc' dir='ltr'>τὸ</span> <span class='ocrx_word' id='word_1_156' title='bbox 2908 1079 3148 1160; x_wconf 76' lang='grc' dir='ltr'>θέατρον,</span> <span class='ocrx_word' id='word_1_157' title='bbox 3182 1080 3363 1159; x_wconf 77' lang='grc' dir='ltr'>ὥσπερ</span> <span class='ocrx_word' id='word_1_158' title='bbox 3415 1081 3504 1138; x_wconf 76' lang='grc' dir='ltr'>οὖν</span> <span class='ocrx_word' id='word_1_159' title='bbox 3537 1081 3682 1159; x_wconf 74' lang='grc' dir='ltr'>εἶχε</span> <span class='ocrx_word' id='word_1_160' title='bbox 3745 1081 3806 1136; x_wconf 72' lang='grc' dir='ltr'><strong>τὸ</strong></span> 
     </span>
    </p>
   </div>
   <div class='ocr_carea' id='block_1_27' title="bbox 2136 1167 3347 1248">
    <p class='ocr_par' dir='ltr' id='par_1_27' title="bbox 2136 1167 3347 1248">
     <span class='ocr_line' id='line_1_27' title="bbox 2136 1167 3347 1248; baseline -0.002 -19"><span class='ocrx_word' id='word_1_161' title='bbox 2136 1173 2370 1248; x_wconf 81' lang='grc' dir='ltr'>πονηρὸν</span> <span class='ocrx_word' id='word_1_162' title='bbox 2411 1169 2589 1227; x_wconf 70' lang='grc' dir='ltr'>ἐκεῖνο</span> <span class='ocrx_word' id='word_1_163' title='bbox 2622 1179 2716 1228; x_wconf 76' lang='grc' dir='ltr'><strong>τοῦ</strong></span> <span class='ocrx_word' id='word_1_164' title='bbox 2757 1167 3022 1246; x_wconf 81' lang='grc' dir='ltr'>βασιλέως</span> <span class='ocrx_word' id='word_1_165' title='bbox 3051 1169 3347 1248; x_wconf 68' lang='grc' dir='ltr'>ὶπίταγμα,</span> 
     </span>
    </p>
   </div>
   <div class='ocr_carea' id='block_1_28' title="bbox 2217 1252 3802 1338">
    <p class='ocr_par' dir='ltr' id='par_1_28' title="bbox 2217 1252 3802 1338">
     <span class='ocr_line' id='line_1_28' title="bbox 2217 1252 3802 1338; baseline -0.002 -20"><span class='ocrx_word' id='word_1_166' title='bbox 2217 1252 2323 1322; x_wconf 71' lang='grc' dir='ltr'>ιε’,</span> <span class='ocrx_word' id='word_1_167' title='bbox 2380 1261 2486 1326; x_wconf 85' lang='grc' dir='ltr'>Τῆς</span> <span class='ocrx_word' id='word_1_168' title='bbox 2519 1258 2729 1324; x_wconf 85' lang='grc' dir='ltr'>πόλεως</span> <span class='ocrx_word' id='word_1_169' title='bbox 2784 1258 2872 1316; x_wconf 80' lang='grc' dir='ltr'><strong>οὗν</strong></span> <span class='ocrx_word' id='word_1_170' title='bbox 2921 1259 3101 1325; x_wconf 81' lang='grc' dir='ltr'>πάσης</span> <span class='ocrx_word' id='word_1_171' title='bbox 3145 1266 3236 1316; x_wconf 81' lang='grc' dir='ltr'><strong>τοῦ</strong></span> <span class='ocrx_word' id='word_1_172' title='bbox 3277 1263 3495 1338; x_wconf 72' lang='grc' dir='ltr'>θεάτρου</span> <span class='ocrx_word' id='word_1_173' title='bbox 3543 1262 3802 1337; x_wconf 73' lang='grc' dir='ltr'>προκαθ-</span> 
     </span>
    </p>
   </div>
   <div class='ocr_carea' id='block_1_29' title="bbox 2135 1345 3800 1428">
    <p class='ocr_par' dir='ltr' id='par_1_29' title="bbox 2135 1345 3800 1428">
     <span class='ocr_line' id='line_1_29' title="bbox 2135 1345 3800 1428; baseline -0.002 -21"><span class='ocrx_word' id='word_1_174' title='bbox 2135 1351 2339 1426; x_wconf 81' lang='grc' dir='ltr'>ημένης</span> <span class='ocrx_word' id='word_1_175' title='bbox 2400 1350 2531 1406; x_wconf 81' lang='grc' dir='ltr'>κετὰ</span> <span class='ocrx_word' id='word_1_176' title='bbox 2596 1352 2792 1428; x_wconf 81' lang='grc' dir='ltr'>θερμοῦ</span> <span class='ocrx_word' id='word_1_177' title='bbox 2850 1349 3148 1424; x_wconf 78' lang='grc' dir='ltr'>πνεύματος</span> <span class='ocrx_word' id='word_1_178' title='bbox 3197 1350 3282 1405; x_wconf 75' lang='grc' dir='ltr'><strong>καὶ</strong></span> <span class='ocrx_word' id='word_1_179' title='bbox 3329 1347 3628 1428; x_wconf 68' lang='grc' dir='ltr'>ὀφθαλμῶν</span> <span class='ocrx_word' id='word_1_180' title='bbox 3687 1345 3800 1415; x_wconf 74' lang='grc' dir='ltr'>ἤδη</span> 
     </span>
    </p>
   </div>
   <div class='ocr_carea' id='block_1_30' title="bbox 2133 1436 3799 1519">
    <p class='ocr_par' dir='ltr' id='par_1_30' title="bbox 2133 1436 3799 1519">
     <span class='ocr_line' id='line_1_30' title="bbox 2133 1436 3799 1519; baseline -0.003 -21"><span class='ocrx_word' id='word_1_181' title='bbox 2133 1442 2251 1506; x_wconf 79' lang='grc' dir='ltr'>θέας</span> <span class='ocrx_word' id='word_1_182' title='bbox 2298 1439 2563 1518; x_wconf 76' lang='grc' dir='ltr'>ἐρώντων,</span> <span class='ocrx_word' id='word_1_183' title='bbox 2610 1437 2704 1495; x_wconf 75' lang='grc' dir='ltr'><strong>ἅτε</strong></span> <span class='ocrx_word' id='word_1_184' title='bbox 2756 1445 3039 1518; x_wconf 78' lang='grc' dir='ltr'>πανταχοῦ</span> <span class='ocrx_word' id='word_1_185' title='bbox 3079 1444 3178 1506; x_wconf 81' lang='grc' dir='ltr'><strong>τῆς</strong></span> <span class='ocrx_word' id='word_1_186' title='bbox 3223 1441 3410 1519; x_wconf 71' lang='grc' dir='ltr'>φήμης</span> <span class='ocrx_word' id='word_1_187' title='bbox 3463 1436 3799 1516; x_wconf 65' lang='grc' dir='ltr'>διαγγειλέ-</span> 
     </span>
    </p>
   </div>
   <div class='ocr_carea' id='block_1_31' title="bbox 2135 1527 3799 1607">
    <p class='ocr_par' dir='ltr' id='par_1_31' title="bbox 2135 1527 3799 1607">
     <span class='ocr_line' id='line_1_31' title="bbox 2135 1527 3799 1607; baseline -0.002 -22"><span class='ocrx_word' id='word_1_188' title='bbox 2135 1553 2236 1598; x_wconf 85' lang='grc' dir='ltr'><strong>σης</strong></span> <span class='ocrx_word' id='word_1_189' title='bbox 2295 1531 2386 1586; x_wconf 80' lang='grc' dir='ltr'>τὸν</span> <span class='ocrx_word' id='word_1_190' title='bbox 2414 1533 2513 1594; x_wconf 82' lang='grc' dir='ltr'>τῆς</span> <span class='ocrx_word' id='word_1_191' title='bbox 2574 1530 2764 1607; x_wconf 77' lang='grc' dir='ltr'>Συρίας</span> <span class='ocrx_word' id='word_1_192' title='bbox 2820 1527 3108 1584; x_wconf 75' lang='grc' dir='ltr'>ἐπίσκοπον</span> <span class='ocrx_word' id='word_1_193' title='bbox 3155 1527 3366 1603; x_wconf 78' lang='grc' dir='ltr'>μέλλειν</span> <span class='ocrx_word' id='word_1_194' title='bbox 3397 1529 3639 1606; x_wconf 67' lang='grc' dir='ltr'>σήμερον</span> <span class='ocrx_word' id='word_1_195' title='bbox 3687 1531 3799 1593; x_wconf 75' lang='grc' dir='ltr'>θη-</span> 
     </span>
    </p>
   </div>
   <div class='ocr_carea' id='block_1_32' title="bbox 2135 1617 3796 1699">
    <p class='ocr_par' dir='ltr' id='par_1_32' title="bbox 2135 1617 3796 1699">
     <span class='ocr_line' id='line_1_32' title="bbox 2135 1617 3796 1699; baseline -0.002 -22"><span class='ocrx_word' id='word_1_196' title='bbox 2135 1641 2455 1699; x_wconf 82' lang='grc' dir='ltr'>ριομαχειν,</span> <span class='ocrx_word' id='word_1_197' title='bbox 2516 1620 2860 1698; x_wconf 71' lang='grc' dir='ltr'>έπιστραφεὶς</span> <span class='ocrx_word' id='word_1_198' title='bbox 2941 1618 3072 1696; x_wconf 81' lang='grc' dir='ltr'>πρός</span> <span class='ocrx_word' id='word_1_199' title='bbox 3147 1620 3209 1674; x_wconf 77' lang='grc' dir='ltr'>τὸ</span> <span class='ocrx_word' id='word_1_200' title='bbox 3279 1617 3485 1684; x_wconf 74' lang='grc' dir='ltr'>πλῆθος</span> <span class='ocrx_word' id='word_1_201' title='bbox 3568 1618 3796 1680; x_wconf 61' lang='grc' dir='ltr'>έκεῖνος</span> 
     </span>
    </p>
   </div>
   <div class='ocr_carea' id='block_1_33' title="bbox 2135 1707 3796 1787">
    <p class='ocr_par' dir='ltr' id='par_1_33' title="bbox 2135 1707 3796 1787">
     <span class='ocr_line' id='line_1_33' title="bbox 2135 1707 3796 1787; baseline -0.004 -21"><span class='ocrx_word' id='word_1_202' title='bbox 2135 1711 2272 1785; x_wconf 80' lang='grc' dir='ltr'>μετὰ</span> <span class='ocrx_word' id='word_1_203' title='bbox 2332 1710 2572 1787; x_wconf 78' lang='grc' dir='ltr'>γενναίου</span> <span class='ocrx_word' id='word_1_204' title='bbox 2627 1707 2744 1764; x_wconf 90' lang='grc' dir='ltr'>λίαν</span> <span class='ocrx_word' id='word_1_205' title='bbox 2799 1709 2888 1765; x_wconf 80' lang='grc' dir='ltr'>καὶ</span> <span class='ocrx_word' id='word_1_206' title='bbox 2946 1708 3205 1783; x_wconf 78' lang='grc' dir='ltr'>ἀτρέπτου</span> <span class='ocrx_word' id='word_1_207' title='bbox 3261 1709 3632 1787; x_wconf 73' lang='grc' dir='ltr'>φρονήματος,</span> <span class='ocrx_word' id='word_1_208' title='bbox 3692 1707 3796 1762; x_wconf 76' lang='grc' dir='ltr'>οἶα</span> 
     </span>
    </p>
   </div>
   <div class='ocr_carea' id='block_1_34' title="bbox 401 1792 2034 1877">
    <p class='ocr_par' dir='ltr' id='par_1_34' title="bbox 401 1792 2034 1876">
     <span class='ocr_line' id='line_1_34' title="bbox 401 1792 2034 1876; baseline -0.003 -18"><span class='ocrx_word' id='word_1_209' title='bbox 401 1796 517 1858; x_wconf 89' lang='lat' dir='ltr'><strong>sibi</strong></span> <span class='ocrx_word' id='word_1_210' title='bbox 540 1795 803 1876; x_wconf 85' lang='lat' dir='ltr'><strong>placeret</strong></span> <span class='ocrx_word' id='word_1_211' title='bbox 827 1801 1073 1873; x_wconf 89' lang='lat' dir='ltr'><strong>propter</strong></span> <span class='ocrx_word' id='word_1_212' title='bbox 1095 1811 1251 1870; x_wconf 90' lang='lat' dir='ltr'><strong>eam,</strong></span> <span class='ocrx_word' id='word_1_213' title='bbox 1279 1812 1412 1872; x_wconf 65' lang='lat' dir='ltr'><strong>quae</strong></span> <span class='ocrx_word' id='word_1_214' title='bbox 1435 1812 1541 1873; x_wconf 90' lang='lat' dir='ltr'><strong>pro</strong></span> <span class='ocrx_word' id='word_1_215' title='bbox 1567 1792 1802 1855; x_wconf 86' lang='lat' dir='ltr'><strong>Christo</strong></span> <span class='ocrx_word' id='word_1_216' title='bbox 1827 1795 2034 1876; x_wconf 83' lang='lat' dir='ltr'><strong>auscip:</strong></span> 
     </span>
    </p>
   </div>
   <div class='ocr_carea' id='block_1_35' title="bbox 2124 1792 3793 1877">
    <p class='ocr_par' dir='ltr' id='par_1_35' title="bbox 2134 1793 3793 1877">
     <span class='ocr_line' id='line_1_35' title="bbox 2134 1793 3793 1877; baseline -0.003 -22"><span class='ocrx_word' id='word_1_217' title='bbox 2134 1797 2199 1867; x_wconf 77' lang='grc' dir='ltr'><strong>δὴ</strong></span> <span class='ocrx_word' id='word_1_218' title='bbox 2227 1797 2324 1856; x_wconf 82' lang='grc' dir='ltr'>καί</span> <span class='ocrx_word' id='word_1_219' title='bbox 2369 1797 2726 1877; x_wconf 83' lang='grc' dir='ltr'>καυχώμενος</span> <span class='ocrx_word' id='word_1_220' title='bbox 2756 1798 2842 1854; x_wconf 78' lang='grc' dir='ltr'>ἐπὶ</span> <span class='ocrx_word' id='word_1_221' title='bbox 2901 1804 2970 1874; x_wconf 72' lang='grc' dir='ltr'><strong>τῇ</strong></span> <span class='ocrx_word' id='word_1_222' title='bbox 3000 1794 3227 1872; x_wconf 75' lang='grc' dir='ltr'>δοκούσῃ</span> <span class='ocrx_word' id='word_1_223' title='bbox 3285 1799 3452 1872; x_wconf 77' lang='grc' dir='ltr'>ταύτῃ</span> <span class='ocrx_word' id='word_1_224' title='bbox 3497 1793 3588 1850; x_wconf 76' lang='grc' dir='ltr'>διὰ</span> <span class='ocrx_word' id='word_1_225' title='bbox 3645 1801 3793 1868; x_wconf 75' lang='grc' dir='ltr'>Χρι-</span> 
     </span>
    </p>
   </div>
   <div class='ocr_carea' id='block_1_36' title="bbox 397 1882 2034 1968">
    <p class='ocr_par' dir='ltr' id='par_1_36' title="bbox 397 1882 2034 1964">
     <span class='ocr_line' id='line_1_36' title="bbox 397 1882 2034 1964; baseline -0.004 -15"><span class='ocrx_word' id='word_1_226' title='bbox 397 1884 782 1964; x_wconf 81' lang='lat' dir='ltr'><strong>cernebatur,</strong></span> <span class='ocrx_word' id='word_1_227' title='bbox 811 1882 1202 1958; x_wconf 81' lang='lat' dir='ltr'><strong>ignominiam</strong></span> <span class='ocrx_word' id='word_1_228' title='bbox 1231 1901 1244 1944; x_wconf 90' lang='lat'><strong>:</strong></span> <span class='ocrx_word' id='word_1_229' title='bbox 1271 1882 1420 1955; x_wconf 89' lang='lat' dir='ltr'><strong>Viri,</strong></span> <span class='ocrx_word' id='word_1_230' title='bbox 1442 1883 1655 1963; x_wconf 89' lang='lat' dir='ltr'><strong>inquit,</strong></span> <span class='ocrx_word' id='word_1_231' title='bbox 1686 1882 1962 1961; x_wconf 83' lang='lat' dir='ltr'><strong>Romani,</strong></span> <span class='ocrx_word' id='word_1_232' title='bbox 1989 1898 2034 1947; x_wconf 83' lang='lat' dir='ltr'><strong>e1</strong></span> 
     </span>
    </p>
   </div>
   <div class='ocr_carea' id='block_1_37' title="bbox 2124 1882 3790 1968">
    <p class='ocr_par' dir='ltr' id='par_1_37' title="bbox 2133 1883 3790 1968">
     <span class='ocr_line' id='line_1_37' title="bbox 2133 1883 3790 1968; baseline -0.009 -24"><span class='ocrx_word' id='word_1_233' title='bbox 2133 1891 2258 1945; x_wconf 82' lang='grc' dir='ltr'>στὸν</span> <span class='ocrx_word' id='word_1_234' title='bbox 2317 1889 2548 1968; x_wconf 75' lang='grc' dir='ltr'>αἰσχύνῃ</span> <span class='ocrx_word' id='word_1_235' title='bbox 2591 1889 2680 1943; x_wconf 83' lang='grc' dir='ltr'><strong>καὶ</strong></span> <span class='ocrx_word' id='word_1_236' title='bbox 2737 1893 3114 1966; x_wconf 79' lang='grc' dir='ltr'>μεγαφρονῶν.</span> <span class='ocrx_word' id='word_1_237' title='bbox 3175 1884 3420 1964; x_wconf 62' lang='grc' dir='ltr'>Ἄνδρες,</span> <span class='ocrx_word' id='word_1_238' title='bbox 3470 1883 3601 1964; x_wconf 71' lang='grc' dir='ltr'>ἔφη,</span> <span class='ocrx_word' id='word_1_239' title='bbox 3661 1893 3790 1941; x_wconf 73' lang='lat' dir='ltr'><strong>Pu)-</strong></span> 
     </span>
    </p>
   </div>
   <div class='ocr_carea' id='block_1_38' title="bbox 395 1971 2034 2057">
    <p class='ocr_par' dir='ltr' id='par_1_38' title="bbox 395 1971 2034 2057">
     <span class='ocr_line' id='line_1_38' title="bbox 395 1971 2034 2057; baseline 0.001 -21"><span class='ocrx_word' id='word_1_240' title='bbox 395 1973 708 2057; x_wconf 85' lang='lat' dir='ltr'><strong>praesentis</strong></span> <span class='ocrx_word' id='word_1_241' title='bbox 738 1971 919 2051; x_wconf 87' lang='lat' dir='ltr'><strong>hujus</strong></span> <span class='ocrx_word' id='word_1_242' title='bbox 943 1972 1293 2034; x_wconf 87' lang='lat' dir='ltr'><strong>certaminis</strong></span> <span class='ocrx_word' id='word_1_243' title='bbox 1323 1980 1694 2053; x_wconf 86' lang='lat' dir='ltr'><strong>spectatores</strong></span> <span class='ocrx_word' id='word_1_244' title='bbox 1720 1993 1734 2034; x_wconf 91' lang='lat'><strong>:</strong></span> <span class='ocrx_word' id='word_1_245' title='bbox 1765 1992 1882 2035; x_wconf 93' lang='lat' dir='ltr'><strong>non</strong></span> <span class='ocrx_word' id='word_1_246' title='bbox 1921 1977 2034 2038; x_wconf 72' lang='lat' dir='ltr'><strong>haec</strong></span> 
     </span>
    </p>
   </div>
   <div class='ocr_carea' id='block_1_39' title="bbox 2124 1971 3791 2057">
    <p class='ocr_par' dir='ltr' id='par_1_39' title="bbox 2131 1975 3791 2057">
     <span class='ocr_line' id='line_1_39' title="bbox 2131 1975 3791 2057; baseline -0.003 -23"><span class='ocrx_word' id='word_1_247' title='bbox 2131 1991 2312 2053; x_wconf 81' lang='grc' dir='ltr'>μαῖοι,</span> <span class='ocrx_word' id='word_1_248' title='bbox 2345 1981 2432 2035; x_wconf 86' lang='grc' dir='ltr'><strong>καὶ</strong></span> <span class='ocrx_word' id='word_1_249' title='bbox 2477 1983 2569 2033; x_wconf 76' lang='grc' dir='ltr'>τοῦ</span> <span class='ocrx_word' id='word_1_250' title='bbox 2598 1979 2860 2057; x_wconf 86' lang='grc' dir='ltr'>παρόντος</span> <span class='ocrx_word' id='word_1_251' title='bbox 2892 1976 3100 2054; x_wconf 84' lang='grc' dir='ltr'>ἀγῶνός</span> <span class='ocrx_word' id='word_1_252' title='bbox 3131 1998 3224 2050; x_wconf 91' lang='grc' dir='ltr'><strong>μοι</strong></span> <span class='ocrx_word' id='word_1_253' title='bbox 3280 1975 3484 2048; x_wconf 78' lang='grc' dir='ltr'>θέαταὶ,</span> <span class='ocrx_word' id='word_1_254' title='bbox 3515 1978 3582 2034; x_wconf 72' lang='grc' dir='ltr'>οὗ</span> <span class='ocrx_word' id='word_1_255' title='bbox 3643 1975 3791 2050; x_wconf 53' lang='lat' dir='ltr'><strong>Qad-</strong></span> 
     </span>
    </p>
   </div>
   <div class='ocr_carea' id='block_1_40' title="bbox 397 2060 2034 2142">
    <p class='ocr_par' dir='ltr' id='par_1_40' title="bbox 397 2060 2034 2142">
     <span class='ocr_line' id='line_1_40' title="bbox 397 2060 2034 2142; baseline -0.001 -15"><span class='ocrx_word' id='word_1_256' title='bbox 397 2065 544 2127; x_wconf 91' lang='lat' dir='ltr'><strong>mihi</strong></span> <span class='ocrx_word' id='word_1_257' title='bbox 586 2064 756 2136; x_wconf 88' lang='lat' dir='ltr'><strong>ﬁunt,</strong></span> <span class='ocrx_word' id='word_1_258' title='bbox 795 2069 857 2123; x_wconf 91' lang='lat' dir='ltr'><strong>ut</strong></span> <span class='ocrx_word' id='word_1_259' title='bbox 889 2060 1046 2121; x_wconf 90' lang='lat' dir='ltr'><strong>luam</strong></span> <span class='ocrx_word' id='word_1_260' title='bbox 1083 2078 1290 2141; x_wconf 78' lang='lat' dir='ltr'><strong>ptenas</strong></span> <span class='ocrx_word' id='word_1_261' title='bbox 1329 2061 1587 2142; x_wconf 88' lang='lat' dir='ltr'><strong>alicujus</strong></span> <span class='ocrx_word' id='word_1_262' title='bbox 1619 2062 1917 2139; x_wconf 88' lang='lat' dir='ltr'><strong>maleﬁcii,</strong></span> <span class='ocrx_word' id='word_1_263' title='bbox 1945 2073 2034 2126; x_wconf 84' lang='lat' dir='ltr'><strong>aut</strong></span> 
     </span>
    </p>
   </div>
   <div class='ocr_carea' id='block_1_41' title="bbox 2124 2060 3786 2142">
    <p class='ocr_par' dir='ltr' id='par_1_41' title="bbox 2127 2062 3786 2142">
     <span class='ocr_line' id='line_1_41' title="bbox 2127 2062 3786 2142; baseline -0.002 -19"><span class='ocrx_word' id='word_1_264' title='bbox 2127 2066 2220 2126; x_wconf 82' lang='grc' dir='ltr'><strong>λου</strong></span> <span class='ocrx_word' id='word_1_265' title='bbox 2276 2068 2419 2131; x_wconf 77' lang='grc' dir='ltr'>τινὸς</span> <span class='ocrx_word' id='word_1_266' title='bbox 2471 2066 2626 2124; x_wconf 77' lang='grc' dir='ltr'>ἕνεκα</span> <span class='ocrx_word' id='word_1_267' title='bbox 2676 2066 2794 2140; x_wconf 75' lang='grc' dir='ltr'>ἐμοὶ</span> <span class='ocrx_word' id='word_1_268' title='bbox 2845 2069 3032 2140; x_wconf 77' lang='grc' dir='ltr'>ταῦτα,</span> <span class='ocrx_word' id='word_1_269' title='bbox 3066 2064 3183 2124; x_wconf 73' lang='grc' dir='ltr'>οὒδὲ</span> <span class='ocrx_word' id='word_1_270' title='bbox 3232 2066 3482 2142; x_wconf 80' lang='grc' dir='ltr'>μονηρῶν</span> <span class='ocrx_word' id='word_1_271' title='bbox 3528 2062 3786 2142; x_wconf 67' lang='grc' dir='ltr'>πράξεών</span> 
     </span>
    </p>
   </div>
   <div class='ocr_carea' id='block_1_42' title="bbox 395 2150 2034 2238">
    <p class='ocr_par' dir='ltr' id='par_1_42' title="bbox 395 2150 2034 2232">
     <span class='ocr_line' id='line_1_42' title="bbox 395 2150 2034 2232; baseline 0 -15"><span class='ocrx_word' id='word_1_272' title='bbox 395 2153 704 2218; x_wconf 62' lang='lat' dir='ltr'><strong>scelerata)</strong></span> <span class='ocrx_word' id='word_1_273' title='bbox 725 2150 979 2231; x_wconf 90' lang='lat' dir='ltr'><strong>alicujus</strong></span> <span class='ocrx_word' id='word_1_274' title='bbox 1003 2151 1389 2232; x_wconf 88' lang='lat' dir='ltr'><strong>actionis,sed</strong></span> <span class='ocrx_word' id='word_1_275' title='bbox 1415 2161 1476 2213; x_wconf 94' lang='lat' dir='ltr'><strong>ut</strong></span> <span class='ocrx_word' id='word_1_276' title='bbox 1499 2153 1689 2214; x_wconf 93' lang='lat' dir='ltr'><strong>Deum</strong></span> <span class='ocrx_word' id='word_1_277' title='bbox 1714 2169 2034 2230; x_wconf 81' lang='lat' dir='ltr'><strong>assequar:</strong></span> 
     </span>
    </p>
   </div>
   <div class='ocr_carea' id='block_1_43' title="bbox 2124 2150 3786 2238">
    <p class='ocr_par' dir='ltr' id='par_1_43' title="bbox 2124 2153 3786 2238">
     <span class='ocr_line' id='line_1_43' title="bbox 2124 2153 3786 2238; baseline -0.005 -23"><span class='ocrx_word' id='word_1_278' title='bbox 2124 2157 2381 2238; x_wconf 82' lang='grc' dir='ltr'>ὐπέχοντι</span> <span class='ocrx_word' id='word_1_279' title='bbox 2413 2155 2588 2235; x_wconf 85' lang='grc' dir='ltr'>δίκην,</span> <span class='ocrx_word' id='word_1_280' title='bbox 2621 2153 2742 2212; x_wconf 85' lang='grc' dir='ltr'>ἀλλ’</span> <span class='ocrx_word' id='word_1_281' title='bbox 2801 2155 2940 2213; x_wconf 77' lang='grc' dir='ltr'>ὥστε</span> <span class='ocrx_word' id='word_1_282' title='bbox 2972 2162 3064 2213; x_wconf 80' lang='grc' dir='ltr'>τοῦ</span> <span class='ocrx_word' id='word_1_283' title='bbox 3095 2162 3229 2212; x_wconf 82' lang='grc' dir='ltr'>Θεοῦ</span> <span class='ocrx_word' id='word_1_284' title='bbox 3273 2153 3584 2234; x_wconf 69' lang='grc' dir='ltr'>ἐπιτυχεῖν,</span> <span class='ocrx_word' id='word_1_285' title='bbox 3617 2153 3786 2231; x_wconf 70' lang='grc' dir='ltr'>οὗπερ</span> 
     </span>
    </p>
   </div>
   <div class='ocr_carea' id='block_1_44' title="bbox 392 2240 2034 2326">
    <p class='ocr_par' dir='ltr' id='par_1_44' title="bbox 392 2240 2034 2325">
     <span class='ocr_line' id='line_1_44' title="bbox 392 2240 2034 2325; baseline -0.001 -19"><span class='ocrx_word' id='word_1_286' title='bbox 392 2245 563 2325; x_wconf 88' lang='lat' dir='ltr'><strong>cujus</strong></span> <span class='ocrx_word' id='word_1_287' title='bbox 600 2241 842 2323; x_wconf 84' lang='lat' dir='ltr'><strong>quidem</strong></span> <span class='ocrx_word' id='word_1_288' title='bbox 877 2249 1088 2302; x_wconf 88' lang='lat' dir='ltr'><strong>teneor</strong></span> <span class='ocrx_word' id='word_1_289' title='bbox 1119 2240 1419 2304; x_wconf 89' lang='lat' dir='ltr'><strong>desiderio</strong></span> <span class='ocrx_word' id='word_1_290' title='bbox 1453 2250 1511 2304; x_wconf 89' lang='lat' dir='ltr'><strong>et</strong></span> <span class='ocrx_word' id='word_1_291' title='bbox 1535 2260 1714 2322; x_wconf 91' lang='lat' dir='ltr'><strong>quem</strong></span> <span class='ocrx_word' id='word_1_292' title='bbox 1749 2243 1923 2324; x_wconf 92' lang='lat' dir='ltr'><strong>cupio</strong></span> <span class='ocrx_word' id='word_1_293' title='bbox 1954 2249 2034 2304; x_wconf 48' lang='lat' dir='ltr'><strong>in.</strong></span> 
     </span>
    </p>
   </div>
   <div class='ocr_carea' id='block_1_45' title="bbox 2124 2240 3786 2326">
    <p class='ocr_par' dir='ltr' id='par_1_45' title="bbox 2124 2244 3786 2326">
     <span class='ocr_line' id='line_1_45' title="bbox 2124 2244 3786 2326; baseline -0.002 -22"><span class='ocrx_word' id='word_1_294' title='bbox 2124 2246 2227 2326; x_wconf 74' lang='grc' dir='ltr'>ἐρῶ</span> <span class='ocrx_word' id='word_1_295' title='bbox 2277 2249 2365 2304; x_wconf 82' lang='grc' dir='ltr'><strong>καὶ</strong></span> <span class='ocrx_word' id='word_1_296' title='bbox 2419 2244 2711 2313; x_wconf 82' lang='grc' dir='ltr'>ἀπλήστως</span> <span class='ocrx_word' id='word_1_297' title='bbox 2772 2245 3012 2325; x_wconf 72' lang='grc' dir='ltr'>ἒφίεμαι.</span> <span class='ocrx_word' id='word_1_298' title='bbox 3073 2252 3234 2303; x_wconf 81' lang='grc' dir='ltr'>Σϊτον</span> <span class='ocrx_word' id='word_1_299' title='bbox 3291 2246 3390 2324; x_wconf 76' lang='grc' dir='ltr'><strong>γὰρ</strong></span> <span class='ocrx_word' id='word_1_300' title='bbox 3446 2245 3556 2320; x_wconf 83' lang='grc' dir='ltr'>εἶμι</span> <span class='ocrx_word' id='word_1_301' title='bbox 3619 2246 3786 2304; x_wconf 66' lang='grc' dir='ltr'>αὐτοῦ</span> 
     </span>
    </p>
   </div>
   <div class='ocr_carea' id='block_1_46' title="bbox 390 2327 2034 2414">
    <p class='ocr_par' dir='ltr' id='par_1_46' title="bbox 390 2327 2034 2410">
     <span class='ocr_line' id='line_1_46' title="bbox 390 2327 2034 2410; baseline -0.001 -14"><span class='ocrx_word' id='word_1_302' title='bbox 390 2332 765 2396; x_wconf 87' lang='lat' dir='ltr'><strong>satiabiliter.</strong></span> <span class='ocrx_word' id='word_1_303' title='bbox 804 2327 944 2392; x_wconf 92' lang='lat' dir='ltr'><strong>Sum</strong></span> <span class='ocrx_word' id='word_1_304' title='bbox 991 2329 1153 2391; x_wconf 89' lang='lat' dir='ltr'><strong>enim</strong></span> <span class='ocrx_word' id='word_1_305' title='bbox 1189 2330 1318 2410; x_wconf 90' lang='lat' dir='ltr'><strong>ejus</strong></span> <span class='ocrx_word' id='word_1_306' title='bbox 1347 2330 1712 2393; x_wconf 82' lang='lat' dir='ltr'><strong>frumentum</strong></span> <span class='ocrx_word' id='word_1_307' title='bbox 1747 2341 1806 2394; x_wconf 91' lang='lat' dir='ltr'><strong>et</strong></span> <span class='ocrx_word' id='word_1_308' title='bbox 1849 2333 2034 2394; x_wconf 82' lang='lat' dir='ltr'><strong>molor</strong></span> 
     </span>
    </p>
   </div>
   <div class='ocr_carea' id='block_1_47' title="bbox 2124 2327 3784 2414">
    <p class='ocr_par' dir='ltr' id='par_1_47' title="bbox 2124 2333 3784 2414">
     <span class='ocr_line' id='line_1_47' title="bbox 2124 2333 3784 2414; baseline -0.002 -21"><span class='ocrx_word' id='word_1_309' title='bbox 2124 2337 2210 2394; x_wconf 81' lang='grc' dir='ltr'><strong>καὶ</strong></span> <span class='ocrx_word' id='word_1_310' title='bbox 2252 2336 2321 2393; x_wconf 83' lang='grc' dir='ltr'>δι’</span> <span class='ocrx_word' id='word_1_311' title='bbox 2379 2333 2606 2393; x_wconf 80' lang='grc' dir='ltr'>ὀδόντων</span> <span class='ocrx_word' id='word_1_312' title='bbox 2651 2333 2848 2414; x_wconf 85' lang='grc' dir='ltr'>θηρίων</span> <span class='ocrx_word' id='word_1_313' title='bbox 2879 2334 3176 2409; x_wconf 75' lang='grc' dir='ltr'>ἀλῆθομαι,</span> <span class='ocrx_word' id='word_1_314' title='bbox 3209 2334 3303 2391; x_wconf 73' lang='grc' dir='ltr'><strong>ἵνα</strong></span> <span class='ocrx_word' id='word_1_315' title='bbox 3357 2337 3587 2411; x_wconf 83' lang='grc' dir='ltr'>καθαρος</span> <span class='ocrx_word' id='word_1_316' title='bbox 3635 2335 3784 2405; x_wconf 70' lang='grc' dir='ltr'>αὐτῷ</span> 
     </span>
    </p>
   </div>
   <div class='ocr_carea' id='block_1_48' title="bbox 391 2419 2034 2506">
    <p class='ocr_par' dir='ltr' id='par_1_48' title="bbox 391 2419 2034 2506">
     <span class='ocr_line' id='line_1_48' title="bbox 391 2419 2034 2506; baseline 0 -20"><span class='ocrx_word' id='word_1_317' title='bbox 391 2441 500 2506; x_wconf 91' lang='lat' dir='ltr'><strong>per</strong></span> <span class='ocrx_word' id='word_1_318' title='bbox 528 2423 744 2484; x_wconf 87' lang='lat' dir='ltr'><strong>dentes</strong></span> <span class='ocrx_word' id='word_1_319' title='bbox 774 2419 1352 2491; x_wconf 87' lang='lat' dir='ltr'><strong>bestiarum,utﬁam</strong></span> <span class='ocrx_word' id='word_1_320' title='bbox 1389 2421 1444 2482; x_wconf 87' lang='lat' dir='ltr'><strong>ei</strong></span> <span class='ocrx_word' id='word_1_321' title='bbox 1479 2439 1665 2501; x_wconf 85' lang='lat' dir='ltr'><strong>pnrua</strong></span> <span class='ocrx_word' id='word_1_322' title='bbox 1699 2419 2034 2502; x_wconf 64' lang='lat' dir='ltr'><strong>panis.Haac</strong></span> 
     </span>
    </p>
   </div>
   <div class='ocr_carea' id='block_1_49' title="bbox 2124 2419 3782 2506">
    <p class='ocr_par' dir='ltr' id='par_1_49' title="bbox 2124 2421 3782 2504">
     <span class='ocr_line' id='line_1_49' title="bbox 2124 2421 3782 2504; baseline -0.002 -22"><span class='ocrx_word' id='word_1_323' title='bbox 2124 2426 2280 2504; x_wconf 73' lang='grc' dir='ltr'>ἄρτος</span> <span class='ocrx_word' id='word_1_324' title='bbox 2329 2425 2594 2503; x_wconf 85' lang='grc' dir='ltr'>γένωμαι.</span> <span class='ocrx_word' id='word_1_325' title='bbox 2641 2431 2816 2483; x_wconf 83' lang='grc' dir='ltr'>Ταῦτα</span> <span class='ocrx_word' id='word_1_326' title='bbox 2872 2423 3000 2481; x_wconf 80' lang='grc' dir='ltr'>εἶπε</span> <span class='ocrx_word' id='word_1_327' title='bbox 3051 2425 3141 2483; x_wconf 83' lang='grc' dir='ltr'><strong>καὶ</strong></span> <span class='ocrx_word' id='word_1_328' title='bbox 3184 2423 3471 2502; x_wconf 74' lang='grc' dir='ltr'>ἀφαθέντες</span> <span class='ocrx_word' id='word_1_329' title='bbox 3522 2423 3573 2479; x_wconf 76' lang='grc' dir='ltr'>οἱ</span> <span class='ocrx_word' id='word_1_330' title='bbox 3617 2421 3782 2480; x_wconf 80' lang='grc' dir='ltr'>λέον-</span> 
     </span>
    </p>
   </div>
   <div class='ocr_carea' id='block_1_50' title="bbox 388 2508 2034 2592">
    <p class='ocr_par' dir='ltr' id='par_1_50' title="bbox 388 2508 2034 2587">
     <span class='ocr_line' id='line_1_50' title="bbox 388 2508 2034 2587; baseline -0.001 -12"><span class='ocrx_word' id='word_1_331' title='bbox 388 2513 555 2587; x_wconf 80' lang='lat' dir='ltr'><strong>dixit,</strong></span> <span class='ocrx_word' id='word_1_332' title='bbox 575 2519 633 2574; x_wconf 91' lang='lat' dir='ltr'><strong>et</strong></span> <span class='ocrx_word' id='word_1_333' title='bbox 655 2509 890 2574; x_wconf 89' lang='lat' dir='ltr'><strong>dimissi</strong></span> <span class='ocrx_word' id='word_1_334' title='bbox 921 2508 1128 2573; x_wconf 83' lang='lat' dir='ltr'><strong>leones</strong></span> <span class='ocrx_word' id='word_1_335' title='bbox 1149 2527 1286 2572; x_wconf 89' lang='lat' dir='ltr'><strong>eum</strong></span> <span class='ocrx_word' id='word_1_336' title='bbox 1319 2512 1512 2572; x_wconf 81' lang='lat' dir='ltr'><strong>statim</strong></span> <span class='ocrx_word' id='word_1_337' title='bbox 1546 2510 1950 2574; x_wconf 88' lang='lat' dir='ltr'><strong>dilacerarunt</strong></span> <span class='ocrx_word' id='word_1_338' title='bbox 1979 2520 2034 2574; x_wconf 92' lang='lat' dir='ltr'><strong>et</strong></span> 
     </span>
    </p>
   </div>
   <div class='ocr_carea' id='block_1_51' title="bbox 2124 2508 3780 2592">
    <p class='ocr_par' dir='ltr' id='par_1_51' title="bbox 2124 2513 3780 2592">
     <span class='ocr_line' id='line_1_51' title="bbox 2124 2513 3780 2592; baseline -0.002 -21"><span class='ocrx_word' id='word_1_339' title='bbox 2124 2535 2207 2579; x_wconf 83' lang='grc' dir='ltr'><strong>τες</strong></span> <span class='ocrx_word' id='word_1_340' title='bbox 2251 2513 2607 2572; x_wconf 84' lang='grc' dir='ltr'>διεσπάσαντό</span> <span class='ocrx_word' id='word_1_341' title='bbox 2655 2534 2713 2571; x_wconf 88' lang='grc' dir='ltr'><strong>τε</strong></span> <span class='ocrx_word' id='word_1_342' title='bbox 2765 2514 2924 2574; x_wconf 70' lang='grc' dir='ltr'>αὐτὸν</span> <span class='ocrx_word' id='word_1_343' title='bbox 2967 2514 3116 2578; x_wconf 73' lang='grc' dir='ltr'>εὐθὺς</span> <span class='ocrx_word' id='word_1_344' title='bbox 3164 2515 3252 2571; x_wconf 80' lang='grc' dir='ltr'><strong>καὶ</strong></span> <span class='ocrx_word' id='word_1_345' title='bbox 3295 2513 3620 2592; x_wconf 64' lang='grc' dir='ltr'>κατέφαγον</span> <span class='ocrx_word' id='word_1_346' title='bbox 3664 2513 3780 2586; x_wconf 81' lang='grc' dir='ltr'>μό·-</span> 
     </span>
    </p>
   </div>
   <div class='ocr_carea' id='block_1_52' title="bbox 387 2599 2034 2682">
    <p class='ocr_par' dir='ltr' id='par_1_52' title="bbox 387 2599 2034 2679">
     <span class='ocr_line' id='line_1_52' title="bbox 387 2599 2034 2679; baseline -0.001 -13"><span class='ocrx_word' id='word_1_347' title='bbox 387 2602 773 2675; x_wconf 86' lang='lat' dir='ltr'><strong>devorarunt,</strong></span> <span class='ocrx_word' id='word_1_348' title='bbox 824 2617 858 2661; x_wconf 90' lang='lat' dir='ltr'><strong>a</strong></span> <span class='ocrx_word' id='word_1_349' title='bbox 913 2599 1062 2660; x_wconf 90' lang='lat' dir='ltr'><strong>solis</strong></span> <span class='ocrx_word' id='word_1_350' title='bbox 1119 2599 1536 2679; x_wconf 89' lang='lat' dir='ltr'><strong>asperioribus</strong></span> <span class='ocrx_word' id='word_1_351' title='bbox 1593 2599 1757 2664; x_wconf 87' lang='lat' dir='ltr'><strong>illius</strong></span> <span class='ocrx_word' id='word_1_352' title='bbox 1801 2601 2034 2664; x_wconf 89' lang='lat' dir='ltr'><strong>ossibus</strong></span> 
     </span>
    </p>
   </div>
   <div class='ocr_carea' id='block_1_53' title="bbox 2124 2599 3776 2682">
    <p class='ocr_par' dir='ltr' id='par_1_53' title="bbox 2124 2601 3776 2682">
     <span class='ocr_line' id='line_1_53' title="bbox 2124 2601 3776 2682; baseline -0.003 -21"><span class='ocrx_word' id='word_1_353' title='bbox 2124 2627 2223 2661; x_wconf 87' lang='grc' dir='ltr'><strong>νων</strong></span> <span class='ocrx_word' id='word_1_354' title='bbox 2281 2604 2484 2661; x_wconf 72' lang='grc' dir='ltr'>ἐκείνου</span> <span class='ocrx_word' id='word_1_355' title='bbox 2541 2605 2647 2660; x_wconf 83' lang='grc' dir='ltr'>τῶν</span> <span class='ocrx_word' id='word_1_356' title='bbox 2715 2602 3058 2682; x_wconf 79' lang='grc' dir='ltr'>τραχυτέρων</span> <span class='ocrx_word' id='word_1_357' title='bbox 3123 2601 3293 2660; x_wconf 73' lang='grc' dir='ltr'>ὃστῶν</span> <span class='ocrx_word' id='word_1_358' title='bbox 3364 2601 3776 2680; x_wconf 82' lang='grc' dir='ltr'>ἀποσχόμενοι,</span> 
     </span>
    </p>
   </div>
   <div class='ocr_carea' id='block_1_54' title="bbox 387 2687 2034 2773">
    <p class='ocr_par' dir='ltr' id='par_1_54' title="bbox 387 2687 2034 2770">
     <span class='ocr_line' id='line_1_54' title="bbox 387 2687 2034 2770; baseline -0.001 -15"><span class='ocrx_word' id='word_1_359' title='bbox 387 2691 786 2770; x_wconf 80' lang='lat' dir='ltr'><strong>abstinentes,</strong></span> <span class='ocrx_word' id='word_1_360' title='bbox 819 2689 950 2767; x_wconf 89' lang='lat' dir='ltr'><strong>ejus</strong></span> <span class='ocrx_word' id='word_1_361' title='bbox 997 2705 1206 2751; x_wconf 89' lang='lat' dir='ltr'><strong>revera</strong></span> <span class='ocrx_word' id='word_1_362' title='bbox 1234 2687 1497 2768; x_wconf 88' lang='lat' dir='ltr'><strong>impletis</strong></span> <span class='ocrx_word' id='word_1_363' title='bbox 1526 2688 1697 2765; x_wconf 88' lang='lat' dir='ltr'><strong>votis,</strong></span> <span class='ocrx_word' id='word_1_364' title='bbox 1737 2704 1796 2752; x_wconf 88' lang='lat' dir='ltr'><strong>ut</strong></span> <span class='ocrx_word' id='word_1_365' title='bbox 1829 2690 2034 2752; x_wconf 79' lang='lat' dir='ltr'><strong>bestiae</strong></span> 
     </span>
    </p>
   </div>
   <div class='ocr_carea' id='block_1_55' title="bbox 2124 2687 3775 2773">
    <p class='ocr_par' dir='ltr' id='par_1_55' title="bbox 2124 2689 3775 2773">
     <span class='ocr_line' id='line_1_55' title="bbox 2124 2689 3775 2773; baseline -0.001 -25"><span class='ocrx_word' id='word_1_366' title='bbox 2124 2692 2256 2772; x_wconf 76' lang='grc' dir='ltr'>ἔργῳ</span> <span class='ocrx_word' id='word_1_367' title='bbox 2303 2696 2401 2762; x_wconf 79' lang='grc' dir='ltr'><strong>τῆς</strong></span> <span class='ocrx_word' id='word_1_368' title='bbox 2447 2693 2618 2773; x_wconf 81' lang='grc' dir='ltr'>εὗχῆς</span> <span class='ocrx_word' id='word_1_369' title='bbox 2646 2698 2724 2766; x_wconf 83' lang='grc' dir='ltr'>τῷ</span> <span class='ocrx_word' id='word_1_370' title='bbox 2774 2690 2916 2767; x_wconf 79' lang='grc' dir='ltr'>ἀνδρὶ</span> <span class='ocrx_word' id='word_1_371' title='bbox 2959 2691 3356 2770; x_wconf 79' lang='grc' dir='ltr'>πλῆρωθείσης,</span> <span class='ocrx_word' id='word_1_372' title='bbox 3403 2689 3540 2746; x_wconf 77' lang='grc' dir='ltr'>ὥστε</span> <span class='ocrx_word' id='word_1_373' title='bbox 3603 2690 3775 2770; x_wconf 68' lang='grc' dir='ltr'>τάφον</span> 
     </span>
    </p>
   </div>
   <div class='ocr_carea' id='block_1_56' title="bbox 387 2776 2034 2861">
    <p class='ocr_par' dir='ltr' id='par_1_56' title="bbox 387 2777 2034 2861">
     <span class='ocr_line' id='line_1_56' title="bbox 387 2777 2034 2861; baseline -0.002 -15"><span class='ocrx_word' id='word_1_374' title='bbox 387 2790 592 2846; x_wconf 86' lang='lat' dir='ltr'><strong>essent</strong></span> <span class='ocrx_word' id='word_1_375' title='bbox 636 2782 767 2858; x_wconf 90' lang='lat' dir='ltr'><strong>ejus</strong></span> <span class='ocrx_word' id='word_1_376' title='bbox 817 2777 1164 2859; x_wconf 85' lang='lat' dir='ltr'><strong>sepulcrum</strong></span> <span class='ocrx_word' id='word_1_377' title='bbox 1217 2789 1280 2842; x_wconf 91' lang='lat' dir='ltr'><strong>et</strong></span> <span class='ocrx_word' id='word_1_378' title='bbox 1330 2778 1481 2841; x_wconf 89' lang='lat' dir='ltr'><strong>nihil</strong></span> <span class='ocrx_word' id='word_1_379' title='bbox 1523 2779 1824 2861; x_wconf 90' lang='lat' dir='ltr'><strong>reliquum</strong></span> <span class='ocrx_word' id='word_1_380' title='bbox 1877 2789 2034 2843; x_wconf 82' lang='lat' dir='ltr'><strong>esset</strong></span> 
     </span>
    </p>
   </div>
   <div class='ocr_carea' id='block_1_57' title="bbox 2124 2776 3776 2861">
    <p class='ocr_par' dir='ltr' id='par_1_57' title="bbox 2124 2776 3776 2860">
     <span class='ocr_line' id='line_1_57' title="bbox 2124 2776 3776 2860; baseline -0.001 -24"><span class='ocrx_word' id='word_1_381' title='bbox 2124 2782 2260 2855; x_wconf 78' lang='grc' dir='ltr'>αὐτῷ</span> <span class='ocrx_word' id='word_1_382' title='bbox 2317 2781 2381 2841; x_wconf 74' lang='grc' dir='ltr'>τὰ</span> <span class='ocrx_word' id='word_1_383' title='bbox 2415 2782 2572 2860; x_wconf 82' lang='grc' dir='ltr'>θηρία</span> <span class='ocrx_word' id='word_1_384' title='bbox 2612 2778 2854 2858; x_wconf 85' lang='grc' dir='ltr'>γενέσθαι</span> <span class='ocrx_word' id='word_1_385' title='bbox 2912 2780 3001 2836; x_wconf 77' lang='grc' dir='ltr'><strong>καὶ</strong></span> <span class='ocrx_word' id='word_1_386' title='bbox 3032 2776 3200 2854; x_wconf 80' lang='grc' dir='ltr'>μηδὲν</span> <span class='ocrx_word' id='word_1_387' title='bbox 3249 2777 3642 2858; x_wconf 72' lang='grc' dir='ltr'>ὕπολείφθῆναι</span> <span class='ocrx_word' id='word_1_388' title='bbox 3674 2787 3776 2835; x_wconf 76' lang='grc' dir='ltr'>τοῦ</span> 
     </span>
    </p>
   </div>
   <div class='ocr_carea' id='block_1_58' title="bbox 386 2865 2034 2952">
    <p class='ocr_par' dir='ltr' id='par_1_58' title="bbox 386 2865 2032 2951">
     <span class='ocr_line' id='line_1_58' title="bbox 386 2865 2032 2951; baseline -0.001 -19"><span class='ocrx_word' id='word_1_389' title='bbox 386 2869 518 2951; x_wconf 90' lang='lat' dir='ltr'><strong>ejus</strong></span> <span class='ocrx_word' id='word_1_390' title='bbox 565 2868 882 2949; x_wconf 87' lang='lat' dir='ltr'><strong>corporis:</strong></span> <span class='ocrx_word' id='word_1_391' title='bbox 919 2874 1123 2946; x_wconf 90' lang='lat' dir='ltr'><strong>utpote</strong></span> <span class='ocrx_word' id='word_1_392' title='bbox 1172 2866 1328 2946; x_wconf 92' lang='lat' dir='ltr'><strong>quod</strong></span> <span class='ocrx_word' id='word_1_393' title='bbox 1377 2865 1538 2929; x_wconf 77' lang='lat' dir='ltr'><strong>Deus</strong></span> <span class='ocrx_word' id='word_1_394' title='bbox 1572 2869 1760 2948; x_wconf 88' lang='lat' dir='ltr'><strong>pluris</strong></span> <span class='ocrx_word' id='word_1_395' title='bbox 1808 2867 2032 2932; x_wconf 80' lang='lat' dir='ltr'><strong>faceret</strong></span> 
     </span>
    </p>
   </div>
   <div class='ocr_carea' id='block_1_59' title="bbox 2124 2865 3771 2952">
    <p class='ocr_par' dir='ltr' id='par_1_59' title="bbox 2124 2867 3771 2952">
     <span class='ocr_line' id='line_1_59' title="bbox 2124 2867 3771 2952; baseline -0.003 -26"><span class='ocrx_word' id='word_1_396' title='bbox 2124 2871 2389 2952; x_wconf 69' lang='grc' dir='ltr'>πώματος,</span> <span class='ocrx_word' id='word_1_397' title='bbox 2425 2871 2583 2928; x_wconf 81' lang='grc' dir='ltr'>οἱονεὶ</span> <span class='ocrx_word' id='word_1_398' title='bbox 2633 2871 2752 2948; x_wconf 83' lang='grc' dir='ltr'>περὶ</span> <span class='ocrx_word' id='word_1_399' title='bbox 2794 2868 3036 2930; x_wconf 80' lang='grc' dir='ltr'>πλείονος</span> <span class='ocrx_word' id='word_1_400' title='bbox 3068 2876 3158 2926; x_wconf 79' lang='grc' dir='ltr'>τοῦ</span> <span class='ocrx_word' id='word_1_401' title='bbox 3204 2875 3334 2927; x_wconf 84' lang='grc' dir='ltr'>Θεοῦ</span> <span class='ocrx_word' id='word_1_402' title='bbox 3391 2867 3619 2943; x_wconf 80' lang='grc' dir='ltr'>θεμένου</span> <span class='ocrx_word' id='word_1_403' title='bbox 3667 2867 3771 2934; x_wconf 70' lang='grc' dir='ltr'>τὴν</span> 
     </span>
    </p>
   </div>
   <div class='ocr_carea' id='block_1_60' title="bbox 379 2955 2034 3040">
    <p class='ocr_par' dir='ltr' id='par_1_60' title="bbox 379 2955 2026 3039">
     <span class='ocr_line' id='line_1_60' title="bbox 379 2955 2026 3039; baseline -0.001 -19"><span class='ocrx_word' id='word_1_404' title='bbox 379 2958 585 3022; x_wconf 80' lang='lat' dir='ltr'><strong>famuli</strong></span> <span class='ocrx_word' id='word_1_405' title='bbox 616 2973 828 3039; x_wconf 89' lang='lat' dir='ltr'><strong>preces</strong></span> <span class='ocrx_word' id='word_1_406' title='bbox 865 2961 924 3016; x_wconf 91' lang='lat' dir='ltr'><strong>et</strong></span> <span class='ocrx_word' id='word_1_407' title='bbox 951 2972 1222 3017; x_wconf 90' lang='lat' dir='ltr'><strong>amorem</strong></span> <span class='ocrx_word' id='word_1_408' title='bbox 1253 2955 1414 3019; x_wconf 88' lang='lat' dir='ltr'><strong>ferre</strong></span> <span class='ocrx_word' id='word_1_409' title='bbox 1465 2975 1653 3038; x_wconf 89' lang='lat' dir='ltr'><strong>usque</strong></span> <span class='ocrx_word' id='word_1_410' title='bbox 1701 2956 1775 3018; x_wconf 84' lang='lat' dir='ltr'><strong>ad</strong></span> <span class='ocrx_word' id='word_1_411' title='bbox 1820 2957 2026 3032; x_wconf 81' lang='lat' dir='ltr'><strong>tinem,</strong></span> 
     </span>
    </p>
   </div>
   <div class='ocr_carea' id='block_1_61' title="bbox 2124 2955 3770 3040">
    <p class='ocr_par' dir='ltr' id='par_1_61' title="bbox 2124 2958 3770 3040">
     <span class='ocr_line' id='line_1_61' title="bbox 2124 2958 3770 3040; baseline -0.002 -23"><span class='ocrx_word' id='word_1_412' title='bbox 2124 2960 2286 3040; x_wconf 73' lang='grc' dir='ltr'>εὐχὴν</span> <span class='ocrx_word' id='word_1_413' title='bbox 2336 2962 2424 3018; x_wconf 67' lang='grc' dir='ltr'>καὶ</span> <span class='ocrx_word' id='word_1_414' title='bbox 2479 2961 2573 3016; x_wconf 87' lang='grc' dir='ltr'><strong>τὸν</strong></span> <span class='ocrx_word' id='word_1_415' title='bbox 2629 2959 2801 3032; x_wconf 80' lang='grc' dir='ltr'>ἓρωτα</span> <span class='ocrx_word' id='word_1_416' title='bbox 2842 2965 2936 3016; x_wconf 78' lang='grc' dir='ltr'>τοῦ</span> <span class='ocrx_word' id='word_1_417' title='bbox 2993 2959 3318 3037; x_wconf 82' lang='grc' dir='ltr'>θεράποντος</span> <span class='ocrx_word' id='word_1_418' title='bbox 3381 2958 3630 3036; x_wconf 80' lang='grc' dir='ltr'>δνεγκεϊν</span> <span class='ocrx_word' id='word_1_419' title='bbox 3693 2959 3770 3020; x_wconf 80' lang='grc' dir='ltr'>εἰς</span> 
     </span>
    </p>
   </div>
   <div class='ocr_carea' id='block_1_62' title="bbox 382 3044 2034 3130">
    <p class='ocr_par' dir='ltr' id='par_1_62' title="bbox 382 3045 2030 3130">
     <span class='ocr_line' id='line_1_62' title="bbox 382 3045 2030 3130; baseline -0.001 -18"><span class='ocrx_word' id='word_1_420' title='bbox 382 3067 556 3130; x_wconf 86' lang='lat' dir='ltr'><strong>quam</strong></span> <span class='ocrx_word' id='word_1_421' title='bbox 610 3047 874 3119; x_wconf 87' lang='lat' dir='ltr'><strong>efﬁcere,</strong></span> <span class='ocrx_word' id='word_1_422' title='bbox 909 3051 976 3105; x_wconf 93' lang='lat' dir='ltr'><strong>ut</strong></span> <span class='ocrx_word' id='word_1_423' title='bbox 1004 3062 1124 3106; x_wconf 92' lang='lat' dir='ltr'><strong>non</strong></span> <span class='ocrx_word' id='word_1_424' title='bbox 1168 3052 1518 3122; x_wconf 76' lang='lat' dir='ltr'><strong>tangeretur</strong></span> <span class='ocrx_word' id='word_1_425' title='bbox 1547 3064 1582 3107; x_wconf 90' lang='lat' dir='ltr'><strong>a</strong></span> <span class='ocrx_word' id='word_1_426' title='bbox 1633 3045 1932 3122; x_wconf 86' lang='lat' dir='ltr'><strong>leonibus,</strong></span> <span class='ocrx_word' id='word_1_427' title='bbox 1967 3056 2030 3110; x_wconf 90' lang='lat' dir='ltr'><strong>ut</strong></span> 
     </span>
    </p>
   </div>
   <div class='ocr_carea' id='block_1_63' title="bbox 2124 3044 3767 3130">
    <p class='ocr_par' dir='ltr' id='par_1_63' title="bbox 2124 3044 3767 3128">
     <span class='ocr_line' id='line_1_63' title="bbox 2124 3044 3767 3128; baseline -0.003 -20"><span class='ocrx_word' id='word_1_428' title='bbox 2124 3049 2274 3128; x_wconf 76' lang='grc' dir='ltr'>πέρας</span> <span class='ocrx_word' id='word_1_429' title='bbox 2331 3050 2367 3118; x_wconf 71' lang='grc' dir='ltr'>ἢ</span> <span class='ocrx_word' id='word_1_430' title='bbox 2397 3055 2472 3124; x_wconf 86' lang='grc' dir='ltr'>τῷ</span> <span class='ocrx_word' id='word_1_431' title='bbox 2531 3049 2802 3124; x_wconf 72' lang='grc' dir='ltr'>ἄψαυστον</span> <span class='ocrx_word' id='word_1_432' title='bbox 2834 3050 2991 3106; x_wconf 77' lang='grc' dir='ltr'>αὐτὸν</span> <span class='ocrx_word' id='word_1_433' title='bbox 3048 3061 3167 3114; x_wconf 78' lang='grc' dir='ltr'>τοῖς</span> <span class='ocrx_word' id='word_1_434' title='bbox 3197 3047 3407 3107; x_wconf 79' lang='grc' dir='ltr'>λέουσιν</span> <span class='ocrx_word' id='word_1_435' title='bbox 3459 3044 3767 3127; x_wconf 77' lang='grc' dir='ltr'>ἀποδεῖξαι,</span> 
     </span>
    </p>
   </div>
   <div class='ocr_carea' id='block_1_64' title="bbox 379 3131 2034 3233">
    <p class='ocr_par' dir='ltr' id='par_1_64' title="bbox 379 3131 1376 3212">
     <span class='ocr_line' id='line_1_64' title="bbox 379 3131 1376 3212; baseline -0.003 -12"><span class='ocrx_word' id='word_1_436' title='bbox 379 3155 489 3200; x_wconf 84' lang='lat' dir='ltr'><strong>suo</strong></span> <span class='ocrx_word' id='word_1_437' title='bbox 520 3135 746 3198; x_wconf 86' lang='lat' dir='ltr'><strong>nomini</strong></span> <span class='ocrx_word' id='word_1_438' title='bbox 774 3131 1066 3194; x_wconf 87' lang='lat' dir='ltr'><strong>tribueret</strong></span> <span class='ocrx_word' id='word_1_439' title='bbox 1101 3132 1376 3212; x_wconf 83' lang='lat' dir='ltr'><strong>gloriam.</strong></span> 
     </span>
    </p>
   </div>
   <div class='ocr_carea' id='block_1_65' title="bbox 2124 3131 3183 3233">
    <p class='ocr_par' dir='ltr' id='par_1_65' title="bbox 2124 3137 3183 3233">
     <span class='ocr_line' id='line_1_65' title="bbox 2124 3137 3183 3233; baseline -0.003 -37"><span class='ocrx_word' id='word_1_440' title='bbox 2124 3147 2187 3215; x_wconf 74' lang='grc' dir='ltr'><strong>τῷ</strong></span> <span class='ocrx_word' id='word_1_441' title='bbox 2217 3140 2395 3233; x_wconf 60' lang='grc' dir='ltr'>οίκείιρ</span> <span class='ocrx_word' id='word_1_442' title='bbox 2423 3139 2646 3214; x_wconf 80' lang='grc' dir='ltr'>ὀνόματι</span> <span class='ocrx_word' id='word_1_443' title='bbox 2676 3137 3183 3233; x_wconf 49' lang='grc' dir='ltr'>περιθεῖναι-δόξαν.</span> 
     </span>
    </p>
   </div>
   <div class='ocr_carea' id='block_1_66' title="bbox 462 3222 2034 3303">
    <p class='ocr_par' dir='ltr' id='par_1_66' title="bbox 462 3222 2025 3302">
     <span class='ocr_line' id='line_1_66' title="bbox 462 3222 2025 3302; baseline 0 -14"><span class='ocrx_word' id='word_1_444' title='bbox 462 3224 617 3289; x_wconf 84' lang='lat' dir='ltr'><strong>XVI.</strong></span> <span class='ocrx_word' id='word_1_445' title='bbox 649 3223 969 3302; x_wconf 87' lang='lat' dir='ltr'><strong>Postquam</strong></span> <span class='ocrx_word' id='word_1_446' title='bbox 1001 3230 1201 3283; x_wconf 90' lang='lat' dir='ltr'><strong>autem</strong></span> <span class='ocrx_word' id='word_1_447' title='bbox 1241 3222 1367 3284; x_wconf 68' lang='lat' dir='ltr'><strong>haec</strong></span> <span class='ocrx_word' id='word_1_448' title='bbox 1400 3233 1728 3287; x_wconf 86' lang='lat' dir='ltr'><strong>evenerunt</strong></span> <span class='ocrx_word' id='word_1_449' title='bbox 1757 3234 1816 3288; x_wconf 89' lang='lat' dir='ltr'><strong>et</strong></span> <span class='ocrx_word' id='word_1_450' title='bbox 1846 3225 2025 3288; x_wconf 91' lang='lat' dir='ltr'><strong>ﬁnem</strong></span> 
     </span>
    </p>
   </div>
   <div class='ocr_carea' id='block_1_67' title="bbox 2124 3222 3765 3303">
    <p class='ocr_par' dir='ltr' id='par_1_67' title="bbox 2193 3223 3765 3303">
     <span class='ocr_line' id='line_1_67' title="bbox 2193 3223 3765 3303; baseline -0.001 -18"><span class='ocrx_word' id='word_1_451' title='bbox 2193 3227 2318 3303; x_wconf 79' lang='grc' dir='ltr'>ις’.</span> <span class='ocrx_word' id='word_1_452' title='bbox 2380 3226 2530 3286; x_wconf 84' lang='grc' dir='ltr'>Ἐπεὶ</span> <span class='ocrx_word' id='word_1_453' title='bbox 2578 3229 2667 3284; x_wconf 88' lang='grc' dir='ltr'><strong>καὶ</strong></span> <span class='ocrx_word' id='word_1_454' title='bbox 2721 3236 2886 3286; x_wconf 80' lang='grc' dir='ltr'>ταῦτα</span> <span class='ocrx_word' id='word_1_455' title='bbox 2943 3224 3098 3295; x_wconf 74' lang='grc' dir='ltr'>ἐξέϐη</span> <span class='ocrx_word' id='word_1_456' title='bbox 3151 3225 3424 3292; x_wconf 71' lang='grc' dir='ltr'>καῖτέλος</span> <span class='ocrx_word' id='word_1_457' title='bbox 3469 3223 3680 3300; x_wconf 75' lang='grc' dir='ltr'>ἔλαϐεν,</span> <span class='ocrx_word' id='word_1_458' title='bbox 3714 3231 3765 3284; x_wconf 71' lang='grc' dir='ltr'>οἱ</span> 
     </span>
    </p>
   </div>
   <div class='ocr_carea' id='block_1_68' title="bbox 381 3309 2034 3398">
    <p class='ocr_par' dir='ltr' id='par_1_68' title="bbox 381 3309 2027 3398">
     <span class='ocr_line' id='line_1_68' title="bbox 381 3309 2027 3398; baseline -0.002 -17"><span class='ocrx_word' id='word_1_459' title='bbox 381 3322 771 3398; x_wconf 84' lang='lat' dir='ltr'><strong>acceperunt,</strong></span> <span class='ocrx_word' id='word_1_460' title='bbox 798 3311 900 3393; x_wconf 91' lang='lat' dir='ltr'><strong>qui</strong></span> <span class='ocrx_word' id='word_1_461' title='bbox 933 3309 1139 3374; x_wconf 73' lang='lat' dir='ltr'><strong>Romae</strong></span> <span class='ocrx_word' id='word_1_462' title='bbox 1159 3321 1330 3374; x_wconf 87' lang='lat' dir='ltr'><strong>erant</strong></span> <span class='ocrx_word' id='word_1_463' title='bbox 1370 3311 1602 3388; x_wconf 89' lang='lat' dir='ltr'><strong>ﬁdeles,</strong></span> <span class='ocrx_word' id='word_1_464' title='bbox 1631 3313 1704 3376; x_wconf 86' lang='lat' dir='ltr'><strong>ad</strong></span> <span class='ocrx_word' id='word_1_465' title='bbox 1737 3333 1886 3396; x_wconf 88' lang='lat' dir='ltr'><strong>quos</strong></span> <span class='ocrx_word' id='word_1_466' title='bbox 1916 3316 2027 3378; x_wconf 81' lang='lat' dir='ltr'><strong>atl-</strong></span> 
     </span>
    </p>
   </div>
   <div class='ocr_carea' id='block_1_69' title="bbox 2124 3309 3762 3398">
    <p class='ocr_par' dir='ltr' id='par_1_69' title="bbox 2124 3309 3762 3397">
     <span class='ocr_line' id='line_1_69' title="bbox 2124 3309 3762 3397; baseline -0.003 -22"><span class='ocrx_word' id='word_1_467' title='bbox 2124 3319 2249 3386; x_wconf 79' lang='grc' dir='ltr'>ιατὴ</span> <span class='ocrx_word' id='word_1_468' title='bbox 2304 3317 2404 3386; x_wconf 75' lang='grc' dir='ltr'>τῆν</span> <span class='ocrx_word' id='word_1_469' title='bbox 2437 3309 2651 3393; x_wconf 77' lang='grc' dir='ltr'>Ῥώμην</span> <span class='ocrx_word' id='word_1_470' title='bbox 2700 3318 2903 3397; x_wconf 70' lang='grc' dir='ltr'>πιστοὶ,</span> <span class='ocrx_word' id='word_1_471' title='bbox 2949 3316 3038 3378; x_wconf 77' lang='grc' dir='ltr'>οἷς</span> <span class='ocrx_word' id='word_1_472' title='bbox 3083 3316 3181 3374; x_wconf 79' lang='grc' dir='ltr'>καῖ</span> <span class='ocrx_word' id='word_1_473' title='bbox 3209 3322 3314 3387; x_wconf 82' lang='grc' dir='ltr'>ζῶν</span> <span class='ocrx_word' id='word_1_474' title='bbox 3363 3314 3441 3372; x_wconf 72' lang='grc' dir='ltr'>ἔτι</span> <span class='ocrx_word' id='word_1_475' title='bbox 3472 3317 3502 3372; x_wconf 81' lang='grc' dir='ltr'>ὁ</span> <span class='ocrx_word' id='word_1_476' title='bbox 3548 3317 3762 3394; x_wconf 59' lang='grc' dir='ltr'>Θεοορό-</span> 
     </span>
    </p>
   </div>
   <div class='ocr_carea' id='block_1_70' title="bbox 377 3398 2034 3487">
    <p class='ocr_par' dir='ltr' id='par_1_70' title="bbox 377 3398 2025 3487">
     <span class='ocr_line' id='line_1_70' title="bbox 377 3398 2025 3487; baseline -0.001 -18"><span class='ocrx_word' id='word_1_477' title='bbox 377 3407 495 3469; x_wconf 89' lang='lat' dir='ltr'><strong>huc</strong></span> <span class='ocrx_word' id='word_1_478' title='bbox 528 3404 752 3479; x_wconf 88' lang='lat' dir='ltr'><strong>vivens,</strong></span> <span class='ocrx_word' id='word_1_479' title='bbox 778 3400 1017 3464; x_wconf 91' lang='lat' dir='ltr'><strong>divinus</strong></span> <span class='ocrx_word' id='word_1_480' title='bbox 1050 3398 1376 3481; x_wconf 83' lang='lat' dir='ltr'><strong>scripserat</strong></span> <span class='ocrx_word' id='word_1_481' title='bbox 1399 3401 1679 3481; x_wconf 75' lang='lat' dir='ltr'><strong>lgnatius,</strong></span> <span class='ocrx_word' id='word_1_482' title='bbox 1717 3413 2025 3487; x_wconf 85' lang='lat' dir='ltr'><strong>postquam</strong></span> 
     </span>
    </p>
   </div>
   <div class='ocr_carea' id='block_1_71' title="bbox 2124 3398 3761 3487">
    <p class='ocr_par' dir='ltr' id='par_1_71' title="bbox 2124 3405 3761 3483">
     <span class='ocr_line' id='line_1_71' title="bbox 2124 3405 3761 3483; baseline -0.003 -18"><span class='ocrx_word' id='word_1_483' title='bbox 2124 3430 2199 3472; x_wconf 73' lang='lat'><strong>&gt;0;</strong></span> <span class='ocrx_word' id='word_1_484' title='bbox 2243 3406 2541 3481; x_wconf 78' lang='grc' dir='ltr'>ἐπέστειλε,</span> <span class='ocrx_word' id='word_1_485' title='bbox 2575 3405 2711 3483; x_wconf 85' lang='grc' dir='ltr'><strong>μετᾶ</strong></span> <span class='ocrx_word' id='word_1_486' title='bbox 2767 3409 2828 3464; x_wconf 79' lang='grc' dir='ltr'>τὸ</span> <span class='ocrx_word' id='word_1_487' title='bbox 2875 3405 3184 3473; x_wconf 73' lang='grc' dir='ltr'>διαλυθῆναι</span> <span class='ocrx_word' id='word_1_488' title='bbox 3240 3407 3303 3462; x_wconf 79' lang='grc' dir='ltr'>τὸ</span> <span class='ocrx_word' id='word_1_489' title='bbox 3357 3406 3575 3483; x_wconf 83' lang='grc' dir='ltr'>θέατρον</span> <span class='ocrx_word' id='word_1_490' title='bbox 3629 3429 3761 3462; x_wconf 87' lang='grc' dir='ltr'>συν-</span> 
     </span>
    </p>
   </div>
   <div class='ocr_carea' id='block_1_72' title="bbox 380 3490 2034 3576">
    <p class='ocr_par' dir='ltr' id='par_1_72' title="bbox 380 3490 2030 3569">
     <span class='ocr_line' id='line_1_72' title="bbox 380 3490 2030 3569; baseline -0.001 -10"><span class='ocrx_word' id='word_1_491' title='bbox 380 3495 693 3558; x_wconf 89' lang='lat' dir='ltr'><strong>dimissum</strong></span> <span class='ocrx_word' id='word_1_492' title='bbox 717 3493 908 3554; x_wconf 87' lang='lat' dir='ltr'><strong>fuerat</strong></span> <span class='ocrx_word' id='word_1_493' title='bbox 943 3490 1914 3569; x_wconf 87' lang='lat' dir='ltr'><strong>theathrum,convenientes,cum</strong></span> <span class='ocrx_word' id='word_1_494' title='bbox 1937 3515 2030 3558; x_wconf 88' lang='lat' dir='ltr'><strong>os-</strong></span> 
     </span>
    </p>
   </div>
   <div class='ocr_carea' id='block_1_73' title="bbox 2124 3490 3759 3576">
    <p class='ocr_par' dir='ltr' id='par_1_73' title="bbox 2124 3493 3759 3576">
     <span class='ocr_line' id='line_1_73' title="bbox 2124 3493 3759 3576; baseline -0.002 -21"><span class='ocrx_word' id='word_1_495' title='bbox 2124 3498 2351 3564; x_wconf 75' lang='grc' dir='ltr'>ελθόντες</span> <span class='ocrx_word' id='word_1_496' title='bbox 2409 3498 2499 3554; x_wconf 80' lang='grc' dir='ltr'><strong>καὶ</strong></span> <span class='ocrx_word' id='word_1_497' title='bbox 2542 3499 2607 3554; x_wconf 76' lang='grc' dir='ltr'>τὰ</span> <span class='ocrx_word' id='word_1_498' title='bbox 2663 3497 2798 3574; x_wconf 77' lang='grc' dir='ltr'>ὀστῇ</span> <span class='ocrx_word' id='word_1_499' title='bbox 2853 3496 3142 3560; x_wconf 85' lang='grc' dir='ltr'>ποθούσαις</span> <span class='ocrx_word' id='word_1_500' title='bbox 3197 3496 3384 3576; x_wconf 86' lang='grc' dir='ltr'>χερσὶν</span> <span class='ocrx_word' id='word_1_501' title='bbox 3441 3493 3759 3570; x_wconf 80' lang='grc' dir='ltr'>ἀνελόμενοι</span> 
     </span>
    </p>
   </div>
   <div class='ocr_carea' id='block_1_74' title="bbox 375 3580 2034 3666">
    <p class='ocr_par' dir='ltr' id='par_1_74' title="bbox 375 3580 2026 3666">
     <span class='ocr_line' id='line_1_74' title="bbox 375 3580 2026 3666; baseline 0 -18"><span class='ocrx_word' id='word_1_502' title='bbox 375 3585 530 3665; x_wconf 90' lang='lat' dir='ltr'><strong>sa,id</strong></span> <span class='ocrx_word' id='word_1_503' title='bbox 556 3582 936 3666; x_wconf 89' lang='lat' dir='ltr'><strong>cupientibus</strong></span> <span class='ocrx_word' id='word_1_504' title='bbox 964 3580 1674 3660; x_wconf 86' lang='lat' dir='ltr'><strong>manibus,sustulissent,</strong></span> <span class='ocrx_word' id='word_1_505' title='bbox 1705 3593 1762 3646; x_wconf 90' lang='lat' dir='ltr'><strong>et</strong></span> <span class='ocrx_word' id='word_1_506' title='bbox 1786 3585 2026 3648; x_wconf 88' lang='lat' dir='ltr'><strong>honori-</strong></span> 
     </span>
    </p>
   </div>
   <div class='ocr_carea' id='block_1_75' title="bbox 2124 3580 3758 3666">
    <p class='ocr_par' dir='ltr' id='par_1_75' title="bbox 2124 3583 3758 3663">
     <span class='ocr_line' id='line_1_75' title="bbox 2124 3583 3758 3663; baseline -0.004 -17"><span class='ocrx_word' id='word_1_507' title='bbox 2124 3590 2195 3646; x_wconf 82' lang='grc' dir='ltr'>ιαὶ</span> <span class='ocrx_word' id='word_1_508' title='bbox 2243 3586 2533 3650; x_wconf 80' lang='grc' dir='ltr'>σεϐαστίως</span> <span class='ocrx_word' id='word_1_509' title='bbox 2579 3585 2712 3643; x_wconf 76' lang='grc' dir='ltr'><strong>αὒτά</strong></span> <span class='ocrx_word' id='word_1_510' title='bbox 2746 3584 3196 3663; x_wconf 85' lang='grc' dir='ltr'>περιστείλαντες,</span> <span class='ocrx_word' id='word_1_511' title='bbox 3235 3584 3335 3650; x_wconf 75' lang='grc' dir='ltr'><strong>ἔξω</strong></span> <span class='ocrx_word' id='word_1_512' title='bbox 3377 3585 3478 3650; x_wconf 78' lang='grc' dir='ltr'>τῆς</span> <span class='ocrx_word' id='word_1_513' title='bbox 3541 3583 3758 3650; x_wconf 72' lang='grc' dir='ltr'>πόλεως</span> 
     </span>
    </p>
   </div>
   <div class='ocr_carea' id='block_1_76' title="bbox 375 3670 2034 3755">
    <p class='ocr_par' dir='ltr' id='par_1_76' title="bbox 375 3671 2024 3755">
     <span class='ocr_line' id='line_1_76' title="bbox 375 3671 2024 3755; baseline 0 -17"><span class='ocrx_word' id='word_1_514' title='bbox 375 3677 488 3738; x_wconf 90' lang='lat' dir='ltr'><strong>ﬁce</strong></span> <span class='ocrx_word' id='word_1_515' title='bbox 510 3693 578 3738; x_wconf 89' lang='lat' dir='ltr'><strong>ac</strong></span> <span class='ocrx_word' id='word_1_516' title='bbox 609 3681 958 3736; x_wconf 89' lang='lat' dir='ltr'><strong>reverenter</strong></span> <span class='ocrx_word' id='word_1_517' title='bbox 980 3671 1488 3752; x_wconf 87' lang='lat' dir='ltr'><strong>composuissent,</strong></span> <span class='ocrx_word' id='word_1_518' title='bbox 1523 3692 1594 3736; x_wconf 89' lang='lat' dir='ltr'><strong>ea</strong></span> <span class='ocrx_word' id='word_1_519' title='bbox 1615 3675 2024 3755; x_wconf 89' lang='lat' dir='ltr'><strong>deposuerunt</strong></span> 
     </span>
    </p>
   </div>
   <div class='ocr_carea' id='block_1_77' title="bbox 2124 3670 3754 3755">
    <p class='ocr_par' dir='ltr' id='par_1_77' title="bbox 2124 3670 3754 3752">
     <span class='ocr_line' id='line_1_77' title="bbox 2124 3670 3754 3752; baseline -0.002 -20"><span class='ocrx_word' id='word_1_520' title='bbox 2124 3701 2158 3732; x_wconf 72' lang='grc' dir='ltr'><strong>ιν</strong></span> <span class='ocrx_word' id='word_1_521' title='bbox 2206 3677 2459 3752; x_wconf 76' lang='grc' dir='ltr'>ἐπισήμῳ</span> <span class='ocrx_word' id='word_1_522' title='bbox 2488 3675 2769 3732; x_wconf 73' lang='grc' dir='ltr'>κατέθεντο</span> <span class='ocrx_word' id='word_1_523' title='bbox 2800 3676 2970 3748; x_wconf 86' lang='grc' dir='ltr'>τόπῳ,</span> <span class='ocrx_word' id='word_1_524' title='bbox 3006 3670 3189 3730; x_wconf 73' lang='grc' dir='ltr'>εἰκάδα</span> <span class='ocrx_word' id='word_1_525' title='bbox 3231 3672 3354 3729; x_wconf 85' lang='grc' dir='ltr'>τότε</span> <span class='ocrx_word' id='word_1_526' title='bbox 3385 3679 3476 3729; x_wconf 81' lang='grc' dir='ltr'>τοῦ</span> <span class='ocrx_word' id='word_1_527' title='bbox 3538 3681 3754 3749; x_wconf 89' lang='grc' dir='ltr'>Δεκεμ-</span> 
     </span>
    </p>
   </div>
   <div class='ocr_carea' id='block_1_78' title="bbox 371 3759 2034 3844">
    <p class='ocr_par' dir='ltr' id='par_1_78' title="bbox 371 3759 2021 3844">
     <span class='ocr_line' id='line_1_78' title="bbox 371 3759 2021 3844; baseline -0.001 -16"><span class='ocrx_word' id='word_1_528' title='bbox 371 3767 435 3828; x_wconf 90' lang='lat' dir='ltr'><strong>in</strong></span> <span class='ocrx_word' id='word_1_529' title='bbox 461 3767 594 3830; x_wconf 92' lang='lat' dir='ltr'><strong>loco</strong></span> <span class='ocrx_word' id='word_1_530' title='bbox 626 3763 846 3844; x_wconf 82' lang='lat' dir='ltr'><strong>insigni</strong></span> <span class='ocrx_word' id='word_1_531' title='bbox 870 3771 1039 3825; x_wconf 81' lang='lat' dir='ltr'><strong>extra</strong></span> <span class='ocrx_word' id='word_1_532' title='bbox 1067 3759 1315 3836; x_wconf 88' lang='lat' dir='ltr'><strong>Urbem,</strong></span> <span class='ocrx_word' id='word_1_533' title='bbox 1343 3761 1628 3826; x_wconf 88' lang='lat' dir='ltr'><strong>vicesimo</strong></span> <span class='ocrx_word' id='word_1_534' title='bbox 1661 3766 1885 3827; x_wconf 90' lang='lat' dir='ltr'><strong>mensis</strong></span> <span class='ocrx_word' id='word_1_535' title='bbox 1907 3764 2021 3828; x_wconf 87' lang='lat' dir='ltr'><strong>De-</strong></span> 
     </span>
    </p>
   </div>
   <div class='ocr_carea' id='block_1_79' title="bbox 2124 3759 3756 3844">
    <p class='ocr_par' dir='ltr' id='par_1_79' title="bbox 2124 3759 3756 3842">
     <span class='ocr_line' id='line_1_79' title="bbox 2124 3759 3756 3842; baseline -0.003 -21"><span class='ocrx_word' id='word_1_536' title='bbox 2124 3765 2245 3841; x_wconf 78' lang='grc' dir='ltr'>ἶρίου</span> <span class='ocrx_word' id='word_1_537' title='bbox 2295 3767 2465 3841; x_wconf 86' lang='grc' dir='ltr'>μηνὸς</span> <span class='ocrx_word' id='word_1_538' title='bbox 2494 3763 2740 3842; x_wconf 72' lang='grc' dir='ltr'>ἄγοντος.</span> <span class='ocrx_word' id='word_1_539' title='bbox 2796 3763 2971 3822; x_wconf 74' lang='grc' dir='ltr'>Ταῦτα</span> <span class='ocrx_word' id='word_1_540' title='bbox 3024 3760 3078 3819; x_wconf 79' lang='grc' dir='ltr'><strong>δὲ</strong></span> <span class='ocrx_word' id='word_1_541' title='bbox 3138 3762 3224 3818; x_wconf 84' lang='grc' dir='ltr'><strong>καὶ</strong></span> <span class='ocrx_word' id='word_1_542' title='bbox 3267 3763 3341 3826; x_wconf 79' lang='grc' dir='ltr'>εἷς</span> <span class='ocrx_word' id='word_1_543' title='bbox 3400 3759 3756 3842; x_wconf 76' lang='grc' dir='ltr'>Ἀντιόχειαν</span> 
     </span>
    </p>
   </div>
   <div class='ocr_carea' id='block_1_80' title="bbox 371 3849 2034 3936">
    <p class='ocr_par' dir='ltr' id='par_1_80' title="bbox 371 3849 2016 3934">
     <span class='ocr_line' id='line_1_80' title="bbox 371 3849 2016 3934; baseline -0.002 -14"><span class='ocrx_word' id='word_1_544' title='bbox 371 3856 654 3920; x_wconf 90' lang='lat' dir='ltr'><strong>cembris.</strong></span> <span class='ocrx_word' id='word_1_545' title='bbox 705 3853 842 3916; x_wconf 87' lang='lat' dir='ltr'><strong>Haec</strong></span> <span class='ocrx_word' id='word_1_546' title='bbox 873 3859 1080 3932; x_wconf 85' lang='lat' dir='ltr'><strong>postea</strong></span> <span class='ocrx_word' id='word_1_547' title='bbox 1125 3849 1431 3932; x_wconf 90' lang='lat' dir='ltr'><strong>deportata</strong></span> <span class='ocrx_word' id='word_1_548' title='bbox 1482 3863 1620 3915; x_wconf 90' lang='lat' dir='ltr'><strong>sunt</strong></span> <span class='ocrx_word' id='word_1_549' title='bbox 1652 3853 1712 3916; x_wconf 89' lang='lat' dir='ltr'><strong>in</strong></span> <span class='ocrx_word' id='word_1_550' title='bbox 1765 3861 2016 3934; x_wconf 89' lang='lat' dir='ltr'><strong>patriam</strong></span> 
     </span>
    </p>
   </div>
   <div class='ocr_carea' id='block_1_81' title="bbox 2124 3849 3752 3936">
    <p class='ocr_par' dir='ltr' id='par_1_81' title="bbox 2124 3850 3752 3936">
     <span class='ocr_line' id='line_1_81' title="bbox 2124 3850 3752 3936; baseline -0.001 -28"><span class='ocrx_word' id='word_1_551' title='bbox 2124 3856 2340 3936; x_wconf 69' lang='grc' dir='ltr'>ἱστερον,</span> <span class='ocrx_word' id='word_1_552' title='bbox 2397 3855 2498 3922; x_wconf 66' lang='grc' dir='ltr'>τὴν</span> <span class='ocrx_word' id='word_1_553' title='bbox 2568 3854 2661 3912; x_wconf 73' lang='grc' dir='ltr'><strong>τοῦ</strong></span> <span class='ocrx_word' id='word_1_554' title='bbox 2743 3854 3005 3932; x_wconf 82' lang='grc' dir='ltr'>μάρτορος</span> <span class='ocrx_word' id='word_1_555' title='bbox 3085 3851 3411 3928; x_wconf 77' lang='grc' dir='ltr'>ἀνεκομίσθη</span> <span class='ocrx_word' id='word_1_556' title='bbox 3501 3850 3752 3930; x_wconf 75' lang='grc' dir='ltr'>πατρίδα,</span> 
     </span>
    </p>
   </div>
   <div class='ocr_carea' id='block_1_82' title="bbox 367 3939 2034 4027">
    <p class='ocr_par' dir='ltr' id='par_1_82' title="bbox 367 3941 2017 4027">
     <span class='ocr_line' id='line_1_82' title="bbox 367 3941 2017 4027; baseline -0.002 -18"><span class='ocrx_word' id='word_1_557' title='bbox 367 3946 642 4027; x_wconf 79' lang='lat' dir='ltr'><strong>martyris</strong></span> <span class='ocrx_word' id='word_1_558' title='bbox 678 3942 1098 4006; x_wconf 85' lang='lat' dir='ltr'><strong>Antiochiam:</strong></span> <span class='ocrx_word' id='word_1_559' title='bbox 1143 3949 1205 4003; x_wconf 91' lang='lat' dir='ltr'><strong>et</strong></span> <span class='ocrx_word' id='word_1_560' title='bbox 1235 3959 1370 4018; x_wconf 86' lang='lat' dir='ltr'><strong>quae</strong></span> <span class='ocrx_word' id='word_1_561' title='bbox 1399 3941 1780 4005; x_wconf 89' lang='lat' dir='ltr'><strong>intercedunt</strong></span> <span class='ocrx_word' id='word_1_562' title='bbox 1811 3944 2017 4006; x_wconf 86' lang='lat' dir='ltr'><strong>civita-</strong></span> 
     </span>
    </p>
   </div>
   <div class='ocr_carea' id='block_1_83' title="bbox 2124 3939 3752 4027">
    <p class='ocr_par' dir='ltr' id='par_1_83' title="bbox 2124 3939 3752 4020">
     <span class='ocr_line' id='line_1_83' title="bbox 2124 3939 3752 4020; baseline -0.003 -17"><span class='ocrx_word' id='word_1_563' title='bbox 2124 3947 2186 4003; x_wconf 73' lang='grc' dir='ltr'>ιαὶ</span> <span class='ocrx_word' id='word_1_564' title='bbox 2241 3943 2443 4011; x_wconf 82' lang='grc' dir='ltr'>διπλῆν</span> <span class='ocrx_word' id='word_1_565' title='bbox 2499 3944 2552 4000; x_wconf 78' lang='grc' dir='ltr'>αἱ</span> <span class='ocrx_word' id='word_1_566' title='bbox 2589 3942 2785 4020; x_wconf 78' lang='grc' dir='ltr'>μεταξὺ</span> <span class='ocrx_word' id='word_1_567' title='bbox 2842 3943 3026 4008; x_wconf 77' lang='grc' dir='ltr'>πόλεις</span> <span class='ocrx_word' id='word_1_568' title='bbox 3073 3943 3172 4011; x_wconf 72' lang='grc' dir='ltr'><strong>τὴν</strong></span> <span class='ocrx_word' id='word_1_569' title='bbox 3228 3940 3470 4019; x_wconf 72' lang='grc' dir='ltr'>εὐλογίαν</span> <span class='ocrx_word' id='word_1_570' title='bbox 3514 3939 3752 4020; x_wconf 75' lang='grc' dir='ltr'>ἐτρύγη-</span> 
     </span>
    </p>
   </div>
   <div class='ocr_carea' id='block_1_84' title="bbox 363 4029 2034 4116">
    <p class='ocr_par' dir='ltr' id='par_1_84' title="bbox 363 4029 2012 4116">
     <span class='ocr_line' id='line_1_84' title="bbox 363 4029 2012 4116; baseline -0.002 -17"><span class='ocrx_word' id='word_1_571' title='bbox 363 4046 478 4112; x_wconf 83' lang='lat' dir='ltr'><strong>tes,</strong></span> <span class='ocrx_word' id='word_1_572' title='bbox 513 4035 816 4116; x_wconf 90' lang='lat' dir='ltr'><strong>duplicem</strong></span> <span class='ocrx_word' id='word_1_573' title='bbox 850 4048 1147 4113; x_wconf 79' lang='lat' dir='ltr'><strong>accepere</strong></span> <span class='ocrx_word' id='word_1_574' title='bbox 1193 4029 1698 4108; x_wconf 89' lang='lat' dir='ltr'><strong>benedictionem,</strong></span> <span class='ocrx_word' id='word_1_575' title='bbox 1733 4041 1792 4095; x_wconf 92' lang='lat' dir='ltr'><strong>et</strong></span> <span class='ocrx_word' id='word_1_576' title='bbox 1823 4035 2012 4116; x_wconf 90' lang='lat' dir='ltr'><strong>prius,</strong></span> 
     </span>
    </p>
   </div>
   <div class='ocr_carea' id='block_1_85' title="bbox 2124 4029 3750 4116">
    <p class='ocr_par' dir='ltr' id='par_1_85' title="bbox 2124 4030 3750 4116">
     <span class='ocr_line' id='line_1_85' title="bbox 2124 4030 3750 4116; baseline -0.003 -24"><span class='ocrx_word' id='word_1_577' title='bbox 2124 4057 2221 4111; x_wconf 66' lang='grc' dir='ltr'>ταν,</span> <span class='ocrx_word' id='word_1_578' title='bbox 2281 4035 2536 4116; x_wconf 78' lang='grc' dir='ltr'>πρότερόν</span> <span class='ocrx_word' id='word_1_579' title='bbox 2594 4055 2651 4090; x_wconf 87' lang='grc' dir='ltr'><strong>τε</strong></span> <span class='ocrx_word' id='word_1_580' title='bbox 2713 4033 2872 4102; x_wconf 78' lang='grc' dir='ltr'>ἡνίκα</span> <span class='ocrx_word' id='word_1_581' title='bbox 2932 4030 3147 4108; x_wconf 81' lang='grc' dir='ltr'>δέσμιος</span> <span class='ocrx_word' id='word_1_582' title='bbox 3227 4031 3280 4098; x_wconf 67' lang='grc' dir='ltr'><strong>ἕξ</strong></span> <span class='ocrx_word' id='word_1_583' title='bbox 3337 4030 3676 4112; x_wconf 73' lang='grc' dir='ltr'>Ἀντιοχείας</span> <span class='ocrx_word' id='word_1_584' title='bbox 3719 4033 3750 4087; x_wconf 76' lang='grc' dir='ltr'>ὁ</span> 
     </span>
    </p>
   </div>
   <div class='ocr_carea' id='block_1_86' title="bbox 365 4119 2011 4208">
    <p class='ocr_par' dir='ltr' id='par_1_86' title="bbox 365 4119 2011 4208">
     <span class='ocr_line' id='line_1_86' title="bbox 365 4119 2011 4208; baseline -0.001 -20"><span class='ocrx_word' id='word_1_585' title='bbox 365 4126 605 4208; x_wconf 90' lang='lat' dir='ltr'><strong>quando</strong></span> <span class='ocrx_word' id='word_1_586' title='bbox 637 4125 860 4203; x_wconf 79' lang='lat' dir='ltr'><strong>Martyr</strong></span> <span class='ocrx_word' id='word_1_587' title='bbox 889 4121 1121 4183; x_wconf 89' lang='lat' dir='ltr'><strong>vinctus</strong></span> <span class='ocrx_word' id='word_1_588' title='bbox 1151 4120 1485 4208; x_wconf 86' lang='lat' dir='ltr'><strong>ducebatur</strong></span> <span class='ocrx_word' id='word_1_589' title='bbox 1514 4119 1759 4184; x_wconf 82' lang='lat' dir='ltr'><strong>Romam</strong></span> <span class='ocrx_word' id='word_1_590' title='bbox 1787 4141 1857 4186; x_wconf 79' lang='lat' dir='ltr'><strong>ex</strong></span> <span class='ocrx_word' id='word_1_591' title='bbox 1879 4125 2011 4187; x_wconf 53' lang='lat' dir='ltr'><strong>An-</strong></span> 
     </span>
    </p>
   </div>
   <div class='ocr_carea' id='block_1_87' title="bbox 363 4207 2016 4292">
    <p class='ocr_par' dir='ltr' id='par_1_87' title="bbox 363 4207 2016 4292">
     <span class='ocr_line' id='line_1_87' title="bbox 363 4207 2016 4292; baseline 0 -17"><span class='ocrx_word' id='word_1_592' title='bbox 363 4207 611 4288; x_wconf 86' lang='lat' dir='ltr'><strong>tiochia,</strong></span> <span class='ocrx_word' id='word_1_593' title='bbox 643 4221 698 4272; x_wconf 90' lang='lat' dir='ltr'><strong>et</strong></span> <span class='ocrx_word' id='word_1_594' title='bbox 751 4229 932 4285; x_wconf 88' lang='lat' dir='ltr'><strong>nunc,</strong></span> <span class='ocrx_word' id='word_1_595' title='bbox 973 4207 1208 4289; x_wconf 88' lang='lat' dir='ltr'><strong>quando</strong></span> <span class='ocrx_word' id='word_1_596' title='bbox 1252 4226 1386 4270; x_wconf 91' lang='lat' dir='ltr'><strong>cum</strong></span> <span class='ocrx_word' id='word_1_597' title='bbox 1422 4209 1726 4288; x_wconf 88' lang='lat' dir='ltr'><strong>praeclaris</strong></span> <span class='ocrx_word' id='word_1_598' title='bbox 1778 4212 2016 4292; x_wconf 87' lang='lat' dir='ltr'><strong>tropaeis</strong></span> 
     </span>
    </p>
   </div>
   <div class='ocr_carea' id='block_1_88' title="bbox 359 4298 2014 4378">
    <p class='ocr_par' dir='ltr' id='par_1_88' title="bbox 359 4298 2014 4378">
     <span class='ocr_line' id='line_1_88' title="bbox 359 4298 2014 4378; baseline 0 -14"><span class='ocrx_word' id='word_1_599' title='bbox 359 4302 529 4366; x_wconf 87' lang='lat' dir='ltr'><strong>illinc</strong></span> <span class='ocrx_word' id='word_1_600' title='bbox 581 4299 984 4373; x_wconf 81' lang='lat' dir='ltr'><strong>referebatur,</strong></span> <span class='ocrx_word' id='word_1_601' title='bbox 1039 4307 1316 4374; x_wconf 89' lang='lat' dir='ltr'><strong>tanquam</strong></span> <span class='ocrx_word' id='word_1_602' title='bbox 1379 4315 1521 4378; x_wconf 87' lang='lat' dir='ltr'><strong>apes</strong></span> <span class='ocrx_word' id='word_1_603' title='bbox 1571 4298 1791 4377; x_wconf 85' lang='lat' dir='ltr'><strong>favum,</strong></span> <span class='ocrx_word' id='word_1_604' title='bbox 1846 4301 2014 4365; x_wconf 91' lang='lat' dir='ltr'><strong>illum</strong></span> 
     </span>
    </p>
   </div>
   <div class='ocr_carea' id='block_1_89' title="bbox 367 4391 896 4456">
    <p class='ocr_par' dir='ltr' id='par_1_89' title="bbox 367 4391 896 4456">
     <span class='ocr_line' id='line_1_89' title="bbox 367 4391 896 4456; baseline -0.015 1"><span class='ocrx_word' id='word_1_605' title='bbox 367 4391 896 4456; x_wconf 86' lang='lat' dir='ltr'><strong>circumvolantes.</strong></span> 
     </span>
    </p>
   </div>
   <div class='ocr_carea' id='block_1_90' title="bbox 429 4476 2011 4563">
    <p class='ocr_par' dir='ltr' id='par_1_90' title="bbox 429 4476 2011 4563">
     <span class='ocr_line' id='line_1_90' title="bbox 429 4476 2011 4563; baseline -0.001 -19"><span class='ocrx_word' id='word_1_606' title='bbox 429 4480 816 4560; x_wconf 84' lang='lat' dir='ltr'><strong>XVll.Atque</strong></span> <span class='ocrx_word' id='word_1_607' title='bbox 847 4477 1066 4540; x_wconf 88' lang='lat' dir='ltr'><strong>dicitur</strong></span> <span class='ocrx_word' id='word_1_608' title='bbox 1091 4476 1359 4556; x_wconf 90' lang='lat' dir='ltr'><strong>quidem,</strong></span> <span class='ocrx_word' id='word_1_609' title='bbox 1381 4477 1538 4558; x_wconf 91' lang='lat' dir='ltr'><strong>quod</strong></span> <span class='ocrx_word' id='word_1_610' title='bbox 1561 4491 1695 4559; x_wconf 88' lang='lat' dir='ltr'><strong>post</strong></span> <span class='ocrx_word' id='word_1_611' title='bbox 1728 4483 2011 4563; x_wconf 88' lang='lat' dir='ltr'><strong>martyri-</strong></span> 
     </span>
    </p>
   </div>
   <div class='ocr_carea' id='block_1_91' title="bbox 2100 4113 3750 4203">
    <p class='ocr_par' dir='ltr' id='par_1_91' title="bbox 2100 4113 3750 4203">
     <span class='ocr_line' id='line_1_91' title="bbox 2100 4113 3750 4203; baseline -0.002 -22"><span class='ocrx_word' id='word_1_612' title='bbox 2100 4125 2300 4203; x_wconf 85' lang='grc' dir='ltr'>μάρτυς</span> <span class='ocrx_word' id='word_1_613' title='bbox 2356 4123 2431 4187; x_wconf 81' lang='grc' dir='ltr'>εἷς</span> <span class='ocrx_word' id='word_1_614' title='bbox 2491 4113 2705 4196; x_wconf 76' lang='grc' dir='ltr'>Ῥώμην</span> <span class='ocrx_word' id='word_1_615' title='bbox 2775 4121 3067 4199; x_wconf 81' lang='grc' dir='ltr'>κατήγετο.</span> <span class='ocrx_word' id='word_1_616' title='bbox 3128 4120 3224 4178; x_wconf 75' lang='grc' dir='ltr'>καῖ</span> <span class='ocrx_word' id='word_1_617' title='bbox 3300 4127 3386 4178; x_wconf 77' lang='grc' dir='ltr'>νῦν</span> <span class='ocrx_word' id='word_1_618' title='bbox 3459 4120 3550 4177; x_wconf 77' lang='grc' dir='ltr'>ὅτε</span> <span class='ocrx_word' id='word_1_619' title='bbox 3610 4123 3750 4196; x_wconf 78' lang='grc' dir='ltr'>μετὰ</span> 
     </span>
    </p>
   </div>
   <div class='ocr_carea' id='block_1_92' title="bbox 2099 4211 3747 4291">
    <p class='ocr_par' dir='ltr' id='par_1_92' title="bbox 2099 4211 3747 4291">
     <span class='ocr_line' id='line_1_92' title="bbox 2099 4211 3747 4291; baseline -0.002 -20"><span class='ocrx_word' id='word_1_620' title='bbox 2099 4215 2360 4291; x_wconf 78' lang='grc' dir='ltr'>λαμπρῶν</span> <span class='ocrx_word' id='word_1_621' title='bbox 2420 4215 2524 4268; x_wconf 80' lang='grc' dir='ltr'><strong>τῶν</strong></span> <span class='ocrx_word' id='word_1_622' title='bbox 2588 4211 2852 4290; x_wconf 82' lang='grc' dir='ltr'>τροπαίων</span> <span class='ocrx_word' id='word_1_623' title='bbox 2912 4211 3116 4267; x_wconf 69' lang='grc' dir='ltr'>ἐκεῖθεν</span> <span class='ocrx_word' id='word_1_624' title='bbox 3182 4212 3549 4289; x_wconf 73' lang='grc' dir='ltr'>ἀνεκομίζετο,</span> <span class='ocrx_word' id='word_1_625' title='bbox 3609 4215 3747 4270; x_wconf 76' lang='grc' dir='ltr'>καθ-</span> 
     </span>
    </p>
   </div>
   <div class='ocr_carea' id='block_1_93' title="bbox 2097 4301 3410 4382">
    <p class='ocr_par' dir='ltr' id='par_1_93' title="bbox 2097 4301 3410 4382">
     <span class='ocr_line' id='line_1_93' title="bbox 2097 4301 3410 4382; baseline 0 -22"><span class='ocrx_word' id='word_1_626' title='bbox 2097 4304 2232 4382; x_wconf 87' lang='grc' dir='ltr'>άπερ</span> <span class='ocrx_word' id='word_1_627' title='bbox 2264 4301 2512 4379; x_wconf 80' lang='grc' dir='ltr'>μέλισσαι</span> <span class='ocrx_word' id='word_1_628' title='bbox 2541 4305 2752 4380; x_wconf 83' lang='grc' dir='ltr'>κηρίον,</span> <span class='ocrx_word' id='word_1_629' title='bbox 2785 4308 2943 4359; x_wconf 81' lang='grc' dir='ltr'>τοῦτο</span> <span class='ocrx_word' id='word_1_630' title='bbox 2971 4301 3410 4380; x_wconf 82' lang='grc' dir='ltr'>περιϊπτάμενοι.</span> 
     </span>
    </p>
   </div>
   <div class='ocr_carea' id='block_1_94' title="bbox 2178 4477 3745 4559">
    <p class='ocr_par' dir='ltr' id='par_1_94' title="bbox 2178 4477 3745 4559">
     <span class='ocr_line' id='line_1_94' title="bbox 2178 4477 3745 4559; baseline -0.001 -21"><span class='ocrx_word' id='word_1_631' title='bbox 2178 4481 2286 4546; x_wconf 81' lang='lat' dir='ltr'><strong>lZ&#39;.</strong></span> <span class='ocrx_word' id='word_1_632' title='bbox 2342 4480 2564 4559; x_wconf 85' lang='grc' dir='ltr'>Λέγεται</span> <span class='ocrx_word' id='word_1_633' title='bbox 2617 4487 2766 4558; x_wconf 81' lang='grc' dir='ltr'>γοῦν,</span> <span class='ocrx_word' id='word_1_634' title='bbox 2801 4477 2882 4536; x_wconf 79' lang='grc' dir='ltr'><strong>ὅτι</strong></span> <span class='ocrx_word' id='word_1_635' title='bbox 2935 4481 3070 4556; x_wconf 80' lang='grc' dir='ltr'>μετὰ</span> <span class='ocrx_word' id='word_1_636' title='bbox 3119 4480 3216 4548; x_wconf 83' lang='grc' dir='ltr'>τὴν</span> <span class='ocrx_word' id='word_1_637' title='bbox 3271 4481 3599 4559; x_wconf 76' lang='grc' dir='ltr'>μαρτυρικῆν</span> <span class='ocrx_word' id='word_1_638' title='bbox 3653 4483 3745 4538; x_wconf 76' lang='grc' dir='ltr'>τοῦ</span> 
     </span>
    </p>
   </div>
   <div class='ocr_carea' id='block_1_95' title="bbox 363 4549 2034 4650">
    <p class='ocr_par' dir='ltr' id='par_1_95' title="bbox 363 4549 2012 4650">
     <span class='ocr_line' id='line_1_95' title="bbox 363 4549 2012 4650; baseline 0 -16"><span class='ocrx_word' id='word_1_639' title='bbox 363 4590 494 4634; x_wconf 87' lang='lat' dir='ltr'><strong>cam</strong></span> <span class='ocrx_word' id='word_1_640' title='bbox 528 4572 658 4650; x_wconf 87' lang='lat' dir='ltr'><strong>ejus</strong></span> <span class='ocrx_word' id='word_1_641' title='bbox 688 4549 1296 4642; x_wconf 77' lang='lat' dir='ltr'><strong>consummationem,</strong></span> <span class='ocrx_word' id='word_1_642' title='bbox 1331 4549 1679 4647; x_wconf 49' lang='lat' dir='ltr'><strong>lu&#39;genti&#39;bus</strong></span> <span class='ocrx_word' id='word_1_643' title='bbox 1710 4549 2012 4650; x_wconf 73' lang='lat' dir='ltr'><strong>illiuspri-</strong></span> 
     </span>
    </p>
   </div>
   <div class='ocr_carea' id='block_1_96' title="bbox 2124 4549 3740 4650">
    <p class='ocr_par' dir='ltr' id='par_1_96' title="bbox 2124 4549 3740 4650">
     <span class='ocr_line' id='line_1_96' title="bbox 2124 4549 3740 4650; baseline -0.001 -22"><span class='ocrx_word' id='word_1_644' title='bbox 2124 4569 2279 4650; x_wconf 68' lang='grc' dir='ltr'>ῖνδρὸς</span> <span class='ocrx_word' id='word_1_645' title='bbox 2339 4549 2642 4648; x_wconf 70' lang='grc' dir='ltr'>τελείωσιν,</span> <span class='ocrx_word' id='word_1_646' title='bbox 2691 4549 3017 4627; x_wconf 66' lang='grc' dir='ltr'>πενθούντων</span> <span class='ocrx_word' id='word_1_647' title='bbox 3075 4572 3174 4637; x_wconf 77' lang='grc' dir='ltr'>τὴν</span> <span class='ocrx_word' id='word_1_648' title='bbox 3232 4549 3456 4626; x_wconf 35' lang='grc' dir='ltr'>ἐλεινοί</span> <span class='ocrx_word' id='word_1_649' title='bbox 3494 4569 3740 4645; x_wconf 85' lang='grc' dir='ltr'>στέρησιν</span> 
     </span>
    </p>
   </div>
   <div class='ocr_carea' id='block_1_97' title="bbox 360 4657 2013 4739">
    <p class='ocr_par' dir='ltr' id='par_1_97' title="bbox 360 4657 2013 4739">
     <span class='ocr_line' id='line_1_97' title="bbox 360 4657 2013 4739; baseline -0.001 -15"><span class='ocrx_word' id='word_1_650' title='bbox 360 4663 660 4724; x_wconf 88' lang='lat' dir='ltr'><strong>vationem</strong></span> <span class='ocrx_word' id='word_1_651' title='bbox 701 4660 796 4734; x_wconf 92' lang='lat' dir='ltr'><strong>iis,</strong></span> <span class='ocrx_word' id='word_1_652' title='bbox 823 4658 925 4739; x_wconf 92' lang='lat' dir='ltr'><strong>qui</strong></span> <span class='ocrx_word' id='word_1_653' title='bbox 961 4659 1168 4721; x_wconf 66' lang='lat' dir='ltr'><strong>Romae</strong></span> <span class='ocrx_word' id='word_1_654' title='bbox 1199 4665 1369 4719; x_wconf 89' lang='lat' dir='ltr'><strong>erant</strong></span> <span class='ocrx_word' id='word_1_655' title='bbox 1409 4657 1638 4735; x_wconf 86' lang='lat' dir='ltr'><strong>ﬁdeles,</strong></span> <span class='ocrx_word' id='word_1_656' title='bbox 1675 4667 1733 4720; x_wconf 91' lang='lat' dir='ltr'><strong>et</strong></span> <span class='ocrx_word' id='word_1_657' title='bbox 1787 4661 2013 4722; x_wconf 89' lang='lat' dir='ltr'><strong>nullam</strong></span> 
     </span>
    </p>
   </div>
   <div class='ocr_carea' id='block_1_98' title="bbox 361 4747 2015 4833">
    <p class='ocr_par' dir='ltr' id='par_1_98' title="bbox 361 4747 2015 4833">
     <span class='ocr_line' id='line_1_98' title="bbox 361 4747 2015 4833; baseline -0.001 -18"><span class='ocrx_word' id='word_1_658' title='bbox 361 4749 798 4833; x_wconf 75' lang='lat' dir='ltr'><strong>accipientibus</strong></span> <span class='ocrx_word' id='word_1_659' title='bbox 820 4747 1046 4810; x_wconf 87' lang='lat' dir='ltr'><strong>doloris</strong></span> <span class='ocrx_word' id='word_1_660' title='bbox 1064 4747 1557 4822; x_wconf 86' lang='lat' dir='ltr'><strong>consolationem,</strong></span> <span class='ocrx_word' id='word_1_661' title='bbox 1590 4755 1649 4809; x_wconf 91' lang='lat' dir='ltr'><strong>et</strong></span> <span class='ocrx_word' id='word_1_662' title='bbox 1669 4749 2015 4813; x_wconf 86' lang='lat' dir='ltr'><strong>vacantibus</strong></span> 
     </span>
    </p>
   </div>
   <div class='ocr_carea' id='block_1_99' title="bbox 360 4837 2014 4924">
    <p class='ocr_par' dir='ltr' id='par_1_99' title="bbox 360 4837 2014 4924">
     <span class='ocr_line' id='line_1_99' title="bbox 360 4837 2014 4924; baseline -0.002 -20"><span class='ocrx_word' id='word_1_663' title='bbox 360 4839 800 4924; x_wconf 86' lang='lat' dir='ltr'><strong>sepulcralibus</strong></span> <span class='ocrx_word' id='word_1_664' title='bbox 823 4837 1058 4919; x_wconf 77' lang='lat' dir='ltr'><strong>hymnis</strong></span> <span class='ocrx_word' id='word_1_665' title='bbox 1082 4845 1140 4898; x_wconf 91' lang='lat' dir='ltr'><strong>et</strong></span> <span class='ocrx_word' id='word_1_666' title='bbox 1170 4837 1547 4917; x_wconf 77' lang='lat' dir='ltr'><strong>vigiliis,ipse</strong></span> <span class='ocrx_word' id='word_1_667' title='bbox 1577 4837 1637 4899; x_wconf 91' lang='lat' dir='ltr'><strong>in</strong></span> <span class='ocrx_word' id='word_1_668' title='bbox 1664 4838 1891 4901; x_wconf 88' lang='lat' dir='ltr'><strong>somnis</strong></span> <span class='ocrx_word' id='word_1_669' title='bbox 1913 4857 2014 4922; x_wconf 84' lang='lat' dir='ltr'><strong>ap-</strong></span> 
     </span>
    </p>
   </div>
   <div class='ocr_carea' id='block_1_100' title="bbox 357 4927 2013 5015">
    <p class='ocr_par' dir='ltr' id='par_1_100' title="bbox 357 4927 2013 5015">
     <span class='ocr_line' id='line_1_100' title="bbox 357 4927 2013 5015; baseline -0.001 -20"><span class='ocrx_word' id='word_1_670' title='bbox 357 4949 602 5015; x_wconf 86' lang='lat' dir='ltr'><strong>parens,</strong></span> <span class='ocrx_word' id='word_1_671' title='bbox 637 4939 697 4992; x_wconf 90' lang='lat' dir='ltr'><strong>et</strong></span> <span class='ocrx_word' id='word_1_672' title='bbox 744 4947 848 4991; x_wconf 90' lang='lat' dir='ltr'><strong>eos</strong></span> <span class='ocrx_word' id='word_1_673' title='bbox 877 4927 1046 5009; x_wconf 87' lang='lat' dir='ltr'><strong>quasi</strong></span> <span class='ocrx_word' id='word_1_674' title='bbox 1098 4927 1497 5009; x_wconf 84' lang='lat' dir='ltr'><strong>amplectens,</strong></span> <span class='ocrx_word' id='word_1_675' title='bbox 1531 4929 1631 5008; x_wconf 91' lang='lat' dir='ltr'><strong>qui</strong></span> <span class='ocrx_word' id='word_1_676' title='bbox 1681 4929 1912 4992; x_wconf 90' lang='lat' dir='ltr'><strong>scilicet</strong></span> <span class='ocrx_word' id='word_1_677' title='bbox 1945 4949 2013 4993; x_wconf 91' lang='lat' dir='ltr'><strong>se</strong></span> 
     </span>
    </p>
   </div>
   <div class='ocr_carea' id='block_1_101' title="bbox 357 5017 2006 5105">
    <p class='ocr_par' dir='ltr' id='par_1_101' title="bbox 357 5017 2006 5105">
     <span class='ocr_line' id='line_1_101' title="bbox 357 5017 2006 5105; baseline -0.004 -18"><span class='ocrx_word' id='word_1_678' title='bbox 357 5025 524 5105; x_wconf 89' lang='lat' dir='ltr'><strong>ipsos</strong></span> <span class='ocrx_word' id='word_1_679' title='bbox 560 5019 948 5100; x_wconf 59' lang='lat' dir='ltr'><strong>praebuerunt</strong></span> <span class='ocrx_word' id='word_1_680' title='bbox 974 5017 1187 5097; x_wconf 86' lang='lat' dir='ltr'><strong>dignos</strong></span> <span class='ocrx_word' id='word_1_681' title='bbox 1219 5017 1383 5079; x_wconf 90' lang='lat' dir='ltr'><strong>illius</strong></span> <span class='ocrx_word' id='word_1_682' title='bbox 1414 5019 1873 5095; x_wconf 85' lang='lat' dir='ltr'><strong>consuetudine,</strong></span> <span class='ocrx_word' id='word_1_683' title='bbox 1910 5019 2006 5081; x_wconf 89' lang='lat' dir='ltr'><strong>lu-</strong></span> 
     </span>
    </p>
   </div>
   <div class='ocr_carea' id='block_1_102' title="bbox 359 5107 2005 5186">
    <p class='ocr_par' dir='ltr' id='par_1_102' title="bbox 359 5107 2005 5186">
     <span class='ocr_line' id='line_1_102' title="bbox 359 5107 2005 5186; baseline -0.004 -10"><span class='ocrx_word' id='word_1_684' title='bbox 359 5123 521 5176; x_wconf 87' lang='lat' dir='ltr'><strong>ctum</strong></span> <span class='ocrx_word' id='word_1_685' title='bbox 553 5112 640 5174; x_wconf 88' lang='lat' dir='ltr'><strong>eis</strong></span> <span class='ocrx_word' id='word_1_686' title='bbox 672 5108 873 5173; x_wconf 82' lang='lat' dir='ltr'><strong>ell‘ecit</strong></span> <span class='ocrx_word' id='word_1_687' title='bbox 901 5108 1136 5172; x_wconf 84' lang='lat' dir='ltr'><strong>facilem</strong></span> <span class='ocrx_word' id='word_1_688' title='bbox 1163 5116 1220 5170; x_wconf 91' lang='lat' dir='ltr'><strong>et</strong></span> <span class='ocrx_word' id='word_1_689' title='bbox 1247 5107 1631 5186; x_wconf 90' lang='lat' dir='ltr'><strong>leniorem,et</strong></span> <span class='ocrx_word' id='word_1_690' title='bbox 1660 5108 1886 5170; x_wconf 90' lang='lat' dir='ltr'><strong>doloris</strong></span> <span class='ocrx_word' id='word_1_691' title='bbox 1906 5128 2005 5170; x_wconf 90' lang='lat' dir='ltr'><strong>se-</strong></span> 
     </span>
    </p>
   </div>
   <div class='ocr_carea' id='block_1_103' title="bbox 357 5196 2005 5270">
    <p class='ocr_par' dir='ltr' id='par_1_103' title="bbox 357 5196 2005 5270">
     <span class='ocr_line' id='line_1_103' title="bbox 357 5196 2005 5270; baseline -0.003 -3"><span class='ocrx_word' id='word_1_692' title='bbox 357 5204 520 5268; x_wconf 88' lang='lat' dir='ltr'><strong>davit</strong></span> <span class='ocrx_word' id='word_1_693' title='bbox 537 5198 1131 5264; x_wconf 86' lang='lat' dir='ltr'><strong>vehementiam.Alii</strong></span> <span class='ocrx_word' id='word_1_694' title='bbox 1153 5215 1364 5259; x_wconf 88' lang='lat' dir='ltr'><strong>rursus</strong></span> <span class='ocrx_word' id='word_1_695' title='bbox 1385 5196 1761 5270; x_wconf 83' lang='lat' dir='ltr'><strong>dixerunt,se</strong></span> <span class='ocrx_word' id='word_1_696' title='bbox 1783 5197 2005 5262; x_wconf 88' lang='lat' dir='ltr'><strong>vidisse</strong></span> 
     </span>
    </p>
   </div>
   <div class='ocr_carea' id='block_1_104' title="bbox 2096 4656 3738 4736">
    <p class='ocr_par' dir='ltr' id='par_1_104' title="bbox 2096 4656 3738 4736">
     <span class='ocr_line' id='line_1_104' title="bbox 2096 4656 3738 4736; baseline -0.002 -18"><span class='ocrx_word' id='word_1_697' title='bbox 2096 4668 2204 4718; x_wconf 84' lang='grc' dir='ltr'>τῶν</span> <span class='ocrx_word' id='word_1_698' title='bbox 2248 4661 2301 4717; x_wconf 78' lang='grc' dir='ltr'><strong>έν</strong></span> <span class='ocrx_word' id='word_1_699' title='bbox 2332 4666 2399 4736; x_wconf 78' lang='grc' dir='ltr'><strong>τῇ</strong></span> <span class='ocrx_word' id='word_1_700' title='bbox 2430 4659 2614 4734; x_wconf 70' lang='grc' dir='ltr'>Ῥώμῃ</span> <span class='ocrx_word' id='word_1_701' title='bbox 2668 4661 2871 4715; x_wconf 82' lang='grc' dir='ltr'>πιστῶν</span> <span class='ocrx_word' id='word_1_702' title='bbox 2901 4659 2989 4715; x_wconf 83' lang='grc' dir='ltr'><strong>καὶ</strong></span> <span class='ocrx_word' id='word_1_703' title='bbox 3042 4656 3188 4717; x_wconf 70' lang='grc' dir='ltr'>οὐδὲν</span> <span class='ocrx_word' id='word_1_704' title='bbox 3231 4657 3371 4722; x_wconf 79' lang='grc' dir='ltr'>ὅλως</span> <span class='ocrx_word' id='word_1_705' title='bbox 3401 4659 3498 4726; x_wconf 79' lang='grc' dir='ltr'><strong>τῆς</strong></span> <span class='ocrx_word' id='word_1_706' title='bbox 3552 4657 3738 4727; x_wconf 73' lang='grc' dir='ltr'>ὀδύνης</span> 
     </span>
    </p>
   </div>
   <div class='ocr_carea' id='block_1_105' title="bbox 2095 4745 3733 4830">
    <p class='ocr_par' dir='ltr' id='par_1_105' title="bbox 2095 4745 3733 4830">
     <span class='ocr_line' id='line_1_105' title="bbox 2095 4745 3733 4830; baseline -0.002 -22"><span class='ocrx_word' id='word_1_707' title='bbox 2095 4751 2429 4830; x_wconf 86' lang='grc' dir='ltr'>παραμύθιον</span> <span class='ocrx_word' id='word_1_708' title='bbox 2475 4745 2811 4826; x_wconf 84' lang='grc' dir='ltr'>δεχομένων,</span> <span class='ocrx_word' id='word_1_709' title='bbox 2843 4747 3028 4823; x_wconf 77' lang='grc' dir='ltr'>ὕμνοις</span> <span class='ocrx_word' id='word_1_710' title='bbox 3069 4769 3126 4804; x_wconf 91' lang='grc' dir='ltr'><strong>τε</strong></span> <span class='ocrx_word' id='word_1_711' title='bbox 3179 4747 3562 4828; x_wconf 64' lang='grc' dir='ltr'>σχολαζόντων</span> <span class='ocrx_word' id='word_1_712' title='bbox 3616 4748 3733 4806; x_wconf 75' lang='grc' dir='ltr'>ἐπι-</span> 
     </span>
    </p>
   </div>
   <div class='ocr_carea' id='block_1_106' title="bbox 2093 4836 3732 4921">
    <p class='ocr_par' dir='ltr' id='par_1_106' title="bbox 2093 4836 3732 4921">
     <span class='ocr_line' id='line_1_106' title="bbox 2093 4836 3732 4921; baseline -0.002 -23"><span class='ocrx_word' id='word_1_713' title='bbox 2093 4841 2300 4921; x_wconf 74' lang='grc' dir='ltr'>ταφίοις</span> <span class='ocrx_word' id='word_1_714' title='bbox 2357 4839 2443 4896; x_wconf 83' lang='grc' dir='ltr'><strong>καὶ</strong></span> <span class='ocrx_word' id='word_1_715' title='bbox 2500 4838 2843 4918; x_wconf 85' lang='grc' dir='ltr'>παννυχίσιτ,</span> <span class='ocrx_word' id='word_1_716' title='bbox 2905 4839 3063 4899; x_wconf 73' lang='grc' dir='ltr'>αὐτὸς</span> <span class='ocrx_word' id='word_1_717' title='bbox 3135 4836 3261 4916; x_wconf 78' lang='grc' dir='ltr'>ὄναρ</span> <span class='ocrx_word' id='word_1_718' title='bbox 3328 4838 3732 4918; x_wconf 70' lang='grc' dir='ltr'>ἐπιφᾶινόμενος</span> 
     </span>
    </p>
   </div>
   <div class='ocr_carea' id='block_1_107' title="bbox 2096 4925 3727 5007">
    <p class='ocr_par' dir='ltr' id='par_1_107' title="bbox 2096 4925 3727 5007">
     <span class='ocr_line' id='line_1_107' title="bbox 2096 4925 3727 5007; baseline -0.001 -22"><span class='ocrx_word' id='word_1_719' title='bbox 2096 4937 2180 4987; x_wconf 78' lang='grc' dir='ltr'>καὶ</span> <span class='ocrx_word' id='word_1_720' title='bbox 2220 4930 2378 4986; x_wconf 72' lang='grc' dir='ltr'>οἱονεὶ</span> <span class='ocrx_word' id='word_1_721' title='bbox 2435 4925 2769 5007; x_wconf 81' lang='grc' dir='ltr'>περιϐάλλων</span> <span class='ocrx_word' id='word_1_722' title='bbox 2828 4929 3017 4991; x_wconf 75' lang='grc' dir='ltr'>αὐτοὺς</span> <span class='ocrx_word' id='word_1_723' title='bbox 3080 4928 3167 4984; x_wconf 83' lang='grc' dir='ltr'><strong>καὶ</strong></span> <span class='ocrx_word' id='word_1_724' title='bbox 3225 4929 3727 5006; x_wconf 85' lang='grc' dir='ltr'>περιπτυσσόμενος,</span> 
     </span>
    </p>
   </div>
   <div class='ocr_carea' id='block_1_108' title="bbox 2094 5015 3728 5094">
    <p class='ocr_par' dir='ltr' id='par_1_108' title="bbox 2094 5015 3728 5094">
     <span class='ocr_line' id='line_1_108' title="bbox 2094 5015 3728 5094; baseline -0.002 -19"><span class='ocrx_word' id='word_1_725' title='bbox 2094 5018 2207 5076; x_wconf 80' lang='grc' dir='ltr'>ὅσοι</span> <span class='ocrx_word' id='word_1_726' title='bbox 2266 5015 2472 5085; x_wconf 76' lang='grc' dir='ltr'>δηλαδὴ</span> <span class='ocrx_word' id='word_1_727' title='bbox 2531 5017 2618 5072; x_wconf 83' lang='grc' dir='ltr'>καὶ</span> <span class='ocrx_word' id='word_1_728' title='bbox 2673 5015 2846 5081; x_wconf 80' lang='grc' dir='ltr'>ἀξίους</span> <span class='ocrx_word' id='word_1_729' title='bbox 2900 5015 3113 5082; x_wconf 81' lang='grc' dir='ltr'>έαυτοὺς</span> <span class='ocrx_word' id='word_1_730' title='bbox 3156 5016 3408 5094; x_wconf 84' lang='grc' dir='ltr'>πρότερον</span> <span class='ocrx_word' id='word_1_731' title='bbox 3439 5017 3536 5084; x_wconf 71' lang='grc' dir='ltr'><strong>τῆς</strong></span> <span class='ocrx_word' id='word_1_732' title='bbox 3591 5017 3728 5074; x_wconf 73' lang='grc' dir='ltr'><strong>έιιείε⁵</strong></span> 
     </span>
    </p>
   </div>
   <div class='ocr_carea' id='block_1_109' title="bbox 2091 5105 3729 5186">
    <p class='ocr_par' dir='ltr' id='par_1_109' title="bbox 2091 5105 3729 5186">
     <span class='ocr_line' id='line_1_109' title="bbox 2091 5105 3729 5186; baseline -0.002 -21"><span class='ocrx_word' id='word_1_733' title='bbox 2091 5131 2182 5166; x_wconf 93' lang='grc' dir='ltr'><strong>νου</strong></span> <span class='ocrx_word' id='word_1_734' title='bbox 2236 5108 2572 5174; x_wconf 85' lang='grc' dir='ltr'>κατέστησαν</span> <span class='ocrx_word' id='word_1_735' title='bbox 2607 5108 2906 5186; x_wconf 88' lang='grc' dir='ltr'>συνουσίας,</span> <span class='ocrx_word' id='word_1_736' title='bbox 2941 5105 3140 5182; x_wconf 70' lang='grc' dir='ltr'>ὁμαλὲς</span> <span class='ocrx_word' id='word_1_737' title='bbox 3192 5109 3374 5171; x_wconf 75' lang='grc' dir='ltr'>αὐτοῖς</span> <span class='ocrx_word' id='word_1_738' title='bbox 3411 5107 3502 5163; x_wconf 84' lang='grc' dir='ltr'><strong>καὶ</strong></span> <span class='ocrx_word' id='word_1_739' title='bbox 3559 5105 3729 5186; x_wconf 81' lang='grc' dir='ltr'>μραό-</span> 
     </span>
    </p>
   </div>
   <div class='ocr_carea' id='block_1_110' title="bbox 2087 5193 3728 5274">
    <p class='ocr_par' dir='ltr' id='par_1_110' title="bbox 2087 5193 3728 5274">
     <span class='ocr_line' id='line_1_110' title="bbox 2087 5193 3728 5274; baseline -0.002 -20"><span class='ocrx_word' id='word_1_740' title='bbox 2087 5219 2240 5274; x_wconf 88' lang='grc' dir='ltr'>τερον</span> <span class='ocrx_word' id='word_1_741' title='bbox 2297 5195 2460 5253; x_wconf 73' lang='grc' dir='ltr'>έποίει</span> <span class='ocrx_word' id='word_1_742' title='bbox 2517 5197 2579 5250; x_wconf 84' lang='grc' dir='ltr'>τὸ</span> <span class='ocrx_word' id='word_1_743' title='bbox 2639 5195 2849 5271; x_wconf 86' lang='grc' dir='ltr'>πένθος,</span> <span class='ocrx_word' id='word_1_744' title='bbox 2913 5197 2998 5251; x_wconf 81' lang='grc' dir='ltr'><strong>καὶ</strong></span> <span class='ocrx_word' id='word_1_745' title='bbox 3047 5196 3142 5264; x_wconf 72' lang='grc' dir='ltr'>τῆς</span> <span class='ocrx_word' id='word_1_746' title='bbox 3186 5193 3376 5262; x_wconf 86' lang='grc' dir='ltr'>όδόνης</span> <span class='ocrx_word' id='word_1_747' title='bbox 3435 5196 3498 5252; x_wconf 81' lang='grc' dir='ltr'><strong>τὸ</strong></span> <span class='ocrx_word' id='word_1_748' title='bbox 3555 5196 3728 5274; x_wconf 80' lang='grc' dir='ltr'>ἄγριον</span> 
     </span>
    </p>
   </div>
   <div class='ocr_carea' id='block_1_111' title="bbox 351 5283 2034 5368">
    <p class='ocr_par' dir='ltr' id='par_1_111' title="bbox 351 5287 2001 5368">
     <span class='ocr_line' id='line_1_111' title="bbox 351 5287 2001 5368; baseline -0.006 -11"><span class='ocrx_word' id='word_1_749' title='bbox 351 5313 492 5358; x_wconf 89' lang='lat' dir='ltr'><strong>eum</strong></span> <span class='ocrx_word' id='word_1_750' title='bbox 541 5292 761 5354; x_wconf 91' lang='lat' dir='ltr'><strong>sudore</strong></span> <span class='ocrx_word' id='word_1_751' title='bbox 792 5290 1189 5367; x_wconf 84' lang='lat' dir='ltr'><strong>ditﬂuentem,</strong></span> <span class='ocrx_word' id='word_1_752' title='bbox 1223 5295 1501 5367; x_wconf 81' lang='lat' dir='ltr'><strong>tanquam</strong></span> <span class='ocrx_word' id='word_1_753' title='bbox 1541 5287 1646 5366; x_wconf 92' lang='lat' dir='ltr'><strong>qui</strong></span> <span class='ocrx_word' id='word_1_754' title='bbox 1677 5305 1870 5368; x_wconf 92' lang='lat' dir='ltr'><strong>nuper</strong></span> <span class='ocrx_word' id='word_1_755' title='bbox 1897 5305 2001 5353; x_wconf 88' lang='lat' dir='ltr'><strong>re-</strong></span> 
     </span>
    </p>
   </div>
   <div class='ocr_carea' id='block_1_112' title="bbox 2124 5283 3727 5368">
    <p class='ocr_par' dir='ltr' id='par_1_112' title="bbox 2124 5283 3727 5365">
     <span class='ocr_line' id='line_1_112' title="bbox 2124 5283 3727 5365; baseline -0.003 -21"><span class='ocrx_word' id='word_1_756' title='bbox 2124 5283 2397 5344; x_wconf 78' lang='grc' dir='ltr'>πεσϐέννυ.</span> <span class='ocrx_word' id='word_1_757' title='bbox 2474 5285 2688 5364; x_wconf 79' lang='grc' dir='ltr'>’Ἑτεροι</span> <span class='ocrx_word' id='word_1_758' title='bbox 2758 5283 2813 5340; x_wconf 79' lang='grc' dir='ltr'><strong>δὲ</strong></span> <span class='ocrx_word' id='word_1_759' title='bbox 2885 5283 3046 5341; x_wconf 84' lang='grc' dir='ltr'>πάλιν</span> <span class='ocrx_word' id='word_1_760' title='bbox 3105 5283 3238 5342; x_wconf 76' lang='grc' dir='ltr'>ἰδεῖν</span> <span class='ocrx_word' id='word_1_761' title='bbox 3297 5286 3455 5344; x_wconf 77' lang='grc' dir='ltr'>αὐτὸν</span> <span class='ocrx_word' id='word_1_762' title='bbox 3528 5284 3727 5365; x_wconf 62' lang='grc' dir='ltr'>ἔφησαν</span> 
     </span>
    </p>
   </div>
   <div class='ocr_carea' id='block_1_113' title="bbox 355 5369 2034 5468">
    <p class='ocr_par' dir='ltr' id='par_1_113' title="bbox 355 5376 2002 5468">
     <span class='ocr_line' id='line_1_113' title="bbox 355 5376 2002 5468; baseline -0.006 -18"><span class='ocrx_word' id='word_1_763' title='bbox 355 5389 644 5468; x_wconf 85' lang='lat' dir='ltr'><strong>spirasset</strong></span> <span class='ocrx_word' id='word_1_764' title='bbox 672 5400 707 5444; x_wconf 90' lang='lat' dir='ltr'><strong>a</strong></span> <span class='ocrx_word' id='word_1_765' title='bbox 737 5379 1048 5442; x_wconf 85' lang='lat' dir='ltr'><strong>laboribus</strong></span> <span class='ocrx_word' id='word_1_766' title='bbox 1078 5376 1529 5468; x_wconf 79' lang='lat' dir='ltr'><strong>decertationis,</strong></span> <span class='ocrx_word' id='word_1_767' title='bbox 1562 5384 1622 5438; x_wconf 90' lang='lat' dir='ltr'><strong>et</strong></span> <span class='ocrx_word' id='word_1_768' title='bbox 1653 5385 2002 5458; x_wconf 81' lang='lat' dir='ltr'><strong>precantem</strong></span> 
     </span>
    </p>
   </div>
   <div class='ocr_carea' id='block_1_114' title="bbox 2124 5369 3726 5468">
    <p class='ocr_par' dir='ltr' id='par_1_114' title="bbox 2124 5372 3726 5454">
     <span class='ocr_line' id='line_1_114' title="bbox 2124 5372 3726 5454; baseline -0.002 -20"><span class='ocrx_word' id='word_1_769' title='bbox 2124 5381 2258 5452; x_wconf 80' lang='grc' dir='ltr'>ἷρῶτι</span> <span class='ocrx_word' id='word_1_770' title='bbox 2315 5373 2740 5454; x_wconf 68' lang='grc' dir='ltr'>καταρρεόμενον</span> <span class='ocrx_word' id='word_1_771' title='bbox 2795 5373 3032 5452; x_wconf 71' lang='grc' dir='ltr'>καθάπερ</span> <span class='ocrx_word' id='word_1_772' title='bbox 3088 5373 3204 5452; x_wconf 78' lang='grc' dir='ltr'>ἄρτι</span> <span class='ocrx_word' id='word_1_773' title='bbox 3265 5375 3373 5432; x_wconf 81' lang='grc' dir='ltr'><strong>τῶν</strong></span> <span class='ocrx_word' id='word_1_774' title='bbox 3403 5379 3502 5444; x_wconf 76' lang='grc' dir='ltr'>τῆς</span> <span class='ocrx_word' id='word_1_775' title='bbox 3560 5372 3726 5446; x_wconf 75' lang='grc' dir='ltr'>ἀθλή-</span> 
     </span>
    </p>
   </div>
   <div class='ocr_carea' id='block_1_115' title="bbox 353 5465 1584 5545">
    <p class='ocr_par' dir='ltr' id='par_1_115' title="bbox 353 5465 1584 5545">
     <span class='ocr_line' id='line_1_115' title="bbox 353 5465 1584 5545; baseline -0.015 0"><span class='ocrx_word' id='word_1_776' title='bbox 353 5465 613 5545; x_wconf 78' lang='lat' dir='ltr'><strong>salutem</strong></span> <span class='ocrx_word' id='word_1_777' title='bbox 641 5471 861 5537; x_wconf 84' lang='lat' dir='ltr'><strong>civitati</strong></span> <span class='ocrx_word' id='word_1_778' title='bbox 893 5478 952 5533; x_wconf 91' lang='lat' dir='ltr'><strong>et</strong></span> <span class='ocrx_word' id='word_1_779' title='bbox 980 5466 1263 5532; x_wconf 86' lang='lat' dir='ltr'><strong>omnibus</strong></span> <span class='ocrx_word' id='word_1_780' title='bbox 1288 5465 1584 5530; x_wconf 86' lang='lat' dir='ltr'><strong>ﬁdelibus.</strong></span> 
     </span>
    </p>
   </div>
   <div class='ocr_carea' id='block_1_116' title="bbox 2082 5463 3724 5544">
    <p class='ocr_par' dir='ltr' id='par_1_116' title="bbox 2082 5463 3724 5544">
     <span class='ocr_line' id='line_1_116' title="bbox 2082 5463 3724 5544; baseline -0.002 -20"><span class='ocrx_word' id='word_1_781' title='bbox 2082 5486 2219 5530; x_wconf 88' lang='grc' dir='ltr'>σεως</span> <span class='ocrx_word' id='word_1_782' title='bbox 2304 5463 2740 5523; x_wconf 80' lang='grc' dir='ltr'>ἀναπεπνευκότα</span> <span class='ocrx_word' id='word_1_783' title='bbox 2814 5464 2985 5521; x_wconf 87' lang='grc' dir='ltr'>πόνων</span> <span class='ocrx_word' id='word_1_784' title='bbox 3059 5466 3146 5521; x_wconf 81' lang='grc' dir='ltr'><strong>καὶ</strong></span> <span class='ocrx_word' id='word_1_785' title='bbox 3215 5465 3483 5544; x_wconf 87' lang='grc' dir='ltr'>σωτηρίαν</span> <span class='ocrx_word' id='word_1_786' title='bbox 3550 5469 3616 5542; x_wconf 78' lang='grc' dir='ltr'><strong>τῇ</strong></span> <span class='ocrx_word' id='word_1_787' title='bbox 3672 5485 3724 5521; x_wconf 85' lang='grc' dir='ltr'><strong>τε</strong></span> 
     </span>
    </p>
   </div>
   <div class='ocr_carea' id='block_1_117' title="bbox 2082 5553 3188 5634">
    <p class='ocr_par' dir='ltr' id='par_1_117' title="bbox 2082 5553 3188 5634">
     <span class='ocr_line' id='line_1_117' title="bbox 2082 5553 3188 5634; baseline 0 -19"><span class='ocrx_word' id='word_1_788' title='bbox 2082 5555 2236 5615; x_wconf 83' lang='grc' dir='ltr'>πόλει</span> <span class='ocrx_word' id='word_1_789' title='bbox 2266 5555 2354 5614; x_wconf 83' lang='grc' dir='ltr'><strong>καὶ</strong></span> <span class='ocrx_word' id='word_1_790' title='bbox 2389 5558 2522 5625; x_wconf 81' lang='grc' dir='ltr'>πῆσι</span> <span class='ocrx_word' id='word_1_791' title='bbox 2549 5565 2765 5620; x_wconf 77' lang='grc' dir='ltr'>πιστοῖς</span> <span class='ocrx_word' id='word_1_792' title='bbox 2795 5553 3188 5634; x_wconf 69' lang='grc' dir='ltr'>ἐπευχόμενον.</span> 
     </span>
    </p>
   </div>
  </div>
