4060 6206
314 298 469 371 1285

1481 300 1662 370 VITA
1730 300 1788 366 S.
1841 298 2142 365 IGNATII
2186 291 2517 361 DEIFEBI.

3532 295 3684 362 1286

392 441 504 504 IH'.
552 447 804 500 Τοιοῦτον
850 442 948 516 μὲν
982 438 1044 509 δὴ
1072 442 1132 498 τὸ
1171 450 1263 501 τοῦ
1301 442 1565 522 Θεοφόρου
1596 441 1774 513 τέλος,
1809 436 1944 494 οὗτοι

2116 434 2317 496 XVIII.
2353 433 2462 497 Hic
2495 432 2742 514 quidem
2770 431 2880 495 fuit
2908 431 3100 494 exitus
3133 429 3476 511 TheOphori
3505 451 3518 495 :
3557 434 3681 495 haec

308 535 355 589 οἱ
415 533 644 609 ἀγῶνες,
686 540 915 588 τοιοῦτοι
961 533 1008 588 οἱ
1059 534 1190 609 πρὸς
1245 537 1468 610 Χριστὸν
1513 531 1672 589 αὐτοῦ
1716 551 1950 605 περιμα-

306 637 420 685 νεῖς
455 621 672 698 ἔρωτες.
731 629 1000 700 Μαρτυρεῖ
1045 619 1096 675 δὲ
1146 623 1231 676 καθ
1277 623 1304 676 ὁ
1371 623 1680 698 Εἰρηναῖος,
1729 623 1756 675 ὁ
1811 626 1946 678 Aou-

304 711 540 790 γδούνων
583 708 910 790 ἐπίσκοπος,
973 711 1109 787 ἀνὴρ
1166 709 1328 787 λόγου
1399 709 1565 788 ἄξιος,
1614 708 1700 764 διὰ
1742 708 1952 774 πολλῆς

305 803 530 877 μνήμης
561 802 628 859 τὰ
657 800 751 857 τοῦ
786 800 1056 878 Θεοφόρου
1085 801 1403 874 ποιούμενος
1455 797 1617 879 [add.
1656 818 1670 861 :
1711 800 1807 858 Καὶ
1852 799 1952 875 γὰρ

306 895 335 948 ὁ
398 889 763 967 Πολύκαρπος]
827 893 854 946 ὃ
930 893 1030 954 τῆς
1104 890 1240 946 κατὰ
1328 890 1571 967 Σμύρναν
1626 887 1949 954 Ἐκκλησίας

305 981 567 1060 προστὰς,
627 978 682 1045 ὃς
739 1000 798 1034 τε
858 979 1002 1051 αὒτῷ
1056 979 1148 1035 καὶ
1206 980 1280 1042 εἷς
1362 978 1608 1036 Ἰωάννου
1673 979 1949 1058 συνεφοίτα

304 1080 400 1129 τοῦ
457 1068 842 1147 εὐαγγελιστοῦ
921 1066 1015 1124 καί
1074 1067 1351 1145 θεολόγου,
1412 1071 1499 1124 καὶ
1558 1067 1840 1143 δεσμώτην
1899 1065 1951 1131 ἐξ

307 1157 649 1238 Ἀντιοχείας
694 1157 961 1236 ἀγόμενον
1019 1159 1094 1221 εἷς
1158 1156 1376 1231 Ῥώμην
1421 1157 1728 1230 ἠσπάσατο,
1777 1159 1949 1219 καθὼς

2035 534 2173 584 sunt
2204 525 2536 585 certamina
2569 545 2582 584 :
2633 522 2693 584 hi
2727 534 2864 584 sunt
2898 523 3210 603 conspicui
3262 523 3393 602 ejus
3443 539 3682 584 at'nores

2036 613 2096 674 in
2129 612 2455 676 Christum.
2491 613 2560 674 Et
2610 611 2730 676 fert
2773 611 3185 673 testimonium
3225 611 3486 672 lrenaaus
3516 615 3679 693 Lug-

2036 708 2324 768 dunensis
2387 707 2730 787 episcopus,
2795 706 2882 765 vir
2939 705 3132 783 magni
3192 705 3524 779 faciendus,
3579 707 3680 785 qui

2035 795 2379 877 Theophori
2418 794 2632 857 crebro
2668 795 2964 856 meminit.
3000 793 3153 866 Quin
3187 794 3363 854 etiam
3398 795 3678 874 Polycar-

2036 904 2167 965 pus,
2209 887 2311 966 qui
2343 885 2702 964 Smyrnensi
2759 895 3011 962 praeerat
3042 883 3346 958 Ecclesia),
3390 885 3491 963 qui
3541 903 3674 944 cum

2035 994 2104 1036 eo
2138 973 2463 1036 ventitabat
2509 975 2582 1035 ad
2631 976 2920 1035 Joannem
2953 973 3374 1052 evangelistam
3409 983 3465 1033 et
3500 974 3674 1035 theo-

2031 1065 2273 1143 logum;
2312 1073 2372 1126 et
2401 1082 2535 1126 cum
2570 1063 2835 1142 captivus
2885 1065 3135 1126 Romam
3188 1062 3510 1124 duceretur
3548 1067 3678 1124 An-

2039 1154 2281 1229 tiochia,
2316 1173 2480 1227 eum,
2517 1155 2670 1215 sicut
2701 1153 3032 1224 diximuus,
3067 1152 3361 1229 salutavit,
3416 1153 3540 1214 haec
3569 1153 3681 1214 ali-

305 1247 412 1316 ἤδη
448 1250 537 1304 καὶ
581 1250 994 1322 μεμαθήκαμεν,
1042 1255 1261 1304 τοιαῦτα
1305 1269 1403 1304 που
1464 1248 1570 1304 τῶν
1618 1251 1778 1307 αὐτοῦ
1821 1248 1944 1326 γρά-

2038 1247 2172 1306 cubi
2205 1245 2553 1306 scribensin
2578 1244 2702 1305 suis
2728 1243 2998 1323 epistolis
3032 1264 3046 1303 :
3083 1243 3250 1320 Rogo
3282 1261 3406 1316 vos,
3441 1243 3679 1317 fratres,

307 1360 420 1415 φων
483 1336 781 1393 ἐπιστολῶν
816 1353 831 1368 ⁸

308 1439 438 1507 χεῖν
495 1429 582 1482 καὶ
632 1432 808 1482 πᾶσαν
871 1426 1149 1500 ὑπομονὴν
1207 1439 1418 1500 ασκεῖν,
1467 1428 1534 1494 ἣν
1607 1425 1778 1482 εἴδετε
1835 1425 1958 1482 κατ’

884 1335 1185 1414 Παρακαλῶ
1229 1338 1390 1411 ὑμᾶς,
1453 1336 1692 1417 ἀδελφοὶ,
1731 1341 1944 1415 πειθαρ-

2038 1342 2103 1396 ut
2136 1333 2456 1406 obediatis,
2510 1342 2570 1394 et
2610 1352 2847 1394 omnem
2901 1335 3245 1393 exercitetis
3273 1332 3676 1408 tolerantiam,

2040 1441 2212 1504 quam
2249 1424 2481 1485 vidistis
2510 1421 2722 1497 oculis,
2775 1441 2892 1482 non
2937 1423 3129 1482 solum
3177 1422 3237 1481 in
3269 1421 3385 1483 BB.
3424 1421 3676 1504 lgnatio,

305 1515 611 1595 ὀφθαλμοὺς
673 1518 732 1573 οὐ
793 1515 956 1591 μόνον
1009 1519 1066 1571 ἒν
1113 1529 1232 1580 τοῖς
1265 1517 1544 1593 μακαρίοις
1583 1514 1825 1592 Ἰγνατοῗῳ
1868 1511 1944 1572 καῖ

2041 1514 2195 1576 Rufo
2220 1521 2277 1576 et
2306 1513 2567 1587 Zosimo,
2593 1512 2700 1573 sed
2728 1512 2905 1573 etiam
2935 1513 2994 1572 in
3022 1512 3224 1572 multis
3242 1513 3370 1574 aliis
3394 1529 3464 1573 ex
3489 1511 3676 1587 vobis,

309 1597 517 1686 Ῥούφῳ
572 1607 659 1661 καὶ
717 1605 965 1679 Ζωσίμῳ,
1041 1605 1179 1661 ἀλλὰ
1237 1609 1325 1662 καὶ
1391 1606 1445 1661 ἐν
1491 1605 1674 1668 ἄλλοις
1720 1605 1950 1668 πολλοῖς

300 1709 420 1756 τοῖς
453 1695 505 1760 ἐξ
535 1697 684 1769 ὑμῶν
717 1696 811 1751 καί
859 1693 913 1749 ἐν
945 1696 1089 1768 αῦτῷ
1134 1695 1328 1767 Παύλῳ
1369 1697 1456 1751 καὶ
1510 1709 1626 1760 τοῖς
1660 1696 1751 1751 σὺν
1809 1699 1950 1768 αὐτῷ

295 1786 737 1859 πεπιστευκόσιν,
786 1783 866 1842 ὅτι
925 1785 1014 1840 καὶ
1059 1787 1201 1841 οὗτοι
1271 1785 1465 1849 πάντες
1517 1789 1612 1844 οῦκ
1665 1787 1740 1846 εἰς
1798 1786 1948 1840 κενὸν

299 1874 549 1953 ἔδραμον,
614 1873 733 1930 οὒδὲ
777 1875 851 1937 εἷς
909 1876 1063 1931 κενὸν
1108 1875 1421 1949 ἐκὸπίασαν,
1471 1874 1592 1931 ἀλλ’
1660 1875 1713 1929 ἐν
1773 1877 1946 1931 πίστει

299 1967 390 2021 καὶ
426 1963 731 2041 δικαιοσύνῃ
775 1971 845 2040 τῇ
890 1963 944 2020 ἒν
988 1965 1199 2042 Χριστῷ
1243 1963 1443 2030 Ἰησοῦ,
1497 1967 1590 2020 Διὸ
1636 1966 1723 2020 καὶ
1756 1968 1828 2029 εἷς
1856 1968 1948 2022 τὸν

301 2052 655 2134 ὀφειλόμενον
711 2054 877 2109 τόπον
934 2054 1062 2109 εἰσὶν
1120 2052 1235 2131 ἄρτι
1290 2054 1434 2132 παρὰ
1497 2055 1706 2132 Κυρίου,
1751 2055 1796 2129 ᾦ
1861 2056 1946 2111 καὶ

301 2143 595 2201 συνέπαθον
628 2159 642 2174 ’
707 2141 766 2199 οὗ
825 2143 925 2220 γὰρ
968 2145 1060 2200 τὸν
1105 2145 1192 2198 νῦν
1237 2145 1402 2199 αἷῶνά
1448 2143 1759 2221 ἠγάπησαν,
1808 2144 1947 2200 ἀλλὰ

299 2235 392 2290 τὸν
445 2231 576 2310 ὑπὲρ
631 2235 789 2307 ἡμῶν
830 2232 1161 2290 ἀποθανόντα
1207 2234 1290 2289 καὶ
1348 2233 1648 2289 ἀναστάντα
1695 2237 1940 2308 Χριστόν.

304 2321 453 2381 Οὕτω
512 2325 614 2398 μὲν
658 2324 747 2378 οὖν
795 2324 822 2378 ὁ
867 2325 1010 2388 θεῖος
1067 2321 1326 2400 Ἰγνάτιος
1359 2322 1413 2378 ἐν
1445 2337 1568 2386 ταῖς
1601 2326 1770 2398 ἱεραῖς
1803 2324 1945 2380 ὲκεί-

304 2433 408 2468 νωδ
458 2416 671 2490 ψυχαῖς
729 2413 929 2491 ἔκειτο,
988 2413 1077 2468 καὶ
1108 2413 1303 2488 θηρίων
1337 2411 1601 2488 γαστέρας
1634 2413 1806 2487 ἑαυτῷ
1857 2414 1944 2470 θέ-

307 2504 422 2557 σθαι
483 2501 649 2580 τάφον
725 2504 1084 2577 ἓπιθυμήσας,
1143 2501 1342 2579 ἀνδρῶν
1401 2500 1658 2582 φιλοθέων
1743 2501 1947 2575 μᾶλλον

301 2594 514 2669 ψυχαῖς
545 2605 816 2653 κατοικεῖ.

383 2679 497 2738 ιε’.
561 2680 812 2744 Βασιλεὺς
858 2679 912 2736 δὲ
970 2681 1228 2758 Τραϊανὸς
1281 2681 1347 2736 τὰ
1377 2681 1516 2737 κατὰ
1555 2681 1646 2737 τὸν
1681 2681 1945 2760 Θεοφόρον

297 2779 486 2828 τοῦτον
547 2768 802 2846 Ἰγνάτιον
857 2769 1076 2846 ὕστερον
1121 2771 1392 2849 ἓκμαθὼν,
1422 2770 1568 2834 ὅπως
1599 2791 1660 2848 γε
1689 2771 1944 2847 γενναίως

294 2861 392 2915 τὸν
455 2866 545 2916 τοῦ
603 2860 863 2938 μάρτυρος
924 2859 1082 2916 ἆθλον
1126 2860 1332 2915 ἀνύσειε
1383 2860 1472 2915 καὶ
1503 2859 1647 2923 ὅπως
1681 2861 1816 2916 κατὰ
1845 2861 1945 2927 τὴν

300 2948 506 3006 ἐκείνου
591 2953 772 3028 ψῆφον
846 2949 1044 3027 θηρίων
1115 2949 1243 3027 βορὰ
1303 2949 1536 3026 γένοιτο,
1609 2949 1838 3012 ἀκούσας
1890 2948 1943 3006 δὲ

294 3037 475 3095 πολλὰ
526 3039 617 3096 καὶ
687 3040 807 3116 περὶ
860 3045 966 3096 τῶν
1020 3040 1156 3094 κατὰ
1215 3039 1402 3119 χώραν
1457 3046 1811 3118 Χριστιανῶν,
1871 3041 1943 3100 ὡς

296 3126 398 3206 ἄρα
427 3125 574 3185 οὐδὲν
633 3129 778 3205 παρὰ
825 3128 945 3190 τοὺς
1011 3128 1206 3202 νόμους
1262 3129 1564 3205 πράττοιεν,
1620 3129 1831 3185 ἀνόσιόν
1886 3151 1944 3184 τε

299 3215 493 3294 δρῶσιν
521 3215 692 3290 οὐδὲν,
729 3215 848 3272 ἀλλ’
897 3216 1008 3292 ἅμα
1040 3215 1112 3291 ἕῳ
1143 3215 1536 3292 διανιστάμενοι
1597 3221 1828 3296 Χριστόν
1885 3239 1942 3274 τε

302 3309 377 3371 ὡς
435 3308 555 3363 rte»
611 3308 744 3363 Θεοῦ
803 3315 1185 3384 προσκυνοῦσιν
1243 3306 1553 3385 ἐγκράτειαν
1638 3329 1695 3362 τε
1767 3315 1940 3364 πᾶσαν

305 3395 560 3453 ἀσκοῦσιν
620 3393 674 3449 ἔν
733 3415 791 3451 τε
835 3395 1056 3472 βρωτῶν
1115 3393 1313 3468 ὁμοίως
1367 3395 1456 3450 καὶ
1498 3400 1676 3451 ποτῶν
1707 3395 1942 3470 μεταλή-

304 3488 422 3563 ψει,
493 3485 578 3540 καὶ
635 3485 734 3541 ὅσα
790 3485 954 3560 νόμος
1035 3485 1383 3563 ἀπαγορεύει,
1455 3485 1658 3541 τούτων
1734 3485 1940 3550 οὐδενὸς

301 3574 585 3653 ἅπτονται,
646 3584 810 3634 ταῦτα
885 3574 1094 3631 ἐκεῖνον
1170 3575 1470 3631 ἀκούσαντα
1526 3574 1813 3648 μετάνοιαν
1882 3595 1940 3630 τε

303 3663 559 3720 εἰσελθεῖν
616 3671 722 3722 τῶν
753 3662 856 3732 ἤδη
918 3667 1295 3743 γεγενημένων
1351 3666 1438 3721 καὶ
1497 3662 1670 3741 δόγμα
1701 3672 1941 3722 τοιοῦτον

301 3755 534 3811 ἐκθεῖναι
586 3753 822 3832 λέγεται,
898 3755 1038 3812 ὥστε
1095 3757 1156 3810 τὸ
1220 3761 1328 3811 τῶν
1390 3761 1718 3830 Χριστιανῶν
1778 3753 1939 3832 φῦλον

298 3844 638 3916 ἑκζητεῖσθσι
696 3845 796 3918 μὲν
862 3846 950 3901 καὶ
1008 3844 1276 3922 γνώριμον
1347 3851 1628 3924 πανταχοῦ
1686 3847 1934 3901 καθίστα-

298 3937 441 4010 σθαι,
493 3934 858 4011 εὑρισκόμενοι
914 3932 968 3990 δὲ
1037 3933 1114 4008 μή
1199 3934 1530 4013 ἀναιρεῖσθαι
1597 3933 1720 4008 μὲν,
1794 3933 1937 4002 πλὴν

295 4021 432 4100 μηδὲ
478 4022 638 4079 πάλιν
696 4023 870 4103 ἀρχὰς
925 4023 961 4090 ἣ
1016 4021 1285 4098 δημοσίων
1337 4023 1670 4100 πραγμάτων
1702 4021 1939 4103 ἐγχειρί-

292 4116 470 4184 ζεσθαι
525 4112 844 4182 διοικήσεις.
914 4112 1096 4177 Οὕτως
1143 4116 1247 4192 οὐχ
1297 4112 1334 4180 ἡ
1391 4113 1504 4183 ζωὴ
1533 4113 1696 4186 μόνον
1750 4111 1934 4190 Ἰγοια-

293 4213 429 4277 τίου,
462 4200 567 4268 ἤδη
598 4199 652 4256 δὲ
686 4203 773 4258 καὶ
805 4204 840 4269 ἡ
889 4201 1114 4269 τελευτὴ
1178 4201 1392 4259 πολλῶν
1444 4200 1694 4278 πρόξενος
1726 4201 1935 4281 ἀγαθῶν

297 4291 558 4364 κατέστη,
617 4291 880 4370 καύχημα
938 4295 1038 4357 τῆς
1091 4294 1144 4347 ὲν
1201 4295 1408 4368 Χριστῴ
1459 4292 1714 4364 πίστεως,
1781 4293 1936 4348 εὐσε-

297 4377 442 4443 ϐείας
501 4378 758 4454 ἐπίδοσις,
813 4379 1152 4456 παράκλησις
1221 4383 1352 4457 πρὸς
1438 4381 1559 4444 τοὺς
1618 4381 1754 4436 κατᾶ
1807 4382 1937 4437 Θεόν

2037 1603 2177 1663 etin
2201 1603 2332 1683 ipso
2357 1601 2564 1675 Paulo,
2599 1611 2657 1662 et
2685 1601 2755 1661 iis
2786 1602 2887 1682 qui
2921 1619 3054 1663 cum
3088 1601 3218 1681 ipso
3253 1599 3670 1664 crediderunt:

2035 1691 2193 1770 quod
2219 1693 2252 1752 ii
2282 1709 2493 1752 omnes
2517 1709 2632 1752 non
2659 1690 2719 1750 in
2754 1707 2970 1750 vanum
2993 1700 3448 1767 concurrerunt,
3480 1709 3680 1771 neque

2034 1783 2094 1842 in
2129 1799 2342 1842 vanum
2399 1780 2848 1853 laboraverunt,
2896 1779 3001 1840 sed
3052 1780 3113 1841 in
3165 1781 3280 1841 ﬁde
3333 1789 3391 1842 et
3417 1780 3674 1860 justitia,

2033 1889 2167 1950 qum
2199 1879 2286 1931 est
2335 1869 2395 1931 in
2431 1870 2667 1932 Christo
2690 1868 2855 1933 Jesu.
2905 1866 3307 1940 Quamobrem
3331 1877 3470 1931 sunt
3499 1872 3676 1931 etiam

2032 1961 2092 2020 in
2131 1960 2286 2034 loco,
2328 1959 2434 2037 qui
2464 1959 2551 2021 eis
2585 1957 2838 2021 debetur
2857 1958 3186 2032 aDomino,
3213 1977 3348 2019 cum
3379 1977 3496 2038 quo
3523 1962 3678 2038 passi

2030 2059 2189 2110 sunt.
2225 2047 2355 2111 Non
2381 2049 2541 2111 enim
2573 2066 2834 2129 praesens
2857 2048 3143 2110 saeculum
3179 2046 3541 2121 dilexerunt,
3570 2049 3675 2109 sed

2031 2136 2356 2213 Christum,
2385 2139 2488 2218 qui
2515 2157 2618 2220 pro
2640 2136 2814 2198 nobis
2839 2148 3109 2199 mortuus
3130 2148 3220 2200 est
3244 2148 3304 2199 et
3326 2138 3673 2201 resurrexit.

2029 2227 2126 2290 Sic
2176 2247 2317 2307 ergo
2369 2229 2517 2290 situs
2565 2238 2692 2290 erat
2741 2227 2978 2291 divinus
3027 2230 3291 2308 lgnatius
3369 2235 3425 2289 in
3490 2229 3678 2291 sacris

2030 2319 2270 2380 illorum
2305 2319 2567 2382 animis:
2623 2327 2680 2380 et
2728 2337 2864 2379 cum
2909 2319 3314 2381 desiderasset
3344 2317 3674 2380 bestiarum

2033 2419 2268 2470 ventres
2302 2409 2414 2470 sibi
2449 2408 2795 2487 sepulcrum
2839 2407 3107 2484 efﬁcere,
3148 2409 3210 2470 in
3246 2409 3476 2488 piorum
3511 2409 3673 2472 viro-

2033 2515 2162 2560 rum
2199 2500 2387 2578 magis
2417 2498 2646 2560 habitat
2673 2497 2919 2560 animis.

2110 2675 2262 2738 XIX.
2297 2679 2629 2757 Imperator
2658 2683 2859 2737 autem
2891 2676 3183 2754 Trajanus
3216 2693 3352 2738 cum
3379 2675 3454 2739 de
3479 2676 3672 2740 Theo.

2031 2765 2220 2844 phoro
2254 2766 2366 2828 hoc
2400 2763 2624 2842 Iguatio
2657 2774 2862 2846 postea
2892 2763 3222 2839 didicisset,
3252 2773 3312 2826 et
3333 2783 3510 2844 quam
3543 2766 3672 2827 for-

2031 2855 2167 2916 titer
2201 2854 2535 2935 peregisset
2563 2859 2674 2916 hoc
2706 2863 3009 2916 certamen
3047 2854 3346 2933 martyrii,
3396 2863 3454 2916 et
3485 2855 3666 2936 quod,

2029 2952 2090 3003 ut
2125 2945 2254 3024 ipse
2287 2947 2500 3007 tulerat
2531 2946 2912 3018 sententiam,
2937 2964 2971 3007 a
3000 2943 3207 3006 bestiis
3241 2944 3451 3006 fuisset
3483 2945 3670 3006 devo-

2028 3046 2214 3117 ratus,
2254 3045 2312 3098 et
2342 3039 2526 3100 multa
2558 3039 2736 3100 etiam
2784 3036 3104 3098 audivisset
3152 3037 3226 3098 de
3280 3035 3667 3114 Christianis,

2029 3127 2131 3206 qui
2162 3137 2332 3188 erant
2375 3129 2436 3188 in
2483 3131 2752 3208 regione,
2805 3128 2962 3208 quod
3008 3127 3240 3189 scilicet
3271 3127 3422 3188 nihil
3454 3135 3674 3209 praeter

1963 3195 2001 3245 C
2027 3195 2191 3296 leges
2223 3218 2511 3293 iacerent,
2549 3195 2890 3299 nequere'm
2925 3218 3106 3278 ullam
3137 3195 3668 3298 agerentimpiam;

2024 3308 2131 3368 sed
2176 3307 2442 3371 diluculo
2489 3319 2832 3387 surgentes,
2889 3316 2949 3370 et
2996 3305 3297 3369 Christum
3349 3307 3672 3369 adorarent

2026 3406 2306 3477 tanquam
2357 3396 2460 3461 Dei
2496 3399 2732 3472 Filium,
2768 3407 2829 3459 et
2869 3415 3106 3460 omnem
3142 3405 3498 3459 exercerent
3527 3397 3668 3459 abs-

2027 3487 2334 3548 tinentiam
2388 3493 2449 3548 in
2503 3487 2636 3549 cibo
2687 3499 2748 3547 et
2803 3489 2860 3546 in
2908 3496 3047 3566 potu
3076 3486 3394 3562 sumendo,
3429 3495 3488 3548 et
3517 3487 3668 3549 nihil

2028 3583 2343 3654 tangerent
2377 3596 2446 3637 ex
2481 3577 2555 3636 iis
2585 3594 2724 3654 quae
2751 3575 2843 3637 lex
2878 3573 3198 3654 prohibet;
3237 3594 3370 3637 cum
3406 3577 3530 3651 ille,
3567 3583 3665 3638 in-

2026 3684 2230 3742 quam,
2267 3667 2394 3728 haec
2424 3665 2778 3739 audivisset,
2814 3674 2872 3725 et
2921 3664 3135 3726 ductus
3181 3674 3269 3725 est
3319 3666 3668 3744 poenitentia

2025 3773 2255 3830 eorum,
2291 3772 2423 3834 qua:
2452 3754 2602 3816 facta
2645 3756 2902 3833 fuerant,
2956 3763 3015 3813 et
3046 3753 3264 3814 dicitur
3296 3753 3415 3814 tale
3445 3752 3665 3815 decre-

2025 3851 2148 3905 tum
2188 3844 2592 3926 proposuisse,
2631 3854 2688 3906 ut
2725 3862 2872 3920 gens
2906 3843 3148 3923 quidem
3185 3840 3662 3904 Christianorum

2023 3935 2436 4014 exquireretur
2469 3942 2526 3995 et
2559 3934 2840 3995 omnibus
2894 3941 3055 3994 esset
3098 3932 3377 4010 cognita;
3434 3934 3662 3996 inventi

2020 4031 2215 4086 autem
2251 4043 2368 4085 non
2403 4023 2926 4094 interﬁcerentur;
2961 4023 3065 4084 sed
3107 4041 3301 4101 neque
3349 4022 3662 4102 magistra-

2022 4123 2116 4176 tus
2143 4119 2447 4193 gererent,
2473 4132 2672 4190 neque
2696 4115 3074 4194 susciperent
3101 4112 3280 4175 ullam
3315 4112 3664 4194 reipublicaa

2021 4203 2624 4266 administrationem.
2654 4202 2754 4266 Sic
2785 4222 2902 4265 non
2933 4211 3046 4264 vita
3077 4203 3266 4265 solum
3302 4202 3662 4283 Ignatii,sed

2013 4294 2135 4374 jam
2165 4312 2324 4354 mors
2348 4295 2524 4354 etiam
2551 4294 2660 4354 fuit
2687 4297 3008 4354 multorum
3043 4293 3337 4354 bonorum
3368 4296 3661 4358 concilia-

2022 4383 2156 4464 trix,
2191 4381 2462 4461 gloriatio
2499 4381 2660 4456 ﬁdei,
2697 4402 2830 4463 quze
2862 4393 2950 4444 est
2979 4384 3040 4443 in
3072 4383 3332 4457 Christo,
3363 4401 3660 4462 augmen-

297 4468 491 4537 πόνους
549 4470 636 4526 καὶ
688 4468 787 4545 πρὸ
842 4476 1026 4545 καιροῦ
1069 4475 1212 4541 ζωῆς
1256 4471 1674 4550 καταφρόνησις,
1739 4469 1933 4548 ἐγκρά-

2031 4481 2141 4534 tum
2174 4472 2438 4553 pietatis,
2473 4473 2809 4535 adhortatio
2843 4473 2914 4534 ad
2967 4491 3069 4533 eos
3121 4475 3222 4553 qui
3261 4483 3398 4535 sunt
3431 4492 3501 4536 ex
3533 4473 3657 4536 Deo

296 4559 416 4614 τειά
458 4579 515 4615 τε
563 4565 669 4615 τῶν
727 4555 1002 4636 βλαϐερῶν
1054 4563 1142 4616 καὶ
1196 4560 1310 4637 βίου
1357 4559 1769 4636 καθαρειότητος
1803 4559 1934 4616 ἐπι-

2031 4561 2281 4637 labores,
2339 4571 2396 4622 et
2451 4563 2816 4642 contemptio
2876 4563 3004 4642 ejus
3059 4562 3214 4637 vitae,
3268 4581 3402 4644 quae
3452 4572 3541 4625 est
3584 4564 3659 4626 ad

297 4645 510 4722 μέλεια,
569 4648 750 4726 χάριτι
821 4649 909 4703 καὶ
967 4645 1330 4725 φιλανθρωπίᾳ
1386 4655 1477 4705 τοῦ
1533 4649 1718 4724 Κυρίου
1781 4651 1936 4723 ἡμῶν

2031 4661 2283 4731 tempus,
2317 4661 2374 4713 et
2405 4653 2777 4714 continentia
2809 4652 2880 4713 ab
2931 4651 3003 4714 iis
3035 4672 3168 4734 quae
3202 4662 3338 4715 sunt
3371 4655 3566 4730 noxia,
3603 4664 3662 4716 et

291 4735 472 4803 Ἰησοῦ
511 4742 759 4815 Χριστοῦ,
823 4734 942 4810 μεθ’
997 4739 1057 4792 οὗ
1094 4744 1170 4812 τῷ
1213 4738 1375 4816 Πατρῖ
1406 4735 1528 4802 δόξα
1560 4741 1755 4810 καὶτῷ
1798 4739 1935 4815 ἁγίῳ

2031 4741 2280 4801 studium
2313 4741 2445 4802 vita;
2478 4742 2749 4820 puritatis
2784 4761 2796 4800 :
2836 4742 3024 4820 gratia
3056 4752 3115 4804 et
3141 4743 3508 4822 benignitate
3536 4742 3659 4806 Do-

285 4826 374 4882 καὶ
432 4829 681 4900 ζωοποιῴ
738 4825 1030 4901 Πνεύματι,
1103 4833 1190 4884 νῦν
1258 4829 1346 4884 καὶ
1405 4827 1484 4883 ἀεὶ
1545 4829 1630 4881 καὶ
1686 4829 1758 4892 εἰς
1815 4829 1933 4892 τοὺς

2031 4829 2164 4890 rnini
2195 4829 2383 4890 nostri
2408 4829 2550 4892 Jesu
2583 4830 2828 4905 Christi,
2868 4851 3000 4893 cum
3035 4851 3150 4912 quo
3182 4833 3345 4896 Patri
3377 4832 3567 4911 gloria
3599 4840 3660 4893 et

286 4916 482 4978 αἰῶνας
508 4920 613 4972 τῶν
643 4916 877 4977 αἰώνων.
909 4913 1110 4990 Ἀμήν,

2031 4925 2221 4981 sancto
2252 4928 2312 4980 et
2346 4919 2577 4982 viviﬁco
2611 4922 2859 5002 Spiritui
2909 4941 3068 4983 nunc
3121 4931 3180 4984 et
3229 4939 3472 5001 semper
3505 4931 3561 4982 et
3592 4921 3654 4982 in

2015 5008 2231 5070 saecula
2263 5010 2644 5074 saeculorum.
2672 5013 2892 5075 Amen.
