4020 6206
497 281 650 352 1287

1766 280 2048 346 MENSIS
2085 271 2597 345 FEBRUABIUS.

3713 263 3827 337 1288

500 405 3785 434 ___________________—_______________.____—————

828 571 1006 680 DE

1142 567 1681 679 SANCTO
1807 566 2515 676 CORNELIO
2641 558 3556 674 CENTURIONE

1609 802 1840 868 EPISC.
1892 797 2294 865 C/ESAREIE
2343 800 2439 862 ET
2483 798 2760 864 SCEPSI.

965 965 1186 1035 (Seculo
1219 979 1259 1033 ι,
1292 963 1550 1020 Februarii
1582 964 1660 1020 die
1689 964 1743 1022 2.
1777 996 1840 1005 —
1871 965 2013 1020 Acta
2041 963 2364 1018 Sanctorum
2392 960 2650 1018 Bolland.
2683 960 2926 1018 Februar.
2961 966 3085 1015 tom.
3111 957 3157 1026 ί,
3190 975 3240 1030 p.
3274 955 3422 1023 279.)

911 1256 939 1335 §
983 1255 1028 1318 Ι.
1077 1254 1145 1318 S.
1197 1255 1471 1317 Cornelii
1500 1257 1728 1334 patria.

580 1371 642 1429 l.
680 1365 947 1427 Czesarea
972 1361 1465 1435 urhsPalestinaa,
1483 1362 1622 1422 olim
1641 1359 2149 1434 Stratonisturris,

2173 1259 2211 1306 A
2238 1256 2491 1312 exstant.
2526 1248 2600 1312 At
2624 1247 2731 1309 lib.
2766 1263 2843 1308 Lv
2893 1249 3000 1309 ista
3033 1245 3212 1308 habet
3244 1263 3259 1308 :
3304 1268 3325 1301 ι
3365 1242 3558 1307 Sextae
3605 1239 3728 1301 dua:
3759 1237 3848 1317 (le.

2238 1338 2490 1416 giones),
2525 1357 2639 1399 una
2668 1338 2728 1398 in
2756 1337 3028 1398 inferiori
3047 1334 3373 1408 Britannia,
3392 1329 3666 1403 Victrix;
3696 1328 3848 1390 altera

515 1417 2153 1532 negatae];{sint"retegente;nnis:

2260 1447 2301 1532 ξι
2330 1426 2532 1529 Judma
2560 1426 2795 1488 Ferreae
2829 1425 3113 1532 vocabulo
3147 1422 3422 1503 insignis.
3469 1445 3494 1522 ξ
3531 1418 3606 1480 Et
3635 1417 3846 1532 quibus-

517 1564 727 1608 norem
768 1542 1070 1606 Octaviani
1105 1541 1395 1622 principis
1422 1540 1848 1611 exandiiicata,»
1889 1546 1950 1600 ut
1975 1539 2156 1601 habet

517 1635 874 1698 Ammianus
907 1632 1284 1693 Marcellinus
1317 1631 1419 1690 lib.
1464 1649 1579 1703 xiv,
1616 1630 1776 1690 unde
1810 1638 1868 1691 et
1897 1628 2158 1707 appella-

516 1725 737 1786 tionem
771 1723 977 1783 sortita
1011 1743 1024 1782 :
1065 1731 1193 1801 post
1242 1746 1263 1776 (ι
1301 1720 1550 1780 Colonia
1580 1720 1796 1789 Flavia,
1850 1737 1884 1779 a
1933 1717 2156 1797 Vespa-

516 1816 684 1876 siano
718 1814 866 1893 imp.
903 1811 1180 1884 deducta,
1221 1835 1237 1863 ›
1270 1809 1349 1868 ait
1380 1808 1632 1870 Plinius.
1667 1808 1934 1871 Retinuit
1959 1815 2156 1868 tamen

518 1906 807 1965 Caesareae
835 1901 908 1962 ad
943 1908 1212 1975 posteros
1263 1915 1480 1958 nomen
1531 1919 1543 1956 :
1602 1898 1922 1958 Ptolomaeo
1967 1895 2088 1958 tab.
2120 1900 2160 1957 4

504 1994 684 2063 Astae,
749 1992 1040 2067 Καισάρεια
1100 1988 1457 2064 Στράτωνος,
1533 1985 1800 2048 (Σωεδτείι
1864 1986 2160 2047 Stratonis

505 2080 806 2148 Stratonis
863 2079 1045 2141 dicta.
1109 2077 1207 2137 Est
1259 2094 1328 2137 ea
1399 2075 1708 2136 nobilitata
1762 2075 2156 2155 plurimorum

509 2177 838 2250 martyrum
866 2169 1126 2248 tropaeis,
1157 2165 1490 2227 antistitum
1515 2164 1881 2238 eruditione,
1917 2183 1985 2225 ac
2011 2183 2159 2244 prae-

509 2261 717 2324 sertim
769 2259 1026 2340 primum
1073 2255 1252 2318 isthic
1300 2254 1578 2334 gentibus
1613 2253 1904 2334 patefacto
1935 2254 2157 2316 imme-

511 2351 670 2414 diato
702 2348 762 2410 in
795 2345 1125 2409 Ecclesiam
1152 2345 1452 2424 ingressu,
1496 2343 1772 2406 Cornelio
1804 2343 2162 2405 centurione

512 2459 621 2523 per
647 2437 1054 2518 apostolorum
1090 2435 1429 2514 principum
1467 2433 1830 2513 baptismate
1877 2433 2130 2494 initiato.

595 2531 655 2594 2.
688 2529 827 2590 Erat
862 2528 1016 2588 sicut
1047 2525 1255 2587 scribit
1277 2523 1335 2586 S.
1367 2523 1554 2585 Lucas
1578 2525 1710 2586 Act.
1742 2543 1799 2598 x,
1840 2549 1864 2580 α
1893 2524 2164 2585 centurio

519 2619 781 2684 cohortis
807 2636 940 2698 quae
972 2615 1196 2677 dicitur
1234 2614 1460 2677 Italica.
1511 2639 1534 2669 υ
1579 2613 1808 2686 Quibus
1853 2632 1920 2676 ex
1967 2614 2228 2676 verbisB

521 2710 748 2788 colligit
775 2706 1074 2770 Baronius
1097 2713 1139 2768 t.
1176 2706 1197 2767 Ι
1229 2704 1473 2778 Annal.,
1499 2722 1597 2765 an.
1625 2702 1846 2767 Christi
1875 2707 1977 2777 41,
2015 2723 2077 2764 n.
2103 2704 2164 2780 ἓ,

520 2820 655 2866 eum
690 2815 912 2878 genere
959 2798 1296 2860 Romanum
1345 2794 1557 2868 fuisse,
1592 2793 1814 2856 milites
1855 2793 2080 2871 Italos;
2114 2803 2172 2855 et

523 2891 766 2974 quidem
801 2906 871 2950 ex
905 2887 1139 2966 legione
1189 2895 1379 2958 sexta,
1429 2884 1718 2960 Ferrem,
1772 2884 1862 2947 vel
1907 2887 2172 2947 Perrata

523 2973 682 3044 dicta
738 3002 751 3037 :
819 2996 954 3039 nam
1002 2975 1357 3052 στρατόπεδον
1412 2978 1472 3032 τὸ
1527 2973 1806 3052 Σιδηροῦν,
1867 2974 2168 3053 legionem

523 3073 811 3136 Ferream
850 3067 910 3127 in
941 3065 1147 3129 Judaea
1186 3065 1537 3126 collocatam
1571 3064 1712 3125 inde
1744 3083 1776 3126 a
1803 3063 2172 3144 temporibus

522 3157 801 3240 Augusti,
827 3155 1038 3218 scribit
1070 3154 1178 3214 Dio
1210 3151 1449 3215 Cassius
1477 3152 1585 3216 lib.
1609 3170 1708 3214 LV.
1733 3154 1970 3216 Tacitus
2001 3153 2174 3235 plura

527 3251 602 3312 ab
634 3266 706 3311 ea
735 3253 901 3326 gesta
931 3244 990 3305 in
1021 3242 1198 3324 Syria
1241 3244 1647 3323 Armeniaque
1702 3242 1829 3322 (sed
1865 3252 2000 3323 post
2030 3243 2173 3306 Cor-

528 3337 676 3402 nelii
731 3331 1212 3413 conversionem)
1266 3341 1488 3396 narrat.
1542 3332 1904 3394 Chronicum
1949 3332 2173 3412 Hispa-

528 3429 765 3503 niense,
817 3423 974 3506 quod
1022 3422 1220 3484 Flavio
1277 3421 1495 3484 Dextro
1548 3423 1858 3484 ascribunt
1902 3431 2176 3486 auctores

533 3515 828 3587 moderni,
859 3513 930 3576 ad
965 3531 1186 3576 annum
1221 3511 1440 3574 Christi
1483 3513 1562 3575 4O
1613 3513 1954 3576 Cornelium
1989 3513 2172 3575 Itali-

528 3625 765 3674 censem
815 3605 978 3667 facit.
1039 3603 1240 3666 Italica
1298 3620 1517 3683 nempe
1569 3602 2177 3676 oriundum,Baaticaa

534 3698 706 3768 urbe,
780 3695 938 3758 unde
999 3703 1059 3755 et
1115 3699 1249 3773 post
1296 3693 1585 3773 Trajanus
1645 3703 1820 3774 atque
1877 3693 2180 3756 Adrianus

529 3789 749 3870 Imps.,
775 3786 951 3865 cujus
974 3783 1144 3845 urbis
1160 3784 1362 3844 ruinas
1388 3782 1464 3844 ad
1492 3782 1700 3845 B'etim
1735 3784 1982 3858 flumen,
2009 3784 2182 3846 leuca

538 3869 658 3942 una
689 3877 762 3940 ab
794 3869 1043 3955 Hispali,
1088 3875 1414 3934 etiamnum
1457 3873 1738 3951 spectari,
1775 3893 1842 3935 ac
1873 3872 2179 3953 Hispalim

2241 1517 2375 1578 dam
2407 1517 2762 1596 interjectis,
2798 1541 2816 1571 ι
2866 1514 3022 1577 Nero
3057 1515 3358 1594 legionem
3395 1511 3678 1591 primam,
3713 1504 3844 1596 [tali-

2243 1624 2369 1667 cam
2431 1595 2859 1686 nuncupatam,
2922 1604 3200 1676 instituit,
3257 1603 3319 1662 in
3373 1599 3665 1661 inferiore
3690 1595 3846 1686 Elysia

2244 1683 2653 1778 hyemantem.‘
2699 1745 2712 1758 .
2765 1741 2781 1757 .
2831 1745 2845 1757 .
2901 1738 2915 1754 .
2962 1693 3254 1772 Trajanus
3285 1688 3619 1778 secundam
3668 1683 3844 1763 Egyp-

2247 1777 2413 1860 tiam,
2475 1785 2837 1847 tricesimam
2897 1782 3364 1857 Germanicam;
3425 1777 3646 1860 quibus
3694 1792 3724 1835 ι
3767 1790 3845 1832 suo

2248 1883 2488 1938 nomine
2515 1875 2804 1956 imposuit
2834 1877 2910 1937 M.
2949 1872 3329 1935 Antoninus:
3387 1871 3531 1931 item
3568 1862 3843 1956 secundam

2241 1967 2304 2028 in
2335 1965 2572 2040 Norico,
2604 1953 2858 2028 tertiam
2893 1965 2952 2026 in
2984 1963 3237 2038 Rhaetia,
3287 1978 3422 2040 quae
3451 1958 3636 2022 etiam
3668 1953 3846 2014 Italicae

2242 2065 2550 2118 vocantur.
2588 2081 2614 2112 ι)
2651 2055 2739 2117 An
2772 2056 2870 2116 hic
2913 2053 3128 2116 mirum
3182 2051 3246 2112 in
3293 2050 3546 2111 modum
3596 2042 3844 2122 legionem

2242 2145 2502 2208 Italicam
2536 2147 2692 2207 inter
2722 2153 2966 2209 caeteras
2999 2141 3285 2204 micuisse
3328 2140 3434 2202 Dio
3469 2134 3760 2199 testatur?
3783 2127 3848 2187 An

2244 2235 2306 2297 in
2347 2235 2609 2298 Judaeam
2667 2235 2985 2296 deductam
3037 2231 3111 2294 ab
3165 2232 3430 2309 Augusto
3461 2245 3601 2308 quae
3632 2219 3848 2283 instituta

2243 2328 2511 2388 nondum
2544 2325 2720 2386 erat?
2749 2324 2826 2386 At
2855 2325 2904 2384 si
2937 2321 3138 2384 Italica
3166 2326 3314 2394 erat,
3353 2335 3487 2398 qua:
3509 2313 3764 2378 Judaeam
3784 2313 3848 2364 tu-

2248 2416 2477 2476 tabatur
2508 2415 2689 2494 legio,
2719 2413 2856 2495 quid
2882 2430 3127 2473 necesse
3150 2422 3278 2472 erat
3311 2407 3674 2495 peculiarem
3706 2412 3845 2495 quam

2249 2504 2409 2568 illius
2447 2486 2760 2567 cohortem
2807 2502 3070 2566 Italicam
3105 2486 3429 2580 appellari?
3465 2493 3688 2585 verum
3711 2486 3846 2585 Bis-af.

2249 2595 2378 2656 rius
2429 2594 2730 2658 cohortem
2789 2611 2859 2655 ac
2917 2573 3219 2672 legionem
3274 2583 3636 2658 coxifundit;
3687 2573 3850 2672 scribit

2253 2686 2463 2748 enim:
2531 2709 2552 2740 α
2611 2687 2678 2746 In
2725 2683 2928 2744 Judaaa
2976 2666 3096 2742 una
3142 2677 3478 2756 eademque
3531 2679 3656 2735 erat
3681 2666 3847 2730 cohors

2255 2773 2510 2836 militum
2541 2773 3076 2835 Romanorum.....
3109 2771 3236 2832 sola
3266 2767 3428 2830 enim
3453 2763 3674 2854 cohors
3699 2759 3845 2854 eam,

2252 2882 2389 2942 quae
2419 2871 2511 2926 est
2547 2863 2770 2936 Italica,
2826 2869 2886 2924 et
2928 2861 3192 2933 Ferrata,
3229 2858 3290 2919 in
3335 2847 3845 2942 Palaestina-Dione

2255 2935 2428 3029 teste,
2466 2953 2803 3031 degebat.»
2861 2951 3072 3014 Dionis
3115 2951 3237 3029 jam
3281 2945 3463 3008 verba
3515 2935 3845 3031 protulimnf'

2255 3045 2351 3108 An
2415 3022 2994 3105 tamvhonoriﬁcum
3048 3022 3255 3100 censet
3309 3022 3604 3107 Bivarius,
3658 3022 3842 3118 Christo

2257 3133 2620 3196 truculentas
2654 3149 2862 3193 manus
2892 3129 3189 3199 intulisse,
3224 3126 3282 3188 id
3306 3143 3552 3207 quoque
3569 3121 3734 3182 decus
3755 3123 3845 3171 suis

2254 3222 2580 3304 gentilibus
2606 3230 2898 3284 assertum
2921 3219 3104 3282 velit?
3131 3218 3220 3280 An
3243 3215 3482 3298 quando
3504 3209 3841 3304 Metthlxvlb

2257 3293 2613 3392 congregata
2659 3319 2748 3373 est
2781 3335 2806 3368 σ
2844 3310 3124 3371 universa
3155 3293 3392 3382 cohors,
3437 3330 3462 3362 ι
3497 3303 3676 3392 etiam
3718 3293 3843 3392 acciti

2257 3383 2403 3465 διιπῖ
2425 3383 2693 3466 Οῶεπθδ
2709 3419 2918 3463 omnes
2938 3399 3204 3462 Cornelii
3227 3397 3468 3470 milites,
3494 3394 3552 3455 si
3581 3386 3735 3452 unica
3753 3383 3843 3439 erat

2258 3497 2318 3557 in
2345 3492 2550 3556 Judaaa
2582 3493 2799 3554 cohors
2819 3489 2849 3530 "
2878 3491 3014 3554 Non
3051 3489 3391 3550 inﬁciamur
3423 3498 3626 3547 tamen
3659 3478 3840 3557 sectati

2259 3583 2515 3664 aliquam
2548 3582 2843 3662 legionem
2868 3581 3010 3659 legi,
3046 3588 3334 3642 versatam
3363 3577 3424 3638 in
3456 3573 3743 3656 Hispania,
3769 3556 3842 3624 sed

2262 3674 2336 3734 ab
2368 3675 2480 3735 hac
2511 3671 2754 3734 Ferrata
2781 3671 3108 3733 diversam.

2345 3777 2404 3841 3.
2432 3774 2703 3840 Validius
2725 3787 2817 3837 est.
2837 3771 3336 3856 aliquanto,quod
3363 3790 3431 3833 ex
3458 3770 3522 3834 S.
3547 3773 3841 3856 Hieronqu

2267 3866 2535 3932 Bivarius
2582 3867 2751 3928 affert
2803 3845 3241 3944 argumentum.
3301 3862 3413 3924 Hic
3469 3865 3644 3944 epist.
3694 3845 3843 3924 281d

540 3971 856 4048 antiquam
891 3944 1040 4035 dici,
1071 3962 1281 4023 scribit
1313 3944 1651 4024 Ludovicus
1681 3944 1911 4024 Nonius
1956 3944 2242 4043 Hispa-c
2269 3957 2581 4022 Lucinium
2636 3958 2948 4029 Beeticum,
2997 3955 3156 4048 inter
3196 3953 3308 4015 alia
3336 3951 3546 4014 scribit
3595 3974 3608 4018 :
3662 3975 3682 4010 α
3735 3944 3842 4048 Vere

539 4061 808 4137 niwcap.
848 4055 943 4118 Π.
978 4051 1178 4114 Multis
1206 4053 1576 4129 argumentis
1597 4051 1939 4113 Cornelium
1966 4051 2183 4114 Italicze

539 4148 844 4210 vindicare
891 4143 1098 4205 nititur
1144 4140 1511 4202 Franciscus
1540 4139 1806 4202 Bivarius
1838 4143 1898 4203 in
1944 4141 2066 4202 suis
2111 4143 2182 4204 ad

539 4237 691 4300 illud
723 4233 1061 4298 Chronicon
1095 4230 1580 4304 Commentariis,
1631 4232 1701 4292 ad
1755 4250 1850 4292 an.
1908 4231 2048 4295 Chr.
2083 4231 2182 4307 34,

544 4328 780 4391 Comm.
810 4327 869 4386 3.
902 4325 1146 4384 Sextam
1181 4319 1342 4382 enim
1381 4322 1701 4399 legionem,
1736 4321 1955 4383 Judzeee
1988 4321 2187 4402 impoo-

547 4419 719 4480 sitam
780 4415 852 4478 ad
913 4409 1278 4494 praesidium,
1337 4411 1602 4471 Italicam
1659 4411 1883 4488 fuisse;
1946 4415 2185 4474 Sextam

546 4505 930 4589 appellatam,
984 4503 1143 4583 quod
1178 4500 1332 4580 apud
1383 4501 1603 4561 Livium
1661 4501 1916 4581 uspiam,
1955 4503 2191 4579 provin~

549 4599 777 4660 ciarum
811 4595 988 4657 Sexta
1019 4593 1251 4654 dicatur
1281 4589 1561 4669 Hispania
1593 4591 1864 4661 ulterior,
1917 4591 2014 4651 ubi
2049 4593 2192 4653 urbs

548 4685 794 4749 Italica:
861 4681 1028 4763 quasi
1086 4699 1224 4742 vero
1285 4681 1438 4759 legio
1497 4680 1670 4742 tertia
1720 4678 1967 4752 Gallica,
2021 4680 2192 4741 tertia

553 4773 897 4858 Cyrenaica,
933 4780 1142 4852 quarta
1182 4769 1477 4850 Scythica,
1529 4768 1736 4858 quinta
1782 4771 2188 4844 Macedonica,

554 4856 908 4945 nuncupatas
940 4863 1079 4932 sint,
1107 4863 1246 4938 quia
1281 4858 1471 4922 Gallia
1503 4877 1570 4920 ac
1599 4856 1830 4936 Cyrene
1858 4861 2029 4921 tertia
2061 4877 2193 4938 pro-

555 4958 748 5019 vincia
779 4953 1026 5027 fuerint,
1062 4948 1297 5030 Scythia
1324 4956 1556 5029 quarta,
1591 4949 1797 5029 quinta
1828 4947 2191 5011 Macedonia.

557 5047 744 5120 Quam
801 5043 1020 5104 deinde
1081 5040 1226 5102 illud
1285 5038 1539 5100 ridicule
1590 5038 1664 5100 ab
1726 5058 1796 5100 eo
1855 5037 2188 5118 scriptum!

556 5139 831 5203 Micuisse
879 5155 1016 5198 vero
1071 5135 1282 5194 mirum
1337 5133 1398 5192 in
1448 5131 1688 5192 modum
1738 5130 2002 5192 Italicam
2040 5130 2198 5192 inter

561 5239 806 5293 caeteras
825 5227 1126 5289 Romanas
1149 5223 1418 5302 legiones
1451 5222 1650 5283 multis
1678 5229 1925 5282 testatur
1957 5220 2063 5283 Dio
2089 5220 2195 5282 lib.

563 5339 600 5376 ν
631 5320 790 5381 Hist.
826 5318 1109 5394 Romam,
1157 5314 1257 5393 qui
1291 5312 1468 5374 etiam
1501 5318 1708 5372 auctor
1737 5319 1848 5382 est,
1883 5309 1956 5370 ab
1990 5312 2197 5389 Augu-

566 5419 655 5471 sto
671 5407 900 5470 Caesare
923 5425 1051 5468 eam
1077 5406 1131 5466 id
1148 5403 1410 5466 Judaeam
1437 5401 1779 5463 deductam.
1806 5423 1827 5456 ι
1850 5396 2047 5462 Voluit
2069 5401 2204 5462 Dio-

567 5501 660 5561 nis
684 5516 750 5560 LV
778 5496 994 5558 librum
1021 5493 1227 5574 citare,
1253 5510 1389 5554 nam
1416 5490 1493 5555 34
1517 5491 1748 5571 priores
1771 5489 1910 5552 libri
1929 5490 2060 5571 ejus
2083 5509 2202 5553 non

648 5630 668 5675 1
716 5626 924 5688 Matth.
963 5639 1091 5698 vni,
1128 5623 1225 5683 Η.
1313 5622 1344 5672 2
1375 5626 1553 5685 Rom.
1588 5640 1682 5696 xv,
1720 5619 1819 5686 24.

2268 4067 2426 4110 nunc
2481 4049 2538 4107 in
2596 4057 2656 4107 te
2711 4063 2908 4107 sermo
2967 4043 3316 4107 Dominicus
3368 4042 3652 4123 impletus
3693 4032 3841 4103 est‘l

2269 4139 2449 4201 Multi
2483 4135 2558 4198 ab
2590 4135 2843 4199 Oriente
2873 4143 2926 4197 et
2965 4133 3285 4197 Occidente
3314 4134 3843 4208 uenient,etrcwm'

2270 4227 2407 4290 bent
2438 4228 2506 4288 in
2528 4228 2672 4287 sinu
2703 4224 2990 4287 Abram.
3019 4222 3356 4296 Cornelius,
3385 4223 3657 4285 centurio
3683 4215 3846 4282 cohor-

2272 4317 2346 4378 tis
2395 4315 2638 4392 Italicee,
2687 4316 2812 4396 jam
2865 4322 3004 4375 tunc
3051 4313 3286 4377 Lucinii
3335 4312 3452 4374 mei
3506 4300 3846 4393 praeﬁgurabat

2272 4407 2476 4469 fidem.
2514 4405 2835 4486 Apostolus
2881 4404 3099 4465 Paulus
3150 4401 3428 4465 scribens
3475 4403 3548 4464 ad
3594 4402 3845 4464 Romanos,

2279 4499 2429 4560 Cum
2479 4497 2698 4577 inquit,
2755 4496 2820 4557 in
2873 4495 3242 4574 Hispaniam
3294 4492 3612 4573 proﬁcisci
3656 4494 3843 4577 εωρειςθν

2274 4605 2448 4666 Spero
2471 4567 2632 4668 quod
2650 4567 3020 4666 praeteriens
3043 4567 3444 4657 videam—vos,
3475 4589 3530 4645 et
3557 4601 3596 4644 a
3622 4576 3762 4668 vobis

2275 4654 2930 4740 ducnr‘illuc'ilantis
2962 4660 3257 4737 fructibus
3279 4654 3653 4754 approbavit,
3678 4654 3850 4754 quidde

2273 4768 2376 4829 illa
2405 4765 2712 4848 provincia
2745 4770 3060 4846 quareret.
3089 4788 3111 4818 »
3149 4761 3271 4824 Cur
3299 4751 3458 4823 enim
3481 4781 3620 4825 vero
3639 4751 3848 4821 scribet!s

2275 4859 2347 4921 ad
2376 4847 2683 4919 hominem
2708 4853 3037 4935 Hispanum
3069 4852 3492 4933 Hieronymus,
3530 4847 3850 4935 referensqlff

2275 4947 2444 5010 Pauli
2498 4923 2834 5024 Hispanias.
2861 4942 3150 5006 adeundae
3195 4923 3562 5004 desiderium
3589 4990 3604 5016 ,
3655 4923 3849 5024 Cornelii

2281 5035 2575 5110 meminit,
2610 5016 2725 5095 nisi
2757 5033 2911 5114 quod
2946 5032 3006 5093 in
3047 5051 3117 5094 eo
3148 5030 3484 5112 Hispaniam
3516 5031 3697 5109 gentis
3721 5016 3848 5114 veil”!

2280 5106 2648 5190 consecratae
2671 5106 2947 5204 primitiae
2970 5125 3134 5182 sunt?
3164 5106 3313 5193 Quia
3341 5106 3539 5183 tamen
3563 5106 3848 5197 responden

2281 5225 2497 5300 potest,
2547 5216 2607 5276 in
2658 5212 2938 5277 Cornelio
2969 5220 3234 5293 apertam
3267 5210 3568 5288 gentibus,
3601 5208 3754 5271 etiam
3781 5207 3848 5300 re:

2288 5293 2574 5378 "motis,'ut
2599 5309 2771 5366 erant
2800 5302 3067 5382 Hispani,
3100 5301 3240 5362 ﬁdei
3265 5301 3509 5381 januam
3543 5317 3687 5370 esse,
3715 5293 3848 5382 eoque

2283 5399 2444 5460 illius
2472 5372 2547 5457 ab
2577 5372 2938 5473 Hieronymo
2970 5391 3043 5453 ad
3069 5372 3400 5472 Hispanum
3435 5391 3719 5453 scribente
3735 5372 3848 5473 rela-

2286 5496 2403 5551 tam
2435 5468 2929 5558 conversionem;
2973 5501 3082 5544 nos
3119 5468 3208 5564 (ut
3245 5501 3382 5545 cum
3414 5482 3700 5546 Rnderico
3726 5468 3846 5532 CI”:
