4060 6206
519 322 543 388 1
556 322 672 390 295

515 549 805 630 mysterii,
840 566 957 628 quo
989 555 1116 610 erat
1156 546 1488 609 initiandus
1515 548 1873 612 Cornelius:
1908 560 2011 612 aut
2039 570 2149 630 po-

514 639 629 700 tius
660 636 922 699 Cornelii
944 636 1234 716 justitiam
1258 643 1316 698 et
1336 654 1545 715 preces
1571 656 1690 699 non
1709 637 2005 719 despexit.
2030 638 2147 702 Sed

511 727 791 809 quoniam
824 726 864 787 ii
904 725 1006 806 qui
1050 733 1225 788 erant
1256 743 1327 788 ex
1361 725 1850 807 circumcisione,
1882 726 2146 791 disside-

508 819 655 880 bant
680 816 755 880 ab
786 816 861 879 iis
891 817 992 898 qui
1017 817 1319 883 habebant
1351 819 1707 898 praeputium
1736 840 1751 897 ;
1806 837 1883 882 ne
1930 818 2146 881 Petrus

506 923 637 983 eos,
672 905 773 987 qui
807 905 973 968 missi
997 915 1166 970 erant
1196 925 1230 968 a
1261 905 1565 982 Cornelio,
1616 916 1678 968 ut
1722 907 1824 989 qui
1855 907 2148 971 haberent

503 996 893 1078 praeputium,
926 1001 1229 1058 incassum
1260 1014 1468 1059 rursus
1508 997 1864 1072 remitteret,
1898 1004 2141 1077 propte-

504 1104 610 1150 rea
643 1085 800 1167 quod
834 1084 1001 1147 nefas
1027 1084 1141 1146 sibi
1174 1093 1407 1166 putaret
1436 1086 1720 1165 congredi
1753 1105 1888 1148 cum
1923 1085 2142 1149 alieni-

504 1194 678 1257 gena,
714 1183 816 1237 aut
850 1174 926 1238 ad
974 1193 1109 1237 eum
1159 1175 1493 1249 accedere;
1548 1194 1683 1237 cum
1741 1176 1828 1237 illi
1877 1176 2145 1239 Caesarea

504 1265 779 1348 profecti,
815 1283 935 1328 non
968 1264 1178 1346 procul
1203 1273 1407 1327 essent
1447 1264 1521 1327 ab
1550 1263 1766 1346 Joppe,
1795 1266 2056 1328 ostendit
2089 1267 2142 1329 ei

499 1358 662 1420 Deus
690 1353 952 1419 Cornelii
983 1356 1262 1418 virtutem
1297 1361 1356 1417 et
1384 1354 1780 1434 agnitionem.
1829 1353 1972 1416 Cum
2025 1355 2141 1416 ita-

505 1466 622 1529 que
650 1446 1025 1510 ascendisset
1055 1446 1117 1507 in
1145 1446 1518 1528 superiorem
1552 1444 1766 1507 domus
1798 1456 2050 1527 partem,
2077 1458 2146 1509 ut

502 1557 634 1619 quae
664 1538 813 1599 liora
857 1544 1021 1599 sexta
1057 1536 1226 1611 ﬁunt,
1279 1553 1489 1616 preces
1538 1535 1846 1611 redderet,
1900 1555 1966 1598 se
2008 1537 2142 1599 cibo

499 1628 753 1690 reﬁcere
798 1645 947 1707 opus
978 1625 1210 1701 habuit,
1268 1633 1328 1686 et
1376 1625 1614 1687 esuriit.
1664 1625 1910 1688 Interim
1942 1635 2141 1688 autem

499 1716 642 1779 dum
662 1716 838 1779 Petro
857 1714 1178 1796 parabatur
1199 1712 1390 1789 cibus,
1421 1712 1579 1775 videt
1602 1714 1814 1775 ccelum
1841 1722 2138 1795 apertum,

1781 323 2064 390 MENSIS
2100 320 2607 388 FEBRUARIUS.

594 459 666 523 ΙΙ.
702 458 819 522 Sed
856 475 968 521 nec
1001 476 1137 521 eum
1164 475 1398 539 quoque
1428 455 1654 519 dimisit
1684 459 1846 521 Deus
1875 459 2147 538 ignarum
2172 469 2209 519 Α

3731 319 3884 392 1296

2316 461 2376 518 BI
2432 460 2583 519 Ἀλλν
2677 460 2761 497 ρκλ
2863 465 2883 476 ι
3020 463 3032 483 ς
3090 467 3139 495 ιι-⁸
3278 461 3326 518 ιλ
3473 471 3499 481 ο
3704 466 3717 480 ο
3822 469 3834 483 ι

2382 503 2398 521 ο
2645 478 2763 518 0)οσ
2796 484 2980 520 τουτον
3014 485 3187 542 αφηιιε
3226 486 3294 521 πα
3336 486 3382 520 ιν
3431 486 3536 519 των
3594 488 3733 522 κατα
3787 489 3881 522 τον

2238 554 2525 630 Κορνήλιον
2586 552 2826 626 ἀμύητον
2873 554 2900 608 6
2934 554 3064 617 Θεός
3100 571 3116 588 ο
3176 552 3381 628 μᾶλλον
3430 551 3479 609 δὲ
3515 553 3631 610 οὐδὲ
3662 556 3759 623 τὴν
3787 560 3879 612 τοῦ

2236 640 2528 720 Κορνηλίω
2580 639 2943 722 δικαιοσύνην,
3002 640 3119 698 οὔδε
3166 644 3261 707 τὰς
3306 644 3620 723 προσευχὰς
3660 659 3876 722 περιεῖ-

2231 728 2316 787 δεν
2351 746 2364 761 ⁹
2401 730 2521 789 ἀλλ’
2554 730 2672 788 ἐπεὶ
2699 731 2747 786 οἱ
2778 733 2839 787 ἒκ
2880 731 3179 807 περιτομῆς
3227 729 3551 812 διεκρίνοντο
3594 736 3726 810 πρὸς
3756 736 3878 799 τοὺς

2230 817 2578 899 ἀκροϐυστίαν
2637 818 2887 900 ἔχοντας,
2950 819 3044 876 ’ίνα
3103 821 3182 896 μὴ
3241 822 3329 876 καὶ
3387 820 3542 884 οὗτος
3601 824 3725 886 τοὺς
3772 825 3875 879 ὑπὸ

2233 909 2525 989 Κορνηλίου
2603 909 2938 989 πεμφθέντας
3024 912 3098 973 ὡς
3184 908 3536 990 ἀκροϐόστους
3624 910 3872 981 διακενῆς

2228 998 2617 1075 ἀποπέμψαιτο
2660 998 2845 1078 πάλιν,
2881 999 2977 1055 οἶα
3008 1003 3066 1058 οὖ
3096 1000 3254 1074 θέμις
3280 1000 3340 1056 ὃν
3371 1006 3447 1073 τῷ
3510 1001 3689 1077 Πέτρῳ
3739 1001 3871 1058 κολα

2227 1086 2416 1145 λᾶσθαι
2465 1088 2500 1157 ἢ
2552 1088 2940 1166 προσέρχεσθαι
3005 1087 3297 1167 ἀλλοφύλῳ
3328 1107 3342 1120 ”
3376 1091 3448 1154 ὡς
3474 1088 3575 1157 ἤδη
3608 1090 3709 1159 τῆς
3743 1101 3875 1149 Και-

2228 1179 2439 1256 σαρείας
2471 1176 2769 1256 ἀπάραντες
2823 1177 3017 1234 ἐκεῖνοι
3071 1183 3131 1237 οὒ
3191 1177 3368 1256 πόῤῥω
3425 1178 3651 1246 Ἰόππης
3708 1179 3871 1260 ἦσαν,

2227 1265 2601 1345 παραδείκνυσι
2662 1269 2758 1322 καὶ
2821 1269 2963 1340 αὖτῷ
3021 1268 3119 1334 τὴν
3197 1267 3489 1347 Κορνηλίου
3532 1269 3730 1343 ἀρετὴν
3784 1277 3875 1330 καὶ

2230 1354 2325 1421 την
2374 1353 2661 1432 ἐπίγνωσιν
2720 1356 2746 1409 6
2797 1353 2950 1417 Θεός.
2999 1354 3270 1412 Ἐντεῦθεν
3304 1358 3328 1411 6
3360 1357 3460 1428 μὲν
3490 1355 3574 1413 ἐπὶ
3600 1358 3662 1412 16
3690 1355 3873 1433 δωμᾶ-

2225 1464 2338 1500 τιον
2389 1440 2608 1515 ἀναϐὰς,
2661 1440 2745 1523 ἔφ’
2788 1444 2833 1519 ᾧ
2864 1445 2958 1508 τὰς
2992 1444 3078 1502 ἐπὶ
3110 1451 3178 1521 τῇ
3210 1444 3341 1522 ἕκτῃ
3373 1446 3485 1524 ὥρᾳ
3528 1448 3693 1526 εὒχάς
3723 1447 3871 1504 ἀπο-

2226 1532 2338 1607 δῴη
2373 1533 2508 1589 κατὰ
2541 1533 2730 1612 χρείαν
2759 1555 2814 1589 τε
2847 1539 3051 1613 τροφῆς
3105 1534 3342 1612 ἐγεγόνει
3401 1538 3489 1591 καὶ
3547 1538 3869 1610 πρόσπεινος

2225 1622 2314 1690 ἧν,
2352 1620 2441 1679 Ἐν
2473 1620 2582 1695 ὅσῳ
2611 1620 2665 1677 δὲ
2717 1623 2748 1690 ἦ
2794 1624 3027 1688 ἑστίασις
3061 1626 3137 1697 τῷ
3193 1623 3373 1701 Πέτρῳ
3421 1626 3866 1706 παρεσκευάζετο,

2226 1713 2321 1788 ὁρᾷ
2348 1712 2441 1767 τὸν
2472 1710 2692 1790 οὐρανὸν
2724 1711 2862 1787 ἀνεῳ
2878 1710 3022 1790 (ότα,
3055 1714 3143 1768 καὶ
3200 1713 3388 1774 σκεῦός
3450 1737 3499 1770 τι
3558 1716 3631 1777 ὡς
3675 1716 3869 1780 ὀθόνην

496 1813 555 1868 et
582 1824 680 1868 vas
701 1806 1026 1887 quoddam,
1065 1814 1344 1885 tanquam
1376 1822 1656 1881 magnum
1685 1802 1960 1878 linteum,
1996 1823 2113 1881 qua

2225 1801 2471 1878 μεγάλην
2529 1798 2810 1877 τέσσαρσιν
2867 1800 3071 1881 ἀρχαῖς
3117 1801 3203 1857 ἐπὶ
3248 1802 3347 1869 τῆς
3390 1803 3492 1878 γῆς
3552 1803 3867 1879 καθιέμενον

499 1902 635 1955 tuor
664 1895 851 1957 initiis
883 1895 943 1956 in
970 1902 1186 1956 terram
1219 1893 1481 1973 demitti,
1513 1893 1659 1956 etad
1686 1893 1879 1973 ipsum
1904 1893 2132 1955 venire.

498 1980 615 2045 Vas
645 1991 843 2046 autem
877 1982 1221 2045 continebat
1251 1980 1495 2057 bestias,
1550 1991 1665 2044 tam
1719 2001 1930 2045 omnes
1965 1990 2137 2045 terra

496 2072 943 2154 quadrupedes,
997 2080 1055 2134 et
1103 2071 1372 2152 reptiles,
1431 2090 1606 2152 quam
1661 2072 1931 2133 volucres
1979 2071 2133 2135 caeli.

499 2163 747 2243 Voxque
774 2181 844 2225 ex
881 2162 983 2223 illo
1015 2164 1143 2224 visa
1193 2168 1284 2223 est
1338 2160 1415 2224 ad
1475 2178 1610 2222 eum
1644 2161 1834 2236 exire,
1868 2161 2079 2223 dicens
2114 2182 2128 2223 :

2220 1890 2309 1945 καὶ
2352 1891 2426 1953 ὣς
2476 1888 2633 1945 αυτόν
2689 1890 2826 1957 ἧκον
2861 1905 2874 1919 ⁸
2923 1892 2984 1946 τὸ
3029 1889 3081 1946 δὲ
3129 1898 3316 1954 σκεῦος
3376 1892 3439 1947 τά
3471 1913 3527 1947 τε
3556 1894 3711 1972 θηρία
3770 1896 3862 1949 καὶ

2217 1980 2285 2035 τὰ
2343 1977 2642 2050 τετράποδα
2682 1983 2779 2048 τῆς
2825 1985 2929 2057 γῆς
2974 1982 3149 2036 πάντα
3193 1984 3292 2037 καλε
3342 1982 3407 2037 τὰ
3453 1982 3648 2059 ἑρπετὰ
3680 1983 3772 2039 καὶ
3800 1985 3867 2039 1‘1

2218 2070 2434 2125 πετεινά
2493 2066 2586 2123 τοῦ
2644 2070 2867 2146 οὐρανοῦ
2925 2068 2979 2124 ὲν
3039 2069 3212 2140 ἐαυτῳ
3256 2070 3412 2149 εἶχε,
3466 2071 3554 2125 καὶ
3601 2073 3754 2148 φωνή
3784 2092 3865 2136 τις

2218 2157 2422 2214 ἐκεῖθεν
2454 2157 2643 2223 ἐξιέναι
2674 2161 2804 2236 πρὸς
2840 2158 2996 2214 αυτὸν
3053 2156 3225 2215 ἐδόκει
3266 2179 3278 2192 ’
3342 2180 3366 2214 ε
3405 2160 3686 2239 Ἀναστὰς,
3752 2160 3864 2216 Πέ-

500 2275 525 2308 ‹ι
567 2251 786 2334 Surge,
826 2251 1023 2327 Petre,
1062 2258 1254 2313 macta
1285 2258 1343 2312 et
1365 2252 1630 2313 comede.
1677 2275 1699 2308 υ
1738 2249 1970 2314 Deinde
1996 2269 2128 2313 cum

2217 2270 2331 2328 τρε,
2364 2247 2616 2327 λέγουσα,
2650 2251 2805 2305 θῦσον
2836 2249 2923 2304 καὶ
2954 2249 3089 2329 φάγε
3125 2272 3152 2303 ι
3195 2271 3223 2303 α
3249 2247 3520 2324 Μηδαμῶς
3550 2274 3572 2307 ι
3611 2247 3666 2305 δέ
3690 2253 3861 2323 αὖτῷ,

491 2343 542 2404 is
589 2341 861 2417 dixisset,
916 2364 939 2399 ι
1002 2344 1418 2422 Nequaquam,
1480 2340 1755 2415 Domine;
1816 2366 1837 2397 ι
1893 2349 1952 2403 et
1995 2360 2128 2403 cum

2222 2339 2477 2415 «dete,)
2516 2339 2744 2417 εἱπρντι,
2777 2342 2898 2395 εἶτα
2930 2340 3021 2394 καί
3053 2339 3150 2405 τὴν
3181 2340 3349 2393 αἰτίαν
3372 2338 3673 2417 προσθέντι·
3717 2344 3861 2419 (06,

492 2431 714 2495 deinde
763 2432 941 2494 etiam
997 2449 1235 2493 causam
1286 2428 1653 2511 ,adjecisset,
1717 2454 1743 2485 σ
1808 2428 2128 2508 Nunquam

2220 2428 2483 2502 Δέσποτα,
2534 2429 2658 2509 γὰρ,
2705 2426 2896 2507 φησίν,
2943 2426 3142 2507 ἔφαγον
3189 2433 3293 2484 πᾶν
3338 2430 3515 2485 κοινὸν
3567 2427 3685 2488 οὐδὲ
3719 2429 3863 2486 ἀδιά-

489 2521 672 2595 enim,
708 2520 922 2601 inquit,
967 2520 1200 2581 comedi
1255 2537 1432 2580 omne
1483 2537 1807 2581 commune
1859 2526 1961 2581 aut
2011 2521 2128 2580 im-

2215 2521 2421 2595 θαρτον,
2461 2541 2486 2570 n
2555 2519 2588 2584 ἡ
2648 2518 2800 2596 φώνή
2862 2516 3185 2594 ἀπεκρίνατο
3229 2515 3391 2573 πάλιν
3425 2534 3438 2548 ·
3477 2542 3501 2572 ι
3534 2517 3607 2574 ⁶Α
3659 2520 3686 2574 ὁ
3729 2521 3862 2580 Θεὸς

488 2610 778 2672 mundum
818 2636 871 2683 ›,
926 2627 1035 2671 vox
1089 2614 1144 2671 ei
1202 2626 1410 2671 rursus
1469 2608 1838 2690 respondit:
1897 2633 1924 2667 σ
1987 2607 2128 2682 Qum

2215 2606 2552 2685 ἀκαθαρισεν,
2612 2606 2690 2680 μὴ
2749 2607 2930 2663 κοίνου
2981 2607 3063 2664 σύ.
3103 2630 3132 2662 ιι
3173 2609 3270 2664 Καὶ
3312 2613 3467 2663 τοῦτο
3498 2606 3586 2663 ἐπὶ
3614 2610 3730 2686 τρὶς
3763 2630 3861 2685 γε-

484 2697 645 2762 Deus
686 2699 1012 2774 mundavit,
1046 2706 1104 2760 tu
1137 2716 1212 2760 ne
1245 2696 1469 2761 dixeris
1495 2698 1858 2761 communia.
1890 2722 1912 2754 ιι
1943 2697 2123 2762 Cum-

2215 2697 2390 2774 γονὸς,
2444 2696 2517 2761 εἰς
2573 2697 2667 2750 τὸν
2723 2696 2943 2773 οὗρανὲν
3001 2697 3062 2751 τὸ
3116 2702 3302 2758 σκεῦος
3334 2694 3608 2775 ἀνελήφθη
3672 2697 3857 2761 πὲλιν,

486 2809 603 2870 que
635 2791 746 2853 hoc
778 2799 869 2852 ter
896 2789 1113 2852 factum
1150 2796 1330 2861 esset,
1361 2804 1466 2850 vas
1507 2805 1716 2850 rursus
1753 2796 2123 2868 assumptum

2215 2787 2283 2843 T6
2318 2784 2372 2841 δὲ
2436 2784 2535 2862 ἄρα
2600 2785 2691 2851 τὴν
2734 2783 3058 2870 ἐπιστροφὴν
3107 2783 3398 2864 Κορνηλίου
3452 2789 3537 2842 καὶ
3596 2793 3703 2842 τῶν
3769 2789 3859 2843 σὺν

487 2864 662 2942 estin
694 2882 935 2942 caelum.
969 2880 1097 2941 Hoc
1128 2885 1328 2939 autem
1360 2876 1733 2955 signiﬁcabat
1775 2864 2125 2939 conversio-

2215 2875 2355 2949 αὐτῷ
2411 2873 2702 2944 ὑπεδήλου.
2753 2864 2818 2931 Ἠ
2864 2864 2977 2948 μὲν
3004 2877 3104 2954 γὰρ
3146 2882 3245 2942 της
3306 2881 3506 2955 τροφῆς
3535 2883 3630 2933 τοῦ
3661 2878 3860 2955 Πέτρω

485 2987 623 3031 nem
657 2969 941 3043 Cornelii,
972 2976 1030 3030 et
1055 2986 1264 3029 eorum
1299 2966 1401 3043 qui
1435 2974 1605 3027 erant
1632 2985 1767 3027 cum
1801 2972 1955 3048 ipso.
1979 2965 2122 3028 Nam

2215 2965 2365 3044 χρεία
2423 2964 2521 3031 τὴν
2582 2963 2783 3021 ἐκείνου
2841 2967 2958 3042 περὶ
3002 2966 3101 3033 τὴν
3161 2963 3430 3021 εὗσεϐειαν
3488 2967 3742 3045 πρόθεσιν
3775 2970 3861 3026 παῖ

487 3059 718 3121 esuries
749 3058 1015 3139 quidem,
1055 3074 1173 3136 qua
1204 3055 1510 3117 laborabat
1551 3058 1792 3130 Petrus,
1825 3056 2126 3133 signiﬁca-

2215 3059 2305 3122 τὴν
2366 3052 2602 3122 σπουδὴν
2670 3055 3005 3129 ὑπεσήμαινε
3039 3074 3052 3088 ’
3126 3058 3215 3111 καὶ
3287 3056 3361 3117 ὼς
3431 3055 3643 3120 οὐδενὸς
3701 3060 3857 3122 οὗτος

487 3146 586 3208 bat
617 3149 778 3210 illius
809 3148 869 3241 i_n
900 3147 1178 3241 pietatem
1223 3145 1623 3241 pr-Opositum
1644 3145 2034 3241 et_s_tudium;
2069 3155 2125 3207 et

2215 3153 2461 3203 τοσοῦτον
2504 3143 2706 3216 ἐπείνα,
2753 3141 2871 3200 οὐδὲ
2924 3145 3134 3224 ἠφίετο,
3195 3147 3269 3209 ὡς
3314 3144 3411 3213 τῆς
3454 3146 3563 3202 τῶν
3609 3145 3854 3203 ἀπίστων

487 3237 645 3317 quod
683 3240 731 3297 is
762 3236 910 3297 nihil
944 3235 1094 3297 adeo
1142 3233 1444 3296 esuriebat
1487 3248 1546 3296 et
1591 3233 1994 3314 desiderabat,
2029 3246 2122 3296 at-

2215 3232 2571 3313 ἐπιγνώσεως²
2617 3235 2704 3290 καὶ
2755 3243 2849 3293 τοῦ
2888 3235 2986 3302 τὴν
3029 3232 3296 3293 εὐσέϐειαν
3347 3237 3602 3295 ἑκάστοτε
3652 3238 3750 3293 καί
3796 3239 3856 3294 16

484 3345 601 3406 que
635 3326 965 3387 inﬁdelium
1013 3323 1400 3403 agnitionem,
1456 3332 1513 3385 et
1570 3323 1658 3385 eis
1704 3324 1949 3386 omnino
1980 3323 2123 3387 dare

2215 3323 2457 3402 κήρυγμα
2512 3325 2606 3379 τοῦ
2665 3322 2990 3400 Εὗαγγελίου
3059 3322 3374 3387 ἐπιδιδόναι.
3420 3327 3496 3384 Τὰ
3538 3323 3595 3382 δὲ
3656 3328 3856 3405 τετρᾶ-

484 3434 688 3478 verum
738 3414 849 3477 Dei
882 3414 1110 3476 cultum
1165 3422 1221 3474 et
1262 3412 1743 3494 praedicationem
1794 3413 2118 3494 Evangelii.

2215 3408 2366 3487 ποδα,
2412 3411 2497 3466 καὶ
2546 3411 2609 3467 τὰ
2652 3412 2843 3490 ἐρπτά,
2893 3418 2982 3470 καὶ
3013 3413 3079 3469 τὰ
3104 3415 3320 3471 πετεινά
3351 3421 3444 3473 τοῦ
3475 3413 3719 3484 πλήθους
3752 3424 3855 3473 τῶν

482 3505 912 3586 Quadrupedes
935 3513 1135 3565 autem
1157 3513 1215 3564 et
1234 3513 1549 3585 serpentes
1572 3522 1640 3566 ac
1652 3504 1933 3568 volucres
1955 3513 2122 3566 erant

2215 3501 2339 3556 1.115:
2408 3499 2698 3578 Κορνηλίου
2776 3501 3086 3575 μελλόντων
3157 3504 3488 3585 ἐπιστρέφειν
3556 3508 3853 3584 τεκμήριον

480 3596 715 3676 signum
743 3593 1143 3657 multitudinis
1162 3608 1368 3656 eorum
1396 3594 1500 3676 qui
1532 3603 1701 3655 erant
1731 3595 2118 3657 convertendi

2215 3591 2268 3659 ἧν
2300 3606 2315 3622 ⁸
2376 3592 2438 3647 16
2482 3590 2537 3646 δὲ
2583 3592 2669 3647 ιιαὶ
2711 3592 2819 3668 τρίς
2877 3593 3117 3649 καθίσθαι
3160 3601 3252 3650 τοῦ
3284 3595 3507 3674 οὖρανοῦ
3540 3596 3601 3652 τὸ
3635 3604 3846 3673 σκεῦος,

480 3708 613 3750 cum
647 3688 952 3751 Cornelio.
1003 3688 1121 3748 Vas
1150 3694 1346 3748 autem
1380 3707 1411 3747 e
1443 3686 1594 3749 cmlo
1641 3695 1732 3748 ter
1762 3688 2116 3764 demissum,

477 3782 854 3862 signiﬁcabat
908 3787 1147 3845 tertiam
1206 3781 1267 3842 in
1322 3780 1614 3859 baptismo
1648 3781 2115 3844 demersionem.

475 3872 792 3935 Mundatas
820 3878 1016 3933 autem
1052 3889 1153 3932 eas
1182 3889 1313 3931 esse
1346 3887 1380 3930 a
1409 3872 1551 3946 Deo,
1577 3869 1951 3949 significabat
1978 3873 2120 3934 Cor-

475 3962 621 4025 nelii
663 3962 951 4042 justitiam
1008 3965 1069 4023 et
1120 3958 1602 4021 misericordiam
1657 3979 1791 4021 cum
1844 3961 2118 4023 universa

475 4052 677 4128 domo,
719 4058 779 4112 et
803 4050 962 4132 quod
992 4049 1036 4110 ii
1066 4066 1306 4130 quoque
1343 4049 1465 4109 Deo
1507 4051 1740 4130 accepti
1774 4058 2114 4115 evaserunt.

554 4143 660 4204 Ill.
684 4139 989 4219 Cogitante
1012 4149 1208 4201 autem
1230 4136 1496 4211 Petro,et
1528 4157 1645 4201 non
1671 4139 1904 4202 valente
1929 4140 2114 4202 visio-

472 4247 610 4291 nem
638 4230 962 4309 conjicere,
999 4228 1100 4311 qui
1134 4227 1299 4289 missi
1332 4227 1565 4290 fuerant
1597 4246 1629 4289 a
1662 4229 2107 4310 Cornelio,jam

2202 3682 2264 3737 16
2325 3682 2539 3759 τρισσὸν
2594 3686 2692 3748 τῆς
2750 3681 2803 3738 ἐν
2849 3689 2926 3755 τῷ
2974 3683 3315 3758 βαπτίσματῖ
3367 3683 3710 3742 καταδύσεως
3742 3688 3847 3743 ὓπ-

2202 3771 2443 3845 ῃνίττετο
2476 3788 2491 3805 ·
2551 3772 2607 3826 τὸ
2647 3769 2702 3826 δὲ
2745 3773 3115 3849 κεκαθαρίσθαι
3178 3774 3308 3832 αὐτὰ
3349 3775 3491 3852 παρά
3536 3781 3629 3831 τοῦ
3687 3782 3844 3849 Θεοί),

2200 3861 2300 3927 τὴν
2352 3859 2693 3927 δικαιοσύνην
2750 3859 3046 3938 Κορνηλίου
3104 3864 3190 3919 καὶ
3224 3864 3315 3918 τὸν
3347 3861 3496 3919 ἔλεον
3551 3865 3644 3919 σὺν
3688 3869 3847 3920 παντὶ

2200 3950 2276 4023 τῷ
2327 3946 2467 4024 οἴκῳ
2514 3947 2732 4020 ἐδήλου·
2769 3951 2854 4006 καὶ
2885 3951 2959 4013 ὡς
2990 3948 3089 4030 ἄρα
3122 3949 3299 4009 δεκτοὶ
3326 3952 3403 4026 τῷ
3435 3959 3549 4028 Θεῷ
3578 3954 3668 4010 καὶ
3698 3975 3846 4011 οττοι

2199 4039 2514 4117 γεγένηνται
2525 4087 2538 4101 .

2278 4140 2365 4202 Γ¹.
2445 4143 2883 4219 Διενθυμουμένῳ
2965 4145 3139 4202 τοίνυν
3198 4150 3276 4219 τῷ
3347 4145 3549 4223 Πέτρῳ,
3611 4148 3704 4204 καὶ
3765 4148 3843 4222 μὴ

2194 4245 2429 4289 συνεῖναι
2486 4232 2582 4301 τὴν
2631 4230 2754 4309 ὄψιν
2811 4232 2948 4309 μηδὲ
3006 4233 3306 4309 συμϐαλεῖν
3363 4235 3572 4316 ἔχοντι,
3631 4238 3681 4292 οἱ
3739 4239 3843 4292 ὑπὸ

470 4319 545 4382 ad
567 4320 1043 4381 foresvenerant.
1074 4318 1145 4381 Et
1168 4317 1437 4398 protinus
1458 4317 1734 4382 incidens
1755 4319 2035 4399 Spiritus,
2054 4328 2113 4382 et

2215 4320 2493 4400 ἰορνηλίου
2552 4322 2834 4387 σταλέντες
2913 4325 3043 4403 πρὸς
3101 4338 3220 4390 ταῖς
3279 4327 3458 4402 θύραις
3525 4326 3660 4393 ἧκον
3705 4326 3837 4402 ἤδη,

466 4409 709 4472 illorum
735 4409 1052 4471 adventum
1080 4407 1395 4488 signiﬁcat,
1424 4416 1482 4469 et
1517 4408 1691 4488 jubet
1730 4407 1971 4470 Petrum
2007 4428 2109 4471 eos

2215 4413 2278 4469 ιαὶ
2308 4414 2368 4469 τὸ
2400 4418 2614 4488 Πνεῦμα
2645 4412 2871 4473 ἐπιπτὰν
2903 4413 3089 4471 αὒτίκα
3120 4416 3220 4484 τήν
3270 4435 3329 4472 τε
3388 4414 3564 4497 ἄφιξιν
3621 4416 3842 4473 ἐκείνων

470 4499 792 4562 convenire
826 4498 1072 4559 minime
1104 4497 1502 4559 haesitantem.
1535 4500 1732 4578 Atque
1759 4498 1813 4558 ei
1839 4498 2103 4578 quidem,

2215 4503 2381 4569 ιηνύει
2417 4518 2430 4532 ⁸
2487 4504 2573 4559 καὶ
2618 4502 2891 4560 συνελθεῖν
2944 4506 3128 4568 αὐτοῖς
3180 4505 3454 4585 ἐπιτρέπει
3484 4507 3575 4563 τὸν
3638 4506 3841 4585 Πέτρον

467 4607 605 4650 cum
632 4588 704 4650 ad
732 4607 838 4649 eos
868 4586 1302 4658 descendisset,
1336 4606 1465 4667 quae
1491 4586 1733 4649 vidisset
1763 4586 2098 4664 Cornelius,

2215 4590 2367 4659 ιηδὲν
2426 4590 2847 4670 διακρινόμενον.
2896 4594 3025 4650 Τότε
3057 4595 3155 4668 μὲν
3181 4592 3247 4662 δὴ
3282 4598 3408 4674 πρὸς
3442 4596 3629 4659 αὐτοὺς
3662 4618 3840 4652 Δατα-

466 4684 526 4739 et
557 4695 690 4756 quae
707 4675 780 4737 ab
799 4676 1006 4755 angelo
1030 4676 1583 4746 audivisset,omnia
1601 4677 1965 4739 renuntiant.
1992 4679 2103 4741 Ita-

463 4785 582 4848 que
604 4767 700 4829 die
719 4766 997 4843 sequenti
1017 4766 1192 4826 simul
1211 4766 1459 4827 veniunt
1477 4770 1832 4831 Caesaream.
1851 4769 1995 4830 Cum
2016 4769 2103 4831 eis

463 4866 667 4920 autem
700 4857 934 4918 obviam
961 4855 1357 4937 processisset
1377 4856 1714 4930 Cornelius,
1736 4870 1791 4917 et
1816 4858 2103 4938 procidis.

459 4952 551 5008 set
571 4945 644 5007 ad
667 4946 798 5026 ejus
816 4945 1022 5026 pedes,
1050 4944 1221 5024 erigit
1244 4963 1378 5006 eum
1404 4944 1635 5020 Petrus,
1659 4945 1901 5009 dicens:
1930 4969 1953 5004 (ι
1982 4949 2101 5028 Ego

459 5054 698 5118 quoque
723 5054 851 5098 sum
878 5034 1080 5098 homo.
1112 5056 1140 5094 ›
1180 5034 1411 5096 Deinde
1442 5054 1577 5096 cum
1610 5035 1669 5095 in
1704 5053 1775 5097 eo
1806 5037 2101 5100 seminas-

456 5135 547 5187 set
574 5125 817 5188 verbum
853 5125 1118 5206 pietatis,
1156 5132 1213 5186 et
1244 5130 1304 5185 in
1336 5124 1555 5186 animis
1587 5142 1795 5185 eorum
1826 5126 1927 5207 qui
1956 5145 2102 5189 con-

455 5224 762 5290 venerant,
800 5224 1111 5297 postquam
1147 5213 1289 5275 vidit
1332 5210 1591 5295 Spiritns
1623 5213 1869 5292 gratiam
1903 5213 1962 5276 in
1999 5233 2101 5278 eos

454 5304 757 5386 illapsum,
805 5313 865 5367 et
910 5303 1272 5385 baptismum
1326 5303 1808 5386 pmcipientem,
1868 5321 1971 5366 eos
2020 5306 2091 5368 ad

453 5396 762 5458 veritatem
796 5393 1063 5469 deducit,
1098 5401 1156 5457 et
1182 5393 1480 5475 baptismo
1512 5394 1729 5457 initiat.

2194 4680 2344 4738 ϐάντι
2376 4681 2475 4740 ὅσα
2506 4704 2561 4740 τε
2612 4682 2904 4761 Κορνήλιος
2953 4682 3057 4739 ἴδοι
3113 4686 3200 4741 καὶ
3230 4684 3329 4742 ὅσα
3370 4687 3512 4764 παρά
3537 4688 3633 4742 τοῦ
3660 4685 3839 4764 ἀγγέ-

2194 4770 2289 4828 λου
2337 4772 2638 4852 ἀκούσειεν,
2699 4771 3129 4851 ἀπαγγέλλουσιν
3187 4774 3332 4850 αὖτῷ
3392 4776 3585 4849 πάντα,
3647 4779 3743 4831 καὶ
3774 4781 3842 4851 τῇ

2197 4859 2316 4930 ἑξῆς
2361 4862 2446 4918 ἐπὶ
2509 4863 2825 4941 Καισάρειαν
2885 4863 3249 4943 ἀφικνοῦνται.
3316 4866 3837 4941 Προϋπαντήσαντος

2193 4948 2248 5006 δὲ
2310 4950 2601 5030 Κορνηλίου
2659 4954 2744 5008 καὶ
2790 4953 3049 5017 πεσόντος
3081 4956 3211 5033 πρὸς
3267 4955 3390 5020 τοὺς
3444 4951 3610 5017 πόδας
3642 4958 3836 5033 2-3105,

2186 5041 2464 5109 ἀνίστησιν
2525 5042 2679 5101 αὐτὸν
2743 5041 2940 5119 Πέτρος
2973 5058 2990 5075 ⁸
3044 5068 3071 5099 α
3123 5044 3284 5122 Κάγὼ
3326 5044 3487 5109 αὐτὸς
3553 5042 3839 5122 ἄνθρωπός

2185 5131 2319 5205 εἰμι,
2356 5154 2382 5186 ιι
2421 5130 2605 5190 εἰπών.
2640 5134 2774 5188 Εἶτα
2818 5133 2908 5188 τὸν
2958 5130 3123 5208 λόγον
3150 5139 3249 5202 τῆς
3282 5131 3549 5196 εὐσεϐείας
3581 5133 3734 5208 αυτῷ
3779 5156 3837 5190 τε

2183 5221 2270 5276 καὶ
2320 5233 2443 5284 ταῖς
2487 5219 2594 5276 τῶν
2627 5218 3061 5288 συνεληλυθότων
3092 5226 3305 5302 ψυχαῖς
3334 5225 3720 5297 κατασπείρας,
3759 5226 3836 5287 ὡς

2180 5310 2270 5367 καὶ
2325 5310 2426 5377 τὴν
2481 5317 2574 5367 τοῦ
2638 5311 2940 5386 Πνεύμονος
2985 5311 3145 5391 χάριν
3210 5311 3578 5392 ἐφιπταμένην
3636 5312 3833 5377 αὺτοῖς

2177 5396 2289 5455 εἶδε
2342 5400 2430 5455 καὶ
2487 5400 2549 5456 τὸ
2607 5399 2885 5477 βάπτισμα
2936 5407 3350 5482 παρεγγυῶσαν,
3412 5404 3485 5468 είς
3547 5402 3644 5470 τὴν
3674 5400 3830 5473 ἁλή-

2173 5488 2320 5545 θειάν
2375 5510 2432 5546 τε
2477 5490 2667 5554 αὐτοὺς
2726 5489 3092 5570 ἐπαναγαγεῖν
3150 5493 3240 5549 καὶ
3269 5491 3475 5549 τελειοῖ
3504 5492 3584 5567 τῷ
3619 5492 3831 5569 βαπτίο

2174 5600 2359 5653 σματι,
