4020 6206
271 374 419 442 1301

1310 382 1499 446 VITA
1544 382 1604 445 S.
1649 381 2014 446 CORNELII
2043 382 2593 447 CENTURIONIS.

3487 378 3642 447 1302

264 517 354 571 καὶ
402 514 719 593 συνέτριψας
775 515 843 572 τὲι
886 515 1220 596 ἀγάλματα,
1279 514 1414 573 ἀλλὰ
1482 517 1803 593 βαρυτάταις
1848 539 1906 573 σε

1991 516 2310 597 praestigiis
2332 517 2619 598 templum
2642 516 2994 596 evertisti,et
3017 522 3240 579 statuas
3258 515 3642 596 confregisti?

265 605 315 660 οἱ
378 605 485 661 θεοὶ
546 605 779 669 ἅπαντες
836 604 1081 662 ’ἔστωσαν
1152 613 1432 684 τιμωρίαις
1489 604 1765 665 ὑποϐαλῶ.
1818 607 1915 664 Καὶ

264 694 456 750 αὗτίκα
515 694 804 751 ἐσκέπτετο
876 696 928 751 τί
1000 693 1063 750 ἂν
1141 702 1311 751 ποιῶν
1368 696 1698 773 πικροτάτην
1771 697 1915 770 αὒτῷ

260 784 367 849 τὴν
410 783 631 840 κόλασιν
678 782 895 861 ἐπάγοι.
942 784 1207 861 Ἐσπέρας
1258 782 1313 838 δὲ
1342 783 1446 851 ἤδη
1477 783 1911 859 καταλαϐούσης,

262 872 474 930 κελεύει
518 872 730 929 δεθέντα
799 886 995 951 χεῖρας
1052 876 1187 947 ὁμοῦ
1247 875 1335 929 καὶ
1396 872 1560 938 πόδας
1619 876 1710 930 τόν
1761 874 1915 951 ἅγιον

260 964 629 1041 ἁναρτηθῆναι
675 963 817 1039 παρὰ
859 968 929 1037 τῇ
985 962 1219 1041 φυλακῇ,
1268 966 1354 1020 καὶ
1400 963 1539 1020 οὕτω
1598 963 1723 1042 παρ’
1779 964 1915 1031 ὅλην

259 1053 365 1119 τὴν
423 1053 583 1107 νύκτα
642 1050 938 1108 διατελέσαι
1012 1053 1371 1127 κρεμάμενον,
1420 1061 1594 1111 Ταῐτα
1640 1052 1767 1135 ἔφη,
1826 1056 1913 1111 καὶ

260 1142 358 1196 τὸν
389 1140 544 1219 ἅγιον
575 1143 722 1205 εὐθὺς
754 1141 918 1222 εἶχεν
1015 1141 1252 1221 φυλακή.

1995 606 2114 667 Sed
2155 614 2218 669 te
2256 606 2631 685 gravissimis
2674 605 2893 686 (sciant
2922 624 3137 668 omnes
3161 605 3275 686 dii)
3319 605 3638 687 subjiciam

1995 695 2410 777 suppliciis.Et
2430 697 2631 759 statim
2665 695 3072 770 consultabat,
3108 694 3397 777 quidnam
3428 714 3643 776 agens,

1995 803 2130 846 cum
2157 784 2554 848 acerbissimo
2578 786 2843 848 alliceret
2872 785 3349 867 supplicio.Cum
3368 786 3493 863 jam
3528 807 3637 849 au—

1999 882 2115 937 tem
2139 874 2518 938 adventasset
2539 879 2989 957 vespera,jubet
3016 883 3288 938 sanctum
3328 876 3527 952 ligatis
3549 878 3636 937 si-

2000 964 2123 1024 mul
2146 963 2399 1044 pedibus
2415 972 2476 1027 et
2495 967 2768 1027 manibus
2790 964 3079 1045 suspendi
3099 966 3159 1026 in
3184 965 3545 1039 custodia,et
3560 966 3640 1027 ita

1996 1061 2177 1115 totam
2212 1062 2448 1117 noctem
2482 1072 2725 1118 manere
2752 1073 3142 1136 suspensum.
3196 1057 3336 1119 Haec
3361 1055 3535 1130 dixit,
3582 1066 3637 1120 et

1998 1143 2194 1205 statim
2226 1153 2469 1207 sanctus
2498 1145 2607 1209 fuit
2637 1146 2948 1224 conjectus
2980 1148 3040 1206 in
3072 1163 3400 1208 carcerem.

1752 1304 2005 1370 CAPUT
2050 1305 2150 1372 III.

1184 1440 1606 1522 Srepsazorum
1658 1442 1988 1506 conversio.
2059 1441 2126 1506 S.
2175 1441 2445 1506 Cornelii
2487 1443 2712 1506 obitus.

349 1594 417 1647 Η.
482 1594 827 1669 Παραχρῆμα
884 1589 940 1646 δὲ
985 1596 1092 1646 τῶν
1137 1590 1347 1669 οἰκείων
1388 1613 1471 1655 τις
1528 1591 1906 1667 ἐπικαταλαμ-

262 1673 412 1731 ϐάνει
443 1676 645 1753 σπουδῇ
678 1677 925 1756 Τελειρῶν
980 1681 1041 1736 τὸ
1095 1677 1286 1748 ὄνομα.
1315 1668 1380 1734 ’τὶ
1411 1679 1665 1753 δέσποτα,
1710 1679 1905 1758 λέγων,

262 1767 297 1831 ἡ
329 1764 581 1823 δέσποινα
624 1771 658 1836 ἡ
721 1768 826 1841 ἐμὴ
879 1771 966 1826 καὶ
998 1773 1025 1825 ὁ
1057 1770 1355 1848 μονογενὴς
1388 1773 1495 1835 υἱὸς
1528 1768 1904 1849 διεφθάρησαν,

261 1855 795 1919 ἐπικαταστισΊέντος
870 1858 1055 1923 αὐτοῖς
1100 1865 1193 1916 τοῦ
1264 1858 1389 1921 xuii.
1457 1860 1765 1937 Δημήτριος
1817 1862 1906 1915 οὖν

260 1945 410 2007 εὒθός
467 1947 697 2012 ἀκούσας
757 1949 1134 2026 περιερρήξατο
1190 1950 1288 2016 τὴν
1338 1949 1537 2016 ἐσθῆτα
1579 1951 1668 2006 καὶ
1726 1949 1902 2005 πένθει

262 2034 484 2112 μεγάλῳ
528 2041 828 2114 συνείχετο.
879 2038 1084 2102 Μεταξὺ
1131 2037 1185 2093 δὲ
1213 2040 1301 2095 καὶ
1345 2040 1435 2093 τὸν
1464 2044 1599 2117 χοῦν
1630 2039 1705 2102 εἷς
1738 2041 1905 2117 τάχος

259 2138 380 2188 τοῖς
423 2124 513 2181 ὑπ’
566 2126 724 2182 α·’›τὸν
767 2125 1006 2182 ἐκέλευεν
1043 2126 1314 2204 ἐκφορεῖν,
1364 2126 1508 2185 ’Ἕως
1540 2127 1605 2183 τὰ
1646 2127 1744 2195 τῆς
1773 2126 1903 2205 ἀγα-

2071 1589 2222 1654 Vlll.
2254 1590 2535 1652 Protinus
2564 1598 2760 1652 autem
2809 1589 2971 1651 venit
3001 1606 3257 1671 propere
3286 1591 3531 1671 quidam
3564 1613 3635 1657 ex

1988 1680 2367 1753 domesticis,
2402 1679 2649 1741 nomine
2673 1679 3009 1758 Telephon,
3059 1679 3271 1742 dicens
3304 1701 3317 1742 :
3354 1682 3631 1759 Domine,

1990 1769 2233 1830 domina
2267 1786 2400 1830 mea
2431 1777 2491 1830 et
2520 1767 2679 1830 ﬁlius
2710 1778 2850 1830 tuus
2880 1768 3141 1849 unigena
3162 1768 3631 1849 perierunt,cum

1995 1866 2170 1921 terrae
2200 1871 2365 1920 motu
2396 1876 2753 1921 concussum
2784 1858 2898 1920 fuit
2946 1859 3260 1939 templum.
3296 1862 3639 1923 Demetrius

1991 1956 2191 2009 autem
2241 1966 2377 2009 cum
2431 1948 2692 2027 primum
2753 1948 2866 2009 hoc
2897 1946 3252 2024 audivisset,
3288 1948 3633 2012 sciditves-

1992 2042 2134 2112 tem,
2170 2046 2229 2098 et
2259 2055 2474 2114 magno
2505 2036 2616 2097 fuit
2647 2036 2809 2097 luctu
2861 2054 3211 2116 Oppressus.
3246 2036 3492 2101 Interim
3525 2057 3635 2100 au-

1992 2132 2109 2186 tem
2138 2126 2317 2204 jussit
2348 2126 2472 2187 suis
2521 2126 2820 2207 pulverem
2872 2126 3318 2208 quamprimum
3352 2136 3635 2209 exporta-

257 2217 355 2279 θῆς
415 2216 569 2289 ἐμοὶ,
605 2213 800 2293 λέγων,
837 2216 926 2271 καὶ
960 2221 1155 2281 πιστῆς
1202 2214 1423 2293 συζύγου
1460 2218 1669 2273 καὶτοῦ
1699 2215 1901 2293 γλυκυ-

1988 2232 2076 2277 re.
2107 2214 2311 2277 Donec
2342 2233 2491 2277 mere
2523 2215 2720 2289 bonae,
2754 2216 2969 2296 inquit,
3018 2226 3078 2278 et
3108 2216 3303 2279 ﬁdelis
3331 2218 3629 2297 conjugis,

261 2305 423 2361 τάτου
462 2303 649 2367 παιδὸς
716 2311 809 2360 τοῦ
875 2315 1192 2382 μονογενοῦς
1246 2306 1554 2384 ἀνευρόντες
1598 2303 1779 2377 ὀστέα,
1827 2306 1902 2367 εἰς

262 2392 394 2465 ἐμὰς
455 2407 649 2472 χεῖρας
729 2393 999 2468 κομίσετε.
1075 2402 1249 2452 Ταῦτα
1326 2397 1461 2469 ὁμοῦ
1524 2409 1659 2469 προς
1712 2393 1902 2457 αὖτοὺς

264 2481 415 2559 ἔλεγε
472 2484 558 2540 καὶ
614 2484 751 2558 μετὰ
805 2488 903 2550 τῆς
976 2487 1159 2560 φωνῆς
1234 2483 1368 2562 ἔῤῥει
1412 2485 1479 2540 τὰ
1534 2482 1755 2564 δάκρυα,
1814 2486 1900 2541 καὶ

260 2573 523 2649 βαρύτατα
554 2571 755 2649 ἔστενε,
809 2575 898 2629 καὶ
955 2572 1186 2652 ἐπένθει,
1239 2575 1477 2636 καὶτοὺς
1511 2574 1711 2631 ἐκείνου
1751 2576 1901 2638 θεοὺς

258 2664 471 2739 ᾐτιᾶτο,
504 2661 587 2719 ὅτι
617 2664 722 2734 ζῶν
773 2664 846 2726 εἷς
898 2662 1048 2742 δεῦρο
1074 2665 1374 2742 ντετήρητο,
1419 2666 1673 2730 τοιαύτην
1732 2664 1903 2741 ἄγγε-

1061 2754 1561 2831 Περικαθισαμὲνων
1631 2752 1686 2810 δὲ
1745 2756 1901 2813 αὐτὸν

255 2847 365 2895 τῶν
426 2840 478 2896 ὲν
538 2847 607 2917 τῇ
651 2840 808 2898 πόλει
846 2841 1072 2917 πρώτων
1116 2844 1204 2898 καὶ
1234 2848 1389 2899 τοῦτο
1434 2843 1530 2917 μὲν
1563 2845 1903 2919 συνθρηνούν-

254 2952 385 3000 των,
445 2937 601 2986 τοῦτο
677 2928 733 2985 δὲ
814 2934 903 2987 καὶ
976 2931 1419 3011 παρεκαλούντων
1476 2933 1563 2988 καὶ
1622 2935 1685 2988 τὸ
1737 2934 1901 2998 πάθος

257 3016 615 3075 ἐπισϐεννύειν
672 3019 837 3099 αύτῷ,
892 3022 1116 3078 καθόσον
1174 3020 1392 3077 δυνατὸν
1419 3022 1506 3094 ἦν,
1542 3020 1897 3095 σπευδόντων,

253 3110 323 3167 ὡς
353 3106 456 3175 ἤδη
489 3110 574 3164 γαὶ
619 3110 646 3164 '0
677 3110 812 3164 κατὰ
864 3116 960 3164 τοῦ
1007 3108 1300 3188 Κορνηλίου
1348 3110 1529 3175 αὒτοῖς
1562 3109 1900 3185 μεμελέτητο

252 3198 476 3259 θάνατος
515 3218 531 3235 ·
569 3198 869 3275 ἀπήρτιστο
899 3197 1073 3256 δὲκαὶ
1127 3202 1187 3256 τὸ
1232 3205 1443 3278 μνῆμα,
1494 3200 1614 3257 ἔνθα
1671 3202 1705 3268 ἡ
1740 3201 1899 3271 σύζυ-

254 3307 351 3364 γος
412 3287 579 3368 μετὰ,
621 3296 713 3345 τοῦ
782 3284 970 3351 παιδὸς
1029 3286 1252 3362 ἔμελλεν
1309 3291 1564 3366 ταφῆναι,
1621 3290 1899 3368 ἀρχιερεύς

254 3399 336 3436 τις
396 3376 504 3432 τῶν
566 3366 844 3444 Ἐλλήνων
885 3379 1018 3432 θεῶν
1063 3378 1230 3452 ὄνομα
1284 3376 1574 3457 Βαρϐἀτος,
1623 3366 1767 3436 ὁκαὶ
1787 3366 1897 3446 τὴν

246 3465 600 3542 ἀνακάθαρσιν
653 3465 737 3521 τοῦ
781 3471 886 3522 νεῶ
944 3466 1405 3545 ἐπιτετραμμένος
1462 3470 1589 3545 πρὸς
1648 3469 1771 3531 τοὺς
1804 3474 1899 3524 τοῦ

256 2751 373 2807 λίαν
436 2753 657 2808 ἀκοῦσαι
745 2753 957 2827 πικράν.

252 3557 569 3629 Δημητρίου
621 3555 917 3632 ὑπηρέτας,
982 3554 1097 3621 ἥκει
1143 3554 1345 3631 σπουδῇ
1395 3556 1480 3635 (οὐ
1522 3556 1622 3633 γὰρ
1652 3554 1956 3642 παριέναιο

247 3642 371 3720 παρ’
416 3645 573 3701 αὑτὸν
617 3644 702 3700 διὰ
756 3646 817 3700 τὸ
875 3644 1063 3707 πένθος
1097 3644 1515 3725 συνεχωρεῖτο),
1548 3645 1731 3722 φωνὴν
1773 3645 1898 3700 ὰναυ

247 3732 476 3790 δίδοσθαι
519 3740 611 3790 τοῦ
654 3733 917 3813 χώματος
968 3733 1329 3811 ἀπαγγέλλων
1386 3734 1631 3795 Εὔανθίας
1664 3733 1760 3789 καὶ
1806 3740 1897 3791 τοῦ

247 3825 358 3882 υἱοῦ
392 3842 406 3856 ·
467 3827 566 3889 τὴν
608 3822 662 3878 δὲ
714 3825 897 3903 φωνὴν
941 3831 1106 3881 ταῦτα
1147 3822 1517 3899 διασημαίνειν
1546 3840 1559 3854 ⁸
1628 3824 1804 3901 Μέγας
1869 3826 1897 3880 ὁ

249 3914 378 3970 Θεὸς
437 3906 571 3968 τῶν’
608 3920 967 3988 Χριστιανῶν,
1007 3915 1063 3978 ὃς
1095 3912 1346 3991 ἐρρύσατο
1376 3915 1519 3988 ἡμᾶς
1550 3912 1609 3970 ἐκ
1639 3921 1732 3972 τοῦ
1774 3934 1895 3969 κιν-

249 4000 398 4058 δύνου
442 4003 630 4058 τούτου
690 4001 775 4058 διὰ
832 4009 925 4059 τοῦ
993 4003 1313 4079 θεράποντος
1358 4002 1518 4060 αὔτοῦ
1583 4001 1896 4081 Κορνηλίου,

250 4095 333 4148 καὶ
395 4094 456 4149 οὗ
497 4090 675 4164 τελείᾳ
717 4089 1089 4169 παραδέδωκεν
1148 4090 1409 4164 ἀπωλείᾳ.
1447 4094 1683 4148 Σπεῦσον
1726 4091 1899 4149 τοίνυν

251 4183 336 4237 καὶ
395 4183 483 4257 σὺ,
554 4183 856 4261 Δημήτριε,
913 4184 1004 4239 καὶ
1073 4181 1301 4260 ἐξάγαγε
1359 4182 1457 4249 τῆς
1516 4186 1758 4261 φυλακῆς
1808 4184 1899 4239 τὸν

249 4270 402 4348 ἅγιον
462 4269 625 4349 ἄνδρα
704 4278 915 4344 τοῦτον,
983 4275 1071 4328 καὶ
1130 4273 1503 4351 προσκύνησον
1563 4272 1706 4347 αὗτῴ
1762 4274 1900 4348 μετὰ

251 4362 466 4417 πάντων
521 4367 627 4416 τῶν
684 4360 738 4415 ἐν
781 4365 858 4433 τῷ
916 4359 1054 4433 οἴκῳ
1098 4364 1253 4435 ἡμῶν
1296 4363 1383 4418 καὶ
1426 4368 1532 4418 τῶν
1578 4361 1901 4440 ἐγγιζόντων

249 4451 407 4525 ἡμῖν,
441 4451 531 4506 καὶ
587 4447 807 4518 δεήθητι
868 4449 1048 4529 αὔτοῦ,
1084 4450 1232 4515 ὅπως
1266 4450 1432 4507 ἐλθὼν
1462 4451 1517 4506 ἐν
1549 4458 1626 4522 τῷ
1658 4450 1896 4508 καταλύ-

253 4561 380 4614 ματι
415 4540 589 4611 τούτῳ
620 4538 770 4615 σώσῃ
802 4540 946 4612 ἡμᾶς
978 4541 1071 4595 καί
1109 4540 1343 4618 ἐξαγάγῃ
1394 4542 1535 4606 ημᾶς
1578 4549 1672 4600 τοῦ
1715 4539 1899 4620 χαλά-

251 4649 454 4701 σματος
487 4630 675 4684 τούτου
724 4629 814 4683 καὶ
853 4628 946 4683 τοῦ
998 4628 1176 4708 βυθοῦ,
1208 4628 1301 4684 ἵνα
1332 4628 1411 4703 μὴ
1442 4628 1623 4685 τέλεον
1673 4627 1896 4685 ἀπολώ-

250 4720 408 4791 μεθα,
458 4715 680 4794 Μεγάλα
738 4716 838 4794 γὰρ
881 4717 1147 4790 θαυμάσια
1206 4723 1298 4773 τοῦ
1340 4724 1472 4774 Θεοῦ
1502 4717 1722 4775 ἐνταῦθα
1755 4718 1896 4793 ὁρῶ-

250 4828 370 4882 μεν,
399 4808 487 4861 καὶ
517 4804 763 4883 ἀγγέλων
790 4805 1116 4883 κραζόντων
1162 4825 1189 4864 ι
1224 4806 1361 4871 Δόξα
1397 4806 1451 4862 ἐν
1477 4807 1720 4882 ὑψίστοις
1754 4811 1893 4886 Θεῷ,

251 4897 338 4951 καὶ
368 4896 456 4951 ἐπὶ
481 4900 582 4972 γῆς
615 4893 831 4973 εἰρήνη,
866 4894 918 4950 ἐν
950 4894 1243 4973 ἀνθρώποις
1276 4894 1509 4956 εὗδοκία,

336 4985 425 5046 Θ¹.
461 4984 673 5042 Τούτων
731 4984 1056 5045 ἀκούσαντες
1111 4987 1158 5042 οἱ
1215 4984 1499 5062 ὑπηρέται,
1554 4985 1894 5064 ἀποτρέχου-

254 5097 336 5130 σιν
380 5074 528 5137 εὒυδς
584 5070 701 5145 ἅμα
749 5070 1002 5150 Βαρϐἇτῳ
1042 5073 1293 5152 ἀρχιερεῖ
1362 5076 1497 5150 πρὸς
1560 5075 1896 5150 Δημήτριον,

253 5168 351 5221 καὶ
397 5160 828 5240 ἂπαγγέλλοδσιν
872 5164 1015 5235 αὖτῷ
1070 5165 1205 5238 μετὰ
1262 5161 1498 5230 σπουδῆς
1557 5163 1780 5227 ἕκαστα.
1841 5154 1899 5222 Ὀ

255 5254 311 5308 δὲ
354 5264 623 5328 περιεῖναι
669 5250 744 5307 ἔτι
787 5253 887 5319 τὴν
931 5264 1161 5330 γυναῖκα
1204 5255 1293 5309 καὶ
1333 5256 1424 5311 τὸν
1455 5253 1626 5311 παῖδα
1659 5254 1898 5328 πῦθόμε-

253 5364 365 5412 νος,
426 5342 633 5416 μεστήν
691 5361 747 5395 τε
805 5339 1001 5409 ἡδονῆς
1045 5341 1157 5415 ἅμα
1198 5344 1286 5398 καὶ
1330 5341 1493 5399 σάλου
1550 5346 1649 5402 τήν
1681 5341 1897 5420 καρδίαν

258 5430 404 5508 εἶχε,
445 5432 539 5488 Καὶ
570 5427 829 5506 δρομαῖος
862 5430 1003 5506 παρά
1037 5435 1102 5505 τῇ
1145 5428 1356 5509 φυλακῇ
1388 5431 1576 5506 ἐλθὼν,
1611 5431 1897 5507 καταλαμ-

257 5516 398 5574 ϐάνει
443 5525 838 5592 περιπατοῦντα
872 5520 961 5573 τὸν
1008 5521 1156 5575 θεῖον
1220 5519 1539 5595 Κορνήλιον,
1586 5517 1793 5596 βιϐλίον
1840 5541 1897 5575 τε

257 5607 335 5663 διὰ
405 5612 589 5687 χειρὸς
650 5607 852 5687 ἔχοντα
911 5608 999 5664 καὶ
1058 5608 1227 5684 ταύτῃ
1282 5609 1372 5663 τὸν
1435 5610 1566 5664 Θεὸν
1628 5609 1895 5673 αἰτοῦντα,

255 5696 520 5777 Ἀγγελος
555 5699 654 5778 γὰρ
700 5700 843 5774 αὐτῴ
879 5697 1107 5761 ἐπιπτὰς
1154 5695 1304 5752 ἔλυσε
1351 5695 1457 5752 τῶν
1513 5695 1749 5776 δεσμῶν,
1811 5700 1900 5755 καὶ

1987 2313 2045 2366 et
2070 2304 2408 2366 suavissimi
2440 2304 2719 2383 unigena;
2748 2305 2856 2365 ﬁlii
2885 2324 3020 2367 ossa
3067 2306 3327 2379 inventa,
3375 2308 3433 2368 in
3469 2326 3632 2369 meas

1987 2411 2197 2455 manus
2255 2393 2658 2473 portaveritis.
2716 2393 2855 2455 Haec
2916 2394 3096 2455 simul
3159 2395 3247 2455 eis
3275 2394 3534 2468 dicebat,
3572 2405 3632 2459 et

1985 2501 2122 2544 cum
2156 2501 2301 2544 voce
2331 2482 2658 2544 efﬂuebant
2706 2482 3006 2564 lacrymaz,
3045 2492 3103 2545 et
3150 2485 3500 2563 gravissime
3529 2485 3633 2547 in-

1985 2573 2354 2652 gemiscebat
2403 2586 2466 2634 et
2516 2571 2778 2652 lugebat,
2834 2582 2892 2634 et
2944 2573 3091 2636 deos
3120 2592 3262 2637 suos
3287 2575 3627 2650 accusabat,

1986 2664 2143 2743 quod
2175 2661 2338 2724 vivus
2363 2662 2437 2724 ad
2471 2663 2584 2725 hoc
2625 2682 2815 2745 usque
2848 2672 3082 2745 tempus
3113 2673 3278 2727 esset
3303 2682 3628 2727 conserva-

1987 2760 2175 2824 tus,ut
2203 2752 2444 2814 audiret
2474 2764 2593 2814 tam
2626 2751 2911 2815 acerbum
2946 2754 3399 2819 nuntium.Cum
3432 2762 3485 2817 ei
3518 2776 3629 2819 au-

1985 2850 2103 2904 tem
2138 2841 2507 2903 assedissent
2539 2844 2830 2925 primates
2852 2842 3128 2919 civitatis,
3165 2853 3221 2906 et
3256 2847 3468 2924 partim
3502 2847 3633 2928 qui-

1985 2929 2121 2991 dem
2171 2928 2354 2990 simul
2411 2932 2906 3005 lamentarentur,
2970 2933 3185 3011 partim
3225 2942 3419 2996 outem
3448 2936 3625 2998 etiam

1984 3020 2465 3090 consolarentur,
2500 3028 2561 3081 et
2591 3021 2784 3101 quoad
2819 3022 2951 3101 ejus
2983 3023 3112 3084 ﬁeri
3173 3034 3393 3104 posset,
3451 3026 3626 3090 dolo-

1982 3125 2110 3169 rem
2143 3108 2460 3172 studerent
2489 3110 2899 3190 exstinguere,
2933 3119 2992 3173 et
3012 3112 3137 3193 jam
3170 3112 3246 3175 de
3273 3125 3463 3179 morte
3488 3120 3630 3181 Cor-

1983 3196 2142 3258 nelio
2172 3197 2485 3260 inferenda
2516 3210 2806 3276 agerent;
2843 3211 3121 3281 essetque
3149 3204 3479 3283 perfectum
3505 3226 3627 3270 mo-

1984 3285 2417 3359 nimentum,in
2442 3307 2560 3369 quo
2594 3288 2947 3369 sepelienda
2979 3296 3107 3351 erat
3134 3293 3351 3371 conjux
3384 3313 3519 3356 cum
3553 3298 3627 3357 ti-

1982 3374 2114 3453 lio;
2167 3376 2428 3457 pontifex
2479 3378 2721 3459 quidam
2774 3378 3023 3440 deorum
3052 3380 3344 3460 gentium,
3382 3386 3628 3449 nomine

1983 3464 2295 3539 Barbatus,
2330 3466 2426 3527 cui
2449 3468 2772 3529 commissa
2795 3467 2990 3530 fuerat
3021 3471 3226 3550 templi
3254 3477 3624 3553 repurgatio,

1982 3571 2242 3647 propere
2264 3555 2426 3647 venit
2447 3557 2520 3618 ad
2541 3556 2806 3647 famulos
2825 3556 3110 3620 Demetrii
3139 3560 3281 3638 (non
3307 3565 3465 3625 enim
3500 3585 3630 3647 per-

1980 3640 2327 3733 mittebatur
2357 3643 2430 3705 ad
2462 3664 2596 3705 eum
2629 3645 2921 3708 accedere
2945 3655 3190 3727 propter
3210 3640 3626 3733 luctum),vre-

1981 3730 2364 3807 nuntians,ex
2387 3733 2672 3796 ruderum
2689 3736 2929 3797 cumulo
2948 3735 3131 3798 fuisse
3145 3739 3409 3801 auditam
3424 3730 3624 3807 vocem

1978 3820 2286 3883 Evantbiaa
2322 3836 2379 3883 et
2408 3822 2537 3897 ﬁlii,
2572 3842 2776 3885 vocem
2818 3831 3016 3887 autem
3061 3826 3191 3887 hanc
3241 3827 3623 3908 signiﬁcare:

1979 3911 2229 3990 Magnus
2261 3913 2421 3975 Deus
2453 3911 2947 3990 Christianorum,
3009 3914 3110 3995 qui
3163 3934 3272 3978 nos
3303 3919 3524 4000 eripuit
3556 3942 3626 3986 ex

1980 4001 2093 4063 hoc
2118 4001 2383 4082 periculo
2404 4020 2511 4083 per
2531 4002 2817 4064 famulum
2842 4022 3016 4064 suum
3041 4005 3475 4084 Cornelium,et
3506 4029 3626 4074 non

1979 4109 2090 4152 nos
2106 4090 2270 4153 dedit
2294 4091 2543 4154 omnino
2588 4093 2791 4154 exitio.
2821 4091 3061 4155 Festina
3091 4112 3232 4173 ergo
3269 4106 3327 4158 tu
3360 4118 3621 4180 quoque,

1982 4181 2559 4253 Demetri,etvirum
2600 4183 2761 4245 hunc
2793 4192 3061 4244 sanctum
3088 4185 3241 4247 educ
3266 4205 3300 4248 e
3330 4190 3623 4266 custodia,

1983 4278 2041 4332 et
2060 4271 2246 4332 adora
2264 4290 2399 4333 eum
2425 4290 2557 4333 cum
2584 4271 2870 4334 omnibus
2892 4273 2990 4352 qui
3021 4281 3160 4335 sunt
3190 4276 3249 4337 in
3282 4277 3462 4340 domo
3494 4299 3627 4342 nos-

1983 4368 2096 4433 tra,
2132 4369 2191 4422 et
2215 4361 2289 4422 iis
2311 4363 2414 4442 qui
2439 4371 2577 4423 sunt
2599 4361 2774 4423 nobis
2797 4362 3144 4444 pr0pinqui:
3171 4378 3230 4427 et
3254 4384 3399 4447 roga
3428 4368 3624 4448 ipsum

1983 4456 2312 4513 utveniens
2330 4451 2390 4512 iu
2419 4452 2531 4513 hoc
2552 4451 2978 4525 habitaculum,
3008 4471 3116 4514 nos
3137 4466 3354 4531 servet,
3382 4466 3441 4518 et
3469 4459 3624 4520 edn-

1984 4548 2075 4602 cat
2107 4559 2176 4602 ex
2210 4541 2305 4603 his
2332 4540 2617 4614 ruinis,et
2648 4560 2681 4602 e
2716 4542 3035 4622 profundo,
3070 4562 3146 4606 ne
3174 4562 3491 4626 pereamus
3518 4567 3626 4629 pe-

1981 4630 2144 4691 nitus
2182 4650 2196 4691 :
2229 4648 2443 4720 magna
2474 4629 2634 4692 enim
2668 4630 2777 4694 Dei
2812 4632 2909 4693 hic
2940 4631 3214 4695 videmus
3244 4636 3628 4720 miracula,et

1981 4719 2259 4781 videmur
2289 4719 2503 4782 audire
2524 4720 2775 4799 angelos
2796 4722 3144 4784 clamantes:
3188 4724 3423 4788 «Gloria
3447 4729 3504 4789 in
3526 4719 3629 4790 ex-

1981 4809 2160 4871 celsis
2192 4811 2340 4884 Deo,
2374 4821 2432 4871 et
2479 4809 2539 4871 in
2594 4817 2756 4872 terra
2806 4829 2943 4891 pax,
2994 4815 3053 4875 in
3088 4813 3439 4878 hominibus
3474 4818 3629 4879 bona

1980 4896 2274 4959 voluntas.
2317 4922 2341 4957 ι

2062 4986 2167 5049 ιχ.
2195 4984 2343 5048 Cum
2375 4987 2500 5048 haec
2528 4987 2896 5051 audivissent
2929 4990 3627 5074 ministri,curruntpro-

1983 5074 2144 5164 tinus
2173 5093 2309 5137 cum
2336 5075 2596 5139 Barbato
2630 5080 2914 5159 pontifice
2942 5081 3014 5142 ad
3045 5080 3444 5164 Demetrium,
3481 5089 3541 5144 et
3571 5083 3628 5145 ei

1982 5163 2217 5245 singula
2242 5165 2568 5245 diligenter
2590 5169 2962 5230 renuntiant.
2995 5168 3101 5231 Ille
3130 5163 3500 5243 autem,cum
3533 5190 3631 5234 ac-

1982 5254 2245 5335 cepisset
2273 5273 2406 5317 esse
2426 5256 2623 5318 adhuc
2642 5258 3026 5337 superstitem
3048 5276 3291 5320 uxorem
3324 5267 3386 5322 et
3410 5260 3625 5337 ﬁlium,
3692 5254 3699 5263 ’

1982 5363 2089 5406 cor
2118 5344 2362 5425 plenum
2396 5344 2604 5408 habuit
2633 5346 2835 5409 laetitia
2865 5346 3040 5408 simul
3064 5357 3124 5409 et
3154 5348 3625 5428 perturbatione:

1982 5442 2040 5495 et
2068 5433 2291 5496 cursim
2326 5435 2577 5498 veniens
2604 5435 2664 5496 in
2692 5436 3046 5509 custodiam,
3081 5438 3330 5501 offendit
3359 5439 3627 5503 divinum

1981 5521 2321 5586 Cornelium
2349 5524 2850 5598 ambulantem,et
2872 5525 3091 5587 librum
3117 5529 3176 5589 in
3210 5546 3391 5591 manu
3422 5538 3632 5593 tenen-

1983 5619 2200 5688 tem,et
2225 5612 2312 5674 sic
2338 5615 2528 5677 Deum
2552 5614 3195 5696 laudantcmzAugelus
3213 5619 3373 5680 enim
3398 5623 3471 5681 ad
3490 5637 3629 5682 eum

1982 5702 2511 5784 accedens,ipsum
2539 5702 2795 5769 solverat
2820 5722 2854 5769 a
2881 5704 3178 5776 vinculis:
3212 5717 3272 5771 et
3298 5726 3434 5773 cum
3472 5710 3631 5773 mul-
