4060 6206
456 309 613 380 1303
1714 314 1878 379 ΜΕΝ
1883 313 1996 376 SIS
2036 312 2125 375 FE

2210 312 2278 373 tU
2289 308 2547 377 ARIUS,
3667 306 3806 373 1304

455 449 735 526 titudine,
768 467 903 530 qua;
951 447 1131 512 simul
1179 455 1592 522 concurrerat,
1622 449 1845 512 cadens
1867 449 1939 510 ad
1969 448 2125 528 ejus.

2210 448 2362 505 πεσὼν
2419 447 2531 519 ἅμα
2589 454 2666 522 τῷ
2736 444 3193 525 συνδεδραμηκότι
3250 443 3442 516 πλήθει
3516 446 3645 524 πρὸς
3699 446 3806 510 τοὺς

460 539 673 621 pedes,
708 539 1105 602 exclamavit:
1169 538 1414 618 Magnus
1475 547 1565 600 est
1608 538 1771 601 Deus
1818 536 2103 611 Cornelii,

2210 536 2355 603 τόδας
2402 541 2582 617 αὐτοῦ,
2646 536 2824 616 Μέγας
2883 540 2911 593 ὁ
2962 537 3119 609 Θεὸς,
3154 534 3363 608 ἔγραζε,
3401 535 3715 613 Κορνηλίου,
3761 536 3810 599 ὃς

461 629 564 710 qui
596 646 787 692 meam
820 628 1136 707 conjugem
1183 627 1541 690 Evanthiam
1573 635 1633 689 et
1665 626 1852 689 ﬁlium
1887 630 2109 691 Deme-

461 718 645 780 trium
702 716 974 779 liberavit
1022 735 1058 779 a
1115 717 1327 797 templi
1372 716 1684 780 eversione
1746 737 1759 778 :
1818 725 1877 779 et
1929 714 2109 780 simul

462 816 734 869 sanctum
768 808 975 876 oravit.
1005 805 1213 869 dicens
1250 823 1264 868 :
1294 807 1485 869 Serve
1516 805 1622 870 Dei
1654 806 2110 885 altissimi,cre-

462 894 659 957 dimus
691 894 754 956 in
776 895 1167 971 Cruciﬁxum,
1203 913 1383 976 quem
1430 904 1489 956 tu
1523 895 1835 976 praedicas,
1868 905 1926 957 et
1960 895 2110 973 ipse,

463 993 523 1046 et
551 1002 762 1047 omnes
790 984 895 1067 qui
924 992 1062 1046 sunt
1103 1002 1367 1064 mecum,
1400 985 1449 1044 si
1481 985 1741 1059 veneris,
1776 994 1837 1046 et
1867 1002 2112 1046 uxorem

462 1073 679 1147 vivam,
733 1082 793 1135 et
843 1074 1029 1135 lilium
1065 1074 1234 1137 illinc
1266 1071 1569 1136 eduxeris.
1602 1072 1713 1136 llle
1742 1083 1967 1148 autem,
1996 1074 2115 1135 Ac—

463 1163 672 1245 cipite,
725 1163 948 1243 inquit,
1005 1163 1174 1244 prius
1205 1163 1427 1227 Christi
1459 1164 1865 1243 signaculum,
1893 1171 1952 1225 et
1978 1172 2117 1224 tunc

461 1260 696 1317 veniam
729 1253 1062 1328 vobiscum,
1112 1262 1172 1316 et
1204 1252 1447 1317 dabitur
1474 1252 1642 1315 vobis
1691 1252 1891 1315 cordis
1934 1251 2115 1315 vestri

467 1342 863 1406 desiderium.
896 1342 1174 1405 Protinus
1205 1343 1407 1424 itaque
1454 1344 1802 1406 Demetrius
1828 1361 1962 1403 cum
1994 1360 2118 1404 om-

468 1432 646 1496 nibus
678 1434 780 1515 qui
809 1452 945 1495 cum
976 1433 1107 1514 ipso
1139 1443 1329 1508 erant,
1361 1450 1495 1494 cum
1528 1450 1739 1496 rursus
1766 1432 2113 1504 dixisssent,

465 1523 719 1602 Magnus
749 1530 840 1586 est
869 1524 1031 1587 Deus
1059 1520 1565 1597 Christianorum,
1599 1521 1960 1602 baptismum
1985 1538 2117 1582 sus-

472 1611 728 1693 cipiunt.

549 1700 863 1765 X.Deinde
883 1718 1020 1763 cum
1043 1718 1149 1762 eos
1169 1699 1595 1780 assumpsisset
1614 1697 2120 1774 Cornelius,stetit

2188 626 2438 706 ερῤύσατο
2493 629 2592 693 τὴν
2641 626 2777 701 ἐμὴν
2833 626 3055 703 σύζυγον
3113 627 3363 683 Εὔανθιαν
3424 627 3516 681 καὶ
3572 625 3664 680 τὸν
3715 625 3811 681 υἱὸν

2196 717 2506 795 Δημήτριον
2538 716 2642 772 ἀπὸ
2671 721 2772 782 τῆς
2815 715 3191 794 καταστροφῆς
3249 722 3341 771 τοῦ
3384 724 3512 774 ναοῦ
3545 733 3558 747 ⁸
3607 714 3694 768 καὶ
3719 710 3813 787 ἅμα

2193 803 2366 862 ἐδεῖτο
2394 815 2486 866 τοῦ
2516 805 2665 884 ἁγίου
2699 824 2713 839 '
2753 803 2917 863 Δοῦλε
2946 811 3040 860 τοῦ
3071 811 3204 862 Θεοῦ
3232 809 3327 860 τοῦ
3356 805 3608 880 ὑψίστου,
3638 800 3814 879 λέγων,

2193 894 2517 969 πιστεύομεν
2575 896 2648 957 είς
2705 895 2795 950 τὸν
2826 892 3288 972 Ἐσταυρωμὲνον,
3327 894 3386 949 ὃν
3417 894 3480 949 σὺ
3525 891 3813 971 κηρύσσεις,

2194 986 2283 1040 καὶ
2313 986 2496 1062 αὐτὸς,
2544 985 2632 1040 καὶ
2661 984 2855 1049 πάντες
2889 984 2935 1040 οἱ
2996 982 3115 1059 μετ’
3177 981 3331 1057 ἐμοῦ,
3391 981 3482 1038 ἐὰν
3528 980 3693 1062 ἐλθών
3734 982 3817 1046 τὴν

2198 1087 2428 1151 γυναῖκα
2455 1059 2630 1145 ζῶσαν
2660 1076 2746 1130 καὶ
2776 1074 2866 1129 τὸν
2899 1074 3011 1129 υίὸν
3041 1072 3249 1129 ἐκεῖθεν
3309 1070 3606 1149 {Ea-(1113:.
3643 1059 3698 1127 Ὀ
3725 1067 3775 1125 δέ
3801 1088 3815 1103 ·

2199 1162 2428 1242 Λάϐετε,
2489 1163 2614 1242 ἔφη,
2689 1162 2945 1241 πρότερον
3006 1163 3106 1227 τὴν
3163 1162 3218 1217 ἐν
3281 1166 3492 1238 Χριστῷ
3548 1157 3815 1241 σφραγῖδα,

2199 1252 2296 1310 καί
2351 1260 2642 1319 τηνικαῦτα
2700 1251 2985 1326 ἐλεύσομαι
3040 1251 3156 1324 μεθ’
3216 1254 3390 1330 ὑμῶν,
3423 1251 3514 1306 καὶ
3564 1253 3600 1318 ἡ
3654 1249 3819 1305 ἐπιθυ-

2199 1343 2294 1419 μία
2347 1347 2448 1410 τῆς
2505 1339 2719 1420 καρδίας
2774 1342 2925 1416 ὑμῶν
2983 1340 3263 1410 δοθήσεται
3317 1342 3473 1415 ὑμῖν,
3527 1339 3685 1400 Εὒθὺς
3745 1338 3818 1392 οὖν

2205 1433 2513 1509 Δημήτριος
2571 1432 2708 1506 μετὰ
2761 1436 2867 1487 τῶν
2913 1432 3003 1487 σῦν
3044 1433 3189 1503 αὒτῷ
3249 1429 3464 1486 πάντων
3497 1446 3511 1461 ·
3580 1427 3750 1504 Μέγας
3798 1427 3820 1481 δ

2202 1523 2332 1585 Θεὸς
2362 1525 2468 1578 τῶν
2498 1521 2946 1600 Χριστιανῶν,καὶ
2978 1518 3140 1577 πάλιν
3169 1518 3436 1594 εἰπόντες,
3469 1521 3533 1575 τὸ
3564 1518 3821 1597 βάπτισμα

2200 1610 2473 1691 δέχονται.

2282 1701 2341 1759 Ι’.
2377 1703 2511 1756 Εἶτα
2570 1698 2894 1778 παραλαϐὼν
2949 1701 3138 1763 αὐτοὺς
3172 1703 3200 1757 ὸ
3236 1698 3556 1775 Κορνήλιος,
3592 1697 3717 1762 ἔστη
3747 1695 3823 1750 ἰπὶ

473 1808 659 1870 super
674 1789 1258 1865 habitaculum,etad
1284 1788 1577 1851 orientem
1598 1788 1806 1850 oculos
1827 1788 2114 1850 tollensin

2210 1794 2277 1862 τῷ
2316 1786 2673 1863 καταλύματι,
2719 1791 2812 1845 καί
2857 1789 2979 1868 τοὺς
3020 1788 3326 1869 ὀφθαλμοὺς
3391 1789 3532 1845 κατὰ
3582 1784 3822 1846 ἀνατολὰς

474 1879 718 1952 castum,
747 1879 945 1956 inquit
981 1900 994 1941 :
1040 1878 1295 1940 Domine
1327 1879 1485 1940 Deus
1518 1878 1823 1953 virtutum,
1853 1878 1954 1958 qui
1983 1895 2116 1939 res-

475 1967 627 2048 picis
647 1986 829 2049 super
852 1975 1161 2041 terrani,et
1180 1966 1326 2028 facis
1347 1984 1477 2028 eam
1501 1966 2121 2048 tremere;quiaspec—

475 2066 652 2119 tutuo
678 2064 912 2120 montes
935 2055 1344 2137 liquefacis,et
1365 2055 1704 2119 visitatione
1731 2064 1828 2118 tua
1851 2057 2120 2118 exsiccas

473 2146 762 2228 abyssos;
793 2145 923 2226 ipse
953 2164 1042 2220 es,
1095 2146 1348 2209 Domine
1383 2165 1398 2206 :
1433 2145 1562 2225 ipse
1588 2144 1803 2208 exaudi
1831 2145 2116 2224 gemitum

473 2236 833 2312 vinctorum,
861 2244 920 2297 et
941 2234 1093 2297 educ
1115 2253 1149 2298 e
1176 2243 1334 2298 terra
1353 2234 1728 2311 Evanthiam,
1756 2245 1813 2298 et
1840 2254 1915 2297 ne
1944 2253 2119 2297 aver—

476 2324 803 2389 tasfaciem
838 2333 997 2386 tuam
1030 2343 1064 2387 a
1094 2324 1218 2386 ﬁlio
1250 2343 1383 2405 ejus
1418 2342 1432 2387 :
1484 2325 1585 2386 sed
1637 2325 1878 2386 attende
1907 2327 2123 2386 animae

478 2431 711 2491 eorum,
759 2421 820 2477 et
847 2413 1039 2476 libera
1070 2432 1175 2475 eos
1206 2422 1452 2494 propter
1484 2433 1705 2479 nomen
1760 2424 1951 2476 tuum.
1984 2414 2123 2476 Haec

476 2523 611 2567 cum
645 2512 924 2584 precatus
953 2511 1112 2566 esset
1141 2503 1487 2580 Cornelius,
1541 2511 1598 2565 et
1629 2504 1730 2584 qui
1763 2504 2121 2565 circumsta-

477 2594 620 2656 bant
640 2592 1471 2668 dixissent,Amen,continuo
1497 2601 1656 2655 terra
1673 2591 2124 2668 divisa,incolu-

480 2702 638 2747 mem
657 2690 905 2745 matrem
931 2682 1147 2744 emittit
1170 2701 1307 2744 cum
1329 2682 1477 2745 tilio.
1505 2681 1577 2745 Et
1603 2682 1766 2745 illico
1792 2682 2125 2745 clamarunt

480 2791 616 2836 cum
637 2770 1189 2846 circumstantibus:
1209 2771 1454 2851 Magnus
1477 2774 1734 2846 es,Deus
1759 2771 2126 2835 Christiano-

480 2861 745 2943 rum,qui
770 2880 879 2924 nos
900 2878 935 2922 a
963 2861 1347 2942 deceptione,
1380 2872 1442 2923 et
1462 2862 1535 2922 ab
1563 2861 1674 2924 hac
1696 2860 1913 2924 acerba
1935 2869 2128 2923 morte

481 2951 748 3014 liberasti
781 2969 887 3032 per
915 2958 1077 3012 tuum
1111 2950 1398 3013 famulum
1454 2949 1824 3025 Cornelium,
1859 2958 1917 3012 et
1965 2959 2124 3012 tuam

481 3041 804 3123 potentiam
840 3048 900 3100 et
921 3038 1233 3102 brachium
1259 3039 1435 3101 nobis
1459 3048 1663 3100 notum
1686 3037 2125 3101 retldidisti.Si-

2202 1880 2275 1941 είς
2335 1879 2425 1935 τὸν
2471 1880 2691 1956 οὐρανὸν
2736 1878 2866 1957 ἄρας
2906 1895 2919 1909 ·
2959 1880 3138 1957 Κύριε,
3173 1879 3201 1935 ὁ
3248 1879 3379 1940 Θεὸς
3411 1880 3517 1933 τῶν
3549 1876 3823 1949 δυνάμεων,

2202 1969 2385 2042 εἶπεν,
2445 1970 2472 2025 ὁ
2517 1966 2822 2026 ἱπιϐλέπων
2878 1969 2965 2025 ἐπὶ
3011 1969 3109 2037 τὴν
3168 1968 3269 2046 γῆν
3312 1971 3402 2025 καὶ
3463 1973 3635 2024 ποιῶν
3687 1964 3826 2030 αὐτὴν

2202 2058 2437 2136 τρέμειν,
2485 2058 2514 2113 ὸ
2558 2065 2633 2132 τῷ
2674 2058 2945 2134 βλέμματι
3003 2079 3095 2115 σου
3140 2059 3320 2122 τήκων
3352 2056 3453 2134 ὅρη
3484 2055 3579 2113 καί
3618 2061 3686 2131 τῇ
3714 2054 3827 2109 ἐπι-

2203 2154 2380 2223 σκοπῇ
2408 2170 2502 2205 σου
2531 2146 2790 2225 ξηραίνων
2846 2144 3129 2227 ἀϐύσσους,
3190 2147 3348 2211 αὐτὸς
3394 2147 3449 2202 εἴ
3514 2145 3700 2222 Κύριος
3752 2142 3825 2200 καὶ

2203 2240 2360 2300 αὐτὸς
2422 2238 2729 2295 εἰσάκουσον
2801 2245 2895 2294 τοῦ
2937 2259 3239 2316 στεναγμου
3280 2239 3389 2295 των
3432 2232 3823 2307 πεπεδημένων,

2192 2329 2292 2384 καὶ
2323 2326 2549 2405 ἐξάγαγε
2582 2327 2834 2384 Εὔανθίαν
2866 2327 2974 2383 ἀπὸ
3007 2331 3100 2394 τῆς
3145 2327 3269 2402 γῆς,
3315 2327 3403 2384 καὶ
3461 2325 3543 2399 μὴ
3586 2320 3830 2397 ἀποστρέ-

2208 2421 2318 2492 ψῃς
2378 2418 2439 2473 τὸ
2484 2416 2771 2494 πρόσωπόν
2820 2439 2914 2475 σου
2956 2417 3062 2473 ἀπὸ
3107 2423 3199 2473 τοῦ
3240 2413 3431 2478 παιδὸς
3477 2418 3670 2484 αὖτῆς,
3715 2409 3831 2468 ἆλλὶ

2206 2506 2448 2586 πρόσχες
2494 2512 2561 2582 τῇ
2593 2511 2748 2585 ψυχῇ
2811 2510 3006 2580 ἆῦτῶν,
3038 2507 3128 2562 καί
3157 2505 3424 2575 λύτρωσαι
3457 2504 3650 2569 αὖτοὺς
3681 2501 3829 2558 ἕνεκεν

2209 2596 2299 2652 τοῦ
2355 2595 2620 2669 ὀνόματός
2665 2619 2780 2657 σο).
2821 2603 2996 2654 Ταῦτα
3027 2597 3122 2652 τοῦ
3176 2598 3317 2671 ἱεροῦ
3357 2593 3653 2673 Κορνηλίου
3697 2588 3829 2655 εὖξα-

2208 2685 2367 2759 μένου
2416 2687 2500 2742 καὶ
2542 2692 2649 2743 τῶν
2707 2686 3080 2762 περιεστώτων
3122 2687 3184 2742 τὸ
3236 2684 3413 2759 Ἀμὴν
3471 2680 3830 2760 ἐπιφωνηδάν·

2208 2796 2338 2854 των,
2385 2772 2682 2854 διασχοῦσα
2726 2778 2760 2843 ἡ
2793 2775 2864 2852 γῆ
2896 2775 3114 2847 εὸϐέως,
3151 2776 3273 2852 ὑγιᾶ
3303 2776 3404 2841 τὴν
3449 2771 3663 2851 μητέρα
3716 2769 3829 2846 μετὰ

2209 2874 2301 2924 τοῦ
2343 2862 2530 2929 παιδὸς
2561 2863 2843 2921 ἀναδίδωσι
2879 2884 2893 2899 ·
2928 2865 3017 2922 καί
3062 2864 3269 2932 αὐτίκα,
3309 2863 3489 2942 Μέγας
3523 2865 3554 2919 ὁ
3590 2862 3714 2921 Θεὸς
3745 2864 3829 2913 τῶν

2210 2959 2569 3034 Χριστιανῶν,
2629 2955 2768 3028 μετὰ
2808 2958 2916 3011 τῶν
2964 2953 3339 3028 περιεστώτων
3369 2955 3455 3010 καὶ
3488 2951 3572 3008 ’ἐτι
3604 2950 3780 3021 ἐϐόων,
3808 2948 3829 3000 ὃ

2207 3044 2308 3109 τῆς
2354 3042 2567 3110 ἆπάτης
2636 3043 2773 3119 ἡμᾶς
2848 3046 2938 3100 καὶ
2995 3050 3088 3102 τοῦ
3141 3050 3331 3120 πικροῦ
3386 3042 3580 3101 τούτου
3635 3038 3832 3096 θανέτου

483 3132 727 3209 muique
756 3127 1005 3189 ducenti
1037 3136 1095 3188 et
1153 3136 1382 3205 septem
1433 3126 1667 3188 Christo
1716 3134 2122 3188 accesserunt.

2210 3130 2295 3187 διὰ
2378 3138 2471 3189 τοῦ
2541 3143 2636 3192 σοῦ
2719 3134 3040 3210 θεράποντος
3107 3133 3401 3210 Κορνηλίου
3466 3128 3829 3207 ελευθερώσας,

481 3217 713 3280 Exhinc
743 3224 939 3278 autem
968 3215 1042 3277 ad
1066 3216 1409 3278 Cornelium
1436 3216 1747 3278 sedentem
1773 3216 1833 3276 in
1868 3215 2125 3296 quodam

484 3306 752 3388 loco,qui
775 3311 1020 3366 vocatur
1041 3303 1406 3375 Stadium,et
1427 3304 1743 3366 docentem
1771 3323 1875 3367 eos
1905 3310 2003 3386 qui
2036 3323 2130 3366 σοι

481 3396 799 3469 cedebant,
834 3393 1173 3456 Demetrius
1198 3403 1255 3455 et
1278 3393 1566 3455 Evanthia
1588 3393 1963 3456 ventitabant
1992 3413 2126 3456 cum

480 3485 629 3546 ﬁlio.
665 3483 783 3547 Sed
812 3492 870 3546 et
901 3482 1117 3564 reliqui
1148 3501 1388 3564 quoque
1419 3483 1672 3562 gentiles
1705 3503 1824 3545 non
1852 3484 1973 3562 jam
2007 3502 2129 3544 am-

481 3575 637 3657 plius
667 3575 1178 3656 gentiles,quippe
1202 3574 1393 3655 spinis
1424 3574 1864 3637 incredulitatis
1889 3592 1922 3636 a
1946 3573 2130 3635 corde

478 3685 588 3728 suo
619 3668 984 3745 expurgatis,
1018 3674 1081 3727 ut
1110 3672 1270 3727 terra
1292 3664 1471 3739 bona,
1497 3674 1900 3744 susceperunt
1923 3681 2128 3724 semen

481 3755 739 3837 pietatis,
773 3764 834 3817 et
862 3754 1159 3835 baptismo
1187 3756 1436 3817 fuerunt
1468 3755 1792 3834 obsignati.

2210 3228 2300 3278 καί
2342 3223 2437 3289 τὴν
2481 3223 2582 3289 σὴν
2627 3220 2932 3282 δυναστείαν
2988 3224 3078 3279 καὶ
3132 3224 3226 3278 τὸν
3282 3222 3547 3300 βραχίονα
3580 3217 3831 3294 νγνωρίσις

2210 3310 2348 3381 ἡμῖν
2385 3326 2397 3340 ⁸
2443 3313 2539 3368 Καὶ
2568 3310 2680 3383 ἅμα
2725 3312 2800 3374 είς
2844 3313 2980 3368 ἑπτὰ
3010 3314 3097 3369 καὶ
3128 3309 3425 3373 διακοσίους
3458 3310 3734 3366 συνέθεντο
3772 3309 3833 3375 τῷ

2212 3405 2444 3477 Χριστῷ.
2511 3400 2599 3466 ἘΞ
2662 3401 2868 3460 ἐκείνου
2924 3403 3099 3459 τοίνυν
3143 3400 3231 3457 ἐπί
3289 3422 3430 3461 τινος
3477 3398 3653 3456 τόπου
3712 3403 3833 3451 Στα-

2211 3487 2320 3545 δίου
2372 3489 2702 3565 καλουμένου
2766 3492 3054 3565 καθημένῳ
3116 3494 3194 3564 τῷ
3257 3489 3533 3565 Κορνηλίῳ
3602 3489 3688 3544 καὶ
3737 3484 3834 3545 τοὺς

2212 3580 2530 3657 προσιόντας
2590 3578 2912 3654 διδάσκοντι,
2977 3580 3294 3656 Δημήτριός
3354 3600 3412 3637 τε
3471 3579 3563 3635 καὶ
3644 3574 3835 3634 Εὔανθίσ

2214 3669 2351 3741 μετὰ
2382 3678 2475 3727 τοῦ
2517 3667 2706 3733 παιδὸς
2741 3669 2987 3749 ἐφοίτων,
3016 3671 3102 3726 καὶ
3133 3667 3252 3724 οὐδὲ
3279 3671 3327 3724 οἱ
3360 3667 3531 3725 λοιποί
3596 3663 3836 3729 Ἕλληνες

2214 3758 2291 3813 ἔτι
2340 3755 2608 3824 ’Έλληνες
2639 3762 2775 3827 ἦσαν
2806 3775 2819 3788 ’
2873 3758 3011 3815 ἀλλὰ
3054 3758 3152 3823 τὰς
3184 3757 3413 3822 ἀκάνθας
3444 3758 3534 3813 καὶ
3582 3755 3732 3811 οὗτοι
3758 3755 3835 3813 τῆς

479 3848 726 3913 ἀπιστίας
770 3847 877 3903 ἀπὸ
907 3852 1005 3913 τῆς
1064 3845 1264 3904 ἐαυτῶν
1294 3845 1509 3924 καρδίας
1567 3846 1915 3924 καθάραντες,
1963 3844 2144 3920 ὣσπερ
2172 3867 2254 3909 τις
2288 3848 2356 3922 γῆ
2388 3846 2561 3925 ἀγαθὴ
2590 3848 2680 3904 τὸν
2715 3853 2813 3915 τῆς
2858 3846 3124 3910 εὐσεϐείας
3179 3845 3490 3912 ὑπεδέξαντο
3517 3845 3739 3922 σπόρον,
3767 3835 3840 3896 καὶ

480 3943 557 4011 τῷ
585 3938 911 4013 βαπτίσματι
943 3935 1389 4015 ἐσφραγίσθησαν.

560 4024 863 4106 XI.Atque
887 4024 988 4087 ille
1010 4024 1603 4104 quidem,postquam
1628 4022 1863 4086 Christo
1885 4023 2125 4083 univer-

2293 4017 3348 4085 IA"O‘--'""Ai:’
3553 4028 3839 4077 ’Χ-

2396 4074 2410 4088 .
2536 4048 2632 4087 με)
2660 4049 2748 4083 οδν
2779 4049 2894 4085 επει
2924 4050 3020 4096 την
3048 4050 3119 4084 πο
3158 4050 3206 4083 ιν
3266 4047 3454 4092 κεινην
3504 4047 3686 4081 πασαν
3771 4041 3816 4095 ρι

481 4134 609 4180 sam
643 4115 962 4177 obtulisset
994 4114 1386 4188 civitatem,et
1416 4131 1685 4176 errorem
1721 4112 2125 4194 expulisset,el

2212 4121 2322 4189 στῷ
2380 4119 2715 4194 προσήνεγκε
2754 4119 2842 4174 καὶ
2899 4120 3001 4185 τὴν
3054 4117 3264 4183 πλᾶνην
3301 4114 3570 4189 ιὶττῆλσιτιε⁹
3638 4111 3837 4170 καὶτὸν

484 4203 736 4267 verbum
770 4203 1007 4284 pietatis
1040 4205 1100 4264 in
1133 4222 1203 4265 ea
1227 4203 1608 4274 seminasset,
1637 4201 1888 4263 effectus
1920 4200 2125 4282 plenus

2213 4203 2374 4279 λόγον
2438 4210 2536 4272 τῆς
2609 4204 2873 4268 εὸσεϐείας
2952 4205 3290 4280 κατέσπειρε,
3353 4203 3570 4278 πλήρης
3650 4200 3840 4275 ἡμερῶν

484 4294 721 4358 dierum
755 4292 1177 4374 spiritualium,
1213 4290 1540 4354 ferventius
1575 4290 1821 4352 vocabat
1852 4288 2125 4365 orationi,

2216 4293 2505 4371 γενόμενος
2550 4297 2656 4351 τῶν
2695 4304 2789 4355 τοῦ
2845 4296 3174 4373 Πνεόματος,
3208 4293 3347 4373 εἶιχῇ
3393 4294 3480 4349 καὶ
3511 4288 3695 4359 δεήσει
3733 4291 3841 4361 θερ-

485 4392 549 4448 et
570 4382 810 4446 totusin
836 4401 906 4445 ea
929 4381 1384 4478 versabatur,ad
1410 4380 1567 4478 nihil
1593 4399 1666 4442 ex
1696 4379 1794 4455 iis,
1824 4379 2125 4478 quibusin

2220 4385 2417 4462 μοτέρα
2459 4386 2795 4462 προσέκειτο,
2848 4386 2937 4440 καὶ
2994 4383 3120 4448 ὃλος
3177 4385 3244 4450 ἦν
3274 4387 3373 4449 τῆς
3408 4381 3620 4437 ἐκεῖθεν
3664 4379 3843 4452 Siqui-

486 4472 775 4555 presenti
797 4472 915 4534 vita
933 4471 1381 4543 studetur,suos
1406 4469 1686 4532 attollens
1709 4469 2135 4532 oculos.Dein-

488 4581 631 4642 ceps
660 4570 859 4623 autem
884 4560 941 4622 ei
971 4579 1213 4641 quoque
1246 4578 1393 4621 suos
1425 4559 1721 4622 revelatur
1751 4558 2135 4639 excessus,ad

489 4669 668 4733 quem
689 4658 810 4712 toto
833 4650 1049 4712 animae
1070 4650 1242 4712 oculo
1278 4648 1674 4731 spectabat,ct
1697 4657 1823 4710 erat
1846 4658 2085 4728 paratus
2114 4664 2128 4710 :

490 4750 550 4805 et
580 4742 656 4805 de
686 4740 925 4822 superis
954 4758 1161 4803 vocem
1189 4739 1355 4821 audit
1377 4739 1707 4801 dicentem:
1733 4736 2136 4808 Corneli.veni

487 4830 561 4894 ad
595 4828 875 4892 me.Ecce
918 4829 1078 4891 enim
1115 4835 1206 4890 est
1238 4825 1348 4889 tibi
1382 4836 1583 4907 parata
1615 4845 1841 4889 corona
1863 4826 2133 4906 justitire.

490 4921 646 4996 Quid
672 4919 926 4984 deinde?
959 4917 1108 4981 Cum
1139 4935 1538 4997 omnes,quos
1569 4915 1895 4988 obtulerat,
1931 4914 2138 4979 Chris-

490 5015 683 5076 tianos
709 5020 1120 5090 convocasset,
1153 5015 1213 5071 et
1242 5027 1349 5072 eos
1381 5008 1711 5091 perfectius
1733 5013 2008 5087 pietatem
2035 5005 2139 5067 do-

491 5104 803 5179 cuisset,et
823 5102 1075 5164 ﬁrmiter
1092 5099 1379 5163 doctrinm
1398 5099 1468 5161 ad
1479 5100 1709 5160 haerere
1729 5097 2135 5178 praecepisset,

492 5202 554 5257 et
581 5213 649 5257 se
676 5201 980 5275 postremo
1014 5200 1205 5254 totum
1263 5189 1336 5251 ad
1370 5187 1738 5269 precandum
1771 5185 2133 5275 collegisset,

493 5272 997 5362 ﬂectit'genu.et:
1028 5278 1285 5343 Domine
1337 5281 1497 5342 Deus
1526 5284 1754 5348 noster,
1788 5275 2007 5357 inquit,
2038 5272 2142 5355 qui

496 5391 591 5435 me
606 5372 851 5452 dignum
877 5370 1165 5445 fecisti,ut
1182 5368 1363 5431 {idem
1391 5373 1906 5440 conservarem,et
1930 5375 1991 5425 ut
2015 5381 2144 5426 cer-

493 5468 694 5524 tamen
727 5477 1105 5541 peragerem,
1140 5467 1199 5520 et
1228 5458 1533 5519 vincerem
1564 5454 1997 5526 adversarium,
2030 5471 2139 5532 ago

495 5549 603 5614 tibi
630 5552 900 5630 gratias:
934 5549 1042 5612 sed
1076 5548 1152 5610 ad
1180 5556 1313 5609 tuos
1344 5564 1546 5609 servos
1577 5563 1610 5608 e
1641 5543 1793 5607 coelo
1819 5543 2043 5623 aspice,
2078 5551 2139 5603 et

491 5658 599 5706 eos
630 5639 872 5721 suscipe
903 5657 938 5701 a
961 5645 1165 5701 sancta
1193 5642 1296 5702 tua
1319 5634 1727 5717 altitudine,et
1745 5651 1851 5697 eos
1874 5640 1975 5696 tua
1996 5649 2134 5697 con-

2218 4480 2346 4551 γῆς,
2397 4475 2530 4550 πρὸς
2574 4472 2723 4532 οὐδὲν
2768 4476 2874 4529 τῶν
2918 4473 2972 4529 ἐν
3015 4479 3084 4547 τῇ
3115 4472 3359 4549 παρούσῃ
3404 4476 3517 4544 ζωῇ
3571 4465 3840 4534 σπουὲαζο·

2219 4560 2394 4636 μένων
2438 4564 2772 4637 μετεωρίζων
2806 4565 2898 4618 τὸν
2955 4561 3252 4641 ὀφθαλμόν,
3317 4559 3592 4617 Ἐντεῦθεν
3624 4559 3716 4614 καὶ
3762 4554 3843 4618 τὴν

2219 4648 2478 4723 ἐκδημίαν
2536 4665 2779 4726 μυεῖται,
2822 4654 2952 4730 πρὸς
2998 4651 3065 4719 ἣν
3109 4648 3220 4724 ὅλῳ
3266 4652 3335 4723 τῷ
3365 4653 3462 4714 τῆς
3517 4651 3706 4727 ψυχῆς
3752 4643 3845 4716 3p.-

2220 4762 2349 4815 ματι
2409 4739 2548 4813 ἑώρα
2606 4744 2695 4797 καὶ
2750 4742 3150 4818 παρεσκεύαστο
3184 4755 3198 4771 ⁶
3282 4739 3370 4794 καὶ
3425 4737 3609 4817 φωνῆς
3667 4735 3847 4791 ἄνωθεν

2220 4828 2400 4885 ἀκούει
2460 4828 2725 4907 λεγούσης
2759 4846 2771 4860 ·
2825 4828 3110 4908 Κορνήλιε,
3179 4829 3349 4907 ἔρχου
3400 4827 3532 4904 πρός
3592 4839 3704 4900 με·

2222 4919 2322 4995 γὰρ
2371 4919 2692 4994 ἡτοίμασταί
2734 4941 2819 4975 σοι
2864 4922 2892 4976 ὁ
2936 4924 3033 4986 τῆς
3078 4917 3421 4983 δικαιοσύνης
3450 4916 3734 4992 στέφανος,
3765 4907 3847 4967 καί

2221 5009 2282 5062 τὸ
2340 5007 2463 5075 ἑξῆς
2494 5025 2508 5039 ·
2571 5008 2727 5072 ὅσους
2814 5009 3021 5073 ἐκεῖνος
3096 5008 3433 5086 προσήνεγκε
3520 5000 3849 5081 Χριστιανοὺς

2222 5095 2725 5174 προσκαλεσάμενος
2772 5100 2974 5162 πάντας
3039 5099 3126 5153 καὶ
3178 5094 3501 5171 τελεώτερον
3561 5092 3746 5154 αὐτοὺς
3794 5088 3851 5143 τὰ

2220 5191 2321 5252 τῆς
2380 5185 2648 5253 εὖσεϐείας
2676 5186 3005 5267 evasisse“,
3066 5187 3155 5244 καὶ
3212 5183 3465 5264 ἄσφαλῶς
3503 5183 3723 5262 ἔχεσθαι
3766 5180 3850 5242 τῆς

2222 5273 2562 5340 διδασκαλίας
2595 5277 2973 5355 παρεγγυήσας
3010 5294 3025 5311 ’
3081 5276 3204 5333 εἶτα
3259 5276 3348 5330 καὶ
3384 5272 3511 5329 ὅλον
3552 5268 3850 5348 συναγαγὼν

2225 5365 2411 5422 ἑαυτὸν
2471 5364 2783 5423 τελευταῖον
2842 5366 2916 5429 εἷς
2978 5364 3290 5445 προσευχὴν
3333 5362 3504 5419 κλίνει
3544 5362 3692 5438 γόνυ,
3725 5357 3808 5414 καί
3835 5370 3847 5382 '

2225 5459 2403 5530 Κύριε,
2465 5456 2493 5510 ὁ
2547 5456 2676 5518 Θεὸς
2752 5456 2907 5528 ἡμῶν
2958 5458 3226 5526 Δέσποτα,
3287 5450 3415 5530 ἔφη,
3464 5452 3491 5506 ὁ
3544 5449 3642 5515 τὴν
3688 5446 3851 5503 πίστιν

2219 5542 2448 5618 τηρῆσαί
2500 5565 2567 5617 με
2625 5541 2959 5608 καταξιώσας
3017 5543 3106 5598 καὶ
3164 5542 3254 5597 τὸν
3314 5540 3496 5619 ἀγῶνα
3541 5536 3747 5595 τελέσαι
3776 5542 3851 5592 καὶ

2218 5636 2434 5698 νικῆσαι
2479 5634 2571 5689 τὸν
2614 5631 3002 5708 ἀντικείμενον,
3048 5632 3354 5711 εὔχαριστω
3384 5650 3491 5691 σοι.
3532 5623 3683 5684 Ἀλλ’
3713 5618 3845 5679 ἔπιδε
