4020 6206
270 357 421 426 1305

1306 359 1493 426 VITA
1533 360 1594 424 S.
1640 357 2004 424 CORNELII
2044 353 2587 421 CENTURIONIS.

3488 357 3506 420 1
3522 353 3638 423 306

265 500 350 556 καὶ
394 497 479 556 ἐπὶ
507 498 632 562 τοὺς
682 497 805 562 σοὺς
837 494 1052 561 δούλους
1098 495 1151 562 ἐξ
1198 498 1438 577 οὖρανοῦ,
1475 497 1563 554 καὶ
1624 493 1897 554 ἆντιλαϐοῐ

1996 492 2260 555 fessione
2290 501 2349 555 et
2401 493 2652 555 nomine
2714 490 2914 554 stabili
2945 499 3006 556 et
3054 490 3366 568 coniirma,
3405 499 3471 554 ut
3513 495 3647 557 sine

264 591 437 648 αὐτῶν
486 587 538 655 ἕξ
569 587 732 664 ὕψους
768 588 920 666 ἁγίου
965 609 1058 644 σου
1089 588 1176 644 καὶ
1225 594 1293 663 τῇ
1353 593 1424 663 σῇ
1455 587 1642 651 αὐτοὺς
1705 589 1912 662 ὁμολο-

263 679 352 755 γίᾳ
409 679 496 734 καὶ
566 683 644 752 τῷ
712 677 934 752 ὀνόματι
1004 674 1275 756 στήριξον,
1338 675 1485 740 ὅπως
1555 675 1909 739 ἀδιαλείπτως

260 765 514 839 δοξάζωσι
572 769 635 824 τὸ
667 767 760 824 σὸν
789 765 959 841 «Mm
1013 768 1075 823 τὸ
1105 765 1392 844 πανάγιον,
1440 767 1526 823 νῦν
1556 767 1650 823 καῖ
1683 768 1756 829 εἷς
1787 767 1910 830 τοὺς

256 859 478 921 αἰῶνας*
539 859 627 914 καὶ
678 857 892 915 πάντων
935 857 1124 921 εὐθέως
1173 858 1235 913 τὸ
1287 857 1463 932 Ἀμὴν
1519 856 1908 933 ἰπίφωνησάν-

253 969 388 1018 των,
422 948 482 1004 τὸ
507 950 715 1024 πνεῦμα
743 948 954 1027 χαίρων
984 951 1054 1014 τῆ
1086 945 1337 1003 καλοῦντι
1371 945 1649 1024 παρέθετο,

339 1027 448 1096 ΙΒ’.
514 1039 824 1115 Δημήτριος
883 1037 1062 1110 μὲνεοι
1119 1037 1214 1093 σὸν
1263 1035 1486 1109 Εὖανθίᾳ
1553 1037 1641 1094 καὶ
1689 1039 1766 1111 τῷ
1819 1037 1914 1111 υἱῷ

255 1133 608 1206 Χριστιανοῖς
677 1149 735 1184 τε
802 1133 933 1183 πᾶσι
998 1129 1124 1188 τοῖς
1181 1124 1611 1203 συνειλεγμένοις
1683 1127 1773 1184 καὶ
1835 1133 1914 1200 σῷ

253 1214 598 1294 πρεσϐυτέρῳ
661 1217 901 1292 Εὗνομίῳ
939 1223 1008 1294 τῇ
1055 1218 1150 1274 τοῦ
1196 1214 1514 1274 διδασκάλου
1565 1214 1794 1292 ἔκδημίᾳ
1849 1218 1914 1277 τὰ

257 1308 440 1364 εἰκότα
498 1304 968 1384 ἐπιδακρόσαντες,
1003 1306 1130 1363 εἶτα
1189 1307 1276 1363 καὶ
1322 1306 1518 1379 κηροὺς
1576 1307 1913 1382 ἀναψάμενοι

255 1397 347 1453 καὶ
404 1395 601 1471 ὕμνους
657 1395 949 1475 ἐξιτηρίους
1009 1395 1303 1469 έπᾴσαντες
1361 1397 1448 1452 καὶ
1494 1394 1594 1452 ὅσα
1655 1403 1913 1474 Χριστια-

255 1497 374 1552 νοϊς
434 1486 489 1543 ἐν
533 1487 682 1562 νόμῳ
736 1485 1075 1560 τελέσαντες,
1107 1485 1235 1564 παρ’
1294 1487 1438 1560 αὐτῷ
1480 1492 1558 1560 τῷ
1606 1507 1912 1563 καταστρα-

251 1575 405 1657 φέντι
455 1581 567 1650 ναῷ
608 1584 698 1634 τοῦ
752 1579 875 1642 Διὸς
934 1576 990 1633 ἐν
1031 1583 1099 1653 τῇ
1149 1583 1309 1652 καινῇ
1348 1583 1489 1653 σορῷ
1537 1583 1725 1634 τοῦτον
1771 1597 1910 1633 κατ-

251 1666 467 1746 έθεσαν,
529 1664 648 1732 ἥτις
705 1667 808 1722 ὑπὸ
883 1665 1200 1744 Δημητρίου
1254 1671 1323 1742 τῇ
1376 1667 1584 1742 συζύγῳ
1651 1666 1907 1743 πρότερον

246 1755 672 1819 γατεσκεύαστο,
720 1756 888 1814 Βάτον
921 1754 976 1812 δὲ
1029 1760 1064 1826 ἡ
1117 1757 1187 1833 γῆ
1235 1753 1426 1817 εὒθέως
1457 1753 1686 1812 ἀνέδωκε
1747 1756 1906 1834 μεγίο

1996 582 2443 644 intermissione
2481 583 2929 645 sanctissimum
2964 591 3126 644 tuum
3162 601 3383 644 nomen
3411 583 3645 663 gloriﬁ-

1995 681 2152 746 cent,
2190 691 2350 734 nunc
2376 680 2434 734 et
2463 673 2525 733 in
2576 671 2793 734 saecula
2821 673 3206 734 saeculorum.
3254 670 3320 734 Et
3354 691 3490 734 cum
3524 692 3648 736 om-

1993 779 2127 836 nes,
2188 762 2425 842 Amen,
2478 763 2764 824 continuo
2833 762 3310 838 acclamassent,
3371 763 3647 844 spiritum

1998 850 2199 914 libens
2226 851 2283 914 ei
2313 851 2419 929 qui
2449 850 2698 914 vocabat
2731 851 2998 914 tradidit.

2036 1027 2364 1110 XI[.Atque
2386 1031 2729 1093 Demetrius
2750 1030 2990 1111 quidem
3015 1040 3077 1094 et
3095 1029 3643 1112 Evanthia(3),cum

1997 1117 2121 1179 ﬁlio
2145 1133 2204 1181 et
2235 1119 2593 1184 Christianis
2616 1119 2896 1183 omnibus
2913 1124 3383 1201 congregatis,et
3400 1120 3644 1202 presby-

1997 1215 2126 1270 tero
2145 1206 2616 1285 Eunomio,cum
2643 1209 2912 1289 magistri
2935 1218 3344 1285 excessum,ut
3368 1228 3472 1290 par
3495 1218 3644 1284 erat,

1997 1296 2508 1379 deplorassent,et
2529 1298 2751 1361 deinde
2777 1317 2987 1362 cereos
3008 1299 3519 1372 accendissent,et
3535 1299 3647 1380 hy-

1995 1393 2295 1464 mnos,qui
2313 1391 2427 1448 dici
2459 1392 2650 1450 solent
2668 1393 2726 1450 in
2753 1394 3458 1459 excessu,cecinissent,et
3485 1407 3647 1464 quaa-

1995 1497 2236 1561 cunque
2267 1479 2344 1542 de
2372 1499 2539 1542 more
2569 1481 2898 1544 Christiani
2949 1482 3195 1557 faciunt,
3231 1479 3601 1564 peregissent
3627 1501 3642 1556 ;

1993 1571 2149 1650 apud
2183 1569 2378 1650 ipsum
2413 1588 2690 1634 eversum
2721 1574 2878 1635 Jovis
2910 1572 3200 1653 templum
3230 1590 3364 1633 eum
3396 1571 3457 1632 in
3489 1587 3645 1633 novo

1992 1659 2190 1722 loculo
2237 1660 2674 1742 deposuerunt,
2709 1663 2810 1742 qui
2844 1662 3012 1743 prius
3042 1681 3076 1724 a
3120 1661 3423 1724 Demetrio
3455 1661 3646 1727 fuerat

1991 1758 2377 1813 constructus
2407 1769 2518 1813 con
2519 1750 2920 1830 jugi.Rubum
2943 1762 3140 1814 autem
3167 1751 3491 1813 maximum
3513 1758 3641 1812 ter-

243 1847 384 1913 στῆν
454 1846 544 1902 καὶ
627 1845 722 1914 τὴν
806 1847 962 1924 σορὸν
1047 1843 1228 1917 κύκλῳ
1310 1844 1755 1923 περιεσκέπασεν,
1830 1847 1897 1908 ὡς

1990 1857 2058 1900 ra
2081 1841 2366 1902 continuo
2389 1840 2600 1917 edidit,
2630 1845 2769 1902 etin
2793 1841 2998 1903 orbem
3030 1842 3173 1904 texit
3193 1839 3640 1917 loculum,adeo

242 1934 456 2012 μηδένα
499 1937 593 1992 τοῦ
621 1933 814 1992 λοιποῦ
861 1933 1076 2011 εἰδέναι,
1111 1933 1246 2010 μηδέ
1275 1933 1356 1991 ὅτι
1415 1936 1572 2014 σορὸν
1603 1933 1748 1993 ἔνδον
1779 1935 1899 2010 εἴη,

243 2023 393 2093 πλὴν
436 2025 618 2100 μόνων
661 2031 769 2082 τῶν
801 2025 937 2095 μετὰ
989 2025 1301 2102 Δημητρίου
1334 2025 1453 2081 τότε
1497 2023 1900 2100 διακονησαμέ-

243 2137 352 2172 νων
397 2115 528 2193 πρὸς
559 2114 659 2180 τὴν
697 2114 893 2192 ταφήν,
929 2117 989 2172 Οἱ
1017 2111 1082 2181 δὴ
1115 2120 1186 2191 τῇ
1236 2114 1385 2190 βάτῳ
1415 2119 1706 2192 φοιτῶντες
1768 2114 1902 2171 ἐκά-

246 2224 406 2262 στοτε
463 2204 575 2282 ἱερά
604 2223 662 2260 τε
718 2203 935 2278 ᾅσματα
993 2202 1120 2280 ᾖδον
1177 2205 1264 2260 καὶ
1295 2203 1646 2279 θυμιαμάτων
1709 2206 1904 2277 μεστὸν

245 2295 337 2351 καὶ
395 2293 614 2355 εὐωδίας
679 2293 770 2348 τὸν
814 2290 900 2348 ἐπ’
947 2292 1083 2369 αὖτῇ
1135 2291 1265 2370 ἀέρα
1320 2291 1608 2350 εδείκνυονο
1663 2293 1730 2350 τὰ
1770 2294 1903 2350 θαύ-

252 2405 398 2458 ματα
453 2382 637 2456 μέντοι
711 2383 912 2462 συχνὸν
987 2383 1191 2440 ἐκεῖθεν
1257 2383 1494 2462 ὶπήγαζε
1563 2383 1783 2463 χρόνον,
1829 2385 1903 2448 ὡς

252 2472 436 2530 δοκεῖν
479 2485 598 2536 τοῖς
630 2470 858 2536 πολλοῖς
910 2471 1065 2536 ὅσους
1095 2471 1243 2530 ἔνδον
1286 2475 1315 2530 6
1346 2473 1594 2546 μαθητὴς
1653 2471 1903 2531 ἐλάνθανε

247 2565 519 2642 κείμενος,
578 2564 725 2620 Θεῖόν
779 2583 829 2618 τι
888 2564 979 2619 καὶ
1034 2572 1122 2622 νῦν
1178 2564 1282 2631 τὴν
1337 2563 1500 2640 βάτον
1559 2563 1898 2638 αἰνίττεσθαι,

243 2652 428 2732 ὥσπερ
472 2650 538 2722 δὴ
569 2654 663 2710 καῖ
695 2653 784 2711 lani
827 2653 1078 2717 Μοϋσὲως
1105 2653 1308 2733 ὶγίνετο
1350 2655 1634 2734 πρότερον.

1987 1939 2051 1991 ut
2075 1929 2279 1992 nullus
2302 1929 2489 1992 sciret
2509 1929 2584 1992 de
2602 1930 3012 2011 caetero,quod
3035 1932 3192 1992 intus
3210 1939 3368 1994 esset
3385 1929 3637 2004 loculus,

1986 2029 2207 2101 praeter
2229 2038 2336 2082 eos
2361 2021 2528 2082 solus
2551 2021 2652 2102 qui
2677 2041 2811 2084 cum
2844 2021 3151 2084 Demetrio
3187 2029 3326 2083 tunc
3355 2021 3644 2083 inservie-

1985 2119 2126 2173 runt
2156 2111 2228 2172 ad
2264 2111 2666 2192 sepulturam.
2694 2111 2806 2184 Qui
2829 2111 3069 2193 quidem
3092 2111 3167 2173 ad
3195 2110 3412 2172 rubum
3435 2113 3642 2187 quoti-

1987 2200 2085 2263 die
2115 2199 2519 2274 ventitantes,
2553 2218 2724 2262 sacra
2745 2204 3040 2264 canebant
3061 2201 3295 2262 cantica
3318 2200 3644 2263 sumtibus-

1986 2308 2107 2368 que
2131 2298 2190 2352 et
2208 2289 2367 2352 bono
2392 2289 2578 2352 odore
2596 2289 3044 2372 replebant,qui
3066 2307 3250 2370 super
3267 2289 3462 2369 ipsum
3486 2301 3640 2364 erat,

1987 2398 2214 2443 aerem.
2251 2382 2452 2460 Atque
2484 2379 2777 2442 miracula
2823 2380 3068 2460 quidem
3102 2379 3270 2442 illinc
3296 2379 3643 2460 frequenter

1988 2469 2322 2543 scatebunt,
2356 2468 2507 2532 adeo
2559 2479 2620 2531 ut
2653 2470 2856 2532 multis
2885 2469 3220 2542 videretur,
3252 2470 3355 2550 qui
3401 2469 3641 2531 nescie-

1987 2558 2129 2620 bant
2158 2559 2323 2621 intus
2346 2559 2556 2639 jacere
2579 2568 3092 2642 martyrem,nunc
3111 2577 3351 2640 quoque
3375 2557 3638 2621 divinum

1984 2649 2226 2730 aliquod
2276 2648 2466 2711 rubus
2516 2648 2880 2728 signiﬁcare,
2931 2649 3088 2712 sicut
3137 2656 3409 2730 tempore
3457 2647 3638 2710 Mosis

1985 2740 2154 2821 prius
2185 2738 2402 2801 factum
2428 2737 2644 2804 fuerat.

1729 2907 1974 2974 CAPUT
2033 2906 2136 2972 lV.

1211 3037 1283 3103 S.
1343 3037 1626 3104 Cornelii
1680 3039 1982 3111 inventio,
2029 3033 2386 3113 translatio,
2433 3035 2664 3119 imago.

324 3165 432 3239 ll".
468 3178 579 3234 Οὔκ
610 3175 778 3255 ὂλίγῳ
807 3173 862 3234 δὲ
890 3177 1106 3256 ὕστερον
1131 3179 1217 3234 καὶ
1242 3179 1270 3234 6
1319 3179 1626 3256 Δημήτριος
1657 3173 1882 3250 ἂπεϐίω,

2051 3170 2352 3235 XIII.Non
2375 3172 2563 3233 multo
2587 3179 2724 3253 post
2747 3179 2947 3234 autem
2974 3189 3006 3234 θ
3023 3171 3139 3232 vita
3165 3171 3346 3234 etiam
3373 3179 3638 3235 excessit

238 3269 335 3325 καὶ
382 3264 573 3324 πολλοὶ
621 3272 723 3323 τῶν
772 3267 875 3324 ὑπὸ
931 3266 1224 3346 Κορνηλίου
1274 3267 1352 3342 τῷ
1399 3269 1523 3340 Θείῳ
1579 3266 1892 3323 τελειωθέν-

239 3379 353 3414 των
396 3356 725 3431 βαπτίσματι
774 3358 863 3414 καὶ
893 3355 1038 3414 αὐτοὶ
1097 3356 1274 3433 οἱμὲν
1327 3358 1418 3414 τὸν
1462 3357 1576 3432 βίον
1605 3356 1895 3430 ἀπέλιπον,

240 3449 294 3505 οἱ
351 3443 406 3503 δέ
449 3447 538 3502 καί
591 3447 723 3523 πρὸς
771 3447 953 3523 ἑτέρας
1004 3447 1188 3526 χώρας
1235 3446 1546 3526 ἐφοίτησαν.
1610 3447 1750 3504 Εἶτα
1796 3453 1896 3502 Σι-

241 3536 427 3610 λοανῷ
482 3557 585 3592 τινι
630 3536 986 3612 ἀσπαζομένῳ
1028 3558 1086 3594 τε
1140 3536 1332 3614 ἀρετήν
1389 3533 1532 3614 ἀνδρὶ
1571 3538 1659 3593 καὶ
1715 3537 1894 3614 θεοφί-

239 3625 360 3698 λεῖ,
420 3625 481 3690 ὃς
523 3627 591 3701 τῇ
634 3625 838 3706 Τρωάδι
883 3626 1197 3689 ἔπεσκόπει.
1260 3625 1534 3704 γενομένῳ
1575 3626 1704 3683 ποτὲ
1761 3626 1898 3683 κατὰ

239 3716 350 3782 τήν
384 3719 670 3790 Σκεψαίων
696 3715 886 3796 πόλιν,
919 3719 948 3773 ὃ
976 3721 1120 3780 Θεῖος
1153 3715 1283 3794 ὂὶναρ
1317 3715 1606 3794 Κορνήλιος
1649 3716 1893 3781 ἒπιστάς⁶

239 3801 445 3883 Πολὺν,
492 3802 668 3882 ἔλεγε,
702 3805 901 3884 χρόνον
955 3808 1176 3863 ενταῦθα
1233 3804 1384 3880 οίκῶ,
1431 3806 1518 3861 καὶ
1575 3803 1738 3869 οὕδεὶς
1797 3804 1898 3862 ἰπ-

236 3893 511 3970 εσκέψατό
571 3915 664 3968 με,
698 3893 844 3963 πλὴν
897 3895 1077 3970 μόνων
1123 3898 1229 3952 τῶν
1257 3896 1349 3952 ὑπ’
1393 3895 1524 3970 ἐμοῦ
1571 3895 1894 3972 βαπτισθέν-

235 4005 373 4042 των.
438 3981 862 4042 Ἀνασκοποῦντι
917 3985 1033 4060 μεθ’
1093 3983 1299 4062 ἡμέραν
1354 3991 1430 4058 τῷ
1487 3985 1767 4060 ὲτισκόπῴ
1808 3986 1894 4042 καὶ

231 4075 302 4131 τὸ
365 4072 571 4151 ὄνειρον
632 4075 728 4132 οὒκ
792 4073 980 4154 ἔχοντι
1039 4073 1360 4150 συμϐαλεῖν,
1437 4075 1698 4144 φοιτήσας
1755 4080 1894 4151 οὖτῷ

229 4161 400 4220 πάλιν
459 4164 487 4218 6
518 4162 670 4240 ἅγιος
728 4164 801 4227 εἰς
858 4163 954 4230 τὴν
1025 4164 1246 4222 ἐπιοῦσα
1320 4164 1504 4220 νύκτα·
1583 4163 1729 4242 Ἐγώ
1784 4166 1889 4234 εἰμι

238 4249 542 4323 Κορνήλιος
599 4253 628 4308 6
684 4251 1113 4332 ἑκατοντάρχης,
1149 4256 1325 4309 εἶπεν·
1386 4251 1496 4309 ἔστι
1557 4250 1613 4308 δέ
1655 4276 1746 4328 μοι
1804 4255 1892 4312 καὶ

232 4341 397 4405 οἶκος
453 4339 682 4407 πλησίον
715 4348 808 4398 τοῦ
858 4348 986 4399 ναοῦ
1016 4351 1107 4400 τοῦ
1161 4342 1286 4405 Διὸς
1333 4342 1388 4398 ἂν
1433 4341 1500 4418 τῇ
1533 4342 1696 4420 βάτῃ⁹
1755 4342 1893 4401 ἀλλὰ

231 4431 300 4487 σὺ
345 4432 622 4508 εὖκτήριον
680 4430 859 4509 ἕτερον
917 4431 1061 4510 παρὰ
1119 4437 1197 4505 τῷ
1257 4434 1356 4488 ταῦ
1387 4433 1696 4510 Εημητρίου
1744 4432 1894 4507 τόπῳ

235 4529 331 4579 τοῦ
372 4517 561 4579 δούλου
605 4527 698 4577 τοῦ
731 4527 864 4577 Θεοῦ
907 4518 1284 4595 οἰκοδόμησον⁰
1340 4527 1584 4577 καλεῖται
1643 4519 1699 4577 δὲ
1745 4529 1892 4579 Παν-
1914 4549 1955 4603 D

233 4607 463 4688 δόχεῖον
495 4610 523 4665 ὁ
555 4609 744 4690 τόπος,
780 4610 900 4666 ἔνθα
930 4611 1019 4667 καὶ
1052 4608 1230 4667 πολλὰ
1278 4615 1385 4667 τῶν
1415 4609 1520 4679 ἢδη
1577 4608 1892 4670 τελειωθεν-

233 4721 342 4756 των
372 4699 536 4778 ἁγίων
568 4697 808 4779 ἀδελφῶν
848 4701 1192 4759 κατάκεινται
1224 4700 1473 4775 σώματα.

326 4876 443 4940 IA'.
495 4878 702 4936 Ἕωθεν
763 4879 850 4936 οὖν
881 4880 909 4935 6
942 4880 1042 4953 μὲν
1091 4878 1385 4945 ὶπισκοπος
1425 4879 1511 4937 διά
1553 4882 1614 4937 τὸ
1664 4879 1890 4948 πολλοῖς

239 4968 302 5024 τὺ
362 4965 698 5048 Πανδοχεῖον
749 4969 1006 5026 πάντοθεν
1049 4966 1337 5050 διωρύχθαι
1389 4970 1600 5049 τάφοις,
1634 4969 1886 5049 ἑτέρωθεν

238 5056 332 5112 τὸν
397 5057 521 5112 ναὸν
579 5055 886 5134 οἰκοδομεῖν
954 5057 1243 5134 ἐσκέψατο⁶
1309 5057 1432 5116 ἀλλ’
1494 5061 1522 5116 6
1581 5061 1734 5138 ἅγιος
1793 5065 1886 5120 οῦκ

328 5180 381 5253 3)
412 5183 470 5240 S.
523 5182 805 5258 Evanlﬁhia
841 5183 1053 5258 colitur
1083 5200 1111 5241 a
1163 5185 1373 5244 Graecis
1405 5187 1426 5240 l
1466 5185 1790 5258 Septembr.
1822 5194 1884 5246 ut

238 5253 430 5312 videre
488 5265 574 5313 est
605 5258 664 5311 in
697 5257 904 5314 Meuol.
938 5267 994 5314 et
1044 5258 1292 5315 Menaeis.
1325 5257 1457 5315 Hac
1513 5253 1585 5316 an
1617 5259 1730 5316 alia
1787 5262 1880 5326 sit,

236 5338 354 5382 non
386 5335 470 5399 est
503 5327 657 5399 unde
686 5327 1044 5399 colligamus.

308 5399 386 5468 (ι)
417 5397 474 5480 $.
499 5398 715 5479 Silvani
745 5397 843 5472 ep:
869 5398 1288 5526 PhilippOpolis
1317 5400 1373 5483 i_u
1407 5400 1887 5483 Thracia,deinde

308 5469 784 5526 ‘oadis.Vitam.ex
811 5469 946 5526 Hist.
972 5485 1059 5526 ccc
1091 5471 1376 5526 .Socraus
1400 5471 1498 5526 lib.
1528 5485 1771 5526 vu.can.
1793 5473 1882 5526 36.

236 5467 797 5542 Troadis.Vitam,ex'
811 5469 946 5526 Hist.
972 5467 1099 5527 ccci.
1123 5471 1376 5542 Socratis
1400 5471 1498 5527 lib.
1528 5485 1626 5539 vn,
1645 5485 1771 5542 cap.
1793 5473 1882 5538 36,

237 5540 504 5614 dabimus
537 5545 564 5614 1,
597 5541 958 5604 Decembris,
984 5543 1246 5614 adquem
1270 5541 1423 5599 diem
1454 5540 1886 5614 lloimisno‘lilar-

239 5611 522 5685 tyrologio
552 5612 868 5685 inscriptus
898 5623 1003 5669 cst.
1035 5611 1172 5670 cum
1205 5613 1373 5670 fuerit
1408 5615 1456 5671 is
1483 5613 1554 5668 ad
1589 5613 1885 5685 Philippo-

239 5682 387 5745 polis
415 5682 753 5744 cathedram
780 5703 808 5743 a
840 5685 1116 5742 S..Attico
1148 5693 1458 5750 evectus,et
1483 5685 1555 5742 ab
1585 5682 1886 5744 eodem'ad

236 5751 625 5817 Troadonsem
651 5757 985 5823 translatus,
1016 5759 1141 5832 qui,
1174 5765 1236 5818 ut
1267 5756 1302 5814 8
1331 5757 1570 5818 Januar.
1605 5757 1882 5825 diximus,

1980 3260 2346 3336 Demetrius,
2381 3268 2440 3323 et
2471 3262 2647 3324 multi
2689 3280 2762 3325 ex
2795 3261 2870 3324 iis
2896 3261 3002 3340 qui
3031 3279 3065 3323 a
3094 3261 3375 3324 Cornelio
3399 3262 3641 3325 fuerant

1980 3351 2180 3414 divino
2205 3350 2422 3413 initiati
2447 3351 2895 3434 baptismo,ipsi
2918 3369 3156 3432 quoque
3179 3351 3394 3433 partim
3428 3370 3462 3414 e
3492 3351 3636 3413 vivis

1980 3441 2405 3517 decesserunt,
2442 3443 2660 3522 partim
2690 3453 2892 3504 autem
2936 3439 3190 3522 profecti
3222 3449 3364 3503 sunt
3404 3442 3460 3502 in
3492 3439 3640 3503 alias

1980 3531 2501 3610 regionethaque
2524 3530 2760 3592 cuidam
2794 3531 3033 3594 Silvano
3060 3530 3301 3608 (4),νίιό
3326 3530 3511 3610 pio,et
3533 3529 3640 3608 qui

1982 3618 2256 3680 virtutem
2281 3637 2375 3680 am
2386 3618 2850 3698 plectebatur,et
2873 3626 2999 3681 erat
3019 3619 3343 3699 episcopus
3361 3617 3636 3697 Troadis,

1983 3726 2120 3770 cum
2143 3707 2409 3770 venisset
2431 3707 2756 3788 aliquando
2785 3708 2844 3768 in
2875 3706 3171 3768 civitatem
3197 3705 3632 3786 Scepsmorum,

1984 3797 2224 3860 divinus
2247 3797 2307 3858 in
2340 3796 2570 3859 somnis
2599 3815 2897 3877 apparens
2919 3795 3265 3858 Cornelius:
3293 3797 3514 3874 Longo,
3541 3797 3635 3859 di-

1981 3889 2369 3969 xit,tempore
2391 3887 2488 3949 hic
2511 3886 2809 3962 habito,et
2831 3887 3031 3949 nullus
3057 3905 3152 3948 me
3179 3885 3458 3962 visitavit,
3476 3905 3634 3967 prte—

1979 3986 2072 4040 ter
2098 3995 2204 4039 eos
2235 3976 2396 4039 solos
2419 3976 2521 4058 qui
2552 3995 2584 4038 a
2610 3995 2706 4038 me
2736 3977 2979 4039 fuerunt
3009 3975 3315 4056 baptizati.
3348 3975 3492 4039 Cum
3517 3977 3634 4039 ita-

1976 4085 2093 4149 que
2115 4065 2382 4130 interdiu
2412 4068 2538 4130 bazc
2561 4075 2764 4129 mente
2781 4066 3197 4130 consideraret
3227 4066 3637 4148 episcopus,et

1974 4156 2118 4237 quid
2165 4155 2284 4218 sibi
2316 4156 2498 4219 vellet
2522 4156 2849 4231 somnium,
2886 4175 3006 4218 non
3055 4163 3254 4238 posset
3281 4155 3628 4238 conjicere;

1977 4255 2160 4307 nocte
2211 4245 2491 4326 sequenti
2521 4245 2596 4308 ad
2647 4265 2783 4307 eum
2817 4264 3026 4308 rursus
3068 4244 3318 4308 veniens
3365 4255 3630 4322 sanctus,

1975 4335 2102 4413 Ego
2135 4352 2292 4408 sum,
2328 4334 2544 4414 inquit,
2579 4334 2896 4396 Cornelius
2928 4335 3201 4396 centurio
3238 4355 3255 4411 ;
3290 4343 3381 4396 est
3433 4345 3633 4398 autem

1973 4423 2121 4484 mihi
2151 4422 2365 4484 domus
2390 4439 2577 4504 prope
2610 4423 2896 4502 templum
2929 4425 3089 4486 Jovis
3136 4425 3196 4486 in
3231 4422 3535 4486 rubo.Sed
3571 4434 3631 4486 tu

1977 4511 2208 4574 aediﬁca
2255 4513 2509 4574 alterum
2543 4512 2869 4574 oratorium
2927 4531 3112 4594 prope
3163 4513 3360 4575 locum
3409 4513 3632 4575 Deme-

1978 4601 2077 4665 trii
2123 4603 2217 4681 (5)
2245 4607 2399 4664 servi
2451 4601 2583 4667 Dei.
2633 4599 2895 4663 Vocatur
2942 4611 3139 4663 autem
3189 4602 3354 4664 locus
3393 4601 3630 4665 Pando-

1978 4690 2178 4752 chium
2213 4691 2299 4771 (6)
2337 4708 2350 4750 :
2407 4710 2522 4772 quo
2558 4691 2620 4752 in
2651 4690 2782 4753 loco
2834 4691 2944 4752 sila
2975 4701 3116 4752 sunt
3149 4691 3338 4753 multa
3383 4711 3637 4774 corpora

1977 4789 2320 4842 sanctorum
2352 4781 2601 4842 fratrum
2627 4781 2751 4860 jam
2791 4790 3372 4844 consummatorum.

2059 4867 2217 4932 XIV.
2252 4869 2427 4932 Mane
2460 4887 2603 4947 ergo
2650 4870 2974 4950 episcopus
3006 4869 3278 4952 quidem,
3316 4881 3636 4950 prapterea

1970 4957 2130 5038 quod
2165 4959 2222 5018 in
2257 4959 2598 5021 Pandochio
2651 4967 2855 5021 essent
2885 4961 3050 5021 omni
3100 4978 3171 5022 cx
3207 4968 3372 5040 parte
3401 4957 3626 5021 infossa

1971 5047 2153 5109 multa
2175 5047 2474 5129 sepulcra,
2503 5049 2561 5110 in
2585 5047 2784 5110 animo
2817 5049 3026 5112 habuit
3057 5049 3346 5129 templum
3372 5045 3516 5110 alibi
3540 5065 3624 5109 ze-

1967 5179 2210 5238 decessit
2234 5180 2560 5238 Theodosio
2582 5181 2829 5238 .luniore
2852 5193 2910 5238 xx
2933 5191 2987 5239 et
3023 5181 3423 5240 Valentiniano
3446 5177 3624 5237 coss.’

1967 5251 2026 5324 i_d
2057 5261 2334 5324 estanno
2368 5251 2578 5311 Christi
2621 5252 2747 5315 425,
2781 5251 2921 5310 hinc
2959 5262 3112 5324 patet
3144 5252 3376 5323 quando
3408 5253 3530 5308 haec
3565 5248 3624 5308 S'

1967 5322 2221 5381 Cornelii
2261 5325 2520 5381 inventio
2549 5331 2602 5380 et
2639 5325 2941 5381 translatio
2963 5322 3315 5394 contingere
3351 5325 3624 5394 potuerit'

2037 5394 2126 5464 (5)
2153 5395 2300 5452 Hinc
2332 5396 2558 5453 videtur
2587 5394 2782 5465 colligi
2810 5407 3002 5466 posse,
3038 5396 3226 5465 ipsum
3260 5409 3494 5466 quoque
3516 5396 3624 5452 De-

1969 5466 2240 5523 metrium
2275 5467 2333 5522 in
2363 5469 2579 5524 sanctis
2611 5465 3006 5523 numeratum:
3041 5467 3206 5522 astin
3240 5465 3407 5524 nullo
3432 5465 3624 5524 adhuc

1968 5535 2380 5627 Marltprrologio
2413 5553 2543 5594 eum
2562 5539 2930 5627 reperimus.

2060 5553 2106 5593 τι
2155 5553 2380 5627 rmoqu
2413 5553 2543 5594 eum
2579 5553 2930 5626 reperimus.
3045 5608 3056 5620 .
3277 5607 3290 5620 ο

2053 5553 2147 5688 (ϐξ
2176 5615 2512 5695 Πανὸοχεΐον
2543 5607 2761 5670 dieitur
2788 5609 2966 5690 vulgo
2999 5608 3421 5688 diversorium,
3462 5609 3621 5695 quod

1968 5701 2171 5748 omnes
2205 5688 2412 5762 capiat.
