4020 6206
471 349 495 416 1
509 348 622 416 307

1739 351 2020 416 MENSIS
2060 352 2571 416 FEBRUARIUS.

3697 353 3814 421 1308

467 487 734 552 diﬁcare:
765 487 868 551 sed
897 491 1149 553 Sanctus
1172 508 1289 551 non
1327 488 1622 570 permisit.
1659 488 1804 552 Cum
1831 507 1974 568 ergo
1992 487 2120 549 cle-

2210 487 2360 550 ἀνίει.
2424 489 2527 546 Τὸν
2555 487 2645 544 ὑπ’
2705 490 2848 562 αὐτῷ
2888 489 3061 546 τοίνυν
3109 488 3311 567 κλῆρον
3359 492 3698 569 συναγαγὼν,
3728 500 3821 558 Θη-

465 598 600 642 rum
627 579 726 661 qui
751 579 860 640 sub
884 598 954 640 eo
974 576 2119 660 erat,congregasset.Filii,inquit,mihi

466 688 720 748 magnus
749 671 1048 730 revelatus
1080 677 1169 730 est
1195 669 1550 730 thesaurus:
1590 669 1691 731 sed
1718 670 1944 744 adeste,
1982 685 2120 730 eum

464 761 904 823 tollamusﬂoc
925 777 1062 819 cum
1091 759 1174 820 illi
1201 759 1528 834 audissent,
1557 767 1828 840 prompto
1853 767 1912 819 et
1941 757 2122 819 alacri

466 849 665 913 animo
690 867 901 910 omnes
935 858 1454 929 processerunt,et
1480 850 1828 930 episcopum
1861 849 2120 910 libenter

466 945 608 1002 sunt
647 937 864 1002 secuti.
902 937 1046 1001 Cum
1081 947 1278 1000 autem
1315 939 1732 1020 pervenissent
1771 939 1843 1001 ad
1875 937 2115 1010 rubum,

464 1027 664 1091 statim
697 1027 976 1090 dixerunt
1019 1029 1227 1090 clerici
1264 1031 1551 1108 episcopo
1578 1046 1591 1090 :
1623 1027 1821 1091 Gratia
1849 1029 2120 1110 quaedam

463 1118 586 1181 huc
612 1117 847 1178 advolat
898 1117 1122 1197 divina,
1159 1138 1191 1179 ο
1226 1117 1490 1193 domine,
1525 1127 1584 1181 et
1637 1118 1854 1180 multos
1899 1119 2122 1180 scimus

463 1209 582 1272 huc
605 1207 1059 1282 conﬂuxisse,et
1081 1208 1266 1270 fuisse
1287 1207 1570 1269 liberatos
1588 1226 1622 1269 a
1649 1208 1966 1279 morbis,et
1989 1225 2118 1268 ma-

465 1299 539 1361 lis
560 1297 1021 1374 daemonibus,et
1045 1300 1398 1379 ascripsisse
1418 1298 1571 1360 rubo
1594 1297 2116 1360 sanationem.Sed

467 1389 591 1450 sive
617 1388 694 1449 sit
720 1389 778 1449 in
804 1387 976 1459 rubo,
1001 1407 1108 1451 seu
1135 1389 1245 1451 sub
1279 1387 1430 1451 rubo
1457 1390 1794 1471 thesaurus,
1818 1389 1955 1470 quis
1980 1407 2114 1450 eum

464 1477 687 1560 poterit
712 1477 1017 1559 excidere,
1043 1486 1100 1539 et
1123 1479 1355 1552 tollere,
1379 1498 1512 1540 cum
1539 1479 1668 1541 ﬁeri
1693 1497 1808 1540 non
1837 1481 2116 1559 possit,ut

464 1576 703 1630 secetur
736 1580 986 1647 propter
1019 1569 1515 1647 magnitudinem,
1551 1577 1610 1630 et
1632 1569 1854 1648 alioqui
1883 1586 1994 1629 nec
2029 1567 2116 1629 sic

464 1664 778 1720 attrectatu
801 1657 1091 1733 facilis,ut
1114 1660 1213 1739 qui
1236 1659 1312 1720 sit
1330 1659 1532 1720 multis
1556 1659 1840 1720 terribilis
1872 1667 2118 1738 propter

467 1747 894 1810 miraculorum
928 1749 1337 1828 operationem
1361 1755 1388 1812 ?
1421 1748 1565 1811 Cum
1600 1757 1796 1810 autem
1843 1755 2116 1827 precatus

2206 578 2395 654 σαυρός
2469 601 2605 659 μοι,
2676 579 2858 638 τέκνα.
2935 578 3072 660 ἔφη,
3149 581 3590 638 ἀποκεκᾶλυπται
3659 580 3819 661 μέγας·

2205 667 2341 722 αλλά
2407 666 2576 743 δευτε,
2642 669 2729 725 καὶ
2788 667 3100 745 ἀνελώμεθα
3160 680 3369 730 τοῦτον.
3425 678 3602 729 Τοῦτο
3659 670 3823 728 ἐκεῖνοι

2205 755 2552 831 ἀκούσαντες,
2611 757 2871 834 πρόθυμοί
2931 781 2988 815 τε
3046 759 3263 837 ὥρησαν
3336 761 3564 833 πάντες,
3625 761 3711 817 καὶ
3769 768 3826 833 τῷ

2207 845 2484 922 ἐπισκόπῳ
2540 846 2712 915 ἡδέως
2773 848 3019 911 εἵποντό.
3075 841 3169 913 Ὠς
3225 849 3281 906 δὲ
3332 855 3429 918 τὴν
3487 852 3652 928 βάτον
3695 852 3827 917 αἰπήν

2203 935 2583 1010 καταλάϐοιεν,
2619 938 2766 1000 εὐθὺς
2829 941 2875 995 οἱ
2926 939 3020 996 τοῦ
3056 937 3244 1009 κλέρου
3303 942 3428 1017 πρὸς
3485 942 3584 997 τὸν
3640 941 3829 997 ὶπίσκο·

2201 1043 2324 1082 πον·
2392 1027 2712 1106 Ἐφίπταταί
2768 1050 2850 1093 τις
2897 1031 3120 1086 ενταῦθα
3177 1029 3414 1109 θειοτέρα
3445 1031 3644 1110 χάρις,
3675 1032 3829 1102 εἶπον,

2203 1117 2248 1170 ὦ
2313 1115 2581 1173 Δέσποτα⁶
2649 1119 2738 1174 καὶ
2809 1116 3041 1184 πολλοὺς
3098 1117 3201 1176 ὧδε
3254 1119 3646 1197 συῤῥεύσαντας
3700 1120 3833 1194 ἴσμεν

2203 1207 2292 1260 καὶ
2339 1207 2507 1262 νόσων
2567 1228 2625 1263 τε
2675 1209 2763 1264 καὶ
2793 1208 3043 1286 πονῆρῶν
3100 1206 3365 1283 δαιμόνων
3416 1209 3830 1287 ἀπαλλαγὲντας.

2203 1292 2354 1351 Ἀλλ’
2415 1297 2579 1353 εἶκαὶ
2626 1296 2824 1364 ταύτης
2887 1295 3035 1356 ἔνδον
3081 1298 3137 1354 εἴ
3189 1300 3276 1354 καὶ
3306 1299 3408 1354 ὑπὸ
3445 1303 3552 1366 τὴν
3614 1300 3763 1375 βατον
3811 1301 3831 1353 ὁ

2199 1385 2481 1462 θησαυρός
2543 1387 2618 1451 τίς
2677 1391 2740 1442 ἄν
2798 1385 3054 1462 ἐκτεμεῖν
3115 1387 3280 1455 αὐτὴν
3348 1386 3567 1462 δύνατο,
3628 1388 3828 1467 ἔφησαν,

2201 1473 2292 1530 καί
2337 1480 2524 1531 τοῦτον
2568 1476 2688 1554 ἆραι
2733 1476 3003 1551 τμηθῆναί
3049 1499 3108 1533 τε
3151 1477 3313 1534 οὖσαν
3364 1476 3450 1533 διὰ
3511 1479 3576 1533 τὸ
3635 1477 3830 1555 μέγεθος

2199 1561 2452 1620 ἀδύνατον
2508 1567 2596 1620 καὶ
2646 1564 2826 1630 ἄλλως
2883 1571 2944 1625 οὒ
2997 1565 3173 1644 ῥᾳδίαν
3219 1567 3418 1642 ψαῦσαι
3463 1565 3694 1648 φοϐερὰν
3733 1582 3828 1630 τοῖς

2200 1651 2427 1716 πολλοῖς
2488 1661 2644 1710 οὖσαν
2710 1652 2795 1710 διὰ
2862 1656 2962 1722 τὴν
3029 1663 3134 1713 τῶν
3202 1657 3487 1732 θαυμάτων
3566 1655 3828 1734 ἐνέργειαν*
3895 1695 3910 1707 .

2201 1740 2483 1816 εὐξάμενος
2543 1746 2631 1799 οὖν
2687 1743 2976 1808 ἐπίσκοπος
3027 1749 3104 1819 τῷ
3162 1753 3280 1820 Θεῷ
3337 1747 3427 1802 καὶ
3485 1748 3582 1804 τὸν
3638 1747 3827 1822 σταυρὸν

465 1847 627 1899 esset
667 1837 1008 1918 episcopus,
1049 1847 1108 1898 et
1156 1857 1395 1899 crucem
1433 1840 1658 1900 ﬁxisset
1685 1839 1744 1898 in
1776 1847 2024 1911 terram,
2061 1845 2118 1898 et

2210 1833 2330 1906 πρὸς
2363 1837 2429 1907 τῇ
2458 1838 2529 1908 γῇ
2587 1831 2753 1900 πήξας
2785 1835 2874 1890 καὶ
2917 1835 3019 1901 τὴν
3065 1848 3228 1914 χεῖρα
3255 1841 3321 1912 τῇ
3364 1837 3516 1912 βάτῳ
3561 1833 3828 1907 ἒπιόαλὼν,

466 1947 711 1990 manum
737 1927 887 1988 rubo
921 1927 1424 2008 injecisset,ipsas
1452 1928 1675 1989 excidit
1706 1929 2117 1990 radices.Ani-

470 2035 568 2078 mo
611 2018 809 2096 itaque
840 2018 1176 2078 confirmati
1212 2018 1436 2091 clerici,
1471 2037 1618 2098 opus
1667 2017 1946 2079 continuo
1980 2026 2120 2078 sunt

465 2108 765 2185 aggressi:
803 2115 860 2166 et
891 2107 1382 2169 convellebantur
1411 2106 1907 2187 rubus,tauquani
1931 2106 2120 2167 herlia

468 2195 737 2278 quaedam
785 2195 1006 2269 mollis,
1038 2215 1238 2275 neque
1268 2205 1392 2258 erat
1443 2197 1700 2277 amplius
1730 2195 1916 2257 rubus
1949 2218 1961 2254 :
2012 2196 2116 2257 sed

470 2293 528 2348 et
557 2304 733 2366 capsa
761 2285 1044 2347 continuo
1079 2286 1426 2368 apparebat,
1463 2297 1521 2348 et
1569 2287 1764 2348 adhuc
1797 2285 1964 2347 valde
1992 2287 2120 2346 ins-

468 2375 628 2438 tabat
679 2375 1024 2458 episcopus,
1061 2395 1282 2454 urgens
1336 2377 1686 2438 fossionem.
1725 2377 1868 2439 Cum
1921 2384 2116 2437 autem

459 2466 584 2546 jam
637 2465 976 2526 advenisset
1008 2485 1275 2547 vespera,
1312 2475 1589 2547 precatus
1632 2469 1949 2546 episcopus
1990 2484 2121 2526 rur-

465 2575 568 2618 sus
618 2556 781 2618 clero
837 2565 1190 2618 nocturnam
1243 2567 1483 2618 cantare
1536 2555 1950 2635 psalmodiam,
2007 2557 2118 2635 by:

467 2646 770 2728 mnisque,
809 2646 1184 2726 lampadibus
1212 2655 1271 2708 et
1304 2645 1596 2708 sufﬁtibus
1628 2644 2002 2706 honorabant
2027 2664 2119 2707 ca-

467 2754 658 2816 psam.

548 2825 671 2887 XV.
725 2826 869 2889 Cum
924 2843 1061 2886 vero
1109 2835 1455 2905 sumptuum
1508 2844 1746 2906 quoque
1791 2825 1994 2905 inopia
2041 2824 2114 2885 ad

467 2914 886 2977 aediﬁcandum
922 2915 1235 2994 templum,
1272 2915 1589 2976 sollicitum
1625 2926 1681 2977 et
1730 2915 1929 2976 animo
1975 2934 2117 2995 per-

470 3006 708 3085 plexum
759 3013 994 3066 teneret
1037 3005 1392 3084 episc0pum
1431 3026 1445 3079 ;
1498 3024 1626 3066 eam
1682 3025 1918 3085 quoque
1950 3007 2122 3067 solvit

471 3093 728 3158 Sanctus
777 3093 1210 3155 dubitationem
1251 3112 1264 3156 :
1325 3105 1381 3154 et
1427 3094 1662 3154 cuidam
1715 3113 1782 3155 ex
1843 3095 2121 3154 divitibus

2203 1920 2394 1984 αὐταῖς
2426 1920 2639 1996 ἐξέτεμε
2685 1923 2870 2000 ρίζάις⁶
2918 1925 3003 1980 καὶ
3061 1925 3422 2002 θαρσήσαντες
3463 1927 3512 1982 οἱ
3567 1932 3661 1982 τοῦ
3711 1923 3828 1991 κλή-

2201 2032 2290 2085 ρου
2322 2011 2468 2074 εὐθὺς
2502 2010 2656 2088 ἕργου
2700 2013 2787 2068 καὶ
2817 2015 2964 2071 αὒτοὶ
3014 2014 3241 2092 εἴχοντο
3299 2017 3389 2072 καὶ
3443 2018 3478 2083 ἡ
3545 2015 3702 2090 βάτος
3754 2013 3831 2068 οἶᾶ

2202 2123 2280 2164 τις
2332 2100 2516 2168 ἀπαλὴ
2563 2102 2764 2177 βοτάνη
2825 2101 3083 2175 ἐτίλλετο,
3119 2105 3206 2159 καὶ
3250 2106 3346 2160 οὐκ
3398 2104 3482 2160 ἔτι
3542 2105 3701 2180 βάτος
3754 2105 3825 2168 ἦθ’

2203 2187 2322 2244 ἀλλ’
2383 2193 2416 2258 ἡ
2451 2193 2602 2270 σορός
2663 2213 2721 2247 τε
2769 2191 2820 2248 ὲν
2883 2192 3049 2270 ὀλίγῳ
3105 2192 3253 2257 εὐθὺς
3311 2195 3656 2272 ὑπεφαίνετο,
3687 2191 3829 2247 καὶό

2204 2279 2493 2344 ἒπίσκοπος
2539 2279 2704 2344 πολὺς
2765 2283 3014 2339 ἐπέκειτο
3057 2281 3132 2337 ἔτι
3182 2282 3280 2349 τὴν
3314 2283 3557 2359 ἀνόρυξιν
3610 2281 3828 2338 ἐπισπεύ-

2203 2367 2328 2425 δων³
2391 2369 2650 2448 Ἐσπέρας
2706 2371 2760 2427 δὲ
2821 2370 2923 2438 ἤδη
2977 2371 3382 2450 ἐπιγινομένης,
3429 2372 3826 2450 προσευξάμενος

2204 2461 2230 2514 ὁ
2276 2459 2563 2524 ἐπίσκοπος
2617 2462 2705 2517 καὶ
2735 2461 2879 2525 αὖθις
2931 2461 3206 2540 πάννυχόν
3236 2485 3293 2519 τε
3342 2461 3662 2538 ψαλμῳδίαν
3710 2481 3824 2533 παρ’

2204 2547 2453 2626 αγγέλλει
2515 2557 2590 2622 τῷ
2624 2549 2805 2626 κλήρῳ
2862 2553 2950 2608 καὶ
2980 2550 3165 2625 ὕμνοις
3199 2549 3324 2629 παρ’
3371 2551 3508 2618 ὃλην
3539 2553 3635 2620 τὴν
3694 2551 3823 2606 “iam

2201 2639 2287 2694 καὶ
2319 2638 2564 2714 λαμπάσι
2593 2641 2682 2696 καὶ
2711 2641 3005 2716 θυμιάμασι
3033 2641 3132 2708 τὴν
3159 2643 3316 2721 σορὸν
3343 2643 3571 2717 ἒτίμων.

2281 2816 2388 2876 ΙΕ’.
2450 2810 2544 2883 Ὠς
2577 2817 2630 2874 δὲ
2661 2820 2750 2875 καὶ
2778 2822 2812 2888 ἡ
2857 2826 2964 2876 τῶν
2996 2819 3368 2894 ἀναλωμάτων
3400 2822 3534 2899 πρὸς
3565 2821 3661 2882 τὴν
3701 2821 3820 2875 οίκο-

2204 2905 2398 2984 δομὴν”
2425 2916 2516 2966 τοῦ
2569 2911 2670 2964 νεὼ
2729 2911 2922 2985 ἀπορία
2978 2907 3208 2988 φροντίδι
3270 2912 3362 2966 τὸν
3419 2910 3703 2967 ἐπίσκοπον
3754 2907 3820 2961 καὶ

2205 2999 2488 3078 ἀμηχανίᾳ
2544 2997 2730 3073 ἐδίδου,
2799 2999 2909 3055 λύει
2959 3001 3048 3056 καὶ
3092 3001 3292 3067 ταύτην
3325 3004 3351 3056 ὁ
3409 3000 3569 3078 ἅγιος
3611 3001 3694 3055 καὶ
3741 3017 3818 3051 τινι

2205 3095 2309 3144 τῶν
2386 3089 2754 3145 πλουτούντων
2827 3089 3092 3168 ἐπιφανεὶς
3170 3088 3382 3147 εὐσεϐεῖ
3457 3089 3629 3168 ἀνδρὶ,
3681 3086 3817 3158 δνομι

473 3183 598 3243 viro
647 3183 742 3262 pio
795 3199 1115 3261 apparens,
1179 3183 1272 3243 cui
1327 3202 1544 3244 nomen
1615 3193 1740 3244 erat
1798 3181 2118 3261 Eugenius,

2212 3179 2462 3256 Εὖγενίῳ,
2518 3181 2660 3251 αὖτῷ
2721 3179 2820 3246 τὴν
2878 3187 2968 3235 τοῦ
3027 3180 3131 3236 νεὼ
3188 3178 3482 3255 οίκοδομὴν
3538 3178 3820 3245 ἐπισκήπτει

473 3272 716 3334 mandat
776 3271 832 3332 ei
865 3271 1073 3350 templi
1106 3271 1585 3346 mdiﬁcationem,
1623 3282 1680 3334 et
1739 3272 2025 3332 describit
2071 3273 2122 3332 ei

2210 3269 2392 3324 καὶτὸ
2445 3291 2541 3336 της
2588 3267 2891 3344 οἰκοδομίας
2946 3270 3138 3348 σχῆμα
3196 3273 3285 3326 καὶ
3342 3272 3402 3326 τὸ
3455 3270 3679 3349 μέγεθος
3729 3264 3820 3320 δια-

470 3361 707 3422 εεόὶῐὶεὶἰ
743 3361 988 3439 ﬁguram
1019 3369 1076 3421 et
1109 3362 1603 3437 magnitudinem.
1639 3365 1810 3421 Mane
1841 3380 1980 3439 ergo
2012 3361 2126 3422 Eu-

471 3451 683 3529 genius
711 3451 958 3511 veniens
1001 3451 1072 3512 ad
1108 3451 1484 3531 episcopum,
1521 3452 1576 3511 ei
1609 3451 1909 3512 renuntiat
1941 3451 2124 3512 visio-

473 3559 636 3615 nem,
673 3549 729 3601 et
776 3540 943 3620 operi
977 3541 1172 3602 statim
1233 3541 1484 3621 praeﬁcit
1534 3541 1950 3614 aediﬁcatores,
1986 3559 2122 3602 cum

475 3631 563 3693 eis
596 3630 762 3711 prius
793 3631 1217 3711 descripsisset
1249 3641 1307 3692 et
1357 3631 1753 3709 signiﬁcasset
1787 3631 1987 3711 templi
2034 3633 2123 3692 al-

470 3719 788 3782 titudinem
840 3728 897 3781 et
927 3720 1392 3800 longitudinem,
1431 3729 1488 3781 et
1546 3721 1771 3780 aditum
1805 3721 2006 3781 altaris
2037 3728 2122 3782 eis

463 3810 746 3890 jussisset
779 3809 1089 3872 latitudine
1125 3811 1248 3872 ﬁeri
1283 3825 1476 3890 capsae
1506 3811 1794 3890 mqualem
1822 3831 1835 3868 :
1874 3810 1926 3870 ci
1960 3811 2118 3872 enim

467 3901 659 3962 visum
692 3900 883 3962 fuerat
913 3900 1220 3982 deponere
1253 3919 1490 3981 capsam
1524 3900 1682 3962 intra
1711 3918 1899 3964 aram.

523 4084 982 4155 XVI.Postquam
1005 4093 1195 4140 autem
1224 4083 1502 4155 templum
1528 4084 1632 4140 fuit
1651 4085 1762 4140 cito
1785 4083 2121 4155 perfectum.

473 4167 584 4226 hoc
607 4184 838 4240 quoque
874 4169 992 4225 Deo
1025 4168 1271 4225 {detento
1305 4168 1652 4225 miraculum
1689 4169 1745 4225 in
1783 4171 1995 4235 locum,
2027 4169 2125 4239 qui

475 4253 690 4310 dicitur
709 4254 1273 4324 Trigoni,venientrs
1292 4253 1668 4310 adiﬁcatores
1701 4255 1816 4322 (hic
1840 4253 1992 4310 enim
2016 4253 2122 4310 Sil-

474 4345 661 4402 vanits
679 4341 1002 4421 episcopus
1030 4339 1352 4418 peragebat
1375 4339 1588 4400 festum
1607 4341 1672 4402 B.
1693 4340 1951 4402 Andreae
1974 4341 2133 4419 Apo-

476 4433 626 4504 toli),
662 4433 717 4492 ei
762 4431 1178 4511 signiﬁcabant
1212 4433 1544 4512 perfectum
1578 4451 1711 4493 esse
1760 4431 2075 4493 aediﬁcium
2113 4452 2127 4494 :

476 4537 537 4587 et
557 4524 686 4588 Jam
715 4535 948 4604 tempus
969 4533 1084 4606 est,
1104 4524 1272 4586 aiunt
1298 4525 1606 4587 transferri
1641 4543 1904 4606 capsam,
1930 4524 2130 4606 prius-

477 4633 652 4696 quam
673 4615 969 4694 ingressui
995 4614 1339 4696 imponatur
1363 4613 1954 4695 superliminare.Sic
1971 4616 2128 4675 enim

477 4705 711 4768 facilius
762 4705 1199 4767 introducetur.
1256 4705 1551 4768 Continuo
1591 4724 1730 4783 ergo
1787 4703 2126 4785 episcopus,

478 4815 618 4860 cum
649 4794 829 4857 simul
885 4813 1022 4855 cum
1058 4795 1152 4873 pio
1203 4793 1470 4874 Eugenio
1507 4811 1741 4856 sacrum
1775 4793 2132 4874 sumpsisset

477 4885 885 4964 Evangelium,
924 4884 1071 4946 fusis
1105 4885 1268 4964 prius
1296 4884 1600 4966 precibus,
1628 4883 1809 4946 simul
1842 4892 1898 4944 et
1928 4883 2128 4945 Trisa-

477 4981 638 5051 gium
663 4979 838 5049 capit
867 4992 1096 5042 canere,
1124 4984 1330 5034 etcum
1357 4993 1423 5035 co
1447 4993 1648 5035 omnes
1671 4976 1843 5034 simul
1863 4976 2128 5033 eumdem

479 5065 766 5136 hymnum
790 5061 1198 5121 concinebant:
1233 5065 1524 5135 etigressi
1559 5063 2127 5133 suntsupplicantes.

480 5149 702 5207 Deinde
723 5150 896 5206 etiam
931 5163 1098 5219 capsa
1126 5151 1183 5218 (o
1207 5162 1416 5219 magna
1441 5160 1560 5217 tua,
1583 5149 1853 5213 Domine,
1879 5148 2133 5204 miracu-

483 5233 596 5311 la!)
630 5243 829 5296 secuta
863 5240 950 5296 est
979 5240 1256 5314 tanquam
1300 5233 1581 5305 animata,
1615 5233 1858 5296 nemine
1889 5233 2131 5292 omnino

483 5346 614 5389 eam
669 5337 966 5402 movente,
1001 5346 1114 5389 nec
1169 5337 1474 5408 tangente.
1507 5327 1577 5390 Et
1620 5345 1836 5389 omnes
1883 5325 2130 5402 quidem

484 5421 678 5503 primo
699 5434 947 5503 prepter
979 5441 1274 5485 summam
1300 5423 1906 5496 admirationem,nec
1939 5419 2133 5481 mira-

483 5512 616 5574 culo
649 5512 917 5592 quidem,
951 5513 1110 5593 quod
1163 5511 1516 5590 cernebant,
1553 5510 1826 5572 volebant
1852 5509 2129 5571 credere:

480 5601 701 5664 deinde
731 5601 899 5682 quasi
927 5603 1390 5664 essentadducti
1421 5603 1481 5663 in
1505 5599 2130 5673 exstasim,exclama-

480 5698 710 5756 verunt;
747 5691 1028 5770 Sanctus,
1064 5699 1328 5770 sanctus,
1363 5701 1601 5757 sanctus
1645 5689 1938 5755 Dominus
1969 5687 2132 5754 Deus

2207 3357 2418 3434 γράφει.
2483 3358 2687 3415 ’Ἒωθεν
2719 3360 2889 3418 τοίνυν
2945 3362 3077 3438 πρὸς
3108 3361 3198 3416 τὸν
3247 3360 3542 3417 ἐπίσκοπον
3599 3362 3626 3415 ὁ
3686 3353 3819 3430 857%-

2209 3469 2318 3510 νιος
2375 3448 2723 3527 ἀφικόμενος·
2793 3448 3123 3527 ἀπαγγέλλει
3184 3451 3326 3522 αὖτῷ
3383 3450 3483 3513 τὴν
3544 3447 3705 3523 ὄψιν,
3754 3441 3818 3496 κκῖ

2209 3537 2516 3613 οἰκοδόμους
2579 3539 2767 3596 αὗτίκα
2823 3546 2899 3612 τῷ
2955 3538 3096 3616 ἔργῳ
3151 3538 3449 3618 ἐφίστησιν,
3509 3533 3819 3596 ὑποτυπώσις

2207 3630 2462 3706 πρότερον
2494 3630 2676 3689 αὐτοῖς
2736 3630 2823 3684 καὶ
2854 3626 3189 3702 διασημᾶνας
3232 3629 3293 3684 τό
3325 3651 3380 3685 τε
3412 3631 3514 3694 τῆς
3576 3623 3816 3697 οἰκοδομῆς

2206 3717 2492 3790 ἀνάστημα
2547 3718 2635 3773 καὶ
2664 3718 2724 3773 τὸ
2786 3722 2959 3791 μῆκος
3015 3719 3104 3773 καὶ
3134 3718 3231 3784 τὴν
3287 3716 3504 3774 εἴσοδον
3536 3725 3627 3774 τοῦ
3669 3719 3816 3769 0am-

2207 3808 2422 3880 στηρίου
2483 3804 2612 3872 ἴσην
2673 3808 2734 3862 τὸ
2773 3805 2974 3869 πλάτος
3029 3805 3213 3868 αὐτοῖς
3263 3813 3332 3882 τῇ
3381 3813 3527 3884 σορῷ
3578 3800 3810 3866 ἐπιτάξα(

2206 3893 2446 3952 ἐδέδοκτο
2492 3897 2592 3975 γὰρ
2624 3896 2786 3970 αὐτῷ,
2837 3895 2971 3952 ε’ίσω
3002 3904 3093 3952 τοῦ
3145 3897 3519 3974 θυσιαστηρίου
3551 3895 3645 3963 τήν
3691 3891 3815 3968 σορὸν

2205 3989 2544 4047 καταθεῖναι.

2290 4075 2422 4149 ις’.
2460 4076 2609 4132 Ἐπεὶ
2660 4075 2714 4131 δὲ
2774 4079 2800 4132 ὁ
2862 4078 2986 4140 ναὸς
3031 4079 3102 4142 εἷς
3145 4077 3316 4157 τάχος
3369 4075 3683 4156 ἀπῆρτιστο,
3711 4075 3812 4128 Θεοῦ

2210 4167 2296 4222 ναὶ
2371 4174 2463 4223 τοῦ
2505 4168 3028 4244 θαυματουργουντος
3088 4167 3143 4223 ἰν
3205 4169 3392 4245 χωρίῳ
3450 4167 3720 4246 Τριγώνοις
3776 4159 3810 4214 οἱ

2215 4253 2484 4329 οἰκοδόμοι
2560 4255 2862 4332 γενόμενον
2900 4255 3121 4313 ἐνταῦθα
3163 4257 3264 4334 γὰρ
3325 4259 3350 4312 ὃ
3410 4257 3690 4315 ἐπίσκοπος
3740 4257 3815 4304 Σι⁶

2214 4346 2404 4408 λυανὸς
2462 4366 2559 4411 την
2604 4355 2695 4402 τοῦ
2752 4346 3015 4420 μακαρίου
3073 4345 3377 4406 ἀποστόλου
3420 4345 3660 4426 Ἀνδρέου
3707 4362 3814 4397 παν·

2215 4437 2402 4512 ήγυριν
2461 4434 2728 4491 ἕτελεῒτο“
2797 4437 2857 4493 τὸ
2917 4434 3068 4497 τέλος
3128 4458 3184 4492 τε
3244 4436 3388 4511 αὒτῷ
3447 4442 3694 4511 μηνύουσι
3741 4434 3817 4492 τῆς

2216 4522 2516 4598 οἰκοδομίας
2571 4524 2678 4580 καί’
2715 4523 2876 4603 ’¹Ωρα
2907 4523 3035 4600 ἤδη,
3069 4527 3216 4606 φασὶ,
3263 4527 3361 4593 τὴν
3404 4528 3570 4605 σοφὸν
3621 4539 3813 4600 μετακο-

2215 4617 2488 4691 μισθῆναι·
2569 4613 2692 4692 ῥᾷον
2761 4615 2862 4693 γὰρ
2933 4615 2994 4670 ἃν
3066 4613 3203 4670 οὕτω
3275 4615 3622 4694 εἰσενεχθείη,
3691 4608 3812 4668 Εὒθὺς

2215 4706 2302 4762 οὖν
2347 4707 2373 4760 ὁ
2432 4703 2721 4768 ἐπίσκοπος
2767 4705 2877 4778 ἅμα
2921 4711 2998 4778 τῷ
3057 4702 3268 4760 εὒσεϐετ
3315 4706 3542 4782 Εὖγενίῳ
3607 4705 3662 4759 τὸ
3704 4698 3812 4775 ἱερὸν

2216 4793 2547 4873 Εὖαγγάλιον
2604 4793 2908 4868 ἀναλαϐὼν,
2985 4797 3153 4872 εὒχῆς
3226 4795 3480 4873 πρότερον
3537 4788 3806 4872 γενομένης,

2214 4887 2347 4959 ὁμοῦ
2402 4905 2458 4939 τε
2489 4885 2549 4939 τὸ
2604 4887 2888 4962 Τρισάγιον
2935 4882 3158 4960 ἤρξαντο
3203 4882 3366 4956 ᾅδεινο
3414 4885 3498 4941 καὶ
3542 4887 3668 4960 ὁμοῦ
3704 4877 3812 4934 πάν·

2211 4997 2304 5038 τας
2364 4973 2508 5046 αὒτῷ
2539 4974 2628 5029 τὸν
2686 4971 2848 5048 ὕμνον
2879 4972 3100 5052 συνῇδον
3157 4974 3245 5030 καὶ
3275 4972 3633 5038 λιτανεύοντες
3687 4967 3806 5040 iiii“

2215 5079 2332 5120 σαν⁶
2367 5063 2492 5119 εἶτα
2535 5065 2623 5120 καὶ
2670 5065 2699 5131 ἦ
2731 5064 2892 5143 σοφὸς
2923 5063 2990 5143 (ὣ
3020 5070 3124 5121 οῶν
3157 5062 3407 5141 μεγάλων
3439 5086 3553 5136 σου,
3590 5063 3807 5143 Δέσποτα,

2213 5153 2512 5229 θαυμασίων
2547 5152 2592 5233 ί)
2632 5155 2727 5210 οἶά
2769 5139 2848 5217 τίς
2896 5139 3145 5233 ἔμψυχος
3177 5139 3368 5211 ε’ίπετο
3397 5157 3494 5211 καί
3533 5153 3679 5226 αὕτη,
3708 5139 3809 5224 μηδ’

2216 5245 2331 5307 sibi;
2393 5244 2769 5309 ὑποκινοῦντος
2802 5242 2940 5318 μηδὲ
2997 5243 3300 5319 ἀπτομένοῦ
3357 5245 3418 5299 τὸ
3449 5244 3688 5320 παράπαν
3735 5235 3806 5290 αὖο

2252 5337 2276 5346 ν
2484 5329 2524 5348 ἢκ
3726 5321 3759 5344 θλ

2214 5351 2336 5405 της,
2397 5351 2533 5406 μηοε
2591 5333 2850 5410 θίγοντος“
2926 5335 3015 5390 καὶ
3089 5334 3283 5399 πάντες
3350 5333 3453 5389 ὑπό
3520 5343 3608 5390 τοῦ
3655 5339 3806 5406 σφοορι

2213 5418 2443 5497 θάμϐους
2503 5427 2686 5500 πρῶτα
2745 5424 2844 5498 μὲν
2902 5421 3014 5482 οὖδέ
3051 5421 3302 5500 δρωμένῳ
3331 5430 3408 5497 τῷ
3463 5424 3676 5493 θαύματι
3730 5434 3803 5468 πι⁸

2216 5513 2416 5569 στεύειν
2461 5512 2660 5580 ἠξίουν,
2708 5512 2938 5570 Ἔπειτα
3004 5511 3371 5586 ἐξεστηκότες,
3408 5511 3620 5589 “’Λγιος,
3673 5506 3802 5583 ἅγιος.

2214 5603 2387 5680 ἅγιος,
2450 5603 2633 5681 Κύριος
2713 5600 2959 5676 Σαϐαὼθ,
3021 5602 3262 5681 ἔκραζονο
3325 5605 3352 5659 ὁ
3430 5600 3517 5659 διὰ
3595 5606 3674 5657 τοῦ
3740 5595 3806 5681 ac)

2213 5693 2531 5774 θεράποντος
2565 5690 2856 5773 Κορνηλίου
2899 5693 2965 5751 τὰ
3021 5693 3087 5750 σὰ
3115 5693 3381 5770 θαυμάσια
3430 5692 3638 5756 καὶτὰς
3685 5678 3802 5741 ὁδνᾶ-
