4060 6206
413 297 558 364 1311

1575 255 1578 259 ’
1668 301 1951 366 MENSIS
1992 305 2503 370 FEBRUARIUS.

3616 311 3748 378 1312

406 431 730 530 clementia
772 433 1017 530 Domini
1067 433 1261 530 nostri
1304 436 1443 530 iesu
1496 436 1741 530 Christi,
1776 457 1913 500 cum
1947 459 2040 521 qui

2149 443 2330 510 Ἰησοῦ
2385 450 2630 523 Χριστοῦ,
2696 443 2812 520 μεθ’
2872 445 2931 502 ού
3003 451 3080 518 τῷ
3133 447 3298 526 Πατρὶ
3347 446 3460 523 ἅμα
3519 455 3595 524 τῷ
3641 450 3760 530 ἀγίῳ

407 525 568 588 Patri
613 525 789 586 simul
823 543 956 586 cum
987 533 1195 586 sancto
1227 525 1478 604 Spiritu,
1513 527 1724 604 gloria,
1761 530 2049 608 potentia,

409 615 604 677 honor
633 623 690 676 et
720 613 989 676 adoratio
1020 615 1081 675 in
1111 615 1331 676 smcula
1361 617 1743 681 saeculorum.
1773 618 1986 684 Amen.

2138 534 2399 608 Πνεύμοτι
2454 531 2599 607 δόξα,
2659 535 2878 611 κράτος,
2940 534 3072 610 τιμὴ
3144 537 3234 594 καὶ
3292 538 3647 615 προσκύνησις
3700 543 3762 609 εἰς

2135 622 2257 686 τοὺς
2301 623 2520 687 αἰῶνας.
2555 621 2753 698 Ἀμήν.

848 968 1500 1056 ΜΑΡΤΥΡΙΟΝ
1589 971 1814 1058 ΤΟΥ
1877 974 2217 1089 ΑΓΙΟΥ
2283 973 3336 1063 ΜΕΓΑΛΟΜΑΡΤΥΡΟΣ

887 1597 1560 1685 MARTYBIUM
1631 1596 2028 1684 SANCTI
2097 1600 2233 1684 ET
2305 1599 2658 1687 MAGNI
2726 1599 3300 1686 MARTYRIS

1650 1830 2491 1944 TRYPHONIS.

402 2060 601 2131 (Latine
647 2061 779 2136 apud
807 2063 1014 2122 Surium
1043 2061 1104 2120 ad
1134 2061 1266 2121 diem
1299 2063 1333 2119 2
1380 2063 1640 2120 Februarii
1666 2079 1684 2134 ;
1720 2064 2060 2138 Graecamch
2084 2064 2308 2138 primum
2357 2065 2608 2138 prodeunt
2637 2083 2700 2124 ex
2731 2066 2878 2126 codd.
2907 2081 3033 2122 mss.
3068 2063 3214 2121 Paris
3261 2079 3317 2120 ιι.
3370 2065 3509 2122 1178
3536 2071 3593 2123 et
3623 2064 3769 2122 1150.

1891 2135 2046 2193 Ent'r.

2125 2139 2281 2206 ATR.)

477 2430 524 2492 Ι.
542 2428 692 2493 Cum
707 2427 997 2495 Dominus
1018 2441 1077 2496 et
1094 2432 1252 2497 Deus
1267 2441 1325 2495 et
1347 2431 1628 2496 Servator
1643 2439 1848 2495 noster
1871 2432 2040 2497 Jesus

2213 2434 2307 2496 A'.
2365 2441 2468 2492 Τοῦ
2502 2436 2687 2512 Κυρίου
2717 2435 2805 2493 καὶ
2837 2440 2971 2492 Θεοῦ
3026 2433 3122 2490 καί
3157 2433 3409 2511 Σωτῆρος
3448 2435 3612 2509 ἡμῶν
3671 2432 3776 2498 ἰη-

398 2517 694 2596 Christus,
719 2529 1032 2604 postquam
1057 2524 1217 2586 Deus
1241 2531 1302 2587 et
1322 2524 1504 2586 homo
1529 2522 1600 2585 ad
1634 2522 1911 2586 homines
1931 2524 2043 2586 ad-

399 2609 681 2687 venisset,
717 2619 778 2673 et
809 2612 982 2675 tertio
1013 2613 1109 2676 die
1138 2633 1172 2676 a
1204 2613 1450 2676 mortuis
1483 2613 1867 2694 surrexisset,
1897 2624 1954 2675 et
1971 2615 2044 2676 ad

397 2701 636 2762 Patrem
661 2719 797 2763 cum
826 2703 1018 2782 gloria
1039 2713 1199 2766 esset
1223 2711 1587 2784 assumptus,
1621 2703 1684 2764 in
1715 2702 2047 2785 discipulos

397 2788 606 2851 eﬂ‘udit
638 2788 930 2872 Spiritum
956 2801 1230 2856 sanctum
1262 2801 1322 2856 et
1343 2811 1448 2855 eos
1480 2791 1683 2853 divina
1706 2793 2048 2872 cognitione

394 2877 666 2960 implevit
721 2889 778 2943 et
823 2883 1058 2959 virtute,
1115 2901 1186 2946 ex
1237 2883 1365 2962 ejus
1412 2881 1790 2962 plenitudine
1818 2881 2048 2961 accepit

395 2968 676 3033 universa
711 2981 897 3049 terra,
932 2979 991 3034 et
1021 2990 1232 3036 omnes
1264 2971 1543 3034 homines
1584 2971 1828 3034 fuerunt
1859 2974 2044 3051 partio

395 3057 559 3138 cipes
582 3060 724 3122 doni
755 3062 915 3142 quod
949 3081 1016 3124 ex
1053 3081 1124 3124 eo
1156 3062 1515 3125 emanabat:
1552 3068 1611 3123 et
1637 3060 1870 3123 liberati
1903 3061 2042 3142 qui-

403 3149 542 3212 dem
569 3157 709 3212 sunt
738 3169 776 3212 a
804 3151 1069 3214 tenebris
1099 3153 1448 3232 ignorantiae
1479 3161 1536 3213 et
1565 3151 1760 3214 cultus
1788 3151 2043 3213 simula-

407 3256 681 3321 crorum:
712 3258 862 3302 verae
889 3251 1090 3304 autem
1124 3241 1247 3303 luci
1276 3241 1386 3304 Dei
1412 3240 1772 3320 cognitionis
1801 3259 2046 3304 evasere

406 3327 756 3390 familiares.
790 3331 938 3393 Nam
971 3349 1105 3392 cum
1139 3350 1258 3393 non
1290 3348 1468 3392 secus
1501 3347 1568 3391 ac
1595 3328 1794 3391 divina
1823 3337 1883 3390 et
1912 3330 2046 3394 luce

404 3417 684 3478 micantia
708 3418 962 3497 fulgura,
991 3439 1098 3500 per
1119 3439 1329 3482 omnes
1350 3420 1501 3481 fines
1536 3427 1960 3499 percurrentes
1986 3430 2044 3483 et

397 3525 516 3567 non
546 3525 784 3587 parvam
843 3511 1161 3572 afferentes
1212 3510 1760 3590 illuminationem,
1815 3512 2042 3589 egressi

397 3600 897 3680 essentapostoli,
957 3619 1166 3664 eorum
1220 3602 1323 3683 qui
1381 3601 1686 3678 videbant,
1717 3601 2044 3664 illustratos

397 3687 627 3765 oculos,
663 3708 738 3752 ne
771 3699 1075 3754 momento
1107 3692 1350 3774 quidem
1397 3691 1688 3771 temporis
1724 3710 1858 3753 mox
1891 3698 2043 3754 sive-

2129 2533 2222 2584 σοῢ
2282 2533 2508 2605 Χριστοῦ
2565 2526 2701 2601 μετὰ
2761 2525 2858 2582 τὶν
2929 2522 3236 2602 θεανδρικῆν
3292 2525 3451 2580 αὐτοῦ
3502 2525 3638 2600 πρὸς
3697 2523 3778 2576 ἀν-

2129 2614 2366 2688 θρώπους
2434 2613 2746 2693 ἐπιφάνειαν
2817 2614 2906 2671 καὶ
2961 2613 3061 2681 τὴν
3122 2613 3182 2670 ἐκ
3240 2619 3440 2687 νεκρῶν
3497 2614 3775 2691 τριήμερον

2129 2705 2336 2783 ἔγερσιν
2393 2707 2480 2761 καὶ
2511 2706 2642 2782 πρὸς
2697 2706 2789 2761 τὸν
2839 2703 3048 2780 Πατέρα
3091 2703 3228 2776 μετά
3256 2701 3414 2769 δόξης
3472 2701 3775 2777 ἀνάληψιν,

2130 2796 2220 2852 ἐπὶ
2272 2795 2391 2858 τούς
2464 2795 2706 2870 μαθητὰς
2758 2794 2847 2850 καὶ
2905 2791 3241 2856 ἀποστόλους
3299 2795 3362 2849 τὸ
3436 2791 3658 2868 Πνεῦμα
3719 2791 3774 2847 τὸ

2128 2886 2280 2964 ἅγιον
2353 2883 2690 2964 ἐκχεαμένου
2732 2885 2820 2941 καὶ
2891 2884 3142 2962 γνώσεως
3200 2880 3425 2961 πλήρεις
3479 2879 3774 2960 ἐργασαμέ-

2129 2998 2241 3053 νου,
2297 2973 2356 3030 ἐκ
2415 2984 2509 3032 τοῦ
2563 2973 2927 3052 πληρώματος
2994 2974 3167 3030 αὐτῶν
3239 2974 3271 3040 ἡ
3332 2973 3594 3047 σύμπασα
3655 2991 3773 3045 μετα

2129 3062 2284 3121 ἑλαϐε
2343 3066 2414 3142 γῆ
2449 3065 2536 3120 καὶ
2593 3063 2785 3128 πάντες
2818 3064 3083 3142 ἄνθρωποι
3115 3067 3214 3130 τῆς
3271 3060 3322 3127 ἐξ
3355 3061 3527 3118 αὐτῶν
3593 3082 3775 3138 πηγα-

2128 3156 2322 3226 ζούσης
2399 3153 2727 3233 μετέχοντες
2795 3151 3016 3229 δωρεὰν,
3087 3152 3183 3209 τοῦ
3243 3151 3438 3208 σκότου
3510 3149 3615 3225 μὲν
3684 3153 3774 3214 τῆς

2129 3245 2344 3321 ἀγνοίας
2389 3242 2823 3318 ἀπηλλάττοντο,
2870 3249 2949 3315 τῷ
3005 3241 3242 3314 ἀληθινῷ
3298 3238 3351 3296 δὲ
3382 3241 3483 3306 τῆς
3538 3242 3772 3316 θεογνω-

2128 3335 2241 3395 σίας
2302 3339 2725 3411 προσῳκειοῦντο
2795 3332 2950 3407 φωτί.
3031 3331 3273 3404 Καθάπερ
3343 3330 3443 3407 γὰρ
3515 3328 3774 3406 ἀστραπαὶ

2125 3427 2267 3481 θεῖαι
2311 3425 2400 3479 καὶ
2457 3420 2731 3502 διαφανεῖς
2761 3425 2808 3480 οἱ
2855 3421 3142 3478 ἀπόστολοι
3185 3421 3252 3476 τὰ
3301 3419 3504 3497 πέρατα
3559 3415 3773 3493 διαδραο

2127 3515 2340 3590 μόντες,
2377 3515 2465 3569 καὶ
2509 3511 2667 3578 ἄλλος
2723 3511 2857 3569 ἄλλο
2927 3509 3026 3578 τῆς
3059 3509 3375 3584 οἰκουμένης
3435 3508 3602 3586 μέρος
3661 3505 3773 3562 δια-

2126 3603 2564 3680 κληρωσάμενοι,
2636 3603 2724 3658 καὶ
2789 3607 2894 3657 πᾶν
2958 3599 3101 3664 ἔθνος
3173 3598 3267 3656 καὶ
3339 3605 3510 3654 πῦσαν
3583 3595 3772 3676 χώραν

2127 3695 2340 3755 ἑαυτοῖς
2383 3695 2470 3748 καὶ
2527 3691 2684 3748 πόλιν
2742 3689 3165 3768 διανειμάμενοι,
3227 3690 3319 3744 τὸν
3360 3692 3461 3755 τῆς
3516 3685 3776 3756 ἀληθείας

394 3786 532 3840 runt
562 3779 778 3842 sedere
801 3781 864 3842 in
891 3781 1180 3846 tenebris.
1212 3781 1381 3844 Alius
1397 3790 1497 3843 aut
1527 3779 1702 3842 aliam
1730 3780 1890 3842 orbis
1911 3799 2040 3862 par-

2129 3786 2393 3859 σπινθῶρα
2431 3782 2638 3844 τούτοις
2693 3778 2966 3854 ἐνέϐαλον,
3002 3779 3058 3844 ὃς
3115 3777 3234 3834 κατ’
3292 3776 3472 3855 ὀλίγον
3534 3775 3591 3832 ὲν
3654 3788 3770 3837 τοῖς

397 3877 516 3931 tem
540 3869 759 3942 sortiti,
800 3889 936 3933 cum
969 3891 1206 3936 omnem
1235 3879 1499 3952 gentem,
1533 3872 1838 3952 regionem
1871 3882 1930 3935 et
1962 3872 2042 3934 ci-

399 3958 632 4021 vitatem
668 3959 786 4023 sibi
816 3960 1295 4031 distribuissent,
1345 3962 1432 4023 eis
1465 3961 1808 4041 injecerunt
1839 3978 2039 4022 veram

397 4049 717 4112 scintillam
746 4052 1010 4114 veritatis
1037 4070 1050 4115 :
1078 4071 1211 4134 quae
1241 4051 1520 4133 paulatim
1551 4070 1657 4131 per
1673 4069 1778 4112 eos
1799 4049 1896 4131 qui
1919 4049 2042 4130 apti

399 4147 566 4202 erant
593 4143 937 4219 accensa,in
956 4143 1176 4205 claram
1205 4150 1264 4205 et
1284 4141 1604 4204 sublimem
1623 4139 2034 4203 evasitfacem.

478 4230 556 4292 ll.
578 4232 699 4292 Hoc
723 4230 1078 4311 principium
1105 4251 1238 4294 cum
1263 4231 1599 4310 accepisset
1620 4230 1792 4306 tides,
1811 4231 1882 4290 ad
1913 4239 2041 4292 tan-

399 4331 526 4382 tum
543 4321 1723 4403 processitsplendorem,ut,consumptis
1736 4319 2043 4400 profundis

400 4412 669 4475 tenebris
693 4414 1067 4493 ignorantiae,
1091 4413 1150 4476 in
1177 4413 1392 4475 divina:
1417 4413 1568 4474 lucis
1597 4421 1810 4474 statum
1841 4415 2044 4475 omnia

403 4505 907 4566 transmutaverit.
925 4505 1114 4584 Hujus
1145 4512 1278 4584 post
1303 4502 1602 4584 apostolos
1616 4520 1809 4563 causae
1828 4512 1886 4564 et
1904 4521 2043 4564 auc-

404 4601 563 4654 tores
583 4591 753 4654 fuere
781 4593 965 4656 divini
999 4603 1318 4674 martyres:
1345 4591 1448 4674 qui
1477 4610 1612 4654 cum
1635 4591 1812 4652 veluti
1830 4611 2040 4654 semen

401 4681 553 4742 lucis
574 4679 648 4743 ab
675 4682 763 4743 eis
783 4683 1179 4764 accepissent,
1206 4682 1428 4745 deinde
1461 4690 1738 4762 tanquam
1770 4680 2043 4744 violentis

403 4770 595 4832 ventis
628 4772 830 4834 traditi
854 4773 1276 4846 tentatoribus,
1311 4772 1370 4833 id
1402 4791 1522 4834 non
1552 4770 1743 4832 solum
1767 4789 1886 4834 non
1914 4791 2044 4834 exs-

404 4860 706 4924 tinxerunt
727 4863 910 4926 illatis
930 4863 1191 4944 injuriis,
1208 4862 1312 4924 sed
1337 4861 1518 4924 etiam
1532 4861 1711 4924 variis
1726 4863 2040 4926 tormentis

403 4951 600 5014 effecti
625 4953 938 5029 clariores,
957 4953 1070 5035 ipsi
1089 4952 1338 5032 quidem
1359 4961 1634 5032 tanquam
1660 4951 1858 5013 lucida
1871 4952 2037 5014 side-

400 5060 488 5116 ra,
533 5042 609 5105 de
640 5054 856 5106 caetero
887 5051 1029 5105 sunt
1057 5043 1326 5105 collocati
1352 5041 1414 5102 in
1445 5041 1580 5104 caeli
1611 5042 1990 5104 ﬁrmamento
2017 5090 2032 5115 ,

401 5137 553 5228 quod
569 5139 881 5209 percipitur
898 5137 1299 5228 intelligentia.
1318 5135 1486 5228 illinc
1507 5145 1698 5228 autem
1715 5135 2038 5228 clarissime
2057 5178 2096 5228 ο

398 5222 787 5303 refulgentes,
805 5233 980 5287 terrae
1000 5224 1294 5286 universa:
1320 5223 1513 5285 lucem
1540 5221 1830 5304 praebent.
1849 5221 1927 5283 Ex
1943 5222 2038 5284 his

398 5333 552 5375 unus
583 5324 671 5377 est
697 5315 872 5377 etiam
892 5315 1101 5376 beatus
1115 5313 1465 5392 Thryphon,
1487 5314 1642 5392 quia
1665 5312 1884 5373 divinis
1901 5321 1957 5374 et
1977 5313 2037 5373 in

401 5423 548 5485 quas
578 5423 696 5466 non
731 5404 890 5466 cadit
913 5405 1214 5476 interitus,
1251 5402 1483 5464 deliciis
1515 5419 1733 5463 nomen
1769 5402 2036 5474 sortitus,

400 5494 746 5572 frugiferum
775 5511 1022 5573 germen
1055 5492 1365 5556 Ecclesia).
1413 5491 1522 5564 Qui
1554 5510 1587 5552 e
1619 5492 1872 5570 Phrygia
1902 5493 2040 5570 qui-

401 5585 537 5647 dem
571 5587 830 5664 primum
882 5580 991 5644 fuit
1025 5583 1248 5657 editus,
1296 5583 1430 5643 vico
1491 5599 1630 5643 vero
1687 5581 2040 5661 Campsade,

403 5675 501 5753 qui
533 5681 624 5735 est
644 5673 871 5734 vicinus
894 5671 1111 5734 civitati
1135 5674 1440 5754 Apameae.
1476 5673 1527 5734 A
1560 5671 1677 5752 piis
1707 5680 1903 5735 autem
1938 5690 2043 5754 pa-

2125 3871 2446 3939 ἐπιτηδείοις
2503 3869 2946 3947 διαναπτόμενος,
2993 3871 3066 3935 είς
3124 3871 3389 3947 περιφανῆ
3447 3865 3535 3922 καὶ
3601 3865 3774 3943 ἀέριον

2123 3961 2298 4030 ἀπεόη
2344 3961 2565 4042 πυρσόν,

2209 4219 2291 4288 Β’.
2327 4229 2776 4296 Οὕτωςήπίστις
2835 4226 2933 4292 τὴν
2991 4226 3168 4305 ἀρχὴν
3226 4221 3488 4300 λαϐοῦσα,
3538 4223 3613 4286 εἰς
3675 4243 3776 4287 τη-

2127 4319 2386 4387 λικαύτην
2435 4317 2665 4397 προῆλθε
2737 4317 3008 4395 περιφανῆ
3067 4311 3310 4389 δύναμιν,
3372 4313 3579 4378 Ταύτης
3643 4311 3779 4386 μετά

2125 4410 2248 4474 τοὺς
2305 4407 2633 4472 ἀποστόλους
2664 4409 2711 4462 οἱ
2753 4410 2890 4463 θεῖοι
2921 4405 3179 4482 μάρτυρες
3240 4403 3405 4459 α’ίτιοι
3434 4406 3532 4468 τῆς
3589 4404 3778 4458 θεοσε-

2124 4501 2266 4575 βείας
2327 4500 2649 4575 πεφήνασιν,
2683 4499 2738 4553 οἳ
2795 4495 3030 4573 καθάπερ
3091 4493 3302 4572 σπέρμα
3356 4493 3516 4569 πυρὸς
3557 4492 3622 4546 ἒκ
3676 4489 3775 4545 αὖ·

2124 4596 2229 4646 τῶν
2286 4585 2564 4662 λαϐόντες,
2626 4586 2812 4643 ἔπειτα
2866 4597 2982 4648 τοῖς
3057 4595 3340 4655 πειραταῖς
3409 4583 3480 4645 ὡς
3552 4579 3778 4654 ἀνέμοις

2123 4677 2422 4738 ἐκδοθέντες
2454 4678 2670 4752 βιαίοις,
2709 4677 2768 4732 οὗ
2800 4674 2962 4750 μόνον
3029 4687 3154 4737 ταῖς
3203 4671 3477 4747 ὲπηρείαις
3540 4666 3778 4725 ἀπεσϐἑ·

2127 4773 2349 4848 σθησαν,
2413 4765 2551 4823 ἀλλὰ
2603 4768 2689 4823 καὶ
2762 4763 3152 4842 λαμπρότεροι,
3205 4760 3414 4837 μᾶλλον
3469 4757 3537 4816 δι’
3601 4757 3779 4816 αὒτῶν

2125 4858 2544 4937 ἀπεδείχθησαν,
2608 4854 2894 4919 θάλλοντες
2966 4855 3039 4916 ὡς
3103 4849 3334 4927 ἄμπελοι
3389 4862 3515 4912 ταῖς
3571 4849 3779 4923 τομαῖς

2125 4951 2218 5006 καὶ
2273 4950 2392 5012 τοὺς
2426 4945 2614 5011 ἄλλους
2671 4945 2865 5007 πόνους
2916 4943 3237 5022 εὐφροσύνης
3291 4940 3538 5019 ἀφορμᾶς
3584 4939 3781 4994 ποιού-

2123 5059 2297 5116 μενοι,
2331 5036 2468 5093 ὥστε
2528 5035 2720 5096 πόνους
2779 5033 2998 5097 ἐκείνοις
3049 5036 3190 5089 εἶναι
3233 5030 3296 5086 τὸ
3353 5035 3432 5103 μὴ
3465 5040 3647 5084 πονεῖν
3687 5031 3777 5084 καὶ

2123 5128 2356 5206 πάσχειν
2417 5125 2618 5198 κακῶς,
2678 5124 2836 5192 ἡνίκα
2896 5122 2972 5197 μὴ
3034 5118 3120 5178 διά
3191 5120 3418 5194 Χριστὸν
3487 5117 3775 5196 πάσχωσι.

2122 5205 2330 5275 Τούτων
2387 5215 2473 5279 εἶς
2534 5215 2622 5270 καὶ
2680 5215 2706 5268 ὁ
2762 5211 3021 5288 μακάριος
3087 5210 3396 5287 γνωρίζεται
3463 5205 3709 5285 Τρύφων,
3750 5205 3778 5258 ὁ

2122 5312 2219 5373 τῆς
2284 5305 2552 5382 ἀκηράτου
2612 5303 2749 5366 θείας
2809 5305 3008 5380 τρυφῆς
3059 5299 3357 5373 ἐπώνυμος,
3392 5297 3452 5353 τὸ
3513 5294 3777 5372 μακάριον

2123 5396 2288 5458 ὅντως
2348 5397 2446 5460 της
2505 5390 2830 5458 Ἐκκλησίας
2883 5390 3065 5468 φυτὸν,
3099 5391 3126 5444 ὃ
3157 5393 3259 5466 γῆς
3303 5387 3402 5462 μὲν
3450 5386 3512 5441 τὸ
3561 5388 3779 5459 πρῶτον

2125 5485 2344 5550 ἀνεδόθη
2431 5486 2677 5561 Φρυγῶν,
2743 5480 2934 5555 κώμης
2991 5477 3045 5533 δὲ
3128 5475 3448 5552 Καμψάδου,
3506 5473 3779 5561 Ἀπαμείᾳ

2126 5576 2194 5652 τῇ
2249 5571 2404 5630 πόλει
2454 5559 2827 5649 γ-ειτονούσης.
2891 5566 3134 5625 Εὖσεϐῶν
3191 5565 3246 5622 δέ
3306 5565 3507 5644 γονέων
3552 5559 3775 5618 εὐσεϐέ-

2128 5687 2312 5745 στερον
2373 5661 2554 5720 τέκνον
2586 5660 2765 5742 ἐκφὺς,
2799 5657 2966 5723 οὕτως
3002 5658 3059 5714 ἐκ
3117 5659 3333 5735 πρώτης
3377 5654 3594 5722 ἡλικίας
3627 5649 3775 5716 ἀξιό-
