4060 6206
326 356 482 428 1313

1610 356 1798 427 VITA
1844 363 1906 428 S.
1942 355 2309 426 TRYPHON
2317 358 2410 423 IS.

3547 363 3699 435 1314

317 497 437 557 θεος
496 493 589 572 ἦν,
649 494 721 555 ὣς
782 490 1039 556 πλουσίας
1095 489 1393 571 παραυτίκα
1426 507 1618 574 τυχεῖν
1673 499 1768 562 τῆς
1827 497 1963 565 ἐνερ-

2060 491 2332 555 rentibus
2362 498 2524 555 ortus
2566 492 2751 574 magis
2778 490 2912 576 pius
2939 491 3116 575 ﬁlius,
3150 496 3222 561 ab
3267 498 3512 563 ineunte
3533 508 3703 566 aetate

320 586 474 661 γείας
531 589 625 640 τοῦ
652 582 980 652 πνεύματος.
1048 584 1144 640 Καὶ
1183 581 1268 639 διαὶ
1309 591 1464 640 τοῦτο
1511 585 1748 642 ποικίλαι
1778 608 1835 643 τε
1881 586 1976 642 νό-

319 693 406 729 σοι
465 674 735 748 σωμάτων
787 672 875 728 καὶ
924 670 1190 747 δαιμὸνων
1246 671 1389 729 ἅπαν
1440 675 1502 730 τὸ
1550 672 1711 753 φῦλον
1754 676 1976 752 ὀνόματι

319 761 489 838 μόνον
549 762 830 841 Τρύφωνος
902 759 1271 842 ἰδραπὲτευον,
1318 762 1456 821 οὕτω
1513 764 1792 844 πάγκαλος
1836 765 1979 840 αὖτῷ

315 850 352 918 ἢ
399 850 618 931 νεότης,
655 852 715 908 οὗ
760 852 894 931 πρὸς
945 850 1164 932 ἥλικας,
1196 853 1256 908 οὖ
1304 853 1435 930 πρὸς
1483 852 1673 933 ἄνδρας
1706 854 1979 935 μαχίμους

315 937 777 1017 διαγωνιζομένη,
839 939 977 996 ἀλλὰ
1042 942 1175 1020 πρὸς
1234 938 1488 1016 δαίμονάς
1530 964 1588 999 τε
1647 944 1735 1000 καὶ
1794 943 1979 1008 νόσους

312 1027 700 1109 ἀνδριζομένη.
764 1028 938 1086 Ἀλλὰ
988 1033 1113 1110 περί
1168 1031 1385 1088 πάντων
1414 1031 1513 1107 μὲν
1558 1032 1720 1091 αὐτοῦ
1776 1034 1979 1107 θαυμά-

311 1141 419 1177 των
464 1118 585 1199 ἄρτι
630 1116 933 1193 διαλαϐεῖν,
972 1120 1032 1177 οὐ
1089 1125 1184 1176 τοῦ
1240 1142 1503 1198 παροντος
1561 1122 1767 1200 καιροῦ.
1826 1114 1974 1186 Ἐνὸς

312 1206 368 1266 δὲ
399 1207 565 1285 μόνου
612 1210 871 1284 μνησθεὶς
918 1209 1006 1265 καὶ
1066 1205 1233 1275 δείξας
1277 1209 1457 1289 ὥσπερ
1519 1210 1571 1277 ἐξ
1605 1210 1785 1291 ὀλίγου
1842 1213 1971 1291 γεύ-

313 1321 488 1375 ματος
546 1299 608 1355 τὸ
669 1299 798 1379 πᾶν,
833 1297 919 1355 ἐπὶ
961 1298 1063 1366 τὴν
1107 1300 1396 1379 μαρτυρίαν
1447 1300 1649 1358 ἐκείνου
1706 1301 1971 1380 τρέψομαι

317 1390 417 1456 τὴν
460 1387 737 1466 διήγησιν,

2060 583 2220 644 visus
2248 589 2336 644 est
2352 584 2477 647 Deo
2500 583 2648 645 adeo
2672 602 2801 646 esse
2824 593 3044 664 gratus,
3074 600 3139 649 ut
3149 587 3443 667 judicatus
3465 589 3540 651 sit
3567 590 3701 654 ido-

2062 689 2212 734 neus
2224 672 2294 734 ad
2309 672 2808 736 administrandas
2821 679 3197 755 operationes
3209 676 3703 758 Spiritus.Quam-

2062 760 2269 824 obrem
2294 761 2442 823 varii
2462 762 2702 844 quidem
2726 762 2919 825 morbi
2935 764 3241 845 fugiebant
3263 784 3295 829 a
3315 769 3689 848 corporibus:

2063 851 2493 913 daemoniorum
2522 870 2662 913 vero
2692 851 2970 917 universa
2994 854 3343 918 hominibus
3365 856 3577 920 infesta
3602 877 3703 921 na-

2063 947 2217 1013 tura,
2243 940 2368 1002 solo
2392 941 2635 1003 nomine
2665 940 3007 1024 Tryphonis
3038 945 3353 1024 ﬂagellata,
3386 947 3475 1009 vel
3500 947 3702 1029 potius

2060 1035 2189 1091 usta
2209 1029 2424 1091 virtute
2444 1032 2591 1109 ejus.
2620 1031 2723 1111 qui
2745 1031 2807 1093 in
2832 1051 2904 1095 eo
2927 1041 3074 1109 erat,
3098 1033 3363 1115 spiritus,
3390 1034 3704 1116 fugabatur

2058 1119 2298 1202 quidem
2324 1118 2397 1181 ab
2430 1120 2799 1199 hominibus,
2824 1122 3176 1203 abigebatur
3190 1137 3391 1187 autem
3411 1125 3474 1189 in
3496 1126 3702 1189 intima

2058 1209 2282 1272 deserti
2302 1208 2652 1291 penetralia.
2678 1210 2873 1294 Atque
2891 1214 3088 1275 omnia
3112 1214 3356 1295 quidem
3379 1233 3700 1280 recensere

2056 1299 2368 1376 miracula,
2396 1318 2529 1382 quae
2548 1301 2621 1364 ab
2647 1320 2718 1364 eo
2749 1301 2903 1365 facta
2930 1312 3093 1381 sunt,
3124 1323 3244 1367 non
3278 1312 3369 1368 est
3385 1307 3698 1387 praesentis

2057 1394 2369 1471 temporis.
2403 1389 2548 1453 Cum
2584 1390 2763 1453 unius
2797 1401 2994 1456 autem
3035 1394 3098 1455 in
3148 1398 3466 1476 prasentia
3493 1395 3695 1460 fecero

319 1478 715 1550 mentionem,
749 1493 859 1568 per
909 1475 1069 1557 quod
1103 1477 1330 1558 gratim,
1367 1496 1506 1559 quae
1553 1479 1616 1542 in
1646 1497 1719 1544 eo
1775 1487 1925 1558 erat,
1959 1481 2147 1542 virtus
2178 1479 2363 1562 possit
2416 1498 2547 1543 esse
2591 1480 2860 1559 evidens,
2899 1484 2973 1547 ad
3024 1475 3375 1567 martyrium
3423 1483 3698 1568 praeclari

319 1568 556 1631 athletae
590 1585 685 1630 me
717 1566 1048 1630 conferam.

406 1648 490 1721 I".
555 1657 770 1737 Χρόνων
829 1656 1147 1725 ἐνενήκοντα
1190 1660 1279 1716 καὶ
1344 1658 1628 1717 διακοσίων
1685 1661 1823 1737 μετᾶ
1875 1660 1971 1728 τὴν

2133 1658 2232 1722 ΙΙΙ.
2265 1662 2442 1723 Anno
2464 1659 2603 1738 225,
2626 1670 2758 1742 post
2778 1662 3029 1744 Augusti
3048 1672 3326 1740 mortem,
3354 1665 3697 1731 Gordianus

325 1748 629 1825 Αὐγούστου
679 1746 785 1816 ἠδη
846 1750 1283 1828 παρῳχηκότων,
1344 1748 1622 1829 Γυρδιανὸς
1679 1752 1785 1806 τῶν
1829 1751 1963 1821 σκή-

2054 1749 2517 1832 accipitsceptra
2533 1752 2789 1815 Romani
2803 1754 3064 1835 imperii,
3079 1756 3171 1817 vir
3190 1755 3436 1837 quidem
3458 1758 3697 1837 gentilis

321 1858 503 1914 πτρων
556 1834 1001 1913 ἱπιλαμϐἆνεται,
1034 1827 1192 1917 ίάνὴρ
1248 1827 1459 1907 ηελλῆν
1521 1841 1620 1916 μὲν
1681 1841 1782 1908 τὴν
1838 1842 1963 1921 θρη.

2056 1827 2363 1915 religione,
2379 1827 2479 1903 sed
2499 1845 2844 1904 Christianis
2867 1827 2988 1906 non
3009 1827 3153 1906 adeo
3171 1827 3513 1921 gravisNo'n
3537 1853 3694 1910 enim

320 1927 526 2007 σκείαν,
561 1928 622 1984 ού
679 1927 839 2007 βαρὺς
898 1926 954 1983 δὲ
1010 1936 1260 1987 τοσοῦτον
1315 1941 1432 1995 τοῖς
1484 1936 1850 2007 Χριστιανοτς.
1900 1934 1963 1989 Οὔ

2054 1927 2280 1995 is,sicut
2304 1929 2534 2000 reliqui,
2555 1930 2729 1988 movit
2746 1932 3211 2002 persecutionem
3226 1932 3507 1992 adversus
3525 1935 3697 1993 Chri-

322 2017 423 2094 γὰρ
480 2018 619 2074 κατὰ
679 2019 803 2082 τοὺς
864 2016 1063 2082 ἄλλους
1113 2020 1200 2076 καὶ
1258 2019 1412 2083 οὗτος
1466 2018 1704 2098 διωγμὸν
1755 2022 1963 2100 ὑπῆρχε

2052 2012 2298 2075 stianos.
2332 2011 2400 2075 Ei
2431 2014 2701 2077 nascitur
2728 2014 2909 2079 unica
2942 2015 3089 2093 tilia,
3128 2017 3402 2099 corporis
3446 2019 3691 2101 quidem

319 2107 643 2171 κενινηκώς.
705 2108 889 2183 Τούτῳ
930 2108 1131 2187 γίνεται
1183 2102 1420 2188 Θυγάτηρ
1472 2132 1797 2191 μονογενης,
1858 2109 1963 2188 ὥρα

2051 2107 2244 2176 specie
2260 2113 2315 2165 et
2329 2107 2766 2177 pulchritudine
2784 2111 3054 2184 insignis,
3071 2112 3311 2184 ingenio
3332 2118 3523 2170 autem
3538 2121 3593 2172 et
3608 2114 3693 2172 in-

317 2196 415 2273 μὲν
446 2197 697 2273 σώματος
741 2198 830 2254 καὶ
860 2197 1048 2255 κάλλει
1089 2197 1420 2279 διαπρεπὴς,
1455 2199 1647 2279 εὐφυΐα
1676 2197 1731 2255 δὲ
1781 2200 1963 2280 ψυχῆς

2054 2191 2385 2272 telligentia
2406 2193 2683 2272 feminas,
2716 2214 2850 2278 qua),
2872 2205 3041 2260 erant
3066 2216 3172 2259 suo
3207 2204 3497 2279 tempore,
3522 2217 3696 2282 supe-

316 2288 404 2344 καὶ
462 2287 677 2345 συνέσαι
721 2286 911 2363 πολλῷ
968 2287 1176 2364 μᾶλλον
1228 2287 1583 2369 περικαλλὴς,
1614 2289 1644 2344 ὃ
1689 2290 1778 2346 καὶ
1832 2290 1964 2368 πρὸς

315 2377 646 2455 γραμμάτων
700 2390 894 2457 πεῖρα)
941 2379 1027 2434 καὶ
1074 2376 1313 2444 παιδείας
1370 2380 1563 2445 κτῆσιν
1609 2379 1774 2446 αυτὴν
1819 2377 1963 2456 ἤγα-

318 2487 411 2543 γεν
454 2465 665 2542 ἀμέλει.
716 2470 812 2526 Καὶ
856 2466 1022 2531 πολὺς
1070 2469 1167 2543 μὲν
1211 2468 1343 2547 ὓπὲρ
1393 2472 1559 2536 αὐτῆς
1605 2481 1721 2531 τοῖς
1751 2476 1963 2547 γονεῦσι

316 2553 503 2635 λόγος,
536 2554 740 2630 μηδένα
797 2562 987 2634 μῶμον
1044 2555 1382 2637 ἐπιτριϐῆναι
1425 2557 1622 2625 ταύτης
1673 2558 1727 2614 ἐι
1756 2562 1961 2638 παρθε-

315 2646 420 2719 νίᾳ·
454 2646 625 2711 πολὺς
656 2644 711 2704 δὲ
742 2660 862 2712 τοῖς
907 2649 1138 2728 πρώτοις
1169 2652 1268 2717 τῆς
1300 2646 1510 2711 πόλεως
1542 2650 1569 2705 6
1599 2649 1785 2723 ζῆλος,
1821 2648 1961 2706 ὥστε

310 2742 407 2794 τοῦ
469 2738 643 2815 γάμου
721 2738 922 2805 ταύτης
980 2738 1260 2819 ἐπινυχεϊν
1328 2739 1418 2794 καὶ
1470 2736 1555 2794 διὰ
1608 2746 1762 2797 τοῦτο
1823 2739 1961 2796 κατὰ

309 2825 534 2908 κλεῖθρᾴ
578 2848 635 2883 τε
670 2825 832 2896 αὐτὴν
864 2827 1029 2907 εἶχον
1060 2830 1146 2884 καὶ
1168 2826 1222 2883 ἐν
1255 2828 1394 2900 οἷκὶᾳ
1419 2827 1481 2883 τό
1522 2825 1743 2884 σύνολον
1783 2827 1957 2908 ἀςφα-

309 2914 457 2982 λεῒς,
508 2906 602 2981 Ὠς
640 2917 703 2971 ἃν
748 2915 803 2972 δὲ
864 2906 965 2973 καὶί
1009 2923 1079 2993 τῇ
1134 2916 1289 2974 πόλει
1336 2908 1611 2993 Ῥωμαίων
1655 2920 1682 2974 6
1741 2906 1959 2998 Τρύφων

310 3005 633 3086 διαγνωσθῇ,
672 3004 878 3082 μᾶλλον
932 3007 986 3063 δὲ
1035 3006 1130 3063 ἵνα
1177 3008 1267 3063 καὶ
1316 3008 1541 3086 Χριστὸς
1590 3009 1644 3063 ἓν
1690 3009 1832 3081 αὐτῷ
1863 3006 1957 3065 δο-

311 3094 503 3173 ξασθῇ,
536 3095 813 3173 δαιμόνιόν
844 3119 894 3153 τι
945 3098 1179 3173 πονηρὸν
1221 3094 1471 3164 ἒξαπίνης
1517 3102 1585 3173 τῇ
1628 3095 1760 3173 κόρῃ
1790 3098 1955 3176 ταύτῃ

2049 2299 2211 2363 rans,
2248 2301 2451 2361 neque
2480 2284 2589 2347 ulli
2620 2285 2873 2348 cedebat
2898 2287 2962 2348 in
3003 2287 3276 2349 doctrina
3326 2287 3687 2353 litterarum.

2052 2373 2332 2443 Quocirca
2348 2391 2704 2450 magnopere
2723 2381 3153 2438 contendebant
3173 2390 3463 2451 parentes,
3486 2391 3546 2439 ut
3566 2396 3693 2440 eam

2050 2461 2343 2543 integram
2369 2471 2428 2525 et
2450 2463 2700 2528 illmsam
2719 2474 3167 2530 conservarent.
3193 2464 3429 2528 Primos
3443 2485 3585 2529 vero
3609 2466 3694 2530 ci-

2042 2558 2376 2629 vitatis,qui
2392 2573 2520 2616 eam
2542 2560 2894 2626 ambiebant,
2911 2575 3119 2633 magna
3151 2560 3351 2619 urebat
3376 2561 3686 2628 aemulatio;

2047 2643 2173 2722 ipsa
2191 2649 2392 2704 autem
2412 2643 2473 2704 in
2489 2643 2737 2707 munitis
2749 2644 2898 2707 locis
2913 2644 3473 2724 clausa,diligenter
3485 2653 3543 2708 et
3567 2652 3690 2708 tuto

2043 2731 2517 2795 custodiebatur.
2540 2731 2614 2796 Ut
2635 2752 2774 2796 vero
2804 2753 2837 2796 a
2867 2734 3103 2797 civitate
3126 2736 3539 2798 Romanorum
3557 2752 3692 2798 san-

2042 2829 2171 2884 ctus
2194 2823 3085 2906 cognoscereturTryphon,vel
3109 2823 3305 2906 potius
3330 2831 3393 2886 ut
3415 2823 3689 2888 Christus

2041 2910 2103 2973 in
2126 2911 2836 2995 eolaudaretur,repente
2852 2913 3291 2978 exsecrandum
3313 2912 3684 2978 dmmonium

2040 3001 2261 3063 dictam
2292 2999 2547 3066 Caesaris
2579 3003 2759 3065 ﬁliam
2788 3004 3102 3080 invadens,
3127 3021 3258 3064 eam
3290 3002 3683 3084 impudenter

2040 3090 2311 3169 vexabat,
2337 3092 2577 3156 assidue
2608 3093 3016 3175 discerpebat,
3050 3093 3115 3155 in
3146 3111 3368 3170 aquam
3397 3102 3458 3156 et
3483 3093 3685 3173 ignem

311 3184 676 3262 ἒπιμηδῆσαν,
711 3187 761 3243 τί
810 3185 889 3263 μὴ
941 3186 1109 3244 ἐποίει
1154 3192 1261 3243 τῶν
1299 3185 1560 3267 χαλεπῶν
1595 3207 1611 3262 ;
1674 3187 1833 3265 ἐπῄει
1867 3189 1963 3267 γὰρ

2052 3181 2430 3264 projiciebat,
2452 3184 2688 3244 etomni
2710 3183 2945 3246 ratione
2965 3184 3097 3264 ejus
3118 3181 3685 3246 vitainsidiabatur.

314 3274 567 3349 ἀναιδῶς,
615 3275 910 3356 ἐσπάραττε
967 3275 1220 3357 ἀφειδῶς,
1254 3278 1374 3357 πυρὶ
1416 3277 1504 3333 καὶ
1563 3274 1744 3334 ὕδασιν
1804 3276 1966 3357 ἒπεῤ-

324 3365 494 3442 ρίπτει
533 3367 620 3423 καὶ
676 3366 807 3423 τιᾶσι
853 3368 1069 3445 τρόποις
1128 3370 1294 3434 αὐτῆς
1351 3369 1653 3444 ἑνεμαίνετο
1708 3372 1777 3445 τῇ
1829 3374 1964 3445 ζωῇ⁶

316 3452 437 3511 ἀλλ’
514 3454 681 3520 οὕτως
741 3456 905 3525 αδτῆς
965 3467 1064 3533 μὲν
1109 3459 1136 3513 ὅ
1210 3455 1436 3532 δαίμων.
1486 3455 1644 3515 Οὐδὲν
1703 3455 1761 3513 δὲ
1803 3458 1968 3525 ἧττον

313 3545 451 3614 αύτή
505 3550 614 3602 τῶν
644 3545 847 3625 γονέων
876 3544 1138 3606 ἐδείκνυτο
1169 3544 1384 3622 μάστιξ,
1419 3545 1486 3602 τά
1542 3548 1713 3603 αὒτῶν
1744 3547 1957 3627 σπλαγ-

310 3656 423 3715 χνα
496 3636 876 3712 σπαράττουσα
948 3638 1033 3693 καὶ
1105 3638 1199 3692 τὸν
1257 3642 1388 3692 πᾶσι
1452 3638 1681 3711 μισητὸν
1739 3637 1963 3693 θάνατον

308 3726 497 3785 εὐκτὸν
568 3728 755 3791 αὐτοῖς
829 3728 1022 3806 χρῆμα
1065 3734 1315 3785 ποιοῦσα·
1368 3726 1434 3794 ἦν
1498 3727 1598 3805 γὰρ
1657 3727 1720 3783 τό
1791 3730 1961 3791 παθος

310 3815 447 3892 μετὰ
502 3819 603 3882 τῆς
636 3815 902 3895 αἰσχύνης
951 3816 1040 3873 καὶ
1096 3816 1230 3895 πρός
1288 3815 1568 3892 θεραπείαν
1617 3815 1959 3874 ἀνέλπιστον

305 3905 407 3964 Καὶ
464 3904 567 3983 γὰρ
615 3904 795 3983 ἰατροῖ
849 3904 942 3981 μὲν
991 3904 1221 3969 ἅπαντες
1281 3904 1639 3985 ἀπηγόρευον,
1695 3909 1849 3988 σοφοὶ
1904 3907 1959 3964 δὲ

304 3994 564 4075 ἠπόρουν*
631 3992 838 4052 ἐπίνοια
905 3993 961 4051 δε
1019 3993 1235 4071 οὖδεμία
1291 3996 1422 4074 πρὸς
1493 4005 1746 4055 τοσοῦτον
1804 3997 1959 4077 ἐξαρ-

303 4094 472 4144 κοῦσα
502 4085 668 4143 κακὸν
715 4084 805 4165 ἦν,
839 4084 942 4149 ἕως
986 4087 1115 4142 αὐτὸ
1143 4087 1206 4142 τὸ
1264 4087 1500 4164 πονηρὸν
1531 4086 1737 4161 πνεῦμα
1782 4090 1962 4167 κρείτ-

306 4196 427 4231 τονι
489 4173 706 4251 δυνάμει
740 4173 947 4243 δηλαδὴ
997 4176 1418 4251 συνωθούμενον’
1454 4172 1580 4233 ἐϐόα
1639 4174 1696 4231 δὲ
1727 4179 1962 4258 ἰσχυρῶς

312 4265 400 4320 καὶ
478 4265 569 4320 τὸν
639 4267 838 4323 οἰκεῖον
904 4264 1175 4343 ὡμολόγει
1239 4263 1492 4333 διώκνην·
1566 4265 1799 4335 διώκτην
1867 4268 1963 4343 μὲν

2050 3270 2248 3351 Atque
2277 3270 2631 3335 dubitabant
2650 3272 2892 3354 quidem
2916 3291 3127 3335 omnes
3147 3272 3472 3350 sapientes,
3500 3273 3691 3338 haere-

2052 3359 2315 3442 bantque
2327 3361 2907 3445 etmanebantplane
2920 3361 3152 3425 attoniti
3167 3361 3692 3437 medici,videntes

2050 3451 2430 3513 affectionem
2454 3470 2589 3514 esse
2609 3452 3035 3528 miserabilem,
3057 3470 3176 3514 non
3201 3451 3467 3514 valentes
3487 3461 3688 3517 autem

2052 3540 2105 3602 ei
2132 3542 2375 3603 omnino
2408 3560 2581 3622 opem
2614 3542 2796 3606 ferre.
2828 3542 3045 3603 Animo
3094 3559 3235 3604 vero
3291 3541 3504 3604 anxius
3557 3549 3689 3605 erat

2047 3637 2237 3710 pater,
2262 3630 2570 3693 aﬂ'ectioni
2602 3649 2895 3712 nusquam
2937 3629 3126 3691 ullum
3169 3630 3490 3693 inveniens
3511 3633 3686 3694 auxi-

2045 3719 2216 3794 lium,
2253 3720 2441 3781 tristis
2472 3727 2621 3795 erat,
2647 3738 2803 3798 aegre
2825 3719 3075 3794 ferebat,
3103 3718 3470 3791 tabescebat,
3490 3720 3688 3784 donec

2046 3810 2175 3889 ipse
2207 3808 2399 3872 malus
2421 3809 2690 3892 spiritus,
2716 3810 2924 3890 majori
2945 3807 3178 3871 scilicet
3200 3816 3493 3888 potestate
3515 3827 3685 3872 coac-

2045 3909 2159 3981 tus,
2208 3919 2378 3962 suum
2408 3899 2724 3964 invocabat
2753 3898 3134 3980 expulsorem
3167 3916 3181 3961 :
3212 3915 3386 3959 suum
3438 3898 3684 3979 quidem

2048 4008 2489 4073 percussorem,
2516 3990 2729 4073 puellae
2746 3997 2967 4065 autem,
2995 4005 3133 4067 qua)
3153 3987 3227 4049 ab
3250 4004 3320 4049 eo
3334 3986 3680 4067 vexabatur,

2045 4084 2389 4166 appellabat
2445 4091 2807 4146 curatorem.
2860 4081 3025 4157 Nisi,
3084 4079 3304 4161 inquit,
3356 4084 3688 4145 accesserit

2046 4173 2353 4256 Tryphon,
2388 4173 2651 4255 puellam
2703 4190 2826 4234 non
2874 4170 3125 4234 cessabo
3159 4181 3440 4233 terrere:
3492 4170 3565 4232 ab
3615 4188 3687 4236 ea

2050 4284 2172 4329 non
2202 4264 2511 4345 recedam,
2547 4262 2666 4324 nisi
2694 4263 2901 4326 videro
2930 4260 3244 4324 advenisse
3272 4258 3685 4341 Tryphonem.

314 4352 541 4429 ἐκείνου,
601 4359 697 4420 τῆς
750 4353 839 4411 ὑπ’
905 4359 1064 4414 αὐτοῦ
1135 4353 1191 4411 δὲ
1249 4352 1673 4435 στρεϐλουμένης
1743 4357 1908 4435 κόρης
1967 4356 2318 4438 θεραπευτὴν,
2385 4357 2440 4412 El
2495 4355 2575 4430 μὴ
2633 4354 2852 4434 Τρύφων
2902 4351 3065 4427 ἔλθοι,
3128 4349 3282 4430 φησὶ,
3345 4350 3439 4409 οὒκ
3498 4350 3685 4422 ἀνήσω

312 4442 416 4511 τὴν
458 4441 627 4500 παῖδα
659 4441 851 4502 σοϐῶν’
888 4448 984 4504 οὐκ
1012 4443 1342 4521 ἐκστήσομαι
1374 4446 1596 4522 ταύτης,
1646 4447 1689 4502 εἰ
1720 4447 1798 4523 μὴ
1846 4450 2097 4530 Τρύιξωνα
2126 4445 2227 4504 ῶδε
2259 4446 2546 4523 γενόμενον
2572 4440 2696 4503 ἴδω.

404 4530 492 4594 Δ’.
553 4533 748 4592 Αὐτίκα
778 4536 951 4592 τοίνυν
998 4535 1290 4615 γράμματά
1332 4557 1390 4593 τε
1423 4535 1675 4612 βασιλικὰ
1720 4539 1805 4595 καὶ
1849 4527 1963 4614 μη-

2113 4534 2506 4600 IV.Protinus
2526 4552 2665 4615 ergo
2671 4532 2858 4613 jussis
2877 4528 3236 4594 exeuntibus
3250 4527 3679 4611 imperatoriis,

320 4622 530 4698 νύματα
590 4625 730 4703 παρὰ
774 4631 947 4681 πᾶσαν
993 4625 1175 4706 ἒφοίτα
1205 4627 1305 4692 τὴν
1361 4625 1702 4707 οἰκουμένην,
1738 4628 1826 4684 καὶ
1856 4635 1961 4692 πᾶς

315 4714 577 4793 ἧρευνᾶτο
639 4715 827 4794 τόπος,
894 4714 990 4771 καῖ
1047 4713 1130 4771 διὰ
1189 4716 1368 4784 πάσης
1427 4715 1675 4795 γλώττης
1742 4718 1959 4798 Τρύφων

312 4801 495 4882 ᾔδετο,
529 4804 746 4883 Τρύφων
801 4804 1141 4862 ἀνεκα).εττο⁶
1198 4808 1287 4862 καὶ
1345 4801 1540 4872 πάντες
1599 4806 1781 4883 ὅσοιγε
1831 4809 1958 4886 δπὲρ

311 4894 415 4971 γῆν
469 4892 629 4968 ἦσαν,
663 4894 737 4958 είς
796 4892 885 4952 δύο
930 4892 1207 4975 διῃροῦντο
1239 4894 1429 4972 ταῦτα,
1466 4896 1500 4966 ἢ
1547 4898 1803 4978 Τρύφωνα
1852 4905 1955 4969 ζη-

305 4994 426 5039 τεῖν
466 4982 498 5052 ἢ
531 4984 651 5059 περὶ
705 4984 986 5065 Τρύφωνος
1037 4983 1353 5063 ἐρωτᾶσθαι.
1390 4985 1541 5043 Ἐπεὶ
1571 4985 1625 5042 δὲ
1657 4987 1745 5043 καὶ
1788 4988 1959 5067 μέχρι

305 5072 537 5151 Φρυγὶας
595 5075 630 5141 ἡ
679 5073 906 5145 ζήτησις
963 5074 1054 5149 ἦν,
1110 5072 1267 5142 δῆλος
1325 5076 1353 5131 6
1414 5075 1631 5156 Τρύφων
1662 5073 1767 5144 ἤδη
1825 5080 1960 5134 καθ-

305 5162 515 5219 ίσταται
558 5162 646 5219 καὶ
706 5162 835 5242 πρὸς
884 5166 951 5241 τῇ
997 5161 1294 5239 Καμψσίδου
1342 5185 1503 5240 κῳμη
1546 5162 1823 5245 διατρίϐων
1867 5166 1960 5222 εὖ-

303 5250 554 5333 ρίσκεται
607 5255 795 5333 χηνῶν
837 5251 1178 5328 ἒπιμελητὴς
1224 5255 1318 5310 καί
1380 5255 1572 5330 νομεὺς
1620 5257 1648 5311 6
1681 5262 1957 5321 τοσοῦτος,

304 5331 690 5420 Ὀμολογήσας
749 5340 805 5399 δὲ
867 5341 1026 5404 αὐτὸς
1084 5342 1231 5399 εἶναι
1290 5342 1534 5422 Τρύφων,
1581 5344 1735 5410 αὐτός
1784 5348 1811 5402 6
1854 5353 1959 5417 ζη-

307 5430 593 5512 τούμενος,
638 5432 1061 5512 παραπέμψεται
1122 5431 1219 5507 μὲν
1281 5432 1464 5490 αὐτίκα
1520 5430 1606 5488 διὰ
1633 5439 1740 5489 τῶν
1797 5437 1960 5513 εὕρη-

310 5518 482 5575 κότων
539 5533 658 5585 τοῖς
704 5521 996 5603 ὑπάρχοις,
1034 5524 1398 5599 ξΠομπηϊανῷ
1451 5524 1542 5578 καὶ
1588 5523 1958 5599 Προτεστάτῳ’

312 5605 462 5665 αὐτοὶ
492 5606 548 5664 δὲ
605 5617 795 5670 τοῦτον
823 5612 1018 5676 ἵπποις
1050 5624 1169 5673 τοῖς
1197 5609 1478 5687 δημοσίοις
1523 5608 1956 5686 ἐπιϐιϐάσαντες,

313 5697 389 5762 εἷς
459 5688 674 5773 ρΡώιμιιην
746 5703 899 5760 αὐτὸν
956 5702 1089 5782 πρός
1150 5702 1242 5759 τὸν
1295 5700 1662 5779 αὒτοκράαορα
1725 5697 1958 5776 διαπέμ-

2046 4625 2370 4706 missisque
2400 4623 2818 4705 frequentibus
2864 4622 3106 4696 litteris,
3160 4620 3439 4683 universo
3482 4629 3685 4685 autem

2043 4715 2188 4779 orbe
2221 4723 2396 4776 terrae
2425 4715 2551 4776 fere
2593 4731 2880 4795 percurso
2930 4713 3003 4774 ad
3052 4710 3486 4792 inquirendum
3529 4710 3685 4793 Try-

2043 4807 2307 4888 phonem
2334 4827 2348 4867 ι
2387 4814 2444 4867 et
2476 4804 2679 4866 multis
2710 4805 2952 4886 quidem
2986 4802 3188 4864 multis
3218 4818 3250 4862 e
3280 4800 3427 4862 locis
3448 4801 3687 4864 emissis

2041 4896 2114 4958 ad
2150 4915 2253 4957 eos
2285 4893 2622 4958 evocandos
2655 4896 2756 4975 qui
2787 4895 2902 4955 hoc
2933 4890 3386 4975 appellarentur
3413 4891 3681 4965 nomine,

2043 4986 2197 5047 nihil
2219 4994 2416 5048 autem
2450 4984 2787 5046 valentibus
2812 4983 3070 5057 efﬁcere,
3099 4978 3373 5063 pervenit
3402 4977 3581 5039 etiam
3606 4983 3682 5040 ad

2044 5083 2245 5155 partes
2270 5076 2538 5157 Phrygiae
2555 5075 2682 5137 hac
2700 5072 3033 5156 inquisitio.
3055 5068 3442 5157 Signiﬁcatur
3459 5066 3683 5157 deinde

2044 5164 2118 5240 is,
2145 5165 2251 5241 qui
2285 5156 2596 5243 quatritur,
2632 5182 2811 5244 agere
2846 5162 2908 5223 in
2940 5162 3064 5223 vico
3107 5156 3441 5237 Campsade
3466 5173 3480 5219 :
3507 5156 3681 5221 inve-

2045 5254 2211 5317 nitur
2241 5262 2486 5336 propter
2519 5253 2797 5336 paludem
2830 5251 3021 5329 lacus,
3054 5252 3155 5328 qui
3196 5251 3289 5308 est
3318 5244 3471 5336 situs
3498 5265 3686 5329 prope

2043 5362 2179 5405 eum
2232 5334 2457 5421 locum,
2508 5334 2789 5405 anserum
2840 5356 3047 5401 curam
3090 5353 3327 5417 gerens.
3359 5334 3685 5401 Confessus

2043 5443 2244 5498 autem
2278 5436 2350 5510 is,
2395 5435 2502 5510 qui
2536 5430 2943 5510 quaerebatur,
2997 5447 3061 5490 se
3093 5444 3226 5489 esse
3269 5423 3679 5510 Tryphonem,

2044 5526 2244 5587 statim
2280 5522 2523 5605 quidem
2558 5519 2995 5584 transmittitur
3040 5535 3146 5600 per
3178 5533 3304 5590 eos,
3351 5517 3451 5594 qui
3481 5516 3680 5598 ipsum

2043 5613 2425 5688 invenerunt,
2458 5610 2528 5674 ad
2563 5609 2876 5694 praefectos
2902 5606 3339 5694 Pompeianum
3365 5613 3425 5666 et
3449 5606 3680 5668 Protes-

2045 5708 2255 5763 tatum.
2309 5700 2425 5781 Ipsi
2477 5692 2616 5763 vero
2647 5715 2783 5761 cum
2817 5717 2957 5761 eum
2992 5698 3167 5777 equis
3198 5692 3456 5776 publicis
3486 5695 3679 5776 proti-
