4060 6206
390 290 557 379 1315

1678 291 1961 357 MENSIS
2005 290 2489 361 FEBRUARIUS

3630 292 3786 361 i316

394 448 506 492 nus
530 428 981 509 imposuissent,
1010 424 1255 489 Romam
1284 424 1749 487 transmiserunt
1796 426 1873 490 ad
1924 432 2025 488 imi

2128 450 2340 490 πουσιν.
2406 419 2463 487 Ὀ
2508 428 2607 504 μὲν
2650 429 2738 486 οὖν
2794 424 2918 497 ἤνυε
2979 425 3224 505 ὀξύτατα,
3262 429 3377 495 ἔτος
3441 428 3496 486 δὲ
3543 432 3612 497 ἦν
3642 429 3792 503 αὖτῷ

407 528 772 600 peratorem.
808 522 997 598 Atque
1027 514 1127 576 ille
1149 513 1393 596 quidem
1422 513 1538 576 iter
1562 522 1726 578 recta
1749 515 2043 578 confecit:

403 608 614 687 agebat
642 615 840 670 autem
878 614 1017 667 tunc
1060 603 1190 667 fere
1239 602 1428 667 aetatis
1472 622 1696 666 annum
1743 605 2046 668 decimum

399 697 748 777 septimum.
782 694 1070 774 Malignus
1100 712 1242 756 vero
1275 694 1521 774 spiritus
1553 713 1690 756 cum
1723 696 1856 777 ejus
1898 714 2044 757 sen—

391 787 574 848 sisset
613 784 960 857 adventum,
996 792 1137 846 tunc
1184 784 1447 863 graviter
1488 783 1766 861 vexabat,
1825 794 1883 848 et
1934 802 2044 865 per

391 876 653 958 puellam
680 873 1111 937 effervescebat
1139 895 1153 937 :
1182 883 1241 937 et
1264 892 1425 955 saepe
1450 874 1688 955 ejulans
1720 873 2038 949 clamabat,

390 985 459 1029 se
490 984 608 1027 non
636 983 814 1047 posse
830 965 1092 1045 amplius
1117 967 1246 1044 ejus
1268 983 1521 1046 corpore
1554 965 1639 1026 uti
1666 964 2037 1028 habitaculo:

389 1074 578 1137 prope
607 1056 771 1117 enim
797 1054 1035 1131 adesse,
1063 1056 1164 1131 qui
1198 1055 1426 1135 potenti
1454 1073 1632 1117 manu
1662 1074 1797 1118 eum
1828 1054 2040 1135 expel-

390 1147 491 1207 lat.
524 1144 744 1207 Adhuc
796 1145 982 1219 enim,
1040 1144 1259 1225 inquit,
1316 1153 1437 1206 tres
1495 1144 1652 1221 dies,
1701 1154 1759 1207 et
1807 1145 2045 1207 accedit

392 1234 701 1316 Tryphon,
737 1234 839 1315 qui
869 1234 930 1295 in
967 1253 1075 1295 nos
1104 1234 1339 1316 accepit
1363 1242 1746 1315 potestatem.
1782 1236 1928 1298 Cum
1955 1233 2041 1296 sic

394 1324 647 1388 multum
679 1324 1021 1404 clamasset,
1057 1334 1121 1387 et
1152 1343 1281 1386 eam
1316 1323 1765 1406 discerpsisset,
1800 1324 1968 1389 exiit.

470 1413 545 1479 V.
567 1414 773 1478 Tertio
795 1432 936 1476 vero
957 1414 1055 1475 die
1072 1414 1145 1476 ab
1169 1432 1418 1477 excessu
1439 1413 1757 1491 damonis,
1783 1415 2035 1478 Romam

388 1505 636 1588 quidem
651 1506 814 1566 venit
838 1515 1104 1577 sanctus,
1126 1504 1445 1566 adducitur
1462 1520 1661 1566 autem
1690 1512 1942 1587 repente
1963 1503 2036 1566 ad

390 1594 976 1667 Gordiauum.Quem
1001 1613 1135 1657 cum
1153 1594 2038 1676 libenterexcepisset,agnovit

387 1705 526 1749 eum
562 1703 718 1765 esse,
752 1685 854 1765 qui
884 1683 1246 1747 Gordianam
1280 1703 1447 1747 suam
1475 1684 1660 1747 ﬁliam
1698 1692 2031 1759 curaverat,

2130 518 2248 574 τότε
2283 522 2381 585 τῆς
2425 516 2637 587 ἠλικὶας
2684 516 3158 578 ἐπτακαιδέκατον’
3208 520 3271 577 τὸ
3314 525 3523 594 πνεῦμα
3573 517 3630 576 δὲ
3688 523 3791 587 τῆς

2128 610 2287 668 αὺτοῦ
2344 610 2629 688 παρουσίας
2689 608 3025 686 αἰσθόμενον,
3092 609 3278 667 αὖτότε
3327 616 3504 676 κακῶς
3573 608 3791 689 ἔπασχε

2127 698 2215 755 καὶ
2275 703 2455 761 κακῶς
2514 697 2683 757 ἐποίει
2728 698 2828 766 τὴν
2890 699 3077 776 κόρην⁶
3139 697 3326 755 ἔπειτα
3377 699 3463 754 καὶ
3518 697 3787 777 ὀλοῳυρο-

2129 787 2275 861 μένῳ
2319 788 2503 862 ἐῴκειο
2538 790 2635 845 οὒκ
2666 788 2744 844 ἔτι
2789 811 2881 863 μοι
2913 788 3123 867 ἐφεῖται
3183 788 3342 867 Λέγον
3373 785 3505 863 τῶδε
3538 791 3617 862 τῷ
3668 788 3785 845 σώ-

2126 898 2259 952 ματι
2319 879 2392 943 ὡς
2453 879 2590 952 οἱκίᾴ
2636 882 2895 958 χρῆσθαι,
2934 877 3056 935 ἀλλ’
3112 877 3236 935 ὅσον
3281 876 3430 935 οὔπω
3482 877 3577 934 καί
3638 876 3787 935 ἄκων

2126 965 2561 1044 ἂπελαθήσομαι.
2627 978 2784 1045 Τρεῖς
2818 970 2917 1047 γὰρ
2975 967 3173 1043 ἡμέραι
3213 969 3267 1025 τὸ
3301 968 3437 1042 μετὰ
3479 975 3645 1024 ταῦτα
3694 967 3788 1024 καὶ

2126 1058 2343 1136 Τρύφων
2388 1060 2414 1114 ὁ
2460 1063 2559 1126 την
2590 1057 2713 1115 καθ’
2753 1060 2907 1133 ἡμῶν
2964 1057 3203 1123 ἐξουσίαν
3248 1056 3550 1138 ἀνειληφὼς
3593 1079 3780 1135 παρα-

2126 1146 2347 1225 γίνεται’
2416 1147 2584 1208 οὕτως
2659 1147 2834 1205 πολλὰ
2907 1148 3122 1226 κράξαν,
3199 1151 3297 1216 τὴν
3370 1148 3536 1224 κόρην
3605 1147 3775 1227 ἐξῂει,

2126 1235 2294 1312 μηδὲν
2328 1236 2490 1306 αὒτὶλν
2535 1238 2826 1314 ὑπομεῖναι
2882 1238 3149 1316 θα,ῥήσας
3208 1238 3306 1306 τὴν
3337 1244 3430 1294 τοῦ
3488 1238 3772 1317 Τρύφωνος

2124 1327 2433 1404 παρουσίαν.

2206 1417 2283 1478 Ε’.
2311 1417 2457 1474 Μετὰ
2486 1418 2668 1495 τρίτην
2694 1414 2746 1474 δὲ
2778 1422 2878 1484 τῆς
2906 1415 3225 1495 ἀπαλλαγῆς
3242 1417 3472 1495 ἡμέραν,
3497 1415 3774 1491 καταλαμο

2121 1506 2269 1564 ϐἀνει
2302 1507 2400 1583 μὲν
2428 1506 2529 1574 τὴν
2556 1504 2799 1563 ϐασιλίδα
2828 1506 3047 1579 Ῥώμην
3091 1508 3120 1563 6
3149 1505 3322 1585 ἅγιος·
3359 1506 3686 1585 προσάγεται
3714 1504 3771 1561 δὲ

2120 1601 2459 1677 παραχρῆμα
2505 1595 2793 1675 Γορδιανῷ,
2830 1596 3020 1675 χρῆμα
3053 1597 3322 1676 ποθεινὸν,
3352 1596 3414 1651 ὂν
3470 1595 3712 1672 ασμένως
3740 1596 3771 1651 6

2120 1684 2370 1763 βασιλεὺς
2403 1683 2713 1766 δεξάμενος,
2744 1686 2838 1742 οὒκ
2867 1684 3160 1763 ἠγνόησεν,
3195 1687 3354 1742 αὐτὸν
3385 1685 3531 1743 εἶναι
3557 1685 3658 1753 τῆς
3684 1687 3773 1741 θυι

389 1795 459 1839 ex
481 1775 739 1838 adventu
772 1775 1106 1853 conjiciens
1139 1774 1443 1855 praeﬁxum
1485 1775 1812 1836 terminum
1849 1774 2028 1837 trium

2120 1777 2314 1854 γατρὸς
2349 1775 2551 1832 ικείνου
2573 1773 2924 1852 θεραπευτὴν,
2950 1780 3017 1851 τῇ
3039 1776 3299 1852 παρουσίᾳ
3319 1771 3640 1850 συμϐάλλων
3668 1773 3772 1841 τὴν

388 1866 651 1927 dierum.
676 1863 751 1927 Ut
773 1881 873 1926 res
897 1881 1034 1925 vero
1053 1872 1212 1924 esset
1234 1864 1456 1925 certior
1478 1871 1535 1924 et
1555 1864 1916 1937 evidentior,
1942 1882 2037 1925 ro-

388 1954 564 2034 gabat
581 1965 643 2015 ut
665 1955 997 2015 daemonem
1022 1952 1215 2015 oculis
1238 1953 1560 2015 videndum
1588 1954 2037 2033 produceret,et

389 2061 529 2105 eum
545 2044 1086 2122 interrogaret.Sex
1106 2042 1310 2123 itaque
1325 2042 1457 2105 dies
1462 2042 1698 2123 jejunio
1713 2042 2038 2104 etintensis

387 2132 462 2196 ad
485 2130 804 2194 Dominum
840 2142 1107 2193 nostrum
1133 2132 1335 2194 Jesum
1362 2130 1662 2194 Christum
1689 2131 2039 2194 virsanctus

385 2239 603 2284 vacans
617 2219 1753 2302 precibus,illucescenteseptimo,jam
1770 2222 2039 2301 desuper

388 2313 677 2392 majorem
696 2319 754 2372 et
782 2310 1129 2373 validiorem
1162 2310 1454 2373 adversus
1478 2311 1787 2373 daemones
1810 2329 2033 2373 conse-

382 2402 585 2481 quitur
622 2406 1003 2479 potestatem.
1043 2402 1193 2464 Nam
1228 2418 1363 2462 cum
1398 2417 1510 2464 nox
1545 2400 1790 2481 quidem
1823 2400 2031 2479 procul

302 2504 307 2509 ‘
381 2488 647 2570 abesset,
671 2489 758 2551 sol
785 2498 988 2552 autem
1014 2490 1142 2552 suis
1172 2490 1356 2551 radiis
1384 2490 1447 2551 in
1480 2499 1638 2553 terra
1660 2489 2024 2566 subrideret,

380 2579 847 2661 aderatquidem
866 2581 1222 2661 imperator,
1248 2579 1499 2641 aderant
1521 2598 1732 2642 omnes
1745 2578 2029 2642 satellites

385 2679 444 2732 et
474 2670 573 2750 qui
606 2672 737 2749 ejus
760 2670 1048 2750 parebant
1085 2670 1367 2750 imperio,
1416 2670 1488 2730 ab
1536 2689 1608 2732 eo
1632 2679 1931 2748 petentes,
1968 2678 2032 2731 ut

384 2760 661 2822 viderent
688 2759 916 2840 aliquid
948 2760 1328 2823 admirabile.
1365 2760 1618 2822 Divinus
1648 2769 1846 2822 autem
1879 2763 2027 2841 Try-

383 2850 545 2931 phon
571 2869 708 2913 cum
734 2860 893 2913 esset
917 2852 1132 2933 plenus
1147 2851 1349 2912 divino
1372 2850 1623 2932 Spiritu,
1651 2852 1712 2911 in
1737 2856 1868 2932 ipso
1892 2868 2032 2912 vero

378 2939 763 3003 immundum
779 2959 1016 3021 quoque
1044 2941 1210 3004 illum
1239 2941 1517 3021 spiritum
1557 2941 1901 3002 intueretur
1930 2939 2027 3000 in-

383 3029 742 3109 telligentia,
794 3029 930 3091 Tibi
981 3030 1142 3106 dico,
1195 3030 1421 3109 inquit,
1472 3030 1534 3091 in
1590 3030 1841 3091 nomine
1890 3030 2029 3090 Jesu

382 3119 630 3193 Christi,
663 3136 886 3198 appare
908 3119 979 3180 iis
1001 3118 1103 3199 qui
1132 3118 1371 3191 adsunt,
1399 3126 1458 3179 et
1479 3118 1568 3180 eis
1590 3118 1845 3180 ostende
1867 3127 2024 3179 tuam

380 3205 810 3288 turpitudinem
827 3218 885 3268 et
902 3206 1401 3270 imbecillitatem.
1418 3205 1613 3269 Simul
1625 3215 1803 3288 atque
1826 3215 2025 3270 autem

378 3297 495 3359 hoc
517 3295 942 3371 dixisset,ecce
966 3303 1246 3377 tanquam
1267 3302 1431 3359 canis
1446 3306 1691 3378 aspectu
1714 3297 2025 3372 deformis,

379 3387 553 3465 niger
571 3385 798 3460 colore,
822 3385 1033 3448 oculos
1064 3385 1295 3448 habens
1314 3394 1600 3466 tanquam
1626 3387 1829 3467 ignem
1855 3386 2026 3450 emit-

374 3483 604 3548 tentes,
641 3481 704 3537 et
734 3484 910 3556 caput
951 3475 1119 3538 humi
1149 3475 1435 3553 deﬁxum,
1491 3495 1693 3541 coram
1743 3474 2026 3540 omnibus

376 3564 675 3646 apparuit.

378 3655 681 3735 ὀφθαλμοὺς
716 3655 864 3736 ἔχων
894 3660 969 3721 ὡς
999 3665 1099 3736 πῦρ
1142 3658 1416 3738 ἀφιέντας,
1449 3659 1548 3727 τὴν
1585 3657 1639 3715 δὲ
1675 3658 1912 3739 κεφαλὴν
1956 3668 2024 3738 τῇ

456 3743 556 3807 Vl.
584 3743 713 3819 Cui,
739 3745 840 3825 qui
859 3755 1137 3825 precatus
1161 3747 1379 3827 fuerat,
1398 3746 1507 3809 Dei
1529 3766 1738 3810 servus
1763 3749 2024 3826 :Dic,in-

382 3835 532 3917 quit,
562 3834 952 3909 exsecranda,
990 3835 1124 3916 quis
1148 3844 1204 3897 te
1239 3834 1430 3897 misit?
1461 3835 1605 3910 Quis
1628 3837 1927 3917 permisit,
1961 3846 2025 3901 ut

375 3926 532 3987 hanc
555 3923 871 3987 invaderes
892 3925 1400 3988 adolescentulam
1415 3926 1446 3986 ?
1466 3934 1525 3988 et
1554 3927 1854 4007 quomodo
1887 3947 2021 3990 cum

374 4016 460 4076 sis
494 4014 883 4096 talis,nempe
907 4014 1266 4077 tenebrosus
1290 4023 1347 4077 et
1367 4014 1787 4090 imbecillus,et
1810 4016 2024 4098 plenus

383 4104 544 4166 omni
578 4102 798 4185 probro
850 4113 909 4166 et
950 4103 1193 4186 decore,
1224 4105 1376 4167 adeo
1423 4105 1612 4168 audes
1655 4106 2026 4189 contemptui

376 4197 592 4254 habere
613 4202 670 4253 et
690 4198 1073 4270 vexare,quod
1099 4198 1315 4255 factum
1349 4207 1434 4255 est
1457 4199 1527 4255 ad
1554 4200 1653 4256 Dei
1680 4199 2027 4271 imaginem?

377 4281 619 4346 Daemon
667 4290 866 4344 autem
898 4283 1295 4363 respondens,
1330 4282 1548 4360 Mittor,
1576 4286 1788 4366 inquit,
1825 4304 1858 4347 a
1891 4303 2025 4352 meo

379 4381 575 4453 patre.
613 4371 860 4435 Dicebat
881 4390 1021 4435 vero
1054 4391 1188 4435 esse
1211 4373 1326 4435 sibi
1351 4383 1605 4456 patrem,
1640 4384 1944 4439 auctorem
1968 4385 2028 4438 et

2118 1873 2226 1922 τῶν
2284 1867 2499 1943 ἡμερῶν
2535 1864 2883 1944 προθεσμίαν
2941 1863 3036 1920 ἵνα
3074 1862 3128 1920 δὲ
3169 1866 3257 1920 καὶ
3315 1865 3532 1940 μείζονα
3561 1861 3635 1937 δῷ
3691 1871 3771 1939 τῷ

2119 1955 2392 2035 πράγματι
2424 1957 2628 2028 πίστιν,
2666 1955 2821 2011 αὐτὸν
2853 1952 3065 2011 ἐκεῖνον
3097 1954 3186 2009 τὸν
3216 1952 3442 2029 δαίμονα
3470 1954 3657 2010 (θεατὸν
3686 1975 3770 2031 γε-

2121 2045 2295 2101 νέσθαι
2320 2044 2575 2125 Τρύφωνα
2609 2043 2780 2124 ἠξίου,
2806 2045 2892 2099 καὶ
2913 2045 3034 2122 περὶ
3054 2046 3129 2100 ὧν
3159 2042 3521 2122 ἀνερωτηθείη
3543 2043 3621 2117 μὴ
3644 2064 3771 2120 συγ-

2120 2134 2379 2209 καλύψαι,
2413 2133 2532 2189 ἀλλ’
2568 2135 2641 2197 εἷς
2673 2136 2784 2212 φὼς
2818 2135 3068 2212 ἀγαγεῖν.
3104 2132 3198 2190 Ἐν
3227 2131 3283 2197 ’ἐξ
3316 2139 3597 2211 τοιγαροὸν
3623 2130 3774 2207 ἡμέο

2120 2247 2234 2291 ραις
2270 2223 2486 2296 νηστείᾳ
2514 2224 2602 2279 καὶ
2634 2220 2813 2291 δεήσει
2846 2224 2912 2298 τῇ
2942 2224 3075 2301 πρὸς
3112 2223 3242 2279 Θεὸν
3275 2224 3303 2277 6
3336 2222 3553 2302 Τρύρων
3583 2222 3772 2278 ἑαυτὸν

2118 2310 2323 2383 ἐκδοὺς,
2358 2308 2462 2378 ἤδη
2517 2315 2617 2378 τῆς
2664 2307 2899 2385 ἐϐδόμης
2944 2309 3332 2389 ἑφισταμένης,
3391 2310 3627 2385 μείζονος
3669 2311 3772 2376 τῆς

2115 2400 2250 2457 κατὰ
2310 2398 2577 2475 δαιμόνων
2624 2399 2858 2466 ἐξουσίας
2918 2397 3116 2457 ἄνωθεν
3160 2399 3418 2465 ἂξιοῦται·
3472 2397 3620 2456 Ἐπεὶ
3674 2421 3777 2478 γαρ

2115 2490 2299 2548 ἐλύετο
2355 2491 2453 2565 μὲν
2510 2491 2570 2546 τὸ
2630 2491 2730 2556 τῆς
2778 2490 2962 2554 νυκτὸς
3015 2489 3233 2563 σιότος,
3265 2487 3424 2556 ἥλιος
3475 2487 3527 2544 δὲ
3590 2486 3773 2564 βαλὼν

2114 2582 2296 2637 ἀκτῖσι
2341 2578 2440 2647 τὴν
2484 2585 2587 2657 γῆν
2631 2578 2846 2659 φαιδρὸν
2894 2578 3122 2654 ἐμειδία,
3157 2584 3329 2655 πορῆν
3374 2579 3473 2654 μὲν
3526 2581 3555 2634 6
3604 2579 3769 2655 βασι-

2114 2670 2253 2745 λεὺς,
2284 2674 2461 2748 παρῆν
2493 2668 2549 2725 δὲ
2579 2673 2667 2726 καὶ
2696 2675 2802 2727 πᾶν
2836 2668 2961 2727 ὅσον
2998 2667 3341 2748 δτρυφορικὸν
3386 2669 3476 2725 καὶ
3503 2669 3770 2746 ὑπήκοον,

2114 2759 2373 2837 μετέωροι
2427 2760 2519 2824 τὰς
2554 2760 2737 2839 ψυχὰς
2789 2758 2983 2823 πάντες
3018 2761 3149 2837 πρὸς
3181 2759 3278 2826 τὴν
3334 2780 3627 2825 καινοτητα
3676 2765 3767 2815 τοῦ

2116 2850 2499 2929 γενησομένου.
2534 2852 2596 2907 Ὀ
2647 2850 2746 2921 μὲν
2791 2853 2937 2914 θεῖος
2987 2850 3204 2929 Τρύφων
3250 2848 3402 2928 ἁγίου
3445 2849 3754 2922 Πνεύματος

2114 2940 2330 3019 πλήρης
2360 2940 2459 3014 ὢν,
2494 2938 2608 3014 ἅμα
2638 2936 2694 2995 δὲ
2726 2942 2812 2996 καὶ
2856 2942 2918 2996 τὸ
2950 2939 3247 3013 ἀκάθαρτον
3291 2947 3502 3012 πνεῦμα
3528 2936 3769 3012 ὄμμασιν

2113 3032 2356 3096 ἀθεάτοις
2391 3029 2486 3086 οἶα
2512 3029 2909 3107 παριστάμενον
2941 3028 3084 3103 αὐτῷ
3106 3030 3369 3109 καθορῶν,
3389 3026 3770 3103 μετεστείλατο

2113 3120 2212 3198 γὰρ
2251 3121 2341 3176 καὶ
2395 3117 2591 3179 ἄκοντα
2634 3117 2823 3191 πάλιν,
2856 3119 3037 3195 ὥσπερ
3080 3117 3269 3184 ἐξωθεῖ
3326 3118 3412 3174 καὶ
3444 3118 3523 3191 μὴ
3568 3114 3773 3192 βουλό-

2113 3227 2297 3285 μενον·
2335 3209 2426 3264 Σοὶ
2456 3205 2625 3284 λέγω,
2651 3208 2837 3289 φησὶν,
2866 3206 2921 3263 ἐν
2943 3214 3018 3282 τῷ
3049 3207 3273 3282 ὀνόματι
3307 3204 3483 3273 Ἰησοῦ
3513 3211 3769 3283 Χριστοῦ,

2112 3299 2372 3377 ἐμφάνηθι
2404 3310 2525 3364 τοῖς
2556 3307 2813 3377 παροῦσιν
2858 3298 2955 3355 καί
2983 3298 3086 3365 τὴν
3117 3296 3508 3377 ἀσχημοσύνην
3538 3296 3634 3362 τὴν
3670 3295 3771 3362 σὴν

2110 3385 2252 3467 ἄρτι,
2286 3389 2373 3444 καὶ
2401 3388 2500 3456 τὴν
2531 3386 2806 3444 ἀσθένειαν
2835 3385 3010 3458 δήλην
3040 3386 3281 3443 Αενέαθαι
3310 3391 3440 3442 πᾶσι
3471 3386 3560 3441 καὶ
3588 3406 3765 3442 κατα-

2107 3477 2248 3559 φανῆ
2292 3476 2725 3556 παρασκεύασον.
2759 3475 2923 3536 Οὔπω
2983 3476 3148 3556 πέρας
3177 3475 3338 3555 εἶχεν
3371 3476 3399 3531 ὁ
3459 3472 3648 3553 λόγος,
3675 3473 3772 3530 καὶ

2106 3568 2245 3625 κύων
2290 3569 2464 3645 ὼρᾶτο
2496 3563 2693 3647 σφόδρα
2750 3564 3015 3645 δυσειδὴς,
3048 3566 3110 3622 τὸ
3161 3567 3361 3645 χρῶμα
3394 3561 3589 3642 μελας,
3635 3563 3760 3627 τοὺς

2068 3664 2139 3739 γῇ
2168 3658 2493 3733 καθήμενος.

2185 3748 2243 3821 ς’
2251 3745 2268 3774 ¹
2283 3792 2294 3806 ,
2367 3756 2410 3826 ῼ
2454 3746 2714 3826 προσχὼν
2765 3747 2791 3802 6
2837 3745 3078 3824 Τρύφων·
3126 3754 3260 3823 Τεγε
3306 3766 3424 3821 in",
3460 3743 3646 3824 Ῡησὶνυ
3680 3743 3757 3808 τίς

2105 3840 2134 3895 ὁ
2172 3835 2390 3912 πέμψας
2438 3852 2541 3911 ac;
2589 3836 2675 3900 Τίς
2719 3837 2746 3892 ὁ
2797 3834 2894 3904 τῆς
2932 3832 3162 3899 νεάνιδος
3221 3834 3417 3901 ταύτης
3463 3832 3755 3911 ἐπιτρέψας

2106 3923 2474 4004 ἐπιδραμιϊνς
2519 3926 2607 3982 καὶ
2665 3930 2782 3989 πῶς
2843 3926 3014 3999 τούτῷ
3056 3931 3201 4005 ζόφῳ
3258 3923 3493 4004 κάτοχος
3538 3922 3613 3978 ὦν
3666 3923 3759 3978 καὶ

2105 4019 2205 4084 τὴν
2252 4013 2471 4089 δύναμιν
2528 4015 2753 4081 ἀσθενὴς
2809 4015 2906 4071 καί
2966 4013 3177 4089 ἄτιμος,
3240 4010 3466 4089 πλάσμα
3524 4018 3657 4069 Θεοῦ
3698 4012 3758 4068 τὸ

2108 4106 2286 4181 τίμιον
2325 4106 2410 4160 καὶ
2452 4104 2574 4161 κατ’
2630 4104 2807 4161 εἰκόνα
2850 4103 2949 4171 τὴν
2990 4107 3149 4163 αὐτοῦ
3191 4102 3502 4180 γενόμενον,
3537 4100 3758 4176 ἀτιμοῦν

2110 4196 2249 4253 οὕτω
2309 4196 2391 4252 ιιαὶ
2432 4193 2862 4270 διαλυμαίνεσθαι
2913 4192 2975 4250 σὺ
3019 4192 3276 4272 τολμᾷςς
3339 4183 3398 4251 Ὀ
3444 4189 3502 4248 δὲ
3557 4187 3760 4266 δαίμων

2109 4284 2291 4365 ὥσπερ
2352 4282 2455 4341 ὑπό
2512 4305 2671 4340 τινων
2727 4281 2902 4359 βελῶν
2959 4280 3334 4358 πληττόμενος
3398 4286 3505 4338 τῶν
3559 4278 3760 4335 ἐκείνου

2110 4374 2287 4453 λόγων
2353 4374 2455 4431 ὂπὸ
2526 4372 2620 4430 τοῦ
2692 4372 2886 4429 οἰκείου
2955 4370 3054 4446 μέν
3126 4370 3454 4429 ἀπεστάλθαι
3527 4369 3755 4447 πατρὸς,

379 4478 625 4523 causam
649 4461 1077 4543 malorum,qui
1105 4462 1284 4524 etiam
1306 4462 1643 4544 appellatur
1658 4462 1930 4541 Satan,et
1949 4463 2022 4526 ab

2117 4465 2254 4522 εἶναι
2307 4460 2361 4519 δὲ
2392 4462 2551 4520 αὐτοῦ
2581 4463 2673 4519 τὸν
2704 4461 2909 4541 πατέρα
2964 4462 3055 4517 τὸν
3087 4459 3263 4518 αἴτιον
3294 4467 3400 4517 τῶν
3460 4463 3666 4530 κακῶν,
3701 4456 3759 4521 ὃς

372 4567 446 4611 eo
470 4549 705 4629 jussum
733 4568 865 4611 esse
888 4550 1041 4612 hanc
1069 4550 1325 4632 puellam
1349 4551 2021 4634 torquere.thua=.nam

374 4647 468 4700 est
492 4638 544 4699 ei
570 4647 857 4719 potestas,
885 4658 1097 4702 rursus
1118 4641 1262 4702 dicit
1285 4638 1567 4722 Tryphon
1604 4660 1616 4704 :
1647 4641 2019 4719 malitiae,in-

376 4733 834 4806 quam,principl
859 4733 1132 4792 adversus
1154 4733 1517 4806 ﬁgmentum,
1541 4736 1695 4809 quod
1722 4737 2022 4796 constituit

376 4817 764 4899 omnipotens
793 4816 1031 4880 bonitas
1053 4826 1114 4880 et
1146 4820 1360 4881 muniit
1382 4831 1587 4883 sancto
1618 4822 1839 4903 Spiritu
1859 4829 1887 4886 ?
1916 4821 2023 4885 Ille

375 4915 574 4969 autem
598 4909 1032 4990 canis,etiamsi
1061 4909 1274 4984 nollet,
1301 4909 1502 4973 divina
1535 4920 1733 4973 tamen
1766 4914 2020 4993 quadam

380 4998 733 5078 operatione
764 5015 905 5060 vera
942 4999 1254 5080 respondit
1285 4998 1564 5063 omnibus
1592 5000 1979 5065 audientibus
2006 5025 2019 5064 :

382 5085 501 5146 Nos
524 5087 744 5146 nullam
770 5088 1053 5147 habemus
1082 5096 1420 5161 potestatem
1446 5093 1503 5147 in
1536 5114 1537 5121 ι
1564 5106 1628 5149 os
1649 5094 1748 5163 qui
1780 5102 1915 5151 sunt
1944 5093 2025 5164 pii

368 5172 432 5234 in
464 5172 653 5234 Deum
686 5174 1187 5253 omnipotentem,
1218 5173 1365 5236 etin
1397 5175 1528 5256 ejus
1551 5174 1881 5254 Christum,
1917 5195 2025 5259 pro

372 5278 494 5335 quo
518 5264 726 5322 Petrus
741 5274 797 5323 et
819 5262 1035 5323 Paulus
1060 5265 1155 5322 hic
1176 5266 1519 5338 praclarum
1537 5282 1853 5340 suscepere
1877 5283 2029 5327 mar-

376 5348 748 5429 tyrium.Eos
770 5368 909 5412 vero
933 5359 1281 5413 reverentes
1308 5351 1677 5433 fugeremus,
1697 5353 1811 5415 nisi
1846 5353 2020 5416 nobis

370 5448 531 5499 esset
553 5440 909 5520 permissum
936 5441 1117 5503 alicui
1147 5441 1524 5504 extrinsecus
1546 5442 1733 5505 levem
1758 5443 2017 5524 aliquam

370 5530 582 5589 aﬂerro
606 5533 1067 5591 tentationemln
1093 5547 1192 5592 eos
1207 5544 1399 5594 autem
1415 5536 1655 5594 omnino
1679 5537 1830 5596 vires
1851 5537 2022 5596 nobis

371 5615 596 5695 vigent,
632 5626 690 5679 et
720 5615 781 5680 in
815 5635 918 5679 eos
968 5619 1340 5700 tyrannidem
1371 5618 1739 5700 obtinemus,
1774 5623 1878 5705 qui
1908 5641 2020 5686 suo

2103 4556 2194 4612 καὶ
2224 4553 2398 4609 Σατόιν
2442 4552 2890 4631 προσηγόρευται·
2925 4548 3052 4628 παρ’
3113 4549 3273 4608 αὐτοῦ
3315 4548 3411 4607 καῖ
3442 4549 3543 4617 τὴν
3583 4544 3757 4604 παῖδα

2104 4644 2330 4722 ταύτην,
2381 4640 2588 4721 ἔλεγεν,
2624 4639 3018 4721 ἐπιτέτραμμαι
3079 4640 3387 4717 βασανίσαι,
3426 4638 3557 4695 Ποία
3610 4634 3688 4711 δέ,
3727 4638 3754 4691 ὸ

2105 4733 2345 4813 Τρύφων,
2381 4729 2608 4805 ἐξουσία,
2643 4731 2795 4810 φησὶ,
2849 4728 3191 4813 τῷιᾶρχοντι
3245 4733 3346 4796 τῆς
3392 4730 3577 4790 κακίας
3617 4724 3758 4783 κατὰ

2104 4810 2199 4880 τοῦ
2224 4810 2558 4896 *πλάσματος
2587 4826 2680 4876 τοῦ
2733 4826 2905 4899 Θεοῦς
2943 4810 3000 4877 Ὀ
3045 4816 3101 4874 δὲ
3145 4817 3283 4876 κύων
3316 4816 3548 4885 ἐκεῖνος,
3581 4816 3756 4870 καίτοι

2105 4913 2256 4990 φύσει
2312 4908 2638 4991 φιλοψευδὴς
2684 4909 2783 4986 ὢν,
2815 4911 3129 4967 συνωθεῖτᾶι
3163 4909 3248 4964 καὶ
3309 4906 3387 4984 μὴ
3430 4904 3757 4984 βουλόμενος

2106 5006 2238 5082 πρός
2298 4999 2551 5070 ἀλήθειαν
2582 5000 2671 5056 καὶ
2714 4999 2995 5078 ἀκρύπτειν
3028 4996 3182 5066 ἤθελε
3228 4998 3319 5053 καὶ
3346 4998 3419 5058 ὡς
3478 4991 3757 5072 ἀπόρρητα

2110 5103 2416 5170 συντηρεῖν,
2462 5095 2627 5146 ταῦτα
2687 5090 2775 5146 καὶ
2838 5087 2981 5145 ἄκων
3042 5087 3129 5144 ἐπὶ
3186 5087 3403 5143 πάντων
3464 5082 3753 5161 ὁμολογεῐο

2111 5174 2305 5260 Ἠμῖο,
2340 5180 2529 5253 εἰπὼν,
2563 5176 2680 5236 οὒδὲ
2735 5179 2831 5253 μία
2880 5179 2960 5240 τίς
3010 5177 3155 5232 ἐστιν
3211 5174 3417 5241 ἐξουσία
3458 5174 3595 5231 κατὰ
3648 5179 3761 5229 τῶν

2110 5268 2489 5344 εὐσεϐούντων,
2522 5266 2607 5333 εἴς
2665 5288 2726 5346 γε
2757 5266 2848 5325 σὸν
2895 5265 3301 5346 παντοκράτορα
3359 5264 3491 5320 Θεὸν
3527 5262 3614 5319 καὶ
3661 5262 3763 5318 τὸν

2109 5362 2266 5419 αὐτοῦ
2325 5360 2443 5415 Υἱὸν
2488 5358 2581 5414 τὸν
2640 5358 2888 5435 Χριστὸν,
2923 5356 2982 5411 ὃν
3015 5354 3211 5433 Πέτρος
3272 5354 3361 5409 καὶ
3393 5350 3600 5415 Παῦλος
3656 5348 3755 5406 ὲν-

2102 5449 2267 5507 ταῦθα
2322 5446 2585 5525 λαμπρῶς
2635 5445 2916 5519 ἐκήρυξαν,
2964 5444 3085 5501 ἀλλ’
3128 5444 3601 5512 ὑποπτήσσοντεσς
3658 5440 3766 5497 αὗ-

2104 5541 2223 5605 τοὺς
2282 5536 2662 5618 διαφεύγομεν,
2696 5537 2740 5592 εί
2783 5536 2862 5610 μή
2921 5557 3041 5592 τινα
3096 5545 3287 5612 πεῖραν
3320 5529 3506 5598 ἔξωθεν
3564 5532 3764 5596 αὐτοῖς

2105 5629 2403 5708 ἐπαγαγεῖν
2476 5626 2930 5706 προτραπείημεν·
3003 5623 3140 5680 κατὰ
3211 5622 3413 5679 τούτων
3484 5618 3539 5677 δὲ
3616 5620 3762 5696 μετᾶ
