4060 6206
305 323 458 392 1317

1564 322 1754 388 VITA
1798 318 1862 383 S.
1910 321 2378 387 TRYPHONIS.

3513 319 3667 391 1318

291 460 470 526 πάσης
527 457 761 524 ἔξουσίας
849 466 1171 536 κρατοῦμεν,
1257 465 1364 514 τῶν
1425 458 1671 537 προθέσει
1745 462 1925 537 ψυχῆς

2016 456 2201 518 animi
2234 456 2540 537 proposito
2574 463 2880 520 sectantur
2920 475 3122 539 opera,
3158 476 3289 540 quae
3320 440 3463 522 sunt
3490 458 3664 523 nobis

294 562 414 615 τοῖς
472 551 610 624 ἡμῖν
669 548 842 629 φίλοις
915 547 1316 626 προσκειμένων
1374 547 1550 627 ἔργοις
1613 547 1765 603 ὰτινα
1810 570 1945 626 προι

296 636 622 716 ηγουμένως
666 639 819 712 εἰσὶν,
853 635 1284 714 εἰδωλολατρεία,
1317 636 1659 717 βλασφημία,
1693 640 1935 717 μοιχεία,

294 727 619 808 φαρμακεία,
669 728 848 807 φόνοι,
908 728 1112 807 φθόνοι,
1161 727 1516 807 ὑπερηφανίαι
1550 746 1566 762 ⁸
1620 724 1709 781 διὰ
1737 730 1938 783 τούτων

298 816 395 894 γὰρ
452 817 548 872 καί
602 823 708 873 τῶν
767 816 1020 872 τοιούτων
1081 816 1128 871 οἱ
1188 815 1455 893 ἅνθρωποι
1515 816 1605 871 καὶ
1670 817 1765 871 τοῦ
1809 822 1940 871 Θεοῦ

292 903 613 983 αὐθαιρέτως
698 904 1099 983 ἀλλοτριοῦνται
1191 906 1275 962 καὶ
1358 907 1497 979 ἡμῖν
1555 905 1934 967 συνάπτονται.

292 998 503 1051 Τούτων
544 994 637 1053 ὑπ’
670 996 828 1051 αθ)τοῦ
870 993 1239 1069 λαλουμένων,
1292 995 1451 1053 αὐτόν
1504 1017 1563 1050 τε
1593 994 1937 1071 τὸνβασιλέα

290 1087 377 1140 καὶ
433 1085 556 1149 τοὺς
618 1084 883 1162 παρόντας
946 1085 1084 1160 μετὰ
1158 1092 1250 1142 τοῦ
1322 1085 1611 1161 θαυμάζειν
1671 1086 1759 1140 καὶ
1818 1083 1937 1147 δέος

292 1174 486 1250 εἰσῄει,
567 1176 658 1231 καὶ
713 1174 903 1232 πολλοὶ
961 1175 1062 1248 μὲν
1141 1182 1248 1231 τῶν
1305 1175 1548 1232 ἀπίστων
1620 1174 1934 1231 ἐπίστευσαν

292 1264 441 1329 εὐθὺς
474 1283 550 1339 τῳ
595 1271 830 1345 Χριστῷ,
864 1276 985 1327 τοῖς
1035 1262 1090 1319 δὲ
1134 1276 1355 1330 πιστοῖς
1384 1262 1669 1341 βεϐαίωσις
1705 1263 1782 1320 ἔτι
1813 1264 1934 1333 περὶ

292 1353 392 1420 τὴν
451 1357 628 1411 πίστιν
671 1354 731 1411 ἐκ
796 1360 896 1422 τῆς
953 1353 1047 1412 τοῦ
1098 1352 1296 1434 ἔχθροῦ
1339 1353 1557 1432 γέγονεν
1617 1354 1929 1432 μαρτυρίας,

289 1443 351 1499 τὸ
408 1442 591 1518 μέντοι
663 1445 900 1523 πονηρὸν
978 1442 1255 1520 δαιμόνιον
1336 1443 1655 1520 ἐπιτιμηθὲν
1736 1444 1933 1524 ἀφανὲς

290 1554 472 1611 ῳχετο
485 1579 497 1593 .

2023 556 2212 625 grata.
2240 545 2489 608 Maxime
2512 564 2655 608 vero
2674 554 2842 627 grata
2864 546 3039 610 nobis
3061 566 3244 628 opera
3273 558 3437 625 sunt,
3465 550 3665 615 cultus

2022 635 2508 711 simulacrorum,
2559 634 2960 715 blasphemia,
3010 637 3402 714 adulterium,
3434 641 3663 702 veneﬁ-

2022 723 3666 811 cium,invidia,caades.superbia.Perhmcenim.etquae
3777 735 3781 740 ’
3868 730 3871 735 ’
3938 732 3943 741 “

2023 832 2093 876 ea
2114 816 2873 895 consequuntur,homines
2901 835 3011 880 sua
3032 825 3250 897 sponte
3271 818 3445 880 nobis
3468 820 3667 882 eﬂecti

2020 903 2492 971 familiares.suis
2514 905 2688 968 factis
2712 916 2989 988 tanquam
3009 907 3662 989 laqueisimplicantur:

2021 994 2176 1055 etab
2200 996 2332 1075 ejus
2354 994 2740 1073 quidem,qui
2765 997 2930 1076 ipsos
2954 997 3464 1071 fecit,alienantur
3486 997 3663 1060 boni-

2022 1090 2164 1158 tate,
2201 1084 2605 1164 illaqueantur
2652 1094 2847 1147 autem
2887 1086 3109 1147 nostris
3143 1086 3481 1152 maleﬁciis.
3515 1085 3666 1151 Cum

2022 1174 2154 1236 haec
2174 1172 2248 1235 ab
2283 1192 2355 1235 eo
2387 1174 3096 1255 dicerentur,imperator
3117 1184 3176 1237 et
3199 1194 3413 1238 omnes
3431 1176 3534 1257 qui
3553 1175 3663 1238 ad-

2019 1263 2315 1337 erant,bis
2335 1263 2583 1339 auditis,
2616 1264 2833 1345 repleti
2855 1270 2998 1327 sunt
3023 1266 3274 1327 horrore
3304 1274 3361 1327 et
3396 1265 3664 1327 admira-

2017 1351 2284 1414 tioneEt
2306 1352 2480 1414 multi
2502 1352 2747 1434 quidem
2771 1372 2843 1416 ex
2865 1351 3235 1426 inﬁdelibus,
3263 1353 3502 1417 Christo
3534 1361 3661 1416 sta-

2017 1442 2122 1503 tim
2148 1441 2564 1505 crediderunt:
2589 1443 2803 1506 ﬁdeles
2822 1452 3021 1506 autem
3047 1442 3295 1505 stabiliti
3319 1451 3377 1504 et
3403 1443 3667 1506 testimo«

2018 1531 2117 1592 nio
2148 1530 2380 1593 inimici
2415 1533 2601 1610 magis
2631 1532 3152 1611 conﬁrmati,Regi
3184 1532 3388 1611 gloriae
3419 1532 3662 1595 laudem

291 1622 627 1685 emiserunt
676 1631 737 1686 et
766 1620 1043 1703 gloriam.
1094 1624 1449 1703 Increpatus
1477 1639 1618 1685 vero
1667 1622 1771 1685 ille
1823 1619 2172 1684 immundus
2203 1628 2264 1683 et
2320 1621 2652 1685 sceleratus
2683 1622 2941 1700 daemon,
2980 1623 3258 1704 protinus
3303 1622 3546 1685 evanuit
3592 1640 3665 1686 ex

291 1712 507 1777 oculis.

368 1803 426 1859 Z'
440 1853 453 1866 .
492 1796 550 1863 Ὀ
609 1802 664 1860 δὲ
723 1807 933 1882 Καῖσαρ
989 1804 1268 1878 θαυμάσας
1298 1805 1390 1859 τὸν
1422 1801 1585 1881 ἄνδρα
1615 1805 1714 1870 τῆς
1747 1802 1925 1858 τοιαύ-

2095 1798 2424 1865 VII.Caesar
2441 1801 2785 1878 autem,boc
2808 1799 3107 1864 beneﬁcio
3125 1802 3467 1875 alfectus,et
3489 1802 3658 1867 valde

288 1916 389 1961 της
420 1895 558 1951 κατὰ
586 1892 854 1970 δαιμόνων
883 1893 1100 1973 ἰσχύος,
1134 1906 1324 1966 τιμαῖς
1355 1914 1436 1967 τε,
1469 1894 1544 1957 ὡς
1602 1896 1800 1973 ἔχρῆν,
1844 1893 1933 1948 καὶ

288 1981 528 2047 πολλαῖς
586 1983 864 2061 θεραπεύει
942 1996 1067 2048 ταῖς
1125 1982 1376 2062 δωρεαῖς.
1448 1984 1506 2039 Εἰ
1568 1983 1669 2059 γὰρ
1726 1983 1814 2038 καὶ
1875 1983 1934 2038 τὸ

287 2071 447 2138 σέϐας
502 2071 754 2152 διάφορος
785 2073 875 2152 ἧν,
906 2070 1028 2128 ἀλλ’
1062 2073 1094 2139 ἢ
1129 2072 1293 2151 ἀρετή
1350 2078 1510 2129 πᾶσιν
1554 2073 1752 2147 ὁμοίως
1786 2070 1930 2127 αἱδὲ-

290 2183 468 2237 τιμος,
529 2161 765 2218 ’Ἔπειτα
821 2162 909 2218 καὶ
987 2161 1123 2236 μετὰ
1183 2161 1561 2233 προσηκούσης
1620 2160 1777 2217 αὒτὸν
1834 2160 1934 2227 τῆς

283 2251 569 2329 θεραπείας
610 2248 797 2307 οἴκαδε
858 2249 1229 2327 παραπέμπει,
1263 2250 1403 2308 ”Οσα
1434 2250 1616 2325 μέντοι
1650 2251 1781 2328 πρὸς
1828 2250 1932 2325 βα-

290 2341 484 2405 σιλέως
546 2342 690 2414 αὖτῷ
746 2339 1017 2419 ἐδωρήθη,
1078 2352 1270 2419 χεῖρες
1331 2341 1476 2405 εὐθὺς
1533 2341 1780 2409 πενήτων
1837 2340 1936 2394 ἀνὰ

287 2432 389 2498 τὴν
432 2428 552 2487 ὁδὸν
601 2431 764 2510 εῒχον
801 2445 815 2461 ⁸
873 2429 1031 2492 αὐτὸς
1075 2431 1131 2485 δὲ
1175 2427 1322 2487 οἴκοι
1370 2429 1683 2508 γενὸμενος,
1728 2428 1834 2485 τῶν
1877 2451 1934 2485 τε

287 2522 529 2592 συνήθων
582 2525 679 2585 τῆς
737 2521 967 2582 πίστεως
1029 2519 1222 2599 εἴχετο
1283 2518 1477 2599 ἔργων,
1525 2518 1738 2596 ὁδηγῶν
1796 2520 1926 2590 πρὸς

284 2610 545 2681 ἀλήθειαν
600 2611 722 2672 τοὺς
782 2609 1254 2684 πεπλανημένους,
1317 2612 1407 2666 καὶ
1470 2612 1599 2680 πρὸς
1663 2609 1762 2675 τὴν
1822 2610 1926 2663 τῶν

282 2706 461 2765 κακῶς
504 2700 827 2779 πασχόντωδ
881 2698 1202 2773 ἐπιμέλειαν
1253 2699 1444 2755 ἑαυτὸν
1473 2696 1661 2758 ἐδίδου.
1698 2696 1927 2775 Γορδιαν

283 2800 377 2848 νου
432 2788 490 2846 δὲ
547 2789 990 2869 τελευτήσαντος,
1036 2790 1110 2851 είς
1160 2788 1430 2844 Φίλιππον
1485 2788 1578 2843 τὸν
1627 2785 1819 2855 εὐσεϐῆ
1862 2788 1927 2843 τὰ

279 2880 378 2948 τῆς
435 2877 707 2955 βασιλείας
789 2875 1097 2952 μεταϐαίνει
1180 2883 1431 2955 σκῆπτρα
1461 2898 1474 2912 ’
1565 2877 1813 2933 κάκείνου
1874 2876 1929 2932 δὲ

2018 1909 2080 1951 ea
2108 1894 2588 1962 admiratus,cum
2614 1894 2885 1966 plurimis
2908 1895 3080 1952 donis
3102 1907 3154 1953 et
3179 1896 3503 1954 honoribus
3524 1897 3667 1955 bea-

2016 1988 2139 2042 tum
2170 1981 2552 2061 Tryphonem
2584 1988 2743 2043 esset
2798 1989 3175 2061 prosecutus,
3233 1998 3378 2043 cura
3408 1999 3662 2045 suorum

2020 2072 2434 2152 praefectorum
2467 2089 2605 2133 eum
2628 2071 2752 2133 suis
2775 2072 3265 2152 restituit.Atque
3288 2088 3660 2153 quaecunque

2017 2159 2262 2241 quidem
2297 2177 2369 2221 ex
2399 2161 2494 2222 his
2517 2160 2590 2221 ad
2617 2179 2758 2223 eum
2781 2160 3119 2235 redierunt,
3156 2163 3216 2223 in
3243 2161 3332 2223 via
3357 2160 3660 2224 distribuit

2019 2250 2386 2332 pauperibus
2413 2251 2576 2331 :ipse
2601 2268 2738 2313 vero
2763 2269 2897 2312 cum
2924 2251 3166 2313 domum
3197 2252 3480 2327 venisset,
3504 2270 3657 2314 con-

2017 2348 2186 2403 sueta
2215 2340 2356 2402 ﬁdei
2378 2358 2642 2421 sequens
2664 2352 2938 2421 opera,et
2959 2359 3174 2402 vacans
3204 2340 3499 2404 beneﬁcio
3519 2341 3661 2417 afﬁ-t'

2018 2429 2253 2493 ciendis
2282 2430 2376 2507 iis,
2441 2429 2540 2510 qui
2594 2429 2967 2503 laborabant,
3004 2438 3265 2492 erectam
3298 2430 3496 2494 solum
3544 2432 3655 2494 ha-

2013 2518 2193 2581 bebat
2223 2528 2484 2580 mentem
2517 2519 2591 2581 ad
2652 2519 2917 2581 bravium
2969 2536 3256 2599 superum
3303 2520 3651 2586 vocationis.

2012 2610 2159 2673 Cum
2190 2616 2388 2671 autem
2422 2608 2787 2672 decessisset
2828 2608 3186 2685 Gordianus,
3223 2608 3656 2692 Philippusque

2009 2699 2100 2760 vir
2123 2698 2255 2779 pius
2277 2699 2331 2760 ei
2358 2699 2751 2761 successisset
2772 2699 2833 2759 in
2857 2698 3137 2778 imperio,
3162 2708 3223 2760 et
3252 2705 3379 2779 ipse
3410 2719 3651 2781 quoque

2013 2795 2130 2851 cito
2147 2788 2357 2850 fuisset
2382 2789 2730 2850 interfectus
2756 2789 2818 2849 in
2842 2788 2999 2849 bello
3025 2789 3309 2851 adversus
3331 2788 3653 2873 Troglody-

2015 2889 2126 2960 tas,
2158 2878 2378 2940 Decius
2411 2894 2544 2957 post
2573 2897 2710 2940 eum
2755 2879 3154 2952 renuntiatur,
3178 2879 3269 2940 vir
3298 2879 3565 2943 crudelis
3594 2888 3654 2942 et

280 2974 473 3027 θᾶττον
529 2969 584 3024 ἐν
642 2967 869 3044 πολέμῳ
943 2974 1050 3025 τῶν
1118 2965 1499 3046 Τρογλοδυτῶν
1556 2966 1924 3044 ἀνῃρημένου,

2013 2969 2214 3031 animo
2244 2968 2592 3048 impudens,
2625 2976 2685 3030 et
2717 2968 2954 3031 fervens
2980 2968 3226 3049 quidem
3260 2968 3462 3032 furore
3492 2972 3656 3034 circa

283 3061 469 3122 Δέκιος
530 3059 652 3135 μετ’
730 3059 888 3115 αὐτὸν
963 3057 1346 3136 ἀναγορεύεται
1428 3057 1704 3138 βασιλεὺς,
1778 3057 1925 3131 ὠμὸς

2012 3056 2531 3133 simulacra,rabie
2553 3066 2754 3120 autem
2778 3058 3144 3121 intolerabili
3168 3059 3242 3120 ab
3276 3058 3654 3124 inhabitante

280 3149 438 3229 ἀνὴρ,
473 3146 697 3216 ἀναιδὴς
729 3146 910 3227 ψυχῇ,
957 3146 1154 3222 α’ίμασι
1210 3156 1299 3205 καί
1348 3160 1585 3225 σφαγαῖς
1632 3149 1719 3203 καὶ
1750 3147 1925 3224 βασά-

2012 3153 2070 3208 in
2094 3155 2223 3222 ipso
2246 3152 2508 3209 daemone
2530 3160 2720 3210 metus
2741 3153 3018 3209 adversus
3041 3168 3141 3210 eos
3157 3155 3254 3223 qui
3272 3153 3652 3212 nolebanteis

279 3260 390 3303 νοις
450 3237 590 3300 ὅλως
646 3237 1147 3316 ἒνευφραινόμενος,
1209 3235 1344 3307 ζέων
1418 3237 1516 3311 μὲν
1561 3243 1629 3311 τῇ
1684 3238 1802 3314 περὶ
1859 3237 1924 3291 τὰ

281 3326 483 3383 εἴδωλα
522 3326 709 3402 μανίᾳ,
741 3324 888 3402 δεινῇ
918 3323 974 3381 δὲ
1004 3324 1168 3402 λύττῃ
1223 3332 1360 3381 κατα
1420 3330 1527 3381 τῶν
1592 3331 1923 3403 Χριστιανῶν

282 3420 496 3475 πάντων
539 3414 915 3491 κεκινημένος,
949 3417 1013 3472 τὸ
1043 3415 1142 3491 μὲν
1185 3414 1326 3472 ὅπλα
1368 3412 1489 3471 κατ’
1532 3414 1741 3492 ἐχθρῶν
1771 3414 1918 3493 ἆραι,

277 3506 413 3583 βέλη
444 3507 585 3586 φημὶ
640 3508 730 3562 καὶ
771 3503 969 3584 δόρατα
1023 3506 1109 3561 καὶ
1170 3505 1461 3584 ῥομφαίαν,
1497 3505 1687 3581 μικρὸν
1746 3503 1918 3581 ἡγού-

277 3616 438 3672 μενος
498 3595 676 3674 ἔργον,
744 3596 832 3652 καὶ
902 3601 1096 3674 μικρᾶς
1155 3593 1409 3668 δεόμενον
1465 3592 1561 3660 τῆς
1622 3590 1915 3672 φροντίδος,

274 3688 337 3744 τὸ
384 3683 439 3742 δὲ
484 3687 715 3766 τροχοὺς
759 3686 848 3741 καὶ
889 3682 1229 3747 καταπέλτας
1299 3681 1501 3763 ὄνυχάς
1559 3703 1616 3738 τε
1675 3679 1919 3760 σιδηροῦς

274 3778 364 3834 καὶ
432 3781 539 3833 πᾶν
608 3773 757 3839 εἶδος
812 3773 945 3837 ἄλλο
1002 3772 1375 3852 κολαστηρίων
1432 3772 1731 3847 ἑτοιμάζειν
1781 3773 1920 3828 κατὰ

273 3871 386 3922 τῶν
437 3862 794 3922 εὖσεϐούντων
836 3872 994 3922 τοῦτο
1039 3863 1178 3942 μέγα
1237 3862 1381 3919 εἶναι
1426 3863 1656 3936 νομίζων
1684 3863 1773 3919 καὶ
1811 3884 1915 3939 με-

273 3955 448 4036 γάλην
491 3959 637 4029 αὒτῷ
678 3955 991 4034 περιποιοῦν
1041 3955 1143 4021 τὴν
1174 3952 1447 4012 εὔκλειαν.
1483 3946 1581 4010 Ἦν
1614 3951 1703 4008 οὖν
1748 3950 1918 4018 δεινὸς

272 4045 396 4103 τότε
450 4046 586 4103 κατὰ
637 4047 969 4122 Χριστιανῶν
1028 4046 1055 4101 ὃ
1113 4044 1379 4118 πόλεμος,
1439 4044 1528 4100 καὶ
1578 4042 1756 4111 πολλὴ
1786 4065 1915 4100 συν-

272 4136 476 4215 έχουσα
522 4135 828 4211 σκοτομὲνη
883 4135 983 4202 τὴν
1040 4133 1384 4210 οἰκουμένην,
1451 4135 1549 4193 Καὶ
1606 4132 1692 4192 διὰ
1760 4141 1918 4191 τοῦτο

276 4230 454 4303 παρῆν
483 4227 607 4303 δρᾷν
633 4226 732 4292 τήν
761 4231 857 4282 τοῦ
886 4231 1021 4283 Θεοῦ
1050 4223 1251 4300 ἅλωνα,
1291 4223 1366 4286 ὥς
1428 4246 1530 4280 τινι
1588 4223 1739 4297 πτύῳ
1793 4221 1915 4282 δια-

274 4314 665 4393 καθαιρομένην
707 4315 797 4371 καὶ
852 4314 977 4377 τοὺς
1012 4314 1112 4389 μὲν
1171 4312 1363 4382 εὐσεϐῆ
1416 4314 1596 4370 πίστιν
1650 4311 1912 4379 ὁποδεξα-

2005 3238 2371 3301 sacriﬁcare.
2406 3239 2540 3301 Fuit
2566 3254 2707 3299 vero
2739 3237 2852 3299 hoc
2883 3255 3061 3315 grave
3107 3235 3338 3300 bellum
3367 3238 3653 3301 adversus

2006 3326 2544 3392 ChristianosNon
2576 3327 2738 3390 enim
2774 3325 3140 3408 parabantur
3170 3345 3340 3389 arma
3366 3329 3653 3391 adversus

2004 3418 2400 3497 alienigenas,
2433 3436 2554 3480 non
2584 3417 2704 3479 tela
2734 3425 2792 3478 et
2824 3417 3199 3494 lanceae,non
3222 3418 3572 3497 rbomphaea
3591 3426 3652 3481 et

2004 3508 2239 3585 gladius
2259 3505 2652 3570 vibrabantur
2668 3506 2954 3569 adversus
2976 3525 3082 3569 eos
3104 3507 3205 3587 qui
3224 3506 3520 3570 faciebant
3545 3507 3647 3570 in-

1996 3596 2243 3677 juriam:
2272 3596 2378 3657 sed
2402 3605 2550 3657 rotas
2572 3603 2629 3656 et
2652 3595 3352 3677 catapultzemnguesque
3373 3596 3557 3660 ferrei
3582 3606 3647 3664 et

2003 3691 2340 3761 pectines,et
2356 3702 2528 3746 omne
2552 3702 2737 3759 genus
2759 3686 3186 3759 suppliciorum
3204 3690 3654 3760 comparabatur

2003 3775 2287 3838 adversus
2316 3775 2694 3838 innocentes.
2725 3771 2920 3836 Unum
2952 3784 3151 3837 autem
3184 3774 3246 3836 in
3280 3793 3384 3837 eos
3415 3776 3651 3839 crimen

2003 3864 2681 3944 intendebatur,nempe
2704 3868 2763 3924 in
2786 3862 2977 3925 Deum
3004 3865 3468 3928 sanctitas.Cum
3503 3883 3644 3944 ergo

2003 3954 2126 4017 illic
2154 3955 2337 4016 multa
2359 3963 2706 4034 erumperet
2728 3953 3022 4026 confusio,
3061 3953 3297 4017 dicebat
3326 3973 3392 4015 se
3414 3954 3643 4029 videre,

2003 4046 2185 4107 veluti
2208 4044 2659 4126 quodam,quod
2685 4045 3087 4123 intelligentia
3108 4045 3649 4127 percipitur,venti-
3673 4047 3681 4055 ’

2002 4134 2172 4196 labro
2200 4135 2441 4216 purgari
2463 4152 2664 4197 aream
2698 4133 2957 4197 Domini.
2983 4135 3339 4215 Quicunque
3361 4134 3525 4197 enim
3551 4135 3644 4198 le-

1998 4224 2181 4287 vitate
2203 4226 2425 4287 mentis
2448 4233 2506 4287 et
2528 4224 2872 4289 Stramineis
2903 4225 3367 4304 cogitationibus
3395 4223 3645 4289 verbum

1999 4319 2135 4376 ﬁdei
2160 4319 2507 4377 videbantur
2527 4321 2877 4391 suscepisse,
2912 4321 2949 4376 ii
2975 4320 3222 4392 perinde
3250 4335 3316 4377 ac
3340 4321 3392 4377 vi
3439 4332 3645 4380 vento-

274 4401 490 4480 μένους,
551 4402 791 4470 ἀσθενεῖς
843 4402 899 4460 δὲ
955 4405 1078 4467 τοὺς
1134 4402 1425 4483 λογισμοὺς
1456 4403 1609 4470 ὄντας
1633 4406 1721 4461 καὶ
1766 4403 1913 4484 ἀχυ-

2010 4423 2130 4466 tum
2149 4403 2415 4466 ventilati
2441 4403 3377 4479 tentationibus,reservabantur
3394 4405 3515 4486 igni
3540 4407 3648 4488 qui

270 4493 481 4574 ρώδεις,
529 4494 632 4551 ὑπὸ
687 4500 786 4572 τῇς
857 4501 966 4552 τῶν
1021 4500 1335 4573 πειρασμῶν
1392 4495 1534 4571 βίας,
1578 4494 1764 4567 ὥσπερ
1813 4495 1912 4551 δπό

2010 4514 2119 4557 non
2138 4494 2679 4571 exstinguitur.Qui
2699 4505 2901 4557 autem
2923 4504 3089 4558 recta
3120 4496 3421 4559 sententia
3441 4505 3501 4559 et
3519 4499 3649 4560 ani-

271 4606 413 4646 τινος
443 4583 656 4660 ἀνέμων
708 4591 872 4664 φορᾶς
927 4583 1389 4664 ἔκριπιζομένους,
1447 4584 1583 4651 ὕλην
1638 4592 1714 4658 τῷ
1776 4586 1911 4641 αἰω-

2010 4603 2096 4647 mo
2116 4583 2320 4646 stabili
2346 4583 2737 4646 adhaerebant
2765 4585 3069 4665 veritati,ii
3094 4584 3342 4666 injuriis
3365 4596 3423 4648 et
3444 4586 3643 4651 afﬂic—

269 4673 365 4748 νίῳ
405 4671 534 4751 πυρῖ
601 4675 979 4753 συπηρεῖσθαι
1014 4689 1028 4706 ⁸
1103 4675 1217 4731 ὅσοι
1283 4672 1337 4730 δὲ
1395 4674 1618 4753 γνώμης
1671 4677 1913 4742 εὖθύτητι

2010 4674 2267 4736 tionibus
2305 4674 2680 4751 inﬂammati,
2714 4693 2850 4736 cum
2888 4693 3013 4737 sum
3054 4674 3194 4737 ﬁdei
3222 4675 3641 4755 probationem

269 4765 359 4821 καὶ
402 4767 590 4842 ψυχῆς
632 4765 992 4841 σταθηρότητι
1036 4768 1136 4832 τῆς
1180 4763 1432 4832 ἀληθείας
1461 4764 1907 4839 ἀντεποιήσαντο,

2010 4767 2119 4827 Deo
2151 4772 2212 4826 et
2241 4764 2589 4826 hominibus
2626 4764 3059 4840 ostendissent,
3090 4767 3148 4827 in
3178 4767 3393 4829 horrea
3419 4768 3644 4830 cmles-

272 4855 419 4911 οὗτοι
463 4854 714 4932 κρείττων
784 4854 1029 4933 ὀφθέντες
1101 4854 1209 4912 τῶν
1257 4859 1570 4929 πειρασμῶν
1614 4855 1704 4911 καὶ
1746 4854 1912 4935 μέχρι

2010 4856 2105 4930 tia,
2142 4863 2422 4935 tanquam
2458 4872 2673 4935 purum
2715 4854 3103 4930 frumentum,
3139 4856 3643 4924 recordabantur.

268 4942 451 5004 τέλους
519 4948 622 5019 τῇν
685 4941 975 5022 ὁμολογίαν
1046 4943 1391 5025 φυλάξαντες,
1454 4943 1551 5000 οἶά
1620 4964 1701 5009 τις
1772 4945 2143 5025 καθαρώτατος
2213 4950 2363 5010 οἶτος
2420 4946 2496 5008 εἷς
2568 4944 2661 5009 τοίς
2731 4947 2998 5025 οὐρανίους
3056 4946 3334 5012 ἀποθήκας
3389 4947 3644 5024 ἐταμιεύ-

265 5026 454 5092 θησον.

348 5115 443 5174 Η’.
508 5114 717 5173 ⁸τούτων
787 5112 928 5171 οὕτω
982 5112 1321 5190 τελουμένων
1381 5113 1470 5170 καὶ
1527 5119 1621 5171 τοῦ
1672 5112 1912 5194 διωγμοῦ

2076 5114 2380 5179 VIll.Cum
2401 5115 2529 5178 haec
2546 5116 2633 5176 sic
2656 5116 2962 5188 ﬁerent,et
2982 5115 3372 5178 vehementer
3399 5124 3643 5195 urgeret

266 5204 415 5280 μάλα
458 5202 698 5283 σφοδρῶς
759 5202 1119 5282 ἐπικειμένου,
1174 5203 1428 5291 ἀνάγεται
1482 5204 1601 5291 περὶ
1631 5202 1909 5285 Τρύφωνος

2010 5204 2640 5285 φονεεειιιὶο,(1θῐθι·ιιιι’
2668 5205 2948 5285 Tryphon
2970 5204 3045 5266 ad
3070 5204 3415 5291 przefectum
3430 5206 3644 5270 Orien-

263 5295 343 5367 τῷ
383 5292 481 5361 τῆς
526 5292 826 5359 Ἀνατολῆς
885 5291 1112 5373 ἐπάρχῳ
1173 5290 1480 5372 (Ἂκυλτνος
1535 5290 1704 5367 ὄνομα
1743 5296 1911 5367 τόύτῳ

266 5381 383 5460 ἦν),
439 5383 513 5446 ὡς
562 5381 698 5459 ἀνήρ
740 5404 823 5447 τις
873 5377 1148 5457 Ἀπαμεὺς
1184 5382 1246 5437 τὸ
1289 5381 1464 5461 γένος,
1528 5381 1628 5450 τὴν
1686 5384 1911 5460 γνώμην

267 5474 363 5529 οὐκ
394 5472 644 5551 ἀγεννὴς,
677 5473 740 5529 τὸ
769 5472 898 5540 ἦθος
953 5472 1050 5528 οὒκ
1091 5472 1348 5552 εὐχερὴς,
1403 5475 1523 5548 περί
1561 5470 1758 5551 λόγους
1817 5476 1914 5531 οὐκ

270 5559 510 5642 ἀμαθὴς,
537 5562 714 5640 ἰατρὸς
743 5561 846 5631 τὴν
904 5558 1131 5643 τέχνην,
1188 5560 1369 5639 πολλῇ
1430 5562 1563 5640 πρὸς
1593 5562 1713 5629 τοὺς
1745 5562 1911 5620 σεϐα-

271 5651 430 5713 στοὺς
485 5653 743 5728 ὑπεροψίᾳ
808 5656 1012 5734 χρῆται
1083 5653 1172 5711 καὶ
1247 5651 1556 5729 μυκτηρίζει
1621 5651 1719 5729 μὲν
1790 5653 1913 5717 τοὺς

1995 5285 2091 5360 tis.
2116 5295 2438 5377 Aquilinus
2461 5304 2661 5359 autem
2688 5302 2834 5357 tunc
2853 5293 3100 5373 gerebat
3125 5285 3395 5375 praefecti
3421 5296 3642 5374 magis-

1995 5389 2322 5449 tratum.Ad
2348 5403 2479 5447 eum
2504 5403 2646 5459 ergo
2668 5384 3109 5459 defertur,quod
3133 5387 3216 5444 vir
3240 5387 3476 5460 quidam
3491 5390 3645 5462 Apa—

1993 5476 2514 5554 meensis,genere
2548 5492 2669 5535 non
2699 5472 3009 5554 ignobilis,
3043 5472 3318 5536 doctrina
3340 5475 3638 5554 excultus,

1993 5572 2123 5626 arte
2156 5563 2452 5640 medicus,
2488 5570 2778 5643 augustos
2814 5561 2987 5625 valde
3016 5564 3365 5646 despicit,et
3395 5582 3644 5643 magnos

1995 5653 2238 5733 quidem
2276 5653 2422 5716 deos
2478 5652 2828 5728 subsannat,
2882 5650 3181 5717 Christum
3212 5662 3412 5718 autem
3447 5654 3641 5721 solum
