4060 6206
458 283 612 356 1319

454 519 690 589 piantur
717 534 743 573 a
769 515 1080 573 verborum
1107 515 1232 587 ejus
1256 515 1704 587 magniﬁcentia.
1731 516 1932 573 Statim
1958 529 2095 585 ergo

453 604 895 667 emisitlitteras
921 609 980 664 et
1011 601 1207 664 edicta
1239 621 1376 666 cum
1413 603 1592 668 minis
1637 600 2098 664 vehementibus

452 694 528 757 ad
545 694 658 756 loci
681 691 842 753 illius
862 691 1265 770 magistratus,
1299 700 1365 754 ut
1388 693 1662 774 eum,qui
1685 691 2090 773 quaerebatur,

453 782 707 844 maxima
724 779 1032 842 celeritate
1062 781 1135 842 ad
1174 800 1313 843 eum
1343 781 1735 845 adducerent.
1761 781 1920 844 Fieri
1953 800 2092 844 vero

448 889 572 933 non
593 877 844 951 poterat,
880 878 943 931 ut
975 870 1266 951 prteclara
1299 870 1440 934 ﬁdei
1474 871 1720 933 lucerna
1751 872 1811 932 in
1844 871 2089 933 sordido

447 961 582 1023 loco
598 961 806 1022 lucens
828 962 1219 1024 lateret.Cum
1239 979 1378 1038 ergo
1401 961 1730 1024 audivisset
1751 979 1817 1023 se
1842 963 2026 1042 qureri
2056 980 2091 1023 a

445 1049 1073 1134 persecutoribusmon
1090 1049 1322 1113 recedit
1343 1052 1399 1112 in
1423 1051 1926 1120 solitudines,non
1942 1051 2090 1113 den-

443 1158 544 1203 sos
565 1149 624 1202 et
652 1138 912 1200 incultos
940 1138 1086 1200 obiit
1121 1148 1395 1202 montes:
1423 1139 1530 1202 sed
1555 1158 1690 1202 cum
1718 1141 2003 1221 precibus
2031 1150 2094 1204 et

446 1229 819 1292 orationibus
850 1246 916 1290 se
942 1229 1004 1289 in
1034 1226 1268 1292 Christo
1301 1229 1636 1303 muniisset,
1672 1230 1857 1293 alacri
1883 1231 2088 1295 animo

442 1321 749 1381 acceditad
768 1336 867 1378 eos
890 1321 989 1392 qui
1013 1322 1371 1393 quaarebant,
1405 1333 1460 1380 et
1481 1322 1556 1381 ad
1576 1323 1920 1395 Aquilinum
1952 1340 2087 1384 cum

443 1425 658 1488 magno
687 1407 900 1486 gaudio
934 1414 993 1468 et
1022 1419 1300 1488 prompto
1334 1407 1516 1470 animi
1549 1409 1770 1486 studio,
1806 1411 1913 1487 qui
1945 1419 2086 1474 tunc

444 1498 659 1576 agebat
679 1494 1126 1571 Nicaeae,statim
1154 1495 1404 1558 mittitur
1422 1515 1530 1577 per
1554 1497 1775 1561 milites
1797 1501 2085 1562 cohortis.

445 1587 593 1650 Cum
619 1604 759 1666 ergo
785 1585 841 1647 ei
864 1584 1063 1646 statim
1089 1585 1394 1648 excelsum
1422 1595 1692 1650 erectum
1739 1589 1952 1651 fuisset
1975 1591 2086 1651 tri-

1723 285 2004 351 MENSIS
2066 277 2569 351 FEBRUARIUS.

454 425 646 489 Deum
672 421 1002 496 annuntiat,
1033 428 1090 483 et
1119 437 1187 484 ea
1219 421 1452 484 ratione
1485 421 1716 499 ﬁeri,ut
1740 420 1910 483 multi
1931 417 2078 482 deci‘

2181 417 2453 495 μεγάλους
2512 421 2689 500 θεοὺς,
2739 421 2964 498 Χριστὸν
3013 420 3067 478 δέ
3127 443 3247 479 τινα
3319 424 3484 499 μόνον
3557 423 3810 502 πρεσϐεύει

3681 291 3703 353 1
3716 283 3836 354 320

3815 420 3831 450 ι

2180 509 2338 587 Θεὸν,
2397 511 2485 566 καὶ
2562 511 2728 587 ταύτῃ
2789 511 2908 574 τοὺς
2968 510 3203 576 πολλοὺς
3272 526 3395 576 ταῖς
3466 514 3830 591 καινολογίαις

2178 595 2438 672 ἐξαπατᾷ.
2478 599 2635 666 Εὐθὺς
2678 601 2768 657 οὖν
2813 601 3110 679 γράμματα
3158 615 3279 666 τοῖς
3322 602 3461 660 κατᾶ
3504 602 3672 660 τόπον
3733 601 3827 680 ἄρ-

2178 709 2337 766 χουσι
2414 691 2502 746 καὶ
2573 691 2968 769 προστάγματα
3011 693 3150 768 μετα
3215 690 3445 773 σφοδρᾶς
3499 691 3828 768 ἐξεπέμπετο

2176 778 2274 845 τῆς
2318 777 2574 859 ἀπειλῆς,
2607 778 2688 836 ὅτι
2719 780 2889 860 τάχος
2938 785 3082 857 αὖτῷ
3113 787 3456 859 παραστῆσαι
3500 783 3596 838 τὸν
3626 786 3829 853 ζητού-

2175 889 2358 942 μενον.
2406 869 2514 926 Οὔκ
2571 871 2639 938 ἦν
2682 869 2736 926 δὲ
2781 870 2882 949 ἄρα
2928 873 3020 929 τὸ)
3052 877 3150 939 τῆς
3183 872 3413 938 πίστεως
3439 872 3644 952 λύχνον
3698 874 3826 953 φαί-

2175 978 2331 1014 νοντα
2374 957 2561 1016 λαθεῖν
2591 960 2626 1028 ἢ
2657 961 2719 1017 τὸ
2769 961 2932 1040 μύρον
2988 960 3272 1040 κρυϐῆναι,
3317 964 3419 1018 ὑπὸ
3459 966 3561 1031 τῆς
3627 965 3826 1026 οἰκείας

2173 1047 2346 1123 ὀσμῆς
2407 1051 2820 1128 φανερούμενον,
2869 1053 2942 1109 0-3
3004 1054 3116 1124 μὴν
3164 1051 3303 1110 ἀλλὰ
3344 1054 3435 1108 καὶ
3465 1054 3622 1110 αὸτὸς
3657 1053 3824 1109 ἁκού-

2172 1159 2267 1202 σας
2311 1139 2417 1194 τῶν
2471 1137 2777 1196 διωκόντων
2833 1142 2932 1209 τὴν
2990 1142 3344 1219 ἀναζήτησιν,
3405 1143 3465 1199 οὔ
3531 1144 3667 1219 πρὸς
3726 1144 3823 1206 τὰς

2171 1226 2405 1305 ἐρήμους
2465 1231 2772 1310 ὑποχωρεῖ,
2819 1231 2880 1288 οὗ
2923 1231 2990 1288 τὰ
3034 1231 3195 1288 λάσια
3245 1235 3352 1288 τῶν
3407 1234 3540 1310 ὁρῶν
3591 1234 3822 1310 ὑποτρὲο

2171 1338 2289 1398 χει,
2351 1333 2691 1400 προσευχαῖς
2748 1317 2802 1375 δὲ
2861 1323 2949 1378 καὶ
2991 1319 3236 1392 δεήσεσιν
3309 1323 3494 1379 ἑαυτὸν
3565 1321 3816 1395 ὁπλίσας,

2171 1420 2291 1470 τοῖς
2351 1415 2570 1479 ζητοῦσι
2623 1408 2740 1466 λίαν
2777 1408 3010 1489 φαιδρῶς
3055 1411 3397 1491 ἐμφανίζεται
3432 1413 3519 1468 καὶ
3561 1413 3695 1490 πρὸς
3724 1414 3821 1468 τὸν

2172 1491 2458 1554 Ἀκυλτνον
2525 1499 2618 1554 σὺν
2689 1497 2854 1576 ἡδονῇ
2938 1501 3375 1577 παραπέμπεται.
3438 1500 3707 1573 Ἀκυλὶνῳ
3757 1498 3821 1556 δί

2171 1585 2292 1642 τότε
2340 1589 2474 1643 κατὰ
2518 1589 2742 1648 Νίκαιαν
2791 1591 2842 1646 αἱ
2888 1587 3149 1669 διατριϐαὶ
3194 1594 3330 1659 ἦσαν
3365 1611 3380 1627 ο
3433 1591 3680 1666 βήματος
3725 1590 3820 1647 οὗν

444 1675 648 1757 bunal,
677 1678 1047 1755 honesteque
1070 1683 1132 1737 et
1149 1675 1368 1738 decore
1389 1695 1524 1738 eum
1550 1681 2078 1741 circumstetissent

2170 1677 2314 1742 αὖτῷ
2357 1674 2653 1753 διαρθέντος
2693 1677 2907 1753 ὑψηλοῦ
2948 1681 3038 1735 καὶ
3095 1684 3193 1746 τῆς
3257 1681 3375 1757 περὶ
3433 1678 3591 1736 αὖτὸν
3638 1681 3818 1745 πάσης

441 1764 910 1842 satellites,dixit
927 1763 1326 1845 Pompeianus
1349 1765 1704 1828 scriniarius
1729 1767 1970 1830 maximi
1995 1788 2078 1830 or-

2169 1763 2502 1844 δορυφορίας,
2565 1766 2746 1845 ὥσπερ
2789 1767 2904 1831 ἔθος
2964 1771 3170 1844 αὐτοῖς,
3237 1769 3607 1846 παραστάσης,
3654 1773 3816 1842 Πομ·

443 1857 603 1918 dinis
637 1873 652 1918 :
678 1853 787 1927 Qui
810 1855 1075 1935 Apamea
1095 1871 1128 1913 a
1149 1854 1454 1916 Frontone
1497 1855 1696 1935 legato
1724 1857 1796 1918 ad
1833 1867 2078 1922 vestram

2169 1855 2406 1922 ⁸πηίῐανδς
2452 1856 2777 1935 σκρινιάριος
2838 1860 2936 1925 τῆς
2983 1858 3240 1935 μεγίστης
3301 1857 3524 1928 τάξεως,
3580 1857 3739 1914 εἶπεν
3783 1859 3816 1914 ὁ

443 1946 665 2008 missus
696 1953 786 2006 est
818 1942 1352 2022 magniﬁcentiam,
1387 1945 1557 2009 adest
1592 1946 1665 2008 ad
1699 1947 2084 2026 purissimum

440 2034 705 2098 tribunal
733 2042 944 2095 vestrae
964 2034 1621 2114 potestatis.Aquilinus
1647 2038 1965 2114 pmfectus
1987 2039 2083 2100 di-

438 2126 546 2188 xit:
575 2124 688 2198 Qui
710 2121 1174 2204 adest,primum
1200 2122 1362 2185 dicat
1383 2142 1624 2203 nomen,
1665 2129 2081 2207 patriam,for-

439 2215 899 2290 tunam,deinde
929 2212 1480 2292 retigionem.Dixit
1511 2214 1864 2298 S.Tryphon
1898 2239 1911 2280 :
1943 2218 2084 2281 Mihi

440 2323 664 2370 nomen
688 2312 780 2367 est
799 2302 1105 2385 Tryphon:
1134 2303 1344 2383 patria,
1369 2304 1538 2366 vicus
1569 2307 1956 2388 Campsades,
1989 2310 2082 2370 vi-

438 2397 610 2460 cinus
643 2393 868 2455 civitati
925 2393 1206 2473 Apameae
1238 2410 1252 2454 :
1285 2393 1523 2456 fortuna
1552 2403 1752 2458 autem
1786 2399 1941 2478 apud
1974 2417 2083 2460 nos

436 2506 550 2551 nec
585 2494 699 2566 est,
728 2502 841 2546 nec
865 2482 1219 2562 dicitur,qui
1250 2481 1359 2544 Dei
1389 2485 2083 2570 providentia,serieqne

435 2589 499 2643 et
527 2577 741 2642 ordine
771 2570 1061 2635 ineffabili
1105 2571 1423 2652 sapientiae
1477 2575 1682 2637 omnia
1711 2577 1841 2639 ﬁeri
1875 2578 2079 2640 credi-

434 2685 608 2731 mus:
642 2682 763 2726 non
791 2671 988 2725 autem
1015 2680 1048 2722 a
1073 2659 1410 2737 fortuito,et
1444 2664 1545 2743 qui
1571 2665 1634 2726 ﬁt
1659 2674 1872 2746 praeter
1899 2669 2080 2730 ratio-

431 2771 900 2834 nem,concursu
929 2760 1226 2812 astrorum
1260 2761 1318 2813 θῑ
1349 2771 1382 2813 ἃ
1403 2771 1546 2816 casu
1580 2755 1898 2818 statuimus
1923 2775 2077 2838 pen-

431 2851 578 2912 dere
606 2853 804 2909 ortum
837 2840 1125 2905 hominis.
1161 2839 1308 2903 Sum
1349 2860 1489 2905 vero
1527 2844 1681 2907 liber
1714 2845 1981 2908 moribus
2014 2857 2074 2910 et

429 2940 565 3002 vita;
593 2930 1085 3007 educatione,uni
1107 2931 1218 2991 soli
1236 2929 1471 2994 Christo
1496 2933 2076 3000 serviens.Christus

432 3029 598 3096 enim
630 3033 722 3089 est
752 3021 901 3085 mihi
930 3019 1448 3102 religio,Christus
1476 3025 1626 3087 mihi
1657 3025 1844 3102 gloria
1878 3034 1936 3088 et
1965 3046 2073 3090 co-

433 3137 584 3184 rona
613 3111 1005 3195 gloriationis.

508 3204 780 3271 IX.Dixit
814 3201 1128 3282 prmfectus
1162 3221 1176 3258 :
1207 3201 1496 3264 Existimo
1529 3210 1586 3264 te
1616 3203 1678 3266 in
1710 3204 2069 3269 hodiernum

427 3317 617 3375 usque
639 3301 790 3356 diem
810 3296 1071 3354 nondum
1097 3298 1442 3367 cognovisse
1457 3296 1686 3368 jussum
1703 3301 2069 3373 Augusti,qui

422 3382 887 3471 jussitquemvis
910 3381 1354 3471 hominem,qui
1381 3382 1494 3444 hoc
1513 3383 1756 3447 nomine
1779 3403 1844 3446 se
1859 3385 2064 3465 jactat,

428 3470 572 3542 etad
585 3477 731 3538 deos
750 3471 1038 3534 colendos
1058 3479 1150 3532 est
1170 3470 1546 3547 durus,tradi
1569 3476 1747 3538 morti
1767 3476 2066 3551 violentas,

426 3578 486 3632 et
513 3577 570 3630 te
600 3580 846 3628 remove
873 3581 908 3624 a
939 3561 1039 3622 tali
1097 3560 1481 3643 deceptione,
1516 3582 1594 3624 ne
1627 3566 1747 3643 igni
1783 3567 2063 3631 tratlaris.

423 3659 587 3724 Dixit
611 3649 1454 3731 sanctusThryphoantinam
1482 3653 1629 3716 mihi
1653 3655 1829 3718 liceat
1847 3664 1906 3718 et
1925 3658 2066 3736 igne

423 3759 486 3813 et
515 3746 796 3810 omnibus
832 3741 1146 3804 tormentis
1179 3741 1450 3803 consumi
1507 3761 1614 3824 pro
1646 3745 1893 3807 nomine
1919 3746 2064 3809 Jesu

425 3837 654 3904 Christi
674 3833 917 3897 Domini
941 3831 1056 3892 mei
1080 3829 1280 3892 etDei.
1297 3830 1448 3892 Dixit
1472 3834 1814 3910 praefectus:
1842 3837 1892 3896 Ο
1914 3835 2063 3918 Try—

422 3925 844 4010 phon,suadeo
867 3930 930 3983 ut
952 3920 1071 3982 diis
1092 3919 1616 3984 sacriﬁces.Video
1651 3927 1812 3986 enim
1848 3937 2069 4005 praeter

423 4028 661 4082 aetatem
693 4012 987 4093 corporis,
1047 4017 1105 4070 te
1161 4028 1402 4090 quoque
1455 4012 1782 4090 perfectum
1817 4033 2061 4078 sensum

419 4107 608 4171 animi
641 4102 1107 4179 ostendere,nec
1140 4117 1246 4180 per
1268 4105 1414 4161 deos
1447 4102 1577 4162 volo
1612 4110 1668 4164 te
1705 4104 1860 4166 male
1885 4107 2058 4168 mori.

418 4199 577 4263 Dixit
597 4189 1506 4270 sanctusTryphon:Perfectum
1531 4191 1762 4254 habebo
1787 4212 2057 4271 sensum,

2168 1943 2226 2001 ἐκ
2287 1944 2384 2012 τῆς
2431 1941 2728 2020 Ἀπαμείας
2785 1948 2928 2025 παρᾶ
2978 1947 3293 2026 Φρόντωνος
3343 1948 3626 2027 τοπαρχου
3675 1948 3813 2025 πρὸς

2166 2034 2262 2101 τὴν
2321 2034 2579 2110 ὑμετέραν
2643 2037 3044 2114 μεγαλειότητα
3112 2038 3373 2118 πεμφθεὶς
3427 2045 3505 2110 τῷ
3556 2040 3812 2112 καθαρω-

2165 2123 2309 2196 τάτῳ
2360 2125 2565 2200 βήματι
2623 2126 2927 2203 παρέστηκε
2977 2126 3073 2194 τῆς
3125 2129 3274 2202 ὑμῶν
3324 2127 3584 2193 ἐξουσίας,
3640 2127 3813 2183 Ἀκυ-

2167 2213 2318 2277 λϊνος
2351 2211 2592 2294 ἔπαρχος
2644 2217 2800 2272 εἶπεν
2836 2232 2851 2247 °
2918 2208 2976 2274 Ὀ
3033 2218 3314 2296 παρεστὼς
3365 2223 3575 2294 πρῶτον
3605 2216 3815 2271 εἰπάτω

2165 2302 2422 2378 τοῦνομα,
2468 2305 2567 2371 τὴν
2599 2303 2847 2382 πατρίδα,
2897 2306 2996 2373 τὴν
3027 2307 3227 2386 τύχην,
3261 2305 3446 2362 ἔπειτα
3488 2305 3582 2362 καί
3616 2307 3678 2361 τὸ
3711 2305 3810 2361 σέ-

2166 2391 2284 2459 ϐας.
2350 2383 2408 2451 Ὀ
2473 2392 2624 2471 ἅγιος
2685 2395 2902 2474 Τρύφων
2967 2383 3174 2453 εἶπενο
3213 2383 3393 2472 *Ἐμοὶ
3435 2397 3496 2451 τὸ
3535 2395 3641 2451 ἀπὸ
3704 2400 3812 2472 γῆς

2163 2483 2333 2558 ὄνομα
2366 2481 2608 2562 Τρύφων,
2643 2487 2836 2562 πατρίς
2878 2483 2933 2541 δὲ
2962 2487 2997 2554 ἡ
3030 2485 3193 2560 κώμη
3255 2484 3571 2561 Καμψάδος,
3631 2481 3814 2542 Ἀπα-

2163 2574 2284 2647 μείᾳ
2317 2581 2385 2649 τῇ
2430 2573 2587 2630 πόλει
2631 2575 2823 2650 γείτων
2854 2574 3196 2654 ὑπάρχουσα,
3225 2576 3371 2655 τύχη
3403 2573 3458 2630 δὲ
3509 2573 3633 2652 παρ’
3669 2576 3812 2649 ἡμῖν

2163 2661 2281 2719 οὔτε
2312 2664 2446 2738 ἐστι,
2481 2663 2601 2719 οὕτε
2633 2663 2872 2742 λέγεται,
2907 2679 3022 2730 τοῖς
3053 2666 3273 2744 προνοίᾳ
3333 2672 3468 2723 Θεοῦ
3527 2665 3613 2720 καὶ
3659 2663 3809 2729 τάξει

2161 2753 2226 2808 τὰ
2281 2752 2456 2809 πάντα
2501 2753 2736 2830 γίνεσθαι
2781 2755 3162 2811 πεπιστευκόσι
3197 2773 3212 2789 ·
3249 2755 3334 2810 καὶ
3367 2755 3471 2811 ὕπὸ
3512 2759 3612 2821 τῆς
3645 2757 3813 2812 αὐτοῦ

2159 2844 2346 2921 σοφίας
2389 2840 2735 2922 κυϐερνᾶσθαι
2793 2845 2855 2899 τὸ
2912 2850 3040 2906 πᾶν,
3088 2841 3394 2920 Ἐλεύθερος
3453 2842 3508 2898 δὲ
3551 2845 3642 2898 τὸν
3674 2843 3806 2919 τρόο

2158 2951 2258 2988 πον
2303 2931 2418 3007 εἰμί
2463 2933 2550 2988 καὶ
2594 2931 2669 2988 ἑνὶ
2700 2929 2852 3006 μόνῳ
2901 2939 3110 3010 Χριστῷ
3141 2929 3472 3002 δεδούλωμαι
3507 2949 3523 2967 ⁶
3573 2933 3804 3007 Χριστὸς

2155 3021 2256 3098 γὰρ
2299 3023 2419 3096 ἐμοὶ
2460 3023 2521 3078 τὸ
2565 3019 2746 3096 σέϐας,
2806 3024 3034 3100 Χριστὸς
3079 3022 3198 3098 ἐμοὶ
3246 3020 3370 3088 δόξα
3418 3022 3509 3078 καὶ
3539 3021 3806 3101 στέφανος

2090 3149 2134 3204 G
2156 3109 2260 3178 ἤδη
2287 3113 2636 3204 καυχήσεως.

2237 3199 2317 3261 ϐ’.
2369 3202 2505 3277 Πρὸς
2559 3203 2724 3258 ταῦτα
2780 3199 3018 3281 ἔπαρχος
3055 3219 3072 3238 ⁸
3137 3192 3532 3276 Ὑπολαμϐάνω
3572 3199 3804 3276 μηδέπω

2153 3291 2241 3347 καὶ
2293 3291 2526 3370 τήμερον
2584 3290 2872 3370 ἐγνωκέναι
2927 3313 2986 3347 σε
3044 3292 3144 3358 τὴν
3177 3297 3270 3348 τοῦ
3299 3287 3577 3348 Σεϐαστοῦ
3607 3289 3801 3346 κέλευ-

2153 3403 2260 3454 σιν,
2323 3379 2469 3446 ὅπως
2527 3381 2700 3438 πάντα
2777 3380 3056 3459 ἄνθρωπον
3117 3381 3351 3445 ἀπειθῶς
3412 3379 3613 3459 ἔχοντα
3670 3382 3801 3458 πρὸς

2152 3472 2250 3538 τὴν
2307 3477 2414 3526 τῶν
2475 3472 2620 3527 Θεῶν
2663 3471 2943 3549 θεραπείαν
2987 3468 3188 3548 βεϐαίῳ
3237 3469 3450 3544 θανάτῳ
3509 3468 3803 3548 παραδίδο-

2151 3565 2268 3619 σθαι
2328 3561 2669 3639 προστάττει.
2734 3561 2881 3618 Αλλὰ
2929 3562 2990 3616 σὺ
3038 3562 3218 3616 πείθου
3248 3581 3342 3636 μοι
3390 3561 3480 3615 καὶ
3523 3559 3795 3626 ἆπόστηθι

2146 3658 2245 3721 τῆς
2303 3652 2554 3717 τοιαύτης
2611 3650 2842 3722 ἀπάτης,
2897 3649 2991 3706 ἵνα
3022 3651 3101 3725 μὴ
3133 3651 3219 3706 καὶ
3251 3650 3372 3727 τευρὶ
3403 3651 3492 3705 καὶ
3521 3662 3646 3713 ταῖς
3695 3649 3797 3706 ἄλ-

2145 3743 2263 3806 λαις
2319 3739 2573 3796 κολάσεσι
2627 3739 2847 3795 σεαυτόν
2936 3722 3216 3818 ὑπόσχῃς.
3279 3722 3466 3816 τ’.λιγιος
3520 3739 3790 3816 Τρύφων⁶

2155 3831 2280 3888 Εἴθε
2335 3851 2426 3904 μοι
2483 3829 2716 3906 γένοιτο,
2743 3827 2869 3907 ἔφη,
2906 3829 2994 3885 καὶ
3025 3830 3146 3906 πυρὶ
3188 3827 3276 3884 καὶ
3307 3828 3559 3901 βασάνοις
3594 3827 3798 3890 πάσαις

2148 3920 2280 3997 ὑπὲρ
2307 3926 2400 3975 τοῦ
2451 3919 2714 3994 ὀνόματος
2767 3920 3018 3997 Χριστοῦ,
3055 3923 3148 3973 τοῦ
3192 3917 3326 3992 ἐμοῦ
3357 3924 3512 3990 Θεοῦ,
3558 3921 3793 3974 καθανα-

2148 4008 2408 4075 λωθῆναι.
2473 3998 2530 4064 Ὀ
2585 4007 2821 4086 ἔπαρχος
2884 4007 3042 4063 εἶπεν
3083 4021 3097 4035 ⁸
3164 4013 3356 4077 Θύσον,
3423 4005 3470 4060 ὦ
3527 4007 3789 4085 Τρύφων,

2146 4102 2410 4178 παραινῶ,
2442 4110 2558 4161 τοῖς
2591 4100 2738 4159 θεοῖς
2776 4115 2790 4130 ⁶
2838 4098 2946 4174 ὁρῶ
2975 4097 3074 4174 γὰρ
3101 4095 3305 4153 τέλειόν
3332 4117 3426 4152 σου
3471 4097 3561 4152 καὶ
3622 4094 3794 4173 βεϐη-

2149 4193 2241 4254 κὸς
2271 4190 2332 4244 τὸ
2376 4187 2650 4267 φρόνημα,
2704 4188 2789 4242 καὶ
2839 4187 2898 4242 οὺ
2928 4185 3190 4262 βούλομαί
3220 4207 3303 4262 σε,
3339 4186 3414 4260 μὰ
3445 4185 3572 4250 τοὺς
3615 4188 3790 4264 θεοὺς,

418 4290 472 4352 si
501 4292 626 4352 Deo
651 4303 782 4347 meo
817 4267 1148 4362 perfectam
1195 4277 1474 4342 obtulero
1499 4281 1970 4360 confessionem,
2005 4267 2065 4348 et

2164 4279 2326 4340 ιακῶς
2384 4277 2698 4338 ἀποθανεῖν.
2735 4267 2793 4334 Ὀ
2825 4273 2976 4354 ἅγιος
3023 4275 3242 4354 Τρύφων
3277 4294 3292 4310 ⁸
3331 4273 3546 4332 Τέλειον
3587 4272 3689 4340 ἔξω
3731 4278 3794 4329 τὸ

419 4382 739 4454 pulchrum
774 4371 1367 4452 depositum,nempe
1394 4369 1455 4430 in
1488 4369 1684 4450 ipsum
1716 4372 2058 4449 ﬁdem,eam

2164 4367 2418 4446 ρρόνημα,
2475 4365 2657 4440 εἶπεν,
2721 4365 2765 4420 εί
2827 4363 3034 4422 τελείαν
3102 4369 3178 4438 τῷ
3223 4371 3338 4424 Θεῶ
3384 4386 3488 4440 μου
3547 4363 3796 4443 προσάξω

421 4488 543 4533 non
561 4467 828 4542 negando
847 4478 1321 4528 conservansmte
1343 4463 1414 4559 ab
1438 4467 1598 4522 omni
1614 4467 2062 4537 reprehensisne

2164 4461 2233 4515 tati
2290 4460 2390 4525 τὴν
2449 4457 2739 4534 ὁμολογίαν
2800 4459 2897 4512 καὶ
2954 4457 3053 4524 τὴν
3100 4455 3274 4522 καλήν
3331 4457 3792 4533 παρακαταθήκην

418 4575 669 4621 vacuum
695 4562 754 4615 et
783 4553 1082 4630 integrum
1116 4547 1475 4610 sacriﬁcium
1501 4548 1772 4612 obtulero
1797 4553 2056 4635 Christo,

2164 4550 2246 4616 ςὴν
2278 4549 2352 4610 εἰς
2399 4548 2556 4606 αὐτὸν
2608 4547 2783 4603 πίστιν
2821 4545 3177 4624 ἀνεξάρνητον
3208 4543 3541 4624 διατηρήσας
3576 4561 3592 4576 ⁸
3626 4544 3792 4619 ἄμω-

423 4647 526 4732 qui
547 4646 656 4708 fuit
687 4662 793 4724 pro
825 4660 922 4703 me
951 4639 1510 4732 sacriﬁcatus‘Dixit
1537 4640 1852 4732 praefectus
1885 4663 1901 4704 :
1939 4634 2062 4722 lgni

2164 4663 2250 4696 ιον
2295 4638 2524 4714 ἐμαυτὸν
2583 4637 2763 4696 θυσίαν
2834 4637 2924 4692 καὶ
2984 4634 3284 4714 ὁλόκληρον
3342 4642 3420 4709 τῷ
3474 4635 3605 4713 ὑπὲρ
3655 4634 3792 4709 ἐμοῦ

418 4723 654 4802 tradam
677 4723 840 4796 tuum
856 4728 1904 4813 corpus,etacerbissimissuppliciis
1922 4753 2063 4796 con-

2164 4729 2350 4789 ποθέντι
2396 4725 2747 4805 προσενέγχω
2805 4732 3038 4803 Χριστῷ.
3100 4727 3238 4803 Πρὸς
3291 4735 3457 4785 ταῦτα
3488 4723 3791 4804 ὸὲπαρχος

417 4845 653 4895 sumam
673 4833 836 4887 tuam
858 4819 1308 4883 animam.Dixit
1328 4828 1568 4882 sanctus
1585 4822 1891 4903 Tryphon;
1917 4824 2062 4887 Mihi

2164 4829 2250 4900 rt:th
2333 4819 2477 4890 αὐτῷ
2565 4814 2724 4872 πάλιν
2801 4817 2888 4871 καὶ
2957 4815 3216 4892 βασάνους
3276 4815 3791 4890 ἐπανατεινάμενος.

421 4917 671 4986 minaris
702 4916 900 4994 ignem
934 4911 1036 4991 qui
1065 4907 1484 4988 exstinguitur,
1521 4918 1580 4971 et
1611 4910 1795 4973 simul
1824 4913 2062 4976 deletur

2165 4920 2206 4969 Ο
2248 4909 2402 4988 ἅγιος
2454 4906 2671 4985 Τρύφων
2703 4920 2716 4934 ⁵
2785 4906 2942 4980 Ἐμοι
2986 4913 3086 4982 πῦρ
3133 4904 3405 4979 ἀπειλεῖς,
3455 4904 3581 4984 ἔφη,
3624 4903 3792 4961 σϐεν-

420 5031 554 5077 cum
575 5027 647 5071 ea
668 4993 802 5087 quae
822 4999 1102 5066 accendit
1124 4998 1572 5080 materia,cujus
1596 5000 1732 5062 ﬁnis
1763 5011 1852 5064 est
1882 5003 2055 5066 cinis.

2164 5003 2365 5076 νόμενον
2421 4997 2516 5053 καί
2548 5001 2614 5072 τῇ
2643 4995 2956 5075 ὕφαπτούσῃ
3004 4993 3106 5072 ὕλῃ
3166 4993 3660 5070 συναπολλύμενον,
3729 4996 3792 5052 οὗ

419 5104 542 5185 Ego
565 5081 762 5162 autem
783 5110 922 5155 eum
943 5089 1044 5185 qui
1068 5107 1187 5185 non
1211 5097 1406 5185 potest
1427 5090 1746 5185 exstingui,
1773 5101 1833 5155 et
1855 5103 1941 5154 est
1974 5113 2058 5156 ae-

2164 5093 2204 5146 τὸ
2234 5089 2387 5152 τέλος
2415 5085 2600 5164 τέφρα.
2638 5083 2782 5161 Ἐγὼ
2837 5082 2892 5140 δέ
2935 5107 3018 5142 σοι
3060 5087 3123 5142 τὸ
3155 5082 3416 5142 ἄσϐεστον
3461 5087 3547 5142 καὶ
3590 5081 3786 5141 διαιωο

417 5173 870 5270 1οἷηιιε,οοιιιτε
889 5182 1086 5242 minor
1106 5179 1182 5239 im
1194 5177 1598 5260 piis.Recede,
1626 5181 1932 5262 inquam,a
1961 5201 2062 5245 re-

2164 5181 2280 5251 μίζον
2311 5173 2638 5238 ἄνταπειλῶ,
2690 5184 2980 5252 Τοιγαροῦν
3037 5174 3302 5241 ἀπόστηθι
3345 5179 3454 5232 τῶν
3512 5174 3783 5254 ματαίων³

416 5285 528 5346 bus
547 5263 806 5346 vanis,et
827 5286 1124 5348 cognosce
1146 5285 1309 5342 eum,
1333 5271 1434 5348 qui
1457 5277 1545 5330 est
1568 5287 1710 5332 vere
1732 5271 1924 5332 Deus:
1956 5291 2057 5355 ne,

2164 5271 2230 5326 ιαὶ
2272 5270 2436 5346 γνῶθι
2467 5267 2559 5322 τὸν
2588 5263 2757 5327 ὄντως
2791 5266 2948 5344 Θεὸν,
3008 5265 3224 5340 μήποτε
3258 5287 3344 5322 σοι
3387 5278 3582 5342 πεῖραν
3637 5263 3788 5322 ἐκεί-

421 5374 472 5437 si
493 5363 1004 5438 forteiltmsignis
1033 5359 1248 5419 feceris
1291 5358 1648 5437 periculum,
1684 5368 1740 5420 te
1767 5352 2053 5423 malorum

2164 5381 2231 5414 νου
2261 5367 2355 5416 τοῦ
2384 5357 2546 5430 πυρὸς
2591 5352 2833 5432 λαϐόντι,
2893 5353 3071 5410 πολλὰ
3098 5359 3198 5420 τῆς
3232 5361 3321 5411 νῦν
3351 5354 3560 5419 ἀπάτης
3609 5373 3789 5426 μετα-

422 5461 732 5548 pmniteat.
785 5451 922 5548 iltec
971 5466 1106 5548 cuin
1165 5447 1453 5508 audiisset
1501 5449 2055 5548 AquilinusLetim

2164 5448 2377 5524 ιελιίση.
2425 5446 2636 5504 Τούτων
2681 5443 2911 5505 ἀκούσας
2974 5442 3256 5506 ’Λκυλϊνος
3303 5446 3390 5500 καὶ
3435 5445 3567 5520 πρὸς
3615 5443 3790 5521 ὀργὴν

415 5533 629 5622 fuisset
658 5544 946 5628 percitus,
972 5537 1148 5618 jubet
1177 5556 1312 5600 eum
1343 5556 1700 5617 suspensum
1733 5539 1905 5604 caedi,

2164 5541 2372 5618 ξαφθεὶς
2404 5535 2605 5592 κελεύει
2635 5533 3003 5612 κρεμασθέντα
3037 5535 3402 5604 σπαθίζεσθαι.

498 5641 575 5706 Χ,
607 5623 752 5700 cum
789 5631 1046 5711 primum
1080 5645 1221 5705 ergo
1248 5628 1476 5708 prolata
1497 5627 1704 5691 fuisset
1724 5630 2044 5712 sententia,

2214 5629 2330 5689 ΘΥ.
2381 5625 2576 5685 Δῦτίκα
2606 5630 2730 5702 γοῦν
2776 5623 3144 5702 ἐξενεχθείσης
3180 5626 3281 5691 τῆς
3334 5625 3686 5705 ἀποφάσεως,
3728 5628 3791 5682 τὸ
