4060 6206
276 269 418 349 1321
1547 281 1736 354 VITA
1781 287 1840 350 s.
1905 274 2366 352 TBYPHONIS.
3483 258 3636 354 1322

269 420 480 482 ἱμάτιον
533 419 563 474 ὃ
610 419 871 496 μακάριος
917 417 1112 484 ἀποδὺς
1157 421 1244 476 καὶ
1282 419 1374 476 σῦν
1413 420 1598 496 ἐκείνῳ
1654 423 1744 478 καὶ
1797 421 1898 490 δή-

2002 423 2202 486 beatus
2221 419 2494 503 Triphon
2523 439 2659 485 cum
2686 428 2910 485 vestem
2934 421 3222 500 exuisset,
3248 430 3308 486 et
3335 439 3637 486 veneran-

267 507 390 573 λους
443 508 680 572 ἅπαντας
717 515 810 576 τῆς
843 508 1176 588 ἀνθρωπίνης
1225 509 1432 574 φύσεως
1482 509 1774 586 λογισμοὺς
1821 512 1907 568 καὶ

2002 510 2129 572 ium
2163 511 2310 574 illud
2344 521 2402 574 et
2433 511 2750 592 pulchrum
2782 529 3001 593 corpus
3035 521 3310 594 prompto
3360 521 3420 575 et
3447 512 3639 576 alacri

269 601 330 654 τὸ
367 597 530 656 καλὸν
574 599 752 656 ἐκεῖνο
783 605 938 673 σῶμα
983 597 1246 676 παραδοὺς
1276 611 1394 663 τοῖς
1443 597 1692 682 δημίοις,
1738 601 1904 678 ἀναρ-

267 694 421 745 τᾶται
478 694 554 761 τῷ
607 687 744 761 ξύλῳ
777 704 790 720 ⁸
858 688 984 746 εἶτα
1029 692 1114 744 καὶ
1168 689 1260 754 τὰς
1311 701 1508 768 χεῖρας
1541 711 1904 768 περιαγκωνι-

267 780 428 851 σθεὶς,
486 777 747 834 ἒκόπτετο
803 779 896 842 τὰς
959 778 1159 854 σάρκας
1221 779 1475 855 γενναῖως
1513 797 1526 811 ⁸
1575 779 1629 835 ἐν
1671 783 1808 858 τρισὶ
1852 779 1906 836 δὲ

269 866 430 943 ὥραις
477 865 616 924 οὕτω
683 867 1070 942 σπαθιζομὲνου
1128 869 1218 924 καὶ
1274 869 1462 948 ἡσυχῆ
1513 868 1607 932 τὰς
1665 868 1903 948 πληγὰς,

269 955 448 1034 ὥσπερ
507 955 671 1013 ἄλλου
733 957 1068 1037 πάσχοντος,
1126 957 1506 1037 ὑπομένοντος,
1581 959 1608 1014 ὁ
1668 957 1906 1038 ἕπαριος

273 1045 579 1115 Ἀκυλϊνος,
641 1045 822 1122 ὥσπερ
879 1049 974 1105 οὒκ
1023 1045 1168 1124 ἀνδρὶ
1213 1046 1436 1118 τοιούτῳ
1477 1047 1574 1114 τὴν
1605 1053 1905 1125 καρτερίαν,

272 1134 393 1192 ἀλλ’
453 1134 688 1213 ἀνάνδρῳ
743 1137 830 1192 καὶ
917 1136 1136 1214 ἀγεννεῖ
1191 1141 1462 1213 παραινῶν
1498 1155 1514 1170 ο
1574 1137 1908 1216 Μετάγνωθι,

273 1225 515 1304 Τρύφων,
563 1231 662 1292 τῆς
723 1224 942 1302 ἀκαίρου
999 1224 1197 1292 ταύτης
1255 1223 1532 1296 ἀπονοίας,
1619 1224 1744 1304 ἔφη,
1825 1227 1912 1282 καὶ

274 1314 529 1392 ὁμολόγει
573 1317 712 1372 θύειν
751 1327 871 1380 τοῖς
927 1317 1074 1378 θεοῖς
1107 1329 1120 1344 ·
1167 1319 1227 1374 οῦ
1268 1314 1368 1392 γὰρ
1429 1313 1569 1400 ἔστιν
1599 1314 1656 1378 ὅς
1703 1317 1780 1389 τῷ
1821 1321 1914 1372 τοῦ

275 1402 540 1479 βασιλέως
623 1403 884 1460 ἀντειπὼν
972 1403 1344 1482 προστάγματι
1413 1405 1492 1478 μὴ
1564 1409 1767 1479 πικρῶς
1827 1404 1914 1460 καὶ

275 1493 461 1570 βιαίως
525 1491 782 1550 ἀπολέσοι
853 1494 941 1549 καὶ
997 1492 1098 1560 τὴν
1156 1494 1323 1564 ζωήν,
1391 1483 1450 1552 Ὀ
1504 1491 1657 1566 ἅγιος
1699 1494 1916 1572 Τρύφων

277 1583 434 1640 εἶπεν
469 1602 481 1616 ⁸
521 1583 683 1659 Κάγώ
731 1584 814 1638 σοι
865 1603 1030 1661 φημι,
1078 1580 1160 1638 ὅτι
1203 1581 1392 1657 μηδεὶς
1425 1584 1514 1638 τὸν
1545 1581 1785 1660 οὒράνιον
1811 1583 1915 1656 βα-

274 1673 428 1730 σιλέα
473 1673 696 1751 Χριστὸν
757 1671 1000 1750 ἀρνηθεὶς
1045 1677 1144 1738 τῆς
1202 1672 1412 1733 αἰωνίας
1458 1672 1552 1728 οὒκ
1605 1674 1917 1728 ἓκπεσεϊται

1987 599 2189 662 animo
2208 599 2556 663 tradidisset
2576 600 2911 677 lictoribus,
2939 599 3002 663 in
3025 599 3186 680 ligno
3213 601 3632 684 suspenditur,

1990 697 2048 750 et
2073 689 2355 754 manibus
2393 708 2550 770 pone
2595 691 2976 754 circumactis
3005 689 3286 755 vincitur.
3325 689 3472 756 Cum
3503 691 3639 774 ipse

1990 786 2187 840 autem
2215 777 2406 841 tribus
2426 778 2592 842 horis
2615 779 2970 856 caederetur,
2997 785 3058 843 et
3086 781 3360 842 animum
3384 779 3636 861 quidem

1993 866 2230 928 ﬁrmum
2274 875 2333 929 et
2356 866 2634 930 stabilem
2657 875 2712 932 et
2739 867 3242 932 invulnerabilem
3266 867 3506 932 Christo
3535 887 3636 932 os-

1995 955 2540 1032 tenderet,silentio
2562 976 2702 1022 vero
2727 959 2930 1038 plagas
2948 965 3232 1040 tanquam
3259 957 3376 1019 alio
3403 957 3644 1038 patien-

1995 1053 2052 1107 te
2071 1048 2414 1122 sustineret,
2443 1046 2588 1108 dicit
2611 1047 2928 1130 praefectus
2951 1047 3276 1130 Aquilinus
3303 1064 3318 1110 :
3343 1045 3646 1111 Pmniteat

1997 1141 2119 1206 te,o
2141 1133 2448 1216 Tryphon,
2484 1136 2662 1216 hujus
2683 1135 3044 1218 importuna
3067 1137 3344 1200 amentia
3366 1144 3430 1200 et
3453 1137 3642 1217 proli-

1996 1231 2124 1286 tere
2147 1233 2203 1286 te
2225 1223 2341 1286 diis
2363 1243 2497 1287 esse
2519 1223 3209 1289 sacriﬁcaturum.Nemo
3230 1226 3394 1290 enim
3421 1224 3645 1289 restitit

1997 1311 2192 1374 edicto
2215 1313 2629 1396 imperatoris,
2657 1315 2760 1397 qui
2783 1334 2902 1378 non
2925 1315 3143 1378 acerbe
3169 1323 3228 1376 et
3249 1313 3544 1378 violenter
3573 1333 3645 1378 ex

1999 1404 2110 1466 hac
2143 1403 2264 1466 vita
2297 1405 2645 1468 excesserit.
2682 1403 2840 1466 Dixit
2879 1412 3124 1468 sanctus
3151 1403 3435 1486 Tryphon
3471 1422 3486 1467 :
3519 1403 3644 1483 Ego

1999 1511 2239 1574 quoque
2271 1491 2380 1554 tibi
2403 1491 2564 1555 dico:
2595 1513 2771 1556 nemo
2795 1494 2896 1576 qui
2918 1513 3122 1573 regem
3145 1493 3453 1557 caelestem
3478 1494 3651 1558 Chri—
3725 1569 3728 1574 _

1999 1591 2154 1645 stum
2191 1581 2456 1658 negavit,
2491 1583 2670 1645 vitam
2727 1593 3014 1648 aeternam
3049 1590 3508 1665 consequetur;
3540 1583 3648 1647 sed

2003 1671 2424 1733 transmittitur
2452 1671 2524 1734 ad
2559 1671 2757 1752 ignem
2809 1682 3102 1736 aeternum
3160 1673 3266 1754 qui
3298 1692 3419 1736 non
3453 1679 3656 1756 potest

279 1767 450 1841 ζωῆς,
496 1761 623 1840 πρὸς
677 1759 731 1816 δὲ
789 1761 876 1817 καὶ
945 1762 1066 1838 πυρὶ
1138 1759 1378 1834 ἀσϐέστῳ
1417 1763 1913 1841 Ακατακριθήσεταη

2004 1760 2488 1841 exstingui.Dixit
2519 1763 2877 1841 praefectus:
2936 1761 3062 1826 Rex
3115 1763 3381 1826 ccelestis
3409 1781 3532 1826 non
3563 1771 3656 1826 est

276 1839 638 1930 Πρὸς-ταῦτα
679 1848 962 1908 ὑπολαϐὼν
1007 1853 1034 1906 ὃ
1089 1849 1328 1930 ἔπαρχος
1361 1870 1374 1884 ·
1414 1839 1471 1907 Ὀ
1533 1850 1771 1926 οὖράνιος
1813 1851 1913 1926 βα-

2003 1849 2156 1914 allus
2179 1839 2292 1912 nisi
2322 1839 3098 1933 magnusJupiter,Saturni
3122 1859 3182 1914 et
3200 1851 3383 1915 Rhea
3408 1851 3655 1916 lilius.ls

277 1943 481 2021 σιλεῦς,
527 1941 709 2016 εἶπεν,
775 1941 870 1996 οὒκ
933 1939 1091 2001 ἄλλος
1139 1939 1174 2008 ἢ
1225 1938 1456 2017 ὁμέγας
1489 1939 1613 2003 Ζεύς
1665 1939 1830 2013 ἐστιν,
1893 1943 1913 1996 ὁ

2005 1948 2096 2002 est
2121 1949 2289 2020 pater
2313 1939 2752 2021 hominumque
2776 1940 3106 2024 deumque:
3136 1941 3234 2004 cui
3258 1941 3360 2023 qui
3391 1961 3513 2004 non
3538 1959 3654 2022 pa-

285 2034 482 2111 Κρόνου
528 2033 615 2088 καὶ
649 2023 794 2090 Ῥέας
854 2031 992 2110 υἱὸς,
1037 2030 1094 2092 ὃς
1153 2029 1241 2086 καὶ
1283 2030 1464 2104 πατήρ
1520 2031 1665 2085 ἔστιν
1721 2029 1919 2101 ἀνδρῶν

279 2143 340 2177 τε
398 2122 531 2177 θεῶν
601 2141 682 2194 τε,
745 2119 790 2193 ᾧ
861 2120 982 2184 τοὺς
1040 2115 1426 2185 ἀπειθήσαντος
1485 2115 1740 2176 ἀδύνατον
1799 2119 1916 2195 ζῇν,

281 2211 327 2285 ᾦ
389 2211 476 2266 καὶ
536 2211 625 2286 σὺ-
671 2211 948 2276 πεισθῆναι
1025 2206 1280 2286 ὀφείλεις,
1341 2205 1434 2262 ἵνα
1497 2212 1640 2276 ζωῆς
1700 2205 1920 2276 ἡδίστης

281 2300 532 2374 ἀξιωθῇς.
605 2283 791 2374 (Ἀγιος
857 2297 1072 2376 Τρύφων
1132 2300 1284 2352 εἶπεν
1319 2314 1337 2333 ⁸
1403 2297 1623 2372 ’Ὀμοιοι
1683 2298 1920 2376 γένοιντο

289 2393 380 2445 Διῒ
424 2392 498 2462 τῷ
541 2391 642 2460 θεῷ
694 2409 786 2443 σου
829 2389 876 2442 οἱ
919 2387 1037 2442 θεόν
1095 2390 1237 2442 εἴναι
1275 2387 1434 2445 αὒτὸν
1465 2387 1803 2452 πιστεύοντες
1835 2389 1920 2443 καὶ

282 2481 479 2536 πάντες
541 2476 652 2533 ὅσοι
719 2479 1028 2532 πεποίθασιν
1089 2471 1175 2530 ἐπ’
1227 2477 1368 2548 αῦτῷ
1403 2495 1417 2509 ’
1473 2476 1530 2530 ὃν
1589 2477 1765 2552 γόητα
1825 2476 1923 2550 μὲν

283 2565 561 2645 ἄνθρωπον
619 2567 706 2621 καὶ
761 2567 950 2640 μιαρὸν
1003 2565 1128 2643 φασὶ
1179 2567 1523 2642 γεγενῆσθαι,
1557 2567 1744 2630 κακίας
1778 2565 1925 2629 εἶδος

284 2655 620 2713 ἀπολιπόντα
707 2651 870 2728 μηδξν
952 2653 1221 2731 ἄπρακτον
1307 2655 1396 2709 καὶ
1458 2654 1871 2734 ἀνεπιχείρητον
1911 2675 1923 2688 ο

286 2747 422 2823 μετὰ
481 2744 534 2800 δὲ
594 2749 751 2802 αὖτοο
816 2740 1071 2810 τελευτὴν
1161 2742 1436 2822 ἀδριάντας
1496 2743 1638 2816 αὗτῷ
1697 2751 1927 2824 χρυσοῦς

284 2837 376 2892 καὶ
437 2833 690 2912 ἀργυροῦς
747 2831 1064 2896 ἀνιστῶντες
1123 2833 1170 2887 οἱ
1238 2833 1304 2888 τὰ
1369 2831 1531 2906 ὃμοια
1597 2835 1770 2908 τούτῳ
1830 2839 1929 2900 τῆς

2003 2029 2520 2106 ruerint,minlme
2545 2040 2797 2111 possunt
2822 2029 3161 2094 vivere.Cui
3185 2039 3246 2093 tu
3276 2049 3520 2113 quoque
3549 2030 3652 2094 de-

2005 2115 2112 2178 bes
2133 2135 2368 2197 parere,
2389 2125 2453 2179 ut
2477 2117 2696 2198 dignus
2717 2119 3026 2182 censearis
3049 2120 3166 2183 vita
3179 2119 3654 2202 jucundissima.

2006 2204 2162 2268 Dixit
2186 2215 2428 2268 sanctus
2451 2203 2760 2288 Tryphon:
2785 2208 3026 2271 Similes
3049 2209 3193 2271 ﬁant
3213 2208 3343 2272 Jovi
3377 2209 3490 2271 deo
3525 2217 3654 2286 tuo,

2005 2297 2103 2376 qui
2131 2314 2268 2358 eum
2295 2315 2406 2376 pro
2427 2295 2542 2358 deo
2567 2297 2866 2374 colunt,et
2889 2315 3101 2360 omnes
3122 2297 3224 2378 qui
3247 2298 3560 2360 conﬁdunt
3589 2298 3656 2359 in

2007 2383 2297 2456 eo.Quem
2321 2384 2528 2446 dicunt
2551 2383 2800 2466 quidem
2828 2387 3088 2466 primum
3112 2385 3300 2450 fuisse
3322 2387 3658 2468 praestigia-

2011 2483 2199 2536 torem
2225 2474 2534 2536 hominem
2561 2483 2620 2536 et
2637 2475 3003 2537 sceleratum
3021 2495 3091 2540 ac
3108 2475 3660 2558 perniciosum,pa-

2012 2573 2287 2643 tremque
2332 2564 2594 2643 cujusvis
2635 2564 2882 2627 nefariae
2909 2563 3166 2628 actionis
3217 2575 3274 2628 et
3303 2566 3654 2648 impietatis.

2011 2652 2146 2714 Post
2170 2653 2305 2732 ejus
2323 2664 2522 2714 autem
2548 2653 3110 2730 decessum,aureas
3134 2663 3194 2720 et
3216 2664 3530 2736 argenteas
3553 2663 3662 2720 sta-

2013 2750 2143 2803 tuas
2171 2741 2222 2803 ei
2247 2742 2679 2824 erigentes,qui
2711 2742 2986 2806 fecerunt
3009 2745 3233 2808 similia
3255 2763 3441 2826 opera
3467 2745 3660 2810 dede-

2014 2831 2381 2906 coris,deum
2409 2831 3033 2911 pronuntiarunt,suas
3055 2833 3328 2897 libidinis
3350 2837 3410 2898 et
3431 2836 3660 2898 intem-

288 2925 552 3003 αἰσχύνης
597 2921 722 3000 ἔργα
791 2917 1238 3000 μεταδιώξαντες,
1293 2923 1410 2976 θτὸν
1483 2921 1926 2999 ἀνηγορεύκασιν,

288 3013 583 3090 ἀπολογίαν
641 3009 820 3081 ὥσπερ
877 3009 972 3077 τῆς
1045 3013 1188 3089 σσρῶν
1257 3012 1427 3066 αὒτῶν
1494 3010 1774 3088 ἀσελγείας
1831 3013 1929 3081 τὴν

287 3104 569 3161 θεοποιίαν
629 3100 825 3166 ταύτην
885 3100 932 3154 οἱ
1005 3098 1304 3174 πάντολμοι
1377 3099 1801 3178 προϐαλλόμενοι
1840 3122 1854 3136 ⁶

2013 2921 2301 3003 perautiae
2321 2921 2650 2984 allerentes
2675 2923 3324 3005 excusationem,quod
3349 2923 3401 2987 is
3425 2925 3488 2986 in
3515 2925 3662 2988 deos

2011 3011 2089 3072 sit
2113 3009 2356 3072 relatus.
2383 3011 2548 3074 ldem
2575 3010 2790 3073 modus
2811 3011 3081 3075 cernitur
3103 3013 3282 3076 etiam
3309 3016 3370 3076 in
3395 3013 3664 3096 aliis,qui

1904 3105 1930 3158 ὁ
1948 3151 1990 3203 C
2014 3099 2158 3203 falso
2182 3108 2466 3162 vocantur
2483 3100 2702 3164 dii.Sic
2721 3119 2824 3203 vos
2841 3101 3050 3203 [aleam
3075 3102 3274 3203 multis
3294 3115 3460 3166 retro
3481 3121 3666 3203 saecu-

292 3194 450 3253 αὖτος
505 3189 555 3245 δὲ
599 3189 794 3266 τρόπος
845 3188 933 3243 καὶ
965 3187 1057 3244 ἐπὶ
1101 3187 1204 3244 τῶν
1250 3185 1427 3244 ἄλλων
1477 3189 1624 3264 ὑμῶν
1657 3189 1913 3264 ψευδωνύ-

2016 3189 2091 3251 lis
2111 3188 2308 3252 datam
2323 3199 2646 3270 sequentes
2669 3190 3374 3266 traditionemﬁuanimm
3397 3193 3666 3258 materiae

290 3306 410 3358 μων
466 3283 647 3358 ὁρᾶται
723 3281 858 3334 θεῶν
895 3294 908 3308 ·
987 3277 1152 3354 ταύτῃ
1216 3285 1340 3356 γοῦν
1385 3299 1473 3333 και
1515 3279 1672 3352 ὑμεῖς
1733 3279 1913 3336 ἄνωθε·

2015 3289 2073 3340 et
2095 3279 2294 3340 surda:
2317 3278 2542 3340 cultum
2572 3279 2759 3359 impie
2784 3279 3075 3356 tribuitis,
3103 3279 3290 3344 Deum
3320 3283 3517 3346 vivum
3548 3301 3666 3346 ne-

291 3369 705 3432 ἀκολουθοῦντες
767 3373 834 3442 τῇ
890 3366 1146 3444 ἀπατηλῇ
1205 3366 1514 3446 παραδόσει,
1574 3369 1774 3446 ἀψύχῳ
1829 3368 1913 3444 ὕλη

2015 3368 2442 3446 gligentes,qui
2467 3367 2684 3431 caelum
2713 3369 2999 3450 ﬁrmavit,
3033 3377 3252 3432 terram
3279 3390 3464 3452 super
3483 3391 3670 3456 aquas

288 3461 382 3519 καὶ
439 3463 596 3537 κωφῇ
630 3459 690 3513 τὸ
748 3455 905 3518 σέϐας
967 3453 1274 3512 ἀποδιδόναι
1321 3454 1599 3534 βούλεσθε,
1659 3459 1751 3513 τοῦ
1792 3465 1913 3528 ζῶν·

2016 3456 2493 3536 stabiliit,aerem
2524 3456 2826 3520 ell'udit:et
2848 3477 2984 3520 cum
3005 3459 3188 3522 rebus
3209 3459 3489 3523 omnibus
3505 3453 3672 3525 crea-

289 3573 382 3614 τος
430 3547 810 3626 ὀλιγωροῦντες
871 3553 1024 3621 θεου,
1082 3545 1139 3610 ὃς
1193 3543 1410 3624 οὖρανὸδ
1463 3543 1775 3624 ἐστερέωσε,
1833 3553 1913 3624 γῆ

2023 3545 2097 3606 tis
2118 3545 2369 3605 formam
2417 3545 2706 3620 dedisset,
2741 3546 3049 3607 hominem
3095 3547 3404 3609 dominum
3432 3549 3492 3610 in
3524 3552 3675 3630 ipsis

362 3639 374 3660 ι
437 3640 450 3660 ι
689 3633 748 3662 τινε
998 3635 1042 3654 τι
1177 3633 1252 3656 H"
1528 3635 1541 3654 ι
1651 3635 1677 3654 γ
1881 3637 1893 3654 κ

291 3642 358 3720 ἐφ
435 3638 620 3695 υδάτον
681 3653 931 3714 ηορασεν,
989 3656 1116 3713 αερα
1173 3655 1412 3715 εςεχεεν,
1460 3656 1544 3689 και
1609 3657 1780 3692 πασαν
1841 3659 1909 3704 τη

2024 3643 2227 3716 postea
2251 3633 2568 3696 formatum
2593 3634 3122 3714 constituit.(1ujus
3157 3635 3402 3717 decepti
3425 3655 3459 3698 a
3492 3637 3673 3700 mali-

289 3731 402 3788 τῶν
461 3729 628 3784 ὄντων
703 3727 854 3806 φύσιν
921 3721 1321 3803 διαμοριριύσας,
1381 3725 1565 3801 Κύριον
1624 3723 1715 3779 ἐπ’
1777 3730 1908 3792 αὖτῆ

2023 3743 2142 3804 gno
2166 3732 2472 3804 serpente,
2506 3732 2565 3785 et
2586 3723 3134 3787 innumerabilibus
3159 3725 3332 3788 tracti
3365 3726 3677 3790 erroribus

291 3823 390 3877 τὸν
431 3816 704 3897 ἄνθρωπον
761 3816 1158 3884 κατεστήσατο.
1222 3820 1418 3871 Τοῦτον
1449 3814 1550 3868 ὑπὸ
1583 3823 1676 3872 τοῦ
1706 3837 1912 3892 πονηρο

2029 3825 2087 3876 et
2109 3813 2499 3888 exitiis,Deus
2511 3813 2778 3876 Verbum
2802 3814 3290 3888 misertus,homo
3313 3813 3446 3876 ﬁeri
3461 3813 3674 3897 voluit,

295 3909 548 3984 δαίμονος
603 3906 867 3985 ἀγόμενον
922 3906 1007 3961 καὶ
1067 3902 1447 3978 δελεαζόμενον
1530 3904 1616 3958 ναὶ
1681 3919 1913 3984 πονηροϊ

2031 3913 2089 3965 et
2115 3901 2290 3964 nobis
2316 3902 2498 3964 simili
2525 3903 2716 3966 forma
2739 3904 3110 3984 suscepta,in
3133 3921 3204 3966 ea
3227 3903 3287 3964 in
3311 3921 3550 3967 crucem
3581 3922 3682 3966 ac-

301 3999 478 4077 ἕργοις
535 4003 629 4053 τοῦ
660 3995 1020 4062 πεποιηκότος
1067 3992 1202 4050 Θεοῦ
1233 3993 1629 4070 μακρυνόμενον
1663 3995 1913 4072 οἰκτείρας

2033 4004 2125 4055 tus
2149 4001 2206 4054 et
2229 3991 2524 4072 sepultus,
2560 4011 2694 4055 cum
2722 3993 2898 4056 tertio
2921 3991 3020 4054 die
3041 3992 3498 4066 resurrexisset,
3533 3991 3680 4056 etin

301 4089 421 4146 ἐπεὶ
449 4085 666 4144 πολλῶν
710 4086 970 4162 πρότερον
1026 4081 1332 4161 γενομένων
1391 4080 1710 4158 ἀδιόρθωτον
1769 4084 1836 4152 ἧν
1888 4109 1913 4140 τ

2033 4083 2217 4146 caelos
2243 4090 2404 4144 esset
2421 4092 2786 4164 assumptus,
2821 4082 2998 4145 sedet
3021 4083 3095 4144 ad
3119 4082 3425 4147 dexteram
3452 4083 3679 4165 majes-

303 4179 497 4250 κακόν,
559 4175 848 4242 εὐδόκησεν
893 4177 921 4230 ὁ
963 4179 1056 4230 τοῦ
1087 4179 1220 4228 Θεοῦ
1255 4173 1428 4251 Λόγος
1461 4169 1552 4227 διὰ
1608 4171 1818 4242 πολλὴν
1861 4173 1907 4230 δι

2034 4171 2169 4234 tatis
2191 4173 2252 4234 in
2275 4171 2550 4247 excelsis,
2578 4171 2771 4234 donec
2811 4189 3183 4254 quaecunque
3204 4191 3303 4236 res
3334 4179 3426 4236 est
3453 4181 3677 4249 creata,

302 4272 367 4326 τὸ
419 4267 642 4342 πλάσμα
701 4263 1124 4342 φιλανθρωπίαν,
1172 4262 1452 4340 ἅνθρωπος
1519 4261 1764 4339 γενέσθαι
1810 4286 1910 4340 μορ

2031 4280 2166 4323 eum
2188 4268 2493 4340 agnoscat:
2522 4267 2583 4323 et
2611 4261 2698 4323 sic
2723 4280 2756 4324 e
2782 4261 2954 4324 coelis
2979 4279 3114 4324 cum
3139 4263 3342 4326 divina
3370 4263 3592 4326 virtute
3624 4271 3684 4326 et

305 4359 412 4440 φὴν
445 4378 502 4412 τε
540 4354 728 4430 ὁμοίαν
758 4355 896 4428 ἡμῖν
927 4348 1217 4408 ἀναλαϐεῖν
1243 4353 1330 4407 καὶ
1380 4349 1434 4406 ἐν
1480 4349 1616 4426 αῦτῇ
1652 4353 1748 4406 καί
1782 4373 1910 4409 σταυ

2031 4349 2224 4440 gloria
2260 4349 2831 4440 appa_rens_,_reddet
2877 4349 3208 4432 unicuique
3249 4351 3687 4440 convenienter

307 4436 400 4528 ρὸν
453 4448 542 4502 καὶ
595 4444 817 4500 θάνατον
878 4443 1194 4517 ὑπομεῖναι,
1258 4439 1352 4496 καί
1411 4437 1548 4496 οὕτω
1604 4443 1913 4498 ταπεινωθεῖ

2002 4439 2156 4501 ’θυῖε
2179 4437 2658 4528 actionibuleic
2683 4447 2774 4501 est
2799 4441 2960 4502 Deus
2985 4440 3265 4518 deorum,
3298 4439 3422 4504 Rex
3447 4460 3682 4523 regum,

310 4527 672 4614 καταισχῦναι
732 4533 822 4586 τὸν
883 4531 1247 4609 ὑπερήφανον,
1317 4531 1642 4606 Σταυρωθεὶς
1703 4530 1792 4586 οὖν
1852 4553 1913 4587 κα

2037 4537 2097 4590 et
2126 4527 2315 4591 Iudex
2351 4527 2616 4589 vivorum
2649 4538 2710 4589 et
2743 4528 3267 4602 mortuorum.Qui
3292 4538 3495 4594 autem
3521 4549 3554 4593 a
3578 4549 3689 4595 vo-

311 4628 524 4708 ταιρεὶς,
557 4623 682 4678 εἶτα
711 4625 798 4676 καὶ
854 4620 1082 4682 ἀναστὰς
1133 4618 1192 4674 ἐκ
1245 4625 1443 4698 νεκρῶν
1477 4621 1564 4676 καὶ
1596 4620 1668 4681 εἷς
1704 4620 1913 4700 ούρανοὶ

2036 4615 2130 4679 bis
2296 4617 2731 4708 existimantur,
2767 4625 2909 4680 sunt
2939 4617 3152 4681 τοιοτηί
3210 4617 3366 4697 ignis
3417 4618 3686 4699 fomites,

313 4705 660 4788 ἀναληφθεὶς,
725 4711 781 4766 ἐν
839 4709 982 4781 δεξιᾷ
1023 4710 1252 4775 κάθηται
1310 4718 1398 4767 νῦν
1429 4709 1524 4778 cii:
1561 4708 1913 4787 μεγαλωσύνη

2037 4726 2169 4770 cum
2201 4705 2274 4768 iis
2305 4706 2412 4784 qui
2443 4705 2610 4787 ipsos
2644 4706 2877 4771 colunt.

316 4807 372 4863 ἒν
427 4779 682 4880 ὑψηλοῖς,
745 4799 848 4862 ἕως
915 4801 952 4866 ἡ
1009 4799 1262 4872 σύμπασα
1329 4797 1496 4862 κτίσις
1571 4798 1730 4856 αὐτὸν
1809 4800 2035 4878 ἐπιγνῷ,
2097 4797 2184 4853 καὶ
2250 4795 2418 4860 οὕτως
2478 4797 2753 4874 οὖρανόθεν
2815 4797 2952 4873 μετὰ
3028 4794 3301 4875 δυνάμεως
3361 4801 3690 4878 θεοπρεποῦς

315 4899 416 4954 καὶ
475 4892 627 4960 δόξῆς
687 4889 850 4946 ἐλθὼν
903 4885 1168 4944 ἀποδώσει
1215 4887 1424 4960 ἑκάστῳ
1471 4886 1707 4966 πράξεώς
1767 4911 1824 4946 τε
1886 4889 1970 4945 καὶ
2014 4885 2235 4964 γνώμης
2291 4886 2386 4952 τὰς
2445 4882 2762 4950 ἀντιδόσεις.
2815 4885 2980 4950 Οὗτός
3039 4885 3151 4944 ἐστι
3196 4887 3328 4952 Θεὸς
3389 4889 3546 4966 θεῶν,
3579 4895 3693 4944 Ba-

318 4985 496 5048 σιλεὺς
571 4980 831 5060 βασιλέων
896 4978 983 5033 καὶ
1058 4975 1251 5055 Κριτὴς
1321 4977 1534 5047 ζώντων
1593 4978 1723 5051 ὁμοῦ
1793 4978 1882 5034 καὶ
1953 4981 2176 5054 νεκρῶν·
2257 4975 2305 5030 οἰ
2364 4972 2420 5030 δὲ
2492 4973 2617 5052 παρ’
2688 4975 2818 5050 ὑμῖν
2875 4976 2983 5033 θεοὶ
3040 4976 3380 5052 νομιζόμενοι
3453 4975 3693 5051 ὀνόματα

317 5077 482 5156 μόνον
543 5073 693 5146 εἰσὶν,
767 5067 938 5148 ἔργων
999 5065 1173 5146 ἔρημα
1232 5063 1268 5132 ἢ
1339 5063 1602 5141 δαιμόνων
1659 5067 1919 5146 εὒρὲματα
1997 5067 2270 5144 πονηρῶν,
2344 5065 2418 5128 εἷς
2477 5061 2746 5122 ἀπώλειαν
2818 5066 2982 5142 μόνον
3037 5067 3144 5122 τῶν
3201 5063 3334 5124 αὐτὰ
3391 5060 3693 5141 σεϐομένων

319 5161 664 5243 ἐξευρημένα.

405 5237 516 5315 ιλξ
564 5250 775 5308 Τούτων
825 5244 963 5304 οὕτω
1005 5242 1318 5323 λεγομένων
1361 5244 1462 5299 ὑπὸ
1519 5251 1613 5300 τοῦ
1671 5243 1913 5324 μάρτυρα

2121 5241 2368 5306 Xl.Haac
2387 5259 2525 5312 cum
2549 5239 2784 5304 diceret
2799 5240 3010 5304 beatus
3029 5237 3691 5323 Tryphon,Aquilinus,

325 5350 354 5404 ὃ
405 5341 717 5420 Ἀκυλϊνος,
761 5335 876 5394 κατ’
924 5334 1086 5414 ἄκρας
1133 5334 1347 5408 μανείς,
1410 5331 1614 5388 κελεύει
1658 5339 1752 5390 τοῦ
1810 5331 1913 5398 ξύλα

2046 5349 2282 5394 summo
2306 5331 2509 5394 furore
2528 5330 2960 5420 percitus,eum
2983 5329 3228 5410 quidem
3248 5327 3513 5410 jubetde
3529 5330 3695 5414 ligno

329 5434 427 5510 μὲν
469 5417 844 5509 καθαιρεθῆναι
887 5427 980 5482 τὸν
1035 5424 1212 5503 ἅγιον,
1244 5421 1463 5479 ἕπεσθαι
1512 5417 1568 5477 δὲ
1611 5420 1757 5495 αὒτῷ
1813 5419 1913 5477 δεδι

2047 5420 2574 5501 deponi,seautem
2589 5419 2759 5500 sequi
2784 5419 3402 5510 vinctum.exeuntem
3425 5420 3499 5484 ad
3519 5440 3696 5488 vena-

332 5502 490 5599 μένον
543 5502 674 5598 προς
715 5519 995 5593 κυνηγίαν.
1043 5502 1138 5570 Ἠν
1185 5515 1273 5570 οὖν
1331 5509 1662 5590 πικροτάτην
1715 5511 1842 5588 ὃρᾷν
1890 5534 1913 5569 τ

2050 5511 2552 5576 tionem.Licebat
2575 5529 2717 5589 ergo
2743 5509 2950 5573 videre
2963 5511 3422 5577 acerbissimum
3440 5522 3699 5581 tormen-

333 5611 558 5693 μάρτυρι
599 5609 698 5676 τὴν
739 5607 968 5685 βάσανον
999 5601 1342 5682 ἐπαγομένην
1377 5619 1391 5636 ⁸

655 5714 915 5778 ΡΔταοι..
943 5711 1058 5776 Gn.
1094 5708 1302 5776 CXIV.

1447 5602 1536 5658 καὶ
1593 5599 1694 5679 γὰρ
1751 5601 1804 5655 ad
1861 5598 1965 5676 βά·
2048 5603 2799 5680 tuminﬂlglmartyri.Nam
2819 5603 3029 5679 planta
3048 5607 3264 5682 pedum
3285 5607 3414 5683 ejus
3434 5609 3694 5674 disrum-

3299 5707 3378 5774 42
