4028 6202
263 268 416 341 1325

1474 279 1676 346 ‘VITA
1734 281 1794 344 S.
1843 278 2308 342 TRYPHONIS.

3477 276 3628 343 1326

235 432 329 468 σου
386 410 449 466 τὸ
507 408 662 489 δριμὺ
723 411 830 468 τῶν
889 411 1218 486 γολάσεωνς
1285 406 1341 473 Ὀ
1385 412 1441 471 δὲ
1498 414 1674 494 ἅγιος,
1707 414 1888 493 ὥσπερ

1982 428 2112 474 vero
2134 411 2412 492 Tryphon
2445 410 2799 491 respondit:
2835 409 3161 492 Quousque
3185 416 3244 472 tu
3262 428 3382 473 non
3397 412 3625 477 intelli-

236 499 549 580 ἁτιστρὲφον
606 504 667 557 ὲκ
726 506 835 557 τῶν
893 503 1122 576 ὁμαίων·
1175 505 1349 584 Μέχρι
1398 507 1564 579 τίνος,
1627 506 1778 580 εἷπε,
1831 506 1893 561 οὗ

237 590 485 659 συνήσεις
520 588 680 655 αὐτὸς
740 591 839 658 τὴν
894 589 1113 657 δύναμιν
1148 600 1238 651 τοῦ
1292 595 1347 650 ἐν
1403 594 1522 669 ἐμοὶ
1573 601 1891 652 κατοικοῦν-

235 698 372 757 τοςς
428 679 605 759 Μέχρι
656 681 797 742 τίνος
833 680 931 737 οὒκ
959 681 1177 750 ἀνήσεις
1223 682 1470 761 πειράξον
1524 685 1587 741 τὸ
1617 694 1712 743 τοῦ
1761 687 1895 741 Θεοῦ

235 769 451 841 Πνεῦεια
491 770 554 823 τὸ
580 767 779 846 ἅγιονς
829 768 1049 827 Οὗδέπω
1097 774 1263 850 ᾔσθου
1296 772 1547 840 ἀνίκητον
1595 775 1742 830 εἷται
1791 774 1891 840 τὴν

232 856 328 913 τοῦ
373 860 604 935 Χριστοῦ
660 856 932 935 δύναμινς
994 863 1167 935 Θυμὸς
1226 863 1359 939 πρὸς
1414 869 1578 920 ταῦτα
1634 861 1892 938 λαμϐάνει

234 948 330 1002 τὸν
401 944 655 1014 δικαστὴν
739 949 830 1005 καὶ
909 947 1117 1005 κελεύει
1202 952 1720 1029 περιαγκωνισθέντα
1798 954 1893 1009 ’τὸν

232 1035 391 1113 ἅγιον
452 1041 736 1094 τύπτεσθαι
792 1035 1025 1116 ράὅδοις⁶
1076 1039 1201 1096 εῖτα
1260 1054 1384 1103 ταῖς
1429 1040 1685 1122 πλευραῖς
1733 1043 1894 1099 αὐτοῦ

234 1123 520 1201 λαμπάδας
578 1124 905 1207 ὑφάπτεσθαι
957 1134 1142 1209 πυρός⁸
1186 1130 1334 1186 Μετὰ
1383 1129 1593 1198 πολλῆς
1651 1131 1740 1188 οὖν
1795 1130 1892 1199 τῆς

237 1211 600 1293 σφοδρότητος
659 1216 748 1273 καὶ
805 1218 1006 1274 τούτων
1057 1218 1201 1292 αὐτῷ
1255 1218 1364 1275 τῶν
1393 1219 1640 1295 βασάνων
1685 1219 1892 1298 ἐπαγο-

236 1303 441 1381 μένων,
476 1304 601 1362 θεῖαί
637 1326 721 1370 τις
776 1306 1055 1385 οὐρανόθεν
1107 1304 1355 1386 ἐξαίφνης
1409 1307 1563 1366 οὖτὸν
1614 1309 1893 1388 ἐπιφάνεια

234 1393 659 1470 καταστράψασα
734 1397 824 1452 καὶ
892 1395 1148 1476 στέφανον
1218 1397 1374 1471 ἐῴκει
1444 1398 1562 1455 τινὰ
1617 1398 1892 1477 πάγκαλον

234 1478 395 1539 λίθων
470 1480 569 1560 ἄρα
646 1484 736 1541 καὶ
807 1485 994 1564 χάρισι
1070 1486 1533 1562 περιανθιζόμενον
1601 1489 1894 1558 προτείνειν

234 1571 406 1648 αὐτῷ,
454 1571 585 1649 ὅπερ
644 1571 910 1641 ἰκκλῆξαν
953 1574 1189 1654 ίσχυρὦς
1249 1578 1367 1639 τοὺς
1416 1579 1550 1653 πρὸς
1604 1580 1667 1635 τὸ
1719 1576 1875 1636 κολά-

233 1667 346 1731 ζειν
409 1663 502 1718 τὸν
558 1662 714 1740 ἅγιον
771 1665 1207 1745 περιισταμένους
1281 1667 1368 1722 καὶ
1428 1667 1502 1728 εἰς
1571 1672 1676 1745 γῆν
1728 1689 1894 1745 παρα-

1974 519 2081 580 ges
2112 506 2389 563 virtutem
2424 500 2808 581 Christi,quaa
2840 499 2901 561 in
2930 515 3024 562 me
3044 506 3284 563 manet?
3302 499 3625 583 Quousque

1975 609 2096 652 non
2123 588 2369 653 desines
2386 598 2619 652 tentare
2640 587 2924 668 Spiritum
2952 595 3256 653 sanctum?
3272 589 3625 667 Miser,non-

1975 679 2114 741 dum
2153 679 2410 749 ,sensisti
2458 679 2744 741 invictam
2799 696 2934 740 esse
2980 676 3201 740 Christi
3244 680 3630 759 potentiam?

1974 769 2142 831 Tunc
2174 769 2264 832 ira
2293 770 2562 851 repletus
2595 768 2837 849 impius,
2863 765 3040 847 jubet
3075 786 3214 829 eum
3244 768 3628 835 circumactis

1976 856 2135 920 ulnis
2167 858 2474 920 verberari
2503 857 2705 936 virgis,
2728 855 2948 918 deinde
2975 856 3111 936 ejus
3132 855 3417 920 lateribus
3448 858 3626 921 adhi-

1978 946 2106 1008 beri
2134 948 2296 1010 faces
2342 947 2517 1027 ignis.
2551 946 2697 1008 Cum
2730 964 2873 1025 ergo
2904 964 3036 1007 cum
3069 964 3284 1026 magna
3310 948 3629 1012 vehemen-

1977 1037 2057 1099 tia
2082 1038 2206 1099 hec
2238 1037 2293 1098 ei
2317 1038 2732 1116 inﬂigarentur
2762 1044 3084 1110 tormenta,
3118 1034 3355 1098 divinus
3382 1037 3623 1119 quidam

1975 1125 2266 1207 splendor
2316 1144 2454 1188 eum
2503 1132 2756 1206 repente
2804 1124 3115 1187 illustrans
3157 1134 3218 1189 et
3262 1126 3624 1191 circumful-

1975 1234 2142 1294 gens,
2195 1214 2582 1295 divinamque
2628 1221 2690 1276 et
2735 1212 2903 1275 omni
2948 1232 3021 1276 ex
3090 1223 3259 1295 parte
3310 1216 3623 1296 pulchram

1976 1321 2257 1366 coronam
2317 1305 2633 1366 ﬂorentem
2699 1303 2953 1381 gemmis
3006 1303 3325 1383 prmbens,
3383 1313 3628 1388 stupore

1974 1394 2220 1475 quidem
2250 1393 2434 1456 afficit
2463 1412 2569 1455 eos
2602 1394 2706 1473 qui
2737 1392 2812 1455 de
2844 1394 2975 1474 ipso
3008 1393 3311 1457 habebant
3341 1398 3626 1477 quaestio-

1976 1501 2113 1545 nem
2163 1482 2283 1562 (qui
2332 1480 2577 1564 quidem
2611 1481 2899 1562 putabant
2950 1501 3086 1544 eum
3141 1486 3456 1566 torqueri),
3491 1505 3626 1549 cum

1976 1573 2093 1635 hoc
2125 1590 2401 1652 magnum
2434 1580 2494 1635 et
2546 1572 2705 1652 quod
2737 1580 3009 1635 naturam
3040 1571 3218 1651 longe
3248 1584 3517 1655 superat,
3551 1576 3633 1637 vi-

1976 1662 2209 1727 dissent
2263 1661 2615 1724 miraculum
2655 1681 2670 1722 :
2709 1671 2766 1724 et
2798 1662 3018 1735 eﬂ'ecit,
3052 1670 3117 1724 ut
3146 1680 3267 1743 pra:
3309 1672 3557 1746 stupore
3585 1665 3632 1728 ii

234 1750 478 1816 σκευάξει
532 1768 883 1814 καταπεσεῖν,
920 1744 978 1812 Ὀ
1026 1753 1080 1809 δὲ
1129 1761 1222 1812 τοῦ
1255 1758 1484 1832 Χριστοῦ
1536 1744 1735 1835 μάρτυς
1792 1744 1893 1813 ὑπὸ

1982 1754 2034 1813 in
2069 1761 2289 1814 terram
2321 1750 2631 1813 caderent.
2672 1750 2893 1813 Christi
2925 1759 3123 1812 autem
3160 1744 3472 1834 martyr,'a
3523 1774 3630 1817 su-

236 1844 342 1907 τῆς
403 1841 650 1920 ὀφθείσης
682 1844 824 1916 αὖτῷ
879 1845 1018 1905 θείας
1077 1844 1300 1920 ψάριτος
1357 1846 1580 1922 θάρσους
1637 1846 1749 1919 ἅμα
1804 1848 1894 1903 καὶ

236 1928 645 2009 ἂγαλλιάματος
730 1930 1055 2007 πληρωθεὶς,
1141 1932 1537 2011 ἐξωμολογεῖτο
1620 1940 1697 2009 τῷ
1778 1942 1894 2009 Θεῷ

234 2018 435 2097 λέγων·
512 2021 663 2098 Κύριε
752 2021 998 2078 Δέσποτα
1026 2069 1043 2095 ,
1106 2026 1410 2101 εὐχαριστῶ
1479 2025 1585 2098 σοί,
1647 2023 1728 2079 ὅτι
1800 2028 1895 2082 οὒκ

234 2106 500 2174 ἀπέλιπες
558 2130 627 2185 με
696 2111 770 2176 είς
832 2124 1028 2189 χεῖρας
1085 2111 1316 2191 ἐχθρῶν,
1377 2109 1502 2168 ἀλλ’
1572 2113 1893 2177 ἱπεσκίασας

233 2197 326 2255 ἰπὶ
380 2199 481 2265 τὴν
543 2197 779 2278 κεφαλὴν
826 2222 929 2275 μου
957 2199 1013 2256 ἓν
1054 2199 1233 2279 ἥμὲρα
1284 2200 1524 2275 πολέμου
1576 2204 1664 2260 καὶ
1694 2201 1893 2268 ’ἐδωκὰς

235 2311 334 2364 μοι
392 2289 797 2366 ὑπερασπισμὸν
855 2291 1124 2368 σωτηρίας
1186 2292 1270 2346 καὶ
1313 2292 1347 2358 ἡ
1408 2289 1550 2357 δεξιὰ
1599 2315 1694 2350 σου
1762 2295 1894 2349 ἅντ-

237 2374 464 2434 ελάϐετό
535 2401 660 2453 μου.
725 2379 823 2436 Καὶ
894 2386 1004 2452 νῦν,
1062 2380 1239 2459 Κύριε,
1299 2378 1485 2454 δέομαί
1537 2404 1654 2460 σου,
1716 2382 1895 2459 παρά-

235 2468 395 2533 στηθί
452 2490 543 2542 μοι
602 2468 766 2547 μέχρι
829 2466 1009 2532 τέλους
1069 2467 1330 2548 ἐνισχύων
1376 2473 1463 2526 καὶ
1511 2468 1898 2545 ἀντιλαμϐανό-

237 2577 402 2625 μενος
457 2558 543 2613 καὶ
599 2556 926 2622 καταξίωσον
987 2557 1189 2614 τέλειον
1262 2559 1349 2614 καὶ
1405 2558 1749 2636 ἀπρόσκοπον
1806 2563 1898 2617 τὸν

236 2644 409 2702 καλὸν
483 2644 668 2723 ἀγῶνα
726 2651 822 2714 τῆς
882 2646 1171 2724 ὁμολογίας
1253 2650 1450 2715 ταύτης
1512 2648 1894 2725 ἀγωνίσασθαι,

236 2734 335 2792 ’ίνα
391 2737 478 2791 καὶ
516 2745 608 2794 τοῦ
658 2736 918 2815 στεφάνου
980 2742 1076 2803 τῆς
1121 2735 1461 2805 δικαιοσύνης
1498 2738 1635 2812 μετὰ
1684 2739 1896 2799 πάντων

237 2823 555 2889 καταξιωθῶ
610 2831 716 2881 τῶν
747 2824 1117 2904 ἧγαπηκότων
1176 2828 1237 2882 τὸ
1266 2826 1437 2902 ὄνομά
1490 2849 1584 2884 σου
1616 2830 1675 2885 τὸ
1723 2828 1894 2906 ἅγιον,

239 2914 324 2971 ὅτι
358 2913 518 2989 μόνος
549 2916 605 2972 εἶ
635 2913 1012 2990 δεδοξασμένος
1045 2917 1119 2978 εἰς
1162 2920 1284 2979 τοὺς
1316 2918 1534 2980 αἰῶνας.
1575 2916 1774 2992 Ἀμὴν.

327 3004 444 3064 ω’.
499 3005 664 3063 Πάλιν
695 3009 785 3063 οὗν
816 3010 843 3064 ὁ
876 3009 1064 3085 μιαρὸς
1120 3007 1327 3073 ἐκεῖνος
1361 3008 1619 3078 ὄικαστὴς
1674 3011 1777 3067 ὑπὸ
1806 3020 1900 3069 τοῦ

1975 1849 2137 1922 peris
2194 1840 2509 1903 advenisse
2543 1848 2826 1920 expertus
2877 1839 3317 1916 defensionem,
3350 1841 3634 1924 impletus

1976 1930 2195 1993 ﬁducia
2225 1938 2284 1991 et
2314 1928 2741 2009 exsultatione,
2778 1927 2901 1990 Deo
2937 1929 3362 2006 confitebatur,
3397 1930 3630 1996 dicens:

1977 2019 2256 2091 Domine,
2290 2037 2399 2097 ago
2433 2018 2537 2079 tibi
2570 2020 2814 2098 gratias,
2848 2018 3007 2099 quod
3054 2037 3175 2080 non
3209 2017 3506 2101 reliquisti
3537 2039 3637 2084 me

1977 2108 2038 2171 in
2091 2109 2369 2171 manibus
2398 2108 2782 2170 inimicorum
2820 2125 2835 2170 :
2888 2107 2996 2169 sed
3029 2106 3404 2172 obumbrasti
3448 2126 3638 2192 super

1978 2207 2154 2279 caput
2200 2217 2399 2260 meum
2435 2200 2495 2259 in
2529 2197 2629 2259 die
2661 2197 2829 2278 belli,
2858 2206 2916 2259 et
2965 2197 3184 2260 dedisti
3214 2199 3361 2260 mihi
3392 2207 3632 2281 protec-

1978 2290 2200 2350 tionem
2253 2287 2487 2362 salutis,
2521 2296 2580 2348 et
2638 2286 2885 2348 dextera
2938 2293 3032 2347 tua
3063 2287 3329 2366 suscepit
3387 2307 3507 2350 me.
3563 2290 3634 2351 Et

1978 2396 2162 2451 nunc,
2186 2376 2463 2447 Domine,
2488 2393 2633 2454 rogo
2669 2386 2749 2449 te,
2776 2375 2940 2437 adsis
2971 2375 3119 2437 mihi
3155 2385 3463 2457 perpetuo,
3494 2397 3635 2441 con-

1981 2468 2225 2528 ﬁrmans
2274 2475 2334 2528 et
2369 2465 2726 2539 defendens,
2762 2474 2822 2526 et
2851 2464 3099 2543 dignare
3132 2484 3228 2527 me
3279 2466 3546 2544 perfecte
3575 2482 3633 2533 et

1981 2558 2113 2618 sine
2147 2555 2265 2617 ulla
2295 2555 2627 2618 offensione
2657 2555 2970 2618 decertare
3001 2555 3115 2616 hoc
3149 2556 3462 2635 pulchrum
3490 2575 3632 2620 cer-

1983 2657 2180 2709 tamen
2212 2645 2637 2718 confessionis,
2675 2655 2741 2706 ut
2774 2647 2951 2707 etiam
3001 2664 3223 2707 corona
3245 2646 3493 2725 justitim
3533 2648 3632 2710 di-

1982 2754 2132 2816 gnus
2166 2734 2391 2797 habear
2420 2753 2555 2795 cum
2589 2734 2871 2796 omnibus
2903 2735 3001 2813 qui
3032 2743 3196 2796 tuum
3245 2753 3467 2798 nomen
3500 2755 3634 2798 san-

1981 2836 2141 2887 ctum
2192 2824 2549 2887 dilexerunt.
2602 2822 2896 2895 Quoniam
2937 2823 3101 2886 solus
3142 2843 3211 2886 es
3259 2825 3632 2905 gloriﬁcatus

1979 2916 2040 2977 in
2074 2914 2313 2976 saecula.
2346 2913 2559 2976 Amen.

2029 3003 2419 3067 XlV.Rursus
2434 3013 2634 3064 autem
2659 3002 3066 3065 exsecrandus
3086 3004 3191 3066 ille
3215 3003 3399 3085 judex
3431 3023 3633 3069 accer-

238 3100 296 3153 ἓν
353 3097 493 3168 αὐτῴ
552 3094 842 3161 λαλοῦντος
912 3095 1162 3165 δαίμονος
1232 3099 1628 3174 συνωθούμενος
1686 3098 1893 3176 περιῄει

1982 3111 2122 3155 sens
2151 3093 2529 3182 athletam,et
2553 3092 2734 3182 veluti
2762 3092 2997 3182 adulari
3018 3111 3139 3173 prae
3161 3112 3225 3156 se
3258 3096 3483 3156 ferens:
3519 3094 3632 3158 Sa-

239 3187 335 3242 τδν
396 3184 637 3252 ἀθλητὴν
692 3186 997 3251 κολακείαις
1048 3186 1302 3264 ὑποσύραι
1361 3186 1715 3265 πειρώμενος*
1777 3189 1893 3267 καί,

1982 3181 2207 3253 critica,
2243 3180 2504 3255 dicebat,
2533 3202 2566 3241 ο
2598 3179 2905 3261 Tryphon,
2942 3200 3154 3260 magno
3183 3182 3336 3253 .lovi,
3369 3192 3432 3245 et
3450 3183 3637 3245 adora

246 3283 441 3353 Θῦσον,
490 3273 665 3352 ἔλεγὲ,
700 3283 776 3349 τῷ
820 3275 1045 3353 μεγάλῳ
1096 3278 1200 3347 Διὶ,
1234 3278 1450 3356 Τρύφων
1478 3279 1567 3333 καὶ
1605 3278 1893 3356 προσκύνη·

1984 3273 2304 3348 imaginem
2331 3270 2674 3335 Cmsaris,et
2694 3288 2805 3349 ego
2829 3279 2887 3332 te
2908 3270 3204 3332 dimittam
3232 3272 3503 3333 maximis
3532 3274 3637 3335 ho-

242 3385 340 3422 σον
372 3362 440 3431 τῇ
493 3364 652 3419 είκονι
707 3364 990 3442 Καίσαρος,
1037 3363 1192 3443 κάγὼ
1233 3365 1493 3443 μεγίστης
1545 3366 1634 3422 καὶ
1691 3365 1893 3443 δωρεῶν

1987 3358 2239 3421 noribus
2266 3358 2541 3420 allectum
2577 3369 2636 3420 et
2665 3357 3040 3421 muneribus.
3076 3357 3329 3422 Sanctus
3356 3362 3639 3442 Tryphon

242 3474 305 3511 σε
338 3451 604 3509 πλείστων
636 3451 865 3517 ἀξιώσας
896 3452 1186 3529 ἐκπέμψω.
1218 3452 1339 3534 Ἐφ’
1371 3455 1458 3519 οἶς
1505 3456 1596 3511 καὶ
1628 3454 1893 3530 μειδιάσαι

1989 3445 2583 3520 subridens,dixit:Si
2606 3447 2772 3509 illum
2798 3448 2992 3528 ipsum
3015 3447 3343 3526 Augustum
3362 3449 3635 3531 despexi,

240 3544 338 3600 τὸν
402 3542 556 3619 ἅγιον
615 3541 859 3623 ἐπελθὸν,
895 3544 955 3600 Εἰ
993 3544 1153 3601 αὐτοῦ
1208 3543 1434 3623 ἐκείνου,
1465 3545 1624 3619 φάναι
1653 3552 1746 3602 τοὺ
1803 3566 1893 3602 σε-

1983 3545 2043 3599 et
2061 3556 2095 3598 a
2115 3537 2350 3599 ratione
2371 3536 2567 3598 aliena
2589 3537 2721 3615 ejus
2735 3538 2903 3615 jussa
2919 3538 3477 3616 respni,inanimam
3505 3543 3639 3619 ejus

240 3630 446 3690 ϐαστοῦ
493 3652 589 3688 σου
666 3634 1041 3712 κατεφρόνησα
1112 3639 1352 3712 φανερῶς
1431 3634 1519 3688 καὶ
1576 3632 1639 3696 ἃς
1728 3635 1893 3707 ἔθετο,

1983 3627 2594 3707 ἰιηδᾳὶηοιιι,ίιιιιηιιηε
2613 3636 2740 3688 arte
2758 3634 2815 3688 et
2832 3625 3138 3687 coloribus
3159 3627 3638 3697 formatam,ado-

242 3718 559 3800 προστάξεις
615 3723 987 3800 μυκτηρισμὸν
1043 3720 1183 3785 ὅλως
1240 3723 1326 3777 καὶ
1369 3720 1576 3801 χλεύην
1631 3723 1893 3790 ἐποιησά-

1982 3716 2162 3779 rabo?
2182 3717 2379 3778 Absit.
2408 3717 2494 3778 De
2517 3714 2662 3780 Jove
2682 3732 2824 3777 vero
2846 3723 2907 3777 et
2928 3714 3065 3776 aliis
3096 3714 3344 3795 tuis,qui
3367 3715 3514 3778 falso
3535 3735 3639 3778 no-

245 3833 387 3886 μην,
420 3814 489 3886 τῇ
528 3810 730 3890 ἀψύχῳ
773 3813 957 3868 τούτου
1016 3810 1181 3868 εἰκόνι
1237 3812 1598 3887 πεισθήσομαι
1663 3835 1893 3887 προσκο-

1992 3807 2157 3869 mine
2185 3806 2464 3867 dicuntur
2503 3804 2608 3881 dii,
2638 3804 2944 3882 interroga
2975 3822 3099 3879 eos,
3126 3805 3229 3885 qui
3253 3806 3412 3866 inter
3442 3823 3546 3867 vos
3572 3824 3640 3867 se

246 3913 421 3976 νεῖν;
470 3897 678 3980 Σφόδρα
722 3900 784 3955 ἃν
829 3902 917 3956 καὶ
970 3899 1127 3963 αὐτὸς
1171 3900 1236 3968 ἧς
1281 3902 1525 3979 πιθανός,
1557 3902 1709 3980 κάγὼ
1751 3903 1893 3959 εὔκο-

1985 3896 2211 3976 jactant
2240 3895 2315 3959 de
2346 3894 2770 3975 sapientia,qui
2791 3897 2949 3974 quod
2976 3912 3050 3955 ex
3081 3892 3316 3974 iis;qua3
3342 3893 3421 3955 de
3450 3894 3522 3956 iis
3541 3894 3641 3957 di-

243 3989 345 4052 λός
404 4010 486 4052 τις
524 3990 654 4067 πρὸς
711 3991 949 4065 ἀπάτην,
997 3991 1085 4047 καὶ
1144 3990 1455 4070 πρόχειρος.
1518 3993 1648 4070 Περὶ
1675 3993 1796 4056 Διὸς
1855 3991 1893 4048 δί

1994 3994 2210 4048 cuntur
2236 3984 2482 4059 fabulis,
2506 3982 2581 4043 iis
2609 3983 2712 4064 qui
2739 3984 3003 4061 sapiunt,
3029 3990 3277 4064 apparet
3308 3990 3500 4064 turpe,
3532 4001 3640 4046 co-

244 4081 337 4138 καὶ
397 4085 505 4135 τῶν
564 4078 740 4136 ἄλλων
795 4101 889 4140 σου
947 4078 1305 4156 ψευδωνύμων
1346 4083 1504 4152 θεῶν,
1562 4082 1733 4158 ἐρώτα
1788 4083 1893 4139 τοὺι

1998 4085 2217 4139 nantur
2238 4075 2524 4153 effugere,
2555 4071 2761 4136 Jovem
2793 4071 3036 4153 quidem
3063 4071 3269 4134 dicunt
3292 4071 3645 4147 aetheraJu-

248 4169 341 4226 ἐπὶ
389 4168 547 4248 σοφία
590 4168 723 4247 παρ’
771 4170 901 4245 ὑμῖν
959 4176 1454 4249 μεγαφρονοῦντας,
1485 4170 1541 4226 οἳ
1596 4170 1657 4226 τὸ
1712 4173 1773 4227 ὲκ
1812 4170 1893 4238 τῆι

1994 4182 2213 4227 nonem
2237 4173 2436 4226 autem
2458 4170 2756 4239 aerem,et
2784 4162 3065 4225 Cererem
3089 4168 3402 4237 terram,et
3424 4161 3647 4243 Neptu-

248 4257 574 4336 μυθολογίας
642 4259 867 4338 αἰσχρὸν
939 4260 1268 4337 πειρώμενοι
1330 4257 1750 4339 συγκαλύπτειν,
1813 4261 1893 4315 Avi

1992 4273 2133 4317 num
2151 4257 2385 4329 quidem
2409 4271 2590 4323 mare,
2612 4255 2940 4326 Apollinem
2978 4270 3112 4314 vero
3134 4254 3340 4321 solem,
3369 4264 3426 4314 et
3447 4255 3644 4314 lunam

250 4347 356 4424 μὲν
413 4349 504 4403 τὸν
557 4347 757 4426 αἰθέρα,
818 4347 990 4425 ’Ἦραν
1048 4346 1103 4402 δὲ
1172 4350 1263 4405 τὸν
1320 4347 1449 4426 ἀέρα
1506 4352 1594 4405 καὶ
1649 4348 1749 4416 τὴν

1993 4341 2233 4402 Dianam
2256 4340 2815 4400 nominaruntJdem
2841 4341 2980 4398 mihi
3007 4339 3274 4398 videntur
3300 4340 3644 4399 Mercurium

255 4437 578 4514 Δήμητραν,
624 4441 714 4494 καὶ
740 4425 1044 4495 Ποσειδῶνα
1088 4436 1186 4511 μὲν
1229 4437 1329 4504 τὴν
1380 4425 1649 4494 θάλασσαν
1704 4425 1893 4494 Ἀπόλ-

1994 4427 2231 4511 quidem
2259 4428 2858 4490 orationem.Martem
2875 4433 3072 4488 autem
3094 4425 3326 4495 iram,et
3344 4426 3643 4488 Venerem

253 4530 406 4584 λωνα
448 4522 499 4581 δὲ
554 4525 645 4582 τὸν
704 4525 884 4601 ἥλιον,
932 4527 1019 4582 καὶ
1063 4525 1322 4604 ’Ἄρτεμιν
1356 4525 1452 4591 τὴν
1509 4524 1743 4595 σελήνην
1786 4546 1893 4583 κατ¹

1996 4521 2382 4603 cupiditatem
2415 4520 2618 4583 dicere
2648 4537 2757 4602 per
2808 4519 3183 4598 allegoriam.
3215 4518 3288 4582 Et
3316 4524 3404 4582 sic
3433 4537 3651 4583 unam~

254 4615 625 4695 ωνομάιιασιν,
659 4618 732 4672 ὧν
794 4616 967 4672 αὐτῶν
1019 4613 1073 4673 δέ
1126 4615 1268 4671 ἔστιν
1323 4618 1409 4670 καὶ
1457 4616 1519 4671 τὸ
1573 4616 1664 4672 τὸν
1712 4606 1915 4693 Ἐρμῆν

256 4706 360 4782 μὲν
406 4705 477 4762 εἷς
536 4706 627 4762 τὸν
683 4704 870 4784 λόγον,
900 4706 991 4763 τὸν
1042 4704 1214 4781 ’Ἄρην
1264 4702 1316 4760 δὲ
1361 4705 1434 4767 εἰς
1474 4706 1566 4761 τὸν
1607 4706 1772 4780 θυμὸν
1827 4710 1916 4765 καὶ

255 4795 359 4862 τὴν
403 4791 716 4872 Ἀφροδίτην
774 4794 847 4860 είς
905 4794 1005 4862 τὴν
1065 4793 1272 4874 φαύλην
1341 4793 1616 4869 ἐπιθυμίαν
1671 4793 1916 4873 ἀλληγο-

252 4896 403 4963 ρεῖν,
436 4881 648 4953 δήλαιοι
708 4883 875 4950 ὅντως
905 4884 1064 4958 ὑμεῖς
1122 4889 1228 4940 τῶν
1274 4881 1546 4961 λογισμῶν
1575 4883 1775 4940 τούτων
1829 4885 1917 4940 καὶ

261 4973 488 5051 πονηροί
529 4978 630 5041 τῆς
696 4970 1066 5047 ςακοϐουλίας,
1125 4975 1181 5029 οἳ
1251 4973 1329 5048 μὴ
1388 4972 1540 5046 μόνοι
1585 4974 1730 5031 αὐτοί
1785 4975 1916 5053 πρὸς

260 5060 537 5121 ἃπώλειαν
595 5062 919 5142 ὶξετράπητε
970 5064 1064 5119 τὸν
1118 5061 1294 5129 άληθῆ
1346 5062 1478 5119 Θεὸν
1522 5061 1917 5140 ἐγκαταλιπόν-

1998 4628 2295 4690 quamque
2337 4608 2542 4671 mundi
2568 4618 2823 4691 partem,
2857 4608 3001 4690 quin
3032 4613 3212 4671 etiam
3243 4606 3409 4690 ipsos
3439 4614 3654 4671 animas

1998 4698 2238 4762 habitus
2270 4698 2593 4760 simulacra
2632 4701 3092 4775 constituentes,
3122 4705 3184 4761 et
3229 4698 3649 4762 universorum

1998 4787 2242 4870 quidem
2283 4787 2561 4868 opificem
2610 4787 2822 4851 insane
2853 4790 3259 4871 relinquente,
3292 4807 3421 4851 rem
3453 4799 3652 4850 autem

1998 4886 2258 4941 creatam
2293 4877 2479 4955 magis
2500 4896 2676 4956 quam
2711 4879 3054 4942 Creatorem
3087 4878 3376 4953 colentes,
3400 4896 3521 4938 non
3548 4894 3653 4937 ao-

1999 4964 2115 5030 lum
2140 4972 2263 5041 ipsa
2288 4988 2315 5025 a
2340 4981 2494 5027 recta
2519 4973 2800 5028 sententia
2824 4970 3258 5036 excidentes,ad
3289 4971 3494 5026 animae
3515 4970 3654 5023 inte-

2002 5059 2178 5120 ritum
2202 5054 2464 5117 ferimini
2487 5057 2961 5139 praecipites,sed
2986 5074 3096 5118 nos
3127 5054 3304 5118 etiam
3336 5051 3655 5115 contendi-

261 5172 377 5227 τες,
422 5150 562 5209 ἀλλᾶ
619 5141 724 5209 καί
766 5152 911 5227 ἡμᾶς
981 5156 1308 5219 κοινωνῆσαι
1375 5151 1472 5219 τῆς
1530 5149 1651 5209 ὁδιιῦ
1720 5152 1888 5219 ταύτῃ

2005 5155 2079 5210 tis
2100 5145 2501 5221 attrahere,ut
2526 5146 2713 5209 simus
2737 5145 3056 5226 participes
3079 5144 3351 5224 ejusdem
3386 5141 3658 5204 barathri

264 5243 394 5316 δμῖν
434 5240 505 5323 ,ἂν
556 5239 760 5318 σπουδῇ
790 5241 1043 5322 τίθεσθαι,
1076 5242 1165 5304 οὓς
1219 5239 1449 5304 πολλοῖς
1478 5241 1734 5321 πρότερον
1790 5242 1893 5323 χρό

2004 5247 2065 5301 et
2089 5236 2291 5300 exitii:
2328 5237 2435 5298 sed
2462 5236 2718 5316 praedam
2744 5236 2937 5297 dolosi
2966 5235 3210 5294 minime
3228 5233 3655 5313 assequemini,

263 5351 373 5396 νοις
431 5321 659 5393 Ἠσαίας
715 5331 920 5410 φθάσας
972 5330 1001 5386 ὃ
1030 5321 1033 5322 ν
1066 5331 1237 5408 μέγας
1280 5329 1437 5396 ἀξίως
1490 5333 1699 5409 θρηνεῖ·
1766 5321 1893 5389 Οὒαί

2008 5347 2116 5390 nec
2138 5349 2236 5388 eos
2257 5331 2355 5401 qui
2388 5344 2521 5387 vere
2541 5338 2924 5401 speraverunt
2942 5329 3001 5384 in
3026 5327 3217 5385 solum
3251 5326 3427 5385 Deum
3449 5326 3658 5384 fortem

264 5418 467 5496 λέγων,
499 5420 546 5476 οἱ
604 5422 665 5476 τὸ
705 5423 940 5497 πονηρὸν
984 5419 1173 5490 καλὸν,
1207 5421 1298 5477 καί
1351 5421 1413 5476 τὸ
1469 5418 1633 5476 καλὸν
1692 5422 1893 5498 πονηρὸ

2011 5428 2070 5481 οι
2090 5417 2351 5488 vivum,a
2374 5424 2538 5477 recta
2560 5423 2759 5477 mente
2782 5414 3328 5488 abducentes,vana
3344 5411 3663 5474 simulacra

267 5514 564 5581 ποιοῦντες,
599 5510 646 5567 οἱ
678 5508 903 5575 τιθέντες
953 5511 1015 5566 τὸ
1068 5509 1179 5589 φῶς
1234 5510 1447 5583 σκότος,
1478 5508 1568 5566 καί
1618 5510 1678 5564 τὸ
1738 5509 1893 5565 σκότο

2012 5506 2319 5570 attendere
2346 5503 2801 5583 persuadebitis.
2834 5502 3180 5566 Admiratus
3211 5512 3304 5565 est
3325 5502 3452 5565 haec
3481 5500 3662 5563 verba

269 5601 408 5680 φὼς,
442 5598 489 5653 οἱ
544 5597 791 5678 λέίοντες
834 5601 894 5656 τὸ
955 5600 1143 5680 πικρὰν
1176 5598 1340 5676 γλυκὺ
1386 5601 1475 5657 καί
1511 5601 1573 5658 τὸ
1607 5598 1771 5677 γλυκὺ
1832 5620 1891 5654 πι

2013 5599 2261 5662 audiens
2304 5592 2624 5675 Aquilinus
2658 5612 2671 5654 :
2707 5592 2874 5655 valde
2904 5611 3121 5674 magna
3166 5604 3365 5655 autem
3397 5594 3664 5674 repletus
