4028 6202
439 268 458 336 1
473 265 590 336 327

1695 265 1978 332 MENSIS
2026 262 2527 331 FEBRUARIUS.

3660 258 3808 326 1328

432 405 928 483 acerbitate,eum
952 418 1158 467 rursus
1179 402 1352 480 caedi,
1384 410 1441 465 et
1463 418 1571 484 per
1599 420 1838 467 omnem
1864 410 2075 466 contu-

2175 405 2308 484 ιρὸν·
2368 403 2486 461 ἀλλ’
2520 407 2579 462 οὗ
2632 405 2919 480 πεισόμεθα
2948 404 3076 478 ὑμῖν
3132 401 3372 477 οὐδαμῶς
3402 402 3439 469 ἢ
3468 400 3663 464 ἆπλῖὸς
3718 400 3810 455 λέ-

433 496 674 560 meliam
700 496 903 575 ﬂagris
917 493 1097 576 jussit
1130 491 1456 556 verberari:
1490 491 1588 571 Ut,
1614 493 1833 571 inquit,
1858 512 2082 557 consu-

434 593 636 649 matur
664 584 880 647 animae
900 584 1031 664 ejus
1055 583 1567 663 arrogantia.Cum
1591 584 1643 645 is
1661 601 1800 645 vero
1830 583 2085 646 caadere-

434 683 554 750 tur,
584 682 644 737 et
672 692 777 755 per
809 691 1054 736 omnem
1086 672 1514 735 contumeliam
1569 672 1769 753 ﬂagris
1798 673 2082 735 verbera-

431 775 624 837 retur,
657 763 870 824 eadem
901 770 1033 824 erat
1063 760 1120 823 ei
1150 760 1460 824 stabilitas.
1496 759 1620 833 Quo
1654 759 1843 839 magis
1884 770 2079 823 autem

432 850 849 915 remittebatur
896 849 1084 913 robur
1124 850 1397 931 corporis
1447 849 1635 931 plagis
1682 849 2082 912 intolerabili-

432 940 569 1021 bus,
602 960 674 1003 eo
730 940 918 1021 magis
947 940 1148 1003 cordis
1179 940 1528 1003 conﬁrmata
1567 946 1897 1001 constantia
1926 956 2081 1021 pra:-

433 1029 752 1094 clariorem
784 1029 1140 1093 ostendebat
1167 1028 1559 1091 fonctionem.

511 1119 638 1183 XV.
673 1120 821 1184 Cum
851 1136 991 1198 ergo
1023 1118 1270 1181 vidisset
1290 1118 1605 1200 praefectus
1628 1136 1692 1179 se
1724 1136 1793 1180 ea
1812 1118 2079 1198 aggredi,

436 1229 569 1294 qua
591 1210 720 1273 ﬁeri
745 1228 866 1272 non
887 1217 1186 1290 poterant,
1219 1209 1305 1270 sic
1329 1208 1462 1270 tulit
1494 1210 1854 1270 sententiam
1884 1230 1896 1268 :
1931 1207 2084 1290 Try-

438 1302 599 1383 phon
621 1297 1155 1381 Apameensis,qui
1180 1298 1529 1379 repugnavit
1548 1298 1743 1377 jussui
1765 1298 2083 1380 imperato-

2164 516 2347 571 γουσιν
2390 493 2425 563 ἢ
2471 492 2751 566 κολάζουσι
2809 494 2906 561 τῆς
2948 492 3091 564 ζωῆς
3140 492 3514 565 ἓκστησὸμεθα
3558 490 3815 568 πρότερον

2163 583 2199 651 ἢ
2250 589 2346 651 τῆς
2380 583 2551 650 καλῆς
2591 582 2903 661 ὁμολογίας.
2955 589 3139 656 Θαῠμα
3170 582 3255 638 ἐπὶ
3313 582 3520 645 τούτοις
3547 584 3683 659 εἶχε
3733 580 3819 633 τὸν

2165 671 2471 752 ’Λκυλῐνον,
2524 672 2620 729 καί
2674 675 2839 744 θυμὸς
2898 678 2989 728 σὺν
3050 673 3125 735 τῷ
3162 672 3417 745 θαύματι,
3455 672 3518 726 τὸ
3580 670 3683 742 μὲν
3742 667 3822 722 διὰ

2166 761 2266 829 τὴν
2322 767 2429 817 τῶν
2485 762 2778 840 εἰρημένων
2836 762 3155 840 ὑπεριρυΐαν²
3205 761 3265 815 τὸ
3315 758 3370 814 δέ
3429 757 3515 814 διὰ
3554 759 3664 823 τῆς
3720 762 3821 812 τῶν

2168 851 2374 907 οἰκείων
2428 854 2563 907 θεῶν
2602 852 2905 926 κωμῳδίαν,
2971 849 3056 906 Δι’
3112 850 3139 904 ὃ
3183 850 3270 905 καὶ
3320 850 3682 924 τιμωρεῖσθαι
3738 846 3824 900 τὸν

2169 941 2404 1019 μάρτυρα
2448 945 2543 1007 τῆς
2605 939 2854 1008 ἀληθείας
2898 938 3269 996 διεκελεύσατο
3316 938 3403 993 καὶ
3456 935 3623 992 πάλιν
3688 956 3826 989 σπα-

2169 1033 2439 1103 θιζόμενος
2470 1031 2559 1098 ἦν,

2249 1119 2352 1181 1Ε’.
2414 1120 2562 1177 Ἐπεὶ
2594 1120 2648 1175 δὲ
2707 1121 2741 1186 ἡ
2793 1120 2951 1194 ὁμοία
2995 1119 3083 1174 καὶ
3128 1116 3272 1180 αὖθις
3334 1113 3569 1171 ἒδίκνυτο
3633 1133 3824 1191 καρτε-

2168 1212 2273 1290 ρία,
2307 1212 2445 1288 ὁρῶν
2488 1213 2515 1265 ὁ
2548 1208 2733 1288 ἄρχων
2778 1211 2838 1264 τὸ
2871 1207 3081 1272 ἂκλινές
3132 1213 3231 1273 τῆς
3272 1207 3568 1269 ἐνστάσεως
3600 1205 3695 1261 καὶ
3754 1203 3830 1256 ὅτι

2167 1301 2299 1375 πρὸς
2350 1298 2539 1356 λέοντα
2571 1295 2826 1378 δορκάδας
2858 1307 3013 1357 τοῦτο
3066 1296 3130 1365 δὴ
3159 1299 3222 1352 τὸ
3262 1303 3356 1353 τοῦ
3382 1295 3544 1373 λόγου
3575 1296 3612 1361 ἡ
3675 1292 3831 1347 αἶρτοῦ

433 1379 751 1471 ris,neque
773 1388 887 1451 diis
903 1387 1089 1450 valuit
1109 1389 1468 1463 sacriﬁcare,
1496 1397 1633 1469 post
1656 1388 1840 1450 multa
1860 1379 2085 1450 inﬂicta

2175 1392 2304 1468 πρὸς
2358 1390 2447 1444 τὸν
2479 1388 2630 1465 ἅγιον
2675 1386 2903 1467 ἅμιλλα,
2934 1385 3114 1443 δίδωσι
3170 1382 3291 1443 κατ’
3336 1386 3495 1442 αὑτοῦ
3523 1384 3630 1450 τὴν
3692 1379 3829 1437 ἀπό-

435 1470 758 1552 tormenta,
784 1478 981 1559 capite
1014 1478 1135 1541 luat
1160 1493 1391 1558 poenas.
1425 1478 1636 1540 Statim
1671 1495 1812 1557 ergo
1844 1478 2085 1553 milites,

2175 1501 2331 1557 φασιν
2401 1477 2590 1542 οὕτως·
2656 1479 2871 1556 Τρύφων
2933 1476 3228 1550 Ἀπαμεὺς,
3285 1482 3362 1549 τῷ
3433 1475 3525 1530 τοῦ
3570 1470 3834 1528 σεϐαστινῦ

435 1587 572 1632 cum
598 1586 736 1632 eum
765 1568 1110 1630 eduxissent
1132 1585 1165 1628 e
1187 1566 1834 1649 civitate,adducuntin
1864 1567 2085 1642 locum,

2178 1570 2465 1646 Καίσαρος,
2499 1568 2871 1645 προστάγματι
2910 1565 3197 1643 ἀντειπὼν²
3256 1566 3344 1620 καὶ
3398 1564 3537 1639 μήτε
3584 1561 3831 1640 βασιλεῖ,

346 1662 351 1667 ’
436 1658 500 1720 in
516 1677 634 1741 quo
655 1657 804 1719 illud
823 1656 1223 1719 venerandum
1246 1664 1304 1717 et
1327 1656 1447 1718 Deo
1477 1655 1893 1717 charissimum
1916 1663 2085 1736 caput

2177 1658 2316 1730 μήτε
2359 1660 2505 1718 θεοῖς
2537 1655 2675 1720 ὅλως
2725 1656 2869 1711 εἶναι
2916 1657 3170 1728 πεισθεὶς,
3208 1650 3584 1741 μετὰνπολλὴν
3640 1664 3836 1728 πεῖραν

436 1746 716 1810 volebant
740 1743 1335 1827 amputare.Sanctus
1355 1753 1553 1807 autem
1586 1754 1997 1825 martyr,stans
2016 1744 2085 1806 ad

2175 1747 2440 1822 βασάνων,
2477 1746 2538 1802 τὸ
2596 1745 2904 1801 τελευταῖον
2957 1745 3041 1801 καὶ
3070 1744 3169 1810 τὴν
3218 1740 3455 1823 κεφαλὴν
3513 1741 3831 1810 ἐκκοπ-ιίτω,

434 1836 973 1913 orientem,vocem
994 1852 1162 1897 suam
1184 1834 1395 1896 extulit
1417 1841 1477 1895 et
1494 1833 1581 1896 sic
1599 1833 1809 1896 oravit:
1836 1834 2090 1897 Domine

435 1927 602 1988 Deus
628 1925 909 1997 deorum,
928 1925 1054 1986 Rex
1082 1941 1319 2003 regum,
1346 1921 1565 1986 Sancte
1595 1931 1960 2004 sanctorum,
1980 1942 2088 2003 ago

436 2013 544 2076 tibi
570 2014 815 2094 gratias,
849 2012 1012 2094 quod
1064 2031 1161 2075 me
1191 2013 1437 2093 dignum
1480 2014 1814 2087 censueris,
1848 2013 1952 2088 qui
1977 2012 2088 2075 hoc

436 2111 745 2166 certamen
793 2120 1141 2184 peragerem
1191 2103 1341 2163 citra
1383 2102 1971 2183 reprehensionem:
2029 2108 2088 2163 et

436 2211 597 2254 nunc
628 2209 775 2269 rogo
807 2199 885 2267 te,
922 2210 1000 2253 ne
1031 2210 1128 2253 me
1163 2198 1361 2271 tangat
1390 2191 1665 2272 improba
1713 2199 1771 2252 et
1800 2190 2090 2252 insidiosa

439 2299 653 2343 manus
678 2280 1138 2361 inimici,neque
1167 2299 1266 2343 me
1289 2281 1487 2344 trahat
1509 2280 1580 2341 ad
1615 2280 1976 2361 profundum
2001 2281 2090 2342 in-

437 2369 785 2446 teritus,sed
808 2388 915 2450 per
929 2378 1169 2432 sanctos
1183 2369 1428 2448 angelos
1445 2370 1775 2446 magniﬁcae
1796 2370 2089 2446 gloriaa,in

435 2459 656 2522 dilecta
679 2458 1062 2521 tabernacula
1079 2467 1137 2522 et
1154 2458 1218 2521 in
1241 2458 1706 2521 desiderabilem
1727 2469 1785 2521 et
1803 2462 2093 2521 immacu-

435 2548 614 2611 latam
649 2556 805 2611 tuam
853 2547 1247 2612 introducens
1290 2549 1729 2624 haereditatem,
1764 2549 2004 2631 suscipe
2030 2549 2091 2611 in

437 2656 583 2720 pace
604 2636 1188 2701 animam.Omnibus
1211 2647 1410 2701 autem
1430 2640 1531 2721 qui
1552 2642 1636 2700 tui
1665 2639 1867 2701 famuli
1891 2640 2093 2701 memi-

435 2728 657 2800 nerint,
692 2735 752 2788 et
777 2728 839 2788 in
877 2745 1069 2790 meam
1102 2731 1348 2808 gratiam
1385 2728 1489 2790 tibi
1532 2728 1826 2791 sacriﬁcia
1874 2730 2092 2793 oﬂ'erre

435 2817 1017 2898 voluerint,attende
1037 2836 1108 2880 ex
1131 2819 1476 2882 venerando
1496 2826 1594 2881 tuo
1629 2818 1994 2896 habitacula,
2017 2837 2087 2882 ex

435 2906 591 2970 caelo
629 2916 837 2969 sancto
866 2915 993 2984 tuo,
1018 2908 1266 2988 copiosa
1294 2918 1355 2969 et
1383 2908 1456 2970 ab
1486 2907 1737 2972 interitu
1771 2908 1969 2971 aliena
1999 2909 2087 2970 eis

435 3005 644 3060 contra
668 2996 987 3059 remittens
1016 2996 1310 3060 beneﬁcia
1347 3020 1360 3061 :
1387 2999 1666 3078 quoniam
1702 3017 1764 3060 es
1792 2998 1953 3059 solus
1980 2998 2087 3061 bo-

436 3105 571 3161 nus,
605 3094 665 3147 et
693 3084 944 3164 largitor
970 3083 1263 3148 bonorum
1288 3085 1351 3146 in
1377 3087 1593 3148 saecula
1622 3086 2001 3148 saeculorum.

2176 1834 2334 1900 Εὐθὺς
2391 1832 2479 1889 οὖν
2534 1836 2581 1891 οἱ
2644 1838 2963 1911 στρατιῶται
3024 1837 3121 1899 τῆς
3176 1832 3388 1893 πόλεως
3461 1828 3834 1907 ἐξενεγκόντες

2175 1927 2333 1982 αὐτὸν
2393 1923 2478 1981 ἐπὶ
2520 1925 2611 1981 τὸν
2650 1924 2816 1980 τόπον
2851 1923 2947 1991 τῆς
2974 1921 3302 1984 τελειώσεως
3364 1920 3605 1997 ἄγουσιν.
3662 1910 3724 1975 Ὀ
3784 1917 3836 1973 δὲ

2176 2014 2301 2079 στὰς
2344 2015 2474 2090 πρὸς
2506 2013 2790 2093 ἀνατολὰς,
2823 2014 3040 2088 ὄμματά
3087 2033 3143 2066 τε
3192 2013 3265 2075 εἷς
3323 2009 3541 2088 οὒρανὶιν
3597 2009 3836 2085 ἐπάρας,

2172 2104 2260 2158 καὶ
2303 2103 2503 2182 χεῖρας
2546 2102 2699 2181 ἄρας,
2730 2103 2820 2159 καὶ
2861 2102 2961 2169 τὴν
3011 2101 3191 2180 φωνὴν
3239 2097 3577 2177 προσηύξατο
3634 2098 3830 2158 οὖτως*

2176 2190 2419 2248 Δέσποτα
2472 2192 2647 2267 Κύριε,
2706 2192 2803 2248 θεὲ
2846 2195 3002 2265 θεῶν,
3066 2189 3313 2261 Βασιλέν,
3347 2187 3641 2265 βασιλέων,
3676 2186 3834 2264 "Axis

2173 2281 2361 2359 ἁγίων,
2399 2281 2704 2361 εὐχαριστῶ
2748 2303 2856 2355 σοι,
2892 2279 2979 2337 ὅτι
3028 2279 3364 2346 κατηξίωσάς
3397 2300 3461 2353 με
3504 2279 3600 2333 τὸν
3653 2277 3837 2356 ἀγῶνα

2173 2381 2361 2430 τοῦτον
2439 2370 2755 2445 ἀμωμήτως
2838 2373 2910 2435 εἰς
2982 2369 3134 2432 τελος
3219 2367 3663 2447 διαγωνίσασθαι’
3762 2364 3841 2422 (αἱ

2177 2461 2264 2517 νῦν
2316 2457 2506 2535 δέομαί
2539 2481 2654 2539 ιῐου³
2689 2470 2769 2537 μθ.
2800 2460 3004 2534 ἅψηταί
3047 2480 3149 2533 μου
3197 2460 3232 2527 ἡ
3281 2455 3555 2520 επίὸουλος
3590 2464 3689 2513 τοῦ
3735 2479 3835 2512 πο-

2177 2556 2339 2627 νηροῦ
2412 2549 2554 2628 χείρ·
2614 2548 2689 2624 μή
2744 2550 2875 2620 πρὸς
2935 2546 3187 2612 ἁπολείας
3269 2547 3596 2621 κατασπάσει
3654 2547 3835 2623 βυθὸν,

2177 2638 2315 2695 ἆλλᾶ
2372 2636 2439 2695 δι’
2493 2637 2739 2717 ἀγγέλων
2797 2637 2961 2716 ἁγίων
3016 2643 3115 2704 τῆς
3180 2635 3628 2715 μεγαλοπρεποῦς
3684 2633 3838 2701 δόξης

2177 2750 2271 2785 σου
2329 2729 2426 2795 τὴν
2472 2728 2610 2802 ἐμὴν
2669 2728 2854 2807 ψυχὴν
2913 2727 2967 2782 ἒν
3011 2728 3195 2804 εἰρήνῃ
3243 2723 3593 2803 παραλαϐὦν,
3654 2727 3731 2787 εἷς
3775 2726 3834 2779 τὰ

2172 2818 2426 2897 ἀγαπητά
2484 2838 2581 2874 σου
2625 2818 2981 2896 σκηνώματα,
3014 2818 3088 2880 εἰς
3145 2817 3238 2876 τὰς
3297 2816 3664 2884 ἓπιποθήτους
3726 2836 3829 2890 μο-

2173 2910 2265 2972 νὰς
2315 2908 2590 2987 εἰσάγαγε,
2639 2913 2773 2962 Πᾶοι
2828 2905 2883 2961 δὲ
2933 2920 3053 2970 τοῖς
3096 2912 3191 2962 τοῦ
3235 2903 3419 2961 δούλου
3453 2925 3548 2960 σου
3611 2926 3830 2979 μεμνη-

2170 2998 2349 3073 μένοις
2407 2998 2495 3053 καὶ
2524 2996 2701 3057 θυσίας
2755 2993 2943 3058 δεκτὰς
2994 2997 3155 3076 χάριν
3216 2994 3353 3071 ἐμὴν
3390 2994 3679 3073 προσάγειν
3744 3015 3828 3050 σοι

2106 3085 2538 3165 οβουλομένοις,
2585 3107 2825 3166 προσχες
2870 3085 2921 3151 ἐξ
2966 3086 3181 3162 ἑτοίμου
3229 3086 3648 3161 κατοικητηρίου
3712 3106 3824 3154 σου²

434 3174 487 3240 ἐξ
551 3176 788 3251 οὖρανίου
864 3175 1016 3250 ἁγίου
1087 3197 1202 3232 σοο·
1264 3174 1511 3251 δαψιλεῖς
1584 3177 1673 3231 καὶ
1728 3176 2026 3255 ἀφθάρτους
2109 3176 2595 3251 ἁντικαταπέμπων
2676 3178 2862 3238 αύτοτς
2933 3176 3029 3239 τὰς
3106 3174 3431 3254 εὔεργεσίας²
3505 3173 3585 3230 ὅτι
3662 3176 3826 3249 μόνος

436 3263 493 3319 εἴ
523 3264 720 3340 ἀγαθὸς
751 3263 846 3317 καί
874 3268 977 3317 τῶν
1011 3263 1223 3340 ἀγαθῶν
1260 3266 1560 3342 παροχεὺς,
1592 3266 1664 3326 εἷς
1712 3267 1831 3328 τοὺς
1867 3266 2088 3331 αἰῶνας.
2123 3265 2324 3343 Ἀμήν,

515 3349 672 3412 XVI.
724 3347 863 3411 Haec
893 3368 1031 3411 cum
1066 3359 1297 3413 orasset
1328 3352 1575 3429 athleta,
1609 3360 1669 3414 et
1694 3351 1885 3414 Deum
1943 3354 2091 3416 ado-

435 3446 652 3517 rasset,
689 3446 1013 3519 antequam
1077 3439 1361 3502 feriretur
1408 3440 1626 3519 gladio,
1664 3442 1907 3504 tradidit
1957 3444 2092 3505 aui-

437 3547 619 3589 mam.
673 3528 786 3600 Qui
835 3536 1032 3590 autem
1079 3529 1332 3591 Nicaeam
1374 3547 1802 3593 concurrerant
1849 3534 2087 3608 fratres,

438 3616 681 3679 mundis
730 3618 1088 3680 sindonibus
1149 3628 1208 3681 et
1259 3619 1435 3681 variis
1491 3620 1857 3683 aromatibus
1904 3627 2091 3685 sancti

434 3706 715 3787 martyris
746 3707 1117 3769 venerandas
1146 3708 1219 3769 ad
1255 3710 1669 3789 sepeliendum
1716 3730 2088 3791 componen-

435 3803 520 3858 tes
548 3794 858 3876 reliquias,
894 3796 1177 3859 volebant
1205 3800 1445 3877 quidem
1483 3818 1583 3860 eas
1629 3801 1989 3873 recondere,
2030 3810 2092 3863 ut

437 3893 641 3947 essent
695 3884 978 3946 custodes
1010 3903 1133 3947 suae
1163 3887 1424 3949 civitatis
1460 3910 1472 3947 :
1507 3886 1762 3951 Sanctus
1791 3908 1929 3951 vero
1978 3909 2087 3970 ap-

434 3992 653 4056 parens
682 3974 743 4035 in
782 3975 1033 4055 somnis,
1085 3975 1270 4055 jussit
1299 3996 1399 4039 eas
1449 3980 1774 4040 transferre
1807 3980 1868 4040 in
1917 3999 2088 4041 suum

432 4064 657 4146 vicum,
693 4082 913 4145 nempe
945 4063 1361 4146 Campsadem,
1388 4068 1549 4144 quod
1583 4071 1759 4130 etiam
1790 4069 2086 4133 fecerunt.

434 4155 536 4217 Sic
585 4154 799 4215 beatus
852 4153 1133 4234 Tryphon
1196 4174 1228 4216 a
1289 4160 1512 4219 teneris
1570 4159 1908 4237 unguiculis
1965 4159 2089 4223 Deo

434 4251 849 4317 consecratus,
881 4261 1015 4303 cum
1044 4244 1262 4306 multos
1287 4246 1529 4325 quidem
1561 4248 1632 4309 ad
1657 4247 1883 4311 Christi
1909 4249 2087 4311 iidem

435 4330 807 4407 adduxisset,
845 4331 1062 4394 multos
1119 4341 1315 4396 autem
1354 4335 1595 4399 morbos
1646 4338 1952 4399 hominum
1988 4357 2090 4401 cu-

434 4430 647 4493 rasset,
685 4421 940 4500 plurima
993 4440 1132 4483 vero
1186 4432 1321 4505 post
1369 4424 1496 4486 banc
1546 4434 1980 4489 tormentorum
2033 4436 2090 4489 et

2258 3354 2388 3430 ις’.
2441 3363 2611 3413 Ταῦτα
2641 3355 3062 3434 προσευξάμενος
3112 3358 3139 3411 ὁ
3193 3352 3479 3434 ἀθλοφόρος
3511 3354 3601 3412 καὶ
3652 3375 3821 3429 atpos-

2175 3448 2406 3515 κυνήσας
2459 3451 2596 3525 Θεῷ,
2644 3446 2746 3522 πρὸ
2794 3445 2886 3501 τοῦ
2942 3444 3216 3522 πληγῆναι
3260 3452 3336 3519 τῷ
3379 3443 3538 3519 ξίψει,
3596 3442 3820 3521 παραδί-

2176 3534 2303 3591 δωσι
2334 3536 2432 3602 τὴν
2483 3534 2692 3614 ψυχὴν,
2725 3533 2905 3614 ὥσπερ
2955 3536 3171 3608 νεύματι
3204 3556 3294 3589 του
3329 3531 3621 3594 δεδωκότος
3656 3533 3820 3599 αὐτὴν

2175 3624 2430 3703 ἀφεθῆναι
2501 3623 2731 3691 θελήσας
2804 3624 2863 3680 οὗ
2925 3623 3162 3680 κελεύσει
3219 3624 3312 3679 τοῦ
3369 3624 3815 3699 τυραννήσαντος.

2174 3716 2235 3771 Οἱ
2295 3711 2349 3768 δὲ
2382 3713 2517 3769 κασᾶ
2574 3714 2795 3770 Νίκαιαν
2842 3711 3224 3789 συνδραμόδτες
3265 3710 3479 3793 ἀδελφοὶ
3511 3710 3711 3769 σινδόσι
3763 3734 3819 3768 τε

2176 3806 2429 3880 καθαραῖς
2485 3805 2572 3859 καὶ
2643 3801 2908 3866 ποικίλοις
2971 3802 3214 3879 ἀρώμασι
3273 3804 3337 3858 τὸ
3405 3806 3580 3872 τίμιον
3640 3803 3817 3861 ἐκεῖνο

2173 3891 2423 3967 λείψανον
2466 3890 2900 3970 ἓξοσιωσοῖμενοι²
2937 3890 3218 3947 ἐκούλοντο
3268 3891 3364 3967 μὲν
3422 3893 3506 3948 καὶ
3558 3898 3627 3968 τῇ
3686 3893 3814 3949 Eam-

2172 3987 2279 4037 τῶν
2349 3979 2502 4036 πόλει
2569 3981 2831 4058 θησαυρὸν
2893 3979 3073 4058 ὥσπερ
3115 3982 3203 4036 καὶ
3259 3980 3617 4059 φυλακτήριον
3693 3984 3815 4039 αὐτὸ

2173 4069 2516 4127 καταθέσθαι·
2581 4070 2799 4131 ἐπιστὰς
2858 4067 2911 4125 δὲ
2956 4068 3080 4147 ὄναρ
3123 4075 3150 4126 ὁ
3219 4070 3373 4149 ἅγιος
3432 4071 3671 4151 ἀπείργει
3727 4078 3817 4128 τοῦ

2174 4158 2567 4240 ἰεδθυμιίματος²
2599 4161 2672 4223 εἷς
2724 4160 2824 4227 τὴν
2853 4163 3010 4219 αὐτοῦ
3064 4181 3256 4236 κωμην
3302 4158 3603 4236 Κομψάδων
3647 4183 3816 4237 μεταο

2173 4249 2413 4324 κομίσειν
2463 4250 2648 4324 εἰπὼν,
2682 4248 2811 4329 ὅπερ
2841 4248 2905 4317 δὴ
2953 4256 3152 4313 πιστῶς
3200 4258 3581 4326 πεποιθικασιν,
3636 4252 3813 4316 Οὕτως

2172 4341 2199 4395 ὁ
2244 4339 2504 4417 μακάριος
2566 4340 2780 4418 Τρύφων
2834 4338 2886 4403 ἒξ
2943 4338 3164 4395 ἁπαλῶν
3209 4339 3420 4419 ὀνύχων
3472 4343 3812 4421 καθιερωθείς

2170 4433 2247 4500 τῷ
2307 4435 2421 4500 Θεῷ
2452 4429 2539 4484 καὶ
2596 4427 2824 4491 πολλοὺς
2883 4429 2980 4504 μὲν
3031 4435 3099 4505 τῇ
3158 4429 3383 4507 Χριστοδ
3412 4432 3582 4486 πίστει
3641 4453 3811 4510 προσ-

434 4510 871 4600 suppliciorum
903 4529 1129 4588 genera
1162 4532 1268 4593 pro
1294 4514 1540 4576 veritate
1580 4518 1948 4597 pertulisset,
1980 4536 2084 4579 re-

2175 4518 2410 4595 αγαγὼν,
2479 4517 2683 4584 πολλὰς
2754 4518 2806 4574 δὲ
2879 4520 3062 4582 νόσους
3132 4518 3422 4598 ἀνθρώπων
3498 4522 3807 4600 ἰασάμενος²

436 4598 684 4660 dimitus
744 4598 852 4659 fuit
883 4617 1105 4662 corona
1154 4602 1627 4685 incorruptionis
1664 4628 1677 4669 :
1712 4608 1782 4667 ad
1833 4606 2083 4685 gloriam

434 4688 628 4779 Patris
664 4695 723 4750 et
754 4686 890 4779 Filii
924 4697 983 4750 et
1025 4690 1284 4771 Spiritus
1316 4695 1532 4776 sancti,
1567 4715 1728 4757 nunc
1760 4705 1816 4757 et
1845 4715 2086 4779 semper

432 4785 495 4841 et
523 4777 581 4839 in
616 4776 833 4839 saecula
862 4780 1082 4843 saecula
1111 4783 1490 4849 saeculorum.
1526 4785 1745 4848 Amen.

2169 4607 2420 4671 πλείστας
2478 4606 2533 4663 δὲ
2567 4609 2703 4683 μετὰ
2756 4616 2920 4664 ταὺτα
2982 4608 3249 4683 τιμωριῶν
3308 4608 3445 4671 ἰδέας
3488 4610 3618 4687 ὑπὲρ
3666 4609 3809 4677 ἀλη-

2165 4697 2305 4758 θείας
2364 4694 2669 4775 διενεγκὼν²
2705 4698 2794 4753 τὸν
2842 4702 2938 4764 τῆς
2995 4696 3281 4777 ἀφθαρσίας
3326 4698 3582 4778 στέφανον
3614 4698 3805 4769 ἀνεδή-

2165 4807 2319 4866 σιττο²
2352 4788 2424 4849 εἷς
2484 4785 2636 4852 δόξαν
2666 4789 2896 4863 Πατρος,
2932 4788 3020 4844 καὶ
3066 4789 3205 4862 fieri,
3239 4789 3327 4843 καὶ
3378 4788 3526 4865 ἁγίου
3558 4791 3805 4866 Πνεύμαο

2162 4897 2278 4952 τος,
2313 4882 2400 4932 νῦν
2443 4878 2531 4934 καὶ
2563 4878 2644 4934 ἀεὶ
2675 4878 2760 4935 καὶ
2791 4880 2864 4942 εἷς
2896 4878 3017 4942 τοὺς
3050 4877 3267 4940 αἰῶνας.
3307 4875 3501 4953 Ἀμήν.
