  <div class='ocr_page' id='page_1' title='image "/cluster/home/n/w/nwhite01/storage/ocr_20150623/114/hvd.32044073502254/670.png"; bbox 0 0 4028 6202; ppageno 0'>
   <div class='ocr_carea' id='block_1_1' title="bbox 243 375 3609 475">
    <p class='ocr_par' dir='ltr' id='par_1_1' title="bbox 243 375 3609 475">
     <span class='ocr_line' id='line_1_1' title="bbox 243 375 3609 475; baseline 0.005 -17"><span class='ocrx_word' id='word_1_1' title='bbox 243 395 400 459; x_wconf 76' lang='lat' dir='ltr'><strong>i329</strong></span> <span class='ocrx_word' id='word_1_2' title='bbox 1390 403 1571 465; x_wconf 88' lang='lat' dir='ltr'><strong>VITA</strong></span> <span class='ocrx_word' id='word_1_3' title='bbox 1617 405 1674 465; x_wconf 91' lang='lat' dir='ltr'><strong>s.</strong></span> <span class='ocrx_word' id='word_1_4' title='bbox 1723 400 2056 467; x_wconf 83' lang='lat' dir='ltr'><strong>AGATH/E</strong></span> <span class='ocrx_word' id='word_1_5' title='bbox 2102 405 2473 468; x_wconf 83' lang='lat' dir='ltr'><strong>VlRGINIS.</strong></span> <span class='ocrx_word' id='word_1_6' title='bbox 3458 375 3609 475; x_wconf 70' lang='lat'><strong>1330</strong></span> 
     </span>
    </p>
   </div>
   <div class='ocr_carea' id='block_1_2' title="bbox 647 730 3204 854">
    <p class='ocr_par' dir='ltr' id='par_1_2' title="bbox 647 730 3204 854">
     <span class='ocr_line' id='line_1_2' title="bbox 647 730 3204 854; baseline 0.005 -20"><span class='ocrx_word' id='word_1_7' title='bbox 647 730 822 836; x_wconf 81' lang='lat' dir='ltr'>DE</span> <span class='ocrx_word' id='word_1_8' title='bbox 942 731 1475 841; x_wconf 81' lang='lat' dir='ltr'><strong>SANCTA</strong></span> <span class='ocrx_word' id='word_1_9' title='bbox 1597 733 2159 839; x_wconf 84' lang='lat' dir='ltr'><strong>AGATHA</strong></span> <span class='ocrx_word' id='word_1_10' title='bbox 2277 733 2647 854; x_wconf 77' lang='lat' dir='ltr'><strong>VIRG.</strong></span> <span class='ocrx_word' id='word_1_11' title='bbox 2771 736 3204 847; x_wconf 83' lang='lat' dir='ltr'><strong>MART.</strong></span> 
     </span>
    </p>
   </div>
   <div class='ocr_carea' id='block_1_3' title="bbox 1542 961 2306 1028">
    <p class='ocr_par' dir='ltr' id='par_1_3' title="bbox 1542 961 2306 1028">
     <span class='ocr_line' id='line_1_3' title="bbox 1542 961 2306 1028; baseline 0.001 -2"><span class='ocrx_word' id='word_1_12' title='bbox 1542 962 1876 1028; x_wconf 60' lang='lat' dir='ltr'><strong>CATANIE</strong></span> <span class='ocrx_word' id='word_1_13' title='bbox 1919 961 1998 1026; x_wconf 93' lang='lat' dir='ltr'><strong>IN</strong></span> <span class='ocrx_word' id='word_1_14' title='bbox 2043 963 2306 1028; x_wconf 85' lang='lat' dir='ltr'><strong>SlCILIA</strong></span> 
     </span>
    </p>
   </div>
   <div class='ocr_carea' id='block_1_4' title="bbox 803 1143 3058 1221">
    <p class='ocr_par' dir='ltr' id='par_1_4' title="bbox 803 1143 3058 1221">
     <span class='ocr_line' id='line_1_4' title="bbox 803 1143 3058 1221; baseline 0.004 -23"><span class='ocrx_word' id='word_1_15' title='bbox 803 1143 973 1216; x_wconf 79' lang='lat' dir='ltr'><strong>(Anno</strong></span> <span class='ocrx_word' id='word_1_16' title='bbox 1005 1145 1202 1203; x_wconf 88' lang='lat' dir='ltr'><strong>Christi</strong></span> <span class='ocrx_word' id='word_1_17' title='bbox 1231 1146 1356 1211; x_wconf 75' lang='grc'><strong>251,</strong></span> <span class='ocrx_word' id='word_1_18' title='bbox 1383 1143 1641 1201; x_wconf 83' lang='lat' dir='ltr'><strong>Februarii</strong></span> <span class='ocrx_word' id='word_1_19' title='bbox 1667 1144 1723 1215; x_wconf 86' lang='lat'><strong>5,</strong></span> <span class='ocrx_word' id='word_1_20' title='bbox 1748 1174 1812 1184; x_wconf 94' lang='lat'>—</span> <span class='ocrx_word' id='word_1_21' title='bbox 1836 1144 1973 1202; x_wconf 78' lang='lat' dir='ltr'><strong>Acta</strong></span> <span class='ocrx_word' id='word_1_22' title='bbox 2003 1146 2096 1202; x_wconf 90' lang='lat' dir='ltr'><em>SS.</em></span> <span class='ocrx_word' id='word_1_23' title='bbox 2130 1145 2390 1204; x_wconf 73' lang='lat' dir='ltr'><strong>Bolland.</strong></span> <span class='ocrx_word' id='word_1_24' title='bbox 2424 1146 2571 1203; x_wconf 83' lang='lat' dir='ltr'><strong>Febr.</strong></span> <span class='ocrx_word' id='word_1_25' title='bbox 2612 1154 2734 1204; x_wconf 91' lang='lat' dir='ltr'><strong>tom.</strong></span> <span class='ocrx_word' id='word_1_26' title='bbox 2760 1148 2803 1214; x_wconf 94' lang='lat' dir='ltr'><strong>I,</strong></span> <span class='ocrx_word' id='word_1_27' title='bbox 2825 1165 2875 1221; x_wconf 85' lang='lat' dir='ltr'><strong>p.</strong></span> <span class='ocrx_word' id='word_1_28' title='bbox 2908 1149 3058 1219; x_wconf 86' lang='lat'><strong>595.)</strong></span> 
     </span>
    </p>
   </div>
   <div class='ocr_carea' id='block_1_5' title="bbox 325 1472 3618 1559">
    <p class='ocr_par' dir='ltr' id='par_1_5' title="bbox 325 1472 3618 1559">
     <span class='ocr_line' id='line_1_5' title="bbox 325 1472 3618 1559; baseline 0.003 -25"><span class='ocrx_word' id='word_1_29' title='bbox 325 1472 542 1536; x_wconf 87' lang='lat' dir='ltr'><strong>Catana</strong></span> <span class='ocrx_word' id='word_1_30' title='bbox 574 1477 792 1539; x_wconf 73' lang='lat' dir='ltr'><strong>Siliciae</strong></span> <span class='ocrx_word' id='word_1_31' title='bbox 816 1479 978 1550; x_wconf 89' lang='lat' dir='ltr'>urbs,</span> <span class='ocrx_word' id='word_1_32' title='bbox 1007 1479 1078 1538; x_wconf 82' lang='lat' dir='ltr'><strong>ad</strong></span> <span class='ocrx_word' id='word_1_33' title='bbox 1112 1480 1340 1540; x_wconf 88' lang='lat' dir='ltr'><strong>Ionium</strong></span> <span class='ocrx_word' id='word_1_34' title='bbox 1378 1479 1488 1540; x_wconf 91' lang='lat' dir='ltr'><strong>sita</strong></span> <span class='ocrx_word' id='word_1_35' title='bbox 1521 1479 1789 1559; x_wconf 75' lang='lat' dir='ltr'><strong>pelagus,</strong></span> <span class='ocrx_word' id='word_1_36' title='bbox 1818 1481 2126 1559; x_wconf 65' lang='lat' dir='ltr'><strong>Etnaaque</strong></span> <span class='ocrx_word' id='word_1_37' title='bbox 2157 1477 2427 1538; x_wconf 83' lang='lat' dir='ltr'><strong>horriﬁci</strong></span> <span class='ocrx_word' id='word_1_38' title='bbox 2460 1479 2677 1539; x_wconf 86' lang='lat' dir='ltr'><strong>montis</strong></span> <span class='ocrx_word' id='word_1_39' title='bbox 2707 1480 2961 1556; x_wconf 81' lang='lat' dir='ltr'><strong>radices,</strong></span> <span class='ocrx_word' id='word_1_40' title='bbox 2997 1480 3070 1541; x_wconf 91' lang='lat' dir='ltr'><strong>ab</strong></span> <span class='ocrx_word' id='word_1_41' title='bbox 3103 1482 3324 1545; x_wconf 65' lang='lat' dir='ltr'><strong>Graecis</strong></span> <span class='ocrx_word' id='word_1_42' title='bbox 3354 1483 3618 1559; x_wconf 90' lang='lat' dir='ltr'><strong>condita,</strong></span> 
     </span>
    </p>
   </div>
   <div class='ocr_carea' id='block_1_6' title="bbox 241 1561 3622 1653">
    <p class='ocr_par' dir='ltr' id='par_1_6' title="bbox 241 1561 3622 1653">
     <span class='ocr_line' id='line_1_6' title="bbox 241 1561 3622 1653; baseline 0.004 -34"><span class='ocrx_word' id='word_1_43' title='bbox 241 1561 578 1653; x_wconf 72' lang='lat' dir='ltr'><strong>iisdemque</strong></span> <span class='ocrx_word' id='word_1_44' title='bbox 612 1567 713 1628; x_wconf 89' lang='lat' dir='ltr'><strong>diu</strong></span> <span class='ocrx_word' id='word_1_45' title='bbox 750 1568 1029 1644; x_wconf 87' lang='lat' dir='ltr'><strong>habitata,</strong></span> <span class='ocrx_word' id='word_1_46' title='bbox 1067 1567 1204 1628; x_wconf 90' lang='lat' dir='ltr'><strong>dein</strong></span> <span class='ocrx_word' id='word_1_47' title='bbox 1239 1577 1296 1628; x_wconf 91' lang='lat' dir='ltr'><strong>et</strong></span> <span class='ocrx_word' id='word_1_48' title='bbox 1327 1567 1641 1646; x_wconf 86' lang='lat' dir='ltr'><strong>Campanis</strong></span> <span class='ocrx_word' id='word_1_49' title='bbox 1678 1587 1691 1630; x_wconf 91' lang='lat'>:</span> <span class='ocrx_word' id='word_1_50' title='bbox 1744 1567 1849 1628; x_wconf 91' lang='lat' dir='ltr'><strong>sed</strong></span> <span class='ocrx_word' id='word_1_51' title='bbox 1881 1567 2114 1628; x_wconf 89' lang='lat' dir='ltr'><strong>colonia</strong></span> <span class='ocrx_word' id='word_1_52' title='bbox 2149 1567 2390 1627; x_wconf 88' lang='lat' dir='ltr'><strong>demum</strong></span> <span class='ocrx_word' id='word_1_53' title='bbox 2425 1567 2644 1628; x_wconf 87' lang='lat' dir='ltr'><strong>civium</strong></span> <span class='ocrx_word' id='word_1_54' title='bbox 2698 1573 3110 1631; x_wconf 85' lang='lat' dir='ltr'><strong>Romanorum</strong></span> <span class='ocrx_word' id='word_1_55' title='bbox 3144 1573 3526 1653; x_wconf 80' lang='lat' dir='ltr'><strong>amplificata,</strong></span> <span class='ocrx_word' id='word_1_56' title='bbox 3558 1583 3622 1634; x_wconf 90' lang='lat' dir='ltr'><strong>ut</strong></span> 
     </span>
    </p>
   </div>
   <div class='ocr_carea' id='block_1_7' title="bbox 243 1651 3620 1738">
    <p class='ocr_par' dir='ltr' id='par_1_7' title="bbox 243 1651 3620 1738">
     <span class='ocr_line' id='line_1_7' title="bbox 243 1651 3620 1738; baseline 0.004 -28"><span class='ocrx_word' id='word_1_57' title='bbox 243 1651 471 1712; x_wconf 83' lang='lat' dir='ltr'><strong>Plinius</strong></span> <span class='ocrx_word' id='word_1_58' title='bbox 506 1663 758 1718; x_wconf 76' lang='lat' dir='ltr'><strong>testatur</strong></span> <span class='ocrx_word' id='word_1_59' title='bbox 790 1657 895 1721; x_wconf 94' lang='lat' dir='ltr'><strong>lib.</strong></span> <span class='ocrx_word' id='word_1_60' title='bbox 950 1675 1035 1727; x_wconf 84' lang='lat' dir='ltr'><strong>tu,</strong></span> <span class='ocrx_word' id='word_1_61' title='bbox 1072 1677 1203 1736; x_wconf 84' lang='lat' dir='ltr'><strong>cap.</strong></span> <span class='ocrx_word' id='word_1_62' title='bbox 1239 1658 1301 1732; x_wconf 83' lang='lat'><strong>8,</strong></span> <span class='ocrx_word' id='word_1_63' title='bbox 1337 1658 1586 1738; x_wconf 82' lang='lat' dir='ltr'><strong>ipsaque</strong></span> <span class='ocrx_word' id='word_1_64' title='bbox 1643 1660 1945 1732; x_wconf 67' lang='lat' dir='ltr'><strong>Messana,</strong></span> <span class='ocrx_word' id='word_1_65' title='bbox 1987 1656 2297 1718; x_wconf 85' lang='lat' dir='ltr'><strong>Strabonis</strong></span> <span class='ocrx_word' id='word_1_66' title='bbox 2342 1659 2660 1737; x_wconf 79' lang='lat' dir='ltr'><strong>geographi</strong></span> <span class='ocrx_word' id='word_1_67' title='bbox 2695 1677 2840 1738; x_wconf 74' lang='lat' dir='ltr'><strong>mvo,</strong></span> <span class='ocrx_word' id='word_1_68' title='bbox 2876 1660 3123 1738; x_wconf 85' lang='lat' dir='ltr'><strong>Augusti</strong></span> <span class='ocrx_word' id='word_1_69' title='bbox 3155 1651 3389 1726; x_wconf 85' lang='lat' dir='ltr'><strong>scilicet</strong></span> <span class='ocrx_word' id='word_1_70' title='bbox 3436 1663 3620 1725; x_wconf 89' lang='lat' dir='ltr'><strong>Tibe-</strong></span> 
     </span>
    </p>
   </div>
   <div class='ocr_carea' id='block_1_8' title="bbox 239 1740 3619 1825">
    <p class='ocr_par' dir='ltr' id='par_1_8' title="bbox 239 1740 3619 1825">
     <span class='ocr_line' id='line_1_8' title="bbox 239 1740 3619 1825; baseline 0.005 -27"><span class='ocrx_word' id='word_1_71' title='bbox 239 1740 435 1820; x_wconf 72' lang='lat' dir='ltr'><strong>ri‘que</strong></span> <span class='ocrx_word' id='word_1_72' title='bbox 486 1746 880 1824; x_wconf 84' lang='lat' dir='ltr'><strong>temporibus,</strong></span> <span class='ocrx_word' id='word_1_73' title='bbox 915 1750 1324 1825; x_wconf 70' lang='lat' dir='ltr'><strong>frequentior,</strong></span> <span class='ocrx_word' id='word_1_74' title='bbox 1364 1749 1690 1808; x_wconf 88' lang='lat' dir='ltr'><strong>etiamnum</strong></span> <span class='ocrx_word' id='word_1_75' title='bbox 1743 1748 1904 1808; x_wconf 87' lang='lat' dir='ltr'><strong>inter</strong></span> <span class='ocrx_word' id='word_1_76' title='bbox 1938 1755 2058 1806; x_wconf 88' lang='lat' dir='ltr'><strong>tres</strong></span> <span class='ocrx_word' id='word_1_77' title='bbox 2109 1745 2287 1806; x_wconf 87' lang='lat' dir='ltr'><strong>totius</strong></span> <span class='ocrx_word' id='word_1_78' title='bbox 2319 1746 2527 1806; x_wconf 67' lang='lat' dir='ltr'><strong>insulae</strong></span> <span class='ocrx_word' id='word_1_79' title='bbox 2583 1747 3010 1809; x_wconf 87' lang='lat' dir='ltr'><strong>celeberrimas</strong></span> <span class='ocrx_word' id='word_1_80' title='bbox 3042 1751 3221 1813; x_wconf 85' lang='lat' dir='ltr'><strong>urbes</strong></span> <span class='ocrx_word' id='word_1_81' title='bbox 3263 1754 3619 1814; x_wconf 91' lang='lat' dir='ltr'><strong>Panormum</strong></span> 
     </span>
    </p>
   </div>
   <div class='ocr_carea' id='block_1_9' title="bbox 239 1833 3619 1915">
    <p class='ocr_par' dir='ltr' id='par_1_9' title="bbox 239 1833 3619 1915">
     <span class='ocr_line' id='line_1_9' title="bbox 239 1833 3619 1915; baseline 0.004 -26"><span class='ocrx_word' id='word_1_82' title='bbox 239 1833 702 1915; x_wconf 73' lang='lat' dir='ltr'><strong>Messanamque</strong></span> <span class='ocrx_word' id='word_1_83' title='bbox 760 1847 1131 1898; x_wconf 87' lang='lat' dir='ltr'><strong>numeratur.</strong></span> <span class='ocrx_word' id='word_1_84' title='bbox 1168 1838 1251 1897; x_wconf 87' lang='lat' dir='ltr'><strong>Ac</strong></span> <span class='ocrx_word' id='word_1_85' title='bbox 1304 1837 1488 1897; x_wconf 87' lang='lat' dir='ltr'><strong>multa</strong></span> <span class='ocrx_word' id='word_1_86' title='bbox 1519 1843 1782 1898; x_wconf 83' lang='lat' dir='ltr'><strong>ostentat</strong></span> <span class='ocrx_word' id='word_1_87' title='bbox 1842 1835 1946 1896; x_wconf 88' lang='lat' dir='ltr'><strong>illa</strong></span> <span class='ocrx_word' id='word_1_88' title='bbox 1978 1834 2219 1915; x_wconf 87' lang='lat' dir='ltr'><strong>quidem</strong></span> <span class='ocrx_word' id='word_1_89' title='bbox 2253 1835 2472 1896; x_wconf 89' lang='lat' dir='ltr'><strong>decora</strong></span> <span class='ocrx_word' id='word_1_90' title='bbox 2503 1836 2874 1915; x_wconf 84' lang='lat' dir='ltr'><strong>antiquitatis</strong></span> <span class='ocrx_word' id='word_1_91' title='bbox 2908 1849 3335 1914; x_wconf 87' lang='lat' dir='ltr'><strong>monumenta;</strong></span> <span class='ocrx_word' id='word_1_92' title='bbox 3392 1841 3619 1902; x_wconf 90' lang='lat' dir='ltr'><strong>nullum</strong></span> 
     </span>
    </p>
   </div>
   <div class='ocr_carea' id='block_1_10' title="bbox 244 1923 3622 2005">
    <p class='ocr_par' dir='ltr' id='par_1_10' title="bbox 244 1923 3622 2005">
     <span class='ocr_line' id='line_1_10' title="bbox 244 1923 3622 2005; baseline 0.004 -27"><span class='ocrx_word' id='word_1_93' title='bbox 244 1929 439 1981; x_wconf 82' lang='lat' dir='ltr'><strong>tamen</strong></span> <span class='ocrx_word' id='word_1_94' title='bbox 479 1925 818 2002; x_wconf 71' lang='lat' dir='ltr'><strong>praeclarius</strong></span> <span class='ocrx_word' id='word_1_95' title='bbox 847 1927 1074 2004; x_wconf 83' lang='lat' dir='ltr'><strong>Agatha</strong></span> <span class='ocrx_word' id='word_1_96' title='bbox 1104 1926 1331 2003; x_wconf 81' lang='lat' dir='ltr'><strong>virgine</strong></span> <span class='ocrx_word' id='word_1_97' title='bbox 1363 1944 1431 1986; x_wconf 83' lang='lat' dir='ltr'><strong>ac</strong></span> <span class='ocrx_word' id='word_1_98' title='bbox 1465 1934 1731 2004; x_wconf 78' lang='lat' dir='ltr'><strong>martyre</strong></span> <span class='ocrx_word' id='word_1_99' title='bbox 1767 1945 1780 1985; x_wconf 96' lang='lat'><strong>:</strong></span> <span class='ocrx_word' id='word_1_100' title='bbox 1819 1942 1996 2005; x_wconf 89' lang='lat' dir='ltr'><strong>quam</strong></span> <span class='ocrx_word' id='word_1_101' title='bbox 2034 1933 2351 2002; x_wconf 89' lang='lat' dir='ltr'><strong>propterea</strong></span> <span class='ocrx_word' id='word_1_102' title='bbox 2402 1923 2672 1986; x_wconf 71' lang='lat' dir='ltr'><strong>Graecum</strong></span> <span class='ocrx_word' id='word_1_103' title='bbox 2707 1926 3112 2004; x_wconf 85' lang='lat' dir='ltr'><strong>Menologium</strong></span> <span class='ocrx_word' id='word_1_104' title='bbox 3146 1948 3214 1990; x_wconf 89' lang='lat' dir='ltr'><strong>ac</strong></span> <span class='ocrx_word' id='word_1_105' title='bbox 3244 1932 3471 1992; x_wconf 69' lang='lat' dir='ltr'><strong>Menaaa</strong></span> <span class='ocrx_word' id='word_1_106' title='bbox 3503 1948 3622 1990; x_wconf 90' lang='lat' dir='ltr'><strong>me-</strong></span> 
     </span>
    </p>
   </div>
   <div class='ocr_carea' id='block_1_11' title="bbox 239 2011 1830 2094">
    <p class='ocr_par' dir='ltr' id='par_1_11' title="bbox 239 2011 1830 2094">
     <span class='ocr_line' id='line_1_11' title="bbox 239 2011 1830 2094; baseline 0.004 -26"><span class='ocrx_word' id='word_1_107' title='bbox 239 2011 356 2070; x_wconf 87' lang='lat' dir='ltr'><strong>rito</strong></span> <span class='ocrx_word' id='word_1_108' title='bbox 396 2017 637 2080; x_wconf 64' lang='grc' dir='ltr'><strong>Κατάνης</strong></span> <span class='ocrx_word' id='word_1_109' title='bbox 688 2019 743 2071; x_wconf 78' lang='grc' dir='ltr'>τὸ</span> <span class='ocrx_word' id='word_1_110' title='bbox 777 2019 1058 2094; x_wconf 63' lang='grc' dir='ltr'><strong>καύχημα,</strong></span> <span class='ocrx_word' id='word_1_111' title='bbox 1104 2036 1129 2074; x_wconf 72' lang='grc' dir='ltr'>α</span> <span class='ocrx_word' id='word_1_112' title='bbox 1165 2015 1401 2077; x_wconf 69' lang='lat' dir='ltr'><strong>Catanaz</strong></span> <span class='ocrx_word' id='word_1_113' title='bbox 1451 2014 1830 2091; x_wconf 82' lang='lat' dir='ltr'><strong>gloriationer</strong></span> 
     </span>
    </p>
   </div>
   <div class='ocr_carea' id='block_1_12' title="bbox 2030 2011 3621 2094">
    <p class='ocr_par' dir='ltr' id='par_1_12' title="bbox 2030 2013 3621 2093">
     <span class='ocr_line' id='line_1_12' title="bbox 2030 2013 3621 2093; baseline 0.01 -23"><span class='ocrx_word' id='word_1_114' title='bbox 2030 2013 2327 2093; x_wconf 68' lang='lat' dir='ltr'><strong>impellant</strong></span> <span class='ocrx_word' id='word_1_115' title='bbox 2361 2034 2376 2087; x_wconf 85' lang='lat'><strong>;</strong></span> <span class='ocrx_word' id='word_1_116' title='bbox 2427 2015 2706 2076; x_wconf 77' lang='lat' dir='ltr'><strong>Bocchus</strong></span> <span class='ocrx_word' id='word_1_117' title='bbox 2742 2017 2942 2077; x_wconf 92' lang='lat' dir='ltr'><strong>Pirrus</strong></span> <span class='ocrx_word' id='word_1_118' title='bbox 2971 2016 3211 2080; x_wconf 70' lang='lat' dir='ltr'><strong>Sicilia</strong></span> <span class='ocrx_word' id='word_1_119' title='bbox 3254 2037 3444 2081; x_wconf 68' lang='lat' dir='ltr'><strong>sacrm</strong></span> <span class='ocrx_word' id='word_1_120' title='bbox 3471 2026 3514 2080; x_wconf 89' lang='lat' dir='ltr'><strong>t.</strong></span> <span class='ocrx_word' id='word_1_121' title='bbox 3547 2018 3621 2086; x_wconf 73' lang='lat' dir='ltr'><strong>ll.</strong></span> 
     </span>
    </p>
   </div>
   <div class='ocr_carea' id='block_1_13' title="bbox 242 2097 3623 2188">
    <p class='ocr_par' dir='ltr' id='par_1_13' title="bbox 242 2097 3623 2188">
     <span class='ocr_line' id='line_1_13' title="bbox 242 2097 3623 2188; baseline 0.004 -31"><span class='ocrx_word' id='word_1_122' title='bbox 242 2097 426 2163; x_wconf 86' lang='lat' dir='ltr'><strong>Notit.</strong></span> <span class='ocrx_word' id='word_1_123' title='bbox 463 2122 478 2164; x_wconf 81' lang='grc' dir='ltr'><strong>ι</strong></span> <span class='ocrx_word' id='word_1_124' title='bbox 528 2103 689 2168; x_wconf 85' lang='lat' dir='ltr'><strong>Eccl.</strong></span> <span class='ocrx_word' id='word_1_125' title='bbox 724 2105 1036 2178; x_wconf 74' lang='lat' dir='ltr'><strong>Catanen,</strong></span> <span class='ocrx_word' id='word_1_126' title='bbox 1074 2123 1134 2167; x_wconf 86' lang='grc' dir='ltr'><strong>η.</strong></span> <span class='ocrx_word' id='word_1_127' title='bbox 1188 2105 1246 2184; x_wconf 89' lang='lat'><strong>3,</strong></span> <span class='ocrx_word' id='word_1_128' title='bbox 1289 2129 1308 2158; x_wconf 73' lang='grc' dir='ltr'><strong>ε</strong></span> <span class='ocrx_word' id='word_1_129' title='bbox 1353 2104 1529 2164; x_wconf 91' lang='lat' dir='ltr'><strong>totius</strong></span> <span class='ocrx_word' id='word_1_130' title='bbox 1558 2104 1782 2166; x_wconf 68' lang='lat' dir='ltr'><strong>Sicilia:</strong></span> <span class='ocrx_word' id='word_1_131' title='bbox 1834 2103 2024 2164; x_wconf 88' lang='lat' dir='ltr'><strong>decus</strong></span> <span class='ocrx_word' id='word_1_132' title='bbox 2053 2110 2107 2163; x_wconf 90' lang='lat' dir='ltr'><strong>et</strong></span> <span class='ocrx_word' id='word_1_133' title='bbox 2141 2111 2558 2163; x_wconf 88' lang='lat' dir='ltr'><strong>ornamentum</strong></span> <span class='ocrx_word' id='word_1_134' title='bbox 2610 2104 2954 2167; x_wconf 87' lang='lat' dir='ltr'><strong>immortale</strong></span> <span class='ocrx_word' id='word_1_135' title='bbox 2991 2123 3003 2167; x_wconf 93' lang='lat'>:</span> <span class='ocrx_word' id='word_1_136' title='bbox 3042 2127 3069 2165; x_wconf 82' lang='grc'>›</span> <span class='ocrx_word' id='word_1_137' title='bbox 3123 2108 3376 2188; x_wconf 87' lang='lat' dir='ltr'><strong>ejusque</strong></span> <span class='ocrx_word' id='word_1_138' title='bbox 3407 2126 3623 2188; x_wconf 88' lang='lat' dir='ltr'><strong>corpus</strong></span> 
     </span>
    </p>
   </div>
   <div class='ocr_carea' id='block_1_14' title="bbox 240 2190 3616 2277">
    <p class='ocr_par' dir='ltr' id='par_1_14' title="bbox 240 2190 3616 2277">
     <span class='ocr_line' id='line_1_14' title="bbox 240 2190 3616 2277; baseline 0.002 -27"><span class='ocrx_word' id='word_1_139' title='bbox 240 2193 684 2254; x_wconf 84' lang='lat' dir='ltr'><strong>sanctissimum</strong></span> <span class='ocrx_word' id='word_1_140' title='bbox 719 2196 1025 2256; x_wconf 85' lang='lat' dir='ltr'><strong>Mauritius</strong></span> <span class='ocrx_word' id='word_1_141' title='bbox 1051 2213 1143 2274; x_wconf 79' lang='lat' dir='ltr'><strong>ep.</strong></span> <span class='ocrx_word' id='word_1_142' title='bbox 1174 2194 1235 2254; x_wconf 94' lang='lat' dir='ltr'><strong>in</strong></span> <span class='ocrx_word' id='word_1_143' title='bbox 1269 2191 1516 2254; x_wconf 88' lang='lat' dir='ltr'><strong>historia</strong></span> <span class='ocrx_word' id='word_1_144' title='bbox 1547 2192 2003 2266; x_wconf 89' lang='lat' dir='ltr'><strong>Translationis,</strong></span> <span class='ocrx_word' id='word_1_145' title='bbox 2038 2191 2266 2252; x_wconf 73' lang='lat' dir='ltr'><strong>«totius</strong></span> <span class='ocrx_word' id='word_1_146' title='bbox 2293 2190 2512 2252; x_wconf 68' lang='lat' dir='ltr'><strong>Sicilia)</strong></span> <span class='ocrx_word' id='word_1_147' title='bbox 2544 2193 2754 2271; x_wconf 88' lang='lat' dir='ltr'><strong>pignus</strong></span> <span class='ocrx_word' id='word_1_148' title='bbox 2785 2203 2843 2255; x_wconf 91' lang='lat' dir='ltr'><strong>et</strong></span> <span class='ocrx_word' id='word_1_149' title='bbox 2872 2195 3130 2258; x_wconf 87' lang='lat' dir='ltr'><strong>amabile</strong></span> <span class='ocrx_word' id='word_1_150' title='bbox 3156 2198 3616 2277; x_wconf 74' lang='lat' dir='ltr'><strong>patrocinium.»</strong></span> 
     </span>
    </p>
   </div>
   <div class='ocr_carea' id='block_1_15' title="bbox 333 2294 3619 2379">
    <p class='ocr_par' dir='ltr' id='par_1_15' title="bbox 333 2294 3619 2379">
     <span class='ocr_line' id='line_1_15' title="bbox 333 2294 3619 2379; baseline 0.003 -29"><span class='ocrx_word' id='word_1_151' title='bbox 333 2321 358 2350; x_wconf 77' lang='grc' dir='ltr'><strong>α</strong></span> <span class='ocrx_word' id='word_1_152' title='bbox 393 2296 536 2376; x_wconf 86' lang='lat' dir='ltr'><strong>Ejus</strong></span> <span class='ocrx_word' id='word_1_153' title='bbox 590 2317 835 2372; x_wconf 88' lang='lat' dir='ltr'><strong>numen,</strong></span> <span class='ocrx_word' id='word_1_154' title='bbox 880 2323 900 2354; x_wconf 76' lang='grc' dir='ltr'><strong><em>ι</em></strong></span> <span class='ocrx_word' id='word_1_155' title='bbox 941 2308 1002 2359; x_wconf 93' lang='lat' dir='ltr'><strong>ut</strong></span> <span class='ocrx_word' id='word_1_156' title='bbox 1035 2297 1294 2378; x_wconf 84' lang='lat' dir='ltr'><strong>loquitur</strong></span> <span class='ocrx_word' id='word_1_157' title='bbox 1329 2295 1590 2358; x_wconf 91' lang='lat' dir='ltr'><strong>Thomas</strong></span> <span class='ocrx_word' id='word_1_158' title='bbox 1624 2297 1891 2360; x_wconf 86' lang='lat' dir='ltr'><strong>Fazellus</strong></span> <span class='ocrx_word' id='word_1_159' title='bbox 1943 2296 2026 2358; x_wconf 87' lang='lat' dir='ltr'><strong>De</strong></span> <span class='ocrx_word' id='word_1_160' title='bbox 2057 2294 2182 2357; x_wconf 80' lang='lat' dir='ltr'><strong>reb.</strong></span> <span class='ocrx_word' id='word_1_161' title='bbox 2215 2294 2436 2356; x_wconf 79' lang='lat' dir='ltr'><strong>Siculis</strong></span> <span class='ocrx_word' id='word_1_162' title='bbox 2467 2295 2693 2356; x_wconf 89' lang='lat' dir='ltr'><strong>decade</strong></span> <span class='ocrx_word' id='word_1_163' title='bbox 2745 2314 2786 2368; x_wconf 83' lang='grc' dir='ltr'><strong>ι,</strong></span> <span class='ocrx_word' id='word_1_164' title='bbox 2822 2297 2926 2357; x_wconf 90' lang='lat' dir='ltr'><strong>lib.</strong></span> <span class='ocrx_word' id='word_1_165' title='bbox 2961 2315 3048 2373; x_wconf 84' lang='lat' dir='ltr'><strong>1n,</strong></span> <span class='ocrx_word' id='word_1_166' title='bbox 3084 2318 3215 2379; x_wconf 88' lang='lat' dir='ltr'><strong>cap.</strong></span> <span class='ocrx_word' id='word_1_167' title='bbox 3250 2301 3309 2373; x_wconf 81' lang='grc'><strong>1,</strong></span> <span class='ocrx_word' id='word_1_168' title='bbox 3341 2309 3619 2378; x_wconf 80' lang='lat' dir='ltr'><strong>tanquam</strong></span> 
     </span>
    </p>
   </div>
   <div class='ocr_carea' id='block_1_16' title="bbox 246 2384 3620 2467">
    <p class='ocr_par' dir='ltr' id='par_1_16' title="bbox 246 2384 3620 2467">
     <span class='ocr_line' id='line_1_16' title="bbox 246 2384 3620 2467; baseline 0 -20"><span class='ocrx_word' id='word_1_169' title='bbox 246 2387 480 2447; x_wconf 67' lang='lat' dir='ltr'><strong>Catance</strong></span> <span class='ocrx_word' id='word_1_170' title='bbox 513 2387 678 2448; x_wconf 90' lang='lat' dir='ltr'><strong>urbis</strong></span> <span class='ocrx_word' id='word_1_171' title='bbox 721 2389 995 2462; x_wconf 82' lang='lat' dir='ltr'><strong>tutelare,</strong></span> <span class='ocrx_word' id='word_1_172' title='bbox 1037 2387 1290 2450; x_wconf 80' lang='lat' dir='ltr'><strong>maximo</strong></span> <span class='ocrx_word' id='word_1_173' title='bbox 1327 2386 1502 2447; x_wconf 92' lang='lat' dir='ltr'><strong>totius</strong></span> <span class='ocrx_word' id='word_1_174' title='bbox 1534 2385 1754 2448; x_wconf 56' lang='lat' dir='ltr'><strong>Sicilia</strong></span> <span class='ocrx_word' id='word_1_175' title='bbox 1782 2385 2041 2446; x_wconf 88' lang='lat' dir='ltr'><strong>virorum</strong></span> <span class='ocrx_word' id='word_1_176' title='bbox 2069 2403 2137 2446; x_wconf 89' lang='lat' dir='ltr'><strong>ac</strong></span> <span class='ocrx_word' id='word_1_177' title='bbox 2169 2384 2485 2444; x_wconf 89' lang='lat' dir='ltr'><strong>mulierum</strong></span> <span class='ocrx_word' id='word_1_178' title='bbox 2520 2394 2839 2460; x_wconf 87' lang='lat' dir='ltr'><strong>conventu,</strong></span> <span class='ocrx_word' id='word_1_179' title='bbox 2871 2384 3058 2447; x_wconf 90' lang='lat' dir='ltr'><strong>Nonis</strong></span> <span class='ocrx_word' id='word_1_180' title='bbox 3090 2386 3272 2451; x_wconf 85' lang='lat' dir='ltr'><strong>Febr.</strong></span> <span class='ocrx_word' id='word_1_181' title='bbox 3308 2406 3481 2467; x_wconf 88' lang='lat' dir='ltr'><strong>quam</strong></span> <span class='ocrx_word' id='word_1_182' title='bbox 3515 2406 3620 2448; x_wconf 89' lang='lat' dir='ltr'><strong>re-</strong></span> 
     </span>
    </p>
   </div>
   <div class='ocr_carea' id='block_1_17' title="bbox 243 2473 3623 2557">
    <p class='ocr_par' dir='ltr' id='par_1_17' title="bbox 243 2473 3623 2557">
     <span class='ocr_line' id='line_1_17' title="bbox 243 2473 3623 2557; baseline 0.001 -24"><span class='ocrx_word' id='word_1_183' title='bbox 243 2476 618 2552; x_wconf 76' lang='lat' dir='ltr'><strong>ligiosissime</strong></span> <span class='ocrx_word' id='word_1_184' title='bbox 670 2478 906 2537; x_wconf 83' lang='lat' dir='ltr'><strong>colitur.</strong></span> <span class='ocrx_word' id='word_1_185' title='bbox 951 2501 970 2532; x_wconf 79' lang='grc' dir='ltr'><strong><em>ι</em></strong></span> <span class='ocrx_word' id='word_1_186' title='bbox 1012 2479 1218 2557; x_wconf 75' lang='lat' dir='ltr'><strong>Neque</strong></span> <span class='ocrx_word' id='word_1_187' title='bbox 1271 2478 1506 2538; x_wconf 64' lang='lat' dir='ltr'><strong>Catenae</strong></span> <span class='ocrx_word' id='word_1_188' title='bbox 1536 2476 1730 2536; x_wconf 91' lang='lat' dir='ltr'><strong>solum</strong></span> <span class='ocrx_word' id='word_1_189' title='bbox 1764 2476 1922 2536; x_wconf 89' lang='lat' dir='ltr'><strong>illius</strong></span> <span class='ocrx_word' id='word_1_190' title='bbox 1954 2494 2024 2536; x_wconf 92' lang='lat' dir='ltr'><strong>eo</strong></span> <span class='ocrx_word' id='word_1_191' title='bbox 2074 2474 2170 2534; x_wconf 89' lang='lat' dir='ltr'><strong>die</strong></span> <span class='ocrx_word' id='word_1_192' title='bbox 2204 2473 2542 2534; x_wconf 90' lang='lat' dir='ltr'><strong>celebratur</strong></span> <span class='ocrx_word' id='word_1_193' title='bbox 2593 2474 2825 2548; x_wconf 87' lang='lat' dir='ltr'><strong>natalis,</strong></span> <span class='ocrx_word' id='word_1_194' title='bbox 2862 2475 2991 2551; x_wconf 86' lang='lat' dir='ltr'><strong>sed,</strong></span> <span class='ocrx_word' id='word_1_195' title='bbox 3031 2484 3093 2535; x_wconf 92' lang='lat' dir='ltr'><strong>ut</strong></span> <span class='ocrx_word' id='word_1_196' title='bbox 3121 2486 3258 2538; x_wconf 84' lang='lat' dir='ltr'><strong>ante</strong></span> <span class='ocrx_word' id='word_1_197' title='bbox 3289 2475 3407 2537; x_wconf 70' lang='lat'><strong>250</strong></span> <span class='ocrx_word' id='word_1_198' title='bbox 3435 2493 3623 2537; x_wconf 91' lang='lat' dir='ltr'><strong>annos</strong></span> 
     </span>
    </p>
   </div>
   <div class='ocr_carea' id='block_1_18' title="bbox 242 2561 3620 2644">
    <p class='ocr_par' dir='ltr' id='par_1_18' title="bbox 242 2561 3620 2644">
     <span class='ocr_line' id='line_1_18' title="bbox 242 2561 3620 2644; baseline 0.001 -20"><span class='ocrx_word' id='word_1_199' title='bbox 242 2564 483 2643; x_wconf 80' lang='lat' dir='ltr'><strong>scripsit</strong></span> <span class='ocrx_word' id='word_1_200' title='bbox 535 2565 592 2625; x_wconf 93' lang='lat' dir='ltr'><strong>in</strong></span> <span class='ocrx_word' id='word_1_201' title='bbox 646 2565 998 2628; x_wconf 88' lang='lat' dir='ltr'><strong>Calendario</strong></span> <span class='ocrx_word' id='word_1_202' title='bbox 1052 2565 1463 2626; x_wconf 82' lang='lat' dir='ltr'><strong>ecclesiastico</strong></span> <span class='ocrx_word' id='word_1_203' title='bbox 1517 2565 1782 2644; x_wconf 84' lang='lat' dir='ltr'><strong>generali</strong></span> <span class='ocrx_word' id='word_1_204' title='bbox 1834 2563 2189 2643; x_wconf 79' lang='lat' dir='ltr'><strong>Radulplius</strong></span> <span class='ocrx_word' id='word_1_205' title='bbox 2220 2561 2293 2622; x_wconf 91' lang='lat' dir='ltr'><strong>de</strong></span> <span class='ocrx_word' id='word_1_206' title='bbox 2351 2564 2522 2636; x_wconf 78' lang='lat' dir='ltr'><strong>Rivo,</strong></span> <span class='ocrx_word' id='word_1_207' title='bbox 2572 2561 2940 2638; x_wconf 84' lang='lat' dir='ltr'><strong>Tungrensis</strong></span> <span class='ocrx_word' id='word_1_208' title='bbox 2990 2565 3052 2624; x_wconf 89' lang='lat' dir='ltr'><strong>in</strong></span> <span class='ocrx_word' id='word_1_209' title='bbox 3083 2565 3284 2644; x_wconf 88' lang='lat' dir='ltr'><strong>Belgio</strong></span> <span class='ocrx_word' id='word_1_210' title='bbox 3336 2565 3620 2637; x_wconf 84' lang='lat' dir='ltr'><strong>decanus,</strong></span> 
     </span>
    </p>
   </div>
   <div class='ocr_carea' id='block_1_19' title="bbox 253 2651 3625 2734">
    <p class='ocr_par' dir='ltr' id='par_1_19' title="bbox 253 2651 3625 2734">
     <span class='ocr_line' id='line_1_19' title="bbox 253 2651 3625 2734; baseline 0.002 -26"><span class='ocrx_word' id='word_1_211' title='bbox 253 2679 277 2707; x_wconf 87' lang='grc'><strong>‹‹</strong></span> <span class='ocrx_word' id='word_1_212' title='bbox 308 2655 529 2734; x_wconf 77' lang='lat' dir='ltr'><strong>ubique</strong></span> <span class='ocrx_word' id='word_1_213' title='bbox 587 2674 653 2715; x_wconf 56' lang='lat' dir='ltr'><strong>et</strong></span> <span class='ocrx_word' id='word_1_214' title='bbox 689 2656 894 2716; x_wconf 85' lang='lat' dir='ltr'><strong>Sicilia</strong></span> <span class='ocrx_word' id='word_1_215' title='bbox 944 2655 1192 2732; x_wconf 71' lang='lat' dir='ltr'><strong>Agathze</strong></span> <span class='ocrx_word' id='word_1_216' title='bbox 1224 2656 1294 2713; x_wconf 92' lang='lat' dir='ltr'><strong>V.</strong></span> <span class='ocrx_word' id='word_1_217' title='bbox 1331 2662 1388 2715; x_wconf 90' lang='lat' dir='ltr'><strong>et</strong></span> <span class='ocrx_word' id='word_1_218' title='bbox 1422 2653 1473 2714; x_wconf 81' lang='grc' dir='ltr'><strong>Μ</strong></span> <span class='ocrx_word' id='word_1_219' title='bbox 1545 2673 1602 2715; x_wconf 83' lang='lat' dir='ltr'><strong>1x</strong></span> <span class='ocrx_word' id='word_1_220' title='bbox 1636 2655 1776 2715; x_wconf 88' lang='lat' dir='ltr'><strong>lect.</strong></span> <span class='ocrx_word' id='word_1_221' title='bbox 1818 2677 1840 2711; x_wconf 76' lang='lat' dir='ltr'><strong>ii</strong></span> <span class='ocrx_word' id='word_1_222' title='bbox 1880 2652 1981 2714; x_wconf 88' lang='lat' dir='ltr'><strong>Est</strong></span> <span class='ocrx_word' id='word_1_223' title='bbox 2030 2651 2481 2732; x_wconf 84' lang='lat' dir='ltr'><strong>antiquissimus</strong></span> <span class='ocrx_word' id='word_1_224' title='bbox 2509 2651 2936 2731; x_wconf 83' lang='lat' dir='ltr'><strong>Martyrologiis</strong></span> <span class='ocrx_word' id='word_1_225' title='bbox 2977 2655 3048 2713; x_wconf 82' lang='lat' dir='ltr'><strong>ad</strong></span> <span class='ocrx_word' id='word_1_226' title='bbox 3085 2672 3218 2714; x_wconf 91' lang='lat' dir='ltr'><strong>eum</strong></span> <span class='ocrx_word' id='word_1_227' title='bbox 3254 2654 3410 2715; x_wconf 89' lang='lat' dir='ltr'><strong>diem</strong></span> <span class='ocrx_word' id='word_1_228' title='bbox 3464 2653 3625 2715; x_wconf 87' lang='lat' dir='ltr'><strong>illius</strong></span> 
     </span>
    </p>
   </div>
   <div class='ocr_carea' id='block_1_20' title="bbox 246 2740 3622 2824">
    <p class='ocr_par' dir='ltr' id='par_1_20' title="bbox 246 2740 3622 2824">
     <span class='ocr_line' id='line_1_20' title="bbox 246 2740 3622 2824; baseline 0.001 -22"><span class='ocrx_word' id='word_1_229' title='bbox 246 2745 566 2823; x_wconf 76' lang='lat' dir='ltr'><strong>ascriptum</strong></span> <span class='ocrx_word' id='word_1_230' title='bbox 602 2764 841 2806; x_wconf 79' lang='lat' dir='ltr'><strong>nomen.</strong></span> <span class='ocrx_word' id='word_1_231' title='bbox 881 2745 967 2806; x_wconf 87' lang='lat' dir='ltr'><strong>Ita</strong></span> <span class='ocrx_word' id='word_1_232' title='bbox 1023 2763 1263 2806; x_wconf 89' lang='lat' dir='ltr'><strong>nomen.</strong></span> <span class='ocrx_word' id='word_1_233' title='bbox 1300 2744 1382 2804; x_wconf 80' lang='lat' dir='ltr'><strong>Ita</strong></span> <span class='ocrx_word' id='word_1_234' title='bbox 1415 2744 1882 2804; x_wconf 89' lang='lat' dir='ltr'><strong>vetustissimum</strong></span> <span class='ocrx_word' id='word_1_235' title='bbox 1916 2745 2279 2815; x_wconf 81' lang='lat' dir='ltr'><strong>Romanum,</strong></span> <span class='ocrx_word' id='word_1_236' title='bbox 2317 2741 2469 2819; x_wconf 83' lang='lat' dir='ltr'><strong>quod</strong></span> <span class='ocrx_word' id='word_1_237' title='bbox 2505 2742 2722 2820; x_wconf 64' lang='lat' dir='ltr'><strong>saepius</strong></span> <span class='ocrx_word' id='word_1_238' title='bbox 2757 2741 2867 2803; x_wconf 89' lang='lat' dir='ltr'><strong>sub</strong></span> <span class='ocrx_word' id='word_1_239' title='bbox 2898 2740 2958 2805; x_wconf 90' lang='lat' dir='ltr'><strong>S.</strong></span> <span class='ocrx_word' id='word_1_240' title='bbox 2995 2741 3343 2824; x_wconf 80' lang='lat' dir='ltr'><strong>Hieronymi</strong></span> <span class='ocrx_word' id='word_1_241' title='bbox 3379 2743 3622 2805; x_wconf 89' lang='lat' dir='ltr'><strong>nomine</strong></span> 
     </span>
    </p>
   </div>
   <div class='ocr_carea' id='block_1_21' title="bbox 244 2828 3621 2912">
    <p class='ocr_par' dir='ltr' id='par_1_21' title="bbox 244 2828 3621 2912">
     <span class='ocr_line' id='line_1_21' title="bbox 244 2828 3621 2912; baseline 0 -19"><span class='ocrx_word' id='word_1_242' title='bbox 244 2833 575 2894; x_wconf 85' lang='lat' dir='ltr'><strong>citavimus.</strong></span> <span class='ocrx_word' id='word_1_243' title='bbox 617 2857 641 2892; x_wconf 61' lang='grc' dir='ltr'>ς</span> <span class='ocrx_word' id='word_1_244' title='bbox 671 2837 734 2893; x_wconf 89' lang='lat' dir='ltr'><strong>ln</strong></span> <span class='ocrx_word' id='word_1_245' title='bbox 770 2835 993 2908; x_wconf 88' lang='lat' dir='ltr'><strong>Sicilia,</strong></span> <span class='ocrx_word' id='word_1_246' title='bbox 1029 2835 1264 2896; x_wconf 88' lang='lat' dir='ltr'><strong>civitate</strong></span> <span class='ocrx_word' id='word_1_247' title='bbox 1297 2832 1567 2906; x_wconf 90' lang='lat' dir='ltr'><strong>Catanas,</strong></span> <span class='ocrx_word' id='word_1_248' title='bbox 1606 2842 1725 2894; x_wconf 86' lang='lat' dir='ltr'><strong>nat.</strong></span> <span class='ocrx_word' id='word_1_249' title='bbox 1763 2833 2007 2911; x_wconf 73' lang='lat' dir='ltr'><strong>Agathaa</strong></span> <span class='ocrx_word' id='word_1_250' title='bbox 2039 2831 2203 2910; x_wconf 87' lang='lat' dir='ltr'><strong>Virg.</strong></span> <span class='ocrx_word' id='word_1_251' title='bbox 2248 2855 2268 2886; x_wconf 87' lang='grc' dir='ltr'><strong>ι)</strong></span> <span class='ocrx_word' id='word_1_252' title='bbox 2308 2828 2607 2892; x_wconf 90' lang='lat' dir='ltr'><strong>Consonat</strong></span> <span class='ocrx_word' id='word_1_253' title='bbox 2632 2831 2793 2892; x_wconf 88' lang='lat' dir='ltr'><strong>aliud</strong></span> <span class='ocrx_word' id='word_1_254' title='bbox 2827 2831 2899 2892; x_wconf 87' lang='lat' dir='ltr'><strong>ab</strong></span> <span class='ocrx_word' id='word_1_255' title='bbox 2938 2831 3259 2894; x_wconf 88' lang='lat' dir='ltr'><strong>Heriberto</strong></span> <span class='ocrx_word' id='word_1_256' title='bbox 3287 2831 3621 2912; x_wconf 85' lang='lat' dir='ltr'><strong>Rosweydo</strong></span> 
     </span>
    </p>
   </div>
   <div class='ocr_carea' id='block_1_22' title="bbox 244 2921 3624 3003">
    <p class='ocr_par' dir='ltr' id='par_1_22' title="bbox 244 2921 3624 3003">
     <span class='ocr_line' id='line_1_22' title="bbox 244 2921 3624 3003; baseline 0 -21"><span class='ocrx_word' id='word_1_257' title='bbox 244 2935 448 2983; x_wconf 63' lang='lat' dir='ltr'><strong>nostra</strong></span> <span class='ocrx_word' id='word_1_258' title='bbox 487 2924 709 2984; x_wconf 82' lang='lat' dir='ltr'><strong>editum</strong></span> <span class='ocrx_word' id='word_1_259' title='bbox 749 2947 762 2985; x_wconf 91' lang='lat'><strong>:</strong></span> <span class='ocrx_word' id='word_1_260' title='bbox 825 2947 849 2983; x_wconf 67' lang='grc' dir='ltr'><strong>α</strong></span> <span class='ocrx_word' id='word_1_261' title='bbox 885 2924 942 2986; x_wconf 93' lang='lat' dir='ltr'><strong>S.</strong></span> <span class='ocrx_word' id='word_1_262' title='bbox 981 2925 1227 3003; x_wconf 73' lang='lat' dir='ltr'><strong>Agathm</strong></span> <span class='ocrx_word' id='word_1_263' title='bbox 1278 2925 1421 3001; x_wconf 86' lang='lat' dir='ltr'><strong>virg.</strong></span> <span class='ocrx_word' id='word_1_264' title='bbox 1480 2922 1635 3003; x_wconf 83' lang='lat' dir='ltr'><strong>apud</strong></span> <span class='ocrx_word' id='word_1_265' title='bbox 1669 2923 1963 2983; x_wconf 83' lang='lat' dir='ltr'><strong>civitatem</strong></span> <span class='ocrx_word' id='word_1_266' title='bbox 2023 2921 2438 2982; x_wconf 84' lang='lat' dir='ltr'><strong>Catanensium</strong></span> <span class='ocrx_word' id='word_1_267' title='bbox 2479 2939 2494 2995; x_wconf 89' lang='lat'><strong>;</strong></span> <span class='ocrx_word' id='word_1_268' title='bbox 2534 2946 2558 2976; x_wconf 80' lang='grc'>»</span> <span class='ocrx_word' id='word_1_269' title='bbox 2617 2929 2675 2983; x_wconf 92' lang='lat' dir='ltr'><strong>et</strong></span> <span class='ocrx_word' id='word_1_270' title='bbox 2708 2921 3216 3003; x_wconf 82' lang='lat' dir='ltr'><strong>Richenoviense,</strong></span> <span class='ocrx_word' id='word_1_271' title='bbox 3250 2922 3373 2984; x_wconf 86' lang='lat' dir='ltr'><strong>sive</strong></span> <span class='ocrx_word' id='word_1_272' title='bbox 3416 2921 3624 2984; x_wconf 89' lang='lat' dir='ltr'><strong>Divitis</strong></span> 
     </span>
    </p>
   </div>
   <div class='ocr_carea' id='block_1_23' title="bbox 248 3009 2297 3092">
    <p class='ocr_par' dir='ltr' id='par_1_23' title="bbox 248 3009 2297 3092">
     <span class='ocr_line' id='line_1_23' title="bbox 248 3009 2297 3092; baseline -0.004 -18"><span class='ocrx_word' id='word_1_273' title='bbox 248 3013 456 3088; x_wconf 71' lang='lat' dir='ltr'><strong>Augize</strong></span> <span class='ocrx_word' id='word_1_274' title='bbox 492 3032 504 3074; x_wconf 89' lang='lat'>:</span> <span class='ocrx_word' id='word_1_275' title='bbox 545 3041 568 3069; x_wconf 73' lang='grc' dir='ltr'><strong>α</strong></span> <span class='ocrx_word' id='word_1_276' title='bbox 605 3014 832 3089; x_wconf 74' lang='lat' dir='ltr'><strong>Sicilia,</strong></span> <span class='ocrx_word' id='word_1_277' title='bbox 866 3015 924 3075; x_wconf 92' lang='lat' dir='ltr'><strong>in</strong></span> <span class='ocrx_word' id='word_1_278' title='bbox 959 3015 1222 3078; x_wconf 89' lang='lat' dir='ltr'><strong>Cathana</strong></span> <span class='ocrx_word' id='word_1_279' title='bbox 1258 3014 1521 3088; x_wconf 87' lang='lat' dir='ltr'><strong>civitate,</strong></span> <span class='ocrx_word' id='word_1_280' title='bbox 1560 3012 1760 3092; x_wconf 89' lang='lat' dir='ltr'><strong>passio</strong></span> <span class='ocrx_word' id='word_1_281' title='bbox 1789 3010 1850 3074; x_wconf 90' lang='lat' dir='ltr'><strong>S.</strong></span> <span class='ocrx_word' id='word_1_282' title='bbox 1885 3010 2133 3088; x_wconf 82' lang='lat' dir='ltr'><strong>Agathae</strong></span> <span class='ocrx_word' id='word_1_283' title='bbox 2164 3009 2233 3070; x_wconf 88' lang='lat' dir='ltr'><strong>V.</strong></span> <span class='ocrx_word' id='word_1_284' title='bbox 2272 3035 2297 3064; x_wconf 71' lang='grc' dir='ltr'><strong><em>υ</em></strong></span> 
     </span>
    </p>
   </div>
   <div class='ocr_carea' id='block_1_24' title="bbox 329 3110 3624 3196">
    <p class='ocr_par' dir='ltr' id='par_1_24' title="bbox 329 3110 3624 3196">
     <span class='ocr_line' id='line_1_24' title="bbox 329 3110 3624 3196; baseline -0.001 -17"><span class='ocrx_word' id='word_1_285' title='bbox 329 3120 540 3179; x_wconf 81' lang='lat' dir='ltr'><strong>Fusius</strong></span> <span class='ocrx_word' id='word_1_286' title='bbox 570 3117 872 3182; x_wconf 88' lang='lat' dir='ltr'><strong>Usuardus</strong></span> <span class='ocrx_word' id='word_1_287' title='bbox 913 3137 928 3176; x_wconf 87' lang='lat'><strong>:</strong></span> <span class='ocrx_word' id='word_1_288' title='bbox 969 3140 990 3172; x_wconf 88' lang='grc'><strong>‹‹</strong></span> <span class='ocrx_word' id='word_1_289' title='bbox 1022 3117 1192 3196; x_wconf 83' lang='lat' dir='ltr'><strong>Apud</strong></span> <span class='ocrx_word' id='word_1_290' title='bbox 1227 3115 1515 3193; x_wconf 89' lang='lat' dir='ltr'><strong>Siciliam,</strong></span> <span class='ocrx_word' id='word_1_291' title='bbox 1555 3116 1793 3178; x_wconf 88' lang='lat' dir='ltr'><strong>civitate</strong></span> <span class='ocrx_word' id='word_1_292' title='bbox 1843 3111 2290 3183; x_wconf 84' lang='lat' dir='ltr'><strong>Catanensium,</strong></span> <span class='ocrx_word' id='word_1_293' title='bbox 2329 3111 2542 3171; x_wconf 76' lang='lat' dir='ltr'><strong>natalis</strong></span> <span class='ocrx_word' id='word_1_294' title='bbox 2596 3110 2659 3173; x_wconf 91' lang='lat' dir='ltr'><strong>S.</strong></span> <span class='ocrx_word' id='word_1_295' title='bbox 2691 3112 2936 3190; x_wconf 66' lang='lat' dir='ltr'><strong>Agathae</strong></span> <span class='ocrx_word' id='word_1_296' title='bbox 2967 3113 3116 3193; x_wconf 87' lang='lat' dir='ltr'><strong>virg.</strong></span> <span class='ocrx_word' id='word_1_297' title='bbox 3153 3124 3213 3176; x_wconf 89' lang='lat' dir='ltr'><strong>et</strong></span> <span class='ocrx_word' id='word_1_298' title='bbox 3249 3123 3453 3188; x_wconf 88' lang='lat' dir='ltr'><strong>mart.,</strong></span> <span class='ocrx_word' id='word_1_299' title='bbox 3489 3119 3624 3196; x_wconf 77' lang='lat' dir='ltr'><strong>quae</strong></span> 
     </span>
    </p>
   </div>
   <div class='ocr_carea' id='block_1_25' title="bbox 247 3200 3625 3287">
    <p class='ocr_par' dir='ltr' id='par_1_25' title="bbox 247 3200 3625 3287">
     <span class='ocr_line' id='line_1_25' title="bbox 247 3200 3625 3287; baseline -0 -19"><span class='ocrx_word' id='word_1_300' title='bbox 247 3219 378 3286; x_wconf 79' lang='lat' dir='ltr'><strong>post</strong></span> <span class='ocrx_word' id='word_1_301' title='bbox 409 3208 607 3286; x_wconf 87' lang='lat' dir='ltr'><strong>alapas</strong></span> <span class='ocrx_word' id='word_1_302' title='bbox 635 3217 691 3269; x_wconf 91' lang='lat' dir='ltr'><strong>et</strong></span> <span class='ocrx_word' id='word_1_303' title='bbox 738 3226 1070 3276; x_wconf 88' lang='lat' dir='ltr'><strong>carcerem,</strong></span> <span class='ocrx_word' id='word_1_304' title='bbox 1106 3217 1237 3287; x_wconf 90' lang='lat' dir='ltr'><strong>post</strong></span> <span class='ocrx_word' id='word_1_305' title='bbox 1277 3208 1598 3287; x_wconf 90' lang='lat' dir='ltr'><strong>equuleum</strong></span> <span class='ocrx_word' id='word_1_306' title='bbox 1635 3219 1695 3268; x_wconf 87' lang='lat' dir='ltr'><strong>et</strong></span> <span class='ocrx_word' id='word_1_307' title='bbox 1746 3204 2058 3277; x_wconf 89' lang='lat' dir='ltr'><strong>tortiones,</strong></span> <span class='ocrx_word' id='word_1_308' title='bbox 2099 3209 2230 3281; x_wconf 91' lang='lat' dir='ltr'><strong>post</strong></span> <span class='ocrx_word' id='word_1_309' title='bbox 2291 3200 2688 3262; x_wconf 89' lang='lat' dir='ltr'><strong>mamillarum</strong></span> <span class='ocrx_word' id='word_1_310' title='bbox 2721 3200 3179 3275; x_wconf 87' lang='lat' dir='ltr'><strong>abscissionem,</strong></span> <span class='ocrx_word' id='word_1_311' title='bbox 3219 3214 3349 3284; x_wconf 91' lang='lat' dir='ltr'><strong>post</strong></span> <span class='ocrx_word' id='word_1_312' title='bbox 3396 3206 3625 3267; x_wconf 88' lang='lat' dir='ltr'><strong>voluta-</strong></span> 
     </span>
    </p>
   </div>
   <div class='ocr_carea' id='block_1_26' title="bbox 244 3289 3625 3375">
    <p class='ocr_par' dir='ltr' id='par_1_26' title="bbox 244 3289 3625 3375">
     <span class='ocr_line' id='line_1_26' title="bbox 244 3289 3625 3375; baseline 0 -19"><span class='ocrx_word' id='word_1_313' title='bbox 244 3299 466 3358; x_wconf 90' lang='lat' dir='ltr'><strong>tionem</strong></span> <span class='ocrx_word' id='word_1_314' title='bbox 521 3299 578 3357; x_wconf 90' lang='lat' dir='ltr'><strong>in</strong></span> <span class='ocrx_word' id='word_1_315' title='bbox 611 3297 841 3358; x_wconf 89' lang='lat' dir='ltr'><strong>testulis</strong></span> <span class='ocrx_word' id='word_1_316' title='bbox 873 3305 932 3357; x_wconf 90' lang='lat' dir='ltr'><strong>et</strong></span> <span class='ocrx_word' id='word_1_317' title='bbox 963 3294 1342 3372; x_wconf 87' lang='lat' dir='ltr'><strong>carbonibus,</strong></span> <span class='ocrx_word' id='word_1_318' title='bbox 1383 3296 1622 3359; x_wconf 87' lang='lat' dir='ltr'><strong>tandem</strong></span> <span class='ocrx_word' id='word_1_319' title='bbox 1673 3296 1788 3356; x_wconf 91' lang='lat' dir='ltr'><strong>sub</strong></span> <span class='ocrx_word' id='word_1_320' title='bbox 1814 3293 2026 3373; x_wconf 80' lang='lat' dir='ltr'><strong>judice</strong></span> <span class='ocrx_word' id='word_1_321' title='bbox 2076 3289 2399 3363; x_wconf 86' lang='lat' dir='ltr'><strong>Quintiano</strong></span> <span class='ocrx_word' id='word_1_322' title='bbox 2434 3292 2714 3369; x_wconf 77' lang='lat' dir='ltr'><strong>martyrio</strong></span> <span class='ocrx_word' id='word_1_323' title='bbox 2749 3301 3162 3353; x_wconf 92' lang='lat' dir='ltr'><strong>consummata</strong></span> <span class='ocrx_word' id='word_1_324' title='bbox 3194 3301 3306 3357; x_wconf 81' lang='lat' dir='ltr'><strong>est.</strong></span> <span class='ocrx_word' id='word_1_325' title='bbox 3340 3294 3474 3356; x_wconf 87' lang='lat' dir='ltr'><strong>Ado</strong></span> <span class='ocrx_word' id='word_1_326' title='bbox 3525 3312 3625 3375; x_wconf 91' lang='lat' dir='ltr'><strong>ep.</strong></span> 
     </span>
    </p>
   </div>
   <div class='ocr_carea' id='block_1_27' title="bbox 244 3378 3625 3466">
    <p class='ocr_par' dir='ltr' id='par_1_27' title="bbox 244 3378 3625 3466">
     <span class='ocr_line' id='line_1_27' title="bbox 244 3378 3625 3466; baseline 0 -21"><span class='ocrx_word' id='word_1_327' title='bbox 244 3387 606 3448; x_wconf 89' lang='lat' dir='ltr'><strong>Viennensis</strong></span> <span class='ocrx_word' id='word_1_328' title='bbox 645 3393 704 3447; x_wconf 90' lang='lat' dir='ltr'><strong>in</strong></span> <span class='ocrx_word' id='word_1_329' title='bbox 756 3385 1173 3464; x_wconf 69' lang='lat' dir='ltr'><strong>Martyrologio</strong></span> <span class='ocrx_word' id='word_1_330' title='bbox 1210 3387 1320 3446; x_wconf 90' lang='lat' dir='ltr'><strong>ista</strong></span> <span class='ocrx_word' id='word_1_331' title='bbox 1366 3387 1567 3462; x_wconf 84' lang='lat' dir='ltr'><strong>habet,</strong></span> <span class='ocrx_word' id='word_1_332' title='bbox 1602 3403 1734 3466; x_wconf 66' lang='lat' dir='ltr'><strong>quas</strong></span> <span class='ocrx_word' id='word_1_333' title='bbox 1762 3392 1820 3443; x_wconf 88' lang='lat' dir='ltr'><strong>et</strong></span> <span class='ocrx_word' id='word_1_334' title='bbox 1850 3383 1912 3444; x_wconf 90' lang='lat' dir='ltr'><strong>in</strong></span> <span class='ocrx_word' id='word_1_335' title='bbox 1947 3399 2092 3442; x_wconf 88' lang='lat' dir='ltr'><strong>mss.</strong></span> <span class='ocrx_word' id='word_1_336' title='bbox 2151 3379 2345 3454; x_wconf 87' lang='lat' dir='ltr'><strong>variis,</strong></span> <span class='ocrx_word' id='word_1_337' title='bbox 2383 3378 2558 3440; x_wconf 88' lang='lat' dir='ltr'><strong>etiam</strong></span> <span class='ocrx_word' id='word_1_338' title='bbox 2594 3379 2770 3441; x_wconf 66' lang='lat' dir='ltr'><strong>Beda:</strong></span> <span class='ocrx_word' id='word_1_339' title='bbox 2827 3381 3071 3442; x_wconf 90' lang='lat' dir='ltr'><strong>nomine</strong></span> <span class='ocrx_word' id='word_1_340' title='bbox 3105 3382 3497 3462; x_wconf 60' lang='lat' dir='ltr'><strong>praetitulatis,</strong></span> <span class='ocrx_word' id='word_1_341' title='bbox 3534 3383 3625 3445; x_wconf 88' lang='lat' dir='ltr'><strong>le-</strong></span> 
     </span>
    </p>
   </div>
   <div class='ocr_carea' id='block_1_28' title="bbox 238 3467 3628 3556">
    <p class='ocr_par' dir='ltr' id='par_1_28' title="bbox 238 3467 3628 3556">
     <span class='ocr_line' id='line_1_28' title="bbox 238 3467 3628 3556; baseline -0 -20"><span class='ocrx_word' id='word_1_342' title='bbox 238 3485 464 3555; x_wconf 89' lang='lat' dir='ltr'><strong>guntur</strong></span> <span class='ocrx_word' id='word_1_343' title='bbox 498 3499 510 3536; x_wconf 92' lang='lat'>:</span> <span class='ocrx_word' id='word_1_344' title='bbox 572 3502 598 3531; x_wconf 79' lang='grc' dir='ltr'><strong>α</strong></span> <span class='ocrx_word' id='word_1_345' title='bbox 630 3476 806 3556; x_wconf 85' lang='lat' dir='ltr'><strong>Apud</strong></span> <span class='ocrx_word' id='word_1_346' title='bbox 841 3473 1129 3548; x_wconf 90' lang='lat' dir='ltr'><strong>Siciliam,</strong></span> <span class='ocrx_word' id='word_1_347' title='bbox 1165 3475 1404 3537; x_wconf 88' lang='lat' dir='ltr'><strong>civitate</strong></span> <span class='ocrx_word' id='word_1_348' title='bbox 1454 3473 1887 3546; x_wconf 83' lang='lat' dir='ltr'><strong>Catinensium,</strong></span> <span class='ocrx_word' id='word_1_349' title='bbox 1925 3470 2119 3550; x_wconf 88' lang='lat' dir='ltr'><strong>passio</strong></span> <span class='ocrx_word' id='word_1_350' title='bbox 2153 3467 2216 3532; x_wconf 92' lang='lat' dir='ltr'><strong>S.</strong></span> <span class='ocrx_word' id='word_1_351' title='bbox 2266 3470 2512 3548; x_wconf 68' lang='lat' dir='ltr'><strong>Agathaa</strong></span> <span class='ocrx_word' id='word_1_352' title='bbox 2543 3467 2693 3547; x_wconf 83' lang='lat' dir='ltr'><strong>virg.</strong></span> <span class='ocrx_word' id='word_1_353' title='bbox 2728 3469 2838 3530; x_wconf 91' lang='lat' dir='ltr'><strong>sub</strong></span> <span class='ocrx_word' id='word_1_354' title='bbox 2871 3472 3050 3533; x_wconf 88' lang='lat' dir='ltr'><strong>Decio</strong></span> <span class='ocrx_word' id='word_1_355' title='bbox 3082 3470 3230 3552; x_wconf 90' lang='lat' dir='ltr'><strong>imp.</strong></span> <span class='ocrx_word' id='word_1_356' title='bbox 3268 3473 3628 3553; x_wconf 88' lang='lat' dir='ltr'><strong>proconsule</strong></span> 
     </span>
    </p>
   </div>
   <div class='ocr_carea' id='block_1_29' title="bbox 240 3559 3625 3646">
    <p class='ocr_par' dir='ltr' id='par_1_29' title="bbox 240 3559 3625 3646">
     <span class='ocr_line' id='line_1_29' title="bbox 240 3559 3625 3646; baseline 0 -20"><span class='ocrx_word' id='word_1_357' title='bbox 240 3567 562 3640; x_wconf 82' lang='lat' dir='ltr'><strong>Quintiano</strong></span> <span class='ocrx_word' id='word_1_358' title='bbox 593 3588 605 3626; x_wconf 91' lang='lat'>:</span> <span class='ocrx_word' id='word_1_359' title='bbox 641 3584 769 3646; x_wconf 70' lang='lat' dir='ltr'><strong>qua:</strong></span> <span class='ocrx_word' id='word_1_360' title='bbox 823 3573 957 3646; x_wconf 90' lang='lat' dir='ltr'><strong>post</strong></span> <span class='ocrx_word' id='word_1_361' title='bbox 988 3565 1188 3644; x_wconf 89' lang='lat' dir='ltr'><strong>alapas</strong></span> <span class='ocrx_word' id='word_1_362' title='bbox 1219 3574 1275 3627; x_wconf 88' lang='lat' dir='ltr'><strong>et</strong></span> <span class='ocrx_word' id='word_1_363' title='bbox 1317 3584 1650 3640; x_wconf 89' lang='lat' dir='ltr'><strong>carcerem,</strong></span> <span class='ocrx_word' id='word_1_364' title='bbox 1687 3569 1819 3644; x_wconf 89' lang='lat' dir='ltr'><strong>post</strong></span> <span class='ocrx_word' id='word_1_365' title='bbox 1858 3561 2180 3638; x_wconf 90' lang='lat' dir='ltr'><strong>equuleum</strong></span> <span class='ocrx_word' id='word_1_366' title='bbox 2216 3564 2273 3618; x_wconf 71' lang='lat' dir='ltr'><strong>et</strong></span> <span class='ocrx_word' id='word_1_367' title='bbox 2326 3559 2639 3630; x_wconf 84' lang='lat' dir='ltr'><strong>tortiones,</strong></span> <span class='ocrx_word' id='word_1_368' title='bbox 2677 3569 2805 3638; x_wconf 80' lang='lat' dir='ltr'><strong>post</strong></span> <span class='ocrx_word' id='word_1_369' title='bbox 2841 3560 3241 3622; x_wconf 89' lang='lat' dir='ltr'><strong>mamillarum</strong></span> <span class='ocrx_word' id='word_1_370' title='bbox 3299 3562 3625 3626; x_wconf 87' lang='lat' dir='ltr'><strong>abscissio-</strong></span> 
     </span>
    </p>
   </div>
   <div class='ocr_carea' id='block_1_30' title="bbox 239 3647 3625 3736">
    <p class='ocr_par' dir='ltr' id='par_1_30' title="bbox 239 3647 3625 3736">
     <span class='ocr_line' id='line_1_30' title="bbox 239 3647 3625 3736; baseline -0.002 -17"><span class='ocrx_word' id='word_1_371' title='bbox 239 3676 380 3719; x_wconf 91' lang='lat' dir='ltr'><strong>nem</strong></span> <span class='ocrx_word' id='word_1_372' title='bbox 416 3657 519 3718; x_wconf 92' lang='lat' dir='ltr'><strong>sed</strong></span> <span class='ocrx_word' id='word_1_373' title='bbox 552 3677 584 3718; x_wconf 91' lang='lat' dir='ltr'><strong>a</strong></span> <span class='ocrx_word' id='word_1_374' title='bbox 615 3656 866 3717; x_wconf 90' lang='lat' dir='ltr'><strong>Domino</strong></span> <span class='ocrx_word' id='word_1_375' title='bbox 899 3657 1297 3735; x_wconf 80' lang='lat' dir='ltr'><strong>sanationem,</strong></span> <span class='ocrx_word' id='word_1_376' title='bbox 1325 3664 1457 3736; x_wconf 91' lang='lat' dir='ltr'><strong>post</strong></span> <span class='ocrx_word' id='word_1_377' title='bbox 1487 3653 1912 3716; x_wconf 87' lang='lat' dir='ltr'><strong>volutationem</strong></span> <span class='ocrx_word' id='word_1_378' title='bbox 1950 3650 2011 3709; x_wconf 91' lang='lat' dir='ltr'><strong>in</strong></span> <span class='ocrx_word' id='word_1_379' title='bbox 2045 3648 2276 3709; x_wconf 90' lang='lat' dir='ltr'><strong>testulis</strong></span> <span class='ocrx_word' id='word_1_380' title='bbox 2321 3655 2379 3707; x_wconf 90' lang='lat' dir='ltr'><strong>et</strong></span> <span class='ocrx_word' id='word_1_381' title='bbox 2408 3647 2793 3726; x_wconf 77' lang='lat' dir='ltr'><strong>carbonibus,</strong></span> <span class='ocrx_word' id='word_1_382' title='bbox 2831 3648 3070 3710; x_wconf 86' lang='lat' dir='ltr'><strong>tandem</strong></span> <span class='ocrx_word' id='word_1_383' title='bbox 3106 3649 3168 3710; x_wconf 88' lang='lat' dir='ltr'><strong>in</strong></span> <span class='ocrx_word' id='word_1_384' title='bbox 3199 3668 3441 3712; x_wconf 84' lang='lat' dir='ltr'><strong>carcere</strong></span> <span class='ocrx_word' id='word_1_385' title='bbox 3474 3671 3625 3712; x_wconf 90' lang='lat' dir='ltr'><strong>con-</strong></span> 
     </span>
    </p>
   </div>
   <div class='ocr_carea' id='block_1_31' title="bbox 238 3736 3623 3820">
    <p class='ocr_par' dir='ltr' id='par_1_31' title="bbox 238 3736 3623 3820">
     <span class='ocr_line' id='line_1_31' title="bbox 238 3736 3623 3820; baseline -0.001 -18"><span class='ocrx_word' id='word_1_386' title='bbox 238 3755 536 3808; x_wconf 88' lang='lat' dir='ltr'><strong>summata</strong></span> <span class='ocrx_word' id='word_1_387' title='bbox 569 3755 678 3807; x_wconf 89' lang='lat' dir='ltr'><strong>est.</strong></span> <span class='ocrx_word' id='word_1_388' title='bbox 722 3771 741 3802; x_wconf 80' lang='lat' dir='ltr'><strong>l)</strong></span> <span class='ocrx_word' id='word_1_389' title='bbox 794 3746 935 3819; x_wconf 66' lang='lat' dir='ltr'><strong>Quae</strong></span> <span class='ocrx_word' id='word_1_390' title='bbox 967 3744 1092 3806; x_wconf 88' lang='lat' dir='ltr'><strong>Ado</strong></span> <span class='ocrx_word' id='word_1_391' title='bbox 1129 3753 1186 3805; x_wconf 91' lang='lat' dir='ltr'><strong>et</strong></span> <span class='ocrx_word' id='word_1_392' title='bbox 1213 3743 1544 3816; x_wconf 86' lang='lat' dir='ltr'><strong>Usuardus.</strong></span> <span class='ocrx_word' id='word_1_393' title='bbox 1578 3745 1786 3806; x_wconf 90' lang='lat' dir='ltr'><strong>eadem</strong></span> <span class='ocrx_word' id='word_1_394' title='bbox 1827 3740 2168 3818; x_wconf 81' lang='lat' dir='ltr'><strong>exprimunt</strong></span> <span class='ocrx_word' id='word_1_395' title='bbox 2221 3737 2504 3818; x_wconf 88' lang='lat' dir='ltr'><strong>pleraque</strong></span> <span class='ocrx_word' id='word_1_396' title='bbox 2535 3737 2672 3809; x_wconf 90' lang='lat' dir='ltr'><strong>alia,</strong></span> <span class='ocrx_word' id='word_1_397' title='bbox 2709 3736 2886 3798; x_wconf 90' lang='lat' dir='ltr'><strong>etiam</strong></span> <span class='ocrx_word' id='word_1_398' title='bbox 2941 3739 3370 3811; x_wconf 89' lang='lat' dir='ltr'><strong>recentiorum,</strong></span> <span class='ocrx_word' id='word_1_399' title='bbox 3403 3741 3623 3820; x_wconf 81' lang='lat' dir='ltr'><strong>Marty-</strong></span> 
     </span>
    </p>
   </div>
   <div class='ocr_carea' id='block_1_32' title="bbox 235 3825 3620 3916">
    <p class='ocr_par' dir='ltr' id='par_1_32' title="bbox 235 3825 3620 3916">
     <span class='ocr_line' id='line_1_32' title="bbox 235 3825 3620 3916; baseline -0.003 -18"><span class='ocrx_word' id='word_1_400' title='bbox 235 3836 510 3914; x_wconf 89' lang='lat' dir='ltr'><strong>rologia;</strong></span> <span class='ocrx_word' id='word_1_401' title='bbox 548 3836 909 3897; x_wconf 82' lang='lat' dir='ltr'><strong>contractius</strong></span> <span class='ocrx_word' id='word_1_402' title='bbox 955 3834 1245 3916; x_wconf 85' lang='lat' dir='ltr'><strong>quaedam,</strong></span> <span class='ocrx_word' id='word_1_403' title='bbox 1285 3835 1401 3896; x_wconf 89' lang='lat' dir='ltr'><strong>alia</strong></span> <span class='ocrx_word' id='word_1_404' title='bbox 1431 3835 1732 3898; x_wconf 70' lang='lat' dir='ltr'><strong>diffusius.</strong></span> <span class='ocrx_word' id='word_1_405' title='bbox 1766 3828 2230 3893; x_wconf 88' lang='lat' dir='ltr'><strong>Wandelbertus</strong></span> <span class='ocrx_word' id='word_1_406' title='bbox 2275 3825 2666 3907; x_wconf 87' lang='lat' dir='ltr'><strong>Prumiensis,</strong></span> <span class='ocrx_word' id='word_1_407' title='bbox 2701 3827 2799 3908; x_wconf 89' lang='lat' dir='ltr'><strong>qui</strong></span> <span class='ocrx_word' id='word_1_408' title='bbox 2832 3835 2968 3890; x_wconf 87' lang='lat' dir='ltr'><strong>ante</strong></span> <span class='ocrx_word' id='word_1_409' title='bbox 3003 3843 3168 3889; x_wconf 78' lang='lat' dir='ltr'><strong>taccc</strong></span> <span class='ocrx_word' id='word_1_410' title='bbox 3222 3847 3412 3889; x_wconf 90' lang='lat' dir='ltr'><strong>annos</strong></span> <span class='ocrx_word' id='word_1_411' title='bbox 3443 3828 3620 3902; x_wconf 86' lang='lat' dir='ltr'><strong>vixit,</strong></span> 
     </span>
    </p>
   </div>
   <div class='ocr_carea' id='block_1_33' title="bbox 238 3925 812 3988">
    <p class='ocr_par' dir='ltr' id='par_1_33' title="bbox 238 3925 812 3988">
     <span class='ocr_line' id='line_1_33' title="bbox 238 3925 812 3988; baseline -0.003 -2"><span class='ocrx_word' id='word_1_412' title='bbox 238 3927 369 3986; x_wconf 83' lang='lat' dir='ltr'><strong>haec</strong></span> <span class='ocrx_word' id='word_1_413' title='bbox 404 3926 476 3988; x_wconf 90' lang='lat' dir='ltr'><strong>de</strong></span> <span class='ocrx_word' id='word_1_414' title='bbox 506 3944 574 3987; x_wconf 87' lang='lat' dir='ltr'><strong>ea</strong></span> <span class='ocrx_word' id='word_1_415' title='bbox 605 3925 765 3986; x_wconf 85' lang='lat' dir='ltr'><strong>canit</strong></span> <span class='ocrx_word' id='word_1_416' title='bbox 801 3947 812 3983; x_wconf 95' lang='lat'><strong>:</strong></span> 
     </span>
    </p>
   </div>
   <div class='ocr_carea' id='block_1_34' title="bbox 1044 4056 2500 4140">
    <p class='ocr_par' dir='ltr' id='par_1_34' title="bbox 1044 4056 2500 4140">
     <span class='ocr_line' id='line_1_34' title="bbox 1044 4056 2500 4140; baseline -0.001 -20"><span class='ocrx_word' id='word_1_417' title='bbox 1044 4058 1314 4122; x_wconf 70' lang='lat' dir='ltr'><strong>Sicania:</strong></span> <span class='ocrx_word' id='word_1_418' title='bbox 1343 4059 1596 4140; x_wconf 73' lang='lat' dir='ltr'><strong>papulas</strong></span> <span class='ocrx_word' id='word_1_419' title='bbox 1626 4059 1817 4121; x_wconf 84' lang='lat' dir='ltr'><strong>Nonis</strong></span> <span class='ocrx_word' id='word_1_420' title='bbox 1845 4057 1959 4120; x_wconf 82' lang='lat' dir='ltr'><strong>sibi</strong></span> <span class='ocrx_word' id='word_1_421' title='bbox 1991 4058 2194 4120; x_wconf 81' lang='lat' dir='ltr'><strong>subdit</strong></span> <span class='ocrx_word' id='word_1_422' title='bbox 2229 4056 2500 4137; x_wconf 82' lang='lat' dir='ltr'><strong>Agathes</strong></span> 
     </span>
    </p>
   </div>
   <div class='ocr_carea' id='block_1_35' title="bbox 1058 4146 2431 4228">
    <p class='ocr_par' dir='ltr' id='par_1_35' title="bbox 1058 4146 2431 4228">
     <span class='ocr_line' id='line_1_35' title="bbox 1058 4146 2431 4228; baseline -0.001 -18"><span class='ocrx_word' id='word_1_423' title='bbox 1058 4148 1336 4228; x_wconf 76' lang='lat' dir='ltr'><strong>Virginis</strong></span> <span class='ocrx_word' id='word_1_424' title='bbox 1367 4150 1599 4212; x_wconf 64' lang='lat' dir='ltr'><strong>eximio</strong></span> <span class='ocrx_word' id='word_1_425' title='bbox 1629 4150 1828 4210; x_wconf 82' lang='lat' dir='ltr'><strong>virtus</strong></span> <span class='ocrx_word' id='word_1_426' title='bbox 1861 4146 2159 4209; x_wconf 77' lang='lat' dir='ltr'><strong>celebrata</strong></span> <span class='ocrx_word' id='word_1_427' title='bbox 2191 4148 2431 4210; x_wconf 83' lang='lat' dir='ltr'><strong>decore.</strong></span> 
     </span>
    </p>
   </div>
   <div class='ocr_carea' id='block_1_36' title="bbox 331 4307 2495 4389">
    <p class='ocr_par' dir='ltr' id='par_1_36' title="bbox 331 4307 2495 4389">
     <span class='ocr_line' id='line_1_36' title="bbox 331 4307 2495 4389; baseline -0.003 -17"><span class='ocrx_word' id='word_1_428' title='bbox 331 4311 613 4372; x_wconf 86' lang='lat' dir='ltr'><strong>Eamdem</strong></span> <span class='ocrx_word' id='word_1_429' title='bbox 646 4308 915 4372; x_wconf 86' lang='lat' dir='ltr'><strong>referunt</strong></span> <span class='ocrx_word' id='word_1_430' title='bbox 945 4311 1056 4372; x_wconf 91' lang='lat' dir='ltr'><strong>hoc</strong></span> <span class='ocrx_word' id='word_1_431' title='bbox 1087 4309 1182 4372; x_wconf 84' lang='lat' dir='ltr'><strong>die</strong></span> <span class='ocrx_word' id='word_1_432' title='bbox 1214 4308 1553 4372; x_wconf 65' lang='lat' dir='ltr'><strong>Graecorum</strong></span> <span class='ocrx_word' id='word_1_433' title='bbox 1587 4308 2012 4389; x_wconf 87' lang='lat' dir='ltr'><strong>Menologiurn,</strong></span> <span class='ocrx_word' id='word_1_434' title='bbox 2048 4307 2495 4385; x_wconf 85' lang='lat' dir='ltr'><strong>Anthologiuin.</strong></span> 
     </span>
    </p>
   </div>
  </div>
