4060 6206
312 368 333 433 1
348 367 464 435 333

1449 377 1634 444 VITA
1679 380 1739 443 S.
1788 378 2127 444 AGATHE
2173 376 2539 443 VIRGINIS.

3517 372 3667 449 1334

304 510 429 568 ἀλλ’
462 511 552 568 οὖν
581 512 809 569 κατάθου
837 512 976 569 θύειν
1010 514 1223 587 αὒτοϊς,
1255 514 1348 570 ἵνα
1404 516 1539 590 μετὰ
1571 520 1751 583 ποίσης
1782 521 1913 591 τιμῆ

2029 520 2191 575 omni
2224 513 2452 575 honore
2484 522 2543 572 et
2572 510 2763 591 gloria
2781 511 2856 573 ad
2882 512 3188 578 consulem
3205 514 3663 581 adducamus.S.

304 604 399 658 καὶ
453 601 609 670 δόξης
666 603 1021 681 προσάγωμεν
1085 625 1144 660 σε
1203 611 1280 677 τῷ
1321 604 1527 678 ὑπάτῳ.
1573 609 1639 663 Ἦ
1709 604 1763 663 δὲ
1821 608 1944 684 ἁγία

306 689 512 766 Ἀγάθη
566 692 666 759 τὴν
712 691 908 748 ἄνωθεν
966 692 1161 749 ἀσπίδα
1197 690 1451 767 λαϐοῦσα,
1486 693 1627 750 ὅπλα
1658 697 1718 751 οὗ
1742 717 1942 769 κοσμι-

305 782 392 854 κὰ,
441 779 563 836 ἀλλ’
591 780 789 836 ἄνωθεν
849 782 1340 856 κατεσκευασμένα,
1387 784 1642 860 γενναίως
1685 785 1821 840 κατὰ
1850 791 1944 840 τοῦ

300 870 553 946 τυράννου
609 869 879 941 ὀπλίζετο.
942 876 1059 928 Τῶν
1113 869 1168 926 δὲ
1240 870 1448 947 δημίων
1508 894 1942 951 κατεπειγοντων

298 958 466 1025 αὕτην
524 959 700 1016 ἐλθεῖν
759 959 843 1015 ἐπὶ
899 964 976 1033 τῷ
1018 966 1355 1037 παραστῆναι
1399 969 1477 1035 τῷ
1532 963 1789 1037 τυράννῳ,
1827 963 1939 1017 εἷσ-

298 1046 521 1105 ελθοῦσα
580 1052 653 1106 εἷς
698 1050 792 1104 τὸν
848 1050 1006 1105 οἶκον
1058 1052 1220 1117 αὖτῆς
1278 1051 1367 1106 καὶ
1433 1050 1749 1109 ἂνατείνασα
1815 1052 1938 1115 τοὺς

296 1137 601 1217 ὀφθαλμοὺς
654 1140 727 1201 εἰς
792 1140 882 1193 τὸν
945 1139 1164 1214 οὒρανὸν
1218 1140 1375 1196 εἶπεν
1408 1159 1423 1173 ’
1471 1141 1713 1197 Δέσποτα
1756 1142 1936 1220 Κύριε,

296 1227 476 1294 Ἰησοῦ
532 1227 746 1308 Χριστέ,
810 1229 873 1286 σὺ
929 1227 1209 1286 ἐπίστασαι
1258 1232 1356 1298 τὴν
1407 1230 1634 1287 διάθεσίν
1664 1253 1765 1306 μου
1799 1248 1815 1265 ⁸
1876 1231 1937 1287 σὺ

296 1314 451 1379 οἶδας
503 1320 567 1375 τὸ
624 1318 754 1393 ἐμὸν
814 1317 1084 1395 πρόθυμον
1115 1334 1127 1345 “
1182 1322 1341 1383 αὗτὸς
1399 1321 1772 1398 στρατήγησον
1803 1320 1935 1397 ὑπὲρ

294 1405 424 1480 ἐμοῦ
470 1408 604 1462 κατὰ
654 1414 746 1464 τοῦ
817 1408 1091 1483 τυράννου,
1150 1407 1254 1476 ἤδη
1315 1409 1416 1487 γὰρ
1475 1411 1792 1488 νενέκρωται
1849 1410 1936 1466 καὶ

293 1496 740 1562 καταπεπάτηται
789 1496 880 1552 ὑπ’
932 1496 1082 1570 ἰμοῡ.
1124 1498 1216 1555 Καὶ
1274 1504 1384 1567 νῦν,
1442 1498 1688 1555 Δέσποτα
1754 1500 1930 1574 Κύριε,

294 1586 364 1650 εἷς
394 1586 454 1640 τὸ
506 1584 716 1641 τέλειον
766 1587 852 1642 καὶ
898 1587 1315 1665 κορυφαιότατον
1369 1587 1538 1662 ὄνομά
1596 1610 1711 1659 σου,
1776 1588 1831 1644 ἐν
1888 1592 1934 1662 ᾧ

289 1672 455 1745 ἔζησα
485 1676 678 1747 σεμνὸν
733 1676 873 1755 βίον,
934 1675 1122 1752 δέομαί
1168 1699 1289 1755 σου,
1341 1684 1570 1735 σπεῦσον
1596 1678 1684 1735 καὶ
1719 1678 1931 1745 νίκησον

286 1766 379 1820 τὸν
410 1762 680 1838 διάϐολον,
713 1763 1135 1842 προσδεξάμενος
1166 1767 1231 1823 τὰ
1262 1766 1365 1842 ἐμὰ
1388 1766 1609 1845 δάκρυα,

2025 603 2276 680 Agatha,
2306 610 2551 681 accepto
2583 619 2616 662 e
2646 603 2881 681 superis
2911 601 3310 684 clypeo,arma
3339 624 3458 668 non
3495 624 3667 669 mun-

2026 694 2206 763 dana,
2239 693 2342 754 sed
2383 692 2652 756 coelestia
2708 690 2995 755 adversus
3026 703 3338 774 tyrannum
3373 715 3665 775 generose

2028 780 2289 861 expedit.
2338 778 2674 841 Lictoribus
2726 797 2866 842 vero
2899 799 3031 842 eam
3064 782 3433 860 urgentibus,
3467 792 3530 845 ut
3560 803 3664 847 se-

2026 888 2158 931 cum
2194 871 2314 933 iter
2343 877 2706 949 capesseret,
2743 879 2999 950 tyranno
3029 870 3386 947 sistenda,in
3417 872 3661 935 domum

2023 977 2190 1022 suam
2222 961 2493 1039 ingressa
2521 959 2630 1038 (l).
2663 958 2914 1021 sublatis
2961 964 3021 1021 in
3071 961 3287 1023 ctblum
3322 962 3532 1041 oculis,
3563 963 3663 1025 di-

2024 1048 2114 1110 xit
2164 1066 2178 1111 :
2242 1046 2493 1109 Domine
2547 1046 2691 1110 Jesu
2750 1048 3009 1123 Christe,
3068 1058 3127 1110 tu
3180 1049 3332 1111 nosti
3389 1050 3660 1113 animum

2023 1158 2248 1218 meum,
2288 1145 2347 1199 tu
2383 1137 2658 1198 aﬂ‘ectum
2713 1137 3003 1217 perspicis
3037 1160 3050 1196 :
3093 1138 3223 1218 ipse
3254 1146 3313 1201 tu
3343 1139 3461 1201 dux
3494 1160 3662 1204 meus

2021 1237 2149 1291 esto
2180 1229 2465 1290 adversus
2526 1235 2867 1307 tyrannum.
2919 1226 3072 1290 Ecce
3116 1226 3276 1289 enim
3321 1230 3447 1307 jam
3482 1248 3661 1310 pros-

2022 1326 2209 1379 tratus
2240 1326 2352 1388 est,
2379 1317 2505 1397 jam
2533 1333 2567 1377 a
2611 1335 2707 1377 me
2764 1315 3165 1380 conculcatus.
3208 1318 3281 1379 Et
3322 1336 3503 1395 nunc,
3540 1319 3658 1381 Do-

2020 1410 2206 1481 mine,
2244 1416 2487 1487 propter
2518 1425 2796 1485 magnum
2829 1414 2888 1467 et
2946 1407 3406 1487 supereminens
3437 1426 3661 1470 nomen

2020 1507 2208 1572 tuum,
2243 1498 2303 1558 in
2335 1516 2452 1577 quo
2500 1496 2678 1559 vitam
2734 1515 2944 1577 puram
2999 1504 3344 1577 castamque
3396 1499 3654 1574 traduxi,

2017 1588 2292 1661 obsecro,
2326 1588 2596 1650 accelera
2624 1595 2682 1649 et
2732 1587 2904 1649 vince
2935 1585 3263 1662 diabolum,
3319 1587 3660 1668 suscipiens

2016 1677 2304 1758 lacrymas
2339 1695 2502 1740 meas
2532 1677 2617 1757 (Ξ)
2632 1724 2645 1738 .

373 1853 462 1915 Δ’.
527 1852 831 1928 Εὒξαμένῆς
890 1854 944 1911 δὲ
1004 1856 1169 1921 αὐτῆς
1213 1855 1409 1935 οὕτως,
1443 1856 1658 1923 ἑξηὶθεν
1690 1856 1796 1912 ἀπὸ
1825 1857 1917 1922 τῆς

2089 1854 2334 1917 lV.Haec
2359 1863 2621 1935 precata,
2644 1852 2938 1916 Panormo
2971 1854 3276 1931 discessit,
3313 1857 3471 1919 firmi
3496 1858 3653 1919 muri

286 1944 590 2019 Πανόρμου,
635 1944 816 2022 ὥσπερ
861 1958 1054 2025 τεῖχος
1113 1942 1361 2003 ἄπτωτον
1420 1948 1509 2003 καὶ
1558 1968 1925 2025 περικεχαρα-

286 2034 554 2109 κωμένσιν,
598 2036 686 2090 καὶ
741 2032 977 2106 ἐϐάδιζεν
1022 2036 1302 2113 προθύμως
1358 2036 1496 2110 μετὰ
1530 2036 1637 2092 τῶν
1694 2033 1923 2111 δημίων,

288 2121 693 2199 Προσομιλοῦσα
747 2122 802 2178 δὲ
863 2130 929 2201 τῇ
986 2123 1196 2198 διανοίᾳ
1239 2125 1313 2199 τῷ
1356 2123 1539 2181 κάλλει
1582 2124 1679 2192 τῆς
1730 2124 1927 2201 ἆρετῆς

287 2212 471 2290 ἔλεγεν
509 2232 526 2249 ⁸
575 2219 792 2290 Πρῶτον
850 2214 946 2289 μὲν
991 2212 1201 2280 ἧθλησα
1252 2215 1370 2289 περὶ
1414 2217 1514 2280 τὴν
1555 2215 1922 2293 σωφροσύνην,

283 2305 374 2359 καὶ
425 2305 518 2360 τὸν
572 2303 876 2382 ἀρχέκακον
930 2301 1197 2374 διάϐολον,
1260 2306 1352 2360 τὸν
1394 2304 1789 2382 ὒποσπείραντα
1832 2305 1926 2368 τὰς

282 2392 477 2461 ἡδονὰς
520 2399 597 2465 τῷ
648 2392 789 2469 γένει
833 2398 939 2449 τῶν
997 2392 1288 2471 ἀνθρώπων
1332 2393 1608 2466 νενίκηκα,
1657 2395 1746 2448 καὶ
1788 2414 1924 2449 κατ-

284 2482 531 2546 επάτησα
587 2478 673 2536 διὰ
716 2487 816 2548 τῆς
873 2481 1099 2561 χάριτος
1155 2490 1249 2540 τοῦ
1323 2483 1510 2559 Κυρίου)
1556 2484 1711 2555 ἡμῶν
1744 2479 1926 2545 Ἰησοῦ

284 2572 512 2642 Χριστοῦ
544 2588 559 2604 ⁸
610 2570 756 2643 ἀλλ’,
798 2572 842 2624 ὦ
899 2571 1103 2649 πονηρὲ
1148 2572 1235 2627 καὶ
1279 2570 1435 2650 ὲχθρὲ
1491 2570 1589 2637 τῆς
1646 2569 1920 2643 ἀληθείας,

282 2661 385 2739 οὺχ
441 2662 562 2735 ὁρᾷς
621 2661 682 2715 τὸ
739 2660 867 2731 ἐμὸν
899 2658 1109 2717 στάδιον
1156 2662 1413 2717 ἀθάνατον
1456 2661 1516 2717 ὃν
1550 2680 1566 2741 ;
1600 2659 1655 2715 ἓν
1685 2662 1731 2733 ᾧ
1758 2657 1924 2737 ἀγάλ-

282 2748 466 2806 λονται
497 2748 690 2804 δίκαιοί
737 2770 793 2803 τε
836 2749 950 2824 ἅμα
1009 2751 1097 2805 καὶ
1125 2749 1369 2828 ἄγγελοι.
1405 2751 1611 2816 Θεατὴν
1643 2749 1760 2829 ἔχω
1788 2750 1920 2805 ἀθά-

280 2861 438 2895 νατον
464 2848 554 2895 τὸν
587 2840 705 2894 Υἱὸν
748 2849 841 2898 τοῦ
886 2846 1020 2895 Θεού
1064 2840 1154 2895 τὸν
1204 2840 1396 2917 Κύριον
1425 2840 1635 2907 ἰησοῦν
1668 2840 1915 2915 Χριστὸν,

278 2929 484 3004 μυρίαις
541 2927 786 3006 Ξίγγελων
836 2929 1014 2994 τάξεσι
1066 2926 1538 3008 δορυφορούμενος.
1601 2931 1697 2988 Καὶ
1755 2932 1919 2985 ταῦτα

275 3020 496 3075 εἰποῦσα
521 3019 653 3074 κατὰ
683 3019 783 3085 τὴν
811 3016 1048 3074 διάνοιαν
1077 3018 1311 3081 ἔκλαιεν.

361 3108 450 3170 Ε’.
511 3108 882 3183 Πορευομένης
940 3108 1130 3183 αὐτῆς,
1191 3108 1348 3177 ἐλύθη
1428 3111 1491 3166 τὸ
1550 3111 1918 3189 περικείμενον

278 3200 534 3275 σπαρτίον
591 3206 685 3255 τοῦ
740 3196 1083 3273 ὑποδήματος
1140 3198 1328 3274 αὒτῆς,
1386 3201 1473 3257 καὶ
1521 3201 1767 3270 στήσασα
1823 3201 1916 3257 τὸν

275 3285 414 3343 πόδα
446 3286 539 3343 ἐπὶ
584 3288 756 3365 λίθου,
788 3284 976 3353 ἔδησεν
1014 3303 1028 3318 '
1076 3290 1164 3344 καὶ
1191 3302 1489 3367 στραφεῖσα
1521 3290 1593 3353 εἰς
1620 3290 1685 3345 τὰ
1716 3290 1911 3361 ὀπίσω,

274 3375 462 3433 οὐδένα
504 3374 621 3433 ἴδτν
679 3375 1166 3435 συνακολοδθοῦντα
1223 3380 1356 3456 αὒτῇ
1405 3384 1511 3435 τῶν
1554 3378 1914 3456 προπεμπόν-

271 3488 382 3523 των
425 3465 560 3543 αὖτῇ
592 3465 829 3522 πολιτῶν
882 3468 962 3523 ιιαὶ
1004 3465 1310 3538 πολιτίδων,
1364 3467 1484 3524 ἀλλ’
1515 3468 1768 3532 ἐάσαντες
1812 3472 1914 3527 αὖ-

268 3561 371 3623 τὴν
412 3556 794 3636 ἀνεχώρησαν,
850 3556 919 3613 Ἥ
968 3554 1024 3613 δὲ
1081 3557 1205 3635 ἁγία
1250 3557 1453 3635 Ἀγάθη
1504 3554 1704 3638 σφόδρα
1743 3556 1915 3625 λυπη-

263 3648 421 3702 θεῖσα
454 3645 650 3711 ηὔξατο
691 3644 922 3720 λέγουσα
956 3665 970 3681 ·
1007 3645 1253 3702 Δέσποτα
1307 3647 1458 3725 Κύριε
1514 3647 1906 3725 παντοκράτορ,

263 3733 352 3789 διὰ
409 3735 529 3799 τοὺς
581 3735 985 3802 ἀπιστήσαντας
1025 3740 1094 3811 τῇ
1126 3740 1195 3811 σῇ
1226 3734 1386 3810 δούλῃ
1413 3740 1481 3811 τῇ
1512 3732 1780 3812 μελλούσῃ
1810 3736 1908 3793 ἑλ-

260 3827 378 3881 θεῖν
434 3824 565 3900 ὑπὲρ
625 3831 717 3881 τοῦ
767 3822 1031 3897 ὀνόματός
1090 3846 1208 3903 σου,
1264 3822 1438 3889 δεῖξον
1513 3823 1654 3901 μέγα
1707 3827 1905 3899 θαῦμα.

267 3913 375 3971 Καί
403 3914 742 3992 παραχρῆμα
782 3912 1011 3980 ἀνῆλθεν
1059 3912 1210 3971 ἐλαία
1261 3911 1524 3994 ἄκαρπος,
1558 3911 1907 3981 στηλιτειίου-

261 4023 331 4059 σα
362 4002 457 4065 τὰς
489 4002 708 4079 γνώμας
734 4004 841 4059 τῶν
877 4005 1264 4082 Πανορμητῶν.

2012 1964 2080 2008 ac
2103 1945 2257 2007 vallo
2280 1946 2547 2025 undique
2568 1944 2955 2024 circumsepti
2987 1944 3228 2021 similis;
3255 1955 3433 2025 atque
3454 1947 3660 2008 alacri-

2013 2044 2104 2097 ter
2132 2054 2266 2097 cum
2298 2034 2654 2096 satellitibus
2685 2032 3097 2110 gratliebatur,
3116 2035 3350 2095 virtutis
3379 2035 3653 2115 pulchri-

2012 2124 2283 2187 tudinem
2320 2134 2525 2187 mente
2555 2132 2926 2205 pertractans
2960 2142 2974 2187 :
3008 2125 3295 2197 Primum,
3322 2126 3655 2207 inquit,pro

2012 2213 2384 2275 continentia
2410 2222 2716 2275 certamen
2769 2213 3033 2292 suscepi,
3070 2215 3391 2295 omnisque
3420 2215 3654 2295 impro—

2012 2304 2212 2364 bitatis
2231 2313 2535 2364 auctorem
2571 2300 3242 2375 diabolum,identldem
3278 2306 3513 2365 semina
3544 2322 3654 2365 vo-

2011 2396 2299 2471 luptatum
2359 2392 2566 2471 generi
2619 2392 2933 2453 hominum
2990 2390 3390 2471 ingerentem,
3449 2393 3565 2455 vici
3594 2402 3655 2457 et

2010 2482 2231 2544 calcavi
2290 2499 2396 2562 per
2428 2482 2675 2559 gratiam
2734 2478 2975 2541 Domini
3023 2481 3206 2541 nostri
3232 2479 3376 2542 Jesu
3404 2480 3647 2546 Christi.

2009 2570 2260 2645 Verum,
2294 2591 2328 2632 0
2362 2570 2634 2650 improbe
2666 2578 2723 2631 et
2752 2569 3020 2632 veritatis
3041 2568 3311 2647 inimice,
3338 2589 3456 2632 non
3483 2571 3650 2634 vides

2006 2660 2265 2722 stadium
2304 2679 2498 2722 meum
2536 2678 2668 2722 esse
2712 2658 3077 2739 immortale,
3111 2660 3169 2721 in
3202 2678 3320 2741 quo
3351 2660 3653 2723 exsultant

1997 2751 2146 2831 justi
2181 2751 2403 2830 pariter
2433 2762 2491 2813 et
2536 2749 2760 2830 angeli,
2795 2748 3079 2830 quodque
3109 2748 3238 2829 ipse
3269 2761 3496 2829 spectat
3528 2751 3647 2813 im-

2004 2840 2274 2901 mortalis
2302 2840 2492 2902 Filius
2524 2840 2632 2903 Dei
2666 2837 2957 2902 Dominus
2985 2840 3161 2899 .lesus
3183 2839 3479 2915 Christus,
3503 2840 3643 2903 mil-

2004 2929 2160 2991 lenis
2194 2930 2545 3008 angelorum
2582 2928 2918 3007 legionibus
2976 2925 3257 2990 cinctus?
3283 2929 3357 2991 Et
3387 2929 3513 2991 hinc
3541 2947 3643 2992 se-

2003 3038 2138 3081 cum
2172 3018 2301 3098 ipsa
2327 3018 2606 3099 loquens,
2643 3019 2931 3096 lacrymas
2961 3016 3278 3081 fundebat.

2085 3107 2327 3169 V.Inter
2358 3107 2615 3169 eundem
2649 3115 2848 3167 autem
2875 3104 3062 3167 calcei
3088 3109 3217 3185 ejus
3240 3106 3435 3169 soluta
3456 3109 3645 3171 corri-

2001 3196 2096 3277 gia
2127 3205 2237 3270 est,
2273 3214 2447 3277 quam
2482 3194 2636 3275 pede
2665 3213 2846 3275 super
2897 3194 3159 3275 lapidem
3193 3195 3386 3275 posito
3415 3198 3640 3260 astrin-

1999 3287 2083 3349 xit
2103 3286 2311 3367 (5).Ac
2335 3295 2466 3367 post
2488 3295 2719 3364 tergum
2758 3294 3130 3364 respectans,
3159 3286 3465 3348 neminem
3496 3286 3643 3350 vidit

1998 3386 2349 3457 sequentem
2385 3395 2454 3438 ex
2487 3373 2652 3437 omni
2687 3373 2905 3436 civium
2967 3392 3241 3450 numero,
3275 3375 3539 3438 virorum
3570 3395 3639 3439 ac

1999 3465 2343 3538 mulierum,
2382 3483 2511 3526 eam
2574 3463 3003 3526 deducentium
3039 3482 3053 3526 :
3087 3482 3295 3526 omnes
3326 3465 3550 3547 quippe
3570 3484 3641 3529 ea

1997 3553 2205 3615 relicta
2228 3554 2470 3616 domum
2491 3553 2821 3614 redierant.
2848 3550 2953 3613 Illa
2984 3569 3196 3629 magno
3226 3553 3436 3615 ail'ecta
3454 3572 3638 3618 sensu

1996 3642 2246 3719 doloris,
2283 3643 2363 3704 ita
2392 3641 2585 3703 Deum
2622 3649 2860 3720 precata
2890 3659 2983 3702 est
3016 3660 3030 3702 :
3069 3639 3323 3705 Domine
3353 3645 3633 3724 omnipo-

1992 3738 2408 3811 tens,propter
2437 3748 2544 3791 eos
2574 3731 2676 3809 qui
2708 3727 2944 3790 ancilla:
2976 3737 3088 3791 tua;
3121 3748 3227 3809 pro
3258 3731 3502 3792 nomine
3533 3740 3636 3794 tuo

1992 3831 2307 3883 certaturze
2336 3820 2984 3898 ditﬁsisunt,magnum
3034 3819 3277 3900 aliquod
3333 3826 3632 3883 ostentum

1994 3909 2319 3973 exhibe.Et
2338 3908 2535 3971 subito
2560 3916 2806 3971 exortus
2826 3916 2917 3969 est
2940 3908 3197 3971 oleaster
3222 3908 3303 3990 (4)
3325 3906 3631 3988 ingenium

1991 4018 2059 4062 ac
2092 4019 2334 4062 sensum
2359 4008 2571 4062 notans
2600 3996 3187 4061 Panormitanorum.

1765 4168 2007 4235 CAPUT
2052 4170 2124 4235 ll.

953 4306 1018 4371 S.
1074 4307 1329 4388 Agat/ue
1386 4308 1757 4382 constantia,
1815 4305 2137 4370 blanditiis
2192 4309 2631 4385 tormentisque
2691 4308 2949 4366 tentata.

340 4426 443 4501 ς’.
496 4427 840 4495 Εἰσελθούσης
895 4426 951 4484 δὲ
1013 4429 1175 4496 αὕτης
1222 4427 1277 4485 ἐν
1344 4438 1582 4507 Κατανῃ,
1636 4428 1913 4486 ἐκευλεσεν

2078 4426 2516 4506 VLIngressam
2532 4426 2655 4506 jam
2678 4425 2737 4487 in
2761 4422 2972 4486 urbem
2990 4423 3266 4488 Catenam
3285 4424 3468 4504 jussit
3486 4443 3631 4504 prae.

262 4518 428 4585 αὐτὴν
472 4519 500 4574 ὁ
541 4519 765 4596 ἡγεμὼν
820 4516 1179 4595 παραδοθῆναι
1237 4516 1606 4596 οίκοδεσποίνῃ
1679 4520 1900 4593 ὀνόματι

259 4603 588 4684 Ἀφροδισία,
650 4605 769 4674 ἥτις
830 4606 992 4688 εἶχεν
1046 4607 1334 4686 θυγατέρας
1409 4607 1532 4674 νέας
1589 4609 1683 4667 ἵνα
1726 4630 1898 4687 προσ-

259 4693 607 4766 πλανήσωσιι
644 4696 804 4765 αὐτὴν
835 4694 920 4753 διὰ
961 4696 1241 4762 κολακείας
1296 4695 1508 4773 τρόπων
1561 4700 1649 4756 καὶ
1694 4698 1898 4780 λόγων,

261 4786 350 4841 καὶ
415 4784 679 4852 ἀλλαξωσι
737 4786 838 4853 τὴν
919 4784 1154 4844 διάνοιαν
1208 4788 1398 4862 αὒτῆς,
1474 4790 1563 4846 καὶ
1618 4792 1899 4847 πεισθεῖσα

260 4874 410 4930 θύσαι
453 4888 566 4940 τοῖς
627 4873 890 4949 εἰδώλοις,
954 4875 1045 4932 καί
1105 4898 1232 4933 ποτε
1291 4877 1389 4952 μὲν
1434 4878 1645 4953 μεγάλα
1683 4877 1899 4957 φιλοτι-

335 5010 417 5078 (ί)
444 5007 657 5066 Scribit
708 5010 1087 5080 Augustinus
1123 5007 1378 5079 lnveges.
1427 5010 1570 5067 duas
1611 5026 1738 5069 esse
1791 5012 1900 5069 Pa-

257 5080 447 5155 normi
479 5080 751 5137 ecclesias
786 5077 873 5155 4⁷8Ἴ
924 5077 1155 5155 Agathe
1197 5077 1411 5155 honori
1471 5083 1713 5155 dicatas,
1753 5099 1898 5155 quas

259 5150 412 5221 vulgi
448 5161 679 5222 recepta
708 5150 1056 5208 existimatio
1088 5152 1258 5208 tradit
1290 5150 1439 5224 bina
1487 5153 1648 5211 illius
1688 5150 1894 5224 pafatia

255 5223 459 5298 tuisse.
481 5237 665 5279 unum
697 5231 886 5279 tamen
914 5235 980 5278 eo
1014 5223 1342 5298 temporein
1367 5223 1895 5298 urbe,inpommrio

257 5292 501 5349 alterum
540 5313 553 5346 :
592 5307 747 5350 nunc
787 5294 1202 5364 utraqueintra
1241 5307 1441 5350 muros
1464 5304 1572 5353 est.

334 5364 414 5431 (2)
441 5364 597 5421 Idem
632 5363 948 5431 Henetus,
971 5363 1189 5421 (ustore
1218 5364 1478 5422 fortassis
1527 5381 1667 5423 usus
1697 5382 1897 5426 exem-

266 5433 414 5510 piari
449 5456 463 5490 :
500 5455 524 5489 ε
552 5436 659 5494 Sed
692 5437 919 5510 festina.
951 5445 1005 5491 et
1046 5437 1214 5510 vince
1245 5435 1618 5510 diabolumpt
1639 5440 1763 5510 ejus
1788 5441 1891 5496 mi-

263 5506 508 5562 nisu'um
540 5508 873 5581 praesidem,
909 5520 982 5563 ne
1030 5506 1243 5581 dicat:
1274 5506 1383 5565 libi
1435 5516 1519 5564 est
1547 5506 1702 5566 Deus
1733 5510 1900 5581 ejus?

264 5577 917 5652 tanquam‘sacrillcium
959 5588 1014 5634 et
1035 5577 1390 5652 oblationem
1423 5593 1580 5652 meas
1605 5577 1895 5652 accipiens

266 5646 552 5721 lacrymas
589 5652 646 5705 in
682 5649 867 5721 fodere
898 5651 1198 5706 suavitatis
1232 5665 1245 5705 :
1276 5651 1550 5721 quoniam
1582 5660 1641 5710 tu
1665 5646 1896 5711 es'Deus

262 5718 451 5783 solus.
484 5726 540 5776 et
577 5728 631 5775 te
662 5720 825 5779 decet
844 5721 1029 5794 gloria
1064 5723 1125 5780 in
1157 5718 1385 5781 saecula.
1419 5721 1626 5786 Amen.

1984 4536 2082 4581 ses
2104 4515 2538 4579 matrifamilias
2570 4514 2804 4576 cuidam
2834 4513 3006 4587 tradi,
3044 4514 3290 4575 nomine
3314 4514 3626 4595 Aphrodi-

1984 4608 2090 4670 sia:
2122 4607 2377 4688 t5),qua3
2407 4603 2885 4667 adolescentulas
2916 4603 3180 4666 habebat
3210 4604 3459 4679 ﬁlias,ut
3489 4623 3625 4667 ver-

1983 4696 2196 4760 borum
2231 4712 2586 4777 morumque
2617 4692 2933 4757 lenociniis
2967 4700 3024 4754 in
3054 4701 3457 4756 transvorsum
3492 4713 3626 4759 eam

1981 4786 2468 4869 impellerent,ac
2492 4792 2753 4846 mentem
2779 4784 2908 4863 ejus
2926 4783 3527 4866 immutarent,atque
3548 4785 3626 4848 ad

1981 4875 2438 4939 sacriﬁcandum
2472 4873 2648 4936 idolis
2681 4872 3058 4937 inducereut.
3109 4872 3182 4935 Et
3233 4874 3326 4936 hae
3376 4873 3619 4953 quidem

2053 5010 2131 5084 (3)
2158 5012 2398 5083 Iuveges
2429 5010 2661 5084 scribit
2707 5012 3079 5084 praacessisse
3124 5010 3431 5084 Agatbam,
3464 5009 3620 5080 quod

1978 5077 2326 5154 indecorum
2354 5077 2928 5154 videretur,sipuella
2956 5095 3152 5139 coram
3177 5077 3467 5137 militibus
3481 5077 3616 5138 cor-

1982 5155 2185 5227 rigiam
2206 5153 2396 5227 calcei
2432 5153 2798 5227 astringeret.

2050 5223 2129 5297 is)
2188 5226 2324 5285 Olea
2377 5223 2754 5283 infructuosa.
2800 5223 3615 5297 Ostenditur_etiamnum_i_n

1977 5294 2146 5356 horto
2184 5298 2353 5355 dictae
2392 5296 2670 5361 ecclesia,
2718 5300 2797 5355 uti
2856 5303 3022 5352 antea
3053 5308 3123 5352 ex
3159 5294 3371 5364 Invege
3411 5294 3616 5352 retuli-

1977 5383 2129 5510 milii
2160 5439 2425 5510 Quidam.
2466 5449 2528 5495 ut
2555 5438 2796 5510 Inveges
2828 5436 3350 5510 scribit,_Vene_rem
3384 5446 3612 5506 vocant;

1978 5521 2034 5570 et
2064 5507 2235 5567 vilem
2261 5528 2325 5569 ac
2353 5510 2644 5579 plebeiam
2677 5507 2903 5573 a'lii.alii
2929 5507 3186 5566 nobilem
3210 5507 3450 5571 faciunt;
3487 5524 3618 5565 om-

1978 5597 2083 5638 nes
2139 5585 2251 5638 vita
2307 5581 2718 5652 turpissimam.
2782 5580 3200 5637 Existimantur
3237 5580 3364 5650 eius
3413 5579 3612 5652 palatii

1981 5668 2107 5710 esse
2137 5665 2265 5724 quae
2326 5650 2548 5709 Catenae
2588 5660 2907 5724 cernuntur
2939 5653 3140 5724 ruinae,
3176 5650 3614 5713 armamentarii

1983 5721 2171 5782 muris
2202 5729 2632 5797 coagmentatae.
2657 5721 2873 5784 Incerta
2904 5722 3260 5798 conjectura.
