4028 6202
243 388 399 457 1337

1380 389 1568 453 VITA
1614 389 1676 452 S.
1722 386 2062 452 AGATHZE
2106 386 2480 451 VIBGINIS.

3466 378 3615 446 i338

237 521 652 602 μεταστρέφετε,
732 520 808 578 ὧν
898 518 960 579 τὰ
1048 519 1329 599 μαρμάρεα
1386 522 1475 577 καὶ
1530 518 1881 598 γυψόπλαστα

1990 531 2288 583 eramenta
2345 518 2790 600 transmutatis;
2829 535 3079 600 quorum
3139 536 3171 580 e
3224 533 3524 580 marmore
3553 524 3617 580 et

238 614 501 693 πρόσωπα
546 619 953 692 περιχρυσοῦτε.
1029 613 1316 676 Κυντιανὸς
1374 611 1500 668 εἶπε
1536 626 1550 640 ⁹
1611 610 1883 676 Ἐπίλεξαι

239 708 441 778 σεαυτῇ
470 701 733 779 λογισμὸν
768 703 987 782 ἀγαθὸν,
1022 703 1108 760 καὶ
1170 705 1453 759 πεισθεῖσα
1496 701 1651 758 θῦσόν
1680 714 1695 731 ⁸
1743 703 1787 756 εἰ
1830 698 1884 755 δὲ

240 794 343 868 μὴ,
399 791 679 872 διαφόροις
739 792 992 868 βασάνοις
1050 794 1187 866 μετὰ
1252 794 1360 848 τῶν
1404 789 1701 848 καταδίκων
1746 793 1884 848 ὑπο-

242 885 418 958 στήσῃ
462 885 551 938 καὶ
609 879 861 961 ἐνυϐρίσει
904 885 966 941 τὸ
1010 880 1217 958 ἀξίωμα
1286 882 1383 948 τῆς
1442 884 1750 961 συγγενείας
1795 903 1887 937 σου

240 976 341 1029 καὶ
374 972 683 1029 τελευταῖον
739 975 1021 1029 πεισθεῖσαι
1079 972 1250 1038 θύσεις
1301 984 1417 1037 τοῖς
1466 971 1889 1048 παντοκράτορσι

241 1066 415 1128 θεοῖς.
464 1061 667 1140 Ἀγσξθῃ
697 1074 851 1119 εῖπεν
887 1083 899 1098 ο
937 1062 1120 1121 ’Ἔστω
1162 1065 1236 1126 ὠς
1271 1060 1551 1141 Ἀφροδίτη
1596 1064 1631 1130 ἡ
1662 1062 1753 1119 θεά
1798 1083 1890 1118 σου

242 1154 277 1220 ἡ
339 1151 476 1231 γυνά
536 1175 630 1210 σου
682 1154 770 1209 καὶ
823 1154 885 1209 σὺ
943 1153 1098 1231 γένοῦ
1156 1156 1227 1219 ὡς
1279 1155 1306 1209 6
1367 1153 1491 1217 Ζεύς
1538 1155 1565 1208 6
1607 1153 1723 1215 θεός
1768 1174 1887 1214 σου,

248 1244 537 1305 Κυντιανὸς
583 1240 635 1297 δὲ
697 1250 861 1302 ταῦτα
926 1243 1159 1306 ἀκούσας
1219 1242 1493 1300 ἒκέλευσεν
1540 1243 1705 1309 αὐτὴν
1754 1239 1888 1318 ῥαϐ-

244 1329 498 1409 δίζεσθαι,
586 1330 756 1409 λέγων
792 1352 804 1365 ⁸
864 1330 1053 1412 ’Ὕϐριν
1136 1335 1212 1407 τῷ
1286 1333 1506 1413 ἄρχοντι
1569 1332 1890 1410 δπερηφάνῳ

245 1427 476 1497 στόματι
530 1422 606 1496 μὴ
650 1423 888 1501 επίφερε.
924 1422 1129 1499 Ἀγάθη
1158 1424 1315 1480 εἶπεν
1351 1440 1362 1452 '
1401 1423 1502 1485 Οἷς
1547 1422 1711 1486 εἶπας
1742 1426 1887 1483 θεοῖς

246 1533 343 1568 σου
403 1516 567 1588 εἶναι,
618 1513 904 1589 σύμψηφος
950 1514 1036 1569 καὶ
1085 1514 1399 1589 συναριθμος
1433 1514 1492 1569 οὒ
1524 1512 1699 1589 βούλει
1731 1511 1888 1589 γενέ-

245 1604 415 1677 σθαις
493 1605 775 1667 Κυντιανὸς
850 1603 1007 1659 εἶπεν
1043 1623 1055 1635 ·
1128 1601 1303 1670 Δῆλόν
1366 1604 1478 1659 ἐστι
1524 1612 1702 1675 τοῦτο,
1752 1604 1889 1658 ὥστε

245 1690 517 1748 πλείστων
561 1694 809 1769 βασάνων
843 1693 964 1771 ἐρᾷν
1018 1694 1448 1772 προτρεπόμενον
1505 1692 1599 1767 ἐμὲ
1644 1691 1728 1749 διὰ
1785 1699 1890 1749 τῶν

247 1788 355 1838 σῶν
386 1780 583 1859 ὕϐρεων
646 1785 717 1847 εἷς
759 1782 914 1839 τοῦτο
976 1782 1175 1845 ἐλθεῖν,
1224 1782 1429 1860 Ἀγσίθη
1475 1783 1631 1839 εἶπεν
1667 1802 1682 1818 ·

586 1330 756 1409 λέγων
792 1352 804 1365 ⁸

1747 1790 1890 1838 Θαυ-

1966 629 2146 692 gypso
2208 612 2554 673 eﬂ‘ormatos
2617 610 2814 671 vultus
2897 609 3204 671 inauratis.
3260 607 3615 680 Quintianus

1968 702 2121 762 dixit
2153 720 2166 764 :
2199 702 2430 764 Bonum
2482 699 2703 762 adhibe
2754 699 2859 761 tibi
2894 699 3007 780 ipsi
3040 698 3386 769 consilium,
3422 706 3481 759 et
3514 715 3617 758 sa-

1969 791 2195 853 criﬁca.
2257 790 2327 853 Ni
2387 790 2629 866 feceris,
2691 789 2890 851 varios
2942 788 3173 849 subibis
3206 806 3339 849 cum
3374 804 3613 848 reorum

1970 879 2145 942 turba
2175 881 2478 942 cruciatus
2508 899 2800 961 ;cumque
2829 878 3219 959 amplissima;
3249 886 3362 939 tuae
3391 895 3615 955 cogna-

1973 967 2123 1030 tioni
2151 968 2370 1033 fcedam
2405 968 2696 1030 inusseris
2720 967 3195 1048 notam,demum
3217 965 3429 1029 dolore
3451 984 3620 1027 coac-

1972 1066 2029 1118 ta
2057 1056 2425 1120 sacriﬁcabis
2453 1056 2967 1139 omnipotentibus
2998 1057 3136 1119 diis.
3166 1056 3396 1135 Agathe
3425 1055 3571 1117 dixit
3599 1076 3612 1118 :

1972 1147 2109 1209 Fiat
2138 1167 2286 1210 uxor
2317 1157 2413 1209 tua
2448 1148 2525 1229 (8)
2559 1156 2621 1209 ut
2677 1150 2886 1209 Venus
2939 1147 3053 1209 dea
3087 1157 3211 1221 tua,
3245 1156 3428 1227 tuque
3457 1145 3618 1209 Jovis

1972 1237 2069 1300 dei
2106 1237 2193 1300 tui
2228 1236 2447 1299 similis
2480 1237 2718 1301 evadas.
2754 1237 2895 1309 Quae
2927 1256 3061 1299 cum
3112 1236 3377 1298 audisset
3429 1235 3617 1309 Quin-

1976 1327 2194 1402 tianus,
2225 1327 2373 1389 cmdi
2404 1346 2532 1389 eam
2571 1327 2746 1406 virgis
2780 1330 3031 1408 imperat
3062 1327 3268 1390 dicens
3304 1345 3319 1389 :
3354 1325 3440 1388 Ne
3473 1344 3618 1406 prae-

1973 1417 2088 1480 sidi
2123 1417 2546 1480 contumeliam
2582 1436 2686 1479 ore
2718 1417 3023 1497 arroganti
3053 1416 3354 1480 intuleris.
3388 1416 3620 1495 Agathe

1974 1506 2124 1569 dixit
2157 1528 2171 1568 :
2232 1507 2389 1580 Quos
2439 1507 2584 1570 deos
2640 1518 2771 1569 tuos
2804 1526 2934 1569 esse
2965 1506 3188 1581 dixisti,
3220 1525 3425 1569 eorum
3462 1515 3525 1567 tu
3561 1514 3619 1567 te

1974 1599 2035 1658 in
2069 1606 2229 1660 sorte
2260 1617 2328 1659 ac
2363 1616 2616 1660 numero
2650 1616 2784 1660 esse
2807 1597 3008 1661 nolis?
3039 1597 3397 1671 Quintianus
3427 1597 3574 1659 dixit
3600 1617 3615 1656 :

1976 1687 2349 1749 Manifestum
2379 1696 2492 1762 est,
2523 1696 2579 1749 te
2610 1688 2784 1769 plura
2814 1697 3104 1769 appetere
3137 1696 3455 1767 tormenta,
3485 1704 3619 1767 quae

1978 1796 2073 1838 me
2106 1786 2190 1839 tot
2220 1778 2461 1858 injuriis
2493 1789 2556 1838 ut
2586 1778 2658 1839 ad
2693 1796 2763 1840 ea
2796 1778 3119 1858 procedam
3146 1777 3621 1856 incites.Agatba

250 1872 405 1947 μέζω
451 1893 508 1927 σε
568 1870 842 1949 ἄνθρωπον
886 1873 1142 1951 φρόνιμον
1200 1870 1326 1929 ὄντα
1373 1874 1461 1929 καὶ
1510 1874 1582 1937 εἷς
1614 1872 1892 1929 ἁσυνεσίαν

1990 1867 2126 1928 lixit
2160 1886 2172 1930 :
2208 1867 2389 1928 Miror
2422 1877 2501 1941 te,
2535 1867 2892 1949 prudentem
2924 1867 3146 1949 alioqui
3178 1868 3509 1945 hominem,
3549 1884 3620 1928 eo

246 1961 501 2027 τοιαύτην
545 1962 977 2034 καταντήσαντα,
1032 1961 1171 2018 ὥστε
1224 1962 1301 2036 μὴ
1354 1961 1525 2018 θέλειν
1583 1983 1643 2018 σε
1707 1960 1894 2036 ὅμοιον

249 2050 493 2128 γενέσθαι
538 2058 643 2108 τῶν
673 2050 807 2107 θεῶν
860 2072 955 2110 σου
998 2053 1091 2108 καὶ
1120 2052 1219 2120 τῆς
1249 2052 1455 2108 τούτων
1483 2051 1627 2123 ζωῆς
1660 2052 1897 2131 μέτοχον

253 2140 421 2203 εἶναι,
470 2142 529 2198 Εἰ
562 2140 651 2196 οὗν
684 2140 795 2197 θεοί
841 2162 935 2196 σου
994 2141 1295 2221 ὑπάρχουσι
1340 2144 1427 2198 καὶ
1475 2139 1649 2206 σέϐεις
1680 2143 1893 2214 αὖτοὺς,

250 2228 360 2286 ἰδοὺ
392 2229 638 2302 ηὐξάμην
676 2251 735 2285 σε
769 2247 782 2260 ⁸
834 2233 954 2292 Πῶς
1009 2230 1098 2287 οὗν
1156 2228 1338 2308 λὲγεις
1382 2229 1524 2309 ὕϐριν
1581 2232 1893 2309 εἰσαγαγεῖν

255 2341 375 2394 σου,
422 2318 515 2374 ἵνα
563 2319 742 2397 ὥσπερ
771 2321 806 2387 ἡ
837 2320 1053 2375 ἐκείνων
1086 2319 1199 2390 ζωὴ
1246 2321 1335 2376 καὶ
1378 2322 1413 2388 ἡ
1456 2319 1683 2396 ὑμετέρα
1726 2320 1895 2397 γένη-

252 2431 340 2465 ται
378 2429 394 2489 ς
442 2411 498 2467 Εἰ
543 2406 593 2463 δὲ
628 2406 920 2466 ἀποϐάλλει
953 2411 1044 2465 τὸν
1076 2408 1274 2487 κλῆρον
1305 2410 1518 2467 ἐκείνων
1561 2411 1650 2468 καὶ
1694 2410 1755 2466 σὺ
1804 2412 1896 2467 σὺν

252 2498 375 2572 ἐμοὶ
408 2498 672 2574 μυσαροὺς
700 2496 995 2561 ἀποκαλεῖς
1030 2499 1236 2563 αὐτούς.

339 2577 422 2646 ιδ’.
466 2589 753 2653 Κυντιανὸς
795 2588 951 2643 εἶπεν
985 2605 1001 2620 ⁸
1064 2589 1123 2645 Τί
1170 2588 1386 2664 ῥήματα
1442 2591 1751 2669 ὑπερήφανα
1803 2589 1897 2647 λέ-

255 2695 417 2757 γεις;
478 2678 507 2745 ἢ
551 2683 705 2734 θῦσον
752 2678 874 2742 τοῖς
918 2681 1089 2750 θεοῖς,
1136 2677 1171 2747 ἢ
1218 2678 1481 2743 ποικίλοις
1539 2703 1597 2736 σε
1646 2680 1899 2757 βασσίνοις

258 2767 578 2846 παραδώσω.
640 2767 847 2845 Ἀγαθη
908 2766 1064 2824 εἶπεν
1099 2783 1113 2797 ⁸
1172 2767 1298 2825 Ἐάν
1357 2792 1450 2842 μοι
1512 2772 1668 2849 θηρία
1728 2793 1900 2848 προσ-

258 2858 494 2938 αγσὶγῃς⁷
544 2858 846 2914 ἀκούσαντα
906 2859 966 2914 τὸ
1018 2857 1188 2934 ὄνομα
1232 2866 1324 2915 τοῦ
1353 2867 1577 2938 Χριστοῦ
1607 2862 1896 2935 ἡμερωθή-

256 2970 443 3004 σονται
481 2964 495 2977 ’
582 2951 626 3005 εἰ
700 2945 756 3004 δὲ
817 2954 920 3026 πῦρ
978 2946 1349 3027 προσαγάγῃς,
1385 2949 1605 3028 ἄγγελοι
1676 2949 1736 3008 ἐκ
1792 2958 1898 3008 τῶν

262 3036 518 3115 οὐρανίων
588 3037 919 3117 χορηγοῦσίν
987 3060 1078 3110 μοι
1128 3035 1337 3116 δρόσον.
1395 3037 1523 3096 Ἐὰν
1575 3038 1630 3096 δὲ
1686 3040 1900 3118 πληγὰς

254 3128 347 3184 καὶ
392 3127 682 3208 μάστιγας²
714 3126 832 3206 ἔχω
862 3128 924 3183 τὸ
973 3134 1187 3203 Πνεῦμα
1218 3128 1314 3197 τῆς
1350 3128 1603 3196 ἀληθείας
1636 3130 1663 3186 ὅ
1693 3152 1762 3205 με
1805 3132 1900 3209 ῥύ-

261 3238 409 3273 σεται
452 3216 512 3274 ἒκ
554 3223 660 3274 τῶν
704 3223 903 3297 χειρῶν
976 3240 1089 3278 σου.
1153 3219 1283 3275 Τότε
1331 3222 1613 3286 Κυντιανὸς
1669 3223 1902 3291 κινήσας

258 3307 359 3374 τὴν
414 3307 653 3386 κεφαλὴν
709 3306 988 3365 ἐκέλευσεν
1032 3306 1398 3386 ἀπενεχθῆναι
1445 3311 1610 3377 αὑτὴν
1671 3309 1726 3365 ἐν
1770 3334 1905 3368 σκο-

258 3403 412 3473 τεινῇ
471 3396 705 3477 φυλακῇ,
779 3396 952 3475 λέγων
987 3411 1001 3426 ⁸
1078 3397 1404 3472 Σκεψαμένη
1494 3396 1612 3455 καθ’
1686 3400 1904 3474 ἑαυτὴν,

261 3485 496 3564 Ἀγάθη,
542 3487 876 3561 μετανόησον
931 3486 1079 3550 ὅπως
1137 3484 1363 3563 δυνηθῇς
1399 3487 1653 3567 ἐκφυγεῖν
1699 3490 1766 3545 τὰ
1807 3492 1909 3566 βα-

262 3576 582 3655 σανιστήριᾶ
628 3599 752 3652 μου.
817 3574 1022 3653 Ἀγάθη
1082 3579 1236 3632 εἶπεν
1270 3594 1286 3611 ⁸
1335 3578 1503 3641 Αότὸς
1549 3580 1908 3652 μετανόησον,

261 3664 358 3721 ἵνα
399 3664 625 3742 δυνηθῇς
679 3666 933 3744 ἐκφυγεῖν
991 3666 1090 3733 τὴν
1154 3666 1369 3722 αἰώνιον
1427 3664 1670 3723 κόλασιν.
1732 3667 1911 3745 Ὀργι-

264 3759 404 3820 σθείς
455 3754 511 3812 δὲ
561 3755 684 3813 τότε
756 3758 783 3812 ὁ
834 3757 1145 3829 Κυντιανὸς,
1207 3753 1483 3812 ἐκέλευσεν
1544 3756 1707 3823 αὐτὴν
1754 3758 1910 3832 σύρε-

266 3849 387 3903 σθαι
420 3846 476 3903 ὲν
532 3851 601 3922 τῇ
653 3843 889 3925 φυλακῇ,
926 3836 990 3901 Ἠ
1035 3842 1089 3901 δὲ
1129 3845 1254 3922 ἁγία
1311 3844 1517 3921 Ἀγάθη
1563 3846 1700 3920 μετὰ
1753 3846 1912 3904 πλεί-

266 3957 401 4001 στης
461 3942 637 4015 χαρᾶς
698 3934 940 4001 εἰσῆλθεν
1004 3934 1056 3990 ὲν
1119 3940 1187 4011 τῇ
1258 3936 1493 4013 φυλακῇ,
1556 3934 1649 3993 καὶ
1710 3938 1784 4000 ὡς
1838 3938 1911 4003 εἰς

1979 1956 2299 2018 devenisse
2330 1956 2606 2033 insaniae,
2633 1965 2696 2018 ut
2726 1956 2881 2017 nolis
2911 1956 3029 2018 diis
3059 1956 3176 2019 tuis
3197 1956 3410 2018 similis
3440 1954 3618 2029 efﬁci,

1979 2062 2312 2127 eorumque
2336 2046 2467 2108 vita:
2490 2047 2796 2110 consortio
2821 2046 3119 2110 frui.Nam
3151 2046 3202 2108 si
3233 2045 3321 2107 dii
3346 2047 3427 2107 tui
3457 2052 3619 2118 sunt,

1980 2156 2205 2217 eosque
2234 2137 2568 2216 veneraris,
2604 2156 2737 2198 cum
2767 2144 3007 2218 precata
3033 2138 3173 2217 sim,
3204 2145 3269 2198 ut
3299 2134 3493 2217 qualis
3525 2152 3625 2195 eo-

1978 2245 2109 2289 rum
2144 2236 2256 2301 est,
2295 2235 2351 2288 et
2387 2236 2485 2289 tua
2518 2233 2679 2288 esset
2710 2228 2849 2304 vita,
2882 2246 2997 2308 qua
3052 2226 3288 2289 ratione
3319 2226 3621 2304 interpre-

1982 2317 2122 2380 taris
2154 2337 2252 2379 me
2286 2318 2386 2379 tibi
2422 2317 2702 2397 injuriam
2733 2318 2997 2395 irrogare
3031 2317 3288 2378 voluisse
3317 2321 3345 2378 ’ἰ
3374 2314 3480 2375 Sin
3510 2331 3619 2375 eo-

1978 2426 2110 2471 rum
2139 2409 2377 2489 respuis
2434 2407 2867 2483 conditionem,
2908 2415 2965 2469 et
3021 2415 3083 2469 tu
3114 2424 3348 2468 mecum
3382 2401 3618 2464 abomi-

1981 2500 2210 2562 nandos
2241 2518 2345 2561 eos
2374 2499 2661 2579 appellas.

2065 2589 2536 2663 1X.Quintianus
2557 2588 2708 2651 dixit
2733 2607 2746 2652 :
2771 2586 3063 2662 Quorsum
3088 2586 3421 2649 insolentes
3434 2584 3626 2665 jactas

1985 2679 2202 2743 voces?
2226 2691 2326 2742 aut
2352 2680 2468 2741 diis
2490 2677 2782 2755 sacriﬁca,
2816 2687 2917 2739 aut
2942 2678 3194 2741 diversis
3228 2688 3284 2738 te
3314 2673 3626 2756 suppliciis

1983 2772 2222 2834 dedam.
2255 2770 2490 2849 Agatha
2524 2768 2670 2829 dixit
2706 2791 2718 2832 :
2753 2768 2816 2830 Si
2847 2768 3003 2831 feras
3052 2768 3116 2830 in
3148 2786 3242 2829 me
3273 2763 3625 2838 immiseris,

1984 2860 2187 2923 audito
2212 2859 2429 2923 Christi
2457 2858 2699 2920 nomine
2718 2866 3137 2921 mansuescent
3171 2880 3184 2917 :
3213 2859 3410 2936 ignem
3432 2861 3479 2915 si
3512 2854 3623 2915 ad-

1987 2951 2471 3022 moveris,rorem
2501 2947 2647 3011 mihi
2670 2967 2703 3009 e
2724 2949 2892 3010 caelis
2912 2948 3107 3027 angeli
3129 2942 3623 3027 suppeditabunt;

1985 3040 2035 3101 si
2062 3042 2244 3119 ﬂagra
2270 3040 2561 3100 inﬂixeris
2585 3057 2652 3101 ac
2678 3038 2900 3119 plagas,
2928 3039 3119 3100 habeo
3146 3037 3431 3117 Spiritum
3463 3031 3626 3094 veri-

1987 3130 2144 3204 tatis,
2169 3129 2270 3210 qui
2303 3148 2398 3190 me
2430 3149 2462 3191 e
2495 3129 2609 3190 tuis
2643 3128 2916 3191 manibus
2943 3126 3421 3190 liberabit.Tunc
3445 3128 3626 3204 caput

1924 3263 1966 3314 c
1993 3219 2272 3300 quatiens
2303 3218 2667 3290 Quintianus
2687 3219 2867 3298 jussit
2896 3237 3027 3280 eam
3050 3217 3113 3279 in
3145 3215 3467 3279 obscurum
3493 3230 3628 3274 car-

1991 3327 2183 3370 cerem
2208 3312 2717 3377 abstrahi,dicens:
2741 3311 3049 3370 Considera
3072 3311 3245 3368 etiam
3267 3318 3438 3381 atque
3462 3307 3631 3364 etiam

1991 3398 2147 3479 apud
2180 3406 2262 3474 te,
2297 3398 2543 3477 Agathe,
2587 3398 2794 3474 tuique
2830 3407 2886 3461 te
2918 3398 3226 3479 poeniteat,
3263 3405 3329 3458 ut
3359 3412 3490 3456 mea
3520 3393 3632 3455 de-

1996 3488 2229 3549 clinare
2260 3498 2557 3548 tormenta
2587 3488 2805 3551 valeas.
2858 3489 3086 3567 Agatlia
3112 3487 3262 3550 dixit
3302 3505 3316 3549 :
3348 3485 3632 3565 Teipsum

1989 3578 2289 3640 factorum
2317 3587 2553 3639 tuorum
2585 3580 2961 3657 pmniteat,ut
2983 3586 3238 3639 aeternos
3260 3576 3474 3637 evadas
3496 3592 3635 3635 cru-

1994 3668 2377 3729 ciatus.Tunc
2404 3667 2804 3727 inﬂammatus
2827 3673 2914 3728 ira
2936 3664 3490 3745 Quintianusjussit
3510 3664 3637 3739 (10)

1996 3775 2126 3819 eam
2153 3756 2307 3817 trahi
2331 3761 2387 3816 in
2415 3755 2770 3818 custodiam.
2807 3757 2876 3818 At
2900 3756 2964 3820 S.
2990 3755 3216 3833 Agatha
3250 3772 3459 3832 magno
3492 3769 3635 3832 per-

1996 3848 2130 3909 fusa
2152 3865 2334 3909 sensu
2354 3844 2762 3927 voluptatis,et
2778 3846 2957 3907 veluti
2981 3845 3246 3925 gestiens
3270 3862 3388 3924 prze
3411 3842 3633 3915 laetitia,

2001 3936 2285 4018 precibus
2313 3945 2618 3999 certamen
2651 3954 2824 3998 suum
2853 3935 3108 3998 Domino
3149 3929 3634 3996 commendabat.

265 4026 585 4104 εὐφροσύνην
615 4023 1002 4103 ἀγαλλιωμένη
1034 4025 1126 4080 τὸν
1158 4024 1341 4103 ἀγῶνα
1370 4026 1535 4091 αὐτῆς
1579 4027 1698 4101 μετ’
1730 4030 1907 4106 εὐχῶν
1937 4028 2244 4105 παρετίθετο
2273 4032 2349 4100 τῷ
2396 4028 2588 4106 Κυρίῳ.

1760 4158 2005 4224 CAPUT
2048 4158 2150 4224 Ill.

666 4265 730 4329 S.
780 4263 1051 4345 Agathw,
1097 4272 1234 4346 post
1262 4270 1466 4328 varios
1497 4268 1835 4343 cruciatus,
1869 4265 2135 4331 abscissa
2178 4267 2483 4343 mamilla,
2515 4288 2551 4329 a
2583 4268 2645 4332 S.
2680 4267 2863 4332 Petro
2890 4274 3240 4349 persanata.

352 4390 417 4461 I'.
465 4405 545 4475 Τῇ
601 4398 657 4455 δὲ
729 4400 953 4476 ἕπιούσῃ
1033 4400 1210 4479 ἡμέρᾳ
1282 4402 1309 4456 6
1369 4399 1565 4467 ἀσεϐὴς
1630 4403 1902 4460 Κυντιανὸι

2081 4404 2159 4466 Χ.
2191 4400 2484 4479 Sequenti
2507 4419 2647 4463 vero
2681 4401 2778 4463 die
2809 4403 3025 4481 impius
3059 4399 3413 4473 Quintianus
3438 4412 3638 4459 coram

266 4489 546 4546 εκέλευσεν
604 4489 769 4558 αὐτὴν
834 4495 913 4563 τῷ
995 4491 1200 4566 βήματι
1259 4491 1620 4568 παραστῆναι,
1694 4490 1867 4568 λέγων
1899 4508 1914 4523 ⁸

273 4579 526 4654 Ἐσκὲψω
568 4581 687 4658 περὶ
749 4580 847 4646 τῆς
914 4584 1178 4657 σωτηρίας
1225 4601 1317 4635 σου
1355 4595 1367 4609 ·
1420 4572 1659 4657 Ἐ’ἀγία
1713 4579 1917 4658 Ἀγάθη

272 4672 430 4727 εἶπεν
464 4685 477 4699 ’
531 4659 593 4726 Ἠ
646 4673 885 4747 σωτηρία
933 4692 1034 4745 μου
1066 4673 1093 4725 ὁ
1138 4674 1363 4748 Χριστὸς
1407 4670 1580 4733 ἐστιν.
1631 4673 1918 4735 Κυντιανὸς

346 4801 428 4871 (8)
450 4800 672 4872 Negant
698 4798 796 4856 alii
816 4799 1201 4869 Quintianum
1226 4813 1467 4858 uxorem
1494 4800 1789 4859 habuisse:
1815 4816 1922 4860 cur

277 4872 778 4945 alloquintaiunt,
812 4873 1099 4945 Agatham
1133 4883 1281 4945 esset
1314 4883 1605 4945 procatus,
1641 4888 1772 4929 cum
1818 4889 1923 4943 po-

275 4942 527 5016 lygamia
562 4944 845 5016 Romanis
874 4942 1014 5016 non,
1040 4943 1494 5016 permitteretur?
1518 4948 1578 4997 At
1617 4959 1728 5000 non
1755 4942 1923 5001 cons-

279 5014 384 5083 ιρι,
419 5014 669 5073 voluisse
696 5015 826 5088 sibi;
854 5015 1139 5085 Agatbam
1181 5014 1440 5085 legitimo
1471 5018 1764 5073 connubio
1789 5016 1919 5088 jun-

284 5100 420 5159 gere
456 5096 555 5159 ζει
598 5097 762 5159 erant
798 5086 1075 5143 Romanis
1108 5089 1608 5159 usitatarepulia.

354 5157 432 5227 (9)
457 5156 653 5214 Exstat
681 5157 741 5214 in
767 5158 1109 5223 etiamnum,
1139 5164 1204 5213 ut
1226 5171 1294 5213 ex
1319 5157 1554 5215 Carrera
1580 5157 1780 5214 scribit
1818 5157 1922 5214 In-

280 5243 474 5301 veges,
502 5229 602 5286 sed
634 5228 693 5286 in
751 5229 1026 5285 sacellum
1054 5237 1329 5286 mutatus.
1362 5227 1545 5285 Ianua
1579 5238 1762 5295 vetus,
1798 5245 1922 5301 quae

282 5300 644 5372 occidentem
687 5300 1001 5371 spectabat,
1053 5301 1394 5368 obstructa;
1436 5315 1579 5356 nova
1620 5300 1831 5372 aperta
1852 5303 1924 5359 ad

282 5371 617 5443 meridiem,
646 5386 759 5441 qua
794 5374 850 5428 in
885 5372 1158 5443 templum
1182 5373 1296 5428 itur
1320 5371 1700 5443 cuijunctum
1733 5374 1925 5430 sacel-

285 5442 427 5499 lum.
468 5443 531 5499 In
575 5446 684 5499 hoc
714 5442 966 5515 quntidie
1010 5442 1216 5499 missae
1249 5442 1599 5515 sacriﬁcium
1630 5442 1914 5515 oﬂertur:

2005 4491 2285 4554 tribunali
2309 4511 2417 4553 suo
2442 4501 2636 4553 astare
2650 4493 2882 4571 jussam
2910 4492 2990 4552 ita
3030 4490 3389 4569 alloquitur:
3423 4488 3510 4550 De
3541 4504 3640 4549 sa-

2003 4581 2127 4642 lute
2158 4590 2255 4643 tua
2284 4583 2900 4662 cogitasti?S.Agatha
2924 4581 3273 4660 respondit:
3307 4579 3477 4643 Salus
3509 4596 3639 4639 mea

2003 4670 2273 4734 Christus
2302 4681 2412 4733 est.
2450 4670 2807 4743 Quintianus
2837 4671 2987 4732 dixit
3020 4689 3032 4730 :
3070 4669 3306 4743 Infelix,
3352 4688 3533 4751 quem
3568 4668 3642 4729 ad

2076 4805 2189 4876 (10)
2228 4805 2501 4861 Protrusa
2542 4821 2566 4859 a
2608 4805 2951 4861 truculentis
2992 4804 3298 4876 lictoribus
3334 4805 3645 4875 Agathamt

2004 4875 2221 4947 impetu
2254 4878 2310 4932 in
2342 4887 2554 4933 terram
2587 4876 3075 4945 prolabereturin
3111 4877 3255 4931 duos
3286 4875 3505 4947 lapides
3536 4878 3647 4928 im-

2004 4951 2179 5019 pegit,
2213 4950 2310 5018 qui
2343 4949 2522 5004 instar
2553 4963 2693 5004 serae
2719 4950 3037 5017 impressos
3057 4948 3228 5018 pedes
3250 4946 3642 5019 admiserunt,

2003 5018 2326 5088 ae’lapsum
2376 5022 2685 5079 stiterunt;
2748 5030 2802 5076 ut
2853 5030 3174 5076 cernuntur
3212 5018 3531 5088 etiamnum
3561 5018 3642 5088 _in

2006 5086 2247 5161 utoque
2273 5106 2542 5159 exm'essa
2577 5092 2812 5160 vestigia
2839 5092 2997 5162 pedis
3024 5088 3283 5147 calceati.
3318 5087 3385 5162 lli
3420 5086 3643 5156 lepidos

2005 5159 2232 5232 semper
2262 5163 2316 5218 in
2359 5159 2965 5229 venerationcﬁhabiti,
3015 5168 3072 5217 at
3120 5162 3252 5232 quia
3285 5159 3356 5215 ad
3392 5166 3644 5232 veterem

2001 5228 2260 5306 jannam,
2297 5248 2424 5305 quae
2466 5249 2619 5290 nunc
2654 5228 2973 5300 obstructa,
3029 5228 3441 5306 locdobscuro
3458 5230 3647 5306 positi

2008 5301 2200 5362 minus
2226 5301 2355 5375 apte
2383 5307 2547 5362 cerni
2582 5306 2861 5374 poterant,
2896 5317 3050 5375 anno
3086 5301 3224 5375 1640
3246 5312 3383 5358 sunt
3404 5304 3473 5359 ad
3495 5302 3649 5359 Intus

2005 5392 2170 5435 novae
2206 5373 2470 5434 collocati
2507 5393 2520 5433 :
2555 5384 2691 5433 sunt
2721 5384 2909 5432 autem
2944 5373 3111 5430 ambo
3170 5374 3321 5444 nigri
3346 5443 3353 5444 ί
3380 5384 3435 5431 et
3489 5375 3645 5430 duri.

2000 5448 2079 5521 Ita
2117 5450 2357 5521 lnveges
2385 5463 2457 5504 ex
2483 5447 2802 5521 Carreraet
2836 5443 3260 5501 aliisPositutn
3291 5443 3363 5502 ad
3391 5451 3647 5503 veterem

284 5515 614 5598 praecipuus
642 5530 711 5571 eo
736 5514 1056 5598 concursus
1082 5515 1311 5598 piorum
1350 5514 1650 5598 hominum
1686 5514 1822 5571 feria
1863 5519 1918 5598 4,
1998 5520 2237 5591 ianuam
2260 5514 2377 5577 Tuit
2413 5521 2522 5575 hoc
2561 5517 2873 5575 distichon.

286 5600 416 5654 quae
434 5585 557 5657 ejus
585 5587 790 5643 honori
816 5587 1189 5657 peculiariter
1210 5586 1435 5642 Catenae
1458 5585 1638 5643 dicata
1674 5601 1688 5643 :
1713 5597 1913 5657 quarta

286 5659 425 5730 ieria
458 5656 982 5730 cuiusquemensjs
1013 5658 1196 5730 prima
1230 5660 1543 5730 exponitur
1577 5656 1920 5718 solemniter

284 5727 497 5789 ibidem
531 5726 877 5788 venerabilis
910 5726 1298 5789 Eucharistia.

2146 5658 2250 5717 Hic
2277 5655 2664 5728 ﬁmitruitura
2690 5652 2870 5728 pedes,
2900 5653 3142 5728 impulsa
3176 5653 3373 5724 furore

2218 5725 2507 5801 carniﬁcis
2536 5725 2755 5794 rabido,
2786 5725 3030 5785 carceris
3058 5733 3223 5784 antra
3245 5734 3460 5801 potem.
