4028 6202
479 374 630 447 1339

1740 382 1902 446 ΜΕΝ
1909 381 2021 446 SIS
2061 381 2567 450 FEBBUARIUS.

3682 385 3810 462 13l0

472 523 653 586 ﬁnem
685 529 784 586 tua
813 541 946 586 sese
976 522 1231 588 infausta
1261 523 1657 607 distorquebit
1686 525 1838 588 ratio
1865 522 2097 588 ?Chris-

2193 525 2348 579 εἶπεν
2381 537 2396 554 ⁸
2444 524 2591 589 Ἕως
2634 525 2797 596 τίνος,
2852 523 3026 600 ἀθλία,
3075 525 3394 605 παρασύρεις
3435 525 3623 585 ἄθλιον
3675 527 3806 606 λογι-

475 620 598 675 tum
631 614 930 695 abjura,et
958 615 1156 677 colere
1178 615 1323 678 deos
1341 617 1741 698 incipe,atque
1771 618 1902 679 vitae
1925 619 2112 681 aetati-

470 723 590 785 que
621 713 732 766 tua;
763 705 1029 780 consule,
1065 725 1140 768 ne
1165 708 1640 786 intempestivam
1665 719 1912 790 oppetas
1942 727 2109 772 mor-

470 795 844 872 tem.Agatha
867 795 1036 858 dixit:
1063 795 1152 858 Tu
1180 805 1307 859 tuos
1333 797 1478 858 deos
1498 798 1842 879 abjura,qui
1868 808 2006 861 sunt
2028 800 2110 861 la-

469 883 642 964 pides
667 892 725 946 et
755 885 1002 964 ligna,et
1026 888 1246 951 accede
1263 888 1334 950 ad
1358 889 1708 951 effectorem
1731 907 1934 951 rerum
1969 910 2108 953 om-

467 975 632 1034 nium
667 993 870 1036 verum
902 975 1115 1051 Deum,
1149 979 1249 1059 qui
1282 987 1338 1040 te
1369 982 1593 1042 creavit
1623 997 1638 1052 ;
1682 998 1759 1040 ne
1811 980 1872 1041 in
1907 999 2110 1061 poenas

469 1072 722 1124 aeternas
753 1065 1296 1144 devolvaris,atque
1325 1068 1744 1131 interminatos
1777 1071 2105 1136 cruciatus.

461 1153 764 1215 Accensus
797 1155 1001 1217 furore
1035 1157 1394 1230 Quintianus
1423 1159 1601 1237 jussit
1627 1177 1759 1220 eam
1792 1161 2105 1241 suspendi,

463 1245 714 1323 spatulis
742 1245 1133 1319 incidi.Quod
1167 1267 1301 1310 cum
1328 1249 1522 1321 ﬁeret,
1559 1249 1798 1311 dicebat
1825 1251 1880 1312 ei
1911 1250 2104 1323 Quin-

462 1332 661 1394 tianus
697 1352 710 1396 :
746 1336 904 1398 Muta
939 1343 1222 1411 mentem,
1258 1337 1870 1416 Agatba,utvitaatua2
1892 1358 2102 1421 parca-

463 1425 816 1503 tnr.Agatha
842 1425 1008 1488 dixit:
1035 1425 1344 1507 Ingentem
1368 1428 1514 1490 mihi
1540 1437 1835 1491 tormenta
1871 1439 1967 1492 tua
1999 1449 2104 1510 pa-

459 1513 623 1575 riunt
663 1513 1148 1578 delectationem.
1177 1517 1345 1580 Haud
1395 1519 1571 1580 aliter
1612 1518 1814 1580 laetitia
1867 1521 2103 1583 exsulto

461 1622 637 1683 quam
662 1606 761 1684 qui
787 1606 1023 1669 felicem
1049 1609 1323 1670 nuntium
1370 1609 1629 1690 accepit,
1663 1610 1892 1691 quique
1923 1629 2101 1692 quem

463 1693 841 1757 desiderabat
862 1697 1183 1771 cernit,aut
1209 1699 1560 1760 thesaurum
1590 1699 1934 1778 reperit.lta
1959 1709 2107 1762 tem-

461 1785 713 1862 porariis
743 1785 909 1847 hisce
942 1787 1057 1848 tuis
1079 1788 1392 1867 suppliciis
1415 1788 1844 1869 delector,quaa
1868 1798 1924 1851 te
1955 1791 2104 1852 mihi

2193 613 2378 688 σμόν;
2437 613 2703 694 ⁰Αρνησαι
2761 617 2853 672 τὸν
2914 616 3164 696 Χριστὸν,
3229 614 3325 672 καί
3384 617 3534 694 ἄρξαι
3596 616 3807 676 σέϐεσθαι

2193 705 2317 767 τοὺς
2374 705 2549 778 θεοὺς,
2597 706 2674 780 μῆ
2717 710 2816 772 τῆς
2856 705 3000 777 ζωῆς
3047 707 3135 762 καὶ
3174 709 3274 774 τῆς
3334 711 3430 774 σῆς
3457 707 3674 776 ἡλικίας
3703 731 3810 766 στε-

2194 797 2445 871 ρηθεῖσα,
2485 791 2660 874 ἄωρον
2703 795 3008 872 ἀπενέγκῃς
3065 795 3313 857 θάνατον,
3373 795 3584 874 ’Λγάθη
3629 801 3768 854 εἶπεν
3796 820 3808 834 ⁸

2194 884 2268 940 Σὺ
2325 883 2552 962 ἄρνησαι
2626 885 2747 947 τοὺς
2789 885 2938 949 θεούς
2982 908 3101 965 σου,
3149 887 3348 948 οἵτινες
3393 888 3495 942 εἰσὶ
3557 886 3690 944 λίθοι
3742 891 3814 945 καὶ

2193 970 2341 1046 ξύλα,
2379 975 2463 1030 καὶ
2496 973 2754 1052 πρόσελθε
2797 975 2875 1048 τῷ
2923 981 3250 1052 Δημιουργῷ
3278 979 3385 1032 τῶν
3415 975 3558 1034 ὅλων
3588 982 3664 1050 τῷ
3692 977 3814 1045 ἀλη-

2193 1065 2320 1136 θινῷ
2367 1070 2503 1139 Θεῷ,
2563 1069 2641 1138 τῷ
2691 1064 2750 1119 σὲ
2783 1063 3068 1140 πλάσαντι,
3100 1067 3179 1139 μή
3225 1087 3338 1129 πως
3387 1067 3627 1128 αἰωνίαις
3660 1090 3816 1142 τιμω-

2195 1153 2330 1231 ρίαις
2392 1154 2478 1210 καὶ
2537 1151 2918 1225 ξᾶδιαλείπτοις
2994 1155 3247 1230 βασάνοις
3331 1155 3634 1232 ὑποπέσῃς.
3707 1159 3816 1214 Τότε

2193 1243 2463 1320 ὀργισθεὶς
2528 1246 2557 1300 6
2619 1246 2902 1308 Κυντιανὸς
2962 1243 3238 1303 ἰκέλευσεν
3299 1247 3462 1313 αὐτὴν
3528 1248 3815 1321 κρεμασθῆ-

2187 1333 2272 1390 νάι
2297 1332 2394 1388 καὶ
2425 1334 2787 1412 σπειθίζεσθαι³
2821 1333 2920 1390 καΐ
2950 1333 3133 1412 ἔλεγεν
3167 1337 3194 1393 ὃ
3230 1335 3515 1399 Κυντιανός
3551 1351 3567 1366 ⁸
3604 1335 3808 1417 ’Δγάθη,

2187 1420 2474 1498 διόρθωσαι
2541 1425 2634 1478 τὸν
2706 1423 2966 1502 λογισμόν
3040 1447 3159 1499 σου,
3222 1424 3365 1490 ὅπως
3437 1426 3810 1505 παραχώρησις

2187 1512 2337 1570 ’ἐσται
2382 1517 2450 1589 τῇ
2506 1515 2618 1590 ζωῇ
2675 1535 2794 1575 σου.
2842 1511 3047 1592 ’Δγάθη
3091 1519 3246 1571 εἶπεν
3279 1531 3296 1547 ⁸
3348 1517 3412 1572 Αἰ
3460 1517 3685 1592 βάσανοί
3733 1539 3811 1575 σου

2187 1603 2364 1680 χαράν
2408 1624 2501 1675 μοι
2545 1604 2976 1682 θησαυρίζουσιν,
3023 1606 3108 1660 καὶ
3136 1602 3443 1682 ἆγὰλλομαι
3476 1607 3554 1670 ὼς
3591 1607 3618 1662 6
3660 1605 3808 1682 ἄγγε-

2187 1690 2304 1746 λίαν
2363 1690 2537 1758 καλὴν
2593 1691 2801 1748 ἀκούων
2868 1692 2963 1749 καί
3021 1693 3349 1769 θεασάμενος
3409 1693 3594 1751 ὅντινα
3648 1698 3807 1768 ποθεῖ,

2187 1781 2274 1836 καὶ
2333 1783 2405 1844 ὼς
2451 1783 2478 1838 6
2517 1781 2680 1859 εὑρὼν
2710 1785 3031 1860 θησαυροὺς²
3090 1781 3256 1849 οὕτως
3304 1783 3455 1863 κάγὼ
3483 1784 3809 1863 τέρπομαιὶν

458 1873 838 1937 incussurutn
866 1877 1134 1938 minaris.
1168 1876 1374 1958 Neque
1406 1883 1564 1939 enim
1601 1889 1792 1960 potest
1823 1879 2097 1942 frumen-

2187 1886 2309 1938 ταῖς
2343 1875 2684 1952 προσκαίροις
2743 1875 3000 1951 βασάνοις
3046 1897 3164 1938 σου.
3212 1875 3285 1934 Οὔ
3343 1877 3442 1954 γὰρ
3477 1875 3593 1933 ἔστι
3619 1873 3810 1935 δυνατὸν

461 1969 583 2023 tum
612 1981 824 2025 secure
856 1965 917 2026 in
949 1966 1223 2045 granario
1256 1967 1623 2050 conservari,
1657 1969 1773 2030 nisi
1806 1969 1972 2050 prius
2006 1989 2104 2050 pa-

459 2050 553 2112 lea
584 2053 868 2114 nudatum
904 2056 1104 2122 fuerit.
1131 2054 1422 2121 Similiter
1451 2076 1565 2120 nec
1596 2061 1793 2121 anima
1827 2077 1960 2121 mea
1993 2079 2102 2140 po-

458 2149 572 2203 test
629 2143 690 2205 in
747 2146 1087 2224 paradisum
1162 2148 1420 2221 admitti,
1484 2148 1830 2230 priusquam
1883 2168 2105 2231 corpus

460 2248 660 2293 meum
685 2236 1046 2298 omnimodis
1078 2237 1445 2300 cruciatibus
1478 2257 1584 2318 per
1618 2243 1750 2301 tuos
1783 2241 2100 2306 carnifices

456 2320 634 2382 fuerit
661 2323 972 2386 laniatum.

536 2411 634 2474 XI.
671 2415 1130 2480 Excandescens
1161 2419 1520 2492 Quintianus
1564 2420 1821 2500 primum
1863 2423 2101 2484 mamil-

457 2499 572 2562 lam
604 2505 736 2582 ejus
768 2507 1056 2586 torqueri,
1094 2509 1231 2570 exin
1266 2509 1368 2570 diu
1404 2521 1461 2570 et
1510 2509 1854 2572 immaniter
1887 2521 2100 2574 tortam

455 2596 747 2684 amputari
770 2595 1189 2674 jussit.Sancta
1223 2617 1356 2659 vero
1391 2601 1617 2678 Agatba
1646 2599 1800 2661 dixit
1832 2621 1846 2660 :
1882 2600 2096 2684 Impie,

457 2681 740 2757 crudelis,
776 2694 833 2745 et
865 2687 1153 2766 sacrilege
1187 2696 1465 2763 tyranne,
1510 2708 1629 2750 non
1660 2689 1954 2752 erubuisti
1978 2681 2099 2753 ista

457 2788 740 2834 exercere
773 2774 833 2834 in
867 2776 1174 2852 feminam,
1211 2787 1268 2839 et
1317 2796 1492 2859 quam
1544 2778 1604 2838 in
1667 2790 1854 2842 matre
1886 2781 2093 2843 suxisti

456 2862 781 2924 mamillam
809 2867 1136 2946 praecidere
1169 2869 1193 2928 ?
1218 2871 1641 2931 Verumtamen
1673 2869 1811 2931 licet
1833 2872 2094 2933 exterio-

455 2967 584 3011 rem
619 2954 762 3015 mibi
817 2958 1140 3019 mamillam
1191 2959 1548 3029 resecueris.
1603 2960 1778 3021 aliam
1812 2961 2002 3023 habeo
2038 2963 2098 3023 in

452 3040 650 3104 anima
677 3062 808 3107 mea
833 3047 1370 3124 mamillam,quam
1404 3049 1761 3112 exscindere
1791 3069 2094 3131 nunquam

459 3132 682 3193 valebis
717 3156 730 3193 :
765 3143 854 3196 est
885 3138 1046 3198 enim
1107 3139 1340 3201 Christo
1398 3140 1522 3202 Deo
1579 3158 1712 3200 meo
1743 3139 1814 3200 ab
1847 3140 2100 3202 infantia

2187 1977 2342 2020 σῖτον
2399 1963 2653 2045 ἀσφαλῶς
2712 1963 2766 2020 ἐν
2833 1963 3082 2041 ἆποθήκῃ
3145 1965 3512 2045 φυλαχθῆναι,
3568 1967 3683 2043 πρὶν
3733 1971 3810 2021 τοῦ

2186 2054 2388 2134 ἀχύρου
2449 2059 2701 2132 γυμνωθῇ
2737 2071 2750 2086 ⁸
2801 2056 3000 2129 ὁμοίως
3047 2054 3140 2111 καί
3198 2057 3234 2123 ἠ
3267 2057 3412 2134 τύχη
3445 2077 3554 2129 μου
3584 2056 3643 2110 ού
3671 2053 3813 2110 δύνα-

2187 2165 2273 2200 ται
2337 2144 2486 2207 ἐντὸς
2529 2151 2620 2200 τοῦ
2691 2142 3012 2221 παραδείσου
3074 2143 3338 2222 γενέσθαι³
3385 2144 3522 2221 πρίν
3567 2144 3814 2206 παντοίαις

2188 2231 2440 2289 κολάσεσι
2511 2233 2573 2289 τὰ
2649 2231 2780 2308 ἐμοι
2857 2238 3015 2309 σῶμα
3072 2234 3173 2289 ὑπὸ
3225 2237 3331 2289 τῶν
3389 2240 3501 2291 σῶν
3560 2235 3810 2313 ὅπηρετῶν

2186 2325 2418 2400 αἰκισθῇ.

2267 2405 2376 2476 Μ’.
2412 2413 2680 2488 Θυμωθεὶς
2726 2411 2817 2468 οὗν
2847 2414 2875 2468 6
2933 2414 3216 2478 Κυντιανὸς
3268 2411 3512 2470 ἐκέλευσε
3573 2415 3662 2470 τὸν
3714 2435 3810 2488 μα-

2183 2505 2307 2561 σθὸν
2338 2505 2502 2571 αὐτῆς
2559 2504 2890 2581 αἰκισθῆναι,
2954 2503 3045 2559 καὶ
3073 2503 3210 2576 μετὰ
3240 2503 3300 2559 τὸ
3331 2502 3469 2560 πολὺ
3504 2505 3802 2576 αἰκισθῆναι,

2183 2594 2563 2668 ἀποτμηθῆναι
2607 2591 2909 2654 ὶκέλευσεν.
2967 2583 3029 2648 Ἠ
3073 2591 3127 2648 δὲ
3191 2593 3314 2670 ἁγία
3375 2594 3583 2670 ’Λγάθη
3624 2597 3764 2649 εἶπεν
3793 2610 3806 2624 ⁸

2184 2683 2381 2752 Ἀσεϐῆ
2439 2686 2527 2742 καὶ
2587 2685 2832 2758 ὠμότατε
2889 2685 2977 2739 καὶ
3031 2690 3163 2738 Θεοῦ
3193 2685 3434 2756 τύραννε,
3467 2688 3570 2743 οὐκ
3601 2682 3804 2760 ᾐδέσθης

2181 2777 2250 2830 εἰι
2307 2774 2523 2841 θηλείαν
2567 2783 2792 2831 τοιαῦτα
2836 2771 3240 2852 διαπράξασθαι,
3287 2775 3377 2829 καὶ
3436 2774 3505 2840 ἢν
3539 2775 3628 2830 καὶ
3668 2773 3804 2835 αξιτὺς

2181 2867 2284 2920 ὑπὸ
2330 2866 2430 2932 τῆς
2476 2865 2678 2941 μητρὸς
2711 2861 2976 2931 ἐθήλασας
3008 2861 3305 2936 ἀποτεμεῖν
3338 2883 3355 2934 ;
3389 2859 3545 2919 Ἀλλ’
3576 2863 3736 2938 ὅμως,
3766 2863 3801 2916 εἰ

2181 2955 2275 3010 καί
2323 2955 2413 3009 τὸν
2445 2952 2632 3017 ἔξωθεν
2677 2952 2880 3026 μασθὸν
2929 2951 3230 3025 ἀπέκοψας,
3279 2949 3397 3030 ἔχω
3426 2950 3609 3029 ἕτερον
3648 2955 3699 3006 ὲν
3749 2955 3803 3024 τῇ

2181 3048 2334 3121 ψυχῇ
2369 3066 2470 3116 μου
2517 3043 2744 3121 μαστὸν,
2779 3039 2940 3117 ὅνπερ
2970 3042 3126 3102 αὐτὸς
3162 3041 3257 3096 οὐκ
3287 3041 3498 3120 ἰσχύεις
3531 3051 3798 3112 ἐκτεμεῖν·

2181 3133 2538 3204 προσήνεκται
2595 3130 2696 3208 γὰρ
2756 3135 2967 3206 Χριστῷ
3023 3131 3099 3202 τῷ
3151 3135 3266 3203 Θεῷ
3292 3127 3354 3184 ὶκ
3390 3131 3589 3196 νηπίας
3617 3127 3800 3196 ἡλικίας

466 3237 598 3280 mea
628 3234 1000 3289 consecrata.
1035 3226 1222 3288 Iratus
1253 3227 1609 3299 Quintianus
1648 3229 1826 3305 jussit
1871 3248 2001 3290 eam
2037 3229 2096 3290 in

2185 3243 2306 3292 μου.
2371 3219 2676 3297 Ὀργασθεὶς
2733 3217 2788 3275 δὲ
2860 3221 2888 3274 6
2966 3219 3252 3283 Κυντιανὸς
3324 3217 3604 3276 ἐκέλευσεν
3659 3217 3798 3282 αΰτῆν

465 3326 773 3374 carcerem
805 3315 1056 3388 retrudi,
1091 3316 1392 3397 vetuitque
1435 3336 1512 3378 ne
1560 3317 1691 3395 quis
1724 3317 2096 3381 medicorum

2185 3311 2543 3389 ἀπενεχθῆναι
2590 3309 2644 3365 ἐν
2686 3315 2764 3383 τῷ
2824 3307 3198 3397 δεσμωτηρίῳ,
3264 3308 3566 3385 προστάξας
3619 3307 3798 3397 μηδέ-να

463 3398 536 3458 ad
567 3417 698 3488 eam
734 3403 1254 3482 intromitteretur,
1309 3425 1427 3470 neu
1487 3410 1656 3486 panis
1698 3415 1798 3470 aut
1824 3425 1976 3488 aqua
2010 3407 2097 3470 illi

458 3487 853 3568 praeberetur.

532 3575 810 3643 XII.Cum
844 3583 906 3644 in
940 3602 1182 3648 carcere
1211 3587 1447 3650 reclusa
1479 3596 1659 3665 esset,
1695 3586 1808 3649 sub
1837 3587 2092 3651 mediam

454 3672 896 3745 noctem,senili
922 3674 1110 3738 forma
1141 3678 1419 3758 apparuit
1440 3677 1496 3738 ei
1521 3677 1823 3758 apostolus
1856 3681 2092 3753 Petrus,

453 3763 804 3832 praecedente
826 3780 1006 3836 puero
1034 3783 1100 3824 ac
1124 3769 1388 3841 lampada
1414 3773 1823 3843 gestante,ipse
1846 3771 2093 3842 plurima

453 3846 675 3905 habens
698 3851 758 3905 in
784 3865 958 3909 manu
981 3853 1427 3924 medicamenta,
1454 3870 1631 3926 seque
1655 3857 1942 3912 medicum
1968 3868 2094 3912 esse

453 3930 860 4008 dicens,bisce
880 3957 1008 3999 eam
1031 3941 1352 4021 compellat
1375 3940 1570 4002 verbis
1605 3959 1617 4003 :
1647 3941 1825 4004 Multa
1845 3941 2090 4018 quidem

455 4035 512 4086 et
529 4029 754 4090 atrocia
777 4030 882 4092 tibi
906 4033 1125 4112 impius
1150 4043 1432 4115 tyrannus
1461 4044 1758 4096 tormenta
1780 4033 2042 4096 admovit
2074 4057 2088 4110 ;

453 4122 545 4176 ast
575 4136 764 4198 usque
795 4120 946 4184 adeo
973 4123 1122 4185 nihil
1157 4123 1426 4203 profecit,
1463 4133 1523 4185 ut
1570 4125 1766 4204 potius
1793 4133 1910 4187 tuae
1941 4143 2090 4185 con-

454 4206 688 4295 stantiae
716 4221 963 4291 aspectu
983 4213 1379 4276 contabuerit:
1406 4223 1837 4295 proptereaque
1863 4213 2092 4275 mamil-

454 4293 570 4356 lam
589 4295 693 4358 tibi
709 4301 974 4380 torqueri
993 4321 1060 4364 ac
1074 4302 1294 4364 deinde
1311 4293 1553 4382 praecidi
1571 4293 2092 4384 mandavithsius

455 4403 595 4448 vero
624 4388 824 4452 anima
852 4401 1147 4454 aeternum
1191 4393 1254 4454 in
1295 4391 1502 4454 dolore
1527 4395 1913 4474 cruciatuque
1947 4410 2091 4473 per-

457 4494 738 4542 mansura
765 4480 1174 4554 est.Quoniam
1204 4493 1568 4554 autem,cum
1595 4484 1720 4546 haec
1746 4481 2090 4564 patiebaris,

2181 3402 2285 3456 τῶν
2317 3401 2510 3478 ἰατρῶν
2565 3402 2986 3478 συγχωρηθῆναι
3045 3395 3304 3454 εἰσελθεῖν
3336 3398 3410 3462 εἰς
3442 3399 3636 3472 αὐτὴν,
3679 3394 3796 3472 μήτε

2179 3489 2336 3569 ἄρτον
2368 3493 2503 3566 αὐτῇ
2533 3487 2749 3556 δοθῆναι
2782 3489 2920 3564 μήτε
2957 3485 3117 3567 ὕδωρ.

2261 3579 2368 3642 ΙΒ’.
2417 3577 2767 3645 Εἰσελθούσης
2809 3577 2864 3634 δὲ
2908 3579 3073 3645 αὐτῆς
3134 3575 3189 3632 ἐν
3231 3581 3302 3653 τῇ
3331 3574 3572 3656 φυλακῇ,
3605 3577 3712 3654 περὶ
3747 3574 3796 3629 τὸ

2177 3671 2526 3744 μεσονύκτιον
2583 3667 2638 3723 ἐν
2697 3668 3001 3743 ὁμοιώματι
3067 3663 3422 3745 πρεσϐυτέρου
3463 3665 3636 3746 ἐφάνη
3683 3663 3796 3738 αὖτῇ

2177 3762 2206 3816 ὁ
2248 3757 2550 3822 ἀπόστολος
2608 3757 2830 3834 Πέτρος,
2890 3759 2948 3813 οὗ
3006 3768 3310 3835 προηγεῖτο
3368 3768 3503 3818 παῖς
3567 3749 3793 3830 λαμπάδα

2176 3849 2581 3931 ἐπιφερόμενος,
2643 3846 2878 3904 πλεῖστα
2934 3847 3190 3926 φάρμακα
3251 3843 3306 3902 ἐν
3352 3850 3420 3921 τῇ
3461 3843 3615 3924 χειρὶ
3660 3841 3792 3900 αότοῦ

2178 3939 2319 4020 ἔχων
2377 3939 2464 3996 καὶ
2523 3939 2706 3994 ἑαυτὸν
2764 3938 2941 4014 ἰατρὸν
3000 3935 3144 3991 εἶναι
3189 3933 3386 4013 λέγων,
3459 3935 3554 3990 καὶ
3610 3932 3790 3992 τούτοις

2173 4015 2354 4107 λόγοις
2399 4026 2744 4106 προσομιλῶν
2794 4027 2929 4102 αὐτῇ
2970 4023 3151 4101 ἔλεγεν
3188 4041 3201 4055 ⁸
3241 4015 3299 4082 Ὀ
3345 4025 3444 4100 μὲν
3473 4021 3667 4090 ἀσεϐὴς
3703 4021 3786 4076 τύο

2173 4141 2361 4198 ραννος
2405 4119 2672 4180 τοιαύταις
2704 4115 2979 4197 χαλεπαῖς
3011 4115 3232 4191 μάστιξι
3277 4115 3632 4194 χρησάμενος
3674 4109 3785 4167 κατὰ

2175 4217 2290 4289 σοῦ,
2337 4207 2526 4276 ἤνυσεν
2580 4204 2728 4263 οὸδὲν
2763 4221 2777 4236 ⁸
2826 4206 2888 4262 σὺ
2943 4202 2998 4260 δὲ
3050 4203 3216 4260 πλείω
3269 4205 3425 4260 αὐτὸν
3456 4201 3694 4270 ἒξέτηξας
3731 4203 3788 4272 τῇ

2176 4306 2247 4366 σῆ
2305 4298 2551 4374 καρτερίᾳ
2587 4314 2600 4327 ⁸
2659 4293 2741 4351 διὸ
2787 4297 2876 4351 καὶ
2912 4295 2972 4350 τὸ
3022 4295 3191 4368 μαζόν
3223 4313 3316 4349 σου
3348 4293 3408 4350 οὒ
3453 4292 3618 4366 μόνον
3667 4290 3787 4346 αἰκι-

2177 4387 2362 4456 σθῆναι
2390 4386 2688 4460 ἑκὲλευσεν,
2735 4383 2874 4440 ἀλλὰ
2904 4385 2990 4440 καὶ
3041 4383 3445 4457 ἀποτμηθῆναι.
3495 4379 3644 4438 Ἀλλ’
3666 4378 3785 4435 ἐκεί-

2175 4501 2264 4535 νου
2299 4477 2395 4554 μὲν
2437 4479 2472 4545 ἡ
2503 4476 2648 4552 τύχη
2704 4474 2760 4530 ἰν
2789 4471 2947 4549 ὀδύνῃ
2978 4472 3124 4548 μένει
3157 4475 3230 4536 εἰς
3257 4474 3348 4528 τόν
3378 4472 3547 4528 αἰῶνα
3579 4490 3596 4508 ⁸
3627 4463 3787 4530 ἐπειδὴ

455 4565 1030 4672 adfuianimumque
1069 4573 1391 4635 intendens
1416 4575 1689 4653 perspexi
1730 4557 1927 4634 sanari
1963 4590 2091 4633 ma-

2185 4566 2233 4625 δὲ
2261 4569 2518 4645 παρήμην
2563 4565 2617 4621 ἐν
2659 4570 2729 4640 τῇ
2751 4563 2916 4671 κῶρᾳκ
2945 4563 3149 4672 ἐκξίνῃ,
3177 4561 3240 4672 ’ἓν
3264 4565 3323 4672 ιῇ
3352 4562 3620 4672 πέπονθας
3648 4557 3786 4672 sui“

455 4653 681 4718 millam
715 4665 870 4720 tuam
904 4647 1104 4740 posse,
1137 4681 1208 4724 ea
1241 4647 1430 4725 causa
1451 4647 1574 4726 huc
1598 4660 1826 4725 veni.S.
1862 4663 2096 4741 Agathe

2185 4661 2266 4716 καὶ
2311 4656 2643 4723 κατανοήσας
2688 4650 2833 4709 εἶδον
2889 4650 2970 4708 ὅτι
3001 4648 3219 4708 δυνατόν
3260 4649 3378 4707 ἐστι
3408 4656 3500 4706 τοῦ
3529 4647 3785 4739 ἰατρευθῇ-

456 4743 512 4805 ei
529 4747 858 4827 respondit:
883 4748 1196 4832 Nunquam
1221 4752 1470 4814 omnino
1493 4752 1728 4831 corpori
1752 4770 1885 4814 meo
1909 4751 2094 4814 medi-

454 4833 647 4897 cinam
673 4838 943 4921 adhibui;
967 4850 1026 4903 et
1048 4861 1206 4904 nunc
1231 4851 1406 4923 turpe
1427 4842 2089 4914 existimarem,morem

452 4931 772 5012 optimum,
804 4952 980 5012 quem
1005 4952 1040 4996 a
1063 4934 1256 5014 prima
1279 4935 1530 5012 pueritia
1561 4941 1906 4994 constanter
1943 4934 2092 4994 reti-

454 5019 1274 5104 nui,infringere.Respondit
1287 5023 1571 5086 seneszt
1586 5041 1698 5100 ego
1716 5022 2096 5085 Christianus

454 5128 610 5186 sum,
645 5132 717 5176 ac
748 5113 986 5176 conﬁdo
1017 5113 1246 5183 fore,ut
1270 5131 1304 5174 a
1335 5132 1430 5175 me
1460 5111 1988 5193 saneris,ideoque
2021 5112 2094 5174 ad

455 5207 512 5262 te
537 5200 957 5266 veni.Tantum
986 5221 1061 5264 ne
1095 5211 1149 5266 te
1170 5201 1539 5280 pudeat,neu
1574 5219 1666 5262 me
1695 5199 2096 5262 metuas.Res-

454 5291 728 5371 pondens
754 5290 971 5356 Sancta
991 5292 1161 5355 dixit:
1187 5293 1295 5368 Qui
1319 5311 1455 5353 vero
1479 5291 1610 5352 fieri
1637 5298 1923 5370 potest,ut
1953 5309 2090 5352 cum

453 5390 515 5444 tu
536 5382 703 5443 senio
731 5382 1038 5445 confectus
1057 5383 1162 5457 sis,
1197 5401 1307 5462 ego
1327 5380 1650 5461 juvencula
1681 5379 1950 5460 quidem,
1985 5379 2090 5440 sed

451 5489 706 5550 corpore
755 5472 1070 5552 suppliciis
1115 5480 1496 5553 consumpto,
1528 5470 1658 5550 ipsa
1679 5469 1926 5530 vulnera
1955 5469 2092 5530 ani-

454 5581 618 5625 mum
644 5562 996 5624 stimulent?
1016 5562 1196 5642 Magis
1221 5573 1419 5624 tamen
1442 5557 1834 5622 verecundari
1868 5558 2089 5639 debeo,

452 5651 652 5732 plagas
677 5653 834 5729 ipsas
875 5652 1165 5714 indecore
1205 5652 1459 5714 nudare.
1495 5651 1692 5724 Quare
1735 5647 1843 5709 tibi
1871 5647 2093 5727 gratias

451 5739 1305 5824 ago,venerandePater,quod
1324 5740 1596 5821 dignatus
1614 5737 1696 5802 sis
1720 5737 2082 5820 bucyenire,

2175 4770 2260 4804 ναι
2317 4747 2406 4802 τὸν
2467 4743 2633 4819 μαζόν
2692 4764 2809 4814 σου,
2861 4741 3048 4798 τούτου
3091 4740 3258 4820 χάριν
3309 4737 3667 4815 παραγέγονα.

2176 4837 2300 4915 ἁγία
2344 4818 2545 4912 Ἀγᾶθη
2594 4835 2750 4888 εἶπεν
2801 4831 2932 4910 πρὸς
2978 4818 3138 4888 αὒτόν
3174 4845 3188 4859 ⁸
3251 4824 3510 4901 Οὐδαμῶς
3571 4844 3692 4920 ποτε
3740 4818 3785 4920 ἐν

2174 4934 2252 4999 τῷ
2305 4926 2420 5002 ἐμῴ
2479 4930 2688 4996 σώματι
2771 4919 3048 4999 θεραπείαν
3121 4919 3466 4994 προσήνεγκα
3496 4931 3511 4947 ⁸
3586 4915 3666 4972 καὶ
3713 4915 3786 5002 νῦν

2177 4999 2403 5098 αἰσχρὸν
2456 5014 2600 5070 εἶναι
2659 5011 2856 5086 νομίζω
2911 5013 2989 5084 τῷ
3030 5008 3090 5066 ὲκ
3133 5008 3329 5098 νηπίας
3368 5005 3587 5098 ἡλικίας
3635 4999 3787 5083 χρόνῳ

2177 5087 2466 5184 βεϐἶίωθὲν
2522 5103 2640 5164 ’ἐθος
2698 5100 2939 5180 χρηστὸν
2971 5106 3061 5156 νῦν
3103 5096 3420 5155 ἀπολέσθαι.
3457 5087 3515 5153 Ὀ
3547 5093 3782 5184 δὲνπρεῂσ-

2176 5179 2369 5262 ϐεύτης
2437 5179 2737 5262 ἀποκριθεὶς
2813 5191 2965 5246 εἶπεν
3001 5204 3016 5218 ⁸
3102 5187 3263 5266 Κάγὼ
3341 5183 3653 5263 Χριστιανός
3698 5179 3785 5266 εἰμι

2178 5287 2264 5342 καὶ
2293 5283 2485 5361 eapse,
2547 5281 2628 5336 ὅτι
2687 5277 2910 5352 δύναμαί
2968 5299 3028 5335 σε
3065 5281 3386 5355 θεραπεῦσαι
3421 5293 3434 5306 ⁸
3468 5273 3650 5331 τούτου
3695 5265 3786 5347 χᾶσ

2177 5397 2256 5449 ριν
2313 5373 2474 5441 ἦλθον
2503 5372 2636 5446 πρὸς
2668 5368 2748 5426 σέ,
2784 5366 2951 5424 Ἀλλὰ
3010 5367 3088 5442 μὴ
3143 5365 3385 5441 αἰδεσθῇς
3417 5385 3510 5460 με,
3561 5362 3786 5460 'A‘mxpf.

2175 5468 2330 5519 θεῖσα
2360 5461 2415 5518 δὲ
2447 5463 2481 5529 ἡ
2514 5460 2639 5536 ἁγία
2669 5458 2827 5514 εἶπεν
2859 5460 3001 5533 αὒτῷ
3039 5472 3052 5486 ⁸
3119 5459 3226 5514 Καὶ
3285 5461 3398 5515 πῶς
3431 5452 3576 5509 ἔστιν
3608 5449 3789 5548 δυνατῇ

2566 5534 2574 5536 _
3705 5534 3719 5551 ς
3749 5534 3781 5548 ν

2179 5554 2232 5610 ἐν
2291 5559 2366 5626 τῷ
2409 5552 2466 5607 σὲ
2513 5553 2655 5606 εἶναι
2700 5545 3030 5623 πρεσϐευτὴν
3083 5547 3170 5602 καὶ
3217 5542 3606 5623 πολυχρόνιον,
3644 5538 3726 5634 ἔμε
3745 5549 3787 5634 et

2177 5643 2322 5700 εἶναι
2366 5643 2531 5718 κόρην
2581 5639 2668 5695 καὶ
2712 5638 2772 5694 τὸ
2835 5637 2992 5710 σῶμα
3039 5656 3144 5710 μου
3202 5630 3511 5713 διαφθαρὲν,
3556 5629 3644 5686 ἵνα
3682 5621 3787 5680 sint!

2175 5734 2239 5790 τὰ
2299 5716 2574 5810 τραύματα
2620 5726 3064 5809 παρασκευάσωσι
3125 5725 3498 5802 κεντρισθῆναι
3558 5721 3643 5778 τὸν
3695 5716 3785 5770 νοῦν
