4028 6202
224 280 377 349 1345

1490 280 1677 346 VITA
1725 280 1785 345 s.
1826 256 2281 348 PARTHE'N’II.

3446 276 3598 349 1346

218 416 490 480 λειώσεως
546 416 733 490 αὐτῆς,
769 417 828 470 τὸ
860 414 912 471 δὲ
959 414 1075 493 ὄρος
1107 416 1143 482 ἠ
1187 415 1353 482 Αἴτνη
1386 427 1485 494 πῦρ
1529 416 1859 496 ἐξηρεύξατο,

1962 420 2108 478 .liem
2164 417 2438 498 apparuit
2498 418 2736 478 Etenim
2789 419 2970 480 Ailtna
3021 437 3193 479 mons
3223 419 3419 497 ignem
3456 439 3597 481 evo-

214 509 307 563 καὶ
376 510 612 581 καθαπερ
700 508 943 579 ποταμὸς
1028 505 1344 580 μυκώμενος
1417 506 1616 587 σφόδρα
1702 511 1869 572 οὕτως

218 597 532 675 κατήρχετο
578 593 804 650 διαλύων
861 596 982 657 τοὺς
1017 593 1187 656 λίθους
1224 595 1404 673 ὥσπερ
1463 601 1629 674 κηρὸν
1660 599 1720 654 ἐκ
1779 605 1872 665 τῆς

217 691 456 764 κορυφῆς
517 691 612 741 σοῦ
655 683 809 761 ὅρους
868 682 1053 763 φλέξαι
1094 686 1180 740 καὶ
1223 685 1485 742 ἀπολέσαι
1546 694 1720 743 πᾶσαν
1778 690 1876 754 τὴν

220 780 329 831 τῶν
406 775 688 832 Κατανέων
738 773 918 831 πόλιν⁶
982 778 1041 831 Οἱ
1111 774 1258 851 πέριξ
1330 778 1416 831 καὶ
1485 775 1713 842 πλησίον
1781 779 1876 834 ὄν-

219 887 314 928 τες
376 871 467 921 τοῦ
527 862 679 942 ὄρους
736 866 926 940 καίπερ
988 861 1253 930 ’Έλληνες
1324 866 1679 945 ὑπάρχοντες,
1747 870 1877 946 πρὸς

221 956 320 1010 τὸν
379 955 503 1009 ναὸν
564 960 663 1021 τῆς
727 954 990 1030 μάρτυρος
1034 954 1269 1031 ὥρμους,
1304 954 1400 1010 καῖ
1455 955 1774 1035 ἀφελόμενοι
1817 960 1878 1013 τὸ

225 1045 604 1120 περικείμενον
662 1038 1002 1121 περιϐόλαιον
1048 1049 1114 1119 τῇ
1171 1044 1394 1121 λάρνακι
1437 1044 1669 1112 ἔστησαν
1745 1069 1877 1103 κατ-

230 1133 410 1189 έναντι
442 1136 533 1189 τοῦ
584 1139 747 1208 πυρὸς
779 1132 872 1188 καὶ
919 1131 983 1199 δὴ
1015 1139 1083 1208 τῇ
1129 1134 1347 1211 προνοίᾳ
1378 1142 1470 1191 τοῦ
1500 1138 1634 1190 Θεοῦ
1690 1136 1877 1200 εὐθέως

228 1222 318 1277 καὶ
375 1228 714 1301 παραχρῆμα
770 1221 901 1288 ἔστη
957 1225 1017 1278 τὸ
1074 1226 1219 1279 Οεῐον
1275 1231 1398 1301 πὺρ·
1463 1225 1674 1303 ἐγένετο
1707 1224 1761 1280 δὲ
1822 1229 1882 1282 τὸ

226 1314 412 1384 Θαῦμα
463 1313 593 1385 μηνὶ
654 1309 993 1388 Φεϐρουαρίῳ
1046 1312 1293 1388 πέμπτῃ,
1327 1313 1380 1367 ἐν
1410 1314 1445 1380 ἧ
1501 1314 1675 1391 ἡμέρα
1705 1314 1881 1381 $5,011,-

229 1422 319 1455 σεν
384 1400 437 1455 ἒν
481 1400 516 1466 ἧ
589 1401 676 1456 xii
751 1400 1089 1478 ἑορτάζοντες
1179 1400 1462 1477 δοξάζομεν
1532 1405 1622 1459 τὸν
1699 1406 1881 1480 Κύριον

228 1492 386 1564 ἡμῶν
430 1490 640 1556 Ἰησοῦ-ι
698 1494 923 1570 Χριστὸν
979 1496 1071 1549 τὸν
1131 1496 1282 1574 Θεὸν,
1336 1494 1483 1557 ὅπως
1533 1510 1653 1558 ταῖς
1712 1519 1879 1574 πρεσ-

229 1578 397 1644 ϐείαις
459 1582 623 1647 αὐτῆς
657 1582 841 1660 ἄφεσιν
904 1580 1153 1657 λάϐωμεν
1188 1584 1460 1661 ἁμαρτιῶν
1505 1589 1590 1641 καὶ
1622 1588 1681 1641 τὸ
1741 1586 1877 1664 μέγα

228 1668 403 1746 ἕλεος,
438 1679 527 1728 νῦν
555 1674 649 1727 κοὶ
706 1672 811 1748 ἀει,
850 1675 937 1728 καὶ
968 1674 1041 1736 εἷς
1074 1674 1198 1736 τοὺς
1255 1676 1451 1739 αἰῶνας
1481 1682 1586 1740 τῷν
1644 1676 1876 1735 αἰώνων.

1956 511 2123 578 muit,
2159 510 2258 589 qui
2286 508 2550 568 Iluiuiuis
2582 509 2772 568 instar
2799 510 3019 586 ingenti
3054 510 3278 587 mugitu
3311 508 3598 571 devolve-

1957 597 2149 671 batur,
2209 598 2281 658 ab
2334 616 2567 658 summo
2624 599 2848 658 vertice
2894 599 3125 678 lapides
3182 598 3341 659 velut
3399 616 3600 661 ceram

1959 688 2315 762 dissolvens,
2372 688 2685 767 ipsamque
2734 687 2945 748 urbem
2994 686 3411 750 Catanensium
3466 706 3603 748 cor-

1958 786 2240 856 repturus
2262 796 2329 838 ac
2354 779 2593 856 penitus
2623 777 3253 857 consumpturnsignis
3272 777 3599 838 videvatur.

1962 866 2076 939 Qui
2126 867 2303 945 igitur
2334 868 2491 928 circa
2541 877 2803 928 montem
2838 867 3203 942 habitabant,
3239 867 3351 927 etsi
3405 876 3608 927 essent

1962 956 2238 1036 gentiles,
2274 956 2347 1016 ad
2410 957 2696 1037 templum
2750 965 3019 1035 martyrts
3066 965 3457 1031 concurrunt,
3494 976 3605 1017 su-

1964 1045 2311 1126 blatumque
2344 1046 2569 1125 velum,
2608 1065 2726 1124 quo
2786 1046 3210 1108 circumcincta
3257 1057 3386 1108 erat
3433 1065 3606 1127 urna,

1966 1152 2035 1196 ex
2084 1136 2334 1195 adverso
2370 1136 2525 1213 ignis
2584 1135 2972 1197 constituunt.
3031 1138 3179 1197 Cum
3228 1155 3360 1197 esse
3409 1137 3609 1198 divina

1969 1225 2364 1305 providentia,
2400 1225 2595 1286 subito
2644 1243 2961 1304 repressus
2996 1234 3085 1285 est
3135 1225 3314 1303 ignis.
3349 1224 3611 1303 Contigit

1968 1332 2106 1374 vero
2142 1314 2283 1374 illud
2322 1314 2671 1374 miraculum
2706 1315 2914 1390 quinto
2962 1314 3297 1394 Februarii,
3337 1334 3452 1394 quo
3481 1315 3607 1395 ipso

1970 1404 2070 1464 die
2098 1414 2398 1465 certamen
2433 1404 2620 1464 finivit
2668 1404 2913 1481 Agatha,
2953 1423 3068 1483 quo
3101 1414 3158 1464 et
3189 1422 3298 1464 nos
3328 1404 3477 1464 festa
3505 1422 3610 1464 ce-

1964 1493 2237 1553 lebritate
2291 1495 2689 1572 praedicamus
2742 1494 3059 1555 Dominum
3094 1504 3361 1554 nostrum
3408 1496 3611 1554 Jesum

1963 1582 2293 1656 Christum,
2330 1595 2392 1643 ut
2421 1584 2609 1663 ipsius
2659 1594 2877 1644 sanctae
2912 1585 3188 1663 martyris
3216 1584 3488 1663 precibus
3519 1600 3615 1644 ve-

1963 1673 2120 1732 niam
2173 1673 2567 1752 impetremus
2603 1682 3011 1753 peccatorum,
3048 1692 3447 1753 magnamque
3492 1672 3610 1734 mi-

229 1755 432 1834 Ἀμήν.
1901 1778 1937 1827 Β
1960 1762 2378 1837 sericordiam,
2419 1783 2577 1824 nunc
2609 1773 2668 1825 et
2696 1781 2936 1842 semper
2966 1771 3025 1826 et
3074 1764 3134 1824 in
3165 1764 3386 1827 saecula
3416 1782 3611 1825 seacu-

1958 1851 2186 1916 lorum.
2214 1852 2432 1919 Amen.

230 2007 631 2095 resolverent,
675 2031 698 2067 α
734 2011 1125 2095 venirentque
1158 2029 1364 2073 versus
1413 2012 1709 2095 civitatem
1740 2014 2142 2077 Catanensum
2177 2037 2194 2090 ;
2228 2041 2254 2071 »
2307 2016 2352 2077 si
2386 2015 2448 2075 in
2499 2014 2629 2095 ipsa
2673 2013 2823 2076 urbe
2864 2014 2976 2076 sita
3007 2014 3080 2077 ad
3110 2014 3260 2076 imas
3291 2015 3486 2077 [Etuta
3511 2030 3615 2076 ra—

239 2087 431 2163 dices,
458 2090 652 2153 hiatus
683 2087 1215 2172 patefactus'ignes
1245 2093 1573 2155 eructabat.

600 2451 820 2576 DE
970 2454 1102 2584 S.
1254 2451 2258 2584 PARTHENIO
2410 2452 3255 2581 EPISCOPO

1369 2705 1742 2771 LAMPSACI
1797 2706 1871 2769 IN
1927 2706 2490 2801 HELLESPONTO.

828 2879 1052 2950 (Saeculo
1081 2894 1160 2949 tv,
1190 2881 1460 2940 Februarii
1490 2884 1571 2942 die
1598 2886 1651 2942 7.
1682 2918 1745 2931 -—-
1774 2887 1915 2943 Acta
1942 2892 2267 2945 sanctorum
2297 2885 2545 2943 Bolland.
2580 2886 2640 2943 ad
2670 2886 2807 2942 hanc
2838 2884 3026 2954 diem.)

328 3172 390 3226 4.
432 3189 458 3221 α
482 3163 933 3245 Hellespontus,
966 3189 993 3222 λυ
1029 3172 1092 3226 ut
1122 3164 1354 3227 Plinius
1383 3165 1424 3224 1.
1460 3183 1540 3239 iv,
1575 3185 1708 3250 cap.
1747 3167 2100 3242 ll,scribit,
2144 3188 2172 3228 ‹
2196 3177 2426 3248 septem
2461 3166 2673 3228 stadiis
2704 3166 3006 3245 Europam
3041 3161 3117 3225 ab
3150 3161 3291 3225 Asia
3321 3164 3621 3242 dividens,

245 3263 503 3337 quatuor
550 3258 706 3316 inter
733 3274 799 3315 se
847 3254 1180 3316 contrarias
1210 3257 1392 3318 urbes
1441 3256 1641 3332 habet,
1676 3257 1738 3318 in
1784 3259 2027 3338 Europa
2078 3257 2392 3337 Callipolin
2456 3254 2691 3327 Seston,
2728 3263 2787 3317 et
2829 3254 2892 3314 in
2947 3252 3091 3315 Asia
3123 3255 3508 3332 Lampsacum
3568 3267 3629 3322 et

244 3345 520 3426 Abydon.
564 3370 585 3402 η
623 3343 693 3405 Ει
722 3344 1081 3424 Lampsacus
1108 3346 1352 3424 quidem
1382 3345 1463 3425 (ta
1496 3348 1678 3422 enim,
1716 3367 1848 3428 quae
1881 3347 2075 3410 Plinio
2107 3346 2154 3410 Ι.
2179 3364 2239 3419 v,
2276 3367 2329 3408 c.
2364 3346 2462 3426 32,
2506 3347 2904 3425 Lampsacum
2932 3350 3045 3423 est,
3081 3343 3387 3425 appellant
3409 3343 3623 3420 Grazci,

243 3436 602 3498 Ptolemaeus
640 3433 747 3496 lib.
781 3452 837 3510 v,
872 3452 928 3495 ο.
983 3434 1044 3510 9,
1078 3432 1352 3496 Socrates
1384 3436 1425 3499 l.
1460 3453 1539 3512 ιν,
1571 3455 1622 3497 c.
1658 3438 1692 3498 4
1722 3456 1735 3497 :
1774 3436 2141 3516 Stephanus,
2176 3436 2387 3497 Strabo
2422 3436 2527 3496 lib.
2578 3444 2722 3507 xui).
2763 3459 2789 3489 α
2822 3433 3185 3512 Lampsacus
3217 3432 3418 3511 igitur,
3452 3442 3517 3495 ut
3546 3433 3629 3495 ait

245 3522 482 3600 Strabo,
518 3524 662 3584 mari
716 3522 1010 3595 imminet,
1048 3523 1190 3583 urbs
1222 3523 1485 3584 bonitate
1541 3536 1745 3604 portus
1777 3526 2025 3603 aliisque
2058 3525 2240 3586 rebus
2291 3524 2700 3584 memorabilis
2734 3543 2749 3583 :
2784 3521 3024 3600 Pityusa
3056 3522 3222 3601 prius
3267 3523 3422 3583 dicta
3452 3522 3532 3579 διὰ
3564 3526 3625 3579 τὸ

242 3615 448 3671 πιτύών
500 3613 654 3692 ἔχειν
686 3612 916 3685 πλῆθος,
948 3610 1144 3692 inquit
1188 3614 1548 3693 Stephanus,
1590 3638 1617 3669 α
1654 3614 1811 3694 quod
1847 3633 1877 3693 p

1962 3615 2101 3674 rima
2154 3613 2276 3675 illic
2308 3612 2507 3693 pinus.
2548 3636 2574 3666 ι)
2614 3612 2719 3671 Est
2766 3619 2964 3671 autem
2998 3610 3058 3669 in
3113 3618 3362 3688 angusto
3391 3610 3628 3673 Helles-

242 3702 415 3783 ponti
446 3702 657 3782 posita,
692 3725 713 3757 ι
753 3708 815 3762 ut
848 3698 1025 3762 habet
1056 3699 1358 3764 Socrates.

325 3792 384 3851 ‘2.
418 3790 590 3865 Eam,
626 3789 1015 3853 Constantino
1047 3792 1259 3867 Magno
1291 3792 1650 3873 imperante,
1681 3794 1995 3855 sanctitate
2028 3802 2084 3854 et
2118 3790 2422 3853 miraculis
2453 3789 2770 3852 illustravit
2800 3790 2865 3852 S.
2890 3788 3250 3851 Parthenius
3280 3786 3625 3870 episcopus:

241 3883 417 3961 cujus
446 3880 544 3942 die
580 3881 611 3940 7
657 3878 968 3941 Februarii
1001 3880 1211 3941 festum
1247 3884 1337 3959 agi
1371 3890 1734 3942 annotarunt
1765 3881 2031 3943 Molanus
2067 3887 2124 3943 in
2170 3882 2357 3943 addit.
2393 3879 2463 3940 ad
2497 3878 2861 3954 Usuarduui,
2896 3886 2954 3939 et
2983 3877 3292 3940 Ferrarius
3326 3877 3386 3939 in
3438 3897 3629 3957 gene-

237 3972 354 4034 rali
404 3969 667 4048 catalogo
701 3968 804 4032 SS.
864 3968 1134 4030 Breviter
1165 3970 1239 4030 de
1292 3989 1361 4031 eo
1393 3971 1794 4050 Menologium
1846 3972 1918 4032 ab
1950 3971 2207 4033 Henrico
2265 3968 2497 4033 Canisio
2530 3970 2827 4049 vulgatum
2863 3986 2880 4033 :
2946 3988 2975 4029 ‹
3007 3968 3509 4030 Commemoratio
3559 3968 3621 4031 S.

236 4058 549 4123 Parthenii
581 4057 850 4139 episcopi
897 4057 1232 4138 Lampsaci.
1269 4081 1296 4119 ›
1332 4060 1630 4121 Prolixius
1661 4061 1792 4139 ejus
1824 4061 2169 4123 encomiuni
2201 4067 2386 4122 exstat
2446 4058 2507 4119 in
2540 4058 2898 4138 Anthologio
2932 4065 2990 4118 et
3031 4056 3272 4118 Menaeis
3307 4077 3320 4119 :
3358 4067 3537 4138 atque
3565 4058 3630 4121 in

240 4150 339 4212 his
370 4148 612 4229 quidem
647 4148 728 4208 ita
775 4144 1054 4209 Ofﬁcium
1086 4148 1268 4227 hujus
1299 4147 1421 4209 diei
1453 4148 1778 4210 inchoatur
1810 4169 1821 4211 :
1878 4176 1903 4205 α
1940 4148 2315 4229 Hellesponti
2367 4148 2577 4227 gloria,
2614 4148 2920 4224 Lampsaci
2970 4144 3293 4219 luminare,
3326 4148 3632 4210 admiran-

243 4238 459 4300 dorum
495 4256 744 4317 operum
780 4236 1137 4317 splendibus
1193 4237 1430 4313 lucifer,
1466 4257 1713 4317 magnus
1766 4241 2145 4313 Parthenius,
2183 4257 2293 4300 nos
2338 4256 2549 4299 omnes
2578 4238 2671 4299 sui
2705 4237 2992 4300 memoria
3024 4248 3311 4298 convocat
3344 4237 3422 4299 ad
3452 4239 3632 4319 spiri-

243 4326 465 4389 tualem
500 4325 942 4387 solemnitatem
976 4326 1403 4406 peragendam,
1438 4327 1509 4387 ad
1543 4328 1841 4389 Christum
1878 4328 2236 4390 Salvatorem
2271 4327 2729 4389 celebrandum.
2770 4349 2792 4384 ι›

329 4416 390 4479 3.
440 4414 635 4478 Vitam
673 4424 869 4477 autem
926 4415 1245 4495 descripsit
1302 4416 1561 4496 simplici
1610 4426 1669 4477 et
1717 4418 1972 4479 candido
2023 4418 2171 4497 stylo
2221 4417 2569 4498 Ciyspinus,
2620 4417 2752 4495 ejus
2806 4419 2892 4489 (ut
2941 4414 3226 4496 creditur)
3266 4414 3630 4498 discipulus,

244 4508 689 4587 Lampsacenus
719 4514 884 4567 certe
917 4513 975 4565 et
1027 4512 1390 4584 coateneus,
1425 4513 1490 4565 ut
1520 4507 1647 4585 ipse
1688 4506 1913 4567 indicat
1942 4526 1997 4568 c.
2032 4507 2091 4579 ‘2,
2126 4527 2186 4569 n.
2244 4508 2341 4580 16,
2376 4506 2465 4566 his
2495 4504 2738 4567 verbis:
2802 4527 2824 4561 ι
2863 4505 3214 4566 Maximinus
3244 4505 3487 4586 quidam
3519 4528 3632 4570 no-

246 4596 434 4671 mine,
470 4614 541 4658 ex
569 4595 719 4675 Byza
754 4594 990 4656 civitate
1030 4596 1321 4670 Thraciw,
1358 4594 1458 4675 qui
1489 4605 1614 4656 erat
1655 4596 1989 4675 discipulus
2020 4595 2197 4656 unius
2231 4614 2300 4655 ex
2333 4594 2407 4654 iis
2463 4593 2564 4672 qui
2596 4601 2734 4654 sunt
2762 4595 2916 4673 apud
2954 4612 3061 4654 nos
3089 4594 3353 4671 diaconi,
3388 4598 3633 4660 nomine

240 4684 491 4749 Psertaa.
530 4708 555 4744 ι
613 4684 873 4763 Crispini
930 4684 1297 4745 narationem
1354 4684 1626 4764 pluribus
1656 4684 1717 4745 in
1772 4686 1920 4746 locis
1979 4685 2361 4764 interpolavit
2412 4683 2864 4763 Metaphrastes.
2897 4681 3064 4743 Hanc
3112 4681 3303 4746 Vitam
3339 4705 3370 4747 e
3427 4690 3635 4752 Graeco

238 4773 420 4837 vertit
451 4774 780 4838 Geutianus
812 4772 1126 4848 Hervetus,
1163 4774 1353 4835 edidit
1381 4774 1659 4853 Aloysius
1692 4775 2077 4854 Lipomanus,
2112 4782 2289 4854 atque
2322 4792 2393 4833 ex
2426 4792 2495 4834 eo
2532 4773 2883 4834 Laurentius
2919 4771 3152 4837 Surius.

324 4867 386 4927 4.
423 4864 678 4924 ίΕιδιθιη
714 4860 776 4923 S.
817 4862 1124 4924 Parthenii
1157 4862 1384 4923 indicat
1415 4861 1750 4943 Crispinus,
1773 4864 1914 4924 dum
1946 4871 2242 4925 memorat
2270 4863 2613 4942 Byzantium
2650 4862 2723 4923 ad
2751 4861 3160 4923 Constantium
3194 4864 3469 4942 Magnum
3503 4882 3637 4929 esse

240 4953 600 5035 profectum.
635 4950 709 5011 Et
738 4949 1117 5032 Nicephorus
1148 4951 1425 5014 Callistus
1478 4952 1522 5012 l.
1557 4969 1685 5028 VIII,
1721 4972 1775 5015 c.
1809 4953 1885 5015 42
1922 4973 1935 5009 :
1996 4978 2022 5008 α
2057 4952 2174 5014 Par
2202 4952 2358 5029 istis,
2397 4953 2588 5032 inquit
2621 4951 2704 5031 (id
2738 4960 2851 5031 est,
2886 4952 3214 5031 Spiridioni
3249 4964 3306 5013 et
3334 4952 3631 5037 Nicolao),

240 5044 420 5105 etiam
454 5040 807 5103 Parthenius
840 5039 975 5115 fuit,
1006 5039 1172 5102 urbis
1204 5040 1382 5101 unius
1411 5039 1472 5101 in
1523 5039 1914 5123 HelleSponto
1950 5042 2294 5122 episcopus,
2330 5044 2460 5102 vitae
2504 5040 2829 5122 splendore
2862 5041 3230 5101 humanitate
3261 5049 3318 5101 et
3349 5044 3637 5123 prodigiis

236 5129 589 5210 ingentibus
619 5132 845 5205 clarus,
878 5130 1028 5191 adeo
1077 5137 1143 5191 ut
1172 5140 1415 5212 accepta
1444 5149 1477 5191 a
1508 5133 1631 5194 Deo
1668 5139 1980 5212 potestate,
2018 5140 2287 5193 mortuos
2333 5130 2629 5207 excitarit,
2664 5129 3037 5192 daemonibus
3090 5129 3422 5209 imperarit,
3458 5143 3637 5214 atque

239 5218 665 5298 aegritudinum
699 5218 899 5281 omnis
929 5220 1173 5298 generis
1204 5228 1517 5301 promptus
1548 5229 1787 5284 curator
1814 5220 2116 5285 exstiterit
2153 5230 2209 5283 el
2234 5221 2549 5300 gratuitus.
2586 5245 2614 5277 ))
2650 5221 2786 5295 Agit
2812 5219 2887 5280 de
2918 5236 2992 5278 eo
3023 5218 3316 5280 Baronius
3348 5228 3489 5284 tom.
3523 5222 3629 5304 III,

242 5310 319 5373 ad
348 5328 450 5372 an.
488 5309 632 5389 337,
667 5327 834 5373 num.
866 5308 944 5373 38
977 5316 1033 5371 et
1065 5308 1483 5390 sequentibus,
1515 5320 1572 5373 et
1602 5318 1807 5374 censet
1838 5329 1973 5373 eum
2007 5330 2247 5393 quoque
2277 5309 2519 5374 Nicaeno
2552 5308 2811 5373 concilio
2848 5305 3211 5370 interfuisse.
