4060 6206
430 227 452 290 1
466 221 580 292 347

1720 217 2002 286 MENSIS
2039 213 2494 286 IANUARIUS.

3637 209 3796 278 1348

1546 513 1799 601 ΒΙοΣ
1874 515 2060 598 ΚΑΙ
2132 515 2673 602 ΠΟΛΙΤΕΙΑ

425 763 775 892 ΤΟΥ
830 760 1362 891 ΑΓΙΟΥ
1410 759 2120 890 ΠΑΤΡΟΣ
2173 762 2682 890 ΗΜΩΝ
2738 749 3789 891 ΠΑΡΘΕΝΙΟΥ

1471 1020 1625 1072 ΕΠΙΣ
1637 1021 1858 1072 ΚΟΠΟΥ
1901 1022 2306 1075 ΓΕΝΟΜΕΝΟΥ
2361 1021 2744 1074 ΛΔΜΨΑΚΟΥ

1215 1335 1550 1422 VITA
1651 1337 1810 1420 ET
1921 1334 2972 1425 CONVERSATIO

1958 1539 2020 1604 S.
2056 1538 2125 1602 P.
2156 1539 2227 1604 N.

680 1741 1628 1872 PARTHENII
1740 1744 2525 1876 EPISCOPI
2645 1737 3503 1872 LAMPSACI

862 1995 1060 2066 (Graece
1091 2011 1230 2051 nunc
1258 1995 1477 2065 primum
1517 1994 1684 2051 editur
1715 2011 1776 2051 ex
1815 1998 1928 2056 cod.
1957 2013 2032 2055 ms

2121 2000 2218 2071 leg.
2262 1999 2431 2056 Paris.
2469 1996 2632 2062 1452,
2663 2011 2781 2053 sec.
2812 2007 2873 2052 ι.
2908 1993 3074 2052 Eutr.
3104 1991 3304 2059 ΡΔτιι.)

481 2289 528 2352 Ι.
590 2288 903 2353 Desiderio
963 2296 1019 2350 et
1076 2306 1280 2353 amore
1349 2296 1546 2352 motus
1603 2309 1712 2369 ego
1762 2298 2032 2372 peccator

2203 2293 2293 2356 A'.
2333 2293 2484 2365 Πόθῳ
2535 2295 2628 2348 καί
2658 2292 2843 2368 ἀγάπῃ
2903 2288 3236 2363 κινούμενος,
3271 2284 3377 2362 ἐγὼ
3439 2286 3466 2340 ὃ
3512 2283 3772 2361 ἁμαρτω-

400 2378 750 2461 Crispinus,
811 2377 1016 2442 studui
1074 2379 1458 2442 conscribere
1514 2379 1931 2443 admirabilem
1986 2391 2044 2444 et

399 2468 715 2548 gloriosam
769 2468 878 2529 viri
930 2469 1102 2531 vitam
1155 2481 1215 2530 et
1273 2488 1307 2529 a
1362 2486 1546 2548 puero
1600 2469 2040 2532 institutionem

398 2561 585 2621 sancti
620 2558 810 2620 Patris
843 2558 1030 2618 nostri
1075 2557 1398 2630 Parthenii,
1437 2559 1536 2638 qui
1587 2557 1693 2619 fuit
1726 2559 2043 2640 episcopus

397 2645 732 2727 Lampsaci.
767 2645 867 2706 Est
897 2646 1056 2707 enim
1085 2647 1259 2726 plena
1291 2647 1542 2707 utilitate
1570 2647 1805 2720 animae,
1833 2660 1892 2711 et
1913 2670 2045 2731 quae

396 2745 595 2818 potest
622 2736 696 2796 iis
728 2736 829 2815 qui
865 2736 1083 2812 legent,
1118 2736 1440 2797 ostendere
1465 2754 1532 2796 ea
1553 2755 1683 2816 qua:
1712 2737 1868 2801 Deus
1893 2760 2043 2819 prae-

399 2825 504 2888 bet
528 2826 601 2886 iis
632 2825 731 2906 qui
755 2825 951 2905 ipsum
985 2823 1257 2903 diligunt.
1289 2825 1504 2886 Beatus
1536 2843 1675 2905 ergo
1707 2835 1763 2886 et
1794 2829 2045 2910 inclytus

395 2915 494 2976 hic
545 2913 904 2976 Parthenius
959 2913 1166 2974 habuit
1215 2913 1456 2994 quidem
1518 2925 1744 2993 patrem
1800 2921 2044 2980 nomine

392 3004 862 3077 Christodulum,
925 3002 1214 3080 dignitate
1273 3003 1588 3064 diaconum
1650 3014 1871 3067 sanctae
1931 3009 2037 3070 Dei

393 3092 728 3168 catholicae,
763 3109 894 3171 quae
948 3101 1074 3152 erat
1120 3090 1326 3164 Meliti,
1363 3090 1668 3165 Ecclesiae,
1705 3094 2033 3158 litterarum

391 3181 730 3261 imperitus,
784 3188 1119 3241 sanctarum
1174 3189 1374 3241 autem
1442 3179 1883 3260 Scripturarum
1947 3187 2036 3247 vel

391 3271 655 3332 maxime
705 3269 909 3330 valens
941 3270 1249 3329 memoria.
1304 3268 1595 3330 Crescens
1644 3289 1780 3333 vero
1838 3281 2031 3350 aetate,

388 3359 513 3420 ibat
554 3359 614 3419 in
649 3360 1044 3440 propinquum
1109 3357 1330 3437 lacum,
1365 3367 1421 3418 et
1452 3358 1533 3419 ibi
1584 3359 1945 3445 piscabatur,
1981 3375 2039 3428 et

389 3449 644 3531 piscium
698 3456 1097 3510 mercaturam
1157 3447 1572 3527 suppeditabat
1629 3453 1763 3511 usui
1829 3471 2033 3516 eorum

390 3539 494 3620 qui
526 3539 800 3618 egebant.
835 3540 881 3600 A
919 3539 1111 3618 prima
1158 3538 1317 3598 enim
1351 3546 1543 3612 aetate,
1580 3541 1764 3618 gratia
1804 3544 1912 3606 Dei
1944 3546 2033 3605 di-

2127 2382 2217 2447 λὸς
2268 2383 2566 2462 Κρισπῖνος
2621 2380 2851 2437 ἔσπευσα
2921 2378 3119 2457 γράψαι
3174 2381 3270 2450 τῇν
3343 2372 3640 2447 θαυμασίαν
3685 2373 3778 2425 καὶ

2127 2475 2333 2541 ’ἔνδοξον
2390 2474 2662 2532 πολιτείαν
2703 2474 2791 2530 καὶ
2859 2474 2960 2546 τὴν
3015 2471 3076 2525 ἐκ
3127 2466 3314 2527 παιδὸς
3360 2464 3634 2543 διαγωγὴν
3682 2466 3779 2519 τοῦ

2127 2567 2269 2622 ὁσίου
2316 2567 2520 2642 Πατρὸς
2555 2565 2704 2637 ἡμῶν
2763 2562 2856 2618 καὶ
2887 2561 3184 2618 ἐπισκόπου
3216 2555 3502 2636 γενομένου
3567 2557 3775 2630 [1190c-

2129 2655 2260 2716 νίου,
2312 2653 2561 2734 Ψυχικῆς
2619 2653 2716 2732 γὰρ
2747 2649 3010 2731 ὠφελειας
3064 2646 3278 2725 πλήρης
3311 2646 3448 2701 ἐστὶν
3504 2646 3592 2700 καὶ
3617 2643 3779 2708 ἱκανή

2129 2758 2244 2809 τοῖς
2299 2743 2712 2822 ἔντυγχάνουσιν
2757 2737 3028 2804 ὑποδεῖξαι
3104 2737 3136 2792 ἃ
3182 2737 3310 2798 Θεὸς
3355 2734 3583 2813 παρέχει
3656 2747 3778 2795 τοῖς

2129 2834 2408 2908 ἀγαπῶσιν
2453 2834 2630 2892 αὐτόν.
2691 2822 2749 2888 Ὀ
2825 2829 3086 2906 μακάριος
3158 2830 3246 2882 καὶ
3317 2822 3558 2896 ἀοίδιμος
3616 2823 3776 2883 αὖτος

2133 2921 2410 2999 Παρθένιος
2467 2922 2664 3000 πατρὸς
2726 2921 2825 2995 μὲν
2887 2920 3134 2996 ὑπῆρχεν
3172 2914 3394 2989 ὀνόματι
3451 2909 3774 2984 Χριστοδοῦ-

2126 3012 2243 3082 λου,
2292 3012 2389 3078 τὴν
2445 3010 2589 3076 ἀξίαν
2650 3010 2893 3066 διακόνου
2954 3011 3050 3075 τῆς
3104 3006 3241 3061 κατὰ
3289 3004 3514 3058 Μελίτου
3558 3000 3771 3061 πόλεως

2121 3104 2298 3181 ἁγίας,
2332 3104 2422 3158 τοῦ
2453 3108 2585 3158 Θεοῦ
2644 3099 2933 3164 Ααθολικῆς
2974 3098 3062 3152 καὶ
3121 3092 3487 3158 ἄποπτο).ικῆς
3523 3092 3767 3155 Ἐκκλη-

2120 3193 2262 3272 σίας,
2324 3192 2656 3270 γραμμάτων
2711 3190 2947 3264 ἄπειρος,
3011 3192 3116 3242 τῶν
3175 3183 3229 3239 δὲ
3301 3183 3464 3258 ἁγίων
3543 3184 3765 3257 Γραφῶν

2121 3269 2350 3358 μνήμων
2394 3281 2778 3355 δοκιμώτατος,
2825 3275 3150 3356 Προκόπτων
3181 3271 3236 3329 δὲ
3266 3279 3334 3344 τῇ
3366 3269 3548 3339 ἡλικία
3593 3269 3766 3325 ἀπιὼν

2121 3370 2175 3426 ἐν
2201 3377 2268 3448 τῇ
2318 3371 2544 3438 πλησίον
2575 3371 2738 3446 λίμνῃ
2798 3370 2894 3434 τὴν
2925 3372 3031 3421 τῶν
3085 3364 3286 3443 ἰχθύων
3318 3360 3481 3438 ἄγραν
3527 3359 3769 3414 ἐποιεῖτο

2120 3463 2206 3516 καὶ
2266 3465 2426 3528 αὒνῆς
2477 3461 2574 3526 τὴν
2610 3458 2866 3537 ἐμπορίαν
2911 3462 2978 3531 τῇ
3029 3455 3132 3510 τῶν
3186 3450 3451 3526 δεομένων
3509 3447 3767 3528 ἐχορὴγει

2121 3549 2435 3613 ἂναπαύσει,
2485 3550 2622 3606 Ἀπὸ
2675 3551 2773 3626 γὰρ
2823 3545 3039 3623 πρώτης
3098 3541 3310 3611 ἡλικίας
3361 3540 3583 3618 χάριτος
3638 3543 3771 3592 Θεοῦ

387 3637 623 3711 gnatus,
659 3629 920 3709 seipsum
943 3628 1193 3691 celabat.
1228 3627 1275 3690 Α
1297 3636 1571 3718 tempore
1595 3641 1791 3692 autem
1822 3632 2032 3695 decem

2121 3639 2364 3704 ἀξιωθεῗς
2397 3639 2646 3718 ἔκρυπτεν
2692 3625 2912 3692 ἔαυτόν
2948 3633 3054 3690 ἀπὸ
3092 3631 3146 3687 δὲ
3203 3625 3563 3687 ὀκτωκαίδεκα
3620 3625 3767 3687 ἔτους

385 3729 446 3782 et
476 3727 609 3781 octo
641 3736 958 3794 annorum,
995 3719 1164 3796 signa
1196 3719 1394 3779 facere
1443 3717 1764 3800 incipiens,
1800 3721 2032 3784 daemo-

2121 3729 2315 3808 χρόνου
2372 3714 2479 3784 τῶν
2535 3727 2772 3802 σημείων
2825 3723 3112 3802 ὁιρξάμεος⁹
3163 3718 3412 3795 δαίμονος
3472 3714 3767 3772 ἀπέλαυνεν

385 3827 495 3870 nes
545 3805 880 3888 expellebat
926 3805 1000 3867 ab
1051 3806 1398 3868 hominibus
1443 3809 1573 3887 ejus
1627 3809 2027 3873 invocatione.

385 3897 531 3962 Cum
563 3915 702 3958 vero
731 3896 888 3958 bona
919 3896 993 3958 de
1027 3914 1096 3957 eo
1157 3896 1312 3957 fama
1343 3905 1502 3958 esset
1535 3897 1863 3960 multorum
1899 3919 2029 3962 ser-

386 4006 565 4051 mone
596 3985 1108 4060 celebrata,Meliti
1141 3986 1390 4048 civitatis
1421 3987 1758 4066 episcopus,
1786 3991 2032 4052 nomine

373 4077 668 4157 Philetus,
708 4095 840 4138 cum
874 4075 1141 4137 audisset
1171 4075 1245 4138 de
1271 4079 1332 4139 S.
1381 4075 1723 4147 Parthenio,
1761 4097 1896 4140 eum
1929 4099 2033 4142 ac-

377 4168 655 4229 cersitem
707 4173 766 4226 et
796 4165 1050 4226 multum
1087 4165 1413 4245 laudatum,
1448 4167 1536 4227 vel
1586 4165 1831 4228 invitum
1863 4169 2031 4230 ordi-

378 4267 483 4319 nat
533 4255 942 4338 presbyterum
995 4263 1055 4317 et
1106 4255 1468 4318 visitatorem
1517 4265 1734 4318 sanctm
1783 4259 2033 4321 civitatis

379 4345 567 4408 Meliti
620 4345 926 4408 Ecclesiae.
961 4346 1147 4406 Porro
1203 4353 1404 4405 autem
1459 4345 1514 4406 ei
1565 4366 1802 4428 quoque
1856 4367 2028 4429 opem

379 4436 614 4498 ferebat
643 4434 827 4513 gratia
861 4435 1237 4495 curationum
1274 4436 1332 4494 in
1367 4434 1645 4497 omnibus
1691 4441 2033 4513 aegrotanti-

378 4524 514 4600 bus,
553 4536 613 4585 et
664 4522 924 4583 faciebat
957 4522 1142 4584 multa
1194 4523 1362 4603 signa
1405 4524 1783 4587 admirabilia
1814 4527 1873 4588 in
1931 4547 2032 4590 no-

378 4615 544 4676 mine
574 4611 814 4675 Domini
843 4613 1030 4674 nostri
1061 4615 1196 4674 Jesu
1231 4612 1478 4674 Christi.

449 4794 681 4854 II.Inter
704 4801 901 4851 caetera
927 4806 1063 4850 vero
1087 4793 1290 4850 accidit
1315 4793 1649 4866 aliquando,
1673 4803 1734 4852 ut
1767 4797 1814 4854 ei
1853 4798 2024 4854 homo

377 4881 551 4945 ﬁeret
590 4877 850 4950 obviam,
883 4876 976 4938 cui
1019 4895 1052 4937 a
1085 4884 1252 4939 tauro
1296 4877 1494 4940 fuerat
1525 4879 1777 4942 effossus
1809 4880 2021 4956 oculis,

379 4989 558 5053 quem
585 4987 764 5030 manu
790 4986 894 5028 sua
921 4965 1282 5046 portabat,et
1307 4967 1564 5029 deﬂebat
1594 4969 1740 5030 Eum
1766 4989 1899 5031 cum
1932 4989 2028 5031 ac-

380 5060 642 5142 cepisset
687 5057 776 5119 vir
819 5064 1082 5131 sanctus,
1115 5065 1175 5117 et
1204 5057 1262 5117 in
1297 5075 1402 5118 suo
1453 5059 1583 5120 loco
1618 5059 2029 5139 imposuisset,

381 5169 527 5226 aqua
552 5152 962 5220 madetaciens,
995 5151 1050 5206 in
1077 5150 1256 5206 tribus
1289 5150 1493 5208 diebus
1525 5165 1731 5207 sanum
1763 5152 2027 5216 reddidit,

382 5239 667 5312 Quaedam
703 5247 900 5298 autem
937 5235 1315 5316 mulierque:
1343 5236 1403 5298 in
1436 5235 1732 5315 pudendis
1763 5237 2032 5317 corporis

383 5334 473 5396 sui
499 5333 766 5412 partibus
793 5347 1073 5392 cancrum
1112 5329 1369 5391 habebat
1394 5337 1750 5406 exstantem,
1785 5329 2033 5408 rogabat

381 5430 568 5487 virum
591 5434 946 5490 sanctum,ut
969 5424 1246 5497 acciperet
1272 5424 1459 5480 morbi
1485 5425 2020 5484 curationem.Sen-

451 5546 532 5616 (t)
580 5543 643 5600 In
678 5540 1159 5616 antiqua_not_itta
1194 5553 1366 5616 quam
1424 5538 1600 5597 edidit
1631 5538 1869 5616 Carolus
1895 5558 1926 5598 a
1958 5541 2016 5598 S-

2117 3803 2224 3874 {ab
2283 3823 2388 3874 τῶν
2451 3815 2742 3894 ἀνθρώπων
2814 3819 2882 3890 τῇ
2939 3813 3128 3871 τούτου
3215 3805 3496 3884 ὀνομασία⁶
3561 3803 3767 3870 πολλῆς

2116 3926 2174 3963 τε
2214 3907 2400 3984 φήμης
2447 3892 2650 3984 ἀγαθῆς
2683 3905 2801 3979 περὶ
2857 3906 3013 3960 αὒτοῠ
3044 3898 3334 3978 ᾲδομᾶνης,
3370 3899 3397 3952 ὃ
3440 3894 3542 3962 τῆς
3601 3892 3770 3984 Μελί-

2117 4018 2210 4054 του
2231 3983 2451 4060 πόλεως
2501 3994 2588 4074 (Ι)
2643 3993 2932 4056 ὁσιώτατος
2965 3991 3254 4052 ἐπίσκοπος
3300 3983 3539 4060 ταῦνομα
3583 3983 3765 4048 Φιλη-

2118 4088 2208 4150 τὸς
2270 4086 2496 4151 ἀκούσας
2527 4086 2593 4141 τὰ
2649 4083 2786 4139 κατὰ
2841 4084 2935 4138 τὸν
2979 4079 3124 4136 ὅσιον
3186 4076 3490 4154 Παρθένιον,
3525 4095 3764 4151 προσκα-

2117 4173 2408 4251 λεσάμενος
2454 4175 2610 4231 αυτὸν
2639 4174 2728 4228 καὶ
2787 4170 2961 4228 πολλὰ
2991 4167 3336 4247 παραινέσας,
3372 4164 3506 4241 μετᾶ
3559 4161 3763 4228 πολλῆς

2118 4265 2356 4344 ἀνάγκης
2423 4275 2728 4343 χειροτονεῖ
2788 4261 2945 4317 αὑτὸν
3016 4255 3362 4338 πρεσϐύτερον
3433 4253 3520 4309 καὶ
3575 4272 3764 4329 περιο-

2119 4340 2307 4422 δνυτνὴν
2380 4340 2476 4419 της
2522 4340 2702 4418 ήαῦτῆς
2759 4348 2985 4406 Μελίτου
3043 4345 3251 4409 πόλεως
3311 4343 3464 4422 ἁγίας
3523 4340 3764 4406 Ἐκκλη-

2120 4443 2261 4506 σίας,
2324 4442 2583 4518 Συνήργει
2625 4438 2680 4495 δὲ
2752 4439 2894 4512 αὐτῷ
2934 4439 2970 4505 ἡ
3029 4435 3190 4516 χάρις
3251 4437 3356 4489 τῶν
3407 4431 3648 4506 ἰαμάτων
3707 4429 3762 4485 ἐν

2117 4538 2246 4587 πᾶσι
2306 4543 2426 4595 τοῖς
2481 4532 2810 4605 ἀσθενοῦσιν,
2869 4528 2959 4583 καὶ
3000 4524 3176 4582 πολλὰ
3233 4518 3499 4597 παράδοξα
3554 4535 3760 4594 σημεῖα

2116 4619 2283 4677 ἐποίει
2337 4620 2423 4676 ἐπὶ
2455 4621 2531 4694 τῷ
2575 4619 2795 4694 ὀνόματι
2858 4624 2948 4674 τοῦ
2988 4613 3173 4691 Κυρίου
3214 4615 3369 4686 ἡμῶν
3399 4609 3582 4677 Ἰησοῦ
3624 4616 3755 4686 Χρι-

2107 4719 2253 4768 στοῦ.

2188 4787 2266 4859 Β’.
2321 4799 2409 4856 Ἐν
2443 4799 2531 4860 οἷς
2593 4793 2785 4863 συνέϐη
2841 4793 2971 4852 ποτὶ
3018 4792 3318 4859 ὑπαντῆσαι
3347 4790 3491 4859 αὖτῷ
3550 4787 3755 4865 ἄνθρω-

2111 4911 2208 4945 πον
2279 4889 2382 4945 ὑπὸ
2455 4888 2645 4966 ταύρου
2713 4887 3084 4962 κερατισθεντα
3153 4883 3245 4938 τὸν
3315 4876 3607 4958 ὀφθαλμὸν³
3667 4879 3755 4932 καὶ

2112 4987 2297 5037 τοῦτον
2352 4977 2798 5054 ἆωοκρεμάμενον
2843 4974 3123 5050 βαστάζειν
3176 4971 3228 5027 ἒν
3289 4974 3354 5045 τῇ
3401 4969 3542 5047 χειρὶ
3601 4969 3758 5024 αὐτοῦ

2116 5070 2196 5125 κοὶ
2253 5067 2611 5144 ὀλορύρεσθσιι⁸
2647 5065 2707 5122 ὃν
2764 5061 3056 5138 λαϐόμενος
3110 5060 3310 5124 homo;
3361 5057 3494 5134 ἀνῆρ
3523 5057 3611 5112 καὶ
3666 5056 3756 5111 ἒν-

2113 5160 2218 5221 θεὶς
2278 5160 2353 5215 νῶ
2420 5154 2534 5230 ἰδίῳ
2590 5157 2762 5234 τόπῳ²
2794 5151 2941 5209 ὕδατι
2985 5147 3337 5230 καταϐρέχων
3392 5147 3556 5224 τρισὶν
3610 5146 3756 5222 ἦμέ-

2117 5269 2230 5326 ραις
2289 5249 2415 5324 ὑγιῆ
2480 5244 2941 5311 ἀποκατέστησεν,
3015 5241 3154 5306 Γυνὴ
3226 5237 3280 5294 δέ
3350 5257 3430 5301 τις
3503 5236 3619 5314 περὶ
3693 5238 3757 5291 τὰ

2118 5324 2405 5415 ἆσχήμονα
2452 5332 2594 5408 μέλη
2638 5335 2731 5388 τοῦ
2761 5331 3007 5407 σώματος
3052 5328 3252 5408 ἔχουσα
3305 5325 3554 5403 καρκίνου
3583 5324 3754 5401 φύμα,

2105 5411 2278 5482 ἕδὲετο
2338 5433 2431 5483 τοῦ
2467 5424 2611 5479 ὁσίου
2643 5419 2823 5496 ἀνδρὸς
2857 5417 3002 5476 ἴασιν
3060 5424 3152 5474 τοῦ
3182 5417 3377 5479 πάθους
3429 5411 3641 5476 λαϐεῖν,
3691 5415 3755 5471 '0

2103 5563 2278 5621 quam
2303 5549 2404 5607 «in
2435 5556 2640 5619 stagno
2663 5547 2892 5621 {trtynia
2915 5542 3058 5621 oriri
3077 5541 3749 5621 Rhyndacumomnem-

381 5609 593 5690 Paulo,
619 5609 1011 5676 Μιλιτοῦπολις
1047 5609 1284 5674 dicitur.
1321 5609 1399 5673 Ea
1433 5630 1564 5674 esse
1593 5611 1828 5674 videtur
1849 5613 2018 5694 juna

2121 5609 2328 5680 L5|inlus
2359 5609 2559 5679 scribit
2579 5633 2631 5687 ν,
2665 5609 2925 5685 32,Ἰὶοοι
2946 5609 3280 5687 Πίισιορόιίοι
3309 5613 3580 5685 appellet.
