4060 6206
284 283 436 354 1349

1564 281 1750 353 VITA
1795 288 1855 351 s.
1914 286 2364 351 PARTHENII.

3497 287 3519 350 1
3532 285 3649 353 350

275 421 331 480 δὲ
374 424 461 480 επὶ
504 426 581 498 τῷ
630 421 865 498 μετώπῳ
911 428 1074 491 αὖτῆς
1118 425 1351 495 ποιήσας
1409 424 1508 490 τὴν
1556 423 1650 480 τοῦ
1693 426 1920 500 Χριστοῦ

2011 426 2136 482 ctus
2158 434 2298 480 vero
2320 417 2380 478 in
2406 416 2536 498 ejus
2559 415 2757 478 fronte
2778 415 2931 478 facto
2951 416 3122 494 signo
3154 415 3517 489 criicis,eam
3545 434 3647 479 cu-

275 510 569 592 σφραγῐδα,
627 512 817 569 ἰάσατο
888 514 1051 580 αὐτὴν
1111 512 1473 592 παραχρῆμα,
1532 513 1622 568 καὶ
1678 509 1922 577 ἐξέπεσεν

277 600 330 670 ἰξ
376 600 540 669 αὐτῆς
577 602 640 659 τὸ
683 603 850 665 παθος
911 604 985 666 ὡς
1031 599 1182 666 εῒδος
1229 603 1498 679 καρκίνου,
1558 601 1647 658 καὶ
1696 598 1921 680 ἤρκεσεν

277 691 365 749 ἰπὶ
407 691 507 760 τὴν
565 696 694 769 γῆν.
742 689 1032 756 Πάντεςδὲ
1094 692 1141 748 οἱ
1198 692 1457 770 παρόντες
1510 690 1827 766 θεασάμενοι
1855 690 1918 745 τὸ

275 782 556 860 τεράστιον
611 784 809 857 θαῦμα,
868 778 1070 837 ἔδωκαν
1128 781 1287 838 αἶνον
1354 781 1433 855 τῷ
1502 784 1917 855 θαυμαστοποιῷ

277 878 417 945 Θεῳ.
513 869 923 950 Ἀπερχομένου
987 893 1081 928 του
1166 875 1427 948 μακαρίου
1501 871 1574 932 είς
1642 870 1916 946 ἐπίσκεψιν

275 981 421 1022 τινος
480 958 751 1038 ἆῤῥώστου
803 960 858 1016 ἑν
920 968 998 1036 τῷ
1054 958 1283 1036 βαδίζειν
1327 960 1487 1017 αὐτὸν
1531 958 1722 1038 ἀθρόον
1777 960 1918 1017 κύων

273 1049 631 1127 παμμεγέθης
678 1052 767 1108 καὶ
817 1049 1000 1130 φόνιος
1055 1047 1336 1128 διαῤῥήξας
1394 1050 1495 1116 τὴν
1538 1049 1919 1128 περικειμένην

276 1142 423 1213 αὖτῷ
467 1136 650 1196 ἅλυσιν
710 1137 1040 1208 ἐξεπήδησεν
1083 1136 1191 1195 ἀπὸ
1236 1139 1405 1202 οἰκίας
1459 1139 1601 1204 τινὸς
1652 1138 1758 1195 τῶν
1814 1159 1920 1214 με-

278 1228 545 1307 γιστάνων
599 1230 687 1286 καὶ
740 1228 976 1298 ἀπῆλθεν
1021 1229 1187 1309 αὑτῷ,
1232 1229 1323 1285 καὶ
1366 1228 1537 1306 ὄρθιος
1571 1228 1656 1285 ἐπὶ
1684 1229 1780 1284 τοῦ
1809 1229 1922 1284 σώ-

278 1339 448 1394 ματος
493 1322 654 1378 αὐτοῦ
697 1316 852 1385 ἔστη.
904 1309 961 1376 Ὀ
1010 1316 1064 1373 δὲ
1110 1317 1255 1381 ὅσιος
1311 1317 1623 1395 ἐμφυσήσας
1668 1318 1924 1392 αὐτῷκαὶ

276 1408 371 1464 τὸν
425 1410 650 1489 σταυρὸν
710 1414 803 1465 τοῦ
867 1414 1094 1485 Χριστοῦ
1135 1407 1527 1483 ποιησάμενος,
1589 1407 1926 1487 παραχρῆμα

276 1494 526 1575 ὶξήρανεν
573 1496 671 1554 καί
702 1499 885 1578 νεκρὸν
916 1497 1023 1555 ἀπὸ
1055 1502 1161 1553 τῶν
1192 1495 1358 1572 ὤμων
1387 1498 1546 1554 αὐτοῦ
1577 1494 1663 1553 ἐπὶ
1694 1497 1794 1564 τὴν
1822 1502 1925 1574 γῆν

275 1584 506 1662 regis“.

355 1668 438 1738 Γ’.
488 1683 664 1735 Ταῦτα
705 1678 794 1733 καὶ
826 1674 892 1732 τὰ
920 1674 1131 1738 τούτοις
1177 1675 1529 1756 παραπλήσια
1587 1675 1837 1745 ἆκηκοὼς
1895 1677 1923 1732 6

2003 510 2153 571 ravit
2185 507 2456 589 protinus
2493 529 2507 567 :
2544 514 2606 568 et
2635 505 2860 570 excidit
2888 506 2963 568 ab
2991 524 3061 567 ea
3093 503 3365 580 morbus,
3397 505 3548 567 adeo
3580 516 3649 567 ut

2001 599 2240 678 species
2272 597 2475 660 cancri
2529 596 2621 659 vel
2672 597 2860 677 ipsam
2919 604 3137 656 terram
3182 593 3643 658 exulceraverit.

2000 689 2174 751 Tunc
2199 704 2412 749 omnes
2433 687 2536 765 qui
2559 686 2982 761 aderant,cum
3016 684 3132 746 hoc
3162 683 3450 746 vidissent
3471 682 3649 746 mira-

2001 776 2535 848 culum,dederunt
2552 774 2789 838 laudem
2811 783 2870 835 et
2890 775 3139 855 gloriam
3160 773 3283 835 Deo
3306 772 3650 851 nostro,qui

2000 864 2142 927 facit
2164 865 2476 930 miracula.
2509 865 2656 927 Cum
2708 867 2909 946 itaque
2938 864 3051 925 iret
3080 862 3403 943 aliquando
3434 862 3649 925 beatus

2000 953 2358 1017 Parthenius
2379 956 2450 1017 ad
2476 953 2786 1016 visendum
2821 953 3142 1036 quemdam
3174 953 3650 1033 aegrotum,inter

2004 1044 2271 1106 eundum
2321 1053 2574 1126 repente
2623 1044 2791 1106 canis
2842 1043 3100 1123 ingentis
3126 1043 3566 1124 magnitudinis
3591 1050 3650 1104 et

2007 1133 2230 1195 caedem
2254 1134 2698 1215 spirans,rupta
2721 1140 3092 1215 catena,qum
3115 1131 3173 1195 ei
3193 1131 3383 1194 fuerat
3405 1131 3650 1212 imposi-

2007 1229 2085 1297 ta,
2120 1224 2341 1285 exsiliit
2380 1243 2414 1285 a
2455 1223 2710 1304 quadam
2740 1223 2919 1287 domo
2944 1221 3261 1302 cujusdam
3284 1240 3355 1284 ex
3377 1225 3647 1303 proceri-

2007 1309 2138 1387 bus,
2166 1322 2224 1374 et
2253 1332 2388 1376 eum
2421 1312 2664 1390 invasit,
2700 1320 2760 1374 et
2788 1320 2991 1374 rectus
3025 1311 3189 1374 stetit
3220 1328 3403 1390 supra
3431 1329 3653 1393 corpus

2007 1403 2421 1482 ejus.Sanctus
2451 1412 2649 1464 autem
2683 1420 2816 1465 cum
2855 1402 2919 1463 in
2951 1420 3086 1463 eum
3120 1401 3496 1481 spirasset,et
3517 1420 3649 1464 cru-

2008 1509 2138 1553 cem
2173 1491 2398 1555 Christi
2433 1492 2698 1568 fecisset,
2732 1500 2985 1573 repente
3010 1489 3421 1567 exsiccavit,et
3447 1490 3521 1554 ab
3547 1491 3651 1554 hu-

2008 1582 2189 1643 meris
2223 1582 2348 1644 suis
2378 1582 2439 1643 in
2463 1590 2684 1644 terram
2709 1581 2968 1663 projecit
2991 1589 3324 1644 mortuum.

2087 1671 2186 1735 Ill.
2220 1669 2359 1733 Haec
2394 1679 2449 1734 et
2481 1672 2576 1733 his
2605 1671 2832 1733 similia
2861 1689 2995 1733 cum
3033 1669 3494 1753 audivisset,qui
3524 1681 3652 1735 erat

270 1763 396 1823 κατ’
450 1768 662 1822 ἒκετνον
718 1767 810 1821 τὸν
879 1766 1064 1844 καιρὸν
1122 1766 1418 1831 ὁσιώτατος
1477 1765 1766 1831 ἐπίσκοπος
1826 1770 1922 1834 τῆς

2011 1760 2107 1821 illo
2140 1771 2417 1843 tempore
2447 1760 2864 1824 sanctissimus
2895 1758 3316 1840 Cyzicenorum
3340 1770 3648 1843 metropo-

271 1861 576 1913 Κυσικινῶν
642 1853 1054 1932 μητροπόλεως,
1100 1852 1332 1931 τοῦνομα
1381 1855 1698 1936 Ἀσχὸλιος,
1749 1876 1922 1931 μετα-

2011 1849 2076 1911 Iis
2106 1850 2445 1931 episcopus,
2484 1851 2731 1912 nomine
2786 1849 3136 1925 Ascbolius,
3193 1869 3327 1912 cum
3381 1852 3646 1913 accersi-

269 1944 619 2021 στειλάμενος
678 1946 768 2001 τὸν
810 1942 956 2001 ὅσιον
1000 1953 1186 2003 τοῦτον
1248 1945 1558 2025 Παρθένιον,
1615 1947 1689 2008 εἷς
1720 1948 1780 2003 τὸ
1824 1951 1922 2014 τῆς

2011 1941 2191 2003 visset
2216 1940 2627 2003 venerandum
2660 1950 2721 2001 et
2772 1947 3045 2001 sanctum
3077 1939 3240 2000 hunc
3272 1939 3464 2002 virum
3497 1944 3649 2004 Par-

272 2034 578 2102 ἒπισκοπῆς
639 2030 847 2109 ἀξίωμα
904 2037 1341 2114 προεχειρίσατο,
1378 2035 1466 2091 καὶ
1499 2034 1754 2114 μέγιστον
1813 2033 1922 2092 δῶ-

2011 2030 2305 2105 thenium,
2338 2049 2477 2092 eum
2514 2028 2784 2111 praefecit
2836 2027 3126 2108 dignitate
3157 2028 3557 2110 episcopatus,
3592 2038 3653 2092 et

275 2144 368 2202 ρον
398 2129 467 2201 τῇ
503 2128 876 2199 Λαμψακινῶν
934 2121 1088 2180 πόλει
1128 2123 1419 2203 ἐχαρίσατο
1454 2143 1469 2159 ⁸
1504 2126 1532 2180 6
1563 2122 1618 2179 δὲ
1650 2122 1922 2203 ἄνθρωπος

2011 2120 2336 2182 maximum
2369 2119 2671 2183 concessit
2693 2118 2920 2180 donum
2952 2118 3176 2180 civitati
3201 2117 3342 2181 Lam
3354 2138 3650 2200 psaceno-

274 2222 370 2273 τοῦ
436 2220 567 2271 Θεοῦ
638 2212 921 2292 Παρθένιος
980 2212 1199 2275 ἐπιστὰς
1256 2218 1324 2288 τῇ
1380 2213 1726 2291 ἀφιερωθείσῃ
1782 2215 1922 2288 αὒτῷ

2011 2226 2166 2270 rum.
2199 2208 2392 2271 Homo
2418 2218 2616 2272 autem
2650 2208 2761 2270 Dei
2792 2206 3174 2281 Parthenius,
3224 2228 3358 2271 cum
3394 2211 3653 2273 venisset

276 2302 430 2360 πόλει
506 2302 814 2378 Λαμψάκῳ,
904 2302 1001 2359 καί
1089 2303 1252 2378 εὑρὼν
1348 2305 1504 2359 αὒτον
1576 2303 1921 2381 κατείδωλον,

2011 2298 2081 2360 ad
2112 2298 2164 2360 ei
2220 2299 2555 2362 dedicatam
2612 2298 2910 2360 civitatem
2972 2297 3385 2377 Lampsacum,
3422 2309 3481 2362 et
3511 2319 3645 2363 eam

275 2392 463 2459 ἠνιᾶτο
522 2390 706 2456 δεινῶς
749 2408 765 2423 ⁶
826 2390 969 2459 πλὴν
993 2393 1052 2449 οῦ
1081 2389 1317 2448 διέλιπεν
1346 2393 1486 2449 κατὰ
1530 2394 1623 2450 τὸν
1653 2392 1922 2452 Ἀπόστο-

2011 2388 2338 2451 invenisset
2362 2388 2627 2451 deditam
2662 2387 2847 2450 cultui
2876 2388 3359 2463 simulacrorum,
3392 2392 3650 2467 graviter

275 2480 371 2539 λον
442 2484 720 2557 νουθετῶν,
811 2480 1164 2560 παρακαλῶν,
1223 2481 1511 2557 ἐπιτιμῶν,
1564 2481 1920 2541 ὑποδεικνύων

2011 2477 2359 2557 angebatur.
2389 2479 2506 2541 Sed
2539 2497 2658 2540 non
2690 2475 2987 2552 cessabat,
3015 2479 3168 2540 sicut
3194 2478 3516 2558 Apostolus
3543 2479 3649 2541 ad-

276 2574 465 2637 αὐτοῖς
522 2571 623 2638 τὴν
680 2569 805 2628 ὁδὸν
861 2576 961 2639 τῆς
1022 2570 1276 2638 ἀληθείας
1337 2573 1425 2628 καὶ
1454 2572 1555 2639 τὴν
1584 2575 1920 2646 ματαιότητα

2011 2579 2210 2631 monet
2261 2570 2309 2646 ί,
2363 2586 2600 2648 rogare,
2659 2568 3002 2649 increpare,
3052 2568 3320 2630 veritatis
3377 2567 3528 2631 viam
3559 2569 3650 2631 eis

273 2666 383 2719 τῶν
439 2659 672 2717 εἰδωλων
731 2661 820 2717 καὶ
877 2664 1293 2740 θαυματουργῶν
1328 2660 1382 2717 ἐν
1426 2666 1504 2734 τῷ
1548 2662 1769 2738 ὀνόματι
1827 2669 1921 2720 τοῦ

2011 2658 2353 2738 ostendere,
2388 2657 2984 2738 imbecillitatemque
3015 2664 3076 2718 et
3108 2658 3417 2719 vanitatem
3452 2658 3646 2720 simu-

279 2751 468 2829 Κυρίου
511 2750 672 2824 ἡμῶν
713 2748 894 2817 Ἰησοῦ
938 2757 1187 2827 Χριστοῦ,
1248 2752 1336 2807 καὶ
1387 2752 1613 2826 ἰώμενος
1664 2754 1787 2816 τοὺς
1819 2752 1918 2830 διρο

2011 2747 2305 2809 lacrorum
2340 2766 2354 2811 :
2392 2759 2453 2809 et
2484 2749 2706 2810 faciens
2738 2746 3027 2809 miracula
3079 2746 3140 2807 in
3174 2748 3419 2810 nomine
3448 2746 3650 2810 Domi-

273 2840 508 2917 ῥώστους
540 2843 738 2915 αὐτῶν,
772 2840 859 2896 καὶ
891 2840 1057 2904 οὕτως
1100 2840 1223 2897 κατ’
1276 2840 1457 2917 ὀλίγον
1518 2840 1765 2898 εἵλκυσεν
1821 2843 1919 2898 αὒ-

2011 2836 2069 2897 ni
2101 2837 2293 2898 nosui
2322 2837 2468 2901 Jesu
2499 2838 2741 2909 Christi,
2777 2847 2835 2899 et
2865 2855 3083 2899 curans
3107 2854 3313 2898 eorum
3349 2837 3644 2914 inﬁrmos,

274 2930 403 2991 τοὺς
435 2930 507 2992 εἷς
551 2930 651 2997 τὴν
706 2929 995 3005 ἐπίγνωσιν
1038 2932 1131 2986 τοῦ
1189 2932 1437 3008 Χριστοῦ.
1473 2928 1620 2988 Ἰδὼν
1649 2929 1703 2988 δὲ
1735 2933 1921 2998 αὐτοὺς

2011 2927 2289 3006 paulatim
2327 2928 2505 2990 traxit
2536 2946 2639 2988 eos
2670 2927 2742 2987 ad
2780 2927 2885 2988 Dei
2926 2924 3474 3006 agnitionem.Cum
3508 2944 3646 2990 vero

276 3021 720 3097 προσκόπτοντας
764 3019 820 3075 ἐν
867 3024 937 3095 τῇ
992 3020 1166 3077 πίστει
1207 3021 1295 3076 καὶ
1339 3027 1786 3100 περιφρονοῦντας
1818 3028 1922 3079 τῶν

2011 3016 2254 3079 vidisset
2286 3034 2387 3077 eos
2421 3017 2711 3095 proﬁcere
2743 3017 2804 3077 in
2838 3016 2975 3091 (ide,
3014 3024 3072 3077 et
3102 3016 3422 3080 simulacra
3450 3016 3649 3098 despio

277 3106 539 3187 εἱδώλων,
572 3105 846 3176 ἤϐουλήθη
877 3108 1128 3167 καθελεῖν
1158 3110 1279 3173 τοὺς
1325 3110 1481 3172 ναοὺς
1515 3116 1620 3169 τῶν
1655 3113 1921 3187 ματαίων,

2011 3123 2169 3179 cere,
2226 3105 2410 3168 voluit
2466 3124 2676 3167 eorum
2737 3107 2957 3185 templa
2988 3106 3231 3169 diruere
3262 3115 3321 3168 et
3347 3107 3646 3168 aediﬁcare

278 3198 370 3254 καὶ
421 3197 772 3272 οίκοδομῆσαι
823 3197 1113 3265 ἐκκλησίαν
1162 3198 1248 3255 ἐπὶ
1292 3204 1371 3271 τῷ
1413 3202 1635 3275 ὀνόματι
1666 3209 1761 3257 τοῦ
1810 3211 1921 3260 Κυ-

2011 3196 2328 3258 ecclesiam
2361 3194 2423 3257 in
2456 3196 2702 3257 nomine
2734 3194 2975 3256 Domini
3014 3196 3205 3257 nostri
3225 3195 3364 3258 Jesu
3400 3196 3642 3261 Christi.

282 3286 395 3365 ρίου
437 3288 594 3363 ἡμῶν
625 3287 808 3353 ’[ησοῦ
867 3288 1115 3366 Χριστοῦ.
1164 3285 1449 3369 Ἐπισχὼν
1500 3288 1556 3346 δὲ
1601 3291 1758 3351 αὐτὸν
1790 3292 1921 3349 ἑπε-

2011 3282 2149 3347 Cum
2178 3304 2244 3347 se
2272 3295 2473 3348 autem
2509 3286 2914 3360 sustinuisset,
2941 3284 3028 3346 sic
3056 3285 3281 3359 statuit,
3317 3286 3474 3367 quod
3507 3304 3645 3349 cum

284 3373 561 3453 λογήσατο
625 3374 707 3432 ὅτι
765 3377 794 3432 6
847 3375 1098 3453 βασιλεὺς
1159 3379 1473 3454 Χριστιανὸς
1554 3380 1644 3436 καὶ
1698 3378 1921 3450 εδσεϐής

2011 3372 2337 3456 imperator
2363 3376 2439 3437 sit
2469 3374 2846 3438 Christianus
2877 3382 2936 3435 et
2966 3374 3121 3454 pius,
3150 3375 3381 3453 justum
3411 3376 3489 3437 sit
3513 3377 3645 3457 ejus

281 3464 452 3525 ἰστιν.
500 3467 715 3523 Δίκαιον
758 3467 846 3522 οῦν
889 3468 1120 3546 ὒπάρχει
1169 3468 1305 3543 μετὰ
1354 3468 1577 3546 γνώμης
1609 3469 1773 3525 αῦ-οῦ
1816 3476 1922 3526 τῶν

2011 3463 2304 3524 sententia
2359 3465 2720 3543 templorum
2781 3463 3081 3524 idolorum
3140 3464 3643 3529 ﬁeridemolitio-

283 3552 573 3612 εἷδωλικῶν
634 3562 775 3612 ναῶν
832 3556 931 3623 τὴν
991 3555 1290 3635 καθαίρεσιν
1347 3555 1690 3623 ποιήσασθαι.
1751 3564 1925 3616 Ταῦτα

282 3644 706 3722 βουλευσάμενος
765 3647 794 3702 6
856 3645 1101 3726 θεράπων
1144 3652 1237 3703 τοῦ
1312 3652 1564 3726 Χριστοῦ,
1618 3647 1824 3725 ἀπάρας
1867 3653 1927 3705 εκ

280 3738 385 3805 τῆς
438 3735 650 3800 πόλεως
709 3736 1039 3811 Λαμψάκου,
1075 3733 1479 3801 καταλαμϐάνει
1523 3735 1623 3804 τὴν
1679 3735 1925 3813 βασιλίδα

280 3823 462 3888 πόλιν.
514 3826 661 3885 Κατὰ
714 3827 996 3904 συγκυρίαν
1038 3823 1092 3881 δὲ
1151 3822 1345 3894 συνέϐη
1388 3831 1488 3894 τῆς
1532 3825 1653 3895 ἑξῆς
1697 3828 1787 3884 τὸν
1833 3829 1924 3884 εῦ-

281 3912 417 3983 σεϐἧ
474 3914 699 3993 βασιλέα
756 3925 1162 3973 Κωνσταντϊνον
1231 3915 1471 3973 κατιέναι
1529 3917 1776 3997 ὀχήματι
1849 3919 1921 3981 εἰς

281 4003 564 4081 ἐπίσκεψιν
595 4010 702 4063 τῶν
743 4005 949 4082 ὣρείων
994 4004 1087 4061 τοῦ
1143 4005 1291 4064 σίτου
1325 4021 1338 4035 '
1388 4007 1476 4063 καὶ
1531 4006 1835 4083 προσελθὼν
1895 4008 1923 4062 ο

280 4093 430 4160 ὅσιος
462 4095 595 4175 ἀνὴρ
637 4091 806 4159 ἔδειξε
837 4095 903 4151 τὰ
933 4095 1032 4160 τῆς
1084 4094 1370 4164 αἰτήσεως.
1425 4094 1486 4153 Ὀ
1530 4094 1584 4152 δὲ
1616 4094 1783 4160 ὅντως
1827 4120 1922 4176 φι-

281 4182 573 4263 λόχριστος
616 4181 865 4261 βασιλεὺς
918 4181 1128 4249 ὲδεξατο
1173 4183 1274 4251 τὴν
1321 4182 1564 4259 α’ίτησιν,
1610 4186 1699 4242 καὶ
1750 4207 1921 4259 προσ-

282 4272 463 4339 έταξεν
521 4277 679 4333 αὐτον
752 4272 1006 4352 προάγειν
1060 4273 1133 4336 είς
1190 4273 1257 4329 τὰ
1324 4273 1591 4350 βασίλεια,
1640 4272 1771 4355 ἄχρι
1830 4284 1924 4335 τοῦ

279 4364 629 4445 ὑποστρέφειν
671 4365 830 4420 αὐτὸν
874 4363 981 4419 ἀπὸ
1023 4370 1131 4419 τῶν
1189 4362 1388 4439 ὡρείων
1456 4372 1550 4422 τοῦ
1591 4364 1762 4427 σίτου.
1827 4367 1923 4424 Καὶ

2010 3569 2173 3614 nem.
2205 3551 2344 3614 Haec
2376 3570 2511 3614 cum
2545 3553 2701 3632 apud
2732 3571 2800 3616 se
2832 3551 3139 3614 statuisset
3190 3551 3409 3615 Christi
3440 3573 3646 3620 servus

2008 3641 2390 3717 Parthenius,
2426 3650 2487 3703 et
2511 3642 2790 3706 solvisset
2819 3660 2891 3703 ex
2919 3641 3152 3704 civitate
3181 3641 3645 3723 Lampsac0,ve-

2008 3727 2096 3789 nit
2125 3733 2188 3790 in
2222 3729 2434 3793 urbem
2466 3731 2717 3807 regiam.
2752 3732 2929 3793 Forte
2959 3738 3155 3792 autem
3189 3731 3427 3813 accidit,
3454 3742 3518 3794 ut
3549 3732 3646 3796 die

2009 3818 2282 3898 sequenti
2315 3819 2449 3900 pius
2479 3819 2809 3901 imperator
2850 3820 3278 3882 Constantinus
3310 3821 3647 3885 descende-

2006 3916 2099 3969 ret
2133 3907 2194 3970 in
2224 3909 2499 3971 vehiculo
2532 3909 2605 3971 ad
2658 3908 2951 3972 videndos
3007 3926 3203 3989 agros.
3238 3910 3328 3972 Ad
3362 3930 3498 3974 eum
3530 3912 3645 3975 ita-

2008 4014 2124 4076 que
2148 3998 2446 4061 accedens
2478 3998 2571 4061 vir
2603 4008 2865 4073 sanctus,
2899 3999 3174 4081 exposuit
3203 3998 3259 4061 ei
3290 4018 3457 4062 suam
3485 4004 3644 4083 peti-

2008 4084 2257 4148 tionem.
2289 4085 2681 4152 Venerandus
2708 4107 2846 4152 vero
2878 4099 2940 4153 et
2971 4088 3146 4171 plane
3192 4088 3410 4152 Christi
3437 4110 3646 4156 amans

2007 4173 2339 4255 imperator
2367 4178 3093 4259 Constantinus,benigne
3122 4180 3353 4259 accepit
3381 4180 3509 4261 ejus
3540 4201 3645 4263 pe-

2010 4264 2312 4342 titionem,
2345 4276 2403 4329 et
2428 4267 2599 4331 valde
2629 4277 2719 4330 est
2751 4268 2983 4332 laetatus
3015 4290 3031 4346 ;
3051 4269 3353 4351 jussitque
3384 4288 3519 4332 eum
3556 4272 3649 4335 ire

2007 4355 2068 4417 in
2098 4355 2346 4435 regiam,
2384 4365 2444 4419 et
2500 4366 2848 4439 exspectare
2900 4361 3093 4421 donec
3151 4360 3283 4439 ipse
3309 4360 3543 4422 rediret
3569 4361 3647 4424 ab

284 4444 717 4535 παραγενόμενος
779 4452 1026 4528 ἀσμένως
1080 4450 1371 4518 ἀπεδέξατο
1437 4456 1530 4511 τὸν
1575 4451 1721 4512 ὅσιον
1764 4454 1922 4534 ἄνδρα

2011 4445 2189 4535 agris.
2222 4444 2523 4510 Reversus
2548 4449 2747 4529 itaque
2777 4448 3105 4530 imperator
3133 4449 3195 4511 in
3228 4450 3533 4530 palatium,
3554 4450 3645 4513 lu-

284 4546 375 4603 καὶ
415 4542 799 4622 περιεπτύξατο
848 4544 936 4601 καὶ
984 4539 1235 4623 εὔχεσθαι
1279 4542 1411 4620 ὑπὲρ
1445 4545 1604 4601 αὐτοῦ
1643 4542 1868 4613 ἠξίωσεν
1904 4566 1919 4583 ο

286 4633 373 4692 διὰ
413 4635 614 4714 τάχους
662 4631 718 4690 δὲ
762 4631 1082 4712 προσέταξεν
1136 4631 1377 4710 γενέσθαι
1409 4634 1726 4714 πρόσταγμα
1770 4635 1927 4694 ἕιεκα

285 4726 384 4790 τῆς
441 4722 793 4802 καθαιρέσεως
848 4723 958 4780 τῶν
1032 4718 1322 4778 εἰδωλικῶν
1397 4722 1564 4802 ναῶν,
1625 4724 1713 4779 καί
1769 4729 1926 4781 τοῦτο

284 4810 526 4887 κυρώσας
586 4812 713 4874 ταῖς
775 4813 940 4875 θείαις
1021 4813 1181 4870 αὐτοῦ
1237 4808 1559 4886 συλλαϐαῖς,
1616 4810 1792 4870 δίδωσι
1848 4820 1927 4888 τῷ

283 4901 533 4981 μακαρίῳ
588 4905 678 4958 καὶ
735 4902 957 4981 χρυσίον
1020 4899 1075 4956 δὲ
1137 4901 1322 4957 ἱκανὸν
1364 4898 1590 4957 δέδωκεν
1648 4903 1791 4977 αὒτῷ
1847 4905 1923 4966 εἷς

279 4990 620 5070 ἀπαρτισμὸν
689 4989 783 5057 νῆς
872 4990 1023 5069 ἁγίας
1085 4997 1177 5047 τοῦ
1237 4996 1371 5048 Θεοῦ
1427 4988 1776 5063 Ἐκκλησίας,
1839 4996 1925 5050 καὶ

276 5079 664 5155 ἀσπασάμενος
697 5079 855 5136 αὐτὸν
887 5077 1147 5137 απέλυσεν
1187 5077 1242 5134 ἐν
1271 5080 1476 5159 εἰρήνῃ.

361 5169 446 5231 Δ’.
496 5166 816 5229 Επανελθὼν
873 5165 928 5223 δὲ
990 5169 1018 5224 6
1062 5168 1323 5247 μακάριος
1369 5170 1423 5227 ἐν
1481 5177 1550 5249 τῇ
1606 5170 1710 5244 ἰδίᾳ
1766 5171 1921 5230 πόλει

276 5262 588 5339 Λαμψάκῳ,
649 5260 757 5317 τῶν
814 5264 957 5315 ναῶν
1009 5260 1109 5325 τὴν
1157 5260 1452 5338 καθαίρεσιν
1510 5263 1775 5337 εποιεϊτο,
1834 5266 1921 5319 καὶ

278 5350 576 5430 διαγράψας
635 5351 727 5407 τὸν
815 5346 1345 5426 καλλιπρεπέστατον
1402 5352 1492 5407 τοῦ
1549 5358 1680 5409 Θεοῦ
1736 5353 1911 5427 οἷκον,

2006 4533 2221 4598 benter
2248 4538 2483 4618 accepit
2514 4537 2702 4600 virum
2741 4547 3034 4614 sanctum,
3070 4547 3131 4601 et
3160 4541 3507 4620 complexus
3536 4559 3642 4603 ro-

2009 4625 2166 4705 gavit
2196 4634 2259 4688 ut
2301 4645 2408 4709 pro
2459 4628 2588 4709 ipso
2634 4642 3023 4709 precaretur;
3078 4636 3140 4690 et
3170 4628 3439 4708 protinus
3461 4631 3649 4710 jussit

2009 4716 2142 4778 ﬁeri
2173 4734 2410 4779 sacrum
2465 4735 2574 4798 pro
2604 4717 2904 4778 idolorum
2940 4726 2998 4778 et
3045 4736 3253 4779 eorum
3288 4721 3646 4801 templorum

2011 4805 2491 4883 demolitione,et
2520 4824 2655 4868 cum
2687 4806 2803 4868 hoc
2830 4807 2955 4869 suis
2986 4806 3201 4869 divinis
3233 4807 3649 4874 conﬁrmasset

2007 4894 2271 4976 syllabis,
2309 4896 2409 4957 dat
2461 4894 2779 4959 Parthenio
2835 4916 2972 4960 cum
3035 4896 3219 4958 multo
3249 4914 3394 4960 auro
3423 4900 3496 4961 ad
3520 4917 3649 4960 exs-

2009 4986 2366 5048 tructionem
2402 4993 2620 5048 sanctm
2652 4985 2761 5049 Dei
2812 4985 3087 5049 ecclesia:
3122 5003 3136 5047 :
3171 4995 3232 5050 et
3259 5006 3395 5049 cum
3425 4989 3647 5066 ample-

2007 5094 2141 5151 xus,
2176 5075 2407 5137 dimisit
2432 5075 2495 5136 in
2524 5092 2695 5156 pace.

2085 5165 2186 5227 IV.
2216 5162 2515 5227 Reversus
2535 5178 2737 5226 autem
2761 5163 2973 5227 beatus
2993 5164 3348 5229 Parthenius
3378 5169 3440 5232 in
3469 5186 3640 5232 suam

2003 5254 2301 5319 civitatem
2324 5254 2743 5335 Lampsacum,
2777 5254 3002 5336 templa
3022 5253 3226 5330 diruit,
3259 5268 3320 5318 et
3349 5276 3485 5321 cum
3516 5259 3645 5339 pul-

2000 5349 2347 5408 cherrimam
2372 5355 2426 5405 et
2448 5349 2882 5405 ornatissimam
2904 5346 3419 5418 descripsissetDei
3439 5351 3642 5421 aedem,

276 5439 437 5504 αὒτος
460 5438 524 5498 δι’
550 5443 740 5499 ἑαυτοῦ
770 5438 1004 5521 ἐφεστὼς
1037 5439 1169 5517 πρὸς
1200 5439 1262 5495 τὸ
1293 5436 1446 5517 ἔργον
1475 5438 1682 5510 σπουδῆ
1711 5440 1911 5521 πολλῇ,

2011 5442 2130 5519 ipse
2162 5455 2269 5519 per
2291 5453 2357 5501 se
2388 5435 2678 5500 assistens
2700 5433 2893 5514 operi,
2915 5450 3130 5512 magno
3154 5432 3351 5496 studio
3373 5452 3504 5497 eam
3537 5455 3641 5505 cu-

359 5622 381 5669 ¹
411 5622 435 5683 l
463 5620 614 5686 Tim.
647 5636 733 5700 Iv,
759 5620 818 5685 2.
