4060 6206
456 250 601 323 1851

1703 250 1984 317 MENSIS
2037 250 2545 320 FEBRUABIUS.

3674 264 3692 328 i
3704 262 3815 330 352

454 390 1237 454 rabatexcitandam.Etenlm
1264 405 1392 448 cum
1416 387 1581 447 multi
1603 390 2016 475 adnavigarent
2035 399 2067 443 ο

2174 389 2270 453 τὴν
2314 391 2500 448 τούτου
2532 392 2807 472 ἀνέγερσιν
2853 394 3116 458 ἐποιεῖτο,
3172 394 3396 453 Πολλῶν
3442 418 3502 452 τε
3534 396 3633 475 γὰρ
3666 395 3816 462 ξένων

455 479 838 557 enavigarent
854 475 1270 554 hospites,non
1296 475 1680 554 contingebat
1698 474 1787 535 eis
1809 471 2085 547 transire,

456 575 568 638 nisi
595 573 757 652 prius
782 590 913 632 eum
943 569 1251 632 vidissent:
1283 576 1341 630 et
1362 570 1785 631 benedictione
1808 568 1880 629 ab
1907 586 1977 629 eo
1993 566 2090 629 di-

455 664 1095 744 gnati,eam,tanquam
1119 662 1440 720 multorum
1464 660 1757 721 bonorum
1780 658 2086 728 viaticum,

449 754 792 815 auferentes
814 748 1483 822 recedebant.Quodam
1509 760 1707 812 autem
1730 750 1825 810 die
1841 748 2091 809 accessit

449 841 692 923 quidam
715 840 785 901 ad
813 840 1085 920 eum,qui
1106 841 1358 902 latenter
1376 842 1432 901 in
1457 860 1521 901 se
1541 839 1795 900 habebat
1817 839 2087 918 spiritum

446 929 743 992 immundi
773 929 1275 1002 daemoniiﬂuem
1302 949 1433 992 cum
1466 930 1645 1008 longo
1673 937 1946 1008 tempore
1976 928 2087 989 ha-

448 1021 824 1093 buisset,hoc
854 1020 1190 1099 ignorabat.
1220 1019 1328 1081 Hic
1359 1038 1497 1099 ergo
1533 1022 1709 1081 homo
1742 1038 1876 1080 cum
1905 1017 2089 1078 vidis-

445 1121 536 1174 set
554 1121 995 1184 sanctum,eum
1023 1109 1521 1172 salutavit.Homo
1545 1127 1686 1171 vero
1711 1107 1783 1169 Dc
1801 1107 2083 1168 iParthe-

445 1208 573 1263 nius
597 1221 727 1263 cum
749 1207 1115 1276 cOgnovisset
1137 1208 1454 1262 daemonem
1480 1206 1577 1276 qui
1601 1205 1657 1261 in
1679 1220 1745 1261 eo
1767 1202 2083 1267 habitabat,

447 1311 581 1355 eum
617 1311 735 1352 non
766 1291 1111 1352 resalutavit
1139 1313 1152 1366 ;
1200 1292 1432 1352 dmmon
1460 1298 1652 1351 autem
1682 1287 2083 1369 perturbatus,

445 1382 596 1444 dixit
616 1389 845 1442 sancto:
872 1380 1165 1451 Quoniam
1195 1381 1530 1442 desideravi
1556 1392 1612 1441 te
1635 1380 2007 1448 videre,ideo
2029 1387 2086 1440 te

441 1472 709 1535 salutavi:
739 1490 844 1533 cur
867 1480 925 1530 tu
953 1490 1070 1531 non
1096 1470 1364 1532 salutasti
1383 1478 1410 1533 ’ἶ
1434 1474 1691 1532 Sanctus
1713 1477 1907 1530 autem
1934 1467 2082 1529 Par-

446 1562 689 1626 thenius
714 1561 856 1622 dicit
881 1562 932 1621 ei
968 1579 981 1622 :
1009 1560 1163 1622 Ecce
1193 1561 1390 1622 vidisti
1422 1558 1695 1639 me,quid
1730 1568 1851 1618 tum
1876 1558 1906 1617 ‘?
1930 1557 2085 1621 Dicit

442 1652 679 1714 daemon
710 1671 725 1715 :
759 1650 830 1711 Et
860 1659 916 1712 te
958 1650 1107 1725 vidi,
1144 1658 1201 1710 et
1233 1655 1471 1729 agnovi.
1507 1650 1665 1711 Dicit
1696 1657 1935 1708 sanctus
1971 1667 1983 1711 :
2020 1649 2079 1711 Si

2173 482 2581 539 καταπλεόντων
2627 484 2713 541 καὶ
2775 484 3174 556 ἀναπλεόντων,
3231 489 3330 545 οὒκ
3386 484 3670 568 ἐνεδέχετο
3720 488 3812 542 αὖ·

2172 582 2289 633 τοῖς
2343 570 2595 645 διελθεῖν,
2657 575 2700 629 εἰ
2731 574 2810 648 μὴ
2838 575 3094 653 πρότερον
3130 578 3290 633 αὺτὸν
3322 576 3656 656 ἑωράκεισαν
3691 596 3706 611 ⁸
3733 581 3814 634 καὶ

2174 665 2270 725 τῆς
2315 661 2443 738 παρ’
2474 664 2633 719 αὖτοῦ
2683 663 2923 742 εύλογίας
2979 665 3301 741 ἀξιούμενοι,
3339 668 3413 728 ὼς
3447 665 3660 745 ἐφόδιον
3687 669 3811 722 nvi.

2172 772 2272 816 την
2330 751 2542 829 ἀγαθῶν
2600 755 2978 831 ἐπιφερόμενοι
3066 753 3303 818 ἄπεισιν,
3364 759 3696 834 Παρεγὲνετο
3760 756 3810 813 δὲ

2172 839 2403 914 ἅνθρωός
2464 863 2541 907 τις
2600 846 2729 918 πρὸς
2777 845 2934 901 αὖτὸν
2994 844 3192 923 ἔχοντα
3244 847 3515 920 πνεύμονα
3544 847 3811 922 δαιμονίου

2172 929 2466 1008 ἀκαθάρτου
2510 931 2564 986 ἒν
2615 937 2693 1004 τῷ
2737 932 3008 1008 λεληθότι,
3066 936 3122 989 ὃν
3155 934 3301 1014 ἔχων
3333 938 3508 1014 οὗτος,
3543 938 3808 1011 θεασάμε-

2170 1042 2260 1081 νος
2306 1021 2397 1076 τὸν
2440 1020 2589 1097 ἅγιον
2623 1022 2906 1090 ἠσπάσατο
2948 1024 3129 1085 αὐτόν,
3163 1027 3225 1081 '0
3283 1024 3337 1079 δὲ
3400 1025 3674 1103 ἅνθρωπος
3722 1032 3808 1085 τσῦ

2171 1111 2301 1164 Θεοῦ
2361 1110 2639 1187 Παρθένιος
2678 1113 2834 1190 γνοὺς
2884 1114 2976 1168 τὸν
3028 1113 3082 1167 ἐν
3117 1113 3258 1188 αὒτῷ
3289 1116 3529 1171 οἰκοῦντα
3561 1114 3804 1192 δαίμονα,

2169 1199 2263 1256 οὐκ
2321 1198 2707 1265 ἆντησπάσατο
2778 1201 2957 1265 αὐτόν,
3039 1194 3093 1260 Ὀ
3154 1202 3208 1258 δὲ
3256 1203 3456 1280 δαίμων
3515 1209 3808 1284 ταραχθεὶς

2170 1289 2296 1345 εἶπε
2354 1297 2430 1363 τῷ
2477 1291 2605 1362 θσίιρ
2640 1306 2654 1320 ⁸
2704 1290 2925 1359 Ἐπειδὴ
2969 1291 3249 1367 ἐπιθυμίαν
3302 1294 3469 1373 ἔσχον
3494 1301 3587 1351 τοῦ
3612 1296 3807 1353 θεάσα-

2165 1382 2287 1443 σθαι
2334 1401 2414 1453 σε,
2464 1381 2551 1436 καὶ
2592 1380 2933 1455 ὠσπασάμην
2965 1403 3023 1438 σε
3057 1399 3071 1412 ⁸
3108 1383 3169 1438 σὺ
3200 1381 3254 1438 δέ
3299 1405 3367 1458 με
3398 1388 3492 1443 οὒκ
3523 1385 3806 1451 ἀντησπᾶ-

2169 1489 2246 1524 σω
2281 1490 2296 1539 ;
2337 1460 2393 1526 Ὀ
2426 1467 2480 1525 δὲ
2526 1468 2674 1534 ὅσιος
2717 1474 2849 1549 πρὸς
2910 1474 3066 1529 αὒτὸν
3099 1471 3225 1550 ἔφη.
3261 1474 3320 1531 Τί
3352 1473 3442 1531 οὖν
3470 1473 3615 1530 ’ἐστιν
3646 1491 3662 1548 ;
3701 1472 3807 1529 ἰδοὺ

2168 1556 2278 1623 ἴδες
2318 1580 2409 1632 με.
2469 1550 2526 1616 Ὀ
2589 1558 2791 1642 δαίμων
2852 1560 3020 1638 λέγει,
3070 1565 3193 1642 Ναὶ,
3259 1565 3348 1619 καὶ
3411 1561 3558 1619 εἶδόν
3620 1585 3678 1621 σε
3721 1565 3807 1619 καὶ

2167 1648 2400 1726 ἐπέγνων
2446 1671 2504 1704 σε
2540 1665 2553 1678 ’
2608 1641 2666 1707 ¢0
2727 1649 2872 1715 ὅσιος
2905 1650 3052 1729 λέγει
3090 1668 3103 1681 ’
3143 1641 3199 1710 Ei
3229 1650 3314 1708 ἐπ’
3346 1651 3599 1719 ἀληθείας
3628 1655 3805 1731 ἑωρα-

441 1760 656 1805 revera
684 1760 778 1804 me
803 1741 1002 1802 vidisti
1034 1749 1094 1802 et
1118 1741 1425 1818 agnovisti.
1463 1740 1758 1821 egredere
1788 1739 1905 1801 cito
1940 1758 1972 1799 a
2004 1739 2071 1798 ﬁ-

2163 1738 2273 1802 κὼς
2321 1736 2560 1817 ἐπέγνως
2610 1761 2702 1820 με,
2761 1739 2931 1806 ἔξελθε
3007 1742 3116 1798 ἀπὸ
3170 1749 3261 1799 τοῦ
3346 1741 3662 1818 πλάσματος
3714 1751 3806 1800 τοῦ

443 1841 681 1910 gmento
703 1830 834 1893 Dei.
868 1829 1026 1893 Dixit
1059 1833 1292 1891 daemon
1330 1850 1344 1888 :
1374 1829 1499 1890 Hoc
1534 1837 1719 1889 totum
1754 1837 1863 1901 est,
1894 1836 1956 1889 ut
1985 1847 2081 1890 me

443 1921 705 2001 expelles
729 1940 762 1982 a
784 1939 923 1981 mea
942 1918 1309 1982 habitatione
1326 1919 1355 1979 ‘2
1378 1919 1571 1994 Nunc,
1607 1938 1750 1995 rogo
1786 1927 1952 1991 te,ne
1985 1936 2081 1979 me

437 2011 701 2092 expellas
731 2019 866 2090 post
899 2020 1125 2071 tantum
1161 2010 1591 2089 tempus.Dicit
1614 2010 1668 2070 ei
1702 2009 1911 2070 beatus
1938 2010 2081 2070 l’ar-

439 2102 680 2163 thenius
709 2120 721 2162 :
750 2099 931 2161 Estne
953 2100 1197 2180 longum
1222 2111 1484 2179 tempus,
1512 2117 1581 2160 ex
1613 2116 1730 2178 quo
1764 2099 1825 2159 in
1864 2117 1933 2159 eo
1966 2099 2076 2160 ha-

442 2189 623 2254 bitas?
644 2190 802 2252 Dixit
830 2190 1066 2252 daemon
1102 2209 1116 2253 :
1152 2192 1204 2255 A
1234 2189 1513 2271 pueritia,
1561 2207 1672 2249 nec
1704 2188 1787 2249 fui
1818 2187 1925 2251 ulli
1958 2209 2076 2250 un—

437 2300 621 2360 quam
645 2280 941 2360 cognitus,
973 2280 1087 2342 nisi
1119 2300 1279 2342 nunc
1305 2300 1339 2341 a
1383 2286 1441 2340 te
1478 2300 1491 2337 :
1525 2285 1589 2339 tu
1612 2287 1810 2340 autem
1847 2298 1941 2341 me
1971 2298 2077 2342 ex-

439 2371 635 2454 pellis,
664 2380 730 2433 ut
752 2371 945 2445 video,
977 2380 1036 2432 et
1056 2390 1172 2452 quo
1189 2370 1369 2451 jubes
1392 2388 1488 2430 me
1509 2368 1720 2431 abire?
1745 2368 1902 2432 Dixit
1933 2389 2077 2431 san-

435 2470 565 2525 ctus
593 2481 607 2523 :
634 2463 719 2525 Do
745 2461 854 2522 tibi
880 2460 1103 2536 locum,
1140 2480 1258 2541 quo
1293 2461 1718 2540 proﬁciscaris.
1766 2458 1919 2522 Dicit
1951 2462 2072 2521 dae-

436 2570 610 2613 mon:
637 2550 900 2614 Omnino
929 2550 1093 2613 dices
1127 2550 1298 2625 mihi,
1333 2549 1447 2611 Abi
1471 2549 1532 2609 in
1566 2567 1803 2626 porcos.
1830 2547 1988 2610 Dicit
2019 2549 2076 2610 ei

433 2650 676 2704 sanctus
703 2659 716 2703 :
742 2640 1126 2721 Minime,sed
1160 2640 1237 2701 do
1272 2638 1381 2700 tibi
1407 2638 1719 2699 hominem
1752 2639 2075 2715 humilem;

435 2740 495 2792 et
524 2730 832 2811 ingressus
852 2730 915 2791 in
947 2728 1244 2804 eum,illic
1268 2728 1492 2791 habita.
1523 2727 1695 2790 Nunc
1726 2746 1867 2789 vero
1899 2746 1967 2790 ex
2004 2748 2075 2790 eo

437 2818 751 2901 egredere.
780 2819 941 2882 Dixit
973 2820 1208 2881 daamon
1243 2840 1256 2882 :
1286 2818 1353 2880 In
1380 2819 1627 2880 veritate
1658 2818 1770 2880 hoc
1800 2817 1967 2893 facis,
2002 2836 2077 2879 an

432 2911 624 2974 solum
649 2913 762 2974 hoc
785 2910 1105 2988 dicis,dum
1144 2926 1240 2971 me
1274 2907 1563 2988 ejeceris?
1584 2907 1750 2969 Dixit
1782 2916 2023 2970 sanctus
2058 2928 2070 2966 :

431 2998 577 3062 Dico
612 3000 717 3064 tibi
749 3002 809 3061 in
831 2998 1260 3071 veritate,mihi
1286 2998 1526 3079 quidem
1563 3006 1654 3059 est
1684 2998 1862 3059 homo
1897 3016 2074 3077 para-

2166 1835 2317 1890 θεοῦ,
2380 1833 2440 1886 '0
2487 1829 2689 1906 δαίμων
2731 1830 2890 1887 εἶπεν
2927 1851 2941 1867 ·
2976 1830 3142 1890 ’Ὁλον
3187 1832 3313 1890 αὒτό
3346 1832 3513 1911 ἐστιν,
3547 1833 3642 1891 ’ἕνα
3673 1831 3804 1889 διώ-

2164 1915 2257 1994 En:
2317 1940 2383 1994 με
2419 1937 2435 1995 ;
2484 1919 2597 1994 Μὴ,
2632 1918 2820 1995 δέομαί
2852 1944 2968 1995 σου,
3003 1922 3139 1996 μετὰ
3183 1929 3435 1979 τοσοῦτον
3485 1925 3681 2002 χρόνον
3727 1926 3803 1998 μή

2161 2005 2394 2087 ἐκϐάλῃς
2441 2031 2529 2084 με,
2579 2008 2733 2087 Λέγει
2794 2014 2937 2086 αὐτῷ
3002 2013 3028 2067 ὁ
3088 2013 3350 2089 μακάριος
3386 2033 3403 2049 ο
3468 2013 3669 2089 Χρόνον
3706 2014 3808 2091 γάρ

2164 2097 2336 2178 ἔχεις,
2370 2098 2552 2176 ἀφ’οὖ
2595 2101 2816 2173 ᾣκησας
2876 2100 2931 2156 ἐν
2994 2104 3156 2175 αὐτῷ.
3224 2093 3281 2159 Ὀ
3341 2100 3541 2177 δαίμων
3598 2106 3754 2159 εἶπεν
3790 2118 3805 2134 ⁸

2163 2185 2259 2245 Ἐκ
2290 2186 2560 2263 παιδόθεν,
2594 2192 2682 2246 καὶ
2715 2194 2810 2266 οὐκ
2851 2191 3149 2269 ἒγνώσθην,
3185 2193 3227 2247 εί
3258 2191 3335 2267 μὴ
3379 2200 3466 2250 νῦν
3509 2192 3611 2248 ὑπὸ
3655 2202 3754 2251 σοῦ
3785 2209 3802 2223 ·

2161 2278 2222 2359 σὺ
2279 2275 2333 2332 δὲ
2394 2276 2673 2342 ἐκϐάλλεις
2732 2301 2823 2355 με’
2885 2288 2987 2337 ποῦ
3043 2280 3347 2358 ἐπιτρέπτις
3407 2279 3660 2338 ἀπελθεῖν
3690 2303 3806 2359 ps;

2163 2357 2221 2449 ΤΟ
2280 2365 2431 2431 ὅσιος
2477 2372 2631 2425 εἶπεν
2665 2385 2678 2399 ⁸
2732 2368 2928 2445 Δίδωμί
2987 2393 3070 2427 σοι
3117 2357 3280 2426 τόπον
3339 2377 3441 2427 ποῦ
3498 2357 3806 2449 πορευθῇςλ

2164 2446 2220 2512 Ὀ
2252 2453 2454 2532 δαίμων
2491 2458 2650 2514 εἶπεν
2685 2477 2702 2496 ο
2739 2460 2958 2525 Πάντως
2990 2460 3134 2535 ἐρεις
3169 2483 3259 2535 μοι
3290 2460 3546 2517 ἀπελθεῖν
3572 2446 3655 2523 εἰς
3687 2461 3815 2524 τοὺς

2163 2545 2377 2623 χοίρους
2414 2563 2430 2617 ;
2467 2548 2634 2601 Εἶπεν
2668 2549 2811 2620 αῦτῷ
2844 2549 2872 2602 ί)
2902 2547 3048 2611 ὅσιος
3082 2562 3095 2577 ·
3135 2549 3295 2627 Οὐχὶ,
3330 2545 3469 2603 ἀλλὰ
3500 2545 3689 2621 δίδωμί
3734 2570 3816 2603 σοι

2159 2634 2430 2712 ἄνθρωπον
2461 2654 2475 2669 ·
2507 2637 2569 2690 σὺ
2601 2633 2655 2691 δὲ
2690 2636 2940 2693 εἰσελθὼν
2971 2638 3236 2711 κατῴκεις
3295 2637 3413 2694 ἐκεῖ
3449 2654 3464 2669 ⁶
3514 2646 3604 2694 νῦν
3651 2636 3705 2693 δὲ
3755 2637 3814 2692 ἐκ

2160 2726 2350 2782 τούτου
2409 2724 2608 2790 ἔξελθε.
2663 2716 2719 2784 ιΟ
2765 2724 2964 2802 δαίμων
3011 2732 3165 2784 εἶπεν
3202 2743 3216 2757 '
3268 2728 3356 2785 Ἐν
3400 2729 3627 2799 ἀληθείᾳ
3656 2735 3816 2784 τοῦτο

2162 2828 2367 2890 ποιοῖς,
2411 2814 2448 2882 ἢ
2477 2815 2580 2879 ἕως
2623 2825 2719 2873 τοῦ
2748 2814 3000 2875 ἐκϐαλεῖν
3030 2839 3097 2891 με
3129 2817 3314 2892 μόνον·
3352 2816 3412 2875 ’0
3446 2816 3593 2882 ὅσιος
3628 2819 3809 2874 εἶπεν·

2164 2905 2317 2980 Ἐμοὶ
2364 2905 2463 2981 μὲν
2508 2905 2652 2963 ἔστιν
2698 2908 2725 2963 ὁ
2769 2906 3044 2985 ἄνθρωπος
3093 2906 3311 2982 ἕτοιμος
3372 2907 3427 2963 ἐν
3469 2910 3514 2982 ᾧ
3576 2908 3812 2987 ὀφείλεις

2159 2997 2529 3061 κατοικῆσαι’
2592 2997 2653 3051 σὺ
2717 2994 2770 3050 δὲ
2815 2995 2988 3061 ἔξελθε
3043 2995 3128 3054 διὰ
3193 2999 3421 3075 τάχους.
3488 2991 3546 3054 Ὀ
3604 2998 3812 3073 δαίμων

432 3099 549 3166 tus,
580 3090 640 3151 in
669 3109 786 3170 quo
819 3088 1007 3151 debes
1032 3088 1303 3150 habitare
1332 3106 1345 3150 :
1378 3088 1572 3149 solum
1610 3087 1727 3149 cito
1759 3086 2069 3163 egredere.

2160 3087 2389 3147 πεισθεὶς
2444 3098 2568 3150 ταῖς
2623 3085 2895 3151 συντάξεσι
2948 3087 3038 3143 τοῦ
3069 3085 3245 3167 ἁγίου,
3278 3089 3351 3150 εἷς
3384 3087 3537 3165 ἔργον
3566 3089 3809 3167 ἀχθῆναι

430 3180 676 3241 Daemon
703 3187 900 3240 autem
924 3180 1115 3239 sancti
1162 3178 1353 3258 pactis
1383 3176 1691 3239 conventis
1724 3195 2068 3258 persuasus,

433 3267 673 3348 petebat
686 3277 750 3329 ut
767 3267 1084 3344 promissio
1099 3264 1581 3329 deducereturad
1596 3265 1869 3326 effectum
1882 3265 2073 3329 .Tunc

432 3366 674 3419 sanctus
706 3376 773 3418 os
801 3356 1260 3438 aperiens,dixit
1285 3356 1545 3416 daamoni
1571 3375 1584 3415 :
1613 3353 1765 3417 Ecce
1796 3374 1906 3433 ego
1940 3374 2069 3417 sum

431 3447 636 3509 homo:
665 3448 1072 3527 ingredere,et
1095 3446 1152 3506 in
1178 3464 1273 3507 me
1296 3444 1585 3521 inhabita;
1615 3444 1848 3506 damon
1872 3454 2068 3507 autem

430 3546 708 3618 tanquam
737 3535 812 3598 ab
835 3535 971 3616 igne
992 3544 1160 3599 ustus
1185 3534 1259 3596 ob
1284 3534 1531 3615 id,quod
1557 3544 1796 3597 sanctus
1818 3535 2065 3611 dixerat,

430 3627 1014 3689 exclamavitdicens
1050 3647 1062 3688 :
1118 3623 1230 3686 Hei
1279 3624 1448 3699 mihi,
1484 3644 1603 3700 me,
1638 3626 1739 3705 qui
1772 3644 1841 3685 ex
1872 3626 2070 3686 alieno

427 3735 564 3780 vase
590 3716 871 3797 abii,post
896 3722 1121 3778 tantum
1148 3723 1384 3795 tempus
1408 3718 1809 3795 persequeris:
1837 3725 1897 3775 et
1927 3714 2068 3795 quid

426 3828 547 3870 non
576 3808 714 3869 mali
738 3826 770 3868 a
795 3816 849 3867 te
874 3824 1085 3887 passus
1115 3805 1316 3866 fuero?
1346 3804 1656 3876 Quomodo
1688 3822 1827 3867 vero
1859 3805 1920 3865 in
1955 3806 2067 3866 do—

427 3916 587 3959 mum
624 3896 731 3958 Dei
760 3894 1093 3975 ingrediar?
1125 3893 1255 3955 Non
1288 3894 1433 3955 licet
1467 3894 1775 3955 veritatem
1807 3894 2014 3955 audire
2038 3913 2070 3956 a

425 3987 591 4048 vobis
613 3986 988 4048 Christianis.
1017 3987 1185 4046 Tunc
1209 3984 1443 4045 daemon
1463 4002 1738 4060 egressus
1760 3983 1835 4043 ab
1869 3984 2066 4045 homi-

423 4076 758 4153 ne,abiitin
783 4076 916 4137 loca
946 4075 1182 4136 deserta
1205 4082 1263 4135 et
1289 4074 1615 4148 inaccessa,
1648 4075 1827 4134 homo
1861 4081 2061 4135 autem

2156 3176 2254 3242 τὴν
2308 3176 2604 3255 ὑπόσχεσιν
2665 3177 2885 3253 ἀπῄτει,
2923 3168 2978 3234 Ὀ
3011 3175 3065 3232 δὲ
3096 3177 3241 3242 ὅσιος
3271 3177 3477 3242 ἀνοίξας
3524 3180 3585 3233 τὸ
3620 3179 3809 3235 ἑαυτοῦ

2156 3265 2351 3344 στόμα,
2390 3264 2491 3346 ἔφη
2524 3270 2599 3325 τῶ
2658 3265 2864 3342 δαίμονι
2898 3283 2912 3298 ⁶
2963 3264 3096 3324 Ἰδοὺ
3126 3266 3236 3344 ἐγώ
3266 3269 3373 3339 εἰμι
3408 3270 3435 3324 ὁ
3468 3268 3753 3346 ἅνθρωπος
3788 3284 3804 3299 ⁸

2156 3353 2402 3416 εἰσελθὼν
2459 3357 2693 3412 κατοίκει
2754 3356 2807 3410 ἐν
2866 3355 3005 3429 ἐμοί,
3059 3348 3116 3414 Ὀ
3162 3356 3215 3411 δὲ
3290 3356 3491 3432 δαίμων
3547 3361 3626 3421 ὡς
3675 3360 3807 3438 ὑπὲρ

2153 3446 2317 3523 πυρὸς
2351 3444 2601 3525 πλεχθεὶς
2635 3445 2721 3501 ἐπὶ
2756 3452 2832 3519 τῷ
2873 3443 3040 3523 λόγῳ,
3095 3442 3381 3513 ἀνεϐόησεν
3433 3446 3635 3525 λέγων·
3676 3451 3811 3504 Οὖαί

2154 3556 2247 3608 μοι
2286 3552 2301 3569 ·
2362 3538 2416 3590 εν
2473 3533 2735 3612 ἀλλοτρίῳ
2788 3533 2913 3591 ὄντα
2992 3556 3061 3609 με
3124 3537 3300 3592 σκεύει
3356 3537 3494 3612 μετὰ
3547 3541 3809 3595 τοσοῦτον

2154 3624 2355 3703 χρόνον
2386 3622 2621 3698 διώκεις,
2673 3625 2761 3681 καὶ
2806 3624 2855 3682 τί
2890 3627 2984 3681 οὒκ
3036 3624 3100 3680 ἄν
3133 3628 3352 3701 πάθοιμι
3388 3628 3533 3705 παρὰ
3566 3650 3666 3683 σου
3695 3651 3804 3684 κα-

2155 3716 2300 3787 κόν;
2349 3717 2468 3780 Πῶς
2526 3716 2614 3771 καὶ
2673 3716 2745 3776 εἰς
2805 3716 2962 3772 οἷκον
3018 3716 3150 3772 Θεοῦ
3209 3715 3637 3792 εἰσελεύσομαι;
3698 3723 3813 3777 03x

2154 3802 2297 3858 ἔστιν
2331 3804 2584 3873 ἀλήθειαν
2645 3805 2866 3862 ἀκοῦσαι
2927 3804 3052 3884 παρ’
3104 3808 3252 3881 ὑμῶν
3306 3810 3411 3863 τῶν
3444 3808 3805 3882 Χριστιανῶν,

2154 3894 2287 3952 Τότε
2345 3892 2566 3958 ἐξελθὼν
2614 3897 2640 3950 ὁ
2685 3894 2887 3970 δαίμων
2950 3895 3057 3951 ἀπὸ
3100 3902 3193 3951 τοῦ
3235 3895 3513 3975 ἀνθρώπου
3556 3899 3633 3961 εἰς
3669 3897 3809 3975 ἐρή-

2154 4005 2288 4060 μους
2331 3983 2429 4041 καῖ
2476 3983 2705 4047 ἀϐάτους
2738 3986 2930 4048 τόπους
2959 3984 3219 4064 ἐπορεύθη
3257 4001 3270 4015 ⁸
3319 3987 3379 4043 '0
3426 3985 3479 4041 δὲ
3524 3985 3811 4065 ἅνθρωπος

2151 4075 2362 4152 ἓγένετο
2406 4075 2559 4154 ὑγιὴς
2608 4080 2674 4151 τῇ
2717 4072 2933 4153 δυνάμει
2998 4081 3091 4131 τοῦ
3165 4077 3349 4153 Κυρίου
3427 4074 3605 4143 Ἰησοῦ
3665 4085 3809 4156 Χρι-

423 4166 813 4229 evasitsanus
841 4165 1057 4226 virtute
1080 4174 1138 4227 et
1179 4163 1367 4243 gratia
1412 4165 1650 4226 Domini
1687 4163 1879 4225 nostri
1912 4162 2061 4226 Jesu
2142 4167 2291 4224 στοῦ.

421 4254 661 4332 Christi,
688 4257 792 4334 [(2)
822 4257 1135 4334 Deumque
1160 4262 1448 4335 perpetuo
1471 4252 1749 4314 laudabat
1781 4265 1841 4314 et
1872 4253 2057 4332 glori-

418 4345 720 4419 ﬁcabat,et
751 4354 1021 4406 sanctum
1053 4344 1184 4423 ejus
1216 4344 1500 4405 famulum
1537 4343 1977 4424 Parthenium]

502 4434 574 4496 V.
602 4434 877 4497 Perfecto
902 4452 1041 4494 vero
1062 4450 1244 4513 opere
1264 4431 1673 4493 mdiﬁcationis
1698 4446 1922 4494 sanctae
1951 4435 2058 4497 Dei

420 4527 967 4589 ecclesiae.studium
994 4530 1241 4596 ponebat
1270 4528 1442 4582 homo
1468 4526 1569 4581 Dei
1593 4534 1655 4581 ut
1682 4539 2063 4596 reponeretur

423 4611 722 4685 mensa,in
748 4629 864 4691 qua
886 4612 1200 4691 oportebat
1218 4611 1470 4672 Domino
1486 4610 1686 4671 oﬁ'erri
1710 4611 1976 4689 spiritale
2003 4623 2063 4676 et

422 4703 805 4764 incruentum
839 4701 1221 4764 sacriﬁcium.
1250 4699 1395 4761 Cum
1420 4710 1619 4762 autem
1647 4699 1973 4764 invenisset
2002 4709 2062 4764 in

420 4790 678 4872 quodam
698 4790 1138 4865 loco,dedicato
1165 4789 1635 4869 idolis,lapidem
1657 4789 1982 4869 pretiosum
2007 4801 2065 4854 et

419 4889 621 4962 aptum
643 4880 715 4942 ad
742 4880 962 4941 salicta;
982 4897 1205 4940 mensae
1220 4879 1705 4939 concinnandum
1732 4881 2062 4961 opus,quod

416 4968 1025 5050 quaerebatur,eifecit
1050 4969 1103 5029 id
1126 4968 1374 5048 pulchre
1402 4967 1698 5029 elaborari
1722 4976 1779 5029 et
1799 4968 2066 5050 adaptari

415 5059 490 5122 ab
513 5058 1150 5123 artilicibus.Profecto
1177 5075 1316 5118 vero
1342 5057 1752 5137 opere,~jussit
1772 5058 1832 5118 id
1865 5059 2066 5121 afferri

413 5148 475 5210 in
509 5149 853 5212 ecclesiam.
893 5146 1039 5209 Cum
1074 5165 1216 5226 ergo
1246 5147 1509 5208 artiﬁces
1556 5146 1819 5226 lapidem
1854 5150 2058 5213 currui

416 5239 933 5319 imposuissent,et
956 5237 1137 5300 boves
1164 5236 1835 5317 junxissent,ducebant
1856 5239 1928 5300 ad
1970 5240 2058 5301 ci-

415 5329 969 5391 vitatem.lnvidens
991 5337 1188 5389 autem
1212 5336 1273 5388 et
1296 5327 1585 5389 bonorum
1605 5344 1856 5406 operum
1880 5347 2058 5393 aemu-

412 5418 506 5480 lus
538 5418 839 5496 diabolus,
874 5436 997 5481 non
1027 5417 1231 5481 ferens
1263 5417 1466 5497 ignem
1507 5415 1691 5479 divini
1721 5417 1839 5484 zeli
1868 5421 2059 5484 sancti

496 5596 581 5679 (2)
610 5596 796 5660 Uncis
826 5595 1059 5660 inclusa
1081 5596 1327 5660 Graecus
1353 5603 1545 5661 textus
1577 5613 1698 5656 non
1728 5594 1932 5673 habet,

2227 4440 2677 4520 Ἀπαρτισθέντος
2734 4440 2787 4498 δὲ
2847 4451 2939 4500 τοῦ
2997 4440 3151 4520 ἔργου
3209 4448 3311 4509 τῆς
3370 4442 3663 4519 οἰκοδομῆς
3694 4452 3807 4513 τῆς

2146 4530 2302 4607 ἁγίας
2358 4539 2450 4588 τοῦ
2506 4538 2732 4607 Χριστοῦ
2817 4530 3131 4605 ἐκκλησίας,
3196 4530 3432 4601 σπουδὴν
3493 4534 3691 4590 ἐτίθετο
3775 4539 3807 4591 ὁ

2148 4628 2280 4677 Θεοῦ
2324 4619 2597 4700 ἅνθρωπος
2662 4631 2753 4679 τοῦ
2806 4621 3094 4678 ἀποθέσθαι
3151 4622 3249 4688 την
3307 4623 3593 4700 τράπεζαν,
3664 4624 3721 4678 ἐν
3767 4627 3809 4701 ᾖ

2146 4709 2250 4767 ἔδει
2309 4712 2407 4779 τὴν
2451 4711 2819 4786 πνευματικὴν
2862 4710 2959 4767 καὶ
3017 4710 3344 4779 ἀναίμακτον
3369 4715 3551 4769 θυσίαν
3582 4715 3810 4791 ἀναφέ-

2147 4804 2325 4878 ρεσθαι
2356 4808 2433 4875 τῷ
2482 4803 2676 4880 Κυρίῳ.
2713 4802 2889 4879 Εὸρὼν
2920 4799 2975 4856 δὲ
3028 4800 3081 4857 ἕν
3142 4822 3242 4856 τινι
3285 4800 3436 4873 τόπῳ
3483 4801 3813 4877 κατειδώλῳ

2147 4889 2288 4946 λίθον
2332 4889 2632 4960 ἐπιτήδειον
2693 4891 2779 4946 καὶ
2837 4889 3018 4965 τίμιον
3075 4889 3357 4970 ὀφείλοντα
3424 4892 3659 4970 ἁρμόσαι
3722 4896 3812 4958 εἰς

2147 4982 2208 5035 τὸ
2267 4980 2683 5054 ἐπιζητούμενον
2768 4980 2921 5058 ἔργον
2980 4986 3076 5047 τῆς
3132 4982 3401 5059 τραπέζης
3457 4982 3813 5060 καλλιεργη-

2146 5069 2299 5136 θῆναι
2357 5071 2459 5126 ὑπὸ
2518 5077 2625 5127 τῶν
2680 5076 2946 5151 τεχνιτῶν
3000 5071 3296 5130 πεποίηκεν
3336 5090 3350 5106 ·
3414 5074 3549 5145 μετὰ
3594 5070 3650 5128 δὲ
3696 5076 3814 5141 τὴν

2148 5156 2469 5236 ἀπαλλαγὴν
2521 5161 2757 5235 κομίζειν
2814 5162 2886 5225 εἷς
2943 5161 3041 5227 τὴν
3121 5162 3413 5228 ἓκκλησέαν
3471 5161 3809 5240 ἐπέτρεψεν.

2146 5249 2446 5314 Ἐπιθέντες
2495 5257 2774 5329 τοιγαροῦν
2820 5251 2866 5306 οἱ
2922 5263 3176 5331 τεχνῖται
3221 5253 3311 5309 τὸν
3374 5251 3521 5308 λίθον
3563 5252 3652 5309 ἐπὶ
3693 5253 3815 5307 τῆν

2143 5336 2371 5413 ἄμαξαν,
2431 5338 2704 5410 ζεύξαντες
2758 5340 2879 5404 τοὺς
2937 5342 3065 5415 βόας
3108 5341 3243 5419 ἦγον
3281 5344 3335 5396 ὲν
3379 5347 3447 5414 cf}
3498 5340 3681 5404 πόλει.
3732 5341 3811 5401 ’0

2142 5428 2197 5487 δὲ
2228 5429 2497 5506 βάσκανος
2528 5433 2626 5488 καὶ
2679 5428 2959 5502 ἀντίζηλος
3015 5438 3120 5488 τῶν
3150 5431 3484 5510 Χριστιανῶν
3514 5428 3810 5510 ’διάϐολος¹
