4060 6206
265 325 287 390 l
303 320 418 394 353

1537 323 1720 394 VITA
1768 332 1828 394 S.
1881 329 2339 394 PARTHENII.

3474 318 3628 400 1354

260 469 355 525 οῦκ
385 465 604 544 ἐνέγκας
633 469 696 522 16
749 474 848 544 πῦρ
890 474 982 524 τοῦ
1040 468 1173 524 κατὰ
1219 469 1348 524 Θεὸν
1399 467 1564 537 ζήλου
1594 477 1686 526 τοῦ
1742 469 1921 545 ἀγίουι

2007 466 2114 539 'iri,
2151 465 2520 527 conturbatis
2549 465 2766 540 bobus,
2801 467 3023 541 effecit,
3058 477 3120 529 ut
3150 469 3191 529 ii
3225 479 3480 550 repente
3514 471 3627 532 im-

261 553 472 633 ἀνδρὸς,
532 555 846 634 διαταράξας
907 559 1027 620 τοῦς
1073 558 1199 634 βόας
1232 555 1498 634 αἰφνιδίως
1567 560 1708 632 ὁρμῇ
1770 558 1902 613 ἀκα-

261 646 537 725 τκσχέτῳ,
593 645 779 703 ὕπτιον
823 645 1030 725 ἕῤῥιψεν
1087 649 1157 712 εἷς
1215 647 1311 714 τὴν
1364 650 1467 723 γῆν
1525 649 1615 702 τὸν
1676 644 1904 703 ἕλκοντα

261 735 382 799 τοὺς
442 736 593 811 βόας,
641 736 863 811 ὀνόματι
911 737 1260 815 Εὖτυχιανὸν,
1326 736 1382 791 ὃν
1443 733 1823 809 ὑπολαϐομένη
1869 737 1902 802 ἡ

263 821 464 902 ἅμαξα,
524 831 699 881 πᾶσαν
759 830 858 892 τὴν
916 831 1022 881 τῶν
1079 824 1412 903 σπλάγχνων
1476 827 1634 881 αὒτοῦ
1670 824 1904 902 διέρρηξε

263 909 348 968 διὰ
387 915 482 970 τοῦ
535 921 739 993 τροχοῦ
784 915 1112 988 οἰκονομίαν.
1152 915 1340 971 Μαθὼν
1404 916 1492 970 06v
1521 915 1581 970 τὸ
1612 916 1831 991 γεγονὸς
1879 917 1906 970 6

264 999 448 1066 δοῦλος
508 1009 602 1060 τοῦ
663 1011 890 1072 Χριστοῦ
946 1004 1102 1061 εἶπεν
1139 1022 1152 1036 ⁸
1199 1006 1364 1062 Τοῦτο
1428 1004 1698 1070 Σατανικὴ
1751 1004 1909 1060 κακία

262 1092 580 1159 πεποίηκεν.
656 1093 766 1150 Οὔκ
831 1092 1134 1168 ἐμποδίσεις
1181 1094 1235 1149 ἓν
1292 1095 1485 1168 τούτῳ,
1551 1091 1789 1167 διάϐολε,
1847 1095 1907 1150 τὸ

263 1180 415 1260 ἔργον
456 1191 550 1241 τοῦ
598 1191 756 1254 Θεοῦ,
804 1188 894 1241 καὶ
926 1182 1254 1259 παραλαϐὼν
1298 1185 1421 1245 τοὺς
1455 1183 1608 1246 ὄντας
1641 1187 1734 1240 σὺν
1766 1184 1909 1259 αῦτῷ

263 1270 451 1351 ἄνδρας
511 1271 809 1353 θεοσεϐεῖς,
882 1273 1211 1353 κατέδραμεν
1270 1274 1355 1330 ἐπὶ
1412 1275 1503 1330 τὸν
1560 1275 1747 1352 τόπον,
1822 1276 1909 1330 καὶ

268 1362 493 1430 πλησίον
555 1367 649 1421 τοῦ
705 1364 997 1440 πτώματος
1045 1364 1228 1431 κλίνας
1285 1366 1350 1421 τὰ
1402 1364 1600 1442 γόνατα
1630 1367 1766 1440 μετὰ
1811 1364 1908 1422 δα-

268 1454 440 1531 κρύων
495 1451 832 1532 προσηύξατο
899 1455 1125 1519 ἐκτενῶς
1183 1456 1312 1531 πρὸς
1371 1455 1460 1512 τὸν
1521 1457 1650 1511 Θεὸν
1710 1454 1902 1534 λέγων·

267 1544 340 1599 Σὺ
393 1542 638 1601 Δέσποτα
670 1545 697 1601 ὁ
726 1547 876 1617 Θεὸς,
911 1547 938 1600 6
985 1550 1128 1615 ζωῆς
1173 1546 1262 1600 καὶ
1307 1545 1535 1601 θανάτου
1569 1545 1782 1622 Κύριος,
1817 1549 1912 1602 οὒκ

269 1633 514 1710 ἀγνοεῖς,
571 1632 635 1690 δι’
691 1634 757 1702 ἣν
802 1635 970 1691 αἰτίαν
1029 1637 1056 1690 6
1114 1634 1423 1714 ἀρχέκακος
1455 1637 1651 1715 ἱεχθρὸς
1682 1635 1910 1692 θάνατον

269 1723 345 1788 εἷς
389 1724 478 1780 τὸν
511 1725 604 1781 σὸν
651 1723 892 1804 πλάσμα,
926 1724 1049 1780 ἀλλ’
1093 1727 1166 1787 ὡς
1197 1725 1429 1783 πάντοτε
1459 1727 1546 1781 καὶ
1590 1735 1678 1784 νῦν
1738 1723 1912 1791 δεῖξον

1988 557 2256 635 petu,qui
2283 553 2550 616 cohiberi
2585 574 2701 617 non
2729 557 3541 640 poterat,incitati,supinum
3567 562 3628 622 in

1987 657 2204 709 terram
2223 666 2326 728 pro
2327 648 2350 728 j
2361 649 2868 729 ecerinteum,qui
2886 649 3156 711 trahebat
3169 650 3630 727 boves,nomine

1989 738 2421 817 Eutychianum
2449 757 2464 817 ;
2497 757 2674 818 quem
2707 739 3016 819 excipiens
3042 758 3271 815 currus,
3309 760 3415 820 per
3449 751 3626 804 totam

1991 827 2280 906 perfregit
2301 845 2541 889 omnem
2567 835 2859 890 viscerum
2885 830 3017 909 ejus
3039 832 3631 912 compagem,sicque

1993 923 2040 974 is
2064 922 2399 990 exspiravit.
2439 920 2575 978 Cum
2598 933 2787 978 autem
2812 924 3126 992 accepisset
3153 926 3306 994 quod
3326 924 3631 992 acciderat,

1991 1018 2200 1062 servus
2229 999 2334 1062 Dei
2358 1001 2736 1077 Parthenius,
2764 1003 2910 1064 dixit
2945 1027 2958 1062 :
2994 1003 3121 1066 Hoc
3153 1003 3430 1067 Satanica
3460 1005 3635 1085 plane

1993 1090 2132 1152 fecit
2167 1089 2552 1152 malitiaNon
2585 1092 2884 1172 impedies
2912 1093 2972 1154 in
3008 1095 3147 1168 hoc,
3184 1093 3448 1167 diabole,
3484 1114 3635 1175 opus

1994 1180 2194 1253 Dei,et
2214 1180 2409 1242 statim
2453 1200 2766 1244 assumens
2789 1201 2993 1245 secum
3021 1183 3151 1266 pios
3174 1183 3464 1264 viros,qui
3498 1203 3634 1247 cum

1991 1269 2124 1348 ipso
2159 1279 2348 1349 erant,
2385 1273 2646 1332 cucurrit
2677 1271 2752 1332 ad
2780 1273 2972 1333 locum
3008 1292 3021 1333 :
3051 1283 3110 1334 et
3132 1282 3298 1334 stans
3321 1291 3510 1353 prope
3538 1293 3637 1336 ca-

1993 1359 2265 1435 daver,et
2289 1371 2495 1422 sancta
2517 1379 2624 1422 sua
2647 1361 2946 1423 inclinans
2970 1380 3335 1440 genua,cum
3358 1363 3638 1444 lacrymis

1996 1448 2231 1512 intense
2279 1451 2467 1512 oravit
2511 1451 2583 1512 ad
2618 1453 2834 1532 Deum,
2892 1451 3102 1532 dicens
3139 1473 3151 1515 :
3208 1452 3320 1528 Tu,
3356 1453 3634 1527 Domine,

1994 1539 2376 1620 omnipotens
2407 1539 2820 1621 suppeditatur
2841 1541 2972 1602 vitm
2994 1550 3052 1603 et
3075 1542 3436 1618 mortis,non
3461 1545 3634 1619 igno-

1993 1647 2090 1690 ras
2123 1638 2369 1710 propter
2399 1648 2580 1709 quam
2600 1649 2842 1692 causam
2868 1639 3076 1693 auctor
3105 1632 3402 1695 malorum
3431 1634 3638 1696 inimi-

1994 1736 2120 1791 cus,
2152 1718 2529 1780 machinatus
2559 1730 2651 1779 est
2682 1729 2936 1782 mortem
2971 1721 3030 1781 in
3063 1730 3226 1783 tuum
3257 1722 3635 1802 ﬁgmentum.

267 1811 431 1870 αῦτοῦ
474 1814 702 1885 ματαίαν
770 1816 864 1882 τὴν
934 1814 1300 1893 ἐπιχείρησιν,
1362 1819 1506 1884 ζωῆς
1561 1813 1615 1870 δὲ
1675 1815 1909 1894 μέτοχον

2007 1806 2180 1886 Sed,o
2206 1807 2832 1888 benignissime,nune
2855 1828 3097 1890 quoque
3116 1813 3373 1875 ostende
3396 1813 3638 1877 inanem

269 1903 362 1959 τὸν
409 1904 503 1960 σὸν
559 1902 746 1962 δοῦλον
811 1905 1067 1983 Εῦτόχιον
1125 1905 1374 1977 ποίησον,
1438 1903 1606 1970 δείξας
1662 1917 1780 1966 τοῖς
1836 1906 1909 1966 εἷς

267 1991 328 2046 σὲ
386 1993 719 2050 πιστεύουσιν
758 1993 856 2060 τὴν
901 1993 1150 2059 ἀνίκητόν
1199 2016 1292 2050 σου
1323 1991 1541 2068 δύναμιν
1577 2013 1592 2028 ο
1627 1991 1790 2050 ἔτιδὲ
1821 1993 1911 2049 τοῦ

268 2078 470 2138 δικαίου
517 2083 617 2148 τὴν
674 2084 846 2163 εὐχὴν
875 2089 951 2157 τῷ
995 2089 1110 2156 Θεῷ
1142 2082 1576 2158 ἀναπέμποντος,
1611 2085 1672 2139 16
1703 2086 1910 2157 πνεῦμα

269 2177 363 2228 τοῦ
418 2173 733 2238 τεθνηκότος
786 2171 1080 2251 ἐπέστρεψε
1134 2174 1265 2248 πρὸς
1299 2175 1360 2228 τὸ
1393 2179 1548 2248 σῶμα
1579 2181 1672 2230 τοῦ
1701 2171 1908 2250 ἀνθρώ·-

270 2282 374 2318 που
431 2261 656 2337 ἐπόψεσι
712 2264 911 2326 παντὸς
966 2271 1053 2318 τοῦ
1097 2262 1228 2318 λαοῦ
1284 2261 1554 2340 λέγοντος·
1617 2262 1751 2328 Δόξα
1801 2284 1908 2335 σοι,

272 2348 452 2417 Ἰησοῦ
495 2352 709 2428 Χριστὲ,
757 2354 784 2408 6
833 2352 1047 2429 νεκροὺς
1088 2351 1317 2408 ἆνιστῶν
1352 2367 1364 2380 ’
1431 2353 1519 2408 καὶ
1577 2349 1909 2426 ἑπιλαὸόμευ

273 2462 361 2504 νος
411 2441 528 2506 τοὺς
563 2441 692 2517 βόας
753 2440 907 2498 εἷλκε
957 2442 1056 2508 τὴν
1090 2441 1299 2516 ἄμαξαν
1343 2441 1446 2505 ἕως
1485 2449 1567 2500 τοῦ
1598 2442 1754 2498 οἴκου
1812 2445 1909 2508 τῆς

272 2526 425 2606 ἆγίας
458 2528 768 2595 ἐκκλησίας.

1995 1896 2127 1974 ejus
2161 1906 2440 1958 conatum
2477 1917 2490 1958 :
2529 1897 2661 1958 vitae
2692 1906 2887 1959 autem
2951 1899 3299 1980 participem
3349 1903 3441 1965 fac
3474 1912 3637 1965 tuum

1993 2004 2229 2048 servum
2255 1985 3056 2067 Eutychianum,ostendens
3079 1988 3288 2070 iis,qui
3323 1991 3384 2052 in
3419 2000 3476 2055 te
3501 2010 3643 2055 cre-

1995 2077 2163 2149 dunt,
2196 2075 2472 2137 invictam
2534 2083 2692 2138 tuam
2758 2077 3107 2156 potentiam.
3142 2077 3435 2150 Quoniam
3473 2090 3535 2145 tu
3574 2101 3640 2145 es

1995 2163 2159 2226 solus
2193 2165 2371 2238 Deus,
2405 2171 2465 2226 et
2496 2173 2554 2227 te
2609 2165 2781 2226 decet
2839 2166 3028 2244 gloria
3057 2169 3116 2228 in
3148 2171 3388 2232 saecula.
3417 2175 3636 2234 Amen.

1997 2254 2139 2318 Cum
2173 2262 2369 2316 autem
2419 2254 2504 2316 vir
2536 2254 2735 2334 justus
2778 2255 2900 2317 Deo
2935 2257 3235 2320 emisisset
3268 2261 3371 2322 bas
3402 2279 3636 2342 preces,

1995 2363 2273 2407 reversus
2293 2353 2380 2406 est
2401 2345 2612 2405 mortui
2629 2345 2877 2426 spiritus
2893 2345 2952 2406 in
2968 2365 3184 2428 corpus
3197 2348 3418 2430 ejus,et
3435 2352 3639 2430 caepit,

1995 2435 2097 2516 qui
2125 2434 2320 2496 fuerat
2352 2441 2644 2509 mortuus,
2689 2435 2894 2498 dicere
2924 2435 2986 2497 in
3019 2447 3344 2517 conspectu
3377 2441 3642 2504 universi

1995 2525 2242 2607 populi:
2268 2524 2473 2585 Gloria
2503 2524 2634 2598 tibi,
2671 2525 2904 2588 Christe
2926 2525 3214 2608 Deus,qui
3237 2528 3416 2591 etiam
3442 2533 3642 2594 suscio

270 2623 361 2677 tas
391 2623 663 2678 mortuos
695 2637 711 2688 ;
739 2623 796 2680 et
825 2636 959 2680 cum
996 2619 1268 2699 protinus
1300 2619 1684 2696 surrexisset,
1720 2626 1779 2682 et
1805 2619 1994 2681 factus
2030 2624 2186 2678 esset
2215 2632 2396 2676 sanus
2424 2613 2576 2675 sicut
2608 2615 2792 2696 prius,
2821 2622 2880 2677 et
2905 2616 3239 2696 accepisset
3267 2617 3448 2682 boves
3470 2624 3648 2684 traxit

275 2723 516 2788 currum
551 2725 740 2788 usque
769 2709 841 2768 ad
889 2706 1078 2770 aedem
1113 2709 1407 2771 ecclesize.

356 2785 460 2870 ς’,
500 2798 698 2860 [Ιοίντες
743 2798 832 2854 οὖν
863 2797 1061 2858 ἰδόντες
1091 2800 1152 2854 τὸ
1186 2797 1493 2876 Δπαρείδοξον
1538 2811 1768 2874 σημεῖον
1793 2805 1920 2854 τοῦ-

272 2908 360 2961 το,
418 2888 758 2966 πανταχόθεν
818 2887 1006 2967 ἔφερον
1067 2889 1186 2952 τοὺς
1247 2888 1593 2951 ἀσθενοῦντας
1655 2890 1740 2944 καὶ
1796 2889 1917 2950 τοὺς

275 2974 641 3053 ὀχλουμένους
725 2979 827 3034 6116
916 2980 1230 3051 πνευμάτων
1306 2981 1552 3055 πονηρῶν
1590 2995 1604 3008 '
1686 2979 1774 3033 καὶ
1849 2982 1918 3052 τῇ

270 3063 490 3141 δυνάμει
544 3069 638 3123 τοῦ
701 3068 884 3145 Κυρίου
929 3067 1309 3144 ἐθεραπεύοντο
1353 3067 1606 3131 ἅπαντες.
1671 3074 1822 3123 Πᾶσα
1863 3063 1917 3120 δὲ

268 3153 488 3232 ἰατρικῆ
545 3155 719 3233 τέχνη
780 3159 836 3211 ἓν
909 3170 1030 3218 ταῖς
1107 3157 1332 3235 ἡμέραις
1389 3156 1482 3213 τοῦ
1526 3159 1676 3235 ἁγίου
1737 3159 1922 3213 τούτου

276 3241 463 3320 ἀνδρὸς
495 3243 730 3318 ἠσθένει,
771 3243 855 3301 διὰ
887 3247 947 3301 16
977 3258 1210 3302 παντοῖα
1243 3247 1386 3313 πάθη
1419 3247 1504 3303 ἐπὶ
1563 3247 1638 3321 τῷ
1699 3247 1921 3320 ὀνόματι

273 3339 368 3388 τοῦ
403 3337 588 3411 Κυρίου
621 3337 776 3410 ἡμῶν
809 3333 997 3401 Ἰησοῦ
1057 3341 1282 3412 Χριστοῦ
1338 3335 1644 3412 ἂναργύρως
1701 3337 1874 3392 ἰᾶσθαι
1903 3350 1917 3364 ·

274 3421 331 3476 ἰν
387 3421 475 3486 οἷς
543 3424 816 3488 Διονύσιος
860 3433 954 3482 τοῦ
996 3431 1346 3500 πραιποσίτου
1398 3425 1682 3500 βασιλικῆς
1716 3427 1922 3501 βαστα-

275 3511 405 3589 γῆς,
480 3512 740 3591 θυγατέρα
799 3513 1082 3592 παρθένον,
1141 3513 1362 3584 ὀνόματι
1427 3514 1665 3592 Δάφνην,
1738 3514 1923 3580 δεινῶς

271 3601 377 3657 ὑπὸ
430 3599 676 3677 δαίμονος
708 3600 1133 3678 παιδευομένην,
1168 3601 1221 3657 ἐν
1268 3601 1416 3666 ὅλαις
1474 3605 1639 3680 τρισὶν
1686 3604 1922 3682 ἡμέραις

271 3689 643 3768 ἱθεράπευσεν,
731 3692 950 3771 Ἐτέραν
1052 3690 1107 3747 δὲ
1192 3693 1476 3768 Μαμᾶλίου
1561 3695 1922 3769 πρωτεύοντός

275 3801 424 3844 τινος
491 3783 590 3848 τῆς
669 3783 951 3860 Σμυρνέων
1025 3781 1234 3847 πόλεως
1333 3781 1616 3858 θυγατέρα,
1701 3784 1926 3858 ὀνόματι

277 3868 647 3948 Ἀγαλματίαν
702 3873 801 3927 ὑπὸ
888 3871 1188 3947 πνεύματος
1263 3871 1560 3950 ἀκαθάρτου
1619 3870 1928 3951 καταῤῥησ-

277 3958 515 4035 σομένην
575 3962 664 4018 καὶ
717 3960 1035 4038 ἀφρίζουσαν
1090 3965 1176 4017 καὶ
1222 3959 1610 4037 ξηραινομένην
1643 3960 1927 4039 ἑθεράπευ-

278 4070 374 4105 σαν
407 4067 425 4086 ⁶
463 4049 674 4108 Ζω’ίλαν
720 4048 773 4106 δὲ
806 4051 1028 4125 ὀνόματι
1090 4052 1197 4107 ἀπὸ
1255 4052 1376 4113 τοὺς
1428 4049 1629 4130 Πέτρας
1676 4050 1929 4109 ἐλθοῦσαν

281 4141 374 4198 καὶ
436 4141 535 4197 6116
595 4139 844 4217 δαίμονος
908 4141 1167 4216 μαντικοῦ
1213 4141 1456 4206 ἐλεεινῶς
1515 4141 1931 4220 συντριϐομὲνην

2043 2795 2318 2860 VI.Tunc
2339 2794 2681 2874 omnes,qui
2698 2793 3092 2856 videranthoc
3113 2795 3464 2861 miraculum
3490 2801 3640 2864 adeo

2004 2895 2224 2966 praeter
2246 2883 2954 2964 opinionem,aﬂ‘erebant
2978 2885 3240 2966 undique
3262 2898 3640 2967 aegrotantes,

2003 2987 2055 3032 et
2077 2976 2174 3046 qui
2198 2987 2335 3030 veXa
2348 2975 2558 3031 bantur
2579 2973 2650 3031 ab
2675 2975 2994 3031 immundis
3020 2977 3358 3046 spiritibus:
3390 2985 3448 3036 et
3467 2983 3643 3050 gratia

2007 3065 2066 3119 et
2095 3056 2309 3118 virtute
2341 3053 2579 3117 Domini
2608 3056 2747 3116 Jesu
2778 3056 3143 3118 curabantur
3173 3077 3409 3123 omnes.
3439 3058 3649 3124 Omnis

1941 3123 1980 3174 ο
2005 3157 2203 3210 autem
2238 3164 2336 3207 ars
2369 3145 2686 3207 medicinae
2724 3146 2785 3207 in
2840 3145 3052 3207 diebus
3107 3148 3284 3226 hujus
3314 3152 3504 3213 sancti
3537 3153 3647 3214 viri

2007 3246 2133 3300 erat
2160 3234 2815 3315 imbecilla,propterea
2840 3236 2996 3315 quod
3029 3255 3208 3298 omne
3227 3257 3416 3316 genus
3449 3242 3650 3304 morbi

2005 3327 2066 3388 in
2101 3325 2344 3388 nomine
2375 3323 2612 3385 Domini
2674 3324 2863 3386 nostri
2916 3325 3056 3387 Jesu
3108 3326 3325 3390 Christi
3359 3334 3541 3407 gratis
3571 3330 3646 3394 ab

2007 3420 2138 3500 ipso
2176 3413 2690 3479 curaretur.lnter
2718 3434 2867 3495 quos
2899 3417 3210 3496 Dionysius
3241 3438 3476 3502 quoque
3502 3441 3648 3502 prm-

2011 3507 2187 3587 positi
2212 3504 2591 3580 ﬁlius,stirpe
2617 3503 3171 3583 imperatoria,cum
3195 3507 3446 3572 haberet
3463 3512 3645 3575 ﬁliam

2013 3592 2583 3675 virginem,nomine
2615 3593 3123 3672 Daphnen,quzea
3155 3595 3426 3661 daemone
3455 3603 3649 3678 gravi-

2013 3695 2103 3748 ter
2131 3682 2553 3763 castigabatur,
2591 3682 2722 3762 ipse
2762 3699 2892 3742 eam
2920 3681 3058 3742 totis
3086 3683 3276 3747 tribus
3309 3687 3520 3752 diebus
3545 3711 3651 3754 cu-

2011 3774 2453 3837 ravit.Alteram
2486 3780 2681 3862 autem
2703 3769 2958 3862 Miamalii
2991 3771 3304 3851 cujusdam
3332 3777 3650 3862 ﬁliam,qui

2014 3875 2139 3928 erat
2188 3864 2468 3945 princeps
2540 3859 2794 3923 civitatis
2845 3858 3294 3942 Smyrnensium
3329 3915 3344 3941 ,
3405 3858 3652 3934 nomine

2011 3953 2431 4035 Agalmatiam,
2496 3969 2630 4040 quas
2686 3949 2760 4012 ab
2813 3951 3122 4014 immundo
3177 3953 3391 4035 spiritu
3424 3971 3649 4040 vexata,

2011 4063 2286 4127 spumam
2348 4039 2678 4114 emittebat,
2737 4041 2986 4102 curavit.
3022 4043 3262 4106 Zoelem
3291 4063 3429 4109 vero
3461 4053 3653 4112 nomi-

2015 4154 2116 4210 ne,
2149 4152 2280 4216 quae
2313 4133 2388 4195 ad
2419 4131 2634 4193 Persas
2667 4138 2927 4205 venerat,
2964 4140 3025 4193 et
3053 4150 3088 4194 a
3137 4132 3412 4200 daemone
3441 4140 3652 4203 vatici-

283 4233 381 4288 οὒκ
419 4231 490 4296 εἷς
537 4233 743 4309 μακρὸν
803 4233 1000 4311 χρόνον
1046 4231 1405 4305 ἠλευθέρωσεν
1469 4238 1537 4308 τῇ
1591 4239 1687 4289 τοῦ
1747 4234 1921 4312 Κυρίοι

2019 4232 2197 4286 nante
2230 4219 3132 4320 miserabiliternconterebatur,
3167 4224 3325 4286 haud
3375 4227 3456 4290 ita
3476 4230 3680 4311 longo

288 4320 478 4401 χάριτι
517 4337 532 4352 '
570 4319 735 4378 ἄλλον
766 4310 840 4376 δὲ
878 4320 1038 4378 πάλιν
1093 4323 1347 4401 νεώτερον
1391 4321 1498 4378 ἀπὸ
1532 4322 1730 4400 Ὀρνῶν
1761 4310 1921 4401 ὁρμώ-

2021 4323 2154 4395 post
2182 4323 2476 4401 tempore,
2513 4310 2754 4371 Domini
2784 4316 2970 4401 gratia
2993 4311 3285 4374 liberavit.
3319 4317 3512 4380 Alium
3543 4310 3656 4383 au-

287 4432 446 4489 μενον
489 4412 602 4469 υἱὸν
650 4409 1004 4490 πρεσϐυτέρου
1057 4412 1280 4488 ὀνόματι
1343 4412 1554 4470 Νίκωνα
1612 4413 1715 4468 ὑπὸ
1772 4415 1921 4469 πνεύ-

2024 4414 2142 4466 tem
2175 4419 2386 4463 rursus
2406 4400 2689 4490 juvenem
2715 4417 2782 4461 ex
2807 4397 3045 4490 Hunnis
3075 4410 3293 4480 ortum,
3328 4407 3661 4490 presbyteri

290 4523 462 4578 ματος
554 4501 725 4558 δεινοῦ
808 4501 1210 4576 παιδευόμενον,
1304 4502 1594 4580 ἀγαγόντες
1657 4503 1703 4559 οἱ
1754 4503 1921 4560 τούτοι

2025 4492 2235 4567 ﬁlium,
2269 4491 2515 4552 nomine
2541 4487 2965 4580 _Niconem‘,qui
2995 4488 3070 4551 ab
3101 4480 3414 4556 immundo
3443 4480 3660 4579 spiritu

287 4576 496 4669 γονεῖς,
563 4590 786 4670 ἓρῤιψαν
832 4590 906 4654 εἰς
961 4591 1082 4654 τοὺς
1142 4589 1308 4653 πόδας
1344 4576 1436 4648 τοῦ
1486 4591 1662 4668 ἁγίου,
1697 4589 1917 4668 δεόμενο

2024 4583 2282 4660 graviter
2313 4577 2735 4678 castigabatur,
2773 4576 3142 4678 adducentes
3190 4582 3324 4661 ejus
3355 4576 3658 4668 parentes,

291 4668 388 4738 τοῦ
445 4668 666 4758 ἐλεῆσαι
711 4681 810 4748 τὴν
856 4686 946 4736 τοῦ
989 4678 1168 4736 ἀθλίου
1223 4682 1450 4748 νεότητα
1514 4683 1603 4737 καὶ
1649 4680 1921 4760 ἐλευθερῶ·

2019 4673 2298 4752 jecerunt
2327 4668 2405 4730 ad
2438 4668 2622 4760 pedes
2653 4669 2866 4744 sancti,
2895 4677 3177 4760 rogantes
3226 4681 3292 4733 ut
3321 4676 3452 4756 ejus
3484 4681 3662 4744 mise-

295 4791 388 4825 σαι
433 4770 589 4826 αῦτὸν
620 4777 711 4827 τοῦ
739 4769 1037 4846 ἀκαθάρτου
1068 4766 1337 4841 δαίμονος.
1375 4766 1434 4827 Ὀ
1501 4767 1555 4825 δὲ
1603 4770 1748 4835 ὅσιος
1810 4772 1942 4843 ἀνὴρ

299 4857 404 4936 ἔφη
450 4859 632 4923 αὒτοῖς
666 4877 680 4893 ⁰
748 4861 854 4918 Οῦκ
912 4857 1055 4914 ἔστιν
1095 4857 1238 4924 ἄξιος
1286 4861 1378 4916 τοῦ
1408 4861 1642 4925 ἰαθῆναι,
1676 4862 1812 4936 Πρὸς
1843 4862 1942 4939 γὰρ

298 4946 542 5006 παιδείαν
595 4948 819 5017 ἔπεδὸοη
884 4953 1027 5023 αῦτῴ
1071 4951 1099 5004 6
1162 4948 1396 5025 σκώλωψ
1467 4961 1560 5007 τοῦ
1617 4952 1940 5031 πνεύματος,

297 5037 434 5096 διότι
479 5038 800 5118 πατρολοίας
865 5039 1028 5099 ἐστίν.
1092 5036 1466 5106 Ἀθετηθέντες
1526 5040 1626 5117 γὰρ
1680 5039 1942 5102 πολλάκις

297 5129 393 5187 ὑπ’
436 5131 597 5187 αὐτοῦ
651 5129 706 5186 ἐν
763 5131 942 5207 πικρίᾳ
1003 5134 1185 5208 ψυχῆς
1246 5130 1417 5206 ὑμῶν,
1468 5131 1626 5205 ὑμεῖς
1677 5129 1945 5198 ἠτήσασθε

296 5222 391 5278 τὸν
453 5222 586 5278 Θεὸν
645 5217 997 5286 παιδευθῆναι
1050 5219 1229 5281 αὐτόν,
1275 5218 1477 5298 ’Ἄφετε
1508 5219 1690 5293 αὐτὸν,
1734 5221 1942 5300 συμφέ-

301 5331 378 5385 ρει
410 5311 510 5390 γὰρ
541 5314 710 5386 αὐτῷ.
745 5311 806 5368 Οἱ
839 5308 894 5366 δὲ
923 5311 996 5372 ὡς
1057 5323 1240 5388 γονεῖς
1291 5310 1627 5388 ὑπάρχοντες
1693 5312 1782 5367 καὶ
1824 5322 1944 5373 τοῖς

303 5401 640 5480 σπλάγχνοις
727 5400 1039 5474 νικώμενοι,
1119 5397 1417 5467 ἀνεϐόησαν
1488 5400 1625 5468 μετὰ
1681 5399 1942 5476 δακρύων,

305 5487 545 5560 δεόμενοι
577 5488 832 5570 εὔχεσθαι
889 5491 1019 5566 πρὸς
1082 5491 1172 5546 τὸν
1235 5492 1366 5547 Θεὸν
1414 5490 1533 5566 περὶ
1581 5492 1764 5562 αῦτοῦ,
1801 5488 1948 5552 ὅπως

307 5575 550 5654 λυτρωθῇ
579 5580 682 5638 ἀπὸ
714 5586 805 5637 τοῦ
861 5577 1128 5654 δαίμονος,
1181 5580 1238 5637 Ὀ
1299 5578 1352 5634 δὲ
1414 5578 1674 5653 μακάριος
1733 5600 1950 5653 συμπα-

308 5667 479 5738 θήσας
522 5681 641 5733 τοῖς
673 5670 1065 5748 ἀκατασχέτοις
1097 5668 1311 5746 δάκρυσι
1370 5674 1477 5724 τῶν
1521 5665 1745 5746 γονέων,
1794 5667 1951 5725 ἐκτε-

554 5773 813 5838 Parnm.
864 5777 979 5843 Gn.
1026 5777 1235 5842 CXIV.

2025 4770 2264 4824 reretur
2280 4757 2636 4840 juventutis,
2669 4767 2727 4818 et
2755 4776 2890 4820 eum
2937 4759 3220 4824 liberaret
3249 4762 3323 4824 ab
3355 4768 3663 4833 immundo

2029 4851 2321 4914 dremone.
2356 4850 2463 4909 Vir
2511 4856 2704 4909 autem
2767 4857 3008 4910 sanctus
3067 4851 3214 4913 dixit
3245 4852 3333 4914 eis
3369 4873 3382 4917 :
3414 4855 3543 4919 Non
3574 4870 3666 4921 est

2031 4942 2245 5022 dignus
2277 4940 2379 5019 qui
2404 4946 2668 5012 curetur;
2695 4937 2768 4997 ad
2817 4939 3266 5018 castigationem
3299 4947 3460 5006 enim
3494 4950 3668 5011 datus

2029 5032 2082 5094 ei
2114 5031 2221 5093 fuit
2253 5027 2530 5090 stimulus
2563 5025 2834 5106 Spiritus;
2868 5034 2961 5089 est
2993 5028 3150 5090 enim
3187 5034 3503 5110 parricida.
3545 5037 3668 5101 Vos

2031 5121 2191 5183 enim
2252 5136 2408 5199 saepe
2467 5115 2541 5179 ab
2601 5134 2670 5177 eo
2721 5114 2911 5177 habiti
2935 5122 3328 5200 contemptui,
3363 5125 3422 5186 in
3453 5127 3670 5190 animai

2027 5218 2239 5274 vestrae
2269 5225 2543 5272 amarore
2574 5207 2762 5297 a-Deo
2795 5204 3076 5297 petiistis,
3103 5216 3166 5268 ut
3194 5210 3323 5290 ipse
3355 5218 3671 5297 castigare-

2033 5309 2150 5363 tur.
2189 5299 2383 5362 Sinite
2415 5315 2551 5360 eum
2581 5295 2665 5357 sic
2692 5312 2846 5376 esse,
2893 5295 3133 5387 expedit
3162 5298 3349 5366 enim.
3383 5304 3473 5368 llli
3504 5295 3667 5387 vero,

2034 5401 2096 5452 ut
2127 5391 2225 5471 qui
2259 5399 2461 5453 essent
2502 5395 2784 5468 parentes
2815 5393 2870 5446 et
2901 5386 3289 5452 vincerentur
3316 5386 3670 5476 visceribus,

2035 5481 2523 5542 exclamaverunt
2553 5486 2832 5556 rogantes
2891 5496 3025 5539 cum
3060 5477 3336 5561 lacrymis
3372 5507 3385 5543 :
3419 5485 3676 5553 Precare

2039 5573 2222 5633 Deum
2249 5589 2356 5650 pro
2389 5572 2610 5650 ipso,ut
2642 5567 2931 5630 liberetur
2957 5587 2990 5629 a
3020 5586 3175 5631 saevo
3209 5583 3268 5634 et
3289 5576 3536 5640 immani
3561 5582 3676 5642 daa-

2039 5681 2238 5726 mone.
2271 5662 2487 5726 Beatus
2516 5670 2712 5726 autem
2738 5663 3093 5729 Parthenius
3125 5668 3408 5732 misertus
3436 5674 3679 5742 abunde

3281 5779 3358 5848 43
