4060 6206
247 333 407 406 1357
1533 342 1720 412 VITA
1762 345 1824 410 S.

2021 343 2332 410 .THENII.
2623 381 2630 390 κ
3473 341 3624 418 1358

241 481 386 554 αὗτῷ
428 493 593 560 χεῖρα
638 480 928 546 ἀνέστησεν
973 483 1058 538 καὶ
1122 480 1364 539 ἀπέδωκε
1435 499 1555 546 τοῖς
1613 496 1844 563 γονεῦσιν

2012 500 2170 544 ersus
2203 490 2291 543 est
2316 479 2563 561 spiritus
2595 499 2610 540 :
2666 487 2726 542 et
2771 480 2968 541 statim
3002 481 3249 557 assedit,
3287 484 3388 565 qui
3421 485 3615 549 fuerat

242 570 318 633 ὡς
362 576 540 627 πᾶσαν
570 572 663 639 τὴν
710 569 867 627 πόλιν
899 569 1132 642 δοξάζειν
1176 572 1267 628 τὸν
1301 575 1432 628 Θεὸν
1481 573 1564 632 ἐπὶ
1609 582 1685 648 τῷ
1716 597 1843 653 γεγο

2010 581 2257 646 tortuus,
2289 579 2348 632 et
2379 570 2560 651 coepit
2591 569 2930 650 loqui.Data
2961 579 3160 632 autem
3200 573 3255 634 ei
3292 592 3494 657 manu,
3530 577 3613 639 fe-

244 659 377 718 νότι.
441 661 578 726 Γυνὴ
635 659 688 715 δέ
748 681 828 725 τις
883 658 1154 740 διάκονος,
1203 659 1475 740 Ἀσήρμου
1537 663 1727 737 κώμης
1786 670 1847 741 τῇ

2009 661 2042 722 it
2063 679 2197 722 eum
2219 668 2556 740 surgere,et
2577 678 2786 722 sanum
2801 658 3065 721 reddidit
3082 661 3612 741 parentibus,adeo

245 749 605 825 Χερσονήσου,
638 750 865 817 ὀνόματι
901 749 1128 830 Θεοφίλα
1171 752 1260 808 καὶ
1318 753 1409 808 σὺν
1453 753 1587 830 αὒτῇ
1634 746 1846 832 Ῥουφῖν

2010 751 2330 814 tuniversa
2359 751 2566 812 civitas
2598 752 2789 814 Deum
2822 749 3096 812 laudaret
3127 758 3373 832 propter
3396 753 3612 818 factum

241 836 453 899 ἆείπαις
507 841 568 894 ἐκ
613 844 712 906 τῆς
753 844 914 906 αὐτῆς
968 840 1186 919 κώμης,
1229 843 1332 898 ὑπὸ
1376 844 1679 916 πνεύματος
1739 843 1842 898 ἆκα

2009 839 2636 913 iiraculum.Quaedam
2661 846 2858 902 autem
2885 839 3107 901 mulier
3127 839 3612 920 diaconissa,no-

243 926 432 1002 Oz'ptou
461 927 691 1004 παρετος
751 942 1030 1007 γεγονυῖα,
1091 929 1402 1010 ἠιὲχθησαν
1431 938 1505 1005 τῷ
1551 932 1686 1009 ἁγίῳ
1714 931 1846 1004 ἀνδρἲ

2014 933 2130 994 nine
2160 931 2518 1010 Theophila,
2575 950 2646 993 ex
2678 931 2931 994 Asermo
2966 932 3099 994 vico
3131 932 3523 1012 Cherronesi,
3559 943 3617 997 et

242 1015 301 1076 ἃς
333 1015 389 1072 ἐν
433 1016 660 1094 ἡμέραις
711 1017 942 1099 ὀλίγαις,
1000 1017 1137 1094 ὕδωρ
1186 1018 1492 1100 ἒπιϐρέχων
1522 1021 1617 1078 καί
1647 1021 1845 1100 ἐπευχό

2011 1042 2100 1085 um
2133 1023 2282 1102 ipsa,
2319 1019 2536 1084 Ruﬁna
2565 1021 2844 1101 impubes
2877 1039 2947 1082 ex
2979 1021 3194 1083 eodem
3231 1021 3469 1099 vico,ab
3494 1024 3614 1084 im-

241 1128 424 1182 μενος,
457 1114 526 1184 τῇ
557 1106 775 1193 ᾅυνᾶμει
809 1116 901 1168 τοῦ
961 1113 1148 1190 Κυρίου
1207 1113 1380 1190 ὑγιεῖς
1425 1113 1746 1190 ἀπέπεμψεν
1807 1115 1844 1169 εἰ

2014 1111 2190 1174 tundo
2213 1111 2428 1193 spiritu
2475 1111 2792 1184 dissoluta,
2822 1119 2879 1172 et
2904 1111 3117 1173 effecta
3146 1111 3501 1192 paralytica,
3534 1113 3617 1175 al-

243 1201 308 1252 τὰ
365 1194 496 1255 ἴδια.
564 1189 788 1274 ’ἰλαρίου
831 1202 970 1266 τινὸς
1020 1189 1369 1280 πρεσϐυτέρου
1405 1203 1513 1259 ἀπὸ
1562 1201 1846 1260 Σανσαδίας

2012 1211 2097 1264 itte
2124 1189 2264 1264 sunt
2291 1201 2364 1264 ad
2395 1209 2666 1264 sanctum
2711 1202 2926 1264 virum.
2964 1198 3124 1273 Quas
3147 1189 3365 1281 paucis
3399 1202 3615 1266 diebus

241 1287 350 1352 υἱὸς
405 1289 726 1365 μονογενὴς,
779 1290 1002 1365 ὀνόματι
1051 1290 1373 1366 Θαλάσσιος,
1421 1294 1522 1351 ὐπὸ
1582 1294 1844 1367 πνεύματο

2012 1311 2118 1374 qua
2169 1292 2425 1370 irrigans
2469 1299 2528 1354 et
2585 1309 2857 1371 precans,
2926 1290 3136 1351 virtute
3170 1292 3406 1353 Domini
3439 1311 3615 1355 sanas

247 1384 484 1452 πονηροῦ
542 1376 642 1444 ἔξω
706 1381 806 1437 τῶν
864 1382 1066 1459 φρενοῦν
1136 1382 1448 1462 γενόμενος,
1521 1383 1723 1460 ἠνέχθη
1808 1405 1850 1439 τι

2015 1381 2167 1443 misit
2197 1383 2268 1446 ad
2293 1380 2683 1444 suos.Hilarii
2716 1379 3024 1461 cujusdam
3055 1380 3389 1462 presbyteri
3413 1401 3484 1444 ex
3506 1387 3618 1446 Au-

241 1463 371 1539 ὁσίῳ
406 1482 424 1500 ⁸
456 1465 515 1522 ὃν
564 1472 648 1524 καὶ
693 1470 1062 1548 ἐπευχόμενος
1096 1469 1150 1525 ἐν
1198 1468 1348 1536 ὅλαις
1386 1472 1522 1528 ἑπτὰ
1550 1472 1777 1549 ἡμέραις
1810 1473 1844 1527 εἰ

2013 1472 2130 1534 idia
2153 1472 2310 1534 ﬁlius
2333 1471 2870 1552 unigena,nomine
2901 1469 3391 1553 Thalassius,qui
3422 1491 3453 1534 a
3485 1491 3616 1534 ma-

240 1555 303 1610 τὸ
333 1555 468 1613 κατὰ
515 1557 670 1636 φύσιν
719 1556 943 1639 ἤγαγεν,
996 1560 1084 1614 καὶ
1127 1559 1546 1638 εὖχαριστοῦντα
1588 1567 1666 1634 τῷ
1715 1561 1843 1636 Κυρίη

2014 1582 2126 1642 gno
2157 1562 2369 1643 spiritu
2400 1563 2594 1624 fuerat
2626 1570 2827 1623 mente
2862 1571 3089 1637 motus,
3128 1569 3398 1642 portatus
3430 1564 3617 1626 estad

241 1643 334 1699 σὺν
381 1652 456 1719 τῷ
502 1648 671 1726 [lupi
725 1647 1007 1712 ἀπέλυσεν,
1071 1647 1270 1727 Γραϊδα
1341 1647 1396 1706 δέ
1443 1673 1560 1706 τινα
1620 1651 1844 1730 πενιχρᾶ

2014 1652 2455 1725 Inclum.Quem
2479 1670 2614 1714 cum
2635 1651 3184 1731 accepisset,orans
3210 1660 3364 1713 totos
3386 1662 3617 1734 septem

242 1732 471 1808 ὀνόματι
520 1737 798 1804 Καλιόπην
839 1740 928 1798 καὶ
972 1740 1064 1796 σὺν
1117 1740 1250 1814 αὐτῇ
1296 1739 1478 1818 ἑτέραν
1525 1742 1711 1819 κόραν,
1755 1739 1844 1797 ὀνό

2016 1741 2367 1815 ies,reduxit
2398 1742 2471 1803 ad
2500 1749 2871 1816 naturam,et
2903 1739 3162 1802 Domino
3188 1732 3471 1819 agentem
3491 1761 3619 1823 gra-

239 1845 368 1898 ματι
419 1827 706 1902 Κυριακῆν,
753 1827 1074 1906 ἀμφοτέραις
1121 1829 1224 1883 ὑπὸ
1297 1839 1596 1904 πνεύματος
1645 1830 1842 1908 ἁκαθάρ

2015 1849 2099 1905 as,
2135 1849 2266 1892 cum
2303 1841 2469 1910 patre
2499 1829 2737 1892 remisit
2767 1829 2841 1890 ad
2879 1830 3160 1908 patriam.
3197 1829 3447 1894 Vetulas
3479 1851 3618 1895 vero

239 1934 334 1970 του
391 1913 776 1989 παιδευομένας
820 1915 1053 1995 ἤνεγκαν
1115 1921 1246 1989 πρὸς
1297 1921 1477 1990 αὐτὸν,
1523 1921 1612 1976 καὶ
1671 1918 1752 1975 διὰ
1782 1925 1842 1986 τῆ

2020 1920 2250 1982 iasdam
2276 1920 2424 1981 duas
2444 1936 2767 2002 pauperes,
2807 1936 3062 2000 quarum
3098 1920 3200 1980 uni
3236 1939 3455 1983 nomen
3490 1932 3623 1987 erat

238 2005 371 2082 πρὸς
401 2005 532 2061 Θεὸν
562 2005 734 2085 εὖχῆς
767 2006 1106 2084 ἐθεράπευσεν
1141 2025 1155 2040 ’
1217 2007 1334 2072 δούς
1369 2031 1422 2065 τε
1457 2013 1646 2076 αὐταῖς
1682 2011 1771 2066 καὶ
1817 2032 1841 2066 τ

2018 2013 2256 2093 alliope,
2292 2013 2464 2075 alteri
2521 2031 2664 2074 vero
2696 2010 2973 2091 Cyriaca,
3010 2030 3141 2092 quae
3171 2013 3363 2076 ambae
3393 2013 3467 2077 ab
3500 2015 3621 2078 im-

239 2095 370 2172 πρὸς
391 2093 675 2175 διατροφὴν
709 2096 995 2159 ἀπέλυσεν,

2013 2108 2186 2165 tundo
2210 2108 2415 2178 spiritu
2445 2107 2903 2178 castigabantur,
2921 2107 3177 2164 tulerunt
3200 2106 3271 2164 ad
3295 2108 3574 2168 Sanctum
3603 2133 3616 2168 :

237 2181 339 2263 qui
371 2200 480 2264 per
505 2202 643 2246 suas
664 2183 736 2246 ad
771 2187 955 2248 Deum
993 2203 1205 2267 preces
1234 2186 1440 2249 ambas
1469 2189 1716 2252 curavit.
1744 2189 1890 2252 Cum
1924 2194 2120 2250 autem
2154 2188 2243 2250 eis
2265 2207 2504 2272 quoque
2537 2187 2806 2249 dedisset
2835 2204 2905 2250 ea
2936 2205 3074 2267 quae
3096 2195 3268 2250 erant
3295 2188 3368 2250 ad
3400 2190 3618 2254 victum

240 2273 608 2349 necessaria,
643 2273 870 2336 dimisit
903 2274 964 2336 in
996 2294 1167 2355 pace.

320 2362 549 2440 ϐ’,Προς
578 2362 632 2419 δὲ
665 2365 869 2427 τούτοις
900 2367 989 2422 καὶ
1022 2379 1138 2429 τοῖς
1177 2366 1360 2433 ἄλλοις
1395 2381 1514 2432 τοῖς
1548 2367 1878 2446 ἅνεκδιηγιίο

2007 2363 2332 2431 lX.Przeter
2352 2366 2478 2430 haec
2495 2376 2696 2429 autem
2722 2365 3071 2448 etalia,quai
3091 2370 3317 2428 narrari
3337 2385 3456 2429 non
3477 2387 3610 2449 pos-

237 2473 352 2518 τοις
395 2455 705 2530 θαυμασίοις
773 2454 966 2522 συνέϐη
1038 2457 1160 2514 τότε
1219 2459 1282 2515 τὸ
1339 2460 1601 2533 ταμιακὸν
1653 2460 1840 2539 βαφεῖο

2016 2457 2325 2530 mt,sancti
2349 2457 2528 2538 hujus
2553 2456 2664 2518 viri
2693 2455 3010 2533 miracula,
3046 2455 3265 2518 accidit
3286 2464 3350 2518 ut
3378 2457 3619 2520 oﬂicina

240 2542 337 2610 τῆς
383 2543 652 2622 πορφύρας
699 2545 800 2601 ὑπὸ
868 2547 1162 2622 πνεύμᾶτος
1221 2548 1519 2620 ἀκαθαρτου
1571 2548 1843 2623 ἐνσκήψαν

2012 2547 2293 2627 uoque,in
2325 2566 2438 2628 qua
2473 2546 2814 2627 tingebatur
2835 2546 3615 2626 purpura,impedireturab

235 2652 352 2706 τος,
415 2631 804 2710 ἐμποδίζεσθαι,
851 2639 934 2691 καὶ
997 2638 1074 2711 μὴ
1131 2635 1419 2693 ἀποτελεῖν
1488 2639 1584 2706 τὴι
1635 2637 1686 2703 ἐξ
1733 2637 1838 2694 ἔθου

2014 2637 2277 2698 nmundo
2312 2637 2558 2718 spiritu,
2595 2637 2697 2714 qui
2731 2637 2790 2697 in
2826 2655 2956 2698 eam
2991 2634 3372 2711 incubuerat,
3409 2645 3467 2700 et
3497 2655 3617 2700 non

235 2721 438 2801 βαφὴν,
485 2721 620 2777 ἀλλὰ
655 2725 742 2780 καὶ
781 2733 1021 2802 φανερῶς
1092 2728 1459 2806 ἐπιφαίνεσθαι
1505 2729 1595 2784 τὸν
1640 2727 1838 2804 ἀκάθαρ

2012 2725 2229 2788 {liceret
2261 2745 2392 2787 eam
2432 2745 2608 2807 quam
2643 2725 2878 2788 solebat
2911 2724 3230 2786 tincturam
3259 2744 3275 2785 :
3301 2725 3408 2787 sed
3437 2731 3615 2788 etiam

236 2833 327 2867 τον
372 2809 593 2887 δαίμονα
625 2814 743 2874 τοῖς
789 2816 1040 2894 βαφεῧσιν
1071 2817 1156 2871 καὶ
1210 2817 1288 2890 μὴ
1343 2829 1650 2896 συγχωρεῖν
1680 2819 1741 2873 τὸ
1773 2817 1839 2892 βα

2012 2815 2310 2877 nmundus
2341 2815 2574 2877 daemon
2607 2824 2934 2896 appareret
2965 2814 3347 2892 tinctoribus,
3379 2824 3436 2877 et
3463 2834 3615 2896 opus

236 2899 447 2957 σιλικὺν
503 2900 882 2960 ἀποτελεῖσθαι
940 2904 1118 2983 ἔργον,
1199 2906 1273 2968 ὡς
1363 2905 1422 2960 ἐκ
1477 2907 1667 2964 τούτου
1714 2907 1839 2963 πολί

2012 2905 2346 2988 nperutoris
2372 2924 2487 2967 non
2509 2906 2737 2967 sineret
2760 2906 3039 2968 effectum
3059 2904 3344 2966 reddere:
3367 2905 3517 2967 adeo
3549 2912 3615 2968 ut

234 2989 470 3048 κίνδυνον
498 2993 585 3047 καὶ
629 2993 827 3067 ζημίαν
875 2995 1159 3069 ὃπομένειν
1214 2995 1336 3060 τοὺς
1394 2994 1736 3060 δουλεύοντας
1794 3018 1837 3052 κς

2011 3016 2032 3057 ι
2083 2996 2196 3057 hac
2244 3013 2309 3056 re
2344 3013 2622 3073 magnum
2658 2994 2997 3076 periculum
3033 3002 3090 3056 et
3137 2993 3421 3056 damnum
3459 2995 3614 3056 servi

233 3084 354 3149 τοὺς
397 3083 612 3163 βᾶφεῖς.
676 3087 850 3143 Ταῦτα
895 3087 1076 3162 μαθὼν
1136 3089 1163 3144 ὁ
1225 3086 1372 3153 ὅσιος
1407 3087 1563 3170 ἀνὴρ,
1599 3089 1836 3166 προθύμο

2013 3085 2332 3148 istinerent
2350 3099 2407 3146 et
2432 3083 3151 3158 tinctores.Quamobrem
3179 3102 3314 3145 cum
3340 3083 3616 3146 rescivis-

235 3174 312 3236 εὶς
341 3175 434 3229 τὸν
488 3182 581 3232 τοῦ
623 3176 843 3255 βαφείου
901 3175 1226 3255 παρεγένετο
1269 3179 1456 3258 τόπον,
1503 3181 1592 3236 καὶ
1636 3201 1838 3260 προσκα

2006 3183 2056 3238 et
2076 3177 2254 3238 homo
2278 3174 2385 3236 Dei
2413 3174 2775 3238 Parthenius
2799 3184 2858 3236 et
2885 3174 2958 3235 ab
2989 3174 3079 3235 eis
3111 3173 3322 3235 fuisset
3346 3181 3609 3253 rogatus,

234 3263 526 3337 λεσάμενος
601 3266 692 3321 τὸν
751 3265 1061 3344 ἐνεργοῦντα
1127 3267 1422 3346 ἀκάθαρτον
1492 3267 1737 3349 δαίμονα,
1792 3291 1837 3324 κε

2010 3273 2241 3347 rompto
2262 3273 2318 3327 et
2340 3265 2526 3328 alacri
2550 3265 2750 3327 animo
2771 3263 2929 3326 venit
2950 3263 3022 3324 ad
3039 3262 3234 3324 locum
3256 3262 3529 3326 officinae:
3555 3271 3613 3326 et

235 3351 563 3427 ἐπιτιμήσας
621 3356 776 3411 αὐτὸν
835 3355 922 3413 ἐπὶ
979 3360 1057 3429 τῷ
1109 3355 1317 3436 φοϐερῷ
1359 3359 1447 3414 καὶ
1479 3358 1614 3436 ἁγίῳ
1657 3358 1838 3434 ὀνόμα·

2006 3377 2095 3418 um
2118 3357 2470 3418 advocasset
2485 3355 2862 3416 immundum
2879 3363 3226 3434 operantem
3247 3353 3609 3428 daemonem,

235 3448 332 3499 τοῦ
376 3449 528 3517 Θεοῦ,
577 3442 810 3523 ἄφαντον
865 3445 1029 3502 αὐτὸν
1086 3447 1380 3513 πεποίηκεν
1433 3447 1539 3502 ἀπὸ
1572 3448 1748 3514 πάσης
1781 3452 1838 3509 τί

2013 3454 2022 3505 t
2046 3463 2183 3505 eum
2219 3443 2588 3524 increpasset
2609 3442 2860 3504 terribili
2885 3450 2942 3503 et
2966 3450 3172 3503 sancto
3192 3446 3433 3504 nomine
3447 3440 3616 3504 Chri-

237 3529 525 3608 ἐνεργείας,
589 3532 792 3592 ἐκείνου
853 3533 1143 3612 κράξαντος
1189 3534 1261 3595 εἷς
1309 3532 1585 3598 ὶξέκουσιν
1640 3534 1840 3589 πάντων

2010 3533 2064 3606 Li,
2102 3533 2244 3594 fecit
2274 3551 2414 3593 eum
2449 3550 2814 3594 evanescere
2837 3530 2911 3592 ab
2936 3530 3216 3591 omnibus
3240 3530 3484 3605 ﬁnibus,
3509 3531 3613 3592 illo

237 3619 320 3677 ὅτι
360 3622 460 3678 ὕπὸ
502 3625 665 3702 πυρὸς
714 3622 988 3682 ἐλαύνεται
1043 3625 1116 3686 είς
1149 3624 1246 3691 τὴν
1292 3622 1509 3700 γέενναν
1552 3629 1646 3679 τοῦ
1691 3623 1840 3699 πυρός

2012 3622 2260 3681 {amante
2285 3621 2566 3682 omnibus
2588 3618 2994 3681 audientibus:
3021 3617 3334 3698 Tanquam
3365 3618 3442 3680 ab
3477 3619 3615 3697 igne

241 3707 595 3776 Κελεύσαντος
657 3711 714 3768 δὲ
771 3715 866 3768 τοῦ
921 3712 1075 3790 ἁγίου
1120 3712 1370 3790 ἐγέμισαν
1431 3713 1476 3769 οἱ
1519 3713 1711 3790 βαφεῖς
1757 3713 1844 3767 τοὺ

2013 3710 2237 3790 xpellor
2268 3711 2326 3771 in
2355 3709 2693 3788 gehennam
2723 3709 2902 3788 ignis.
2938 3707 3082 3769 Cum
3110 3707 3616 3786 autemjussisset

236 3797 495 3881 λέϐητας,
554 3805 641 3859 καὶ
686 3802 944 3880 παρόντος
993 3801 1152 3859 αὐτοῦ
1207 3800 1429 3882 ἐχάλων
1471 3801 1616 3880 ἔριον
1663 3801 1751 3858 καὶ
1780 3801 1839 3867 τῆ

2009 3800 2546 3874 anctus,tinctores
2571 3798 2971 3880 impleverunt
2997 3796 3320 3871 lebetes,et
3351 3814 3422 3859 eo
3455 3814 3612 3877 pra;-

234 3885 452 3947 δέουσαν
496 3892 674 3971 βαφὴν
708 3890 1106 3968 ἀνεμποδίστως
1169 3891 1221 3958 ἐξ
1270 3891 1471 3948 ἐκείνου
1520 3889 1741 3971 ἐδέχετο
1793 3911 1837 3946 κε

2007 3897 2136 3952 ante
2169 3888 2886 3951 immiseruntlanam.Ea
2915 3907 3054 3950 vero
3081 3885 3278 3949 abillo
3311 3895 3610 3968 tempore,

237 3980 316 4044 εἰς
358 3982 451 4036 τὸν
495 3981 785 4056 μετέπειτα
831 3983 1026 4062 χρόνον
1059 3999 1072 4014 ·
1108 3984 1196 4039 καὶ
1226 3980 1392 4046 οὕτως
1449 3979 1774 4058 ἐρὁσθησαν
1825 4004 1840 4037 ε

2010 3997 2319 4060 am,quam
2348 3977 2662 4059 oportebat
2682 3979 2997 4040 tincturam
3026 3977 3176 4039 citra
3207 3976 3394 4038 ullum
3424 3977 3613 4058 impe-

244 4090 304 4128 τε
335 4068 738 4148 πολιτευόμενοι
796 4073 890 4129 καί
949 4075 995 4129 οἱ
1025 4073 1220 4152 βαφεῖς
1253 4072 1450 4136 πάντες
1484 4077 1576 4128 τοῦ
1607 4069 1847 4147 βασιλικο

2010 4069 2302 4130 imentum
2326 4069 2560 4149 accepit
2584 4066 2761 4129 etiam
2794 4067 2854 4128 in
2878 4063 3397 4146 futurum.Sicque
3423 4074 3481 4128 et
3511 4066 3613 4147 qui

239 4157 503 4220 κινδύνου.
1969 4159 2266 4238 gerebant
2287 4175 2411 4219 rem
2423 4156 2819 4237 publicam,et
2843 4157 3130 4218 tinctures
3149 4173 3360 4218 omnes
3386 4154 3618 4219 liberati

1973 4249 2218 4311 luerunt
2247 4266 2280 4309 a
2312 4247 2577 4328 periculo
2608 4245 3018 4328 imperatoris.

327 4338 396 4404 l'.
443 4340 727 4420 Τεράστιον
783 4340 954 4416 θέαμα
983 4341 1269 4418 γενόμενον
1300 4343 1402 4399 ὑπὸ
1433 4343 1525 4398 τοῦ
1557 4340 1701 4398 ὁσίου
1756 4342 1883 4397 τού-

2037 4339 2310 4399 X.Audite
2337 4339 2489 4398 aliud
2517 4354 2752 4412 quoque
2776 4352 3054 4411 magnum
3081 4336 3619 4410 miraculum,quod

242 4451 339 4489 του
371 4431 576 4508 Πατρὸς
627 4433 782 4505 ἡμῶν
845 4430 1124 4506 Παρθενίου
1169 4431 1452 4492 ἀκούσατε.
1489 4430 1580 4488 Ἐν
1612 4437 1686 4504 τῷ
1715 4452 1845 4507 καιρ‹

2020 4434 2187 4488 .ctum
2213 4433 2302 4486 est
2325 4443 2358 4486 a
2381 4433 2587 4487 sancto
2613 4427 2789 4487 Patre
2814 4431 3019 4485 nostro
3071 4421 3417 4486 Parthenio.
3443 4421 3623 4484 Tem-

245 4525 347 4586 τῆς
377 4527 482 4575 τῶν
511 4520 679 4576 θόθων
709 4519 891 4584 ἆλείας
923 4518 1011 4574 ὅτε
1058 4522 1105 4575 οἱ
1145 4519 1246 4593 μὲν
1295 4521 1476 4598 ἰχθύες
1522 4521 1721 4597 ὁρῶντο
1764 4534 1848 4576 τοῖ

2017 4533 2113 4578 ore
2142 4514 2490 4595 piscationis
2527 4515 2911 4595 tliynnorum,
2941 4511 3343 4575 cernebantur
3377 4512 3620 4594 quidem

248 4607 510 4681 ἁλιεῦσιν,
542 4609 616 4672 ὡς
646 4605 750 4674 ἤδη
793 4607 848 4662 ἐν
892 4606 1087 4687 χερσῖν
1116 4609 1448 4688 ὑπάρχοντες
1485 4628 1496 4640 ·
1549 4608 1851 4690 χαλωμένω

2017 4605 2168 4707 isces
2201 4623 2235 4666 a
2259 4603 2687 4709 piscatoribus,
2725 4611 3008 4684 tanquam
3045 4603 3147 4684 qui
3170 4603 3296 4704 jam
3322 4611 3526 4709 essent
3557 4603 3620 4665 in

251 4696 306 4753 δὲ
365 4703 470 4753 τῶν
513 4695 738 4752 δικτύων
791 4694 940 4755 οὐδὲν
985 4696 1148 4754 πλέον
1195 4696 1354 4764 ἤνυον
1389 4698 1425 4767 ἢ
1460 4699 1548 4755 τὸν
1582 4701 1747 4755 κόπον
1781 4699 1850 4756 μό

2022 4693 2278 4756 Ianibus.
2311 4694 2458 4757 Cum
2493 4693 2840 4755 laxarentur
2870 4703 3072 4754 autem
3104 4693 3277 4769 retia,
3306 4692 3453 4754 nihil
3489 4711 3625 4774 pro-

251 4808 343 4844 νον
379 4785 695 4860 ὑπέμενον.
760 4792 924 4844 Τοῦτο
988 4786 1043 4843 δὲ
1103 4787 1202 4843 ὑπὸ
1247 4784 1556 4856 διαϐολικῆς
1614 4786 1774 4868 αὔρας
1830 4811 1854 4844 τ

2022 4783 2281 4857 ciebant,
2340 4782 2445 4845 sed
2479 4782 2748 4846 laborem
2783 4783 3024 4844 inanem
3055 4781 3451 4846 sustinebant.
3484 4782 3625 4846 Fuit

250 4873 512 4952 ἐμπόδιον
569 4875 836 4956 ὑπῆρχεν,
885 4881 980 4936 οὒκ
1038 4878 1108 4939 εἷς
1161 4876 1216 4932 ἓν
1273 4875 1310 4945 ἢ
1341 4875 1580 4957 δεύτερον
1636 4877 1853 4954 ἐμπόριε

2018 4891 2114 4934 ero
2148 4874 2263 4935 hoc
2295 4891 2328 4933 a
2353 4871 2656 4934 diabolica
2684 4890 2833 4934 aura
2874 4871 3371 4952 impedimentum
3407 4890 3525 4933 non
3560 4871 3621 4932 in

252 4966 567 5047 γενόμενον,
632 4964 754 5022 ἀλλ’
801 4967 873 5031 εἰς
907 4966 1040 5035 ὅλην
1085 4966 1184 5035 τῆν
1217 4965 1504 5047 παραλίαν,
1535 4964 1694 5046 ἄχρις
1726 4965 1854 5024 Ἀϐί)

2024 4981 2095 5024 no
2120 4970 2350 5024 tantum
2369 4972 2469 5022 aut
2491 4961 2680 5024 altero
2698 4962 2994 5044 emporio,
3019 4961 3123 5024 sed
3151 4962 3209 5023 in
3233 4969 3354 5023 tota
3377 4960 3627 5040 regione

251 5055 362 5119 δου,
429 5055 527 5114 Καὶ
583 5055 938 5136 συναχθέντες
997 5054 1232 5117 ἅπαντες
1290 5054 1375 5111 ἐπὶ
1414 5059 1491 5127 τῷ
1518 5056 1683 5129 αὗτῷ,
1732 5051 1852 5123 ἐδεή

2021 5051 2273 5114 laritima
2302 5069 2494 5132 usque
2522 5051 2595 5113 ad
2621 5051 2926 5132 Abydum.
2953 5049 3177 5114 Omnes
3208 5059 3407 5112 autem
3443 5050 3624 5112 simul

249 5150 420 5215 θησαν
476 5150 572 5201 τοῦ
619 5140 817 5204 δικαίου
877 5143 1084 5224 ἀνδρὸς,
1147 5143 1391 5209 εὔξασθαι
1440 5145 1568 5221 πρὸς
1628 5148 1719 5200 τὸν
1761 5145 1852 5200 est

2022 5142 2342 5222 ongrogati,
2375 5149 2664 5221 rogarunt
2697 5142 2885 5202 virum
2906 5139 3162 5220 justum,
3199 5147 3262 5200 ut
3289 5138 3477 5201 Deum
3515 5157 3625 5220 pro

254 5238 370 5315 περῖ
413 5238 614 5295 αὸτῶν.
648 5233 959 5315 Εὒχυμένου
1017 5233 1071 5289 δὲ
1130 5236 1292 5292 αὐτοῦ
1348 5236 1486 5307 μετὰ
1515 5234 1761 5300 νηστείας
1805 5255 1857 5291 κε

2027 5236 2064 5294 is
2093 5239 2462 5313 precaretur.
2496 5229 2579 5292 Eo
2625 5249 2766 5292 vero
2823 5237 3108 5310 precante
3139 5247 3272 5290 cum
3299 5229 3538 5310 jejunio
3565 5237 3630 5292 et

252 5324 548 5399 κλαυθμοῦ,
611 5323 939 5402 ἐφανέρωσεν
1001 5321 1142 5394 αὐτῷ
1195 5323 1222 5376 ὁ
1281 5322 1410 5384 Θεὸς
1460 5322 1561 5388 τὴν
1602 5323 1855 5389 σατανικὴ

2021 5331 2142 5398 etu,
2177 5323 2336 5385 Deus
2368 5321 2425 5383 ei
2455 5319 2692 5402 aperuit
2720 5337 2962 5382 causam
2996 5327 3054 5379 et
3103 5317 3442 5381 Satanicam
3476 5337 3619 5401 ope-

256 5413 546 5491 ἐνέργειαν,
612 5411 673 5470 Ὀ
729 5411 786 5468 δὲ
844 5409 1126 5489 διεγερθεὶς
1169 5411 1263 5468 οὒκ
1319 5411 1564 5479 ὤκνησεν
1595 5416 1859 5491 παραγενέ

2017 5411 2710 5492 ationem.EXperrectus
2728 5407 3113 5484 autem,citra
3135 5425 3357 5469 moram
3385 5409 3620 5490 profec-

258 5505 376 5557 σθαι
436 5501 489 5556 ἐν
547 5500 756 5575 ἐκάστῳ
799 5501 1038 5579 ἐμπορίῳ
1093 5499 1192 5566 ἕως
1235 5498 1480 5574 Ἄϐυδον),
1527 5506 1619 5556 καὶ
1666 5501 1861 5579 εὔλογῶ

2024 5522 2078 5563 is
2099 5513 2187 5564 est
2209 5503 2268 5563 in
2294 5521 2480 5563 unum
2507 5500 2788 5582 quodque
2804 5497 3142 5578 emporium
3168 5517 3356 5579 usque
3377 5499 3446 5558 ad
3473 5497 3627 5580 Aby-

258 5589 397 5669 ῧδωρ
454 5592 540 5645 καὶ
588 5589 868 5666 ἐμϐάλλων
927 5589 1086 5665 ἅλας,
1155 5589 1565 5664 ἐοικαλούμενος
1622 5593 1712 5646 τὸν
1771 5593 1861 5647 Θεὶ

2032 5600 2218 5668 um,et
2243 5609 2452 5672 aquam
2485 5588 2876 5662 benedicens,
2902 5595 2960 5650 et
2995 5586 3078 5650 sal
3113 5587 3397 5670 iujiciens
3421 5588 3537 5669 (5),
3573 5596 3635 5655 et

342 5705 433 5787 (5)
469 5701 614 5769 Vide
639 5703 736 5768 hic
768 5723 980 5790 squam
1013 5705 1293 5770 benedici
1327 5723 1464 5770 cum
1496 5705 1640 5774 sale.
