4028 6202
502 297 658 372 1359
1761 295 1926 370 ΜΕΝ
1932 304 2044 367 SIS
2102 294 2136 366 F

2224 291 2603 366 tRUARIUS.
3696 291 3823 360 1360

493 441 688 503 Deum
721 437 1026 510 invocans,
1054 434 1232 515 jussit
1261 433 1462 498 afferri
1506 435 1680 510 retia,
1738 443 1798 497 et
1852 455 1922 497 eo
1975 453 2126 514 prae-

2224 432 2484 512 ἑπέῤῥαινε
2544 445 2662 492 τοῖς
2709 431 2936 496 δικτύοις
2989 432 3074 490 καὶ
3125 430 3385 509 ἒπέτρὲπε
3445 430 3695 507 παρόντος
3744 435 3824 488 σύ-

494 538 667 592 sente
714 528 962 608 piscium
1031 532 1379 588 consuetam
1452 525 1656 586 facere
1715 526 2131 606 piscationem.

2224 532 2309 580 τοῦ
2350 524 2449 591 τὴν
2502 525 2700 593 συνήθη
2759 522 2926 601 ἄγραν
2957 527 3063 578 τῶν
3093 523 3294 602 ἰχθύων
3332 523 3671 588 ποιήσασθαι.
3719 521 3826 578 Τότε

495 617 668 682 Tunc
693 635 828 679 cum
860 633 1072 695 magno
1100 614 1318 694 gaudio
1362 633 1468 677 sua
1496 614 1647 677 retia
1679 615 1973 692 laxantes,
2009 617 2132 678 Do-

2224 611 2497 689 χαλῶντες
2533 614 2671 687 μετᾶ
2702 611 2909 678 πολλῆς
2939 618 3117 691 χαρᾶς
3161 613 3227 668 τὰ
3284 609 3489 689 δίκτυα,
3527 617 3597 686 τῇ
3647 608 3826 680 Bavium

497 708 644 770 mini
676 706 900 769 virtute
933 711 991 766 et
1024 705 1222 766 sancti
1257 704 1566 784 precibus,
1607 713 1770 767 tanta
1799 704 1954 766 bona
1983 724 2130 767 con-

2224 709 2310 757 τοῦ
2377 703 2564 778 Κυρίου
2622 702 2708 758 καὶ
2739 707 2808 778 τῇ
2839 703 2982 782 εύχῇ
3026 709 3117 759 τοῦ
3160 701 3306 759 ὁσίου
3338 701 3604 758 τοσούτων
3647 701 3828 776 ἆγαθτῖνσ

495 795 685 858 secuti
715 804 858 857 sunt
887 792 950 854 in
978 792 1330 874 piscatione,
1386 802 1448 854 ut
1503 794 1790 874 praeteriti
1847 795 2135 874 temporis

493 885 788 948 defectum
821 881 1252 964 suppleverint.
1286 882 1549 946 Sedente
1579 893 1774 945 autem
1799 883 1925 945 viro
1956 903 2133 945 sanc-

494 984 552 1037 to
584 975 643 1037 in
695 973 964 1053 emporio
1017 971 1398 1052 Catapteleae,
1461 991 1595 1035 cum
1651 973 1900 1054 piscatio
1961 974 2135 1034 ﬁeret

493 1063 773 1145 piscium.
807 1071 1054 1143 reteque
1086 1063 1444 1142 traheretur,
1480 1064 1741 1142 thynnus
1775 1065 2067 1124 maximus
2101 1082 2133 1124 e

491 1155 605 1218 reti
635 1153 944 1227 exsiliens,
979 1170 1044 1215 se
1076 1152 1428 1233 projecitad
1466 1151 1650 1228 pedes
1685 1153 1899 1215 sancti.
1937 1153 2132 1226 Quem

495 1263 630 1308 cum
655 1244 976 1322 signasset,
1011 1250 1068 1303 et
1099 1250 1377 1323 precatus
1409 1251 1588 1313 esset,
1635 1244 1818 1323 jussit
1847 1241 2043 1304 scindi
2077 1252 2137 1305 et

495 1333 776 1398 distribui
808 1331 1086 1396 fratribus
1116 1331 1190 1394 ad
1217 1331 1471 1413 gloriam
1502 1331 1634 1396 Dei.

575 1513 675 1577 XI.
712 1511 1048 1593 Aliquando
1081 1511 1502 1576 Heracleotem
1536 1511 1856 1594 quemdam
1893 1511 2136 1573 nomine

497 1601 935 1676 Callistum,cui
953 1620 987 1663 a
1009 1600 1309 1664 diabolica
1331 1601 1681 1682 operatione
1701 1602 1936 1663 fuerant
1952 1601 2136 1682 pedes

2218 790 2363 853 ἐντὸς
2409 790 2653 869 ἐγένοντο
2698 788 2927 854 ἅπαντες
2961 790 3016 845 έν
3063 797 3130 867 τῇ
3161 789 3322 868 ἄγρᾳ,
3356 792 3428 854 ὡς
3457 791 3548 846 καὶ
3589 796 3679 845 τοῦ
3711 811 3827 864 παρ-

2218 879 2462 944 ελθόντος
2493 880 2693 960 χρόνου
2725 881 3111 956 ἀναπληρῶται
3173 883 3232 936 τὰ
3277 880 3493 942 λειπον,
3551 876 3832 952 Καθημένου

2217 967 2271 1025 δὲ
2316 976 2408 1026 τοῦ
2467 969 2618 1046 ἁγίου
2649 967 2834 1047 ἀνδρὸς
2865 970 2918 1028 ἐν
2947 977 3023 1043 τῷ
3083 970 3221 1026 κατὰ
3279 967 3540 1033 Πτελαίας
3599 967 3831 1044 ἐμπορίῳ,

2216 1061 2302 1115 καὶ
2361 1059 2647 1136 γινομένης
2678 1065 2776 1126 τῆς
2811 1059 2974 1138 ἄγρας
3015 1066 3122 1116 τῶν
3168 1060 3396 1139 ἰχθύων,
3428 1058 3713 1133 ἑλκομένου
3761 1066 3836 1115 τοῦ

2217 1147 2450 1221 δικτύου,
2497 1150 2646 1212 θῦνος
2703 1153 2958 1226 μέγιστος
3019 1149 3078 1206 ἐκ
3138 1157 3234 1206 τοῦ
3276 1147 3487 1204 δικτύου
3545 1143 3837 1224 προσπηδή-

2217 1259 2337 1312 σας,
2367 1238 2578 1317 ἕῤῥιψεν
2622 1239 2810 1296 ἑαυτὸν
2843 1241 2920 1304 είς
2979 1240 3099 1302 τοὺς
3135 1237 3301 1302 πόδας
3334 1244 3427 1295 τοῦ
3460 1237 3611 1314 ἁγίου
3653 1235 3833 1313 ἀνδρὸς,

2217 1327 2378 1404 ὅνπερ
2436 1327 2726 1407 σφραγίσας
2801 1330 2888 1384 καὶ
2965 1328 3320 1402 ἐπευξάμενος
3381 1326 3661 1383 ἐκέλευσεν
3715 1347 3838 1392 πτη-

2216 1421 2372 1484 θῆναι
2401 1419 2489 1474 καὶ
2517 1430 2632 1480 τοῖς
2664 1415 2918 1498 ἀδελφοῖς
2948 1416 3254 1486 διαδοθῆναι
3287 1419 3358 1482 εἷς
3390 1415 3544 1482 δόξαν
3579 1422 3726 1477 Θεοῦ.

2304 1505 2418 1565 IA'.
2483 1498 2859 1583 Ἡρακλεώτην
2906 1509 3147 1582 μονηρίῳ
3205 1507 3267 1562 ὲκ
3320 1505 3635 1573 διαϐολικῆς
3708 1505 3836 1580 Evt;-

2218 1599 2364 1674 γείας
2449 1596 2741 1674 παρεθέντα
2820 1597 2942 1662 τοὺς
3013 1594 3179 1660 πόδας
3243 1595 3468 1671 ὀνόματι
3565 1593 3839 1653 Κάλλιστον

495 1693 1001 1771 soluti,duxerunt
1019 1691 1092 1752 ad
1117 1690 1356 1755 beatum
1370 1689 1976 1764 Parthenium.Quem
2003 1697 2136 1767 qui-

2224 1686 2425 1765 ἥγαγον
2485 1687 2616 1763 πρὸς
2661 1687 2754 1742 τὸν
2812 1687 3101 1765 μακάριον,
3145 1687 3202 1742 ὃν
3233 1685 3523 1760 ἰασάμενος
3555 1690 3624 1761 τῇ
3650 1682 3838 1758 δυνάμει

494 1784 658 1860 dem,
686 1801 822 1846 cum
848 1790 1008 1844 esset
1038 1788 1336 1862 precatus,
1373 1791 1433 1842 et
1474 1789 1742 1844 curasset
1765 1782 1982 1844 virtute
2013 1781 2129 1842 Do-

2224 1786 2312 1835 τοῦ
2377 1775 2560 1850 Κυρίου
2631 1773 2782 1839 ἰδίοις
2841 1778 3008 1832 ποσὶν
3076 1783 3474 1852 περιπατοῦντα
3549 1775 3840 1848 ἀπέπεμψεν

495 1871 940 1953 mini,propriis
973 1868 1226 1950 pedibus
1256 1869 1668 1932 ambulantem
1689 1870 1921 1932 remisit
1953 1869 2014 1930 in
2037 1869 2135 1931 do-

2224 1867 2294 1929 εἷς
2328 1867 2420 1921 τὸν
2465 1869 2618 1920 οἷκον
2677 1866 2858 1926 αύτοῦ.
2895 1865 3117 1943 ’Ἕτερον
3145 1863 3200 1920 δέ
3232 1887 3349 1920 τινα
3381 1865 3610 1939 ὀνόματι
3645 1861 3840 1920 Λέσϐιον

497 1981 660 2025 mum
682 1952 1179 2036 suam,laatantem
1204 1959 1460 2022 etDeum
1477 1959 2134 2039 gloriﬁcantem.Alium

2224 1955 2327 2012 ἀπὸ
2375 1952 2471 2021 τῆς
2519 1956 2683 2024 νήσου
2731 1960 2830 2022 τῆς
2861 1954 3162 2032 λεγομένης
3195 1952 3335 2017 ’Ὧας
3365 1952 3574 2033 ἤγαγον
3617 1955 3742 2031 πρὸς
3768 1953 3841 2008 τδν

493 2060 693 2114 autem
722 2049 1068 2132 quemdam,
1102 2050 1344 2112 nomine
1375 2047 1746 2123 Lesbum,ex
1778 2049 2136 2130 insula,quze

2224 2043 2496 2122 ἄνθρωπον
2553 2051 2646 2101 τοῦ
2692 2051 2824 2101 Θεοῦ
2880 2043 3003 2101 ὅλον
3062 2043 3378 2121 ἡλκωμένον
3409 2043 3520 2100 ἀπὸ
3556 2047 3661 2100 τῶν
3691 2041 3842 2100 ποδῶν

497 2140 721 2203 dicitur
742 2131 1156 2215 Oa,duxerunt
1179 2137 1253 2200 ad
1281 2137 1591 2200 hominem
1617 2135 1868 2209 Dei.Qui
1893 2139 2135 2217 quidem

2224 2134 2320 2198 ἕως
2380 2131 2644 2214 κεφαλῆς,
2689 2132 2858 2210 μηδὲν
2907 2132 3222 2214 διαφέροντα
3269 2132 3492 2212 λεπροῦ,
3545 2133 3604 2190 δι
3637 2132 3839 2213 ἀλείφων

494 2249 529 2292 a
554 2229 808 2311 pedibus
858 2229 930 2290 ad
985 2236 1160 2308 caput
1190 2245 1382 2309 usque
1415 2236 1540 2289 erat
1572 2235 1728 2289 totus
1754 2228 2074 2303 ulceratus,
2106 2247 2136 2289 a

2224 2221 2403 2296 ἐλαίῳ,
2452 2225 2539 2278 καὶ
2599 2223 2964 2302 ἐπευχόμενος
2999 2223 3053 2278 ἐν
3085 2225 3252 2302 τρισὶν
3283 2222 3438 2286 ὗλαι(
3469 2223 3698 2301 ἡμέραις
3737 2222 3841 2299 ὑγιῆ

493 2309 732 2400 leproso
754 2315 901 2380 nihil
919 2317 1387 2382 differens.Eum
1409 2317 1542 2379 oleo
1562 2335 1792 2397 ungens
1806 2327 1864 2380 et
1887 2334 2136 2398 precans

2224 2311 2560 2370 ἀπέστειλεν.
2622 2309 2717 2370 Ἐκ
2773 2311 2992 2370 πολλῶν
3051 2311 3104 2369 δὲ
3157 2314 3247 2370 καὶ
3279 2312 3534 2391 μεγάλων
3565 2313 3841 2388 θαυμασίων

495 2408 685 2472 tribus
701 2407 1157 2483 diebus,sanum
1178 2406 1496 2471 remisitad
1518 2406 1772 2470 suos.Ex
1797 2407 2027 2486 magnis
2051 2425 2135 2468 er-

2224 2403 2309 2460 ὑπ’
2342 2407 2502 2462 αὐτοῦ
2546 2405 2730 2484 χάριτι
2763 2412 2993 2483 Χριστου
3048 2406 3352 2483 γεγονότων
3384 2408 3439 2461 ὲν
3494 2406 3648 2483 μέρει
3689 2403 3844 2461 καθ’ὃ

493 2519 569 2580 go
593 2508 650 2560 et
669 2498 870 2561 multis
894 2498 1227 2575 miraculis,
1261 2515 1398 2579 qua
1424 2515 1460 2559 a
1487 2504 1696 2559 sancto
1723 2495 1898 2558 Patre
1931 2504 2136 2558 nostro

2224 2492 2489 2564 ἠδυνήθην
2532 2494 2794 2573 ἐγνώρισα
2825 2502 2894 2570 τῇ
2945 2495 3134 2574 ἀγάπῃ
3162 2497 3334 2576 ὑμῶν,
3363 2496 3471 2574 ούχ
3502 2497 3581 2560 ὡς
3613 2494 3843 2552 διδασκὰ-

496 2589 818 2653 Parthenio
842 2588 949 2650 Dei
968 2589 1156 2666 gratia
1171 2587 1330 2650 facta
1350 2594 1510 2663 sunt,
1539 2594 1794 2666 partem,
1822 2595 1996 2667 prout
2027 2606 2136 2666 po-

2224 2582 2316 2640 λου
2349 2585 2664 2660 ποιούμενος
2697 2584 2860 2662 λόγον
2886 2583 2972 2642 ἐπὶ
3001 2587 3062 2641 τὸ
3106 2593 3386 2660 σεμνῦναι,
3417 2583 3557 2641 διότι
3609 2608 3637 2640 α
3669 2583 3844 2640 ἀπολεῖ

495 2680 603 2754 tui,
638 2677 966 2760 signiﬁcavi
995 2685 1208 2741 vestrae
1238 2676 1512 2740 charitati
1553 2698 1566 2735 :
1597 2695 1716 2738 non
1753 2685 2032 2757 tanquam
2064 2675 2136 2737 de

2226 2675 2416 2752 Κύριος
2447 2674 2652 2738 πάντας
2697 2675 2816 2736 τοὺς
2865 2673 3158 2740 λαλοῦντας
3181 2677 3244 2732 τὸ
3273 2673 3489 2756 ψεῦδος,
3525 2698 3551 2731 ι
3590 2674 3710 2731 ἀλλ’
3734 2675 3842 2730 αὐτὰ

494 2768 669 2832 Patre
691 2776 750 2831 et
771 2769 993 2832 decore
1024 2767 1204 2831 verba
1235 2767 1461 2829 faciens
1493 2766 1567 2827 ad
1600 2785 1736 2828 eum
1772 2766 2136 2843 ornandum,

2224 2764 2288 2818 τὰ
2344 2763 2634 2841 πράγματα
2689 2777 2951 2844 μαρτυρεῖ
3020 2766 3110 2822 καὶ
3168 2764 3303 2840 μετᾶ
3351 2763 3504 2830 τέλος
3557 2766 3838 2844 γινόμενα·

495 2868 738 2941 propter
755 2858 1003 2940 id,quod
1029 2857 1248 2922 dicitur
1275 2880 1287 2916 :
1318 2855 1573 2920 «Perdet
1594 2855 1881 2918 Dominus
1903 2875 2134 2933 omnes,

2224 2857 2408 2941 χρείας
2453 2855 2608 2912 αὐτὸν
2665 2853 2999 2934 καλεσάσης,
3045 2852 3304 2913 κατέλαϐε
3371 2856 3469 2923 τὴν
3523 2852 3840 2932 μητρόπολιν

493 2939 593 3032 qui
610 2939 944 3031 loquuntur
965 2947 1345 3011 mendacium
1367 2946 1458 3008 2:)
1487 2945 1594 3008 sed
1617 2963 1717 3008 res
1736 2945 1883 3032 ipsa;
1905 2953 2136 3007 testan-

2224 2939 2541 3021 Ἡράκλειαν
2603 2945 2699 3010 τῆς
2761 2945 3001 3023 Θρᾴκης,
3056 2946 3146 3003 καὶ
3205 2947 3481 3026 συντυχὼν
3557 2952 3636 3020 τῷ
3687 2944 3840 3000 ἐκεῖσε

494 3031 614 3112 tur,
640 3037 816 3100 etiam
845 3053 977 3117 quae
999 3037 1148 3097 fiunt
1171 3043 1300 3116 post
1323 3035 1455 3115 ejus
1477 3033 1732 3095 obitum.
1752 3031 1926 3096 Unde
1957 3033 2135 3096 etiam

2224 3031 2635 3111 ἂρχιεπισκόπῳ
2695 3033 2942 3114 ἐσχάτως
2989 3033 3197 3113 ἔχοντι,
3243 3033 3463 3092 ἐπύθετο
3531 3035 3633 3102 τῆς
3690 3032 3841 3111 ἆρῥω·

493 3145 629 3189 cum
662 3145 733 3188 eo
756 3125 952 3187 adhuc
981 3126 1110 3187 vivo
1143 3144 1283 3187 usus
1304 3123 1625 3200 aliquando
1658 3141 1795 3185 eum
1830 3133 2132 3204 vocasset,

2224 3121 2368 3184 στίας
2397 3122 2459 3177 τό
2489 3123 2690 3182 αἰτιον.
2725 3125 2884 3187 Γνοὸς
2933 3121 2987 3179 δὲ
3036 3122 3121 3180 διὰ
3150 3123 3290 3188 θείας
3324 3123 3724 3204 ἆποκαλύχεως
3775 3120 3842 3176 ὅτι

493 3216 600 3277 ivit
631 3217 691 3276 in
715 3215 987 3276 Thraciae
1016 3213 1395 3295 metropolim
1419 3211 1766 3274 Heracleam
1797 3233 1810 3269 :
1835 3220 1892 3273 et
1913 3229 2136 3274 conve-

2224 3208 2564 3289 φιλαργυρίας
2622 3209 2769 3268 ἓνεκε
2817 3210 3148 3289 παιδεύεται,
3213 3214 3601 3293 νοσφιζόμενος
3641 3214 3703 3271 τὰ
3756 3217 3842 3268 τῶν

494 3307 671 3367 niens
692 3300 1356 3384 archiepiscopum,qui
1381 3300 1508 3363 illic
1533 3299 2136 3380 erat,nomineHypa—

2224 3305 2488 3379 πτωχῶν,
2549 3302 2637 3356 καὶ
2680 3302 2894 3367 τούτους
2953 3303 3266 3380 στιρίσκων,
3329 3309 3399 3380 τῇ
3454 3303 3624 3360 ἔωθεν
3665 3300 3845 3368 ἀπῆλθε

493 3390 856 3474 tianum,qui
878 3392 952 3454 ad
985 3399 1254 3454 extrema
1282 3390 1409 3453 fere
1442 3397 1570 3453 erat
1598 3389 2136 3468 redactus,rogavit

2224 3385 2380 3444 πάλιν
2422 3389 2495 3452 εἷς
2523 3388 2804 3466 ἐπίσκεψιν
2848 3392 3005 3450 αὐτοῦ
3059 3393 3147 3451 καὶ
3197 3393 3356 3450 εἶπεν
3388 3392 3532 3467 αὖτῷ
3571 3408 3586 3424 ⁸
3623 3392 3842 3471 Ἔγειρε,

495 3500 732 3548 causam
758 3481 1133 3545 morbi.C.um
1165 3498 1273 3562 per
1293 3479 1558 3543 divinam
1582 3490 1782 3543 autem
1811 3481 2134 3544 revelatio-

495 3595 636 3639 nem
659 3576 1037 3654 cognovisset
1060 3573 1268 3636 beatus
1289 3572 1673 3647 Parthenius,
1704 3591 1838 3635 eum
1863 3573 2140 3654 castigari

495 3678 745 3749 propter
765 3664 1167 3737 avaritiam,ut
1189 3663 1292 3746 qui
1323 3681 1422 3725 res
1447 3681 1775 3743 pauperum
1797 3671 2139 3744 usurparet,

498 3765 556 3820 et
577 3775 681 3819 eos
704 3755 826 3818 illis
848 3754 1325 3836 privaret,mane
1350 3752 1452 3814 ivit
1472 3771 1686 3814 rursus
1709 3752 1786 3814 ad
1799 3771 1934 3815 eum
1949 3753 2140 3814 visen-

497 3847 732 3920 dum,et
766 3845 822 3907 ei
854 3843 1002 3905 dicit
1032 3864 1044 3902 :
1080 3842 1515 3921 Surge,magne
1546 3840 1954 3904 domine.Non
1977 3842 2136 3904 enim

495 3937 734 3999 laboras
755 3933 1098 3996 infirmitate
1123 3930 1530 4012 corporis,sed
1567 3933 1870 4010 castigat-is
1892 3941 2138 4013 pr0pter

2219 3477 2246 3532 ὁ
2290 3476 2484 3557 μέγας.
2531 3477 2603 3536 Οὔ
2642 3478 2740 3558 γὰρ
2788 3478 3078 3558 ἀρρωστίαν
3133 3483 3453 3558 σωματικὴν
3503 3480 3689 3562 ἔχεις,
3722 3478 3844 3537 ἀλλὰ

2221 3574 2360 3641 νόσῳ
2418 3567 2630 3646 ψυχικῆ
2692 3567 2915 3645 παιδεύῃ
2952 3586 2966 3602 ·
3050 3570 3240 3640 τούτην
3299 3571 3522 3646 ἀπόθου,
3592 3574 3680 3629 καὶ
3721 3568 3844 3628 αὖθις

2218 3657 2494 3734 ὑγιαίνεις.
2542 3658 2700 3736 Λέγει
2732 3657 2877 3733 αὐτῷ
2923 3659 3128 3725 ἐκεῖνος
3165 3677 3180 3692 ⁸
3239 3657 3380 3720 Οἶδα
3428 3661 3517 3718 καὶ
3562 3661 3721 3724 αύτὸς
3776 3657 3846 3714 ὅτι

2220 3745 2536 3824 ἁμαρτωλός
2594 3749 2702 3824 εἶμι
2756 3751 2844 3806 καὶ
2898 3750 3084 3806 τούτου
3140 3756 3305 3830 χάριν
3366 3749 3709 3827 παιδιόομαν
3741 3746 3844 3804 ἀλλ’

2222 3835 2362 3903 εὖξαι
2405 3837 2535 3915 ὑπὲρ
2580 3837 2709 3913 ἐμοῦ
2763 3837 2908 3902 ὅπως
2954 3843 3222 3920 κουφισθῶ
3267 3841 3374 3898 τῶν
3437 3840 3681 3917 ἀνομιῶν
3735 3861 3843 3915 μου.

2221 3930 2379 4004 Λέγει
2425 3930 2568 4001 αὖτῷ
2597 3929 2626 3984 ὁ
2670 3925 2819 3993 ὅσιος
2855 3943 2869 3958 ⁶
2906 3929 3030 3986 Ἐὰν
3083 3930 3155 3994 εἰς
3204 3925 3478 4008 ἄνθρωπόν
3509 3951 3593 3995 τις
3629 3929 3843 4006 ἁμάρτῃ,

493 4025 769 4089 morbum
792 4021 1180 4086 animaeliaec
1195 4039 1333 4100 ergo
1355 4020 1685 4100 depone,et
1706 4022 2136 4084 rursusevades

2224 4013 2356 4078 ἴσως
2386 4015 2422 4082 ἦ
2459 4017 2570 4095 περὶ
2600 4020 2759 4076 αὐτοῦ
2797 4016 2938 4098 εὐχὴ
2969 4018 3356 4090 ἀκουσθησεται
3383 4035 3397 4048 ⁶
3433 4021 3493 4075 τὸ
3522 4022 3619 4076 σὸν
3650 4021 3844 4093 τόσημα

495 4114 1038 4194 sanus.Respondit
1061 4119 1317 4190 aegrotus
1334 4120 1392 4172 et
1413 4109 1585 4171 dixit:
1614 4109 1749 4174 Scio
1769 4129 1877 4190 ego
1899 4129 2136 4193 quoque

2224 4107 2295 4169 εὶς
2329 4107 2458 4162 Θεὸν
2490 4107 2764 4165 συντείνει.
2823 4105 3053 4171 Ἀπόδος
3111 4108 3198 4166 οὖν
3229 4109 3295 4165 τὰ
3337 4113 3444 4165 τῶν
3487 4109 3730 4190 πτωχῶν
3782 4109 3847 4178 τῷ

495 4224 591 4269 me
622 4223 755 4268 esse
784 4211 1185 4284 peccatorem,
1220 4209 1278 4261 et
1334 4199 1471 4261 ideo
1527 4199 1826 4278 castigari.
1865 4200 1982 4262 Sed
2033 4219 2136 4263 ora

2224 4195 2362 4274 Πεῷ,
2414 4196 2502 4284 καὶ
2560 4195 2656 4271 ἔσῃ
2693 4197 2848 4274 ὑγιὴς
2905 4201 3062 4277 ψυχῇ
3105 4219 3162 4254 τε
3220 4200 3308 4255 καὶ
3341 4198 3583 4274 σώματι,
3620 4199 3748 4256 Τότε
3779 4199 3842 4258 εἷς

495 4315 600 4377 pro
635 4313 752 4370 me,
787 4283 938 4373 rogo
973 4297 1130 4364 te,ut
1159 4290 1323 4352 lever
1357 4289 1506 4351 meis
1533 4289 2136 4371 iniquitatibus.Dicit

2224 4284 2373 4343 αὐτὸν
2419 4283 2582 4342 ἐλθὼν
2613 4285 2770 4342 εἶπεν
2797 4303 2810 4316 ·
2845 4285 2970 4343 Ἐπ’
2993 4287 3268 4364 ἀληθείας,
3309 4288 3532 4368 Πάτερη
3563 4291 3842 4368 ἡμάρτηκα

493 4373 548 4450 ei
574 4392 815 4448 sanctus
844 4380 1204 4446 Parthenius
1239 4401 1252 4443 :
1288 4377 1350 4442 Si
1385 4379 1522 4457 quis
1554 4381 1614 4440 in
1647 4378 1950 4440 hominem
1985 4398 2133 4461 pec-

2224 4381 2292 4448 ιῷ
2323 4376 2492 4454 Κυρίῷ
2525 4393 2539 4408 ·
2569 4377 2597 4432 ὁ
2629 4373 2683 4431 δὲ
2744 4375 2930 4454 Κύριος
2981 4374 3204 4441 δίκαιος.
3268 4378 3364 4436 Καὶ
3404 4375 3842 4456 προσκαλεσάμεο

493 4474 820 4550 caverit,de
845 4491 917 4535 eo
951 4473 1202 4534 fortasse
1224 4469 1576 4532 exaudietur
1609 4473 1804 4531 oratio
1841 4491 1854 4532 :
1891 4469 2135 4532 morbus

2224 4487 2306 4529 νος
2335 4487 2426 4542 τον
2483 4463 2730 4522 διέποντα
2787 4465 2967 4546 αὐτοῦ,
3026 4465 3303 4524 ἐκέλευσεν
3361 4468 3435 4530 εἰς
3490 4466 3657 4541 μέσον
3690 4465 3846 4522 ἐλθεῖν

491 4529 1160 4625 éﬁiéiﬁ'iiés'id'n‘e'ﬁixi
1420 4529 1566 4631 Quae
1595 4529 1736 4620 sunt
1759 4529 1899 4637 ergo
1917 4529 2134 4640 paupe:

2224 4561 2323 4614 πᾶν
2375 4557 2434 4613 τὸ
2494 4556 2710 4632 ψρυσίον
2772 4555 2828 4613 τό
2869 4554 2927 4611 ἐκ
2978 4562 3082 4612 τῶν
3136 4563 3376 4636 πτωχῶν
3433 4558 3722 4637 συναχθὲν,
3757 4557 3842 4611 καὶ

492 4651 845 4724 rum,redde
869 4652 1082 4724 Deo,et
1101 4649 1220 4711 eris
1243 4666 1486 4730 semper
1509 4665 1689 4710 sanus
1711 4649 1910 4710 animo
1930 4656 1987 4710 et
2007 4667 2136 4710 cor-

2224 4645 2426 4726 ἠνὲχθη
2487 4646 2707 4726 χρυσίον
2763 4646 2967 4705 ἱκανόν.
3019 4645 3315 4724 Παρεκάλει
3375 4645 3429 4702 δὲ
3491 4647 3583 4704 τόν
3629 4646 3770 4703 ὅσιον
3823 4645 3846 4698 ὁ

492 4761 660 4824 pore.
684 4742 850 4804 Tunc
872 4740 924 4801 is
943 4739 1017 4801 ad
1037 4757 1100 4800 se
1123 4737 1389 4813 rediens,
1418 4737 1565 4799 dixit
1590 4761 1604 4798 :
1644 4739 1897 4813 Revera,
1935 4739 2133 4814 Pater,

2224 4735 2533 4809 ἐπίσκοπος,
2587 4733 2846 4792 διαδοῦναι
2907 4734 3033 4792 αύτὸ
3091 4748 3208 4799 τοῖς
3249 4750 3505 4816 πτωχοῖς
3541 4757 3560 4776 ο
3622 4740 3651 4794 ὁ
3680 4736 3733 4794 δὲ
3761 4735 3845 4791 οὖα

488 4822 732 4915 peccavi
765 4829 1015 4893 Domino
1049 4846 1180 4889 meo
1217 4846 1231 4892 :
1285 4827 1575 4890 Dominus
1626 4846 1766 4890 vero
1793 4828 1993 4908 justus
2029 4850 2042 4888 :
2081 4835 2136 4890 et

2224 4825 2388 4894 ἥλατο
2454 4823 2542 4904 (4)
2599 4825 2784 4893 εἰπὼν,
2847 4830 2938 4880 τοῦ
2999 4832 3128 4882 Θεοῦ
3187 4825 3527 4907 ἐνισχύοντος
3570 4848 3659 4901 σι,
3692 4828 3752 4883 σὺ
3790 4822 3845 4879 δι’

490 4912 764 5004 protinus
792 4919 1086 4983 accersito
1109 4935 1216 4979 suo
1240 4917 1760 4996 mconomo,jussit
1785 4919 1844 4978 in
1868 4917 2132 4980 medium

2224 4917 2408 4974 ἑαυτοῦ
2463 4912 2656 4976 ἀπόδος
2711 4917 2897 4976 αὐτοῖς
2960 4915 3022 4970 τὰ
3054 4915 3250 4980 αύτῶν.
3286 4918 3417 4974 Τότε
3448 4919 3718 4980 καθεσθεὶς
3771 4915 3844 4970 ἐπὶ

488 5002 1016 5090 afferri,quidquid
1035 5006 1165 5069 auri
1189 5004 1508 5068 collectum
1544 5006 1737 5068 fuerat
1759 5025 1829 5069 ex
1855 5006 2132 5089 pauperi-

2224 5007 2382 5088 φορίῳ
2439 5002 2678 5071 ἀπῆλθεν
2709 5005 2779 5068 εἰς
2826 5005 2887 5060 τὸ
2930 5004 3216 5083 μαρτύριον
3277 5009 3377 5075 τῆς
3406 5005 3561 5084 ἁγίας
3593 5008 3840 5086 μάρτυρος

488 5099 779 5165 bus.Cum
812 5106 1010 5162 autem
1036 5097 1177 5158 satis
1198 5095 1327 5157 auri
1355 5095 1562 5159 fuisset
1583 5096 2136 5172 allatum,sanctum

2224 5095 2528 5174 Γλυκερίας,
2572 5094 2661 5152 καὶ
2721 5095 3038 5173 συναγαγὼν
3095 5095 3300 5159 πάντας
3360 5097 3477 5158 τοὺς
3527 5097 3838 5171 πενομένους

487 5192 716 5271 rogavit
746 5191 1092 5270 episcopus,
1125 5195 1187 5250 ut
1218 5186 1275 5248 id
1309 5185 1705 5250 distribueret
1737 5186 2131 5268 pauperibus.

2224 5191 2316 5254 τῆς
2370 5183 2607 5265 πόλεως,
2668 5189 2799 5240 πᾶσι
2844 5182 3090 5241 διέδωκεν
3149 5183 3400 5266 ἀφειδῶς.
3437 5177 3492 5244 Ὀ
3545 5185 3600 5242 δὲ
3661 5186 3837 5266 φιλάν-

486 5280 596 5350 llle
635 5297 774 5343 vero
805 5297 926 5342 non
947 5277 1506 5355 sustinuit,dicens:
1532 5279 1680 5344 Cum
1713 5275 1873 5339 Deus
1898 5275 2003 5338 tibi
2036 5277 2136 5339 det

2224 5279 2426 5356 θρωπος
2463 5276 2592 5339 Θεὸς
2623 5276 2651 5332 ὁ
2682 5274 2748 5330 τὰ
2777 5273 2868 5330 δῦσ
2899 5273 3072 5333 λεπτὰ
3100 5281 3200 5342 τῆς
3231 5283 3494 5356 πενιχρᾶς
3548 5279 3727 5357 χήρας
3768 5277 3839 5352 μὴ

487 5369 663 5445 vires,
726 5376 785 5430 tu
837 5383 944 5448 per
990 5367 1243 5448 teipsum
1297 5364 1485 5429 redde
1514 5366 1624 5442 eis,
1663 5381 1795 5446 quae
1825 5382 1934 5428 sua
1966 5373 2130 5432 sunt.

2224 5363 2474 5446 παριδὼν,
2521 5364 2609 5422 καὶ
2660 5363 2762 5432 τὴν
2819 5362 3078 5422 πλουσίαν
3125 5365 3372 5446 πρόθεσιν
3425 5370 3522 5438 τῆς
3554 5367 3736 5448 χήρας
3761 5364 3840 5423 ἐπὶ

563 5504 592 5548 3
618 5503 775 5568 Psal.
807 5518 868 5580 ι,
903 5505 964 5565 7.

563 5639 653 5723 (4)
689 5636 801 5701 Sic.
844 5656 956 5702 ms.
999 5659 1015 5716 ;
1044 5637 1184 5702 fort.
1217 5641 1318 5720 οὐχ
1343 5638 1546 5704 εἵλετο.
