4028 6202
250 358 402 426 1361
1543 356 1726 423 νιΤΑ
1768 357 1827 421 S.
1887 357 1914 421 Ι

2002 341 2338 422 RTHENII.
3473 354 3624 422 1362

249 498 437 557 Ἠλίου
465 505 560 556 τοῦ
591 499 869 576 προφήτου
923 495 1342 576 ἀποδεξάμενος,
1395 497 1482 552 καὶ
1527 501 1625 563 τῆς
1675 495 1893 572 ἐναγοῦς

2002 489 2150 553 l‘unc
2182 492 2234 554 is
2265 492 2485 554 sedens
2516 493 2576 554 in
2604 491 2839 568 lectica,
2869 492 2969 554 ivit
2989 493 3063 555 ad
3090 493 3374 574 templum
3410 499 3634 552 sancta

249 589 452 666 πόρνης
483 589 550 644 τὰ
581 563 779 666 δακρῖδα
838 589 915 661 μὴ
975 563 1353 667 ἀποστραφείς,
1401 592 1490 642 καὶ
1545 584 1636 641 τοῦ
1666 583 1898 640 τελώνου

2002 581 2258 662 nartyris
2291 583 2580 663 Glyceriae
2616 606 2628 646 :
2669 592 2728 645 et
2757 563 2893 645 cum
2950 563 3373 664 congregasset
3420 598 3633 643 omnes

245 682 338 736 τὸν
371 681 674 757 στεναγμὸν
727 676 1050 750 δικαιώσας,
1101 679 1259 740 αυτὸς
1305 678 1392 733 καὶ
1443 682 1536 730 τοὺ
1569 672 1897 752 προρρηθέν-

2002 690 2286 751 iauperes
2303 673 2806 749 civitati2,aﬂ‘atim
2822 673 3104 736 omnibus
3125 671 3632 736 distribuit.Beui-

246 791 339 830 τος
399 767 834 846 ἀρχιεπισκόπου
893 767 986 822 τὶν
1045 765 1348 841 μετέμελον
1401 762 1788 841 εἰσδεξάμενος,
1844 763 1900 816 ἒν

2002 778 2137 840 guns
2157 773 2355 825 autem
2382 772 2442 825 et
2463 764 2737 826 clemens
2763 765 3058 843 Deus,qui
3081 765 3274 828 viduae
3300 764 3416 826 duo
3434 760 3635 822 minu-

248 858 422 936 τρισὶν
446 858 673 933 ἡμέραις
706 854 912 912 τελείαν
955 855 1200 935 παρέσχε
1234 856 1334 922 την
1364 856 1564 931 ὑγείαν.

2002 867 2041 911 a
2063 870 2180 912 non
2201 853 2477 935 despexit
2522 856 2908 928 numismata,
2941 864 2998 916 et
3019 873 3228 917 rursus
3249 853 3416 916 dives
3443 850 3635 913 vidua)

248 944 620 1026 propositum
653 953 968 1019 acceptum
1000 942 1211 1006 habuit
1242 952 1511 1025 tempore
1537 941 1682 1005 Elia!
1715 938 2044 1027 prophetae,
2079 949 2138 1002 et
2191 942 2469 1025 pauperis
2501 942 2924 1024 ﬂagitiosmque
2955 945 3295 1008 meretricis
3339 945 3636 1027 lacrymas

247 1025 371 1096 non
399 1043 490 1096 est
519 1042 850 1101 aversatus,
881 1041 939 1095 et
961 1032 1262 1114 publicani
1294 1031 1616 1112 suspirium
1649 1025 2080 1108 comprobavit,
2105 1033 2242 1119 ipse
2277 1051 2518 1115 quoque
2550 1031 2824 1113 praedicti
2855 1032 3292 1118 archiepiscopi
3324 1025 3633 1119 acceptam

248 1125 483 1187 habens
513 1123 948 1202 paenitentiam,
985 1124 1045 1183 in
1070 1120 1258 1183 tribus
1288 1121 1501 1183 diebus
1531 1121 1586 1182 ei
1621 1119 1942 1202 perfectam
1971 1118 2228 1197 priebuit
2253 1123 2589 1185 sanitatem.

336 1216 450 1279 ω’,
505 1209 562 1274 Ὀ
607 1215 661 1272 δὲ
705 1222 797 1270 τοῦ
844 1221 974 1272 Θεοῦ
1025 1213 1270 1291 θεράπων
1325 1211 1611 1290 Παρθένιος
1647 1215 1898 1287 περιῆγεν

2053 1207 2180 1272 XII.
2231 1210 2336 1272 Dei
2359 1230 2496 1274 vero
2515 1229 2724 1272 servus
2747 1211 3107 1275 Parthenius
3131 1215 3399 1296 quotidie
3429 1213 3635 1278 obibat

251 1307 338 1386 ἔφ’
399 1307 631 1373 ἐκσίστης
675 1305 800 1369 τοὺς
831 1303 1138 1382 εὒκτηρίους
1179 1301 1361 1365 οἴκους
1405 1307 1503 1369 τῆς
1537 1300 1765 1373 πόλεως,
1806 1299 1901 1359 τὰς

2002 1315 2189 1362 sacras
2210 1301 2369 1364 aedes
2394 1302 2995 1376 civitatis,consuetas
3020 1322 3230 1384 preces
3254 1306 3314 1368 in
3339 1308 3426 1369 eis
3452 1325 3631 1386 pera-

254 1399 503 1465 συνήθεις
567 1395 735 1475 εὐχὰς
794 1393 1053 1450 ἐπιτελῶν
1093 1412 1106 1425 ⁸
1167 1395 1222 1448 ἒν
1281 1393 1372 1454 οἷς
1435 1389 1684 1448 εἰσελθὼν
1743 1389 1798 1444 ἐν
1827 1393 1904 1460 τῷ

2002 1406 2154 1467 gens.
2190 1390 2456 1462 Quodam
2478 1398 2674 1452 autem
2701 1389 2800 1452 die
2823 1390 2882 1452 in
2907 1395 3442 1476 martyrium,quod
3458 1396 3636 1459 Achio

253 1488 396 1543 κατᾶ
472 1486 634 1551 Χίλας
701 1484 985 1562 μαρτύριον
1045 1481 1213 1544 οὕτως
1275 1481 1691 1559 ἐπιλεγόμενον,
1760 1477 1904 1556 εὗρεν

2002 1485 2075 1539 las
2102 1478 2585 1553 dicitur,invenit
2604 1480 2726 1542 illic
2753 1479 3056 1543 hominem
3081 1485 3402 1565 quemdam
3421 1486 3632 1566 jacen-

255 1575 378 1632 ἐκεῖ
406 1597 525 1631 τινα
559 1575 942 1648 κατακείμενον
973 1569 1097 1628 ὅλον
1150 1569 1332 1647 ξηρόν.
1370 1572 1605 1640 AM”,
1636 1567 1691 1624 δὲ
1725 1565 1908 1623 ἔλαιον

2002 1575 2109 1628 tem
2138 1570 2385 1631 omnino
2411 1570 2666 1632 aridum.
2701 1569 2878 1651 Cujus
2916 1573 3221 1652 misertus,
3263 1595 3400 1638 cum
3428 1565 3633 1639 oleum

257 1667 348 1721 καὶ
392 1663 771 1743 ἐπευξάμενος,
835 1661 1017 1724 κλίνας
1078 1682 1136 1717 τε
1194 1662 1260 1716 τὰ
1319 1660 1542 1738 γόνατα,
1605 1659 1743 1723 μετὰ
1806 1655 1904 1712 Ξα-

2002 1658 2285 1737 petiisset,
2317 1661 2485 1722 ﬂexis
2515 1661 2794 1739 genibus,
2831 1681 2963 1724 cum
2999 1663 3276 1745 lacrymis
3307 1665 3495 1728 oravit
3526 1685 3634 1748 pro

255 1756 432 1829 κρύων
465 1753 638 1811 ἐδέετο
699 1758 791 1808 τοῦ
851 1754 982 1808 Θεοῦ
1023 1751 1138 1828 περὶ
1176 1749 1361 1824 αὒτςῦ,
1406 1751 1496 1806 καὶ
1552 1748 1784 1810 ἀναστὰς
1847 1745 1908 1801 ἐκ

2002 1747 2124 1828 ipso
2159 1747 2480 1829 benignum
2509 1760 2565 1812 et
2587 1751 2946 1814 clementem
2972 1755 3267 1817 Deum.Et
3288 1774 3421 1818 cum
3454 1745 3633 1819 dein-

256 1847 359 1912 τῆς
419 1850 757 1923 προσευχῆς,
814 1842 990 1920 ἠρέμα
1031 1841 1118 1896 καὶ
1176 1841 1311 1896 κατὰ
1358 1841 1548 1917 μικρὸν
1599 1845 1787 1894 τοῦτον
1830 1837 3633 1940 τῷΒάεευιυιεθχὶεεεῑερι’θεείίοηθβεηείηιθιρδυιεῑὶηιευηι

256 1935 424 2010 ἐλαίῳ
474 1934 878 2012 διαμαλάσσων,
913 1931 1056 1996 εὐθὺς
1114 1932 1205 1988 καί
1269 1935 1610 2009 παραχρῆμα
1669 1928 1904 1992 ἂνέστη-

2002 1936 2204 1992 sancto
2251 1928 2385 1991 oleo
2431 1930 2734 2006 molliens,
2772 1933 3045 2011 protinus
3069 1934 3279 2014 etipsa
3317 1936 3466 1998 hora
3495 1937 3637 1999 fecit

257 2049 372 2099 σεν,
409 2027 494 2082 καὶ
551 2025 676 2103 ὑγιῆ
725 2025 800 2088 εἷς
843 2024 908 2079 τὰ
951 2019 1064 2077 ἴδια
1107 2019 1255 2084 ἰδίοις
1329 2021 1484 2076 ποσὶν
1537 2018 1750 2074 ἀπιέναι
1796 2017 1906 2072 ὰπ-

259 2116 510 2194 ἐτρεψεν,
573 2115 770 2173 Τούτου
827 2111 881 2168 δὲ
936 2110 1227 2191 γενομένου
1282 2118 1374 2168 τοῦ
1437 2107 1731 2187 παραδόξου
1777 2107 1906 2162 θαύ-

257 2227 429 2280 ματος
493 2203 546 2259 ἑν
621 2194 906 2282 ’Ἡρακλείᾳ
967 2207 1034 2277 τῇ
1092 2200 1270 2275 πόλει,
1326 2200 1520 2262 πάντες
1580 2197 1697 2254 ὅσοι
1743 2197 1907 2277 εἶχον

257 2295 558 2372 ἀσθενείας,
605 2290 936 2371 κατέδραμον
984 2292 1116 2368 πρὸς
1148 2292 1238 2346 τὸν
1271 2286 1545 2367 ἄνθρωπον
1602 2295 1694 2344 τοῦ
1743 2292 1896 2358 Θεοῦ,

260 2388 350 2442 καὶ
422 2391 491 2461 τῇ
572 2382 788 2458 δυνάμει
878 2381 972 2437 τοῦ
1045 2387 1273 2460 Χριστοῦ
1345 2381 1516 2456 ὑγιεῖς
1580 2379 1904 2455 ὅπέστρεφον

262 2460 517 2538 ἅπαντες.
571 2473 867 2548 Συμπαρῆν
919 2469 973 2526 δὲ
1023 2472 1164 2544 abch
1189 2470 1279 2526 καὶ
1311 2460 1652 2537 εΥπατιανὸις,
1701 2469 1729 2523 6
1784 2465 1904 2521 κατ’

265 2566 468 2622 ἐκείνου
499 2565 683 2642 καιροῦ
732 2559 1113 2642 ἀρχιδιάκονος
1166 2560 1264 2628 τῆς
1317 2557 1526 2624 πόλεως
1562 2550 1902 2636 Ἡρακλείας,

268 2657 358 2712 ὅτε
419 2656 484 2711 τὰ
538 2652 808 2727 θαυμάσια
865 2650 1134 2728 ἐγένοντο,
1193 2650 1366 2723 ’Ὅπερ
1408 2648 1756 2722 θεασάμενος,
1811 2649 1906 2702 πί·-

271 2768 384 2803 στει
449 2747 522 2808 εἷς
583 2741 754 2805 πόδας
799 2748 890 2798 to")
949 2741 1097 2818 ἁγίου
1159 2737 1342 2818 ἀνδρὸς
1393 2736 1718 2816 παρακαλῶν
1750 2737 1908 2792 αυτὸν

270 2836 408 2908 μετᾶ
463 2833 728 2912 δακρύων,
815 2830 895 2887 ὅτι
979 2830 1033 2886 ἐν
1109 2831 1343 2904 κτήματι
1433 2833 1592 2886 αὒτοῦ
1649 2827 1907 2904 ἔσπαρται

274 2925 472 2998 πολλὰ,
516 2927 617 2980 ὑπὸ
651 2922 706 2979 δὲ
749 2929 846 2988 της
892 2919 1148 3000 ἂὸροχίας
1182 2919 1390 2975 ἅπαντα
1423 2917 1681 2991 ἐξηράνθη
1722 2935 1735 2950 ·
1767 2915 1907 2972 ἀλλὰ

271 3019 570 3093 παραγενοῦ
613 3011 697 3067 ἐπὶ
747 3012 834 3067 τὸν
899 3011 1064 3066 τόπον
1135 3011 1221 3064 καὶ
1279 3005 1558 3084 πρόσευξαι
1618 3008 1750 3080 πρὸς
1816 3007 1908 3061 τὸν

271 3107 428 3175 Θεὸν,
483 3103 628 3165 ὅπως
672 3101 932 3181 παράσχῃ
975 3101 1124 3156 ὑετὸν
1185 3103 1253 3174 τῇ
1308 3103 1404 3177 γῇ,
1467 3097 1560 3153 ’ίνα
1588 3100 1732 3172 σωθῇ
1763 3101 1908 3152 πᾶσα

269 3199 304 3264 ἡ
366 3194 582 3272 πατρίς,
621 3185 678 3251 ’0
724 3190 779 3247 δὲ
813 3189 954 3255 ὅσιος
999 3189 1134 3266 ἀνὴρ
1165 3189 1449 3265 προθύμως
1507 3186 1593 3244 ἐπὶ
1651 3188 1712 3242 τὸ
1770 3208 1907 3263 προ-

267 3286 514 3361 κείμενον
558 3280 761 3353 ἐϐάδιζε
795 3301 809 3314 ·

267 3377 357 3432 καὶ
399 3374 522 3431 ἰδὼν
578 3371 786 3428 ἅπαντα
843 3368 1206 3447 ἐξηραμμένα,
1240 3366 1424 3430 κλίνας
1457 3367 1522 3422 τὰ
1565 3366 1766 3444 γόνατα
1826 3366 1913 3420 καὶ

269 3468 367 3530 τὰς
418 3475 613 3545 χεῖρας
663 3462 737 3522 είς
799 3459 1045 3531 ουρανοὺς
1096 3457 1403 3534 ἀνατείνας,
1471 3456 1608 3531 μετὰ
1674 3454 1912 3532 δακρύων

272 3556 448 3615 ἐδέετο
498 3554 592 3609 τοῦ
641 3557 770 3608 Θεοῦ
825 3549 1173 3622 καταπέμψαι
1228 3547 1382 3602 υετὸν
1413 3551 1481 3621 τῇ
1525 3550 1597 3621 γῇ
1643 3545 1723 3608 εἷς
1776 3565 1912 3615 καρ-

271 3645 556 3725 ποφορίαν.
592 3633 650 3698 Ὀ
682 3637 735 3695 δὲ
773 3637 1140 3719 φιλάνθρωπος
1194 3636 1323 3725 Θεδς
1381 3635 1556 3725 ὁμᾶελι
1603 3636 1664 3725 το
1705 3632 1914 3725 θέλημα

271 3721 383 3792 τῶν
436 3728 780 3813 φοϐουμένων
841 3728 994 3785 αυτὸν
1052 3725 1245 3797 ποιῶν,
1281 3724 1357 3780 ἔτι
1388 3723 1486 3791 τῆς
1518 3722 1687 3802 εὖχῆς
1745 3721 1799 3776 ἒν
1842 3728 1918 3796 τῷ

276 3825 506 3898 στόματι
558 3827 651 3876 τοῦ
708 3819 858 3894 ἁγίου
914 3816 1098 3888 οὔσης,
1161 3813 1462 3893 συνεσχὲθη
1509 3813 1611 3868 ὑπὸ
1662 3819 1830 3890 νεφῶν
1890 3814 1918 3868 6

280 3914 502 3992 οὒρανὸς
546 3911 640 3966 καὶ
695 3908 932 3964 κάτεισιν
982 3907 1131 3970 ὑετὸς
1192 3907 1279 3961 καὶ
1338 3904 1551 3982 ἐκόρεσε
1613 3907 1788 3958 πᾶσαν
1820 3903 1920 3970 τὴν

281 4009 410 4084 γῆν,
478 3999 831 4059 Είσελθόντων
885 3994 940 4050 δὲ
991 3996 1162 4051 αὒτῶν
1193 3995 1247 4050 ἒν
1278 3994 1355 4068 τῷ
1387 3993 1555 4068 ἀγρῷ,
1580 3992 1920 4084 ἐπεζήτησεν

281 4083 519 4164 ρἴημα,
575 4089 628 4145 ἐν
687 4091 732 4161 ᾧ
775 4088 870 4149 τὰς
928 4086 1094 4164 εὒχὰς
1137 4083 1424 4143 ἒκτελὲσει.
1486 4083 1591 4140 Καὶ
1635 4083 1922 4160 εἰσήγαγεν

281 4186 444 4242 αὐτὸν
502 4185 528 4238 ὁ
579 4175 952 4258 ἂρχιδιάκονος
1001 4177 1028 4230 6
1071 4174 1251 4247 κύριος
1281 4180 1374 4229 τοῦ
1403 4171 1564 4250 ἆγροῦ
1592 4173 1664 4235 εἷς
1696 4171 1787 4227 ἕνα
1817 4175 1923 4228 τῶν

276 4271 665 4340 κοιτωνίσκων,
728 4267 815 4322 καὶ
873 4262 1291 4341 διενυκτέρευσεν
1344 4261 1461 4318 ἐκεῖ
1513 4261 1568 4316 ὲν
1599 4275 1723 4324 ταῖς
1757 4283 1923 4337 προσ.

280 4375 502 4444 avg-Axn,
559 4360 650 4414 καὶ
699 4361 766 4431 τῇ
824 4353 982 4410 ἔωθεν
1014 4350 1518 4431 προσκαλεσάμενος
1550 4352 1642 4407 τὸν
1672 4349 1922 4432 ἀρχιδιά-

275 4441 460 4529 κονον,
496 4450 600 4526 ἔφη
630 4445 780 4518 αὒτῷ
820 4459 834 4474 ’
887 4442 1129 4521 Πρόσεχε
1164 4442 1333 4511 ἐαυτῳ
1367 4459 1384 4476 ο
1447 4442 1506 4497 οὗ
1536 4442 1637 4518 γὰρ
1682 4441 1922 4520 ἀγνοεῖς,

278 4546 354 4605 ὡς
384 4528 668 4602 ἓπαιδεύθή
720 4538 748 4592 6
797 4535 1086 4596 ἓπίσκοπος
1139 4528 1225 4586 διὰ
1271 4529 1616 4610 φιλαργυρίαν
1653 4549 1666 4564 ·

1993 2035 2126 2078 eum
2162 2036 2372 2080 sanum
2406 2029 2748 2098 surgere,et
2763 2021 2944 2100 jussit
2971 2029 3110 2085 eum
3135 2024 3262 2086 suis
3285 2023 3536 2105 pedibus
3559 2027 3634 2088 ad

1995 2126 2140 2169 suos
2163 2107 2364 2169 redire
2400 2107 2586 2173 Deum
2619 2110 3083 2189 gloriﬁcantem.
3118 2113 3262 2175 Cum
3294 2115 3408 2176 hoc
3437 2123 3636 2177 autem

1996 2197 2270 2259 terribile
2299 2207 2356 2259 et
2379 2199 2536 2276 quod
2565 2197 2910 2278 opinionem
2928 2203 3639 2282 superatmiraculumfa-

1989 2296 2146 2348 ctum
2167 2295 2324 2348 esset
2344 2287 2400 2348 in
2417 2286 2706 2349 Heraclea
2719 2290 3322 2371 civitate,quicunque
3335 2294 3638 2355 habebant

1990 2386 2263 2455 aegrotos,
2301 2396 2434 2438 cum
2470 2377 2558 2438 eis
2589 2379 3033 2442 concurrebant
3073 2382 3146 2443 ad
3179 2382 3292 2444 Dei
3327 2383 3634 2446 hominem

1990 2467 2474 2542 Parthenium,et
2497 2470 2708 2530 virtute
2734 2469 2975 2532 Domini
2998 2473 3187 2534 nostri
3207 2474 3347 2536 Jesu
3379 2473 3624 2548 Christi,

1992 2575 2201 2618 omnes
2225 2559 2679 2619 revertebantur
2699 2559 3047 2623 sani.Simul
3073 2580 3215 2624 vero
3239 2581 3373 2625 cum
3394 2583 3464 2626 eo
3490 2565 3629 2627 adet

1991 2655 2087 2708 rat
2111 2646 2290 2707 etiam
2319 2644 2712 2726 [Iypatianus,
2742 2649 2842 2729 qui
2865 2649 2967 2711 illo
2992 2659 3265 2734 tempore
3286 2660 3411 2714 erat
3431 2653 3636 2716 archi-

1993 2735 2281 2798 diaconus
2324 2735 2577 2797 civitatis
2621 2737 2956 2814 Heracleae,
2991 2742 3230 2821 quando
3258 2741 3383 2804 haec
3413 2742 3640 2806 ﬁebant

1993 2825 2298 2887 miracula.
2313 2826 2456 2898 Quae
2479 2845 2611 2887 cum
2628 2827 2893 2903 vidisset,
2907 2830 3164 2908 procidit
3181 2832 3250 2893 ad
3271 2831 3452 2912 pedes
3469 2851 3642 2896 sanc-

1995 2917 2033 2978 ti
2062 2915 2418 2994 viri,rogans
2445 2934 2579 2976 eum
2604 2935 2738 2978 cum
2766 2917 3045 2999 lacrymis
3065 2927 3122 2980 et
3144 2919 3539 3003 dicens,quod
3574 2924 3639 2987 in

1994 3005 2217 3085 praedio
2253 3005 2444 3066 multo
2477 3023 2586 3066 sua
2617 3006 2864 3086 quidem
2898 3015 3037 3069 sunt
3068 3009 3641 3093 seminata,propter

1993 3095 2210 3175 pluviae
2241 3104 2446 3156 autem
2476 3103 2810 3175 egestatem
2872 3098 3075 3159 omnia
3130 3108 3268 3160 sunt
3319 3101 3638 3168 exsiccata.

1993 3183 2374 3258 Sed,veniad
2415 3184 2948 3260 locum,dicebat,o
2979 3189 3326 3251 venerande
3349 3188 3546 3267 Pater,
3580 3201 3641 3256 et

871 3283 966 3336 καὶ
1023 3281 1312 3356 γενὸμενος
1371 3278 1508 3334 κατὰ
1565 3276 1658 3332 τόν
1716 3275 1907 3349 τόπον,

2002 3292 2100 3336 ora
2129 3275 2425 3355 Deum,ut
2461 3259 2632 3336 terrae
2654 3273 2917 3355 praebeat
2944 3277 3295 3357 pluviam,ut
3317 3259 3640 3343 conserve-

1999 3373 2094 3426 tur
2122 3363 2408 3427 universa
2466 3373 2676 3426 nostra
2737 3363 2952 3446 patria.
2985 3367 3380 3431 Venerandus
3411 3388 3552 3432 vero
3585 3377 3650 3433 et

1998 3461 2239 3516 sanctus
2264 3451 2745 3531 virParthenius,
2784 3454 2885 3514 ivit
2908 3465 3179 3536 prompto
3215 3457 3478 3522 etalacri
3505 3461 3643 3522 ani-

2001 3540 2398 3621 mo.Cumque
2416 3542 2679 3603 venisset
2705 3541 2781 3604 ad
2812 3543 3039 3617 locum,
3077 3554 3134 3606 et
3164 3545 3411 3608 vidisset
3442 3550 3646 3612 omnia

2000 3631 2320 3705 exsiccata,
2356 3630 2712 3712 lacrymatus
2762 3644 2879 3708 est,
2914 3634 3207 3712 ﬂexisque
3257 3635 3510 3714 genibus
3541 3639 3644 3702 diu

2001 3734 2254 3804 precans
2281 3738 2416 3781 eum
2443 3720 2744 3801 lacrymis.
2784 3722 3144 3785 clementem
3173 3726 3359 3787 Deum
3387 3728 3642 3804 rogavit,

2003 3820 2065 3872 ut
2086 3809 2339 3891 pluviam
2365 3810 2423 3870 in
2449 3817 2669 3872 terram
2695 3811 3044 3874 demitteret
3066 3813 3139 3874 ad
3163 3813 3396 3876 fructus
3418 3817 3644 3897 produ-

2003 3900 2563 3978 cendos.Benignus
2585 3907 2783 3962 autem
2811 3909 2866 3962 et
2889 3902 3156 3964 clemens
3177 3903 3468 3986 Deus,qui
3490 3925 3647 3970 sem-

2006 3991 2637 4074 perfacitvoluntatem
2659 4009 2866 4052 eorum
2887 3992 2988 4074 qui
3007 3992 3200 4074 ipsum
3224 3995 3647 4072 timent3,cum

2005 4082 2202 4144 adhuc
2228 4099 2437 4162 preces
2461 4089 2665 4143 essent
2687 4083 2744 4144 in
2765 4099 2867 4144 ore
2887 4084 3270 4163 ejus,tectum
3297 4085 3406 4146 fuit
3429 4087 3648 4150 malum

2008 4171 2356 4252 nubibus,et
2379 4170 2692 4235 descendit
2716 4174 2900 4235 multa
2926 4173 3144 4253 pluvia,
3175 4181 3232 4236 et
3262 4175 3492 4239 satiavit
3524 4185 3649 4240 ter-

2007 4260 2460 4340 ram.Ingressis
2481 4270 2677 4324 autem
2704 4263 2850 4343 ipsis
2872 4263 2933 4324 in
2963 4281 3342 4345 agrum,quaa
3371 4265 3507 4328 sivit
3538 4267 3650 4328 ha-

2009 4350 2421 4424 bitaculum,in
2445 4370 2563 4431 quo
2590 4370 2798 4432 preces
2824 4371 2961 4414 suas
2988 4354 3652 4430 perageret.Archidia-

2009 4459 2196 4503 conus
2219 4459 2357 4502 vero
2385 4441 2767 4522 Hypatianus,
2801 4443 2902 4523 qui
2934 4442 3045 4503 fuit
3079 4448 3254 4504 etiam
3285 4444 3412 4521 agri
3445 4444 3652 4508 domi-

1728 4529 1918 4595 ἕδειξεν
1942 4535 1985 4587 D
2008 4531 2480 4606 nus,inlrotluxit
2505 4551 2641 4594 eum
2667 4533 2724 4594 in
2746 4551 2927 4594 unum
2956 4551 3027 4595 ex
3053 4533 3178 4595 suis
3201 4533 3657 4610 cubiculis.Qui

279 4633 380 4712 γάρ
427 4651 518 4705 μοι
551 4630 578 4684 6
636 4631 764 4688 Θεὸς
817 4626 872 4678 ἒν
933 4627 1000 4697 τῇ
1058 4621 1205 4677 νυκτὶ
1262 4620 1456 4699 ταύτῃ,
1518 4618 1599 4676 δτι
1632 4621 1914 4683 ἐπίσκοπος

2015 4625 2382 4701 pernoctavit
2414 4622 2540 4683 illic
2571 4623 2630 4682 in
2665 4622 3059 4684 orationibus:
3095 4631 3153 4682 et
3185 4643 3318 4686 cum
3349 4645 3522 4690 mane
3549 4647 3654 4692 ac-

279 4709 486 4800 Ῠεξήτῃ
547 4718 604 4774 οὗ
659 4715 795 4789 μετᾶ
829 4710 1035 4771 πολλὰς
1098 4709 1325 4788 ἡμέρας.
1385 4710 1530 4787 ’Ὀρα
1561 4713 1673 4783 οὗν,
1702 4711 1795 4766 ἵνα
1825 4718 1914 4766 τῶ·

2015 4711 2318 4776 cersiisset
2348 4711 3023 4800 archidiaconum,dixit
3053 4713 3131 4775 ei:
3166 4713 3425 4777 Attende
3458 4715 3588 4793 tibi,
3623 4737 3658 4780 ο

283 4799 523 4889 πτωχῶν
583 4805 836 4884 πρόνοιαν
867 4806 1036 4857 ποιῶν
1071 4799 1168 4875 ἔσῃ
1204 4815 1218 4830 ⁶
1275 4807 1425 4856 τοῦτο
1453 4800 1555 4879 γὰρ
1583 4800 1715 4878 ὑπὲρ
1759 4800 1914 4857 πάντς

2012 4801 2196 4862 frater
2233 4822 2248 4877 ;
2277 4818 2396 4861 non
2431 4799 2592 4861 enim
2621 4800 2861 4880 ignoras
2894 4802 3241 4884 episcopum
3275 4812 3438 4866 tuum
3472 4807 3662 4869 fuisse

279 4903 374 4958 τὸν
405 4899 534 4956 Θεὸν
565 4893 865 4972 Θεραπεύει.

2020 4895 2375 4969 castigatum
2406 4901 2650 4972 propter
2679 4890 3299 4957 avaritiam.03tendit
3323 4894 3480 4955 enim
3512 4897 3665 4964 mihi

284 4989 444 5052 Deus
476 4987 585 5047 hac
638 4989 837 5054 nocte,
875 4987 930 5041 te
961 4997 1080 5040 non
1113 4977 1313 5040 multis
1368 4985 1499 5059 post
1531 4976 1748 5039 diebus
1773 4979 2037 5043 futurum
2073 4979 2444 5062 episcopum.
2477 4981 2629 5044 Vide
2669 4999 2835 5062 ergo,
2869 4991 2932 5044 ut
2978 5000 3221 5063 semper
3249 5001 3451 5044 curam
3489 5002 3664 5062 geras

287 5091 642 5161 pauperum,
676 5073 788 5133 hoc
823 5068 982 5131 enim
1017 5068 1204 5130 Deum
1237 5069 1428 5149 placat
1467 5085 1650 5161 super
1682 5069 1906 5161 omnia.

371 5158 475 5228 II“.
541 5159 836 5237 Παρεκάλει
924 5161 1012 5215 οὖν
1073 5159 1230 5214 αὒτὸν
1292 5162 1318 5216 6
1378 5157 1779 5237 ἆρχιδιᾶκονος,
1839 5160 1932 5215 ἵνα

285 5255 492 5331 ἀπέλθῃ
525 5257 598 5315 είς
630 5254 690 5308 τὸ
721 5255 904 5323 κτῆμα
935 5250 1026 5305 καὶ
1084 5247 1367 5314 ἐπεύξηται
1413 5262 1536 5310 ταῖς
1588 5248 1798 5328 χώραις
1843 5252 1932 5306 καὶ

285 5359 408 5410 ταῖς
466 5341 727 5418 ἀμπέλοις
761 5359 774 5373 ·
836 5337 891 5394 ἒν
949 5342 1035 5400 οἷς
1082 5337 1330 5394 εἰσελθὼν
1377 5340 1450 5400 εἷς
1504 5338 1629 5412 μίαν
1663 5338 1931 5415 μεγίστην

284 5436 474 5514 χώραν
515 5430 683 5508 μηδὲν
731 5429 964 5507 ἔχουσαν
1015 5431 1168 5482 εἶπεν
1202 5427 1344 5500 αὖτῷ
1377 5446 1393 5462 θ
1432 5428 1530 5482 Διᾶ
1566 5429 1616 5482 τί
1642 5427 1806 5492 αὖτῆν
1839 5434 1933 5487 οὒκ

283 5508 536 5593 ἔσπειρας
597 5521 857 5599 μεγίστην
913 5519 1122 5588 οὗσαν;
1189 5508 1245 5573 Ὀ
1293 5514 1344 5572 δὲ
1377 5515 1662 5580 σῦνδακους
1698 5517 1932 5594 γενόμε-

369 5684 404 5748 3.
433 5679 586 5744 Psal.
620 5695 814 5756 cxuv,
855 5681 952 5741 19.

2056 5159 2210 5224 XIII.
2225 5159 2504 5223 Sanctum
2531 5175 2730 5225 autem
2748 5162 2973 5242 rogavit
2996 5159 3554 5244 archidiaconus,ut
3572 5181 3668 5227 ve-

2016 5252 2176 5314 niret
2197 5251 2256 5313 in
2283 5271 2452 5314 suum
2483 5253 2863 5333 praedium,et
2881 5251 3035 5313 bene
3061 5262 3413 5330 precaretur
3435 5254 3592 5332 agris
3608 5260 3668 5316 et

2017 5341 2257 5405 vitibus.
2301 5345 2610 5419 Ingressus
2642 5360 2780 5403 vero
2812 5341 3021 5402 beatus
3045 5341 3102 5401 in
3127 5359 3303 5402 unam
3341 5344 3669 5407 maximam

2019 5431 2353 5508 regionem,
2388 5451 2520 5512 quae
2575 5430 2725 5492 nihil
2760 5429 3035 5502 habebat,
3077 5429 3220 5491 dixit
3252 5431 3305 5492 ei
3341 5448 3360 5492 :
3394 5429 3513 5496 Cur
3544 5450 3671 5495 non

2018 5521 2326 5583 seminasti
2359 5538 2512 5596 eam,
2550 5539 2683 5584 cum
2737 5519 2814 5582 sit
2845 5518 3150 5584 maxima?
3180 5521 3672 5586 Archidiaconus
