4028 6202
357 365 364 376 ,
449 304 600 375 1363

441 536 607 597 bone
635 552 648 597 :
669 534 775 597 sed
802 553 934 596 mea
960 543 1205 614 peccata
1224 543 1282 598 et
1303 536 1516 616 pluvias
1537 538 1812 603 defectus
1833 561 1988 614 eam,
2025 550 2089 604 ut

443 624 632 700 vides,
665 623 1012 686 exsiccavit.
1047 623 1206 688 Dicit
1233 626 1287 687 ei
1311 635 1556 690 sanctus
1606 651 1620 688 :
1671 631 1827 704 Quot
1857 633 2089 694 modios

441 713 552 776 tibi
573 712 828 794 praebuit
850 715 1010 777 Deus
1034 731 1106 776 ex
1128 713 1240 778 hac
1261 717 1543 796 regione?
1563 717 1672 782 Ille
1705 721 1877 785 dixit:
1901 722 2086 799 Mille,

444 822 479 866 ο
511 802 687 866 bone.
725 801 981 866 Sanctus
1009 813 1208 867 autem
1242 804 1391 868 dixit
1422 808 1477 868 ei
1506 829 1519 872 :
1554 807 1640 871 Ne
1691 811 1772 874 sis
1804 812 2016 886 tristis,
2053 833 2086 873 ο

435 891 640 954 frater.
676 891 896 956 Omnia
925 903 1064 956 sunt
1117 894 1427 975 possibilia
1475 899 1896 966 credenti.Sed
1931 903 2090 965 Deus

442 981 552 1044 tibi
583 981 727 1074 dicit
762 1001 873 1063 per
905 1002 1002 1048 me
1022 989 1604 1069 peccatorem,quod
1639 990 1691 1052 si
1723 991 1783 1054 in
1821 1001 2090 1074 tempore

442 1071 666 1136 aestatis
694 1073 950 1136 fructum
995 1074 1100 1157 qui
1154 1093 1226 1138 ex
1257 1077 1372 1139 hoc
1402 1097 1542 1158 agro
1568 1082 1856 1155 nascitur,
1893 1071 2086 1145 solum

442 1163 707 1240 triveris,
742 1163 1016 1228 invenies
1047 1166 1207 1228 sicut
1233 1166 1637 1242 dixisti,mille
1668 1171 2089 1255 modios,quo-

440 1256 598 1315 niam
623 1257 742 1315 leve
766 1267 850 1317 est
871 1257 932 1316 in
956 1267 1272 1329 conspectu
1296 1260 1530 1318 Domini
1557 1263 1679 1321 haec
1705 1265 1921 1324 facere.
1941 1266 2089 1324 Eum

441 1361 680 1424 quoque
711 1343 1049 1407 introduxit
1077 1344 1140 1406 in
1170 1346 1402 1408 vineam
1455 1364 1670 1410 recens
1713 1350 2038 1432 plantatam
2071 1371 2084 1415 :

445 1438 574 1494 erat
600 1441 802 1495 autem
830 1433 1078 1495 omnino
1099 1435 1394 1497 exsiccata
1415 1445 1473 1499 et
1499 1455 1676 1500 exesa
1696 1459 1729 1501 a
1759 1441 2086 1516 vermibus,

446 1529 696 1604 propter
727 1522 946 1604 pluviae
997 1532 1322 1604 egestatem
1361 1548 1373 1584 :
1411 1536 1536 1588 erat
1568 1547 1707 1591 vero
1741 1539 1900 1592 totus
1949 1533 2095 1594 satis

441 1612 770 1694 amplus,ut
791 1621 1378 1694 caperetsementem
1395 1617 1697 1697 octoginta
1725 1620 2085 1682 modiorum.

440 1704 658 1765 Beatus
679 1711 878 1766 autem
906 1703 1029 1765 sale
1053 1703 1296 1784 injecto,
1327 1713 1503 1768 totam
1525 1707 1706 1770 vitem
1727 1710 2089 1791 conspersit,

1712 311 1997 379 MENSIS
2034 312 2545 378 FEBRUARIUS.

441 453 646 508 autem
676 441 1033 524 lacrymans,
1069 442 1218 507 dixit
1250 465 1265 506 :
1299 443 1605 510 Seminata
1637 449 1883 527 quidem
1919 461 2030 528 est,
2053 470 2085 513 ο

2181 473 2259 514 νος
2316 451 2418 531 ἔφη
2455 467 2468 482 ·
2530 447 2860 527 ’¹Εσπαρται,
2925 443 3113 526 δέομαί
3185 471 3282 508 σου
3316 465 3331 481 ⁸

3669 313 3833 380 i364

3397 447 3519 507 ἀλλ’
3576 453 3633 509 αἱ
3703 450 3838 524 ἐμαὶ

2169 542 2421 620 ἁμαρτίαι
2467 541 2555 598 καὶ
2611 545 2648 612 ἦ
2706 537 2942 621 ἀϐροχία
2983 541 3208 617 ταύτην,
3255 542 3332 605 ὡς
3363 543 3515 620 ὁρᾷς,
3548 538 3838 619 ἀπεξήρα-

2171 652 2280 694 νεν.
2329 631 2488 709 Λέγει
2528 632 2676 706 αύτῷ
2706 633 2734 688 6
2779 629 2926 696 ὅσιος
2961 649 2975 665 ⁸
3043 631 3254 696 Πόσους
3297 629 3509 708 μοδίους
3559 629 3837 708 παρεῖχέν

2171 743 2254 778 σοι
2315 724 2342 777 6
2387 723 2516 784 Θεὸς
2561 721 2625 778 ἐκ
2677 725 2773 801 εῆς
2819 722 3008 801 χώρας
3045 720 3246 788 ταύτης
3280 740 3298 796 ;
3335 711 3393 779 ’0
3425 718 3481 777 δὲ
3514 720 3702 778 εἶπεν·
3739 724 3843 775 Χι-

2171 810 2338 882 λίους,
2387 809 2574 888 δέομαί
2633 833 2750 870 σου.
2803 801 2861 870 Ὀ
2894 808 2947 867 δὲ
2980 811 3126 874 ὃσιος
3160 813 3316 868 εἶπεν
3346 811 3491 884 αὒτῷ
3521 828 3538 846 ο
3577 810 3672 876 Μὴ
3699 809 3838 865 ἀθύ-

2173 922 2261 973 μει
2299 917 2313 932 ‘
2361 901 2537 958 πάντα
2595 897 2788 959 δυνατὰ
2843 906 2920 974 τῷ
2965 900 3292 958 πιστεύοντι.
3341 900 3491 967 Πλῆν
3548 897 3703 977 λέγει
3753 919 3840 956 σοι

2173 988 2245 1047 δι’
2297 989 2431 1066 ἐμοῦ
2486 989 2580 1046 τοῦ
2632 989 2977 1069 ἁμαρτωλοῦ,
3010 989 3092 1046 ὅτι
3125 989 3180 1052 ἐν
3211 996 3290 1064 τῷ
3319 995 3492 1067 καιρῷ
3527 991 3624 1046 τοῦ
3651 990 3841 1066 θέρους

2173 1083 2267 1138 τὸν
2312 1081 2596 1158 γινόμενον
2640 1081 2848 1159 καρπὸν
2901 1085 3003 1148 τῆς
3039 1079 3228 1160 χώρας
3257 1079 3456 1148 ταύτης
3487 1080 3629 1136 κατὰ
3658 1079 3842 1154 μόνας

2173 1170 2436 1244 ἀλοήσας,
2486 1171 2753 1250 εὑρήσεις,
2798 1171 2971 1238 καθὼς
3023 1169 3272 1250 εἴρηκας,
3305 1170 3429 1234 τοὺς
3460 1168 3681 1248 χιλίους
3724 1189 3839 1243 μου

2171 1261 2335 1336 δίους,
2401 1259 2534 1318 διότι
2597 1267 2793 1340 κοῦφον
2850 1260 3077 1318 ἐνώπιον
3154 1267 3290 1318 Θεοῦ
3349 1261 3573 1326 ποιῆσαι
3635 1265 3838 1319 ταῦτα.

2176 1351 2474 1428 Εἰσήγὰγεν
2518 1348 2570 1405 δὲ
2617 1351 2774 1408 αύτὺν
2805 1350 2894 1406 καὶ
2944 1351 3019 1412 εἷς
3068 1348 3364 1425 ἂμπελῶνα
3408 1350 3687 1430 νεόφυτον,
3741 1349 3838 1404 καὶ

2177 1444 2244 1508 ἦν
2305 1439 2674 1518 ἐξηραμμένας
2737 1438 2862 1503 ὅλος
2923 1441 3014 1498 καὶ
3087 1437 3551 1519 σκωληκόϐρωτος
3621 1438 3686 1496 ἐκ
3728 1440 3838 1504 τῆς

2177 1527 2465 1609 ἀϐροχίας.
2511 1524 2614 1586 Ἦν
2669 1526 2725 1584 δὲ
2769 1529 2797 1586 6
2847 1531 3011 1594 τόπος
3069 1531 3250 1592 ἱκανὸς
3281 1531 3356 1592 ὡς
3388 1528 3585 1605 μοδίων
3620 1527 3835 1606 ὁγδοή-

2176 1641 2336 1675 κοντα
2391 1619 2587 1698 σπόρου
2622 1635 2637 1650 ⁶
2686 1621 2776 1676 καὶ
2833 1618 3083 1694 ἐμϐαλὼν
3114 1619 3246 1685 ἅλας
3285 1618 3603 1698 κατέρῤανεν
3651 1620 3838 1675 πάντα

2176 1709 2262 1764 τὸν
2318 1708 2634 1783 ἀμπελῶνα,
2697 1708 2793 1765 καί
2843 1709 3004 1766 εἶπεν
3035 1713 3110 1782 τῷ
3139 1706 3503 1788 ἀρχιδιακόνῳ
3535 1725 3550 1740 ⁸
3586 1707 3836 1782 Εὔδαμος

448 1801 508 1856 et
533 1793 1146 1856 dixitarchidiacono:
1172 1793 1313 1856 Esto
1339 1795 1497 1858 bono
1521 1798 1744 1859 animo:
1778 1819 1912 1860 nam
1937 1799 2091 1862 Deus

2181 1797 2288 1870 ἔσο,
2337 1796 2470 1854 διότι
2532 1795 2738 1854 δίδωσίν
2782 1821 2868 1856 σοι
2914 1801 2941 1856 6
2987 1799 3118 1862 Θεὸς
3163 1799 3224 1856 ἐκ
3288 1805 3381 1856 τοῦ
3424 1798 3593 1856 τόπου
3639 1798 3837 1854 τούτου

445 1883 546 1946 dat
569 1883 672 1946 tibi
699 1902 770 1945 ex
791 1883 908 1944 hoc
932 1883 1062 1945 loco
1085 1885 1229 1946 satis
1259 1904 1532 1965 magnam
1574 1888 2088 1965 benedictionem,

445 1974 600 2032 sicut
622 1974 672 2031 ei
694 1973 1051 2045 placet.Cum
1073 1988 1208 2032 vero
1231 1975 1476 2048 ingressi
1490 1981 1758 2038 essentia
1778 1981 2092 2044 civitatem.

455 2059 566 2121 ivit
595 2058 669 2120 ad
703 2059 1150 2140 episcopum,ut
1179 2060 1235 2122 ei
1262 2061 1652 2139 valediceret,
1675 2072 1734 2126 et
1766 2065 2091 2144 navigaret.

445 2148 557 2213 Ille
579 2155 778 2210 autem
803 2147 858 2209 ei
886 2149 1180 2229 processit
1201 2149 1529 2227 obviam,et
1549 2172 1686 2215 eum
1717 2162 1810 2216 est
1831 2154 2098 2235 comple-

447 2242 629 2300 xus.ii
653 2256 787 2300 vero
811 2256 943 2300 cum
969 2243 1596 2310 assedissent,sanctus
1612 2247 1757 2304 dixit
1781 2248 2093 2319 episcopo:

444 2327 756 2392 Annuntio
779 2327 957 2406 tibi,o
975 2329 1410 2412 domine,quod
1440 2339 1572 2411 post
1599 2351 1718 2394 non
1746 2333 1966 2395 multos
1988 2333 2097 2400 hos

449 2415 580 2480 dies
611 2416 868 2480 excedes
902 2435 936 2480 e
967 2427 1312 2499 corpore,et
1333 2419 1621 2500 migrabis
1643 2422 1715 2484 ad
1749 2421 2094 2484 Dominum.

449 2505 607 2570 Ecce
636 2508 794 2570 enim
817 2507 1093 2570 Christus
1113 2518 1170 2571 te
1185 2511 1595 2592 accersiit,qui
1624 2520 1715 2574 est
1740 2531 1916 2576 verus
1939 2513 2098 2574 Deus

447 2604 676 2671 noster,
711 2604 769 2658 et
803 2596 1027 2659 bonum
1060 2616 1475 2661 successorem
1511 2599 1917 2682 relinques,ut
1949 2603 2096 2663 mihi

441 2686 728 2750 revelavit
757 2686 1065 2761 Dominus,
1102 2688 1414 2751 dominum
1465 2689 1888 2770 Hypatianum,
1926 2699 2094 2752 tuum

447 2776 1134 2841 archidiaconum.Dixit
1156 2778 1499 2860 episcopus:
1528 2781 1658 2843 Fiat
1678 2781 1954 2844 voluntas
1977 2780 2095 2842 Do-

452 2865 622 2928 mini.
664 2865 730 2929 Et
760 2886 894 2930 cum
920 2885 986 2929 se
1016 2867 1272 2930 invicem
1305 2870 1557 2931 osculati
1582 2880 1780 2932 essent
1801 2870 1863 2932 in
1888 2870 2096 2932 osculo

448 2955 983 3035 sancto,Heraclea
1010 2965 1250 3020 sanctus
1289 2959 1581 3037 navigavit
1617 2961 2001 3036 Parthenius,
2036 2973 2097 3024 et

448 3046 614 3108 venit
643 3047 703 3108 in
734 3065 900 3108 suam
936 3045 1231 3110 civitatem
1265 3047 1690 3128 Lampsacum.

529 3135 686 3229 XlV.
715 3136 950 3199 Accidit
978 3146 1175 3229 autem
1212 3157 1331 3229 non
1362 3139 1569 3229 multis
1603 3148 1734 3218 post
1765 3137 2004 3229 diebus,
2034 3147 2156 3229 utc

2174 1887 2362 1954 ἱκανὴν
2415 1885 2656 1964 εὐλογίαν
2700 1889 2838 1945 κατὰ
2881 1891 2940 1947 τὸ
2985 1889 3129 1961 αὐτῷ
3180 1888 3427 1964 ἀρεστόν,
3492 1889 3594 1947 Καὶ
3647 1886 3835 1944 εἰσελ-

2174 1977 2372 2033 θόντων
2434 1980 2507 2039 είς
2565 1978 2666 2045 τὴν
2725 1977 2910 2050 πόλιν,
2957 1977 3155 2045 ἀνῆλθε
3211 1979 3342 2056 πρὸς
3387 1981 3478 2035 τὸν
3529 1979 3837 2034 ἐπίσκοπον

2178 2063 2526 2132 συντάξασθαι
2581 2070 2726 2140 αὒτῴ
2770 2067 2859 2124 καὶ
2913 2065 3272 2124 ἀποπλεῦσαι.
3329 2057 3388 2124 Ὀ
3418 2065 3474 2124 δὲ
3517 2067 3837 2137 ὑπήντησεν

2179 2159 2345 2231 αὐτῷ,
2404 2157 2492 2213 καὶ
2582 2155 2988 2231 περιεπτύξατο.
3074 2157 3414 2216 Καθισάντων
3480 2155 3538 2213 δέ
3626 2159 3823 2238 sinebat,

2179 2245 2337 2302 εἶπεν
2395 2247 2424 2302 6
2479 2244 2624 2309 ὅσιος
2697 2251 2774 2320 τῷ
2847 2243 3121 2322 ἐπισκὸπῳ
3157 2263 3171 2279 '
3223 2243 3652 2325 Εὖαγγελίζομαί
3710 2269 3828 2325 σοι,

2181 2335 2293 2414 κύρι
2352 2337 2379 2392 6
2437 2335 2632 2416 μέγας,
2676 2336 2757 2393 ὅτι
2818 2339 2880 2396 οὐ
2927 2336 3063 2413 μετᾶ
3120 2335 3328 2401 πολλὰς
3379 2337 3573 2398 ταύτας
3618 2335 3834 2414 ἡμέρας

2181 2423 2439 2498 έκδημεῖς
2485 2425 2545 2481 ἐκ
2607 2436 2702 2486 τοῦ
2753 2426 3028 2501 σώματος,
3101 2427 3190 2482 καὶ
3252 2424 3508 2499 ένδειμετς
3550 2427 3684 2496 πρὸς
3737 2428 3833 2483 τὸν

2184 2516 2394 2590 Κύριον.
2458 2513 2592 2571 Ἰδοὺ
2645 2517 2746 2594 γὰρ
2793 2513 3193 2586 προσκέκληται
3253 2537 3313 2571 σε
3365 2517 3452 2572 καὶ
3479 2513 3649 2571 καλὸν
3703 2513 3831 2571 δια-

2179 2600 2346 2682 δοχον
2405 2603 2759 2680 καταλείπῃς,
2806 2607 2878 2668 ὡς
2926 2605 3266 2679 ἀπεκάλυψεν
3321 2627 3412 2679 μοι
3445 2607 3472 2660 6
3532 2606 3692 2678 Θεὸς,
3735 2606 3833 2660 τὸν

2179 2695 2325 2770 κύριν
2373 2683 2694 2752 Τπατιανὸν
2752 2695 2846 2752 τὸν
2889 2691 3268 2774 ἆρχιδιάκονόν
3312 2715 3426 2752 σου.
3478 2685 3538 2751 Ὀ
3599 2692 3658 2749 δὲ
3708 2693 3834 2750 ἐπί-

2181 2804 2382 2845 σκοπος
2427 2781 2530 2863 ἔφη
2569 2799 2584 2814 ⁸
2634 2785 2706 2842 T6
2764 2782 2975 2859 Θέλημα
3018 2793 3107 2842 τοῦ
3155 2785 3343 2861 Κυρίου
3398 2781 3631 2861 γενέσθω
3668 2802 3683 2817 ·

2179 2871 2555 2946 ἀσπασάμενοι
2643 2872 2912 2944 ἀλλήλους
2987 2874 3041 2929 ἐν
3113 2871 3377 2951 φιλήματι
3455 2873 3592 2950 ἁγίῳ
3664 2872 3835 2935 οὕτως

2178 2959 2510 3017 ἀπέπλευσεν
2543 2963 2570 3018 6
2619 2961 2764 3027 ὅσιος
2801 2963 2908 3019 ἀπὸ
2957 2961 3276 3040 Ἠρακλείας
3309 2962 3396 3018 καὶ
3427 2959 3696 3018 κατέλαϐε
3727 2963 3831 3029 τὴν

2177 3049 2308 3105 ἰδίαν
2339 3049 2497 3106 πόλιν
2529 3052 2867 3126 Λαμψάκων.

2264 3138 2377 3198 lA'.
2442 3139 2689 3218 Ἐγένετο
2747 3139 2803 3197 δὲ
2864 3139 2976 3198 λετ⁹
3033 3141 3094 3196 οὗ
3150 3137 3354 3203 πολλὰς
3412 3138 3645 3219 ἠμέρας,
3694 3141 3835 3212 νόσῳ

3746 2784 3836 2838 καὶ

451 3225 663 3286 morbo
696 3235 1009 3303 correptus
1049 3225 1354 3288 Heracleae
1386 3228 1736 3308 episcOpus,
1772 3230 1829 3288 in
1863 3228 2091 3291 Christo

2181 3228 2398 3308 ληφθεὶς
2431 3231 2771 3288 ὁέπίσκοπος
2823 3229 3143 3308 Ἡρακλείας
3196 3230 3532 3287 ἀνεπαύσατο
3577 3231 3635 3286 ἐν
3695 3237 3829 3306 Χρι-

451 3312 1007 3394 requiesceret.Pro
1023 3315 1152 3395 ipso
1175 3335 1313 3378 vero
1331 3317 1522 3379 factus
1545 3325 1634 3379 est
1655 3317 1973 3397 episcopus
1997 3319 2091 3379 do-

2181 3325 2312 3391 στῴ,
2372 3321 2466 3375 καί
2525 3319 2738 3397 ἐγένετο
2794 3319 2910 3377 ἀντ’
2968 3321 3127 3379 αὐτοῦ
3211 3320 3501 3383 ἐπίσκοπος
3577 3323 3606 3376 6
3680 3323 3828 3395 γύρις

451 3403 652 3466 minus
682 3404 1048 3485 Hypatianus
1068 3406 1553 3482 archidiaconus,
1575 3410 2011 3471 convenienter
2041 3408 2091 3470 ei

2182 3397 2503 3473 ἰ’πατιανὸς
2535 3411 2562 3466 6
2609 3408 2985 3490 ἀρχιδιάκονος
3043 3411 3180 3467 κατὰ
3227 3411 3318 3466 τὸν
3349 3409 3510 3487 λόγον
3537 3415 3632 3467 τοῦ
3663 3410 3827 3485 θερὰ-

453 3492 614 3574 quod
639 3492 870 3556 dixerat
892 3512 1099 3557 servus
1113 3496 1217 3560 Dei
1234 3495 1774 3560 Parthenius.Cum
1801 3506 1957 3558 esset
1985 3516 2091 3559 au-

2181 3518 2372 3562 ποντος
2429 3508 2522 3558 τοῦ
2575 3507 2707 3556 Θεοῦ
2768 3500 3074 3579 Παρθενίου.
3148 3500 3522 3574 Ἀκμάσαντος
3581 3506 3678 3557 τοῦ
3732 3500 3827 3556 Θέ-

449 3589 569 3644 tem
588 3591 1068 3664 aastas,egressus
1088 3586 1410 3668 episcopus
1424 3586 1790 3669 liypatianus
1810 3586 1871 3648 in
1889 3605 2091 3666 agrum

2181 3609 2322 3664 ρους,
2371 3586 2594 3652 ἐξελθὼν
2643 3591 2669 3645 6
2728 3589 3017 3652 ἐπίσκοπος
3081 3580 3402 3653 ’Υπατιανὸς
3435 3591 3506 3654 εἰς
3539 3591 3630 3645 τὸν
3665 3589 3828 3667 ἀγρὸν

447 3691 627 3734 suum
657 3673 731 3734 ad
766 3674 1136 3754 colligendos
1168 3677 1398 3740 fructus
1433 3686 1628 3750 terrai,
1658 3685 1717 3738 et
1749 3677 2091 3739 metendum

2181 3677 2339 3732 αὒτοῦ
2379 3676 2466 3734 ἐπὶ
2533 3679 2594 3734 τὸ
2653 3678 2866 3744 συναξαι
2943 3681 3063 3743 τοὺς
3109 3680 3345 3758 καρποὺς
3401 3679 3497 3746 τῆς
3558 3684 3665 3755 γῆς
3737 3681 3828 3736 καὶ

438 3765 505 3822 id
527 3764 682 3837 quod
709 3777 834 3825 erat
857 3779 1055 3826 natum
1081 3786 1147 3826 ex
1170 3771 1455 3828 exsiccata
1473 3781 1530 3826 et
1552 3768 1815 3841 squalida
1841 3769 2091 3838 regione,

2181 3764 2409 3832 ἀλοῆσαι
2451 3767 2510 3822 τὸ
2573 3766 2816 3843 γέννημα
2885 3770 2983 3834 τῆς
3045 3768 3230 3846 χώρας
3275 3773 3376 3835 τῆς
3421 3766 3826 3843 ἐξηραμμένης.

433 3851 664 3914 invenit
692 3853 857 3916 mille
888 3855 1121 3918 modios
1147 3857 1358 3935 plenos
1383 3852 2091 3929 frumento,convenien-

2181 3856 2322 3930 εὗρεν
2381 3856 2502 3920 τοὺς
2559 3856 2768 3936 χιλίους
2802 3855 3024 3933 μοδίους
3067 3865 3162 3915 τοῦ
3215 3857 3359 3914 σίτου
3403 3856 3630 3934 πλήρεις
3692 3859 3831 3913 κατὰ

437 3951 528 4003 ter
553 3947 726 4004 verbo
748 3948 899 4004 servi
917 3949 1018 4006 Dei
1044 3949 1364 4008 Parthenii.
1393 3948 1667 4007 Similiter
1692 3961 1827 4004 vero
1853 3947 1908 4003 in
1947 3955 2091 4003 tem-

2181 3944 2237 3999 :6
2281 3949 2427 4018 ρῆμα
2487 3953 2579 4004 τοῦ
2620 3944 2810 4003 δούλου
2869 3949 2961 4002 τοῦ
3010 3953 3141 4004 Θεοῦ
3201 3949 3508 4024 Παρθενίου.
3550 3937 3827 4009 Ὡσαύτως

438 4046 587 4110 pore
614 4050 857 4114 quoque
879 4032 1427 4108 vindemiarum,ex
1451 4030 1822 4114 plantatione
1841 4031 2091 4094 exsicca-

2181 4027 2228 4084 δὲ
2267 4034 2356 4088 καὶ
2387 4032 2442 4089 ἐν
2474 4041 2552 4109 τῷ
2583 4037 2755 4108 καιρῷ
2786 4041 2887 4102 τῆς
2919 4036 3116 4114 τρύγης
3175 4035 3237 4093 έκ
3291 4036 3388 4104 τῆς
3449 4037 3667 4114 φυτείας
3723 4038 3830 4091 τῶν

439 4131 632 4182 tarum
659 4125 959 4183 vinearum
988 4125 1140 4183 Deus
1164 4126 1320 4184 dedit
1345 4139 1614 4196 magnam
1653 4123 1773 4180 vini
1805 4123 2091 4192 quantita-

2181 4118 2546 4199 Ξηρανθέντωδ
2606 4123 2865 4200 ἀμπέλων
2923 4123 3059 4182 πολὺ
3131 4124 3334 4192 πλῆθος
3399 4125 3554 4183 οἴνου
3597 4127 3626 4182 6
3699 4125 3831 4185 Θεὸς

441 4206 709 4281 tem.Qui
726 4227 862 4272 cum
883 4209 1254 4291 experientia
1279 4211 1614 4292 accepisset
1632 4216 1917 4270 eventum
1938 4206 2091 4285 ejus,

2188 4209 2495 4289 ἐδωρήσατο
2527 4233 2536 4242 ·
2585 4215 2642 4278 ὃς
2687 4221 2755 4291 τῇ
2787 4217 2942 4293 πείρᾳ
2972 4214 3320 4295 παρειληφὼς
3353 4220 3452 4280 τῆς
3483 4212 3827 4293 προῤῥήσεως

441 4297 607 4376 quod
630 4306 873 4362 sanctus
895 4299 1578 4381 praedixerat,decimam
1599 4299 1907 4361 fructuum
1931 4305 2091 4360 utro-

2187 4309 2278 4357 τοῦ
2324 4302 2468 4360 ὁσίου
2529 4305 2623 4373 τὴν
2669 4302 2911 4384 ἔκϐασιν,
2961 4306 3277 4384 ἀμφοτέρων
3331 4308 3437 4362 τῶν
3469 4306 3692 4381 καρπῶν
3733 4304 3827 4364 τας

433 4404 942 4471 rumque,nempe
969 4399 1087 4452 tam
1129 4389 1439 4453 aridorum
1474 4408 1654 4471 quam
1680 4384 2091 4464 humidorum,

2187 4389 2414 4456 δεκάτας
2445 4399 2542 4461 τῆς
2574 4415 2633 4450 τε
2665 4392 2825 4473 ξηρᾶς
2857 4397 2944 4451 καὶ
3001 4397 3162 4473 ὑγρᾶς
3221 4393 3470 4468 ἐμϐαλὼν
3533 4393 3586 4449 ἐν
3633 4392 3827 4466 πλοίῳ,

434 4478 565 4539 navi
589 4477 928 4558 impositam
955 4479 1132 4542 duxit
1153 4479 1658 4561 Lampsacum,ut
1681 4487 1887 4543 sancto
1911 4476 2091 4540 oll‘er-

2187 4481 2470 4558 ἀπήγαγεν
2514 4483 2568 4538 ἐν
2641 4485 2926 4560 Λαμψάκῳ
2984 4490 3290 4564 προσφορᾶς
3336 4485 3496 4564 χάριν
3539 4485 3616 4554 τῷ
3677 4482 3826 4554 ὁσίῳ.

431 4573 548 4640 ret,
587 4567 880 4630 maximas
911 4575 965 4631 ei
998 4589 1181 4650 agens
1245 4570 1490 4649 gratias.
1526 4567 1634 4632 Ille
1666 4579 1864 4634 autem
1907 4572 2097 4635 noluit

437 4655 960 4737 accipere,dicens
983 4659 1229 4722 domino
1265 4659 1598 4740 Hypatiano
1637 4659 2092 4743 episcopo:Deo

443 4762 634 4826 agens
655 4747 878 4823 gratias
899 4748 962 4812 in
985 4749 1402 4826 omnibus,eas
1420 4749 1716 4813 distribue
1740 4754 1963 4816 nostris
1984 4755 2098 4816 fra-

435 4834 732 4914 tribus,et
753 4857 887 4902 cum
913 4857 977 4902 se
1001 4838 1258 4902 invicem
1279 4839 1662 4915 salutassent,
1687 4859 1978 4906 reversus
2009 4853 2096 4906 est

423 4940 661 4990 sanctus
683 4934 994 5005 cpiscopus
1018 4933 1394 5000 Heracleam,
1420 4944 1476 4991 et
1499 4934 1794 4992 distribuit
1829 4937 2094 4996 frumen-

428 5023 552 5079 tum
576 5024 638 5083 et
668 5019 868 5082 vinum
901 5019 1023 5081 suis
1046 5019 1441 5095 fratribus,ut
1461 5020 1726 5100 jusserat
1758 5025 1936 5084 homo
1960 5024 2092 5086 Dei.

417 5105 754 5190 Episcopus
786 5128 929 5191 ergo
958 5109 1177 5191 Hypati
1197 5129 1350 5171 anus
1385 5129 1502 5171 non
1532 5110 1784 5173 cessavit
1807 5131 1995 5194 usque
2017 5114 2088 5176 ad

419 5196 540 5260 line
568 5217 622 5260 m
647 5199 1064 5280 vitae,narrare
1087 5201 1367 5263 omnibus
1389 5199 1492 5263 Dei
1523 5201 1822 5280 magnalia
1850 5221 1981 5282 qua:
2005 5204 2093 5266 le-

438 5287 524 5349 cit
563 5307 697 5352 cum
729 5291 859 5371 ipso
893 5311 1002 5373 per
1034 5310 1269 5354 servum
1304 5310 1474 5354 suum
1508 5289 1921 5355 Parthenium.

463 5377 743 5444 XV.Cum
769 5400 912 5462 ergo
935 5383 996 5444 in
1023 5383 1133 5445 hac
1159 5382 1258 5462 pia
1277 5390 1336 5444 et
1353 5381 1624 5459 angelica
1647 5384 1763 5442 vita
1787 5382 2071 5443 refulsis-

424 5483 512 5530 set
537 5475 598 5531 in
620 5482 774 5534 terra
795 5477 896 5536 Dei
921 5492 1124 5536 servus
1149 5479 1296 5536 etvi:
1315 5475 1687 5536 venerandus
1707 5476 2074 5544 Parthenius,

421 5564 481 5620 et
504 5559 723 5622 multos
735 5561 1172 5624 convertisseta
1189 5560 1529 5625 simulacris
1545 5561 1618 5624 ad
1635 5562 1829 5624 Deum
1846 5561 2067 5637 virum,

2185 4569 2243 4629 Ὀ
2290 4569 2344 4627 δε
2375 4573 2470 4629 οὐκ
2499 4572 2666 4641 ἥλατο
2716 4572 2959 4640 δέξασθαι
3010 4575 3175 4631 εἰπὼν
3214 4577 3290 4647 τῷ
3333 4577 3476 4648 κυρῷ
3520 4570 3830 4644 ἰ’πατιανῷ

2179 4668 2254 4734 αῴ
2314 4661 2594 4737 ἐπισκύπῳ
2629 4683 2644 4697 ’
2722 4665 3074 4742 Εὑχαριστων
3158 4670 3235 4738 τῷ
3296 4663 3468 4741 Κυρίῳ
3527 4661 3584 4717 έν
3642 4667 3824 4738 πᾶσιν,

2179 4747 2356 4814 διάδος
2408 4754 2546 4811 αὖτὰ
2585 4765 2706 4817 τοῖς
2751 4750 3004 4829 ἀδελφοῖς
3040 4768 3053 4782 ⁸
3104 4755 3192 4810 καί
3235 4753 3609 4826 ἀσπασάμενοι
3654 4747 3823 4818 ἀλλή-

2181 4839 2328 4912 λους,
2363 4841 2693 4920 ὑπέστρεψεν
2732 4845 2759 4898 6
2814 4842 3107 4908 ἐπίσκοπος
3149 4842 3203 4899 ἐν
3260 4840 3549 4920 Ἡρακλείᾳ
3592 4845 3663 4916 τῇ
3719 4840 3821 4895 πό-

2181 4929 2288 5003 λει,
2351 4932 2438 4989 καὶ
2483 4929 2700 4988 διέδωκε
2741 4933 2832 4988 τὸν
2879 4945 3033 4989 σῖτον
3078 4934 3164 4990 καὶ
3205 4935 3296 4990 τὸν
3337 4933 3488 4989 οἶνον
3518 4944 3637 4992 τοῖς
3668 4927 3823 4985 ἁδελ-

2181 5035 2306 5101 φοῐς
2368 5023 2504 5080 κατα
2551 5023 2649 5090 τὴν
2699 5021 2939 5079 κέλευσιν
3002 5029 3096 5080 τοῦ
3133 5020 3408 5101 ἀνθρώπου
3450 5027 3542 5078 τοῦ
3573 5027 3728 5082 Θεοῦ.
3761 5021 3821 5078 Ὀ

2181 5111 2268 5167 οὖν
2339 5111 2627 5176 ἐπίσκοπος
2706 5113 3028 5175 ’Υπατιανὸς
3088 5113 3184 5168 οὐκ
3256 5112 3481 5168 ἐπαύετο
3537 5109 3672 5188 ἄχρι
3727 5114 3821 5175 τῆς

2179 5205 2329 5271 ζωῆς
2358 5204 2516 5259 αὖτοῦ
2546 5208 2676 5258 πᾶσι
2706 5199 3060 5279 διηγούμενος
3090 5203 3155 5258 τὰ
3212 5200 3481 5279 μεγαλεῖα
3526 5207 3620 5257 τοῦ
3667 5206 3817 5277 Θεοῦ,

2175 5290 2207 5347 ἄ
2245 5292 2499 5359 ἐποίησεν
2527 5292 2652 5369 μετ’
2679 5291 2840 5352 αότοῦ
2872 5294 3173 5372 Παρθενίου.

2254 5373 2365 5441 1Ε’.
2417 5381 2509 5439 Ἐν
2555 5384 2723 5458 ταύτῃ
2780 5388 2849 5458 τῇ
2907 5380 3172 5460 ἀγγελικῇ
3225 5379 3470 5452 πολιτείᾳ
3515 5377 3820 5454 διαλάμψας

2163 5472 2246 5552 ἐφὶ
2308 5478 2411 5550 γῆς
2443 5474 2530 5529 καὶ
2560 5473 2794 5535 πολλοὺς
2828 5471 3158 5550 ἐπιστρέψας
3208 5471 3265 5528 ἐκ
3297 5477 3405 5527 τῶν
3459 5467 3692 5526 εἰδώλων
3742 5469 3821 5528 ἐπὶ

2181 5564 2276 5619 τὸν
2335 5561 2588 5628 ἀληθινὸν
2648 5565 2785 5620 Θεὸν
2842 5565 2933 5618 τὸν
2978 5565 3151 5633 ζῶντα
3195 5567 3285 5618 καί
3327 5560 3510 5638 ὥσπερ
3554 5562 3697 5631 νόσῳ
3725 5555 3825 5623 ληο

413 5648 668 5731 perinde
687 5668 757 5714 ac
781 5651 990 5716 morbo
1013 5659 1358 5734 arreptus,a
1381 5649 1504 5715 Deo
1531 5652 2058 5731 vocatus,requie~

2181 5655 2331 5730 pileis,
2379 5653 2604 5722 κληθεὶς
2653 5655 2756 5712 ὑπὸ
2818 5663 2908 5715 τοῦ
2959 5652 3092 5711 Θεοῦ
3143 5651 3482 5710 ἀνεπαύσατο
3512 5650 3568 5707 ἐν
3619 5650 3820 5728 εὶρήνῃ.
