4028 6202
264 319 425 387 1365
948 316 955 321 ’
1550 325 1728 394 VITA
1776 329 1837 391 S.

2038 326 2344 393 EPHORl.
3477 323 3629 391 1366

265 447 329 515 ’0
384 457 474 514 οὗν
530 456 817 524 ἐπίσκοπος
861 462 889 516 ὁ
947 460 1265 541 προῤῥηθείς
1314 454 1629 527 ’Υπατιανὸς
1675 467 1856 523 ὰκούσε

2029 462 2069 525 it
2097 463 2158 525 in
2193 482 2363 544 pace.
2417 462 2746 527 Prae'lictus
2799 478 2940 541 ergo
2974 460 3348 543 Hypatianns
3380 463 3620 545 episco-

264 553 362 605 τού
404 546 646 623 ἀοιδίμου
677 550 731 607 ἐν
780 556 993 628 Χριστῷ
1048 554 1147 621 τὴν
1197 555 1551 631 μετάστασιν,
1594 555 1855 612 καταλιπὰ

2036 573 2099 614 us
2130 572 2265 615 cum
2293 552 2618 616 audivisset
2650 552 2947 633 inclytum
2983 560 3042 614 et
3071 551 3479 616 venerandum
3513 554 3627 616 Pa-

265 638 332 695 τᾶ
380 637 436 693 ἐν
479 640 688 720 χερσὶν,
736 640 943 720 ἀπάρας
1004 641 1065 698 ἐκ
1126 649 1225 712 τῆς
1296 644 1508 710 πόλεως
1564 635 1856 724 Ἡρακλεία.

2039 660 2139 703 'em
2165 652 2437 705 nostrum
2462 642 2851 705 Parthenium
2877 641 2952 703 ad
2983 641 3282 704 Christum
3317 641 3630 722 migrasse,

261 728 424 805 οὐρίῳ
480 730 767 806 πνεύματι,
822 737 916 787 τοῦ
988 738 1119 789 Θεοῦ
1198 733 1574 808 κελεύσαντος,
1637 737 1702 811 τῇ
1772 735 1852 791 αὕη

2035 732 2218 795 elictis
2250 732 2532 795 omnibus
2579 751 2710 813 qua;
2768 730 3027 795 habebat
3074 732 3136 792 in
3169 731 3464 807 manibus,
3498 733 3626 796 sol-

262 820 412 875 νυκτὶ
456 818 856 895 καταλαμϐάνει
898 822 999 888 τὴν
1028 823 1351 899 Λάμψακον,
1387 815 1663 888 Ὡσαύτως
1722 824 1817 883 καὶ

2035 840 2135 882 ens
2189 840 2258 883 ex
2318 822 2553 883 civitate
2610 821 2915 895 Heraclea,
2967 820 3236 884 secundo
3278 828 3458 883 vento
3490 841 3626 886 cum

266 908 490 977 Κυζίκου
550 906 978 988 ἃρχιεπίσκοπος
1021 913 1109 968 καὶ
1167 915 1194 969 ὁ
1251 913 1478 971 Μελίτου
1511 914 1719 977 πόλεως
1776 915 1829 971 ἐν

2036 929 2151 973 ὀυς
2173 911 2483 991 jussisset,
2542 911 2752 972 eadem
2805 920 2985 973 nocte
3036 910 3309 991 pervenit
3338 912 3627 992 Lampsa-

260 996 362 1052 καὶ
400 996 684 1075 ἐγεννήθη,
732 1002 826 1055 καὶ
886 1002 912 1056 δ
972 1002 1166 1079 Παρίο)
1199 1004 1485 1067 Εὒττᾶϐιος
1517 1005 1605 1061 καὶ
1638 1008 1684 1060 οἱ
1721 1006 1851 1061 λοιπ

2039 1020 2149 1063 um.
2189 1000 2481 1063 Similiter
2512 1001 2690 1064 etiam
2750 1000 2943 1082 Cyzici
3002 1001 3347 1084 episcopus,
3380 1008 3439 1063 et
3464 996 3630 1083 epis-

262 1092 374 1142 τῶν
438 1087 589 1164 πέριξ
649 1088 884 1169 πόλεων,
945 1090 1040 1147 καῖ
1112 1091 1278 1158 οὕτως
1331 1095 1468 1167 μετὰ
1533 1093 1763 1169 ψαλμῶν
1821 1117 1852 1150 κ

2035 1108 2177 1171 opus
2216 1090 2432 1167 Meliti,
2470 1091 2531 1152 in
2562 1110 2680 1173 qua
2734 1091 2928 1153 fuerat
2956 1099 3153 1165 natus,
3188 1099 3248 1154 et
3272 1090 3431 1153 Parii
3462 1091 3626 1171 epis-

258 1174 444 1251 ῧμνων
497 1179 781 1236 κατέθεντο
858 1181 1015 1237 αὒτὸν
1072 1181 1302 1249 πλησίον
1345 1184 1442 1252 τῆς
1500 1183 1791 1251 ἓκκλητίας

2082 1200 2173 1242 )US
2207 1180 2459 1243 nomine
2516 1180 2891 1253 Eustachius,
2927 1189 2984 1243 et
3014 1180 3231 1263 reliqui
3273 1199 3345 1243 ex
3374 1180 3629 1245 civitati-
3668 1196 3673 1203 '

259 1274 341 1341 τῷ
386 1269 672 1346 εὖκτηρίῳ,
733 1271 760 1325 ὃ
820 1272 975 1335 αὐτὸς
1048 1271 1421 1348 ᾠκοδόμησεν,
1498 1272 1820 1342 Ἐτελειώθη

2075 1289 2101 1330 s
2132 1290 2265 1351 quaa
2296 1279 2465 1332 erant
2496 1270 2916 1332 circumcirca.
2957 1272 3181 1349 Sicque
3213 1288 3351 1332 cum
3388 1270 3632 1349 psalmis
3664 1316 3666 1319 -

258 1356 505 1434 θεράπων
551 1367 644 1416 τοὺ
704 1367 838 1419 Θεοῦ
881 1363 1166 1439 Παρθένιος
1235 1364 1372 1421 κατὰ
1430 1362 1721 1439 Ῥωμαίους
1775 1389 1849 1440 μη

2040 1360 2314 1440 Lhymnis
2359 1371 2417 1420 et
2472 1359 2846 1440 spiritalibus
2906 1360 3161 1422 canticis
3217 1359 3631 1440 deposuerunt

260 1445 603 1525 Φεϐρουαρίῳ
660 1449 770 1525 ς’,
804 1452 944 1508 κατὰ
987 1451 1039 1508 δὲ
1086 1451 1364 1518 Ἀσιανοὺς
1423 1453 1851 1512 πεντεκαιδεκάτι

2040 1469 2127 1510 um
2165 1468 2356 1530 prepe
2388 1449 2703 1513 ecclesiam
2736 1450 2795 1511 in
2844 1448 3104 1511 oratorio
3135 1449 3295 1530 quod
3326 1449 3456 1530 ipse
3487 1449 3631 1512 mdi-

260 1535 564 1614 διδάγματα
608 1544 668 1599 οὗ
720 1542 886 1617 μικρὰ
929 1541 1260 1619 καταλείψας
1290 1546 1423 1618 ἡμῖν
1456 1542 1540 1601 διὰ
1572 1548 1667 1613 τῆς
1699 1543 1851 1601 τελείε

2043 1539 2475 1603 cavit.Dormiit
2507 1550 2705 1602 autem
2732 1548 2974 1603 sanctus
3006 1540 3227 1603 Christi
3260 1558 3466 1602 servus
3494 1538 3634 1604 Par-

258 1631 336 1690 είς
383 1630 473 1684 τὸν
518 1631 650 1685 Θεὸν
720 1632 809 1688 καὶ
881 1631 1126 1697 ἂκλινοῦς
1179 1633 1409 1697 πίστεως
1474 1637 1651 1705 αὗτοῦ,
1704 1635 1761 1698 ὃς
1820 1659 1849 1691 ιι

2040 1629 2231 1690 lenius
2262 1628 2520 1709 septimo
2556 1629 2782 1691 mensis
2813 1629 3283 1701 Februarii,non
3319 1645 3495 1709 parva
3519 1649 3631 1693 no-

259 1719 393 1774 κετᾶ
451 1718 603 1785 τέλος
660 1727 729 1798 τῇ
788 1724 919 1800 πρὸς
988 1724 1081 1779 τὸν
1136 1724 1267 1779 Θεὸν
1328 1724 1498 1795 ἱκεσίᾳ
1555 1727 1650 1782 οὒκ
1711 1724 1848 1803 ἠρεμ

2040 1718 2085 1779 is
2112 1717 2323 1779 relicta
2353 1717 2625 1779 doctrina
2661 1735 2770 1799 per
2802 1719 3131 1798 perfectam
3167 1726 3227 1781 et
3257 1718 3631 1783 immobilem

256 1810 699 1887 θαυματουργὼν,
798 1810 1054 1888 δαίμονας
1148 1811 1463 1871 ἀπελαύνων
1558 1815 1646 1870 καὶ
1729 1820 1847 1871 πᾶσέ

2050 1826 2120 1868 us
2147 1806 2209 1869 in
2234 1806 2420 1869 Deum
2452 1807 2782 1882 ﬁdem.Qui
2814 1808 2997 1871 etiam
3028 1817 3156 1889 post
3187 1808 3503 1872 decessum
3530 1827 3638 1871 sua

256 1898 415 1954 νόσον
468 1898 719 1981 ἰώμενος,
774 1908 841 1979 τῇ
896 1900 1119 1977 δυνάμει
1166 1910 1258 1961 τοῦ
1305 1903 1490 1981 Κυρίου
1533 1905 1687 1978 ἡμῶν
1733 1902 1846 1972 ἰησ

2042 1897 2062 1958 l
2097 1896 2284 1959 Deum
2344 1896 2783 1978 supplicatione
2841 1917 2960 1961 non
2993 1907 3188 1962 cessat
3218 1898 3416 1960 facere
3447 1897 3633 1963 mira-

261 1993 517 2063 Χριστοῦ,
566 1992 686 2063 μεθ’
742 1991 803 2049 οὗ
859 1998 936 2066 τῷ
992 1992 1155 2070 [lupi
1201 1990 1346 2067 δόξα,
1394 1994 1759 2071 προσκύνησις
1819 2016 1849 2051 κ

2046 1986 2147 2061 ila,
2182 1987 2487 2049 daemones
2521 1987 2855 2069 expellens,
2891 1989 3163 2069 leprosos
3216 1986 3542 2063 mundans,
3576 1996 3637 2051 et

255 2083 335 2151 τῷ
367 2078 612 2157 παναγίερ
648 2082 936 2156 Πνεύματι,
970 2090 1060 2140 νῦν
1103 2082 1191 2139 καὶ
1252 2082 1335 2139 ἀεὶ
1366 2084 1453 2139 καὶ
1498 2084 1569 2149 εἰς
1600 2084 1722 2148 τοὺς
1767 2084 1846 2140 οιἱὰ

2046 2094 2229 2144 nnem
2261 2074 2538 2137 morbum
2571 2083 2631 2138 et
2679 2077 3095 2157 aegritudinem
3156 2096 3372 2140 curans
3420 2078 3637 2142 virtute

262 2189 357 2231 νας
389 2173 494 2226 τῶν
527 2169 755 2230 αἰώνων.
789 2170 992 2247 Ἀμήν.

2040 2165 2258 2245 Lgratia
2290 2165 2530 2228 Domini
2578 2174 2638 2228 et
2671 2165 2776 2230 Dei
2807 2174 2867 2229 et
2897 2166 3233 2231 Servatoris
3265 2166 3455 2230 nostri
3482 2171 3631 2231 Jesu

1986 2252 2208 2318 Christi
2244 2254 2383 2316 :cui
2409 2252 2599 2332 gloria
2630 2264 2687 2316 et
2741 2257 3029 2335 potentia,
3083 2274 3244 2319 nunc
3292 2263 3351 2319 et
3380 2275 3627 2339 semper

1986 2351 2047 2406 et
2074 2346 2132 2404 in
2165 2343 2387 2406 saecula
2414 2343 2799 2405 saeculorum.
2834 2345 3051 2409 Amen.

934 2642 1032 2706 DE
1076 2641 1137 2707 S.
1182 2642 1617 2710 NICEPHORO
1673 2644 2043 2711 MARTYRE
2086 2644 2517 2713 ANTIOCHIE
2572 2647 2646 2712 IN
2691 2648 2947 2714 SYRIA.

827 2803 994 2876 (Circa
1043 2821 1109 2862 an
1175 2804 1305 2872 258,
1340 2805 1608 2863 Februarii
1653 2805 1737 2863 die
1782 2808 1836 2863 9.
1870 2837 1941 2848 —
1988 2808 2131 2865 Acta
2159 2806 2257 2866 SS.
2306 2809 2563 2868 Bolland.
2612 2809 2672 2866 ad
2723 2810 2850 2866 hanc
2877 2808 3059 2878 diem.)

341 3080 400 3142 1.
436 3079 601 3143 Inter
651 3089 887 3147 atroces
919 3086 1368 3167 persecutiones
1398 3086 1606 3167 primis
1647 3086 1883 3149 suculis
1913 3105 1947 3149 a
1996 3085 2281 3150 Romanis
2311 3088 2774 3169 imperatoribus
2802 3088 2993 3152 illatas
3021 3087 3395 3162 Christianis,
3424 3092 3629 3148 octava

254 3178 538 3233 censetur
566 3190 596 3233 a
627 3170 972 3249 Valeriano,
1007 3193 1142 3237 cum
1194 3174 1317 3236 lilio
1349 3173 1620 3239 Gallieno
1651 3175 2012 3258 imperante,
2044 3195 2204 3238 anno
2236 3178 2472 3256 imperii
2504 3188 2739 3258 quarto,
2775 3177 2998 3240 Christi
3031 3177 3172 3250 257,
3208 3183 3389 3248 mota,
3420 3176 3482 3238 in
3511 3192 3629 3255 qua

252 3258 616 3323 illustriores
648 3272 933 3344 martyres
962 3263 1378 3328 occubuerunt
1406 3266 1615 3330 Romae
1646 3265 1752 3330 SS.
1784 3265 2124 3347 Stephanus
2153 3275 2213 3328 et
2260 3265 2462 3329 Sixtus
2494 3268 2833 3348 pontiﬁces,
2868 3266 3222 3329 Laurentius
3249 3262 3627 3326 archidiaco-

254 3366 407 3423 nus;
445 3348 829 3433 Carthagine,
866 3352 930 3417 S.
964 3354 1296 3436 Cyprianus
1333 3375 1349 3432 ;
1383 3354 1444 3416 in
1477 3356 1748 3430 Oriente,
1781 3357 1845 3420 S.
1879 3354 2276 3436 Nicephorus,
2316 3355 2391 3419 de
2422 3375 2542 3435 quo
2575 3357 2672 3419 hic
2700 3359 2956 3437 agimus,
2989 3354 3132 3418 alibi
3162 3352 3286 3416 alii.

334 3439 393 3500 2.
428 3438 574 3501 Acta
601 3441 779 3522 hujus
811 3444 1083 3525 martyris
1114 3445 1270 3506 nacti
1303 3462 1512 3507 sumus
1541 3444 1803 3525 duplicia
1832 3461 1905 3506 ex
1934 3443 2139 3508 Graeco
2174 3463 2285 3509 ms.
2319 3446 2534 3508 codice
2581 3446 2745 3526 regis
2778 3446 3065 3518 Francia,
3102 3443 3453 3525 perantiqua
3486 3441 3628 3526 diue

255 3546 372 3610 que
399 3537 540 3591 ante
575 3538 846 3612 tempora
876 3534 1293 3616 Metaphrastte
1331 3533 1668 3614 conscripta
1698 3555 1710 3591 :
1747 3532 1947 3613 priora
1976 3534 2203 3595 incerto
2244 3544 2490 3596 auctore
2518 3525 2681 3607 sunt,
2710 3554 2845 3611 quae
2890 3534 3322 3614 Metaphrastes
3353 3525 3627 3592 nonnihil

248 3617 611 3698 interpolata
661 3621 872 3703 edidit,
907 3642 1165 3702 quisque
1213 3642 1246 3685 a
1276 3621 1567 3686 Gentiano
1619 3620 1878 3683 Herveto
1928 3620 2135 3684 Latine
2164 3639 2334 3683 versa
2382 3623 2702 3702 vulgarunt
2730 3621 3092 3701 Lipomanus
3139 3629 3197 3683 et
3227 3618 3458 3683 Surius.
3506 3617 3628 3681 Nos

249 3707 462 3770 eadem
494 3710 728 3786 damus,
761 3713 867 3773 sed
900 3732 1032 3794 qum
1063 3713 1282 3776 desunt
1311 3714 1373 3774 in
1405 3730 1518 3774 ms.
1566 3711 1794 3785 erco,
1829 3719 1930 3774 aut
1961 3718 2243 3793 tanquam
2296 3722 2507 3792 postea
2534 3711 2837 3791 adjuncta,
2872 3710 2989 3773 alio
3021 3708 3448 3788 distinguimus
3477 3708 3625 3770 cha-

247 3806 508 3873 ractere,
543 3816 611 3861 ac
642 3799 770 3863 lere
800 3801 860 3864 in
894 3802 1298 3867 natationibus
1331 3801 1720 3883 explicemus.
1753 3798 1838 3864 Tit

2043 3801 2260 3862 horum
2295 3798 2499 3864 Graece
2532 3799 2628 3863 hic
2661 3809 2752 3862 est
2785 3820 2799 3861 Ζ
2854 3801 3114 3867 ’Λθλησις
3146 3805 3238 3856 τοῦ
3268 3799 3419 3876 ἁγίου
3447 3818 3623 3875 μεγα-

248 3888 583 3965 λομᾶρτυρος
613 3894 942 3971 Νικηφόρου,
977 3896 1064 3951 καὶ
1094 3894 1232 3950 κατὰ
1262 3892 1642 3969 μνηαικακίας.
1681 3910 1710 3951 (
1732 3888 1839 3953 Cer

2035 3910 2046 3952 ι
2076 3890 2267 3953 sancti
2300 3891 2617 3973 magnique
2652 3890 2931 3972 martyris
2961 3886 3312 3968 Nicephori,
3339 3892 3399 3949 et
3417 3892 3626 3948 contra

247 3977 605 4059 injuriarum
640 3982 1014 4046 memoriam.
1050 4007 1077 4039 »

333 4076 391 4138 3.
425 4076 616 4143 Graeci
644 4076 954 4143 celebrant
981 4077 1018 4139 9
1045 4075 1335 4139 Februar.
1371 4075 1570 4139 ofﬁcio
1602 4075 2016 4139 ecclesiastico
2036 4076 2096 4139 S.
2125 4073 2530 4156 Nicephorum
2566 4079 2913 4155 martyrem,
2942 4078 3006 4134 ut
3035 4089 3244 4134 eorum
3271 4068 3622 4150 Menologia,

247 4165 597 4248 Horologia,
632 4167 1009 4249 Anthologia,
1044 4170 1291 4239 Menzea,
1326 4166 1615 4228 indicant.
1672 4166 1736 4227 In
1771 4165 2109 4246 Menologio
2158 4164 2479 4226 cardinalis
2529 4163 2756 4244 Sirleti,
2789 4180 2823 4225 a
2870 4160 3107 4225 Canisio
3139 4160 3323 4237 edito,
3357 4159 3482 4222 haec
3529 4158 3624 4221 le-

249 4264 476 4336 guntur
507 4276 522 4321 :
559 4278 588 4319 «
624 4258 828 4323 Sancti
861 4257 1131 4338 martyris
1160 4254 1507 4338 Nicephori,
1543 4255 1644 4337 qui
1672 4253 1989 4318 Valeriano
2042 4263 2102 4317 et
2130 4254 2402 4318 Gallieno
2432 4252 2895 4334 imperatoribus
2925 4250 3271 4332 martyrium
3308 4264 3626 4331 perpessus

250 4356 363 4410 est.
395 4372 422 4404 ι
459 4345 540 4410 Ex
573 4348 845 4430 pluribus
874 4346 1193 4418 encomiis,
1226 4364 1361 4423 quae
1390 4345 1453 4406 in
1483 4345 1726 4407 Menazis
1756 4354 2015 4420 exstant,
2051 4362 2235 4407 unum
2269 4345 2382 4406 hoc
2413 4352 2659 4406 auctore
2685 4346 2915 4405 Joanne
2946 4341 3243 4404 monacho
3275 4358 3309 4430 e
3340 4340 3627 4419 Vesperis

253 4429 611 4518 decerptum
666 4437 876 4500 damus
910 4454 923 4500 :
967 4462 988 4493 ιι
1027 4435 1338 4497 Manifeste
1380 4435 1662 4496 omnibus
1692 4433 2029 4511 ostendisti,
2064 4455 2097 4496 ο
2129 4433 2348 4497 invicte
2406 4434 2771 4514 Nicephore,
2807 4451 2965 4507 eum,
2999 4432 3104 4508 qui
3137 4429 3472 4510 proximum
3508 4446 3626 4489 non

252 4534 435 4600 amat,
471 4546 667 4609 neque
709 4526 1066 4589 Doominum
1098 4545 1276 4608 posse
1329 4524 1603 4605 diligere.
1638 4523 2012 4606 Quapropter
2060 4524 2202 4603 quia
2251 4524 2491 4586 sincero
2547 4540 2750 4583 amore
2803 4520 3149 4609 complexus
3178 4539 3245 4583 es
3289 4519 3624 4609 Sapricium

252 4606 608 4679 conservum
641 4626 830 4690 tuum,
868 4616 941 4678 ad
976 4606 1241 4677 divinum
1268 4613 1482 4676 alacris
1509 4624 1852 4695 assumptus
1903 4622 1996 4676 est
2023 4631 2317 4683 amorem,
2346 4611 2731 4692 animamque
2763 4618 2919 4671 tuam
2953 4607 3030 4672 ob
3081 4609 3260 4671 tidem
3300 4606 3630 4670 confessio.

252 4725 518 4788 nemque
549 4705 768 4769 Christi
819 4705 1066 4770 dedisti.
1099 4704 1308 4767 Infelix
1357 4721 1494 4767 vero
1526 4703 1861 4785 Sapricius,
1896 4704 2037 4785 quia
2084 4700 2592 4765 irreconciliabile
2642 4701 2933 4765 adversus
2986 4710 3044 4761 te
3079 4696 3284 4762 odium
3334 4697 3656 4773 detinuit,.

248 4796 429 4859 etiam
459 4794 756 4859 Christum
790 4794 980 4857 Deum
1014 4793 1275 4875 negavit.
1316 4818 1343 4850 ι
