4028 6202
303 311 461 385 1369
1581 315 1769 381 VITA
1824 314 1886 378 S.

2038 315 2386 382 CEPHORI.
3521 306 3676 382 1370

300 455 498 534 ἀφήσει
552 452 682 530 ὑμῖν
761 449 824 509 τὰ
902 450 1312 528 παραπτώματα
1387 453 1536 529 ὑμῶν
1573 469 1588 483 ⁸
1642 475 1665 510 ε
1732 451 1944 510 πάντων

2038 469 2134 514 sus
2147 453 2409 531 fratrem
2431 451 2874 530 tuum,dimitte
2891 448 3046 528 id,et
3058 445 3674 526 vadem,reconcilia-

308 546 600 602 αἰτούντων
699 544 785 601 καὶ
867 540 1343 622 παρακαλούντων,
1423 543 1480 601 οὒ
1564 544 1944 622 συνεχώρησεν

2038 559 2096 604 re
2108 542 2308 619 fratri
2332 552 2459 616 tuo,
2492 551 2548 607 et
2570 560 2802 606 rursus:
2833 541 2991 604 «Nisi
3017 541 3380 604 remiseritis
3402 538 3671 602 homini-

303 637 472 710 αύτῷ.
2033 630 2146 693 bus
2163 632 2381 696 delicta
2404 651 2759 708 eorum,nec
2775 635 2950 696 Pater
2964 641 3161 693 vester
3176 630 3443 693 ccelestis
3465 629 3672 692 remit-

303 731 388 788 tet
417 721 584 786 vobis
606 720 825 784 delicta
853 727 1081 784 vestra:
1124 745 1146 781 ο
1183 720 1463 784 omnibus
1495 723 1631 784 eum
1662 717 2010 800 rogantibus
2041 729 2101 782 et
2134 723 2498 802 petentibus,
2526 741 2647 785 non
2679 720 3043 784 condonavit
3073 721 3152 796 (3)
3183 721 3372 797 fratri
3399 726 3455 782 et
3477 720 3674 782 amico

295 831 430 880 suo.
483 812 624 877 Non
651 813 812 876 enim
840 811 1099 877 habebat
1149 814 1215 876 in
1243 831 1309 876 se
1337 811 1708 876 charttatem
1741 817 1798 874 et
1828 811 2310 876 misericordiam
2341 835 2354 876 :
2409 812 2806 896 quamobrem
2836 814 2972 889 iure
2994 812 3117 888 fuit
3146 812 3430 892 privatus
3485 827 3674 892 regno

297 905 611 980 calorum,

377 995 464 1054 I".
500 994 559 1052 Ὀ
589 993 644 1051 δὲ
683 991 1070 1056 εὐλαϐέστατος
1127 1000 1222 1051 τοῦ
1280 1001 1413 1053 Θεοῦ
1461 995 1549 1052 καὶ
1618 994 1944 1058 πιστότατος

2110 992 2207 1055 Ill.
2241 995 2572 1057 Piissimus
2601 1003 2810 1056 autem
2846 1000 2905 1056 et
2933 993 3333 1073 ﬁdelissimus
3363 988 3671 1069 Nicepho-

295 1083 630 1164 Νικηφόρος,
680 1085 755 1149 ὡς
801 1081 946 1140 εἶδεν
991 1081 1071 1140 ὅτι
1121 1083 1520 1162 κατεφρόνησεν
1563 1087 1592 1140 b
1653 1083 1942 1160 Σαπρίκιος

2038 1101 2156 1145 rus.
2189 1083 2592 1165 Nicephorus,
2631 1102 2766 1146 cum
2801 1082 2944 1145 vidit
2994 1081 3332 1162 Sapricium
3364 1081 3674 1159 despexis-

290 1181 400 1232 τῶν
465 1176 655 1231 κοινῶν
709 1172 902 1254 φίλων,
960 1172 1160 1239 οἵτινες
1213 1175 1341 1250 ὑπὲρ
1402 1177 1561 1234 αἰ)τοῦ
1618 1173 1944 1253 συγγνώμην

294 1267 565 1329 αἰτοῦντες
625 1265 719 1322 οὐκ
777 1261 991 1338 ἔλαϐον,
1057 1263 1214 1327 αὐτὸς
1276 1263 1493 1341 δραμὼν
1546 1267 1620 1330 εἰς
1670 1265 1762 1320 τὸν
1791 1268 1942 1321 οἶκον

295 1357 612 1435 Σαπρικίου,
657 1354 829 1432 ῥίπτει
875 1354 1065 1410 ἑαυτὸν
1125 1356 1198 1419 εἷς
1259 1354 1379 1419 τοὺς
1423 1353 1589 1420 πόδας
1644 1356 1803 1413 αύτοῦ
1846 1354 1943 1411 λέ-

297 1468 412 1524 γων
447 1464 465 1482 ο
514 1445 887 1525 Συγχώρησόν
921 1466 1036 1519 μοι,
1082 1445 1280 1524 Πάτερ,
1327 1442 1413 1502 διὰ
1447 1446 1539 1502 τὸν
1587 1446 1796 1524 Κύριον
1831 1446 1859 1502 ὁ
1889 1444 1944 1502 δὲ

298 1534 415 1595 οὐδὲ
475 1535 642 1599 οὕτως
729 1532 990 1602 ἠθέλησεν
1051 1532 1404 1612 διαλλαγῆναι
1462 1538 1605 1608 αὒτῷ
1662 1536 1737 1600 ὡς
1793 1534 1942 1614 φίλος

297 1623 458 1705 φίλῳ,
516 1623 612 1680 καί
670 1621 906 1699 μάλιστα
977 1622 1457 1703 παρακαλούμενος
1509 1625 1596 1681 καὶ
1653 1630 1944 1704 χρεωστῶν

298 1715 472 1795 χωρὶς
527 1711 926 1793 παρακλήσεως
973 1712 1033 1770 ἐκ
1075 1714 1293 1791 πρώτης
1353 1713 1646 1792 ἀπολογίας
1703 1712 1943 1779 δέξασθαι

296 1806 457 1863 αύτὸν
501 1807 574 1870 ὡς
628 1805 940 1882 Χριστιανὸς
981 1803 1076 1860 καί
1129 1802 1481 1882 πρεσϐύτερος
1530 1806 1618 1863 καὶ
1650 1812 1726 1880 τῷ
1773 1805 1945 1881 Κυρίῳ

296 1894 563 1954 δουλεύειν
605 1893 1091 1975 ἐπαγγειλάμενος,

2026 1191 2091 1235 se
2121 1191 2475 1235 communes
2507 1173 2864 1254 amicos,qui
2900 1191 3007 1252 pro
3035 1190 3106 1233 eo
3133 1167 3668 1251 petentes,veniam

2027 1281 2146 1324 non
2175 1274 2560 1344 acceperunt,
2622 1261 2754 1342 ipse
2811 1277 3062 1323 currens
3093 1259 3167 1321 ad
3197 1259 3359 1321 mdes
3389 1256 3668 1339 Sapricii,

2028 1371 2092 1414 se
2127 1353 2366 1433 projicit
2397 1352 2473 1414 ad
2507 1351 2694 1434 pedes
2729 1350 3134 1432 ejus,dicens:
3178 1348 3462 1412 Condona
3495 1345 3666 1421 mihi,

2028 1441 2228 1518 Pater,
2265 1450 2506 1524 propter
2537 1440 2883 1503 Dominum.
2917 1439 3024 1502 Ille
3073 1457 3212 1500 vero
3262 1439 3314 1501 ei
3348 1437 3537 1500 noluit
3564 1455 3670 1498 re-

2027 1531 2339 1593 conciliari
2373 1539 2437 1594 ut
2465 1530 2683 1606 amico,
2718 1538 2778 1592 et
2809 1529 3071 1592 maxime
3117 1547 3253 1591 cum
3303 1537 3617 1608 rogaretur
3651 1543 3666 1590 :

2028 1628 2084 1684 et
2117 1623 2391 1684 maxime
2428 1641 2562 1683 cum
2596 1621 2869 1694 deberet,
2907 1620 3143 1684 etiamsi
3175 1637 3294 1682 non
3325 1618 3536 1681 fuisset
3564 1636 3670 1681 ro-

2027 1720 2218 1790 gatus,
2283 1721 2334 1772 a‘
2373 1711 2568 1791 prima
2620 1709 3006 1774 excusatione
3059 1729 3194 1772 eum
3257 1708 3557 1790 accipere,
3606 1713 3671 1770 ut

2027 1801 2400 1864 Christianus
2459 1813 2518 1862 et
2577 1797 2918 1881 presbyter,
2977 1809 3036 1864 et
3071 1801 3171 1883 qui
3208 1799 3510 1882 professus
3543 1804 3672 1862 erat

2026 1892 2261 1955 servire
2297 1890 2577 1953 Domino.

1803 2008 2051 2076 CAPUT
2083 2008 2158 2072 II.

1065 2127 1392 2208 Sapricius
1433 2143 1698 2189 renuens
1723 2127 1928 2190 odium
1954 2125 2275 2207 deponere,
2307 2126 2611 2207 martyrio
2655 2126 2900 2191 excidit.

384 2246 447 2302 ΔΙ
504 2245 568 2301 Ὠ
695 2245 738 2280 ν,
875 2252 898 2260 -
1062 2242 1088 2282 τι
1175 2266 1196 2284 ρ
1257 2241 1278 2258 ο
1423 2244 1435 2266 ν

454 2287 470 2305 .
577 2269 602 2310 ς
664 2266 754 2302 ουι
807 2266 971 2301 ταυτα
1033 2266 1197 2310 οδτω,
1253 2259 1656 2324 οιεπραττοντο,
1689 2244 1942 2327 ἐξαίφνχς

2111 2241 2362 2308 IV.Cum
2394 2245 2520 2306 haec
2549 2252 2751 2306 autem
2786 2249 2870 2306 sic
2903 2243 3140 2318 tierent,
3165 2251 3414 2324 repente
3442 2243 3673 2308 exsistit

297 2337 499 2415 γίνεταί
542 2335 778 2414 διωγμὸς
849 2335 936 2390 καὶ
997 2332 1176 2409 θλίψις
1238 2333 1452 2412 μεγα¹λη
1511 2339 1566 2391 ἒν
1624 2343 1692 2412 τῇ
1755 2335 1934 2411 πόλει,

2038 2336 2364 2415 persecutio
2389 2343 2450 2397 et
2475 2353 2686 2412 magna
2711 2333 2958 2398 afﬂictio
2977 2335 3034 2394 in
3050 2334 3364 2396 Antiochia
3381 2334 3673 2415 (4)civita-

293 2427 430 2486 ὅπου
490 2426 781 2506 ἀμφότεροι
826 2425 1130 2499 κατῴκουν.
1170 2434 1461 2503 Κρατεῐται
1487 2423 1542 2481 δὲ
1575 2427 1603 2482 ὀ
1650 2427 1940 2505 Σαπρίκιος

2038 2433 2106 2499 te,
2132 2424 2233 2486 ubi
2260 2425 2436 2486 ambo
2461 2425 2830 2487 habitabant:
2858 2435 2916 2484 et
2948 2423 3429 2502 apprehenditur
3459 2422 3670 2505 Sapri-

293 2519 390 2574 καί
447 2513 790 2595 παραδίδοται
858 2522 933 2589 τῷ
995 2514 1250 2592 ἡγεμόνι,
1307 2514 1404 2571 καΐ
1451 2516 1524 2580 ὡς
1568 2515 1698 2584 ἔστη
1731 2514 1940 2595 ἔμπρο-

2038 2514 2155 2577 :ius
2187 2524 2256 2577 ut
2288 2514 2782 2588 Christianus,et
2810 2513 3066 2576 traditur
3097 2513 3340 2594 praesidi
3375 2531 3388 2573 :
3426 2521 3485 2577 et
3509 2513 3674 2576 stetit

288 2612 409 2666 σθεν
469 2611 654 2681 αὐτοῦ,
689 2606 962 2684 ὀὴγεμὼν
996 2604 1154 2662 εἶπεν
1191 2622 1205 2636 ⁸
1244 2605 1304 2662 Τί
1345 2605 1407 2661 τὸ
1436 2604 1605 2680 ὄνομά
1635 2629 1727 2663 σου
1761 2629 1777 2683 ;
1827 2615 1940 2664 Σα-

2038 2615 2168 2666 ante
2201 2604 2423 2685 ipsum,
2459 2613 2520 2667 et
2550 2604 2695 2665 dixit
2725 2604 2780 2666 ei
2814 2621 3034 2685 praeses
3071 2620 3086 2665 :
3123 2603 3293 2678 Quod
3327 2615 3421 2666 est
3452 2619 3675 2667 nomen

292 2697 504 2772 πρίκιος
535 2693 637 2775 ἔφη
676 2714 688 2726 °
725 2695 1016 2774 Σαπρίκιος
1047 2693 1338 2769 καλοῦμαι,
1375 2693 1434 2752 Ὀ
1486 2697 1706 2773 ἡγεμὼν
1736 2695 1883 2776 λέγει
1924 2713 1938 2728 ’

296 2787 457 2843 Doleo
501 2784 683 2862 γένους
715 2789 768 2841 εἴ
801 2806 818 2859 ;
854 2785 1144 2863 Σαπρίκιος
1194 2784 1350 2840 εἶπεν
1383 2800 1396 2813 °
1435 2788 1747 2863 Χριστιανός
1808 2789 1940 2856 εἶμι.

299 2876 364 2934 Ὀ
396 2876 616 2952 ἡγεμὼν
645 2875 804 2931 εἶπεν
834 2892 848 2907 ⁸
903 2874 1172 2951 Κληρικὸς
1220 2873 1255 2942 ἢ
1286 2873 1480 2938 λα’ίκός
1513 2895 1529 2955 ς
1567 2875 1625 2933 Ὀ
1650 2873 1703 2931 δὲ
1736 2877 1943 2956 Σαπρί-

302 2986 420 3030 κιος
463 2964 562 3045 ἔφη
599 2979 612 2994 ⁸
667 2961 1026 3042 Πρεσϐυτέρου
1058 2962 1205 3029 τάξιν
1235 2962 1374 3043 ἔχω.
1409 2963 1467 3021 Ὀ
1498 2966 1717 3042 ἡγεμὼν
1749 2963 1891 3043 λέγει
1929 2984 1942 2999 °

305 3057 366 3114 Οἱ
393 3054 684 3132 Αὔγουστοι
721 3055 875 3128 ἡμῶν
907 3054 994 3110 καὶ
1051 3053 1219 3132 κύριοι
1261 3054 1458 3122 ταύτης
1489 3059 1588 3121 τῆς
1620 3055 1806 3135 χώρας
1849 3055 1948 3112 καί

303 3151 412 3202 τῶν
446 3144 602 3221 ὁρίων
655 3141 934 3218 Ῥωμαίων
987 3144 1342 3216 Οὐαλεριανὸς
1374 3145 1462 3200 καὶ
1495 3143 1700 3210 Γάλλος
1730 3145 1948 3202 ἐκέλευ-

303 3255 426 3312 σαν,
462 3230 607 3297 ὅπως
641 3235 688 3290 οἱ
747 3234 967 3295 ἑαυτοὺς
1018 3232 1266 3310 λέγοντες
1299 3237 1638 3312 Χριστιανοὺς
1666 3249 1784 3300 τοῖς
1818 3235 1949 3292 ἀθα-

310 3324 491 3388 νάτοις
523 3323 612 3380 καὶ
645 3320 839 3387 ἀϊδίοις
896 3327 1043 3390 θεοῖς
1093 3324 1315 3380 θύσωσιν
1351 3343 1367 3359 ’
1406 3326 1449 3381 εἶ
1481 3323 1535 3381 δέ
1565 3348 1644 3392 τις
1676 3349 1950 3401 καταφρο-

2030 2693 2239 2755 tuum?
2296 2693 2402 2755 Ille
2459 2703 2657 2756 autem
2687 2693 2838 2755 dixit
2875 2715 2888 2757 :
2926 2691 3124 2756 Vocor
3153 2693 3483 2775 Sapricius.
3516 2693 3676 2758 Dicit

2033 2801 2253 2862 praeses
2283 2801 2296 2845 :
2336 2784 2658 2864 Cujusuam
2695 2802 2758 2845 es
2799 2785 3042 2862 generis
3066 2782 3098 2843 ?
3131 2783 3285 2846 Dixit
3313 2782 3618 2865 Sapricius
3653 2800 3668 2848 :

2031 2871 2174 2935 Sum
2209 2872 2609 2935 Christianus.
2644 2874 2878 2936 Prasses
2908 2873 3057 2936 dixit
3090 2895 3103 2936 :
3134 2871 3214 2935 Es
3243 2873 3500 2936 clericus
3533 2872 3672 2954 (εγ)

2031 2963 2190 3026 Dixit
2222 2963 2532 3043 Sapricius
2566 2980 2579 3024 :
2644 2961 2867 3024 Locum
2923 2970 3102 3024 teneo
3131 2962 3487 3045 presbyteri.
3522 2961 3677 3025 Dicit

2035 3070 2286 3132 praeses:
2311 3053 2562 3129 Augusti
2584 3051 2776 3114 nostri
2809 3060 2866 3112 et
2886 3051 3116 3114 domini
3141 3052 3317 3133 hujus
3334 3053 3598 3133 regionis
3619 3060 3680 3115 et
3736 3059 3744 3065 ’

2034 3141 2220 3202 (ilium
2255 3141 2692 3213 Romanorum,
2730 3141 3092 3204 Valerianus
3123 3152 3181 3204 et
3211 3143 3436 3221 Gallus,
3464 3144 3673 3224 jusse-

2035 3240 2294 3309 runt,ut,
2319 3232 2419 3312 qui
2442 3250 2506 3293 se
2531 3230 2738 3293 dicunt
2760 3248 2890 3293 esse
2908 3231 3306 3307 Christianos,
3335 3233 3679 3296 sacriﬁcent

2035 3321 2153 3383 diis
2177 3319 2619 3384 immortalibus
2647 3321 2828 3401 (6).Si
2861 3322 2993 3403 quis
3023 3340 3160 3384 vero
3181 3321 3679 3403 despiciens,res-

309 3419 417 3471 νῶν
468 3411 737 3487 διαπτύει,
801 3412 1110 3491 γινωσκέτω
1167 3413 1337 3488 ἐαυτῷ
1386 3411 1653 3494 διαφόροις
1705 3417 1944 3491 βασάνων

2038 3411 2162 3492 puit
2187 3411 2300 3472 hoc
2318 3411 2576 3473 edictum
2591 3411 2764 3491 ,sciat
2785 3430 2849 3473 se
2864 3411 3117 3473 diversis
3138 3413 3450 3475 tormentis
3468 3420 3526 3474 et
3543 3429 3681 3495 sup-

303 3503 582 3581 τιμωρίαις
639 3505 978 3582 καμφθῆναι,
1037 3504 1124 3560 καὶ
1183 3505 1350 3568 οὓτως
1416 3503 1792 3584 χαλεπωτάτῳ
1851 3509 1944 3561 θα-

2038 3499 2235 3580 pliciis
2283 3501 2694 3580 plectendum,
2730 3510 2788 3562 et
2813 3501 2900 3562 sic
2945 3501 3296 3580 gravissima
3321 3511 3514 3564 morte
3545 3521 3679 3564 esse

305 3593 448 3666 νάτῳ
505 3594 910 3670 κατακριθῆναι.
969 3591 1028 3651 Ὀ
1118 3591 1174 3649 δὲ
1252 3596 1540 3672 Σαπρίκιος
1599 3596 1944 3673 παρεστηκὼς

2038 3588 2906 3670 condemnandum.Sapricius
2919 3598 3116 3651 autem
3132 3591 3515 3664 astans,dixit
3531 3610 3679 3671 prai-

306 3685 464 3741 εῖπεν
508 3684 640 3760 πρὸς
689 3684 784 3739 τὸν
824 3685 1070 3761 ἡγεμονα
1103 3703 1116 3717 '
1174 3683 1372 3758 Ἦμεῖς
1404 3685 1450 3740 οἱ
1483 3689 1781 3758 Χριστιανοὶ
1818 3692 1944 3762 Χρι-

2038 3677 2168 3739 sidi:
2197 3679 2316 3738 Nos
2341 3677 2731 3754 Christiani,o
2763 3677 3317 3756 prwsesﬁhristum
3349 3679 3536 3741 Deum
3570 3681 3681 3740 ha-

307 3775 430 3831 στὸν
474 3781 565 3830 τὸν
607 3771 834 3848 βασιλέα
887 3773 1114 3853 ἔχομεν,
1175 3774 1254 3830 ὅτι
1300 3773 1547 3841 ἀληθινὸς
1619 3776 1748 3839 Sed:
1806 3777 1944 3831 ἔστιν

2038 3763 2244 3827 bemus
2275 3764 2813 3846 Regem,quoniam
2838 3765 2969 3846 ipse
2997 3775 3089 3829 est
3111 3767 3272 3829 solus
3299 3786 3469 3828 verus
3491 3767 3674 3843 Deus,

311 3865 397 3920 καὶ
443 3864 686 3930 Ποιητὴς
743 3867 966 3941 οὐρανοῦ
1010 3865 1100 3920 καὶ
1129 3862 1228 3942 γῆς
1261 3864 1349 3919 καὶ
1378 3862 1651 3931 θαλάσσης
1680 3867 1767 3922 καὶ
1809 3865 1944 3921 πάν-

2038 3863 2094 3916 et
2117 3853 2363 3916 Creator
2390 3855 2528 3918 (τίειΙί
2573 3865 2630 3917 et
2657 3865 2833 3917 terrae
2857 3867 2915 3918 et
2940 3856 3140 3928 maris,
3169 3864 3226 3919 et
3249 3855 3512 3919 omnium
3547 3876 3680 3938 quas

309 3977 418 4011 των
449 3959 557 4010 τῶν
601 3952 655 4008 ἒν
688 3954 871 4016 αὑτοῖς
907 3971 922 3988 ·
958 3953 1154 4017 πάντες
1187 3951 1240 4009 δὲ
1274 3954 1320 4008 οἷ
1364 3954 1468 4010 θεοὶ
1502 3961 1610 4010 τῶν
1639 3954 1800 4010 εθνῶν
1829 3953 1951 4010 δαι-

308 4044 467 4119 μόνια
547 4045 701 4104 εἰσιν.
790 4041 1205 4101 Ἀπολέοθωσαν
1264 4043 1436 4101 τοίνυν
1494 4044 1600 4100 ἀπὸ
1670 4044 1956 4122 προσώπου

308 4134 487 4200 πάσης
549 4135 644 4201 τῆς
696 4138 801 4212 γῆς
835 4135 882 4189 οἱ
914 4132 1102 4206 μηδενὶ
1154 4131 1434 4208 δυνάμενοι
1483 4134 1749 4209 βοηθῆσαι
1783 4133 1958 4202 ἤτινα

309 4223 513 4301 βλάψαι
547 4223 582 4291 ἢ
616 4221 937 4298 συμποδίσαι
969 4221 1098 4301 ἔργα
1128 4227 1330 4302 χειρῶν
1362 4222 1511 4288 ὄντες
1541 4223 1860 4301 ἀνθρώπων,

399 4311 483 4373 Ε’.
535 4315 666 4371 Τότε
698 4313 956 4391 ὀργισθεὶς
995 4313 1022 4368 ὀ
1078 4313 1296 4390 ἡγεμὼν
1357 4311 1630 4369 ἐκέλευσεν
1688 4313 1952 4390 βληθῆναι

317 4405 473 4461 αὑτὸν
533 4403 606 4467 εἷς
655 4401 906 4483 κοχλίαν,
965 4403 1053 4458 καὶ
1107 4400 1344 4479 σφοδρῶς
1398 4403 1762 4479 βασανίζεσθαι
1795 4406 1953 4463 αὐτὸν

318 4493 484 4556 οὕτως
516 4491 745 4570 πικρῶς.
812 4493 984 4548 Εἶπεν
1028 4493 1056 4547 ὃ
1111 4496 1398 4570 Σαπρίκιος
1443 4500 1520 4567 τῷ
1550 4493 1772 4570 ἧγεμόιι
1810 4509 1824 4523 ⁸
1863 4495 1951 4556 Εἰς

314 4583 415 4650 τὴν
459 4582 628 4659 σάρκα
673 4601 775 4656 μου
805 4579 1040 4645 ἑξοοσίαν
1085 4579 1231 4660 ἔχεις
1287 4582 1536 4658 πράττειν
1566 4583 1664 4650 τὴν
1693 4581 1950 4658 ὠμότητά

315 4693 434 4745 σου,
477 4673 535 4727 'ev
567 4669 621 4726 δὲ
682 4677 750 4748 τῇ
803 4675 958 4750 ψυχῇ
1022 4692 1126 4745 μου
1160 4668 1405 4746 οὐδεμίαν
1436 4671 1693 4747 ἐξουσίαν,
1742 4675 1784 4728 εἰ
1817 4674 1894 4747 μὴ
1923 4673 1950 4729 ὀ

318 4762 505 4839 Κύριος
566 4757 770 4827 Ἰησοῦς
829 4761 1081 4837 Χριστὸς,
1142 4761 1168 4815 ὀ
1214 4761 1397 4824 κτίσας
1428 4762 1615 4833 αὑτήν.
1656 4763 1751 4818 Καὶ
1783 4763 1959 4838 βασα-

461 4850 476 4872 \
570 4849 584 4868 ν
635 4850 650 4871 κ
812 4850 824 4865 ε
914 4850 926 4869 ε
997 4849 1006 4865 I
1281 4850 1336 4886 ε.
1499 4850 1510 4868 ν
1707 4849 1720 4873 y
1755 4849 1805 4869 κε
1936 4851 1952 4870 \

317 4853 508 4915 νισθεις
568 4871 653 4904 επι
703 4848 863 4923 πολυ,
910 4871 1192 4924 υπεμεινεν
1244 4872 1335 4912 τας
1377 4852 1661 4926 βασανους.
1729 4860 1853 4908 ιοων
1904 4849 1960 4906 δε

2038 3953 2177 4006 sunt
2202 3945 2262 4007 in
2295 3945 2641 4008 eis.0mnes
2674 3964 2814 4008 vero
2847 3946 2929 4008 dii
2965 3947 3231 4026 gentium
3268 3947 3589 4021 daemonia,
3623 3956 3683 4010 et

2043 4043 2290 4114 pereant
2323 4053 2355 4096 a
2387 4034 2539 4096 facie
2566 4035 2862 4097 universae
2895 4044 3092 4110 terra},
3129 4038 3231 4117 qui
3281 4055 3399 4097 non
3431 4047 3684 4118 possunt

2041 4123 2217 4184 alicui
2244 4144 2418 4205 opem
2455 4126 2638 4197 ferre,
2671 4136 2775 4187 aut
2803 4125 3064 4208 aliquem
3101 4127 3323 4188 laedere
3351 4136 3450 4189 aut
3482 4125 3681 4208 impe-

2043 4213 2197 4294 dire,
2231 4233 2363 4274 cum
2399 4220 2521 4276 sint
2550 4233 2731 4295 Opera
2765 4234 3052 4277 manuum
3083 4215 3419 4280 hominum.

2128 4304 2195 4364 V.
2236 4305 2403 4366 Tunc
2464 4305 2650 4366 iratus
2700 4324 2945 4386 praeses,
2995 4307 3171 4384 jussit
3202 4323 3339 4369 eum
3375 4307 3586 4388 projici
3618 4306 3682 4370 in

2045 4394 2374 4470 cochleam,
2406 4393 2627 4474 jubens
2685 4413 2814 4456 eam
2869 4395 3264 4458 vehementer
3311 4397 3533 4460 versari
3569 4397 3678 4478 (7).
3724 4470 3732 4480 O

2045 4482 2189 4545 Cum
2223 4485 2271 4543 is
2305 4501 2445 4561 ergo
2472 4483 2624 4545 adeo
2666 4485 2882 4546 acerbe
2915 4494 2971 4546 et
3003 4485 3328 4549 inhumane
3363 4497 3680 4568 torquere-

2045 4581 2163 4645 tur,
2198 4573 2344 4632 dixit
2373 4571 2678 4653 Sapricius
2712 4573 2951 4654 prasidi
2993 4594 3007 4634 :
3062 4575 3273 4637 Carnis
3319 4595 3468 4638 meae
3499 4576 3684 4640 habes

2044 4670 2421 4742 potestatem,
2474 4663 2690 4723 animas
2738 4673 2936 4725 autem
2975 4684 3120 4727 meae
3152 4674 3509 4747 potestatem
3562 4686 3684 4730 non

2044 4752 2250 4825 habes,
2311 4751 2414 4812 sed
2483 4751 2777 4814 Dominus
2835 4756 3008 4816 Jesus
3070 4755 3360 4837 Christus,
3419 4757 3518 4837 qui
3551 4775 3682 4818 eam

2043 4841 2286 4903 creavit.
2355 4843 2556 4921 Longo
2613 4861 2756 4904 vero
2818 4853 3088 4926 tempore
3147 4854 3361 4924 tortus,
3397 4847 3683 4908 sustinuit

319 4942 348 4996 ὁ
405 4937 686 5011 δικαστὴς,
749 4937 828 4994 ὅτι
891 4939 948 4992 οὕ
1007 4940 1173 4994 πείθει
1231 4939 1403 4994 ᾱῦτὸν
1462 4936 1656 4994 ἔδωκεν
1686 4941 1827 5013 αὐτῷ
1859 4941 1944 5006 τὴς

2048 4941 2372 4995 tormenta.
2406 4932 2551 4992 Cum
2582 4932 2832 4994 vidisset
2862 4944 3058 4996 autem
3095 4935 3406 5015 improbus
3433 4943 3493 4996 et
3542 4953 3680 4996 mu-

319 5027 588 5108 ἆπὸνρασιν
631 5027 795 5083 εἰπών
829 5043 843 5059 '
882 5028 1172 5102 Σαπρίκιον
1225 5030 1316 5084 τὸν
1365 5025 1737 5107 πρεσϐύτερον,
1801 5031 1944 5102 βασις

2046 5019 2289 5082 litlosus
2313 5019 2503 5099 judex
2537 5039 2671 5082 eum
2725 5042 2845 5086 non
2878 5013 3253 5104 persuaderi,
3291 5023 3422 5086 tulit
3450 5025 3509 5086 in
3545 5042 3680 5086 eum

320 5117 487 5174 λικῶν
559 5116 990 5193 προσταγμάτων
1065 5116 1498 5196 καταφρονούντα
1578 5119 1666 5174 καὶ
1731 5117 1944 5187 ἆνήκοο·

2046 5109 2430 5184 sententiam,
2468 5111 2677 5172 dicens
2707 5133 2720 5175 :
2755 5113 3086 5194 Sapricium
3121 5113 3554 5196 presbyterum,
3580 5113 3684 5196 qui

322 5206 586 5287 γεγονότα
653 5219 773 5268 τοῖς
860 5227 918 5262 τε
972 5206 1254 5268 ἀθανάτοις
1330 5211 1475 5270 θεοῖς
1528 5209 1606 5283 μὴ
1665 5205 1944 5277 θελήσαντι

2048 5201 2242 5264 edicta
2271 5200 2600 5263 contemnit
2623 5203 3079 5284 imperatorum,
3105 5211 3162 5265 et
3197 5222 3315 5267 non
3344 5207 3682 5285 paruit,nec

400 5375 478 5446 (3)
510 5376 573 5432 In
599 5389 718 5453 _ms.
761 5395 782 5426 ι
815 5375 939 5434 Non
982 5373 1333 5433 condonavit
1373 5376 1443 5440 ei;
1471 5397 1492 5427 ι
1531 5376 1774 5449 reliquis
1796 5375 1866 5434 ad
1899 5376 1968 5433 ﬁ-
2121 5369 2198 5453 (ﬁt
2222 5369 2387 5453 addit
2422 5385 2530 5453 ms.
2567 5391 2592 5423 α
2627 5381 2682 5431 et
2720 5373 2964 5453 aeternis.
3007 5392 3030 5426 ι

330 5442 466 5507 nem
497 5447 750 5504 omissis.
1040 5516 1048 5518 _
1141 5517 1159 5518 ί
1329 5517 1335 5518 ί
1658 5442 1676 5449 ⁷
2121 5443 2204 5518 (7)
2234 5442 2371 5499 Haec
2410 5445 2605 5502 minus
2637 5447 2887 5518 perfecte
2935 5447 2992 5503 in
3045 5459 3152 5518 ms.
3186 5444 3462 5518 leguntur
3494 5463 3511 5518 7:
3549 5466 3574 5502 ‹
3609 5447 3681 5507 Et

308 5549 310 5552 ν
402 5520 490 5596 (4),
521 5518 684 5596 Deest
714 5519 772 5596 in
805 5524 1007 5596 msaet
1036 5516 1093 5574 in
1129 5517 1374 5596 Jo_a_nnls
1420 5533 1656 5591 quoquo
1698 5518 1965 5578 Sardium
2049 5516 2423 5596 vehementer
2476 5515 2692 5576 versari
2746 5517 2890 5575 adeo
2939 5515 3212 5592 superbe.
3254 5515 3430 5577 ’Dixtt
3479 5517 3680 5596 Sapri-

330 5591 755 5661 archiepiscopt
798 5591 1105 5661 orationeL
1120 5588 1580 5661 urbisnom'enJ
2049 5588 2195 5642 cius.
2235 5605 2257 5635 ι

409 5661 496 5736 (5),
518 5661 618 5720 Ms.
653 5659 912 5723 Crocum
958 5676 973 5719 :
1010 5680 1033 5711 α
1063 5659 1141 5721 Es
1164 5660 1416 5722 clericus
1445 5675 1516 5722 an
1549 5661 1778 5722 laicus?
1811 5679 1836 5714 ι
