4060 6206
310 324 316 329 .
393 203 567 322 .4371

1680 254 1845 321 ΜΕΝ
1850 252 1962 318 SIS
2001 254 2508 320 FEBRUARIUS.

3622 259 3776 332 1372

413 389 530 455 diis
559 386 997 456 immortalibus
1029 387 1221 456 voluit
1252 389 1617 469 sacriﬁcare,
1650 400 1714 454 ut
1743 392 1845 475 qui
1875 411 1910 455 a
1939 408 2031 474 ερε

2127 395 2302 471 θῦσαι,
2334 391 2405 456 ὡς
2437 389 2535 459 τῆς
2566 387 2778 457 ἐλπίδος
2826 387 2933 450 τῶν
2991 391 3325 466 Χριστιανῶν
3387 389 3640 452 ἐκπεσεῖν
3694 397 3776 470 μὴ

413 481 892 546 Christianorum
953 501 1092 544 mon
1153 480 1356 544 tulerit
1409 481 1714 558 excidere,
1767 481 2052 563 jubemus

413 573 570 636 tradi
601 573 901 656 supplicio
931 571 1164 654 capitis.

489 662 740 725 VI.Cum
767 682 910 742 ergo
934 661 1065 745 ipse
1095 668 1256 724 esset
1287 679 1586 742 egressus,
1617 670 1864 744 accepta
1897 679 2050 724 mar-

411 753 545 834 tyrii
577 751 900 824 sententia,
954 761 1011 814 et
1055 751 1373 814 festinaret
1415 754 1490 815 ad
1529 752 1836 816 caelestem
1868 770 2045 814 coro-

408 859 570 918 nam;
603 841 927 905 audivisset
955 852 1158 904 autem
1192 844 1252 906 S.
1287 839 1687 921 Nicephorus,
1713 860 1966 904 currens
1992 843 2048 904 ei

405 932 701 1013 processit
729 931 1056 1006 obviam,et
1087 949 1151 994 se
1181 931 1420 1012 projicit
1452 933 1522 993 ad
1552 933 1739 1014 pedes
1771 933 1926 1014 ejus,
1949 931 2047 993 di-

405 1039 550 1085 cens
582 1039 595 1082 :
633 1022 849 1105 Martyr
873 1021 1372 1102 Christi,ignosce
1403 1022 1864 1103 mihi,quoniam
1900 1041 2045 1104 pec-

407 1111 530 1174 cavi
557 1112 616 1173 in
650 1111 843 1176 te.Ille
873 1120 1071 1175 autem
1109 1111 1257 1173 nihil
1288 1111 1344 1174 ei
1375 1111 1688 1192 respondit
1723 1133 1736 1174 :
1782 1130 2045 1175 excaeca-

408 1207 538 1264 tum
570 1203 728 1265 enim
757 1203 962 1282 fuerat
991 1219 1098 1265 cor
1125 1204 1254 1281 eius
1278 1219 1314 1263 a
1349 1203 1512 1265 malo
1542 1203 1911 1266 daemones.
1939 1203 2044 1267 Ni-

405 1291 704 1374 cephorus
733 1311 870 1354 eum
902 1310 1114 1354 rursus
1146 1293 1428 1373 praevenit
1454 1311 1560 1372 per
1589 1292 1766 1353 aliam
1802 1294 2044 1367 viam,et

402 1381 460 1443 ei
490 1384 774 1457 occurrit,
815 1381 1156 1464 priusquam
1182 1383 1314 1462 ipse
1337 1381 1730 1462 egrederetur
1765 1401 1798 1443 e
1831 1383 2038 1444 civita-

403 1479 486 1551 te,
521 1484 581 1535 et
614 1472 844 1553 rogavit
869 1491 1034 1548 eum,
1065 1473 1272 1534 dicens
1307 1489 1320 1535 :
1357 1475 1573 1553 Martyr
1606 1472 1850 1547 Christi,
1889 1492 2040 1534 con-

402 1561 559 1625 dona
590 1563 862 1639 mihiea,
903 1582 1037 1645 qua:
1068 1563 1124 1624 in
1162 1571 1218 1625 te
1251 1562 1491 1644 peccavi
1522 1573 1588 1625 ut
1637 1563 1835 1624 homo.
1883 1565 2041 1626 Ecce

404 1653 564 1717 enim
597 1654 670 1716 de
693 1663 909 1717 caetero
943 1653 1076 1716 data
1134 1663 1226 1716 est
1280 1653 1387 1716 tibi
1442 1671 1664 1715 corona
1695 1672 1729 1714 a
1780 1654 2036 1729 Christo,

2135 479 2535 562 ἀνασχόμενον,
2594 479 2868 562 πεφαλικῇ
2924 483 3151 561 τιμωρίᾳ
3199 481 3562 562 παραδοθῆναι
3601 507 3774 564 προσ-

2131 571 2332 630 τάττω.

2213 652 2313 737 ς’.
2363 662 2455 719 Ἐν
2499 669 2574 738 τῷ
2616 661 2706 720 οῦν
2737 660 2970 728 ἐξελθεῖν
3016 664 3174 724 αὐτόν
3232 663 3466 723 λαϐόντα
3498 665 3600 733 τὴν
3634 666 3771 722 από-

2132 775 2288 834 φασιν
2342 755 2435 810 τοῦ
2494 753 2778 832 μαρτυρίου
2821 755 2908 810 καὶ
2952 755 3084 833 πρὸς
3129 755 3219 812 τὸν
3280 754 3524 834 οῦρᾶνιον
3569 755 3774 836 στέφα-

2131 866 2219 900 νον
2263 841 2579 917 σπεύδοντα,
2612 843 2848 907 ἀκούσας
2879 846 2906 900 6
2937 843 3089 922 ἅγιος
3127 847 3454 925 Νικηφόρος,
3490 848 3581 903 καὶ
3641 845 3774 921 δρα-

2131 932 2247 1009 μὼν
2288 934 2596 1004 ὑπήντησεν
2667 933 2834 1008 αῦτῷ,
2895 935 2984 990 καὶ
3038 935 3213 1012 ῥίπτει
3274 937 3462 992 ἑαυτὸν
3515 937 3589 1001 εἷς
3648 934 3773 997 τοὺς

2130 1019 2297 1088 πόδας
2349 1022 2508 1081 αὒτοῦ
2550 1021 2724 1101 λέγων
2759 1071 2772 1085 ,
2836 1024 3042 1103 Μάρτυς
3084 1031 3176 1082 τοῦ
3232 1031 3486 1104 Χριστοῦ,
3539 1025 3775 1104 σύγχώ-

2125 1113 2291 1192 ρησόν
2340 1134 2432 1189 μοι
2488 1112 2592 1188 ἔτι,
2638 1115 2881 1190 ἥμαρτον
2934 1115 3009 1178 εἰς
3042 1114 3100 1170 σέ
3134 1133 3150 1149 ·
3205 1114 3413 1180 ἰκεΐνος
3443 1115 3498 1171 δὲ
3530 1114 3630 1172 οῦκ
3657 1115 3769 1171 ἁπ-

2125 1203 2302 1282 εκρίθη
2360 1205 2503 1278 αὐτῷ
2561 1201 2746 1280 λόγον.
2807 1201 2870 1261 Ὀ
2914 1201 2970 1259 δὲ
3021 1204 3176 1283 ἅγιος
3239 1206 3544 1286 Νικηφόρος
3605 1202 3769 1262 πάλιν

2123 1289 2486 1371 προλαμϐάνει
2521 1292 2708 1348 ἑαυτὸν
2737 1289 2805 1348 δι’
2861 1291 3033 1360 ἄλλης
3079 1294 3201 1351 ὁδοῦ
3231 1295 3319 1350 καὶ
3353 1298 3582 1364 συναντᾷ
3626 1293 3770 1365 αἱ)τῷ

2125 1383 2224 1460 πρὸ
2253 1391 2346 1440 τοῦ
2377 1381 2608 1447 ἐξελθεῖν
2668 1381 2762 1449 τὴν
2807 1379 2963 1439 πόλιν
3020 1383 3109 1440 καὶ
3140 1381 3317 1441 ἐδέετο
3350 1383 3512 1440 αξιτοῦ
3537 1383 3714 1460 λέγων
3749 1399 3765 1416 ·

2129 1470 2329 1546 Δέομαί
2386 1493 2504 1550 σου,
2553 1472 2755 1551 μάρτυς
2782 1479 2874 1529 τοῦ
2908 1480 3156 1550 Χριστοῦ,
3189 1471 3277 1535 δός
3312 1495 3404 1547 μοι
3434 1471 3762 1552 συγγνώμην

2122 1562 2210 1616 καὶ
2255 1561 2636 1642 σῦγχώρησον,
2695 1561 2770 1617 ὧν
2814 1563 2888 1625 εἷς
2921 1562 2980 1618 σὲ
3038 1562 3278 1640 ἥμαρτον
3333 1565 3407 1626 ὡς
3459 1563 3758 1641 ἄνθρωπος.

2123 1649 2256 1708 ’ἰδοὺ
2313 1650 2502 1709 λοιπὸν
2547 1654 2574 1708 ὁ
2631 1654 2891 1726 στέφανός
2947 1675 3029 1709 σοι
3089 1651 3286 1710 δίδοται
3342 1654 3487 1729 παρᾶ
3545 1653 3758 1730 Κυρίου,

399 1762 578 1826 quem
607 1763 724 1806 non
779 1745 1030 1825 negasti,
1077 1745 1181 1806 sed
1215 1743 1523 1805 confessus
1555 1761 1622 1804 es
1662 1761 1878 1804 nomen
1913 1745 2031 1820 ejus

2122 1741 2180 1798 ’ὃν
2236 1741 2333 1798 οὐκ
2387 1743 2629 1821 ἠρνήσω,
2692 1739 2811 1798 ἀλλ’
2895 1743 3256 1821 ὡμολογήσας
3316 1744 3472 1799 αοῖρτὸν
3529 1741 3764 1797 ἒνώπιον

399 1841 670 1896 sanctum
699 1854 902 1897 coram
937 1834 1142 1896 multis
1175 1831 1455 1896 testibus.
1488 1831 1596 1894 Ille
1627 1841 1821 1894 autem
1848 1833 2040 1897 durus

399 1928 458 1986 et
487 1923 930 2003 implacabilis,
961 1923 1098 1985 odio
1132 1940 1237 1986 cor
1272 1921 1501 1984 habens
1535 1921 2040 1999 obcaecatum,ne—

399 2030 514 2093 que
547 2013 602 2074 ei
631 2013 800 2076 dedit
831 2013 1294 2093 veniam,neque
1326 2017 1379 2074 ei
1407 2011 1654 2073 verbum
1685 2011 1874 2076 voluit
1903 2033 2036 2076 res-

397 2101 686 2183 pondere,
722 2101 872 2166 adeo
923 2110 988 2165 ut
1037 2102 1154 2184 ipsi
1184 2103 1428 2164 lictores
1459 2101 1732 2164 dicerent
1759 2105 1818 2166 S.
1853 2105 2032 2166 Nice-

394 2191 583 2272 phoro
621 2213 635 2250 :
669 2193 814 2255 Tam
875 2193 1120 2254 stultum
1181 2193 1490 2255 hominem
1541 2211 1844 2274 nunquam
1880 2194 2034 2256 vidi-

393 2298 548 2344 mus.
581 2279 758 2344 Vadit
807 2281 880 2344 ad
931 2281 1290 2364 supplicium
1344 2281 1582 2362 capitis,
1634 2291 1694 2344 et
1724 2285 2034 2364 quomodo

391 2370 546 2452 petis
577 2373 806 2435 veniam
840 2371 913 2434 ab
948 2391 1042 2449 eo,
1079 2373 1180 2454 qui
1205 2373 1331 2453 jam
1368 2379 1458 2434 est
1487 2373 2036 2437 moriturus?Dicit

394 2461 482 2522 eis
507 2459 570 2525 S.
600 2462 979 2542 Nicephorus
1015 2484 1029 2521 :
1091 2461 1378 2539 Nescitis,
1413 2460 1554 2543 quid
1590 2470 1784 2543 petam
1819 2482 1852 2526 a
1884 2482 2031 2526 con-

392 2547 624 2613 fessore
654 2549 876 2615 Christi
909 2569 923 2614 :
958 2553 1120 2616 Deus
1147 2560 1344 2614 autem
1375 2552 1511 2614 scit.

473 2637 601 2703 VII.
621 2639 696 2703 Et
719 2661 855 2705 cum
888 2641 1153 2706 venisset
1183 2642 1256 2705 ad
1283 2641 1509 2713 locum,
1535 2643 1594 2703 in
1626 2662 1743 2724 quo
1774 2651 1902 2706 erat
1931 2645 2030 2706 in-

393 2727 768 2794 terimendus
788 2731 1338 2813 Sapricius,rursus
1357 2731 1414 2793 ei
1436 2731 1586 2793 dixit
1603 2733 1984 2814 Nicephorus
2012 2750 2026 2796 :

391 2817 568 2901 Rogo
589 2827 914 2904 te,martyr
936 2821 1453 2903 Christi,ignosce
1470 2822 1622 2885 mihi
1640 2824 1696 2886 si
1716 2824 1862 2904 quid
1885 2841 2030 2904 pec-

391 2911 554 2991 cavi,
586 2918 657 2974 ut
676 2911 870 2976 homo.
907 2909 1211 2992 Scriptum
1244 2921 1335 2974 est
1359 2912 1520 2974 enim
1550 2913 1584 2964 5
1611 2931 1625 2976 :
1667 2938 1694 2969 α
1727 2913 1942 2989 Petite,
1973 2922 2032 2975 et

388 2999 632 3063 dabitur
650 3000 818 3065 vobis
845 3001 994 3084 (8).»
1023 3002 1140 3066 Sed
1166 3020 1238 3064 eo
1255 3003 1382 3064 haec
1402 3003 1639 3066 dicente
1663 3012 1720 3067 et
1740 3023 1870 3084 quae
1892 3012 2033 3065 sunt

2123 1830 2337 1888 πολλῶν
2391 1833 2695 1911 μαρτύρων,
2757 1831 3002 1896 Ἐκεῖνος
3084 1831 3140 1888 δὲ
3199 1831 3606 1909 πεπωρωμένην
3660 1831 3764 1898 τὴν

2121 1921 2337 1998 καρδίαν
2396 1922 2565 2004 ἔχων,
2611 1920 2729 1979 οῧτε
2787 1923 3116 2001 συγγνώμην
3175 1927 3320 1997 αῦτῷ
3378 1921 3606 1980 δέδωκεν
3641 1919 3763 1979 οὔτε

2122 2012 2238 2068 τινὰ
2281 2011 2444 2090 λόγον
2473 2011 2736 2080 ἠθέλησεν
2779 2017 2922 2085 αὒτῷ
2965 2013 3344 2091 ἀποκριθῆναι,
3391 2015 3462 2078 ὡς
3519 2011 3610 2067 καὶ
3660 2010 3764 2067 αῦ-

2119 2103 2242 2165 τοὺς
2314 2103 2439 2165 τοῦς
2527 2101 2750 2178 δημίους
2823 2101 3001 2180 λέγειν
3062 2107 3192 2180 πρὸς
3248 2104 3341 2159 τὸν
3401 2101 3708 2180 Νικηφόρον
3741 2115 3757 2130 °

2119 2200 2368 2250 Τοιοῦτον
2421 2192 2601 2271 μωρὸν
2646 2190 2921 2271 ἄνθρωπον
2952 2195 3047 2252 οὐκ
3099 2191 3316 2269 εἴδομεν
3347 2213 3477 2251 ποτε
3514 2209 3529 2224 ·
3577 2191 3655 2253 εἷς
3701 2191 3760 2246 τὸ

2117 2281 2618 2363 ἀποκεφαλισθῆναι
2658 2283 2847 2360 ὑπάγει
2914 2283 3003 2338 καὶ
3060 2283 3203 2362 παρὰ
3256 2281 3532 2362 ἀνθρώπου
3588 2283 3762 2337 θανα-

2119 2374 2275 2447 σίμου
2314 2371 2667 2452 συγχώρησιν
2699 2373 2868 2438 αἰτεῖς
2907 2391 2922 2447 ;
2957 2373 3046 2430 καὶ
3077 2371 3223 2450 λέγει
3281 2374 3308 2429 6
3365 2373 3521 2452 ἅγιος
3578 2378 3759 2436 Νικη-

2115 2461 2274 2543 φόρος
2315 2479 2327 2494 ⁸
2363 2464 2470 2520 Οὔκ
2515 2461 2719 2537 οἴδατε,
2768 2464 2818 2519 τί
2857 2464 3107 2540 αἰτοῦμαι
3165 2463 3255 2519 τὸν
3286 2459 3635 2540 ὁμολογητὴν
3664 2461 3764 2515 τοῦ

2116 2560 2341 2631 Χριστοῦ
2379 2569 2391 2582 '
2427 2554 2456 2610 ὀ
2491 2554 2619 2616 Θεὸς
2651 2552 2926 2630 γινώσκει.

2197 2646 2273 2703 Z'.
2313 2645 2410 2702 Καὶ
2437 2642 2604 2700 ἒλθὼν
2659 2644 2746 2700 επὶ
2803 2645 2894 2699 τὸν
2939 2643 3104 2701 τόπον
3149 2641 3283 2700 ὅπου
3312 2639 3547 2710 ἤμελλεν
3594 2638 3758 2696 ἄναι-

2115 2738 2320 2812 ρεϊσθαι
2381 2735 2408 2790 ὅ
2457 2733 2770 2808 Σαπρίκιος,
2802 2732 2954 2813 ἔλεγε
2998 2733 3160 2790 πάλιν
3207 2734 3236 2789 ὅ
3266 2731 3414 2811 ἅγιος
3446 2731 3759 2810 Νικηφόρος

2115 2827 2245 2902 πρὸς
2276 2823 2458 2898 αὒτὸν,
2505 2823 2629 2881 ’Ότι
2675 2823 2998 2905 γέγραπται³
3053 2847 3080 2879 α
3115 2825 3350 2898 Αἰτεῖτε,
3406 2823 3493 2878 καὶ
3522 2819 3760 2891 δοθήσε-

2117 2938 2200 2973 ται
2260 2919 2391 2983 ῦμϊν
2425 2930 2438 2942 °
2488 2921 2728 2988 ζητεῖτε,
2775 2915 2864 2971 καὶ
2893 2912 3144 2992 εὑρήσετε
3178 2933 3194 2951 ο
3226 2913 3463 2989 κρούετε,
3495 2912 3584 2969 καὶ
3616 2913 3759 2966 ἂνοισ

2113 3007 2343 3086 γήσεται
2386 3005 2538 3079 ὑμῖν,
2576 3026 2605 3058 ι
2668 3001 2837 3060 Ἀλλὰ
2892 3010 3057 3060 ταῦτα
3088 3004 3269 3061 καὶτᾶ
3301 3010 3516 3061 τοιαῦτα
3558 3000 3760 3079 λέγον-

388 3089 482 3152 his
507 3090 877 3172 similia,non
901 3094 1124 3156 audivit
1145 3111 1336 3154 saevus
1359 3101 1416 3155 et
1435 3093 1622 3156 durus
1639 3093 1890 3156 amicus:
1918 3112 2030 3156 nec

2122 3118 2206 3158 τος
2243 3093 2421 3169 αὐτοῦ,
2457 3092 2552 3150 οῦκ
2580 3090 2774 3161 ἤκουεν
2805 3095 2832 3150 ὀ
2887 3092 3252 3171 σκληρότατος
3307 3090 3480 3173 φίλος,
3525 3091 3643 3147 οὔτε
3701 3089 3762 3146 δὲ

387 3179 579 3242 ﬂexus
611 3188 699 3243 est
731 3183 958 3244 sodalis
987 3183 1496 3263 asperrimus,acc
1523 3184 1928 3262 fuitmollitus
1951 3191 2036 3247 to-

386 3277 486 3331 tus
514 3271 897 3348 inﬂexibilis.
931 3272 1070 3336 Non
1101 3275 1264 3334 enim
1296 3271 1540 3335 audivit
1569 3273 1723 3336 illud
1751 3294 1765 3336 :
1803 3275 2036 3352 Diliges

393 3357 720 3423 Dominum
752 3361 939 3424 Deum
972 3380 1050 3425 ea:
1072 3371 1195 3425 toto
1227 3362 1404 3425 corde
1438 3372 1562 3438 tuo,
1590 3371 1647 3425 et
1670 3369 2028 3445 proximum

402 3454 575 3511 tuum
605 3451 759 3514 sicut
790 3457 1050 3534 teipsum
1073 3453 1125 3514 ιε
1143 3451 1246 3515 sed
1265 3452 1479 3517 clausit
1507 3471 1686 3516 aures
1714 3453 1913 3518 cordis
1933 3456 2031 3517 sui

392 3544 451 3602 et
479 3545 786 3624 corporis,
815 3551 877 3604 ut
904 3543 1066 3622 aspis
1097 3543 1279 3605 surda
1337 3551 1397 3606 et
1450 3543 1691 3620 clauda,
1748 3563 1880 3626 quat
1911 3565 2029 3608 non

2118 3185 2423 3260 ἐκάμπτετο
2481 3187 2508 3240 ὁ
2566 3183 2902 3263 τραχύτατος
2960 3184 3247 3263 ἀγαπητός
3283 3198 3298 3212 ·
3363 3181 3604 3239 ἔκλεισεν
3658 3181 3764 3259 γὰρ

2117 3275 2183 3330 τὰ
2240 3277 2354 3330 ὦτα
2399 3277 2559 3332 αὐτοῦ
2601 3275 2674 3334 ὡς
2720 3275 2882 3339 boui;
2940 3273 3098 3354 κωφὴ
3162 3273 3250 3332 καὶ
3300 3269 3475 3349 βωϐἢ,
3512 3270 3630 3338 ἥτις
3663 3273 3764 3328 οῦκ

2114 3364 2480 3421 είσακούσεται
2541 3363 2725 3442 φωνην
2792 3361 3104 3436 ἔπᾴδοντος,
3199 3363 3297 3418 Διᾶ
3370 3370 3525 3420 τοῦτο
3581 3362 3674 3416 καὶ
3732 3361 3762 3416 ὀ

2112 3454 2350 3530 ἀψευδὴς
2385 3454 2569 3532 Κύριος
2603 3452 2761 3510 εἶπεν
2797 3469 2810 3483 ⁸
2854 3474 2877 3509 ε
2916 3450 3044 3511 Ἐὰν
3075 3454 3152 3530 μὴ
3184 3452 3379 3532 ἀφῆτε,
3413 3452 3509 3508 οῦκ
3539 3449 3753 3530 ἀφεθή-

2113 3567 2262 3602 σεται
2293 3544 2444 3617 ὑμῖν.
2484 3564 2508 3599 ε

388 3630 689 3693 exaudivit
720 3651 921 3694 vocem
950 3631 1403 3696 incantantium.
1439 3633 1760 3714 Propterea
1792 3641 1901 3715 qui
1922 3651 2253 3716 personam
2293 3649 2418 3693 non
2450 3633 2696 3712 respicit
2723 3633 2778 3704 5,
2808 3639 2866 3694 et
2893 3648 3068 3693 verus
3097 3636 3185 3692 est
3214 3628 3506 3693 Dominus
3534 3627 3638 3710 qui
3667 3627 3760 3690 di-

383 3717 510 3782 xit:
550 3745 574 3777 α
601 3723 661 3785 Si
707 3740 824 3784 non
859 3723 1239 3786 tremiseritis
1270 3723 1614 3786 hominibus
1645 3724 1863 3787 delicta
1919 3742 2154 3802 eorum,
2185 3739 2374 3800 neque
2408 3721 2591 3784 Pater
2620 3731 2822 3785 noster
2849 3721 3108 3784 scelestis
3153 3723 3422 3782 remittet
3447 3717 3618 3781 vobis
3646 3719 3757 3781 de-

385 3806 533 3871 licta
563 3818 762 3875 vestra
788 3812 822 3861 ϐ
852 3833 871 3872 :
907 3819 962 3875 et
995 3813 1062 3874 in
1091 3830 1212 3892 qua
1239 3829 1526 3874 mensura
1560 3814 1830 3874 metieris
1856 3813 2050 3892 fratri
2081 3821 2204 3886 tuo,
2237 3812 2306 3874 ia
2334 3829 2404 3872 ea
2435 3813 2794 3875 remetietur
2822 3811 2959 3874 tibi.
2996 3837 3022 3866 n

447 3897 892 3964 Vlll.Dominus
913 3919 1047 3963 cum
1074 3901 1326 3964 vidisset
1349 3921 1482 3964 eum
1508 3901 1669 3964 nulla
1689 3901 1844 3980 tangi
1878 3921 2020 3982 pro-

381 3987 528 4051 ximi
557 3990 976 4054 misericordia
997 3992 1249 4072 (9),jure
1272 4009 1409 4054 eum
1435 3991 1684 4072 privavit
1701 4010 1888 4069 regno
1913 4010 2021 4054 suo

380 4080 783 4142 cmlestissimo
808 4083 1048 4154 (tO),ille
1073 4099 1209 4141 vero
1233 4086 1488 4156 seipsum
1513 4083 2021 4154 alienavitagratia

383 4167 615 4228 caelesti
648 4177 706 4230 et
728 4167 802 4231 ab
829 4170 1074 4232 reternis
1093 4170 1202 4232 Dei
1225 4169 1422 4243 bonis,
1458 4178 1702 4250 propter
1725 4169 1959 4250 injuriae
1992 4187 2026 4231 a

379 4255 566 4318 fratre
585 4266 848 4339 accepta:
869 4259 1374 4322 recordationem:
1400 4268 1459 4321 et
1484 4259 1738 4320 maxime
1770 4257 1928 4340 quod
1963 4259 2021 4319 in

379 4363 730 4425 germanum
765 4356 1112 4411 etveterem
1145 4347 1402 4410 amicum
1427 4347 1640 4410 fuisset
1661 4349 1861 4409 animo
1880 4367 2018 4410 cru-

381 4435 783 4509 deli,immani
805 4445 864 4499 et
885 4436 1578 4501 irrecouciliabili.Tunc
1603 4436 1813 4500 dicunt
1843 4437 2019 4499 licto-

379 4543 479 4589 res
501 4523 796 4607 Sapricio:
816 4527 1018 4590 Flecte
1041 4546 1240 4608 genua
1260 4536 1452 4609 tua,ut
1475 4536 1649 4608 caput
1680 4527 1785 4589 tibi
1817 4547 2024 4610 ampu-

379 4614 722 4678 tetur.Dicit
743 4625 941 4678 autem
969 4621 1055 4679 eis
1079 4616 1386 4698 Sapricius
1423 4639 1436 4680 :
1460 4615 1687 4691 Quare?
1717 4617 1935 4680 Dicunt
1965 4618 2020 4680 ei

379 4703 948 4779 lictoreszouoniam
977 4707 1219 4770 noluisti
1244 4707 1360 4769 diis
1383 4707 1862 4782 sacriﬁcare,sed
1882 4727 2022 4771 con-

377 4793 679 4876 tempsisti
703 4793 966 4858 edictum
994 4795 1378 4876 imperatoris
1401 4804 1646 4878 propter
1687 4797 2015 4877 hominem,

377 4885 479 4967 qui
503 4884 722 4948 dicitur
744 4883 1184 4948 ChristusHaac
1208 4905 1343 4949 cum
1375 4885 1665 4948 audiisset
1689 4886 1872 4948 miser
1904 4887 2018 4949 Sa-

378 4973 950 5057 pricius,respondit
973 4974 1478 5053 lictoribus,hanc
1505 4977 1790 5038 miseram
1811 4981 1868 5039 et
1897 4977 2016 5038 tri-

376 5075 534 5129 stem
559 5065 1023 5142 vocem,dicens:
1045 5064 1243 5129 Nolite
1263 5084 1358 5129 me
1381 5066 1592 5128 ferire.
1617 5065 1793 5129 Facio
1824 5064 2011 5146 enim,

376 5175 511 5236 quae
532 5157 848 5238 jusserunt
879 5155 1299 5239 imperatores,
1335 5161 1393 5220 et
1421 5155 1538 5220 diis
1567 5155 1864 5219 sacriﬁco.
1913 5155 2012 5218 Sic

2186 3902 2280 3963 H'.
2324 3901 2470 3959 ’ἰδὼν
2505 3901 2659 3958 αὐτὸν
2694 3900 2773 3958 ὅτι
2809 3901 2904 3959 οὒκ
2934 3901 3180 3974 ἐκάμοθη
3215 3901 3331 3957 οὔτε
3364 3899 3526 3979 εἶχεν
3561 3897 3746 3978 ἔλεον,

2105 3993 2221 4050 οὕτε
2294 3991 2626 4066 συμπάθειαν
2683 3993 2813 4069 πρὸς
2887 3994 2980 4048 τὸν
3051 3991 3279 4058 πλησίον
3372 3990 3549 4062 αὐτοῦ,
3612 3989 3754 4046 ἀλλὰ

2105 4080 2460 4138 ἀδιάλλακτον
2520 4093 2710 4155 μῖσος,
2790 4081 3078 4159 ἆστέρησεν
3153 4083 3311 4140 αὐτὸν
3396 4084 3495 4146 τῆς
3563 4080 3756 4136 ἑαυτοῦ

2105 4175 2247 4235 θείας
2289 4172 2537 4250 χάριτος,
2586 4169 2795 4244 μᾶλλον
2839 4170 2892 4227 δὲ
2955 4171 3166 4236 hervoq
3209 4168 3492 4246 ἀλλότριον
3564 4170 3754 4224 ἑαυτὸν

2107 4261 2358 4328 ἐποίησεν
2389 4265 2488 4326 τῆς
2533 4257 2622 4315 ἐπ’
2679 4261 2922 4339 οὐρανίου
2966 4261 3194 4340 χάριτος
3254 4257 3338 4316 διὰ
3370 4260 3472 4325 τὴν
3503 4259 3633 4335 πρὸς
3663 4261 3758 4314 τὸν

2106 4349 2330 4430 ἀδελφὸν
2392 4352 2481 4407 καὶ
2536 4347 2770 4424 μάλιστα
2853 4350 3003 4430 φίλον
3086 4352 3316 4428 γνήσιον
3375 4350 3461 4405 καὶ
3519 4350 3758 4428 ἀρχαῖον

2104 4442 2362 4517 ὠμότητα
2419 4441 2510 4496 καῖ
2571 4439 2949 4519 ἆσπλαγχνίαν
2992 4443 3082 4497 καὶ
3140 4438 3502 4497 ἀδιάλλακτον
3549 4440 3749 4517 προαί-

2103 4553 2270 4610 ρεσιν.
2307 4530 2438 4589 Τότε
2467 4528 2716 4609 λέγουσιν
2743 4533 2792 4588 oi
2835 4529 3022 4606 δήμιοι
3081 4532 3218 4606 πρὸς
3261 4531 3355 4586 τὸν
3402 4531 3693 4608 Σαπρίκιον
3733 4547 3750 4562 ’

2106 4622 2334 4697 Κάμψον
2392 4621 2459 4676 τὰ
2514 4619 2715 4698 γόνατά
2771 4641 2890 4696 σου,
2960 4622 3052 4676 ἳνα
3114 4618 3572 4698 ἆτοκεφαλισθῇς.
3649 4619 3754 4676 Καὶ

2103 4709 2248 4786 λέγει
2280 4713 2307 4766 6
2340 4710 2630 4788 Σαπρίκιος
2661 4725 2676 4740 ⁸
2718 4711 2816 4768 Διὰ
2846 4733 2895 4767 τι
2931 4730 2946 4790 ;
2983 4709 3243 4788 Λέγουσιν
3274 4714 3415 4784 αὐτῷ
3439 4724 3453 4739 ⁸
3493 4707 3617 4767 Ὀτι
3649 4711 3751 4766 οῦκ

2102 4799 2371 4866 ἠθέλησας
2433 4803 2609 4880 θῦσαι,
2672 4797 2811 4857 ἀλλὰ
2865 4800 3275 4877 προστάγματος
3337 4797 3748 4878 κατεφρόνησας

2100 4887 2168 4946 δι’
2223 4888 2500 4968 ἄνθρωπον
2557 4887 2850 4969 λεγόμενον
2890 4889 3144 4968 Χριστόν,
3205 4895 3380 4948 Ταῦτα
3439 4887 3672 4950 ἀκούσας
3717 4890 3750 4944 ὁ

2099 4976 2276 5042 ἄθλιος
2333 4979 2648 5058 Σαπρίκιος,
2693 4979 2952 5057 απεκρίθῃ
3007 4981 3140 5059 πρὸς
3200 4979 3322 5042 τοὺς
3367 4975 3588 5053 δημίους
3650 4976 3751 5033 λέ-

2098 5091 2208 5148 γων
2245 5087 2262 5105 ⁸
2298 5071 2387 5137 Μὴ
2418 5070 2674 5138 θελήσετε
2703 5091 2770 5146 με
2811 5077 3027 5144 κροῦσαι
3065 5089 3079 5105 ⁸
3111 5076 3252 5127 ποιῶ
3283 5069 3383 5148 γὰρ
3429 5068 3492 5126 τὰ
3517 5065 3751 5124 κελευό-

2097 5180 2236 5236 μενα
2267 5159 2409 5238 παρὰ
2437 5166 2546 5216 τῶν
2602 5158 2871 5237 βασιλέων
2913 5162 3087 5236 ὑμῶν,
3148 5161 3236 5217 καὶ
3265 5162 3372 5216 θέω
3416 5170 3537 5222 τοῖς
3567 5160 3746 5219 θεοῖς.

455 5333 488 5382 5
515 5332 716 5398 Matth.
751 5351 859 5413 vn,
897 5337 951 5400 7.
1039 5335 1071 5386 4
1100 5335 1312 5399 Matth.
1343 5351 1486 5412 χχιι,
1523 5337 1626 5400 57.
1710 5337 1744 5388 δ
1773 5334 1976 5398 Matth.
2016 5353 2100 5412 vr,
2135 5337 2233 5400 15.
2317 5335 2351 5386 6
2379 5334 2578 5400 Matth.
2613 5353 2718 5413 vn,
2750 5334 2811 5398 2.

447 5510 531 5587 (8)
558 5511 734 5571 Addit
767 5527 877 5587 ms.
913 5531 927 5569 :
963 5513 1256 5582 «Qumrite
1285 5518 1342 5573 et
1374 5513 1935 5587 invenietis,pulsate
1963 5523 2019 5572 et

375 5583 666 5656 aperietur
697 5584 879 5644 vobis.
921 5605 945 5639 ε

2173 5513 2249 5583 (9)
2279 5513 2453 5574 Addit
2481 5527 2592 5572 ms.
2625 5532 2650 5568 ι
2679 5513 2779 5571 sed
2814 5511 3186 5586 implacabile
3215 5510 3412 5573 odium
3442 5523 3739 5572 servare.

2175 5586 2286 5658 (10)
2315 5586 2413 5644 bis.
2450 5607 2473 5640 ε
2507 5586 2688 5659 gratia
2721 5584 2965 5646 rmlesti.
3002 5606 3025 5638 ε
