4060 6206
330 329 484 400 1373

1625 333 1812 399 VITA
1856 334 1917 397 S.
1965 332 2411 401 NICEPHORI.

3537 329 3690 401 1374
3752 370 3757 374 -

325 468 508 534 οὕτως
538 465 837 549 ἐτύφλωσεν
879 465 1100 554 αῦτδνῌῆ
1153 466 1514 548 μνησικακία,
1559 469 1656 527 καί
1699 467 1952 538 ἆπέστησι

2052 488 2187 532 eum
2225 470 2548 535 excaecavit
2575 470 2811 554 odium,
2842 475 2898 534 et
2929 468 3002 534 ab
3037 491 3108 536 eo
3139 467 3388 537 abduxit
3414 471 3522 536 Dei
3552 492 3690 552 gra-

324 560 426 628 τὴν
470 559 628 640 χάριν
661 555 756 615 ἀπ’
799 560 978 617 αὐτοῦ.
1045 549 1102 616 ’0
1133 558 1234 638 γὰρ
1276 556 1358 615 διὸ
1413 558 1679 616 τοσούτων
1719 558 1964 635 βασάνων

326 650 407 726 μὴ
451 648 818 729 ἀρνησάμενος
887 649 980 705 τὸν
1023 648 1209 726 Κύριον
1251 650 1409 724 ἡμῶν
1454 647 1661 716 Ἰησοῦ-δ
1713 649 1961 727 Χριστὸν,

323 738 490 798 έλθὼν
522 739 596 804 είς
637 739 702 796 τὸ
733 736 888 802 τέλος
933 745 1024 796 τοῦ
1054 737 1302 817 θανάτου,
1351 737 1562 815 μέλλων
1607 741 1668 795 τὸ
1710 737 1962 816 βραϐεῖον

2052 560 2342 635 tiam.Qui
2366 562 2527 624 enim
2556 581 2663 643 per
2682 561 2984 640 ejusmodi
3006 570 3300 626 tormenta
3315 582 3434 625 non
3459 563 3694 642 negavit

2047 649 2368 713 Dominum
2402 661 2672 714 nostrum
2703 650 2906 715 Jesum
2935 651 3404 728 Christum,cum
3433 651 3692 715 venisset

2048 743 2122 803 ad
2154 741 2336 803 tinem
2371 742 2602 816 mortis,
2624 750 2682 804 ct
2711 749 2871 803 esset
2899 749 3259 823 accepturus
3293 741 3601 822 praemium
3635 749 3695 804 et

2047 848 2333 892 coronam
2364 831 2572 910 gloria;
2604 840 2662 894 et
2689 833 2844 914 spei,
2881 837 3114 912 negavit
3146 834 3336 896 vitam
3363 840 3684 909 atomum,

2047 927 2108 982 et
2135 920 2247 982 fuit
2275 929 2565 1003 apostata.

321 828 419 886 καὶ
475 832 569 886 τὸν
610 832 709 897 τῆς
768 826 925 898 δόξης
975 827 1232 910 στέφανον
1291 827 1607 911 λαμϐάνειν,
1665 829 1958 908 ἠρνήσατο,

321 916 422 976 καί
463 919 682 998 γέγονεν
712 918 1043 988 ἀποστάτης.

1804 1078 2048 1144 CAPUT
2108 1079 2210 1146 IIl.

1558 1189 1936 1271 Martyrium
1978 1188 2050 1256 S.
2096 1190 2453 1274 Nicephori.

404 1312 494 1374 ϐ’.
530 1313 703 1374 Ταῦτα
749 1313 983 1378 ἀκούσας
1044 1316 1073 1371 ὁ
1134 1311 1291 1393 ἅγιος
1343 1315 1643 1394 Νικηφόρος
1678 1313 1952 1393 παρεκάλει

2130 1313 2226 1378 ΙΧ.
2263 1317 2402 1379 Haec
2435 1334 2572 1378 cum
2606 1317 2872 1380 audisset
2931 1315 2994 1380 S.
3028 1317 3428 1398 Nicephorus,
3463 1319 3691 1397 rogavit

321 1404 416 1461 τὸν
471 1405 761 1480 Σαπρίκιον
791 1402 966 1482 λέγων
998 1420 1014 1436 ⁶
1053 1404 1167 1479 Μὴ,
1203 1403 1418 1484 ἀδελφέ,
1474 1405 1552 1480 μὴ
1581 1407 1822 1480 ζητήσῃς
1854 1427 1952 1460 πα-

2049 1401 2386 1486 Sapricium
2412 1424 2547 1469 cum
2567 1406 3326 1487 Iacrymis,dicens:Noli,o
3353 1404 3692 1483 frater,noli

320 1491 546 1572 ραϐἧναι
609 1494 698 1550 καὶ
756 1493 1087 1573 ἀρνήσασθαι
1151 1494 1244 1550 τὸν
1302 1494 1580 1561 Δεσπότην
1624 1495 1778 1568 ἡμῶν
1834 1500 1952 1571 Χρι·

2049 1495 2383 1575 transgredi
2434 1503 2491 1557 et
2541 1515 2763 1576 negare
2805 1496 3119 1559 Dominum
3171 1505 3440 1558 nostrum
3484 1493 3690 1558 Jesum

323 1583 447 1640 στόν
483 1602 496 1617 ⁶
547 1584 624 1659 μὴ
665 1583 825 1661 θέλῃς
871 1583 1034 1660 ὅλως,
1072 1582 1369 1662 παρακαλῶ
1410 1605 1492 1658 σε,
1539 1583 1837 1651 ἀποστῆναι
1868 1581 1952 1639 ἆπ“

2048 1581 2378 1648 Christum.
2411 1586 2546 1650 Noli
2571 1587 2840 1661 omnino,
2869 1606 3011 1667 rogo
3040 1587 3198 1662 te,ab
3222 1605 3293 1648 eo
3319 1586 3604 1660 deficere,
3635 1591 3694 1646 et

322 1672 481 1731 αὐτοῦ
515 1689 529 1702 ⁹
579 1674 656 1749 μὴ
707 1673 980 1750 ἀπολέσῃς
1027 1674 1289 1754 στέφανον
1333 1675 1597 1754 οὐράνιον,
1650 1674 1710 1730 ὂν
1751 1675 1952 1744 tunica

2048 1675 2308 1754 perdere
2337 1676 2641 1738 ctelestem
2677 1695 2984 1750 coronam,
3019 1695 3193 1758 quam
3240 1695 3347 1758 per
3376 1675 3559 1737 multa
3585 1693 3691 1736 ac-

319 1761 404 1820 διᾶ
449 1761 662 1822 πολλῶν
704 1764 976 1841 βασάνων.
1029 1764 1274 1826 Ἐκεῖνος
1327 1762 1381 1820 δὲ
1415 1765 1507 1821 οὐκ
1537 1763 1764 1832 ἤκουσεν
1797 1763 1952 1839 ὅλως,

2049 1763 2306 1844 quisiisti
2343 1774 2640 1828 tormenta
2663 1779 2723 1828 et
2753 1766 3251 1830 afﬂictionelele
3274 1773 3471 1828 autem
3505 1762 3697 1825 noluit

319 1850 442 1910 ἄλλ’
487 1851 813 1910 ἐσπούδασεν
871 1854 943 1919 εἰς
986 1852 1262 1911 ἀπώλειαν
1321 1856 1415 1910 τοῦ
1456 1854 1693 1934 ἰσχάτου
1741 1856 1952 1910 θανάτοι⁴

2050 1871 2185 1914 eum
2220 1853 2467 1916 omnino
2495 1855 2731 1929 audire,
2766 1856 2870 1917 sed
2899 1856 3212 1917 contendit
3242 1854 3411 1918 abire
3437 1852 3511 1915 ad
3543 1853 3696 1914 inte-

319 1942 599 2019 ἀπελθεῖν,
634 1945 692 2007 ὃς
723 1944 987 2011 τοσαύτην
1023 1940 1176 2009 δόξαν
1227 1943 1283 1999 έν
1332 1943 1474 2022 ῥοπῇ
1521 1949 1646 2019 μιᾶς
1679 1943 1821 2022 ὥρας
1865 1948 1952 2012 τῆς

2048 1940 2227 2004 ritum
2253 1951 2312 2005 et
2342 1945 2612 2007 tenebras
2636 1943 2864 2007 ultimm
2896 1943 3192 2019 mortis,et
3220 1945 3298 2007 ad
3329 1947 3553 2024 ignem,
3581 1944 3692 2023 qui
3725 2003 3730 2006 .

318 2037 492 2108 τομῆς
551 2036 648 2102 τῆς
703 2034 913 2102 σπάθης
983 2031 1290 2108 ἀπώλεσεν,
1338 2031 1506 2097 οὕτως
1551 2032 1811 2112 έκωφώθη
1866 2033 1952 2092 καί

2044 2049 2167 2095 non
2194 2039 2384 2113 potest
2414 2035 2750 2114 exstingui.
2791 2033 2906 2107 Qui
2957 2033 3100 2094 tanti
3142 2034 3314 2115 pretii
3344 2031 3594 2112 gloriam
3627 2030 3690 2093 in

317 2121 596 2204 ἔτυφλώθη
626 2123 654 2178 ὁ
686 2121 1027 2201 ταλαίπωρος
1061 2124 1214 2186 οὗτος
1245 2123 1348 2179 ὑπό
1374 2123 1752 2199 μνησικακίας.

2047 2131 2356 2184 momento
2384 2125 2563 2185 unius
2596 2123 2759 2186 horaa
2788 2122 2944 2184 ictus
2975 2121 3156 2202 gladii
3191 2121 3694 2205 perdidit,revera

2043 2211 2154 2273 fuit
2175 2211 2382 2284 miser,
2420 2221 2750 2274 excaecatus
2780 2210 2854 2274 ab
2882 2212 3044 2273 odio.

288 2312 294 2318 ”
403 2300 474 2366 ι’.
507 2306 582 2362 Οῦ
611 2303 712 2379 γὰρ
744 2300 972 2369 ἤκουσεν
1029 2309 1122 2359 τοῦ
1169 2299 1358 2375 Κυρίου
1405 2302 1560 2375 ἡμῶν
1591 2299 1644 2356 ἐν
1674 2302 1750 2374 τῷ
1783 2305 1952 2379 Εὔαγ-

2121 2299 2334 2362 X.Non
2361 2302 2522 2363 enim
2545 2302 2770 2364 audivit
2793 2299 3112 2364 Dominum
3135 2299 3341 2363 Jesum
3361 2301 3690 2376 Christum,

316 2389 480 2471 γελίῳ
509 2391 792 2470 κράζοντος
825 2392 913 2447 καὶ
969 2389 1224 2468 λέγοντος
1262 2408 1276 2424 ⁶
1333 2413 1361 2446 ιι
1393 2390 1522 2450 Ἐὰν
1550 2390 1852 2470 προσφέρῃς
1896 2391 1952 2447 τὸ

2042 2389 2345 2453 dicentem
2370 2391 2432 2453 in
2458 2400 2664 2453 sancto
2681 2390 3041 2469 Evangelia?
3066 2407 3081 2453 :
3115 2388 3210 2452 «Si
3236 2391 3451 2453 afferas
3468 2407 3684 2452 munus

315 2479 484 2560 δῶρον
521 2480 613 2538 ἰπὶ
657 2482 720 2538 τὸ
755 2482 1134 2559 θυσιαστήριον
1193 2480 1284 2538 καὶ
1331 2479 1526 2559 ὕπαγε,
1559 2487 1770 2559 πρῶτον
1799 2478 1952 2536 διαλ-

2042 2488 2206 2542 tuum
2232 2481 2304 2542 ad
2324 2479 2534 2556 altare,
2562 2490 2621 2543 et
2644 2480 2986 2543 recorderis
3004 2479 3165 2562 quod
3189 2480 3372 2542 frater
3402 2487 3537 2540 tuus
3567 2479 3681 2542 ha-

314 2571 509 2650 λάγηθι
539 2577 614 2644 τῷ
643 2567 856 2649 ἀδελφῷ
894 2593 1017 2650 σου,
1047 2572 1135 2628 καὶ
1186 2570 1309 2628 τότε
1369 2569 1535 2628 ἐλθὼν
1579 2590 1841 2650 προσφερε
1892 2570 1952 2626 τὸ

2039 2567 2140 2632 bet
2161 2571 2388 2652 aliquid
2410 2571 2704 2633 adversus
2738 2581 2817 2645 te,
2844 2571 3080 2632 dimitte
3104 2589 3321 2632 munus
3344 2580 3509 2632 tuum
3543 2577 3682 2632 ante

313 2659 482 2739 δῶρόν
525 2681 646 2720 σου.
679 2683 710 2716 »
775 2661 874 2719 Καὶ
932 2658 1098 2717 πᾶλιν
1154 2659 1340 2739 Πέτρῳ
1392 2667 1470 2735 τῷ
1524 2661 1792 2739 κορυφαίῳ
1846 2664 1952 2715 τῶν

2037 2658 2246 2723 altare:
2268 2668 2329 2724 et
2348 2661 2495 2723 vade
2521 2661 2809 2742 primum,
2839 2669 2898 2724 et
2926 2659 3320 2722 reconciliare
3349 2659 3520 2722 fratri
3552 2668 3677 2733 tuo,

314 2748 632 2808 ἀποστόλων
692 2749 1022 2828 έρωτήσαντι
1058 2769 1070 2782 ·
1128 2772 1156 2804 τ
1195 2750 1451 2824 Ποσάκις,
1481 2749 1572 2809 ἐὰν
1624 2749 1836 2827 ἁμάρτῃ
1879 2750 1952 2812 εἷς

2039 2758 2101 2810 et
2130 2758 2277 2811 tunc
2307 2750 2744 2823 veniens,otl”er
2761 2767 2981 2812 munus
3005 2759 3236 2813 tuum.»
3260 2752 3332 2812 Et
3352 2753 3684 2812 rursusPe-

312 2839 411 2915 έμὶ
473 2841 500 2895 δ
559 2837 785 2919 ἀδελφός
843 2859 968 2915 μου,
1034 2839 1230 2917 ἀφήσω
1284 2837 1474 2912 αὒτῷ;
1523 2838 1623 2902 ἕως
1678 2839 1950 2911 intime;

2037 2846 2132 2898 tro
2155 2836 2420 2918 principi
2441 2838 3021 2918 apostolorum,cum
3046 2847 3312 2918 rogasset
3331 2838 3678 2914 Dominum,

311 2927 601 3006 ’Λπεκρίθη
656 2928 800 3002 αῦτῷ
865 2929 896 2984 ὁ
951 2928 1141 3006 Κύριος
1176 2944 1193 2960 ⁹
1250 2931 1322 2986 Ob
1365 2925 1508 3005 λέγω
1535 2949 1620 2983 σοι
1651 2927 1752 2994 ἕως
1781 2928 1952 2984 ἑπτά-

2042 2924 2405 2999 «Quoties,si
2424 2935 2763 3008 peccaverit
2781 2927 2843 2988 in
2869 2947 2965 2991 me
2983 2928 3168 2990 frater
3185 2927 3680 3004 meus,dimittam

314 3039 421 3098 κις,
480 3015 604 3074 ἀλλ’
650 3015 750 3082 ἕως
799 3014 1255 3092 ἑϐδομηκοντάκις
1289 3015 1446 3076 ἑπτά.
1483 3036 1512 3076 )
1552 3015 1795 3082 Ἐκεῖνος
1825 3015 1878 3074 δὲ
1924 3018 1952 3074 'o

2037 3016 2090 3077 ei
2115 3022 2144 3080 ?
2172 3016 2444 3096 septies?
2466 3017 2783 3098 respondit
2838 3016 3128 3080 Dominus
3156 3039 3170 3081 :
3207 3020 3344 3082 Non
3377 3018 3512 3081 dico
3547 3016 3678 3088 tibi,

311 3105 650 3184 ταλαιπωρος
729 3106 848 3165 οῦδὲ
925 3106 1064 3173 ἅπαξ
1137 3105 1402 3176 ἠθέλησεν
1468 3109 1820 3187 συγχωρῆσαι
1879 3113 1954 3180 τῷ

315 3195 529 3277 αδελφῷ
559 3201 743 3277 αὐτου,
775 3198 863 3254 καὶ
921 3195 1158 3273 μάλιστα
1215 3195 1538 3274 συγγνώμην
1584 3198 1808 3253 αἰτοῦντι
1857 3194 1955 3254 καί

311 3285 486 3345 πολλὰ
543 3286 943 3366 παρακαλοῦντι
978 3303 993 3319 ⁸
1041 3289 1132 3344 καὶ
1192 3289 1220 3344 ὁ
1264 3287 1363 3363 μὲν
1411 3287 1599 3364 Κύριος
1657 3285 1955 3344 ἐνετείλατο

311 3377 418 3434 ἀπὸ
466 3374 679 3455 καρδίας
741 3389 1051 3456 συγχωρεῖν
1107 3376 1339 3454 ἑκάστῳ,
1377 3378 1464 3432 καὶ
1495 3375 1580 3432 επὶ
1609 3376 1703 3441 τὰς
1749 3375 1952 3434 καταλ-

309 3465 478 3545 λαγὰς
522 3467 583 3522 τὸ
640 3469 788 3523 θεῖον
842 3465 1010 3544 δῶρον
1046 3462 1134 3520 ἰπὶ
1191 3465 1254 3519 τὸ
1296 3465 1669 3541 θυσιαστήριον
1726 3464 1953 3544 ἀφέντας

311 3557 691 3637 προστρέχειν,
734 3555 981 3618 Ἐκεῖνος
1039 3552 1094 3609 δὲ
1146 3550 1262 3608 οὐδὲ
1307 3551 1488 3628 ἄκροις
1531 3550 1743 3630 χείλεσι
1794 3551 1954 3628 λόγον

311 3647 713 3726 συγχωρήσεως
756 3650 835 3718 τῷ
875 3647 1224 3718 μετανοοῦντι
1270 3637 1490 3712 ἔδωκεν,
1526 3639 1642 3695 οὒδέ
1701 3662 1953 3716 παρακα-

308 3734 488 3792 λοῦντι
545 3735 816 3814 ἣνέσχετο
885 3729 1064 3788 δοῦναι
1122 3727 1311 3806 ἄφεσιν
1348 3743 1363 3759 ⁶
1435 3726 1556 3784 ἀλλ’
1616 3726 1829 3785 ἔκλεισε
1887 3730 1954 3785 τὰ

309 3822 600 3904 σπλάγχνα
690 3824 797 3880 ἀπὸ
890 3828 984 3878 τοῦ
1053 3817 1287 3898 ἀδελφοῦ
1353 3817 1534 3878 αὐτοῦ.
1613 3818 1711 3876 Διὰ
1797 3826 1952 3876 τοῦτο

310 3912 702 3980 ἀπελείσθησαν
763 3911 908 3985 αυτῷ
976 3911 1027 3967 αἱ
1085 3907 1248 3966 πύλαι
1306 3908 1404 3976 τῆς
1488 3906 1763 3986 βασιλείας
1846 3911 1952 3966 τῶν

309 4006 564 4080 οὐρανῶν,
615 4003 702 4057 καὶ
730 3999 940 4066 ἀπέστη
984 3998 1077 4055 ἀπ’
1117 3997 1278 4055 αὖτοῦ
1320 4004 1417 4054 τοῦ
1457 3998 1598 4054 θείου
1655 3998 1744 4054 καὶ
1804 4005 1947 4070 ζωο-

307 4115 464 4150 ποιου
523 4092 855 4168 Πνεύματος,
917 4089 1005 4145 καὶ
1062 4086 1311 4145 ἀπώλεσε
1369 4094 1466 4144 τοῦ
1519 4088 1802 4164 μαρτυρίου
1858 4090 1951 4145 τὸν

307 4179 514 4246 ἔνδοξον
570 4181 852 4255 στέφανον.
912 4178 1028 4255 Διὸ,
1068 4175 1337 4254 ἀγαπητοὶ
1368 4173 1610 4256 ἀδελφοὶ,
1645 4179 1734 4234 καὶ
1785 4178 1951 4252 ἡμεῖς

305 4269 749 4350 ἆσφαλισώμεθα,
803 4269 892 4324 καὶ
953 4265 1072 4322 λίαν
1149 4263 1500 4345 φυλαξώμεθα
1570 4264 1802 4330 ἑαυτοὺς⁹
1845 4269 1952 4324 ἀπὸ

306 4364 404 4427 τῆς
464 4357 777 4425 διαϐολικῆς
837 4356 1036 4422 ταύτης
1095 4353 1384 4434 ἐνεργείας,
1443 4356 1532 4411 καὶ
1590 4363 1721 4413 πᾶσι
1780 4355 1954 4414 πάντα

309 4449 778 4530 συγχωρῆσωμεν,
832 4447 929 4503 ἶνα
990 4446 1078 4500 καὶ
1129 4445 1266 4519 ἡμῖν
1297 4442 1483 4530 ἄφεσις
1527 4445 1749 4525 γένηται
1810 4449 1951 4525 παρὰ

2040 3105 2406 3185 septies,sed
2433 3107 2778 3187 septuagies
2801 3106 3023 3188 septies
3046 3108 3138 3170 8.»
3156 3107 3262 3169 Ille
3285 3115 3482 3170 autem
3502 3105 3686 3168 miser

2040 3211 2116 3253 ne
2141 3197 2327 3256 semel
2364 3195 2612 3274 quidem
2646 3195 2828 3256 voluit
2880 3196 3226 3258 condonare
3257 3195 3426 3259 fratri
3458 3213 3588 3265 suo,
3623 3202 3684 3256 et

2039 3282 2297 3346 maxime
2329 3286 2554 3365 petenti
2613 3285 2845 3347 veniam
2908 3294 2968 3347 et
2999 3285 3256 3365 roganti.
3293 3287 3366 3348 Et
3393 3284 3684 3347 Dominus

2037 3373 2283 3453 quidem
2311 3385 2520 3437 noster
2555 3385 2614 3437 et
2634 3378 2792 3439 Deus
2803 3375 2989 3454 jussnt
3011 3394 3084 3438 ex
3113 3377 3315 3438 animo
3341 3377 3684 3438 condonare

2039 3461 2456 3544 unicuique,et
2485 3466 2739 3527 dimisso
2763 3485 3040 3542 munere,
3071 3465 3230 3546 quod
3259 3465 3382 3527 Deo
3410 3473 3501 3528 est
3529 3465 3681 3526 offe-

2037 3553 2577 3626 rendum,currere
2598 3555 2669 3616 ad
2695 3555 3274 3617 reconciliationem.
3298 3555 3402 3618 llle
3433 3571 3574 3618 vero
3606 3570 3682 3614 ne

2038 3641 2289 3700 summis
2322 3641 2565 3720 quidem
2599 3641 2785 3703 labris
2809 3644 3172 3705 condonavit
3195 3650 3462 3720 ei,quem
3488 3642 3681 3721 paeni-

2037 3727 2225 3790 tebat:
2254 3747 2365 3790 nec
2390 3729 2451 3790 in
2476 3730 2744 3791 animum
2774 3730 3102 3805 induxit,ut
3134 3732 3188 3793 ei
3214 3738 3443 3810 roganti
3467 3730 3680 3792 remit-

2036 3825 2212 3899 teret;
2245 3817 2350 3880 sed
2383 3819 2598 3882 clausit
2618 3819 2850 3881 viscera
2867 3839 2974 3881 sua
2995 3839 3030 3881 a
3052 3820 3238 3882 fratre
3259 3827 3679 3902 suo,propter-

2035 3925 2106 3970 ea
2135 3909 2352 3971 clausa
2373 3919 2512 3971 sunt
2535 3908 2591 3972 ei
2614 3909 2774 3973 fores
2797 3909 2968 3989 regni
2992 3910 3313 3987 caelorum,
3341 3918 3401 3972 et
3429 3909 3681 3972 recessit

2032 3995 2108 4059 ab
2134 4017 2204 4061 eo
2229 3999 2416 4076 gratia
2441 4000 2627 4062 divini
2674 4008 2733 4061 et
2773 3998 3297 4080 viviﬁciSpiritus,
3332 4009 3390 4062 et
3419 3997 3682 4082 perdidit

2033 4105 2352 4168 magnam,
2380 4092 2732 4170 pretiosam,
2769 4102 2828 4152 et
2851 4090 3172 4170 gloriosam
3197 4109 3479 4153 coronam
3512 4106 3676 4150 mar-

2035 4177 2670 4259 tyrii.Quamobrem,o
2703 4179 3052 4252 dilecti,nos
3083 4199 3322 4261 quoque
3351 4180 3678 4259 diligenter

2033 4285 2353 4330 caveamus
2382 4269 2456 4330 ab
2488 4270 2599 4331 hac
2644 4268 2940 4332 diabolica
2993 4269 3366 4348 Operatione,
3399 4269 3548 4344 odii,
3577 4269 3677 4330 in-

2035 4367 2303 4439 quam,et
2333 4360 2572 4439 injuria:
2601 4369 2871 4439 accepta;
2900 4359 3416 4434 recordatione,ut
3448 4371 3680 4422 nostro-

2035 4467 2168 4510 rum
2195 4467 2436 4529 quoque
2463 4459 2840 4529 peccatorum
2893 4451 3072 4513 detur
3130 4450 3306 4513 nobis
3337 4448 3615 4512 remissio
3647 4468 3682 4511 a

309 4518 715 4597 meliust?»
737 4518 988 4616 έριστοῦ,
1021 4518 1279 4613 κατὰτὸ,
1314 4518 1510 4616 (Ἄφες
1539 4518 1678 4612 ημῖν
1708 4538 1775 4594 τὰ
1810 4518 1946 4618 dei:-

2037 4518 2290 4599 Domino
2321 4518 2478 4601 jesu'
2499 4538 2759 4615 Christo,
2787 4541 3222 4604 convenienter
3250 4541 3303 4602 ei
3329 4541 3490 4620 quod
3520 4539 3679 4602 dici-

310 4627 531 4705 λήματα
564 4631 718 4703 ἡμῶν
752 4642 767 4658 ⁸
805 4647 833 4687 ι
870 4626 1056 4688 πιστὸς
1089 4625 1188 4704 γὰρ
1219 4626 1247 4681 ὁ
1276 4625 1768 4706 ἐπαγγειλάμενος.

393 4895 503 4962 ΙΛ’.
555 4888 611 4956 Ὀ
654 4895 709 4953 δὲ
763 4897 1022 4974 μακάριος
1055 4898 1388 4978 Νικηφόρος,
1421 4897 1494 4961 ὡς
1554 4894 1696 4952 εἶδεν
1740 4897 1946 4974 Σαπρί-

310 5010 428 5046 κιον
490 4985 819 5068 παραϐάντα,
886 4986 1028 5065 λέγει
1085 4990 1219 5066 πρὸς
1274 4988 1395 5048 τοὺς
1473 4985 1695 5059 δημίους
1730 5004 1744 5020 ⁸
1805 4985 1950 5066 Ἐγὼ

312 5077 626 5157 Χριστιανός
685 5079 816 5154 εἶμι,
879 5079 967 5133 καὶ
1025 5079 1345 5151 πιστεύομαι
1402 5076 1475 5139 είς
1521 5076 1580 5130 τὸ
1625 5075 1794 5151 ὄνομα
1857 5084 1950 5133 τοῦ

310 5169 496 5247 Κυρίου
557 5169 710 5244 ἡμῶν
774 5167 957 5234 Ἰησοῦ
1001 5173 1249 5244 Χριστοῦ,
1327 5164 1386 5219 ὃν
1444 5163 1594 5228 οὗτος
1652 5165 1942 5243 ἠρνήσατο.

303 5257 440 5334 Ἐμὲ
484 5257 575 5315 οὖν
629 5257 910 5336 κρούσατε.
967 5255 1200 5312 Ἐκεῖνοι
1252 5252 1307 5310 δὲ
1341 5256 1436 5312 οὐκ
1458 5251 1763 5327 ἐτόλμησαν
1795 5262 1950 5334 κροῦ-

306 5369 394 5404 σαι
439 5348 596 5405 αὖτδν
648 5346 769 5402 ἄνευ
827 5343 1123 5406 κελεύσεως
1167 5352 1260 5403 τοῦ
1290 5344 1583 5421 ἡγεμόνος.
1624 5342 1948 5417 Ἐθαύμαζον

308 5433 362 5491 δὲ
411 5435 560 5512 ὅμως
590 5437 813 5512 πάντες,
874 5431 960 5488 ὅτι
1005 5431 1174 5496 οὕτως
1224 5430 1536 5509 παρέδωκεν
1565 5432 1750 5488 ἑαυτὸν
1783 5435 1858 5498 εἰς
1891 5437 1951 5491 τὸ

312 5508 624 5584 αποθανεῖν.
676 5508 865 5602 Ἔλεγε
918 5521 1043 5602 γὰρ,
1076 5519 1158 5579 ὅτι
1211 5508 1529 5602 Χριστιανός
1583 5523 1692 5598 εἶμι
1749 5523 1842 5580 καί
1891 5526 1951 5582 οὔ

2035 4634 2129 4688 tur
2163 4644 2176 4690 :
2210 4627 2458 4690 Dimitte
2489 4626 2664 4689 nobis
2696 4627 2898 4690 debita
2930 4633 3326 4701 nostra,sicut
3355 4636 3410 4692 et
3436 4647 3548 4692 nos
3577 4629 3678 4691 di-

2031 4717 2334 4778 mittimus
2359 4717 2738 4780 debitoribus
2764 4719 3003 4782 nostris
3029 4719 3084 4781 9.
3133 4719 3361 4783 Fidelis
3390 4733 3482 4782 est
3513 4718 3673 4781 enim

2035 4805 2137 4886 qui
2174 4807 2471 4883 promisit.

2072 4893 2381 4958 XLBeatus
2398 4903 2594 4958 autem
2611 4895 2983 4978 Nicephorus
3001 4906 3313 4980 postquam
3335 4898 3679 4960 vidittrans-

2034 5003 2303 5063 gressum
2330 5003 2464 5048 esse
2489 4985 3097 5069 Sapricium,magna
3125 5005 3264 5051 voce
3285 4986 3430 5047 dicit
3453 4985 3677 5047 lictori-

2035 5073 2170 5138 bus:
2195 5073 2316 5154 Ego
2333 5092 2463 5136 sum
2492 5075 2887 5152 Christianus,
2925 5089 2987 5139 et
3010 5077 3194 5138 credo
3215 5077 3275 5136 in
3302 5093 3522 5136 nomen
3549 5073 3673 5137 Do-

2031 5164 2180 5226 mini
2203 5165 2392 5226 nostri
2413 5166 3010 5243 JesuChristi,quem
3035 5167 3150 5227 iste
3177 5163 3430 5243 negavit.
3449 5167 3541 5226 Me
3571 5183 3674 5226 er-

2030 5274 2104 5336 go
2127 5253 2253 5336 jam
2281 5273 2387 5336 pro
2411 5255 2541 5338 ipso
2567 5255 3047 5320 ferite.Lictores
3068 5271 3207 5316 vero
3238 5272 3356 5315 non
3380 5255 3511 5318 ausi
3535 5263 3674 5318 sunt

2031 5363 2167 5407 eum
2202 5344 2382 5407 ferire
2430 5344 2658 5426 absque
2702 5345 2877 5426 jussu
2935 5341 3212 5425 praesidis
3251 5359 3266 5405 :
3303 5341 3506 5405 mirati
3536 5352 3676 5406 sunt

2032 5443 2230 5496 autem
2289 5452 2525 5508 omnes,
2585 5433 2745 5515 quod
2805 5451 2872 5495 se
2902 5433 2985 5494 ita
3013 5431 3088 5494 ad
3122 5442 3376 5494 mortem
3409 5433 3674 5496 tradide-

2030 5523 2133 5586 rit.
2171 5522 2390 5586 Libera
2440 5521 2601 5586 enim
2656 5520 2940 5586 dicebat:
3002 5520 3148 5586 Sum
3178 5519 3577 5601 Christianus,
3614 5529 3675 5584 et

391 5666 422 5720 7
453 5667 658 5734 Matth.
689 5685 746 5746 ν,
778 5663 877 5730 25.
964 5666 997 5720 8
1023 5664 1228 5732 Matth.
1261 5681 1426 5746 "ut,
1460 5667 1561 5734 22.
1644 5665 1677 5718 9
1704 5666 1920 5741 Matih.
1951 5684 2034 5746 vt,
2069 5667 2165 5731 l3.
