4060 6206
407 265 561 335 1375

1667 271 1723 332 Μ
1729 269 1948 334 ENSIS
1988 269 2497 338 FEBRUARIUS.

3611 274 3763 344 {376

400 401 519 465 diis
549 400 763 466 vestris
793 420 913 465 non
943 401 1236 466 sacriﬁco.
1272 401 1436 467 Unus
1463 409 1661 465 autem
1691 420 1766 466 ex
1797 403 2032 468 lictori-

2132 410 2221 468 δύω
2246 423 2364 474 τοῖς
2396 413 2542 476 θεοῖς
2572 411 2741 486 ὑμῶν,
2797 410 2897 476 Εἷς
2927 409 2984 469 δέ
3014 433 3093 476 τις
3126 413 3232 468 τῶν
3256 408 3468 487 δημίων
3521 411 3765 490 δριμὼν,

405 492 518 556 bus
547 511 824 568 currens,
855 492 1221 556 renuntiavit.
1253 492 1516 574 praesidi,
1550 492 1765 555 dicens
1793 515 1806 557 :
1843 494 2042 574 Sapri-

399 583 530 645 cius
558 582 806 664 quidem
841 582 1158 663 pollicetur
1183 601 1249 645 se
1278 582 1394 644 diis
1425 582 1928 646 sacriﬁcaturum:
1951 597 2042 647 est.

405 690 546 736 vero
573 673 698 734 illic
716 672 955 753 quidam
979 672 1134 736 alius
1150 675 1249 755 qui
1283 672 1404 735 vult
1427 674 1574 735 mori
1609 682 1855 755 propter
1877 692 2040 756 eum,

403 765 506 841 qui
537 762 756 825 dicitur
801 761 1103 838 Christus,
1163 763 1430 826 clamans
1461 771 1522 824 et
1549 762 1762 826 dicens
1791 763 1984 827 libere
2024 785 2038 826 :

401 851 782 914 Christianus
813 871 968 928 sum,
1003 862 1063 915 et
1086 853 1203 914 diis
1232 852 1447 915 vestris
1471 871 1594 916 non
1621 854 2043 932 sacrilico,nec

407 940 625 1004 obedio
660 942 872 1005 edictis
903 943 1360 1024 imperatorum.

486 1030 936 1114 XlI.Postquam
956 1033 1085 1095 haec
1109 1041 1306 1094 autem
1336 1031 1523 1094 audiit
1554 1033 1869 1114 praeses,in
1903 1051 2042 1096 eum

407 1122 540 1185 tulit
567 1121 1192 1203 sententiam,dicens:
1220 1122 1284 1185 Si
1307 1141 1426 1184 non
1449 1122 1748 1185 sacriﬁcat
1779 1124 1893 1186 diis
1924 1125 2043 1186 im-

407 1212 783 1288 mortalibus,
819 1221 996 1294 prout
1044 1213 1362 1294 jusserunt
1409 1213 1830 1293 imperatores,
1857 1213 2050 1294 jubeo

403 1321 542 1365 eum
576 1303 728 1366 mori
773 1302 972 1381 gladio
1003 1324 1016 1361 :
1076 1302 1431 1384 Sapricium
1465 1321 1604 1366 vero
1633 1309 1819 1367 sinite
1848 1306 2046 1370 abire.

403 1392 570 1456 Tunc
587 1393 962 1475 accipientes
983 1391 1629 1475 S.Nicephorum,eum
1651 1395 1850 1476 capite
1881 1401 2047 1458 trun-

410 1492 718 1560 carunt,ut
749 1502 971 1565 praeses
996 1483 1281 1564 jusserat,
1311 1499 1474 1546 nono
1506 1485 1733 1546 mensis
1765 1483 2045 1548 Februa-

404 1574 490 1638 rii
519 1575 668 1656 (li):
707 1584 766 1637 et
799 1575 884 1636 sic
910 1585 1361 1636 consummatus
1392 1571 1501 1634 fuit
1532 1574 1599 1636 in
1635 1574 1884 1636 Christo
1917 1593 2047 1636 san-

404 1671 538 1726 ctus
568 1675 791 1744 martyr
817 1661 1040 1726 Christi
1095 1663 1473 1743 Nicephorus
1510 1679 1522 1724 :
1581 1671 1640 1724 et
1668 1662 1938 1726 ascendit
1986 1665 2044 1725 in

2125 499 2421 578 ἀπήγγειλε
2473 506 2550 574 τῷ
2600 501 2826 578 ἡγεμόνι
2869 501 3042 581 λέγων
3079 521 3094 538 ⁸
3129 501 3257 561 ’Ότι
3285 505 3314 558 6
3345 503 3445 580 μὲν
3479 505 3767 583 Σαπρίκιος

2125 590 2398 671 ὑπέσχετο
2440 591 2579 648 θύειν
2621 605 2741 656 τοῖς
2772 596 2938 673 θεοῖς,
2986 590 3152 656 ἄλλος
3201 590 3258 648 δέ
3279 595 3422 651 iam
3454 593 3574 651 ἆιιεῖ
3599 593 3768 653 θέλων

2125 679 2414 737 ἀποθανεῖν
2472 679 2540 737 δι’
2602 683 2817 740 ὲκεῐνον
2859 682 2953 740 τὸν
3005 682 3299 760 Λεγόμενον
3347 684 3603 761 Χριστὸν,
3630 685 3770 762 κρά-

2125 777 2229 841 ζων
2287 772 2376 828 καὶ
2435 770 2610 848 λέγων
2653 771 2921 851 παρῤησίᾴ
2955 789 2968 804 ⁶
3020 772 3334 852 Χριστιανός
3385 775 3520 850 εἰμι,
3579 777 3670 832 καὶ
3711 777 3772 834 οὗ

2124 860 2232 916 θύω
2273 873 2392 925 τοῖς
2421 865 2565 927 θεοῖς
2605 863 2780 942 ὑμῶν,
2812 862 2926 920 οὒδέ
2961 875 3078 928 τοῖς
3109 863 3482 942 προστάγμασι
3511 871 3619 924 τῶν
3665 867 3770 944 ﬁ:-

2127 971 2178 1006 σι
2190 949 2320 1007 λέων
2349 953 2496 1025 ὑμῶν
2521 953 2798 1016 ὑπακούω.

2211 1029 2317 1100 ω’.
2381 1031 2472 1107 Ὠς
2514 1039 2571 1098 δὲ
2620 1049 2785 1099 ταῦτα
2837 1041 3063 1110 ἥκουσιν
3121 1044 3150 1100 6
3181 1043 3422 1121 ἢγεμὼν,
3454 1043 3776 1126 ἀπεφήνατο

2131 1129 2250 1186 κατ’
2311 1129 2471 1188 αὑτοῦ
2540 1131 2714 1211 λέγων
2750 1150 2764 1164 ⁶
2797 1131 2929 1188 Ἐὰν
2960 1147 3075 1198 τοῖς
3119 1137 3266 1199 θεοῖς
3299 1133 3357 1191 οὗ
3387 1135 3487 1212 θύῃ
3517 1137 3656 1192 κατὰ
3706 1137 3773 1194 τὰ

2129 1219 2519 1298 προστάγματα
2577 1226 2680 1278 τῶν
2738 1219 3029 1303 βασιλέων³
3087 1219 3174 1279 διὰ
3243 1221 3420 1303 ξίφους
3476 1223 3722 1303 ἀποθάνῃ
3752 1241 3769 1258 ⁸

2130 1307 2223 1364 καί
2283 1308 2602 1374 ἀπελθόντες
2649 1309 3050 1390 ἀπεκεφάλισαν
3108 1313 3200 1368 τὸν
3257 1311 3410 1391 ἅγιον
3467 1315 3772 1395 Νικηφόρον

2129 1398 2268 1455 κατὰ
2305 1399 2405 1466 τὴν
2437 1398 2676 1457 κέλευσιν
2709 1405 2800 1456 τοῦ
2828 1401 3121 1477 ἡγεμόνος.
3160 1400 3266 1460 Καὶ
3317 1400 3483 1467 οὕτως
3515 1402 3772 1462 ἐτελειῶ-

2129 1491 2196 1555 θη
2243 1490 2269 1544 6
2321 1488 2470 1566 ἅγιος
2524 1491 2851 1570 Νικηφόρος,
2891 1493 2974 1548 καὶ
3030 1493 3349 1571 στεφανίτης
3407 1493 3635 1562 ἀνῆλθιν
3696 1497 3772 1560 εἰς

2130 1579 2404 1656 οὑρκνοὺς,
2467 1577 2551 1636 διὰ
2596 1579 2824 1644 πίστεως
2883 1586 2981 1648 τῆς
3016 1582 3089 1646 εἷς
3123 1583 3347 1659 Χριστὸν
3408 1584 3495 1639 διιῖ
3524 1585 3775 1658 ὁμονοίας

2130 1669 2220 1724 καὶ
2277 1669 2786 1748 ταπεινοφροσύνης.
2819 1669 3047 1738 Ἐπειδὴ
3101 1673 3200 1748 γὰρ
3245 1673 3376 1750 πρὸς
3408 1673 3510 1740 τὴν
3554 1673 3775 1753 ἀγάπην

407 1753 590 1818 caelos
619 1762 965 1828 coronatus,
1000 1771 1108 1833 per
1157 1753 1335 1814 ﬁdem
1393 1753 1450 1812 in
1483 1751 1809 1842 Christum,
1845 1754 2044 1815 chari-

2132 1757 2421 1825 ὑποκλινὴς
2465 1759 2674 1838 γέγονε,
2733 1757 2820 1816 διὰ
2859 1763 3016 1818 τοῦτο
3069 1763 3161 1818 τὸν
3192 1767 3284 1818 τοῦ
3315 1751 3615 1842 μαρτυρίου
3643 1763 3775 1821 στί-

403 1851 707 1925 tatemque
739 1851 797 1904 et
827 1842 1556 1916 humilitatem.Quoniam
1592 1840 1749 1902 enim
1777 1859 2045 1924 propen-

408 1951 511 1995 sus
545 1932 655 1994 fuit
683 1931 756 1995 ad
787 1931 1140 1995 cbaritatem
1202 1939 1262 1992 et
1313 1930 1738 2006 humilitatem,
1774 1931 1910 1994 ideo
1942 1933 2050 1996 fuit

404 2022 724 2086 redimitus
752 2040 979 2085 corona
1011 2020 1369 2103 martyrii,et
1399 2019 1680 2100 dignatus
1714 2030 1802 2083 est
1831 2023 2047 2086 referri

403 2113 465 2174 in
498 2130 813 2174 numerum
869 2118 1224 2190 martyrum,
1279 2109 1352 2172 ad
1400 2110 1638 2172 laudem
1694 2120 1749 2170 et
1794 2111 2047 2192 gloriam

399 2203 597 2284 magni
627 2201 733 2266 Dei
766 2209 824 2265 et
855 2199 1193 2264 Servatoris
1241 2201 1428 2262 nostri
1459 2202 1598 2262 Jesu
1635 2199 1854 2263 Christi
1891 2203 2042 2283 (12),

2129 1871 2296 1928 tp'zvov
2329 1845 2624 1916 ἀνεδήσατο
2660 1854 2896 1915 καὶτοῖς
2941 1850 3111 1929 ἁγίοις
3159 1852 3383 1929 μάρτυσι
3438 1857 3778 1933 συναριθμη-

2129 1941 2283 2010 θῆναι
2314 1939 2646 2020 κατηξιώθη,
2695 1942 2768 2006 εἷς
2825 1940 3046 1997 ἔπαινον
3105 1938 3260 2008 δόξης
3293 1942 3394 2006 τῆς
3443 1942 3778 2019 μεγαλωσύ-

2132 2051 2228 2094 νης
2259 2028 2344 2084 καὶ
2389 2029 2614 2108 χάριτος
2668 2038 2759 2087 τοῦ
2813 2030 3000 2107 Κυρίου
3044 2031 3131 2086 καὶ
3175 2036 3308 2086 Θεοό
3365 2033 3464 2088 καί
3518 2037 3776 2113 Σωτῆρος

2131 2119 2287 2192 ἡμῶν
2346 2115 2526 2184 ἰησοῦ
2586 2125 2838 2196 Χριστοῦ,
2885 2117 3000 2194 μεθ’
3034 2119 3092 2176 οὗ
3122 2125 3197 2194 τῷ
3230 2122 3396 2197 Πατρί
3423 2118 3570 2196 δόξα,
3635 2123 3776 2201 χρά-

2129 2229 2246 2279 τος,
2279 2208 2440 2288 τιμὴ,
2464 2214 2551 2263 νῦν
2583 2211 2669 2265 καὶ
2701 2209 2779 2266 ἆεὶ
2805 2210 2895 2266 καὶ
2927 2211 3000 2273 εἰς
3031 2209 3154 2276 τοὺς
3181 2210 3376 2276 αἰῶνας
3406 2217 3515 2268 τῶν
3540 2213 3778 2278 αἰώνων,

393 2292 490 2357 cui
521 2291 710 2373 gloria
742 2300 801 2354 et
834 2291 1100 2373 potentia
1152 2289 1283 2372 (13)
1339 2309 1498 2353 nunc
1531 2298 1589 2353 et
1625 2309 1869 2372 semper
1901 2301 1959 2356 et
1987 2295 2046 2355 in

400 2382 617 2447 saecula
649 2381 1034 2446 saeculorum.
1068 2381 1283 2445 Amen.

2127 2296 2328 2372 Ἀμήν.

478 2551 790 2626 (lt)i)_eest
829 2551 890 2610 in
909 2559 1175 2626 utroque
1213 2566 1321 2626 ms.
1357 2550 1482 2626 dies
1514 2550 1726 2608 obitus.

478 2554 790 2626 (lt)Deest
829 2554 890 2610 in
927 2559 1175 2622 utroque
1213 2566 1321 2608 ms.
1357 2554 1482 2607 dies
1514 2554 1726 2608 obitus.
2130 2554 2325 2627 gratiae
2359 2554 2591 2613 Domini
2623 2563 2676 2612 et
2707 2555 2832 2614 Dei.
2879 2576 2901 2608 ι

468 2623 587 2697 (12)
618 2624 720 2682 Ms.
775 2645 797 2676 α
858 2622 930 2681 ad
966 2623 1197 2682 laudem
1235 2623 1450 2697 gloriae,
1501 2623 1948 2696 magniﬁcentiae
1991 2633 2044 2683 et
2200 2625 2318 2697 (l3)
2359 2626 2460 2683 Ms.
2499 2647 2525 2678 α
2558 2626 2770 2697 gloria,
2811 2636 2901 2697 pot

2200 2625 2318 2698 (t3)
2359 2626 2460 2683 Ms.
2499 2647 2525 2678 ‹
2558 2626 2770 2701 gloria,
2811 2626 3069 2700 potentia
3098 2633 3153 2686 et
3187 2625 3397 2688 honor.

501 2936 754 3085 DE
918 2938 1055 3082 S-
1203 2939 2211 3086 AUXENTIO
2359 2941 3664 3124 PRESBYTERO,

1490 3207 2114 3274 ARCHIMANDRITA
2167 3208 2243 3274 IN
2305 3209 2687 3276 BITHYNIA.

967 3384 1133 3456 (Circa
1163 3401 1360 3445 annum
1393 3386 1518 3459 L70,
1548 3385 1817 3446 Februarii
1847 3389 1928 3447 die
1959 3390 2049 3447 ib.
2079 3420 2150 3430 —
2177 3388 2321 3454 Acta
2350 3386 2448 3447 SS.
2481 3388 2730 3448 Bolland.
2765 3389 2828 3448 ad
2865 3390 3002 3449 hanc
3029 3388 3212 3461 diem.)

483 3669 543 3732 1.
575 3669 941 3734 Auxentium
976 3669 1299 3735 Orientalis
1331 3675 1503 3754 plaga
1533 3682 1736 3737 natum
1782 3674 2043 3755 suscepit
2077 3673 2493 3754 educavitque,
2524 3671 2658 3734 aula
2689 3671 2952 3735 .lunioris
2995 3669 3322 3735 Theodosii
3351 3668 3788 3734 Constantino-

405 3759 665 3842 politana
692 3761 852 3824 inter
883 3760 1107 3825 milites
1155 3763 1343 3825 virum
1375 3766 1664 3844 suspexit,
1697 3764 1916 3824 virtute
1945 3773 2241 3838 ornatum,
2273 3772 2453 3842 atque
2501 3761 2575 3822 ad
2609 3760 2966 3825 miraculum
3001 3759 3374 3826 daamonibus
3400 3759 3736 3822 terribilem
3763 3777 3780 3835 ;

403 3850 664 3930 denique
710 3850 1241 3914 archimandritam
1278 3852 1485 3916 habuit
1534 3853 1805 3934 Bithynia
1837 3853 2338 3933 thaumaturgum,
2368 3870 2435 3914 ac
2481 3860 2611 3932 post
2657 3851 2862 3930 plures
2891 3853 3071 3914 variis
3119 3853 3178 3913 in
3211 3849 3358 3913 locis
3407 3849 3785 3912 exantlantos

401 3939 646 4003 labores
673 3939 826 4002 ctelo
857 3942 1209 4015 transmisit,
1244 3941 1347 4002 ubi
1378 3942 1666 4023 deinceps
1693 3942 2074 4022 experiretur
2103 3952 2445 4024 patronum.
2471 3939 2617 4014 Quae
2647 3941 2724 4002 de
2753 3959 2824 4003 eo
2843 3949 3165 4004 narrantur
3191 3937 3348 4021 apud
3380 3940 3780 4003 Sozomenum

404 4029 508 4093 lib.
543 4029 709 4092 Hist.
744 4029 890 4092 ccci.
923 4048 1056 4110 cap.
1090 4030 1192 4106 2t,
1229 4031 1500 4093 indicant
1529 4031 1878 4112 progeniem
1910 4031 2042 4112 ejus
2075 4051 2144 4095 ac
2175 4030 2472 4095 militiam.
2512 4029 2721 4093 Relata
2751 4049 3011 4112 namque
3041 4029 3390 4093 inventione
3418 4047 3490 4090 ac
3515 4027 3782 4090 transla-

399 4120 568 4182 tione
595 4118 808 4200 capitis
837 4118 900 4182 S.
933 4118 1180 4182 Joannis
1211 4119 1514 4201 Baptistae,
1549 4122 1698 4183 facta
1729 4121 1838 4183 sub
1871 4121 2205 4185 Theodosio
2235 4121 2467 4200 Magno,
2494 4119 2720 4182 dicitur
2752 4145 2779 4176 ε
2815 4119 3166 4182 Vincentius
3197 4117 3512 4200 presbyter
3542 4121 3779 4180 natione

400 4207 601 4288 Persa,
638 4227 774 4271 cum
808 4217 1076 4290 tempore
1105 4211 1408 4272 Constanti
1442 4211 1826 4291 imperatoris
1872 4212 2211 4290 persecutio
2246 4212 2306 4272 in
2344 4209 2594 4274 Perside
2623 4209 2996 4272 Christianos
3025 4209 3340 4289 aﬁligeret,
3372 4206 3612 4287 fugiens
3661 4224 3780 4269 una

400 4316 535 4360 cum
567 4297 741 4360 Adda
770 4298 1132 4360 consobrino
1164 4317 1271 4362 suo
1302 4302 1376 4362 ad
1421 4299 1722 4362 Romanos
1752 4301 1987 4362 venisse
2025 4323 2039 4365 :
2091 4310 2267 4382 atque
2298 4301 2430 4380 ipse
2461 4299 2708 4380 quidem
2742 4302 2802 4360 in
2833 4299 3065 4362 clerum
3095 4305 3440 4380 assumptus
3468 4304 3582 4370 est,
3617 4303 3677 4358 et
3703 4293 3781 4358 ad

401 4385 756 4468 presbyterii
801 4388 1152 4465 dignitatem
1189 4389 1480 4468 pervenit.
1535 4389 1736 4452 Addas
1766 4397 1961 4451 autem
1996 4409 2182 4452 uxore
2212 4390 2388 4452 ducta
2420 4389 2744 4470 plurimum
2778 4389 2998 4469 profuit
3024 4387 3328 4462 Ecclesia),
3361 4395 3420 4448 et
3450 4385 3639 4448 ﬁlium
3675 4403 3782 4449 re-

403 4476 582 4556 liquit
637 4477 1024 4551 Auxentium,
1085 4484 1279 4541 virum
1315 4497 1454 4558 erga
1487 4478 1673 4540 Deum
1710 4479 1849 4552 ﬁde,
1877 4497 2012 4558 erga
2047 4480 2273 4542 amicos
2298 4477 2777 4560 promptitudine
2809 4477 3133 4556 insignem,
3167 4477 3285 4538 vita
3314 4475 3641 4554 integrum,
3676 4474 3782 4536 lit-

401 4573 659 4626 terarum
691 4575 1036 4639 amatorem,
1071 4576 1129 4629 et
1158 4567 1478 4647 omnigena
1511 4577 1636 4630 tum
1687 4567 2026 4646 gentilium,
2065 4578 2186 4629 tum
2219 4567 2770 4631 ecclesiasticarum
2801 4568 3156 4648 scriptorum
3189 4564 3534 4629 eruditione
3563 4562 3783 4645 pradi-

404 4663 553 4727 tum,
589 4655 856 4717 moribus
911 4657 1271 4731 commodis,
1306 4657 1444 4720 licet
1496 4658 1846 4736 imperatori
1892 4667 1950 4720 et
1998 4657 2212 4719 aulicis
2242 4657 2555 4719 familiaris
2605 4664 2787 4729 esset,
2820 4665 2878 4718 et
2921 4657 2983 4718 in
3015 4655 3250 4718 bellicis
3297 4651 3783 4733 expeditionibus

401 4742 718 4824 splendide
747 4762 813 4806 se
854 4745 1136 4822 gessisset
1167 4767 1180 4809 :
1216 4765 1419 4808 verum
1454 4746 1613 4808 illius
1647 4748 1886 4827 quidem
1907 4748 2117 4810 crebra
2150 4746 2374 4808 mentio
2406 4753 2496 4806 est
2527 4753 2646 4806 tum
2681 4745 2838 4824 apud
2875 4743 3330 4824 probatissimos
3358 4759 3633 4823 quosque
3655 4759 3783 4804 m0-

403 4833 647 4907 nachos,
685 4842 805 4894 tum
837 4833 992 4914 apud
1046 4834 1320 4897 homines
1352 4835 1671 4904 studiosos,
1705 4840 1804 4917 qui
1858 4838 1990 4916 ejus
2020 4837 2298 4898 virtutem
2331 4835 2562 4914 experti
2599 4843 2756 4896 sunt.
2786 4859 2812 4889 ιι
2849 4833 2989 4896 Haec
3021 4832 3408 4905 Sozomenus,
3443 4831 3547 4913 qui
3584 4830 3785 4894 Theo-

401 4921 569 4984 dosio
599 4923 831 4983 Juniori
865 4941 1034 4984 suam
1087 4923 1397 4986 historiam
1432 4925 1758 5006 inscripsit,
1795 4945 1970 5007 quam
2023 4924 2134 4987 sub
2169 4926 2392 4986 calcem
2425 4923 2822 4984 dedicationis
2853 4923 3071 4986 asserit
3117 4940 3184 4984 se
3214 4921 3288 4984 ad
3318 4938 3438 4985 xxu
3468 4921 3599 4998 ejus
3629 4939 3786 4982 con-

399 5011 681 5086 sulatum,
715 5011 774 5074 id
809 5020 900 5073 est
947 5031 1169 5074 annum
1202 5014 1344 5087 439,
1380 5013 1732 5094 perduxisse
1763 5033 1778 5078 :
1827 5034 1895 5078 ac
1927 5013 2271 5078 necessario
2305 5023 2442 5076 ante
2496 5013 2627 5093 ejus
2658 5011 2911 5086 obitum.
2947 5015 3072 5076 sive
3103 5029 3324 5073 annum
3356 5011 3475 5073 450
3502 5009 3781 5084 absolvit,

401 5101 638 5182 quando
657 5103 781 5178 jam
835 5100 1346 5183 Constantinopoli
1380 5101 1442 5166 S.
1477 5103 1815 5166 Auxentius
1847 5113 2181 5167 secesserat
2207 5101 2571 5183 Bithyniam.
2609 5100 2696 5163 De
2725 5102 2854 5179 ejus
2886 5099 3287 5164 familiaritate
3333 5118 3469 5162 cum
3499 5097 3565 5163 S.
3618 5098 3786 5161 Mar-

399 5189 574 5252 ciano
621 5191 877 5272 aliisque
908 5191 1049 5254 viris
1091 5191 1377 5255 studiosis
1406 5193 1598 5268 agitur
1656 5192 1812 5255 infra
1843 5195 1904 5256 in
1937 5195 2116 5273 hujus
2147 5192 2281 5254 Vita
2333 5210 2496 5266 num,
2531 5190 2594 5265 2,
2627 5189 2730 5252 ubi
2765 5199 2972 5253 auctor
3016 5190 3231 5254 eodem
3263 5207 3379 5271 quo
3410 5189 3785 5252 Soaomenus

400 5278 683 5360 loquendi
709 5297 935 5358 genere
967 5299 1132 5357 usus,
1167 5283 1304 5362 ejus
1338 5282 1664 5344 familiares
1694 5284 1869 5346 etiam
1904 5284 2044 5360 ἄνδρε

2132 5281 2436 5346 τπουδαιους
2466 5280 2752 5361 appellat.

479 5368 539 5430 2.
570 5369 717 5433 Acta
733 5372 796 5433 S.
821 5370 1104 5434 Auxentii
1128 5390 1339 5451 magno
1356 5371 1577 5452 judicis
1609 5372 1839 5453 scripta
1860 5371 1933 5436 ab
1961 5381 2210 5437 auctore
2241 5389 2462 5444 comvo,
2487 5370 2586 5450 qui
2617 5387 2786 5432 suam
2813 5367 3041 5432 indicat
3061 5367 3480 5442 zetatem,dum
3512 5385 3548 5430 a
3568 5366 3788 5445 Sergio

401 5455 696 5538 discipulo
719 5460 874 5539 ejus,
899 5477 1078 5540 quem
1102 5461 1190 5523 illi
1217 5469 1274 5524 et
1295 5461 1357 5522 in
1375 5479 1600 5541 genere
1630 5463 1764 5524 vitae
1784 5463 1924 5524 etin
1955 5471 2126 5526 antro
2157 5459 2529 5524 successisse
2554 5458 2839 5533 diximus,
2862 5477 3028 5521 num.
3056 5459 3131 5524 58
3157 5477 3224 5520 se
3244 5458 3445 5540 aliqua
3472 5458 3788 5538 accepisse

401 5555 678 5610 testatur.
712 5552 876 5612 Οὗτος
911 5551 1034 5629 γὰρ,
1071 5549 1286 5632 inquit,
1320 5552 1474 5614 οὗτος
1505 5554 1533 5608 6
1559 5555 1676 5629 περὶ
1709 5553 1898 5612 τούτου
1924 5556 2067 5628 ἡμᾶς
2098 5552 2485 5631 ιιτοιχειιιῖκιςις⁹
2518 5555 2587 5626 τῇ
2616 5548 2834 5626 γλώττῃ
2865 5549 2966 5624 μὲν
2992 5546 3255 5629 βάρϐαρος
3289 5549 3556 5628 δπῆρχεν,
3592 5547 3654 5604 ἐκ
3681 5547 3789 5624 τῆς

403 5640 604 5707 Μυσίας
663 5637 1002 5728 ὁρμώμενος,
1036 5646 1104 5720 τῇ
1147 5641 1340 5720 γνώμῃ
1372 5638 1425 5699 δὲ
1490 5641 1818 5724 πάνσεμνος⁸
1852 5645 1923 5709 ὡς
1977 5645 2374 5725 προσκαρτερίῳ
2419 5649 2495 5718 τῷ
2540 5640 2785 5722 μακαρίῴ
2829 5641 3194 5719 Λῦξεντίῳη..
3239 5642 3333 5700 καὶ
3380 5639 3517 5720 μετά
3545 5641 3647 5710 τὴν
3691 5648 3790 5700 τοῦ
