4060 6206
310 295 461 372 13Ἰ7
1617 298 1806 370 VITA
1852 304 1912 368 S.
1957 296 2362 370 AUXENTII.
3531 298 3682 370 1378

303 440 564 520 μακαρίου
586 442 842 516 κοίμησιν
875 441 968 497 σὺν
989 446 1067 514 τῷ
1095 442 1276 520 τρόπῴ
1311 443 1397 498 καὶ
1425 441 1526 508 τὴν
1557 439 1952 514 διαδεξάμενος,
1995 463 2018 498 (ι

2046 441 2154 504 llle
2183 444 2368 518 enim,
2398 441 2499 519 qui
2534 460 2644 504 nos
2675 440 2750 504 de
2777 439 2894 503 hoc
2928 439 3234 518 instruxit,
3270 449 3402 505 erat
3435 441 3681 520 quidem

298 530 506 609 lingua
536 530 848 606 barbarus,
883 538 948 593 ut
993 530 1098 606 qui
1132 539 1296 592 ortus
1329 535 1490 591 esset
1519 545 1590 590 ex
1624 528 1827 609 Mysia,
1866 539 2063 593 mente
2092 540 2292 593 autem
2339 531 2823 606 honestissimus,
2859 531 2960 612 qui
2995 533 3578 613 perseveravitapud
3609 532 3680 594 B.

298 620 768 684 Auxentium.-.
811 627 871 681 et
899 627 1208 701 postquam
1239 618 1449 682 beatus
1492 616 2023 694 obdormivit,cum
2055 619 2320 684 moribus
2352 621 2413 682 in
2446 621 2579 683 loco
2612 639 2854 702 quoque
2885 623 3197 686 successit.
3233 647 3261 678 ι
3293 624 3460 684 Hanc
3484 621 3683 686 Vitam

301 708 514 770 damus
542 727 611 771 ex
641 711 886 790 antiquo
917 709 1127 773 codice
1158 707 1284 772 MS.
1315 707 1696 769 bibliotheca:
1746 716 1908 788 regis
1938 707 2454 786 Christianissimi,
2489 711 2762 772 collatam
2797 729 2932 772 cum
2967 711 3463 792 interpretatione
3515 710 3682 775 Gen-

303 798 448 862 tiani
477 798 741 875 Herveti,
773 817 950 879 quam
982 797 1232 861 edidere
1262 797 1543 878 Aloysius
1597 797 1962 878 Lipomanus
1993 808 2049 860 et
2084 799 2442 861 Laurentius
2486 799 2718 874 Surius,
2755 818 2826 861 ex
2855 800 3212 862 collectione
3239 798 3680 880 Metapbrastse,

300 891 404 969 qui
434 885 622 949 Vitam
657 888 832 964 hanc,
868 895 1072 968 utpote
1103 893 1381 949 accurate
1411 886 1721 966 scriptam,
1758 888 1882 950 fere
1908 887 2226 950 inctactam
2260 890 2524 970 reliquit,
2560 890 2830 970 pauculis
2862 889 3002 951 hinc
3034 890 3174 952 inde
3205 900 3304 951 aut
3335 889 3554 952 additis
3583 900 3684 956 aut

301 977 651 1057 immutatis,
679 977 797 1038 nisi
829 978 957 1040 haec
991 978 1176 1040 variis
1206 975 1682 1039 amanuensibus
1710 977 1832 1038 sint
1862 978 2270 1042 attribuenda.

382 1067 444 1131 3.
481 1064 752 1130 Meminit
792 1067 1068 1148 ejusdem
1100 1066 1290 1130 sancti
1341 1064 1716 1146 Nicephorus
1768 1066 2069 1142 Callistus,
2105 1068 2212 1132 lib.
2267 1085 2390 1149 xw,
2427 1071 2585 1132 Hist.
2619 1067 2763 1130 θοοὶ.
2817 1087 2951 1148 cap.
2985 1069 3064 1131 52
3099 1088 3112 1131 :
3168 1091 3190 1126 α
3230 1068 3456 1132 Eodem
3505 1069 3683 1132 etiam

303 1161 576 1236 tempore
625 1157 856 1238 inquit,
904 1156 1136 1219 virtutis
1193 1155 1590 1218 incrementis
1645 1155 1820 1235 longe
1865 1159 2159 1236 processit
2208 1158 2646 1222 celeberrimus
2696 1157 2799 1220 ille
2861 1159 3191 1222 monachus
3239 1159 3573 1222 Auxentius
3622 1159 3685 1221 iu

304 1254 510 1308 monte
537 1245 826 1326 Bithyniae
857 1265 952 1324 eo,
987 1247 1089 1328 qui
1123 1264 1193 1308 ex
1240 1244 1497 1307 adverso
1537 1247 2094 1327 Constantinopolis
2138 1249 2307 1323 situs,
2343 1267 2553 1310 omnes
2584 1248 2741 1310 circa
2771 1247 2957 1309 colles
3001 1248 3315 1310 altitudine
3345 1258 3614 1330 superat.
3652 1273 3676 1307 ι

300 1333 440 1397 Ηωο
484 1334 880 1416 Nicephorus,
912 1335 1012 1416 qui
1044 1354 1180 1398 cum
1234 1334 1568 1398 Sozomeno
1601 1333 1676 1395 ad
1735 1343 2005 1416 tempora
2035 1337 2363 1400 Theodosii
2416 1337 2681 1400 Junioris
2713 1357 2783 1400 ea
2825 1338 3035 1412 refert,
3071 1347 3203 1418 post
3250 1338 3424 1416 cujus
3453 1337 3684 1401 obitum

300 1423 596 1504 superfuit
642 1423 754 1487 sub
812 1425 1070 1504 imperio
1119 1423 1402 1487 Marciani
1455 1431 1512 1485 et
1563 1423 1783 1486 Leonis
1825 1424 2259 1506 imperatorum
2308 1430 2378 1490 ad
2437 1446 2656 1489 annum
2703 1427 2949 1493 circiter
2996 1426 3136 1490 470.
3202 1429 3268 1492 In
3299 1427 3466 1490 Actis
3524 1427 3685 1509 apud

297 1511 738 1595 M-etaphrasten
770 1515 1024 1578 traditur
1055 1513 1280 1578 abiisse
1312 1514 1421 1576 sub
1453 1512 1713 1594 Imperio
1742 1513 2020 1594 Zenonis,
2045 1518 2151 1580 sed
2181 1519 2311 1600 ejus
2341 1518 2471 1580 loco
2495 1517 2756 1582 Leonem
2791 1515 3012 1580 habent
3043 1519 3193 1578 Acta
3212 1514 3439 1595 Graeca,
3466 1517 3686 1599 quibus

296 1619 398 1665 1181
425 1621 655 1666 sumus.

1093 1935 1500 2066 ΒΙΟΣ
1607 1936 1912 2065 ΚΑΙ
2020 1937 2901 2068 ΠΟΛΙΤΕΙΑ

1769 2128 1882 2177 ΚΑΙ
1932 2125 2234 2177 ΛΣΚΗΣΙΣ

561 2240 787 2329 ΤΟΥ
852 2244 1490 2330 ΑΓΙΩΤΑΤΟΥ
1558 2246 1743 2329 ΚΑΙ
1816 2245 2691 2332 ΜΑΚΑΡΙΣΤΑΤΟΥ
2752 2246 3431 2336 ΑΥΞΕΝΤΙΟΥ.

1164 2653 1493 2770 VITA
1583 2655 1760 2767 ET
1848 2654 2832 2767 CONVERSATIO

1669 2869 1764 2932 ET
1806 2867 2318 2936 EXERCITATIO

860 3047 1562 3140 SANCTISSIMI
1631 3056 1766 3140 ET
1850 3053 2480 3138 BEATISSIMI
2547 3053 3117 3140 AUXENTII.

553 3233 757 3307 (Graca
796 3249 932 3293 nunc
963 3235 1184 3306 primum
1214 3237 1349 3312 typis
1393 3239 1700 3297 mandantur
1729 3255 1792 3297 ex
1822 3240 1936 3298 cod.
1970 3254 2068 3296 ms.
2103 3237 2236 3310 Reg.
2285 3237 2457 3296 Paris.
2491 3256 2545 3298 n.
2579 3237 2736 3296 M52.
2783 3253 2904 3296 saec.
2940 3254 2992 3296 χ.
3028 3238 3182 3297 Eutr.
3228 3238 3430 3313 Pun.)

1704 3566 1944 3632 CAPUT
1995 3566 2291 3631 PRIMUM

788 3725 922 3788 Vita
953 3725 1022 3788 S.
1058 3727 1357 3789 Auxentii
1401 3727 1933 3807 Constantinopoli
1964 3733 2118 3790 acta.
2168 3727 2432 3791 Virtutes
2475 3729 2635 3788 inter
2663 3743 2848 3808 opera
2879 3728 3202 3790 militaria.

391 3834 476 3907 A‘.
528 3850 644 3903 Τῶν
695 3842 1064 3924 ἀρχαιοτέρων
1108 3842 1355 3921 Πατέρων
1399 3844 1570 3923 ἔργοις
1630 3845 1718 3902 καὶ
1757 3843 2001 3924 ὶόγοιςᾼ

2105 3844 2303 3909 I.Cum
2335 3844 2566 3926 antiqui
2595 3844 2802 3907 Patres
2845 3853 2904 3907 et
2942 3844 3109 3907 factis
3125 3851 3184 3906 et
3204 3843 3404 3908 verbis
3437 3845 3665 3908 fuerint

305 3935 716 4013 διαπρεψάντων
773 3935 862 3991 καὶ
918 3931 1195 4013 διαφόροις
1252 3935 1583 4014 σῦντάγμασι
1628 3939 1734 3991 τῶν
1779 3935 1834 3991 ἐν
1875 3945 1953 4009 τῷ

2036 3933 2326 4013 insignes,
2353 3944 2410 3996 et
2432 3935 2682 3996 diversis
2712 3935 2994 4013 operibus
3027 3953 3235 3996 eorum
3269 3936 3368 4016 qui
3398 3936 3461 3998 in
3492 3937 3664 4000 vinea

309 4031 488 4098 νοητῷ
545 4023 828 4100 ἀμπελῶνι
888 4023 1000 4100 ἅμα
1053 4028 1202 4103 πρωῒ
1273 4027 1362 4082 καὶ
1403 4025 1584 4104 τρίτην
1629 4024 1795 4107 ὥραν,
1855 4026 1950 4082 καῖ

2035 4044 2166 4106 quae
2193 4025 2525 4108 percipitur
2551 4023 2973 4105 intelligentia,
3009 4042 3183 4089 mane
3213 4025 3390 4087 simul
3421 4037 3484 4090 et
3513 4026 3660 4089 hora

307 4115 472 4182 ἕκτην
530 4113 672 4191 ὥραν
731 4115 967 4194 ὁμοίως,
998 4116 1088 4170 καὶ
1141 4113 1362 4182 ἐννᾶτην
1407 4115 1751 4182 κεκληκότων
1786 4116 1950 4195 ἁγίων

2034 4117 2207 4176 tertia
2238 4124 2297 4178 et
2321 4125 2487 4178 sexta
2518 4113 2798 4176 similiter
2829 4122 2888 4176 et
2934 4133 3091 4176 nona
3122 4116 3312 4177 vocati
3342 4123 3504 4191 sunt,
3533 4134 3668 4179 san-

307 4206 398 4264 καὶ
427 4206 502 4268 εἰς
538 4201 828 4279 οἰκοδομὴν
871 4211 966 4260 τοῦ
997 4203 1246 4278 σώματος
1297 4210 1391 4272 τῆς
1443 4202 1767 4282 Ἐκκλῃσίας
1815 4228 1950 4284 συγ-
2033 4239 2035 4256 ι

2033 4213 2266 4267 ctorum
2299 4206 2371 4268 ad
2403 4205 2864 4267 aedificationem
2920 4204 3190 4285 corporis
3223 4204 3510 4268 Ecclesize
3542 4225 3669 4268 ser-

307 4293 671 4374 γραψαμένων
700 4294 823 4359 τοὺς
868 4295 1086 4362 πόνους,
1123 4296 1219 4352 οὒκ
1247 4293 1444 4351 ἄτοπον
1491 4296 1580 4351 καὶ
1628 4297 1772 4370 ἡμᾶς
1831 4299 1950 4362 τοὺς

2035 4314 2244 4358 mones
2273 4294 2744 4376 conscripserint
2777 4313 2791 4359 :
2862 4313 2981 4357 non
3026 4303 3118 4356 est
3173 4295 3527 4374 absurdum,
3559 4315 3668 4358 nos

309 4383 398 4441 διὰ
442 4382 698 4461 ρᾳθυμίαν
756 4386 843 4440 καὶ
899 4380 1244 4440 ἂπαιδευσίαν
1301 4383 1480 4462 πόῤῥω
1545 4389 1719 4445 αὐτῶν
1775 4387 1947 4451 ὑπάρ-

308 4495 539 4554 χοντας,
593 4474 713 4539 τοὺς
772 4479 881 4530 τῶν
939 4473 1059 4552 περὶ
1119 4473 1215 4541 τὴν
1274 4473 1560 4543 ἑνδεκάτην
1599 4475 1742 4555 ὥραν
1789 4477 1843 4533 ἐν
1873 4479 1950 4553 τῷ

308 4568 454 4638 αὐτῷ
512 4562 792 4639 ἀμπελῶνι
853 4563 1270 4642 ἀγωνισαμένων
1334 4564 1553 4624 δικαίων
1613 4567 1756 4642 βίους
1813 4570 1946 4647 πρὸς

305 4653 577 4735 ὠφέλειαν
647 4658 755 4708 τῶν
839 4673 897 4708 τι
950 4655 1390 4734 ἓντυγχανόντων
1445 4658 1536 4714 καὶ
1593 4656 1946 4736 ἀκροωμένων

304 4749 510 4800 πιστῶν
568 4740 970 4818 συγγράψασθαι
1027 4742 1262 4819 ἀληθῶς,
1318 4744 1456 4801 ὥστε
1506 4747 1628 4811 τοὺς
1679 4745 1944 4822 βουλομέ-

306 4853 428 4896 νους
503 4829 744 4908 ἡγεμόνα
816 4837 1101 4900 κεκτῆσθαι
1160 4834 1258 4902 τῆς
1317 4835 1592 4913 παρούσης
1650 4842 1794 4907 ζωῆς
1856 4839 1948 4893 τὸν

305 4918 498 4989 εὐσεϐῆ
543 4919 828 4998 λογισμὸν,
876 4921 1107 4988 ἀκλινῶς
1151 4923 1370 4982 ἕπεσθαι
1402 4931 1468 5001 τῇ
1519 4930 1626 4981 τῶν
1689 4949 1947 5005 πατριαρ-

305 5019 426 5092 χῶν
469 5011 560 5069 καὶ
603 5017 892 5090 προφητῶν
943 5013 1028 5068 καὶ
1057 5013 1374 5071 ἆποστολων
1402 5017 1490 5070 καὶ
1520 5015 1801 5093 μαρτύρων
1858 5018 1948 5073 καὶ

301 5102 520 5159 δικαίων
555 5097 683 5174 ὁδῷ,
720 5098 1196 5180 ἐφαμιλλωμένςυς
1231 5104 1330 5176 μὲν
1388 5115 1510 5164 ταῖς
1553 5103 1757 5160 τούτων
1817 5105 1948 5182 ἀρε-

2031 4404 2292 4467 quoque,
2328 4384 2434 4462 qui
2493 4393 2737 4466 prapter
2791 4383 3130 4447 socordiam
3161 4392 3226 4446 et
3252 4384 3553 4447 inscitiam
3583 4383 3658 4448 ab

2032 4477 2118 4536 eis
2150 4476 2333 4556 longe
2363 4493 2572 4537 sumus
2602 4475 2844 4554 remoti,
2877 4492 3021 4537 vere
3061 4473 3451 4537 conscribere
3469 4475 3672 4555 justo-

2031 4584 2163 4628 rum
2199 4565 2464 4627 virorum
2493 4563 2831 4645 Vltam,qui
2853 4563 3015 4634 circa
3044 4565 3253 4628 horam
3287 4565 3668 4630 undecimam

2031 4655 2092 4716 in
2127 4655 2337 4717 eadem
2371 4655 2548 4716 vinea
2573 4653 3024 4730 laborarunt,ad
3057 4655 3375 4719 utilitatem
3407 4657 3674 4722 ﬁdelium

2032 4744 2134 4825 qui
2157 4745 2361 4824 legunt
2389 4755 2453 4807 et
2479 4743 2730 4806 audiunt
2762 4763 2779 4805 :
2811 4756 2876 4806 ut
2905 4745 3010 4826 qui
3035 4746 3240 4809 volunt
3268 4746 3492 4809 habere
3513 4749 3671 4828 piam

2031 4835 2327 4898 rationem
2361 4833 2576 4898 ducem
2634 4834 2765 4896 vitae
2821 4837 3155 4916 praesentis,
3193 4845 3540 4900 constanter
3568 4856 3672 4899 se-

2031 4934 2288 5005 quantur
2368 4925 2521 4986 viam
2579 4925 3074 5006 patriarcharum,
3134 4927 3560 5007 prophetarum
3617 4934 3677 4988 et

2031 5014 2465 5094 apostolorum,
2525 5023 2976 5097 martyrumque
3027 5025 3088 5079 et
3127 5018 3476 5095 justorum:
3537 5034 3675 5077 cum

2033 5121 2238 5165 eorum
2273 5105 2516 5185 quidem
2579 5105 2897 5169 virtutibus
2955 5104 3415 5181 contendentes,
3445 5103 3676 5166 suﬁ‘ulti

301 5203 452 5265 ταῖς,
487 5189 1009 5268 ὖποστηριζομένως
1055 5189 1109 5245 δὲ
1167 5203 1292 5255 ταῖς
1348 5195 1518 5250 αὐτῶν
1576 5208 1938 5274 προσευχαῖς,
1966 5215 2035 5264 Βέ

2031 5203 2230 5255 autem
2263 5203 2323 5256 et
2352 5193 2599 5256 stabiliti
2631 5214 2837 5257 eorum
2873 5192 3271 5256 orationibus.
3312 5217 3334 5248 α
3372 5193 3673 5267 Quaecun-

306 5303 333 5337 σι
371 5280 517 5342 ’Ὅσα
559 5279 662 5358 γὰρ
704 5278 1042 5358 προεγράφη,
1083 5301 1106 5335 ι
1170 5281 1306 5335 κατὰ
1364 5282 1452 5337 τὸν
1481 5281 1760 5340 θεσπέσιον
1794 5291 1944 5342 Παῦ-
2028 5307 2035 5341 1

2031 5301 2144 5364 que
2172 5284 2332 5346 enim
2393 5284 2556 5362 prius
2608 5288 2829 5364 scripta
2890 5293 3055 5364 sunt,
3093 5303 3122 5343 »
3169 5291 3234 5344 ut
3265 5282 3410 5345 dicit
3441 5282 3676 5348 divinus

299 5367 419 5443 λον,
485 5388 513 5430 ι
574 5370 648 5434 εἰς
706 5369 807 5436 τὴν
863 5367 1128 5446 ἡμετέραν
1173 5371 1441 5427 νουθεσίαν
1507 5373 1840 5452 προεγράφη.
1912 5399 1936 5434 ι
2028 5372 2035 5434 ]

2031 5372 2268 5452 Paulus,
2309 5399 2337 5431 ι
2370 5373 2596 5454 scripta
2653 5381 2793 5435 sunt
2849 5373 2925 5435 ad
2984 5380 3248 5436 nostram
3301 5374 3673 5437 admonitio-

300 5459 646 5521 Ilcuodidtac
679 5457 771 5514 οὖν
829 5464 908 5533 τῷ
967 5459 1200 5538 εἰρηκότι
1235 5479 1250 5496 ο
1292 5483 1318 5516 α
1371 5460 1642 5519 Πλάτονον
1672 5464 1736 5519 τὸ
1765 5465 1942 5541 στόμα
2029 5485 2035 5526 1

2031 5483 2168 5530 nem
2196 5465 2244 5529 ί.
2283 5489 2311 5521 ι
2347 5466 2432 5527 Εο
2465 5482 2608 5542 ergo
2639 5461 2803 5542 freti,
2862 5463 2965 5544 qui
3018 5462 3168 5525 dixit
3227 5482 3240 5527 :
3307 5487 3330 5522 α
3370 5462 3560 5528 Dilata
3608 5485 3677 5530 os

295 5566 416 5621 σου,
458 5548 545 5604 καὶ
574 5545 851 5624 πληρώσω
881 5548 1031 5622 αὐτὸ,
1073 5568 1098 5606 ι
1135 5547 1221 5606 ἰπὶ
1279 5549 1380 5618 τὴν
1441 5551 1804 5631 προκειμένην
1852 5554 1939 5612 δι-
2028 5565 2035 5615 1

2031 5564 2231 5630 tuum,
2266 5561 2326 5616 et
2353 5552 2618 5634 implebo
2650 5551 2798 5614 illud
2828 5551 2884 5628 Β,
2922 5574 2945 5611 ι
2983 5563 3409 5618 convertamur
3435 5556 3510 5620 ad
3543 5575 3677 5639 pro-

300 5635 503 5715 ήγησιν
531 5637 856 5714 τριπόμεοα.
2031 5665 2035 5726 ]

2031 5645 2282 5727 positam
2319 5649 2746 5707 narrationem.

383 5742 405 5789 ¹
437 5743 620 5808 Rom.
656 5761 754 5818 xv,
785 5743 846 5810 4.
931 5743 962 5796 3
991 5742 1149 5810 Psal.
1186 5763 1353 5826 LXXX,
1390 5750 1488 5815 11.
