4060 6206
378 294 531 362 1379

1640 294 1921 359 MENSIS
1966 295 2474 361 FEBRUARIUS.

3594 295 3743 362 1380

451 430 830 513 II.Tempore
842 428 1168 493 Theodosii
1183 429 1690 506 lunioris,XXXV
1706 448 1863 493 anno
1882 431 1986 511 eju.

2180 436 2265 493 θ’.
2301 433 2390 491 Ἐν
2436 446 2555 498 τοῖς
2602 444 2812 512 καιροῖς
2860 430 3139 489 Θεοδοσίου
3182 436 3274 488 τοῦ
3320 430 3477 507 Νέου,
3514 431 3660 497 ’έτους
3691 430 3749 488 δὲ

374 523 613 605 imperii
634 523 683 597 (1
700 520 867 602 ),fuit
897 520 987 583 vir
1018 519 1257 601 quidam
1286 522 1529 583 nomine
1551 521 1986 602 Auxentius,qu

2095 528 2407 603 τριακοστο“ι
2469 523 2738 602 πέμπτου,
2799 520 3087 603 ἀνεδείχθη
3154 544 3231 585 τις
3279 521 3557 589 Αύξέντιος
3616 523 3748 579 ὀνό-

372 622 500 676 erat
514 610 737 675 relatus
754 610 816 671 in
832 627 1147 671 numerum
1166 618 1395 691 quarta
1412 610 1635 672 schola
1656 609 2013 674 fortissimo-

370 721 501 768 rum
526 708 587 767 et
608 700 825 765 Christi
850 702 1180 763 amantium
1203 701 1574 764 scbolarium
1598 701 1713 781 (2):
1741 720 1810 764 ex
1829 719 2009 781 gene-

364 813 433 858 re
454 792 695 875 quidem
715 789 1088 865 orientali,in
1116 792 1333 872 pietate
1356 800 1553 854 autem
1580 802 1638 855 et
1662 791 2008 854 omniChri.

368 884 563 946 stiana
578 879 853 943 doctrina
877 880 1486 962 eruditus,roburque
1509 882 1781 963 corporis
1802 890 1861 943 et
1890 882 2009 945 for-

367 971 684 1035 titudinem
710 969 772 1032 in
799 970 926 1050 ipsa
951 969 1147 1031 forma
1178 979 1441 1050 gestans,
1478 990 1836 1052 morumque
1870 990 2004 1035 mo-

366 1061 617 1127 destiam
636 1069 697 1124 et
717 1059 997 1123 virtutem
1020 1078 1237 1139 gerens
1253 1060 1315 1122 in
1331 1061 2005 1143 animo,dogmaqueha-

364 1152 811 1216 benssanumin
835 1149 1376 1230 tldeapostolica.et
1395 1150 1717 1231 plurimum
1742 1152 2002 1215 studium

364 1243 423 1305 in
446 1239 833 1323 generalibus
854 1239 1075 1319 vigiliis
1124 1242 1670 1321 pernoctationum.
1710 1242 2001 1315 Quoniam

363 1351 502 1397 vero
525 1341 584 1394 te
604 1338 741 1392 ante
762 1329 889 1391 hac
916 1329 990 1391 ab
1014 1348 1085 1392 eo
1109 1330 1264 1393 facta
1280 1340 1442 1406 sunt,
1470 1350 1580 1394 nos
1598 1333 2001 1408 Iatuerunt,ab

363 1424 477 1487 hoc
500 1419 1155 1486 fundamentoinitium
1205 1420 1494 1484 ducamus
1542 1422 1858 1485 orationis.
1891 1424 2001 1487 Hic

364 1530 505 1594 ergo
527 1516 773 1573 sanctus
796 1517 855 1573 et
884 1509 1120 1571 divinus
1142 1511 1231 1572 vir
1248 1512 1582 1573 Auxentius
1606 1511 1860 1575 habebat
1892 1532 2001 1594 pa-

362 1610 565 1668 truum
583 1598 843 1681 Byzantii
862 1599 924 1660 in
946 1597 1221 1662 militiam
1246 1600 1875 1682 relatum,opinionem
1895 1623 2001 1665 nu-

360 1688 733 1763 meri.Quem
755 1688 1075 1770 requirens
1098 1707 1235 1751 cum
1259 1689 1635 1752 ascendisset
1654 1709 1725 1753 ex
1739 1691 2001 1773 Syria,et

2101 637 2231 690 ματι
2264 618 2319 671 iv
2352 620 2421 691 τῇ
2469 615 2697 694 οετάρτη
2745 612 2928 694 σχολῇ
2971 610 3403 691 καταλεγόμενος
3465 619 3566 669 τῶν
3610 634 3741 691 γεν-

2101 705 2397 763 ναιοτάτων
2466 705 2556 763 καὶ
2627 702 2993 784 φιλοχρίστων
3060 702 3391 783 σχολαρίων,
3449 702 3511 760 ix
3556 702 3749 782 γένους

2094 795 2192 870 μὲν
2241 802 2345 853 τῶν
2389 794 2478 875 ἀφ’
2526 794 2674 863 ἡλίου
2717 793 3013 868 ἀνατολῶν,
3061 789 3299 865 εὐσεϐείᾳ
3343 790 3399 849 δὲ
3441 794 3531 851 καὶ
3596 794 3749 868 πάσῃ

2092 892 2447 962 Χριστιανικῇ
2494 882 2705 958 παιδείᾳ
2768 884 3091 963 ἡγούμενος,
3158 883 3345 961 ῥώμην
3380 904 3441 941 τε
3486 882 3749 959 σώματος

2092 976 2176 1031 καὶ
2235 972 2473 1051 ἀνδρείαν
2531 975 2705 1054 φέρων
2749 974 2805 1032 iv
2864 980 2940 1049 τῷ
2986 971 3119 1029 εἴδει
3151 992 3167 1008 ·
3214 975 3303 1030 καὶ
3341 972 3474 1041 ἦθος
3506 972 3744 1037 ἐπιεικὲς

2086 1066 2178 1121 καὶ
2221 1062 2419 1145 σφόδρα
2463 1064 2712 1143 ἐνάρετον
2755 1063 2811 1120 iv
2850 1070 2918 1141 τῇ
2964 1061 3183 1144 γνώμῃ,
3255 1061 3431 1142 δόγμα
3489 1061 3545 1119 δὲ
3588 1062 3740 1141 ὑγιὲς

2088 1154 2421 1230 κεκτημένος
2484 1154 2539 1211 iv
2583 1160 2652 1231 τῇ
2695 1152 3032 1230 ἂποστολικῇ
3077 1156 3282 1228 πίστει,
3327 1154 3414 1209 καὶ
3471 1151 3736 1218 πλείστην

2086 1243 2321 1312 σπουδὴν
2386 1244 2441 1302 έν
2476 1258 2600 1308 ταῖς
2644 1243 2961 1305 καθολικατς
3004 1248 3107 1300 τῶν
3165 1240 3509 1322 παννυχίδων
3565 1242 3739 1319 ἀγρυ-

2088 1335 2287 1397 πνίαις.
2346 1333 2500 1392 Ἐπεὶ
2558 1338 2648 1392 οὖν
2690 1336 2757 1391 τᾶ
2823 1333 3215 1413 προγενέστερα
3278 1333 3436 1391 αύτοῦ
3493 1330 3738 1411 δράματι

2085 1422 2309 1490 λέληθεν
2353 1425 2522 1501 ἡμᾶς,
2571 1424 2679 1481 ἀπὸ
2735 1425 2935 1491 ταύτης
2995 1422 3093 1491 τῆς
3153 1422 3456 1486 ὑποθέσεως
3502 1420 3738 1488 ποιησό-

2084 1517 2219 1589 μεθα
2262 1515 2355 1570 τὸν
2399 1512 2586 1593 λόγον.
2635 1516 2802 1579 Οὗτος
2850 1515 2877 1570 ὁ
2908 1513 3042 1589 ἁνὴρ
3074 1512 3207 1593 ἴσχε
3233 1516 3381 1570 θεῖον
3414 1513 3489 1575 εἰς
3536 1512 3597 1568 τὸ
3634 1517 3737 1569 Βυ-

2084 1604 2295 1675 ζάντιον
2354 1603 2410 1659 iv
2458 1604 2708 1683 στρατείᾳ
2757 1601 3195 1682 καταλεγόμενον
3239 1603 3461 1659 ὀπτίονα
3524 1599 3738 1674 Νουμέ-

2086 1715 2199 1773 ρου,
2232 1694 2291 1749 ὃν
2321 1695 2589 1766 ἓπιζητῶν
2620 1690 2817 1757 ἀναϐὰς
2851 1693 2959 1751 ἀπὸ
3004 1692 3215 1771 Συρίας,
3274 1694 3360 1749 καὶ
3422 1691 3500 1760 μὴ
3546 1690 3737 1768 εὑρὼν,

356 1800 477 1844 non
502 1780 855 1855 invenisset,
881 1786 1201 1861 propterea
1225 1780 1381 1861 quod
1409 1780 1574 1861 prius
1592 1779 1986 1845 discessisset

2086 1781 2170 1841 διὰ
2228 1786 2289 1840 τὸ
2350 1783 2893 1862 προτετελευτηκέναι
2954 1781 3344 1861 ἐστρατεύσατο
3407 1778 3728 1861 σχολάριος.

360 1868 640 1933 militavit
662 1868 1133 1932 scholaris.Cum
1159 1889 1300 1949 ergo
1326 1879 1485 1932 esset
1520 1871 1578 1931 in
1604 1872 1873 1934 exercitu
1902 1872 2002 1935 in-

356 1961 567 2041 signis,
601 1959 951 2038 frequenter
996 1960 1175 2021 etiam
1204 1960 1558 2022 versabatur
1579 1979 1713 2022 cum
1740 1961 1815 2024 iis
1844 1982 1999 2042 quo-

353 2066 489 2113 rum
512 2048 939 2112 celebrabatur
963 2049 1311 2112 exercitatio
1355 2058 1413 2113 et
1462 2050 1653 2112 virtus
1690 2070 1703 2114 :
1742 2053 1999 2116 maxime

352 2148 550 2203 autem
576 2156 711 2200 cum
738 2137 995 2217 quodam
1033 2138 1265 2202 Joanne
1323 2142 1637 2216 monacho,
1670 2141 1775 2221 qui
1809 2161 1995 2223 prope

353 2227 726 2293 Hebdomum
755 2227 833 2307 (3;
866 2228 1137 2291 stabatin
1160 2228 1347 2292 Clubo
1367 2230 1668 2311 (4),cnjus
1694 2231 1871 2293 etiam
1896 2251 1992 2295 ve-

352 2318 543 2398 stigiis
566 2316 1194 2400 insistebat,tanquam
1218 2318 1390 2381 miles
1404 2320 1836 2394 Cbristi,simul
1855 2341 1993 2385 cum

351 2408 633 2489 quodam,
666 2407 768 2489 qui
798 2406 1120 2469 vocabatur
1142 2409 1338 2482 Setas,
1376 2409 1501 2470 viro
1525 2410 1689 2471 omni
1721 2428 1790 2473 ex
1825 2421 1992 2492 parte

351 2497 1149 2579 honesto,etMarciano,qui
1173 2510 1313 2562 tunc
1334 2507 1461 2561 erat
1483 2499 1670 2563 laicus
1690 2510 1867 2563 secta
1879 2504 1994 2566 No-

352 2588 752 2663 vatianorum,
791 2588 949 2651 haud
994 2589 1073 2650 ita
1116 2588 1300 2651 multo
1347 2597 1479 2670 post
1505 2598 1758 2653 mortem
1794 2592 1996 2655 unitus

353 2679 464 2740 fuit
486 2677 767 2740 Ecclesia
789 2678 1132 2752 Catholica,
1165 2687 1223 2740 et
1267 2679 1460 2741 factus
1505 2680 1613 2741 luit
1645 2699 1994 2745 aconomus

349 2766 745 2830 sanctissima
758 2766 979 2847 Magna
1004 2767 1276 2830 ecclesia
1296 2769 1989 2850 Constantinopolitana:

350 2866 409 2920 et
428 2858 711 2921 Anthimo
736 2856 863 2918 viro
885 2876 1097 2937 magno
1121 2866 1181 2919 et
1212 2858 1553 2921 admirabili
1576 2860 1677 2941 qui
1702 2870 1843 2924 tunc
1860 2872 1993 2925 erat

346 2946 689 3011 ordinarius
738 2946 1005 3009 decanus
1053 2947 1243 3011 divini
1294 2948 1519 3029 palatii,
1553 2948 1778 3013 deinde
1801 2952 1990 3015 factus

344 3037 454 3100 fuit
473 3036 851 3111 diaconus,et
872 3045 1076 3117 postea
1095 3038 1277 3100 etiam
1306 3037 1639 3119 presbyter,
1675 3040 1985 3120 quietiam

346 3134 479 3208 post
502 3126 823 3227 decessum
851 3143 1057 3227 eorum
1079 3126 1538 3227 quipriusdicti
1560 3132 1983 3227 sunt,ornavit,
2005 3174 2050 3227 ε

2088 1873 2410 1953 Διαπρέπων
2453 1874 2529 1931 ὢν
2580 1873 2636 1930 έν
2678 1876 2746 1951 τῇ
2794 1873 3045 1949 στρατείᾳ
3086 1873 3177 1929 καὶ
3219 1885 3340 1936 τοῖς
3402 1870 3457 1926 έν
3510 1870 3735 1939 ἀσκήσει

2081 1964 2170 2021 καὶ
2230 1964 2395 2043 ἀρετῇ
2475 1961 2818 2042 περιϐοήτοις
2878 1962 3195 2043 ἐούχναζεν,
3270 1960 3551 2040 ἐξαιρέτως
3617 1959 3731 2035 μέ-

2081 2052 2236 2110 λιστα
2295 2052 2522 2131 Ἰωάννῃ
2579 2055 2682 2110 τινί
2747 2056 3002 2132 μοναχῷ,
3064 2050 3298 2119 πλησίον
3341 2056 3434 2107 τοῦ
3466 2046 3732 2123 Ἐεδόμου

2082 2144 2270 2200 ἑστῶτι
2323 2143 2377 2200 έν
2432 2142 2676 2217 Κλουὸᾦ,
2722 2144 2783 2200 οὗ
2825 2142 2943 2200 κατ’
2990 2142 3151 2221 ἴχνος
3198 2138 3438 2197 ἕϐάδισεν
3483 2141 3511 2195 δ
3553 2161 3724 2216 στρα-

2081 2232 2277 2302 τιώτης
2318 2240 2413 2292 τοῦ
2458 2240 2706 2313 Χριστοῦ,
2756 2233 2909 2309 ’Ἅμα
2954 2231 3042 2288 οὖν
3076 2237 3207 2287 Σιτᾶ
3236 2253 3343 2287 τινι
3375 2229 3513 2286 οὕτω
3543 2250 3720 2305 προσ-

2079 2323 2475 2404 αγορευομένῳ,
2536 2322 2678 2400 ἀνδρὶ
2738 2322 3027 2397 πανσέμνῳ
3083 2320 3148 2376 τὰ
3198 2320 3399 2399 πάντα,
3448 2320 3539 2375 καὶ
3570 2324 3729 2395 Μαρ-

2078 2420 2250 2488 κιασῴ
2292 2420 2370 2488 τῷ
2412 2419 2711 2481 τηνικαῦτα
2756 2411 2934 2485 λαϊκῷ
2980 2408 3089 2468 ὄντι
3143 2414 3245 2477 τῆς
3273 2416 3379 2466 τῶν
3415 2413 3731 2468 Ναυτιανῶν

2076 2505 2395 2583 θρησκείας,
2443 2501 2560 2577 μετ’
2606 2502 2666 2559 οὗ
2712 2502 2847 2559 πολὺ
2874 2499 2930 2557 δὲ
2962 2506 3030 2577 τῇ
3076 2503 3334 2575 καθολικῇ
3363 2498 3538 2555 πίστει
3584 2498 3729 2553 ἑνω-

2077 2592 2217 2649 θέντι
2279 2594 2368 2650 καὶ
2426 2593 2522 2660 τὴν
2583 2591 2889 2668 οἰκονομίαν
2949 2596 3049 2657 τῆς
3094 2589 3403 2668 ἁγιωτάτης
3465 2585 3728 2665 Μεγάλης

2079 2681 2369 2749 ἐκκλησίας
2450 2679 3065 2745 Κωνσταντινουπόλεως
3132 2676 3557 2755 ἐμπιστευθέντι,
3638 2678 3730 2733 καὶ

2078 2770 2316 2847 Ἀνθίμῳ
2347 2774 2425 2845 τῷ
2480 2770 2704 2849 μεγάλῳ
2764 2772 2851 2828 καὶ
2878 2774 3169 2845 θαυμαστῷ
3197 2766 3342 2846 ἀνδρὶ
3371 2768 3494 2824 τότε
3521 2764 3728 2839 δεκάνῳ

2079 2861 2190 2917 ὄντι
2237 2861 2289 2917 iv
2320 2858 2505 2939 ὀρδίνῳ
2563 2867 2656 2918 τοῦ
2681 2861 2821 2917 θείου
2853 2859 3139 2935 παλατίου,
3176 2858 3360 2915 ἔπειτα
3404 2854 3457 2912 δὲ
3490 2854 3727 2929 διακόνῳ

2078 2951 2347 3030 γεγονότι,
2407 2948 2596 3007 λοιπὸν
2655 2947 2709 3005 δὲ
2770 2952 2855 3006 γαὶ
2915 2945 3276 3027 πρεσϐυτέρῳ,
3319 2952 3397 3022 τῷ
3427 2947 3514 3003 καὶ
3542 2967 3722 3002 κατα-

2075 3041 2413 3115 κοσμήσαντι
2456 3039 2595 3115 μετὰ
2639 3039 2737 3107 τὴν
2791 3039 3116 3114 μετάστασιν
3147 3044 3255 3094 τῶν
3291 3034 3714 3114 προειρημένων,

2073 3133 2160 3187 καὶ
2218 3128 2553 3208 φαιδρύναντι
2605 3128 2659 3185 iv
2710 3142 2832 3194 ταῖς
2863 3126 3146 3203 ὓμνῳδίαις
3175 3125 3262 3183 διὰ
3292 3132 3474 3205 χορῶν
3505 3123 3713 3203 ἀνδρῶν

343 3224 403 3279 et
426 3234 563 3276 cum
584 3214 791 3276 latitia
810 3221 869 3276 in
893 3215 1128 3295 hymnis
1150 3223 1207 3277 et
1224 3216 1499 3290 canticis,
1524 3234 1633 3297 per
1663 3218 1883 3282 choros
1904 3222 1986 3285 vi-

2077 3240 2128 3275 τε
2170 3218 2267 3275 καί
2310 3219 2573 3297 γυναικῶν
2630 3219 2724 3281 τὰς
2783 3217 2943 3282 «ea;
2989 3214 3315 3296 παννυχίδας
3376 3216 3469 3280 αἷς
3530 3235 3708 3294 προσ-

342 3321 548 3365 rorum
570 3310 628 3364 et
654 3302 995 3377 mulierum,
1023 3303 1349 3365 celebravit
1382 3306 1619 3367 easdem
1656 3318 1981 3387 pernocta-

343 3389 792 3472 tiones,quibus
812 3390 1116 3453 assidebat
1138 3392 1343 3454 beatus
1360 3393 1705 3456 Auxentius.
1735 3393 1811 3458 Ut
1841 3398 1979 3478 plu-

338 3480 558 3544 rimum
591 3489 786 3542 autem
822 3480 998 3543 ambo
1016 3481 1198 3544 simul
1222 3482 1701 3563 congregabatur
1724 3486 1782 3547 in
1798 3484 1981 3551 Sanc-

337 3580 395 3633 ta
424 3573 620 3645 Irene,
644 3588 776 3652 qua
805 3570 917 3633 sita
947 3579 1033 3633 est
1067 3572 1140 3634 ad
1177 3590 1365 3649 mare,
1394 3573 1561 3635 humi
1595 3574 1888 3640 cubantes
1921 3586 1982 3641 et

336 3661 741 3741 vigilantes,et
767 3661 963 3723 fontes
994 3661 1391 3743 lacrymarum
1424 3664 1979 3749 eﬂ'undentes,per-

334 3759 679 3814 severantes
709 3750 769 3812 in
794 3750 1049 3831 jejuniis
1082 3762 1142 3814 et
1170 3753 1562 3818 orationibus.

399 3838 504 3903 Ill.
538 3839 685 3903 Cum
720 3858 860 3919 ergo
893 3842 1150 3921 quodam
1185 3843 1281 3904 die
1310 3863 1445 3905 cum
1482 3845 1575 3906 eis
1626 3847 1888 3910 venisset
1917 3848 1979 3910 in

334 3947 512 3991 unam
537 3930 1413 4014 congregationem,antequam
1440 3934 1739 4015 inciperet
1760 3938 1983 4015 gloriﬁ-

334 4019 847 4100 cationem,noctn
875 4020 973 4081 siti
1007 4039 1141 4083 eum
1176 4031 1671 4105 vexante,aquam
1706 4026 1877 4106 petiit
1905 4028 1979 4090 ab

336 4128 459 4170 uno
478 4127 549 4171 ex
568 4108 884 4174 ministris:
912 4111 1015 4192 qui
1042 4130 1296 4175 currens
1318 4114 1377 4175 in
1405 4113 1812 4197 diaconicum,
1835 4116 1982 4179 dicit

336 4198 993 4275 aconomo,dominum
1022 4202 1381 4265 Auxentium
1404 4222 1536 4265 cum
1559 4205 1810 4286 reliquis
1837 4207 1977 4269 viris

336 4286 512 4349 bonis
531 4294 737 4369 petere
758 4288 1203 4369 potumJussus
1228 4309 1369 4372 ergo
1395 4293 1454 4353 in
1476 4310 1615 4355 vase
1637 4302 1976 4374 temperare

336 4376 538 4438 vinum
563 4376 1110 4454 benedictionis,ad
1136 4398 1272 4442 eum
1292 4381 1835 4463 attulit.Postquam
1870 4403 1977 4447 au-

344 4476 459 4528 tem
484 4466 542 4527 id
570 4466 803 4547 accepit
823 4468 1238 4547 magnanimus
1260 4470 1611 4545 Auxentius,
1648 4473 1737 4533 ori
1763 4474 1975 4536 admo-

334 4574 481 4618 vens
501 4555 713 4617 refecit
737 4558 1070 4620 naturalem
1116 4559 1247 4621 sitis
1286 4561 1707 4625 necessitatem
1746 4585 1759 4622 :
1795 4572 1854 4626 et
1885 4565 1975 4629 sic

336 4647 501 4733 prius
531 4643 691 4733 dicto
725 4646 824 4725 pio
856 4646 1174 4723 Marciano,
1209 4650 1310 4729 qui
1360 4650 1636 4730 petierat,
1671 4652 1968 4733 reliquum

334 4732 599 4796 tradidit.
634 4732 741 4795 llle
763 4752 905 4797 vero
931 4754 1067 4797 cum
1100 4737 1287 4800 labris
1318 4740 1700 4816 admovisset,
1735 4732 1966 4806 et’seno

331 4822 509 4887 sisset
540 4840 675 4885 esse
697 4824 923 4897 vinum,
962 4843 1120 4904 agre
1149 4827 1370 4903 ferens,
1407 4829 1567 4910 quod
1598 4840 1817 4911 prater
1846 4852 1971 4895 mo-

329 4932 455 4976 rem
491 4912 623 4976 talis
656 4921 832 4993 potus
863 4923 1021 4976 esset
1049 4916 1137 4977 eis
1182 4916 1425 4993 allatus,
1462 4922 1730 4998 proximo
1758 4940 1963 4985 vocem

329 5003 527 5066 emisit
562 5023 576 5064 :
615 5004 831 5065 Vinum
860 5014 977 5084 est,
1005 5024 1039 5065 o
1063 5004 1267 5069 frater.
1300 5011 1663 5071 Memoratus
1682 5021 1879 5073 autem
1910 5013 1967 5075 ei

332 5092 480 5156 dicit
500 5094 860 5157 Auxentins:
886 5092 973 5156 Ne
992 5112 1150 5173 agre
1180 5096 1591 5179 feras,inquit,
1625 5100 1734 5162 Dei
1763 5101 1961 5181 dona;

332 5242 634 5372 δαεὶέέᾒέ
664 5245 799 5305 Chr.
842 5246 969 5317 442,
1030 5246 1172 5305 Nam
1203 5246 1454 5306 Arcadio
1486 5249 1634 5321 patri
1670 5267 1824 5309 anno
1861 5252 1967 5310 408

404 5384 480 5451 (Ξ)
521 5385 932 5468 ξοζιοιειὶίηεκ
988 5389 1207 5468 militia
1267 5392 1969 5468 peritisexercitatisque

332 5458 560 5538 piamii
596 5458 726 5516 loco
749 5460 919 5532 seligi
941 5458 1301 5538 solebant,th
1323 5467 1382 5520 in
1412 5464 1543 5538 aula
1572 5458 1968 5533 versarentur,

329 5534 939 5607 atqueimperatorem
963 5534 1019 5589 in
1043 5534 1352 5607 publicum
1380 5535 1763 5607 prodeuntem
1788 5539 1971 5597 comi-

328 5600 617 5668 tarentur,
653 5617 684 5660 a
723 5601 1015 5662 Gordiano
1034 5600 1275 5663 Juniore
1332 5600 1448 5665 una
1479 5621 1612 5665 cum
1642 5608 1973 5671 Candidatis

2070 3306 2293 3387 ήδρυσεν
2350 3312 2377 3365 ὁ
2439 3308 2699 3388 μακάριος
2762 3306 3058 3374 Αύξέντιος.
3129 3308 3205 3365 Τὰ
3268 3304 3320 3361 δὲ
3368 3303 3603 3363 πλεῖστα
3664 3306 3711 3361 οἱ

2067 3399 2357 3479 ἀμφότεροι
2405 3398 2459 3455 iv
2516 3406 2583 3477 τῇ
2643 3389 2797 3478 Ἀγίᾳ
2870 3400 3069 3477 Εἰρήνῃ
3141 3402 3210 3473 τῇ
3252 3397 3397 3475 παρὰ
3438 3393 3711 3453 θάλασσαν

2067 3488 2154 3546 ini
2199 3490 2259 3544 τὸ
2311 3490 2439 3546 αὐτὸ
2502 3488 2900 3568 συνηθροίζοντο
2960 3491 3353 3567 χαμευνὸῦντες
3398 3486 3484 3543 καὶ
3544 3485 3715 3563 ἀγρυ-

2077 3579 2341 3652 πνοῦντες,
2376 3577 2615 3655 δακρύων
2661 3577 2840 3657 πηγάς
2890 3576 3201 3658 ἐκχέοντες,
3236 3575 3290 3632 iv
3322 3577 3590 3644 νηστείαις
3624 3577 3718 3633 καὶ

2068 3671 2262 3749 εὐχαῖς
2296 3668 2683 3734 διατελοῦντες.

2150 3848 2232 3907 Γ’.
2268 3849 2481 3912 Φθάσας
2513 3850 2685 3905 τοίνυν
2718 3848 2809 3905 σὺν
2853 3846 3043 3913 αὐτοῖς
3075 3846 3131 3903 iv
3174 3852 3272 3923 μιᾷ
3301 3846 3406 3904 τῶν
3438 3844 3705 3912 συνάξεων

2067 3940 2169 4016 πρὸ
2221 3949 2313 3998 τοῦ
2370 3939 2726 4017 κατάρξασθαι
2770 3942 2872 4004 τῆς
2931 3935 3264 4017 δοξολογίας,
3312 3937 3370 3993 έν
3412 3936 3478 4011 τῇ
3522 3933 3709 3993 διανυ-

2066 4030 2336 4108 κτερεύσει
2398 4027 2559 4103 δίψης
2618 4029 2761 4102 αὖτῷ
2818 4026 3288 4108 παρενοχλούσης,
3360 4028 3561 4105 ᾔτησεν
3622 4024 3718 4081 εὗ-

2066 4140 2261 4196 κρατον
2315 4117 2441 4196 παρ’
2486 4118 2601 4182 ἑνὸς
2659 4122 2764 4172 τῶν
2822 4117 3125 4194 δπηρετῶν.
3196 4107 3254 4173 Ὀ
3308 4112 3365 4171 δὲ
3409 4113 3714 4193 είσδραμὼν

2064 4208 2120 4264 iv
2164 4215 2239 4281 τῷ
2297 4205 2582 4281 διακονικῷ
2641 4212 2717 4280 τῷ
2789 4205 3058 4280 οἰκονόμῳ
3137 4205 3297 4284 φησίν
3330 4221 3345 4237 ⁸
3410 4206 3504 4261 τὸν
3560 4205 3711 4285 κύριν

2066 4297 2341 4362 Αύξέντιον
2382 4298 2475 4353 σὺν
2515 4308 2637 4357 τοῖς
2681 4295 2901 4361 λοιποῖς
2945 4292 3254 4358 σπουδαίοις
3299 4293 3452 4371 πόμα
3507 4296 3705 4355 αἰτεῖν.

2066 4382 2407 4461 Ἐπιτραπεὶς
2478 4383 2569 4439 οὖν
2648 4388 2747 4451 τῆς
2833 4383 3076 4462 εὐλογίας
3147 4383 3301 4441 οἶνον
3360 4383 3706 4459 συνεκέρασεν

2065 4474 2240 4530 σκεύει
2297 4473 2386 4530 καὶ
2415 4472 2723 4551 ἀπήγαγεν,
2758 4475 2853 4536 Ὠς
2893 4470 2949 4528 δὲ
3010 4470 3223 4538 ἐδέξατο
3267 4475 3293 4529 ὁ
3349 4471 3706 4551 μεγαλόφρων

2062 4562 2360 4637 Λύξέντιος,
2406 4566 2482 4636 τῷ
2539 4563 2763 4639 στόματι
2809 4561 3196 4641 προσαγαγὼν,
3242 4560 3346 4628 τὴν
3397 4560 3461 4618 εκ
3491 4562 3702 4639 φύσεως

2060 4654 2158 4719 τῆς
2213 4651 2372 4728 δίψης
2431 4652 2672 4731 ἀνάγκην
2722 4651 2908 4711 ἰάσατο
2945 4667 2960 4683 ⁹
3024 4652 3111 4707 καὶ
3161 4649 3328 4715 οὕτως
3360 4657 3436 4725 τῷ
3465 4652 3707 4730 προρρη-

2057 4742 2199 4798 θέντι
2228 4738 2469 4821 θεοφιλεῖ
2528 4747 2818 4820 Μαρκιανῷ
2877 4742 3157 4811 αἰτήσαντι
3188 4741 3250 4797 τὸ
3295 4739 3484 4797 λοιπὸν
3516 4739 3705 4797 ἐπιδέ-

2059 4829 2249 4895 δωκεν,
2285 4829 2345 4888 ’0
2376 4827 2431 4889 δέ
2460 4831 2819 4910 προσαγαγὼν
2862 4844 2980 4894 τοῖς
3033 4828 3242 4909 χείλεσι
3304 4832 3392 4888 καὶ
3447 4832 3704 4905 αἰσθόμε-

2056 4944 2146 4987 νος
2195 4921 2347 4978 οἶνον
2420 4924 2582 4993 εἷναι,
2644 4920 3052 4998 ἀγανακτήσας,
3126 4918 3208 4976 ὅτι
3271 4922 3410 5000 παρᾶ
3471 4921 3533 4977 τὸ
3589 4920 3709 4987 ἔθος

2054 5017 2299 5069 τοιοῦτον
2343 5009 2530 5072 αὐτοῖς
2600 5010 2952 5090 προσηνέχθη
3018 5011 3211 5089 ποτὸν,
3259 5011 3441 5089 φωνην
3499 5010 3708 5090 ἀφῆκεν

2054 5108 2133 5177 τῷ
2163 5100 2393 5167 πλησίον
2425 5118 2438 5133 '
2493 5098 2658 5163 Οἷνός
2692 5098 2856 5174 ἐστιν,
2891 5096 3111 5179 ἀδελφέ.
3148 5101 3247 5158 Καὶ
3276 5098 3340 5168 δὴ
3372 5101 3505 5179 πρὸς
3538 5099 3700 5157 αὐτὸν

2054 5262 2111 5310 et
2142 5249 2581 5308 Protectoribus
2611 5250 2867 5321 primum
2903 5249 3177 5307 lnstituti.

2129 5324 2207 5393 (3)
2236 5324 2315 5378 De
2339 5320 2638 5378 Hebdomo
2661 5321 2946 5378 suburbio
2972 5320 3706 5393 Constantinopoleos,ubi

2055 5395 2422 5452 Theodosius
2458 5393 2699 5463 Magnus
2730 5394 3009 5463 templum
3041 5393 3099 5450 S.
3144 5393 3387 5450 Joannis
3436 5392 3709 5464 Baptista

2056 5468 2367 5532 exstruxit.
2427 5470 2548 5536 agit
2586 5464 2795 5521 Gillius
2843 5464 2943 5520 lib.
2999 5476 3055 5521 ιν
3093 5465 3493 5537 Topograplu'a
3530 5465 3708 5524 Coas-

2060 5539 2307 5610 tautt'nop
2340 5580 2353 5603 ,
2370 5551 2516 5610 cap.
2557 5537 2609 5591 6.

2136 5610 2211 5681 (ι)
2240 5607 2531 5682 Sigillum,
2563 5622 2727 5680 pera,
2757 5607 3105 5666 claustrum.
