4028 6202
269 351 417 424 1381
1578 348 1758 421 VlTA
1802 357 1861 419 S.

1997 349 2312 421 ΙΧΕΝΤΙΙ.
3483 345 3636 415 1382

261 494 290 549 6
346 491 730 568 μνημονευθείς
768 510 781 524 ⁸
847 489 935 559 Mil
985 483 1321 570 δυσχέραινε,
1389 491 1572 570 φησὶν,
1633 492 1720 546 επὶ
1783 504 1905 556 ταῖς

1997 510 2126 554 nam
2164 511 2272 554 nos
2303 489 2544 574 quidem
2578 507 2792 573 aquam
2827 486 3131 571 petlimus.
3157 485 3260 552 Sin
3289 489 3488 550 autem
3522 489 3638 551 Do-

263 589 360 640 τοῦ
419 589 551 642 Θεοῦ
620 580 866 661 δωρεαῖς.
947 579 1140 656 Ἠμεῖς
1192 579 1291 654 μὲν
1352 581 1452 659 γὰρ
1495 578 1631 658 ὕδωρ
1689 581 1905 656 ᾐτήσα-

1997 581 2194 644 minus
2226 581 2496 645 Christus
2529 581 2660 662 ejus
2692 582 2820 642 loco
2870 580 3074 642 vinum
3109 577 3388 659 praebuit,
3419 577 3639 657 gratias

265 693 367 747 μεν
406 673 449 728 εί
481 669 534 728 δὲ
566 673 594 728 6
624 673 904 738 Δεστότης
939 674 1088 728 οἶνον
1127 669 1545 750 ἆντιπαρέσχεν,
1575 669 1909 749 εὔχαριστήο

266 783 450 836 σωμεν
481 761 570 818 καί
612 763 690 836 μὴ
721 761 1180 838 ἆγανακτήσωμεν
1218 778 1234 795 ο
1281 760 1366 816 καὶ
1415 759 1514 837 γαρ
1564 757 1618 815 έν
1648 763 1724 832 τῷ
1753 759 1911 836 γάμῳ

262 849 553 925 λείψαντος
596 849 746 909 οἴνου
791 852 850 906 τὸ
879 848 1014 924 ὕδωρ
1059 848 1143 906 διὰ
1187 849 1280 917 τῆς
1319 849 1508 906 ἑαυτοῦ
1559 848 1786 928 χάριτος
1833 850 1906 912 εἷς

264 941 422 997 οἶνον
473 939 826 1012 μετεποίηθη.
882 939 1060 1002 Οὕτως
1094 939 1120 995 6
1153 939 1250 1013 μὶν
1285 938 1378 1006 τὴν
1408 935 1701 1018 ἀκρίϐειαν,
1735 961 1906 1015 προσ-

267 1031 432 1097 ούσης
469 1029 653 1092 αὐτοῖς
697 1029 1032 1107 ἐγκρατείας,
1065 1027 1210 1085 ἄκων
1259 1025 1582 1103 ἐπεδείξατο,
1633 1031 1660 1084 6
1705 1027 1759 1084 δὲ
1816 1031 1908 1086 τὸν

261 1121 427 1199 τῦφον
458 1125 557 1187 τῆς
584 1117 882 1184 κενοδοξίας
916 1119 1053 1175 ἑκὼν
1079 1119 1470 1186 κατεπάτησεν.

354 1208 443 1271 Δ’,
499 1211 724 1289 Πτωχὸν
768 1206 823 1264 δὲ
869 1207 1028 1268 πάλιν
1070 1207 1255 1264 ἑαυτόν
1300 1229 1378 1273 τις
1423 1207 1771 1286 ἐπαγγέλλων
1802 1208 1907 1264 τῶν

263 1297 545 1374 ἑπομένων
593 1296 887 1356 σπουδαίων
930 1295 1000 1353 δι’
1060 1296 1229 1378 ὄχλου
1274 1297 1476 1376 ἐγίνετο
1531 1305 1607 1366 τῷ
1639 1299 1905 1376 μακαρίτῃ

264 1386 550 1464 Αὖξεντίῳ,
610 1396 716 1445 τῶν
775 1390 1006 1469 χρωτῶν
1058 1388 1216 1445 αὒτοῦ
1272 1388 1695 1466 σᾶρκοκάλυμμα
1755 1387 1906 1444 εὔλοο

263 1478 385 1557 γίας
447 1479 605 1558 χάριν
662 1481 748 1536 καὶ
806 1479 988 1542 πενίας
1035 1477 1276 1544 ἐξαιτῶν.
1320 1480 1419 1536 Καὶ
1478 1477 1541 1546 δὴ
1589 1481 1716 1556 πρὸς
1748 1479 1904 1538 αὐτόν

263 1592 433 1648 φησιν
463 1585 478 1598 ⁸
527 1569 704 1648 Εὗξαι,
763 1568 857 1626 ’ἕνα
917 1571 943 1624 6
1004 1567 1190 1647 Κύριος
1237 1567 1453 1646 πέμψῃ,
1500 1570 1588 1626 καὶ
1619 1568 1797 1645 λήψῃ·
1845 1569 1904 1626 οὖ

259 1660 366 1736 γὰρ
425 1661 492 1725 ἧν
565 1663 706 1732 αὒτῷ
777 1659 837 1715 ἐκ
893 1661 1194 1736 περιουσίας
1254 1659 1635 1737 ἀμφιάσματα,
1703 1657 1787 1718 διὰ
1844 1661 1904 1717 τὸ

257 1745 476 1805 ἅπαντα
503 1749 568 1805 τΞι
612 1747 946 1824 ἐμπίπτοντα
990 1751 1132 1822 αὖτῷ
1181 1762 1299 1814 τοῖς
1359 1750 1553 1817 πένησι
1605 1747 1900 1813 διαδοῦναι,

258 1838 323 1894 Ὀ
360 1835 415 1894 δὲ
459 1844 557 1906 τῆς
600 1839 950 1919 ὑποσχέσεως
992 1841 1065 1904 ὡς
1117 1843 1457 1918 γραμματίοι)
1487 1836 1898 1915 ἐπιλαϐόμενος,

1993 688 2262 750 agamus,
2323 679 2384 733 et
2434 689 2510 734 ne
2569 689 2724 750 aegre
2782 671 3067 732 feramus.
3104 667 3340 730 Etenim
3375 685 3510 728 cum
3548 666 3638 728 vi-

1993 779 2131 824 num
2187 760 2513 824 defecisset
2573 766 2632 821 in
2683 760 2930 842 nuptiis,
2997 775 3104 838 per
3165 775 3333 819 suam
3386 755 3638 833 gratiam

1992 867 2210 930 aquam
2244 851 2490 913 mutavit
2519 849 2580 911 in
2635 848 2831 912 viuum
2863 849 2917 912 3.
2953 845 3052 912 Sic
3081 845 3235 909 alter
3266 845 3506 927 quidem
3534 863 3638 907 os-

1995 939 2184 1002 tendit
2239 940 2456 1002 invitus
2501 939 2852 1022 perfectam,
2909 956 3045 1019 quae
3090 937 3145 998 ei
3177 935 3409 1011 aderat,
3444 933 3638 996 absti-

1994 1029 2302 1093 nentiam:
2361 1029 2515 1092 alter
2572 1047 2714 1093 vero
2767 1028 2965 1092 libens
3017 1024 3389 1090 conculcavit
3416 1023 3634 1087 fastum

1992 1137 2160 1182 vanae
2184 1119 2412 1199 gloriae.

2073 1208 2408 1273 lV.Rursus
2433 1220 2634 1273 autem
2667 1209 2908 1292 quidam
2939 1227 3008 1270 ex
3039 1207 3179 1269 viris
3209 1205 3385 1268 bonis
3416 1205 3518 1287 qui
3543 1223 3640 1268 se-

1989 1299 2417 1380 quebantur,se
2443 1319 2764 1382 pauperem
2792 1317 2924 1361 esse
2955 1298 3322 1377 signiﬁcans,
3351 1295 3637 1358 molestus

1991 1399 2116 1452 erat
2147 1391 2320 1454 beato
2351 1390 2674 1466 Auxentio,
2712 1397 2923 1471 petens
2975 1389 3048 1450 ab
3082 1406 3152 1450 eo
3184 1385 3488 1448 indusium
3523 1385 3635 1450 be-

1991 1479 2352 1543 nedictionis
2383 1483 2570 1560 gratia
2602 1490 2660 1543 et
2694 1478 3095 1561 paupertatis.
3125 1478 3181 1540 Is
3213 1495 3350 1540 vero
3379 1476 3527 1539 dicit
3554 1477 3634 1541 ei:

1987 1566 2129 1644 Ora,
2162 1581 2227 1632 ut
2257 1569 2545 1633 Dominus
2591 1570 2807 1650 mittat,
2842 1577 2901 1630 et
2947 1587 2981 1630 a
3037 1587 3134 1630 me
3182 1567 3474 1649 accipies.
3506 1565 3636 1629 Non

1990 1659 2149 1720 enim
2184 1669 2612 1741 superaverant
2642 1661 2697 1721 ei
2730 1659 3445 1739 vestimenta,propterea
3475 1655 3636 1739 quod

1988 1767 2362 1830 quaecunque
2393 1751 2452 1810 in
2477 1769 2613 1810 eum
2646 1747 3017 1828 incidebant,
3043 1747 3215 1809 daret
3247 1744 3634 1828 pauperibus.

1990 1837 2095 1901 llle
2127 1857 2265 1901 vero
2299 1840 2760 1921 promissionem
2792 1838 3090 1920 arripiens
3136 1844 3422 1915 tanquam
3455 1836 3636 1898 sche-

259 1927 653 1996 ἀκαταλῆκτως
684 1932 783 1996 τὴν
813 1929 1101 1996 ἀπαίτησιν
1131 1928 1375 1987 ἐποιεῖτο
1407 1947 1421 1962 ⁸
1476 1928 1592 1986 ὅθεν
1639 1929 1722 1987 ἐπὶ
1767 1929 1904 1987 πολῦ

1997 1926 2463 2004 dulam,assidue
2485 1927 3192 2010 exigebat.Quamobrem
3225 1945 3358 1989 cum
3383 1926 3635 1988 multum

256 2017 758 2098 παρενοχλούμενος
789 2022 844 2074 ἓν
876 2025 973 2094 μιᾷ
1009 2019 1205 2096 ἑσπέρᾳ
1236 2017 1398 2076 πάλιν
1430 2019 1557 2097 παρ’
1592 2023 1748 2079 αὐτοῦ
1776 2021 1905 2082 ὑπο-

1997 2019 2040 2081 ei
2073 2026 2235 2080 esset
2284 2021 2597 2097 molestus,
2651 2026 2711 2082 et
2763 2037 2884 2080 una
2931 2036 3182 2099 vespera
3209 2021 3426 2078 rursus
3460 2015 3533 2077 ab
3565 2032 3638 2078 eo

262 2109 550 2182 μνησθεὶς,
610 2115 798 2186 Δεῦρο,
873 2109 1058 2188 φησὶν,
1119 2106 1337 2187 ἀδελφὲ,
1383 2107 1436 2164 ὲν
1481 2109 1704 2187 εὒκχίρῳ
1755 2109 1905 2182 τόπῳ

1997 2115 2146 2171 esset
2176 2109 2546 2187 admonitus,
2603 2107 2750 2171 dicit
2781 2111 2837 2170 ei
2873 2127 2886 2172 :
2933 2107 3136 2189 Adsis,
3166 2107 3374 2182 frater,
3409 2107 3472 2168 in
3503 2106 3640 2168 loco

258 2195 684 2272 ἀποληψόμενος
732 2198 828 2266 τὴν
859 2198 1081 2266 αἴτησιν
1125 2197 1222 2255 καῖ
1265 2195 1621 2254 ἀπαλλάττων
1678 2220 1745 2274 με
1804 2203 1903 2265 τῆς

1997 2206 2330 2280 opportuno
2363 2205 2721 2281 accepturus
2751 2198 3130 2280 petitionem.
3167 2200 3489 2278 Postquam
3536 2212 3638 2257 au-

257 2287 516 2355 τοιαύτης
548 2288 937 2366 περιστάσεως,
972 2289 1066 2352 Ὠς
1098 2287 1152 2344 δὲ
1199 2287 1487 2368 ἅποκρύνρῳ
1535 2288 1685 2361 τόπῳ
1729 2287 1901 2365 ἐγίνε-

1997 2297 2112 2350 tem
2145 2288 2254 2350 fuit
2284 2289 2344 2351 in
2377 2289 2509 2351 loco
2541 2288 2800 2365 occulto,
2836 2287 2997 2350 exuit
3031 2305 3097 2348 se
3134 2292 3334 2348 tunica
3367 2304 3480 2367 qua
3509 2292 3641 2346 erat

255 2397 348 2451 το,
383 2375 510 2456 ὅπερ
541 2377 771 2457 ἠμφίετο
802 2379 1083 2459 στιχάριον
1111 2375 1515 2453 ἀποδυσάμενος
1547 2375 1772 2434 δέδωκεν
1803 2379 1906 2434 αὒ-

257 2473 340 2540 τῷ
369 2468 458 2524 καὶ
503 2464 564 2524 ὲκ
607 2470 702 2526 τοῦ
742 2469 984 2548 φελονίου
1035 2468 1197 2544 μόνον
1242 2466 1448 2544 διῆγεν,
1504 2469 1602 2525 Καὶ
1635 2469 1771 2542 μετὰ
1804 2467 1904 2534 τὴν

257 2556 585 2634 ὒμνολογίαν
663 2557 1090 2638 ἀναχωρούντων
1165 2557 1503 2637 ἀμφοτέρων,
1561 2559 1754 2636 ᾔσθετο
1816 2567 1906 2617 τοῦ

258 2645 532 2725 δράματος
591 2649 619 2703 6
679 2647 929 2728 ἀνωτέρω
984 2646 1298 2727 προῤῥηθεῖς
1371 2647 1563 2718 εὐήθης
1615 2647 1747 2723 ἀνὴρ
1816 2647 1906 2705 καί

1989 2377 2258 2456 indutus,
2289 2386 2347 2441 et
2377 2378 2544 2443 dedit
2565 2379 2718 2456 ei,et
2746 2379 2963 2441 mansit
2991 2379 3052 2440 in
3087 2377 3217 2438 sola
3245 2376 3640 2459 penula.Post

1989 2467 2276 2548 hymnum
2339 2487 2475 2531 vero
2529 2468 2758 2532 dictum
2821 2465 3119 2531 ambobus
3178 2463 3635 2541 recedentibus,

1989 2557 2176 2620 sensit
2197 2557 2356 2639 quod
2382 2558 2606 2621 factum
2638 2557 2969 2638 fuerat,qui
3006 2556 3175 2638 prius
3205 2556 3402 2618 dictus
3434 2563 3525 2618 est
3550 2560 3640 2616 vir

1989 2645 2142 2727 pius,
2178 2659 2239 2709 et
2273 2646 2419 2710 dicit
2450 2647 2504 2710 ei
2541 2670 2554 2709 :
2589 2645 2960 2710 Universane
3015 2648 3134 2708 vita
3179 2654 3278 2708 tua
3307 2647 3389 2708 ita
3416 2651 3633 2726 agitur,

257 2733 409 2814 λέγει
469 2735 610 2810 αὖτῷ
643 2751 657 2766 ⁸
697 2739 847 2796 Πᾶσά
898 2760 992 2795 σου
1029 2737 1059 2804 ἣ
1091 2737 1335 2796 πολιτεία
1364 2738 1449 2794 καὶ
1481 2739 1514 2805 ἡ
1550 2735 1732 2814 ἀγάπη
1767 2737 1902 2805 αὕτη

1997 2749 2050 2798 et
2082 2737 2342 2799 charitas
2367 2746 2488 2811 tua,
2525 2746 2588 2799 ut
2620 2755 2833 2800 carens
2873 2737 3092 2809 tunica,
3128 2735 3302 2798 nobis
3334 2755 3452 2799 non
3485 2754 3636 2797 con-

259 2823 398 2905 ἰστὶ,
443 2825 560 2904 κύρι
621 2825 887 2903 Ᾱῦξέντιε,
949 2826 1044 2882 ἵνα
1088 2828 1472 2905 ὓστερούμενος
1505 2833 1736 2907 χιτῶνος
1766 2829 1902 2902 ἡμῖν

1997 2824 2174 2888 fidas?
2199 2827 2602 2900 Quamobrem
2635 2835 2916 2908 tanquam
2949 2825 3301 2898 subridens,
3337 2825 3484 2887 dicit
3509 2844 3637 2888 am-

259 2916 342 2992 μὴ
372 2914 664 2992 θαρῥιίστις.
699 2914 794 2979 Ὠς
853 2913 1074 2992 μειδιῶν
1132 2915 1187 2973 δέ
1246 2939 1377 2996 φησι
1405 2918 1536 2996 πρὸς
1563 2917 1686 2981 τοὺς
1718 2916 1899 2998 ἀμφο-

1997 2915 2178 2978 bubus
2215 2934 2227 2976 :
2262 2916 2355 2981 Ab
2391 2937 2461 2980 eo
2491 2917 2591 2999 qui
2628 2918 2772 2980 mihi
2806 2917 3140 2999 saepissime
3165 2916 3334 2979 vobis
3367 2933 3635 2996 prasen-

259 3005 446 3082 τέρους
477 3019 492 3034 ⁸
542 3012 645 3063 Τοῦ
687 3003 1008 3070 πλειστάκις
1054 3027 1121 3082 με
1165 3006 1255 3063 ἐπὶ
1294 3008 1444 3082 ὑμῶν
1501 3008 1707 3082 ἱταμῶς
1767 3010 1900 3083 μεθ-

1997 3004 2145 3068 tibus
2201 3005 2587 3084 impudenter
2647 3005 2893 3088 parabat
2938 3005 3213 3079 insidias,
3269 3005 3358 3067 vix
3389 3005 3632 3068 tandem

261 3092 565 3174 οδεύοντος,
602 3092 758 3170 μόλις
785 3093 1112 3174 ἀπηλλάγην
1149 3111 1162 3126 ⁸
1199 3095 1336 3152 ἀλλὰ
1385 3095 1681 3174 παρακαλῶ
1727 3094 1900 3153 ἀπελ-

1997 3113 2116 3156 sum
2151 3094 2462 3160 liberatus.
2495 3097 2614 3158 Sed
2646 3114 2790 3175 rogo
2845 3113 2972 3171 vos,
3006 3105 3070 3156 ut
3099 3113 3306 3158 eamus
3334 3094 3407 3157 ad
3441 3095 3636 3157 domi.

257 3188 378 3240 θεῖν
434 3185 579 3259 ἡμᾶς
653 3185 783 3264 πρὸς
873 3187 963 3242 τὸν
1041 3187 1190 3265 κύριν
1251 3185 1506 3254 Ἰωάννην
1565 3188 1657 3242 τὸν
1715 3186 1768 3242 έν
1825 3194 1902 3247 τῶ

1997 3203 2127 3246 num
2155 3183 2446 3248 Joannem
2503 3188 2888 3262 monachum,
2950 3186 3053 3269 qui
3085 3195 3176 3250 est
3208 3186 3267 3248 in
3295 3184 3510 3267 Clubo,
3543 3186 3632 3246 vi-

262 3270 489 3348 Κλουϐᾦ
521 3261 788 3354 μοναχὸν,
822 3261 1119 3352 ὅψομένους
1151 3275 1248 3344 τὴν
1278 3275 1430 3341 δόξαν
1462 3286 1554 3336 τοῦ
1585 3283 1738 3340 Θεοῦ,

1997 3275 2110 3338 turi
2141 3273 2247 3338 Dei
2271 3276 2549 3354 gloriam.

347 3361 428 3426 E'.
466 3363 770 3431 Συντάξεως
813 3365 900 3422 οὖν
944 3366 1266 3445 γενομένης,
1327 3367 1464 3437 μετὰ
1492 3368 1590 3435 τὴν
1622 3368 1746 3442 μίαν
1793 3389 1897 3426 πα-

2067 3363 2292 3428 V.Cum
2327 3367 2525 3449 itaque
2550 3365 2707 3430 inter
2739 3384 2845 3430 eos
2875 3365 3420 3446 convenisset,post
3449 3383 3634 3428 unum

259 3454 564 3532 ραγίνονται
624 3455 755 3532 πρὸς
803 3456 961 3511 αὐτὸν
1005 3457 1093 3513 καὶ
1136 3457 1298 3534 ὁρῶσι
1343 3458 1435 3512 τὸν
1499 3455 1756 3536 εἰληφότα
1812 3459 1904 3513 τὸν

1997 3453 2148 3516 diem
2183 3455 2257 3517 ad
2292 3476 2428 3518 eum
2459 3457 2802 3536 veniunt,et
2832 3456 3038 3518 vident
3071 3476 3206 3519 eum
3240 3455 3341 3536 qui
3373 3454 3636 3518 tunicam

258 3543 584 3622 χιτωνίσκον
642 3545 960 3622 παρεστῶτα
1021 3545 1246 3624 στυγνόν
1280 3563 1293 3577 ·
1355 3549 1443 3603 καὶ
1488 3547 1623 3622 μετὰ
1665 3547 1763 3612 τὴν
1807 3567 1901 3601 τε-

1997 3547 2548 3625 acceperat,adesse
2578 3548 2833 3608 tristem.
2858 3547 3072 3609 Finitis
3100 3555 3298 3608 autem
3326 3543 3632 3626 precibus,

259 3629 477 3688 λείωσιν
535 3632 632 3700 τῆς
691 3635 861 3712 εὐχῆς
922 3633 1068 3714 λέγει
1127 3638 1154 3691 6
1211 3636 1472 3713 μακάριος
1531 3636 1784 3702 Ἰωάννης
1829 3637 1900 3698 ὡς

1997 3632 2133 3694 dicit
2163 3632 2374 3697 beatus
2404 3639 2688 3711 Joannes,
2724 3644 3016 3716 tanquam
3050 3635 3268 3697 amicis
3298 3633 3422 3694 suis
3453 3642 3513 3695 et
3542 3633 3634 3694 fa-

258 3723 396 3802 πρὸς
427 3724 668 3793 συνήθεις
702 3724 863 3779 αὐτοῦ
895 3725 982 3780 καὶ
1032 3724 1352 3804 προσφιλεῖς
1388 3740 1400 3753 ⁸
1465 3722 1707 3800 Εὕξασθε,
1741 3723 1899 3781 ἀδελ-

1997 3723 2321 3786 miliaribus
2357 3747 2369 3784 :
2400 3724 2601 3798 Orate,
2637 3726 2990 3806 fratres,pro
3022 3726 3140 3788 hoc
3172 3722 3634 3787 mendico.Nam

259 3813 372 3891 φοὶ,
407 3813 524 3890 περὶ
571 3820 665 3869 τοῦ
723 3819 945 3893 πτωχοῦ
994 3815 1207 3889 τούτου,
1245 3813 1326 3871 ὅτι
1357 3815 1423 3870 τὰ
1452 3815 1718 3894 προσόντα
1762 3815 1904 3889 αὒτῷ

1997 3832 2140 3894 quos
2169 3813 2428 3878 habebat
2455 3815 2600 3878 viles
2633 3833 2888 3897 pannos,
2925 3815 3169 3877 abstulit
3201 3813 3422 3895 aliquis
3453 3820 3513 3875 et
3531 3831 3633 3875 au-

259 3902 505 3980 πενιχρὰ
563 3900 691 3981 ἄρας
750 3923 831 3968 τις
887 3900 1204 3980 ἀπέδρασεν.
1267 3904 1326 3962 Ὀ
1389 3901 1443 3960 δὲ
1487 3905 1748 3984 μακάριος
1793 3907 1901 3962 Αὖ-

1997 3904 2156 3981 fugit.
2192 3904 2258 3966 B.
2294 3924 2434 3968 vero
2464 3907 2802 3969 Auxentius
2834 3905 2971 3968 laeto
3007 3905 3165 3967 vultu
3197 3905 3376 3985 cmpit
3417 3903 3496 3979 ei,
3531 3900 3635 3985 qui

261 3988 462 4056 ξέντιος
494 3994 736 4072 χαρίεντι
796 3993 1068 4071 προσώπῳ
1125 3993 1320 4072 ἤρξατο
1352 3994 1600 4073 εὖλογεῖν
1630 3996 1721 4051 τὸν
1750 4006 1905 4055 τοῦτο

1997 3992 2049 4054 id
2084 3993 2308 4056 fecerat
2339 3996 2728 4060 benedicere.
2772 3996 2927 4058 Dicit
2979 4004 3175 4058 autem
3209 3995 3261 4057 ei
3293 3993 3384 4054 vir
3405 3995 3628 4074 justus,

259 4081 525 4160 δράσαντα
561 4098 575 4112 ⁸
625 4084 715 4139 καί
745 4105 910 4162 φησιν
940 4083 1072 4161 πρὸς
1106 4086 1266 4143 αὐτὸν
1302 4087 1325 4140 6
1369 4083 1567 4152 δίκαιος
1600 4085 1735 4165 ἀνὴρ
1763 4088 1834 4151 ὡς
1879 4088 1905 4142 6

1997 4082 2144 4145 sicut
2174 4083 2412 4147 Balaam
2464 4087 2640 4149 Balac
2675 4087 2704 4137 ι
2734 4104 2746 4148 :
2781 4085 2940 4148 Jussi
2970 4095 3026 4148 te
3075 4085 3420 4164 exsecrari;
3477 4091 3536 4145 et
3573 4091 3634 4144 tu

259 4171 448 4227 Βαλὰκ
489 4174 620 4250 πρὸς
691 4175 782 4230 τὸν
842 4171 1090 4249 Βαλαὰμ,
1162 4177 1498 4252 Καταρᾶσθαί
1553 4197 1611 4232 σε
1669 4175 1904 4254 προσκέ-

1997 4174 2042 4233 ei
2076 4173 2432 4239 benedicis?
2461 4175 2861 4257 Respundens
2909 4185 3110 4238 autem
3146 4175 3360 4238 beatus
3391 4179 3637 4238 Auxen-

261 4259 499 4336 κλημαι,
543 4265 632 4319 καὶ
676 4264 738 4318 σὺ
769 4261 1012 4340 εὐλογεῖς
1049 4283 1064 4343 ;
1103 4261 1438 4343 Ἀποκριθεὶς
1483 4264 1538 4321 δὲ
1583 4268 1610 4322 6
1640 4268 1904 4345 μακάριος

1997 4261 2130 4340 lius,
2184 4263 2332 4326 dicit
2383 4266 2714 4330 mendico:
2771 4265 2979 4328 Redde
3041 4275 3175 4328 vota
3223 4273 3324 4328 tua
3352 4263 3635 4338 Domino,

262 4349 540 4416 Αὒξέντιος
575 4349 722 4430 λέγει
752 4359 830 4427 τῷ
873 4349 1028 4419 δῆθεν
1060 4360 1274 4434 πτωχῷ
1306 4373 1320 4388 ⁸
1355 4356 1460 4420 Τὰς
1493 4354 1658 4434 εὐχάς
1692 4377 1785 4412 σου
1815 4359 1905 4412 τοῦ

1997 4352 2200 4431 frater,
2233 4362 2384 4432 quot
2415 4356 2679 4420 habebas
2711 4355 3004 4419 indusia?
3056 4356 3165 4418 ille
3203 4373 3345 4417 vero
3376 4372 3636 4434 respon-

264 4441 480 4520 Κυρίου,
527 4439 743 4522 ἀδελφὲ,
797 4441 939 4499 πόσα
969 4443 1128 4522 εἶχες
1159 4444 1415 4524 στιχάρια
1454 4464 1470 4515 ;
1502 4445 1564 4502 Ὀ
1595 4443 1648 4500 δὲ
1679 4445 1902 4524 ἀπεκρί-

1997 4440 2075 4504 dit
2101 4463 2234 4506 cum
2283 4446 2474 4507 fletu:
2530 4449 2797 4527 Septem,
2835 4454 2895 4508 et
2941 4444 3002 4507 id
3057 4443 3214 4527 quod
3277 4443 3427 4504 mihi
3475 4460 3635 4524 prae-

261 4552 391 4587 νατο
422 4527 543 4607 μετ’
591 4529 818 4611 ὀδυρμοῦ
852 4551 867 4567 ⁸
916 4531 1088 4590 Ἐπτὰ
1147 4537 1252 4589 τῶν
1281 4534 1458 4591 ποδῶν
1490 4557 1586 4592 σου
1618 4537 1706 4592 καὶ
1739 4533 1766 4591 6'
1811 4558 1904 4611 μοι

1997 4531 2189 4596 buisti.
2226 4533 2383 4596 Dicit
2417 4535 2473 4597 ei
2501 4534 2711 4598 beatus
2745 4535 3077 4597 Auxentius
3111 4554 3125 4594 :
3162 4533 3458 4607 Quoniam
3493 4549 3636 4612 ergo

259 4619 564 4700 παρέσχες.
610 4621 766 4700 Λέγει
821 4624 963 4697 αὒτῷ
1008 4624 1035 4678 6
1073 4624 1336 4702 μακάριος
1373 4645 1384 4658 ·
1428 4621 1578 4682 Ἐπεὶ
1623 4625 1712 4682 οὖν
1771 4626 1905 4682 ἑπτὰ

1997 4640 2124 4684 cum
2159 4632 2394 4705 septem
2428 4623 2711 4701 haberes,
2770 4643 2891 4686 non
2936 4622 3099 4686 fuisti
3152 4629 3494 4695 contentus,
3529 4622 3636 4684 sed

260 4708 413 4789 ἔχων
469 4711 563 4768 οὒκ
633 4711 919 4791 ἠρκέσθης,
983 4712 1124 4770 ἀλλὰ
1192 4715 1254 4770 τὸ
1297 4714 1542 4795 ὑπάρχον
1588 4737 1680 4791 μοι
1723 4715 1778 4771 ἓν
1820 4717 1905 4773 ἐπὶ

1997 4728 2199 4787 unum,
2263 4713 2422 4795 quod
2485 4713 2805 4795 habebam,
2860 4721 3085 4776 tantam
3118 4711 3266 4774 mihi
3299 4711 3635 4774 molestiam

260 4805 516 4857 τοσοῦτον
558 4802 979 4883 παρενοχλήσας
1024 4801 1283 4884 εἴληφας,
1325 4805 1517 4860 παῦσαι
1549 4803 1904 4880 λυπούμενος.

260 4895 431 4948 Τοῦτο
484 4891 586 4970 γὰρ
640 4892 867 4949 κάκεῖνα
919 4891 1192 4973 ὃιαδραίσαι
1240 4894 1660 4973 παρεσκεύασεν.
1701 4891 1904 4960 Ἠπίως

261 4978 356 5037 οὖν
398 4983 488 5036 καὶ
538 4990 722 5040 τοῦτον
763 4979 1035 5062 διελέγξας
1100 4987 1387 5063 παράθεσιν
1436 4985 1575 5061 μετὰ
1623 4985 1729 5042 τῶν
1781 5007 1902 5044 συν-

258 5070 433 5126 όντων
463 5071 825 5147 κομισάμενος
855 5071 1047 5149 ἀπῄει.

343 5149 448 5233 ς’.
497 5165 604 5233 Μιᾷ
647 5159 703 5217 δὲ
746 5168 855 5218 τῶν
905 5165 1122 5242 ἡμερῶν
1166 5163 1221 5222 έν
1266 5171 1342 5238 τῷ
1385 5165 1632 5238 παλατίῳ
1674 5164 1902 5244 προϊὼν,

259 5251 360 5326 δρᾷ
410 5271 530 5307 τινα
589 5252 949 5329 κρατούμενον
1000 5254 1103 5310 ὑπὸ
1146 5262 1488 5333 στρατιωτῶν
1517 5255 1612 5312 καί
1659 5276 1906 5335 σφετερι-

259 5339 511 5416 ζόμενον,
602 5339 1030 5419 Προσευξάμενος
1118 5343 1207 5401 οὗν
1298 5343 1438 5423 λέγει
1496 5347 1732 5415 συνήθως
1770 5364 1784 5380 ·
1847 5344 1906 5403 Ὀ

259 5429 520 5509 ῥυόμενος
579 5433 804 5512 πτωχὸν
890 5433 951 5488 ἐκ
1038 5436 1220 5514 χειρὸς
1295 5434 1660 5514 στερεωτέρων
1722 5435 1903 5508 αοῦτοῦ,

261 5518 382 5574 ἐλθὲ
413 5523 502 5576 καὶ
532 5527 618 5577 νῦν
651 5523 783 5598 πρὸς
837 5522 1114 5598 βοήθειαν.
1153 5525 1248 5581 Καὶ
1276 5531 1441 5583 ταῦτα
1473 5525 1633 5583 εὶπὼν
1667 5524 1906 5602 μεσάσας

260 5608 515 5679 ἀνεθῆναι
545 5613 909 5694 παρεσκεύασε
942 5615 1032 5671 τὸν
1068 5611 1253 5694 ἄνδρα.

341 5743 570 5810 3Joan.
607 5762 671 5809 ιι.
759 5747 791 5798 4
818 5744 995 5811 Num.
1029 5761 1192 5823 xxm,
1231 5748 1326 5811 Η.
1411 5747 1444 5799 5
1472 5744 1629 5812 Psal.
1663 5761 1782 5826 xtv,
1817 5747 1919 5821 10.

1989 4802 2307 4878 exhibens,
2340 4804 2649 4882 accepisti,
2709 4803 2824 4864 hoc
2875 4803 3073 4866 effecit
3122 4811 3186 4865 ut
3240 4801 3342 4863 illa
3395 4819 3636 4882 quoque

1987 4891 2283 4971 fugerent.
2317 4893 2462 4956 Cum
2492 4911 2630 4955 eum
2661 4910 2803 4971 ergo
2845 4892 3081 4974 placide
3109 4890 3541 4967 redarguisset,
3575 4896 3636 4949 et

1990 5001 2123 5044 cum
2155 4982 2227 5044 iis
2259 4985 2358 5063 qui
2391 4983 2573 5046 simul
2605 4991 2773 5046 erant
2814 4983 3106 5047 ferculum
3139 4979 3497 5060 accepisset,
3527 4994 3632 5039 re-

1991 5071 2193 5136 cessit.

2072 5160 2170 5225 Vl.
2205 5161 2470 5234 Quodam
2504 5181 2646 5225 vero
2679 5163 2778 5225 die
2803 5162 2864 5225 in
2897 5161 3114 5243 palatio
3145 5157 3504 5240 procedens,
3537 5157 3630 5218 vi-

1991 5253 2094 5316 det
2122 5252 2439 5334 quemdam
2475 5253 2669 5315 teneri
2727 5261 2788 5315 et
2840 5253 2998 5314 trahi
3028 5269 3063 5312 a
3093 5249 3406 5312 militibus.
3439 5246 3634 5312 Orans

1991 5351 2186 5406 autem
2220 5343 2365 5405 dicit
2393 5342 2468 5405 de
2501 5361 2668 5406 more
2702 5360 2716 5406 :
2779 5341 2890 5414 Qui
2954 5341 3175 5403 liberas
3227 5338 3566 5402 mendicum
3597 5357 3634 5401 a

1993 5453 2171 5497 manu
2204 5434 2358 5514 ejus,
2393 5435 2492 5515 qui
2547 5443 2685 5495 sunt
2741 5434 2869 5514 ipso
2925 5431 3230 5506 fortiores,
3286 5429 3422 5493 veni
3474 5447 3634 5493 nunc

1991 5543 2232 5607 quoque
2264 5525 2335 5585 ad
2396 5524 2658 5587 dandum
2691 5522 2978 5586 auxilium
3006 5524 3059 5586 5.
3093 5519 3236 5593 Quas
3266 5537 3400 5583 cum
3435 5518 3631 5584 dixis-

1992 5621 2108 5693 set,
2142 5613 2344 5676 etfecit
2368 5622 2434 5676 ut
2462 5614 2512 5676 is
2539 5614 2931 5677 relaxaretur.
