4060 6206
439 271 592 345 1383

1702 275 1866 343 ΜΕΝ
1871 275 1983 340 SIS
2023 273 2531 342 FEBRUARIUS.

3654 281 3800 348 1384

515 413 646 476 VII.
673 411 996 476 Transiens
1047 418 1245 474 autem
1307 428 1415 492 per
1469 411 1900 494 Battopolium,
1934 409 2065 472 vidit

2243 404 2322 475 Ζί,
2374 413 2471 469 Διὰ
2524 411 2886 470 Βαττοπολιοῦ
2930 412 2987 470 δὲ
3034 415 3237 494 παριὼν
3280 416 3533 475 ἐθεάσατο
3564 417 3684 479 τοὺς
3708 419 3803 494 ἱρ-

433 503 724 588 quosdam
757 503 1005 584 opiﬁces
1027 500 1322 563 deﬁentes
1354 507 1413 562 et
1443 500 1759 563 dicentes:
1793 500 1977 566 Venit
2002 498 2075 562 ad

432 614 547 658 nos
593 603 830 675 tempus
887 611 1006 674 quo
1055 590 1244 653 simus
1294 589 1496 668 otiosi,
1535 600 1594 654 et
1625 590 1775 653 nihil
1805 609 2074 672 agamus,

431 685 785 750 claudamus
815 690 1052 745 nostras
1080 681 1373 744 ofﬁcinas.
1410 680 1556 745 Cum
1587 699 1730 745 vero
1762 681 2072 762 audiisset,

431 783 491 839 et
521 792 728 837 eorum
755 781 915 834 esset
948 771 1236 835 misertus
1267 771 1490 834 Christi
1523 771 1697 833 miles
1718 771 2072 845 Auxentius,

430 865 530 927 die
562 861 836 944 sequenti
861 861 1182 924 divertitin
1208 879 1386 924 unam
1412 880 1480 923 ex
1511 860 1630 922 illis
1663 861 2077 943 olﬁcinis,mu-

428 962 548 1017 tato
597 953 827 1028 habitu,
892 960 956 1014 ut
1018 952 1211 1013 fertur
1265 951 1341 1013 de
1398 950 1752 1032 Serapione,
1789 959 1845 1012 et
1877 951 2071 1015 dicit:

428 1043 617 1119 Quam
653 1042 999 1106 mercedem
1031 1041 1180 1104 mihi
1212 1040 1456 1117 dabitis,
1493 1050 1554 1102 et
1581 1041 1752 1103 stabo
1784 1041 1844 1102 iu
1877 1049 2076 1103 vestra

428 1135 718 1197 ofﬁcina?
771 1132 859 1196 Illi
910 1140 1110 1194 autem
1162 1130 1499 1194 dixerunt:
1557 1130 1910 1194 Ludiﬁcaris
1942 1150 2072 1207 nos,

421 1224 687 1304 juvenis.
719 1221 1035 1296 Quomodo
1086 1219 1199 1282 tibi
1232 1219 1509 1282 dabimus
1535 1219 1903 1295 mercedem,
1937 1239 2074 1283 cum

425 1315 617 1377 simus
647 1319 992 1396 pauperes?
1020 1310 1422 1392 Respondens
1453 1311 1771 1392 vero,dixit
1806 1311 1915 1372 eis:
1953 1312 2072 1375 La-

426 1403 659 1468 borabo
689 1403 1023 1480 vobiscum,
1051 1401 1361 1482 accipiens
1387 1400 1655 1482 quotidie
1686 1409 1806 1462 tres
1837 1400 2069 1463 obolos.

424 1493 520 1557 Illi
555 1501 756 1558 autem
796 1492 908 1556 laeti
944 1511 1081 1555 eum
1116 1498 1504 1572 acceperunt.
1545 1489 1654 1564 Qui
1689 1510 1827 1552 cum
1863 1490 2076 1553 fuisset

425 1584 556 1648 illic
587 1593 707 1647 tres
738 1582 891 1659 dies,
926 1582 1100 1645 valde
1131 1582 1322 1644 crevit
1353 1589 1412 1643 et
1444 1581 1649 1642 floruit
1677 1581 1782 1643 illa
1807 1581 2068 1644 ofﬁcina.

428 1674 711 1757 Acceptis
743 1673 948 1752 itaque
977 1691 1188 1735 novem
1225 1670 1444 1748 obolis,
1480 1672 1730 1734 recessit
1758 1671 1831 1733 ab
1863 1671 2072 1733 illis.Is

2163 506 2556 583 γάστηριακοὸς
2611 504 3036 586 ἇποδυρομένους
3089 509 3174 566 καὶ
3230 508 3485 588 λέγοντας
3525 526 3539 540 ⁸
3609 512 3804 588 Καιρὸς

2163 595 2297 671 ἡμῖν
2343 593 2565 676 ἔφθασεν
2623 594 2887 676 ἀπραγίας
2916 614 2933 632 ⁸
2982 594 3280 676 κλείσωμεν
3355 598 3419 656 τὰ
3479 597 3809 679 ἐργαστήρια

2160 685 2339 760 ἡμῶν.
2397 684 2661 750 Ἀκούσας
2720 684 2774 742 δὲ
2829 687 2917 744 καὶ
2973 690 3327 765 συμπαθήσας
3401 691 3586 753 αὐτοῖς
3633 691 3662 745 ὁ
3714 686 3808 746 τοῦ

2162 780 2394 852 Χριστοῦ
2437 777 2796 850 στρατιώτης,
2826 777 3082 835 κατέλυσε
3135 801 3204 855 τῃ
3247 778 3370 847 ὶξης
3420 782 3477 836 ἐν
3521 780 3600 854 τῷ
3644 778 3806 858 ἐργα-

2159 865 2359 943 στηρίῳ
2403 865 2612 944 ἐκείνῳ,
2674 865 2904 933 ἀλλάξας
2960 870 3022 925 τὸ
3077 873 3270 949 σχῆμα
3314 869 3476 926 αὐτοῦ
3518 869 3656 926 κατὰ
3717 871 3807 925 τὸν

2158 953 2271 1029 βίον
2329 955 2677 1036 Σεραπίονος,
2739 957 2827 1013 καὶ
2870 955 3016 1036 λέγει
3076 963 3262 1024 αὗτοϊς
3297 973 3315 990 ⁸
3373 960 3436 1018 Τί
3479 981 3570 1035 μοι
3639 956 3809 1016 δίδοτε

2158 1046 2370 1119 μισθὸν,
2418 1046 2506 1100 καὶ
2548 1044 2774 1120 ἵσταμαι
2849 1045 2905 1102 ἐν
2961 1049 3038 1122 τῷ
3089 1048 3425 1128 ἐργαστηρίῳ
3473 1051 3677 1125 ἧμῶνς
3750 1049 3810 1107 οι

2160 1131 2214 1188 δὲ
2273 1137 2429 1192 εἷπον
2467 1151 2480 1166 ⁸
2547 1137 2907 1207 Καταπαίζεις
2968 1138 3148 1215 ἡμῶν,
3216 1138 3464 1218 νεώτερε.
3521 1139 3691 1196 Πόθεν
3724 1159 3807 1196 σοι

2158 1220 2399 1298 δώσομεν
2487 1225 2694 1300 μισθὸν,
2772 1224 2962 1304 ἄποροι
3034 1225 3232 1308 ὄντεςς
3316 1229 3416 1287 Καὶ
3489 1228 3806 1307 ἀποκριθεὶς

2159 1313 2313 1367 εἶπεν
2359 1315 2542 1376 αὖτοϊς
2581 1328 2595 1343 ⁸
2636 1313 2833 1388 Κάμνω
2876 1315 2968 1371 σὺν
3011 1318 3140 1392 ὑμῖν
3185 1315 3472 1394 λαμϐάνων
3505 1318 3628 1374 καθ’
3657 1315 3805 1393 ἦμέ-

2157 1423 2250 1479 ραν
2302 1400 2518 1481 φόλλεις
2564 1416 2712 1482 τρεῖς
2748 1421 2766 1440 ⁶
2815 1406 2859 1460 οἱ
2920 1403 2976 1460 δὲ
3033 1406 3294 1486 χαρέντες
3328 1407 3571 1474 ἐδέξαντο
3615 1408 3799 1484 αὐτόν,

2155 1492 2241 1547 καὶ
2326 1493 2560 1562 ποιήσας
2647 1492 2766 1550 ἐκεῖ
2841 1508 2989 1572 τρεῖς
3047 1495 3255 1577 ἡμέρας
3327 1497 3657 1577 ὑπερηύξατο
3710 1498 3800 1554 καὶ

2156 1581 2405 1638 άνέθαλεν
2462 1584 2523 1639 τὸ
2600 1581 2949 1664 ἐργαστήριον
3028 1585 3230 1648 ἐκεῖνο.
3297 1586 3486 1644 Λαϐὼν
3531 1588 3621 1645 οὖν
3676 1588 3801 1651 τοὺς

2155 1671 2304 1727 ἐννέα
2338 1670 2574 1752 φόλλεις,
2638 1672 2852 1741 ἐξῆλθεν
2898 1673 2992 1732 ἀπ’
3050 1675 3249 1757 αὐτῶν,
3306 1679 3394 1734 καὶ
3430 1676 3627 1735 ἔδωκεν
3669 1678 3804 1734 αὖτὰ

425 1773 624 1830 autem
675 1783 746 1827 ea
777 1763 946 1826 dedit
992 1762 1378 1845 pauperibus.
1435 1762 1650 1824 Dolore
1694 1779 1836 1823 vero
1869 1761 2065 1824 affecti

2156 1776 2432 1842 πτωχοῖς.
2469 1760 2847 1834 Ἐλυπήθησαν
2897 1767 2946 1822 οἱ
2989 1775 3081 1826 τοῦ
3139 1767 3490 1848 ἐργαστηρίου
3545 1765 3802 1833 ἐξελθόν-

425 1862 568 1920 sunt
593 1853 842 1936 opiﬁces
873 1852 1033 1914 illius
1063 1852 1595 1930 ofﬁcinae,egresso
1618 1850 2065 1913 admirabilium

425 1946 715 2008 effectore
768 1943 1090 2006 Auxentio.
1153 1939 1304 2005 Tres
1360 1941 1522 2004 enim
1577 1941 1730 2016 dies,
1763 1960 1911 2020 quos
1942 1941 2068 2003 illic

426 2035 572 2115 egit,
590 2051 710 2096 non
741 2034 992 2112 gustavit
1023 2050 1220 2113 neque
1253 2050 1466 2113 panem
1496 2049 1691 2112 neque
1722 2032 2068 2107 vinum,nec

420 2123 645 2206 aliquid
669 2121 832 2186 aliud
869 2140 884 2187 :
924 2121 1072 2184 adeo
1104 2128 1171 2184 ut
1203 2122 1704 2199 mirarentur,qui
1727 2121 1850 2182 illic
1874 2130 2062 2197 erant,

423 2221 486 2276 et
513 2212 788 2275 dicerent
816 2211 872 2274 ei
903 2229 918 2272 ε
958 2209 1075 2272 Cur
1105 2228 1226 2271 non
1257 2210 1530 2272 comedis
1561 2219 1623 2272 et
1655 2209 1812 2272 bibis
1865 2210 2070 2273 nobis-

426 2321 561 2367 cum
591 2299 695 2364 ‘!Is
723 2319 864 2366 vero
896 2299 1138 2363 dicebat
1169 2299 1255 2362 eis
1293 2321 1306 2362 :
1346 2297 1510 2362 «Non
1545 2299 1606 2361 in
1640 2302 1766 2362 solo
1800 2320 1955 2382 pane
1976 2301 2066 2363 vi-

423 2393 506 2455 vit
533 2392 743 2470 homo,
780 2389 886 2454 sed
919 2395 980 2450 in
1003 2389 1168 2451 omni
1201 2388 1408 2465 verbo,
1443 2389 1600 2471 quod
1634 2392 1935 2469 egreditur
1963 2409 2070 2472 per

423 2501 489 2547 os
517 2481 621 2544 Dei
653 2479 708 2546 6.
751 2506 773 2542 ι
807 2479 902 2542 Illi
941 2496 1086 2542 vero
1139 2479 1461 2554 siluerunt,
1499 2498 1616 2542 non
1653 2482 1776 2542 ausi
1811 2481 2068 2562 amplius

421 2571 475 2634 ei
507 2589 641 2635 esse
673 2570 931 2646 molesti,
969 2568 1394 2631 renuntiarunt
1431 2578 1631 2632 autem
1685 2589 1924 2632 omnem
1961 2589 2065 2633 co-

423 2662 580 2743 piam
615 2671 675 2724 et
705 2660 1188 2740 prosperitatem,
1225 2678 1356 2740 qua;
1385 2658 1535 2722 facta
1591 2668 1681 2721 est
1714 2678 1820 2741 per
1855 2679 2066 2741 preces

424 2753 558 2834 ejus
582 2751 645 2814 in
671 2750 911 2813 ofﬁcina
939 2767 1068 2830 sua,
1103 2748 1288 2811 Deum
1322 2748 1752 2830 gloriﬁcantes.

499 2840 650 2904 VIII.
681 2842 913 2906 Rursus
939 2857 1080 2903 vero
1108 2839 1334 2920 aliquot
1367 2847 1502 2921 post
1531 2837 1770 2917 diebus,
1802 2841 2066 2902 venienti

419 2932 531 3014 ipsi
565 2930 626 2995 in
659 2930 940 3013 palatium
1001 2930 1263 2993 occurrit
1321 2929 1593 3007 quaedam
1657 2929 1876 2992 mulier
1907 2950 2064 3011 prae-

418 3040 632 3102 gnans,
668 3020 859 3103 passis
890 3018 1183 3101 crinibus,
1217 3018 1483 3082 clamans
1513 3037 1526 3079 :
1564 3017 1610 3082 Ο
1666 3019 1777 3095 vis,
1814 3039 1948 3101 qua:
1977 3023 2065 3082 af-

2151 1874 2241 1915 τος
2286 1861 2377 1911 τοῦ
2428 1856 2848 1933 θαυματουργοῦ.
2922 1857 3028 1920 Τὰς
3100 1857 3200 1936 γὰρ
3255 1872 3403 1936 τρεῖς
3457 1857 3666 1937 ἡμέρας
3734 1855 3801 1922 ἔς

2153 1941 2403 2010 ἐποίησεν
2461 1943 2601 2024 ἐκεῖ⁷
2665 1945 2759 2001 οὒκ
2789 1943 3104 2027 ἐνοσφίσατο
3136 1946 3254 2005 οὔτε
3285 1946 3446 2028 ἄρτου
3480 1946 3598 2006 οὔτε
3644 1945 3800 2006 οἴνου

2154 2030 2273 2090 οὔτε
2327 2031 2493 2089 ἄλλου
2553 2034 2725 2114 τινὸς,
2772 2033 2912 2090 ὥστε
2954 2037 3238 2112 θαυμάζειν
3302 2039 3424 2102 τοὺς
3477 2037 3656 2095 ἐκεῖσε
3715 2037 3804 2093 καί

2153 2120 2332 2200 λέγειν
2393 2122 2533 2197 αὖτῷ
2568 2140 2582 2156 ·
2634 2125 2732 2184 Διὰ
2798 2124 2850 2180 τί
2899 2124 2995 2182 οὒκ
3053 2125 3242 2190 ἐσθίεις
3307 2128 3399 2185 σὺν
3457 2130 3653 2203 inus;
3712 2126 3801 2183 καὶ

2151 2212 2309 2268 εἶπεν
2339 2213 2523 2276 αὖτοϊς
2559 2227 2572 2241 ·
2641 2235 2667 2267 α
2701 2213 3023 2292 Γέγραπται,
3061 2217 3167 2274 Οὐκ
3219 2215 3304 2273 ἐπ’
3338 2217 3480 2296 ἄρτῳ
3509 2217 3658 2292 μόνῳ
3686 2217 3796 2287 ζή-

2150 2323 2300 2358 σεται
2361 2298 2658 2380 ἅνθρωπος,
2717 2301 2839 2360 ἀλλ’
2901 2304 2986 2361 ἐπὶ
3039 2307 3193 2363 παντῖ
3245 2307 3447 2385 ῥήματι
3494 2307 3798 2384 ἐκπορευο-

2151 2391 2296 2469 μένῳ
2340 2389 2423 2446 διὰ
2455 2391 2722 2468 στόματος
2757 2401 2910 2454 Θεοῦ.
2949 2418 2976 2449 n
3027 2398 3087 2454 Οἱ
3117 2395 3172 2452 δὲ
3224 2397 3534 2466 ἐσιώπησαν
3594 2397 3799 2474 μηκέτι

2149 2481 2520 2558 τολμήσαντες
2580 2481 2820 2563 ὄχλῆσαι
2880 2485 3023 2559 αύτῷ
3057 2501 3072 2516 ⁸
3121 2487 3457 2566 ἀπήγγειλαν
3513 2485 3566 2543 δὲ
3629 2493 3799 2543 πᾶσιν

2148 2573 2247 2638 τὴν
2295 2572 2544 2650 εὐπορίαν
2604 2595 2662 2630 τε
2721 2575 2808 2630 καὶ
2855 2574 3152 2632 εύσθένειαν
3213 2577 3308 2644 τὴν
3359 2576 3656 2655 γενομένην
3709 2574 3799 2632 διὰ

2147 2664 2254 2720 τῶν
2311 2663 2488 2742 εὐχῶν
2543 2665 2699 2722 αὐτοῦ
2760 2663 2815 2718 ἐν
2866 2664 3197 2743 ἐργαστηρίῳ
3274 2666 3418 2742 αὖτῷ
3473 2664 3798 2732 δοξάσαντες

2149 2753 2241 2808 τὸν
2286 2752 2439 2814 θεόν,

2232 2840 2326 2900 Η¹.
2376 2840 2540 2900 Πάλιν
2599 2840 2653 2899 δὲ
2702 2841 2818 2918 μεθ’
2880 2845 3082 2924 ἡμέρας
3112 2848 3265 2912 τινας
3296 2846 3595 2927 ἐρχομένω
3631 2848 3796 2904 αὐτοῦ

2150 2932 2204 2988 ἐν
2249 2938 2325 3006 τῷ
2369 2931 2635 3008 παλατίῳ,
2669 2933 2964 2992 ὓπαντᾶται
3018 2937 3160 3012 αὗτῷ
3207 2937 3332 3015 γυνὴ
3390 2936 3576 3015 ἔγκυος
3636 2939 3768 2994 οὖσα

2149 3019 2483 3100 λυσίτριχος,
2544 3023 2806 3101 κράζουσα
2841 3045 2856 3062 ο

3777 2984 3796 3018 1

2933 3019 2999 3079 Ὠ
3064 3026 3150 3101 βία
3217 3026 3323 3082 ἀπὸ
3367 3024 3646 3092 Αὗξεντὶου
3700 3033 3799 3082 τοῦ

417 3097 611 3177 fertur
643 3097 719 3174 ab
770 3110 1096 3184 Auxentio,
1154 3097 1260 3191 qui
1307 3109 1569 3172 comedit
1601 3097 1917 3171 daemonia.
1957 3109 2062 3170 Vi-

2153 3097 2616 3191 thuowo‘qa'yout'
2675 3112 2850 3170 εἴκοσι
2898 3112 2992 3183 ἔτη
3045 3097 3159 3194 έχω
3208 3116 3574 3192 κρυπτόμενος
3637 3115 3691 3172 ἐν
3730 3121 3800 3190 τῇ

425 3203 576 3282 ginti
601 3219 792 3264 annos
815 3201 960 3262 latui
994 3200 1053 3261 in
1085 3200 1198 3261 hac
1237 3206 1534 3272 creatura,
1571 3207 1628 3260 et
1677 3198 1807 3278 ejus
1840 3199 2063 3261 transi-

425 3301 523 3354 tus
555 3309 653 3354 me
678 3288 928 3352 abduxit
957 3289 1028 3350 ab
1062 3288 1240 3368 hujus
1274 3287 1593 3367 unguibus.
1629 3287 1730 3350 Sic
1762 3288 1922 3349 enim
1958 3308 2066 3370 per

419 3398 518 3443 me
547 3378 788 3442 transiit
825 3386 1105 3460 tanquam
1139 3375 1326 3451 ensis,
1359 3383 1416 3438 et
1473 3395 1570 3440 me
1602 3375 1921 3459 discerpsit
1959 3398 1972 3442 :
2007 3388 2064 3442 et

421 3487 566 3534 ecce
594 3485 844 3552 separor
870 3467 943 3530 ab
976 3469 1085 3530 hac
1115 3475 1392 3530 creatura
1421 3473 1560 3547 post
1589 3465 1847 3547 spatium
1879 3469 2064 3548 vigin-

417 3561 463 3623 ti
494 3578 812 3625 annorum.
845 3557 1013 3640 Equo
1047 3566 1246 3620 autem
1300 3576 1407 3620 suo
1441 3555 1700 3620 subditis
1728 3557 2064 3620 calcaribus

419 3650 637 3714 Christi
700 3669 906 3713 servus
947 3648 1298 3722 Auxentius,
1362 3666 1440 3710 ne
1469 3656 1936 3726 cognosceretur
1987 3647 2061 3712 ab

417 3739 788 3817 hominibus,
821 3738 1140 3802 festinabat
1171 3739 1449 3813 transire,
1483 3737 1687 3799 celans
1721 3755 1852 3819 quae
1881 3739 1942 3799 in
1997 3757 2061 3802 se

418 3839 568 3908 erat,
602 3830 876 3913 gratiam.
935 3828 1288 3893 lmmundus
1331 3834 1531 3889 autem
1565 3826 1810 3907 spiritus
1850 3846 2062 3910 seque-

416 3922 594 3985 batur
624 3938 788 4002 eum,
820 3919 1032 3982 dicens
1065 3936 1077 3978 :
1117 3916 1273 3991 Quid
1338 3935 1433 3978 me
1489 3917 1676 3978 trahis
1698 3914 1729 3975 ‘I
1760 3917 2057 3995 egredior.

417 4011 804 4091 Congregatae
862 4027 1002 4071 vero
1054 4015 1196 4070 sunt
1249 4006 1409 4069 circa
1443 4023 1577 4068 eum
1615 4006 1814 4070 multa
1847 4006 2056 4084 turbae,

415 4101 568 4165 adeo
601 4109 664 4164 ut
693 4100 1004 4180 suspirans
1034 4107 1093 4159 et
1140 4099 1292 4160 flens
1345 4095 1553 4158 beatus
1583 4096 1858 4172 craverit,
1894 4106 1961 4159 ut
1991 4117 2061 4160 ea

414 4197 747 4254 curaretur.
780 4187 905 4252 Hoc
931 4196 1126 4250 autem
1161 4187 1340 4262 facto,
1371 4194 1431 4248 et
1463 4204 1531 4247 ea
1565 4185 1763 4247 statim
1801 4186 2056 4248 munda-

415 4288 495 4358 ta,
548 4279 737 4343 illaaso
795 4279 942 4341 fastu
997 4282 1156 4356 (erat
1215 4276 1378 4338 enim
1412 4276 2061 4357 gravida),stupebant

2146 3199 2339 3257 πλάσει
2388 3203 2576 3280 ταύτῃ,
2637 3203 2725 3258 καὶ
2758 3204 2793 3270 ἡ
2825 3202 3054 3282 πάροδος
3090 3207 3249 3265 αὖτοῦ
3277 3206 3550 3284 ἀνήγαγεν
3581 3228 3654 3279 με
3687 3205 3802 3261 ἀπό

2145 3297 2251 3347 τῶν
2285 3291 2505 3371 ὀνύχων
2537 3291 2702 3359 αὐτῆς
2739 3311 2754 3326 ·
2818 3292 2982 3360 οὕτως
3029 3294 3130 3374 γὰρ
3167 3293 3344 3364 διῆλθε
3378 3292 3449 3351 δι’
3478 3295 3631 3371 ἐμοῦ,
3677 3293 3800 3352 ὥσ-

2147 3402 2245 3460 περ
2291 3379 2435 3462 ξίφος
2493 3383 2580 3438 καὶ
2630 3379 2972 3462 διεσπὰραξέν
3049 3405 3142 3465 με,
3187 3387 3275 3442 καὶ
3319 3383 3431 3442 ἰδοὺ
3488 3385 3801 3465 χωρίζομαι

2148 3471 2254 3527 ἀπὸ
2299 3471 2397 3539 τῆς
2463 3469 2712 3537 πλάσεως
2770 3474 2970 3540 ταύτης
3021 3472 3106 3530 διὰ
3136 3475 3344 3532 εἴκοσιν
3376 3474 3533 3536 ἐτῶν.
3567 3475 3801 3551 Πτερνίο

2145 3583 2245 3625 σας
2303 3559 2357 3616 δὲ
2415 3562 2506 3617 τὸν
2563 3561 2737 3620 ’ίππον
2800 3563 2957 3620 αὐτοῦ
3007 3566 3034 3620 ὁ
3099 3562 3372 3642 ἄνθρωπος
3418 3573 3512 3624 τοῦ
3561 3563 3803 3642 Χριστοῦ

2147 3653 2278 3730 πρὸς
2324 3651 2385 3706 τὸ
2437 3651 2514 3725 μὴ
2569 3655 2869 3729 γνωσθῆναι
2927 3654 3030 3710 ι’)πὸ
3061 3660 3166 3711 τῶν
3221 3653 3538 3734 ἀνθρώπων,
3585 3652 3794 3710 ἔσπευ-

2146 3738 2230 3797 δεν
2292 3739 2579 3818 παρελθεῖν
2641 3742 2890 3821 κρύπτων
2933 3744 3032 3811 τὴν
3083 3743 3137 3799 ἐν
3192 3748 3336 3819 αὖτῷ
3379 3745 3540 3825 χάριν
3576 3763 3590 3777 ⁶
3638 3744 3700 3801 τὸ
3734 3741 3794 3798 δὲ

2145 3830 2442 3907 ἀκάθαρτον
2501 3840 2709 3907 πνεῦμα
2769 3831 2964 3911 σχεδὸν
3022 3831 3298 3900 ἠκολούθει
3372 3835 3515 3908 αύτῷ
3557 3831 3736 3912 λέγων
3777 3852 3791 3866 ·

2147 3921 2206 3977 Τί
2234 3941 2301 3996 με
2333 3918 2507 3985 ἕλκεις
2543 3940 2557 4000 ;
2623 3919 2938 4001 ἐξέρχομαι.
2999 3924 3359 4003 Συνήχθησαν
3389 3921 3444 3979 δὲ
3479 3923 3598 4002 περῖ
3630 3925 3795 3982 αὐτὸν

2145 4008 2302 4088 ὄχλοι
2354 4009 2565 4084 πολλοὶ,
2617 4012 2690 4074 ὡς
2741 4011 3064 4078 στενάξαντα
3121 4016 3212 4070 τὸν
3273 4013 3538 4092 μακάριον
3566 4015 3656 4069 καὶ
3687 4011 3792 4069 δα-

2144 4101 2408 4175 κρύσαντα
2459 4099 2698 4164 εὔξασθαι
2760 4105 2853 4157 τοῦ
2906 4102 3114 4170 ἰαθῆναι
3187 4104 3373 4175 αὖτγίν,
3448 4103 3651 4161 Τούτου
3700 4104 3802 4160 οὖν

2144 4189 2434 4266 γενομένου
2491 4191 2579 4247 καὶ
2654 4193 2992 4271 παραχρῆμα
3037 4193 3446 4274 καθαρισθείσης
3475 4195 3669 4268 αὖτῆς,
3720 4194 3805 4270 μὴ

2145 4277 2489 4346 ἀδικηθέντος
2519 4285 2612 4336 τοῦ
2656 4280 2878 4359 βρέφους
2938 4281 3217 4360 (ἐγκύμων
3271 4284 3372 4362 γὰρ
3399 4283 3494 4360 ἦν)
3525 4281 3807 4348 ἐξίσταντο

415 4389 626 4434 omnes
657 4377 718 4433 et
768 4366 1245 4442 admirabantur,
1297 4365 1488 4429 Deum
1521 4366 1927 4447 gloriﬁcantes
1957 4368 2058 4448 qui

2153 4370 2364 4450 πάντες,
2412 4371 2505 4426 καί
2581 4370 2899 4447 ἐθαύμαζον,
2956 4369 3262 4443 δοξάζοντες
3325 4375 3421 4430 τὸν
3478 4375 3640 4448 Θεὸν,
3701 4375 3804 4430 τὸν

413 4459 596 4524 talem
631 4466 980 4541 potestatem
1025 4456 1192 4520 dedit
1242 4457 1428 4520 servis
1463 4458 1588 4521 suis
1617 4455 1908 4520 adversus
1939 4458 2056 4520 im-

415 4550 672 4612 mundos
706 4547 974 4630 spiritus.

2141 4460 2393 4526 τοιαύτην
2459 4458 2693 4524 ἐξουσίαν
2759 4462 2896 4518 κατὰ
2967 4463 3276 4541 ἀκαθάρτων
3326 4462 3650 4540 πνευμάτων
3708 4462 3800 4519 δι-

2145 4551 2305 4608 δόντα
2334 4563 2455 4615 τοτς
2489 4546 2696 4613 δούλοις
2728 4551 2910 4614 αὐτοῦ.

1915 4712 2156 4781 CAPUT
2198 4715 2274 4782 II.

651 4832 978 4898 Habitatio
1008 4833 1074 4898 S.
1109 4834 1402 4897 Auarentii
1415 4836 1610 4913 juxta
1645 4833 1871 4899 Oxiam
1903 4843 2169 4904 montem
2202 4860 2222 4904 :
2253 4857 2409 4904 casa
2441 4839 2818 4916 illuminata,
2851 4842 3247 4930 cnergzgmem‘
3274 4839 3537 4905 liberati.

490 4967 591 5038 IX.
627 4975 948 5054 Postquam
985 4980 1181 5033 autem
1209 4971 1335 5033 hzec
1361 4970 1509 5032 facta
1536 4980 1827 5047 sunl,non
1851 4971 2058 5034 volens

411 5060 634 5128 Christi
657 5062 831 5124 miles
855 5064 1196 5124 Auxentius
1220 5059 1449 5121 laudari
1474 5059 1548 5121 ab
1575 5059 2055 5136 hominibus,sed

413 5153 704 5216 encomiis
730 5150 1026 5214 celebrari
1049 5151 1122 5212 ab
1148 5149 1620 5229 angelis,spiritu
1647 5149 2055 5230 praevidensin

413 5243 790 5304 sanctissima
804 5240 1076 5303 Ecclesia
1099 5239 1459 5301 nascituram
1486 5239 1618 5301 vani
1634 5239 1926 5318 dogmatis
1941 5240 2058 5303 Ιιω-

414 5330 1253 5412 resim,Nestorii,inquam,et
1272 5328 1798 5410 Eutychis,relicta
1817 5339 2056 5393 terrena

414 5421 622 5482 militia
647 5429 705 5482 et
725 5421 860 5481 aula
883 5420 1430 5501 imperatoris,cum
1467 5437 1680 5498 magno
1712 5419 1928 5499 gaudio
1955 5440 2054 5501 pe-

411 5509 565 5588 regit
593 5509 653 5571 id
684 5511 844 5590 quod
879 5509 1021 5571 olim
1054 5507 1464 5574 desiderabat.
1493 5510 1642 5573 Nam
1671 5508 1747 5571 ab
1777 5510 2056 5574 omnibus

488 5628 520 5678 6
549 5626 748 5689 Matth.
785 5642 864 5700 Iv,
901 5627 959 5689 4.

2223 4975 2284 5032 Θ¹
2337 4975 2481 5032 Μετὰ
2523 4975 2578 5031 δὲ
2622 4977 2682 5032 τὸ
2725 4975 2967 5054 γενέσθαι
3018 4978 3198 5051 ταῦτο,
3252 4977 3331 5053 μὴ
3375 4977 3706 5053 βουλόμενος
3766 4980 3798 5035 ὃ

2144 5072 2232 5121 τοῦ
2293 5073 2519 5144 Χριστοῦ
2565 5070 2895 5144 στρατιώτης
2951 5066 3092 5135 παρὰ
3144 5072 3250 5123 τῶν
3301 5067 3595 5144 ἀνθρώπων
3627 5068 3793 5125 ἐπαί-

2141 5158 2342 5232 ρεσθαι,
2437 5153 2572 5211 ἄλλα
2631 5156 2773 5233 παρὰ
2843 5161 2950 5212 τῶν
3035 5153 3278 5234 ἀγγέλων
3335 5156 3791 5239 ἐγκωμιάζεσθαι,

2139 5251 2383 5318 προορῶν
2432 5265 2487 5300 τε
2523 5249 2600 5317 τῷ
2641 5244 2900 5320 πνεύματι
2941 5245 3040 5312 τὴν
3099 5244 3401 5321 μέλλουσαν
3453 5249 3679 5327 φύεσθαι
3731 5252 3796 5306 ἐν

2139 5338 2208 5409 τῇ
2268 5333 2544 5411 ἁγιωτάτῃ
2591 5333 2888 5407 Ἐκκλησία
2946 5342 3132 5392 καινοῦ
3182 5333 3454 5413 δόγματος
3512 5339 3798 5417 αἱρεοιαρ-

2139 5425 2291 5503 χίαν,
2338 5423 2482 5502 λέγω
2525 5421 2590 5491 δὴ
2659 5426 2940 5498 Νεστορίου
2986 5428 3074 5481 καὶ
3124 5427 3796 5506 Εὖτυγοῦςηκαταλιπὼν

2137 5515 2233 5584 τὴν
2287 5513 2521 5593 ἐπίγειον
2574 5516 2854 5593 στρατείαν
2901 5517 3114 5580 καὶτὰς
3145 5515 3430 5592 βασιλικὰς
3464 5519 3656 5599 αὐλὰς,
3696 5523 3795 5578 τὸν
