4028 6202
197 374 352 466 1385

1505 369 1693 458 VITA
1741 363 1803 456 s.
1857 391 2259 458 AUXENTII.

3416 359 3570 466 1386

191 523 424 592 ἒ’κπαλαι
484 532 646 590 πόθον
705 535 849 606 αὖτῴ
892 530 1083 599 ἤνυσεν
1135 551 1272 606 μετα
1336 527 1583 592 πλείονος
1626 533 1827 607 χαρᾶς.

1937 544 2048 605 [uae
2069 527 2143 589 ad
2165 527 2344 590 vitam
2365 527 2545 608 hujus
2564 528 2770 591 mundi
2796 530 3104 610 pertinent
3125 538 3183 592 et
3205 550 3420 612 magno
3441 545 3564 602 stu-

194 625 420 681 Πάντων
477 624 579 702 γὰρ
637 628 742 680 τῶν
801 624 1069 700 βιωτικῶν
1128 619 1460 699 πραγμάτων
1521 618 1606 675 καὶ
1669 618 1834 685 αὐτῆς

195 719 298 782 τῆς
341 712 730 791 βασιλευούσης
774 713 985 777 πόλεως
1050 711 1238 771 ἑαυτόν
1295 710 1558 790 χωρίσας,
1619 707 1713 765 ἐπὶ
1773 707 1838 764 τὰ

121 845 131 855 ο
198 804 502 883 ὶρημότερα
547 802 686 879 μέρη
718 804 858 880 ὁρμᾷ
885 802 982 870 τῆς
1014 801 1274 875 Βιθυνίας,
1335 801 1424 856 καὶ
1466 797 1533 866 δὴ
1574 797 1634 855 ἐκ
1691 796 1836 855 πλα-

196 893 316 970 γίου
358 899 457 960 τῆς
516 891 692 958 Ὀξίας
723 892 864 950 οὕτω
895 889 1431 970 προσαγορευομένου
1463 888 1641 968 ὅρους,
1675 885 1840 944 ἀνελ-

196 986 304 1040 θων
347 984 422 1048 ὡς
481 982 588 1041 ἀπὸ
643 981 769 1039 δέκα
827 980 1020 1058 μιλίων
1075 979 1416 1047 Χαλκηδόνος
1467 977 1598 1045 ἔστη
1631 977 1716 1034 ἐπὶ
1747 976 1842 1034 πέ-

197 1093 354 1153 τραν,
395 1073 630 1148 επαίρων
674 1072 822 1138 ὁσίας
880 1084 1104 1152 χεῖρας,
1150 1069 1380 1142 δοξάζων
1437 1069 1529 1126 τὸν
1574 1069 1704 1125 Θεὸν
1752 1067 1842 1123 καὶ

197 1161 377 1241 λέγων
434 1161 542 1242 ὅτι,
606 1185 635 1218 α
670 1163 766 1238 Σὺ,
835 1163 1050 1242 Κύριος,
1108 1161 1247 1217 κατὰ
1305 1158 1474 1236 μόνας
1517 1156 1606 1214 ἐπ’
1668 1153 1842 1214 ὶλπίδι

197 1253 524 1328 κατῴκησάς
557 1273 650 1330 με.
688 1277 718 1309 ι

284 1343 356 1403 ι’.
404 1344 737 1414 Ποιήσαντος
783 1341 838 1400 δὲ
868 1342 1031 1402 αξιτοῦ
1073 1342 1147 1406 ὡς
1191 1342 1338 1418 μῆνα
1392 1340 1610 1417 ἡμερῶν
1662 1337 1749 1395 ἐπὶ
1776 1342 1846 1415 τῇ

200 1431 406 1511 πλευρᾷ
462 1439 556 1490 τοῦ
611 1432 764 1512 ὅρους
821 1433 909 1490 επὶ
966 1433 1063 1500 τὴν
1114 1430 1336 1510 πέτραν,
1378 1428 1602 1498 ἀνῆλθεν
1665 1427 1845 1485 ἐκεῖσε

200 1521 391 1580 παιδία
451 1523 704 1582 στένοντα
763 1523 852 1579 καὶ
930 1522 1209 1592 κλαίοντα,
1273 1518 1432 1595 διότι,
1495 1521 1570 1584 ὡς
1629 1518 1840 1593 ἔνεμον,

200 1611 490 1670 ἀπώλεσαν
547 1615 613 1670 τὰ
676 1613 896 1690 ποίμνια
965 1613 1161 1675 αὐτῶν,
1229 1610 1326 1668 Καὶ
1384 1608 1688 1686 θεασάμενα
1752 1608 1844 1665 τὸν

200 1701 368 1780 ἄνδρα
425 1702 766 1774 ἑπτοήθησαν
821 1700 1045 1783 σφόδρα,
1096 1703 1380 1777 νομίσαντα
1445 1699 1604 1756 αύτὸν
1662 1699 1844 1777 θηρίον

199 1791 389 1870 ἄγριον
433 1793 601 1868 εἶναι,
655 1794 743 1850 καὶ
789 1791 1006 1872 ἔφυγον,
1060 1789 1450 1870 Μετημιρίαστο
1496 1789 1596 1867 γὰρ
1659 1789 1840 1868 τριχί-

1919 615 2020 676 dio
2050 617 2421 691 ambiuntur,
2455 617 2672 698 copiis,
2727 618 2996 700 inquam,
3034 627 3092 682 et
3121 621 3468 702 splendore,
3505 642 3564 692 et

1920 705 2057 768 aliis
2087 707 2269 770 rebus
2301 706 2736 784 materialibus,
2767 717 2826 770 et
2855 707 2928 770 ab
2960 709 3092 789 ipsa
3117 716 3283 790 regia
3324 715 3561 783 civitate

1921 815 1988 890 se
2009 797 2734 890 separans,proﬁci_scitur
2750 798 2823 861 ad
2850 809 3056 880 partes
3079 800 3349 866 desertas
3360 803 3558 890 Bithy-

1923 886 2062 950 niat:
2090 897 2153 948 et
2171 906 2309 978 cum
2333 887 2710 978 ascendisset
2731 906 2803 951 ex
2827 896 3172 953 transverso
3204 886 3563 978 montis,qui

1922 983 2172 1040 vocatur
2200 975 2384 1055 Oxea,
2419 977 2516 1059 qui
2547 979 2733 1041 distat
2786 979 2948 1042 circa
2977 979 3188 1043 decem
3219 975 3500 1049 milliaria
3530 1007 3566 1051 a

1923 1067 2308 1132 Chalcedone
2337 1069 2500 1131 stetit
2524 1086 2709 1150 supra
2728 1077 2982 1151 petram,
3014 1071 3307 1135 extollens
3331 1086 3568 1142 sanctas

1926 1176 2157 1235 manus,
2175 1160 2486 1238 Deumque
2503 1157 2940 1236 glorificans,et
2961 1159 3210 1225 dicens:
3243 1187 3267 1221 ε
3294 1163 3407 1243 Τυ,
3445 1169 3564 1232 Do-

1929 1246 2116 1324 mine,
2149 1249 2535 1327 singulariter
2562 1248 2628 1310 in
2657 1267 2764 1330 spe
2795 1249 3102 1314 collocasti
3131 1270 3232 1316 me
3260 1254 3312 1318 7.
3349 1280 3378 1313 ι

2006 1339 2087 1402 Χ.
2118 1336 2264 1401 Cum
2297 1339 2427 1420 ipse
2457 1356 2595 1401 vero
2627 1339 2792 1402 circa
2835 1359 3020 1402 unum
3056 1359 3325 1407 mensem
3356 1345 3568 1411 fuisset

1926 1427 1990 1490 in
2023 1429 2244 1490 montis
2276 1427 2462 1492 latere
2490 1446 2672 1510 supra
2704 1438 2956 1510 petram,
2991 1433 3398 1498 ascenderunt
3425 1436 3568 1501 illuc

1927 1517 2098 1597 pueri
2122 1527 2431 1597 gementes
2456 1525 2516 1580 et
2536 1518 3178 1600 clamantes,qnoniam
3202 1542 3338 1585 cum
3368 1544 3570 1606 pasce-

1924 1616 2062 1669 rent
2083 1625 2359 1682 oves,eas
2382 1609 2814 1690 perdidissent;
2830 1617 2889 1671 et
2905 1628 3042 1672 cum
3062 1612 3354 1677 vidissent
3371 1615 3566 1680 virum

1919 1696 2173 1776 justum,
2205 1698 2374 1760 valde
2405 1705 2544 1760 sunt
2575 1699 2793 1773 mirati,
2818 1699 3229 1765 existimantes
3259 1715 3398 1767 eum
3430 1725 3566 1769 esse

1926 1787 2114 1850 feram
2145 1797 2470 1868 agrestem,
2502 1798 2562 1850 et
2592 1789 2870 1869 fugerunt
2904 1812 2918 1850 :
2953 1791 3198 1855 indutus
3228 1795 3392 1859 enim
3439 1807 3571 1860 erat

197 1905 316 1948 νοις
374 1884 464 1942 καὶ
516 1881 738 1960 δέρμασι
781 1883 882 1950 τὴν
940 1882 1160 1958 ἐσθῆτα,
1207 1877 1388 1952 ζηλῶν
1446 1876 1693 1936 Ἰωάννου
1750 1884 1842 1934 τοῦ

1937 1882 2092 1940 veste
2117 1886 2392 1940 contexta
2422 1896 2493 1940 ex
2520 1879 2664 1958 pilis
2696 1891 2759 1940 et
2790 1880 3075 1961 pellibus,
3109 1881 3352 1946 imitans
3383 1886 3564 1949 vitam

199 1970 513 2049 Προδρόμου
567 1974 654 2030 καὶ
699 1973 1002 2030 Βαπτιστοῦ
1041 1970 1137 2038 τὴν
1187 1967 1485 2031 πολιτείαν.
1536 1966 1844 2046 Προσκαλε-

200 2063 438 2135 σάμενος
469 2058 524 2117 δὲ
556 2063 685 2118 αὐτα
719 2063 746 2117 ὁ
790 2061 1053 2138 μακάριος
1084 2058 1188 2138 ἔφη
1223 2079 1238 2094 ⁸
1268 2057 1358 2126 Μὴ
1409 2054 1661 2138 φοϐεῖσθε
1719 2057 1844 2136 γὰρ,

198 2149 369 2207 τέκνα
397 2169 411 2184 ο
445 2148 718 2228 ἄνθρωπός
763 2150 870 2225 εἰμι
921 2149 1113 2225 ὅμοιος
1175 2149 1324 2222 ὑμῶν
1359 2165 1373 2181 ο
1406 2145 1457 2203 τί
1487 2143 1543 2202 δὲ
1573 2153 1790 2218 ζητεῖτε
1823 2165 1841 2226 ;

204 2238 471 2319 Λέγουσιν
518 2240 585 2296 τὰ
636 2238 844 2312 παιδία,
893 2238 975 2295 ὅτι
1008 2239 1073 2297 τὰ
1115 2238 1335 2319 ποίμνια
1367 2237 1520 2311 ἡμῶν
1553 2235 1844 2294 ἀπωλέσα-

202 2318 308 2405 μεν
353 2331 441 2386 καὶ
483 2327 571 2387 διὰ
627 2335 786 2388 τοῦτο
843 2325 1132 2404 θλιϐόμεθα
1165 2343 1180 2358 ⁸
1230 2318 1287 2384 c0
1346 2324 1402 2382 δὲ
1468 2327 1710 2406 θεράπων
1752 2333 1846 2383 τοῦ

204 2427 444 2498 Χριστοῦ
499 2417 943 2500 σπλαγχνισθεὶς,
983 2415 1313 2496 προσηύξατο
1372 2416 1460 2473 ἆπὶ
1515 2415 1658 2489 ὥρας
1703 2416 1845 2475 πολ-

203 2510 334 2590 λὰς,
363 2509 450 2566 καὶ
502 2509 801 2587 εὐλογήσας
844 2509 912 2565 τὰ
954 2505 1163 2579 παιδία,
1196 2505 1343 2586 λέγει
1377 2507 1564 2570 αὐτοῖς
1600 2525 1616 2542 ⁶
1653 2505 1844 2566 Ἀπέλ-

203 2602 333 2656 θατε
404 2597 490 2656 ἐπὶ
548 2598 648 2667 τὴν
719 2598 998 2677 ἀριστερὰν
1068 2596 1300 2675 πλευρὰν
1372 2604 1463 2653 τοῦ
1520 2595 1696 2675 ὅρους,
1759 2599 1848 2656 καὶ

205 2689 478 2767 εὑρίσκετε
536 2688 602 2746 τὰ
675 2687 899 2763 ποίμνια
970 2686 1142 2762 ὑμῶν.
1204 2684 1586 2765 ’Λποκριθέντα
1657 2685 1712 2744 δὲ
1782 2689 1847 2745 τὰ

204 2774 398 2834 παιδία
439 2775 686 2856 λέγουσιν
738 2781 882 2851 αὖτῷ
916 2795 930 2811 ⁸
977 2776 1163 2852 Τρίτον
1221 2774 1560 2851 προήλθομεν
1601 2776 1662 2833 τὸ
1706 2774 1845 2834 ἄϐα-

203 2887 302 2924 τον
346 2865 470 2942 ὅρος
504 2866 682 2942 τοῦτο,
754 2868 843 2924 καὶ
901 2866 995 2924 οὐκ
1055 2864 1396 2942 ἠδυνήθημεν
1451 2867 1584 2925 αὐτὰ
1643 2868 1841 2947 εὑρεῖν,

208 2958 304 3012 καὶ
343 2961 461 3018 πῶς
491 2955 604 3035 ἄρτι
633 2956 854 3036 ἔχουσιν
884 2957 1156 3034 εὑρεθῆναι
1193 2973 1211 3036 ς
1241 2955 1302 3013 ‘0
1335 2953 1390 3011 δὲ
1423 2955 1580 3013 εἶπεν
1608 2958 1792 3022 αὐτοῖς
1828 2972 1842 2988 ⁸

211 3043 524 3120 Ἀπέλθετε,
557 3047 644 3103 καὶ
674 3048 746 3112 ὡς
778 3045 938 3103 εἷπον
966 3046 1097 3120 ὑμῖν
1129 3043 1184 3100 ὲν
1216 3047 1292 3118 τῷ
1321 3044 1544 3118 ὀνόματι
1596 3052 1691 3105 τοῦ
1737 3056 1848 3107 Κυ-

207 3137 346 3214 ρίου,
381 3134 590 3203 έπὶτὴν
641 3134 921 3216 ἀριστερὰν
979 3132 1210 3214 πλευρὰν
1252 3141 1346 3192 τοῦ
1397 3130 1551 3212 ὅρους
1585 3136 1850 3215 εὑρίσκετε

1925 1964 2177 2030 Joannis
2205 1965 2604 2029 Prwcursoris
2639 1975 2698 2030 et
2727 1967 3027 2048 Baptista.
3056 1968 3202 2032 Cum
3237 1988 3343 2034 eos
3372 1982 3570 2036 autem

1926 2056 2282 2119 advocasset
2303 2056 2514 2120 beatus
2547 2058 3087 2132 Auxentius,dixit:
3112 2058 3309 2123 Nolite
3330 2063 3568 2142 timere,

1929 2145 2062 2220 filii,
2115 2165 2248 2208 sum
2303 2146 2465 2208 enim
2524 2147 2704 2209 homo
2754 2146 2924 2210 vobis
2975 2147 3214 2212 similis.
3247 2151 3401 2224 Quid
3432 2171 3571 2215 vero

1929 2236 2227 2316 quaeritis?
2250 2234 2465 2297 Dicunt
2485 2236 2657 2316 pueri
2682 2252 2696 2294 :
2723 2234 2950 2315 Greges
2981 2246 3239 2315 nostros,
3274 2257 3378 2302 eos
3408 2243 3568 2303 enim

1927 2324 2334 2401 amisimus,et
2359 2324 2493 2386 ideo
2523 2324 2867 2404 afﬂigimur.
2885 2324 3106 2388 Christi
3131 2334 3331 2391 autem
3362 2347 3574 2393 servus

1928 2414 2263 2476 Auxentius
2288 2414 2789 2490 misertus,oravit
2811 2415 3027 2478 multas
3050 2416 3406 2480 horas.Cum
3433 2437 3572 2484 vero

1928 2501 2077 2583 ipsis
2099 2504 2303 2584 pueris
2324 2503 2910 2580 benedixisset,dicit
2933 2505 3140 2569 eis:Ite
3157 2506 3232 2568 ad
3256 2506 3567 2571 sinistrum

1931 2592 2084 2655 latus
2114 2593 2426 2668 montis,et
2453 2593 2774 2656 invenietis
2799 2603 3028 2657 vestros
3047 2597 3570 2678 greges.Respon-

1931 2682 2144 2744 dentes
2164 2691 2365 2745 autem
2400 2684 2574 2764 pueri
2603 2683 2812 2746 dicunt
2842 2685 2897 2747 ei
2931 2707 2944 2743 :
2970 2687 3090 2748 Ter
3118 2686 3574 2752 circumivimus

1932 2780 2197 2833 montem
2229 2773 2391 2834 hunc
2421 2772 2825 2854 inaccessum,
2878 2785 2936 2837 et
2978 2793 3096 2836 non
3129 2776 3431 2856 potuimus
3464 2797 3571 2841 eos

1930 2861 2230 2926 invenire:
2259 2871 2317 2924 et
2346 2865 2650 2944 quomodo
2681 2883 2841 2927 nunc
2872 2864 3288 2928 invenientur?
3311 2865 3571 2932 Sanctus

1933 2959 2133 3016 autem
2161 2951 2312 3016 dixit
2333 2954 2447 3016 eis:
2468 2952 2580 3030 Ite,
2604 2964 2667 3016 ut
2697 2955 2821 3017 dixi
2853 2955 3049 3032 vobis,
3077 2958 3138 3018 in
3170 2957 3418 3020 nomine
3447 2957 3572 3022 Do-

1933 3043 2084 3106 mini
2111 3043 2190 3106 ad
2219 3043 2531 3107 sinistrum
2565 3044 2720 3106 latus
2752 3045 3069 3126 montis,et
3097 3063 3203 3108 eos
3224 3046 3569 3112 invenietis.

1930 3132 2156 3196 Euntes
2185 3151 2349 3208 vero,
2383 3151 2488 3195 eos
2517 3133 2715 3195 statim
2748 3135 3114 3198 invenerunt
3148 3156 3163 3196 :
3209 3145 3268 3198 et
3297 3155 3433 3199 cum
3460 3138 3572 3200 do-

211 3223 373 3286 αὒτά.
409 3220 738 3281 Ἀπελθόντα
781 3221 836 3280 δὲ
866 3223 1014 3302 εὗρον
1058 3224 1191 3283 αὐτὰ
1241 3222 1454 3288 εὐθέως.
1514 3224 1615 3284 Καὶ
1670 3246 1848 3304 παρα-

1937 3241 2101 3286 mum
2145 3221 2472 3299 venissent,
2507 3222 2934 3286 renuntiarunt
2985 3226 3110 3288 suis
3161 3225 3571 3305 parentibus:

208 3312 480 3392 γενόμενα
508 3312 851 3394 ἀπήγγειλαν
887 3325 1008 3378 τοῖς
1042 3313 1281 3391 γονεῦσιν
1309 3317 1508 3393 αὐτῶν,
1543 3312 1626 3372 ὅτι
1655 3313 1847 3374 Ἀπω-

211 3404 489 3462 λεσάντων
551 3405 708 3479 ἡμῶν
752 3425 818 3460 τα
874 3404 1098 3480 ποίμνια
1159 3403 1244 3459 καὶ
1300 3401 1386 3460 ἐπὶ
1439 3404 1612 3483 τρίτον
1640 3407 1851 3484 περιελο

207 3493 412 3550 θόντων
441 3493 504 3550 τὸ
533 3491 654 3571 ὄρος
680 3493 779 3562 τῆς
812 3491 1014 3572 Ὀξίας,
1051 3493 1138 3548 καὶ
1197 3492 1276 3566 μὴ
1328 3493 1658 3570 εὸρηκότων,
1694 3494 1856 3575 ἄνδρα

209 3581 268 3637 ἑν
293 3583 558 3662 τριχίνοις
617 3582 950 3659 ἐθεασάμεθα
993 3583 1080 3639 καὶ
1139 3579 1502 3646 δειλιᾶσαντες
1559 3584 1848 3663 ἱφύγομεν,

208 3670 275 3729 ’0
320 3669 378 3726 δὲ
426 3670 932 3750 προσκαλεσάμενος
975 3673 1120 3746 ἡμᾶς
1177 3670 1466 3752 ἐπηύξατο,
1522 3673 1612 3732 καὶ
1669 3675 1854 3750 μαθὼν

207 3761 314 3830 τήν
371 3761 542 3818 αίτίαν
600 3759 668 3818 δι’
742 3762 809 3831 ἣν
869 3759 1186 3840 ὀδυρόμεθα,
1247 3760 1538 3839 ἐπέτρεψεν
1585 3764 1722 3839 ἡμῖν
1767 3764 1854 3822 ἐπὶ

209 3852 319 3920 τὴν
376 3851 654 3930 ἀριστερὰν
694 3850 926 3931 πλευρὰν
954 3857 1048 3910 τοῦ
1098 3849 1252 3930 ὅρους
1294 3849 1621 3917 ἀπελθόντας
1680 3854 1854 3934 εὗρεῐν

210 3942 282 3998 τὰ
325 3941 628 4019 θρέμματα.
661 3943 826 4007 Οὗτος
864 3941 951 3999 οὖν
985 3941 1307 4012 ποιήσαντες
1335 3940 1568 4018 ηὕρομεν
1599 3944 1753 4008 αὐτά.

298 4030 412 4095 IA'.
470 4031 823 4095 ’Δκούσαντες
884 4030 1136 4089 δὲταῦτα
1178 4031 1228 4087 οἱ
1267 4043 1452 4110 γονετς
1494 4037 1604 4089 τῶν
1633 4032 1855 4093 παιδίων

215 4121 463 4197 ἐκείνων,
542 4123 934 4202 συναγαγόντες
998 4125 1106 4178 τῶν
1177 4119 1327 4197 πέριξ
1385 4123 1678 4200 κτημάτων
1733 4126 1855 4191 τοὺς

213 4209 438 4291 ἄνδρας,
467 4209 830 4278 λιτανεύοντες
858 4212 1090 4278 ἀνῆλθον
1148 4212 1280 4290 πρὸς
1341 4214 1525 4290 αὒτὸν,
1571 4215 1664 4272 καὶ
1706 4214 1859 4294 εὗρον

216 4298 390 4378 μόνον
446 4302 539 4359 τὸν
604 4302 869 4382 μακάριον
925 4300 1131 4359 ἑστῶτα
1192 4300 1287 4359 ἐπὶ
1361 4301 1461 4368 τὴν
1503 4301 1702 4383 πέτραν
1769 4306 1860 4362 καὶ

215 4392 662 4473 προσευχόμενον
734 4399 813 4467 τῷ
895 4392 1012 4466 Θεῷ
1045 4407 1060 4423 ⁸
1119 4392 1212 4448 καὶ
1265 4390 1462 4457 πάντες
1522 4393 1857 4471 ὁμοθυμαδὸν

212 4480 451 4549 ἠξίωσαν
495 4481 676 4559 αὐτὸν,
738 4479 876 4540 ὥστε
941 4479 1230 4539 ἂνελθόντα
1301 4486 1490 4558 στῇναι
1545 4485 1702 4541 αὐτὸν
1759 4484 1855 4542 ἰπὶ

1935 3314 2079 3378 Cum
2115 3313 2593 3394 perdidissemus
2622 3331 2858 3393 greges,
2893 3322 2948 3376 et
2983 3322 3074 3377 ter
3095 3314 3277 3378 Oxeae
3309 3325 3576 3380 montem

1936 3404 2391 3478 circuissemus,
2419 3411 2478 3465 et
2506 3421 2610 3465 eos
2631 3422 2756 3465 non
2785 3403 3579 3488 inveniremus,aspeximus

1935 3494 2130 3556 virum
2163 3493 2226 3554 in
2264 3501 2425 3553 veste
2456 3511 2527 3554 ex
2586 3493 2744 3572 pilis,
2784 3501 2842 3554 et
2889 3494 3052 3573 gravi
3107 3495 3322 3557 timore
3353 3497 3578 3578 aﬂecti,

1934 3580 2336 3661 fugiebamus.
2368 3579 2478 3642 Ille
2511 3588 2712 3642 autem
2743 3581 2919 3644 nobis
2967 3583 3272 3644 advocatis
3303 3594 3580 3664 precatus

1937 3679 2050 3745 est,
2079 3679 2137 3734 et
2163 3689 2300 3734 cum
2333 3671 2667 3751 accepisset
2693 3689 2935 3732 causam
2965 3679 3212 3752 propter
3241 3689 3420 3750 quam
3465 3675 3578 3736 ﬂe-

1939 3766 2174 3836 bamus,
2198 3761 2376 3839 jussit
2405 3777 2520 3821 nos
2553 3766 2766 3822 euntes
2795 3759 2869 3822 ad
2902 3760 3213 3821 sinistrum
3238 3757 3391 3822 latus
3415 3779 3582 3823 mon-

1937 3850 2014 3914 tis
2046 3849 2323 3912 invenire
2356 3848 2641 3930 pecudes.
2698 3849 2844 3912 Cum
2905 3849 2996 3912 sic
3025 3867 3168 3930 ergo
3197 3849 3582 3932 fecissemus,

1937 3959 2039 4007 eas
2063 3940 2260 4003 statim
2291 3939 2653 4004 invenimus.

2016 4030 2125 4097 XI.
2161 4029 2305 4093 Cum
2338 4031 2465 4092 haec
2496 4039 2699 4092 autem
2748 4028 3080 4094 audiissent
3131 4039 3414 4114 parentes
3443 4029 3584 4092 illo-

1938 4140 2071 4186 rum
2131 4138 2484 4202 puerorum,
2554 4123 2930 4198 congregatis
2989 4119 3128 4183 viris
3188 4140 3258 4185 ex
3305 4121 3405 4199 iis,
3453 4137 3588 4201 quas

1940 4220 2109 4276 erant
2133 4210 2554 4286 circumcirca,
2589 4209 2858 4289 praediis,
2907 4210 3318 4292 supplicantes
3347 4210 3422 4273 ad
3451 4227 3589 4272 eum

1940 4303 2267 4378 iverunt,et
2295 4299 2657 4362 invenerunt
2686 4297 2928 4361 beatum
2955 4300 3150 4362 solum
3181 4308 3436 4363 stantem
3467 4317 3574 4360 su-

1941 4411 2052 4477 pra
2087 4400 2339 4474 petram,
2373 4399 2432 4452 et
2461 4389 2649 4452 Deum
2683 4398 3090 4470 precantem:
3126 4399 3185 4453 et
3214 4407 3425 4453 omnes
3456 4407 3577 4451 uno

1941 4502 2048 4547 ore
2079 4501 2212 4546 eum
2245 4487 2555 4560 rogarunt,
2588 4487 2651 4542 ut
2679 4479 3036 4542 ascenderet
3084 4497 3269 4561 supra
3289 4479 3580 4542 verticem

213 4571 321 4639 τὴν
379 4573 615 4652 κορυφὴν
674 4577 770 4630 τοῦ
823 4569 976 4651 ὅρους
1033 4569 1422 4652 προσεύχεσθαι
1478 4573 1610 4653 ὑπὲρ
1657 4573 1848 4640 αὐτῶν⁴

1943 4572 2164 4636 montis
2194 4581 2257 4634 et
2283 4578 2483 4635 oraret
2514 4588 2621 4651 pro
2681 4569 2792 4634 eis.
2845 4568 3106 4632 Sanctus
3135 4587 3301 4649 vero,
3333 4587 3584 4651 persua-

212 4657 284 4719 Ὀ
313 4657 372 4716 δὲ
421 4661 653 4728 πεισθείς
717 4674 839 4724 ταῖς
883 4659 1252 4739 παρακλήσεσι
1296 4669 1405 4719 τῶν
1447 4660 1673 4743 ἀνδρῶν,
1733 4663 1856 4722 ἰκέ-

213 4748 410 4808 λευσεν
468 4750 655 4814 αὐτοῖς
700 4749 911 4808 κελλίον
945 4748 1298 4827 οἰκοδομῆσαι
1329 4753 1542 4832 μικρὸν,
1573 4753 1669 4810 καὶ
1701 4753 1863 4813 κλου-

214 4836 319 4896 6ὸν
375 4837 565 4905 ἔξωθεν
607 4842 703 4898 τοῦ
757 4839 988 4918 κελλίρυ,
1044 4839 1099 4896 έν
1138 4841 1184 4917 ᾧ
1227 4842 1316 4898 καὶ
1341 4840 1667 4912 ἀπεκλείσθη
1725 4847 1860 4926 χαί-

212 4949 329 5010 ρων
385 4927 456 5005 τῇ
501 4928 687 5011 καρδίᾳ
740 4931 830 4988 καὶ
861 4929 1085 5007 ψάλλων
1115 4936 1202 4988 οιαὶ
1233 4930 1405 5010 λέγων
1439 4947 1454 4963 ⁶
1496 4956 1526 4989 ε
1558 4932 1860 5014 Ἐγενόμην

212 5020 299 5082 ὣς
356 5019 623 5100 στροδθίον
677 5021 908 5096 μονάζον
963 5020 1052 5078 ἐπὶ
1110 5017 1341 5097 δώματι,
1381 5044 1406 5082 ε
1464 5025 1715 5096 Συνήθως
1775 5030 1864 5086 οὗν

211 5107 466 5176 ἀνιόντες
517 5110 846 5190 έκαρποῢντο
899 5111 994 5176 τὰς
1053 5109 1219 5191 εὐχὰς
1261 5113 1444 5173 αὐτοῦ.
1501 5115 1600 5178 Διὰ
1630 5117 1730 5196 γὰρ
1771 5125 1867 5178 τοῦ

209 5195 452 5288 θυριδίου
508 5198 852 5280 κακολογῶν
911 5201 1102 5287 αὖτοὺς
1140 5204 1229 5260 καί
1296 5203 1364 5261 τὰ
1405 5205 1541 5284 πρὸς
1596 5195 1864 5288 σωτηρίαν

209 5286 618 5367 συμϐουλεύων,
651 5291 943 5372 χαίροντας
976 5292 1230 5355 ἀπέλυεν.

304 5378 422 5443 lB'.
466 5379 629 5440 ’Ὅθεν
681 5386 782 5450 τῆς
841 5383 1070 5463 χάριτος
1117 5393 1211 5445 τοῦ
1253 5390 1388 5444 Θεοό
1417 5387 1767 5466 πηγαζούσης
1808 5391 1866 5446 εν

208 5468 372 5542 αὖτῷ
428 5470 516 5560 καὶ
572 5475 673 5539 τῆς
730 5473 918 5551 φήμης
966 5482 1252 5556 πανταχοῦ
1293 5472 1712 5560 διαδραμούσης,
1757 5479 1866 5537 ἀπὸ

207 5557 598 5634 Νικομηδείας
665 5564 969 5639 κομήτισσα
1041 5584 1124 5630 τις
1205 5564 1442 5634 ἀπῆλθεν
1493 5571 1626 5646 πρὸς
1681 5557 1862 5649 αὑτὸν,

304 5701 336 5750 ’⁷
367 5700 526 5766 Psal.
557 5717 636 5778 ιν,
669 5702 770 5768 10.
858 5706 891 5756 8
915 5702 1076 5770 Psal.
1109 5723 1187 5784 cr,
1220 5708 1278 5773 8.

548 5818 816 5885 PATBOL.
846 5822 960 5886 Gn.
996 5823 1206 5889 CXIV.

1877 4623 1928 4678 ι)

1941 4681 2045 4727 sus
2077 4679 2283 4724 eorum
2318 4657 2866 4734 adhortationibus,
2916 4659 3096 4738 jussit
3151 4659 3236 4722 eis
3285 4658 3589 4722 aediﬁcare

1942 4769 2184 4835 parvam
2215 4751 2455 4831 cellam,
2502 4756 2562 4812 et
2615 4747 2856 4810 cluhum
2891 4757 3056 4810 extra
3083 4747 3326 4823 cellam,
3361 4750 3422 4810 in
3471 4766 3590 4827 quo

1944 4842 2128 4906 etiam
2156 4840 2265 4902 fuit
2295 4839 2562 4902 inclusus
2620 4838 2793 4901 laetus
2840 4837 3048 4916 corde,
3107 4837 3374 4920 psallens
3405 4845 3464 4900 et
3493 4835 3591 4898 di-

1943 4950 2133 4997 cens:
2195 4953 2218 4989 ε
2253 4933 2469 4994 Factus
2527 4947 2660 4992 sum
2711 4927 2870 4990 sicut
2926 4945 3136 5009 passer
3190 4927 3493 4990 solitarius
3522 4925 3585 4985 in

1945 5030 2104 5087 tecto
2132 5023 2224 5084 8.»
2260 5023 2635 5100 Frequenter
2664 5035 2810 5099 ergo
2843 5017 3266 5092 ascendentes,
3299 5013 3587 5077 frueban-

1948 5121 2046 5176 tur
2072 5113 2204 5193 ejus
2236 5107 2542 5192 precibus.
2576 5107 2721 5170 Nam
2753 5124 2863 5188 per
2894 5124 3130 5188 parvam
3154 5105 3478 5193 fenestram
3499 5105 3592 5193 eis

1947 5191 2346 5277 benedicens,
2380 5207 2440 5261 et
2470 5198 2792 5261 consulens
2823 5215 2960 5278 quae
2987 5195 3300 5276 pertinent
3325 5192 3400 5256 ad
3431 5191 3594 5256 salu-

1951 5304 2100 5376 tem,
2132 5293 2300 5354 laetos
2328 5286 2684 5350 dimittebat.

2025 5373 2156 5448 XII.
2191 5383 2341 5446 Cum
2371 5396 2514 5458 ergo
2547 5377 2654 5440 Dei
2702 5374 2765 5437 in
2814 5392 2887 5437 eo
2936 5373 3259 5438 scaturiret
3288 5373 3500 5454 gratia,
3533 5380 3597 5436 et

1948 5475 2083 5556 ejus
2112 5473 2268 5534 fama
2296 5468 2359 5531 in
2385 5483 2626 5529 omnem
2659 5472 2895 5556 partem
2921 5463 3294 5556 pervaderet,
3318 5461 3595 5545 quaedam

1950 5553 2264 5630 comitissa
2295 5559 2368 5623 ad
2402 5575 2540 5620 eum
2571 5554 2734 5617 venit
2762 5572 2796 5616 e
2826 5553 3463 5638 Nicomedia,repente
3486 5567 3594 5615 ex-

3202 5818 3279 5881 44
