4028 6202
440 291 595 374 1387

1705 279 1988 355 MENSIS
2027 270 2532 354 FEBRUARIUS.

3648 279 3806 349 i388

439 449 680 508 caecata.
706 437 1034 502 Procidens
1063 435 1137 497 ad
1165 434 1297 513 ejus
1328 430 1537 513 pedes,
1574 428 1720 491 dixit
1751 448 1766 487 :
1793 427 2075 491 Miserere

2166 422 2439 502 αἰφνιδίωσ
2470 421 2812 501 τυφλωθεῖσα
2841 437 2856 452 ⁸
2908 423 2996 478 καὶ
3040 428 3274 479 πεσοῦσα
3334 419 3518 498 ἔλεγεν
3550 435 3565 450 ⁸
3603 417 3803 484 Ἐλέη-

441 534 762 611 mei,serve
783 529 890 592 Dei
913 523 1264 598 Auxenti,et
1292 540 1436 584 sana
1459 537 1626 582 meos
1657 519 2076 611 oculossliea-

438 634 534 686 tus
557 606 755 684 antem
781 614 1178 698 prementibus
1200 613 1276 674 iis
1296 611 1400 692 qui
1429 606 2030 698 convenerant,rdixit
2058 623 2073 667 :

435 712 559 791 Ego
581 695 822 791 quidem
847 722 979 768 sum
1007 705 1186 766 homo
1206 698 1791 791 peccator.etiisdem
1815 695 2078 791 affectio:

437 785 867 880 nibus,quibus
899 792 1427 870 vos,obnoxius.Si
1457 807 1598 852 vero
1630 785 2078 880 creditis,quod

437 889 542 972 qui
573 877 710 952 eum
745 886 847 968 qui
879 892 1010 948 erat
1065 882 1141 946 ab
1198 889 1332 944 ortu
1384 898 1608 972 caecus,
1643 878 1890 953 curavit,
1925 877 2078 972 hanc

437 967 680 1061 quoque
706 967 1020 1054 rogantem
1073 991 1192 1035 non
1225 971 1505 1052 despicit,
1537 969 1778 1032 sincere
1811 985 1917 1048 pro
1948 967 2080 1046 ejus

437 1071 628 1132 salute
687 1064 1264 1147 deprecemur.Cnm
1313 1073 1512 1124 autem
1541 1077 1751 1122 omnes
1781 1064 2074 1147 orassent,

437 1169 680 1222 sanctus
702 1146 958 1234 tangens
982 1157 1115 1233 ejus
1138 1153 1369 1226 oculos,
1395 1151 1544 1214 dixit
1575 1168 1589 1209 :
1617 1149 1796 1213 Sanat
1822 1156 1881 1210 te
1904 1146 2080 1209 Jesus

438 1248 713 1312 Christus
749 1247 844 1306 lux
881 1242 1322 1324 vera.Cumque
1351 1259 1426 1302 ea
1460 1241 1653 1301 statim
1688 1237 2072 1316 respexisset,

438 1345 502 1398 et
527 1333 893 1418 pauperibus
923 1333 1025 1415 qui
1057 1336 1115 1395 in
1145 1350 1219 1396 eo
1270 1332 1403 1394 loco
1449 1329 1792 1392 assidebant
1823 1327 2080 1418 plurima

437 1417 767 1506 erogasset,
797 1443 927 1487 eam
959 1423 1187 1485 dimisit
1207 1429 1450 1484 sanctus
1471 1420 1771 1482 lmtantem
1796 1426 1858 1479 et
1883 1417 2073 1478 Deum

436 1516 896 1597 gloriﬁcantem.
930 1515 1058 1576 Hoc
1113 1511 1227 1574 fuit
1257 1509 1618 1591 principium
1650 1506 2072 1570 miraculorum

438 1607 573 1686 ejus
600 1603 664 1665 in
694 1611 899 1665 monte
929 1599 1129 1664 Oxem.

519 1691 681 1758 XIII.
713 1693 933 1754 Eorum
958 1699 1162 1752 autem
1185 1688 1288 1771 qui
1316 1687 1390 1750 ab
1419 1685 1746 1748 immundis
1776 1683 2075 1748 vexaban-

2159 514 2253 570 σόν
2284 534 2374 586 με,
2437 510 2585 568 δοῦλε
2629 519 2720 569 τοῦ
2779 518 2912 568 Θεοῦ
2941 517 3033 568 τοῦ
3063 512 3303 586 ὑψίστου.
3340 511 3405 568 Ὀ
3437 508 3493 565 δὲ
3540 509 3806 583 μακάριος

2158 601 2253 658 ἐπί
2299 607 2405 658 τῶν
2435 601 2792 658 συνελθόντων
2837 600 2939 678 ἔφη
2975 620 2990 634 ⁸
3053 598 3197 658 Ἐλὼ
3246 600 3341 675 μέν
3386 602 3497 673 εἰμι
3529 598 3809 676 ἅνθρωπος

2160 689 2480 770 ἁμαρτωλὸς
2544 692 2633 746 καὶ
2692 691 3026 764 ὁμοιοπαθὴς
3083 691 3212 766 ύμῖν
3249 709 3266 726 ⁸
3324 692 3369 745 εί
3412 687 3468 745 δὲ
3501 689 3805 766 πιστεύετε,

2162 778 2240 836 ὅτι
2299 783 2326 836 ὁ
2361 781 2452 836 τὸν
2500 779 2560 836 ἐκ
2589 785 2853 856 γεννητῆς
2897 778 3096 858 τυφλὸν
3140 779 3426 852 ἰασάμενος
3484 780 3576 834 καὶ
3607 779 3808 843 ταύτην

2163 867 2421 942 δεομένην
2478 868 2636 925 αὐτοῦ
2722 873 2782 928 03
2852 871 3083 946 παρορᾷ,
3170 868 3439 943 εὖξώμεθα
3503 867 3809 943 εἰλικρινῶς

2161 960 2293 1031 ὕπερ
2347 965 2454 1022 τῶς
2487 960 2753 1036 σωτηρίας
2813 960 3002 1026 αὐτῆς.
3040 949 3129 1021 ’ος
3179 957 3234 1014 δὲ
3294 959 3489 1022 πάντες
3549 956 3807 1030 ηὔξαντο,

2162 1047 2438 1123 ἁψάμενος
2495 1050 2602 1103 τῶν
2655 1045 2943 1127 ὀφθαλμῶν
3000 1051 3190 1126 αὐτῆς,
3252 1046 3352 1124 ἔφη
3391 1066 3406 1080 ·
3470 1046 3702 1103 Ἱάσεται
3748 1067 3808 1100 σε

2163 1139 2382 1214 Χριστὸς
2413 1139 2473 1193 τὸ
2518 1143 2630 1216 φῶς
2674 1140 2737 1194 τὸ
2794 1137 3069 1201 ἀληθινόν,
3136 1139 3234 1194 Καὶ
3265 1136 3456 1198 εὐθέως
3487 1133 3808 1210 ἆναϐλεψά-

2161 1248 2260 1293 σης
2291 1229 2455 1294 αὐτῆς
2505 1230 2592 1282 καὶ
2624 1226 2858 1284 πλεῖστα
2917 1227 3248 1304 ῥογευσάσης
3300 1239 3417 1288 τοῖς
3476 1223 3805 1303 προσεδρεύ-

2161 1336 2272 1371 ουσι
2317 1317 2454 1372 κατὰ
2497 1317 2588 1372 τὸν
2622 1317 2787 1373 τόπον
2820 1330 3092 1396 πτωχοῖς,
3125 1314 3389 1372 ἀπέλυσεν
3445 1317 3611 1382 αὐτὴν
3669 1318 3808 1394 χαί-

2160 1425 2348 1481 ρουσαν
2379 1406 2474 1460 καί
2508 1403 2822 1476 δοξάζουσαν
2851 1407 2942 1461 τὸν
2987 1407 3140 1467 Θεόν.
3177 1415 3342 1464 Τοῦτο
3385 1405 3605 1483 γέγονεν
3650 1404 3804 1484 ἀρχὴ

2155 1500 2264 1550 τῶν
2292 1494 2575 1568 θαυμάτων
2606 1497 2764 1552 αὐτοῦ
2796 1493 2850 1550 ἐν
2879 1501 2956 1568 τῷ
2985 1493 3093 1571 ὄρει
3120 1499 3221 1561 τῆς
3252 1493 3450 1560 Ὀξίας.

2240 1687 2346 1749 η’.
2393 1694 2509 1746 Τῶν
2551 1685 2608 1743 δὲ
2668 1687 3062 1765 ἐνεργουμένων
3118 1689 3222 1744 ὑπὸ
3285 1687 3604 1764 πνευμάτων
3661 1687 3803 1743 ἀκα-

435 1793 535 1847 tur
562 1780 1185 1859 daemonibus,magna
1205 1776 1558 1840 adventabat
1582 1773 2073 1852 multitudo,par-

2162 1777 2360 1855 θάρτων
2445 1777 2652 1844 πλῆθος
2736 1779 2920 1834 ἱκανὸν
2986 1778 3423 1856 προσεκαρτέρει,
3484 1785 3643 1834 τοῦτο
3704 1778 3807 1850 μὲν

436 1874 547 1936 tim
579 1872 824 1953 quidem
857 1889 929 1932 ex
961 1869 1285 1946 indigenis,
1325 1867 1539 1946 partim
1585 1874 1787 1928 autem
1819 1882 1890 1924 ex
1920 1862 2074 1926 alie-

437 1963 534 2023 nis
567 1952 692 2024 :iex
723 1958 944 2040 quibus
974 1958 1218 2038 plurimi
1252 1974 1358 2036 per
1385 1956 1520 2035 ejus
1549 1972 1786 2035 preces,
1820 1952 2079 2014 ﬁdeliter

436 2049 823 2122 accedentes,
855 2056 915 2110 et
972 2047 1156 2127 digne
1189 2047 1603 2128 pmnitentiam
1635 2051 1905 2124 agentes,
1938 2051 2082 2104 sunt

437 2138 784 2202 curati.Non
813 2136 1120 2200 sustinens
1147 2155 1286 2198 vero
1322 2135 1548 2198 nullam
1583 2153 1784 2196 curam
1816 2133 1948 2214 geri
1979 2152 2079 2195 eo-

433 2247 570 2292 rum
601 2228 708 2308 qui
739 2227 1090 2289 assidebam
1120 2227 1182 2287 in
1217 2233 1510 2300 monte,et
1537 2241 1748 2288 eorum
1781 2223 1882 2303 qui
1913 2221 2078 2300 longi

436 2317 741 2382 intervalli
763 2315 972 2379 labore
999 2323 1170 2379 erant
1195 2314 1571 2387 afﬁicti,cum
1600 2315 1728 2394 ipse
1749 2313 1916 2374 nullo
1941 2328 2080 2390 ege-

435 2417 531 2472 ret
558 2423 771 2471 eorum
803 2423 936 2487 qua;
958 2404 1164 2467 oblata
1187 2404 1633 2484 fuerant,jussit
1667 2419 1850 2484 panes
1877 2399 2077 2462 aii‘erri

436 2499 584 2562 hora
613 2505 804 2570 sexta,
839 2503 898 2558 et
927 2495 1058 2557 dari
1085 2494 1162 2556 iis
1191 2495 1498 2557 omnibus.

507 2589 790 2649 XIV.Cum
811 2587 1014 2646 decem
1038 2599 1233 2647 autem
1257 2601 1445 2646 annos
1471 2585 1594 2644 illic
1615 2593 1768 2643 esset
1790 2596 2072 2649 versatus,

437 2683 498 2738 et
520 2674 778 2757 plurima
794 2674 1126 2755 peregisset
1145 2672 1625 2748 certamina,non
1643 2669 1932 2732 adversus
1953 2688 2077 2732 car-

438 2783 577 2828 nem
599 2771 660 2826 et
679 2762 1060 2842 sanguinem,
1090 2763 1195 2824 sed
1221 2763 1510 2824 adversus
1541 2759 1930 2841 principatus,
1961 2761 2074 2822 ad-

437 2873 644 2919 versus
663 2860 990 2935 potestates
1017 2860 1078 2916 et
1123 2851 1428 2934 principes
1453 2851 1844 2913 tenebrarum
1869 2850 2075 2911 mundi

437 2943 714 3026 bujus,ut
749 2943 897 3007 dicit
916 2943 1242 3025 Apostolus
1262 2943 1318 3020 9,
1337 2943 1625 3004 adversus
1649 2939 1937 3021 Spiritalia
1968 2959 2074 3002 ne-

451 3035 680 3118 quities:
704 3043 763 3096 et
785 3053 856 3097 ea
877 3035 1115 3097 vicisset
1137 3033 1256 3095 ﬁde
1279 3051 1384 3114 per
1427 3031 1799 3113 patientiam,
1832 3036 1919 3090 vir
1938 3031 2075 3110 qui-

2157 1869 2246 1924 καί
2301 1867 2362 1924 ἐκ
2417 1873 2523 1924 τῶν
2567 1867 2898 1946 ἐπιχωρίων,
2928 1875 3085 1923 τούτο
3129 1865 3184 1923 δὲ
3229 1869 3314 1924 καὶ
3358 1865 3412 1932 ἐξ
3442 1865 3802 1938 ἀλλοδαπῶν,

2158 1959 2232 2019 ὡς
2288 1956 2569 2020 πλείστους
2625 1955 2678 2022 ἐξ
2736 1958 2908 2014 αὑτῶν
2968 1956 3053 2013 διὰ
3114 1963 3222 2014 τῶν
3279 1959 3436 2014 αὐτοῦ
3481 1963 3805 2035 προσευχῶν

2160 2050 2365 2108 πιστῶς
2423 2046 2744 2124 προσιόντας
2800 2045 2920 2101 κατ’
2980 2045 3135 2112 ἀξίως
3182 2053 3578 2121 μετανοοῦντας
3637 2049 3803 2125 θεραο

2161 2135 2435 2192 πεύεσθαι.
2492 2133 2600 2192 Οὔκ
2683 2134 3016 2213 ἀνεχόμενος
3066 2133 3121 2190 δὲ
3172 2137 3292 2198 τοὺς
3353 2133 3805 2212 προσεδρεύοντας

2163 2222 2218 2280 ἐν
2274 2228 2353 2296 τῷ
2408 2223 2516 2300 ὄρει
2574 2224 2662 2281 καὶ
2723 2225 2844 2287 τοὺς
2874 2224 2936 2280 ἐκ
2978 2225 3359 2301 διαστημάτων
3392 2225 3805 2300 κεκοπωμένους

2163 2313 2530 2391 ἀπρονοήτους
2589 2317 2756 2388 εἶναι,
2805 2311 3036 2389 μηδενὸς
3091 2315 3198 2372 τῶν
3252 2314 3628 2389 ἐμπιπτόντων
3661 2315 3807 2394 χρῇο

2161 2409 2266 2474 ζων
2327 2404 2506 2481 αὐτὸς,
2567 2400 2756 2480 ἄρτους
2820 2403 3248 2482 παρεκελεύσατο
3303 2403 3358 2461 ἐν
3390 2409 3456 2481 τῇ
3497 2403 3630 2482 ἕκτῃ
3693 2405 3810 2484 ὥρᾳ

2159 2492 2432 2571 φέρεσθαι,
2462 2501 2551 2548 καί
2579 2495 2785 2554 τούτοις
2819 2499 2946 2549 πᾶσι
2979 2491 3230 2552 δίδοσθαι.

2241 2596 2359 2652 LV.
2420 2595 2546 2672 Περὶ
2601 2595 2666 2650 τὰ
2715 2593 2841 2651 δέκα
2891 2597 2980 2651 οὖν
3055 2595 3150 2663 ἔτη
3213 2594 3585 2672 διατρίψαντος
3636 2597 3808 2656 αὖτοῦ

2157 2683 2361 2759 ἐκεῖσε,
2423 2685 2510 2739 καὶ
2568 2683 2851 2750 πλείστους
2906 2685 3142 2765 ἀγῶνας,
3221 2688 3282 2743 οὐ
3325 2689 3456 2763 πρὸς
3503 2687 3650 2760 αἷμα
3716 2690 3807 2744 καὶ

2159 2774 2352 2852 σάρκα,
2402 2773 2540 2829 ἀλλὰ
2587 2776 2717 2852 πρὸς
2776 2778 2870 2838 τὰς
2913 2775 3086 2855 ἀρχὰς
3129 2778 3216 2832 καὶ
3260 2777 3380 2838 τοὺς
3435 2773 3671 2841 ἐξουσίας
3717 2777 3810 2834 καὶ

2160 2867 2280 2928 τους
2337 2863 2767 2941 κοσμοκράτορας
2813 2871 2906 2920 τοῦ
2950 2863 3196 2938 σκότους,
3245 2865 3318 2929 ὥς
3370 2887 3530 2944 φησιν
3564 2867 3591 2921 ὁ
3624 2865 3808 2923 Ἀπό-

2161 2950 2374 3024 στολος,
2431 2953 2561 3029 πρὸς
2618 2955 2684 3009 τὰ
2741 2955 3070 3031 φνευματικὰ
3129 2959 3227 3021 τῆς
3289 2955 3547 3031 πονηρίας
3579 2955 3807 3012 ἐκτελὲ-

2163 3060 2354 3104 σαντος
2398 3039 2493 3096 καῖ
2527 3045 2594 3116 τῇ
2651 3042 2825 3097 πίστει
2873 3041 2939 3098 δι’
2996 3043 3276 3118 ὑπομονῆς
3312 3045 3663 3117 νικήσαντος,
3697 3052 3810 3102 τῶν

439 3125 577 3188 dam
603 3124 994 3187 ﬁdelissimus
1027 3142 1098 3186 ex
1120 3124 1192 3184 iis
1218 3124 1321 3204 qui
1342 3121 1665 3203 aliquando
1687 3121 1925 3182 fuerant
1948 3121 2075 3198 ejus

2162 3151 2291 3185 ποτε
2355 3129 2548 3208 ἑτέρων
2627 3134 2788 3188 αὐτοῦ
2845 3151 2926 3193 τις
2998 3134 3318 3197 πιστότατος
3374 3133 3508 3210 ἀνὴρ
3559 3135 3812 3203 συνήθως

437 3217 919 3282 familiares,cum
941 3215 1242 3273 soleretad
1257 3229 1392 3272 eum
1405 3213 1768 3281 accedere,et
1789 3227 1858 3268 ex
1872 3227 1941 3269 eo
1964 3227 2078 3269 ma-

437 3321 614 3382 gnam
635 3307 880 3382 caperet
897 3299 1401 3374 utilitatem,dicit
1414 3299 1650 3362 cuidam
1665 3298 1768 3360 alii
1783 3316 1850 3359 ex
1865 3297 2076 3359 eadem

437 3399 651 3470 quarta
672 3390 880 3454 schola
910 3411 924 3451 :
958 3390 1102 3453 Volo
1128 3390 1228 3452 die
1259 3389 1538 3470 sequenti
1568 3389 1656 3451 ire
1676 3387 1750 3450 ad
1771 3388 2077 3450 dominum

435 3481 828 3545 Auxentium.
861 3478 1012 3542 Veni
1042 3487 1103 3541 tu
1133 3487 1461 3561 quoque,et
1518 3478 1779 3560 plurima
1808 3478 2080 3540 fruamur

435 3570 831 3634 utilitate.llle
861 3579 1061 3632 autem
1088 3569 1388 3632 diabolico
1413 3569 1670 3651 quodam
1699 3569 1979 3631 instinctu
2003 3567 2077 3630 ab

437 3681 508 3724 eo
539 3663 799 3734 alienus,
836 3679 956 3722 non
1001 3659 1196 3722 solum
1225 3677 1344 3721 non
1371 3659 1484 3720 fuit
1507 3677 1830 3740 persuasus
1853 3666 1916 3719 ut
1935 3658 2074 3734 iret,

437 3754 540 3814 sed
562 3757 734 3813 etiam
749 3767 884 3812 eum
898 3755 1069 3825 cmplt
1082 3751 1409 3812 maledictis
1431 3753 1728 3811 incessere
1742 3761 1796 3810 et
1811 3752 2074 3816 irridere.

433 3859 574 3904 eum
594 3857 813 3903 vocans
843 3838 1085 3918 planum
1118 3846 1176 3900 et
1203 3839 1698 3918 impostorem,et
1731 3836 2076 3899 mercedem

438 3929 802 4010 praebentem
825 3927 898 3990 iis
918 3927 1020 4009 qui
1043 3945 1108 3990 se
1127 3927 1411 3990 simulant
1432 3944 1568 3989 esse
1584 3927 1984 3988 daamoniacos
2005 3943 2076 3988 ex

437 4018 632 4082 tribus
655 4027 827 4081 etsex
843 4016 1132 4098 obolis,ut
1153 4015 1464 4078 videantur
1479 4015 1732 4095 arguiad
1749 4014 2074 4078 multorum

436 4107 1045 4189 deceptionem.Cum
1077 4105 1232 4169 alter
1253 4123 1396 4167 vero
1429 4105 1524 4168 his
1547 4112 1708 4167 esset
1737 4103 2074 4186 obstupefa-

436 4205 656 4280 ctus,et
678 4197 868 4278 majus
889 4195 1154 4258 studium
1187 4193 1904 4275 adhibuisset,postquam
1939 4211 2074 4256 eum

435 4289 764 4370 increpavit
784 4296 844 4350 et
859 4285 1358 4368 juvit,moderate
1384 4303 1517 4346 cum
1545 4303 1615 4347 eo
1637 4284 1868 4364 egit,ita
1890 4291 1955 4345 ut
1975 4284 2074 4344 in-

2157 3219 2322 3274 ἀνιὼν
2375 3219 2465 3274 καὶ
2529 3217 2727 3298 σφόδρα
2785 3218 3184 3298 ὠφελούμενος,
3244 3219 3391 3294 ἄλλῳ
3430 3224 3533 3278 τινὶ
3574 3229 3685 3280 τῶν
3747 3224 3816 3282 ἐκ

2158 3311 2259 3373 τῆς
2316 3307 2480 3373 αὐτῆς
2534 3309 2793 3386 τετάρτης
2859 3307 3070 3389 σχολῆν
3127 3333 3292 3390 φησιν
3331 3330 3344 3343 ο
3403 3309 3678 3387 Βούλομαι
3738 3320 3815 3392 τῇ

2159 3395 2283 3463 ἑξῆς
2342 3399 2474 3475 πρὸς
2535 3399 2627 3453 τὸν
2677 3398 2822 3476 κύριν
2901 3398 3196 3474 Αὒξέντιον,
3250 3399 3503 3458 ἀπελθεῖν
3539 3417 3552 3432 ⁶
3624 3400 3815 3484 δεῦρο,

2161 3487 2250 3542 καὶ
2293 3487 2451 3550 αὐτὸς
2497 3485 2750 3553 πλείστης
2813 3487 3120 3546 ἆπόλαυσον
3177 3488 3457 3568 ὠφελείας.
3508 3491 3568 3549 Ὀ
3631 3491 3686 3547 δέ
3747 3496 3817 3549 ἐς

2159 3573 2470 3644 διαϐολικῆς
2552 3577 2910 3654 προσπαθείας
2997 3577 3433 3654 ἀποδιακείμενος
3521 3581 3668 3652 αὖτῷ
3751 3586 3818 3641 οὗ

2159 3665 2324 3740 μόνον
2355 3665 2450 3720 οὑκ
2481 3663 2698 3732 ἐπείσθη
2731 3673 2824 3722 τοῦ
2868 3665 3146 3748 ἀπελθεῖν,
3205 3667 3344 3724 ἀλλὰ
3386 3671 3481 3725 καί
3514 3668 3818 3749 λοιδορίαις

2159 3752 2354 3833 ἤρξατο
2436 3753 2706 3812 σκώπτειν
2791 3756 2970 3831 αδτὸν,
3031 3755 3235 3814 πλάνον
3295 3759 3452 3816 αὸτδν
3507 3759 3818 3817 ἀποκαλῶν

2157 3845 2248 3930 καὶ
2308 3842 2584 3924 ἐπιθέτην,
2650 3845 2868 3917 μισθοὺς
2928 3846 3224 3926 παρέχοντι
3281 3859 3403 3912 τοῖς
3432 3846 3519 3904 ἐπὶ
3548 3851 3817 3930 σχήματι

2158 3929 2504 4008 δαιμονιῶσιν
2562 3931 2670 3987 ἀπὸ
2712 3933 2874 4006 τριῶν
2930 3934 3019 3990 καὶ
3075 3933 3129 3999 ἓξ
3177 3932 3423 4012 φόλΛεων
3456 3939 3587 4015 πρὸς
3619 3940 3680 3994 τὸ
3729 3942 3819 4004 εἰς

2157 4021 2370 4088 ἇπατην
2413 4021 2519 4077 τῶν
2566 4019 2784 4077 πολλῶν
2841 4019 3020 4079 δοκεῖν
3049 4021 3390 4104 ἐλέγχεσθαι.
3427 4032 3528 4083 Τοῦ
3571 4025 3628 4083 δὲ
3683 4027 3815 4085 ἐτέ-

2158 4133 2248 4189 ρου
2292 4110 2377 4166 ἐπὶ
2433 4111 2636 4168 τούτων
2679 4110 3119 4190 καταπλαγέντος
3175 4115 3264 4170 καὶ
3311 4112 3547 4183 σπουδὴν
3591 4115 3817 4192 μᾶλλον

2155 4199 2376 4275 θεμένου
2432 4200 2570 4275 μετὰ
2623 4201 2684 4256 τὸ
2747 4199 3068 4276 ἐπιτιμῆσαι
3128 4206 3218 4260 καὶ
3273 4202 3550 4284 ὠφελῆσᾶι
3613 4207 3812 4284 αὑτὸν,

2159 4287 2563 4372 ἐπιεικεστέρους
2621 4287 2910 4368 ἐκέχρητο,
3008 4290 3147 4347 ὥστε
3205 4291 3650 4372 συμπαραλαϐετν
3710 4299 3814 4354 τὸν

433 4378 746 4441 credulum
769 4394 976 4440 secum
1000 4382 1427 4452 assumeret,et
1446 4392 1582 4436 cum
1603 4391 1674 4436 eo
1693 4373 2073 4436 ascenderet.

2162 4370 2402 4452 ἄπιστον,
2465 4379 2523 4433 ὃν
2588 4379 2676 4434 καὶ
2733 4379 3015 4437 πεισθέντα
3076 4370 3443 4461 συνανέφερεν,
3511 4383 3665 4441 Ἀλλ’
3727 4389 3814 4452 ὡς

434 4467 622 4541 Quem
647 4467 822 4529 etiam
845 4483 1198 4548 persuasum
1225 4466 1319 4526 vix
1345 4463 1583 4526 tandem
1607 4481 1813 4526 secum
1836 4481 2072 4525 sursum

2162 4465 2388 4545 ἔφθασαν
2435 4463 2557 4546 παρ’
2613 4468 2756 4541 αὑτῷ
2785 4467 2924 4524 κατά
2953 4470 3014 4525 τὸ
3060 4469 3174 4533 ἔθος
3205 4477 3274 4547 τῇ
3306 4473 3456 4550 τρίτῃ
3487 4472 3621 4550 ὥρᾳ,
3669 4477 3809 4542 τοὺς

436 4556 758 4620 duxit.Sed
782 4575 918 4616 cum
945 4556 1018 4618 ad
1043 4574 1182 4618 eum
1205 4555 1530 4628 venissent,
1558 4562 1620 4614 ut
1649 4552 1900 4627 solebat,
1929 4554 2075 4643 hora

2162 4577 2671 4636 παρατυγχανοντας
2725 4553 2958 4622 ἐδέξατο.
3007 4557 3137 4617 Οἱ)δέ
3209 4561 3310 4638 γὰρ
3369 4561 3436 4629 ἦν
3491 4560 3808 4643 ἀδιαφόρως

436 4646 611 4708 tertia
643 4645 880 4726 excepit
911 4663 1013 4707 eos
1037 4646 1136 4726 qui
1165 4644 1551 4707 accedebant.
1578 4643 1784 4724 Neque
1807 4643 1966 4704 enim
1998 4642 2076 4704 li-

433 4735 607 4799 cebat
628 4734 1153 4797 indiscriminatim
1180 4735 1234 4796 ei
1253 4731 1544 4796 exhibere
1567 4732 1927 4806 molestiam,
1959 4732 2076 4794 nisi

430 4826 494 4889 in
520 4835 790 4906 tempore
810 4823 986 4885 solito
1013 4841 1026 4886 :
1058 4823 1119 4884 in
1143 4843 1261 4904 quo
1283 4841 1386 4886 eos
1407 4823 1508 4904 qui
1534 4821 1788 4884 aderant
1813 4823 2072 4902 primum

430 4912 864 4980 adhortabatur
881 4912 958 4974 ad
984 4912 1508 4992 gloriﬁcationem;
1535 4911 1755 4974 deinde
1776 4911 1864 4972 sic
1889 4912 2068 4974 verbo

429 5005 635 5087 gratia;
653 5003 980 5068 adhortans
1005 5011 1062 5064 et
1080 5001 2075 5083 benedicens,unumquemquedi-

431 5094 731 5158 mittebat.
768 5094 951 5172 Cujus
997 5090 1242 5174 quidem
1275 5090 1727 5169 gloriﬁcationis
1758 5109 2074 5173 expressas

433 5202 678 5266 quoque
709 5182 782 5245 ab
817 5200 888 5245 eo
923 5181 1130 5245 laudes
1158 5181 1430 5243 dicemus
1461 5193 1692 5262 postea.
1726 5183 1893 5244 Laeto
1928 5200 2070 5262 ergo

429 5272 597 5336 vultu
622 5276 678 5335 ei
697 5271 800 5354 qui
820 5271 891 5334 ad
919 5290 1053 5334 eum
1079 5269 1406 5334 accedebat
1425 5287 1562 5334 cum
1585 5270 1726 5347 ﬁde,
1764 5271 1910 5332 dixit
1938 5291 2072 5353 quae

427 5371 602 5426 erant
620 5359 1193 5426 conducibiliamum
1217 5359 1530 5442 altero,qui
1553 5360 2068 5440 eratincredulus,

503 5565 540 5619 ο
565 5563 786 5648 Ephes.
819 5583 899 5650 vr,
934 5567 1034 5632 12.

2157 4645 2442 4725 όχλεϊσθαι
2485 4647 2668 4722 αὸτὸν,
2726 4646 2771 4702 εί
2815 4652 2892 4720 μή
2950 4647 3005 4704 ἐν
3061 4656 3139 4724 τῷ
3169 4649 3379 4717 συνήθει
3411 4658 3609 4733 καιαῷ,
3641 4651 3696 4710 ἐν
3761 4656 3810 4731 ᾧ

2156 4737 2276 4800 τοὺς
2323 4735 2589 4812 παρόντας
2645 4737 2717 4798 εἰς
2786 4734 3092 4816 δοξολογίαν
3151 4739 3508 4818 προετρέπετο
3552 4749 3808 4820 πρῶτον,

2156 4826 2244 4882 εἶθ
2287 4825 2454 4888 οὕτως
2499 4832 2574 4899 τῷ
2629 4823 2776 4904 λόγῳ
2832 4831 2932 4894 τῆς
2993 4849 3220 4907 χαριτος
3263 4830 3535 4906 παραινῶν
3567 4829 3804 4891 ἕκαστον

2154 4914 2252 4972 καὶ
2305 4912 2640 4992 κατεδλογῶν
2705 4914 2990 4991 ἀπελυτεν,
3080 4916 3252 4997 ἧσπερ
3325 4917 3634 4996 δοξολογίας
3712 4925 3805 4979 καὶ

2154 5006 2273 5068 τοὺς
2340 5002 2467 5082 παρ’
2524 5004 2665 5078 αὸτῷ
2721 5026 2776 5061 τε
2833 5005 3176 5081 τυπωμᾶνους
3235 5008 3418 5072 αἵνους
3473 5010 3544 5074 είς
3577 5008 3802 5091 ὕστερον

2153 5093 2397 5169 λέξομεν.
2460 5093 2703 5170 Χαρίεντι
2763 5093 2851 5150 οὖν
2909 5106 3181 5172 προσώπῳ
3239 5105 3314 5173 τῷ
3373 5098 3510 5174 μετὰ
3557 5100 3799 5164 πίστεως

2153 5183 2434 5262 ἐρχομένῳ
2471 5183 2614 5261 πρὸς
2663 5183 2822 5238 αυτὸν
2852 5184 3129 5266 πρόσφορα
3159 5184 3448 5268 διηλέχθη,
3485 5185 3616 5264 μηδ’
3648 5189 3797 5254 δλως

2153 5281 2230 5348 τῷ
2276 5271 2440 5352 ἐτέρῳ
2495 5273 2583 5329 καὶ
2667 5271 2877 5347 ἀπίστῳ
2929 5275 3026 5331 κᾶν
3086 5275 3263 5356 βραχὺ
3321 5277 3741 5353 προσομιλήσας
3775 5300 3792 5316 .

2152 5363 2336 5441 διόπερ
2397 5363 2534 5440 μετὰ
2576 5362 2638 5418 τὸ
2693 5361 3025 5430 ἀπολυθῆναι
3081 5363 3247 5422 πλείω
3314 5365 3476 5426 παλιν
3532 5366 3795 5447 ἐλοιδόρει
