4028 6202
243 311 266 373 1
280 310 398 375 389

1551 305 1735 368 VITA
1781 301 1841 365 s.
1891 273 2295 365 AUXENTII.

3451 273 3606 377 1390

237 450 332 504 τὸν
382 445 643 522 μακάριον
689 445 734 499 ὦ
764 441 1013 522 ἄπιστός,
1045 444 1119 507 ὡς
1152 440 1304 508 δόξης
1333 441 1488 498 ἕνεκα
1517 442 1605 498 καὶ
1633 444 1728 498 οῦκ
1757 439 1882 516 ἆρεο

1984 456 2043 528 ie
2065 437 2310 499 verbum
2328 436 2568 528 quidem
2591 437 3258 528 locutus.Quamobrem
3287 453 3603 528 postquam

240 541 341 605 τῆς
373 558 423 592 τι
454 531 930 613 διαπραττόμενον,

323 803 436 863 ΙΕ’.
485 801 902 881 [ἐπερχομένων
951 803 1039 855 οὖν
1089 799 1261 855 αὒτῶν
1299 799 1383 854 ἐπὶ
1414 805 1490 872 τῷ
1535 798 1753 875 Ἠμὲρῳ
1798 797 1884 853 ἐπὶ

241 895 306 950 τὸ
353 891 576 948 πλεῦσαι
614 891 896 970 (ἐμπόριον
943 888 994 944 δὲ
1052 891 1208 945 τοῦτό
1264 889 1406 945 ἐστιν
1451 887 1545 954 τῆς
1588 885 1884 968 Καλχηδό-

243 981 357 1060 νός)
421 991 513 1039 τοῦ
571 981 793 1038 ἀπίστου
871 992 1002 1042 παῖς
1085 976 1381 1055 διεῤῥωγὼς
1455 979 1574 1042 τοὺς
1647 984 1884 1057 χιτῶνας

243 1073 540 1149 ὁπηντᾶτο,
605 1068 872 1139 ὀλολύζων
915 1069 1004 1124 καὶ
1059 1071 1290 1138 θρηνῶν,
1359 1059 1450 1132 Ὠς
1500 1065 1553 1122 δὲ
1585 1070 1685 1134 τὴν
1722 1069 1888 1122 αἰτίαν

246 1160 545 1235 πυθόμενος
589 1161 617 1214 6
676 1159 861 1216 τούτου
934 1156 1224 1229 δεσπότης,
1272 1157 1331 1211 οὒ
1374 1157 1542 1235 τάχος
1599 1157 1886 1230 ἐμάνθανεν

245 1251 345 1306 τοῦ
402 1249 592 1313 παιδὸς
651 1250 754 1304 ὑπὸ
811 1247 956 1311 δέους
1015 1249 1102 1303 καὶ
1158 1247 1331 1312 λύπης
1375 1248 1436 1301 τὸ
1477 1244 1680 1321 συμϐὰν
1730 1245 1888 1322 ἐξαγ-

249 1339 462 1417 γέλλειν
520 1337 976 1415 ἀναϐαλλομένου,
1039 1346 1193 1395 τοῦτο
1252 1335 1306 1390 δὲ
1380 1336 1543 1411 μόνον
1613 1336 1887 1414 λέγοντος,

249 1428 334 1485 ὅτι
399 1430 574 1486 Κακὸν
629 1430 768 1503 ἡμῖν
824 1433 1064 1504 πρᾶγμα,
1129 1424 1381 1504 δέσποτα,
1444 1423 1660 1491 συνέϐη.
1730 1423 1890 1482 Ἐπι-

253 1517 695 1596 πληκτικώτερον
739 1516 1040 1593 ἀποκριθεὶς
1089 1516 1116 1569 6
1167 1513 1427 1581 δεσπότης
1478 1517 1635 1572 αὐτοῦ
1678 1538 1840 1594 φησιν
1873 1533 1890 1551 ο

255 1606 384 1664 Εἰπὲ
443 1608 492 1662 τί
536 1607 678 1664 ἐστιν
711 1627 728 1643 ο
775 1605 1044 1670 ἐσολώθην
1079 1621 1097 1680 ;
1155 1603 1486 1682 ἑνεπράσθην
1519 1623 1536 1683 ;
1570 1604 1630 1662 Ὀ
1661 1603 1715 1660 δὲ
1759 1617 1891 1668 παῖς

253 1695 450 1775 λέγει’
514 1694 648 1753 Ἰδοὺ
712 1698 748 1764 ἡ
805 1696 1042 1773 θυγάτηρ
1087 1716 1182 1750 σου
1224 1693 1278 1748 ἒν
1321 1701 1397 1766 τῷ
1440 1693 1579 1767 οἴκῳ
1634 1693 1891 1773 χαλεπῶς

1965 527 2073 587 fuit
2103 528 2408 600 dimissus,
2448 527 2720 606 pluribus
2752 547 2964 591 rursus
2997 531 3330 595 maledictis
3361 527 3606 600 beatum

1965 617 2328 680 Auxentium
2353 617 2677 678 insectatus
2699 626 2789 679 est
2806 617 3252 703 incredulus,ut
3276 624 3378 704 qui
3402 627 3608 706 glorias

1966 725 2162 780 causa,
2199 716 2256 767 et
2287 725 2406 768 non
2435 706 2667 768 virtutis
2698 707 3022 787 quidquam
3053 709 3302 776 faceret.

2045 795 2168 859 XV.
2204 794 2348 858 Cum
2382 796 2496 876 ipsi
2547 805 2742 858 autem
2795 796 2868 857 ad
2899 796 3226 861 Hemerum
3259 803 3604 870 descende-

1966 893 2103 974 rent
2132 885 2204 945 ad
2260 883 2653 960 navigandum
2708 884 2848 964 (hoc
2905 894 2993 946 est
3039 897 3234 951 autem
3268 897 3607 974 emporium

1969 973 2386 1054 Chalcedonis)
2421 992 2568 1052 puer
2599 974 2896 1035 increduli
2929 976 2995 1038 ﬁt
3025 978 3255 1040 obviam
3290 973 3479 1048 scissa
3507 995 3606 1049 tu-

1972 1065 2125 1137 nica,
2176 1063 2410 1143 ejulans
2461 1071 2517 1123 et
2575 1063 2932 1125 lamentans.
2997 1067 3143 1129 Cum
3195 1088 3333 1132 vero
3367 1093 3608 1140 causam

1970 1154 2302 1214 sciscitatus
2335 1154 2465 1232 ejus
2517 1152 2823 1233 dominus,
2858 1172 2977 1215 non
3007 1175 3179 1236 quam
3215 1161 3476 1238 primum
3510 1168 3610 1229 in-

1975 1243 2222 1338 tellexit,
2279 1261 2463 1323 puero
2512 1261 2634 1338 prae
2653 1243 2905 1338 _timore
2945 1252 3018 1338 ‘et
3067 1265 3325 1314 maerore
3355 1253 3416 1316 id
3448 1258 3609 1338 quod

1972 1331 2272 1393 acciderat
2302 1349 2547 1392 narrare
2579 1331 2919 1413 diﬂ‘erente,
2944 1333 3057 1396 hoc
3086 1345 3282 1401 autem
3311 1331 3506 1407 solum
3525 1348 3612 1410 di-

1977 1431 2178 1501 cente,
2212 1420 2328 1482 Res
2363 1421 2517 1482 mala
2544 1419 2717 1483 nobis
2748 1420 2990 1493 accidit,
3025 1444 3060 1486 ο
3111 1427 3379 1509 domine,
3412 1437 3614 1501 acrius

1979 1520 2035 1571 et
2068 1510 2482 1572 vehementius
2509 1510 2886 1590 respondens
2913 1513 3044 1593 ejus
3073 1514 3374 1598 dominus,
3408 1525 3559 1590 dixit
3591 1547 3607 1589 :

1977 1600 2105 1671 Dic,
2141 1599 2284 1680 quid
2315 1599 2392 1692 sit
2424 1620 2437 1662 :
2473 1599 2778 1692 furtumne
2808 1600 2868 1662 in
2907 1620 3003 1664 me
3034 1613 3125 1666 est
3151 1607 3503 1692 admissum,
3536 1635 3614 1680 an

1978 1707 2345 1786 passussum
2375 1688 2770 1786 incendium-7
2798 1692 2952 1753 Puer
2980 1692 3165 1759 dicit:
3199 1688 3608 1786 Nequaquam;

253 1783 641 1864 δαιμονίζεται,
725 1787 798 1846 ὡς
857 1784 932 1858 μή
1014 1781 1378 1860 περιγενέσθαι
1455 1787 1618 1849 αὐτῆς
1687 1783 1892 1862 ἰσχύειν

1984 1781 2083 1841 sed
2121 1779 2242 1840 ﬁlia
2265 1787 2365 1840 tua
2386 1779 2547 1840 domi
2567 1779 2829 1858 graviter
2849 1790 3093 1846 vexatur
3109 1803 3144 1846 a
3159 1779 3614 1867 daemonehdeo

251 1879 428 1950 ἡμᾶς,
491 1878 622 1934 Τότε
685 1873 751 1943 δὴ
823 1875 897 1936 εἷς
959 1873 1300 1939 συναίσθησιν
1344 1871 1639 1950 ἐληλυθὼς,
1707 1871 1896 1951 ἤρξατο

253 1965 474 2022 τύπτειν
530 1967 592 2020 τὸ
664 1965 950 2042 πρόσωπον
1018 1965 1175 2021 αὐτοῦ
1244 1960 1340 2018 καῖ
1399 1959 1736 2018 κατατίλλειν
1803 1961 1897 2026 τὰς

256 2055 455 2134 τρίχας
515 2055 677 2110 αὐτοῦ
718 2051 813 2110 καί
871 2052 1001 2127 βοᾷν
1049 2052 1261 2130 μεγάλη
1305 2055 1373 2126 τῇ
1427 2055 1581 2128 φωνῇ
1612 2069 1624 2083 ·
1675 2049 1802 2109 Οὒαὶ
1832 2055 1899 2126 τῇ

260 2145 372 2220 ἐμῇ
413 2144 631 2213 ἀπιστίᾳ
667 2161 684 2179 ο
718 2139 844 2198 ἀλλ’
888 2141 983 2198 ἐπί
1030 2139 1164 2196 πολὺ
1224 2139 1654 2204 κατακόπτοντος
1712 2140 1898 2196 ἑαυτὸν

259 2235 348 2290 καὶ
404 2233 688 2313 ἆφορήτως
738 2235 1080 2308 θρηνοῦντος,
1127 2232 1156 2286 6
1207 2230 1300 2285 σὺν
1331 2228 1475 2302 αὒτῷ
1515 2230 1703 2294 πιστὸς
1739 2230 1898 2285 ἑταῖ-

261 2343 352 2400 ρος
413 2323 570 2379 εἶπεν
625 2323 758 2400 πρὸς
817 2323 1000 2391 αὐτὸν,
1060 2319 1236 2383 καθὼς
1298 2320 1326 2374 6
1386 2319 1576 2396 Σωτὴρ
1619 2319 1750 2396 πρὸς
1807 2320 1897 2375 τὸν

259 2411 463 2488 Ἰάϊρον
493 2432 507 2445 ·
560 2413 648 2476 Mn
707 2407 892 2490 φοϐοῦ,
940 2409 1104 2483 μόνον
1157 2409 1394 2482 πίστευε,
1454 2409 1543 2465 καὶ
1600 2409 1898 2478 σωθήσεται

257 2503 293 2568 ἡ
324 2514 482 2566 παῖς,
543 2498 780 2557 Ἐκείνου
840 2497 896 2553 δὲ
942 2499 1039 2566 τὴν
1087 2497 1336 2555 ἀπιστίαν
1367 2498 1546 2570 τελείᾳ
1588 2496 1758 2554 πίστέι
1815 2495 1900 2552 διὰ

258 2595 360 2657 τῆς
402 2590 717 2669 προφάσεως
777 2588 975 2655 ταύτης
1034 2586 1474 2665 διωρθωσαμένου
1521 2588 1611 2644 καὶ
1673 2588 1897 2663 κράζον-

264 2699 353 2736 τος
390 2693 404 2708 ⁶
481 2679 744 2750 Πιστεύω,
795 2676 977 2753 βοήθει
1056 2699 1156 2750 μου
1215 2682 1283 2752 τῇ
1341 2678 1581 2750 ἀπιστίᾳ,
1643 2675 1900 2752 διαπερά-

264 2789 454 2833 σαντες
496 2768 608 2842 ἅμα
664 2765 826 2835 ἦλθον
881 2765 974 2823 ἐπὶ
1035 2768 1134 2833 τὴν
1193 2767 1360 2822 οἰκίαν
1393 2782 1406 2796 ⁶
1467 2767 1556 2822 καὶ
1585 2764 1650 2832 δὴ
1705 2767 1902 2822 θεασά-

265 2878 420 2932 μενοι
452 2857 546 2922 τὴν
593 2856 864 2934 συμφορὰν
922 2856 1010 2910 καὶ
1059 2855 1340 2935 ἀφορήτως
1394 2853 1764 2934 ἐλεγχομένην
1808 2856 1903 2923 τὴν

269 2949 438 3022 κόρην
496 2947 580 3000 καὶ
636 2946 726 3000 τὸν
799 2948 1059 3020 μακάριοι
1125 2942 1399 3008 Αῦξέντιον
1449 2943 1900 3018 ἐπικαλουμένην,

267 3037 532 3111 οἰμωγαῖς
603 3035 690 3088 καὶ
762 3032 1010 3110 ὀδυρμοῖς
1070 3035 1416 3111 ἓκραύγαζον.
1470 3033 1608 3089 Εἶτα
1664 3031 1810 3110 λέγει
1876 3035 1903 3088 6

1981 1877 2043 1930 ut
2075 1887 2183 1959 nos
2212 1885 2342 1930 eam
2380 1885 2499 1928 non
2532 1867 2831 1959 possimus
2859 1874 3344 1950 superare.Tunc
3373 1882 3616 1959 ille,sti-

1982 1957 2369 2051 mulo__motus
2399 1956 3000 2051 conscientiacoepit
3023 1961 3238 2026 faciem
3273 1956 3612 2051 percutere,

1980 2054 2042 2109 et
2069 2046 2293 2109 vellere
2323 2045 2594 2125 capillos,
2644 2054 2708 2106 et
2750 2064 2963 2126 magna
2993 2067 3139 2114 voce
3166 2045 3430 2123 clamare
3464 2081 3480 2122 :
3513 2045 3618 2128 νώ

1981 2156 2131 2201 meas
2156 2137 2588 2200 incredulitati.
2634 2135 2718 2198 Eo
2765 2147 2966 2201 autem
2999 2160 3068 2204 se
3095 2143 3198 2207 diu
3227 2146 3528 2218 lacerante
3556 2165 3619 2220 et

1979 2227 2346 2325 lamentante
2403 2225 2903 2325 intolerabiliter,
2939 2228 3110 2306 alter,
3164 2233 3267 2325 qui
3322 2259 3456 2303 cum
3486 2256 3617 2325 ipso

1979 2326 2105 2380 erat
2133 2316 2352 2390 ﬁdelis,
2391 2315 2539 2377 dixit
2567 2315 2625 2377 ei
2665 2315 2819 2377 sicut
2865 2315 3144 2384 Servatur
3169 2323 3332 2389 Jairo
3365 2331 3464 2391 10:
3500 2315 3618 2397 So-

1981 2408 2103 2468 lum
2135 2405 2340 2480 crede,
2374 2413 2435 2467 et
2459 2405 2624 2468 salva
2663 2406 2779 2468 erit
2803 2407 3180 2488 puella.Cum
3213 2415 3317 2480 ille
3346 2437 3488 2485 vero
3517 2423 3618 2485 in-

1982 2496 2397 2594 credulitatem
2469 2494 2905 2594 perfecta_fide
2961 2502 3318 2594 correxisset
3379 2520 3623 2594 propter

1983 2587 2137 2680 hanc
2167 2588 2565 2680 occasionem,
2601 2597 2662 2650 et
2701 2586 3042 2680 clamaret:
3091 2593 3307 2670 Credo,
3342 2586 3618 2680 Domine,

1984 2675 2073 2737 fer
2104 2693 2276 2756 opem
2313 2693 2463 2737 mere
2507 2674 2952 2737 incredulitati:
3023 2681 3393 2762 trajicientes
3440 2674 3625 2753 simul

1986 2772 2278 2826 venerunt
2306 2763 2693 2836 domum.Qui
2720 2783 2855 2825 cum
2882 2765 3167 2831 vidissent
3191 2774 3621 2856 calamitatem,

1986 2864 2047 2916 et
2079 2854 2336 2934 puellam
2372 2872 2508 2930 quze
2539 2853 2860 2914 vexabatur
2887 2857 3434 2941 intolerabiliter,et
3461 2853 3625 2932 invo-

1987 2952 2219 3006 cantem
2244 2941 2485 3006 beatum
2510 2941 3239 3017 Auxentium,clamabant
3257 2972 3466 3020 omnes
3487 2977 3626 3021 cum

1985 3032 2222 3128 ﬂetibus
2266 3041 2319 3128 et
2349 3031 2697 3128 ejulatibus.
2750 3033 2980 3128 Deinde
3027 3037 3172 3100 dicit
3211 3044 3442 3108 amicus
3477 3048 3629 3128 patri

263 3124 446 3200 ἕτερος
503 3127 578 3195 τῷ
634 3125 791 3200 πατρὶ
850 3123 948 3189 τῆς
1007 3123 1171 3200 κόρης
1206 3141 1220 3157 '
1294 3123 1456 3198 Δεῦρο
1503 3122 1568 3189 δὴ
1613 3123 1758 3186 εὐθὺς
1818 3125 1896 3178 καῖ

1991 3124 2205 3214 puellae
2231 3141 2244 3182 :
2272 3123 2464 3214 Age,o
2483 3123 3248 3210 amice,quomodocunque
3270 3122 3626 3214 poterimus,

263 3218 608 3291 παραχρῆμα
682 3211 976 3285 οἷῳδάποτε
1060 3214 1242 3289 τρόπῳ
1317 3211 1646 3280 πεδήσαντες
1715 3213 1902 3287 αὐτὴν,

264 3305 400 3380 πρὸς
448 3304 539 3357 τὸν
573 3301 718 3357 ὅσιον
749 3302 1116 3380 ἀπαγάγωμεν
1149 3299 1328 3379 ἄνδρα,
1362 3303 1544 3359 ἱκανοῦ
1577 3304 1730 3360 αὐτοῦ
1756 3301 1907 3365 ὄντος

263 3393 583 3458 δυσωπῆσαι
613 3393 703 3447 τὸν
736 3394 864 3447 Θεὸν
896 3393 1012 3468 περὶ
1041 3392 1139 3458 τῆς
1167 3391 1360 3453 ἱάσεως
1393 3391 1586 3458 αὐτῆς,

352 3481 483 3555 ις’,
546 3472 638 3544 Ὦς
688 3479 742 3536 δὲ
786 3487 942 3537 τοῦτο
1000 3479 1331 3555 τελέσαντες,
1383 3488 1459 3554 τῷ
1489 3479 1632 3559 ἀνδρὶ
1663 3483 1908 3559 προσήγ-

267 3580 444 3650 γιζον,
521 3569 713 3649 ἤρξατο
772 3571 1130 3647 ἀγριαίνεσθαι
1203 3576 1468 3650 περισσῶς
1513 3574 1601 3628 καὶ
1657 3570 1909 3628 ὑλακτεῖν

269 3664 360 3718 καὶ
418 3664 491 3725 ὡς
550 3659 813 3736 ἑλκομένη
873 3661 1010 3735 μετὰ
1065 3659 1261 3738 δρόμου
1333 3659 1579 3725 πλείονος
1653 3659 1855 3716 ἀνιέναι
1890 3674 1904 3690 '

270 3750 517 3831 φθάσασα
560 3752 647 3805 οὖν
693 3747 936 3827 ἄντικρυς
982 3757 1074 3807 τοῦ
1116 3747 1336 3827 θυριδίου
1411 3754 1508 3817 τῆς
1566 3747 1766 3816 κέλλης
1819 3755 1913 3806 τοῦ

1991 3231 2120 3274 eam
2153 3211 2506 3287 vinciemus,
2543 3220 2601 3273 et
2657 3213 3136 3279 transmittentes
3187 3211 3526 3288 deferamus
3552 3211 3629 3289 ad

1990 3310 2265 3396 sanctum
2300 3300 2515 3396 virum,
2544 3317 2678 3361 cum
2711 3301 2843 3381 ipse
2873 3321 2908 3362 a
2931 3302 3055 3367 Deo
3087 3310 3277 3386 possit
3305 3312 3631 3396 impetrare

1991 3392 2120 3471 ejus
2147 3391 2544 3451 curationem.

2069 3477 2216 3540 XVI.
2252 3481 2392 3540 Cum
2454 3478 2566 3539 hoc
2614 3486 2813 3539 autem
2861 3479 3239 3564 fecissent,et
3269 3489 3390 3552 viro
3421 3505 3629 3559 sancto

1990 3565 2567 3648 apprOpinquarent,
2603 3567 2803 3646 puella
2825 3571 3002 3648 coepit
3022 3573 3284 3652 efferari,
3319 3581 3631 3646 etmiran-

1993 3658 2132 3752 dum
2158 3657 2218 3716 in
2251 3654 2495 3752 modum
2530 3654 2756 3752 (urere,
2789 3664 2850 3716 et
2870 3655 3113 3752 _lat_rare
3145 3671 3208 3722 ut
3236 3668 3493 3743 canis,et
3521 3690 3632 3752 pe-

1991 3746 2166 3809 rinde
2219 3743 2396 3834 acisi
2449 3743 2787 3805 traheretur
2831 3744 2905 3805 ab
2936 3747 3157 3828 aliquo,
3210 3757 3422 3834 majori
3453 3743 3634 3822 cu'rsu

271 3841 535 3918 μακαρίου
588 3839 827 3917 παρέστη
899 3839 1292 3915 βασανιζομένη
1353 3837 1540 3904 δεινῶς
1573 3855 1590 3872 ⁸
1651 3837 1896 3917 ὀδυρομέ-

1995 3851 2265 3898 currere.
2293 3833 2440 3896 Cum
2473 3850 2611 3894 vero
2643 3835 3019 3912 pervenisset
3049 3856 3121 3900 ex
3149 3833 3405 3908 adveaso
3427 3847 3636 3912 fenes-

271 3952 380 3986 νων
436 3935 542 3985 τῶν
600 3929 876 4002 ἑπομένων
936 3929 1035 3996 τὴν
1094 3928 1390 4008 συμφοράν.
1452 3928 1574 3986 Ἐπὶ
1646 3926 1783 3985 πολὺ
1825 3927 1896 3984 οἶι

1997 3936 2102 3987 ιιδω
2122 3920 2811 4019 cellte_beati,c_onstitit,
2841 3933 2902 3985 et
2921 3923 3006 3987 ibi
3023 3929 3286 4019 graviter
3309 3939 3632 4019 torqueba-

274 4017 646 4098 ἒλεγχομένης
695 4018 885 4092 αὐτῆς,
933 4017 1140 4084 ἀνοίξας
1200 4017 1298 4088 τῂν
1344 4015 1520 4093 θυρίδα
1563 4019 1591 4073 6
1644 4016 1698 4072 ὲν
1742 4017 1896 4097 ἁγίοις

1996 4012 2191 4077 tur.Et
2220 4012 2322 4094 qui
2352 4011 2925 4093 sequebantur,cum
2959 4016 3129 4080 valde
3155 4011 3456 4089 deﬂerent
3485 4029 3643 4092 cala-

271 4109 460 4183 Πατὴρ
506 4106 678 4182 ἡμῶν,
728 4106 1001 4182 ἐμϐλέψας
1046 4113 1114 4183 τῇ
1168 4107 1302 4185 κόρῃ
1364 4105 1625 4184 ἐμϐριθὼς
1675 4105 1896 4184 ἔλεγενλ

2002 4106 2364 4178 mitatem,et
2387 4101 2520 4183 ipsa
2550 4101 2720 4164 valde
2748 4113 3088 4179 vexaretur,
3122 4113 3407 4190 aperiens
3435 4116 3642 4180 fenes-

277 4203 453 4273 Τριῶν
496 4197 737 4276 φόλλεων
768 4197 804 4264 ἢ
833 4196 888 4263 ἓξ
920 4197 1158 4277 φόλλεων
1195 4216 1212 4276 ;
1247 4200 1308 4255 Οἱ
1332 4194 1387 4252 δὲ
1417 4197 1668 4268 πορόντες
1709 4196 1772 4253 ἐκ
1795 4195 1896 4252 6co-

2000 4203 2149 4286 tram
2184 4201 2433 4286 sanctus
2461 4190 2636 4286 Pater
2665 4201 2874 4286 noster
2893 4193 3317 4286 Auxentius,et
3345 4222 3476 4266 eam
3505 4225 3644 4286 gra-

276 4287 433 4364 τέρου
477 4290 577 4354 τὴν
621 4290 802 4366 φωνὴν
847 4289 1047 4354 ταύτην
1103 4287 1209 4343 ἀπὸ
1276 4295 1372 4344 τοῦ
1421 4287 1565 4343 ὁσίου
1623 4286 1891 4366 λεχθεῖσα

1999 4284 2151 4345 viter
2181 4279 2915 4361 aspiciens,dixit,Tribus
2947 4283 3142 4348 obolis
3164 4296 3266 4350 aut
3295 4310 3398 4354 sex
3423 4279 3640 4357 obolis.

278 4377 604 4451 ἀκηκοότες,
665 4375 884 4454 ἕρῤιψαν
930 4377 1147 4438 ἑαυτοῦς
1198 4378 1290 4432 σὺν
1332 4383 1410 4450 τῷ
1439 4380 1597 4455 πατρὶ
1627 4376 1722 4444 τῆς
1753 4378 1889 4456 κόρη

2003 4373 2110 4446 Qui
2142 4381 2338 4432 autem
2389 4370 2661 4445 aderant,
2697 4387 2833 4431 cum
2891 4372 3110 4436 iterum
3171 4377 3326 4443 hanc
3356 4401 3560 4445 vocem
3612 4402 3648 4446 a

281 4467 362 4526 εἰς
408 4467 464 4520 τὸ
507 4463 699 4544 ἔδαφος
730 4467 958 4542 βοῶντες
997 4483 1010 4497 ’
1047 4465 1332 4544 Ἐλέησον,
1366 4464 1515 4522 δοῦλε
1543 4473 1635 4522 τοῦ
1665 4473 1797 4523 Θεοῦ
1831 4487 1896 4521 τοε

2005 4471 2209 4554 sancto
2236 4461 2466 4554 dictam
2497 4459 3084 4554 audiissent,seicum
3111 4475 3277 4545 patre
3299 4471 3514 4552 puellas
3528 4474 3649 4536 bu-

282 4555 532 4628 ῦψίστου,
576 4555 674 4610 καὶ
700 4556 1052 4634 συγχώρητον
1091 4573 1104 4585 ⁸
1165 4559 1191 4611 6
1235 4557 1451 4612 πάντων
1494 4557 1592 4634 γὰρ
1642 4555 1890 4621 Δεσπότη

2009 4553 2087 4614 mi
2123 4549 2869 4632 projicerunt,clamantes:
2896 4552 3204 4632 Miserere,
3237 4549 3408 4622 serve
3428 4564 3538 4626 Dei
3561 4563 3654 4626 al-

284 4645 377 4700 καὶ
431 4646 619 4721 Σωτὴρ
667 4647 885 4723 Χριστὸς
931 4651 1129 4723 προορᾷ
1185 4645 1270 4701 διὰ
1314 4653 1408 4701 σοῦ
1462 4646 1550 4701 καὶ
1606 4647 1673 4700 τὰ
1717 4647 1894 4723 μακρὰ

2010 4643 2319 4714 tissimi,et
2340 4636 2895 4716 ignosce.0mnium
2927 4641 3090 4703 enim
3117 4644 3408 4713 Dominus
3429 4662 3487 4714 et
3508 4655 3652 4716 Ser-

287 4734 558 4811 λεγόμενα
617 4737 704 4791 καὶ
748 4736 1109 4813 πραττόμενα,
1163 4737 1236 4798 ὡς
1270 4736 1428 4792 οἰκῶν
1458 4734 1512 4789 ἐν
1543 4733 1632 4789 eo?
1663 4741 1738 4807 τῷ
1766 4734 1889 4811 θερά

2010 4739 2179 4793 vator
2213 4729 2480 4820 Christus
2532 4745 2641 4807 per
2681 4735 2741 4788 te
2764 4731 3067 4820 praevidet
3089 4752 3160 4796 ea
3177 4755 3310 4817 quaa
3331 4759 3440 4820 per
3471 4751 3526 4804 te
3557 4741 3656 4802 di-

289 4844 448 4880 ποντι
483 4825 661 4887 αὐτοῦ,
725 4826 834 4892 Τὴν
886 4827 970 4880 οὖν
1020 4823 1316 4904 ἔμϐρίθειαν
1347 4822 1608 4904 πραότητι
1640 4823 1892 4881 καταστεί

2014 4832 2231 4884 cuntur
2259 4819 2523 4910 etﬁunt,
2553 4825 2625 4910 ut
2679 4816 2781 4897 qui
2814 4817 2875 4878 in
2911 4829 2964 4881 te
3019 4816 3270 4902 habitet,
3305 4816 3406 4910 qui
3435 4848 3500 4892 es
3523 4832 3656 4910 ejus

290 4912 390 4976 ὶας
450 4915 476 4968 6
508 4914 791 4992 μακάριος,
841 4912 1343 4990 προσκαλεσάμενος
1392 4914 1514 4976 τοὺς
1547 4913 1746 4975 πάντας
1779 4912 1892 4978 πλη

2015 4909 2519 4974 famulus.Beatus
2550 4906 2774 4997 itaque,
2811 4915 3273 4977 mansuetudine
3319 4906 3657 4997 reprimens

292 5003 429 5074 σίον,
487 5001 638 5081 ἔλεγε
697 5011 774 5077 τῷ
820 5003 986 5081 πατρί
1040 5008 1202 5072 αὐτης
1239 5023 1252 5037 ⁸
1318 5005 1375 5060 Εἰ
1425 5007 1665 5065 καὶτοὺς
1711 5001 1896 5058 λοιποῦ

2018 4999 2419 5087 severitatem,
2445 4994 2726 5087 omnibus
2759 5015 2945 5078 prope
2976 5003 3304 5079 accersitis,
3329 4994 3476 5067 dixit
3506 5005 3659 5087 patri

293 5092 513 5168 μισθοὺς
546 5093 798 5172 παρέχω,
832 5095 904 5150 ὡς
949 5093 1107 5172 ἔφης,
1139 5095 1244 5149 ἀπὸ
1275 5099 1434 5172 τριῶν
1467 5094 1553 5148 καὶ
1583 5091 1636 5156 ἓξ
1667 5090 1896 5172 φόλλεωη

2021 5089 2234 5171 puellae
2260 5107 2273 5146 :
2303 5085 2366 5146 Si
2398 5085 2574 5145 etiam
2609 5084 2956 5166 reliquis,ut
2989 5098 3048 5150 tu
3079 5084 3660 5168 dixisti,mercedem

293 5180 365 5246 τῆ
395 5184 612 5260 θυγατρί
658 5204 752 5238 σου
783 5182 944 5239 πόδον
1003 5181 1252 5257 δέδωκας
1301 5180 1362 5240 Ὀ
1423 5181 1476 5237 δὲ
1519 5180 1681 5238 πάλιν
1742 5180 1896 5240 κλαίοι

2022 5178 2259 5262 praebeo
2291 5193 2360 5236 ex
2391 5174 2580 5234 tribus
2609 5181 2669 5236 et
2698 5192 2801 5236 sex
2827 5175 3041 5251 obolis,
3069 5178 3205 5240 tilia)
3231 5192 3346 5243 tuae
3369 5195 3660 5264 quantum

297 5268 567 5351 σφοδρῶς,
600 5272 753 5348 ῥίψας
781 5271 966 5328 ἑαυτὸν
1001 5273 1348 5353 συγχώρησιν
1379 5270 1646 5350 ἐξῃτεῖτο.

2022 5266 2215 5333 dedi?
2245 5265 2352 5327 Ille
2382 5271 2580 5325 autem
2614 5281 2822 5324 rursus
2850 5265 3002 5326 ﬂens
3023 5269 3509 5351 vehementer,se
3530 5291 3665 5357 pro-

2018 5364 2239 5447 jiciens
2271 5361 2332 5420 in
2364 5367 2609 5432 terram,
2638 5357 2878 5436 petebat
2908 5360 3161 5423 veniam.

384 5448 494 5512 lZ'.
555 5449 946 5528 Ἐπευξάμινος
1001 5452 1176 5512 τοίνυν
1236 5454 1263 5510 6
1316 5452 1575 5532 μακάριος
1619 5453 1707 5510 καὶ
1750 5456 1842 5513 τὸν
1886 5450 1896 5507 ί

2093 5454 2402 5514 Xth.Cum
2423 5453 2615 5524 itaque
2635 5458 2788 5508 esset
2811 5461 3082 5522 precatus
3103 5456 3664 5532 beatusAuxentius,

381 5619 440 5671 ¹ο
465 5619 651 5682 Marc.
686 5637 739 5697 v,
772 5619 871 5682 36.
