4060 6206
455 285 603 381 1391

1715 289 1996 376 MENSIS
2036 310 2544 377 FEBRUARIUS.

3669 295 3817 376 1392

453 458 514 514 et
529 467 771 513 crucem
792 466 926 530 quae
939 463 1120 528 super
1131 445 1411 508 baculum
1433 447 1630 508 eratin
1645 447 1776 526 ejus
1794 446 2085 520 manibus,

2179 450 2364 527 χερσὶν
2407 450 2566 505 αῦτοῦ
2611 451 2696 504 επὶ
2748 448 3042 524 βακτηρίας
3089 448 3314 526 σταυρὸν
3376 445 3699 509 ἀποστείλας
3756 445 3824 502 δι’

452 540 717 604 misisset
748 557 856 620 per
878 556 1060 600 unum
1085 535 1257 598 exiis
1279 536 1382 616 qui
1407 536 1562 616 apud
1583 555 1718 598 eum
1744 555 2085 618 persevera-

450 631 614 706 bant,
649 630 790 691 fecit
832 644 1074 689 cessare
1124 626 1342 706 puellae
1366 625 1764 699 vexationem,
1801 637 1859 688 et
1885 628 2088 688 docuit

447 738 657 783 omnes
689 716 793 798 qui
821 723 1375 790 convenerant,non
1410 725 1688 796 oportere
1711 735 1828 778 non
1863 715 2086 778 habere

447 809 626 872 ﬁdem
651 806 761 870 Dei
777 803 1403 886 admirabilibus,quaa
1421 804 1496 867 ab
1523 806 1653 886 ipso
1679 807 1827 868 ﬁunt
1847 806 1906 867 in
1933 824 2084 866 una-

444 916 679 979 quaque
708 895 1100 976 generatione
1132 912 1238 975 per
1270 913 1374 956 eos
1407 913 1514 975 per
1545 914 1695 976 quos
1727 899 1779 957 ei
1824 897 2081 957 videtur.

442 987 803 1050 Patriarchae
837 983 1000 1047 enim
1033 992 1093 1045 et
1117 1001 1328 1046 omnes
1359 985 1687 1065 prophetae,
1723 993 1781 1045 et
1807 985 2090 1046 similiter

443 1077 626 1141 etiam
653 1075 1111 1158 apostoli,erant
1141 1073 1447 1148 homines,
1477 1081 1536 1135 et
1562 1093 1596 1136 a
1628 1074 1831 1136 divina
1860 1074 2083 1136 incitati

441 1167 650 1248 gratia,
684 1164 1118 1228 convenienter
1148 1163 1352 1225 divino
1384 1162 1676 1245 Apostolo
1707 1165 2083 1240 “,exstinxe-

438 1265 586 1321 runt
614 1259 737 1319 vim
769 1253 1388 1336 ignis,obstruxerunt
1420 1254 1885 1330 oraleonum,et
1916 1255 2082 1316 fece-

437 1356 579 1412 runt
595 1353 796 1410 omnia
816 1353 950 1426 quae
973 1345 1262 1424 deinceps
1285 1344 1504 1425 scripta
1525 1353 1685 1408 sunt.
1721 1347 1908 1407 Porro
1943 1363 2084 1406 vero

2166 539 2284 602 ἒνὸς
2342 541 2448 594 τῶν
2507 539 3048 616 προσκαρτερούντων
3121 540 3286 611 αὐτῷ,
3375 539 3677 593 κατέπαυσε
3725 538 3828 603 τὴν

2166 629 2331 703 κόρην
2388 633 2481 684 τοῦ
2536 628 2790 707 ἐλεγμοῦ,
2829 628 2925 685 καῖ
2980 627 3219 689 ἅπαντας
3251 627 3372 689 τοὺς
3404 625 3826 693 συνεληλυθότας

2168 714 2456 788 ἐδίδασκεν,
2505 714 2587 772 ὅτι
2641 718 2699 774 οὔ
2768 715 2854 773 δεῖ
2911 717 3163 774 ἀπιστεῖν
3205 729 3325 779 τοῖς
3369 719 3680 790 θαυμασίοις
3734 723 3829 772 τοῦ

2169 808 2301 862 Θεοῦ
2357 804 2656 882 γινομένοις
2689 805 2778 862 ὑπ’
2825 808 2985 865 αὐτοῦ
3027 804 3145 861 καθ’
3209 805 3443 872 ἑκάστην
3508 807 3722 882 γενεὰν,
3757 803 3825 861 δι’

2167 896 2238 951 ὧν
2299 892 2509 950 εὖδοκεῖ
2544 912 2559 929 ·
2616 897 2706 952 καὶ
2764 897 2867 973 γὰρ
2921 897 2968 951 οἱ
3031 895 3371 974 πατριάρχαι
3413 895 3499 950 καὶ
3533 894 3730 957 πάντες
3780 887 3827 950 οἱ

2167 984 2434 1064 προφῆται
2489 987 2686 1060 ὁμοίως
2729 983 2825 1041 καί
2887 987 2935 1042 οἱ
3006 985 3306 1042 ἀπόστολοι
3364 983 3626 1062 ἄνθρωποι
3684 985 3826 1051 ἦσαν

2165 1075 2267 1130 ὑπὸ
2311 1075 2412 1140 τῆς
2455 1075 2596 1136 θείας
2635 1074 3005 1153 ἒνεργούμενοι
3079 1075 3311 1154 χάριτος
3361 1075 3498 1130 κατὰ
3551 1075 3643 1130 τὸν
3669 1077 3824 1131 θεῖον

2169 1161 2523 1239 Ἀπόστολον,
2586 1161 2807 1221 ἔσϐεσαν
2870 1162 3092 1238 δύναμιν
3153 1165 3341 1242 πυρὸς,
3402 1162 3626 1243 ἔφραξαν
3680 1167 3815 1220 στό-

2170 1275 2311 1329 ματα
2355 1254 2582 1310 λεόντων
2629 1256 2716 1310 καὶ
2765 1254 2938 1310 πάντα
2988 1255 3054 1310 τὰ
3085 1252 3206 1320 ἑξῆς
3239 1253 3582 1331 γεγραμμένα
3625 1255 3816 1310 ἒιέλε-

2171 1366 2291 1418 σαν,
2329 1346 2416 1400 καὶ
2445 1344 2580 1410 αῦτὴ
2625 1343 2678 1399 δὲ
2724 1346 2757 1412 ἡ
2819 1365 2912 1401 του
2974 1344 3164 1422 Κυρίου
3222 1345 3373 1422 φωνὴ
3406 1344 3819 1420 προτρεπομένη

2169 1434 2314 1507 ἡμᾶς
2341 1435 2604 1490 πιστεύειν
2639 1433 2808 1496 οὕτως
2843 1432 2989 1510 λέγει
3020 1453 3033 1466 ·
3080 1456 3103 1486 ι
3147 1435 3324 1489 Πάντα
3381 1431 3481 1490 ὅσα
3512 1435 3611 1509 μὲν
3641 1433 3816 1512 r516-

434 1438 564 1519 ipsa
598 1455 834 1518 quoque
879 1453 989 1496 vox
1040 1433 1302 1510 Domini,
1340 1453 1472 1515 quae
1505 1453 1614 1495 nos
1642 1435 1993 1496 adhortatur
2025 1443 2088 1496 ut

435 1525 873 1600 credamus,sic
892 1525 1077 1586 dicit:
1112 1549 1131 1580 ι
1145 1522 1361 1587 Omnia
1379 1542 1751 1605 quaecunque
1772 1534 2084 1604 precantes

438 1613 911 1696 petitis,credite
944 1613 1105 1694 quod
1137 1613 1541 1694 accipietis,et
1572 1622 1749 1675 erunt
1780 1613 1944 1674 vobis
1967 1614 2078 1676 η.»

2166 1614 2317 1687 ὑμῖν.
2360 1636 2383 1670 ι)
2423 1623 2525 1671 Τοῦ
2557 1621 2689 1670 Θεοῦ
2719 1613 2807 1668 οὖν
2862 1612 3196 1692 παρέχοντος
3229 1612 3317 1668 ὅτε
3349 1613 3593 1688 βούλεται
3628 1613 3717 1669 καὶ
3749 1610 3819 1668 δι’

433 1711 703 1781 Benigno
726 1722 865 1780 ergo
889 1708 1008 1764 Deo
1029 1707 1324 1777 praebente
1344 1707 1578 1778 quando
1595 1708 1720 1764 vult
1745 1716 1798 1764 et
1816 1722 1918 1778 per
1937 1722 2083 1778 quos

2166 1704 2239 1758 ὧν
2297 1702 2568 1778 βούλεται,
2615 1704 2674 1759 οὗ
2719 1703 2829 1782 χρὴ
2891 1704 3037 1777 ἡμᾶς
3087 1702 3359 1761 ἀπιστεῖν.
3396 1701 3517 1758 Ἐπὶ
3549 1701 3818 1778 ἑϐδομάδα

432 1795 706 1871 vult,non
737 1799 976 1871 oportet
1008 1810 1118 1852 nos
1153 1809 1286 1852 esse
1315 1791 1680 1854 incredulos.
1716 1790 1858 1853 Cum
1885 1793 2082 1872 itaque

2165 1793 2333 1850 τοίνυν
2366 1791 2616 1858 κελεύσας
2648 1794 2787 1868 μετά
2820 1797 2925 1848 τῶν
2960 1793 3158 1870 γονέων
3217 1805 3548 1869 παραμεῖναι
3584 1793 3680 1860 τὴν
3714 1793 3818 1848 κό-

431 1903 612 1946 unam
638 1881 1079 1945 hebdomadam
1098 1881 1381 1958 jussisset
1406 1880 1666 1960 puellam
1683 1898 1925 1942 manere
1939 1900 2074 1942 cum

2163 1905 2284 1957 ρην,
2319 1882 2458 1961 εί)χῇ
2513 1883 2600 1938 καὶ
2651 1882 2872 1954 νηστείᾳ
2928 1881 3428 1957 καθωπλισμένους,
3473 1882 3601 1959 ὑγιῆ
3649 1883 3816 1949 αὖτὴν

431 1969 1164 2054 parentibus,precatione
1195 1970 1437 2031 armatis
1461 1978 1519 2030 et
1535 1970 1861 2049 jejunio,et
1887 1973 2072 2050 ipsam

2159 1973 2607 2042 ἀποκαταστήσας
2690 1971 2743 2027 ἐν
2823 1973 3008 2049 είρήνῃ
3075 1971 3370 2051 ἀπέλυσεν,
3431 1974 3815 2050 παρεγγυήσας

433 2079 639 2124 sanam
674 2058 1061 2134 restituisset,
1102 2057 1328 2121 dimisit
1359 2078 1461 2122 eos
1491 2061 1553 2120 in
1586 2060 1979 2140 pace,jubens
2009 2067 2074 2122 ut

2158 2065 2442 2142 συχνάζειν
2473 2062 2660 2122 αὐτοὺς
2694 2067 2762 2137 τῇ
2794 2061 3068 2140 ἁγιωτάτῃ
3095 2061 3379 2134 ἐκκλησίᾳ.

427 2153 585 2215 irent
613 2152 964 2231 frequenter
994 2151 1068 2213 ad
1101 2150 1542 2212 sanctissimam
1573 2147 1925 2214 Ecclesiam.

1918 2275 2158 2342 CAPUT
2201 2276 2304 2340 Ill.

1313 2411 1643 2494 Leprosu,
1673 2413 2083 2495 paralyticus,
2115 2429 2532 2494 energumenaz
2578 2418 2917 2488 sanantur,

2170 1545 2320 1596 μενοι
2368 1526 2624 1597 αἰτεῖσθε,
2673 1523 2974 1595 πιστεύετε,
3005 1523 3085 1578 ὅτι
3147 1521 3472 1600 λαμϐανετε,
3529 1525 3619 1579 καὶ
3664 1521 3817 1580 ἔσται

497 2547 689 2606 XVIII.
717 2547 954 2619 Aliquot
977 2555 1170 2606 autem
1193 2555 1324 2618 post
1348 2545 1556 2605 diebus
1581 2548 1974 2606 ascenderunt
2003 2547 2072 2604 ad

427 2653 563 2700 eum
591 2635 710 2697 duo
741 2633 984 2716 quidam
1019 2632 1128 2695 viri
1160 2631 1506 2695 laborantes
1541 2632 2015 2715 elephantia,qui
2042 2653 2074 2692 ει

425 2732 551 2794 Deo
586 2746 693 2809 per
714 2728 910 2808 ipsum
937 2725 1225 2808 petebant
1245 2724 1908 2789 sanationem.Sanctus
1932 2745 2070 2789 vero

427 2818 575 2880 dicit
606 2818 692 2881 eis
727 2835 742 2880 :
789 2815 1100 2889 Quodnam
1130 2824 1220 2877 est
1240 2825 1502 2879 vestrum
1539 2825 1873 2897 peccatum,
1910 2817 2068 2892 quod

426 2909 553 2970 haec
577 2909 746 2989 plaga
765 2907 824 2969 in
847 2925 948 2968 vos
968 2905 1184 2968 incidit
1207 2913 1234 2968 ?
1264 2905 1358 2969 llli
1385 2915 1606 2978 autem,
1636 2906 1762 2968 haec
1805 2907 2068 2968 audien-

425 2997 942 3079 tes,procidcrunt
973 2996 1044 3057 ad
1079 2996 1208 3075 ejus
1231 2994 1717 3076 pedes,dicentes
1747 3016 1760 3058 :
1787 2996 2071 3058 Miserere

425 3088 640 3162 nostri,
668 3105 837 3149 serve
866 3085 1112 3165 Christi,
1152 3094 1210 3146 et
1240 3103 1346 3147 ora
1369 3093 1435 3145 ut
1466 3103 1573 3146 nos
1606 3103 1908 3148 curentur.
1947 3087 2070 3146 lle-

2239 2547 2351 2610 lH'.
2415 2544 2541 2603 Μεθ’
2606 2546 2815 2626 ἡμέρας
2868 2545 2923 2603 δέ
2987 2567 3134 2610 τινας
3195 2545 3421 2615 ἀνῆλθον
3466 2548 3602 2624 πρὸς
3647 2548 3809 2604 «erat

2159 2636 2208 2660 λι
2309 2639 2333 2657 Ἰ
2831 2637 2859 2648 θ’
3075 2636 3099 2656 ’ί
3312 2636 3360 2674 νς
3501 2637 3514 2656 Ρ
3745 2634 3808 2657 λθ

2155 2653 2242 2697 ουο
2304 2636 2484 2718 ανδρες
2565 2635 3010 2718 ἒλεφαντιωντες,
3080 2660 3219 2694 ιασιν
3309 2657 3677 2712 ε,αιτουμενοι
3737 2651 3788 2693 οι

2155 2729 2314 2784 αὐτοῦ
2357 2717 2500 2806 παρὰ
2543 2736 2636 2785 τοῦ
2697 2733 2846 2786 Θεοῦ.
2888 2717 2944 2784 Ὀ
2997 2725 3052 2782 δὲ
3109 2725 3254 2804 λέγει
3307 2727 3492 2790 αὒτοτς
3530 2746 3541 2758 ·
3597 2726 3658 2783 Τί
3689 2725 3804 2783 ἐστι

2153 2820 2214 2873 τὸ
2259 2819 2552 2893 ἁμάρτημα
2595 2817 2769 2890 ὑμῶν,
2832 2815 2911 2872 ὅτι
2973 2814 3227 2873 ἐπέπεσεν
3291 2816 3418 2891 ὅμϊν
3474 2817 3509 2881 η
3579 2817 3807 2883 τοιαύτη

2153 2906 2388 2987 πληγής
2455 2908 2514 2965 Οἱ
2575 2903 2631 2960 δὲ
2697 2905 3020 2968 ἀκούσαντες
3063 2912 3231 2962 ταῦτα
3275 2903 3609 2984 προσέπεσον
3657 2907 3803 2980 αὒτῷ

2154 2995 2397 3072 λέγοντες
2434 3012 2447 3026 ⁸
2516 2995 2774 3062 Ἐλέησον
2855 2997 3023 3071 ἡμᾶς,
3106 2996 3353 3074 θεράπων
3402 3002 3494 3051 τοῦ
3542 2997 3797 3075 Χριστοῦ,

2155 3087 2239 3142 καὶ
2271 3086 2410 3151 εὖξαι
2467 3095 2560 3144 τοῦ
2616 3087 2830 3152 ἰαθῆναι
2874 3087 3042 3160 ἡμᾶς.
3108 3083 3442 3161 Ἀποκριθεὶς
3499 3087 3588 3140 οὖν
3619 3087 3648 3141 ὁ
3679 3108 3794 3160 μαο

423 3176 726 3257 spondens
745 3194 881 3237 vero
905 3174 1298 3250 beatus,dicit
1329 3175 1417 3235 eis
1439 3196 1452 3232 :
1473 3177 1598 3235 Hoc
1629 3174 1796 3235 vobis
1825 3173 2064 3250 accidit,

2154 3175 2332 3251 καριος
2362 3173 2506 3252 λέγει
2538 3174 2723 3238 αὐτοῖς
2747 3193 2761 3208 ’
2798 3177 2964 3232 Τοῦτο
2994 3171 3330 3240 συμϐέϐηκεν
3360 3175 3512 3249 ὑμῖν,
3548 3173 3790 3253 ἀδελφοὶ,

425 3285 459 3328 o
477 3265 1042 3344 fratres,propterea
1065 3263 1221 3342 quod
1246 3263 1598 3343 frequenter
1613 3264 1922 3343 juraretis.
1950 3262 2067 3326 Sed

427 3354 502 3416 de
527 3361 740 3416 caetero
760 3359 994 3432 oportet
1013 3370 1114 3412 vos
1145 3351 1441 3414 desistere
1476 3352 1547 3414 ad
1573 3353 1720 3414 iram
1748 3370 2070 3433 provocare

423 3443 743 3506 Dominum
799 3442 987 3505 Deum
1023 3447 1307 3502 vestrum.
1345 3440 1485 3514 Qua:
1515 3461 1649 3503 cum
1705 3442 1977 3518 dixisset,
2010 3450 2070 3506 et

425 3552 636 3596 omnes
662 3540 824 3596 esset
847 3531 918 3593 ad
948 3530 1314 3612 precandum
1355 3530 1737 3606 adhortatus,
1763 3531 1890 3612 ipse
1912 3551 2068 3614 quo-

423 3642 539 3704 que
563 3623 730 3685 ﬂexis
755 3623 880 3684 suis
902 3621 1124 3682 sanctis
1146 3620 1404 3699 genibus
1428 3620 1501 3682 ad
1526 3621 1754 3703 aliquot
1776 3622 1974 3696 horas,
2011 3631 2070 3684 et

421 3714 628 3776 elfusis
651 3713 850 3774 multis
891 3711 1032 3772 rivis
1085 3710 1508 3791 lacrymarum,
1545 3730 1798 3789 surgens
1832 3713 2069 3794 accepit

421 3803 619 3864 oleum
649 3809 1016 3878 sanctorum,
1053 3807 1110 3860 et
1131 3819 1235 3860 eos
1262 3797 1428 3860 unxit
1462 3818 1495 3860 a
1524 3802 1746 3862 vertice
1779 3819 1967 3882 usque
1991 3801 2065 3864 ad

420 3892 869 3972 pedes,dicens:
893 3890 1074 3952 Sanat
1097 3907 1198 3951 vos
1220 3891 1389 3952 Jesus
1416 3888 1684 3952 Christus
1725 3911 1737 3949 :
1772 3909 1880 3969 ego
1904 3893 2066 3954 enim

419 3999 550 4042 sum
577 3983 754 4043 homo
791 3989 1086 4061 peccator.
1113 3977 1322 4040 Statim
1356 3988 1554 4041 autem
1590 3979 1726 4040 Sunt
1755 3981 1970 4057 sanati,
2008 3987 2064 4044 et

419 4071 666 4132 domum
691 4070 999 4132 redierunt
1024 4088 1158 4131 cum
1181 4069 1418 4146 gaudio,
1455 4068 1640 4130 Deum
1665 4069 2065 4147 laudantes,et

419 4159 476 4220 ei
513 4161 848 4222 tribuentes
875 4159 1146 4238 gloriam,
1182 4167 1244 4218 et
1292 4156 1570 4218 omnibus
1594 4160 2011 4223 renuntiantes
2043 4179 2056 4224 :

417 4246 692 4311 Vidimus
722 4248 1055 4322 hominem,
1091 4246 1286 4328 qualis
1318 4265 1426 4309 nec
1458 4247 1566 4308 fuit
1597 4248 1656 4308 in
1677 4249 1942 4330 antiquis
1961 4269 2060 4330 ge-

415 4337 846 4401 nerationibus.
901 4337 1059 4401 Dixit
1119 4338 1279 4400 enim
1335 4336 1510 4400 nobis
1556 4338 1758 4400 omnia
1815 4348 2059 4420 peccata

413 4437 620 4490 nostra
656 4447 671 4489 :
706 4434 765 4490 et
793 4445 930 4489 cum
965 4444 1073 4506 pro
1106 4426 1280 4487 nobis
1332 4425 1585 4488 multum
1621 4428 1693 4489 ad
1723 4426 1908 4490 Deum
1942 4430 2053 4492 de~

415 4516 695 4591 ﬂevisset,
732 4534 842 4578 nos
873 4514 1104 4578 curavit
1129 4533 1359 4594 ungens
1387 4525 1590 4578 sancto
1625 4517 1780 4581 oleo.

472 4604 863 4668 XlX.Rursus
881 4614 1077 4666 autem
1104 4604 1236 4666 duae
1256 4605 1538 4667 mulieres
1561 4605 1637 4667 ad
1661 4607 1854 4687 ipsum
1881 4627 2055 4672 vene-

415 4703 557 4757 runt
578 4713 610 4755 e
635 4693 887 4774 Phrygia
921 4714 934 4754 :
983 4711 1233 4773 quarum
1262 4712 1374 4755 una
1392 4694 1636 4774 quidem
1661 4695 1916 4760 habebat
1945 4718 2050 4761 co-

409 4801 542 4847 xam
569 4801 908 4864 percussam
931 4781 1005 4844 ab
1030 4782 1342 4844 immundo
1367 4783 1580 4862 spiritu
1608 4805 1623 4861 ;
1649 4785 1837 4849 altera
1854 4796 2051 4850 autem

408 4873 670 4935 habebat
702 4871 1001 4952 legionem
1035 4871 1400 4952 daemonum,
1435 4891 1568 4954 quae
1597 4875 1778 4936 etiam
1811 4878 1986 4939 tertio
2017 4896 2052 4940 a

409 4971 614 5025 monte
645 4962 843 5043 lapide
866 4961 1046 5043 coepit
1072 4960 1331 5022 clamare
1356 4968 1418 5023 et
1449 4961 1676 5025 dicere:
1713 4962 1863 5035 Quid
1905 4967 2050 5028 mihi

410 5058 609 5116 tecum
640 5053 729 5115 rei
761 5059 875 5133 est,
910 5070 943 5112 o
978 5049 1261 5124 Auxenti,
1301 5048 1459 5129 quod
1486 5069 1580 5114 me
1603 5052 1896 5132 castigans
1926 5063 2049 5117 tra-

405 5142 545 5204 xisti
568 5160 602 5204 a
625 5141 906 5222 Phrygia?
929 5139 1140 5203 Nescis
1162 5157 1257 5200 me
1279 5156 1412 5201 esse
1432 5138 1768 5219 legionem?
1789 5143 1905 5206 Sed
1932 5151 2050 5208 scis

403 5249 612 5294 rursus
644 5231 942 5310 legionem
968 5229 1313 5310 angelorum
1348 5237 1406 5289 te
1437 5229 1814 5293 circumdare
1843 5243 2048 5296 noctes

404 5327 465 5382 et
497 5320 627 5382 dies
661 5341 676 5381 :
711 5321 815 5401 qui
845 5320 1085 5401 quidem
1144 5317 1455 5398 accipiunt
1487 5325 1612 5379 tuas
1644 5338 1877 5400 preces,
1913 5341 2047 5402 qua;

403 5427 513 5472 nos
539 5419 811 5485 urunt,et
833 5428 933 5471 eas
961 5408 1679 5489 oil‘eruntAltissimo,per
1694 5428 1842 5490 quas
1867 5413 2042 5475 etiam

402 5499 873 5583 punimur.Ecce
897 5499 1076 5562 etiam
1101 5506 1232 5578 post
1254 5498 1493 5578 triginta
1513 5516 1706 5562 annos
1740 5518 1836 5562 me
1861 5519 2040 5584 sepa-

481 5635 530 5679 “
565 5633 755 5699 Hebr.
789 5651 874 5708 ιι,
909 5635 1011 5697 34.
1083 5601 1156 5683 ’1³
1183 5635 1364 5696 Marc.
1401 5649 1482 5714 ιι,
1515 5633 1615 5698 24.

2074 4553 2122 4607 D

3024 3263 3162 3320 ἀλλὰ
3206 3265 3472 3320 παύσασθε
3519 3273 3615 3323 τοῦ
3646 3286 3794 3341 παρ-

3233 3355 3320 3410 καὶ
3375 3360 3539 3410 ταῦτα
3596 3355 3789 3431 εἰπὼν,

2152 3265 2236 3319 διὰ
2265 3268 2363 3332 τῆς
2410 3263 2724 3340 πολυορκίας
2760 3265 2908 3340 ὑμων
2945 3280 2958 3295 ⁸

2153 3354 2376 3433 οργίζειν
2436 3355 2620 3432 Κύριον
2663 3355 2754 3410 τὸν
2800 3356 2930 3412 Θεὸν
2974 3358 3123 3430 ὐμῶν
3159 3368 3171 3380 ·

2151 3443 2352 3506 πάντας
2393 3445 2466 3510 εἰς
2511 3445 2820 3523 προσευχὴν
2873 3444 3333 3523 προτρεψάμενος,
3388 3441 3571 3508 κλίνας
3631 3446 3790 3509 αὐτὸς

2151 3534 2217 3590 τὰ
2247 3532 2446 3612 γόνατα
2479 3533 2563 3590 ἐπὶ
2609 3534 2752 3612 ὥρας
2801 3535 3010 3608 ἱκανὰς,
3045 3532 3291 3613 δχετοὺς,
3323 3532 3519 3612 ἐκχέας
3551 3531 3792 3611 δακρύων

2149 3625 2386 3696 ἱκανοὺς,
2447 3623 2676 3688 ἀναστὰς
2735 3621 2920 3680 ἔλαϐεν
2971 3622 3150 3680 ἔλαιον
3181 3629 3285 3678 τῶν
3319 3621 3479 3699 ἀγίωδ
3509 3623 3600 3678 καί
3631 3621 3796 3689 ἤλει-

2151 3717 2250 3788 ψεν
2297 3713 2482 3777 αὐτοὺς
2528 3713 2636 3770 ἀπὸ
2684 3713 2920 3791 κορυφῆς
2975 3713 3077 3777 ἕως
3120 3710 3320 3785 ποδῶν⁹
3379 3709 3539 3768 timida
3569 3725 3583 3740 '
3622 3709 3796 3770 ’[ἆται

2148 3806 2286 3877 ὒμᾶς
2318 3802 2528 3870 Ἰησοῦς
2561 3805 2786 3881 Χριστός
2822 3820 2835 3834 ⁸
2892 3804 3000 3881 ἐγὼ
3051 3807 3152 3883 γὰρ
3197 3803 3470 3879 ἄνθρωπος
3529 3801 3800 3881 ἀμαρτω-

2149 3890 2243 3956 λός
2301 3894 2408 3969 εἰμι
2443 3909 2456 3924 ‘
2506 3891 2696 3958 εὐθέως
2727 3893 3150 3972 ἐθεραπεύθησαν
3209 3895 3295 3947 καὶ
3352 3889 3619 3958 ἀπῆλθον.
3653 3894 3799 3967 μετὰ

2149 3988 2321 4061 χαρᾶς
2381 3983 2452 4048 εἷς
2506 3984 2626 4048 τοὺς
2677 3981 2858 4049 οἴκους
2919 3982 3118 4057 αὐτῶν,
3165 3981 3433 4047 αἰνοῦντες
3475 3983 3568 4039 καὶ
3625 3981 3792 4047 δοξά-

2146 4077 2326 4142 ζοντες
2385 4073 2476 4129 τὸν
2522 4073 2652 4129 Θεὸν
2711 4074 2800 4129 καὶ
2842 4071 3272 4151 ἀπαγγέλλοντες
3301 4077 3486 4147 πᾶσιν,
3523 4072 3603 4128 ὃτι
3637 4069 3796 4128 ’Ἰδο-

2147 4182 2244 4235 μεν
2276 4159 2457 4240 ἄνδρα,
2492 4161 2613 4219 οἷον
2661 4160 2777 4218 οῦδὲ
2827 4161 2882 4219 ἐν
2911 4176 3035 4228 ταῖς
3068 4162 3318 4242 ἀρχαίαις
3349 4173 3566 4239 γενεαῖς
3603 4176 3619 4192 ⁸
3654 4161 3791 4219 εἶπε

2142 4249 2243 4328 γὰρ
2285 4250 2422 4325 ἡμῖν
2480 4252 2654 4307 πάντα
2705 4253 2770 4307 τὰ
2837 4251 3194 4330 ἡμαρτημένα
3251 4252 3412 4326 ἡμῖν,
3489 4254 3579 4308 καὶ
3651 4253 3792 4331 ῦπὲρ

2139 4341 2296 4414 ἡμῶν
2329 4337 2700 4417 προσκλαύσας
2732 4340 2907 4398 πολλὰ
2953 4349 3030 4416 τῷ
3080 4345 3197 4415 Θιῷ
3231 4339 3576 4420 ἐθεράπευσεν
3637 4341 3788 4418 ἡμᾶς

2138 4427 2358 4505 ἀλείψας
2389 4429 2548 4505 ἐλαίῳ
2577 4431 2734 4510 ἁγίῳ,

2217 4605 2301 4665 ΙΘ’
2343 4608 2510 4666 Πάλιν
2567 4607 2621 4666 δὲ
2679 4623 2927 4690 γυναῖκες
2984 4607 3072 4668 δύο
3152 4609 3258 4666 ἀπὸ
3323 4609 3554 4688 Φρυγίας
3612 4607 3786 4678 ἦλθον

2135 4698 2266 4777 πρὸς
2324 4700 2505 4776 αὐτὸν,
2565 4699 2599 4768 ἡ
2632 4700 2730 4775 μὲν
2762 4701 2856 4777 μία
2906 4701 3004 4768 τὴν
3048 4697 3207 4766 κόξαν
3251 4699 3612 4777 πεπληγμένη
3671 4701 3786 4757 ὐπὸ

2133 4788 2427 4866 ἀκαθάρτου
2483 4789 2810 4865 πνεύματος,
2869 4793 2902 4860 ἡ
2965 4788 3018 4847 δὲ
3065 4789 3219 4869 ἑτέρα
3277 4788 3480 4870 ἔχουσα
3531 4788 3788 4868 λεγεῶνα

2135 4875 2395 4952 δαιμόνων
2427 4894 2441 4909 °
2500 4877 2536 4946 ἢ
2583 4879 2671 4935 καὶ
2714 4881 2786 4945 ὡς
2830 4879 2937 4937 ἀπὸ
2983 4878 3222 4955 σημείων
3264 4878 3425 4958 τριῶν
3473 4884 3568 4934 τοῦ
3618 4876 3788 4955 ὅρους

2131 4964 2325 5044 ἤρξατο
2358 4965 2565 5045 κρσίζειν
2595 4970 2684 5024 καὶ
2713 4967 2889 5048 λέγειν
2925 4985 2940 5000 ·
2974 4972 3034 5027 Τί
3093 4969 3212 5044 ἐμοὶ
3270 4969 3359 5026 καὶ
3419 4969 3525 5043 σοὶ,
3575 4966 3787 5034 Λῦξέν-

2129 5076 2232 5127 τιε,
2285 5053 2364 5110 ὅτι
2422 5055 2528 5112 ἀπὸ
2586 5058 2817 5136 Φρυγίας
2879 5056 3118 5129 κολάζων
3179 5079 3247 5133 με
3307 5054 3615 5133 εἴλκυσαςς
3680 5060 3787 5116 οὐχ

2132 5143 2313 5225 οἶδας,
2348 5145 2428 5201 ὅτι
2460 5144 2662 5224 λεγεών
2691 5149 2799 5223 εἶμι
2837 5167 2853 5227 ς
2885 5145 3036 5205 Ἀλλ’
3070 5144 3195 5203 οῖδα
3224 5146 3305 5203 ὅτι
3335 5145 3536 5224 λεγεών
3569 5167 3630 5202 σε
3667 5145 3787 5224 ἀγ-

2133 5233 2306 5312 γέλων
2365 5235 2768 5313 περικυκλουσιν
2827 5235 2880 5293 ἐν
2939 5238 3080 5293 νυκτὶ
3109 5237 3198 5293 καὶ
3229 5235 3283 5292 ἐν
3319 5236 3517 5315 ἡμέρᾳ,
3569 5235 3784 5301 οἵτινες

2130 5321 2380 5403 δέχονται
2439 5346 2531 5380 σου
2583 5328 2677 5389 τὰς
2734 5324 2943 5395 δεήσεις
2987 5327 3083 5389 τὰς
3136 5324 3574 5405 καταφλεγούσας
3624 5328 3783 5399 ἡμᾶς

2127 5414 2216 5469 καὶ
2268 5411 2619 5494 προσφέρουσι
2663 5420 2740 5490 τῷ
2781 5415 3042 5492 ’Υψίστῳ,
3074 5411 3143 5473 δι’
3174 5417 3251 5471 ὧν
3283 5413 3372 5471 καὶ
3402 5412 3776 5490 κολαζόμεθα.

2126 5501 2259 5559 Ἰδοὺ
2289 5499 2374 5558 διὰ
2401 5503 2687 5583 τριάκοντα
2743 5503 2878 5565 ἑτῶν
2935 5505 3162 5586 μερίζεις
3224 5524 3292 5580 με
3349 5507 3448 5573 τῆς
3506 5501 3779 5572 πλάσεως
