4028 6202
508 284 529 348 1
543 281 660 349 399

1767 283 2050 350 MENSIS
2093 281 2603 347 FEBRUARIUS.

3697 285 3814 353 1400

502 421 736 484 scilicet
767 427 1108 503 paterentur
1137 421 1290 482 sicut
1319 420 1622 497 homines,
1659 430 1885 486 vexata:
1906 422 1979 484 ab
2028 421 2139 484 im-

2239 419 2501 502 ἔπασχον,
2544 420 2782 501 καθάπερ
2825 420 3115 501 ἄνθρωποι,
3169 420 3273 478 ὑπὸ
3324 427 3634 496 πνευματῶν
3658 421 3818 502 ὀχλού-

506 511 747 574 mundis
775 511 1110 594 spiritibus.
1174 509 1451 573 Misertus
1500 512 1704 593 itaque
1735 512 1973 593 beatus,
2010 529 2144 574 cum

507 620 722 664 omnes
747 602 1033 682 jussisset
1063 600 1327 663 intentos
1361 619 1494 663 esse
1525 602 1804 678 orationi,
1837 611 1897 664 et
1928 621 1998 664 ex
2027 605 2147 663 imo

507 691 694 753 corde
726 690 1113 774 suspirasset,
1150 698 1209 753 et
1232 689 1356 753 Deo
1387 691 1808 772 supplicasset,
1845 711 1943 754 eas
1972 709 2150 754 cura-

507 779 615 843 vit.

587 868 1113 942 XXVII.Quaadam
1141 879 1341 933 autem
1369 870 1590 934 mulier
1621 872 1810 953 passis
1839 871 2070 952 capillis
2101 871 2157 934 ei

507 978 644 1021 mox
677 960 942 1023 occurrit
974 960 1035 1022 in
1063 961 1178 1036 via,
1217 978 1347 1041 quae
1367 961 1544 1023 etiam
1570 960 1642 1023 ad
1667 980 1802 1023 eum
1834 960 2032 1024 attulit
2061 961 2157 1022 in-

505 1048 725 1112 fantem
752 1049 996 1112 circiter
1020 1050 1201 1112 trium
1226 1051 1660 1132 annorum,qui
1686 1050 2103 1130 possidebatur
2125 1069 2159 1114 a

506 1137 1018 1201 daemoneJustus
1039 1155 1180 1200 vero
1204 1157 1336 1199 cum
1366 1157 1501 1200 eum
1523 1139 1793 1215 vidisset,
1829 1145 2006 1220 coepit
2034 1158 2159 1202 ma-

505 1246 618 1290 nus
643 1227 1060 1302 extendere,et
1085 1228 1380 1308 lacrymas
1407 1229 1742 1304 effundere,
1764 1237 1819 1291 et
1850 1229 2052 1292 dicere
2081 1229 2157 1291 iis

504 1323 606 1398 qui
633 1316 906 1379 aderant:
932 1315 1018 1379 Ne
1047 1317 1428 1394 existimetis,
1464 1337 1495 1379 o
1522 1318 1772 1401 viri,qui
1799 1317 1981 1381 corde
2014 1318 2159 1380 estis

503 1406 1006 1482 submersi,hunc
1033 1425 1282 1488 puerum
1309 1416 1682 1486 peccasse,et
1703 1409 1902 1470 vexari
1933 1408 2005 1470 ab
2037 1407 2152 1469 im-

504 1496 730 1558 mundo
765 1495 979 1577 spiritu
1013 1518 1025 1560 :
1060 1497 1164 1558 sed
1197 1497 1314 1560 hoc
1347 1506 1595 1579 propter
1653 1517 1762 1560 nos
1811 1498 2066 1578 contigit
2097 1505 2156 1560 et

507 1593 754 1667 propter
784 1595 1047 1648 nostram
1082 1588 1539 1650 conversionem
1573 1608 1587 1665 ;
1620 1595 1748 1650 erat
1778 1588 1935 1651 enim
1960 1587 2156 1651 vultus

2235 532 2369 586 μενα
2433 511 2770 590 ἀκαθάρτων.
2806 511 3240 592 Σπλαγχνισθεὶς
3295 510 3386 568 οῦν
3418 511 3446 566 ὁ
3497 511 3728 589 μακάριος
3755 515 3822 573 καὶ

2238 601 2364 666 τοὺς
2430 601 2634 666 πάντας
2707 607 2898 669 στῆναι
2956 605 3031 664 εἱς
3085 601 3400 680 προσευχὴν
3443 600 3731 675 ἐπιτρέψας,
3777 602 3820 659 ἐκ

2233 692 2425 768 βάθους
2467 693 2566 758 τῆς
2627 689 2842 769 καρδίας
2900 689 3062 750 αῦτοῦ
3123 688 3403 766 στενάξας,
3462 690 3549 747 καὶ
3606 691 3688 746 τὸν
3724 693 3821 748 θεὸν

2235 783 2538 855 ἱκετεύσας,
2574 780 2923 860 ἐθεράπευσεν
2955 779 3111 838 αὐτοὶ.

2322 871 2452 930 KZ'.
2500 871 2640 938 Γυνῆ
2695 869 2750 927 δέ
2787 892 2867 934 τις
2925 869 3212 946 λυσίκομος
3259 867 3380 944 μετ’
3437 868 3611 946 ὀλίγον
3661 869 3823 943 Sirmi

2239 963 2383 1033 αῦτῷ
2415 959 2470 1016 ἐν
2499 965 2566 1036 τῇ
2595 957 2723 1038 ὁδῷ,
2757 959 2792 1027 ἢ
2845 959 2939 1016 καί
2982 956 3324 1038 προσήγαγεν
3378 960 3521 1032 αύτῷ
3549 955 3734 1015 παιδίον
3767 961 3821 1024 ὡς

2240 1049 2496 1106 ἐνιαυτῶν
2554 1053 2715 1126 τριῶν
2756 1047 3137 1125 κατακυρισθέν
3194 1048 3298 1104 ὑπὸ
3368 1044 3632 1122 δαίμονος.
3685 1051 3736 1105 ’0
3784 1046 3825 1104 δὲ

2237 1139 2441 1202 δίκαιος
2503 1139 2832 1213 θεασάμενος
2885 1139 3040 1217 αὐτὸ,
3077 1135 3274 1214 ἤρξατο
3331 1138 3429 1200 τὰς
3476 1149 3660 1218 χεῖρας
3687 1136 3825 1194 ἐκτεί·

2237 1250 2347 1286 νειν
2377 1229 2465 1284 καὶ
2492 1228 2560 1286 τὰ
2590 1225 2787 1306 δάκρυα
2819 1226 3101 1307 προφέρειν
3157 1229 3248 1283 καὶ
3307 1228 3443 1305 πρὸς
3498 1233 3614 1289 τοὺς
3661 1227 3826 1304 παρόν-

2237 1340 2334 1382 τας
2377 1316 2556 1396 λέγειν
2587 1335 2606 1354 ο
2642 1319 2731 1382 Mr,
2787 1315 3062 1395 νομίσατε,
3111 1319 3155 1371 ὧ
3208 1314 3460 1396 ἄφρονες,
3513 1313 3825 1392 βεόδθισμὲνοι

2239 1419 2362 1471 ταῖς
2395 1404 2653 1486 καρδίαις,
2682 1405 2762 1462 ὅτι
2798 1406 2858 1460 τὸ
2887 1404 3080 1485 βρέφος
3111 1411 3267 1461 τοῦτο
3297 1403 3534 1484 ἥμαρτεν
3562 1405 3644 1461 καὶ
3670 1404 3821 1485 ὀχλεῖ·

2235 1518 2322 1553 ται
2365 1497 2466 1553 ὑπὸ
2524 1496 2828 1569 πνεύματος
2872 1495 3194 1574 ἀκαθάρτου,
3250 1493 3396 1550 ἀλλὰ
3442 1501 3591 1551 τοῦτο
3629 1492 3685 1550 δι’
3715 1498 3821 1570 ἡμᾶς

2237 1584 2454 1659 συνέϐη,
2509 1585 2604 1643 καὶ
2649 1583 2734 1642 διὰ
2777 1585 2876 1652 τὴν
2919 1584 3187 1662 ἡμετέραν
3236 1583 3562 1664 ἐπιστροφήν
3593 1602 3608 1619 ο
3656 1583 3712 1651 ἦν
3746 1584 3822 1660 γὰρ

504 1675 751 1739 infantis
779 1694 932 1758 pene
955 1695 1302 1741 conversus.
1327 1677 1473 1740 Cum
1510 1696 1653 1757 ergo
1688 1685 1964 1759 precatus
1994 1687 2155 1742 esset

2239 1677 2324 1734 καὶ
2366 1678 2427 1732 τὸ
2459 1677 2744 1753 πρόσωπον
2808 1681 2900 1732 τοῦ
2958 1672 3176 1732 παιδίου
3209 1685 3283 1740 εις
3312 1675 3383 1731 τὰ
3413 1675 3580 1730 ὀπίσω
3618 1672 3820 1752 στραφέν,

503 1765 717 1827 beatus
738 1765 1102 1842 Auxentius,
1139 1773 1198 1828 et
1226 1767 1598 1848 increpasset
1628 1768 2006 1828 immundum
2037 1767 2154 1848 spi-

2239 1765 2536 1840 Εὒξάμενος
2592 1765 2682 1822 οὗν
2725 1767 2752 1822 ὁ
2797 1764 3087 1844 μακάριος,
3128 1766 3214 1821 καὶ
3243 1763 3568 1840 ἐπιτιμήσας
3597 1763 3666 1837 τῷ
3715 1763 3820 1818 ἀκα-

503 1854 711 1931 ritum,
745 1855 1049 1937 inspirans
1080 1860 1142 1917 in
1181 1856 1393 1918 faciem
1423 1855 1696 1930 infantis,
1735 1875 1869 1918 eum
1900 1859 2151 1918 curavit.

2239 1853 2407 1934 θάρτῷ
2463 1855 2725 1932 πνεύματι
2795 1853 3109 1935 ἐμφυσήσας
3173 1855 3250 1918 εἷς
3318 1854 3383 1910 τὸ
3446 1853 3711 1931 πρόσωπον
3755 1852 3826 1908 106

504 1943 760 2024 Egresso
809 1945 971 2008 enim
1027 1944 1289 2025 maligno
1341 1953 1400 2007 et
1451 1945 1820 2008 exsecrando
1853 1945 2150 2022 damone,

2239 1941 2468 2024 παιδίου,
2501 1944 2690 2002 ἰάσατο
2739 1944 2892 2005 αὐτό.
2929 1941 3349 2010 Ἐξεληλυθότος
3394 1943 3496 2023 γὰρ
3539 1949 3624 1999 τοῦ
3674 1946 3825 2017 μιαροῦ

505 2034 618 2096 fuit
649 2035 778 2114 ejus
837 2034 1032 2095 vultus
1082 2035 1237 2098 sicut
1298 2035 1466 2116 prius
1518 2035 1852 2100 restitutus.
1883 2033 2155 2117 Cumque

2239 2031 2510 2110 δαίμονος,
2557 2035 2647 2092 καὶ
2695 2035 2757 2091 τὸ
2815 2034 3107 2113 πρόσωπον
3152 2033 3314 2091 αύτοῦ
3375 2031 3720 2110 ἀπεκατέστη,
3759 2028 3825 2087 az’i

509 2140 645 2184 eum
676 2140 886 2184 sanum
907 2122 1239 2204 recepisset
1271 2124 1510 2202 mulier,
1540 2123 1784 2186 domum
1816 2124 1998 2188 rediit
2018 2125 2153 2188 laeta

2239 2125 2362 2203 ὒγιῆ
2394 2124 2523 2181 αύτὺ
2552 2121 2900 2183 ἀπολαϐοῦσα
2929 2125 2964 2192 ἡ
3020 2124 3229 2203 μήτηρ,
3291 2123 3460 2200 ἀπῄει
3491 2124 3822 2202 εὖχαριστούσα

511 2220 573 2276 et
601 2215 726 2276 Deo
752 2231 936 2292 agens
963 2213 1207 2292 gratias.

2239 2221 2312 2289 τῷ
2341 2219 2482 2287 Θεῷ.

585 2299 1080 2366 XXVIII.Rursus
1108 2311 1305 2364 autem
1334 2303 1394 2364 in
1419 2303 1511 2365 via
1528 2304 1727 2384 puella
1748 2303 2154 2386 qumdamme-

2319 2303 2463 2366 KH'.
2530 2302 2695 2361 Πάλιν
2750 2302 2806 2359 δὲ
2863 2304 3001 2361 κάτα
3071 2304 3168 2372 τὴν
3218 2301 3341 2360 ὁδὸν
3386 2304 3520 2384 κόρη
3545 2325 3622 2368 τις
3651 2302 3822 2380 ἔκγονος

511 2392 631 2473 ptis
661 2391 948 2454 Dorothei
999 2392 1262 2466 comitis,
1313 2413 1382 2456 ex
1412 2393 1898 2474 peregrinatione
1931 2394 1992 2455 in
2025 2394 2154 2457 lec-

2240 2393 2512 2472 Δωροθέου
2568 2400 2661 2451 τοῦ
2729 2393 2976 2469 κόμητος
3053 2395 3161 2451 ὰπὸ
3233 2391 3495 2468 ἐκδημίας
3562 2391 3739 2472 ἤρχετο
3783 2388 3823 2444 ἐι

504 2481 624 2544 tica
646 2482 806 2543 venit
841 2489 1041 2544 vexata
1068 2499 1103 2543 a
1152 2500 1306 2544 saevo
1357 2488 1655 2546 daemone.
1690 2483 1878 2555 Quam
1914 2483 2090 2546 etiam
2121 2502 2155 2546 a

2239 2482 2528 2561 βαστερνίῳ
2591 2482 2946 2562 ἐνεργουμένη
3019 2484 3123 2541 ὑπὸ
3182 2480 3462 2559 δαίμονος,
3519 2483 3582 2550 ἢν
3632 2481 3708 2538 καὶ
3752 2475 3822 2534 ἄπ’

509 2571 743 2634 modico
801 2571 990 2652 spatio
1053 2570 1236 2633 allisit
1290 2571 1458 2634 humi
1511 2571 1858 2634 immundus
1907 2573 2154 2652 spiritus

508 2679 580 2724 ex
612 2660 851 2724 lectica.
886 2659 1034 2723 Cum
1069 2669 1268 2723 autem
1333 2661 1721 2734 surrexisset,
1770 2663 1959 2725 scissa
1988 2671 2152 2726 veste

508 2750 820 2813 concurrit
849 2750 923 2813 ad
953 2768 1222 2825 currum,
1258 2750 1319 2813 in
1353 2771 1472 2829 quo
1505 2762 1633 2815 erat
1667 2751 1902 2828 beatus,
1930 2753 2154 2816 latrans

509 2848 568 2903 et
597 2841 862 2902 clamans
901 2858 914 2903 :
952 2839 1105 2914 Quid
1134 2840 1241 2902 tibi
1279 2840 1370 2905 rei
1403 2860 1638 2904 mecum
1675 2851 1788 2915 est,
1839 2842 2100 2905 Auxenti
2126 2842 2157 2903 ?

508 2929 653 3012 quid
713 2948 811 2992 me
866 2929 1042 2992 uris?
1097 2929 1241 3012 quid
1305 2948 1398 2992 me
1462 2931 1891 3012 persequeris?
1920 2930 2155 2994 Utinam

2236 2570 2419 2649 ὀλίγου
2478 2569 2845 2647 διαστήματος
2919 2570 3104 2651 ἒῤῥηξε
3184 2593 3246 2628 το
3307 2571 3598 2649 ἀκάθαρτον
3660 2575 3822 2643 πνεῦμα

2235 2660 2342 2718 ἀπὸ
2397 2661 2706 2740 βαστερνίου
2764 2662 2836 2728 εἷς
2883 2661 2982 2730 τὴν
3027 2664 3153 2740 γῆν.
3204 2651 3298 2724 ιΩς
3330 2659 3387 2717 δὲ
3430 2660 3678 2740 παρέστη,
3701 2680 3821 2734 περι·

2239 2749 2547 2831 σχισαμένη
2599 2752 2698 2820 τὶ.)
2743 2750 2965 2826 ἐσθῆτα,
2997 2750 3219 2831 ἔτρεχεν
3250 2749 3340 2808 ἐπὶ
3369 2751 3471 2814 τὴν
3501 2748 3707 2828 ἄμαξαν,
3733 2748 3823 2821 ἐνῇ

2239 2842 2305 2910 ἧν
2363 2841 2390 2898 ὁ
2439 2842 2729 2921 μακάριος,
2782 2841 3090 2900 ὕλακτοῦσα
3135 2843 3221 2900 καὶ
3263 2841 3530 2922 κράζουσι
3564 2857 3577 2871 ·
3621 2840 3676 2899 Τί
3710 2838 3823 2918 ἔχεις

2241 2930 2364 3009 μετ’
2421 2930 2573 3011 ἐμοῦ,
2635 2930 2905 3011 Αῦξέντιε,
2958 2939 3009 2988 τί
3050 2953 3117 3008 με
3147 2931 3464 2994 κατακαίεις
3498 2949 3515 3006 ;
3545 2931 3591 2988 τί
3617 2949 3677 3006 με
3723 2926 3822 2983 διώ-

505 3019 782 3081 abortum
814 3019 1061 3082 fecisset
1121 3029 1352 3095 uterus,
1414 3019 1518 3100 qui
1553 3029 1611 3083 te
1641 3023 1875 3103 peperit
1905 3021 1976 3083 ad
2011 3040 2155 3084 nos-

2241 3040 2402 3101 οιεις;
2451 3020 2563 3077 εἴτε
2622 3021 2896 3101 ἐψόφησεν
2931 3022 2964 3089 ἡ
3012 3022 3194 3100 μήτρα
3236 3023 3272 3090 ἡ
3335 3021 3637 3099 γεννήσασα
3672 3039 3721 3075 σε
3767 3016 3822 3076 εἷς

510 3118 668 3173 trum
729 3109 1011 3170 exitium.
1073 3112 1230 3171 Ecce
1289 3111 1449 3171 enim
1507 3129 1642 3171 cum
1703 3111 2153 3186 quatuordecim

2241 3109 2454 3186 ὄλεθρον
2507 3112 2686 3186 ἡμῶν.
2721 3109 2858 3167 ’ἰδοὺ
2915 3110 3015 3190 γὰρ
3062 3108 3425 3188 δεκατέσσαρα
3495 3108 3585 3176 ἔτη
3635 3128 3822 3195 κεκρυμ-

508 3216 703 3260 annos
731 3198 1011 3260 latuerim
1042 3197 1104 3258 in
1137 3198 1250 3258 hac
1286 3209 1588 3275 creatura,
1621 3196 1827 3260 studes
1861 3217 1954 3259 me
1983 3199 2058 3260 ab
2090 3216 2155 3261 ea

2240 3198 2402 3275 μένου
2451 3221 2554 3274 μου
2610 3199 2664 3254 ἐν
2715 3201 2783 3276 τῇ
2826 3199 3020 3257 πλάσει
3052 3200 3244 3276 ταύτῃ,
3279 3198 3526 3263 σπεύδεις
3555 3205 3639 3256 τοῦ
3686 3194 3821 3277 χωρί-

507 3304 816 3366 separare.
881 3287 1030 3348 Cum
1091 3292 1295 3347 antem
1358 3286 1606 3347 vidisset
1663 3286 1888 3348 Christi
1921 3305 2155 3365 servus,

2239 3310 2328 3346 σαι
2373 3309 2440 3364 με
2473 3287 2566 3344 ἄπ’
2599 3288 2790 3359 αὐτῆς.
2818 3287 2966 3348 Ἰδὼν
2997 3287 3052 3346 δὲ
3083 3291 3112 3347 ὁ
3154 3288 3396 3358 ἀθλητὴς
3429 3298 3520 3349 τοῦ
3548 3293 3746 3365 Χριστοῦ
3769 3285 3822 3346 ὡς

505 3373 731 3438 athleta
777 3373 1119 3436 Auxentius
1151 3374 1282 3454 ejus
1334 3375 1690 3450 nuditatem,
1726 3394 1861 3437 cum
1904 3394 2154 3439 vexare-

2239 3377 2564 3458 ἐχειμάζετο
2623 3380 2725 3435 ὑπὸ
2775 3389 2869 3438 τοῦ
2918 3378 3163 3456 δαίμονος
3219 3377 3322 3446 τήν
3364 3379 3628 3458 γύμνωσιν
3673 3377 3820 3442 αᾶτῆς.

509 3473 609 3527 tur
639 3481 674 3526 a
703 3463 1001 3544 daemone,
1039 3482 1256 3544 magna
1287 3465 1375 3526 ira
1396 3467 1683 3547 percitus,
1719 3485 1838 3527 non
1870 3467 2002 3529 sivit
2023 3484 2154 3528 eam

506 3552 722 3632 loqui:
760 3552 868 3616 sed
923 3571 1058 3615 cum
1118 3552 1499 3634 increpasset
1557 3554 1939 3616 immundum
1971 3556 2155 3636 spiri-

507 3651 660 3717 tum,
692 3641 960 3705 clamans
996 3661 1210 3721 magna
1244 3661 1411 3717 voce,
1446 3643 1596 3706 dixit
1629 3661 1643 3706 :
1677 3643 2002 3724 Egredere,
2041 3649 2158 3707 im-

511 3732 734 3794 munde
761 3731 1036 3812 spiritus,
1091 3751 1164 3794 ex
1201 3732 1311 3794 hac
1345 3743 1648 3811 creatura,
1684 3734 1745 3796 in
1779 3736 2021 3797 nomine
2053 3735 2161 3796 Do-

506 3821 655 3884 mini
686 3822 874 3883 nostri
903 3820 1045 3883 Jesu
1078 3821 1326 3896 Christi,
1380 3821 1485 3903 qui
1542 3822 1895 3885 incarnatus
1946 3824 2058 3886 fuit
2089 3842 2156 3887 ex

508 3911 734 3992 Spiritu
766 3919 972 3973 sancto
1005 3920 1061 3973 et
1098 3912 1282 3977 Maria
1327 3909 1601 3989 Virgine.
1655 3913 1931 3976 Stridens
1961 3913 2158 3996 itaque

511 4009 570 4062 et
607 4001 843 4082 ejulans
876 3999 1137 4077 daemon,
1175 4001 1315 4064 exiit
1349 4000 1623 4082 protinus
1654 4019 1724 4063 ex
1756 4004 1974 4083 puella,
2020 4022 2156 4067 cum

508 4109 624 4154 nec
656 4091 710 4152 ei
742 4089 986 4171 quidem
1019 4091 1232 4156 fuisset
1279 4090 1528 4152 omnino
1563 4091 1918 4172 permissum
1952 4093 2158 4173 nugari

510 4199 618 4262 per
648 4188 1010 4243 creaturam.

589 4267 788 4335 XXIX.
822 4268 1038 4332 Milites
1066 4277 1264 4332 autem
1291 4288 1426 4332 cum
1460 4268 1704 4333 clericis
1735 4279 1793 4331 et
1821 4272 2155 4355 monachis,

515 4361 619 4440 qui
650 4357 1175 4440 consequebantur
1207 4378 1277 4421 ex
1309 4368 1674 4435 monte,cum
1704 4358 2159 4441 viderentsigna

513 4467 646 4530 quae
676 4467 782 4530 per
810 4447 1008 4529 ipsum
1051 4446 1310 4512 faciebat
1341 4443 1644 4522 Servator,
1678 4447 2154 4526 admirabantur,

514 4547 573 4600 et
602 4539 786 4617 magis
819 4537 1173 4601 dubitabant
1202 4557 1380 4619 quam
1415 4537 2037 4613 crederent,dicentes
2066 4539 2154 4603 ei:

2238 3468 2500 3547 ὀργισθεὶς
2552 3469 2702 3544 θυμῷ
2749 3469 2969 3547 μεγάλῳ
3021 3469 3116 3527 οῦκ
3173 3467 3355 3525 εἴασεν
3404 3468 3566 3535 αύτὴν
3614 3464 3823 3534 λαλῆσαι,

2240 3555 2361 3613 ἀλλ’
2419 3557 2746 3628 ἐπιτιμήσας
2797 3564 2874 3630 τῷ
2917 3558 3183 3634 πνεύματι
3224 3562 3304 3630 τῷ
3350 3557 3645 3636 ἀκαθάρτῳ,
3673 3550 3823 3632 κράξας

2239 3651 2392 3727 φωνῇ
2425 3645 2638 3725 μεγάλῃ
2693 3647 2851 3703 εἶπεν
2886 3662 2901 3678 ⁶
2943 3645 3188 3718 Ἔξελθε,
3234 3656 3447 3723 πνεῦμα
3502 3645 3734 3723 πονηρὸν,
3783 3640 3826 3694 ἐκ

2238 3743 2336 3793 τοῦ
2391 3733 2710 3810 πλάσματος
2764 3735 2818 3791 ἐν
2895 3743 2971 3810 τῷ
3047 3737 3268 3811 ὀνόματι
3328 3744 3426 3794 τοῦ
3486 3737 3658 3815 Κυρίου
3705 3733 3825 3807 ἡμῶν

2240 3824 2421 3892 Ἰησοῦ
2509 3833 2736 3902 Χριστοῦ
2806 3833 2899 3883 τοῦ
2993 3825 3358 3904 σαρκωθέντος
3445 3825 3506 3884 ἐκ
3571 3825 3824 3898 Πνεύματος

2241 3914 2393 3993 ἀγίου
2437 3916 2524 3972 καὶ
2571 3916 2776 3993 Μαρίας
2834 3920 2936 3982 τῆς
2983 3917 3274 3987 Παρθένου.
3335 3915 3599 3982 Στενὰξας
3638 3915 3714 3970 οὖν
3759 3911 3823 3966 καὶ

2239 4002 2492 4070 δλολύξας
2528 4007 2555 4060 ὁ
2585 4003 2814 4085 δαίμων,
2847 4003 3032 4073 ἐξῆλθε
3063 4012 3404 4087 παραχρῆμα
3434 4005 3496 4062 ἐκ
3530 4009 3623 4068 τῆς
3675 4002 3822 4077 κόρης,

2241 4092 2378 4169 μηδὲ
2419 4091 2558 4158 ὅλως
2604 4096 2974 4175 συγχωρηθεὶς
3032 4095 3340 4174 πλυαρῆσαι
3389 4094 3475 4153 διὰ
3498 4103 3586 4155 τοῦ
3613 4090 3822 4166 πλάσμα-

2237 4205 2350 4250 τος.

2322 4270 2458 4335 ΚΘ’.
2507 4274 2567 4331 Οἱ
2597 4271 2653 4329 δὲ
2699 4279 3024 4350 στρατιῶται
3056 4274 3148 4331 σὺν
3175 4287 3295 4338 τοῖς
3331 4273 3610 4352 κληρικοτς
3649 4270 3725 4327 καὶ
3747 4289 3825 4343 μο-

2238 4375 2432 4442 ναχοτς
2487 4375 2608 4426 τοῖς
2655 4362 3037 4438 συνεπομένοις
3096 4365 3241 4438 αὗτῷ
3284 4364 3345 4421 ἐκ
3389 4374 3485 4424 τοῦ
3525 4362 3688 4440 ὄρους,
3714 4363 3822 4416 θεω·

2241 4458 2452 4529 ροῦντες
2509 4452 2578 4508 τὰ
2619 4465 2851 4528 σημεῖα,
2912 4452 2945 4508 ἂ
2997 4451 3164 4510 ἐποίει
3224 4451 3290 4509 δι’
3355 4457 3516 4514 tit-3106
3566 4455 3592 4508 ὁ
3653 4445 3822 4522 Σωτὴρ,

2245 4538 2639 4610 ἐξεπλήσσοντο
2689 4542 2779 4597 καὶ
2834 4539 3042 4615 μᾶλλον
3076 4541 3342 4614 ἐδίσταζον
3372 4543 3408 4612 ἢ
3467 4542 3716 4599 ἐπίστευον
3750 4534 3823 4590 λέ·

514 4625 655 4688 Ηωο
703 4626 876 4701 facis,
912 4634 977 4687 ut
1036 4627 1228 4688 oculis
1258 4634 1606 4709 appareant,
1642 4645 1675 4689 ο
1705 4626 1918 4690 illusor
1948 4627 2155 4691 Christi

2243 4652 2430 4710 γοντες
2489 4634 2632 4705 αὒτῷ
2668 4649 2680 4662 ⁸
2741 4631 2877 4709 Πρὸς
2942 4630 3416 4712 ὀφθαλμοπλανῖαν
3486 4634 3634 4707 ἡμῶν
3699 4631 3824 4681 ταῦτα

514 4715 768 4780 Sanctus
787 4723 986 4778 autem
1010 4715 1356 4794 subridens,
1390 4717 1538 4779 dicit
1565 4717 1654 4779 eis
1681 4734 1695 4780 :
1729 4716 1851 4796 Ego
1883 4737 2001 4780 non
2028 4737 2159 4781 sum

516 4805 741 4871 Christi
772 4804 1120 4881 illusor,sed
1145 4824 1352 4868 servus
1375 4806 1504 4881 Dei,
1527 4807 1785 4870 credens
1807 4807 1866 4868 in
1891 4816 2160 4872 sanctam

515 4895 916 4977 ejusdemque
961 4895 1244 4958 essentia;
1291 4904 1352 4957 et
1382 4894 1748 4958 individuam
1779 4894 2157 4973 Trinitatem,

513 4985 931 5066 conﬁtensque
964 4984 1416 5066 Deiparentem,
1452 4990 1719 5046 sanctam
1753 4993 1810 5046 et
1839 4985 2158 5069 incorrup-

517 5083 633 5138 tam
658 5073 995 5153 Virginem.

553 5162 888 5227 XXX.Cum
911 5182 1050 5228 vero
1074 5162 1451 5246 pervenisset
1470 5162 1542 5224 ad
1565 5161 1852 5244 praedium
1883 5167 2039 5246 quod
2062 5165 2159 5228 di-

510 5253 1192 5335 citanycides,juvenis
1215 5250 1724 5335 quidam,nomine
1737 5255 2159 5332 Gregorius,ex

517 5361 666 5422 pago
694 5342 1030 5423 Lyddorum
1065 5343 1412 5425 (6),babens
1442 5341 1718 5423 spiritum
1751 5342 2150 5420 immundum,

516 5431 770 5493 accessit
798 5432 871 5493 ad
903 5446 1179 5495 sanctum
1203 5433 1266 5495 in
1289 5431 1559 5495 eamdem
1584 5431 2053 5512 possessionem,
2084 5435 2155 5497 ad

583 5546 665 5618 (ὃ)
702 5546 941 5606 Videtur
985 5549 1164 5618 Lydia
1213 5550 1364 5606 Asun
1415 5547 1651 5606 Minoris
1682 5547 1845 5618 regio
1881 5548 2154 5618 intelligi,

583 5562 665 5618 (η)
709 5562 941 5606 νιαειιιι-
985 5562 1164 5618 Lydia
1213 5562 1364 5606 Asm
1415 5562 1651 5606 Minoris
1682 5562 1745 5605 re
1791 5563 1845 5604 ιο
1881 5562 2063 5606 intem
2112 5567 2154 5617 ι,

521 5619 672 5683 inter
709 5632 882 5695 quam
915 5627 970 5677 et
1022 5619 1355 5694 Bithyniam
1415 5618 1710 5690 interiacet
1741 5562 2016 5696 ghwgia.
2051 5565 2157 5684 ligat

2243 4733 2452 4795 ποιεῖς,
2500 4721 2955 4800 χριστεμπαίκτα.
3007 4712 3065 4779 Ὀ
3128 4719 3182 4777 δὲ
3233 4720 3513 4798 μειδιάσας
3555 4720 3685 4796 λέγει
3722 4714 3824 4790 πρὸς

2245 4810 2434 4874 αὖτοῦς
2471 4824 2485 4840 ⁸
2551 4807 2696 4889 Ἐγὼ
2725 4807 3206 4890 χριστεμπαίκτης
3237 4813 3332 4868 οὒκ
3360 4813 3493 4888 εἰμὶ,
3524 4807 3654 4865 ἀλλὰ
3680 4804 3823 4861 δοῦλος

2239 4907 2334 4958 τοῦ
2391 4907 2544 4974 Θεοῦ,
2607 4898 2871 4956 πιστεύων
2937 4901 3010 4964 εἷς
3063 4899 3164 4967 τὴν
3223 4900 3378 4979 ἁγίαν
3439 4903 3526 4959 καὶ
3581 4895 3823 4971 ἀδιαίρετον

2245 4987 2438 5069 Τριάδα
2483 4991 2578 5046 καί
2613 4987 2893 5066 ὁμολογῶν
2951 4989 3211 5046 Θεοτόκον
3265 4989 3365 5058 τὴν
3409 4989 3560 5068 ἁγίαν
3611 4985 3823 5064 ἄφθαρτον

2245 5077 2530 5158 Παρθένον.

2324 5167 2411 5229 Α’.
2459 5158 2551 5234 Ὠς
2599 5165 2654 5222 δὲ
2697 5166 2921 5246 ἔφθασεν
2981 5165 3170 5224 λοιπὸν
3207 5165 3261 5222 ἐν
3293 5167 3478 5246 χωρίῳ
3508 5158 3820 5238 ἐπιλεγομένῳ

2243 5253 2476 5336 Σιγίδες,
2536 5254 2794 5333 νεώτερός
2848 5278 2927 5320 τις
2967 5255 3190 5328 ὀνόματι
3224 5258 3500 5335 Γρεγόριος
3534 5254 3632 5310 ἆπὸ
3660 5247 3818 5331 χωρίου

2241 5344 2472 5423 Λύδδων,
2524 5341 2669 5425 ἔχων
2714 5353 2922 5421 πνεῦμα
2953 5344 3249 5426 ἀκάθαρτον
3278 5343 3541 5424 προσῆλθε
3567 5349 3638 5438 τῷ
3676 5356 3819 5438 μαχεῖ

2240 5436 2334 5515 ρίῳ
2391 5435 2445 5492 ἐν
2496 5439 2575 5508 τῷ
2632 5433 2776 5509 αὒτῷ
2831 5435 3095 5511 κτήματι,
3157 5435 3501 5512 προσπίπτων
3570 5432 3699 5503 αὐτῷ
3746 5432 3814 5480 καί

2239 5552 2411 5611 etiam
2445 5549 3165 5622 LyddaiurbsPalaastlnw
3217 5548 3583 5621 episcopalis,
3629 5543 3693 5601 de
3733 5548 3816 5612 qua

2240 5623 2311 5683 ad
2334 5620 2516 5682 Vitam
2537 5621 2594 5680 S.
2627 5620 2855 5694 Georgii
2888 5620 2958 5679 28
2991 5621 3212 5695 Aprilis
3245 5620 3504 5699 agemus.
