4060 6206
318 309 473 378 1401

1641 309 1825 376 VITA
1869 307 1930 372 S.
1975 303 2378 373 AUXENTII.

3530 304 3552 370 1
3566 303 3683 372 402

313 443 488 526 λέγων
523 460 538 476 ⁶
579 443 844 512 Ἐλέησόν
903 465 998 524 με,
1055 441 1210 502 δοῦλε
1252 450 1347 502 τοῦ
1387 443 1610 521 ὒψίστου
1673 446 1828 518 Θεοῦ,
1877 441 1946 498 ὅτι

2046 440 2176 519 eius
2206 438 2392 521 pedes
2431 435 2774 518 procidens,
2827 443 2888 500 et
2919 435 3129 500 dicens
3163 454 3178 500 :
3215 435 3501 526 Miserere
3531 437 3678 514 mei,

314 535 585 618 όχλοῦμαι
641 537 745 594 61x6
823 532 1075 610 δαίμονος
1134 533 1393 613 πονηροῦ.
1455 533 1517 592 ³0
1586 533 1642 592 δὲ
1701 533 1962 611 μακάριος

313 626 512 691 ἐπιθεὶς
568 626 668 694 τὴν
713 637 882 705 χεῖρα
937 623 1025 682 ἐπὶ
1075 624 1174 694 την
1205 624 1448 705 κεφαλὴν
1477 623 1640 684 αὐτοῦ
1669 624 1756 682 καἱ
1788 645 1962 702 προσ-

317 714 632 796 ευξάμενος,
674 720 753 789 τῷ
811 715 909 791 μὲν
957 715 1222 790 πνεύματι
1272 714 1589 794 φθέγξασθαι
1621 718 1681 774 οὗ
1711 711 1960 792 συνεχώ-

309 827 498 884 ρησεν,
556 803 928 873 ἐξεληλυθέναι
972 803 1028 861 δὲ
1101 806 1228 862 αὒτὸ
1287 802 1373 860 διὰ
1429 809 1530 870 τῆς
1585 804 1810 884 χάριτος
1867 803 1961 859 τοῦ

311 883 446 952 Θεοῦ
505 892 877 976 ἐπρέσϐευσεν.
962 892 1031 952 Ἦ
1117 894 1206 951 οῦν
1286 891 1491 970 δαίμων
1547 883 1794 966 ἐξελθὼν,
1856 891 1959 949 ὑπὸ

311 983 545 1051 ἀκάνθας
604 985 835 1052 πλησίον
878 987 978 1053 τῆς
1018 981 1141 1042 ὁδοῦ
1196 983 1586 1063 ὑπεκρύπτετο,
1617 983 1758 1041 ὥστε
1787 982 1958 1039 ἐπαν-

314 1074 487 1142 ιόντος
543 1074 638 1133 τοῦ
696 1077 1000 1154 νεανίσκου,
1071 1073 1232 1132 πάλιν
1278 1075 1352 1138 εἰς
1397 1076 1556 1131 αὐτὸν
1597 1073 1955 1150 ὑποστρέψαι,

315 1165 466 1221 Μετᾶ
520 1163 610 1222 οὖν
665 1165 727 1222 τὸ
783 1162 1168 1242 ἀπαλλαγῆναι
1220 1163 1344 1228 τοὺς
1405 1163 1537 1240 βόας
1597 1163 1684 1219 καὶ
1738 1160 1958 1238 μέλλειν

313 1252 506 1316 αὐτοὺς
578 1266 752 1311 κινεῖν
807 1253 910 1320 τὴν
956 1252 1190 1329 ἅμαξαν,
1254 1253 1412 1322 γνοῦς
1458 1255 1514 1309 ἐν
1570 1258 1649 1326 τῷ
1689 1250 1958 1324 Πνεύματι

313 1349 392 1417 τῷ
432 1341 569 1420 ἁγίῳ
625 1345 654 1400 6
697 1340 987 1424 μακάριος,
1031 1341 1134 1424 ἔφη
1177 1348 1252 1416 τῷ
1301 1342 1559 1416 νεανίσκῳ
1593 1360 1608 1377 ⁸
1643 1342 1737 1398 Σοὶ
1789 1339 1954 1420 λέγω,

315 1431 562 1509 νεώτερα,
603 1431 705 1511 δρα
731 1434 812 1509 μὴ
868 1431 1108 1509 ἀπέλθῃς
1149 1433 1290 1490 κατᾶ
1331 1433 1431 1501 τὴν
1474 1432 1756 1510 ἀριστερὰν
1810 1431 1955 1504 ὁδὸν,

314 1520 379 1579 δι’
413 1521 479 1590 ἧς
529 1521 688 1590 ἦλθες
722 1538 738 1555 ⁹
790 1524 910 1580 ἐκεῖ
939 1523 1039 1600 γὰρ
1067 1520 1358 1601 κέκρυπται
1385 1523 1489 1578 ὑπὸ
1519 1521 1763 1578 ἀκανθῶν
1799 1540 1954 1596 περι-

311 1611 492 1688 μένων
535 1634 593 1669 σε
637 1614 666 1668 6
722 1611 958 1690 πονηρός
992 1629 1010 1649 ⁸
1045 1610 1186 1669 ἁλλὰ
1208 1612 1348 1670 κατὰ
1375 1613 1473 1681 τὴν
1502 1609 1675 1677 δεξιὰν
1732 1608 1951 1682 ἄπελθε,

305 1700 646 1781 εὐχαριστῶν
702 1707 779 1776 τῷ
838 1704 956 1776 Θεῷ
1008 1703 1097 1761 καὶ
1149 1700 1325 1780 ὶέγων
1357 1717 1372 1732 ⁸
1439 1699 1577 1767 Δόξα
1636 1704 1714 1772 τῷ
1753 1697 1950 1777 Πατρῖ,

302 1787 427 1856 δόξα
456 1796 534 1865 τῷ
592 1791 721 1868 Υἱῷ,
781 1787 906 1858 δόξα
957 1813 1037 1866 τῳ
1063 1791 1202 1872 ἁγίῳ
1228 1790 1520 1868 Πνεύματι,
1544 1811 1622 1865 τῳ
1651 1787 1952 1859 λαλήσαντι

303 1876 390 1938 διὰ
417 1883 527 1938 τῶν
552 1886 846 1961 προφητῶν
877 1882 1062 1945 αὒτοῦ.

2048 548 2217 592 serve
2247 528 2354 591 Dei
2384 527 2978 609 altissimi,quoniam
3009 545 3191 589 vexor
3219 545 3253 588 a
3285 525 3544 605 maligno
3569 526 3682 589 dm-

2045 637 2248 682 mone.
2301 620 2519 681 Beatus
2548 625 2742 680 autem
2797 616 3156 692 Auxentius,
3193 615 3470 696 imposita
3503 633 3682 678 manu

2044 711 2178 791 ejus
2210 709 2559 789 capiti.cum
2590 714 2749 770 esset
2779 713 3085 788 precatus,
3123 705 3402 786 spiritum
3437 705 3682 787 quidem

2042 818 2164 862 non
2192 799 2334 861 sinit
2363 797 2554 879 loqui,
2583 805 2647 860 ut
2673 797 2804 878 ipse
2834 805 3033 859 autem
3069 795 3281 872 exiret,
3319 813 3427 878 per
3457 795 3684 858 Christi

2040 888 2290 970 gratiam
2325 887 2689 968 procuravit.
2725 887 2916 950 Malus
2948 904 3086 949 vero
3111 886 3346 948 daemon
3377 903 3678 965 egressus,

2041 977 2267 1042 latebat
2320 976 2433 1040 sub
2490 977 2664 1059 spina
2721 985 2965 1058 propter
3023 977 3202 1048 viam,
3239 984 3302 1037 ut
3337 981 3684 1038 revertente

2041 1068 2452 1145 adolescente,
2511 1064 2584 1130 ad
2638 1085 2772 1129 eum
2819 1085 3027 1129 rursus
3068 1065 3324 1128 rediret.
3358 1064 3679 1145 Postquam

2041 1165 2238 1222 autem
2275 1156 2550 1238 percussi
2581 1165 2718 1220 sunt
2749 1156 2959 1237 boves,
2991 1163 3050 1218 et
3082 1156 3197 1237 ipsi
3240 1173 3480 1218 currum
3511 1161 3684 1216 erant

2043 1247 2284 1322 moturi,
2321 1264 2691 1326 cognoscens
2720 1246 2931 1309 beatus
2965 1245 3025 1308 in
3058 1251 3264 1308 sancto
3297 1243 3548 1326 Spiritu,
3585 1243 3683 1305 di-

2041 1338 2126 1400 xit
2176 1336 2598 1398 adolescenti:
2654 1335 3048 1409 Adolescens,
3106 1353 3249 1396 cave
3311 1352 3387 1395 ne
3444 1349 3547 1394 cas
3577 1351 3684 1412 per

2042 1425 2195 1488 viam
2227 1426 2555 1502 sinistram,
2609 1443 2722 1509 per
2778 1444 2960 1503 quam
3009 1425 3210 1497 ivisti;
3260 1422 3384 1485 illic
3439 1421 3599 1485 enim
3649 1439 3686 1485 a

2037 1515 2226 1597 spinis
2250 1529 2343 1576 est
2371 1515 2732 1590 absconsus,
2763 1516 2865 1597 qui
2900 1523 2956 1578 te
2987 1521 3313 1596 exspectat,
3351 1511 3678 1591 malignus:

2037 1605 2147 1668 sed
2206 1604 2353 1668 vade
2408 1604 2484 1667 ad
2543 1603 2870 1681 dexteram,
2931 1604 3053 1667 Deo
3108 1621 3291 1684 agens
3340 1601 3584 1680 gratias,
3621 1609 3682 1663 et

2037 1693 2298 1756 dicens:
2335 1693 2538 1758 Gloria
2592 1694 2779 1775 Patri,
2837 1695 3028 1774 gloria
3082 1693 3260 1768 Filio,
3315 1691 3508 1772 gloria
3535 1690 3677 1771 Spi-

2035 1784 2183 1846 ritui
2216 1791 2447 1860 sancto,
2507 1783 2612 1866 qui
2666 1784 2902 1847 locutus
2955 1792 3048 1848 est
3095 1801 3204 1864 per
3235 1800 3379 1846 suos
3408 1781 3677 1865 prophe-

2037 1881 2148 1938 tas.

1812 2033 2059 2102 CAPUT
2101 2035 2176 2096 V.

627 2201 771 2277 Quae
797 2199 869 2265 S.
901 2202 1258 2266 Auantius
1285 2201 1478 2282 egerit
1503 2197 1837 2281 talemque
1863 2198 1933 2261 in
1978 2197 2371 2260 monasteriis
2397 2195 2479 2260 ad
2507 2195 2897 2276 Ruﬁnianus
2927 2195 3084 2257 etin
3113 2192 3352 2258 Phetio.

385 2325 519 2391 ΛΜ.
567 2326 713 2396 Ἤδη
764 2326 823 2386 δὲ
879 2328 1208 2390 ἐπιστάντων
1263 2329 1318 2388 ἐν
1381 2351 1458 2404 τῳ
1513 2327 1784 2408 μαρτυρίῳ
1853 2331 1947 2384 τοῦ

302 2415 456 2494 ἁγίου
507 2416 825 2494 Θαλελαίου,
905 2420 954 2476 ol
1031 2418 1287 2496 ἐπόμενοι
1357 2420 1502 2494 αῦτῳ
1555 2420 1772 2496 πτωχοὶ
1841 2416 1948 2474 ἀπὸ

301 2505 395 2563 τοῦ
462 2504 616 2584 ὅρους
696 2512 799 2576 τῆς
883 2507 1084 2588 Ὀξίας,
1176 2507 1484 2588 ὀδυρόμενοι
1537 2509 1626 2565 καὶ
1684 2512 1947 2586 θρηνοῦν-

301 2616 391 2659 τες
435 2596 843 2677 συνετάττοντο,
890 2598 1354 2673 κατασπαζόμενοι
1396 2599 1464 2655 τὰ
1495 2597 1616 2655 ὅσια
1663 2596 1803 2677 ἴχνη
1851 2597 1950 2654 αῦ-

299 2690 417 2744 τοῦ.
453 2688 675 2764 Θεωρῶν
718 2685 772 2742 δὲ
831 2689 859 2743 6
910 2686 1162 2762 μαθητὴς
1192 2693 1284 2745 τοῦ
1316 2693 1544 2765 Χριστοῦ
1575 2687 1638 2744 τὸ
1676 2685 1948 2765 ἀφόρητον

299 2772 492 2838 πένθος
570 2775 668 2843 τῆς
737 2773 956 2855 καρδίας
1041 2779 1240 2858 αὐτῶν,
1328 2775 1431 2857 ἔφη
1489 2777 1622 2856 πρὸς
1705 2773 1892 2837 αὺτούς
1925 2791 1942 2807 ⁸

298 2861 612 2938 Ἀπέλθετε,
669 2865 852 2940 τέκνα,
918 2863 1194 2938 καθέζεσθε
1249 2865 1384 2932 τέως
1436 2865 1492 2924 ἐν
1520 2888 1599 2941 τῳ
1628 2865 1738 2945 ὄρει
1772 2883 1788 2900 ⁸
1835 2864 1946 2943 ἐγὼ

300 2951 404 3030 γὰρ
435 2951 550 3028 μεθ’
583 2953 728 3028 ὑμῶν
760 2955 894 3030 εἶμι.
931 2955 990 3012 Εἰ
1021 2955 1122 3034 γὰρ
1151 2956 1214 3014 τὰ
1265 2957 1424 3029 σῶμά
1472 2978 1575 3032 μου
1617 2955 1940 3034 ἀπάγουσιν,

300 3039 442 3098 ἀλλά
482 3043 543 3099 τὸ
597 3043 805 3117 πνεῦμά
874 3065 979 3118 μου
1051 3046 1108 3101 ἐν
1169 3046 1300 3121 ὑμῖν
1363 3045 1584 3120 ἔξεστιν,
1633 3047 1718 3102 καὶ
1763 3049 1823 3105 οὗ
1866 3045 1945 3122 μὴ

299 3130 678 3209 ἐγκαταλείψω
716 3138 880 3207 υμᾶς.
926 3135 988 3193 Οἱ
1039 3133 1137 3207 μὲν
1181 3135 1272 3191 οῦν
1327 3140 1652 3214 στρατιῶται
1686 3133 1773 3192 ἐπὶ
1814 3134 1944 3191 τού-

298 3241 415 3284 τοις
445 3221 783 3299 ἠγανάκτουν
817 3237 830 3253 ⁸
868 3225 915 3280 οἱ
957 3220 1014 3280 δὲ
1043 3222 1403 3303 ὑπέστρεψαν,
1449 3226 1524 3288 ὡς
1571 3223 1946 3303 ἆπηγγείλατο

303 3313 497 3392 αὐτοῖς
519 3317 546 3368 6
576 3313 819 3390 θεράπων
848 3334 943 3370 του
971 3320 1224 3392 Χριστοῦ.

387 3388 517 3463 ΛΒ’.
549 3388 762 3464 Φθᾶσας
807 3403 897 3457 οῦν
952 3388 1028 3458 ἐν⁷
1050 3426 1128 3477 τῳ
1174 3402 1350 3480 ζεύγει
1395 3401 1469 3465 εἷς
1505 3402 1568 3458 τὸ
1595 3399 1650 3457 ἐν
1679 3407 1748 3477 τῇ
1774 3401 1946 3475 Φιλίῳ

2111 2323 2315 2387 XXXI.
2353 2323 2499 2387 Cum
2531 2331 2731 2387 autem
2759 2324 2878 2402 jam
2928 2322 3328 2386 accessissent
3356 2322 3418 2384 in
3451 2329 3675 2403 marty-

2030 2413 2188 2476 rium
2221 2413 2412 2476 sancti
2434 2411 2895 2486 Tbalelai,eum
2929 2418 3255 2493 sequentes
3278 2429 3572 2493 pauperes
3602 2430 3676 2475 ex

2033 2511 2236 2565 monte
2261 2501 2644 2577 Oxeae,simul
2673 2501 2975 2565 deﬂebant
2999 2511 3057 2564 et
3085 2501 3594 2578 lamentabantur,
3616 2509 3676 2565 et

2033 2591 2556 2672 amplectebantur
2587 2602 2788 2656 sancta
2817 2594 2952 2672 ejus
2980 2590 3254 2671 vestigia.
3279 2590 3504 2655 Videns
3533 2609 3674 2655 vero

2031 2679 2252 2744 Christi
2282 2680 2610 2762 discipulus
2657 2681 2992 2746 Auxentius
3043 2680 3488 2744 intolerabilem
3538 2682 3670 2744 luc-

2031 2776 2154 2831 tum
2187 2770 2387 2832 cordis
2418 2769 2809 2846 eorum,dixit
2839 2770 2927 2834 eis
2958 2793 2972 2831 :
3010 2769 3213 2853 Abite,
3245 2770 3440 2848 ﬁlii,et
3463 2770 3672 2834 sedete

2027 2858 2090 2920 in
2121 2867 2322 2922 monte
2353 2860 2414 2921 in
2443 2877 2630 2940 pace;
2664 2879 2772 2940 ego
2799 2860 2962 2922 enim
2993 2879 3126 2923 sum
3155 2859 3485 2925 vobiscum.
3519 2862 3670 2925 Nam

2027 2948 2142 3011 etsi
2171 2967 2391 3029 corpus
2421 2967 2620 3012 meum
2656 2949 2983 3024 abducunt,
3020 2959 3079 3012 at
3114 2969 3280 3012 meus
3309 2950 3553 3032 spiritus
3583 2958 3675 3014 est

2027 3038 2188 3101 inter
2215 3056 2343 3119 vos,
2375 3057 2488 3100 nec
2517 3055 2623 3101 vos
2654 3059 2914 3122 unquam
2945 3039 3309 3120 relinquam.
3332 3040 3527 3124 Atque
3561 3039 3672 3101 mi-

2028 3127 2164 3190 lites
2196 3127 2440 3209 quidem
2468 3127 2595 3190 haec
2627 3147 2781 3208 aegre
2814 3127 3108 3193 ferebant:
3145 3148 3441 3212 pauperes
3470 3138 3670 3192 autem

2031 3215 2260 3280 reversi
2317 3224 2457 3279 sunt
2513 3216 2574 3278 in
2638 3224 2930 3294 montem,
2964 3219 3119 3281 sicut
3145 3219 3234 3282 eis
3264 3218 3415 3282 dixit
3444 3217 3671 3283 Christi

1961 3291 2004 3343 ο
2027 3324 2257 3370 servus.

2083 3393 2484 3460 XXXll.Cum
2507 3396 2568 3457 in
2587 3413 2766 3458 curru
2787 3406 2985 3461 autem
3005 3399 3265 3461 venisset
3283 3399 3355 3461 ad
3375 3407 3672 3462 monaste-

303 3491 684 3568 μοναστήριον,
745 3489 895 3570 ἄφνω
953 3490 1207 3570 νεώτερός
1268 3513 1376 3570 τιςμ
1409 3489 1633 3566 ὀνόματι
1678 3487 1942 3568 Ἰσίδωρος

2036 3482 2380 3564 rlum,quod
2403 3495 2533 3549 erat
2551 3485 2612 3546 in
2638 3486 3126 3568 Phelio,repente
3149 3489 3382 3568 juvenis
3397 3488 3665 3570 quidam,

304 3576 501 3655 ἤρξατο
542 3567 938 3654 δαιμονίζεσθαι
981 3581 1070 3637 καὶ
1124 3567 1253 3656 βοᾷν
1287 3596 1302 3611 ⁸
1348 3567 1411 3635 Ὠ
1443 3579 1550 3636 ἀπὸ
1595 3585 1710 3653 σοῦ,
1745 3567 1942 3645 Αὒξέν-

2036 3575 2264 3632 nomine
2285 3575 2748 3648 Isidorus.ccepit
2769 3567 2968 3635 vexari
2989 3594 3019 3635 a
3043 3567 3301 3638 daemone
3321 3590 3374 3637 et
3392 3567 3666 3640 clamare:

302 3685 410 3738 τιε,
440 3674 534 3725 τοῦ
563 3669 643 3743 μὴ
689 3665 986 3734 δεδωκότος
1037 3691 1128 3745 μοι
1173 3667 1410 3734 ἐξουσίαν
1465 3667 1760 3742 ἀμύνασθαι
1817 3667 1940 3732 τοὺς

2036 3658 2130 3723 Vae
2150 3659 2731 3742 tibi,Auxenti,quid
2755 3680 2873 3724 non
2899 3662 3113 3726 dedisti
3139 3663 3288 3726 mihi
3312 3671 3666 3744 potestatem

301 3757 745 3836 περιφρονοῦντάς
791 3778 852 3814 σε
908 3757 1215 3838 θεομάχους
1267 3759 1342 3822 εἷς
1392 3755 1750 3834 ἐξολόθρευσιν
1812 3755 1944 3832 ἐμοῦ

2036 3748 2354 3812 ulciscendi
2367 3749 2583 3830 impios
2599 3752 2850 3813 deorum
2868 3750 3202 3834 hostes,qui
3228 3761 3285 3814 te
3306 3753 3662 3834 suscipiunt,

298 3845 390 3901 καὶ
446 3851 552 3902 τῶν
612 3845 755 3920 ἐμῶν
791 3861 806 3877 ⁸
841 3847 876 3914 ἡ
904 3848 1005 3924 γὰρ
1032 3845 1261 3925 πάροδός
1295 3868 1391 3903 σου
1424 3847 1488 3903 τὰ
1515 3846 1690 3903 πάντα
1719 3846 1942 3923 ἡγίασεν

2036 3839 2096 3901 ad
2123 3856 2318 3900 meam
2338 3845 2397 3901 et
2419 3857 2688 3901 meorum
2715 3839 3073 3921 perniciem;
3099 3848 3238 3904 tuus
3267 3841 3428 3904 enim
3463 3851 3664 3904 trans-

299 3934 391 3990 καὶ
433 3933 754 4014 ἐφυγάδευσε
812 3934 1092 3999 πλείστους
1139 3941 1244 3993 τῶν
1294 3934 1411 3994 καθ’
1444 3937 1613 4011 ἡμᾶς.
1648 3935 1709 3993 ’0
1740 3932 1795 3991 δὲ
1827 3957 1943 4012 μα-

2036 3929 2142 3991 itus
2172 3930 2374 3990 omnia
2413 3929 2825 4005 sanctiﬁcavit,
2861 3939 2922 3992 et
2962 3930 3183 4010 fugavit
3212 3949 3284 3993 ex
3318 3930 3492 3994 nobis
3524 3931 3661 4012 plu-

297 4023 483 4102 κάριος
513 4024 645 4102 πρὸς
677 4025 834 4082 αὒτὸν
892 4023 995 4104 ἔφη
1029 4040 1044 4057 ⁸
1100 4024 1316 4100 Σιώπα,
1347 4025 1435 4081 καὶ
1466 4026 1776 4102 πεφίμωσο,
1808 4025 1943 4104 χαί-

2036 4016 2618 4082 rimos.Dixitautem
2646 4018 2703 4081 ei
2722 4017 2931 4081 beatus
2967 4042 2981 4084 :
3015 4018 3174 4084 Tace
3207 4029 3265 4084 et
3293 4019 3661 4099 obmutesce,

297 4112 548 4191 ρεσίκακε
619 4111 847 4188 δαίμων,
907 4112 962 4169 ἓν
1018 4136 1094 4188 τῳ
1149 4113 1375 4189 ὀνόματι
1448 4113 1628 4180 Ἰησοῦ
1689 4120 1942 4192 Χριστοῦ.

2036 4109 2134 4190 qui
2155 4107 2329 4170 malis
2344 4107 2930 4187 gaudes,deemon,in
2947 4107 3170 4174 Christi
3192 4109 3668 4174 nomine.Dedu-

299 4201 628 4279 Κατήγαγον
670 4201 760 4258 οὖν
818 4201 879 4258 ὲκ
913 4207 1014 4269 τῆς
1071 4201 1283 4278 ἀμάξης
1340 4203 1431 4260 τὸν
1474 4202 1628 4281 ἅγιον
1661 4200 1822 4280 ἄνδρα
1854 4202 1942 4260 καὶ

2036 4205 2245 4260 xerunt
2273 4215 2415 4276 ergo
2449 4215 2482 4259 e
2514 4215 2692 4260 curru
2723 4198 2914 4260 virum
2949 4200 3202 4282 justum,
3233 4207 3293 4262 et
3317 4217 3452 4262 eum
3470 4200 3665 4263 intro-

296 4290 587 4366 εἰσήγαγον
619 4289 674 4345 ἐν
703 4296 772 4368 τῇ
799 4290 1063 4364 ἐκκλησίᾳ
1093 4291 1186 4347 τοῦ
1214 4289 1379 4370 ἁγίου
1408 4289 1682 4355 Ἰωάννου.
1738 4282 1940 4356 Ἐστὼς

2036 4285 2329 4350 duxerunt
2352 4287 2412 4347 in
2443 4286 2760 4350 ecclesiam
2792 4287 2985 4350 sancti
3013 4287 3479 4352 Joannis.Stans
3517 4308 3663 4367 ergo

297 4377 391 4435 οῦν
419 4377 754 4456 προσηύξατο
813 4380 898 4436 ἐπὶ
941 4379 1081 4456 ὥρας
1130 4381 1341 4460 ἱκανὰς,
1375 4376 1467 4436 διὰ
1494 4382 1556 4436 τὸ
1587 4379 1664 4456 μή
1696 4378 1940 4438 δύνασθαι

2036 4375 2219 4438 oravit
2271 4376 2450 4438 horas
2484 4376 2733 4458 aliquot,
2769 4385 3089 4459 propterea
3118 4377 3276 4460 quod
3312 4396 3432 4440 non
3466 4385 3670 4458 posset

300 4466 431 4548 γόνυ
458 4467 642 4524 κλῖναι
704 4467 764 4525 ἐκ
809 4475 914 4526 τῶν
951 4468 1006 4526 ἐν
1052 4481 1170 4534 τοῖς
1214 4468 1380 4526 ποσίν
1423 4470 1585 4528 αὐτοῦ
1626 4467 1937 4544 μωλώπων.

2036 4484 2182 4544 genu
2203 4465 2447 4528 ﬂectere
2469 4465 2543 4528 ob
2570 4465 2928 4548 vibices,qui
2953 4476 3124 4530 erant
3145 4469 3208 4530 in
3231 4467 3358 4530 suis
3381 4467 3663 4548 pedibus.

301 4546 399 4618 Ὠς
455 4552 510 4612 δὲ
569 4555 853 4634 ἐπλήρωσε
906 4557 1006 4625 τήν
1064 4560 1262 4638 εὐχὴν,
1321 4558 1610 4636 εἰσήγαγον
1668 4558 1825 4616 αὐτὸν
1884 4558 1940 4614 ἐν

2036 4552 2346 4636 Postquam
2374 4563 2569 4617 autem
2594 4546 2864 4637 implevit
2885 4576 3024 4618 suas
3047 4575 3284 4638 preces,
3319 4546 3456 4619 eum
3480 4558 3664 4620 intro-

301 4644 736 4725 χαμαιτρικλίνῳ
798 4649 1139 4727 πανταχόθεν
1196 4647 1611 4711 ἀποκλείσαντες
1648 4666 1662 4682 ο
1719 4650 1820 4722 ,τοῦ
1886 4646 1942 4705 δὲ

2036 4643 2326 4705 duxerunt
2355 4643 2414 4704 in
2445 4644 2700 4707 inferius
2733 4646 3085 4722 triclinium,
3137 4646 3405 4726 undique
3446 4647 3663 4710 clausis

296 4734 734 4814 προσευχομένου
777 4734 948 4816 ἔνδον,
997 4737 1096 4803 ἔξω
1155 4735 1418 4816 Ἰσίδωρος
1475 4736 1599 4804 ἰάθη
1659 4738 1687 4793 6
1743 4734 1936 4814 δαιμο-

2042 4733 2238 4796 anuis.
2274 4731 2359 4794 Eo
2390 4751 2533 4796 vero
2562 4734 2730 4797 intus
2760 4743 3065 4816 precante,
3100 4735 3243 4799 foris
3281 4735 3392 4798 fuit
3421 4745 3662 4800 curatus

2017 4821 2316 4896 Isidorus,
2349 4825 2448 4902 qui
2481 4822 2806 4886 vexabatur
2833 4843 2868 4887 a
2896 4825 3195 4888 daamone.

2098 4909 2650 4984 XXXIILQuaedam
2673 4922 2872 4975 autem
2899 4915 3136 4990 mulier,
3162 4915 3662 4978 uxorMaximiani

293 4844 418 4879 νιων
427 4869 440 4883 .

379 4910 516 4973 Al".
560 4911 729 4971 Ἀλλᾶ
760 4915 894 4992 γυνή
936 4936 1018 4982 τις
1056 4914 1388 4990 Μαξιμιανοῦ
1425 4915 1680 4995 ἡνιόχου,
1713 4915 1935 4991 οἰομένη

298 4999 356 5055 ἐν
408 5021 485 5074 τῳ
539 4999 649 5080 ὅρει
706 5008 806 5071 τῆς
872 5002 1047 5070 Ὀξίας
1103 5005 1248 5063 εἶναι
1319 5006 1411 5062 τὸν
1455 5006 1744 5086 μακάριον,
1801 5005 1930 5072 ἦλθε

292 5087 524 5169 φέρουσα
593 5092 678 5150 ἐπὶ
735 5093 894 5164 ζώοις
969 5094 1405 5174 πεφορτωμένοις
1477 5094 1677 5170 ἔλαιον,
1753 5099 1930 5176 οἶνον,

290 5178 504 5258 ἄρτους,
555 5183 736 5259 τυρὸν,
780 5182 998 5263 ὄσπρια,
1047 5184 1306 5258 στούπαν,
1366 5184 1586 5260 κηρούς.
1641 5186 1738 5243 Καὶ
1790 5185 1930 5265 σφό-

291 5267 386 5347 δρα
417 5269 517 5343 μέν
573 5269 816 5342 ἐλυπήθη
870 5273 949 5345 μὴ
1001 5274 1221 5351 εὑροῦσα
1268 5272 1386 5330 ἐκεῖ
1419 5275 1508 5330 τὸν
1539 5273 1686 5331 ὅσιον
1718 5273 1878 5352 ἄνδρα
1912 5289 1927 5304 ⁶

289 5355 538 5416 διέδωκεν
597 5357 652 5416 δὲ
693 5361 760 5416 τὰ
802 5362 976 5418 πάντα
1025 5375 1141 5425 τοῖς
1175 5363 1313 5422 κατὰ
1343 5364 1434 5419 τὸν
1460 5363 1629 5421 τόπον
1658 5385 1934 5443 προσκαρο

283 5453 495 5524 τεροῦσι
553 5461 835 5528 πτωχοῖς.
902 5449 1166 5528 Κορῶσιον
1222 5451 1322 5527 γὰρ
1387 5454 1552 5519 αὐτῆς
1598 5449 1932 5530 ὀχλούμενον

284 5537 388 5592 ὑπὸ
427 5533 680 5612 δαίμονος
739 5537 941 5607 ὴξιώθη
1003 5539 1217 5610 ἰάσεως,
1286 5557 1373 5595 και
1421 5541 1560 5597 πάνυ
1616 5539 1932 5620 προσέκειτο

286 5646 364 5700 τῳ
407 5627 656 5707 μακαρίῳ
687 5642 701 5658 ⁸
749 5626 1066 5703 θαυμάσασα
1130 5628 1242 5704 οὗν,
1308 5626 1388 5684 ὅτι
1449 5629 1538 5705 βίᾳ
1568 5626 1766 5712 σχεδὸν
1793 5649 1928 5686 κατ-

2015 5000 2256 5080 aurigaa,
2298 5008 2509 5080 putans
2541 5000 2780 5065 beatum
2810 5003 3173 5067 Auxentium
3207 5023 3340 5068 esse
3364 5005 3424 5066 in
3458 5012 3662 5068 monte

2014 5088 2406 5170 Oxetenenit,
2435 5089 2639 5152 ferens
2663 5094 2926 5154 oneratis
2949 5093 3308 5156 animalibus
3331 5094 3658 5175 oleum,vi-

2017 5181 3039 5261 num,panem,caseum,legumina,
3075 5191 3309 5263 stupam
3339 5192 3400 5246 et
3429 5201 3656 5250 ceram.

2014 5267 2086 5330 Et
2113 5287 2326 5348 magno
2349 5268 2593 5346 quidem
2623 5271 2835 5333 dolore
2861 5277 2950 5332 est
2979 5270 3359 5352 atl‘ecta,cum
3385 5280 3659 5336 sanctum

2015 5357 2206 5420 virum
2242 5357 2364 5420 illic
2395 5377 2514 5420 non
2550 5359 2902 5422 invenisset.
2937 5357 3254 5421 Distribuit
3281 5377 3422 5422 vero
3454 5362 3658 5425 omnia

2016 5446 2384 5529 pauperibus
2395 5447 2498 5528 qui
2515 5467 2587 5510 eo
2611 5449 2672 5510 in
2697 5449 2830 5510 loco
2846 5447 3480 5528 perseverabant.Ejus
3494 5451 3654 5514 enim

2013 5538 2379 5617 puella,quaa
2402 5536 2730 5600 vexabatur
2751 5536 2823 5599 ab
2847 5536 3158 5600 immundo
3172 5537 3546 5615 daamone,ab
3569 5542 3656 5619 ip-

2013 5644 2079 5689 so
2101 5633 2376 5690 assecuta
2398 5624 2594 5694 fuerat
2613 5631 3012 5708 curationem,
3037 5633 3098 5691 et
3119 5623 3297 5692 beato
3330 5626 3454 5692 viro
3483 5625 3654 5693 valde
