4028 6202
427 311 578 380 1403
1683 317 1849 380 ΜΕΝ
1855 313 1968 380 SIS
2010 318 2060 379 F,

2148 317 2519 382 :RUARIUS.
3053 331 3058 334 '
3649 322 3794 388 1404

419 457 548 512 erat
570 451 799 514 dedita.
838 447 1044 514 Mirata
1070 470 1209 530 ergo
1233 449 1389 532 quod
1415 450 1470 511 vi
1496 451 1926 532 propemodum
1953 451 2060 513 de-

2148 451 2357 532 ηνέχθη
2400 455 2460 510 ῐει
2517 459 2608 509 τοῦ
2651 452 2803 530 ὅρους
2851 451 2906 510 ἒν
2950 475 3027 528 τῳ
3081 454 3425 534 μοναστηρίῳ
3481 478 3559 531 τῳ
3619 457 3674 511 ἐν
3730 459 3798 526 τῆ

419 542 839 605 ductusfuerat
871 562 903 603 a
930 551 1154 614 monte,
1192 551 1250 602 et
1273 541 1513 620 degeret
1542 542 1808 603 inclusus
1855 542 1914 603 in
1942 562 2060 602 mo-

2148 541 2314 616 Φιλίῳ
2357 541 2534 620 διοίγει
2567 541 3118 618 κατακεκλεισμένος,
3151 543 3311 610 ἦλθεν
3356 545 3536 602 ἐκεῖσε
3571 548 3636 604 τὸ
3663 570 3799 624 γρα-

422 633 686 695 nasterio
719 633 880 709 quod
915 641 1004 693 est
1036 634 1097 692 in
1143 631 1374 706 Phelio,
1410 633 1568 694 venit
1599 632 1738 694 illuc
1771 632 2060 693 meditans

2148 633 2299 711 φικὸν
2357 631 2641 708 μελετῶσα
2701 631 2918 710 λόγιον,
2984 635 3047 691 τὸ
3092 632 3255 711 ῥηθὲν
3297 634 3353 690 ἐν
3395 642 3466 712 τῇ
3519 639 3806 714 παναρέτφ

423 723 721 804 eloquium
755 721 1275 802 Scripturze,quod
1308 723 1532 783 dictum
1568 732 1657 783 est
1689 723 1745 781 in
1774 721 2062 802 pulcher-

419 813 574 874 rima
620 809 928 892 Sapientia
984 811 1345 884 Salomonis,
1399 821 1457 872 et
1508 813 1818 892 impletum
1853 811 1912 872 in
1945 817 2064 872 vita

419 900 996 963 sanctissimiPatris
1031 902 1221 962 nostri
1253 901 1557 963 Auxentii:
1600 901 2064 963 «Examinemus

411 991 668 1072 justum,
696 993 978 1072 quoniam
1011 991 1243 1053 inutilis
1266 1000 1358 1052 est
1389 991 1586 1062 nobis,
1624 1001 1682 1052 et
1712 991 2064 1052 adversatur

417 1081 702 1162 operibus
734 1086 957 1144 nostris
986 1084 1066 1141 ‘3.
1106 1108 1132 1138 ι)
1194 1080 1341 1143 Nam
1393 1100 1528 1142 cum
1557 1081 2064 1143 condemnassent

420 1191 558 1234 eum
592 1180 874 1252 tanquam
911 1171 1815 1244 maleﬁcum,incluserunt.non
1840 1189 2062 1232 conce-

417 1262 632 1324 dentes
662 1273 723 1323 ut
753 1265 1070 1344 quisquam
1105 1282 1241 1324 eum
1274 1259 1801 1324 conveniret.Cum
1846 1259 2064 1322 fidelis-

419 1351 586 1414 simae
648 1370 789 1432 ergo
846 1353 989 1414 huic
1026 1353 1266 1414 femina:
1321 1352 1556 1412 beatum
1591 1351 1796 1412 videre
1829 1369 1948 1410 non
1981 1350 2061 1411 li-

423 1444 673 1516 cuisset,
707 1452 807 1503 aut
840 1461 975 1506 eum
1014 1442 1359 1514 convenire,
1413 1440 1563 1502 abiit
1609 1441 1759 1502 flens
1790 1439 2058 1519 domum,

420 1539 479 1592 et
510 1533 726 1592 marito
759 1552 866 1594 suo
899 1533 1101 1593 omnia
1136 1530 1510 1594 renuntians.

502 1621 1303 1699 XXXIV.Constantinus(7t
1326 1629 1524 1683 autem
1550 1619 1664 1681 dux
1686 1619 1982 1682 exercitus
2005 1627 2063 1681 et

418 1710 706 1773 Artabius
727 1715 1064 1792 comes,qui
1087 1713 1247 1774 soliti
1272 1719 1441 1773 erant
1464 1710 1666 1770 venire
1699 1710 1768 1769 ad
1789 1717 2061 1770 sanctum

2148 723 2313 800 Σοφίᾳ
2371 720 2752 797 Σολομῶντος,
2821 725 2910 779 καὶ
2969 721 3252 800 πληρωθὲν
3299 727 3374 790 εἰς
3416 728 3510 783 τὸν
3554 728 3675 803 βίον
3715 734 3807 784 τοῦ

2144 814 2200 867 εν
2259 811 2431 889 ἁγίοις
2495 813 2702 888 Πατρὸς
2774 812 2930 884 ἡμῶν
3003 810 3280 878 Αὖξεντίου
3313 834 3326 848 ο
3392 839 3417 871 ε
3481 815 3806 892 Ἐτὰσωμεν

2146 903 2234 957 τὸν
2267 899 2491 975 δίκαιον,
2545 899 2628 957 ὅτι
2688 899 3011 980 δύσχριστος
3048 900 3163 982 (sic
3197 923 3210 965 :
3245 906 3394 982 fort.
3429 907 3805 986 δύσχρηστος)

2144 992 2280 1065 ἡμῖν
2325 989 2468 1046 ἐστιν
2511 992 2599 1047 καὶ
2643 989 2974 1048 ἐναντιοῦται
3018 1005 3137 1053 τοῖς
3173 991 3350 1071 ἔργοις
3393 997 3577 1069 ἡμῶν,
3623 1020 3646 1050 ε
3693 987 3804 1067 'u;

2143 1081 2244 1159 γὰρ
2273 1081 2574 1137 κακοποιὸν
2623 1081 3040 1159 κατακρίναντες
3086 1082 3247 1138 αὐτὸν
3305 1083 3664 1141 κατέκλεισαν
3722 1086 3802 1159 μὴ

2145 1169 2549 1249 συγχωροῦντές
2608 1193 2711 1227 τινι
2771 1172 3162 1251 συντυγχάνειν
3198 1173 3342 1247 αὐτῳ
3378 1192 3394 1207 '
3441 1173 3565 1231 ὅθεν
3598 1175 3680 1248 μὴ
3712 1196 3802 1232 τυ-

2145 1267 2320 1340 χοῦσα
2377 1261 2412 1328 ἡ
2471 1261 2771 1326 πιστοτάτη
2819 1259 2952 1328 α’ότη
2999 1264 3132 1339 γυνή
3181 1270 3280 1330 τῆς
3329 1264 3452 1327 θέας
3481 1268 3579 1320 τοῦ
3610 1287 3799 1338 μακα-

2144 1351 2258 1428 ρίου
2303 1349 2338 1416 ἢ
2395 1354 2495 1416 τῆς
2536 1351 2822 1430 συντυχίας
2883 1349 3066 1421 αὐτοῦ,
3109 1351 3350 1420 ἀπῆλθεν
3420 1353 3475 1408 ἐν
3532 1376 3615 1426 τῳ
3657 1351 3801 1423 οἴκῳ

2145 1439 2311 1506 αὐτῆς
2343 1437 2624 1514 κλαίουσα,
2657 1442 2746 1497 καὶ
2777 1440 2954 1496 πάντα
2984 1462 3062 1499 τω
3091 1440 3237 1520 ἀνδρὶ
3265 1441 3717 1521 ἀπαγγέλλουσα.

2227 1607 2364 1681 ΛΔ’.
2414 1629 2818 1682 Κωνσταντῖνος
2873 1618 2927 1675 δὲ
2982 1619 3366 1697 στρατηλατῶν
3440 1621 3537 1678 καί
3596 1620 3801 1698 Ἀρτά-

2145 1704 2260 1770 ϐιος
2295 1709 2497 1782 κόμης,
2543 1710 2782 1776 συνήθως
2835 1707 3130 1787 ἐρχόμενοι
3166 1712 3300 1786 πρὸς
3332 1713 3422 1766 τὸν
3453 1711 3603 1767 ὅσιον
3636 1710 3800 1787 ἄνδρα

417 1799 934 1874 virum,venerunt
964 1803 1061 1863 ubi
1092 1810 1238 1871 erat,
1274 1811 1332 1861 ut
1363 1801 1710 1863 fruerentur
1737 1800 1913 1860 solita
1940 1796 2058 1858 uti-

2148 1797 2494 1869 ἐληλύθασιν,
2544 1797 2662 1853 ἔνθα
2697 1798 2787 1868 ἧν,
2848 1799 3111 1872 ὀψόμενοι
3158 1802 3336 1872 αὑτὸν,
3388 1800 3482 1856 ἐπὶ
3525 1802 3592 1856 τὸ
3653 1800 3796 1857 ἄπο-

420 1889 729 1964 litate.Qui
768 1911 901 1952 cum
937 1910 1070 1952 eum
1106 1890 1708 1962 convenissent,etab
1740 1908 1809 1950 eo
1843 1905 2060 1949 conse-

421 1981 543 2040 cuti
577 1997 780 2042 essent
814 1979 1620 2057 benedictionem,rogarunt
1653 1998 1725 2039 ne
1757 1977 1926 2038 daret
1959 1995 2060 2038 oc~

419 2068 719 2130 casionem
746 2070 819 2130 iis
847 2069 946 2149 qui
971 2069 1123 2130 male
1143 2067 1624 2142 sentiebant,sed
1658 2086 1763 2148 spe
1796 2073 1853 2126 in
1874 2065 2062 2128 Deum

418 2159 621 2220 omnia
647 2159 893 2238 quidem
930 2158 1237 2239 probaret,
1271 2160 1430 2240 quod
1462 2157 1684 2219 bonum
1716 2166 1915 2218 autem
1947 2167 2060 2232 est,

418 2256 654 2310 teneret
676 2248 833 2322 Η,εά
861 2249 1142 2310 unionem
1169 2260 1224 2308 et
1249 2247 1636 2309 concordiam
1671 2247 2065 2308 sanctissimae

419 2347 478 2400 et
496 2339 804 2401 catholicae
819 2338 924 2400 Dei
950 2338 1528 2401 Ecclesia.b‘anctus
1554 2345 1754 2400 autem
1779 2336 1927 2399 dicit
1947 2339 2060 2398 eis:

417 2430 544 2492 Fiat
565 2429 835 2490 voluntas
858 2427 964 2490 Dei
990 2429 1147 2490 sicut
1174 2429 1234 2489 in
1279 2429 1430 2490 caelo
1464 2437 1522 2488 et
1557 2430 1618 2488 in
1651 2435 1830 2488 terra.
1864 2426 2063 2506 Roga-

416 2527 560 2580 runt
591 2538 733 2581 vero
767 2519 1104 2594 beatum,ut
1130 2537 1344 2580 aureos
1376 2519 1604 2594 aliquot
1625 2515 2060 2598 acciperet,qui

416 2608 616 2670 dedita
637 2626 822 2689 opera
845 2607 916 2669 ab
938 2609 1026 2670 eis
1050 2609 1162 2669 aife
1176 2607 1600 2670 rebantur.llle
1625 2615 1818 2668 autem
1849 2605 1904 2666 id
1941 2624 2060 2667 non

416 2697 944 2770 sustinuit,dicens
968 2699 1079 2760 eis:
1098 2697 1469 2779 Pauperibus
1492 2697 1590 2778 qui
1613 2696 1834 2758 suntin
1861 2704 2062 2758 monte

417 2785 681 2867 Oxeae,et
709 2787 998 2849 fratribus
1030 2790 1184 2849 meis
1215 2791 1274 2849 in
1302 2789 1578 2861 Domiuo,
1615 2805 1718 2850 eos
1748 2788 1908 2848 date.
1943 2785 2062 2863 Ego

415 2878 578 2939 enim
611 2876 805 2938 habeo
841 2879 1067 2953 omnia,
1105 2887 1164 2940 et
1222 2877 1464 2939 abundo
1504 2895 1612 2958 per
1642 2882 1892 2955 gratiam
1929 2877 2061 2939 Dei.

414 2967 603 3029 Valde
656 2986 793 3030 vero
835 2987 1041 3048 magna
1068 2975 1203 3028 sunt
1223 2986 1291 3030 ex
1317 2967 1426 3029 hac
1450 2986 1515 3029 re
1540 2968 1735 3028 affecti
1766 2967 2059 3034 molestia.

415 3057 706 3138 quierant
731 3059 790 3119 in
819 3058 950 3119 loco
976 3058 1277 3120 monachi.
1317 3057 1434 3119 Sed
1459 3057 1544 3119 illi
1572 3056 1812 3138 quidem
1845 3055 2066 3119 Christi

2144 1885 2335 1944 λαῦσαι
2365 1889 2463 1953 τῆς
2497 1887 2549 1952 ἑξ
2594 1887 2739 1948 ἔθους
2771 1888 3033 1966 ὠφελείας
3069 1889 3250 1950 αὗτοῦ,
3286 1892 3350 1945 Οἳ
3398 1893 3486 1945 καὶ
3531 1911 3796 1947 συντετυ-

2146 1977 2384 2056 χηκότες
2430 1981 2572 2050 αὒτῳ
2601 1978 2690 2032 καὶ
2743 1976 3124 2055 εὐλογηθέντες
3167 1979 3238 2033 ὑπ
3270 1980 3453 2058 αὑτοῦ,
3487 1978 3672 2045 ἠξίουν
3717 1982 3796 2054 μή

2145 2065 2341 2122 διδόναι
2388 2067 2654 2146 πρόφασιν
2697 2080 2815 2129 τοῖς
2860 2064 3196 2136 κακοδόξοις,
3244 2066 3382 2123 ἀλλὰ
3431 2074 3502 2143 τῇ
3532 2068 3629 2124 ἐπί
3663 2072 3795 2125 Θεὸν

2149 2154 2318 2211 ἐλπίδι
2364 2158 2538 2212 πάντα
2597 2155 2696 2230 μὲν
2749 2153 3059 2230 δοκιμάσαι,
3123 2158 3181 2212 τὸ
3226 2155 3281 2213 δὲ
3324 2155 3494 2213 καλὸν
3525 2164 3792 2234 κρατῆσαι

2147 2247 2218 2306 εἷς
2265 2245 2453 2301 ἕνωσιν
2510 2247 2598 2301 καὶ
2643 2246 2896 2318 ὁμόνοιαν
2934 2251 3032 2311 τῆς
3079 2245 3386 2323 ἁγιωτάτης
3435 2247 3790 2313 Ἐκκλησίαςο

2148 2340 2174 2392 ὸ
2205 2334 2260 2390 δὲ
2307 2335 2438 2413 πρὸς
2483 2337 2672 2400 αὐτοὺς
2706 2334 2807 2413 ἔφη
2835 2351 2847 2365 '
2891 2338 3178 2404 Γενηθήτω
3205 2339 3267 2391 τὸ
3294 2335 3507 2410 θέλημα
3535 2339 3635 2393 τοῦ
3664 2345 3795 2394 Θεοῦ

2145 2424 2219 2488 ὠς
2252 2425 2307 2480 ἐν
2336 2424 2543 2503 οὖρανῳ
2601 2427 2690 2482 καὶ
2745 2426 2831 2481 ἐπὶ
2891 2425 2988 2492 τῆς
3045 2426 3172 2503 γῆς.
3214 2417 3418 2490 Ἠξίουν
3469 2423 3524 2481 δὲ
3557 2429 3652 2482 τὸν
3686 2450 3795 2502 μα-

2148 2516 2332 2590 κάριον
2375 2515 2604 2593 χρύσινα
2662 2516 2860 2594 φανερὰ
2904 2516 2978 2596 ,ἐκ
3030 2515 3331 2594 προθέσεως
3386 2518 3796 2596 προσφερόμενα

2145 2601 2271 2681 παρ’
2314 2603 2488 2659 αὒτῶν
2517 2603 2860 2661 κομίσασθαι.
2899 2595 2956 2661 Ὀ
2998 2601 3052 2659 δὲ
3085 2604 3179 2660 οὐκ
3210 2604 3503 2685 ἠνέσχετο,
3538 2595 3792 2684 εἰρηκὼς,

2146 2703 2275 2758 Τολς
2335 2693 2390 2748 ἐν
2444 2715 2522 2766 τῳ
2563 2693 2672 2770 ὄρει
2719 2698 2816 2759 τῆς
2863 2691 3038 2758 Ὀξίας
3077 2709 3332 2772 πτωχοῖς
3391 2696 3482 2751 καὶ
3540 2693 3793 2775 ἀδελφοῖς

2148 2804 2248 2857 μου
2303 2783 2359 2837 ἐν
2439 2783 2610 2860 Κυρίῳ
2681 2790 2848 2840 ταῦτα
2931 2781 3157 2842 δέδοται.
3222 2783 3369 2860 Ἐγὼ
3436 2785 3538 2862 γὰρ
3599 2785 3795 2864 ἀπέχω

2147 2872 2344 2940 πάντα,
2393 2872 2480 2927 καὶ
2524 2872 2823 2947 περισσεύω
2872 2869 2958 2928 διὰ
3004 2877 3102 2938 τῆς
3135 2873 3357 2952 χάριτος
3388 2873 3484 2929 τοῦ
3514 2877 3744 2951 Χριστοῦ
3775 2894 3788 2908 ·

2147 2961 2284 3016 πάνυ
2341 2958 2397 3015 δὲ
2455 2961 2517 3016 ἐκ
2569 2961 2759 3016 τούτου
2818 2961 3144 3027 ἠνιάσθησαν
3201 2964 3248 3018 οὶ
3313 2963 3452 3018 κατὰ
3490 2965 3587 3018 τὸν
3631 2966 3792 3020 τόπον

2149 3051 2404 3128 μόναχοι·
2442 3047 2562 3105 ἀλλ’
2593 3049 2792 3105 ἐκεῖνοι
2823 3051 2885 3106 τὸ
2915 3049 3204 3130 διαταχθὲν
3234 3048 3584 3127 ἐπλήρωσαν.
3617 3052 3790 3108 Πλεῖ-

416 3136 686 3209 amantes
719 3147 1122 3228 impleverunt
1153 3147 1308 3226 quod
1349 3152 1432 3207 eis
1466 3136 1660 3207 fuerat
1688 3146 2054 3206 mandatum.

2149 3161 2263 3194 στοι
2317 3136 2372 3193 δί
2417 3137 2606 3195 λοιπὸν
2637 3139 2940 3204 ἀκηκοότες
2985 3140 3046 3195 ἐκ
3091 3145 3184 3196 τοῦ
3212 3136 3367 3218 ὄρους
3398 3142 3792 3220 κατενεχθέντα

416 3235 668 3297 Plurimi
693 3244 889 3298 autem
919 3255 1055 3296 cum
1077 3236 1151 3296 de
1173 3243 1393 3297 caetero
1416 3233 2056 3305 audivissent,beatum

416 3324 491 3386 de
529 3334 731 3386 monte
764 3344 897 3387 esse
930 3324 1257 3386 deductum
1293 3325 1492 3386 etillic
1521 3324 1842 3402 degere,eo
1872 3340 2058 3385 vene-

414 3423 578 3476 runt.

495 3502 726 3567 XXXV.
758 3503 903 3566 Cum
937 3523 1072 3567 vero
1099 3505 1172 3567 ad
1205 3523 1342 3566 eum
1367 3504 1764 3566 accessissent
1787 3500 2058 3564 monachi

419 3594 792 3667 monasterii,
829 3595 1123 3672 rogabant
1152 3603 1447 3656 tentantes
1480 3612 1664 3674 quare
1703 3612 1820 3654 non
1851 3610 2059 3654 come-

417 3685 724 3748 deret.llle
753 3693 953 3746 autem
984 3684 1132 3746 dixit
1159 3688 1269 3748 eis:
1300 3707 1321 3741 ε
1352 3684 1645 3756 Quoniam
1673 3681 2058 3763 experimen-

416 3783 539 3836 tum
572 3774 838 3854 quaeritis
868 3775 1223 3853 Cbrisli,qui
1258 3775 1317 3834 in
1359 3794 1452 3836 me
1485 3775 1770 3854 loquitur,
1809 3771 1910 3852 qui
1940 3789 2060 3830 non

419 3874 509 3928 est
541 3865 840 3934 infirmus,
879 3864 985 3926 sed
1024 3873 1232 3944 potens
1265 3866 1322 3925 in
1356 3865 1530 3926 nobis
1560 3865 1636 3937 15,
1678 3887 1699 3918 ι)
1769 3861 2057 3940 scriptum

419 3965 508 4018 est
540 3955 634 4016 16:
673 3957 838 4018 «Non
864 3955 923 4014 in
949 3955 1078 4014 solo
1107 3973 1257 4034 pane
1281 3955 1433 4016 vivet
1453 3955 1656 4025 homo,
1685 3951 1788 4012 sed
1814 3952 1874 4010 in
1898 3949 2060 4010 omni

417 4045 601 4107 verbo
633 4044 792 4122 quod
825 4044 1136 4123 egreditur
1169 4063 1273 4124 per
1293 4063 1360 4105 os
1383 4044 1548 4107 Dei.»
1576 4042 1837 4116 Quodam
1861 4041 2061 4116 itaque

420 4135 520 4197 die
551 4141 920 4216 aperuerunt
953 4132 1194 4194 domum
1221 4135 1280 4194 in
1318 4153 1429 4214 qua
1458 4139 1608 4208 erat,
1643 4141 1702 4194 et
1727 4135 2060 4212 posuerunt

417 4225 480 4286 in
513 4243 581 4286 ea
611 4233 880 4303 sportam
919 4224 1279 4294 betarum,et
1310 4232 1572 4302 sportam
1605 4221 2062 4301 dactylorum,et

416 4323 680 4396 sportam
739 4313 1110 4375 diversorum
1171 4312 1591 4384 bellariorum,
1627 4311 1830 4372 omnia
1860 4318 2058 4371 autem

420 4412 583 4465 certa
605 4411 978 4478 mensura,et
1002 4421 1138 4463 eum
1165 4402 1452 4482 ragabant
1479 4410 1539 4462 ut
1565 4420 1632 4462 ex
1658 4401 1746 4461 eis
1771 4405 2057 4460 sumeret.

2142 3229 2232 3283 τὸν
2273 3228 2534 3306 μακάριον
2569 3231 2666 3284 καὶ
2700 3227 2878 3284 ἐκεῖσε
2912 3224 3198 3308 διατρίϐειν

2144 3318 2294 3374 αὐτό.

3208 3275 3225 3308 ,
3281 3229 3549 3304 ἀπῂεισαν
3609 3231 3698 3287 ἐπὶ
3733 3233 3792 3287 τὸ

2225 3494 2361 3552 ΛΕ’.
2423 3494 2813 3572 Προσελθόντες
2871 3495 2926 3552 δὲ
2983 3500 3128 3570 αὗτῳ
3181 3499 3228 3553 οἱ
3295 3503 3391 3553 τοῦ
3431 3500 3794 3574 μοναστηρίου

2145 3585 2506 3663 πειράζοντες,
2571 3583 2706 3642 διότι
2787 3588 2882 3644 οὒκ
2958 3587 3138 3658 ἐσθίει,
3204 3585 3522 3663 ἐπηρώτων.
3611 3577 3670 3644 Ὀ
3741 3584 3794 3642 δὲ

2143 3678 2274 3750 πρὸς
2316 3675 2501 3738 αὐτούς
2538 3689 2553 3704 ⁶
2604 3674 2756 3731 Ἐπεὶ
2803 3675 2869 3742 δὴ
2917 3674 3148 3749 δοκιμὴν
3198 3682 3414 3746 ζητεῖτε
3444 3683 3541 3731 τοῦ
3573 3676 3629 3730 ἐν
3677 3677 3796 3750 ἐμοὶ

2143 3761 2432 3826 λαλοῦντος
2481 3766 2731 3843 Χριστοῦ,
2790 3765 2846 3830 ὃς
2903 3765 2998 3820 οὐκ
3039 3765 3276 3840 ἀσθενεῖ,
3322 3763 3461 3820 ἀλλὰ
3489 3763 3710 3822 δύναται
3741 3767 3794 3821 ἑν

2143 3855 2295 3930 ὑμῖν,
2344 3852 2487 3919 πλὴν
2545 3851 2843 3930 γέγραπται
2883 3869 2898 3884 ·
2952 3876 2975 3910 ε
3013 3857 3122 3912 Οὔκ
3151 3853 3238 3910 ἐπ’
3290 3853 3434 3930 ἄρτῳ
3479 3855 3632 3927 μόνῷ
3690 3853 3793 3924 ζά-

2144 3964 2290 3998 σεται
2336 3941 2638 4019 ἅνθρωπος,
2686 3941 2804 4000 ἁλλ’
2865 3943 2951 3998 ἐπὶ
3012 3946 3168 3999 παντὶ
3226 3943 3425 4020 ῥήματι
3485 3942 3780 4020 ἐκπορευο-

2145 4031 2287 4105 μένῳ
2330 4029 2415 4085 διὰ
2464 4030 2730 4104 στόματος
2775 4037 2927 4092 Θεοῦ.
2963 4051 2992 4090 ι
3033 4029 3123 4088 Ἐν
3181 4037 3279 4104 μιᾷ
3308 4031 3398 4087 οὖν
3425 4036 3534 4087 τῶν
3563 4032 3782 4107 ἡμερῶν

2143 4116 2442 4184 ἀνοίξαντες
2494 4119 2689 4186 ἔθηκαν
2745 4121 2800 4176 ἐν
2856 4142 2932 4194 τῳ
2985 4119 3149 4199 οἴκῳ,
3211 4121 3264 4176 ἐν
3334 4123 3381 4193 ᾧ
3435 4123 3501 4188 ἦν
3563 4117 3786 4198 σπυρίδα

2141 4211 2408 4286 βεττανων
2463 4209 2598 4284 (sic)
2667 4210 2751 4265 καὶ
2826 4207 3046 4288 σπυρίδα
3106 4210 3356 4288 φοινίκων
3415 4210 3502 4264 καὶ
3560 4207 3787 4277 σπυρίδα

2143 4297 2406 4378 διαφόρων
2467 4299 2824 4376 τρυγημάτων
2868 4301 2934 4354 τὰ
2976 4299 3152 4355 πάντα
3215 4297 3392 4373 μέτρῳ
3426 4317 3440 4330 ⁸
3497 4299 3590 4354 καὶ
3632 4296 3788 4364 δῆθεν

2143 4386 2476 4465 παρεκάλουν
2538 4390 2694 4446 αὖτὸν
2757 4385 3088 4462 μεταλαιῗεῖν
3121 4406 3138 4424 ο
3199 4388 3299 4454 τὴν
3354 4385 3632 4456 κανδήλαν
3701 4390 3790 4444 οὖν

419 4491 567 4554 Cum
598 4492 800 4568 itaque
835 4476 1146 4553 candelam
1182 4476 1494 4560 fecissent,
1529 4499 1585 4552 et
1618 4507 1870 4570 puerum
1905 4485 2059 4566 apud

2148 4478 2467 4546 ποιήσαντες
2525 4477 2608 4532 καὶ
2671 4477 2864 4550 παιδίῳ
2907 4489 3326 4555 προσκαρτερεῖν
3376 4478 3519 4548 αὖτῳ
3569 4476 3791 4548 ἐπιτρέ-

420 4598 557 4642 eum
586 4581 1579 4662 manerejussissent,incluserunt
1601 4598 1734 4642 eum
1759 4595 1875 4638 una
1909 4574 2056 4637 heb-

421 4668 780 4730 domaila.Et
801 4670 1110 4732 candelam
1138 4671 1379 4751 quidem
1401 4671 1756 4732 invenerunt
1778 4685 1898 4728 non
1921 4685 2061 4727 cono

419 4767 717 4838 sumptam
748 4767 806 4819 et
827 4758 1428 4839 ardentem,puerum
1447 4778 1586 4821 vero
1599 4755 2062 4837 rogaruntquid-

417 4866 555 4910 nam
570 4847 791 4909 faceret
810 4856 868 4908 et
887 4846 1190 4908 undenam
1212 4847 1549 4910 aleretur.Is
1566 4856 1765 4910 autem
1787 4844 2056 4906 dixiteis:

419 4937 564 5001 Cum
589 4955 658 4998 eo
682 4937 922 5016 quidem
944 4935 1064 4996 vidi
1087 4936 1552 5016 glorificantium
1579 4934 2051 4998 multitudinem:

2143 4572 2365 4645 ψαντες,
2426 4567 2512 4622 ἐπὶ
2573 4563 2839 4642 ἑϐδομάδα
2905 4566 3030 4641 μίαν
3094 4565 3418 4622 ἀπέκλεισαν
3456 4585 3470 4600 ·
3537 4568 3676 4640 μετὰ
3735 4565 3788 4622 δὲ

2142 4667 2296 4715 τοῦτο
2355 4653 2678 4732 ἀνοίξαντες,
2727 4655 2826 4721 τὴν
2875 4656 2973 4728 μὲν
3023 4653 3297 4724 κανδήλαν
3327 4653 3672 4721 ἀδαπάνητον
3701 4657 3792 4712 καὶ

2142 4743 2436 4818 καιομένην
2494 4746 2643 4821 εὗρον
2677 4764 2692 4778 ·
2754 4745 2897 4814 παρὰ
2945 4744 3002 4800 δὲ
3033 4747 3124 4800 τοῦ
3156 4742 3363 4801 παιδίου
3407 4745 3683 4816 ἐπύθοντο,
3739 4744 3792 4801 τί

2143 4836 2204 4890 ἆν
2257 4832 2630 4913 διαπράττοιτο
2688 4835 2775 4890 καὶ
2825 4833 2984 4890 πόθει
3041 4832 3376 4911 διατρέφοιτο
3411 4848 3425 4863 ⁸
3462 4836 3524 4890 τὸ
3566 4832 3622 4888 δὲ
3653 4836 3786 4910 πρὸς

2142 4924 2326 4988 αὐτοὺς
2383 4923 2603 5002 φάσκειν
2637 4940 2650 4954 ⁶
2717 4923 2926 4989 Πλῆθος
2963 4922 3061 4996 μὲν
3093 4924 3186 4980 σὺν
3245 4922 3390 4994 αὒτῳ
3431 4920 3785 5000 806010706:-

418 5010 746 5110 quiuetiam
772 5010 1211 5104 ingredientem
1234 5025 1574 5088 columbam
1591 5035 1795 5087 cteum
1813 5040 2056 5119 pascen-

2148 5037 2244 5071 των
2277 5011 2458 5088 ἑώρων
2488 5010 2636 5084 ὕπνῳ
2683 5013 3108 5092 κατεφερόμενος
3144 5026 3159 5041 ⁸
3222 5014 3312 5068 καὶ
3356 5013 3670 5090 περιστερὰν
3731 5010 3784 5068 δὲ

2166 5107 2179 5119 ι
2278 5103 2300 5114 υ
2562 5103 2574 5119 \
2638 5102 2653 5119 ι
2708 5098 2738 5119 ρ
2937 5103 2975 5119 In
3271 5101 3286 5119 9
3347 5101 3359 5119 1
3595 5103 3609 5119 \
3737 5100 3778 5118 κε

419 5098 538 5179 tem
577 5137 590 5175 :
625 5098 868 5176 vermes
891 5115 1224 5194 autem,qui
1258 5113 1551 5176 cadebant
1581 5133 1612 5175 e
1645 5113 1769 5175 suis
1806 5098 2056 5194 pedibus

2148 5103 2403 5161 εἰσιοῦσαι
2485 5103 2577 5156 καὶ
2634 5098 3141 5178 ἑμϐρωματίζουσαν
3232 5101 3389 5158 αὗτόν
3429 5120 3444 5136 ⁸

3533 5103 3653 5162 τοὺς
3732 5100 3784 5156 δὲ

415 5204 914 5283 recolligens,eos
944 5189 1153 5267 rursus
1181 5203 1530 5286 imponebat
1559 5189 2054 5274 ulceribus.Quo-

2148 5193 2427 5256 σκώληκας
2486 5191 2605 5255 τοὺς
2675 5190 3031 5256 ἐκπίπτοντας
3088 5191 3148 5245 ἐκ
3204 5190 3312 5246 τῶν
3378 5189 3556 5248 ποδῖιν
3631 5192 3789 5250 αὖτοῦ

496 5363 550 5407 ¹³
579 5362 718 5446 Sap.
759 5383 823 5439 ιι,
862 5363 959 5428 12.
1044 5362 1100 5407 ﬂ
1129 5365 1153 5426 Ι
1182 5367 1392 5429 Thess.
1433 5384 1492 5425 ν.

483 5481 568 5552 ('7)
599 5502 620 5532 ι
653 5481 1034 5552 Constantino
1065 5492 1120 5539 et
1146 5484 1294 5542 Rufo
1329 5499 1514 5540 coss»
1553 5483 1697 5539 obiit
1729 5481 2055 5537 Marcianus

417 5551 672 5627 imp;_._\u
711 5551 864 5609 idem
906 5553 1446 5627 C_onstantinus.qui
1482 5557 1726 5627 hlcﬁdux
1762 5554 2057 5627 ozercitus

417 5622 774 5695 appellatur,
798 5623 1061 5695 nondum
1087 5625 1259 5684 nobis
1291 5622 1540 5684 constat.
1572 5626 1728 5684 Inter
1759 5625 2059 5695 oppositos

418 5664 2060 5769 ἓὸιῖἕίἱῖὁ“ὰίιέὧ”ὁῖιόιῖὶὶι”ζί”ἵιῒῶἷὲὗὲὲῖὤἵξοῗεῖιῖῒόιῖ

1580 5364 1635 5406 ¹⁵
1668 5362 1717 5427 ll
1749 5361 1883 5426 Cor.
1918 5377 2047 5434 xm,
2080 5356 2140 5419 3.

2226 5349 2280 5394 ίθ
2310 5349 2518 5425 Matth,
2553 5365 2635 5425 Iv,
2673 5350 2730 5412 4.

2141 5469 2376 5540 initium
2409 5467 2653 5524 actionis
2683 5449 2907 5537 primas,
2941 5476 3025 5525 est
3061 5491 3080 5518 ι
3105 5467 3722 5540 magniﬁcentissimus
3739 5479 3791 5540 et

2143 5539 2608 5612 gloriosissimus
2633 5542 3013 5612 expretectua
3035 5539 3788 5612 ptzeto’riorumeustanti-

2143 5607 2280 5674 illis.
2313 5635 2334 5666 ι
2373 5612 2602 5686 Graece,
2649 5614 2674 5667 ὁ
2707 5607 3282 5692 μεγαλοπρεπέστατος
3312 5612 3401 5667 καὶ
3445 5607 3785 5677 ἐνδοξότατος

2143 5692 2252 5752 ἀπὸ
2283 5692 2542 5772 ἐπάρχων
2576 5694 2912 5771 πραιτωρίων
2946 5702 3381 5758 Κωνσταντῖνος.
