4028 6202
262 324 424 392 1405
1565 323 1752 389 VITA
1797 325 1858 387 S.
1904 362 1914 386 λ

2004 319 2298 388 XENTII.
3485 320 3636 389 1406

255 461 687 541 ἀναλεγόμενος,
734 460 897 519 πάλιν
939 461 1028 517 ἒπὶ
1082 460 1147 517 τὰ
1195 458 1328 529 ἕλκη
1372 458 1624 523 ἐπετίθει.
1678 456 1908 525 Ἐπειδή

2004 457 2151 519 niam
2181 464 2377 518 autem
2413 475 2560 533 puer
2590 475 2623 518 a
2653 467 2863 520 sancto
2916 456 3127 538 jussus
3173 455 3399 520 nemini
3430 454 3636 519 dicere

258 551 315 609 δὲ
364 550 731 630 παραγγελθὲν
781 552 835 607 τὸ
880 549 1109 622 παιδίον,
1175 549 1363 626 μηδενί
1408 551 1603 629 φράσαι
1658 549 1691 606 ἂ
1735 551 1910 628 ἐώρα-

2004 565 2127 626 qum
2147 546 2376 608 viderat
2397 564 2606 609 rursus
2637 556 2877 609 coactus
2900 548 3089 610 fuerat
3119 547 3310 624 effari,
3341 545 3510 609 febre
3546 564 3636 607 ar-

257 663 378 716 κεν,
425 644 969 717 καταναγκαζόμενον
1025 637 1259 713 ἐξεῖπεν,
1334 638 1479 704 αὖθις
1535 643 1746 717 πυρετῷ
1802 637 1911 705 λη-

2004 645 2224 717 reptus,
2262 655 2380 699 uno
2413 647 2547 718 post
2581 638 2677 699 die
2710 637 2991 701 decessit.

261 730 442 812 (ρθεῖς,
468 731 622 812 ,μετὰ
646 730 747 798 τὴν
780 730 903 805 μίαν
936 728 1310 796 ἐτελεύτησεν,

347 810 498 895 Ag“.
541 820 757 878 Τούτων
800 817 856 875 δὲ
899 818 1228 898 γενομένων,
1274 821 1532 899 κατήχθη
1578 820 1606 875 ὁ
1648 816 1911 894 μακάριος

2076 812 2331 879 XXXVI.
2356 814 2500 877 Cum
2534 815 2661 877 haec
2690 823 2888 878 autem
2922 817 3073 877 facta
3100 814 3636 887 essent,deductus

258 910 369 967 ὑπό
430 931 485 967 τε
543 915 650 967 τῶν
694 912 966 983 κληρικῶν
1007 909 1098 965 καὶ
1128 907 1334 966 λα’ίκὼν
1385 910 1475 965 καί
1515 929 1674 965 τινων
1719 906 1913 983 ἑτέρων

2004 905 2103 967 fuit
2124 924 2159 966 a
2181 906 2487 967 monachis
2513 913 2575 967 et
2596 905 2932 977 clericis,et
2957 906 3318 988 quihusdam
3338 904 3471 967 aliis
3496 903 3635 967 viris

255 998 529 1079 λαμπρῶν
609 997 812 1077 ἀνδρῶν
892 998 948 1054 ἐν
1038 989 1432 1078 Ῥουφινιαναῖς
1506 996 1736 1079 πλησίον
1804 1002 1912 1053 τῶν

2004 995 2299 1076 praeclaris
2320 995 2392 1057 ad
2406 994 3009 1077 Rufiinianas.prope
3024 994 3634 1075 SanctosApostolos,

255 1076 612 1146 Ἀποστόλων
642 1076 804 1162 ἒνντῷ
832 1076 1183 1165 μοναστηρίω
1210 1110 1303 1146 του
1347 1087 1609 1164 μακαρίου
1657 1076 1909 1143 ιΥπατίου

2004 1088 2055 1146 in
2087 1084 2449 1146 monasterio
2482 1084 2640 1146 beati
2671 1076 3087 1166 Hypatii,illic
3110 1086 3316 1165 jussus
3339 1102 3516 1163 agere
3546 1082 3637 1145 si-

255 1177 575 1258 ἒπιτραπεὶς
634 1179 938 1260 ἡσυχάσαι.
1000 1175 1349 1243 ’Τπεδέξαντο
1425 1176 1481 1233 δὲ
1542 1178 1701 1236 αὐτὸν
1772 1175 1910 1251 μετὰ

2004 1174 2429 1238 lentium.Cum
2449 1171 2661 1254 magno
2683 1193 2823 1236 vero
2846 1175 3062 1255 gaudio
3084 1193 3221 1237 eum
3244 1179 3633 1255 exceperunt,

256 1267 513 1333 πλείονος
562 1273 741 1348 χαρᾶς
798 1268 844 1324 οἱ
876 1265 1055 1325 αὐτόοι
1100 1267 1332 1347 μοναχοῖ
1365 1267 1456 1325 σὺν
1487 1268 1565 1343 τῷ
1597 1265 1911 1343 ἡγουμένῳ,

2004 1264 2098 1346 qui
2129 1264 2255 1326 illic
2288 1273 2465 1326 erant
2488 1265 2773 1327 monachi
2796 1283 2930 1327 cum
2962 1281 3173 1327 eorum
3201 1263 3638 1344 prmfecto,viro

258 1355 413 1435 ἀνδρὶ
442 1355 509 1414 τᾶ
551 1359 724 1414 πάντα
756 1354 986 1433 ἐναρέτῳ
1014 1357 1101 1413 καὶ
1152 1357 1377 1436 χάριτος
1426 1362 1559 1412 Θεοῦ
1605 1354 1912 1432 ἧξιωμένῳ,

2004 1354 2379 1437 undiquaque
2409 1355 2636 1437 optimo
2691 1362 2749 1417 et
2782 1355 2972 1435 gratia
3000 1355 3111 1419 Dei
3145 1354 3414 1435 dignato,
3448 1362 3512 1416 ut
3536 1352 3640 1434 qui

259 1447 339 1511 ὠς
384 1444 499 1503 ὄντι
547 1449 765 1524 μαθητῇ
820 1454 914 1503 106
971 1452 1200 1523 Χριστοῗι
1234 1462 1248 1476 ⁶
1328 1447 1414 1502 καὶ
1466 1445 1572 1501 ἀπὸ
1616 1445 1714 1513 τῆς
1774 1445 1914 1522 ὥρας

2004 1456 2149 1506 esset
2171 1448 2379 1506 Christi
2405 1447 2847 1517 discipulus.Ab
2871 1448 2975 1505 illo
3000 1455 3194 1506 autem
3228 1456 3488 1519 tempore
3520 1457 3636 1503 non

260 1534 479 1603 ἐκείνης
530 1540 627 1595 οὐκ
671 1534 913 1593 ἔκλεισαν
959 1536 1057 1604 τὴν
1098 1535 1254 1614 θύραν
1303 1534 1396 1591 τοῦ
1441 1532 1799 1611 μοναστηρίου
1832 1531 1914 1588 διὰ

2004 1532 2340 1590 clauserunt
2364 1533 2514 1591 fores
2532 1533 2900 1598 monasterii,
2936 1542 3171 1605 propter
3203 1532 3638 1591 multitudinem

259 1626 328 1682 1d
386 1624 593 1691 πλῆθος
643 1632 751 1682 τῶν
810 1626 1147 1703 εἰσρεόντων,
1194 1630 1349 1681 τοῦτο
1408 1624 1506 1700 μὲν
1551 1631 1658 1681 τῶν
1701 1623 1914 1702 ἐπιχω-

2004 1635 2205 1680 eorum
2240 1618 2342 1699 qui
2369 1618 2937 1700 aﬂluebant,partim
2975 1637 3045 1680 ex
3078 1619 3188 1681 hac
3217 1618 3635 1698 regione,par-

262 1715 421 1795 ρίων,
481 1722 637 1772 τοῦτο
706 1712 761 1770 δὲ
820 1716 908 1771 καὶ
964 1716 1063 1781 τῆς
1109 1713 1526 1790 πανευδαίμονος
1570 1723 1913 1771 Κωνσταντι-

2004 1712 2102 1775 lim
2149 1721 2346 1774 autem
2381 1730 2450 1774 ex
2484 1712 2664 1791 longe
2694 1711 3040 1774 beatissima
3070 1711 3584 1793 Constantinopoli
3618 1731 3634 1772 :

261 1802 600 1869 νουπόλεως,
648 1803 992 1884 Φιλοφρόνως
1038 1806 1126 1860 οὖν
1159 1803 1363 1868 πάντας
1399 1802 1727 1884 ὑπεδέχοντο
1770 1824 1910 1881 προ-

2004 1802 2100 1897 sed
2127 1820 2336 1863 omnes
2360 1801 2621 1897 benigne
2644 1801 3021 1897 excipiebant
3046 1812 3437 1897 promptaque
3453 1812 3512 1864 et
3525 1801 3642 1862 ala-

262 1894 473 1967 θύμως,
565 1891 818 1958 πλείστας
906 1892 1003 1967 μὲν
1088 1893 1451 1973 καρποφορίας
1509 1892 1857 1968 κομιζόμενοι
1892 1907 1907 1921 ⁸

2004 1891 2084 1954 cri
2108 1894 2334 1963 animo,
2371 1891 2660 1972 plurimas
2693 1892 3060 1972 accipientes
3091 1891 3432 1955 oblationes
3468 1909 3483 1955 :
3520 1909 3641 1954 ma-

261 1980 478 2050 πολλὴν
520 1980 575 2038 δὲ
609 1982 696 2039 ἐπὶ
734 1987 803 2059 τῇ
835 1980 1010 2055 διαίτῃ
1054 1984 1153 2049 την
1186 1984 1530 2060 παρασκευὴν
1576 1987 1910 2062 ποιούμενοι,

2004 2000 2175 2061 gnum
2206 1998 2352 2043 vero
2387 1989 2640 2062 prepter
2667 1981 2888 2043 victum
2941 1982 3228 2044 facientes
3258 1988 3636 2064 apparatum,

264 2071 407 2129 ὥστε
438 2071 681 2151 γενέσθαι
712 2073 775 2129 τὸ
807 2074 1169 2150 μοναστήριον
1214 2072 1393 2129 ἐκεῖνο
1446 2075 1520 2135 ὡς
1565 2073 1665 2138 τὴν
1710 2073 1915 2139 σκηνὴν

264 2167 365 2218 106
394 2157 640 2239 Ἀϐραάμ
673 2176 687 2191 ⁶
751 2161 991 2225 ἅπαντας
1036 2163 1135 2240 γὰρ
1184 2160 1380 2241 σχεδὸν
1411 2161 1525 2219 εἴτε
1570 2160 1766 2234 ἀξίους,
1800 2160 1914 2217 εἴτε

266 2248 533 2324 ἀναξίους,
591 2253 666 2316 ὡς
708 2250 973 2329 ἀγγέλους
1033 2249 1346 2316 ἐδεξιοῦντο.
1395 2253 1495 2310 Τὸν
1551 2249 1605 2307 δὲ
1653 2253 1914 2330 μακάριον

264 2338 323 2396 ἐν
365 2340 617 2415 τρικλίνῳ
674 2340 867 2416 ὄψηλῷ
926 2340 1381 2418 περικλείσαντες,
1448 2340 1621 2406 ἠξίουν
1676 2341 1911 2416 προσευ-

264 2431 464 2509 χεσθαι
508 2430 639 2506 ὑπὲρ
708 2435 809 2497 τῆς
883 2439 978 2489 τοῦ
1018 2430 1225 2505 κόσμου
1272 2432 1360 2487 καὶ
1402 2431 1574 2488 αὐτῶν
1619 2431 1910 2508 σωτηρίας,

261 2519 443 2576 πᾶσάν
483 2541 542 2576 τε
584 2520 731 2595 αὖτῷ
773 2518 1043 2576 διακονίαν
1074 2520 1316 2584 καὶτοῖς
1377 2520 1756 2600 συντρέχουσιν
1811 2520 1913 2577 ἀό-

262 2629 406 2671 κνως
438 2608 855 2689 προσφέροντες,
901 2606 985 2666 διὰ
1036 2610 1138 2676 τὴν
1195 2609 1323 2687 ὑπὲρ
1356 2610 1534 2677 πάσης
1564 2610 1913 2689 ἂγαθοεργίας

262 2697 693 2776 ἐπηγγελμένην
719 2699 860 2777 παρὰ
889 2701 1005 2772 Θεῷ
1036 2697 1478 2774 μισθαποδοσίαν.

349 2777 478 2851 ΛΖ’,
524 2786 724 2846 Πολλοὶ
765 2789 867 2865 γὰρ
910 2788 1188 2863 πνεύματα
1228 2789 1499 2867 ἀκάθαρτα
1530 2786 1779 2868 ἔχοντες,
1811 2793 1910 2846 καί

267 2874 745 2956 σεληνιαζόμενοι,
790 2875 886 2934 καί
917 2876 1159 2943 ἀσθενεῖς
1207 2879 1294 2933 καὶ
1349 2877 1696 2956 παραλυτικυὶ
1739 2900 1911 2957 προσ-

265 2963 511 3041 ήδρευον,
562 2965 787 3023 κάκεῖσε
847 2968 947 3034 τὴν
1006 2969 1149 3044 παρὰ
1193 2967 1287 3024 τοῦ
1335 2975 1468 3027 Θεοῦ
1499 2965 1648 3025 ἴασιν
1694 2967 1779 3025 διὰ
1822 2975 1915 3025 106

1998 2070 2148 2132 adeo
2174 2080 2237 2130 ut
2260 2070 2431 2131 ﬂeret
2459 2071 2605 2132 illud
2633 2070 3066 2132 monasterium
3088 2080 3370 2152 tanquam
3385 2069 3641 2131 Abrahae

2001 2159 2712 2222 tabernaculum.0mnes
2734 2160 2893 2221 enim
2914 2160 3177 2235 fere,seu
3196 2162 3407 2239 dignos
3429 2178 3534 2221 seu
3554 2160 3643 2220 in-

1998 2249 2238 2328 dignos,
2267 2258 2544 2328 tanquam
2570 2251 2818 2326 angelos
2839 2249 2945 2313 Dei
2965 2250 3360 2331 accipiebant.
3390 2249 3640 2312 Beatum

1998 2347 2201 2401 autem
2226 2338 2584 2401 Auxentium
2617 2358 2752 2401 cum
2807 2339 2869 2401 in
2924 2341 3043 2402 alto
3080 2341 3340 2402 triclinio
3371 2338 3641 2402 cancello

1999 2427 2716 2508 inclusissent,rogahant
2742 2439 2803 2492 ut
2829 2437 3029 2492 oraret
3052 2448 3158 2511 pro
3182 2430 3389 2491 mundi
3409 2428 3642 2509 etipso-

1997 2533 2131 2576 rum
2157 2520 2545 2585 salute,omne
2571 2522 2621 2576 ei
2651 2522 3049 2580 ministerium
3073 2531 3129 2579 et
3150 2523 3220 2579 iis
3241 2524 3339 2594 qut
3361 2522 3432 2580 ad
3449 2522 3640 2592 ipsum

1998 2604 2444 2667 concurrebant
2472 2605 2729 2687 impigre
2756 2607 3363 2688 oﬁ‘erentes,pr0pter
3377 2605 3642 2687 cujusvis

1997 2692 2141 2755 boni
2172 2695 2374 2773 operis
2404 2712 2433 2754 ε
2458 2693 2582 2756 Deo
2615 2696 2972 2771 promissam
3005 2696 3577 2759 remunerationem.

2076 2781 2368 2846 XXXVII.
2401 2784 2572 2846 Multi
2597 2785 2760 2847 enim
2811 2785 2908 2868 qui
2957 2785 3304 2849 immundos
3342 2786 3645 2850 habebant

1993 2871 2336 2950 spiritus,et
2359 2873 2985 2957 Iunatici,inﬁrmique
3007 2884 3065 2937 et
3088 2877 3385 2959 paralytici
3404 2876 3529 2938 illic
3552 2894 3642 2938 as-

1993 2960 2292 3037 sidebant,
2331 2972 2391 3024 et
2423 2961 2549 3025 illic
2570 2964 2943 3027 curationem
2967 2974 3379 3047 petentes,per
3402 2980 3639 3028 servum

266 3053 457 3113 δούλου
516 3059 676 3115 αὐτοῦ
749 3054 1026 3122 Αὖξεντίου
1088 3054 1450 3132 ἐξαιτούμενοι
1504 3057 1911 3137 ἐθεραπεύοντο.

2004 3049 2106 3114 Dei
2135 3051 2502 3114 Auxentium
2539 3071 2750 3117 omnes
2803 3055 3195 3118 curabantur.
3225 3054 3398 3120 Unde
3454 3056 3636 3119 etiam

263 3144 588 3219 Κομήτισσα
639 3143 697 3201 δέ
751 3167 836 3208 τις
880 3145 1152 3202 ἀκούσασα
1207 3146 1274 3202 τὰ
1323 3146 1441 3225 περὶ
1482 3154 1575 3205 τοῦ
1627 3149 1908 3225 μακαρίου,

2004 3139 2274 3220 quaedam
2308 3142 2637 3217 comitissa,
2673 3163 2807 3205 cum
2844 3145 2919 3207 de
2948 3145 3062 3208 hoc
3116 3145 3292 3208 beato
3323 3144 3644 3208 audivisset

261 3230 518 3292 ἔσπευδεν
572 3232 826 3291 ἃπελθεῖν
900 3235 986 3291 καὶ
1054 3240 1421 3313 προσκυνῆσαι
1500 3238 1663 3311 αὖτῷ.
1718 3231 1912 3293 Ἦλθεν

2004 3229 2639 3303 Auxentio,contendit
2669 3234 2877 3295 venire
2910 3242 2968 3296 et
2999 3253 3133 3296 eum
3165 3236 3438 3297 adorare.
3459 3234 3639 3298 Chal-

266 3321 359 3379 οὗν
403 3322 511 3379 ἀπὸ
551 3321 903 3405 Καλχηδόνος
935 3323 989 3379 ἐν
1019 3324 1340 3403 βαστερνίῳ,
1375 3326 1464 3381 καὶ
1495 3323 1560 3393 δὴ
1602 3324 1914 3393 πλησιάσα-

2004 3318 2229 3381 cedone
2258 3339 2400 3401 ergo
2432 3321 2781 3404 venit,equo
2808 3326 3084 3387 vecta.Et
3105 3343 3240 3386 cum
3271 3324 3479 3387 fuisset
3511 3342 3645 3405 pro-

268 3434 341 3469 σα
383 3424 503 3477 τοῖς
548 3403 748 3490 Ἀγίοις
781 3412 1136 3475 Ἀποστόλοις
1192 3413 1457 3481 κατῆλθεν
1488 3415 1548 3471 ἐκ
1576 3422 1671 3471 106
1697 3416 1918 3493 βαστερ-

262 3501 397 3579 νίου,
448 3501 538 3557 καὶ
592 3501 798 3581 ἤρχετο
838 3500 892 3556 ἐν
934 3508 1012 3575 τῷ
1042 3504 1413 3579 μοναστηρίιρ.
1461 3493 1552 3564 Ὠς
1596 3501 1650 3558 δὲ
1681 3503 1916 3577 ἤμελλεν

260 3589 490 3669 ἀνιέναι,
527 3588 647 3646 ἔνθα
677 3594 745 3659 ἢν
803 3593 829 3646 ὁ
890 3592 1172 3669 μακάριος,
1222 3590 1541 3668 διαῤῥάξασα
1591 3593 1691 3659 τὴν
1722 3592 1918 3661 ἐσθῆτα

266 3679 358 3735 καὶ
410 3676 755 3736 ἄπολαϐουσα
814 3680 878 3735 τὰ
941 3681 1141 3755 κόσμια
1186 3681 1374 3754 αὗτῆς,
1423 3680 1616 3759 ἤρξατο
1659 3684 1759 3759 βοᾷ
1792 3702 1808 3718 ⁸
1857 3682 1918 3739 Τί

268 3767 391 3843 ἐμοὶ
452 3768 542 3824 καὶ
600 3768 663 3823 σὺ
726 3767 869 3847 (leg.
949 3770 1077 3842 σοὶ),
1140 3768 1404 3845 Αὗξέντιε,
1469 3770 1913 3847 σκωληκὸπους;

262 3855 448 3919 καλῶς
520 3856 922 3934 ἐνεκρυπτόμην
984 3860 1039 3914 εν
1100 3872 1219 3921 τοῖς
1280 3860 1524 3936 ἒγκᾶτοις
1581 3860 1767 3933 αὖτῆς,
1826 3863 1917 3917 καὶ

263 3944 399 4019 ἰδοὺ,
435 3946 707 4025 ἀνήγαγες
740 3969 805 4022 με
866 3947 935 4003 δι’
995 3948 1247 4005 ἐνιαυτῶν
1288 3948 1484 4005 εἴκοσι.
1545 3948 1916 4012 Δωδεκαετοῦς

270 4035 436 4103 αὐτῆς
499 4035 665 4101 οὕσης
719 4035 992 4113 εἰσῆλθον,
1039 4038 1126 4093 καὶ
1174 4039 1423 4116 χωρίζεις
1468 4059 1535 4112 με
1582 4037 1776 4096 ἄκοντα
1821 4039 1914 4097 ἀπ’

269 4127 461 4190 αὒτῆς,
495 4123 861 4200 Ἐπιτιμήσας
894 4124 984 4180 οὖν
1027 4133 1104 4199 τῷ
1156 4127 1436 4203 ἀκαθάρτῳ
1492 4129 1780 4208 πνεύματι,
1826 4131 1915 4187 καὶ

266 4213 651 4291 παρεγγυήσας
710 4212 1013 4292 φιμωθῆναι
1067 4215 1154 4270 καὶ
1215 4214 1292 4290 μή
1322 4216 1708 4295 ἐνραγῆναιτῇ
1768 4216 1913 4274 πλα-

266 4323 375 4380 an,
407 4301 611 4357 ἱκέτευε
655 4303 750 4357 τὸν
812 4304 966 4377 Θεὸν,
1001 4309 1227 4370 ποιῆσαι
1285 4306 1344 4360 τὸ
1406 4306 1555 4370 ἔλεος
1600 4308 1758 4364 αὑτοῦ
1797 4305 1915 4381 μετ’

2001 3427 2075 3489 pe
2098 3408 2347 3472 Sanctos
2372 3411 2717 3493 Apostolos,
2745 3413 3060 3475 descendit
3082 3432 3153 3475 ex
3181 3421 3429 3494 equo,et
3461 3414 3648 3493 pedes

1998 3499 2162 3559 venit
2192 3499 2252 3559 in
2305 3502 2761 3564 monasterium.
2799 3504 2944 3565 Cum
3007 3511 3204 3565 autem
3238 3514 3393 3565 esset
3426 3522 3645 3566 ascen-

2001 3608 2139 3651 sura
2159 3589 2257 3651 ubi
2281 3600 2407 3651 erat
2430 3591 2664 3665 beatus,
2700 3602 2874 3671 rupta
2897 3602 3058 3653 veste
3085 3602 3141 3653 et
3180 3592 3431 3673 abjectis
3461 3611 3644 3653 orna-

2000 3680 2223 3741 mentis
2245 3682 2393 3756 suis,
2428 3681 2609 3761 ccepit
2650 3681 2932 3742 clamare:
2978 3680 3132 3752 Quid
3162 3683 3305 3743 mihi
3328 3682 3417 3743 rei
3447 3690 3640 3743 tecum

2002 3769 2385 3843 est,Auxenii
2404 3769 2988 3850 vermipesi’pulcbre
3008 3771 3422 3833 abscondebar
3439 3771 3499 3832 in
3515 3771 3644 3850 ejus

2001 3857 2329 3919 intestinis:
2357 3868 2416 3919 et
2447 3877 2591 3921 ecce
2619 3877 2713 3920 me
2739 3859 2995 3920 eduxisti
3030 3869 3162 3940 post
3192 3860 3396 3940 viginti
3428 3879 3643 3923 annos.

2001 3944 2145 4007 Eam
2168 3947 2329 4008 enim
2358 3948 2665 4027 ingressus
2689 3967 2991 4021 sum,eum
3014 3958 3173 4011 esset
3199 3950 3516 4011 duodecim
3542 3968 3643 4011 an-

2002 4054 2110 4097 nos
2145 4045 2423 4111 nata,nec
2458 4056 2553 4098 me
2575 4038 2851 4116 cognovit
2885 4039 3178 4119 quispiam
3207 4039 3277 4101 ad
3312 4041 3425 4101 hoc
3451 4058 3642 4119 usque

2000 4132 2327 4205 tempus,et
2354 4145 2450 4189 me
2481 4128 2727 4189 invitum
2763 4128 2836 4190 ab
2868 4147 2936 4189 ea
2970 4128 3511 4209 separas.Signifer
3536 4147 3641 4192 ve-

1996 4232 2064 4277 ro
2098 4224 2157 4277 et
2190 4234 2439 4295 magnus
2470 4216 2646 4279 Pater
2671 4226 2877 4279 noster
2906 4218 3261 4300 Auxentius,
3284 4238 3417 4280 cum
3442 4219 3641 4281 incre-

2000 4314 2200 4387 passet
2235 4308 2559 4387 malignum
2596 4318 2653 4371 et
2684 4309 3061 4370 immundum
3098 4310 3477 4391 spiritum,et
3501 4312 3642 4391 jus-

267 4391 456 4458 αὑτῆς.
496 4392 630 4455 Δοὺς
662 4391 751 4448 οὗν
785 4394 944 4451 αὑτοῦ
1010 4402 1095 4451 106
1135 4393 1312 4450 ἐλαίου
1372 4400 1478 4450 τῶν
1509 4394 1674 4473 ἁγίων
1701 4399 1795 4453 καί
1830 4397 1914 4453 ἐπὶ

2004 4396 2177 4457 εἰεεει
2206 4416 2344 4459 eum
2377 4397 2888 4469 obmutescere,et
2925 4418 2958 4461 e
2991 4410 3267 4462 creatura
3300 4420 3417 4462 non
3448 4420 3646 4464 erum-

267 4480 665 4559 τεσσαράκοντα
747 4480 951 4559 ἡμέρας
1036 4492 1324 4548 νηστεῦσαι
1400 4484 1720 4561 προσταξας,
1788 4489 1915 4565 ὑγιῆ

268 4567 533 4627 ἀπέλυσεν
577 4571 605 4625 ὃ
638 4572 895 4649 Χριστὸς,
947 4569 1031 4627 διὰ
1079 4572 1176 4639 τῆς
1215 4574 1373 4629 αὑτοῦ
1419 4579 1728 4654 προσευχῆς
1757 4577 1915 4633 ἰασά-

268 4680 430 4734 μενος
475 4660 665 4729 αὑτήν,
714 4658 893 4717 Πολλὰ
949 4659 1003 4715 δὲ
1053 4663 1329 4740 παρέσχεν
1372 4677 1491 4727 τοῖς
1548 4679 1799 4745 πτωχοῖς
1831 4667 1919 4723 καὶ

267 4754 347 4823 τῷ
385 4750 729 4828 μοναστηρίῳ
758 4756 851 4807 τεῦ
882 4748 1035 4827 ἆγίου
1081 4749 1359 4812 ’Υπατίου.

2001 4503 2164 4567 pere,
2201 4505 2235 4549 a
2263 4486 2386 4548 Deo
2420 4489 2676 4569 supplex
2729 4488 2902 4566 petiit
2952 4496 3017 4551 ut
3048 4490 3274 4553 faceret
3304 4509 3473 4552 suam
3506 4510 3641 4553 cum

2001 4592 2071 4636 ea
2093 4575 2749 4641 misericordiam.Cum
2778 4591 2979 4640 autem
3014 4579 3281 4642 dedisset
3311 4580 3367 4641 ei
3397 4579 3475 4641 de
3507 4581 3644 4642 oleo

2001 4672 2368 4737 sanctorum,
2400 4672 2459 4727 et
2488 4684 2615 4726 θεςιι
2644 4666 2922 4745 jejunare
2939 4668 3219 4746 jussisset
3248 4670 3645 4752 quadraginta

2001 4752 2157 4829 dies,
2208 4772 2413 4815 sanam
2466 4772 2599 4815 eam
2652 4754 2883 4817 dimisit
2928 4758 3227 4834 Christus,
3263 4777 3392 4821 eam
3426 4775 3644 4819 curans

2003 4858 2111 4920 per
2141 4844 2271 4922 ejus
2303 4841 2634 4904 orationem
2693 4844 2878 4907 Multa
2926 4865 3070 4910 vero
3125 4847 3378 4929 praebuit
3411 4864 3642 4926 paupe-

2001 4929 2172 4993 ribus
2202 4939 2258 4993 et
2283 4932 2647 4995 monasterio
2678 4933 2742 4997 ὃ.
2768 4933 3031 5016 Hypatii.

716 5120 1098 5202 Colloqur'um
1129 5125 1195 5185 S.
1240 5126 1540 5188 Aua‘eittii
1570 5143 1708 5189 cum

2004 5028 2251 5208 invium.
2288 5129 2601 5209 Professz‘o
2641 5131 2789 5212 ﬁdei
2816 5130 3193 5194 orthodoxa

350 5216 485 5277 ΑΠ’.
521 5220 667 5276 Μετᾶ
727 5220 813 5278 οὖν
873 5229 1028 5279 τούτο
1083 5223 1403 5290 ἀποστείλας
1462 5228 1489 5281 ὁ
1544 5225 1918 5291 εὐσεϐέστατος

272 5305 527 5385 βασιλεὺς
560 5307 807 5388 δρόμωνα
866 5310 972 5367 ἀπὸ
1027 5320 1120 5368 τοῦ
1183 5303 1442 5388 Ἐϐδόμου
1502 5314 1586 5370 διὰ
1644 5320 1705 5371 τὸ
1737 5316 1916 5373 ἐκεῖσε

273 5396 572 5472 πρόκενσον
631 5399 802 5473 εἶναι,
873 5401 1250 5475 μετεστείλατο
1310 5404 1402 5458 τὸν
1460 5405 1721 5478 μακάριον
1791 5396 1915 5482 παρ’

347 5511 438 5587 (8)
455 5510 537 5569 Ita
557 5510 852 5570 Cedrenus
872 5514 941 5570 ad
960 5515 1134 5572 οη.ἓῖ
1149 5518 1309 5587 regni
1325 5517 1630 5575 Justiniani
1658 5520 1918 5576 meminit

272 5583 569 5658 προκὲνσου
622 5592 907 5662 γενομένου
979 5587 1035 5642 ἐν
1096 5595 1172 5663 τῷ
1215 5583 1492 5664 ἸΕϐδόμῳ.
1555 5591 1662 5651 Est
1718 5599 1916 5651 autem

271 5674 619 5733 proconsus,
647 5678 954 5735 processus
994 5668 1212 5740 regius.
1247 5668 1371 5727 sive
1394 5670 1463 5727 ad
1493 5668 1765 5742 pietatem
1795 5671 1917 5728 sive

2082 5225 2374 5290 XXXVIII
2408 5226 2547 5290 Post
2571 5229 2682 5290 hoc
2704 5238 2900 5290 autem
2923 5234 3053 5308 pius
3072 5227 3422 5308 imperator,
3457 5226 3639 5289 misso

2001 5319 2294 5381 dromone
2325 5336 2397 5378 ex
2433 5317 2762 5389 Hebdomo,
2798 5317 2955 5397 quod
2989 5316 3111 5377 illic
3163 5325 3321 5377 esset
3375 5334 3637 5397 precen-

2000 5426 2102 5468 sus
2136 5405 2327 5486 (8),ad
2349 5422 2415 5466 se
2441 5404 2718 5467 accersiit
2738 5402 2981 5466 beatum
3004 5403 3387 5466 Auxentium:
3419 5413 3637 5466 etcum

2002 5524 2290 5653 adlspaleam
2326 5531 2613 5645 pfpmpam.
2649 5518 2902 5589 Legatur
2937 5519 3088 5578 Goar
3124 5519 3183 5577 in
3216 5520 3427 5590 capts
3455 5518 3636 5577 Cure-

2002 5610 2069 5653 Da
2101 5613 2127 5651 a
2213 5637 2227 5653 .
2252 5608 2311 5648 η.
2396 5631 2407 5645 .

2000 5608 2227 5667 paratae,
2252 5608 2311 5648 η.
2350 5608 2407 5645 ο.
