4060 6206
482 269 633 337 1407

1741 277 2026 343 MENSIS
2065 278 2576 344 FEBRUARIUS.

3674 285 3800 352 1408

477 427 612 473 eum
634 409 889 474 vidisset
917 417 1039 475 toto
1071 430 1323 494 corpore
1379 413 1665 477 afﬂictum
1721 433 1791 478 ex
1822 415 2100 479 exercita-

2202 417 2395 490 ἑαυτῷ.
2432 415 2772 492 Θεασάμενος
2815 414 2870 473 δὲ
2916 415 3075 474 αὐτὸν
3105 416 3261 474 παντὶ
3291 421 3370 487 τῷ
3412 415 3614 492 σώματι
3654 440 3803 476 κατα-

477 507 662 572 tione,
699 520 968 578 magnam
1002 503 1061 564 in
1117 522 1254 564 eum
1309 505 1641 567 ostendens
1688 507 2108 584 reverentiam,

482 589 632 652 dicit
655 591 707 651 ei
747 611 761 652 :
795 590 932 652 Scio
965 600 1020 654 te
1043 611 1179 656 esse
1201 593 1310 656 Dei
1340 595 2113 671 servum,domineAuxeu-

476 680 543 755 ti,
572 689 630 741 et
663 679 848 742 debes
878 683 1219 746 consentire
1245 693 1467 747 sanctae
1517 694 1572 746 et
1604 687 1996 748 (ecumenicae
2025 707 2114 768 sy-

473 769 631 832 nodo
653 769 724 830 ad
760 769 895 847 hoc,
943 789 1019 832 ne
1062 779 1121 834 tu
1150 773 1258 836 ﬁas
1286 784 1498 837 auctor
1527 775 1878 838 oﬁ'ensionis
1907 776 1982 837 iis
2013 777 2115 858 qui

473 876 602 920 eam
651 858 858 924 volunt
910 860 1249 927 admittere.
1313 863 1568 928 Sanctus
1622 875 1817 928 autem
1852 884 2113 947 respou-

474 947 646 1024 deus,
681 949 826 1014 dicit
859 952 1203 1033 imperatori
1240 976 1255 1018 :
1292 954 1436 1028 Quis
1459 973 1588 1018 sum
1620 975 1728 1036 ego
1757 955 1924 1018 cauis
1949 975 2112 1018 mor—

473 1047 631 1115 tuus,
667 1041 826 1119 quod
857 1051 922 1104 ut
952 1062 1088 1106 cum
1135 1046 1362 1108 sanctis
1409 1045 1750 1127 pastoribus
1781 1065 2113 1110 connume-

471 1147 592 1210 rer,
623 1131 802 1211 jubet
835 1141 931 1195 tua
963 1135 1252 1215 potentia,
1299 1137 1403 1217 qui
1435 1155 1553 1199 non
1585 1155 1800 1200 recuso
1835 1137 2021 1218 pasci,
2056 1146 2115 1200 et

439 1288 448 1294 _
471 1218 742 1283 doctrina
766 1229 956 1302 egeo?
982 1226 1314 1306 Imperator
1342 1245 1481 1290 vero
1506 1235 1821 1309 postquam
1856 1226 2115 1307 plurima

471 1327 606 1399 cum
633 1328 704 1373 eo
736 1322 895 1376 esset
942 1313 1201 1391 locutus,
1233 1315 1383 1378 dixit
1417 1337 1430 1380 :
1467 1316 1795 1380 Considera
1825 1318 1970 1399 quid
2005 1336 2111 1380 ex-

473 1397 696 1478 pediat,
733 1409 793 1463 et
845 1422 920 1464 ne
953 1423 1060 1466 nos
1085 1405 1314 1466 afﬁcias
1345 1405 1644 1468 molestia.
1682 1397 1976 1469 Nam—nec
2006 1424 2115 1468 nos

477 1488 717 1568 quidem
741 1491 1062 1575 quidquam
1101 1506 1314 1575 praeter
1342 1496 1398 1557 id
1431 1496 1589 1576 quod
1624 1504 1876 1576 oportet,
1912 1497 2017 1559 sed
2050 1508 2114 1558 ut.

474 1577 668 1654 decet,
701 1582 773 1644 ad
799 1582 1196 1647 sanctissimae
1223 1583 1509 1649 Ecclesia)
1543 1585 1850 1661 unionem,
1885 1594 1944 1650 et
1993 1605 2113 1648 nou

469 1667 967 1750 destructionem,
1027 1675 1350 1738 concilium
1402 1676 1915 1756 congregavimus.
1973 1677 2114 1740 Haec

2195 505 2566 580 πεπονημένον
2611 505 2671 564 ἐκ
2728 506 2826 574 τῆς
2896 505 3201 577 ἀσκήσεως,
3256 504 3457 585 σφόδρα
3499 505 3806 575 κατευλαϐη-

2194 597 2297 659 θεὶς
2329 595 2474 674 λέγει
2519 600 2661 670 αὒτῷ
2695 610 2709 626 ⁸
2771 595 2968 653 Δοῦλον
3021 603 3115 653 τοῦ
3162 603 3294 652 Θεοῦ
3336 597 3596 676 ὑπάρχειν
3629 618 3682 652 σε
3721 599 3804 654 ἒπ-

2197 690 2436 761 ίσταμαι,
2511 685 2627 752 κὸρι
2675 683 2942 766 Αὒξέντιε,
2990 686 3080 743 καὶ
3126 684 3356 764 ὀφείλεις
3428 685 3716 742 συναινέσαι
3753 693 3810 763 τῇ

2197 775 2332 853 ἁγίῳ
2365 775 2450 832 καὶ
2493 776 2837 851 οἷκουμεδικῇ
2895 774 3117 854 συνόδῳ,
3175 778 3311 853 πρὸς
3344 776 3405 831 τὸ
3457 776 3534 850 μὴ
3564 776 3807 853 παραίτιον

2195 865 2433 943 γενέσθαι
2525 862 2817 924 σκανδάλου
2901 878 3019 928 τοῖς
3092 864 3255 934 αὒτὴν
3343 863 3690 946 ἀποδέχεσθαι
3745 867 3809 940 μὴ

2194 953 2563 1032 βουλομένοις,
2619 946 2676 1012 Ὀ
2723 952 2778 1011 δὲ
2821 954 3128 1031 ἁποκριθείς
3181 977 3314 1035 φησι
3349 957 3486 1033 πρὸς
3519 955 3666 1011 αὐτόν
3691 971 3704 985 ⁸
3734 958 3810 1017 Τίς

2195 1046 2310 1120 εἰμι
2354 1045 2462 1124 ἐγὼ
2520 1047 2548 1101 ὁ
2593 1045 2733 1102 κύων
2781 1047 2809 1102 ὁ
2859 1045 3157 1119 τεθνηκὼς,
3191 1045 3273 1101 ὅτι
3324 1044 3546 1120 ποιμέσι
3597 1067 3660 1120 με
3701 1066 3810 1100 συν-

2197 1137 2533 1213 αριθμεῖσθαι
2591 1133 2906 1210 προστάττει
2954 1134 3015 1190 τὸ
3060 1135 3255 1211 κράτος
3311 1156 3435 1211 σου,
3467 1136 3557 1190 τὸν
3603 1134 3806 1207 ποιμαί-

2197 1227 2373 1280 νεσθαι
2419 1224 2496 1298 μὴ
2555 1224 2978 1300 παραιτούμενον
3039 1225 3124 1279 καὶ
3177 1221 3522 1286 διδασκαλίας
3551 1221 3807 1296 ἔπιδεόμι-

2198 1334 2284 1369 νον
2321 1331 2338 1392 ;
2375 1303 2431 1370 Ὀ
2462 1310 2516 1368 δὲ
2560 1311 2808 1388 βασιλεὺς
2854 1313 2990 1386 μετὰ
3033 1313 3095 1368 τὸ
3125 1310 3357 1371 πλεῖστα
3388 1314 3522 1390 πρὸς
3563 1313 3620 1367 τὸ
3648 1309 3806 1366 διαλε-

2197 1407 2396 1482 χθῆναι
2429 1405 2572 1477 αὖτῷ
2601 1401 2703 1481 ἔφη
2734 1417 2748 1432 ⁸
2785 1401 2990 1478 Σκέψαι
3017 1404 3078 1458 τὸ
3109 1402 3402 1481 συμφέρον,
3440 1405 3526 1458 καὶ
3557 1401 3631 1476 μὴ
3659 1400 3806 1470 λυπήο

2195 1513 2294 1568 σῃς
2327 1492 2468 1567 ἡμᾶς
2506 1508 2520 1522 '
2567 1490 2700 1547 διότι
2734 1491 2827 1548 καί
2877 1493 3039 1564 ἡμεῖς
3085 1489 3232 1547 οὐδὲν
3264 1491 3409 1569 παρὰ
3439 1492 3500 1547 τὸ
3531 1489 3662 1568 δέον,
3689 1488 3804 1548 ἀλλὰ

2194 1581 2330 1638 κατὰ
2382 1581 2442 1636 τὸ
2476 1602 2674 1659 πρεπον
2707 1580 2760 1636 ἐν
2792 1587 2860 1657 τῇ
2905 1580 3116 1653 ἐνώσει,
3163 1582 3249 1636 καὶ
3299 1582 3362 1636 οὐ
3392 1580 3680 1659 καθαιρέσει
3722 1584 3806 1646 τῆς

2194 1670 2499 1748 ἁγιωτάτης
2581 1669 2910 1737 Ἐκκλησίας
3000 1672 3100 1738 τὴν
3177 1668 3394 1726 σύνοδον
3472 1672 3802 1742 πεποιήμεθα.

467 1779 603 1823 cum
637 1762 884 1826 dixisset
914 1765 1266 1848 imperator,
1300 1775 1360 1831 et
1418 1785 1630 1848 preces
1663 1765 1736 1830 ab
1790 1786 1861 1830 eo
1897 1767 2100 1848 petiis-

2195 1766 2368 1817 Ταῦτα
2402 1759 2564 1816 εἰπὼν
2623 1761 2711 1816 καὶ
2767 1760 2937 1839 εὐχὴν
2969 1760 3191 1830 αἰτήσας
3225 1760 3352 1838 παρ’
3389 1761 3544 1817 αὐτοῦ
3574 1757 3805 1816 ἁπέλυσεν

470 1859 584 1924 set,
618 1871 752 1915 eum
786 1854 1039 1919 dimisit.

544 1940 963 2009 XXXIX.Gum
985 1961 1130 2007 vero
1163 1944 1428 2008 venisset
1453 1945 1661 2008 beatus
1684 1945 2024 2010 Auxentius
2046 1946 2109 2008 in

467 2033 900 2096 monasterium
924 2035 1130 2098 Sancti
1151 2033 1398 2116 Hypatii
1422 2036 1480 2097 in
1505 2035 1863 2116 Rufﬁniapis
1886 2037 2024 2118 (8‘),
2048 2044 2110 2100 et

463 2120 707 2184 vidisset
728 2122 872 2186 illuc
897 2143 1168 2204 magnam
1186 2126 1495 2189 atﬁuxisse
1516 2125 2108 2202 multitudinem,cm-

469 2210 552 2289 pit
573 2212 853 2275 omnibus
877 2215 1208 2297 precipere
1230 2216 1728 2278 utabstinerenta
1751 2216 2020 2293 theatris,
2045 2224 2109 2279 ut

463 2317 588 2376 quae
610 2314 800 2363 essent
822 2322 995 2366 causa
1021 2309 1420 2380 impudicitiae,
1449 2309 1872 2368 adulteriorum
1900 2321 1954 2368 et
1976 2311 2107 2370 falsi

463 2391 814 2469 testimonii,
853 2394 1222 2476 perjurlique
1248 2403 1307 2458 et
1335 2394 1816 2475 blasphemim,et
1836 2397 2103 2460 omnium

462 2481 716 2557 denique
737 2500 868 2556 qum
890 2495 1026 2545 sunt
1051 2488 1344 2558 prohibita
1373 2496 1427 2545 et
1446 2487 1564 2545 Deo
1589 2489 1825 2545 minime
1847 2489 2098 2559 placent:

463 2565 802 2626 hortabatur
824 2576 1014 2628 autem
1040 2571 1264 2629 sioccre
1285 2573 1522 2628 credere
1546 2572 1605 2628 in
1631 2581 1889 2628 sanctam
1906 2584 2104 2644 etqum

462 2657 554 2713 est
570 2652 840 2733 ejusdem
863 2655 1142 2718 essentiae
1153 2656 1507 2719 Trinitatem
1519 2663 1603 2732 ,et
1619 2657 1891 2718 conﬁteri
1907 2659 2104 2722 Domi-

460 2761 602 2804 num
625 2758 887 2807 nostrum
901 2751 1099 2808 Jesum
1120 2751 1414 2810 Christum
1439 2752 1768 2821 suscepisse
1782 2767 2016 2810 carnem
2030 2767 2104 2810 ex

460 2843 660 2891 sancto
673 2832 892 2906 Spiritu
914 2846 972 2894 et
997 2835 1164 2895 Maria
1188 2851 1418 2909 semper
1439 2836 1682 2908 Virgine
1709 2845 1764 2894 et
1783 2837 2104 2909 Deiparen-

458 2924 594 2981 te,et
616 2919 875 2976 assidere
899 2922 1286 2979 sanctissimis
1301 2922 1652 2988 ecclesiis,in
1672 2921 1912 2994 psalmis
1931 2929 1987 2979 et
2005 2921 2104 2993 hy-

457 3002 612 3064 mnis
633 3010 689 3066 et
710 3004 959 3068 canticis
978 3005 1640 3086 spiritalibus.Quidam
1662 3026 1800 3070 vero
1826 3025 1900 3068 ex
1935 3010 2098 3070 mul-

457 3093 1656 3207 tji.ludine,quiaccesserant,febricitantes
1679 3110 1740 3162 et
1758 3101 2094 3207 horrentes,
2118 3155 2157 3207 ι,

454 3184 681 3264 dignati
704 3197 978 3250 contactu
1003 3192 1134 3270 ejus
1158 3210 1394 3264 manus,
1427 3193 1554 3253 sani
1578 3200 1717 3253 sunt
1746 3189 1992 3253 redditi.
2025 3190 2096 3252 Ei

451 3287 649 3340 autem
674 3281 1076 3360 signiﬁcatum
1127 3292 1218 3346 est
1245 3284 1456 3346 adesse
1488 3285 1745 3363 puellam
1774 3282 2096 3364 quamdam

454 3385 667 3430 recens
688 3383 932 3450 nuptam
957 3390 1089 3452 quae
1110 3372 1172 3433 in
1197 3372 1455 3435 thalamo
1474 3380 1753 3454 correpta
1768 3373 1876 3434 fuit
1900 3371 1972 3432 ab
1988 3371 2098 3433 im-

459 3458 683 3520 mundo
709 3459 1072 3541 daemone,et
1103 3481 1168 3523 se
1194 3460 1423 3526 divellit
1453 3472 1512 3525 et
1541 3462 1824 3525 comedit.
1843 3460 2098 3524 Sanctus

455 3564 593 3610 vero
625 3567 760 3610 cum
795 3567 925 3611 eam
979 3551 1259 3630 jussisset
1315 3553 1666 3628 ascendere,
1719 3551 1868 3614 dixit
1899 3551 2095 3632 lacry-

457 3654 663 3699 mans:
719 3636 767 3701 0
792 3639 1008 3702 malam
1033 3650 1294 3704 vestram
1323 3642 1702 3722 phalangem,
1735 3660 1867 3723 quas
1889 3641 2096 3720 generi

455 3726 767 3791 hominum
801 3747 1044 3808 semper
1077 3731 1419 3794 insidiatur!
1447 3730 2098 3810 Obmutesce,maligne

457 3818 723 3896 spiritus,
757 3827 816 3881 et
847 3820 1138 3900 egredere
1167 3840 1201 3884 e
1229 3824 1335 3886 Dei
1370 3830 1666 3901 creatura,
1699 3820 1832 3882 sine
1864 3827 2099 3900 pertur-

455 3905 695 3969 batione
729 3917 786 3970 et
816 3909 934 3971 ulla
955 3911 1198 3992 injuria.
1228 3909 1488 3973 Perinde
1505 3929 1645 3991 ergo
1669 3929 1736 3982 ac
1757 3909 1890 3970 siin
1913 3926 2095 3986 sapo-

453 4013 582 4058 rem
613 4008 774 4061 esset
803 4001 1064 4062 resoluta
1090 4000 1313 4082 puella,
1335 4000 1410 4062 ab
1441 4019 1512 4062 ea
1541 3999 1798 4063 recessit
1829 3999 2093 4062 daemon.

453 4084 599 4151 Cum
629 4095 826 4151 autem
860 4091 1241 4164 surrexisset,
1293 4089 1440 4152 abiit
1491 4109 1699 4153 rursus
1726 4107 1870 4152 sana
1899 4089 1958 4150 in
1990 4086 2094 4149 do-

453 4193 615 4237 mum
647 4196 838 4252 suam,
873 4178 1083 4241 laetans
1111 4187 1170 4241 et
1199 4181 1322 4242 Deo
1349 4179 1599 4260 gloriam
1634 4178 1934 4241 tribuens.

531 4264 802 4331 XL.Cum
829 4286 968 4330 vero
984 4287 1194 4331 rursus
1219 4270 1466 4331 mittens
1487 4269 1812 4350 imperator
1833 4285 1971 4330 eum
1999 4283 2090 4328 ac-

2193 1850 2368 1908 αὐτόν.

2272 1927 2404 1998 ΛΘ’.
2445 1936 2645 1997 Ἐλθὼν
2691 1939 2778 1997 οὖν
2830 1942 2857 1998 ὃ
2890 1940 3152 2018 μακάριος
3183 1943 3239 1996 ἓν
3272 1944 3348 2013 τῷ
3378 1939 3710 2016 μοναστηρίῳ
3731 1945 3807 1996 τοῦ

2192 2029 2343 2105 ἁγίου
2402 2029 2653 2087 ’Τπατίου
2740 2029 2795 2086 ἐν
2877 2029 3293 2108 Ῥουιρινιανατς,
3369 2030 3460 2085 καὶ
3512 2029 3806 2100 θεασάμενος

2191 2117 2396 2185 πλῆθος
2474 2116 2611 2175 πολὺ
2687 2117 3080 2198 συνδραμόντας
3153 2119 3299 2190 αὐτῷ
3366 2117 3572 2188 ἐκεῖσε,
3638 2116 3803 2197 ἤρξατο

2192 2213 2321 2264 πᾶσι
2365 2214 2669 2286 παρεγγυᾷν
2713 2216 2790 2281 τῷ
2839 2208 3138 2287 ἀπέχεσθαι
3182 2215 3290 2265 τῶν
3317 2208 3554 2284 θεάτρων
3583 2208 3650 2271 ὡς
3688 2207 3801 2260 ἁγο-

2188 2295 2374 2360 λασίας
2421 2297 2599 2353 αἰτίων
2647 2303 2913 2377 μοιχειῶν
2961 2319 3020 2354 τε
3067 2298 3156 2354 καὶ
3209 2295 3693 2375 ψευδομαρτυριῶν,
3730 2294 3804 2351 καὶ

2185 2387 2399 2444 πάντων
2443 2391 2549 2442 τῶν
2606 2387 3062 2465 ἀπηγορευμένων
3105 2388 3198 2443 καὶ
3269 2395 3388 2461 Θεῷ
3434 2389 3512 2463 μὴ
3573 2385 3803 2464 ἀρεσκόν-

2187 2498 2319 2554 των,
2359 2476 2625 2532 πιστεύειν
2655 2474 2709 2532 δὲ
2742 2475 3038 2551 εἰλικρινῶς
3092 2478 3167 2538 εὶς
3197 2478 3296 2544 τὴν
3328 2475 3489 2554 ἁγίαν
3519 2478 3604 2532 καὶ
3629 2475 3804 2549 όμοού-

2186 2587 2298 2622 σιον
2351 2563 2546 2639 Τριάόα
2597 2567 2690 2620 καί
2732 2564 3030 2640 ὁμολογεῖν
3072 2566 3166 2622 τὸν
3219 2567 3409 2643 Κύριον
3442 2567 3597 2640 ἡμῶν
3625 2562 3803 2629 Ἰησοῦν

2187 2656 2412 2731 Χριστὸν
2457 2654 2518 2712 ἐκ
2561 2653 2865 2725 Πνεύματος
2917 2655 3067 2733 ἁγίου
3115 2656 3203 2712 καὶ
3263 2656 3467 2723 Μαρίας
3527 2660 3623 2720 τῆς
3678 2661 3803 2729 Παρ-

2185 2743 2336 2802 θένου
2388 2746 2475 2802 καὶ
2547 2747 2813 2802 Θεοτόκου
2886 2744 3248 2824 σαρκωθέντα,
3309 2746 3408 2801 καὶ
3474 2741 3804 2824 προσεδρεύειν

2184 2845 2310 2898 ταῖς
2375 2834 2703 2913 ἁγιωτάταις
2763 2831 3076 2901 ἐκκλησίαις
3125 2835 3178 2890 έν
3232 2832 3482 2908 ψαλμοῖς
3530 2836 3616 2890 καὶ
3642 2832 3800 2906 ὕμνοις

2188 2925 2273 2980 καὶ
2329 2923 2497 2998 ᾠδαῖς
2557 2937 2971 2992 πνευματικαῖς.
3031 2924 3182 2990 Τινὲς
3255 2923 3308 2980 δὲ
3353 2923 3418 2981 ἐκ
3459 2931 3553 2982 τοῦ
3594 2922 3799 2993 πλήθους

2184 3013 2594 3092 προσελθόντες,
2655 3013 3004 3093 πυρέττοντες
3064 3013 3163 3070 καΐ
3213 3015 3518 3094 ῥιγιῶντες,
3575 3011 3800 3078 ἀξιωθέν-

2183 3124 2271 3164 τες
2303 3108 2402 3169 τῆς
2459 3103 2600 3179 ἁφῆς
2661 3105 2760 3168 τῆς
2818 3104 3005 3182 χειρὸς
3042 3103 3226 3183 αὖτοῦ,
3258 3105 3436 3183 ὑγιεῖς
3470 3103 3799 3168 κατέστησαν,

2181 3189 2457 3266 Ἐμηνύθη
2521 3191 2572 3248 δὲ
2633 3193 2799 3266 αὐτῷ,
2862 3191 2943 3248 ὅτι
3002 3193 3138 3270 κόρη
3195 3215 3278 3257 τις
3336 3194 3604 3272 νεόγαμος
3654 3192 3704 3247 ἐν
3739 3196 3804 3262 τῷ

2179 3288 2369 3354 παστῴ
2413 3280 2683 3361 ληφθεῖσα
2739 3282 2840 3338 ὑπὸ
2891 3282 3190 3357 πνεύματος
3243 3282 3544 3359 ἀκαθάρτου
3575 3281 3799 3358 πάρεστιν

2178 3369 2568 3428 κατατίλλουσα
2614 3370 2806 3438 ἑαυτὴν
2851 3372 2938 3428 καὶ
2986 3372 3352 3431 κατεσθίουσα.
3415 3363 3474 3430 “Ο
3535 3370 3590 3427 δὲ
3631 3368 3796 3425 κελεύ-

2179 3482 2274 3523 σας
2321 3460 2487 3527 αύτὴν
2529 3459 2795 3533 ἀνελθεῖν,
2826 3458 3108 3540 σύνδακρυς
3141 3463 3374 3540 γεγονὼς
3409 3461 3515 3541 ἔφη
3549 3476 3563 3491 ⁶
3610 3445 3670 3514 Ὦ
3715 3462 3798 3522 τῆς

2179 3556 2419 3628 πονηρᾶς
2447 3552 2596 3624 ὑμῶν
2647 3547 2921 3629 φάλαγγος
2970 3555 3071 3617 τῆς
3123 3552 3204 3606 ἁεὶ
3258 3548 3700 3613 ἐπιϐουλευούσης
3740 3549 3801 3602 τώ

2179 3639 2320 3718 γένει
2372 3646 2478 3696 τῶν
2529 3638 2820 3717 ἀνθρώπων
2861 3636 2874 3699 ί
2929 3642 3236 3714 Φιμώθητι,
3300 3648 3514 3715 πνεῦμα
3569 3638 3799 3714 πονηρὸν,

2178 3731 2265 3786 καὶ
2297 3727 2466 3794 ἔξελθε
2513 3729 2574 3787 ἐκ
2603 3735 2696 3786 τοῦ
2727 3727 3045 3804 πλάσματος
3077 3732 3170 3786 τοῦ
3207 3736 3339 3788 Θεοῦ
3389 3729 3675 3808 ἀταράχως
3726 3725 3802 3782 καὶ

2179 3818 2612 3896 ἀνεπηρεάστως.
2707 3809 2801 3882 Ὠς
2888 3819 2974 3874 ἐπὶ
3049 3818 3198 3893 ὕμνῳ
3271 3821 3361 3874 οὖν
3420 3814 3802 3879 κατεκλυθείσης

2178 3913 2278 3975 τῆς
2309 3908 2498 3984 κόρης,
2532 3906 2774 3975 ἁπελᾶθη
2823 3909 2850 3964 ὁ
2907 3906 3109 3976 ὁάίμων
3143 3925 3158 3939 ⁸
3228 3908 3506 3966 ἀναστᾶσα
3569 3905 3622 3962 δὲ
3678 3904 3799 3964 αὖθις

2177 3996 2412 4066 ἀπῆλθεν
2439 3997 2592 4075 ὑγιὴς
2622 4001 2706 4061 εἷς
2733 3999 2823 4054 τὸν
2863 3997 3017 4054 οἶκον
3049 3999 3239 4064 αὒτῆς.

2257 4272 2357 4332 Μ’.
2393 4263 2486 4338 Ὠς
2516 4270 2572 4330 δὲ
2617 4274 2779 4330 πάλιν
2810 4272 3129 4336 ἀποστείλας
3187 4273 3214 4329 ὁ
3265 4269 3520 4348 βασιλεὺς
3549 4265 3796 4346 μετεστεί-

453 4357 1013 4439 cersiisset,rogavit
1029 4378 1102 4421 an
1122 4360 1524 4422 assentiretur
1545 4368 1764 4421 sancta;
1787 4356 2012 4438 synodo
2037 4361 2097 4418 et

2187 4361 2308 4418 λατο
2354 4363 2537 4434 αὐτὸν,
2571 4364 2790 4420 ἐπύθετο
2834 4363 2960 4439 παρ’
3024 4362 3200 4432 αὖτοῦ,
3238 4361 3281 4417 εἰ
3322 4373 3566 4416 συναινεῐ
3591 4365 3656 4434 τῇ
3695 4356 3802 4434 ἁγία

451 4465 586 4508 cum
619 4457 822 4510 sancta
852 4449 1323 4513 communicaret
1366 4449 1655 4512 Ecclesia.
1690 4448 1847 4510 Dixit
1887 4455 2086 4510 autem

2187 4449 2373 4525 τυνόδῳ
2427 4453 2524 4509 καὶ
2582 4465 2832 4509 κοινωνεῖ
2872 4458 2942 4528 τῇ
2983 4449 3304 4523 Ἐκκλησία.
3343 4448 3400 4507 Ὀ
3461 4447 3518 4505 δὲ
3565 4447 3804 4524 μακάριος

450 4533 660 4596 beatus
693 4554 707 4599 :
743 4535 1054 4610 Quomodo
1090 4557 1329 4618 possum
1363 4539 1832 4612 communicare,
1867 4537 1920 4599 si
1969 4554 2088 4598 non

451 4624 813 4687 conﬁteatur
843 4644 974 4688 esse
1007 4628 1426 4708 Deiparentem
1459 4647 1702 4708 semper
1728 4627 2034 4706 Virginem
2061 4633 2089 4688 ?

449 4713 610 4777 Dixit
630 4713 1054 4795 eiimperator:
1083 4717 1146 4779 Si
1170 4717 1387 4780 videris
1421 4735 1555 4794 quae
1574 4727 1710 4779 sunt
1741 4726 1904 4781 recte
1935 4734 2086 4777 con-

451 4803 685 4868 ﬁrmata
715 4812 774 4867 et
794 4803 1056 4867 stabilita
1077 4824 1110 4867 a
1130 4807 1362 4885 synodo
1381 4811 1453 4868 ad
1477 4806 1947 4869 destructionem
1982 4823 2082 4865 re-

449 4893 742 4975 liquarum
770 4895 1249 4970 haeresum,tune
1283 4915 1522 4978 quoque
1552 4896 1932 4957 assentleris?
1960 4895 2085 4956 Re-

449 4985 694 5065 spondit
745 4992 1025 5049 sanctus:
1052 4985 1113 5049 Si
1139 4986 1285 5048 nihil
1309 5005 1586 5065 aggressa
1612 4995 1702 5048 est
1724 4988 1848 5046 haec
1878 4992 2084 5046 sancta

448 5075 711 5154 synodus
731 5075 891 5156 quod
906 5076 1112 5138 tendat
1123 5077 1197 5138 ad
1211 5077 1603 5138 everteudum
1626 5074 1953 5138 concilium
1973 5084 2084 5136 tre-

446 5172 758 5226 centorum
782 5165 992 5228 decem
1015 5176 1076 5228 et
1103 5177 1238 5228 octo
1252 5165 1622 5246 Patrum,qui
1648 5173 1820 5226 erant
1842 5164 2080 5238 Nicaeae,

449 5253 556 5316 sed
588 5254 910 5334 perfectam
932 5255 1260 5319 enuntiavit
1281 5256 1478 5317 carnis
1519 5263 1809 5336 susceptae
1832 5271 2084 5318 oecono-

450 5343 632 5405 miam
665 5345 994 5408 Servatoris
1017 5349 1203 5409 nostri
1225 5345 1367 5410 Jesu
1409 5344 1650 5422 Christi,
1684 5353 1744 5408 et
1772 5362 1905 5426 qum
1934 5362 2082 5406 con—

2171 4538 2271 4616 ἔφη
2308 4557 2324 4574 ·
2363 4541 2481 4605 Πῶς
2541 4539 2657 4620 ἔχω
2688 4545 3037 4614 κοινωνῆσαι,
3087 4542 3164 4614 μὴ
3209 4537 3648 4616 ὁμολογουμένης
3680 4544 3800 4592 Θεο-

2168 4630 2324 4686 τὸκου
2368 4631 2466 4696 τῆς
2502 4630 2582 4686 ἀεὶ
2628 4630 2888 4707 Παρθένου
2925 4650 2941 4700 ;
2978 4630 3075 4688 Καὶ
3106 4631 3132 4684 ὁ
3193 4626 3444 4704 βασιλεὺς
3503 4631 3628 4684 εἷπε
3682 4626 3799 4702 πρὸς

2168 4720 2324 4776 αὐτον
2355 4737 2370 4753 ⁸
2407 4721 2535 4779 Ἐὰν
2589 4721 2677 4777 οὗν
2731 4719 3000 4795 ἐπισκέψῃ
3046 4721 3120 4782 εἰς
3163 4719 3229 4774 τὰ
3274 4717 3453 4778 καλῶς
3514 4717 3794 4794 κυρωθέντι

2166 4809 2267 4864 ὒπὸ
2299 4814 2397 4875 τῆς
2429 4808 2643 4865 συνόδου
2683 4810 2769 4865 καὶ
2801 4807 3156 4884 βεϐαιωθέντα
3214 4808 3288 4868 εἷς
3345 4805 3649 4882 καθαίρεσιν
3705 4807 3796 4857 τῶν

2168 4896 2370 4953 λοιπῶν
2426 4897 2701 4976 αἱρέσεων,
2767 4897 3060 4953 συντίθεσαι
3124 4898 3212 4952 καὶ
3269 4894 3426 4958 αὒτός
3465 4913 3481 4968 ;
3524 4890 3796 4968 Ἀπεκρίθη

2168 4990 2197 5044 ὁ
2250 4987 2510 5065 μακάριος
2545 5006 2556 5019 ·
2608 4984 2738 5064 Εῗγε
2797 4987 2874 5060 μὴ
2909 4987 3039 5064 πρὸς
3087 4983 3392 5062 ἁνατροπῆν
3422 4990 3513 5039 τοῦ
3546 4979 3796 5055 συμϐόλου

2167 5077 2271 5134 τῶν
2332 5075 2386 5132 ἐν
2431 5076 2620 5148 Νικαίᾳ
2670 5074 2987 5152 τριακοσίων
3030 5073 3157 5130 δέκα
3210 5076 3298 5130 καὶ
3357 5073 3501 5128 ὀκτὼ
3560 5069 3792 5146 Πατέρων

2167 5166 2569 5245 παρενεχείρισε
2627 5163 2695 5232 τῇ
2762 5163 2889 5241 ἁγίᾳ
2931 5163 3094 5230 αὖτῆς
3140 5160 3364 5240 συνόδῳ,
3412 5160 3550 5216 ἁλλὰ
3604 5157 3795 5214 τελείαν

2167 5259 2264 5326 τὴν
2316 5259 2619 5330 οἶκονομίαν
2677 5262 2768 5312 τοῦ
2822 5261 3073 5330 Σωτῆρος
3126 5254 3282 5328 ἡμῶν
3339 5259 3565 5332 Χριστοῦ
3607 5249 3794 5327 ἕξηγό-

2168 5368 2372 5425 ρευσεν,
2418 5347 2504 5402 καὶ
2549 5345 2647 5412 τὴν
2691 5344 2776 5400 ἐπὶ
2819 5343 2916 5413 τῆς
2975 5345 3237 5422 Παρθένου
3306 5343 3566 5400 Θεοτόκου
3618 5339 3796 5419 φωνὴν

529 5502 635 5590 (θ’)
670 5501 810 5590 Erat
836 5504 1007 5568 locus
1035 5505 1138 5590 i|l_e
1180 5507 1267 5569 sic
1291 5506 1494 5590 dictus
1525 5524 1559 5568 a
1589 5505 1826 5570 Rafﬁno
1879 5508 2148 5585 consule,
2186 5506 2291 5590 qui
2331 5504 2654 5570 ecclesiam
2687 5503 2768 5566 ibi
2809 5503 3238 5586 Apostolorum
3272 5518 3406 5564 cum
3440 5495 3794 5562 monasterio

446 5581 779 5662 aediﬁcavit,
803 5593 868 5649 ut
897 5591 1059 5649 notat
1085 5586 1407 5651 Baronius.
