4028 6202
236 310 392 396 1409

1536 315 1726 392 VITA
1770 325 1833 389 S.
1877 311 2284 387 AUXENTII.

3448 308 3603 385 1410

232 467 333 523 οῦκ
375 462 626 544 ἄφείλατο
657 478 672 494 ⁸
736 462 880 526 αὖθις
922 467 1162 520 κοινωνῶ
1217 463 1305 518 καὶ
1367 468 1618 540 ωναινῶ,
1654 463 1877 542 εὐχαρι-

1969 459 2117 514 venit
2142 455 2384 528 Virgini,
2408 453 2762 526 Deiparmta‘a
2785 463 2983 544 vocem
3034 467 3154 512 non
3175 468 3383 513 rursus
3405 457 3604 516 abstu-

229 560 379 611 στῶν
410 555 486 628 τῷ
517 554 631 627 Θεῷ
684 554 772 610 καὶ
831 560 899 626 τῇ
954 552 1181 630 ὑμετέρᾳ
1211 548 1470 622 εὐσεϐείᾳ,
1505 558 1680 609 Ταῦτα
1709 550 1876 607 ἀκού-

232 665 336 707 σας
394 645 422 699 ὁ
467 641 738 718 βασιλεὺς,
779 643 1154 712 κατησπάζετο
1198 644 1355 699 αὐτοῦ
1397 641 1494 708 τὴν
1541 639 1750 714 ἔντιμον
1781 661 1877 696 κει-

233 732 438 812 φαλήν,
485 733 572 788 καὶ
628 730 905 788 ἐκέλευσεν
951 733 1087 806 μετὰ
1119 729 1365 792 πλείονος
1411 731 1572 804 τιμῆς
1635 751 1879 807 παραγε-

231 823 412 880 νέσθαι
493 821 650 879 αὐτὸν
732 821 786 879 ἐν
858 827 926 898 τῇ
980 819 1191 900 μεγάλη
1249 821 1524 898 ἁγιωτάτῃ
1597 818 1880 893 ἐκκλησίᾳ.

233 913 446 981 Πλῆθος
473 909 528 967 δὲ
579 911 716 968 πολὺ
765 914 858 968 τοῦ
900 910 1033 970 λαοῦ
1077 910 1352 968 συνείπετο
1410 913 1578 984 αὐτῷ.
1626 909 1876 977 Μηνύσας

233 1001 293 1059 δὲ
351 1005 380 1059 ὁ
432 999 682 1079 βασιλεὺς
744 1004 821 1075 τῷ
897 999 1314 1081 ἀρχιεπισκόπῳ
1373 1000 1879 1058 Κωνσταντινουπόρ

232 1091 377 1155 λεως
433 1092 502 1149 τὰ
559 1091 822 1172 λεχθέντα
868 1091 993 1170 παρ’
1042 1092 1222 1168 αὖτοῦ,
1276 1089 1451 1146 ποίντα
1493 1090 1558 1146 τὰ
1607 1088 1880 1169 ὁρισθέντα

231 1183 340 1239 ὑπὸ
369 1188 468 1251 τῆς
502 1182 657 1262 ἇγίας
708 1180 928 1242 συνόδου
988 1179 1494 1262 παραναγνωσθῆναι
1553 1181 1698 1256 αὒτῷ
1753 1178 1878 1237 ἱκέ-

231 1271 449 1335 λευσεν,

321 1350 464 1425 ΜΑ’.
502 1362 598 1420 Καὶ
642 1359 707 1429 δὴ
751 1359 1127 1441 ἐντετυχηκὼς
1158 1372 1276 1424 τοῖς
1308 1354 1704 1440 πεπραγμένοις
1749 1359 1885 1436 μετὰ

227 1449 484 1531 ἀκριϐοῦς
545 1450 812 1528 σκέψεως,
875 1453 964 1507 καὶ
1024 1452 1255 1515 πεισθεὶς
1313 1449 1395 1507 ὅτι
1453 1447 1572 1506 κατ’
1647 1448 1885 1508 εὒδοκίαν

235 1543 377 1600 Θεοῦ
409 1542 472 1597 τὰ
503 1543 656 1620 παρὰ
685 1546 784 1608 τῆς
821 1540 1104 1620 Νεστορίου
1162 1539 1417 1619 φλυαρίας
1475 1541 1573 1597 καί
1624 1540 1688 1596 τὰ
1745 1540 1888 1616 παρὰ

231 1636 338 1699 τῆς
378 1631 647 1710 Εεότυχοῦς
678 1629 952 1701 προδήλου
1011 1629 1204 1706 μανίας
1265 1631 1336 1693 εἰς
1398 1628 1573 1705 λύμην
1606 1629 1711 1686 τῶν
1743 1628 1883 1686 πολ-

231 1721 350 1777 λῶν
440 1719 862 1799 δογματισθέντα
943 1721 978 1788 ἡ
1060 1719 1183 1798 ἁγία
1271 1717 1486 1785 σύνοδος
1552 1716 1884 1801 ,ἐϐεϐαίωσεν

232 1810 536 1890 βλάσφημα
595 1814 764 1887 εἶναι,
823 1812 1006 1868 καθότι
1051 1808 1227 1877 ἐκείνη
1274 1810 1371 1886 μὲν
1419 1811 1552 1888 πρὸς
1603 1811 1723 1872 τοὺς
1783 1809 1883 1888 ἆρ-

1961 542 2052 618 lit,
2085 541 2460 603 communico
2491 548 2550 602 et
2581 539 2900 612 assentior,
2935 538 3060 601 Deo
3090 558 3274 619 agens
3304 541 3521 621 gratias
3547 551 3607 604 et

1962 645 2174 698 vestrae
2200 633 2575 715 pietatLHaec
2597 653 2733 695 cum
2757 633 3051 696 audiisset
3067 633 3146 695 im
3157 645 3608 714 perator,oscu-

1964 725 2118 789 latus
2151 734 2240 788 est
2270 723 2678 787 venerandum
2728 733 2786 785 et
2832 731 3103 786 sanctum
3131 725 3262 806 ejus
3285 735 3464 806 caput
3497 744 3511 790 :
3549 734 3610 790 et

1964 822 2050 879 sic
2071 815 2292 879 deinde
2307 815 2646 896 jussiteum
2673 832 2809 875 cum
2836 816 3091 876 maximo
3135 815 3365 878 honore
3402 817 3607 880 venire

1960 904 2024 967 in
2050 923 2319 983 magnam
2345 913 2405 966 et
2423 902 3606 978 sanctissimamDeiecciesiam.Quamo-

1963 995 2132 1057 brem
2161 1012 2374 1073 magna
2397 1012 2532 1056 eum
2557 993 2766 1075 populi
2805 992 3289 1076 consequebatur
3327 995 3608 1058 multitu-

1962 1085 2420 1166 do.8igniﬁcans
2434 1093 2634 1148 autem
2656 1084 3450 1168 imperatorarchiepiscopo
3463 1089 3614 1151 Con-

1962 1175 2504 1257 stantinopolitano
2527 1193 2662 1257 quae
2681 1179 2756 1236 ab
2780 1193 2850 1238 eo
2875 1175 3034 1239 dicta
3056 1175 3322 1251 fuerant,
3352 1175 3528 1257 jubet
3551 1177 3610 1240 ei

1965 1266 2086 1346 legi
2109 1265 2311 1329 omnia
2344 1285 2474 1348 quae
2503 1284 2536 1328 a
2566 1273 2770 1330 sancta
2799 1266 3028 1346 synodo
3056 1266 3298 1328 fuerant
3330 1265 3604 1329 deﬁnita.

2035 1361 2176 1419 XLI.
2205 1361 2315 1430 Qui
2336 1377 2471 1418 cum
2495 1361 2804 1433 diligenter
2822 1371 2877 1418 et
2901 1369 3171 1418 accurate
3197 1370 3326 1417 acta
3347 1359 3606 1434 legisset,

1968 1455 2028 1509 et
2065 1464 2411 1528 persuasum
2447 1445 2949 1524 habuisset,quod
2988 1444 3090 1507 Dei
3119 1445 3445 1523 voluntate,
3478 1464 3612 1529 quae

1968 1536 2256 1598 adversus
2287 1533 2546 1597 Nestorii
2586 1537 2804 1616 impias
2827 1554 3014 1616 nugas
3039 1544 3098 1598 et
3116 1534 3385 1616 Eutychii
3412 1536 3609 1598 niani-

1969 1631 2177 1688 iestum
2208 1632 2462 1688 furorem
2496 1629 2727 1686 decreta
2761 1631 3214 1692 fuerant,sancta
3245 1628 3610 1689 conﬁrmavit

1967 1715 2748 1797 synoduszquandoquidem
2780 1716 2883 1776 illa
2905 1714 3146 1796 quidem
3172 1715 3392 1777 direxit
3411 1715 3607 1780 aciem

1966 1806 2256 1868 adversus
2279 1823 2381 1867 eos
2401 1807 2499 1886 qui
2525 1805 2821 1884 negabant
2838 1806 3158 1868 essentiam
3183 1805 3478 1885 unigeniti
3499 1808 3610 1874 Dei

234 1901 532 1977 νουμένους
591 1901 691 1968 τὴν
736 1902 916 1959 οὐσίαν
972 1899 1066 1956 τοῦ
1113 1907 1432 1979 μονογενοῦς
1480 1901 1601 1958 Υἰοῦ
1630 1903 1724 1956 τοῦ
1753 1906 1883 1956 Θεοῦ

1969 1895 2265 1970 ΕἰΙίἰ,ὶιωο
2287 1903 2488 1956 autem
2513 1895 2804 1957 adversus
2826 1913 2931 1957 eos
2952 1895 3053 1976 qui
3077 1895 3385 1956 inﬁrmant
3404 1904 3611 1958 etcon-

230 1991 622 2070 asperrimam,
701 1990 838 2058 αὕτη
915 1989 968 2046 δὲ
1043 1991 1174 2067 πρὸς
1231 1991 1353 2053 τοὺς
1425 1988 1524 2056 τὴν
1581 1988 1885 2065 οἰκονομίαν

233 2080 399 2140 αὐτοῦ
459 2081 799 2161 ἂθετοῦντας,
832 2080 912 2137 ὅτι
948 2082 1077 2144 Θεὸς
1111 2079 1184 2137 ὢν
1238 2081 1299 2137 ἐκ
1357 2082 1491 2138 Θεοῦ
1533 2082 1561 2136 ὁ
1603 2083 1696 2137 τοῦ
1753 2087 1885 2138 Θεοῦ

235 2172 362 2234 Υἱὸς
422 2169 696 2234 συναΐδιος
775 2171 865 2227 καὶ
924 2169 1206 2245 ὃμοούσιος
1262 2171 1348 2226 καὶ
1419 2169 1751 2250 συνάναρχος
1807 2170 1884 2246 τῷ

233 2260 520 2338 Πατρὶέπ⁹
551 2259 800 2339 ἐσχάτων
857 2265 926 2333 τῇ
986 2260 1225 2338 ἡμετέρᾳ
1266 2265 1414 2339 φύσει
1477 2259 1683 2325 ἐνωθεις
1727 2259 1884 2340 ἐσαρ-

233 2349 414 2424 κώθη,
448 2347 754 2429 ἀτρέπτως,
815 2349 1164 2429 ἀσυγχύτως,
1213 2347 1550 2428 ἀδιαιρέτως.
1584 2354 1753 2406 Τινῶν
1783 2350 1884 2429 γὰρ

236 2436 614 2520 φρενοϐλαϐὡς
675 2439 834 2496 αὐτὸν
911 2443 1266 2519 παραφθεϊραι
1340 2437 1729 2514 τολμησάντων
1787 2439 1884 2508 τὴν

234 2529 304 2587 δι’
376 2531 522 2604 ἡμᾶς
583 2535 678 2585 τοῦ
739 2527 988 2607 Σωτῆρος
1047 2529 1371 2604 οἰκονομίαν,
1439 2529 1728 2609 φαιῖασίαν
1785 2529 1884 2597 τὴν

236 2618 646 2697 ἔνανθρώπησιν
691 2617 974 2696 οἰομένων,
1035 2625 1194 2676 τινῶν
1243 2618 1297 2674 δὲ
1338 2620 1574 2696 οὐράνιον
1605 2624 1762 2694 σῶμα
1791 2621 1882 2676 τὸν

240 2710 431 2787 Κύριον
504 2707 928 2788 κατενηνοχέναι
1016 2707 1441 2787 τερατευομένων
1476 2723 1493 2739 ⁶
1579 2709 1774 2786 ἑτέρων
1830 2707 1885 2765 δὲ

236 2805 428 2878 κρᾶσιν
496 2801 584 2856 καὶ
635 2799 899 2879 σύγχυσιν
955 2805 1061 2854 τῶν
1135 2795 1223 2854 δύο
1297 2797 1506 2877 φύσεων
1562 2797 1883 2875 ὁριζομένων

235 2888 327 2944 καί
359 2885 539 2942 ἄλλων
580 2889 784 2965 τροπὴν
830 2889 892 2944 τὸ
944 2886 1096 2945 θεῖοι
1126 2887 1443 2944 πεπονθέναι
1474 2886 1882 2968 ληρωδούντων,

237 2982 350 3034 τῶν
409 2974 463 3031 δὲ
521 2975 723 3034 λοιπῶν
799 2978 1060 3035 Θεοτόκον
1120 2977 1218 3044 τὴν
1281 2976 1544 3054 Παρθένον
1599 2977 1884 3052 ὀνομάζειν

235 3067 674 3145 παραιτουμένων
708 3075 730 3102 ‘
775 3067 821 3125 οἱ
867 3067 922 3124 ἐν
973 3073 1042 3144 τῇ
1101 3066 1316 3144 μεγάλῃ
1368 3067 1536 3145 ταύτῃ
1581 3072 1668 3123 καὶ
1698 3068 1879 3123 οἰκου-

236 3161 434 3231 μενιιιῇ
485 3153 685 3228 συνόδῳ
742 3154 884 3233 ἅγιοι
940 3155 1168 3234 Πατέρες
1221 3157 1314 3218 τὰς
1359 3163 1466 3214 τῶν
1530 3178 1880 3235 προγεγραμ-

236 3243 416 3321 μένων
482 3244 730 3302 ἂππίντων
789 3245 1174 3322 ἀνατρέποντες
1236 3246 1629 3327 αἰρεσιαρχίας,
1679 3248 1774 3304 οὐκ
1831 3244 1884 3313 ἒξ

237 3334 450 3391 οἰκείων
493 3333 892 3416 συλλογισμῶν,
931 3333 1052 3392 ἀλλ’
1085 3335 1146 3393 ἐκ
1174 3341 1282 3392 τῶν
1331 3339 1486 3394 θείων
1534 3341 1757 3416 Γραφῶν
1797 3337 1885 3393 καὶ

235 3429 345 3480 τῶν
403 3424 541 3480 κατὰ
586 3424 775 3502 γενεὰν
829 3426 1122 3482 θεσπεσίων
1171 3422 1526 3502 διδασκάλων,
1587 3426 1729 3502 μέγα
1787 3425 1882 3494 τῆς

235 3509 504 3578 εὐσεϐείας
577 3515 868 3592 μυστήριον
952 3515 1497 3594 ἐπισφραγισάμενοι,
1557 3511 1883 3571 ἐϐεϐαίωσαν

235 3605 329 3660 τὸν
370 3603 464 3659 ἕνα
505 3606 594 3660 καὶ
645 3609 912 3684 μονογενῆ
958 3605 1079 3661 Υἰὸν
1123 3612 1216 3663 τοῦ
1261 3612 1416 3677 Θεοῦ,
1462 3605 1598 3660 κατᾶ
1642 3605 1741 3672 τήν
1777 3603 1884 3661 τῶν

236 3694 563 3773 τριακοσίων
624 3692 749 3750 δέκα
792 3697 880 3752 καὶ
927 3695 1072 3752 ὀκτὼ
1128 3695 1292 3775 ἂγίων
1365 3693 1614 3771 Πατέρων
1674 3695 1875 3770 πίστιν,

235 3783 708 3863 ἀπαρεγχείρητον
752 3784 896 3842 εἶναι
940 3786 1078 3842 κατὰ
1134 3786 1232 3852 τήν
1276 3785 1474 3842 οἰκείαν
1504 3785 1680 3865 φύσιν.
1717 3791 1882 3842 Τοῦτο

235 3874 339 3953 γὰρ
391 3873 655 3946 Ἀρειανοί
705 3874 1187 3954 παρασαλεύουσιν,
1240 3876 1416 3939 καθὼς
1450 3875 1540 3933 καὶ
1586 3876 1621 3944 ἡ
1667 3872 1883 3940 σύνοδος

234 3963 419 4040 ἒκείνῃ
463 3963 518 4018 ἐν
577 3964 769 4038 Νικαία
831 3964 1145 4044 γεγένηται,
1217 3967 1305 4022 καὶ
1360 3967 1460 4033 τὴν
1515 3963 1735 4044 ὑστέραν
1797 3965 1884 4022 ἐπὶ

238 4058 342 4120 τῆς
399 4053 812 4129 βασιλευούσης,
845 4055 982 4112 κατὰ
1024 4056 1130 4113 τῶν
1197 4052 1609 4113 Μακεδονιανῶν
1669 4053 1884 4112 σύνοδον

235 4150 347 4202 τῶν
408 4146 600 4200 ἑκατὸν
635 4142 996 4219 πεντήκοντα,
1032 4146 1106 4208 ὡς
1137 4148 1214 4219 τῷ
1241 4145 1378 4224 ἁγίῳ
1433 4146 1704 4220 Πνεύματι
1764 4142 1885 4202 δια-

237 4235 579 4314 μαχομένων
632 4247 924 4314 γραφικατς
1003 4237 1311 4314 μαρτυρίαις
1369 4233 1888 4314 ὶπασφαλισαμένην

238 4323 536 4404 ἐκύρωσαν,
597 4323 788 4381 λοιπὸν
855 4325 994 4381 κατὰ
1077 4330 1184 4382 τῶν
1254 4323 1579 4382 ἆθετούντων
1639 4325 1738 4392 τὴν
1796 4327 1889 4381 τοῦ

237 4418 497 4493 Σωτῆρος
553 4415 711 4489 ἡμῶν
765 4412 948 4481 ἰησοῦ
1005 4415 1236 4492 Χριστοῦ
1281 4414 1613 4490 οἰκονομίαν,
1674 4415 1747 4479 ὡς
1791 4411 1886 4471 δο-

237 4503 399 4574 κήσει
443 4504 530 4560 καὶ
559 4505 654 4560 οῦκ
687 4502 912 4577 ἀληθείᾳ
969 4504 1334 4584 σαρκιυθέντος
1383 4503 1542 4561 αὐτοὺ
1586 4504 1673 4560 καὶ
1724 4501 1886 4580 ψιλὸν

1967 1983 2195 2046 vellunt
2224 1983 2333 2046 Dei
2366 1984 2790 2061 oeconomiam,
2817 1983 3075 2046 dicendo
3107 1983 3270 2064 quod
3293 2001 3428 2044 cum
3453 1985 3613 2047 Deus

1967 2081 2128 2137 esset
2153 2093 2224 2136 ex
2259 2073 2381 2136 Deo
2415 2073 2522 2135 Dei
2553 2073 3114 2152 Filius,coaaternus
3137 2082 3195 2136 et
3221 2073 3496 2154 ejusdem
3522 2092 3612 2137 es-

1965 2163 2268 2246 sentiae,et
2296 2164 2578 2228 similiter
2606 2172 2785 2246 atque
2816 2167 2994 2227 Pater
3037 2181 3250 2226 carens
3281 2163 3606 2244 principio,

1964 2253 2027 2316 in
2060 2252 2286 2316 ultimis
2319 2253 2537 2316 diebus
2589 2264 2811 2316 nostra;
2839 2254 3048 2317 unitus
3076 2263 3326 2328 naturai,
3363 2272 3610 2317 carnem

1967 2349 2232 2425 suscepit
2253 2343 2730 2417 immutabiliter,
2767 2341 3610 2419 inconfuse,individue.Nam

1968 2452 2105 2497 cum
2130 2434 2369 2515 quidam
2395 2435 2571 2517 plane
2595 2443 2810 2498 emotae
2833 2434 3216 2514 mentis,quae
3237 2443 3484 2516 propter
3500 2452 3611 2497 nos

1967 2523 2119 2587 facta
2141 2532 2254 2598 est,
2287 2523 2621 2588 Servatoris
2668 2524 3183 2606 dispensationem
3226 2523 3358 2588 ausi
3408 2538 3612 2588 essent

1968 2617 2672 2696 corrumpere,humana9
2689 2624 2918 2678 natura;
2934 2615 3378 2696 susceptionem
3402 2624 3610 2698 putan-

1969 2712 2059 2766 tes
2083 2723 2217 2767 esse
2240 2706 2614 2787 phantasiam
2645 2723 2660 2782 ;
2687 2705 2934 2787 quidam
2960 2714 3158 2768 autem
3201 2705 3446 2770 creleste
3469 2723 3609 2768 cor-

1970 2813 2080 2874 pus
2094 2794 2411 2858 Dominum
2437 2795 2727 2858 detulisse
2753 2796 3094 2876 prodigiose
3118 2805 3481 2879 assererent;
3506 2796 3612 2858 alii

1968 2904 2108 2946 vero
2135 2886 2386 2948 duarum
2413 2905 2546 2968 quae
2567 2887 2939 2948 deﬁniuntur
2963 2894 3308 2949 naturarum
3333 2887 3614 2950 commis-

1966 2975 2226 3039 stionem
2253 2984 2313 3038 et
2334 2978 2848 3052 confusionem,et
2868 2977 2971 3040 alii
2996 2977 3388 3039 mutationem
3421 2977 3607 3040 Deum

1967 3085 2206 3146 passum
2228 3086 2362 3130 esse
2393 3077 2792 3147 nugarentur;
2815 3067 3036 3149 reliqui
3064 3076 3262 3130 autem
3297 3067 3606 3148 Virginem

1967 3158 2388 3240 Deiparentem
2414 3160 2729 3223 nominare
2750 3169 3130 3223 recusarent:
3147 3158 3247 3240 qui
3267 3159 3328 3220 in
3353 3160 3463 3222 bac
3491 3179 3609 3222 ma-

1965 3273 2080 3334 gna
2102 3262 2161 3318 et
2183 3253 2556 3317 (acumenica
2579 3254 2808 3335 synodo
2833 3262 3004 3317 erant
3029 3254 3220 3316 sancti
3236 3252 3611 3330 Patres,om-

1967 3348 2158 3423 nium,
2179 3365 2333 3425 quos
2367 3356 2508 3410 ante
2537 3346 2914 3422 scripsimus,
2949 3356 3290 3410 evertenles
3321 3347 3608 3423 haereses,

1969 3461 2089 3503 non
2108 3461 2179 3503 ex
2202 3441 2330 3503 suis
2350 3441 2851 3522 syllogismis,sed
2870 3460 2941 3505 ex
2961 3441 3182 3504 divinis
3198 3441 3616 3522 Scripturis,et

1968 3534 2410 3615 praeclaris,qui
2433 3543 2608 3596 antea
2628 3534 2892 3614 fuerunt,
2919 3534 3294 3608 doctoribus,
3333 3553 3612 3614 magnum

1970 3626 2204 3708 pietatis
2254 3627 2598 3707 mysterium
2649 3627 3063 3706 obsignantes,
3107 3626 3614 3690 conﬁrmaverunt

1967 3721 2215 3784 unicum
2241 3730 2300 3783 et
2324 3720 2703 3802 unigenitum
2753 3721 2860 3786 Dei
2900 3719 3149 3802 Filium,
3183 3721 3614 3783 convenienter

1966 3816 2109 3880 ﬁdei
2121 3824 2525 3880 trecentorum
2538 3815 2748 3879 decem
2764 3823 2825 3880 et
2837 3825 2972 3878 octo
2986 3825 3328 3878 sanctorum
3343 3814 3608 3892 Patrum,

1968 3910 2212 3994 propria
2229 3929 2336 3973 sua
2359 3921 2578 3974 natura
2601 3929 2735 3974 esse
2755 3911 3158 3974 inaccessum:
3189 3910 3303 3972 hoc
3326 3910 3490 3972 enim
3517 3911 3609 3971 la-

1969 4004 2272 4070 befactant
2293 4005 2524 4081 Ariani,
2556 4007 2851 4068 adversus
2876 4024 3026 4086 quos
3045 4003 3158 4066 l‘uit
3202 4005 3304 4067 illa
3348 4002 3614 4086 synodus

1970 4099 2240 4164 Nicaana:
2266 4108 2328 4162 et
2348 4118 2480 4181 qua:
2501 4107 2706 4179 postea
2730 4099 2921 4161 fuitin
2943 4096 3095 4161 urbe
3122 4097 3610 4178 regia,synodum

1970 4203 2205 4250 centum
2240 4201 2295 4252 et
2316 4192 2744 4265 quinquaginta
2771 4194 3010 4251 Patrum
3030 4192 3315 4250 adversus
3345 4191 3612 4250 Macedo-

1972 4279 2271 4344 nianos,ut
2294 4280 2393 4351 qui
2418 4293 2550 4336 cum
2569 4279 2789 4350 Spiritu
2809 4289 3012 4337 sancto
3035 4285 3386 4348 pugnarant,
3409 4275 3611 4348 Scrip-

1972 4370 2114 4422 tum
2137 4363 2486 4420 testimoniis
2510 4365 2795 4422 munitam
2820 4363 3299 4434 comprobarunt:
3327 4370 3382 4420 et
3403 4361 3476 4420 de
3495 4377 3607 4419 cae-

1971 4454 2094 4506 tero
2117 4448 2397 4506 adversus
2418 4463 2520 4506 eos
2539 4451 2636 4521 qui
2655 4447 3306 4506 abolebantServatorls
3323 4448 3616 4506 nostrils-

1970 4547 2038 4591 su
2051 4532 2258 4591 Christi
2285 4537 2764 4603 inconomiammt
2784 4536 2880 4604 qui
2905 4533 3208 4596 visione,et
3236 4546 3356 4591 non
3375 4534 3614 4592 veritate

241 4591 518 4674 ἄνθρωπον
576 4595 669 4650 τὸν
712 4593 773 4650 ἐκ
815 4598 912 4661 τῆς
957 4594 1111 4672 ἁγίας
1167 4595 1432 4674 Παρθένου
1488 4594 1578 4650 καὶ
1624 4594 1883 4650 Θεοτόκου

1971 4626 2122 4677 esset
2143 4619 2566 4685 incarnatus,et
2586 4591 2818 4675 nudum;
2833 4591 2964 4676 esse
2987 4591 3417 4692 bominem,qui
3441 4591 3615 4678 natus

242 4682 450 4762 Μαρίας
500 4681 762 4762 τεχθέντα
791 4681 1174 4762 ληρωδούντων
1208 4699 1224 4716 ⁸
1267 4683 1389 4741 κατ’
1420 4685 1596 4741 αὐτῶν
1642 4681 1883 4764 ἐσχόλα-

242 4795 342 4830 σαν
386 4769 447 4828 ἕκ
489 4793 549 4828 τε
589 4771 689 4840 τῆς
734 4773 1022 4854 μαρτυρίας
1083 4773 1189 4830 τῶν
1246 4776 1400 4830 θείων
1459 4775 1680 4852 Γραφῶν
1711 4773 1801 4830 καὶ
1829 4772 1891 4829 ἰκ

242 4863 353 4920 τῶν
439 4860 727 4920 συνοδικῶν
809 4868 904 4919 τοῦ
973 4863 1390 4943 μακαριωτάτου
1463 4860 1722 4940 Κυρίλλου
1790 4867 1888 4930 τῆς

244 4950 659 5029 Ἀλεξανδρέων,
707 4951 803 5009 καί
849 4951 1078 5018 Λέοντος
1123 4959 1217 5009 τοῦ
1281 4951 1580 5009 ὁσιωτάτου
1629 4951 1889 5031 ἆρχιεπιο

250 5047 459 5096 σκόπου
487 5031 723 5117 Ῥωμης,
756 5042 846 5098 καὶ
879 5041 1096 5100 πάντων
1138 5042 1245 5099 τῶν
1289 5040 1414 5099 κατ’
1451 5040 1668 5120 αὐτοὺς,
1704 5039 1802 5096 ὅσα
1833 5061 1890 5096 τε

247 5127 318 5196 δὴ
351 5133 421 5205 τῇ
453 5128 544 5184 τοῦ
591 5129 888 5188 ἀποστόλου
947 5137 1146 5211 Πετρου
1177 5129 1437 5209 ὁμολογίᾳ
1469 5127 1888 5209 συμϐαινούσας,

243 5219 500 5294 κατὰτὸ,
541 5242 565 5275 ιι
602 5222 675 5277 Σὺ
706 5221 762 5278 ετ
795 5223 823 5278 ὂ
881 5223 1132 5299 Χριστὸς,
1193 5221 1221 5277 ὃ
1280 5221 1402 5284 Υἱὸς
1461 5227 1553 5277 τοῦ
1615 5226 1747 5277 Θεοῦ
1799 5227 1894 5278 τοῦ

243 5316 470 5384 ζῶντος,
510 5332 534 5366 ε
571 5309 786 5385 δψῆλήν
832 5333 953 5368 τινα
997 5310 1207 5380 στήλην
1236 5311 1372 5367 κατὰ
1401 5315 1510 5368 τῶν
1540 5307 1892 5374 κακοδοξούν-

245 5421 353 5457 των
381 5400 602 5465 εἰκότως
634 5400 1024 5481 ανεγείραντες,
1060 5401 1192 5482 πρὸς
1223 5401 1323 5469 τὴν
1353 5399 1460 5458 τῶν
1484 5397 1890 5479 ὀρθοδογμάτων

245 5485 558 5570 βεϐαίωσιν.

329 5657 384 5703 ίτ
413 5660 624 5724 Matth.
659 5677 778 5742 xw,
814 5660 914 5728 16.

1971 4713 2098 4762 erat
2136 4717 2210 4762 ex
2228 4712 2426 4762 sancta
2449 4702 2689 4774 Virgine
2710 4703 3136 4776 etDeiparente
3177 4705 3374 4772 Maria,
3410 4706 3618 4776 nugatl

1970 4793 2221 4850 iuerant:
2244 4790 2527 4849 adversus
2545 4791 2935 4863 eos,inquam,
2959 4804 3200 4863 operam
3216 4791 3526 4857 dederunt,
3559 4800 3614 4848 et

1971 4891 2045 4936 ex
2067 4876 2401 4933 divinarum
2417 4875 2857 4947 Scripturarum
2880 4877 3242 4943 testimonio,
3265 4883 3320 4933 et
3340 4890 3407 4933 ex
3434 4888 3612 4946 syno-

1973 4962 2204 5020 dalibus
2224 4961 2540 5020 beatissimi
2563 4959 3465 5034 CyrilliAlexandrini,etLeonis
3486 4972 3612 5016 san-

1974 5049 2215 5108 ctissimi
2243 5047 2669 5119 archiepiscopi
2697 5048 2970 5113 Romani,
3003 5047 3337 5104 etomnlum
3361 5043 3458 5115 qui
3482 5043 3614 5101 rue-

1974 5141 2113 5192 runt
2134 5133 2218 5189 eis
2243 5130 2695 5204 similes,utquae
2709 5131 3031 5188 beatissimi
3052 5130 3206 5187 Petri
3229 5128 3619 5185 convenirent

1975 5215 2353 5281 confessioni,
2388 5226 2780 5285 congruenter
2799 5215 2848 5271 ei
2876 5213 3033 5285 quod
3059 5221 3146 5270 est
3195 5212 3312 5269 «Tu
3338 5226 3398 5269 es
3412 5209 3610 5270 Chris-

1977 5311 2068 5359 tus
2081 5299 2264 5358 Filius
2278 5300 2382 5358 Dei
2400 5301 2513 5358 vivi
2533 5301 2599 5355 "z
2612 5297 2930 5355 nexcelsam
2945 5294 3256 5367 quamdam
3275 5295 3613 5354 columnam

1977 5395 2186 5451 contra
2207 5403 2309 5449 eos
2325 5385 2426 5466 qui
2443 5381 2829 5446 malaimbuti
2850 5390 3021 5444 erant
3054 5380 3366 5462 opinione,
3395 5379 3610 5444 merito

1976 5489 2324 5558 erexerunt,
2349 5478 2425 5543 ad
2446 5475 2855 5542 conﬁrmanda
2873 5485 3041 5541 recta
3060 5484 3120 5542 et
3137 5494 3278 5543 vera
3307 5475 3605 5558 dogmata.
