4028 6202
410 276 556 350 1411

1659 271 1940 347 MENSIS
1991 281 2503 352 FEBRUARIUS.

3628 286 3791 357 1412

485 421 658 487 XLII.
680 420 828 484 Nam
854 427 911 484 et
944 419 1233 482 adversus
1265 437 1368 481 eos
1399 419 1668 501 dirigunt
1693 419 1904 489 aciem,
1945 417 2045 499 qui

2212 411 2347 481 MB'.
2385 433 2514 488 Τοῖς
2545 445 2603 480 τε
2634 424 2734 503 γὰρ
2763 426 2838 487 εἰς
2870 424 2995 481 υἱῶν
3045 422 3205 483 δυάδα
3235 426 3296 483 τὸ
3339 428 3440 496 τῆς
3472 429 3798 504 οἰκονομίας

403 512 759 576 (economize
775 510 1120 591 mysterium
1147 519 1441 571 conantur
1456 510 1791 571 distrahere
1815 509 1874 569 in
1900 509 2051 570 duos

405 602 652 676 ﬁlios,et
676 618 778 663 eos
798 601 895 681 qui
917 598 1227 679 patibilem
1246 598 1807 680 unigenitiFiliiDei
1828 598 2051 660 audent

403 693 605 755 dicere
635 689 1355 770 divinitatem,expellunt
1384 708 1419 752 a
1450 708 1622 751 sacro
1654 698 1809 752 cmtu
1837 706 1849 748 :
1886 698 1945 750 et
1975 688 2049 748 iis

408 786 675 842 resistunt
694 785 792 854 qui
810 782 1059 840 duarum
1083 793 1423 841 naturarum
1449 785 1504 841 in
1524 784 1747 840 Christo
1769 783 2050 839 inducunt

405 869 813 932 confusionem
846 886 859 930 :
892 878 949 929 et
976 869 1215 949 eos,qui
1238 869 1483 930 caeleste
1507 886 1725 949 corpus
1746 877 1843 930 aut
1865 865 2050 929 alicu-

395 960 497 1039 jus
524 956 772 1021 alterius
804 957 1084 1019 essentiae
1111 958 1317 1020 dicunt
1363 977 1497 1020 esse
1543 978 1613 1021 ex
1664 957 1840 1019 nobis
1869 956 1943 1019 ab
1974 974 2048 1017 eo

402 1062 699 1124 acceptam
727 1052 877 1108 servi
904 1052 1147 1109 formam
1166 1061 1436 1123 tanquam
1458 1052 1769 1110 delirantes
1785 1051 2045 1122 ejiciunt:

406 1146 461 1199 et
485 1156 588 1200 eos
609 1137 713 1215 qui
737 1136 885 1198 duas
906 1138 1147 1218 quidem
1167 1136 1409 1200 Domini
1432 1146 1678 1198 naturas
1701 1135 2051 1197 fabulantur

400 1236 539 1290 ante
560 1228 870 1293 unionem.
912 1235 1042 1307 post
1066 1228 1346 1289 unionem
1399 1246 1541 1287 vero
1592 1246 1794 1297 unam,
1828 1224 2052 1287 feriunt

400 1318 805 1380 anathemate:
835 1335 1021 1378 unum
1042 1325 1100 1377 et
1122 1317 1401 1377 eumdem
1426 1315 1641 1378 Filium
1670 1314 2051 1377 concorditer

399 1407 782 1483 conﬁtentes,
818 1405 1140 1470 Dominum
1178 1414 1445 1467 nostrum
1476 1405 1681 1469 Jesum
1716 1404 2040 1479 Christum,

398 1502 716 1570 perfectum
743 1502 797 1557 in
827 1500 1212 1567 divinitate,ot
1239 1500 1551 1570 perfectum
1579 1501 1636 1556 in
1663 1500 2041 1562 humanitate.

398 1589 590 1651 Deum
626 1604 791 1662 vere,
822 1605 1007 1649 unum
1039 1595 1096 1648 et
1120 1584 1424 1647 eumdem:
1466 1595 1522 1646 et
1546 1584 1853 1647 hominem
1878 1602 2038 1659 vere,

2133 508 2358 584 διασπᾷν
2418 513 2751 593 ἐπιχειροῦσι
2831 517 3124 593 μυστήριον
3199 519 3635 595 παρατάττονται
3696 520 3802 574 καὶ

2132 601 2255 663 τοὺς
2311 602 2559 670 παθητὴν
2611 610 2701 659 τοῦ
2762 607 3079 682 μονογενοῦς
3133 607 3253 662 Υἱοῦ
3305 614 3397 663 τοῦ
3428 615 3565 664 Θεοῦ
3596 606 3801 683 λέγειν

2132 688 2446 765 τολμῶντας
2501 693 2600 760 τὴν
2654 693 2882 758 θεότητα
2916 702 3006 751 τοῦ
3032 696 3175 772 ἱεροῦ
3201 695 3462 773 συλλόγου
3492 697 3800 754 ἀπωθοῦν-

2132 801 2242 860 ται,
2280 779 2373 836 mi
2419 794 2539 845 τοῖς
2586 781 2670 837 ἐπὶ
2713 789 2820 839 τῶν
2866 781 2952 839 δύο
2994 785 3204 863 φύσεων
3235 792 3327 842 τοῦ
3359 793 3595 864 Χριστου
3648 792 3800 859 upi-

2131 891 2212 924 σιν
2274 872 2302 938 ἢ
2361 874 2619 951 σύγχυσιν
2704 871 3003 930 ἐπινοοῦσιν
3060 875 3395 932 ἀνθίστανται
3432 892 3447 906 '
3518 878 3611 933 καὶ
3657 878 3806 939 τοὺς

2131 958 2371 1036 οὐράνιον
2402 960 2437 1029 ἢ
2469 961 2651 1040 ἐτέρας
2697 966 2840 1027 τινος
2886 964 3065 1028 οὗσίας
3098 965 3361 1046 ὑπάρχειν
3392 967 3491 1033 τὴν
3521 964 3577 1030 ἐξ
3622 968 3809 1040 ἡμῶν

2130 1047 2429 1128 ληφθεῖσαν
2476 1054 2616 1126 αύτῷ
2672 1059 2764 1109 τοῦ
2824 1052 3012 1112 δούλου
3069 1059 3306 1129 μορφὴν,
3366 1056 3807 1134 παραπαίοντες

2132 1136 2518 1221 ἐξελαύνουσιν,
2555 1143 2644 1197 καὶ
2692 1142 2815 1204 τοὺς
2871 1141 2958 1197 δύο
3003 1143 3101 1217 μὲν
3140 1146 3461 1216 μυθεύοντας
3509 1146 3619 1221 πρὸ
3687 1145 3805 1211 τῆς

2130 1226 2369 1292 ἐνώσεως
2407 1238 2499 1286 τοῦ
2534 1232 2720 1308 Κυρίου
2748 1231 2930 1310 φύσεις
2969 1249 2981 1263 ·

2131 1318 2622 1393 ἀναθεματίζουσιν,
2687 1319 2777 1376 ἕνα
2848 1322 2936 1377 καὶ
3015 1322 3102 1376 τὸν
3162 1324 3319 1379 αὐτὸν
3377 1322 3806 1400 ὁμολογοῦντες

2129 1408 2427 1487 συμφώνως
2475 1411 2596 1465 rte)»
2651 1411 2741 1466 τὸν
2806 1411 2991 1488 Κύριον
3050 1413 3207 1485 ἡμῶν
3273 1408 3481 1476 Ἰησοῦν
3508 1416 3793 1492 Χριστὸν,

2126 1495 2332 1553 τέλειον
2372 1499 2428 1554 ἓν
2486 1499 2720 1565 θειότητι
2767 1500 2851 1554 καὶ
2883 1498 3087 1555 τέλειον
3118 1498 3171 1555 ἐν
3206 1498 3597 1576 ἀνθρωπότητι,
3630 1506 3801 1560 Θεὸν

2126 1584 2341 1654 ἀληθῶς
2373 1589 2463 1644 τὸν
2494 1586 2584 1644 ἕνα
2617 1590 2701 1645 καὶ
2748 1591 2839 1645 τὸν
2898 1591 3053 1645 αὐτὸν
3112 1591 3200 1646 καὶ
3252 1587 3521 1667 ἄνθρωπον
3551 1592 3801 1661 ἀληθῶς

3048 1232 3172 1305 μίαν
3206 1230 3259 1287 δὲ
3292 1234 3427 1305 μετά
3456 1235 3555 1300 τὴν
3579 1232 3806 1291 ἕνωσιν

397 1695 466 1739 ex
490 1676 687 1738 anima
709 1676 962 1738 rationis
976 1695 1231 1757 corpore
1255 1684 1530 1756 compote
1557 1675 1748 1754 et,qui
1773 1683 1864 1737 est
1884 1675 2044 1755 ejus-

2131 1676 2185 1732 ἒκ
2242 1680 2428 1756 ψυχῆς
2460 1676 2686 1756 λογικῆς
2718 1680 2806 1735 καὶ
2850 1679 3126 1759 σώματος,
3173 1680 3456 1755 ὁμοούσιον
3485 1684 3579 1738 τὸν
3610 1686 3801 1743 αὖτὸν

394 1762 531 1827 dem
558 1763 1050 1845 essentiaa.cujus
1088 1767 1283 1838 Pater,
1311 1763 1469 1846 quod
1490 1762 1789 1825 attinetad
1822 1762 2040 1824 divini-

2131 1767 2205 1841 τῷ
2262 1767 2423 1835 Πατρὶ
2475 1768 2609 1824 κατά
2666 1769 2765 1835 τὴν
2828 1768 3057 1836 θεότητα
3130 1770 3219 1826 καὶ
3276 1771 3558 1845 ὁμοούσιον
3631 1772 3801 1846 ἡμῖν

395 1854 957 1935 tatem:etejusdem
983 1855 1262 1917 essentia:
1278 1854 1448 1934 cujus
1465 1867 1819 1933 nos.praater
1840 1871 2045 1933 pecca-

2131 1857 2294 1934 χωρὶς
2352 1855 2609 1935 ἁμαρτίας
2646 1874 2662 1891 ’
2722 1860 2813 1914 τὶν
2864 1860 3017 1915 αὑτὸν
3048 1860 3187 1915 κατά
3228 1857 3325 1926 τὴν
3354 1860 3798 1945 ἀνθρωπότητα,

395 1949 812 2015 tum,cumdem
835 1948 993 2021 quod
1018 1949 1088 2006 ad
1106 1950 1684 2005 humanitatemzante
1708 1946 1910 2004 secula
1927 1947 2045 2019 qui-

2131 1946 2227 2021 πρὸ
2283 1945 2487 2003 αἰώνων
2548 1947 2645 2022 μὲι.
2704 1947 2764 2004 ἐκ
2822 1954 2915 2005 τοῦ
2978 1949 3181 2022 Πατρος
3244 1953 3568 2028 γεννηθέντα
3638 1957 3801 2012 κατὰ

395 2030 531 2094 dem
550 2040 752 2095 natum
768 2050 839 2095 ex
857 2032 1124 2106 Patre,in
1148 2031 1378 2095 ultimis
1401 2040 1601 2093 autem
1626 2029 2045 2113 diebus,prop-

2131 2035 2225 2103 τὴν
2279 2038 2533 2110 θεότητα,
2592 2037 2877 2117 πασχόντα
2924 2034 2980 2092 δὲ
3031 2034 3101 2093 δι’
3131 2039 3277 2113 ἡμᾶς
3306 2040 3428 2103 τοὺς
3459 2039 3801 2119 ἀνθρώπους

393 2130 487 2182 ter
509 2139 616 2184 nos
632 2121 911 2183 homines
928 2127 987 2182 et
1006 2129 1250 2203 propter
1270 2127 1533 2183 nostram
1557 2121 1914 2195 salutem,ex
1926 2122 2045 2185 Ma-

2131 2125 2214 2180 ιιαῖ
2269 2121 2355 2180 διὰ
2408 2125 2509 2192 τὴν
2558 2125 2823 2203 ἡμετέραν
2881 2125 3172 2200 σωτηρίαν,
3258 2126 3318 2183 ὲκ
3392 2132 3598 2208 Μαρίας
3670 2138 3796 2201 τῆς

391 2211 481 2272 ria
499 2209 748 2290 Virgine
769 2218 825 2273 et
855 2210 1406 2293 Deiparente,quod
1428 2212 1641 2272 attinet
1662 2210 1733 2272 ad
1759 2210 2039 2273 humani-

2131 2212 2389 2292 Παρθένου
2440 2216 2525 2270 καὶ
2583 2215 2849 2272 Θεοτόκου
2879 2216 3014 2272 κατὰ
3044 2217 3140 2284 τὴν
3187 2216 3574 2294 ἀνθρωπιὶτητα
3610 2236 3628 2253 ⁸
3674 2221 3788 2280 ἕνα

395 2307 791 2363 tatemzenum
815 2309 870 2362 et
890 2300 1170 2363 eumdem
1194 2300 1403 2363 Filium
1433 2299 1900 2379 unigenitum,et
1920 2301 2039 2363 Do-

2131 2305 2211 2360 καὶ
2267 2305 2359 2360 τὸν
2415 2303 2573 2361 αὐτὸν
2634 2304 2823 2379 Κύριον
2882 2304 3089 2372 Ἰησοῦν
3150 2306 3379 2381 Χριστὸν
3436 2307 3490 2365 ἓν
3525 2306 3617 2367 δύο
3661 2311 3781 2388 φύ-

395 2388 624 2451 minum
643 2391 848 2453 Jesum
874 2390 1173 2455 Christum
1196 2389 1257 2452 in
1289 2390 1522 2452 duabus
1543 2389 1793 2462 naturis,
1826 2392 2042 2453 incon—

2131 2414 2278 2450 σεσιν
2336 2392 2682 2474 ἀσυγχύτως,
2740 2393 3041 2472 ἀτρέπτως,
3127 2393 3442 2474 ἀδιαιρέτως
3500 2402 3790 2478 γνωριζό.

390 2479 1388 2561 fuse,immutabiliter,individue,
1415 2480 1513 2561 qui
1537 2480 1634 2561 pie
1659 2479 2044 2559 cognoscitur

2131 2505 2283 2558 μενον
2334 2481 2427 2538 καί
2485 2484 2947 2561 προσκυνούμενον
3004 2485 3105 2539 ὑπὸ
3147 2485 3362 2541 πάντων
3400 2492 3506 2542 τῶν
3562 2497 3791 2547 πιστῶν

393 2578 453 2657 et
471 2569 756 2632 adoratnr
772 2571 846 2633 ab
874 2571 1157 2633 omnibus
1177 2569 1475 2634 ﬁdelibus:
1495 2569 1773 2651 quoniam
1797 2577 2041 2631 sanctus

2131 2571 2378 2646 εύσξϐὧς,
2423 2569 2554 2629 διότι
2613 2573 2711 2649 μὲν
2749 2574 2776 2628 ὀ
2818 2572 2970 2652 ἅγιος
3016 2570 3272 2640 Ἰωάννης
3315 2575 3416 2642 τὴν
3453 2575 3645 2657 ἀρχὴν
3686 2587 3789 2638 τοῦ

393 2656 636 2739 quidem
652 2660 915 2723 Joannes
929 2658 1320 2722 conscribens
1335 2659 1691 2739 principium
1704 2657 2033 2738 Evangelii,

2131 2659 2448 2740 [εὐαγγελίου
2481 2662 2921 2740 συγγραφόμενᾶς
2950 2685 3114 2739 φησιν
3150 2679 3163 2693 ⁶
3205 2682 3228 2718 I
3264 2662 3356 2721 Ἐν
3414 2656 3569 2745 ἀρχῇ
3632 2668 3703 2737 ἦν
3753 2673 3788 2728 ὁ

392 2748 560 2810 dixit:
588 2774 616 2803 ι
643 2751 706 2812 In
736 2748 1035 2830 principio
1061 2748 1497 2820 eratVerbum,
1536 2756 1593 2809 et
1620 2749 1879 2810 Verbum
1914 2757 2041 2810 erat

2131 2752 2294 2830 Λόγος
2324 2752 2414 2806 καὶ
2456 2753 2483 2806 ὁ
2529 2753 2700 2830 Λόγος
2734 2752 2800 2819 ἦν
2836 2766 2968 2830 προς
3012 2754 3103 2809 τὸν
3149 2754 3301 2827 Θεὸν,
3357 2755 3442 2810 καὶ
3475 2759 3618 2820 Θεὸς
3650 2759 3722 2826 ἦν
3754 2763 3787 2816 ὁ

390 2838 545 2919 apud
581 2841 795 2914 Deum,
831 2848 890 2901 et
943 2838 1102 2902 Deus
1150 2849 1276 2901 erat
1305 2838 1567 2902 Verbum
1601 2840 1679 2902 18.
1719 2863 1741 2897 ο
1782 2836 2039 2901 Sanctus

2131 2842 2315 2920 Λόγος.
2362 2832 2453 2898 ιὈ
2485 2839 2532 2896 δὲ
2569 2842 2721 2920 ἅγιος
2758 2846 3055 2907 Ματθατος·
3099 2841 3320 2906 «Βίϐλος
3352 2845 3626 2921 γενέσεως
3658 2849 3783 2917 ³1η-

388 2946 531 2990 vero
555 2930 870 2992 Matthaeus
900 2947 915 2989 :
951 2954 971 2985 ο
988 2928 1171 2992 Liber
1191 2929 1609 3010 generationis
1627 2928 1767 2992 Jesu
1789 2927 2034 3005 Christi,

2131 2937 2213 2987 τοῦ
2246 2938 2493 3009 Χριστοῦ,
2557 2934 2668 2989 υἱοῦ
2715 2930 2898 3011 Δαϐὶδ,
2954 2933 3063 2990 υἱοῦ
3112 2931 3382 3011 Ἀϐραὰμ,
3421 2958 3448 2991 ι
3491 2939 3587 2993 καὶ
3636 2941 3783 2996 κατά

392 3017 501 3080 ﬁlii
529 3017 850 3101 David,ﬁlii
877 3019 1183 3082 Abraham
1212 3020 1269 3069 ¹9
1296 3039 1368 3123 :“v
1409 3019 1561 3081 etiis
1584 3018 2032 3123 convenienter,

2131 3028 2276 3078 τοῦτο
2327 3025 2372 3077 οἱ
2404 3019 2527 3096 μετ’
2558 3020 2747 3084 αύτούς
2790 3022 2929 3099 ἅγιοι
2963 3022 3192 3101 Πλτέρες
3243 3025 3340 3092 τὴν
3387 3025 3624 3092 θεότητα
3686 3032 3787 3086 καὶ

391 3109 495 3189 qui
517 3118 723 3188 postea
745 3110 936 3171 secuti
959 3117 1101 3171 sunt
1121 3108 1551 3181 sanctiPatres,
1580 3108 1948 3170 divinitatem
1981 3118 2039 3170 et

2131 3111 2220 3178 τὴν
2266 3110 2652 3188 ἀνθρωπὸτητα
2701 3118 2794 3168 τοῦ
2823 3111 2940 3174 ἑνὸς
2985 3114 3106 3170 Υἱοῦ
3137 3119 3227 3168 τοῦ
3259 3119 3394 3170 Θεοῦ
3422 3111 3786 3183 διδάσκοντες

388 3197 821 3259 humanitatem
847 3199 1027 3259 unius
1047 3198 1181 3259 Filii
1209 3197 1315 3260 Dei
1339 3196 2040 3273 docentes,tradiderunt

2131 3197 2454 3277 παρέδωκαν,
2492 3201 2668 3263 καθὼς
2726 3202 2815 3257 καὶ
2872 3203 2897 3256 ὁ
2957 3201 3234 3268 θεσπέσιος
3288 3202 3493 3267 Παῦλός
3540 3229 3728 3285 φησιν
3769 3226 3789 3242 ·

391 3286 709 3349 omnibus:
740 3286 1041 3368 quomodo
1067 3287 1245 3348 etiam
1272 3286 1415 3348 dicit
1440 3286 1673 3347 divinus
1693 3285 1915 3347 Paulus
1938 3285 2034 3348 2θε

2131 3312 2150 3346 ε
2188 3287 2421 3369 Παῦλος,
2468 3288 2655 3353 δοῦλος
2718 3289 2899 3357 ἰησοῦ
2930 3298 3160 3370 Χριστοῦ
3204 3291 3405 3361 κλητὸς
3436 3293 3794 3372 ἀπόστολος,

393 3375 646 3438 «Paulus
668 3374 1031 3438 servusJesu
1049 3374 1294 3455 Christi,
1330 3384 1575 3437 vocatus
1596 3374 2039 3456 apostolus,se-

2131 3379 2488 3460 Ξιςρωρισμὲνος
2521 3380 2595 3444 εἷς
2626 3378 2951 3458 Εὖαγγὲλιον
2998 3388 3153 3457 Θεοῦ,
3206 3381 3235 3437 ’ὁ
3292 3387 3793 3463 προεπηγγείλατο

383 3474 664 3546 gregatus
684 3468 755 3531 ad
783 3465 1166 3546 Evangelium
1195 3466 1491 3548 Dei,quod
1522 3471 1687 3547 prius
1708 3467 2033 3529 annuntia-

2131 3467 2203 3525 διὰ
2263 3475 2368 3527 τῶν
2424 3477 2717 3549 προφητῶν
2778 3472 2951 3527 αὒτῶν
3007 3471 3063 3528 ἐν
3118 3478 3357 3552 Γραφαϊς
3418 3471 3607 3551 ἀγίαις
3641 3482 3786 3555 περὶ

386 3566 513 3618 tum
538 3556 648 3618 fuit
670 3575 778 3639 per
800 3558 1131 3638 prophetas
1174 3575 1318 3619 suos
1340 3558 1403 3618 in
1447 3555 1781 3638 Scripturis
1813 3559 2036 3620 sanctis

2131 3566 2209 3616 που
2271 3560 2393 3617 Υἰοῦ
2445 3564 2599 3619 abso-3
2654 3567 2747 3615 τοῦ
2804 3558 3095 3638 γενομένου
3151 3560 3211 3619 Eat
3253 3562 3565 3639 σπέρματος
3612 3563 3794 3624 Δαᾶδ

384 3646 461 3709 de
481 3646 632 3709 Filio
655 3648 896 3729 suo,qui
920 3648 1111 3711 factus
1134 3646 1241 3709 fuit
1266 3666 1334 3709 ex
1360 3649 1590 3709 semine
1614 3645 1799 3709 David
1822 3663 2036 3708 secun-

2131 3649 2252 3706 ιατά
2297 3650 2469 3729 σάρκα
2523 3648 2617 3707 τοῦ
2674 3650 2972 3729 ὁρισθέντος
3044 3653 3166 3707 Υἱοῦ
3241 3652 3375 3708 Θεοῦ
3425 3651 3480 3708 ἓν
3540 3651 3787 3732 δυνάμει

382 3736 524 3799 dum
550 3754 817 3798 carnem:
845 3736 1129 3799 deﬁnitus
1152 3735 1339 3798 Filius
1358 3735 1466 3798 Dei
1489 3734 1548 3795 in
1568 3735 2033 3810 virtute,secun-

2131 3739 2251 3795 ιατά
2308 3738 2616 3809 Πνεύματος
2679 3739 2983 3818 ἀγιωσύνης
3059 3739 3112 3806 ἐξ
3170 3739 3511 3806 ἀναστάσεως
3557 3752 3787 3823 νεκρῶν

384 3826 526 3888 dum
560 3824 850 3906 Spiritum
904 3824 1424 3901 sanctiﬁcationis,
1457 3843 1529 3886 ex
1583 3823 2032 3887 resurrectione

2136 3834 2293 3895 Ιησοῦ
2350 3833 2577 3904 Χριστοῦ
2620 3835 2711 3885 τοῦ
2759 3829 2944 3909 Κυρίου
2985 3830 3143 3901 ἡμῶν
3179 3845 3193 3860 ⁸
3256 3853 3285 3886 ιν
3337 3829 3393 3896 ’ός
3449 3832 3538 3889 καὶ
3601 3834 3783 3894 πάλιν

383 3926 757 3979 mortuorum
805 3914 949 3980 Jesu
1000 3915 1221 3979 Christi
1262 3917 1498 3977 Domini
1524 3912 1713 3975 nostri
1734 3912 1811 3978 εί.
1850 3936 1873 3970 ο
1914 3913 2030 3989 Qui

2131 3916 2555 3997 ῖυσωπικώτερόν
2598 3934 2801 3999 φησιν’
2858 3939 2883 3974 ε
2934 3915 3159 3985 Ἐπειδὴ
3203 3919 3305 3998 γάρ
3364 3917 3430 3975 δι’
3475 3921 3783 4001 ἀνθρώπου

385 4006 568 4068 etiam
591 4023 799 4068 rursus
819 4005 968 4068 dicit
992 4006 1368 4068 reverentius
1388 4002 1438 4046 εί
1466 4026 1481 4063 :
1514 4004 1841 4076 «Quoniam
1869 4009 2028 4066 enim

2131 4010 2141 4061 ι
2197 4006 2444 4087 θάνατος,
2507 4007 2597 4062 καὶ
2649 4004 2718 4062 δι’
2770 4006 3047 4084 ἀνθρώπου
3096 4006 3387 4074 ἀνάστασις
3432 4016 3637 4090 νεαρῶν
3675 4033 3696 4048 ο
3738 4039 3776 4072 ι

382 4114 493 4177 per
514 4094 822 4159 hominem
871 4114 1057 4171 mors,
1092 4102 1152 4156 et
1182 4112 1288 4175 per
1320 4093 1627 4156 hominem
1662 4093 2030 4155 resurrectio

2131 4095 2203 4152 ιαὶ
2229 4102 2395 4152 ταῦτα
2425 4094 2730 4174 ἑρμηνεύων
2770 4096 3009 4175 ὲπιφέρει
3047 4112 3062 4128 ’
3105 4120 3129 4153 ιι
3166 4094 3377 4177 ’Ὥσπερ
3410 4098 3509 4178 γὰρ
3565 4101 3626 4157 ἒν
3690 4111 3786 4180 τῷ

386 4195 831 4263 πιοηιιοιηιηη»
851 4195 909 4248 et
928 4186 1055 4247 haec
1076 4182 1832 4264 interpretans.subjungit:
1848 4185 2032 4257 (Quo-

2136 4182 2287 4258 Λδάμ.
2320 4185 2516 4248 πάντες
2550 4183 2996 4261 ἀποθνήσκουτιν,
3031 4184 3199 4249 οὕτως
3230 4188 3315 4244 καὶ
3350 4186 3406 4243 ἐν
3436 4194 3511 4262 τῷ
3541 4196 3783 4267 Χριστῷ

385 4274 566 4337 modo
596 4276 759 4337 enim
791 4276 853 4336 in
883 4275 1075 4338 Adam
1108 4292 1323 4335 omnes
1354 4273 1719 4352 moriuntur,
1743 4274 1822 4334 ita
1852 4274 2027 4335 etiam

2131 4274 2309 4339 τάντες
2358 4276 2880 4346 ζωοποιηθήσονται,
2940 4299 2968 4332 π
3032 4284 3208 4334 Ταυτα
3263 4276 3434 4333 τοίνυν
3483 4278 3783 4347 ἀποδεξά-

383 4365 444 4427 in
476 4367 613 4429 Jesu
673 4364 915 4428 Christo
974 4382 1186 4426 omnes
1232 4360 1692 4424 viviﬁcabuntur
1718 4360 1797 4424 Ἠ.
1832 4386 1855 4419 υ
1892 4360 2030 4425 Haec

2131 4385 2272 4429 ιενος
2317 4366 2345 4420 ὁ
2403 4364 2669 4443 μακάριος
2726 4364 2780 4421 ἓν
2833 4364 3168 4446 πληροφορίᾳ
3210 4368 3370 4446 θεϊκῇ
3425 4367 3515 4423 καὶ
3546 4368 3781 4429 συνέσει

383 4474 524 4536 ergo
558 4474 691 4517 cum
727 4455 969 4535 legisset
999 4464 1056 4517 et
1088 4453 1435 4516 admisisset
1464 4452 1698 4525 beatus,
1733 4450 1794 4512 in
1829 4450 2030 4513 divina

2131 4454 2451 4529 πνευματικῇ
2494 4439 2809 4529 συνθέμενος
2854 4439 3038 4533 ἀπῄει·
3085 4439 3139 4510 ἓν
3205 4439 3619 4535 Ῥουιρινιαναῐς.
3693 4464 3781 4521 Οὐ

383 4546 791 4607 satisfactione
808 4556 864 4607 et
878 4545 1141 4625 Spiritali
1157 4542 1555 4622 intelligentia
1574 4542 2033 4616 assensus,abiit

2131 4545 2225 4624 ίρὴ
2281 4544 2369 4600 οὖν
2413 4546 2553 4618 ἡμᾶς
2603 4544 2657 4609 ἒξ
2704 4543 2920 4623 ἀγνοίας
2954 4542 3221 4613 λοιδορεῖν
3250 4544 3285 4613 ἢ
3318 4542 3622 4606 διαϐάλλειν
3655 4553 3780 4620 τὴν

380 4632 769 4696 Rumnianas.
796 4634 924 4697 Non
951 4643 1191 4716 Oportet
1213 4634 1342 4714 (8“)
1370 4641 1567 4694 autem
1603 4649 1711 4692 nos
1746 4649 1817 4692 ex
1851 4631 2027 4711 igno-

2131 4634 2269 4712 ἱγίαν
2328 4631 2542 4691 σύνοδον
2600 4634 2822 4710 ταύτην,
2886 4633 3024 4690 ἀλλὰ
3082 4632 3289 4708 μᾶλλον
3341 4637 3404 4693 τὸ
3452 4639 3620 4718 σαφὲς
3668 4644 3783 4701 καὶ

380 4724 575 4787 rentia
637 4723 972 4786 maledictis
1023 4723 1303 4787 insectari
1358 4730 1456 4783 aut
1488 4719 1844 4783 calumniari
1877 4720 2030 4781 hanc

2131 4722 2309 4791 ὶληθὲς
2339 4723 2791 4802 ἐπιγινώσκοντας
2822 4721 3209 4805 ἀποδέχεσθαι.

382 4827 651 4878 sanctam
687 4813 977 4894 synodum
1007 4835 1023 4891 ;
1056 4813 1165 4874 sed
1201 4813 1422 4892 potius,
1447 4811 1609 4892 quod
1645 4808 2026 4873 manifestum

384 4910 474 4966 est
504 4910 561 4963 et
590 4919 793 4963 verum
830 4909 1249 4981 agnoscentes,
1286 4899 1624 4960 admittere.

461 4988 662 5055 XLIII.
697 4979 901 5072 Itaque
951 5010 1084 5053 cum
1145 4988 1336 5050 sancti
1387 4986 1630 5068 quidem
1665 4989 1871 5049 Patres
1902 4987 2027 5047 hinc

2196 4979 2329 5053 ΜΓ,
2375 4994 2491 5049 Τῶν
2536 4991 2634 5066 μὲν
2677 4990 2765 5048 οὖν
2805 4990 2990 5069 ἁγίων.
3040 4990 3294 5069 Πατέρων
3352 4994 3652 5074 συμφώνως
3709 4996 3773 5058 ἒν

381 5081 836 5148 concorditerin
864 5081 1089 5164 synodo
1113 5077 1522 5142 declarassent
1545 5084 1605 5137 et
1626 5076 2023 5153 deﬁniissent,

2131 5079 2179 5149 ςῇ
2229 5078 2428 5155 συνόδῳ
2517 5088 2676 5137 ταῦτα
2749 5078 3221 5160 διασαφησάντων,
3288 5084 3373 5139 καὶ
3431 5085 3766 5164 ὃρισάντων,

382 5181 439 5238 et
461 5172 877 5254 unusquisque
899 5172 971 5235 ad
997 5190 1139 5235 suos
1159 5165 1793 5240 reverteretur,noluit
1821 5166 2029 5229 beatus

2131 5172 2199 5227 ιαὶ
2242 5169 2467 5226 ἑκάστου
2523 5170 2610 5225 ἐπὶ
2669 5169 2732 5225 τὰ
2789 5169 2963 5225 οἰκεῖα
3011 5166 3396 5251 ἒκδημοῦντος,
3431 5172 3535 5253 ούχ
3567 5174 3770 5234 εἵλετο

380 5268 715 5331 Auxentius
736 5262 937 5326 redire
955 5262 1030 5326 ad
1049 5262 1311 5345 priorem
1336 5255 1745 5330 montem,sed
1771 5258 1829 5318 in
1842 5257 2027 5321 altum

2131 5284 2139 5315 ι
2197 5260 2458 5335 μακάριος
2504 5260 2579 5322 εἷς
2622 5259 2683 5315 τὸ
2727 5256 2982 5337 πρότερον
3030 5258 3362 5338 ὑποστρέψαι
3415 5260 3563 5340 ὄρος,
3628 5262 3765 5322 ἀλλ⁹

380 5355 747 5437 asperiorem
771 5360 831 5415 et
850 5354 1148 5428 altiorem,
1159 5348 1504 5434 propiorem
1528 5353 1727 5409 autem
1743 5346 2029 5413 Rufﬁnia-

2131 5352 2185 5412 ;ἶς
2240 5347 2420 5426 ἕτερον
2448 5348 2776 5428 τραχύτερον
2806 5347 2898 5404 καὶ
2938 5345 3274 5430 ὑψηλότερον
3307 5369 3324 5389 °
3373 5349 3766 5434 πλησιώτερον

460 5513 517 5561 ⁸⁸
539 5512 711 5581 Joan.
746 5534 789 5597 ι,
827 5516 886 5579 1.
972 5511 1029 5557 ¹⁹
1058 5510 1262 5576 Matth.
1297 5528 1340 5593 ι,
1376 5510 1433 5572 1.
1519 5508 1583 5562 90
1611 5510 1789 5574 Rom.
1824 5524 1867 5588 ι,
1902 5509 1931 5572 1
1964 5512 2045 5573 Ii,

2131 5511 2240 5575 lor.
2271 5525 2371 5587 xv,
2402 5508 2503 5573 21.
2590 5505 2645 5550 ³³
2673 5503 2828 5574 Ibid.
2863 5506 2963 5573 22.

464 5672 595 5759 (δ”)
636 5694 659 5731 ο
693 5669 858 5737 Abiit
884 5670 1289 5748 Rufﬁnlanas,
1321 5669 1536 5735 dicens
1570 5691 1587 5733 :
1621 5670 1755 5737 Non
1785 5680 2045 5759 oportet,

2151 5680 2266 5739 etc.
2298 5672 2516 5738 Baron.
