4060 6206
295 302 450 373 1413

1594 301 1780 372 VITA
1825 306 1885 370 S.
1942 293 2345 368 AUXENTII.

3503 292 3654 365 1414

288 440 344 496 δὲ
403 443 663 520 ὑπαρχων
751 431 1147 520 Ῥουιρινιανῶν,
1222 437 1453 514 τοῦνομα
1511 446 1733 518 Σκῶππι⁷
1809 437 1921 500 τοὺς

2015 434 2131 508 nis,
2168 433 2412 494 nomine
2434 431 2713 511 Scopem,
2747 430 2969 510 rogavit
3018 449 3144 510 eos,
3193 430 3293 511 qui
3325 433 3654 494 convenie-

286 528 712 610 συνερχομένοῦς
781 529 1004 597 ἥξίωσεν
1062 529 1274 605 ἐνέγκαι
1352 531 1534 601 αὐτὸν,
1610 530 1695 584 καὶ
1765 527 1931 588 οὕτως

287 621 426 676 κατὰ
468 621 530 674 τὸ
575 619 830 697 πρότερον
885 619 1078 698 σχῆμα
1127 620 1218 674 τὸν
1263 619 1424 674 πόθον
1467 619 1624 674 αὐτοῦ
1659 616 1928 693 ἀνύοντες,

285 708 378 764 σὺν
411 721 531 771 τοῖς
577 707 638 764 ἐκ
680 715 774 764 τοῦ
805 709 1165 785 μοναστηρίου
1194 706 1248 763 ἐν
1277 707 1323 780 ᾧ
1353 706 1618 784 διέτριψεν
1651 704 1926 784 ἀδελφοῖς.

286 797 424 868 μετὰ
477 795 708 871 ψαλμῶν
772 798 860 853 καὶ
938 795 1117 871 ὕμνων
1174 798 1268 852 καί
1347 793 1495 870 ᾠδῶν
1552 799 1930 869 πνευματικῶν

283 886 556 963 ἀνήγαγον
616 888 774 942 αὒτὸν
844 889 940 943 καί
987 885 1309 953 ποιήσαντες
1349 881 1575 940 κλουϐὸν
1619 886 1680 940 ἐκ
1735 881 1926 956 ξύλων,

285 979 356 1037 ὡς
400 975 580 1052 ὄρνεον
612 976 858 1050 ὕψιτενὲς
889 975 1218 1045 ἐνέκλεισαν,
1273 973 1452 1053 θυρίδα
1483 973 1646 1048 μόνον
1676 974 1927 1037 ἐρίσαντες

285 1067 416 1143 πρὸς
477 1067 578 1134 την
635 1072 741 1121 τῶν
815 1065 1268 1144 παραγινομένων
1330 1065 1616 1140 συντυχίαν
1672 1063 1810 1120 κατὰ
1867 1063 1928 1118 τὸ

284 1157 545 1232 πρότερον
602 1161 798 1235 σχῆμα
824 1172 839 1188 ⁶
889 1158 976 1218 οἷς
1020 1155 1374 1229 ἐπευξάμενος
1404 1155 1492 1210 καὶ
1522 1152 1748 1208 ἕκαστον
1791 1173 1927 1209 κατ-

283 1245 665 1318 ασπασάμενος
749 1245 950 1309 πάντας
1033 1243 1295 1300 ἀπέλυσεν
1332 1291 1348 1317 ,
1447 1241 1768 1309 καταληθεὶς
1854 1244 1927 1304 ὡς

285 1335 556 1411 στρουθίον
611 1335 842 1409 μονάζον
885 1334 971 1390 ἐπὶ
1007 1333 1222 1407 δόματι,
1274 1335 1608 1413 εὐχαριστῶν
1650 1337 1728 1404 τῷ
1760 1333 1930 1410 Κυρίῳ

285 1421 368 1478 διὰ
397 1429 493 1490 τῆς
530 1426 785 1494 συνήθους
816 1425 1050 1503 ἡσυχίας
1083 1445 1137 1480 τε
1159 1424 1246 1480 καὶ
1273 1422 1603 1500 δοξολογίας.

370 1601 508 1664 ΜΔ’,
555 1601 870 1679 Ἀπέριττον
917 1601 971 1658 δὲ
1002 1604 1088 1660 καὶ
1122 1602 1328 1677 μᾶλλον
1353 1600 1623 1682 ὠφέλιμον
1657 1601 1926 1680 ἡγούμεθα

285 1692 347 1748 τὸ
417 1691 772 1769 διηγήσασθαι
847 1699 1082 1770 μερικῶς
1154 1694 1243 1748 καὶ
1311 1693 1435 1755 τοὺς
1507 1694 1730 1748 ἐνταῦθα
1801 1692 1925 1748 ἐπι-

2017 524 2383 603 bant,ipsum
2409 522 2965 602 deducere.Sicque
2989 521 3049 580 in
3085 521 3267 600 priori
3291 521 3495 583 habitu
3518 522 3653 601 ejus

2015 612 2378 674 desiderium
2412 612 2900 692 implentes,cum
2935 609 3245 672 Fratribus
3269 613 3368 690 qui
3390 619 3559 673 erant
3582 630 3653 673 ex

2015 703 2382 763 monasterio
2427 701 2489 761 in
2534 720 2650 780 quo
2697 709 2786 761 est
2815 709 3106 772 versatus,
3141 718 3276 760 cum
3313 700 3559 781 psalmis
3590 712 3651 764 et.

2015 792 2251 871 hymnis
2277 801 2332 852 et
2363 790 2613 852 canticis
2643 789 3018 869 spiritalibus
3053 807 3186 850 eum
3223 789 3599 852 deduxerunt
3632 811 3647 854 :

2012 889 2234 942 etcum
2268 880 2510 959 globum
2550 898 2619 942 ex
2648 879 2829 958 lignis
2855 878 3451 958 fecissent,tanquam
3484 898 3652 941 avem

2010 973 2268 1035 sublime
2297 973 2822 1053 volantem,ipsum
2856 973 2915 1034 in
2944 992 3014 1034 eo
3049 973 3446 1047 incluserunt,
3471 993 3649 1035 unam

2011 1066 2194 1127 solam
2229 1065 2500 1127 sinentes
2533 1066 2880 1139 fenestram,
2915 1065 2988 1125 ad
3038 1066 3514 1126 conveniendum
3548 1085 3655 1128 eos

2011 1160 2109 1236 qui
2129 1154 2598 1230 accedebant,eo
2616 1155 2734 1216 ritu
2756 1174 2872 1236 quo
2900 1156 3321 1234 prius.Quibus
3341 1154 3495 1217 bene
3518 1175 3650 1234 pre-

2013 1255 2199 1321 catus,
2225 1254 2282 1306 et
2304 1263 2796 1324 unumquemque
2827 1245 3148 1318 osculatus,
3177 1264 3390 1306 omnes
3422 1245 3648 1309 dimisit

2014 1336 2070 1396 in
2106 1353 2271 1415 pace,
2307 1334 2548 1396 relictus
2604 1353 2838 1407 rursus,
2869 1343 3145 1415 tanquam
3207 1353 3411 1416 passer
3439 1337 3648 1398 solita-

2013 1426 2140 1485 rius
2176 1423 2230 1472 ΞΒ
2254 1441 2435 1504 supra
2479 1431 2726 1497 tectum,
2789 1424 2911 1486 Deo
2942 1443 3129 1503 agens
3158 1425 3378 1504 gratias
3411 1437 3652 1508 propter

2009 1524 2352 1577 consuetam
2385 1513 2647 1595 quietem
2683 1522 2742 1576 et
2771 1515 3290 1593 glorificationem.

2079 1607 2201 1664 Non
2224 1609 2479 1664 alienum
2500 1616 2690 1663 autem
2707 1610 3117 1665 existimamus
3133 1616 3304 1677 atque
3326 1608 3468 1665 adeo
3489 1610 3652 1680 utile,

2008 1691 2346 1769 singulatim
2379 1697 2791 1770 narrare,quz‘e
2823 1691 2918 1752 hic
2955 1692 3010 1751 ei
3043 1696 3422 1770 contigerunt
3453 1701 3650 1754 tenta-

280 1779 582 1854 συμϐάντας
661 1787 806 1856 αὐτῷ
875 1784 1203 1860 πειρασμοὺς
1277 1783 1381 1838 ὑπὸ
1438 1788 1544 1837 τῶν
1615 1781 1921 1858 ἀκαθάρτων

2011 1780 2206 1842 tiones
2255 1779 2329 1842 ab
2375 1781 2703 1842 immundis
2749 1789 2807 1842 et
2841 1781 3116 1860 malignis
3147 1781 3482 1860 spiritibus.
3525 1781 3656 1846 Una

280 1872 625 1946 πνευμάτων.
692 1878 800 1944 Μιᾷ
868 1873 970 1950 γὰρ
1044 1875 1190 1928 νυκτὶ
1241 1870 1682 1951 προσευχομένου
1739 1874 1921 1950 αὖτοῦ,

280 1959 592 2024 ἐπιστάντες
655 1962 703 2017 οἱ
761 1959 1009 2037 δαίμονες
1055 1963 1130 2026 εἷς
1171 1960 1371 2027 πλῆθος
1431 1960 1672 2035 ἄπειρον,
1720 1959 1774 2016 ἐν
1819 1959 1928 2015 δια-

279 2049 462 2128 φόροις
507 2051 1002 2130 σχηματιζόμένοι,
1074 2051 1557 2121 κατακτυποῦντες,
1603 2049 1922 2128 βρύχοντες⁹

279 2139 648 2214 ἀπειλοῦντες,
698 2144 793 2199 οὒκ
854 2140 1094 2221 ἴσχυσαν
1142 2143 1234 2197 τὸν
1279 2139 1397 2196 νοῦν
1443 2139 1604 2196 αὒτοῦ
1646 2146 1920 2218 πειρᾶσαι.

285 2227 534 2305 Πληγαϊς
578 2231 669 2284 οὗν
714 2231 872 2286 αὐτὸν
901 2232 1189 2304 κόψαντες,
1221 2228 1390 2303 ᾢοντο
1439 2227 1522 2286 διὰ
1581 2233 1680 2295 τῆς
1723 2226 1923 2306 θυρίδος

282 2316 502 2383 ἐξωθοῦν
548 2321 686 2393 μετὰ
742 2318 950 2386 πολλῆς
1009 2320 1107 2386 τῆς
1167 2321 1310 2396 βίας,
1370 2317 1593 2394 θρύλλον
1649 2325 1924 2382 ποιοὸντες

282 2409 372 2464 καὶ
422 2407 867 2483 διαταράσσοντες
924 2410 1138 2471 ἑαυτοὺς
1214 2408 1416 2482 μᾶλλον
1499 2406 1636 2485 ἤπερ
1691 2407 1922 2482 ἐκεῖνον,

284 2500 498 2575 φωναῖς
543 2499 777 2573 ἀσήμοις
808 2501 1038 2574 βοῶντες
1074 2516 1089 2531 ⁸
1124 2499 1185 2558 Τί
1220 2521 1300 2555 σοι
1353 2500 1438 2554 καὶ
1487 2511 1612 2560 ταῖς
1656 2497 1877 2576 ἐρήμοις
1908 2519 1923 2570 ;

282 2587 558 2666 ἀναχώρει
603 2594 708 2645 τῶν
752 2588 1056 2666 ἡμετέρων.
1116 2585 1268 2646 Ἀλλ’
1303 2591 1329 2644 ὁ
1363 2589 1622 2664 μακάριος
1671 2589 1926 2664 γενναίως

282 2675 480 2754 φέρων,
527 2677 619 2732 τὸν
648 2677 810 2734 τύπον
860 2685 954 2735 τοῦ
1000 2678 1266 2756 σωτηρίου
1310 2677 1534 2755 σταυροῦ
1578 2678 1698 2734 κατ’
1754 2680 1927 2734 αὐτῶν

282 2762 609 2844 διαχαράξας
644 2814 660 2838 ,
746 2767 1104 2844 ἀτονωτέρους
1217 2765 1577 2829 ἀπεδείκνυεν.
1672 2766 1776 2824 Καὶ
1861 2766 1926 2834 δὴ

283 2856 500 2928 πρωίας
548 2855 839 2932 γενομένης
892 2855 1012 2912 κατ’
1071 2857 1310 2914 εὐδοκίαν
1365 2864 1460 2914 τοῦ
1513 2863 1666 2932 Θεοῦ,
1715 2857 1774 2913 ἐκ
1831 2857 1924 2913 τοῦ

284 2943 567 3018 εἰρημένου
624 2944 884 3010 πολλάκις
943 2945 1202 3026 ἐμπορίου
1251 2938 1626 3026 Ῥουφινιανῶν
1684 2947 1771 3003 καὶ
1831 2954 1922 3004 τοῦ

282 3031 465 3088 ἐκεῖσε
545 3037 901 3114 μοναστηρίου
976 3035 1334 3114 παρεγένοντο
1391 3038 1634 3100 πλείονες
1688 3038 1923 3116 μοναχοί

2011 1869 2172 1931 enim
2206 1879 2384 1930 nocte
2415 1888 2486 1930 eo
2520 1871 3127 1950 orante,accedentes
3152 1870 3454 1933 daemones
3475 1872 3653 1934 innu-

2011 1958 2740 2033 merabiles,diversarum
2766 1959 3062 2021 visionum
3083 1959 3318 2040 species
3341 1980 3459 2040 prae
3481 1981 3544 2024 se
3567 1962 3651 2024 fe-

2006 2050 3262 2129 rentes,strepentes,rugientes,minantes,
3289 2069 3409 2112 non
3435 2059 3648 2130 potue-

2007 2147 2152 2208 runt
2185 2148 2444 2200 mentem
2475 2139 2608 2218 ejus
2643 2149 2896 2201 terrere.
2927 2139 3075 2202 Cum
3108 2156 3244 2200 eum
3295 2157 3434 2218 ergo
3467 2139 3652 2221 plagis

2007 2227 2373 2300 effecissent,
2404 2228 2686 2308 putabant
2727 2231 2856 2290 fore
2883 2237 2944 2289 ut
2968 2248 3032 2290 se
3055 2228 3411 2291 duturbaret
3436 2248 3541 2309 per
3562 2230 3654 2293 fe-

2011 2326 2440 2390 nestram,cum
2471 2317 2528 2379 vi
2553 2337 2765 2397 magna
2789 2319 3106 2379 tumultum
3135 2318 3473 2391 edentes,et
3493 2319 3653 2400 seip-

2011 2425 2107 2470 sos
2125 2413 2310 2486 magis
2333 2426 2511 2488 quam
2540 2407 2711 2468 illum
2738 2407 3527 2481 conturbantes,inconditis
3551 2429 3651 2471 vo-

2012 2495 2181 2557 cibus
2199 2497 2622 2560 exclamantes:
2651 2497 2808 2570 Quid
2842 2498 2943 2559 tibi
2965 2517 3096 2558 cum
3124 2497 3347 2558 nostris
3366 2496 3654 2563 desertis?

2011 2584 2251 2647 Recede
2281 2605 2314 2648 a
2347 2584 2527 2648 rebus
2557 2589 2801 2659 nostris,
2838 2587 2990 2649 male
3036 2587 3195 2648 enim
3232 2605 3295 2647 es
3327 2591 3651 2666 periturus.

2010 2676 2128 2736 Sed
2163 2674 2371 2736 beatus
2408 2678 2743 2738 Auxentius
2776 2677 3007 2738 fortiter
3035 2677 3463 2757 ferens,crucis
3494 2678 3649 2758 ligu-

2009 2783 2135 2826 ram
2170 2764 2230 2825 in
2255 2784 2357 2826 eos
2381 2767 3020 2846 exprimens,reddidit
3042 2766 3648 2831 imbecilliores.Cum

2006 2855 2220 2916 fuisset
2251 2865 2447 2916 autem
2487 2875 2683 2930 mane,
2717 2867 2781 2916 ut
2804 2855 2927 2917 Deo
2954 2857 3192 2936 placuit,
3222 2875 3291 2918 ex
3313 2875 3471 2937 saepe
3492 2857 3651 2920 dicto

2009 2945 2277 3024 emporio
2297 2945 2866 3026 Rufftnianarum,et
2890 2945 3154 3025 eo,quod
3180 2944 3301 3006 illic
3328 2955 3477 3028 erat,
3514 2967 3650 3010 mo-

2007 3035 2686 3108 nasterio,accesserunt
2709 3035 2913 3116 plures
2939 3035 3217 3095 monachi
3251 3043 3310 3096 et
3336 3037 3645 3114 mundani,

277 3138 338 3174 τε
400 3119 498 3176 καί
554 3124 801 3197 κοσμικοὶ
852 3124 939 3178 ἐπὶ
985 3126 1046 3181 τὸ
1105 3123 1457 3202 εὐλογηθῆναι
1490 3127 1578 3180 καὶ
1620 3125 1920 3182 ἀπολαῦσαι

2010 3136 2070 3185 ut
2087 3122 2570 3185 benedictionem
2587 3123 2659 3184 ab
2681 3142 2750 3184 eo
2771 3132 3287 3200 consequerentur
3307 3134 3364 3184 et
3381 3125 3652 3188 frueren-

275 3207 374 3274 τῆς
414 3207 704 3277 καλλίστης
749 3212 908 3268 αὐτου
937 3214 1248 3294 συντυχίας.
1291 3204 1382 3276 (Ως
1428 3212 1484 3268 δὲ
1530 3212 1590 3270 ἐκ
1632 3218 1730 3282 τῆς
1787 3214 1922 3293 ἄγαν

275 3303 387 3351 τῶν
443 3298 754 3378 ἀκαθάρτων
814 3311 1134 3376 πνευμάτων
1173 3303 1542 3380 ταλαιπωρίας
1598 3303 1763 3379 μόλις
1821 3307 1921 3362 αὖ·

276 3399 400 3450 τοῖς
457 3388 558 3454 τὴν
613 3388 791 3468 θυρίδα
834 3391 1058 3465 ἀνέῳξεν
1115 3393 1204 3450 καὶ
1265 3393 1695 3470 παρακλητικοτς
1740 3393 1922 3470 λόγοις

275 3475 547 3556 ἐκέχρητο
584 3483 792 3558 αὐτοῖς,
852 3483 926 3544 ὡς
986 3483 1084 3550 τὴν
1144 3483 1314 3539 αἰτίαν
1373 3488 1471 3549 τῆς
1504 3485 1770 3550 τοσαύτης
1802 3483 1924 3540 ἆτο-

277 3565 399 3628 νίας-
438 3567 692 3625 ἐπύθοντο
724 3583 738 3598 ⁸
772 3577 864 3627 τοῦ
895 3568 949 3626 δὲ
981 3570 1250 3638 φήσαντος
1298 3570 1376 3646 μὴ
1437 3572 1583 3628 εἶναι
1625 3573 1922 3652 κακουχίαν

277 3657 625 3736 σωματικὴν,
685 3655 805 3713 ἀλλ’
865 3658 1134 3738 ἐνέργειαν
1193 3659 1532 3732 διαϐολικην,
1589 3661 1803 3740 γνόντες
1875 3665 1924 3718 οἱ

278 3743 538 3822 παρόντες
612 3745 892 3828 ἡσύχασαν
924 3767 937 3781 ·
1013 3751 1102 3806 καὶ
1174 3751 1463 3828 παράθεσιν
1517 3747 1924 3826 ἐξαιτησάμενοι

279 3833 595 3909 κατήεισαν.
647 3837 998 3916 Συχνοτέρως
1052 3837 1106 3894 δὲ
1163 3836 1403 3919 ἤρχοντο
1451 3841 1584 3918 πρὸς
1645 3840 1924 3916 ἐπίσκεψιν

279 3923 464 3998 αὐτοῦ,
512 3922 746 3998 μάλιστα
787 3929 834 3982 οἱ
887 3928 947 3984 ἐκ
992 3934 1088 3985 τοῦ
1139 3928 1520 4004 μοναστηρίοο.
1582 3927 1781 4004 Ἠμεϊς
1837 3930 1924 3987 οὖν

278 4013 414 4088 πρὸς
471 4014 530 4068 τὸ
574 4013 653 4087 μὴ
698 4015 841 4094 παρᾶ
883 4017 945 4072 τὸ
981 4016 1171 4096 μέτρον
1221 4019 1313 4074 τὸν
1358 4019 1518 4095 λόγον
1561 4021 1919 4092 μηκυνθῆναι,

276 4100 404 4158 τοὺς
464 4098 687 4168 λοιποὺς
743 4107 1070 4182 πειρασμοὺς
1113 4106 1168 4162 ἐν
1229 4114 1307 4180 τῷ
1373 4106 1614 4186 προτέρῳ
1667 4107 1775 4185 ὄρει
1835 4109 1920 4166 καὶ

275 4191 334 4245 ιν
377 4190 547 4264 τούτῳ
587 4193 984 4271 γεγενημένους
1015 4193 1102 4251 ἐπ’
1147 4195 1291 4270 αὐτῷ
1321 4193 1680 4276 διηγήσασθαι
1735 4220 1918 4276 παρῃ-

276 4277 554 4353 τησάμεθα
588 4298 606 4317 ·
652 4284 741 4338 καὶ
784 4284 885 4361 γὰρ
931 4285 1002 4348 εἰς
1035 4283 1266 4363 ἄγγελον
1324 4288 1499 4365 φωτὸς
1560 4284 1918 4362 μεταϐληθεὶς

273 4369 304 4423 ὁ
365 4371 622 4445 πονηρὸς,
683 4370 758 4434 ὥς
816 4394 978 4452 φησιν
1036 4375 1064 4428 ὁ
1116 4371 1468 4455 Ἀπόστολος²
1522 4375 1730 4448 ἀπατᾷν
1759 4378 1916 4434 αὐτὸν

2009 3221 2106 3273 tur
2129 3212 2532 3292 pulcherrima
2559 3214 2692 3290 ejus
2712 3211 3280 3275 contentione.Cum
3307 3232 3446 3274 vero
3471 3233 3652 3296 prop-

2008 3311 2099 3363 ter
2123 3301 2365 3362 nimiam
2418 3301 2865 3362 immundorum
2915 3300 3234 3381 spirituum
3264 3301 3652 3365 alllictionem

2006 3392 2098 3452 vix
2127 3391 2368 3452 tandem
2394 3391 2483 3452 eis
2508 3392 2847 3471 aperuisset
2868 3392 3495 3468 fenestram,etverbis
3509 3413 3654 3456 usus

2006 3494 2158 3542 esset
2179 3483 2334 3554 apud
2349 3501 2447 3543 eos
2471 3485 2902 3552 consolatoriis,
2919 3496 3201 3556 rogarunt
3222 3501 3458 3542 causam
3481 3495 3653 3545 tantae

2006 3568 2618 3632 imbecillitatis.Cum
2648 3569 2698 3630 is
2719 3579 2916 3631 autem
2944 3571 3215 3640 dixisset,
3243 3589 3360 3631 non
3395 3589 3527 3632 esse
3558 3571 3650 3632 af-

2007 3659 2334 3721 ﬂictionem
2362 3660 2654 3740 corporis,
2679 3661 2785 3720 sed
2818 3659 3176 3720 diabolicam
3208 3659 3645 3740 operationem,

2008 3748 2064 3810 id
2084 3759 2538 3828 cognoscentes,
2566 3755 2663 3830 qui
2688 3749 2959 3819 aderant.
2989 3749 3290 3810 siluerunt
3313 3756 3372 3809 et
3394 3757 3646 3811 conten-

2011 3841 2234 3901 tionem
2278 3839 2497 3901 auferri
2543 3839 2942 3919 deprecantes
2987 3837 3462 3900 descendebant.
3496 3837 3645 3902 Fre-

2008 3929 2294 4009 quentius
2316 3939 2515 3991 autem
2557 3927 2926 3992 accedebant
2965 3928 3038 3990 ad
3089 3946 3227 3992 eum
3279 3928 3644 3990 visitandum

2008 4026 2273 4082 maxime
2295 4021 2397 4102 qui
2417 4030 2591 4081 erant
2614 4039 2682 4082 ex
2711 4021 3098 4095 monasterio;
3133 4037 3243 4080 nos
3282 4035 3444 4095 vero,
3477 4035 3554 4079 ne
3582 4018 3646 4080 in

2005 4109 2365 4171 immensum
2390 4119 2690 4172 cresceret
2715 4109 2926 4183 oratio,
2963 4111 3226 4190 reliquas
3261 4107 3641 4183 tentationes,

2005 4218 2140 4280 quae
2163 4199 2224 4259 in
2251 4200 2432 4278 priori
2463 4209 2664 4261 monte
2690 4209 2746 4260 et
2787 4200 2847 4260 in
2886 4199 3001 4260 hoc
3041 4199 3209 4261 facta;
3233 4207 3370 4260 sunt
3392 4198 3452 4259 in
3478 4216 3638 4274 eum,

2003 4306 2252 4350 narrare
2275 4289 2780 4352 recusavimus.ln
2801 4289 3076 4368 angelum
3106 4288 3264 4349 enim
3288 4289 3438 4350 lucis
3457 4296 3646 4350 muta-

2005 4384 2096 4438 tus
2121 4376 2506 4455 malignus,ut
2533 4378 2679 4438 dicit
2701 4377 3024 4458 Apostolus
3044 4376 3379 4456 2‘,putabat
3402 4395 3469 4438 se
3502 4395 3641 4438 eum

269 4458 436 4531 ᾣετο⁹
498 4458 622 4516 ἀλλ’
675 4464 773 4519 οὐκ
802 4461 869 4529 ἧν
911 4460 1180 4528 εὐάλωτος
1230 4465 1258 4520 ὁ
1311 4467 1595 4544 μακάριος,
1632 4465 1830 4545 σφόδρα
1861 4463 1916 4523 δὲ

2010 4465 2416 4547 deceptorum.
2445 4465 2562 4530 Sed
2597 4487 2716 4528 non
2747 4466 2921 4528 facile
2953 4467 3086 4547 capi
3117 4476 3348 4547 poterat
3378 4465 3588 4528 beatus
3624 4488 3639 4531 :

268 4547 482 4638 μᾶλλον
539 4549 792 4628 ἔμπειρος
852 4553 912 4608 ἐκ
967 4554 1068 4619 τῆς
1126 4559 1234 4609 τῶν
1288 4555 1439 4611 θείων
1493 4543 1711 4636 Γραφῶν
1763 4543 1915 4613 διδα-

2010 4563 2061 4617 et
2110 4543 2358 4636 pulchre
2394 4555 2733 4631 resistebat,
2797 4575 2930 4617 cum
2983 4543 3144 4618 esset
3195 4555 3365 4618 valde
3417 4559 3646 4638 peritus

268 4634 498 4701 σκαλίας
508 4685 522 4700 ,

353 4725 493 4788 ME'.
555 4727 718 4787 "005v
773 4732 863 4787 καὶ
917 4741 1039 4794 τοῖς
1094 4731 1473 4812 συντρέχουσιν
1521 4732 1582 4789 ἐκ
1609 4739 1709 4800 τῆς
1742 4759 1915 4815 μεγα-

267 4817 518 4892 Αωνύμου
579 4820 1190 4887 Κωνσταντινουπόλεως
1251 4829 1344 4879 καί
1407 4835 1526 4886 τοῖς
1557 4822 1775 4890 λοιποῖς
1811 4833 1916 4883 τῶν

269 4905 580 4984 ἐπιχωρίων
622 4911 900 4986 προσηνὴς
956 4909 1022 4977 ἧν
1077 4914 1164 4967 καὶ
1220 4911 1652 4992 παρακλητικὸς,
1711 4917 1756 4971 εἷ
1813 4921 1911 4973 καὶ

270 5015 354 5056 τις
412 4994 597 5072 ἄλλος,
656 5003 756 5065 τῆς
800 4999 995 5077 ἀρετῆς
1059 5001 1166 5057 τῶν
1221 5000 1398 5079 λόγων
1455 5004 1616 5060 αὖτοῦ
1671 5004 1911 5071 ἅπαντας

268 5085 745 5160 προσκαλουμένης
779 5090 864 5144 καὶ
907 5094 1005 5156 τῆς
1057 5092 1175 5168 περὶ
1219 5091 1378 5149 αὐτοῦ
1421 5092 1607 5170 φήμης
1658 5095 1746 5150 καὶ
1790 5099 1911 5159 τοὺς

260 5170 449 5250 πορῥω
480 5171 841 5253 ἐφελκομένης
882 5194 895 5208 ’
950 5180 1089 5235 κατὰ
1147 5179 1237 5236 οὖν
1287 5181 1348 5236 τὸ
1377 5180 1556 5244 εἰωθὸς
1590 5183 1732 5256 αὑτῴ
1791 5186 1911 5249 τοὺς

258 5265 502 5341 πρωϊθεν
554 5264 879 5346 ἐρχομένους
941 5269 1078 5342 μετὰ
1123 5269 1307 5347 τρίτην
1365 5269 1506 5348 ὥραν
1537 5269 1761 5330 ἀπέλυεν
1815 5277 1906 5330 καί

258 5353 405 5442 τοὺς
427 5352 615 5412 ἔπειτα
648 5358 783 5430 μέτα
824 5356 923 5423 τὴν
959 5355 1124 5424 ἕκτην
1150 5379 1168 5398 ο
1202 5358 1298 5416 οὐκ
1341 5359 1396 5416 ἐν
1426 5360 1584 5437 ἀγρίᾳ
1623 5359 1676 5417 δὲ
1736 5385 1909 5442 προσ-

262 5438 489 5516 εδρεύειν
558 5445 680 5508 τοὺς
734 5444 1194 5525 ἐπισυνηγμένους
1243 5448 1411 5529 ἠφίει,
1466 5448 1588 5506 ἀλλ’
1631 5451 1667 5519 ἢ
1724 5438 1789 5509 ἐν⁷
1833 5458 1910 5531 τῷ

345 5600 405 5654 εδ
439 5603 593 5670 Psal.
627 5622 706 5672 cr.
792 5607 857 5660 Ἃ
887 5606 940 5672 ll
970 5607 1107 5677 Cor.
1141 5629 1183 5676 ι.

2000 4644 2289 4707 doctrinae
2318 4645 2650 4706 divinarum
2687 4645 3162 4724 Scripturarum.

2079 4733 2428 4798 XLV.Unde
2457 4735 2634 4796 etiam
2666 4733 2742 4794 iis
2764 4734 2867 4812 qui
2887 4736 2958 4795 ad
2980 4736 3175 4814 ipsum
3201 4732 3646 4798 conveniebant

1993 4833 2069 4885 ex
2100 4825 2431 4886 clarissima
2463 4824 2978 4906 Constantinopoli
3002 4835 3060 4885 et
3082 4824 3338 4904 reliquis
3376 4826 3507 4904 ejus
3529 4825 3644 4886 loci

2000 4913 2367 4988 hominibus,
2403 4924 2534 4975 erat
2563 4915 2733 4975 valde
2766 4915 2927 4974 mitis
2959 4925 3018 4975 et
3051 4914 3410 4994 placidus,et
3433 4913 3505 4974 ad
3540 4931 3644 4974 eos

1995 5003 2393 5064 consolandos
2423 5002 2934 5084 accommodatus,
2956 5013 3023 5063 ut
3051 5003 3102 5063 si
3137 5003 3269 5082 quis
3300 5001 3476 5074 alius,
3505 5019 3640 5062 om-

1997 5111 2106 5154 nes
2134 5092 2458 5153 advocante
2490 5093 2621 5171 ejus
2644 5093 2962 5153 verborum
2989 5095 3297 5170 virtute,et
3329 5090 3462 5170 ejus
3485 5089 3642 5153 fama

1998 5182 2271 5243 trahente
2309 5199 2412 5243 eos
2454 5182 2628 5243 etiam
2663 5182 2766 5261 qui
2828 5182 3032 5262 procul
3067 5192 3234 5242 erant
3284 5179 3528 5244 remoti.
3563 5179 3640 5244 Ut

1995 5291 2136 5351 ergo
2194 5279 2614 5349 consueverat,
2667 5288 2769 5331 eos
2819 5269 2921 5348 qui
2953 5288 3126 5331 mane
3156 5269 3507 5346 veniebant,
3543 5271 3642 5333 di-

1995 5358 2270 5424 mittebat
2302 5368 2434 5442 post
2463 5361 2671 5422 horam
2703 5359 2936 5422 tertiam
2967 5376 2979 5422 :
3037 5372 3096 5420 et
3118 5359 3221 5440 qui
3250 5367 3475 5438 postea,
3507 5367 3642 5441 post

1993 5460 2247 5517 sextam.
2279 5453 2412 5516 Non
2444 5450 2680 5513 sinebat
2700 5457 2900 5512 autem
2933 5451 2994 5510 in
3025 5445 3148 5512 otio
3177 5449 3498 5513 considere
3532 5467 3640 5516 eos
