4060 6206
195 378 353 460 tm

1504 372 1686 450 νην
1728 383 1788 447 s.
1837 368 2237 447 AUXENTII.

3409 378 3568 448 1418

189 528 326 605 οῧσῃ
386 526 477 585 καὶ
540 522 933 601 πεπηρωμένῃ,
987 522 1061 586 ὡς
1122 520 1261 597 μήτε
1336 519 1437 587 τὴν
1492 518 1832 578 διδασκαλίαν

1933 515 2169 597 )portet
2198 532 2337 595 ergo
2364 514 2551 577 menti
2583 520 2820 592 nostrae,
2850 530 2985 597 qure
3014 512 3095 579 ita
3124 522 3214 579 est
3236 526 3550 590 occaecata,

190 624 299 674 τῶν
340 616 494 672 θείων
540 613 761 693 Γραφῶν
828 611 1187 690 εἰσδέχεσθαι,
1217 609 1253 678 ἢ
1284 623 1593 684 κατανοεῖν,
1640 608 1835 688 ὁδηγὸν

188 707 505 763 ἐπισπεῖσαι
548 704 641 761 τὸν
704 700 897 769 εὐσεϐῆ
942 700 1203 779 λογισμὸν
1272 701 1363 757 καὶ
1416 698 1835 777 προηγουμένως

185 798 281 853 τὸν
332 792 496 875 φόϐον
539 799 632 850 τοῦ
680 799 835 866 Θεοῦ,
885 791 1032 854 ὅστις
1078 793 1429 869 κατορθοῦται
1486 787 1571 845 διὰ
1628 811 1831 870 συχνο-

186 885 345 963 τέρας
403 882 638 953 δεήσεως
683 905 741 939 τε
776 882 866 939 καὶ
899 885 1210 959 προτευχῆς
1253 881 1386 957 πρὸς
1425 880 1488 935 τὸ
1531 879 1833 937 ἀπολιποῦ-

193 995 293 1030 σαν
363 972 429 1031 τὰ
487 970 663 1050 γεώδη
722 972 810 1029 καὶ
889 969 1113 1048 φθαρτὰ,
1188 968 1275 1025 ἐπὶ
1343 970 1410 1025 τὰ
1479 969 1693 1047 οὖράνια
1748 971 1837 1026 καὶ

193 1062 433 1141 ἄφθαρτα
502 1058 827 1118 ἀπεϐὶέπειν
881 1059 1196 1138 πράγματα.
1264 1061 1325 1117 Ὀ
1395 1059 1495 1136 γὰρ
1539 1057 1836 1136 διορατικὸς

191 1154 265 1228 τῇ
560 1151 650 1207 καὶ
700 1147 1129 1223 πεπαιδευμένος
1192 1153 1260 1224 τῇ
1302 1145 1528 1227 διανοίᾳ,
1576 1152 1634 1208 οὗ
1674 1148 1835 1224 μόνον

196 1253 315 1305 τοῖς
364 1250 699 1315 σωματικοῖς
730 1237 1029 1318 ὀφθαλμοῖς
1071 1235 1343 1315 ἐπιτρέπει
1402 1238 1503 1305 τὴν
1548 1243 1654 1294 τῶν
1697 1241 1838 1317 ὁρω-

197 1329 376 1405 μένων
410 1329 713 1404 ἐπίσκεψιν,
777 1327 915 1384 ἀλλὰ
971 1329 1059 1385 καὶ
1118 1340 1236 1393 τοῖς
1281 1332 1380 1394 τῆς
1412 1329 1600 1407 ψυχῆς
1633 1328 1838 1396 μᾶλλον

197 1418 512 1489 ἐνατενίζειν
547 1420 622 1481 είς
666 1427 762 1484 τήν
804 1423 912 1474 τῶν
955 1416 1196 1495 ἀοράτων
1240 1417 1586 1483 κατανόησιν·
1626 1420 1838 1491 θεωρῶν

199 1507 296 1582 μὲν
346 1512 455 1563 τῶν
499 1505 799 1581 νοουμένων
845 1527 903 1562 τε
947 1507 1036 1562 καὶ
1078 1508 1182 1563 τῶν
1226 1505 1626 1582 πιστευομένων
1670 1506 1839 1563 ἀπλα-

195 1598 307 1662 νῶς
364 1597 464 1664 τὴν
505 1596 827 1676 ὑπόστασιν,
876 1596 1085 1674 φεύγων
1150 1593 1205 1650 δὲ
1265 1596 1359 1663 τὴν
1419 1594 1839 1671 πεπλανημένην

196 1686 288 1742 καὶ
349 1686 626 1766 μοχθηρὰν
683 1692 780 1742 τοῦ
838 1686 953 1763 βίου
1012 1684 1373 1761 προσπάθειαθ
1416 1686 1502 1741 καὶ
1560 1687 1837 1763 γυμνάζων

192 1773 429 1853 ἀκριϐῶς
473 1776 537 1832 τὰ
586 1776 904 1855 αἱσθητήρια
954 1776 1086 1853 πρὸς
1128 1776 1228 1842 τὴν
1270 1784 1365 1833 τοῦ
1407 1773 1573 1831 καλοῦ
1603 1776 1691 1831 καὶ
1733 1797 1837 1832 κα-

1920 615 1982 670 ut
2012 625 2212 688 neque
2246 606 2580 668 divinarum
2614 607 3062 688 Scripturarum
3091 607 3423 671 doctrinam
3457 608 3558 671 ad-

1921 696 2112 757 mittat
2138 708 2238 758 aut
2265 696 2579 776 intelligat,
2605 696 2896 759 adhibere
2929 696 3145 759 ducem
3181 698 3337 778 piam
3370 699 3558 760 ratio-

1920 794 2151 860 nem,et
2177 784 2478 866 prrecipue
2516 786 2790 848 timorem
2823 785 3070 865 Dei,qui
3099 796 3266 849 recte
3296 806 3404 849 suo
3430 788 3561 850 funv

1924 876 2080 954 gitur
2111 876 2307 938 officio
2341 894 2449 956 per
2479 875 2849 956 frequentem
2875 877 3312 952 orationem,ad
3337 877 3449 941 hoc
3474 886 3559 953 ut,

1921 965 2146 1027 relictis
2173 963 2356 1026 rebus
2390 965 2777 1027 terrestribus
2809 975 2866 1027 et
2897 966 2957 1027 in
2991 986 3140 1047 quas
3193 966 3351 1029 cadit
3399 968 3561 1029 inte-

1920 1052 2095 1129 ritus,
2129 1054 2202 1116 ad
2237 1055 2502 1117 coelestia
2559 1055 2866 1135 suscipiat.
2903 1055 3016 1128 Qui
3050 1058 3208 1117 enim
3245 1065 3332 1118 est
3362 1057 3562 1119 animo

1922 1146 2235 1226 perspicax
2270 1153 2328 1206 et
2386 1152 2586 1205 mente
2632 1145 2926 1219 eruditus,
2963 1165 3081 1207 non
3114 1146 3424 1228 corporeis
3453 1167 3557 1209 so-

1922 1232 2043 1294 lum
2081 1233 2319 1295 mandat
2353 1234 2540 1295 oculis
2565 1233 2999 1314 inSpectionem
3030 1253 3237 1298 eorum
3270 1255 3401 1317 qua;
3424 1255 3562 1298 cer-

1922 1326 2279 1395 nuntur,sed
2312 1322 2527 1384 animae
2558 1333 2998 1404 quoque,atque
3028 1325 3175 1385 adeo
3215 1326 3398 1388 multo
3431 1345 3563 1388 ma—

1919 1411 2033 1492 gis,
2058 1411 2247 1474 oculis
2271 1412 2586 1473 intendere
2612 1412 3162 1475 considerationem
3195 1432 3400 1477 eorum
3427 1435 3561 1497 quae

1922 1520 2042 1563 non
2074 1503 2296 1564 cadunt
2325 1501 2435 1563 sub
2466 1512 3018 1583 aspectum,eorum
3051 1522 3183 1581 quae
3217 1505 3561 1583 intelligen-

1924 1592 2003 1652 tia
2036 1592 2469 1672 percipiuntur,
2525 1593 2938 1672 contemplans
2968 1593 3099 1654 sine
3144 1612 3348 1656 errore
3379 1594 3560 1657 subs-

1923 1682 2195 1761 tantiam,
2249 1682 2484 1758 fugiens
2537 1690 2735 1743 autem
2791 1692 3093 1745 errantem
3128 1693 3187 1747 et
3226 1686 3560 1766 improbam

1922 1770 2055 1833 vitae
2085 1771 2485 1845 affectionem,
2551 1778 2610 1831 et
2658 1788 2869 1833 sensus
2928 1772 3247 1852 diligenter
3278 1792 3565 1836 exercens

190 1872 289 1922 κοῧ
341 1863 625 1944 διάκρισιν,
689 1864 1046 1929 Ἀποστάντες
1129 1865 1229 1943 γὰρ
1319 1866 1365 1919 οἱ
1421 1864 1686 1943 ἅνθρωποι
1739 1865 1838 1933 τῆς

1933 1859 1998 1922 ad
2024 1859 2164 1923 boni
2195 1867 2253 1921 et
2287 1859 2426 1920 mali
2456 1858 2902 1923 discretionem.
2938 1861 3222 1924 Hominas
3255 1863 3563 1945 enim,qui

193 1954 321 2033 περί
379 1962 471 2011 τοῦ
527 1953 695 2018 ὄντως
754 1953 951 2033 ἀγαθοῦ
1006 1951 1238 2021 σπονδῆς
1303 1975 1361 2009 τε
1404 1956 1493 2010 καὶ
1530 1952 1837 2029 ἐπιμελείας

194 2042 290 2100 ἐπὶ
341 2042 563 2121 ἔρωταςκ
585 2044 853 2119 σωμάτων
894 2045 983 2100 καὶ
1014 2044 1112 2111 τὴν
1144 2043 1369 2122 ἔψυχων
1402 2042 1535 2111 ὕλην
1564 2049 1670 2099 τῶν
1699 2067 1838 2124 χρη-

198 2134 389 2209 μάτων
446 2131 533 2189 διὰ
589 2138 685 2200 τῆς
747 2131 1053 2198 πλεονεξίας
1099 2131 1528 2208 κατωλίσθησαν,
1576 2136 1663 2190 καὶ
1711 2134 1837 2211 περΐ

197 2225 290 2279 τὸν
350 2221 546 2296 λαιμὸν
601 2223 693 2278 καὶ
750 2223 848 2289 τὴν
907 2221 1136 2300 γαστέρα
1218 2224 1316 2288 τὴν
1374 2227 1551 2278 πᾶσαν
1606 2220 1839 2291 σπουδήν

199 2313 401 2385 ἔθεντο,
458 2311 576 2368 ὅθεν
628 2313 765 2387 ἡμῖν
820 2312 907 2367 καὶ
963 2312 998 2379 ἡ
1059 2310 1259 2390 ἀρχαία
1318 2309 1581 2376 ἔκπτωσις
1622 2309 1837 2379 συνέϐη.

203 2405 265 2461 Εἰ
327 2404 417 2458 οὖν
456 2403 656 2458 τούτων
699 2399 1051 2474 ἀποστάντες,
1095 2402 1196 2467 τὴν
1249 2401 1434 2480 ψυχὴν
1478 2403 1562 2457 ἐπὶ
1592 2403 1658 2458 τὰ
1694 2400 1843 2459 θειό-

201 2513 333 2569 τερα
391 2491 771 2569 πτερώσωμεν,
859 2488 1250 2565 ἀπολαύσωμεν
1332 2492 1432 2555 τῆς
1493 2490 1841 2570 μεγαλοπρε-

200 2581 355 2647 πείας
414 2580 641 2653 ἐκείνης,
704 2584 804 2645 τῆς
861 2579 1172 2656 ἐπηρμένης
1234 2579 1331 2654 μὲν
1387 2578 1517 2657 ὑπὲρ
1566 2578 1677 2638 ἅνω
1737 2587 1844 2638 τῶν

201 2671 465 2749 οὐρανῶν,
519 2667 934 2748 ἐπηγγελμένης
965 2666 1021 2724 δὲ
1068 2675 1200 2725 πᾶσι
1242 2682 1362 2731 τοῖς
1414 2668 1715 2744 ἐκλεκτοῖς,
1757 2673 1846 2728 καὶ

199 2760 352 2819 οὐδὲν
396 2759 502 2815 ἀπὸ
545 2760 640 2826 τῆς
684 2766 778 2815 τοῦ
836 2758 1089 2833 σώματος
1133 2761 1493 2837 προπαθείας
1550 2761 1843 2836 πεισόμεθα

199 2852 392 2924 κακὸν,
440 2847 560 2905 ἀλλ’
617 2846 750 2914 ἄξιοι
795 2851 1056 2925 γενόμεθα
1088 2852 1193 2903 τῶν
1225 2849 1451 2904 uta,th
1497 2848 1726 2926 ἀγαθῶν,
1786 2840 1843 2908 'o

198 2942 306 3019 γὰρ
350 2939 482 3001 Θεὸς
530 2937 888 3003 αὸτεξουσίους
947 2940 1090 3012 ἡμᾶς
1146 2937 1396 3005 ἐποίησεν
1450 2936 1565 2994 οὖδὲ
1599 2945 1696 3013 μιᾷ
1738 2945 1844 2995 τῶν

198 3030 398 3095 ἔξωθεν
427 3028 633 3106 ἀνάγκῃ
675 3026 1118 3102 δεδουλωμένους,
1178 3026 1317 3083 ἀλλὰ
1364 3034 1430 3104 τῇ
1462 3029 1629 3101 οἰκείᾳ
1657 3029 1845 3106 γνώμῃ

200 3120 265 3175 τὸ
294 3117 522 3196 ἀρέσκον
549 3119 688 3187 ἡμῖν
716 3115 838 3173 κατ’
871 3116 1106 3181 ἐξουσίαν
1131 3116 1495 3196 αἱρουμένους.

1920 1969 1955 2012 a
1985 1968 2128 2011 cura
2158 1957 2217 2010 et
2247 1948 2443 2010 studio
2478 1948 2632 2028 ejus,
2667 1950 2825 2025 quod
2857 1959 2946 2011 est
2977 1969 3115 2013 vere
3148 1951 3566 2029 bonum,defe-

1922 2047 2156 2113 cerunt,
2192 2039 2265 2101 ad
2298 2057 2563 2100 amorem
2625 2057 2968 2120 corporum,
3026 2050 3204 2123 atque
3236 2042 3559 2104 inanimam

1922 2133 2195 2212 pecunia:
2228 2128 2563 2204 materiam,
2597 2146 2704 2209 per
2733 2130 3041 2191 avaritiam
3105 2132 3367 2213 prolapsi
3422 2144 3566 2193 sunt

1925 2227 1984 2281 et
2026 2220 2188 2280 circa
2218 2220 2416 2297 gulam
2452 2236 2520 2280 ac
2573 2230 2847 2279 ventrem
2882 2237 3060 2281 omne
3091 2239 3262 2282 suum
3296 2222 3560 2283 studium

1925 2317 2279 2390 posuerunt.
2312 2306 2481 2370 Unde
2542 2305 2717 2368 nobis
2774 2326 3008 2389 quoque
3056 2311 3335 2391 antiquus
3366 2310 3565 2391 lapsus

1927 2396 2316 2479 contigit.Qui
2350 2416 2490 2478 ergo
2521 2396 2593 2458 ab
2626 2397 2719 2457 his
2752 2396 3415 2481 defeeimus.erigamus
3438 2401 3565 2461 ani-

1927 2508 2090 2550 mum
2125 2488 2196 2550 ad
2231 2506 2299 2549 ea
2331 2506 2461 2568 quae
2492 2495 2629 2548 sunt
2652 2486 2967 2550 diviniora.
2992 2489 3285 2550 Fruamur
3312 2489 3410 2550 illa
3435 2508 3563 2551 ma-

1927 2577 2293 2657 gnificentia,
2348 2594 2481 2655 qua}
2537 2586 2627 2639 est
2686 2595 2869 2656 supra
2894 2578 3079 2640 cmlos
3111 2577 3351 2660 quidem
3386 2580 3561 2653 elata,

1930 2666 2225 2749 promissa
2251 2673 2339 2728 est
2360 2675 2552 2726 autem
2581 2664 2863 2727 omnibus
2888 2666 3128 2729 electis:
3158 2676 3216 2729 et
3246 2668 3392 2729 nihil
3428 2669 3566 2729 mali

1931 2756 2229 2838 patiamur
2259 2775 2293 2817 a
2322 2757 2492 2836 lapsu
2516 2756 2875 2831 affectionis,
2905 2757 3009 2818 sed
3038 2757 3368 2819 efficiamur
3403 2758 3568 2837 digni

1928 2846 2104 2908 bonis
2136 2845 2401 2909 mlernis.
2463 2844 2620 2906 Deus
2668 2844 2828 2907 enim
2873 2864 2981 2907 nos
3009 2846 3147 2908 fecit
3180 2846 3367 2909 libero
3396 2849 3566 2910 arbi-

1933 2937 2047 2997 trio
2084 2934 2389 3015 praeditos,
2434 2952 2631 3013 neque
2658 2934 2994 2996 servientes
3024 2935 3131 2996 ulli
3164 2944 3423 2999 externae
3455 2955 3563 3000 ne-

1929 3025 2217 3099 cessitati,
2278 3024 2385 3085 sed
2444 3023 2634 3084 libere
2694 3035 2895 3086 nostro
2952 3025 3246 3089 arbitratu
3277 3026 3565 3107 eligentes

1932 3114 2089 3198 quod
2117 3113 2292 3176 nobis
2326 3113 2540 3193 placet.

289 3205 436 3268 MG'.
469 3208 577 3273 Τὴν
607 3208 705 3285 γὰρ
757 3207 1031 3285 συμφορὰν
1072 3207 1274 3273 ταύτην
1329 3208 1429 3273 τὴν
1473 3214 1560 3263 νῦν
1617 3211 1847 3285 κρατοῦ-

2014 3204 2220 3267 XLIX.
2256 3203 2421 3265 Hanc
2452 3204 2609 3264 enim
2645 3203 3190 3285 calamitatem,qua
3223 3224 3382 3269 nunc
3405 3214 3573 3269 tene-

206 3320 306 3356 σαν
363 3299 425 3353 τὸ
478 3297 804 3375 ἀνθρώπινον
868 3296 1019 3375 γένος
1083 3302 1153 3373 τῇ
1194 3296 1377 3373 ἀπάτῃ
1436 3299 1849 3379 παρενεχθέντες

210 3388 652 3466 ἐπεσπασοίμεθα,
697 3386 759 3441 οὖ
816 3387 957 3464 παρὰ
1020 3392 1154 3442 Θεοῦ
1219 3387 1536 3463 γενομένην,
1594 3386 1673 3444 ὅτι
1720 3391 1849 3452 Θεὸς

211 3478 438 3535 θάνατον
498 3476 593 3532 οὔκ
651 3475 925 3549 ἐποίησεν,
979 3473 1095 3533 οὐδὲ
1165 3475 1413 3553 τέρπεται
1472 3475 1558 3531 ἐπ’
1612 3476 1851 3550 ἀπωλείᾳ

212 3568 451 3641 ζώντων,
486 3564 625 3621 ἀλλὰ
671 3563 868 3643 τρόπον
925 3565 1044 3621 τινὰ
1087 3566 1255 3641 ἡμεῖς
1294 3566 1497 3622 κτίσται
1541 3573 1631 3622 τοῦ
1686 3575 1853 3625 κακοῦ

211 3657 469 3737 γινόμεθα
512 3657 561 3711 οἱ
606 3652 897 3733 ἄνθρωποι.
942 3653 1153 3733 ⁸Ὠσπερ
1182 3655 1283 3734 γὰρ
1339 3656 1401 3711 τὸ
1449 3655 1679 3723 ἡλιακὸν
1740 3658 1850 3736 φῶς

214 3751 369 3823 κοινῇ
424 3746 738 3823 πρόσκειται
798 3745 960 3801 πᾶσιν
1033 3744 1124 3807 οἷς
1190 3746 1225 3812 ἡ
1303 3742 1521 3820 δύναμις
1579 3752 1671 3803 τοῦ
1730 3748 1852 3825 ὁρᾷν

213 3836 491 3915 πρόσεστι,
539 3832 753 3890 δύναταί
799 3854 901 3906 τις,
956 3833 1047 3889 ἐὰν
1104 3832 1362 3909 βουληθῇ,
1423 3834 1707 3909 καμμύσας
1762 3844 1853 3891 τὸν

213 3922 513 4003 ὀφθαλμὸν,
547 3920 880 4003 χωρισθῆναι
912 3921 1010 3989 τῆς
1040 3931 1134 3980 τοῦ
1165 3924 1340 4002 φωτὸς
1403 3920 1624 4003 δωρεᾶς,
1660 3922 1721 3978 οὒ
1764 3930 1854 3980 τοῦ

210 4013 367 4083 ἡλίου
422 4013 484 4067 τὸ
543 4012 734 4076 σκότος
790 4013 846 4067 εν
903 4010 1090 4085 ἐκείνῳ
1145 4013 1496 4086 ποιήσαντος,
1570 4012 1708 4069 ἀλλὰ
1762 4019 1856 4070 τοῦ

212 4100 649 4181 ἀποστραφέντος
738 4100 836 4169 τὴν
923 4100 1090 4167 αὐτὴν
1146 4105 1248 4167 τῆς
1316 4101 1535 4165 ἀκτῖνος
1606 4100 1854 4166 ἑκουσίως

212 4190 646 4271 ἐφελκυσαμένου
694 4192 756 4248 τὸ
784 4189 997 4266 σκότος,
1035 4187 1214 4269 ὥσπερ
1246 4190 1299 4246 εἴ
1351 4213 1430 4254 τις
1476 4191 1642 4248 οἰκίαν
1686 4193 1858 4265 ἐαυτῷ

216 4278 652 4353 κατασκευάζων,
704 4278 970 4356 μηδεμίαν
1034 4278 1244 4354 ἐντέμοι
1301 4285 1379 4353 τῷ
1422 4281 1555 4359 φωτὶ
1614 4282 1714 4350 τὴν
1772 4282 1858 4338 ἐπὶ

214 4369 284 4427 τὰ
340 4368 448 4424 ἔσω
508 4368 763 4449 πάροδον,
824 4369 1032 4445 ἀναυγῆ
1090 4367 1446 4447 ἀπεργάζεται
1506 4370 1601 4438 τὴν
1663 4372 1855 4450 οἰκίαν,

218 4460 390 4523 οὕτως
451 4461 535 4516 καὶ
592 4463 757 4534 ἡμεῖς
818 4458 871 4514 ἐν
934 4464 1004 4535 τῇ
1063 4459 1213 4538 φύσει
1272 4462 1334 4515 τὸ
1413 4458 1580 4515 καλόν
1634 4481 1692 4516 τε
1763 4459 1857 4517 καὶ

1934 3303 2031 3357 tur
2062 3295 2386 3355 humanum
2440 3311 2650 3372 genus,
2702 3294 2909 3357 fraude
2940 3294 3165 3357 inducti
3197 3295 3569 3372 attrazimus,

1936 3404 2056 3446 non
2088 3402 2121 3444 a
2152 3383 2274 3446 Deo
2309 3383 2543 3445 factam.
2579 3381 2736 3444 Deus
2767 3384 2927 3445 enim
2976 3397 3223 3446 mortem
3259 3405 3374 3448 non
3407 3385 3573 3463 fecit,

1937 3491 2134 3553 neque
2166 3472 2498 3533 delectatur
2523 3472 2763 3532 interitu
2789 3474 3048 3533 vivorum
3088 3493 3100 3531 :
3135 3474 3239 3534 sed
3281 3474 3575 3555 quodam-

1937 3561 2113 3623 modo
2148 3579 2256 3620 nos
2286 3559 2561 3620 homines
2594 3578 2799 3620 sumus
2829 3561 2964 3621 mali
2988 3561 3575 3635 creatores.Quomo-

1937 3650 2012 3711 do
2044 3649 2203 3710 enim
2237 3648 2339 3707 lux
2370 3647 2511 3708 solis
2543 3657 2631 3708 est
2660 3648 3061 3709 communiter
3108 3651 3410 3729 proposita
3440 3668 3575 3709 om-

1939 3738 2115 3800 nibus
2148 3738 2365 3818 quibus
2394 3736 2464 3798 ad
2493 3745 2582 3797 est
2612 3737 2698 3797 vis
2729 3736 3008 3814 videndi;
3042 3746 3235 3817 potest
3264 3754 3488 3813 autem,
3521 3739 3575 3800 si

1937 3828 2078 3890 velit
2108 3826 2428 3907 quispiam,
2465 3825 2750 3887 claudens
2780 3826 3323 3909 oculum,separari
3355 3846 3387 3888 a
3418 3827 3575 3889 dono

1938 3917 2090 3980 lucis
2125 3922 2265 3997 (non
2299 3915 2454 3994 quod
2487 3915 2572 3975 sol
2613 3915 2672 3975 in
2708 3915 2809 3976 illo
2840 3916 3109 3977 effecerit
3142 3916 3443 3990 tenebras,
3470 3916 3576 3979 sed

1941 4007 2095 4088 quod
2128 4005 2276 4068 radii
2333 4004 2718 4084 splendorem
2778 4013 3102 4082 aversatus,
3166 4006 3444 4068 tenebras
3475 4025 3583 4067 sua

1942 4106 2153 4177 sponte
2184 4095 2511 4172 attraxerit)
2554 4114 2566 4155 :
2602 4094 2901 4174 quomodo
2943 4095 2993 4157 si
3027 4097 3159 4176 quis
3188 4095 3431 4156 domum
3464 4098 3580 4158 sibi

1943 4195 2327 4255 construens,
2365 4183 2590 4243 nullum
2642 4184 2751 4245 luci
2805 4183 3027 4244 aditum
3066 4183 3329 4265 praabeat
3359 4184 3579 4245 intrin-

1941 4292 2138 4349 secus,
2173 4271 2487 4335 obscuram
2519 4272 2762 4334 domum
2798 4272 2978 4335 efﬁcit
3011 4295 3024 4332 :
3085 4275 3165 4335 ita
3202 4292 3307 4335 nos
3340 4292 3575 4355 quoque

1940 4364 2001 4426 in
2053 4376 2262 4425 natura
2314 4364 2602 4424 habenzes
2638 4363 2855 4424 bonum
2892 4372 2950 4423 et
2993 4362 3335 4437 honestum,
3373 4374 3578 4424 nos-iro

1941 4453 2228 4515 arbitratu
2260 4452 2635 4522 innovamus,
2673 4469 2807 4526 qute
2861 4460 3000 4511 sunt
3031 4462 3246 4528 praeter
3278 4459 3577 4526 naturam,

218 4549 420 4628 ἀγαθὸν
449 4548 674 4629 ἔχοντες
705 4547 824 4605 κατ’
870 4545 1111 4613 ἐξουσίαν
1160 4548 1226 4604 τὰ
1269 4548 1413 4627 παρὰ
1463 4549 1616 4629 φύσιν
1669 4571 1848 4607 καινο-

1944 4556 2145 4605 nostra
2180 4559 2393 4622 Sponte
2454 4542 2741 4602 maiorutn
2799 4539 3225 4620 experientiam
3259 4539 3319 4601 in
3354 4541 3496 4601 boni
3528 4552 3587 4602 et

218 4640 514 4714 τομοῦμεν,
575 4638 828 4701 ἑκουσίως
870 4637 970 4704 τὴν
1013 4639 1181 4693 κακοῦ
1236 4651 1430 4713 πεῖραν
1484 4638 1539 4694 ἐν
1600 4645 1668 4714 τῇ
1720 4640 1863 4696 ἀπο-

219 4734 427 4809 στροφῇ
472 4735 567 4784 τοῦ
608 4726 778 4786 καλοῦ
827 4732 897 4805 τῇ
955 4724 1058 4801 ἰδίᾳ
1114 4728 1417 4808 προαιρέσει
1474 4728 1864 4807 δημιουργούν-

214 4839 306 4882 τες
339 4835 357 4855 ⁶
407 4820 577 4873 κακὸν
634 4818 732 4897 γάρ
791 4816 890 4883 ἔξω
951 4818 1285 4891 προσθέσεως
1316 4815 1437 4874 κατ’
1468 4816 1603 4874 ἰδίαν
1633 4818 1865 4876 ὑπόστα-

214 4928 301 4963 σιν
358 4907 723 4986 θεωρούμενον
763 4907 818 4965 ἐν
861 4913 931 4981 τῇ
979 4907 1130 4987 φύσει
1161 4913 1268 4963 τῶν
1298 4906 1485 4981 ὄντων,
1520 4906 1661 4963 ’ἐστιν
1692 4906 1861 4970 οὐδέν,

223 5001 335 5051 Πᾶν
395 4995 498 5072 γὰρ
539 4996 737 5072 κτίσμα
786 5003 919 5053 Θεοῦ
966 4996 1157 5068 καλὸν,
1191 4995 1291 5054 καῖ
1322 4996 1494 5053 πάντα
1528 4994 1624 5052 ὅσα
1671 4995 1865 5064 ἐποίη-

223 5104 317 5141 σεν
352 5084 382 5138 ὁ
413 5084 568 5159 Θεὸς,
599 5085 737 5141 καλά
767 5084 906 5145 λίαν.
957 5083 1108 5143 Ἀλλ’
1143 5085 1327 5154 ἐπειδὴ
1355 5086 1492 5142 κατὰ
1519 5087 1614 5142 τὸν
1643 5086 1868 5164 ῥηθέντα

218 5173 425 5253 τρόπον
468 5170 732 5249 ἐπενοήθη
772 5180 887 5253 ζωῇ
945 5177 1103 5252 ἡμῶν
1162 5177 1225 5233 τὸ
1274 5175 1598 5254 ἁμαρτάνειν
1657 5177 1744 5232 καὶ
1800 5177 1868 5251 τῇ

217 5262 510 5335 ἀκολουθίᾳ
569 5262 629 5319 ἐκ
675 5272 869 5343 μικρᾶς
931 5264 1174 5346 ἀφορμῆς
1248 5265 1510 5343 μεγίστης
1567 5264 1755 5329 κακίας
1814 5265 1867 5321 ἐν

220 5354 359 5427 ἡμῖν
408 5355 836 5433 καταχυθείσης,
893 5357 966 5419 ὡς
997 5357 1058 5413 τὸ
1086 5353 1313 5420 θεοειδές
1346 5353 1525 5413 ἐκεῖνο
1554 5359 1653 5421 τῆς
1682 5359 1867 5434 ψυχῆς

221 5440 420 5507 κάλλος
478 5444 615 5501 κατὰ
675 5444 906 5520 μίμησιν
982 5451 1074 5503 τοῦ
1143 5444 1489 5523 πρωτοτύπου
1557 5443 1866 5523 γενόμενον,

220 5530 460 5613 καθάπερ
493 5530 711 5614 σίδηρον
754 5532 1221 5611 καταμελανθῆνάι
1273 5542 1350 5611 τῷ
1400 5539 1502 5604 τῆς
1562 5532 1750 5599 κακίας
1780 5533 1870 5610 ἷῷ,

297 5664 359 5723 ⁸6
393 5664 548 5734 Gen.
579 5684 625 5731 ι.

473 5779 737 5844 PATROL.
794 5777 910 5845 Gn.
958 5774 1169 5846 CXIV.

1946 4632 2183 4695 honesti
2214 4633 2548 4703 aversione,
2613 4629 2912 4693 electione
2966 4646 3169 4691 nosua
3221 4629 3587 4692 etinslituto

1946 4723 2329 4785 fabricantes.
2367 4721 2580 4783 Malum
2617 4720 2773 4781 enim
2810 4730 2972 4781 extra
3004 4719 3402 4799 propositum,
3439 4739 3584 4801 pro-

1948 4813 2079 4893 pria
2102 4810 2435 4873 substantia
2463 4810 3169 4883 consideratum,nu'lum
3194 4813 3357 4871 estin
3387 4829 3589 4871 rerum

1949 4912 2183 4966 natura.
2210 4899 2509 4978 Quidquid
2540 4900 2697 4961 enim
2730 4920 2763 4962 a
2797 4898 2919 4961 Deo
2950 4911 3214 4962 creatum
3245 4899 3588 4977 esi,bouum

1950 5000 2062 5066 est,
2098 4999 2156 5051 et
2187 4988 2386 5051 omnia
2443 5006 2817 5067 quaecunque
2865 4988 3006 5050 fecit
3039 4991 3217 5067 Deus,
3252 4994 3389 5047 sunt
3422 4987 3592 5047 valde

1950 5080 2108 5142 bona
2136 5078 2343 5141 96.Sed
2368 5079 2648 5160 quoniam
2678 5097 2748 5139 eo
2775 5078 2952 5139 modo
2975 5077 3080 5158 qui
3110 5078 3307 5137 dietus
3337 5088 3599 5155 eSt,pec-

1952 5188 2092 5232 care
2114 5170 2245 5231 vita:
2275 5186 2491 5229 nosarze
2522 5168 2632 5229 fuit
2661 5167 3085 5246 excogitatum,
3123 5175 3180 5227 et
3209 5182 3591 5246 consequen-
3650 5212 3653 5215 ς

1953 5270 2047 5323 ter
2078 5278 2147 5321 ex
2183 5277 2359 5341 parva
2389 5258 2706 5321 occasione
2738 5259 2796 5319 in
2831 5274 2939 5317 nos
2964 5257 3288 5317 marimum
3323 5268 3411 5317 est
3441 5255 3594 5317 effu-

1954 5368 2086 5412 sum
2118 5349 2349 5424 vitium,
2383 5347 2532 5409 adeo
2567 5356 2630 5408 ut
2662 5347 2859 5409 divina
2887 5344 2989 5406 il-a
3010 5345 3227 5406 anima:
3259 5344 3598 5424 pulchritu-

1954 5441 2055 5516 do,
2090 5457 2223 5521 qua:
2253 5439 2405 5500 facta
2434 5445 2561 5499 erat
2588 5436 2662 5497 ad
2693 5436 3084 5497 imitationem
3114 5432 3432 5516 primariae,
3464 5445 3602 5498 tan-

1955 5546 2132 5613 quam
2155 5528 2380 5592 ferrum
2403 5534 2495 5590 est
2516 5525 2849 5607 nigrefacta
2868 5524 3152 5608 rubigine
3174 5524 3451 5603 vitii,non
3474 5543 3598 5589 am-

3205 5773 3280 5839 45
