4060 6206
273 357 421 427 1421
1583 348 1765 424 VITA
1811 350 1869 422 S.
1919 345 1986 422 A1

2071 343 2325 424 :ENTI’I.

1733 492 1976 558 CAPUT
2039 491 2164 556 VII.

275 612 596 676 Habitutio
625 610 695 675 S.
728 609 1032 673 Auxentii
1060 610 1126 673 in
1159 613 1354 672 monte
1383 608 1632 690 Siopia.
1679 607 1959 671 Insultus
1994 607 2332 670 dwmonum
2365 607 2665 688 superati.
2716 604 2930 669 Modus
2965 603 3210 668 orandi.
3247 606 3636 671 Adhortatio.

347 735 487 800 ΝΜ.
545 745 720 795 Ταῦτα
780 736 867 793 καὶ
919 736 985 791 τὰ
1028 734 1230 791 τούτων
1275 735 1494 791 πλείονα
1536 733 1784 812 λέγοντος
1817 743 1970 796 106A

2073 735 2325 798 LI.Cum
2360 733 2486 794 haec
2517 739 2576 794 et
2597 730 2692 793 his
2725 731 2896 811 plura
2922 730 3129 792 beatus
3159 730 3387 794 diceret
3405 731 3642 795 Auxen-

266 827 532 905 μακαρίου
591 824 869 890 Αῦξεντίου
913 831 990 898 τῷ
1034 823 1235 894 πλήθει
1278 825 1384 880 τῶν
1430 823 1810 906 συνελθόντων,
1858 830 1916 885 o6

2071 841 2227 898 is,ex
2261 824 2332 884 iis
2364 821 2467 902 qui
2497 831 2926 894 convenerant,
2962 838 3080 882 non
3111 819 3301 881 solum
3335 821 3496 898 viris,
3532 822 3640 884 sed

271 918 434 992 μόνον
467 913 692 994 ἀνδρῶν,
729 913 868 970 ἆλλᾶ
898 915 984 969 καὶ
1015 915 1306 993 γοναικῶν,
1356 915 1404 970 οἱ
1458 913 1697 981 πλείονες
1755 915 1914 994 ἔρωτι

2071 914 2180 975 iam
2208 911 2690 989 feminis,plures
2724 910 2922 972 divino
2954 927 3158 972 amore
3190 910 3642 986 sauciati,vole-

276 1006 400 1081 θείῳ
455 1004 740 1082 τρωθέντες
804 1003 982 1072 ἠξίουν
1041 1003 1436 1061 ἆποτάσσεσθαι
1494 1009 1600 1059 τῶν
1645 1006 1919 1082 βιωτικῶν

2071 1013 2144 1065 ιηῑ
2174 1002 2519 1064 renuntiare
2551 999 2731 1062 rebus
2765 1000 3082 1061 mundanis
3113 1007 3172 1062 et
3219 1000 3411 1076 malis,
3447 1008 3506 1062 et
3536 1017 3643 1081 per

271 1099 358 1153 καὶ
447 1098 740 1176 μοχθηρῶν
826 1093 1160 1171 πραγμάτων
1252 1099 1320 1169 τῇ
1401 1094 1748 1174 ματαιότητι,
1833 1095 1921 1151 καὶ

2071 1111 2200 1154 sum
2235 1091 2469 1155 Christo
2501 1089 2757 1150 Domino
2789 1089 3120 1150 adhaerere.
3156 1087 3262 1149 Ille
3309 1097 3504 1151 autem
3536 1108 3645 1151 eos

276 1174 559 1260 προσιέναι
597 1182 666 1239 δι’
711 1183 871 1241 αἰδτοῦ
921 1189 998 1254 τῷ
1054 1183 1300 1258 Δεσπότη
1333 1188 1565 1260 Χριστῷ.
1601 1174 1658 1241 Ὀ
1691 1183 1744 1239 δὲ
1774 1183 1922 1258 μᾶλ-

2071 1182 2194 1261 agis
2216 1179 2598 1254 admonebat,
2624 1188 2687 1240 ut
2706 1179 2884 1240 vitam
2919 1197 3088 1240 suam
3121 1178 3644 1256 corrigentes,dis-

281 1274 375 1332 λον
433 1275 708 1332 δπετίθετο
792 1276 978 1336 αὐτοῖς
1057 1273 1128 1347 τῇ
1211 1273 1454 1344 πολιτείᾳ
1525 1271 1923 1352 διορθουμένους

2071 1278 2328 1332 ensarent
2352 1287 2455 1330 eas
2480 1287 2624 1348 quas
2649 1267 2948 1329 habebant
2968 1266 3282 1329 facultates
3309 1289 3322 1326 :
3345 1275 3404 1330 et
3433 1286 3553 1329 non
3583 1273 3646 1330 in

277 1366 587 1439 οἰκονομεῖν
644 1363 712 1420 τὰ
767 1363 1034 1440 προσόντα
1087 1362 1176 1417 καὶ
1222 1362 1300 1436 μὴ
1330 1363 1457 1440 πρὸς
1501 1362 1598 1436 μὲν
1650 1364 1710 1419 τὸ
1757 1365 1923 1441 παρὸν

2071 1360 2325 1423 'aesentia
2347 1357 2589 1438 quidem
2609 1357 2828 1420 bonum
2851 1367 2911 1418 et
2929 1357 3247 1418 honestum
3274 1365 3645 1438 expetentes,

279 1453 634 1531 ὀρεγομένους
688 1454 750 1509 τὸ
809 1451 998 1524 καλὸν,
1061 1450 1133 1512 εἷς
1190 1449 1406 1529 ὕστερον
1464 1449 1520 1507 δὲ
1564 1451 1918 1518 όκλάσαντας,

2071 1459 2212 1512 pstea
2232 1467 2369 1510 vero
2396 1447 3148 1521 labentes,reverterentur
3173 1453 3448 1528 tanquam
3485 1447 3649 1509 canis

277 1542 615 1622 ἐπιστρέφειν
665 1544 739 1606 ὡς
783 1542 940 1605 κύνας
981 1539 1068 1596 ἐπὶ
1110 1540 1198 1596 τὸν
1263 1539 1400 1598 ἴδιον
1453 1541 1670 1616 ἐμετὸν,
1714 1544 1802 1599 επὶ
1858 1543 1924 1598 τὰ

2071 1540 2078 1600 ι
2105 1539 2412 1612 vomitum,
2443 1554 2662 1616 nempe
2705 1553 2916 1598 rursus
2939 1535 3012 1596 ad
3041 1535 3344 1598 imbecilla
3375 1545 3433 1599 et
3463 1554 3652 1616 egena

278 1633 478 1698 ἀσθενῆ
511 1631 670 1688 πάλιν
699 1631 786 1687 καὶ
817 1630 1016 1710 πτωχὰ
1065 1628 1158 1686 106
1216 1629 1420 1705 κόσμου
1475 1645 1728 1710 στοιχεῖα
1788 1633 1923 1707 μετὰ

2071 1629 2186 1708 ijus
2203 1627 2407 1689 mundi
2425 1624 2898 1688 elementa.Cum
2923 1625 3178 1688 maxima
3192 1626 3349 1687 enim
3375 1626 3654 1688 cautione

279 1719 488 1788 πολλῆς
523 1718 790 1799 ἀκριϐείας
823 1723 910 1776 καὶ
943 1723 1001 1778 οῦ
1045 1721 1145 1785 τῆς
1194 1720 1468 1799 τυχούσης
1529 1721 1920 1798 περισκέψεως.

2090 1737 2207 1780 non
2242 1717 2358 1780 levi
2389 1715 2873 1778 consideratione
2897 1722 3198 1795 oportere,
3225 1734 3362 1777 eum
3395 1714 3498 1795 qui
3528 1713 3653 1776 vult

279 1810 406 1868 Ἐπὶ
439 1809 593 1867 τοῦτο
622 1810 682 1866 τὸ
717 1809 1037 1884 κατόρθωμα
1094 1810 1184 1864 τὸν
1241 1809 1566 1884 βουλόμενον
1618 1811 1926 1890 προσέρχε-

2071 1807 2079 1868 |
2103 1807 2448 1888 praeclarum
2468 1807 2582 1867 hoc
2601 1823 2748 1885 opus
2766 1805 3364 1886 acccdere,tanquam
3383 1805 3504 1885 jam
3531 1822 3656 1866 mo-

283 1905 403 1957 σθαι
463 1900 599 1978 χρὴ,
660 1897 798 1956 ὥστε
849 1895 1172 1972 θνηξόμενον
1229 1896 1334 1964 ἤδη
1392 1900 1481 1955 καὶ
1529 1905 1700 1956 πᾶσαν
1729 1897 1927 1967 ἡδονὴν

2071 1905 2354 1972 turum,et
2375 1895 2556 1957 simul
2588 1895 2986 1975 erpellentem
3018 1913 3256 1956 omnem
3291 1895 3653 1975 voluptatem

285 1989 601 2065 σωματικὴν
659 1997 1002 2056 συνκροῦντα.
1056 1993 1172 2045 Τῶν
1230 1986 1403 2064 ἄρτων
1434 1989 1522 2044 οὖν
1553 1987 1930 2063 διαδιδομένων

2071 1985 2546 2067 ιτροτίε.1)εἰη(1ε
2570 1982 2824 2063 panibus
2845 1984 2918 2044 de
2944 2002 3108 2046 more
3133 1983 3656 2057 distributis,sicut

287 2079 427 2137 κατὰ
459 2079 519 2134 τὸ
553 2077 669 2139 ἔθος
701 2078 772 2139 ὣς
806 2075 860 2132 ἐν
891 2081 967 2149 τῷ
1025 2075 1265 2154 προτέρῳ
1321 2074 1456 2155 ὄρει,
1490 2077 1690 2141 πάντας
1724 2077 1924 2135 ἄπέλυ-
1953 2105 1986 2156 Β

2071 2126 2072 2136 χ
2105 2076 2286 2158 priori
2310 2088 2535 2147 monte,
2563 2091 2776 2136 omnes
2796 2073 3044 2134 dimisit.
3078 2072 3328 2144 Quidam
3352 2082 3548 2134 autem
3584 2091 3657 2135 ex

290 2191 381 2224 σεν
419 2189 434 2206 ο
467 2168 607 2230 τινὲς
641 2163 694 2221 δὲ
726 2165 778 2231 ἐξ
808 2165 982 2221 αὖτῶν
1039 2164 1351 2246 ἐδραιοτέρῳ
1391 2164 1636 2244 λογισμῷ
1668 2167 1928 2224 καθοπλι-

2078 2187 2104 2228 s
2123 2165 2412 2229 stabiliori
2427 2165 2636 2226 armati
2651 2163 3155 2241 cogitatione.illic
3171 2161 3656 2243 perseverabant,

291 2260 509 2332 ζόμενοι
560 2254 1011 2334 προσεκαρτέρουν
1068 2257 1246 2311 εκεϊσε
1309 2261 1374 2332 τῇ
1417 2255 1538 2312 καθ’
1582 2255 1784 2336 ἡμέραν
1821 2281 1931 2337 χο-

2071 2276 2149 2318 ]ῐε
2179 2255 2446 2335 quotidie
2469 2254 2589 2316 illic
2607 2251 3391 2333 suppeditabatur,contenti
3413 2252 3661 2314 benedi-

289 2345 598 2425 ρηγουμένῃ
661 2343 875 2422 εόλογίᾳ
933 2345 1350 2422 ἒπαρκούμενοι,
1402 2347 1459 2401 Εἰ
1509 2345 1608 2423 γάρ
1669 2368 1748 2409 τις
1809 2368 1935 2424 προ-

2071 2344 2312 2407 .ione.Si
2337 2344 2469 2424 quis
2495 2342 2653 2404 enim
2689 2341 2895 2402 volens
2926 2341 3145 2421 aliquid
3177 2340 3251 2402 ad
3277 2343 3556 2404 Sanctum
3579 2341 3664 2402 al-

290 2435 599 2511 αιροόμενός
654 2457 703 2490 τι
749 2431 1098 2513 προσέφερεν,
1149 2436 1176 2489 ὁ
1223 2434 1485 2512 μακάριος
1532 2433 1628 2490 οὒκ
1685 2433 1931 2515 ἒδέχετο,

2071 2434 2381 2509 srret,nihil
2405 2431 2735 2512 accipiebat
2758 2437 2972 2508 praeter
2992 2429 3187 2491 oleum
3213 2438 3269 2492 et
3290 2449 3487 2494 ceram
3516 2432 3662 2509 :ju-

289 2525 432 2593 πλὴν
490 2523 664 2581 ἐλαίου
708 2525 797 2580 καὶ
841 2531 1043 2602 κηρῶν,
1079 2523 1155 2598 τῷ
1206 2521 1260 2578 δὲ
1309 2523 1559 2600 μσίγκηπι
1589 2525 1664 2598 τῷ
1707 2527 1796 2581 καὶ
1838 2525 1938 2594 τήν

2071 2524 2197 2586 ebat
2222 2529 2419 2584 autem
2445 2521 2502 2582 id
2525 2539 2733 2582 rursus
2756 2519 2882 2581 dari
2911 2519 3171 2599 mancipi
3191 2521 3339 2599 (10).
3374 2519 3474 2601 qui
3499 2519 3664 2581 illam

290 2615 558 2696 χορηγίαν
641 2612 944 2687 ποιουμένῳ
1033 2610 1264 2668 δίδοσθαι
1350 2615 1491 2676 αὖθις
1595 2611 1884 2690 ἐπέτρεψεν
1918 2630 1934 2646 ⁸

2071 2612 2276 2674 ιοὶεὺοι
2305 2609 3142 2692 suppeditationem.Plurimi
3165 2609 3327 2670 enim
3353 2628 3429 2671 ex
3461 2609 3539 2672 iis
3561 2607 3667 2690 qui

295 2704 542 2760 πλεῖστοι
599 2703 698 2781 γὰρ
756 2708 862 2758 τῶν
920 2701 1172 2778 ἐμπαθῶν
1252 2703 1342 2759 καὶ
1399 2702 1705 2777 πενομένων
1771 2725 1941 2782 προσ-

2071 2700 2258 2764 Iorbis
2291 2699 2595 2776 aliquibus
2621 2699 2975 2760 laborabant
3002 2707 3060 2760 et
3089 2699 3188 2778 qui
3233 2698 3510 2778 egebant,
3544 2697 3668 2759 illic

295 2792 513 2868 ήδρευον
556 2791 790 2848 ἐντεῦθεν
832 2791 929 2858 τὴν
985 2789 1253 2857 διοίκησιν
1313 2790 1535 2870 ἔχοντες
1567 2789 1653 2848 διὰ
1694 2797 1796 2859 τῆς
1835 2795 1941 2850 τῶν

2071 2789 2558 2865 ermanebant,ut
2593 2787 2813 2868 quibus
2843 2787 3260 2849 subveniretur
3295 2807 3400 2868 per
3431 2788 3670 2850 beneﬁ-

299 2881 740 2961 παραγενομένων
775 2880 1024 2942 εὒποιίας
1058 2898 1075 2916 ⁸
1111 2878 1348 2958 ὄχλησιν
1380 2879 1433 2936 δὲ
1483 2881 1672 2947 ἱκανὴν
1711 2883 1800 2938 καὶ
1840 2883 1940 2939 κό-

2071 2881 2286 2943 entiam
2314 2898 2519 2941 eorum
2536 2879 2636 2956 qui
2655 2876 3363 2940 accedebant.Maximam
3377 2895 3523 2940 vero
3542 2895 3672 2938 mo-

303 2994 406 3028 πον
435 2969 599 3026 πολὺν
642 2969 877 3045 μάλιστα
909 2970 1012 3026 ὑπὸ
1072 2973 1178 3024 τῶν
1223 2966 1633 3044 δαιμωνιώντων
1665 2971 1942 3049 ὑφίστατο,

2071 2969 2262 3031 astiam
2289 2976 2349 3029 et
2376 2967 2700 3048 plurimum
2729 2965 2994 3027 laborem
3019 2966 3352 3028 sustinebat
3373 2967 3445 3028 ab
3473 2967 3543 3029 iis
3567 2967 3674 3048 qui

303 3063 377 3126 ὡς
424 3061 509 3115 καί
564 3080 708 3122 τινας
790 3061 960 3116 αὐτῶν
997 3073 1011 3089 ⁸
1070 3059 1128 3115 οὗ
1179 3058 1279 3137 γὰρ
1340 3059 1570 3138 πάντας,
1631 3058 1768 3116 ἀλλὰ
1825 3062 1947 3125 τοὺς

2071 3067 2201 3121 rant
2224 3056 2575 3119 daemoniaci
2595 3055 2748 3117 adeo
2769 3055 3131 3134 utquosdam
3153 3075 3220 3118 ex
3245 3057 3331 3118 eis
3346 3058 3490 3138 (non
3509 3057 3670 3118 enim

304 3149 477 3216 ἀξίους
509 3166 522 3179 ⁶
557 3147 642 3207 διὰ
670 3156 776 3205 τῶν
829 3150 985 3205 αὖτοῦ
1032 3153 1350 3228 προσευχῶν
1403 3149 1577 3204 ἰᾶσθαι
1609 3150 1700 3204 τὸν
1737 3151 1946 3229 Κύριον,

2079 3167 2268 3222 mnes,
2297 3148 2400 3208 sed
2435 3166 2562 3221 eos,
2595 3145 2697 3226 qui
2731 3154 2902 3207 erant
2929 3145 3114 3226 digni)
3151 3165 3257 3226 per
3285 3165 3428 3208 suas
3459 3165 3674 3227 preces

2037 3237 2340 3302 curaverit
2372 3236 2679 3299 Dominus.
2711 3235 2879 3307 Quod
2912 3244 3108 3296 autem
3153 3235 3241 3296 rei
3282 3236 3572 3298 iacienda:
3619 3245 3678 3298 et

307 3330 558 3396 ἀληθείας
589 3328 918 3408 γινωσκέτω,
953 3327 1041 3382 ὅτε
1101 3327 1480 3406 ἀναγινώσκων
1544 3330 1633 3384 καὶ
1664 3328 1986 3406 ἀκροώμε-(

2071 3328 2310 3390 ηεοιιῐιὶω
2340 3325 2775 3408 ampliﬁcandae
2798 3325 3020 3386 nullam
3056 3325 3304 3387 haberet
3351 3326 3674 3399 rationem,

308 3443 398 3484 ⁸.ος
429 3421 566 3497 μετᾶ
593 3421 690 3488 τὴν
721 3422 972 3494 κοίμησιν
1005 3417 1168 3474 αὐτοῦ
1227 3419 1356 3496 ὅπερ
1417 3418 1606 3474 ἑκατόν
1650 3419 1955 3495 νομίσματα

2075 3435 2178 3479 ere
2210 3416 2507 3489 sciet,tam
2532 3415 2632 3494 qui
2656 3414 3006 3494 legit,quam
3032 3415 3132 3494 qui
3165 3414 3517 3495 audit,quod
3542 3435 3680 3477 cum

311 3509 729 3590 ἐποφειλομένου
785 3514 878 3565 τοῦ
942 3508 1256 3586 ἀρτοποιοῦ,
1319 3504 1386 3562 δι’
1446 3507 1798 3582 ὃπομνήσεως
1865 3514 1957 3564 τοῦ

2071 3513 2174 3568 rost
2203 3505 2334 3583 ejus
2387 3503 2700 3564 decessum
2761 3502 3010 3564 deberet
3067 3503 3274 3583 pistori
3333 3505 3464 3583 plus
3499 3523 3678 3584 quam

311 3599 566 3678 διαδόχου
621 3600 708 3654 καὶ
766 3601 1013 3673 μαθητοῦ
1073 3598 1258 3670 αὺτοῦ,
1321 3597 1440 3674 περὶ
1485 3595 1546 3652 οὗ
1588 3597 1725 3652 κατὰ
1771 3595 1955 3676 χώραν

2078 3601 2278 3656 entum
2305 3591 3035 3666 numismata,admonitus
3065 3593 3137 3652 ab
3171 3593 3306 3671 ejus
3329 3611 3684 3654 successore

314 3690 556 3769 ἐροῦμεν,
614 3687 757 3766 παρά
804 3709 951 3751 τινος
1002 3685 1349 3768 φιλοχρίστου
1380 3689 1469 3744 καὶ
1499 3683 1743 3750 εὐσεϐοῦς
1774 3685 1958 3765 ἀνδρὸς

2071 3692 2102 3744 τι
2132 3681 2451 3760 discipulo,
2487 3679 2560 3740 de
2617 3699 2732 3759 quo
2795 3697 2903 3740 suo
2966 3680 3096 3742 loco
3129 3668 3389 3760 dicetur,
3429 3681 3680 3760 quidam

315 3787 482 3838 ταῦτα
513 3775 878 3841 ἆποδιδοσθαι,

2071 3770 2260 3835 lliristi
2292 3787 2499 3833 amans
2529 3777 2587 3831 et
2619 3769 2750 3850 pius
2779 3785 2850 3832 ea
2880 3769 3149 3832 solverit.

1776 3879 2025 3946 CAPUT
2074 3877 2232 3943 VIII.

411 3993 593 4057 Vestis
623 3991 1062 4056 anachorizica
1091 3991 1284 4055 variis
1311 4007 1347 4054 ο
1394 3989 1460 4054 S.
1496 3988 1805 4054 Amantio
1846 3989 1998 4130 itala
2035 3988 2382 4132 :ditemque
2415 3985 2671 4049 monita.
2712 3984 3076 4048 Dwmonum
3107 3985 3378 4052 insultas
3407 3989 3597 4069 varii,

1812 4086 1843 4132 e
1907 4086 2073 4132 reme
2122 4087 2206 4132 ια.

1812 4086 1868 4132 ει
1907 4086 2206 4133 remeam.

413 4195 550 4258 NB'.
583 4195 874 4263 Ζηλοῦντες
906 4193 960 4251 δέ
987 4217 1128 4260 τινες
1172 4194 1264 4252 τὸν
1316 4199 1553 4251 τοιοῦτον
1599 4190 1772 4250 ἔνθεον
1815 4196 1974 4251 αὒτοῦ

2137 4188 2635 4252 LII.:Emulantes
2659 4196 2851 4249 autem
2879 4195 2939 4251 et
2969 4187 3200 4250 beatam
3235 4188 3524 4254 ducentes
3553 4193 3694 4272 qui«

333 4287 449 4364 βίον
481 4283 542 4340 δι’
573 4284 738 4365 ὄχλου
769 4285 1010 4364 ἐγίνοντο
1038 4284 1132 4341 106
1163 4287 1582 4365 στοιχειωθῆναι
1646 4282 1770 4361 παρ’
1819 4283 1976 4339 αὐτοῦ

2071 4279 2196 4342 :lam
2227 4281 2378 4340 hanc
2401 4278 2660 4340 divinam
2689 4277 2818 4357 ejus
2837 4275 3347 4356 vitam,negotium
3379 4281 3434 4342 ei
3456 4281 3699 4346 exhibe-

338 4376 428 4431 καὶ
485 4377 858 4451 καθιερωθῆναι
891 4381 968 4448 τῷ
1001 4376 1272 4454 σχήματι.
1313 4373 1636 4452 Στοιχάριον
1668 4371 1756 4429 οὖν
1807 4370 1975 4436 διδοὺς

2071 4372 2221 4445 bant,
2250 4378 2314 4432 ut
2335 4368 2407 4430 ab
2442 4387 2512 4429 eo
2546 4367 2922 4428 initiarentur
2953 4375 3012 4429 et
3041 4378 3541 4432 consecrarentur
3564 4373 3698 4453 ejus

333 4464 574 4543 τρίχινον
641 4463 676 4530 ἢ
755 4461 1072 4542 δερμάτινον
1129 4463 1182 4528 ἐξ
1240 4466 1314 4520 ὧν
1371 4462 1629 4542 ἠμφίετο,
1701 4462 1976 4541 ὲπηύχετο

2071 4460 2448 4522 habitu.Cum
2475 4458 2670 4538 itaque
2697 4457 2964 4518 dedisset
2992 4457 3256 4518 tunicam
3291 4475 3360 4519 ex
3392 4459 3528 4539 pilis
3550 4481 3701 4523 con-

332 4553 507 4632 λέγων
541 4571 561 4590 ⁶
606 4553 860 4633 Πορεύου,
908 4551 1121 4634 saetas,
1175 4552 1296 4609 ἔνθα
1340 4551 1586 4631 ὁΚόριός
1647 4572 1706 4607 σε
1768 4549 1979 4630 ὁδηγή-

2071 4557 2282 4610 textam
2317 4557 2420 4610 aut
2451 4547 2768 4634 pelliceum
2804 4563 2873 4608 ex
2931 4547 3002 4608 iis
3027 4546 3243 4627 quibus
3269 4557 3395 4610 erat
3425 4549 3702 4628 indutus,

335 4662 417 4700 σει
452 4660 467 4675 ⁶
524 4641 579 4697 ἐν
616 4645 703 4706 οἷς
749 4641 809 4697 ἐκ
853 4644 958 4697 τῶν
1016 4633 1548 4721 προσκαρτερούντων
1580 4661 1675 4721 Δτις
1709 4639 1980 4701 Βασίλειος

2071 4637 2422 4719 precabatur
2445 4636 2674 4697 dicens:
2703 4633 2892 4706 Vade,
2920 4637 3250 4716 frater,quo
3281 4646 3338 4699 te
3369 4637 3547 4701 ducet
3580 4642 3705 4702 Do-

334 4733 438 4799 τὴν
498 4731 858 4809 προσηγορίαν
949 4715 1248 4808 ἐξῃτήσατο
1321 4715 1502 4791 τοῦτο.
1579 4715 1836 4808 ’Ἄφθονος
1895 4728 1982 4784 οὖν

2071 4715 2618 4804 minusinterquos
2642 4743 2706 4784 ex
2732 4743 2982 4785 numero
3008 4715 3211 4786 eorum
3237 4727 3340 4806 qui
3366 4727 3488 4790 illic
3513 4749 3712 4809 perse-

334 4821 600 4900 ὑπάρχων
656 4822 683 4876 ὁ
741 4819 1003 4898 μακάριος
1049 4823 1138 4879 καὶ
1172 4818 1370 4900 σφόδρα
1411 4816 1758 4896 φιλάδελφος,
1822 4819 1984 4874 ἐπευ-

2071 4813 2638 4888 verabant,Basilius
2663 4813 2904 4893 quidam
2932 4814 3179 4876 nomine
3206 4815 3317 4876 hac
3340 4817 3531 4896 petiit.
3561 4821 3707 4880 Cum

339 4882 568 4985 ξάμὲᾷὶς
627 4882 773 4983 αῦτῷ
828 4882 917 4966 καὶ
974 4908 1094 4967 δοὺς
1154 4882 1228 4979 ἣν⁸
1279 4882 1664 4988 περιεϐέϐλητο
1697 4882 1982 4984 μηλωτην,

2075 4911 2269 4985 largus
2293 4923 2434 4982 ergo
2457 4909 2616 4964 esset
2637 4882 2853 4962 Beatus
2873 4911 2931 4964 et
2955 4903 3200 4964 fratrum
3227 4882 3396 4966 valde
3417 4905 3711 4980 amans,oi

3477 343 3628 421 1422

305 3241 430 3298 Ὀτι
463 3238 517 3296 δὲ
547 3241 642 3296 οῦκ
669 3239 735 3307 ἦν
781 3237 925 3312 αῦτῲ
957 3237 1120 3316 λόγος
1153 3240 1274 3316 περὶ
1310 3239 1370 3294 τὸ
1417 3240 1784 3318 χρηματικὸν,
1833 3239 1950 3308 μετ’

342 4998 630 5061 ἀπέλυσεν.
690 4998 752 5056 Ὀ
798 4996 852 5054 δὲ
915 4997 1160 5057 ἀπελθὼν
1217 5001 1292 5066 ὡς
1349 4999 1457 5055 ἀπὸ
1515 4994 1691 5054 εἴκοσι
1750 4999 1988 5072 σημείων

345 5085 691 5166 πορρωτέρω,
778 5088 831 5144 ἔν
915 5109 1018 5144 τινι
1081 5089 1254 5166 βουνῷ
1330 5086 1525 5145 κέλλαν
1582 5088 1990 5165 παρασκευάσας

342 5173 764 5252 οἰκοδομηθῆναι
809 5177 1128 5251 κατῴκησεν
1160 5197 1176 5214 ο
1231 5179 1318 5235 καὶ
1361 5175 1426 5244 δὴ
1477 5176 1615 5249 μετά
1642 5197 1761 5233 τινα
1793 5177 1990 5256 χρόνον

339 5268 526 5325 ἱκανὸν
556 5264 869 5331 ἐπιστάντες
913 5268 961 5324 οἱ
1005 5266 1250 5344 δαίμονες
1291 5267 1377 5325 ἐπὶ
1418 5269 1670 5325 τοσοῦτον
1731 5265 1990 5333 ἐπετέθη-

345 5378 467 5433 σαν,
529 5357 602 5421 ὣς
662 5362 856 5438 μικροῦ
913 5354 1026 5414 δεῖν
1084 5356 1486 5437 παρασκευάσαι
1545 5354 1706 5412 αὖτὸν
1761 5355 1848 5412 καὶ
1905 5353 1995 5410 ἐκ-

428 5523 541 5596 (10)
570 5523 804 5596 Pistori.
831 5523 1004 5596 Apud
1034 5524 1329 5584 Socratem
1355 5523 1460 5582 lib.
1494 5534 1534 5582 il
1562 5536 1688 5596 cap.
1722 5522 1822 5578 18:
1851 5522 2001 5580 Prae.

2075 4995 2230 5057 bene
2261 5000 2623 5074 precatus,et
2654 4992 2788 5053 data
2821 5011 3000 5071 quam
3027 4993 3303 5054 induerat
3328 4993 3480 5070 pelle
3505 4994 3708 5069 ovilla,

2075 5103 2211 5146 eum
2246 5082 2494 5145 dimisit.
2525 5081 2632 5142 Ille
2663 5089 2860 5142 autem
2897 5080 3131 5160 longius
3165 5081 3374 5143 abiens
3404 5083 3478 5144 ad
3510 5083 3719 5162 viginti

2079 5171 2522 5246 milliaria,cum
2543 5171 2603 5231 in
2628 5169 2882 5250 quodam
2905 5169 3056 5231 colle
3077 5180 3344 5233 curasset
3366 5173 3576 5235 cellam
3601 5172 3720 5235 sibi

2076 5260 2518 5335 zediﬁcarijllic
2547 5259 2854 5322 habitavit.
2878 5256 3275 5338 Postaliquod
3309 5279 3448 5323 vero
3483 5271 3720 5345 tempus

2074 5351 2433 5417 accedentes
2456 5349 2923 5412 daemones.eum
2949 5346 3098 5410 adeo
3121 5349 3562 5428 invaserunt,ut
3583 5372 3718 5417 cum

2081 5523 2177 5585 IIIS
2207 5521 2608 5602 appellantur.
2647 5519 2788 5603 {Et
2828 5517 3068 5603 suidas,
3103 5519 3487 5603 o’tptonoletov,
3521 5524 3582 5580 τὸ
3611 5545 3723 5600 μα-

360 5603 532 5687 erant
581 5595 838 5687 panibus
888 5595 1337 5687 conﬁciendis,_
1375 5601 1429 5654 οἳ
1459 5595 1725 5687 μαγκιπες
1757 5602 1828 5687 τ-ξι
1861 5596 1986 5653 Ῥω-

2083 5595 2360 5687 wine-I03,
2419 5603 2474 5660 ἐν
2521 5605 2567 5678 ᾤ
2597 5603 2642 5660 οἱ
2673 5598 2825 5682 ἄρτοι
2855 5602 3116 5683 γίνονται,
3140 5595 3483 5687 ⁷ρι’ἰδιὶῐιιιιῐί
3512 5603 3574 5668 in
3604 5595 3724 5683 quo

359 5676 535 5757 μαίων
565 5674 788 5758 γλώσσῃ
818 5677 1013 5741 καλοῦν
1025 5699 1127 5742 ται.
1166 5701 1192 5738 ιι
1229 5676 1343 5755 Qui
1375 5676 1684 5762 mancipes
1713 5694 1748 5747 a
1775 5676 1986 5746 Roma-

2087 5674 2270 5758 panes
2299 5674 2464 5743 ﬁunt.
2504 5702 2527 5734 ι
