4028 6202
412 258 568 336 1423

1669 256 1835 329 ΜΕΝ
1838 261 1953 326 SIS
1990 247 2500 330 FEBRUARIUS.

3622 244 3767 337 1424

411 402 850 487 propemodum
902 398 1155 464 fecerint
1203 397 1539 479 exspirare.
1584 397 1672 459 Ad
1706 415 1882 478 quem
1915 415 2023 460 cun

2109 407 2355 460 ιπνεῦσαι
2389 418 2403 433 ’
2452 404 2582 481 πρὸς
2627 405 2685 462 ὃν
2726 405 2774 462 οἱ
2818 412 2923 463 τῶν
2968 403 3116 486 πέριξ
3164 413 3365 484 κωμῶν
3409 409 3661 475 νέμοντες
3711 411 3774 465 τὰ

418 494 522 576 qui
555 511 624 557 ex
656 492 821 567 locis,
859 509 990 571 quae
1040 496 1213 551 erant
1245 487 1657 564 circumcirca,
1689 496 1977 550 venerant
2005 486 2049 548 ii

416 583 515 665 qui
577 580 898 662 pascebant
956 597 1194 659 pecora,
1253 576 1562 652 abiissent,
1615 584 1673 638 et
1730 585 2048 639 consuetas

418 673 550 753 ejus
580 689 811 753 preces,
848 668 987 731 dum
1048 685 1208 749 saepe
1265 668 1647 746 clamassent,
1700 685 1816 729 non
1846 673 2049 730 essent

407 761 689 836 assecuti,
745 757 913 822 cellae
970 759 1233 821 fenestra
1287 759 1344 819 vi
1394 765 1622 839 aperta,
1678 757 1878 819 vident
1908 776 2046 820 eum

414 859 640 914 mutum
699 858 759 912 et
815 866 1066 930 pronum
1111 849 1466 929 jacentem:
1522 861 1583 909 et
1637 847 2045 909 existimantes

405 959 549 1004 eum
577 958 709 1001 esse
742 948 1066 1012 mortuum,
1102 955 1311 999 rursus
1354 944 1763 1013 accurrentes,
1791 938 1914 1000 suis
1941 936 2059 1000 re-'

409 1030 783 1093 nuntiarunt.
845 1028 957 1102 Qui
1014 1048 1148 1091 cum
1209 1027 1650 1104 ascendissent,
1688 1028 2046 1091 invenerunt

408 1139 545 1183 eum
571 1122 696 1184 fere
725 1120 1211 1193 semimortuum,
1241 1126 1302 1181 et
1328 1136 1447 1179 non
1475 1117 1762 1179 valentem
1798 1121 2042 1180 omnino

405 1210 595 1291 loqui,
629 1210 733 1272 sed
769 1210 964 1273 solum
995 1226 1202 1289 parum
1234 1206 1815 1288 respirantem.Cum
1843 1216 2041 1270 autem

404 1319 625 1383 corpus
655 1302 790 1379 ejus
849 1298 1134 1360 vidissent
1185 1298 1536 1374 sauciatum,
1588 1315 1768 1359 curru
1800 1301 1917 1361 cito
1947 1297 2038 1359 al-

404 1392 545 1468 lato,
583 1409 717 1453 eum
752 1391 812 1450 in
843 1389 972 1469 ipso
1004 1390 1407 1469 imponunt,et
1432 1389 1662 1450 ducunt
1692 1387 1764 1450 ad
1797 1387 2038 1450 beatum

2133 492 2425 568 τετράποδα
2457 493 2773 558 ἀπελθόντες
2807 496 2892 553 καὶ
2948 502 3048 564 τῆς
3095 500 3347 569 συνήθους
3392 502 3558 557 αὐτοῦ
3603 504 3778 579 εὒγῆς

2129 579 2185 633 ἓν
2216 588 2292 656 τῷ
2323 582 2506 661 κράξαι
2550 583 2866 648 πλειστάκις
2926 587 3003 662 μὴ
3032 588 3314 667 τυχόντες,
3348 590 3436 664 βίᾳ
3464 591 3569 657 τὴν
3598 588 3783 668 θυρίδα

2129 674 2229 738 τῆς
2282 669 2480 739 κέλλης
2537 670 2904 744 διανοίξαντες,
2969 677 3162 754 δρῶσιν
3209 679 3368 736 αὐτὸν
3412 677 3629 760 ἄφωνον
3692 678 3782 734 καὶ

2130 763 2310 837 πρηνῆ
2369 763 2755 839 κατακείμενον
2790 782 2805 799 ο
2852 765 2940 821 καὶ
2986 763 3229 830 δόξαντες
3294 770 3451 827 αὐτὸν
3510 768 3785 834 τεθνηκέ-

2128 869 2237 926 ναι,
2299 850 2449 915 αὖθις
2502 851 2930 931 καταδραμόδτες
2973 869 3091 922 τοῖς
3143 857 3360 921 οἰκείοις
3402 857 3781 936 ἀπήγγειλαν,

2127 939 2182 993 o'i
2220 941 2309 996 καὶ
2352 940 2662 1007 ἀνελθόντες
2718 943 2867 1022 εὖρον
2910 945 3068 1001 αὑτὸν
3109 947 3348 1019 ἡμιθανῆ
3381 946 3603 1026 σχεδὸν,
3640 945 3785 1022 μηδ’

2126 1026 2266 1092 ὅλως
2326 1028 2418 1086 νᾶν
2477 1028 2708 1098 λαλῆσαι
2764 1034 3046 1112 ἰσχύοντα,
3084 1033 3223 1090 ἀλλὰ
3252 1034 3416 1110 μενον
3461 1034 3621 1114 αὔρας
3675 1058 3779 1111 μο-

2126 1122 2251 1188 κρᾶς
2309 1117 2469 1186 οὔσης
2524 1125 2683 1180 αὐτοῦ
2713 1126 2831 1201 περὶ
2862 1124 2959 1192 τὴν
3004 1126 3173 1194 πνοήν
3210 1144 3223 1157 ·
3267 1126 3328 1181 τὸ
3357 1123 3410 1180 δὲ
3448 1128 3606 1201 σῶμα
3670 1129 3776 1183 αὖ-

2122 1206 2213 1263 τοῦ
2299 1210 2769 1287 κατατετρωμένον
2851 1214 3191 1289 θεασάμενοι,
3278 1218 3467 1272 θᾶττον
3552 1213 3777 1290 ἅμαξαν

2123 1300 2562 1374 παραστήσαντες
2617 1302 2936 1360 ἐπιτιθέασιν
2986 1303 3168 1377 αὐτὸν,
3212 1308 3303 1361 καὶ
3359 1303 3572 1384 ἄγουσιν
3632 1307 3776 1375 πρὸς

2122 1388 2212 1442 τὸν
2279 1388 2544 1464 μακάριον
2603 1391 2902 1457 Λῦξὲντιον,
2963 1391 3063 1457 ’Ὃς
3139 1393 3398 1470 διακόψας
3458 1395 3596 1454 κατὰ
3667 1394 3776 1461 τὴν

2120 1475 2344 1544 ἐννάτην
2377 1478 2519 1555 ὥραν
2549 1479 2608 1536 ἐκ
2641 1490 2733 1540 τοῦ
2789 1479 3012 1559 θυριδίου
3047 1484 3135 1540 καὶ
3191 1487 3516 1560 θεασάμενος
3575 1486 3773 1559 αὖτὸν,

2126 1566 2426 1646 τρανωτέρᾳ
2456 1575 2523 1645 τῇ
2555 1577 2707 1651 φωνῇ
2740 1569 2919 1650 ἔλεγεν
2954 1587 2971 1603 ⁶
3007 1571 3229 1654 Ἀδελφὲ
3262 1573 3526 1633 Βασίλειε.
3560 1574 3775 1630 Δεύτε-

400 1662 551 1723 tiore
583 1679 599 1722 :
631 1662 840 1724 Frater
867 1657 1073 1722 Basili.
1109 1658 1256 1720 Cum
1312 1656 1365 1717 is
1398 1675 1539 1735 ergo
1570 1674 1704 1718 eum
1742 1663 2023 1732 vocasset,

2121 1678 2212 1735 ρον
2252 1659 2423 1713 τοίνὺν
2479 1660 2636 1716 αὒτοῦ
2705 1660 3030 1725 καλέσαντος
3094 1663 3341 1720 κάκείνου
3386 1665 3464 1740 μὴ
3520 1665 3776 1721 ὑπακού-

397 1760 459 1815 et
488 1751 591 1814 ille
619 1770 737 1813 non
770 1748 1155 1822 exaudiisset,
1184 1748 1354 1811 tertio
1389 1765 1600 1827 magna
1621 1746 1675 1807 vi
1710 1747 1983 1809 clamavit
2018 1769 2023 1806 :

2121 1768 2335 1822 σαντος,
2373 1749 2447 1812 εἷς
2478 1751 2536 1806 τὸ
2567 1751 2742 1828 τρίτον
2774 1750 2825 1816 ἐξ
2875 1753 3062 1832 ἰσχύος
3114 1752 3328 1832 ἔκραξεν
3361 1773 3376 1789 ’
3441 1755 3535 1810 Σοὶ
3589 1752 3771 1831 λέγω,

398 1843 447 1904 0
474 1840 580 1902 tibi
607 1841 768 1915 dico,
797 1841 978 1901 frater
1000 1838 1202 1901 Basili.
1237 1839 1383 1900 Cum
1412 1839 1461 1899 is
1491 1845 1687 1899 autem
1722 1837 1841 1899 cito
1873 1856 2023 1899 asse-

2118 1834 2312 1915 ἀδελφὲ
2345 1837 2584 1895 Βασίλειε
2622 1855 2638 1871 '
2684 1847 2777 1901 τοῦ
2821 1838 2876 1896 δὲ
2918 1843 3089 1921 τάχος
3144 1842 3582 1913 ἂνακαθήσαντος
3626 1865 3770 1922 φησι

397 1930 606 2005 disset,
638 1929 784 1991 dicit
812 1930 869 1991 ei
902 1949 916 1989 :
951 1930 1161 2007 Surge,
1197 1927 1405 2006 accipe
1437 1933 1787 2007 potestatem
1817 1928 2023 1989 adver-

2120 1926 2252 2004 πρὸς
2296 1927 2478 2001 αὐτὸν,
2521 1928 2776 2007 ’Λνάστα,
2827 1928 2957 1987 λάϐε
3009 1931 3246 1997 ἒξουσίαν
3276 1934 3411 1989 κατᾶ
3439 1939 3530 1989 τοῦ
3561 1932 3768 2010 stupi-

397 2038 532 2081 sum
566 2026 948 2091 tentatorem,
986 2036 1106 2079 non
1139 2016 1397 2096 amplius
1454 2015 1676 2077 timens
1725 2016 2023 2096 improbos

2118 2022 2326 2094 ζοντος,
2389 2018 2584 2093 μηκέτι
2646 2018 2827 2087 δεδιὼς
2860 2022 2978 2084 τοὶς
3012 2024 3277 2101 πονηροὺς
3308 2025 3396 2079 καὶ
3427 2022 3764 2095 ἀκαθάρτους

396 2117 455 2171 et
491 2108 834 2171 immundos
883 2109 1210 2170 daemones.
1263 2106 1446 2169 .lussit
1480 2106 1679 2187 itaque
1723 2124 1858 2167 eum
1892 2125 2023 2169 sur-

2115 2103 2390 2179 δαίμονας.
2437 2107 2769 2166 Ἀναστάντα
2812 2108 2902 2167 οὖν
2969 2112 3125 2170 αὐτὸν
3187 2111 3465 2169 ἐκέλευσεν
3508 2111 3757 2188 μεταλα-

389 2216 557 2278 gere,
589 2206 649 2261 et
680 2216 918 2260 sumere
948 2195 1353 2259 venerandum
1387 2212 1607 2276 corpus
1652 2200 1711 2257 et
1740 2196 2023 2257 viviﬁcum

2114 2192 2232 2250 ϐεϊν
2287 2203 2380 2253 τοῦ
2436 2198 2613 2274 τιμίου
2665 2199 2915 2275 σώματος
2959 2202 3049 2258 καὶ
3102 2203 3194 2258 τοῦ
3221 2208 3490 2272 ζωοποιοὺ
3518 2201 3755 2276 αἵματος

393 2290 742 2370 sanguinem
777 2288 1015 2352 Domini
1044 2286 1239 2350 nostri
1266 2288 1405 2348 .lesu
1457 2284 1698 2361 Christi,
1733 2294 1791 2347 et
1831 2288 2023 2348 statim

2111 2293 2204 2343 τοῦ
2263 2288 2449 2360 Κυρίου
2504 2291 2660 2364 ἡμῶν
2717 2290 2896 2358 ’ῐησοῧ
2954 2300 3203 2370 Χριστοῦ,
3271 2295 3356 2349 καὶ
3413 2296 3759 2371 παραχρῆμα

399 1480 792 1544 Auxentium.
825 1478 937 1552 Qui
995 1496 1126 1540 cum
1164 1484 1297 1559 post
1326 1478 1534 1539 horam
1570 1494 1785 1538 nonam
1821 1476 2040 1558 despe-

403 1572 594 1634 xisset
627 1589 661 1633 e
683 1570 1028 1639 fenestra,et
1061 1586 1197 1630 eum
1229 1566 1651 1642 vidisset,voce
1679 1565 1831 1627 dixit
1856 1585 2037 1646 aper-

391 2399 602 2443 rursus
633 2378 851 2443 reverti
881 2378 942 2440 in
986 2395 1156 2439 suum
1188 2376 1413 2438 locum.
1446 2374 1554 2447 Qui
1589 2393 1724 2437 cum
1756 2374 2026 2451 abiisset,

397 2478 456 2533 et
486 2471 600 2533 hoc
631 2468 809 2530 modo
852 2486 972 2530 non
1015 2464 1274 2546 amplius
1304 2464 1515 2525 fuisset
1545 2472 1822 2539 tentatus,
1861 2472 1918 2526 et
1960 2482 2026 2526 se

394 2558 585 2623 tribus
617 2559 791 2621 annis
822 2556 1058 2620 fortiter
1105 2554 1496 2629 exercuisset,
1530 2553 1589 2614 in
1625 2570 1769 2634 pace
1800 2554 2025 2632 migra-

387 2652 466 2712 vit
497 2669 566 2713 ex
596 2652 708 2714 hac
737 2649 876 2710 vita.

468 2739 742 2804 LllI.Sed
766 2746 899 2821 post
921 2738 1053 2818 ejus
1082 2736 1399 2799 adventum
1435 2736 1742 2798 monachis
1773 2743 1830 2798 et
1854 2754 2026 2798 mun-

390 2830 565 2893 danis
592 2830 697 2911 qui
722 2830 993 2902 aderant,
1027 2835 1084 2889 et
1117 2826 1396 2889 omnibus
1427 2826 1679 2906 reliquis
1711 2826 1857 2888 dixit
1888 2827 2026 2890 bea-

392 2927 536 2983 tus:
571 2920 885 2983 Dmmones
935 2917 1281 2981 hominibus
1328 2916 1686 2991 invidentes,
1745 2936 1778 2977 ο
1807 2917 2023 2981 fratres

391 3010 620 3085 dilecti,
655 3018 944 3092 perpetuo
1004 3008 1422 3070 machinantur
1452 3006 1627 3068 nobis
1662 3024 1794 3068 esse
1826 3007 2021 3087 impe-

2115 2377 2459 2455 ὺποστρέφειν
2489 2378 2651 2437 πάλιν
2683 2381 2755 2446 εἰς
2804 2382 2892 2437 τὸν
2938 2382 3094 2438 αὐτὸν
3145 2384 3331 2440 τόπον.
3373 2381 3473 2446 "Oc
3505 2382 3761 2438 ἀπελθὼν

2114 2466 2202 2523 καὶ
2255 2468 2476 2543 τοιούτῳ
2532 2468 2714 2547 τρόπῳ
2789 2471 2983 2546 μηκέτι
3069 2474 3388 2553 πειρασθεὶς,
3462 2472 3517 2528 ἐν
3576 2470 3763 2551 τρισὶν

2111 2554 2284 2613 ἔτεσιν
2340 2558 2592 2635 γενναίως
2651 2559 2916 2641 ἀσκήσας,
2976 2561 3031 2617 ἐν
3090 2563 3275 2641 εἰρήνῃ
3333 2560 3602 2639 μετῆλθεν
3667 2564 3762 2619 τὸν

2107 2643 2232 2722 τῇδε
2263 2647 2400 2723 βίον,

2191 2728 2318 2800 ΝΓ’,
2359 2736 2525 2795 Ἀλλὰ
2559 2740 2697 2815 μετὰ
2739 2741 2835 2808 τὴν
2893 2739 3065 2821 ἄφιξιν
3112 2742 3298 2800 τούτου
3349 2754 3470 2807 τοῖς
3530 2748 3761 2820 παροῦσι

2113 2840 2383 2907 μοναχοϊς
2433 2830 2515 2884 καὶ
2549 2843 2841 2906 κοσμικοϊς
2874 2833 2960 2889 καὶ
2993 2839 3122 2889 πᾶσι
3164 2845 3284 2897 τοῖς
3317 2831 3538 2894 λοιποῖς
3572 2831 3760 2911 ἔλεγεν

2108 2920 2135 2973 ὁ
2168 2921 2453 2999 μακάριος,
2520 2922 2579 2978 Οἱ
2639 2918 2884 2997 δαίμονες
2945 2922 3318 2999 βασκαίνοντες
3358 2929 3435 2997 τῷ
3465 2922 3754 3002 ἀνθρώπῳ,

2106 3004 2328 3063 ἆδελποὶ
2387 3008 2681 3089 ἀγαπητοὶ,
2742 3010 2824 3068 διὰ
2880 3012 3095 3068 πάντων
3152 3013 3510 3092 μηχανῶνται
3535 3032 3748 3088 παρεμ-

390 3099 659 3162 dimento
691 3100 754 3160 in
785 3098 958 3160 bonis
985 3095 1292 3177 operibus,
1330 3104 1387 3156 et
1417 3096 1672 3157 maxime
1704 3094 1764 3156 in
1800 3105 2023 3176 tempe-

2109 3094 2285 3153 ποδὼν
2315 3098 2452 3168 ἡμῖν
2495 3099 2549 3155 ἐν
2592 3113 2712 3164 τοῖς
2749 3100 2973 3179 ἀγαθοῖς
3024 3101 3262 3179 γενέσθαι
3296 3100 3492 3181 ἔργοις,
3520 3101 3606 3155 καὶ
3634 3099 3741 3175 μᾶ-

384 3188 591 3249 rantia'
625 3195 686 3250 et
741 3186 1130 3260 continentia,
1186 3184 1641 3264 humilitateque
1680 3193 1738 3245 et
1789 3185 2022 3247 beneﬁ-

390 3276 608 3350 centia,
641 3275 1027 3355 orationeque
1061 3282 1119 3335 et
1148 3274 1411 3348 silentio,
1446 3272 1812 3350 lenitateque
1839 3282 1895 3335 et
1928 3294 2025 3355 pa-

386 3365 620 3442 tientia,
657 3382 920 3446 paceque
952 3374 1011 3425 et
1044 3362 1444 3444 tolerantia,et
1466 3362 1752 3424 charitate
1784 3363 1842 3424 in
1878 3384 2020 3445 pro-

393 3458 644 3533 ximum,
677 3474 792 3536 qua
824 3453 974 3516 nihil
1008 3462 1096 3514 est
1127 3454 1339 3533 majus.
1402 3452 1709 3532 Oljiciunt
1759 3455 1915 3516 enim
1948 3455 2022 3517 iis

387 3545 656 3624 quidem,
713 3544 817 3621 qui
867 3544 1071 3605 volunt
1123 3561 1255 3603 esse
1290 3551 1717 3623 temperantes,
1754 3544 2021 3607 diversas

387 3636 671 3716 quasdam
708 3643 764 3696 et
792 3634 948 3695 inter
974 3652 1039 3695 se
1070 3633 1481 3713 discrepantes
1512 3632 1769 3712 species,
1794 3642 1851 3694 et
1879 3653 2019 3695 cor-

388 3725 555 3807 poris
586 3724 978 3787 titillationes:
1020 3723 1319 3803 quomodo
1352 3722 1528 3783 etiam
1556 3718 2013 3801 abstinentibus,

381 3815 607 3877 ventris
637 3814 1033 3896 appetitiones
1067 3833 1080 3875 :
1118 3821 1175 3874 et
1215 3811 1311 3885 iis,
1347 3812 1448 3891 qui
1478 3810 1682 3872 volunt
1712 3812 2018 3874 humiliter

387 3906 462 3967 de
491 3922 557 3966 se
586 3904 835 3980 sentire,
898 3920 1105 3965 vanam
1155 3901 1403 3980 gloriam
1436 3917 1449 3958 :
1488 3901 1558 3962 iis
1586 3909 1783 3962 autem
1819 3900 1921 3981 qui
1953 3902 2016 3964 in

381 3998 581 4057 animo
613 3995 834 4057 habent
864 3992 1245 4065 benefacere,
1281 4009 1523 4052 suorum
1559 3990 1753 4070 potius
1784 4010 2009 4055 curam:

377 4084 577 4166 iisque
606 4086 706 4164 qui
741 4091 915 4145 orant
937 4092 995 4145 et
1026 4089 1207 4163 agunt
1235 4080 1566 4155 silentium,
1604 4079 1868 4142 diversas
1893 4083 2017 4143 ani-

380 4174 462 4236 mi
493 4171 974 4255 perturbationes
1002 4179 1059 4234 et
1102 4168 1543 4231 multitudinem
1604 4182 1868 4231 veterum
1902 4190 2012 4234 ne-

374 4264 670 4346 gotiorum
702 4282 723 4324 ε
769 4263 845 4325 iis
875 4279 1014 4324 vero
1047 4259 1148 4342 qui
1179 4278 1245 4322 se
1275 4259 1334 4320 in
1368 4259 1610 4321 lenitate
1640 4271 1924 4322 exercent
1956 4270 2018 4323 et

380 4353 716 4431 tolerantia,
755 4359 1064 4434 Opponunt
1092 4349 1276 4411 animi
1306 4367 1589 4428 angorem
1626 4362 1804 4431 atque
1847 4351 2010 4413 timi-

2106 3183 2263 3241 λιστα
2320 3185 2374 3242 ἕν
2426 3209 2484 3243 τε
2540 3194 2606 3265 τῇ
2665 3191 2981 3269 σωφροσύνῃ
3025 3191 3114 3248 καὶ
3147 3190 3450 3270 ἐγκρατείᾳ,
3483 3211 3743 3246 ταπεινο-

2106 3275 2338 3354 φροσύνῃ
2397 3296 2453 3332 τε
2513 3279 2602 3334 καὶ
2661 3279 2898 3353 εὖποιϊᾳ,
2956 3278 3054 3336 καὶ
3085 3285 3366 3360 προσευχῇ
3394 3282 3485 3336 καὶ
3511 3280 3745 3360 ἡσυχίᾳ,

2105 3365 2352 3443 ὑπομονῇ
2406 3388 2462 3423 τε
2510 3368 2605 3424 καί
2661 3369 3015 3446 μακροθυμίᾳ,
3064 3371 3248 3449 εἰρήνῃ
3289 3391 3344 3427 τε
3404 3372 3492 3426 καὶ
3566 3369 3751 3435 ἀνεξι-

2106 3456 2284 3529 κακίᾳ,
2346 3457 2433 3512 καὶ
2490 3463 2558 3533 τῇ
2596 3460 2728 3534 πρὸς
2780 3460 2873 3514 τὸν
2918 3456 3147 3525 πλησίον
3200 3456 3405 3539 ἀγάπῃ,
3459 3458 3525 3527 ἧς
3557 3467 3751 3534 μεῖζον

2104 3542 2251 3602 οὐδέν
2286 3564 2299 3578 °
2341 3543 2753 3627 ἀνθυποφέρουσι
2785 3548 2885 3627 γὰρ
2915 3560 3031 3613 τοῖς
3081 3548 3179 3623 μὲν
3237 3547 3584 3625 βουλομένοις
3631 3571 3747 3605 σω-

2104 3646 2318 3714 φρονεῖν
2378 3632 2544 3697 εἶδέας
2599 3637 2746 3701 τινας
2806 3635 3083 3717 διαφόρους
3172 3640 3258 3694 καὶ
3327 3635 3748 3707 ἀκαταλλήλως

2100 3726 2188 3780 καὶ
2226 3723 2629 3803 γαργαλισμοὺς
2691 3729 3051 3803 σωματικοὺς,
3110 3727 3363 3790 ὡσαύτως
3392 3740 3512 3791 τοῖς
3544 3727 3745 3808 ἐγκρα-

2099 3812 2213 3870 τέσι
2270 3815 2365 3877 τὰς
2426 3820 2526 3883 τῆς
2582 3814 2788 3879 κοιλίας
2848 3814 3041 3895 ὀρέξεις
3096 3818 3185 3873 καὶ
3232 3828 3349 3881 τοῖς
3376 3837 3746 3897 ταπεινοφρο-

2100 3915 2214 3960 veta
2272 3902 2479 3960 θέλουσι
2536 3905 2633 3972 τὴν
2692 3903 2988 3971 κενοδοξίαν
3024 3921 3040 3937 '
3090 3918 3210 3971 τοῖς
3238 3903 3294 3961 δὲ
3326 3906 3625 3974 εὐποιῆσαι
3652 3907 3745 3963 θέ-

2099 3990 2278 4049 λουσιν
2357 3990 2824 4069 διασκεπτομένοις
2902 3995 3000 4060 τὴν
3080 3995 3184 4051 τῶν
3265 3994 3477 4050 οίκείων
3532 3993 3738 4069 μᾶλλον

2099 4080 2417 4155 κηδεμονίαν
2450 4102 2466 4120 ο
2527 4097 2646 4148 τοῖς
2690 4082 2745 4140 δὲ
2802 4083 3261 4164 προσευχόμένοις
3292 4083 3391 4140 καῖ
3423 4084 3734 4162 ἡσυχάζου-

2098 4193 2179 4227 σιν
2230 4168 2568 4249 ῥεμϐασμυὺς
2646 4170 2928 4253 διαφόρους
2988 4174 3074 4230 καὶ
3141 4172 3347 4241 πλῆθος
3407 4173 3744 4251 πραγμάτων

2095 4261 2336 4340 ἀρχαίων
2367 4279 2383 4297 ο
2443 4264 2532 4318 καὶ
2605 4275 2725 4327 τοῖς
2803 4263 2857 4318 ἐν
2939 4265 3183 4341 ὑπομονῃ
3240 4265 3330 4320 καὶ
3402 4265 3745 4339 μακροθυμίᾳ

2093 4350 2441 4427 ἂσκουμένοις
2500 4351 2793 4419 ἂντιτίθησι
2834 4352 2934 4420 τὴν
2990 4351 3212 4420 ἀκηδίαν
3272 4351 3361 4408 καὶ
3405 4348 3601 4410 δειλίαν
3646 4358 3739 4411 καὶ

374 4444 716 4518 ditatem,et
747 4462 985 4506 omnem
1015 4459 1182 4502 suam
1208 4439 1655 4520 improbitatem
1687 4457 1700 4501 :
1739 4440 1869 4520 paci
1898 4460 2006 4503 au-

2109 4446 2267 4497 τᾶσαν
2316 4440 2417 4507 τὴν
2449 4442 2646 4498 οἰκείαν
2678 4442 2934 4520 πονηρίαν
2967 4458 2981 4472 ⁸
3018 4447 3088 4518 τῇ
3132 4442 3318 4520 εἰρήνῃ
3346 4439 3401 4497 δὲ
3431 4442 3520 4498 καὶ
3549 4440 3735 4508 ἀνεξι-

370 4541 496 4600 ῑοιη
527 4542 586 4593 et
615 4533 939 4611 patientiae,
987 4531 1187 4593 odium
1244 4537 1302 4591 et
1348 4528 1845 4606 malevolentiam,
1900 4550 2008 4611 per

2109 4530 2249 4602 ιακίᾳ
2301 4530 2400 4597 τὴν
2457 4531 2840 4611 μνησικακίαν,
2885 4528 2954 4587 δι’
3014 4530 3079 4599 ἧς
3133 4529 3270 4604 μετά
3321 4532 3384 4586 τὸ
3442 4531 3576 4604 πρὸς
3635 4533 3728 4588 τὸν

377 4640 552 4704 quam
585 4622 782 4703 perdit
808 4639 965 4697 eam,
995 4640 1129 4701 qua:
1151 4629 1240 4683 est
1266 4623 1323 4680 in
1355 4618 2001 4697 Christo,charitatem,

370 4722 429 4776 et
461 4731 695 4789 omnes,
730 4720 795 4774 ut
845 4711 1031 4773 semel
1083 4710 1299 4785 dicam,
1334 4710 1563 4771 fructus
1592 4713 1775 4771 sancti
1807 4708 2002 4791 Spiri-

373 4812 489 4880 tus,
530 4821 680 4885 quos
711 4799 1082 4865 enumeravit
1109 4799 1428 4882 Apostolus
1451 4799 1530 4877 Ξ9,
1570 4817 1675 4880 per
1705 4801 2003 4862 contraria

367 4903 663 4957 conantur
687 4890 1103 4956 evertere.Sed
1138 4889 1240 4972 qui
1269 4898 1406 4951 sunt
1434 4890 1644 4951 muniti
1667 4891 1853 4969 gratia
1888 4894 2000 4953 Do-

367 4984 513 5046 mini
547 4983 733 5047 nostri
791 4984 931 5046 .lesu
965 4980 1205 5055 Christi,
1250 4990 1601 5060 permanent
1630 4977 1993 5044 immobiles.

362 5072 766 5146 Quamobrem
801 5091 920 5134 non
945 5078 1036 5134 est
1060 5069 1421 5144 mirandum,
1448 5068 1683 5149 quando
1713 5088 1832 5131 non
1864 5070 1995 5151 pla-

359 5164 451 5243 gis
481 5164 900 5227 conscindunt.
956 5160 1204 5234 Quando
1260 5158 1422 5219 enim
1470 5175 1576 5239 per
1604 5158 1996 5237 cogitationes

2087 4618 2313 4687 πλησίον
2376 4632 2539 4693 μῖσος
2592 4619 3040 4696 καταλυμαίνεται
3085 4620 3184 4688 τὴν
3234 4624 3289 4676 ἐν
3341 4625 3554 4699 Χριστῷ
3582 4619 3724 4699 ἀγα-

2088 4732 2194 4777 πην
2246 4711 2338 4765 καὶ
2395 4709 2569 4767 πάντα
2625 4708 2679 4765 δὲ
2740 4711 2814 4773 ὡς
2846 4708 2907 4767 ἄν
2952 4731 3032 4774 τις
3085 4707 3393 4780 συλλήϐδην
3424 4708 3573 4766 εἴποι
3601 4712 3726 4777 τοὺς

2080 4801 2176 4855 τοί)
2242 4798 2391 4877 ἁγίου
2450 4799 2755 4874 Πνεόματος
2830 4800 3089 4877 καρποὺς,
3148 4800 3237 4862 οὓς
3293 4799 3322 4855 ὁ
3389 4797 3724 4866 Ἀπόστολος

2081 4889 2497 4968 ἆπηριθμήσατο
2549 4889 2864 4968 ἀνατρέπειν
2921 4887 3005 4946 διὰ
3053 4896 3163 4947 τῶν
3212 4888 3537 4945 ὑπεναντίων
3591 4910 3720 4947 πει-

2080 4985 2297 5056 ρῶνται.
2347 4975 2499 5034 Ἀλλ’
2544 4979 2592 5034 οἱ
2635 4984 2704 5055 τῇ
2730 4979 2917 5059 χάριτι
2948 4985 3039 5036 τοῦ
3072 4983 3325 5057 Σωτῆρος
3356 4979 3512 5054 ἡμῶν
3544 4978 3723 5045 Ἰησοῦ

2082 5073 2310 5146 Χριστοῦ
2365 5068 2767 5147 τετειχισμένοι
2825 5068 3068 5134 ἀκλινεϊς
3141 5067 3479 5144 διαμένουσιν
3511 5084 3526 5098 ·
3599 5067 3718 5126 ὅθεν

2079 5160 2138 5214 οὗ
2192 5157 2305 5237 χρὴ
2354 5159 2665 5233 θαυμάζειν,
2698 5158 2849 5216 ὁπότ’
2887 5159 2951 5215 ἂν
2982 5159 3072 5216 καὶ
3102 5156 3347 5237 πληγαῖς
3376 5160 3513 5232 ἡμᾶς
3541 5178 3717 5215 κατα-

360 5259 425 5314 et
477 5253 744 5332 reliquas
774 5252 1043 5334 corporis
1077 5247 1557 5332 perturbationes
1585 5265 1704 5308 non
1751 5257 1996 5328 possunt

2113 5246 2388 5308 όπτουσιν.
2421 5245 2590 5305 ’Ὅταν
2620 5247 2722 5325 γὰρ
2750 5245 2836 5304 διὰ
2865 5251 2970 5306 τῶν
3022 5249 3241 5306 ὲννοιῶν
3286 5249 3376 5304 καὶ
3429 5253 3539 5302 τῶν
3593 5245 3718 5304 λοι-

356 5360 467 5403 nos
496 5341 841 5420 deturbare,
876 5349 1019 5404 tunc
1051 5357 1159 5424 per
1192 5357 1257 5401 se
1279 5338 1736 5401 exercitatorum
1771 5345 1997 5401 terrent

2109 5342 2193 5393 τῶν
2246 5342 2569 5412 σωματικῶν
2602 5340 2780 5394 παθῶν
2831 5337 2909 5415 μὴ
2957 5335 3236 5413 δυνάμενοι
3291 5336 3417 5412 ὦσι,
3468 5337 3590 5394 cem
3647 5335 3716 5397 δι’

352 5431 727 5516 petitionem.

429 5591 490 5647 ⁸8
520 5592 710 5659 Galat.
743 5609 805 5662 ν.

2076 5425 2279 5484 ἑαυτῶν
2310 5426 2580 5507 πρόσεισιν
2610 5423 2957 5512 ἐκφοϐοῦντες
2977 5426 3102 5494 τοὺς
3120 5426 3383 5497 ἀσκητάς.
