4060 6206
395 297 547 368 1427

1652 292 1935 361 MENSIS
1976 293 2484 365 FEBRUARIUS.

3605 291 3756 362 14⁸28

391 445 599 523 aperta
617 437 877 502 fenestra
892 435 1296 512 Beatus,cum,
1324 433 1722 499 «Benedictus
1737 434 2028 501 Dominus
2049 478 2054 489 ς

2142 435 2325 494 ύπνων
2371 433 2782 517 διατελούντων,
2829 433 3040 504 ἀνοίξας
3084 434 3145 494 τὸ
3185 431 3407 515 θυρίδιον
3482 434 3510 494 6
3573 433 3762 512 μακά-

390 535 610 608 Βευε,›
650 541 741 594 ter
769 531 1156 592 vehementer
1183 526 1458 607 dixisset,
1494 535 1551 589 et
1579 528 2032 610 suspirasset,et

393 633 576 706 caput
604 623 666 684 in
700 629 918 683 terram
974 617 1344 693 inclinasset,
1380 617 1524 680 dicit
1560 638 1572 678 :
1609 617 1777 691 Quod
1811 627 1938 681 erat
1970 619 2031 680 in

394 715 638 780 Oriente
696 710 1014 783 luminare,
1072 727 1105 768 ο
1167 707 1296 783 filii,
1331 707 1592 787 Symeon
1623 712 1796 770 Pater
1827 716 2032 771 noster

397 802 664 868 dormiit.
699 801 845 863 Cum
891 799 930 859 ii
985 805 1181 860 autem
1217 806 1460 878 propter
1490 797 1878 874 psalmodiam
1915 817 2032 860 non

398 893 749 965 sensissent,
782 887 936 970 quod
986 888 1211 950 dictum
1245 887 1462 966 fuerat,
1487 887 1657 950 valde
1708 890 1858 950 flens
1885 889 2036 950 Bea-

396 992 515 1055 tus,
549 997 761 1043 rursus
790 978 932 1040 dicit
964 977 1050 1040 eis
1085 997 1098 1038 :
1153 980 1405 1039 Sanctus
1456 979 1630 1040 Pater
1659 986 1884 1052 noster,
1915 977 2034 1040 Ec-

401 1072 600 1136 clesiae
629 1069 912 1133 columna
938 1075 995 1130 et
1027 1067 1765 1146 firmamentum,Symeon
1798 1067 2036 1148 requie-

396 1164 503 1238 vit,
539 1169 598 1224 et
646 1158 794 1222 nulli
851 1157 1042 1237 culpae
1099 1155 1292 1217 affinis
1323 1163 1382 1218 et
1414 1156 1635 1218 munda
1667 1159 1796 1237 ejus
1835 1157 2034 1220 anima

399 1271 496 1316 me
522 1249 792 1313 inutilem
825 1255 883 1309 et
910 1245 1191 1309 sordibus
1220 1245 1618 1328 inquinatum,
1651 1265 1771 1308 non
1801 1256 1892 1308 est
1923 1248 2034 1309 de-

399 1343 638 1423 dignata
669 1339 1015 1419 praeteriens
1045 1335 1328 1398 salutare.
1359 1337 1504 1398 Haec
1537 1354 1670 1398 cum
1703 1337 2038 1399 audiissent

402 1445 464 1498 et.
492 1428 663 1493 valde
695 1434 898 1490 essent
927 1425 1216 1506 perculsi,
1270 1445 1389 1488 non
1423 1433 1746 1506 potuerunt
1777 1445 2036 1508 respon-

2114 549 2226 606 ριος
2269 530 2367 584 καὶ
2412 529 2499 607 τὸ,
2546 526 2856 605 Εὐλογητὸς
2903 527 3117 603 Κύριος,
3177 528 3406 605 εὶρηγὼς
3440 525 3527 584 ἐπὶ
3556 528 3764 604 τρίτον,

2114 615 2352 696 σφοδρῶς
2421 617 2672 682 στενάξας
2745 618 2833 674 καὶ
2876 617 2975 684 τὴν
3018 615 3262 684 κεφαλὴν
3303 615 3488 680 κλίνας
3533 615 3766 696 ἔφησεν,

2119 698 2176 764 Ὀ
2210 706 2262 763 ἐν
2293 713 2364 783 τῇ
2397 705 2668 784 Ἀνατρλῇ
2698 706 2946 786 φωστὴρ,
2977 707 3024 763 ὦ
3050 706 3236 785 τέκνα,
3269 708 3493 782 Συμεὼν
3522 708 3551 762 ὁ
3579 705 3770 780 πατὴρ

2115 796 2270 870 ὴμῶν
2328 796 2673 871 κεκοίμηται.
2749 798 2868 854 Τῶν
2937 793 2984 852 δὲ
3044 793 3130 851 διὰ
3170 797 3268 864 τὴν
3315 794 3638 872 ψαλμῳδίαν
3687 793 3772 869 μὴ

2118 885 2444 962 αἰσθομένων
2482 886 2544 942 τὸ
2586 886 2770 964 ῥηθὲν,
2815 883 3070 943 ἔκλαυσεν
3116 887 3149 954 ἡ
3194 886 3457 962 μακάριος
3504 885 3590 942 ἐπὶ
3634 887 3774 940 ἱκα-

2117 975 2207 1032 νόν
2243 991 2257 1005 ⁸
2306 974 2662 1051 παυσαμένων
2695 974 2751 1031 δὲ
2784 975 2958 1032 αὐτῶν
2987 974 3149 1032 πάλιν
3180 975 3352 1054 λέγει,
3410 966 3467 1034 Ὀ
3500 976 3554 1032 ἐν
3588 975 3774 1053 ἀγίοις

2119 1065 2303 1144 Πατὴρ
2348 1066 2500 1142 ἡμῶν
2546 1067 2574 1122 6
2619 1064 2813 1129 στύλος
2859 1067 2946 1122 καὶ
2979 1067 3040 1122 τὸ
3071 1064 3340 1144 ἑδραίωμα
3369 1072 3468 1133 τῆς
3502 1065 3765 1133 ἀληθείας

2119 1155 2339 1230 Συμεὼν
2410 1154 2778 1235 ἀνεπαύσατο,
2863 1157 2951 1212 καὶ
3007 1156 3041 1224 ἡ
3101 1155 3327 1231 ἄμωμος
3397 1155 3494 1212 καί
3551 1157 3763 1234 καθαρά

2119 1245 2278 1300 αὐτοῦ
2314 1245 2469 1324 ψυχὴ
2513 1243 2610 1318 ἐμὲ
2681 1244 2773 1300 τόν
2816 1242 3044 1323 ἀχρεῖον
3087 1246 3175 1302 καὶ
3229 1243 3600 1323 ὶῤῥυπωμένον
3658 1247 3764 1302 οὒκ

2120 1333 2420 1400 ἀπηξίωσεν
2477 1333 2720 1414 φθάσασα
2788 1334 3260 1397 κατασπάσασθαι,
3355 1337 3531 1392 Ταῦτα
3585 1335 3763 1391 ἀκού-

2123 1444 2311 1488 σαντες
2355 1425 2448 1479 καί
2495 1421 2744 1501 μεγάλως
2788 1423 3176 1502 τρομάσαντες,
3252 1421 3600 1502 ἀποκριθῆναι
3656 1423 3764 1496 μέν

402 1523 571 1601 dere,
605 1518 709 1582 sed
731 1519 1048 1595 siluerunt,
1083 1515 1386 1594 signantes
1413 1523 1646 1578 noctem
1677 1516 1738 1577 in
1772 1535 1886 1596 qua
1918 1517 2044 1579 haec

2142 1512 2220 1568 νδκ
2277 1511 2611 1588 ἐτόλμησαν,
2659 1511 2867 1588 μᾶλλον
2911 1513 2966 1569 δὲ
3009 1514 3319 1594 ἡσύχασαν,
3365 1513 3465 1580 τὴν
3495 1513 3766 1592 ὥρανκαί

404 1595 569 1674 dicta
592 1610 854 1671 fuerant.
889 1606 1032 1668 Cum
1064 1614 1257 1667 autem
1292 1607 1496 1685 paucis
1523 1613 1655 1686 post
1685 1595 1898 1667 diebus
1929 1607 2044 1668 hoc

2142 1603 2223 1669 τὴν
2281 1603 2440 1659 νύκτα
2481 1603 2948 1683 σημειωσάμενοι,
2980 1603 3034 1659 ἐν
3065 1607 3102 1681 ᾗ
3131 1611 3297 1660 ταῦτα
3326 1602 3551 1682 ἐλέιθη.
3591 1595 3683 1667 Ὦς
3715 1599 3774 1657 δὲ

405 1702 478 1764 ad
515 1699 675 1782 pium
736 1699 1160 1778 imperatorem
1210 1698 1474 1758 Leonem
1524 1695 1584 1756 in
1618 1696 1918 1777 principio
1952 1696 2043 1757 sui

2142 1692 2244 1748 ιετ’
2276 1691 2458 1770 ὀλίγας
2493 1693 2700 1769 ἡμέρας
2742 1694 2777 1760 ἡ
2838 1694 2959 1770 περὶ
3009 1693 3198 1750 τούτου
3257 1693 3495 1772 ἀναφορὰ
3541 1693 3635 1749 τὸν
3681 1693 3777 1748 εύ-

404 1779 648 1871 imperii
679 1787 931 1850 relatum
965 1793 1214 1861 esset,et
1235 1783 1517 1847 omnibus
1544 1785 1604 1846 id
1629 1795 1789 1847 esset
1811 1793 2039 1859 notum,

2142 1779 2445 1838 ιεϐέστατον
2501 1781 2726 1860 βασιλέα
2771 1781 2827 1838 ἐν
2871 1795 2995 1846 ταῖς
3039 1782 3240 1862 ἀρχαῖς
3291 1785 3447 1840 αὑτοῦ
3506 1779 3778 1838 κατέλαϐε

408 1881 726 1958 diligenter
784 1878 1030 1937 scrutati
1090 1877 1192 1951 qui
1242 1875 1614 1950 audiverant,
1689 1877 2047 1936 invenerunt

410 1971 592 2032 fuisse
622 1974 851 2028 certum
883 1965 1042 2046 quod
1075 1964 1329 2028 Sanctus
1360 1964 1616 2042 dixerat,
1671 1964 1914 2046 utquod
1949 1963 2044 2026 di-

409 2060 545 2120 vina
569 2053 756 2136 gratia
791 2055 1161 2136 praedixisset
1192 2073 1296 2136 per
1336 2054 1760 2116 revelationem
1795 2054 1856 2116 in
1891 2073 2043 2116 con-

409 2146 808 2213 summatione
837 2145 1025 2206 sancti
1058 2143 1392 2224 Symeonis.
1424 2142 1615 2206 Valde
1659 2163 1798 2223 ergo
1830 2145 2046 2205 obstu-

410 2237 626 2319 pefacti
675 2243 735 2297 et
789 2234 978 2297 Deum
1038 2234 1462 2314 gloriﬁcantes,
1523 2234 1583 2296 in
1642 2235 1756 2298 hoc
1811 2251 2047 2316 quoque

411 2327 569 2392 docti
601 2325 792 2404 fuere,
824 2323 1010 2386 Deum
1047 2343 1223 2406 posse
1248 2325 1476 2389 omnia.

492 2414 670 2479 LVII.
703 2412 872 2486 Quod
906 2431 1046 2474 vero
1079 2415 1204 2480 haec
1235 2433 1270 2476 a
1303 2414 1497 2489 nobis,
1560 2432 1680 2476 non
1712 2413 1841 2476 sola
1871 2414 2049 2476 motis

413 2502 945 2587 conjectura,dicta
973 2503 1227 2576 sint,sed
1261 2523 1392 2586 quae
1418 2503 1869 2567 accuratissime
1886 2503 2048 2566 didi-

415 2599 602 2660 cimus
628 2593 701 2656 ab
724 2611 844 2654 uno
867 2592 941 2654 ab
974 2593 1111 2673 ejus
1135 2593 1614 2675 administris,ea
1643 2595 1820 2656 etiam
1855 2612 2053 2675 perse—

417 2688 536 2749 cuti
570 2703 804 2746 sumus.
835 2685 1026 2746 Nemo
1060 2702 1199 2762 ergo
1231 2683 1462 2746 dubitet
1497 2705 1513 2762 ;
1547 2703 1682 2746 nam
1706 2684 1806 2766 qui
1841 2702 1950 2744 nos
1979 2683 2053 2746 de

415 2777 530 2839 hoc
561 2772 1002 2846 instruxit,erat
1027 2773 1274 2849 quidem
1305 2773 1510 2853 lingua
1538 2773 1922 2848 barbarus,ut
1954 2772 2056 2854 qui

418 2871 574 2928 esset
605 2871 770 2924 ortus
801 2879 870 2923 ex
893 2860 1304 2942 Mysia,mente
1329 2872 1533 2926 autem
1560 2862 2054 2936 honestissimus,

418 2961 484 3017 ut
511 2951 614 3034 qui
639 2969 1026 3032 perseverans
1067 2951 1221 3032 apud
1247 2951 1483 3015 beatum
1517 2953 1906 3028 Auxentium,
1941 2971 2060 3014 non

417 3045 622 3105 vinum
656 3040 894 3115 biberit,
931 3059 1049 3102 non
1098 3041 1229 3105 oleo
1261 3061 1402 3104 usus
1440 3042 1538 3117 sit,
1574 3062 1690 3104 non
1723 3043 2054 3122 pulmento,

2132 1870 2354 1946 Λέοντα,
2400 1871 2497 1929 καὶ
2545 1885 2664 1935 τοῖς
2719 1879 2882 1929 πᾶσιν
2933 1871 3250 1951 ἐγνωρίσθη,
3301 1871 3772 1950 φιλοπονήσαντες

2129 1964 2176 2018 οἱ
2218 1961 2514 2029 ἀκηκοότες
2560 1961 2708 2039 εὗρον
2757 1959 2972 2034 ἀπλανῆ
3014 1968 3108 2017 τοῦ
3153 1963 3299 2019 ὁσίου
3327 1961 3424 2028 τὴν
3471 1960 3656 2038 ῥῆσιν,
3703 1960 3772 2027 ἢν

2128 2052 2311 2131 χάριτι
2357 2052 2470 2124 θείᾴ
2514 2052 2649 2110 κατά
2691 2049 3030 2126 ἀποκάλυψιν
3078 2052 3384 2130 προειρήκει
3434 2052 3490 2106 ἐν
3547 2055 3618 2124 τῇ
3673 2070 3777 2105 τε·-

2128 2140 2341 2198 λειώσει
2395 2148 2488 2198 τοῦ
2558 2141 2711 2216 ἁγίου
2788 2145 3098 2215 Συμεῶνος.
3161 2138 3608 2216 Καταπλαγέντες
3675 2137 3771 2194 οὖν

2132 2231 2370 2312 σφοδρῶς
2428 2233 2518 2288 καὶ
2561 2231 2866 2302 δοξάζοντες
2911 2231 3002 2286 τὸν
3045 2232 3200 2310 Θεὸν,
3258 2228 3614 2308 ἐδιδάχθησαν
3666 2228 3771 2284 καί

2131 2319 2185 2377 ἐν
2213 2321 2406 2395 τούτῷ,
2439 2319 2522 2377 ὅτι
2554 2321 2729 2377 πάντα
2762 2318 2956 2376 δυνατά
2983 2320 3126 2399 παρά
3154 2326 3230 2394 τῷ
3261 2320 3402 2394 Θεῷ.

2214 2401 2340 2470 ΝΖ’.
2385 2410 2508 2470 ’Ὁτι
2537 2409 2593 2466 δὲ
2642 2411 2739 2467 οὒκ
2785 2409 3202 2490 ἐστοχασμένως
3243 2409 3368 2487 παρ’
3405 2410 3562 2484 ἡμῶν
3606 2415 3776 2467 ταῦτα

2134 2501 2406 2580 λέλεκται,
2442 2499 2580 2556 ἀλλά
2631 2499 2768 2574 μετά
2814 2497 3062 2562 πλείονος
3114 2495 3409 2576 ἀκριϐείας,
3471 2498 3610 2576 ἅπερ
3667 2520 3775 2572 με-

2136 2593 2453 2667 μαθήκαμεν
2511 2588 2636 2663 παρ’
2695 2589 2810 2650 ἑνὸς
2869 2595 2974 2645 τῶν
3032 2590 3310 2666 ὑπουργῶν
3365 2588 3547 2660 αὒτού,
3609 2597 3778 2645 ταῦτα

2137 2679 2507 2754 διεξήλθομεν,
2537 2677 2724 2755 μηδεὶς
2783 2675 3191 2757 ἀμφιϐαλλέτω,
3246 2677 3408 2740 Οὗτος
3454 2679 3580 2756 γὰρ,
3625 2677 3776 2740 οὗτος

2142 2773 2169 2827 6
2227 2774 2355 2848 περῖ
2411 2769 2598 2828 τούτου
2655 2771 2800 2843 ἡμᾶς
2858 2767 3247 2847 στοιχειώσας,
3297 2772 3364 2842 τῇ
3418 2766 3639 2845 γλώττῃ
3683 2768 3777 2842 μὲν

2141 2857 2403 2938 βάρϐαρος
2456 2858 2701 2937 ὑπῆρχεν
2762 2857 2822 2914 ἐκ
2880 2862 2976 2924 τῆς
3031 2857 3230 2918 Μυσίας
3308 2857 3645 2934 ὁρμώμενος,
3714 2864 3782 2933 τῇ

2143 2949 2333 3030 γνώμῃ
2361 2947 2417 3006 δὲ
2463 2948 2794 3026 πάνσεμνος,
2827 2948 2885 3010 ὃς
2935 2947 3344 3026 προσκαρτερῶν
3402 2954 3478 3020 τῷ
3536 2949 3783 3024 μακαρίῳ

2144 3038 2424 3114 Αύξεντίῳ,
2457 3041 2552 3096 οὒκ
2593 3037 2745 3096 οἴνου
2774 3034 3200 3112 μετελάμϐανεν,
3259 3035 3354 3093 οὒκ
3396 3036 3595 3114 ἐλαίου,
3657 3037 3779 3092 οὗτε

421 3151 541 3195 non
569 3131 912 3202 frnctu,uon
942 3130 1201 3212 denique
1236 3133 1356 3194 ullo
1381 3131 1676 3196 alio.Nam
1703 3139 1917 3213 praeter
1951 3149 2054 3211 pa-

2147 3129 2450 3204 ἐψήματος,
2487 3125 2604 3184 οὔτε
2635 3127 2875 3206 ὀπώρας,
2913 3125 3006 3182 οὒκ
3064 3124 3228 3183 ἄλλου
3271 3127 3416 3192 τινὸς
3451 3125 3587 3192 πλὴν
3622 3125 3783 3204 ἄρτου

419 3240 559 3284 nem
591 3229 652 3282 et
680 3238 891 3300 aquam
922 3227 980 3282 et
1009 3221 1272 3299 semina,
1305 3240 1437 3301 quae
1467 3241 1586 3284 non
1619 3222 2054 3302 coquebantur,

424 3326 615 3390 eaque
639 3326 758 3368 non
792 3307 864 3368 ad
898 3307 1251 3385 satietatem,
1288 3311 1493 3388 quavis
1524 3310 1648 3372 fere
1681 3317 1876 3385 nocte,
1912 3307 2060 3370 nihil

425 3395 778 3462 comedebat
831 3405 936 3458 aut
990 3396 1260 3471 bibebat,
1312 3398 1574 3460 interdiu
1621 3407 1818 3461 autem
1852 3416 2062 3479 parvas

424 3485 708 3570 quasdam
728 3503 939 3548 cruces
954 3503 1026 3548 ex
1042 3485 1274 3567 siliquis
1289 3488 1455 3551 valde
1469 3489 1773 3569 elegantes
1793 3488 1916 3550 suis
1942 3507 2061 3548 ma-

422 3576 600 3640 nibus
624 3575 860 3639 assidue
882 3575 1274 3649 faciebat.Qui
1299 3585 1498 3640 autem
1523 3577 2061 3642 ascendebant.eas

423 3667 800 3748 accipiebant
830 3666 1021 3744 gratia
1065 3665 1523 3730 benedictionis.
1571 3673 1705 3750 Ipse
1735 3668 1904 3730 nobis
1935 3669 2062 3729 haec

425 3775 528 3821 ore
559 3775 666 3819 suo
698 3755 1074 3836 significavit,
1130 3756 1229 3836 qui
1260 3758 1436 3820 etiam
1472 3769 1784 3838 postquam
1820 3756 2066 3819 dormiit

422 3847 666 3924 Beatus,
699 3863 834 3906 cum
869 3845 1132 3908 moribus
1157 3846 1290 3908 loco
1320 3866 1563 3928 quoque
1587 3847 1895 3911 successit.

501 3933 942 3999 LVIII.Rursus
965 3953 1105 4014 ergo
1130 3935 1401 4016 pluribus
1427 3938 1888 4017 congregatis,et
1915 3955 2062 4017 prat-

2144 3219 2232 3274 καὶ
2285 3216 2471 3280 ὕδατος
2543 3217 2630 3272 καὶ
2685 3222 2791 3272 τῶν
2872 3215 3196 3293 σπερμάτων
3279 3216 3347 3272 τὰ
3402 3213 3623 3295 ἀνεφθα,
3697 3217 3786 3272 καὶ

2141 3313 2308 3364 ταῦτα
2364 3307 2458 3363 οὒκ
2513 3308 2584 3371 είς
2627 3306 2810 3384 κόρον,
2843 3303 2928 3361 διὰ
2957 3305 3134 3371 πάσης
3169 3305 3267 3378 μὲν
3299 3303 3494 3384 σχεδόν
3527 3314 3628 3371 της
3686 3329 3784 3360 νυ-

2143 3398 2268 3462 κτὸς
2311 3395 2777 3475 προσευχόμενος,
2837 3393 2890 3449 ἐν
2943 3393 3118 3471 ὴμέρᾳ
3163 3391 3215 3448 δὲ
3253 3394 3473 3471 αταυρία
3505 3396 3673 3473 μικρὰ
3724 3398 3787 3451 ὶκ

2145 3487 2372 3563 κρατίων
2461 3486 2596 3542 πάνυ
2675 3485 2874 3563 τερπνά
2963 3497 3086 3548 ταῖς
3158 3485 3342 3563 χερσὶν
3431 3483 3786 3562 ἐργαζόμενος

2145 3575 2389 3655 διετέλει,
2449 3575 2537 3631 καὶ
2581 3575 2629 3630 οἱ
2687 3573 2924 3638 ἀνιόντες
2981 3572 3289 3648 ἐκομίζοντο
3346 3571 3476 3628 αὕτα
3545 3573 3789 3650 εὖλοίίας

2147 3667 2307 3747 χάριν
2341 3683 2357 3700 ⁸
2406 3666 2565 3728 αὒτὸς
2597 3666 2734 3739 ἡμῖν
2780 3671 2856 3737 τῷ
2899 3665 3077 3737 οἰκείῳ
3121 3662 3346 3737 στόματι
3391 3663 3527 3721 αὐτὰ
3558 3663 3789 3741 ἐγνώρι-

2147 3778 2263 3835 σεν,
2323 3757 2352 3811 6
2411 3756 2500 3810 καὶ
2559 3754 2695 3828 μετά
2752 3759 2842 3810 τοῦ
2901 3753 3162 3829 μακαρίου
3221 3752 3481 3828 κοίμησιν
3548 3753 3642 3808 σὺν
3714 3759 3793 3826 τῷ

2147 3845 2332 3921 τρόπῳ
2359 3847 2447 3900 καὶ
2481 3845 2574 3900 τὸν
2603 3843 2770 3900 τόπον
2801 3840 3202 3918 διαδεξάμενος.

2222 3924 2540 3992 ΝΗ⁸Π’λ
2689 3931 2959 3988 “-λ’
3149 3934 3174 3987 ιε
3376 3931 3472 3966 -’
3706 3934 3795 3966 -‘

2345 3981 2359 3998 ,
2483 3957 2507 3988 α
2548 3957 2594 3989 ιν
2656 3957 2742 3990 ουρ
2804 3956 2843 3989 π
2885 3954 3068 3990 ειονων
3182 3936 3644 4012 πισυναλθεντων,
3707 3956 3798 3989 και

423 4026 581 4088 dicta
609 4034 893 4086 consueta
939 4025 1145 4104 regula
1204 4026 1488 4106 hymnum
1523 4025 1889 4101 dicentibus,
1923 4045 2054 4088 cum

2143 4024 2280 4080 κατὰ
2335 4024 2427 4080 τὸν
2487 4021 2876 4103 προειρημένον
2921 4023 3122 4092 συνήθη
3186 4021 3383 4078 κανόνα
3426 4021 3798 4100 ὑμνολογούν-

423 4114 804 4178 beatissimus
828 4114 1155 4176 Auxentius
1184 4115 1524 4195 aperuisset
1554 4116 1968 4196 fenestram,et
2004 4122 2054 4176 ul

2143 4136 2274 4190 των,
2334 4111 2634 4178 ἀνοίξαντος
2725 4118 2816 4168 τοῦ
2903 4113 3314 4187 μακαριωτάτου
3399 4110 3677 4176 Αὐξεντίου
3735 4113 3800 4168 τὸ

425 4211 837 4279 consueverat,
896 4221 1140 4284 precum
1177 4205 1354 4266 finem
1391 4205 1651 4281 fecisset,
1689 4208 2054 4286 reSpondens

2147 4201 2394 4282 θυρίδιον,
2428 4204 2514 4258 καὶ
2573 4204 2646 4266 ὡς
2707 4201 2878 4257 εἰώθει
2909 4203 2969 4256 τὸ
3001 4200 3165 4278 πέρας
3200 4205 3297 4267 τῆς
3329 4200 3503 4280 εὒχῆς
3535 4202 3797 4274 ποιήσας,

425 4312 578 4357 unus
602 4311 672 4355 ex
699 4293 772 4354 iis
816 4293 916 4374 qui
948 4293 1224 4368 aderant,
1256 4293 1404 4355 dixit
1441 4312 1454 4356 :
1488 4293 1649 4372 Rogo
1681 4301 1762 4368 te,
1796 4294 2054 4367 domine,

2148 4295 2452 4374 ἀποκριθεὶς
2486 4295 2572 4359 εἷς
2605 4297 2710 4350 τῶν
2743 4293 3021 4372 παρόντων
3075 4293 3176 4373 ἔφη
3210 4312 3224 4327 ⁸
3281 4293 3482 4367 Δέομαί
3535 4315 3652 4368 σου,
3690 4296 3801 4350 Δέο

425 4383 707 4461 benedic,
742 4393 800 4446 et
831 4401 1102 4464 precare,
1138 4383 1294 4464 quod
1345 4402 1478 4446 cum
1532 4385 1725 4446 tribus
1758 4383 2054 4446 mensibus

2149 4407 2344 4461 σποτα,
2410 4383 2713 4462 εὖλόγησον
2774 4385 2861 4439 καί
2943 4381 3108 4463 εὖξαι,
3168 4382 3250 4438 ὅτι
3312 4383 3367 4438 ἓν
3423 4384 3554 4460 ὑπὲρ
3607 4387 3802 4454 μισθοῦ

422 4493 603 4535 unam
656 4491 767 4554 pro
800 4472 1079 4535 mercede
1111 4481 1419 4536 menstrua
1446 4493 1612 4536 ovem
1645 4476 1962 4555 accipiam,
1998 4490 2054 4535 ea

2154 4475 2286 4532 κατά
2329 4473 2472 4549 μῆνα
2526 4472 2813 4549 λαμϐάνω)
2861 4470 3155 4550 πρόϐατον,
3184 4471 3478 4551 ἀπολέσας,
3524 4473 3618 4529 τού
3676 4497 3800 4547 μη-

426 4561 680 4642 perdita,
704 4562 957 4623 frustrur
989 4562 1269 4625 mercede
1303 4565 1480 4624 unius
1520 4563 1748 4625 mensis
1781 4581 1794 4626 :
1830 4563 2054 4626 solebat

2152 4567 2238 4627 νὸς
2289 4564 2379 4620 τὸν
2438 4564 2624 4639 μισθὸν
2694 4564 3010 4639 ὑστεροῦμαι
3082 4561 3147 4629 ἦν
3206 4562 3304 4638 γὰρ
3350 4559 3658 4633 διακονίζων
3715 4570 3802 4635 τῷ

427 4652 590 4713 enim
645 4651 828 4712 Beato
885 4650 1108 4712 hostias
1167 4652 1405 4716 afferre.
1439 4653 1532 4716 Ad
1565 4653 1692 4716 haec
1723 4651 2054 4725 subridens,

2152 4654 2397 4732 μακαρίῳ
2452 4654 2517 4710 τὰ
2571 4653 2829 4728 θύματα).
2892 4653 3030 4729 Πρὸς
3091 4660 3254 4710 ταῦτα
3292 4647 3570 4723 μειδιάσας
3605 4652 3634 4706 6
3683 4674 3802 4724 μα-

428 4739 743 4820 reSpondit
765 4740 983 4801 Beatus
1018 4761 1030 4800 :
1057 4739 1199 4802 Mihi
1235 4742 1348 4803 hoc
1379 4742 1624 4813 dicis,ut
1648 4743 1745 4824 qui
1777 4744 1888 4804 sim
1913 4741 2068 4803 soli-

427 4839 522 4892 tus
551 4828 952 4903 divinare,aut
986 4830 1088 4905 qui
1120 4847 1332 4908 greges
1357 4830 1731 4911 possideam?
1752 4831 1860 4894 Ille
1889 4831 2066 4894 dixit:

426 4920 848 5002 Nequaquam,
885 4919 988 4980 sed
1025 4919 1207 4981 adoro
1240 4929 1320 4996 te,
1355 4929 1420 4982 ut
1447 4927 1673 4998 ores,et
1702 4921 2068 4984 inveniatur.

426 5009 664 5072 Deinde
719 5026 855 5071 cum
918 5006 1218 5088 paululum
1278 5007 1728 5084 intermisisset,
1801 5009 2075 5091 Alypium

441 5099 762 5180 quemdam
799 5100 958 5159 clara
981 5105 1219 5174 voce,ut
1249 5097 1502 5176 solebat,
1535 5102 1750 5162 Beatus
1779 5099 2073 5162 accersiit.

431 5188 581 5251 Cum
618 5187 741 5250 duo
776 5205 918 5266 ergo
969 5185 1195 5250 inventi
1228 5196 1428 5250 essent
1460 5188 1729 5268 ejusdem
1760 5188 2024 5251 nominis
2059 5204 2073 5247 :

436 5275 597 5355 Tibi,
633 5276 848 5353 inquit,
877 5275 1033 5354 dico,
1064 5277 1165 5358 qui
1196 5285 1315 5340 stas
1343 5296 1377 5339 a
1409 5277 1830 5341 sinistris.Scio
1863 5287 1920 5341 te
1959 5297 2078 5341 non

443 5384 577 5428 esse
610 5366 966 5428 suﬂ‘uratum
997 5365 1309 5440 ovem,sed
1334 5367 1816 5445 invenisse,vade
1849 5387 1992 5450 ergo
2021 5377 2081 5432 et

437 5455 651 5518 redde.
683 5455 793 5518 Hic
825 5455 1012 5532 enim,
1045 5457 1146 5538 qui
1181 5458 1468 5539 perdidit,
1497 5459 1596 5522 dat
1625 5459 1791 5522 vobis
1816 5461 1889 5522 ad
1921 5479 2082 5523 sum-

443 5555 572 5609 tum
607 5563 710 5609 sex
769 5545 980 5608 obolos
1040 5557 1103 5610 ut
1163 5566 1266 5610 vos
1297 5550 1762 5628 congregemini.
1798 5549 1908 5624 Qui
1941 5569 2076 5612 cum

444 5637 662 5700 ecisset
695 5643 755 5696 ut
779 5635 986 5717 jussus
1017 5635 1482 5721 fueral,recepta
1499 5656 1627 5718 ove,
1665 5640 1918 5706 Domino
1953 5641 2075 5720 egit

2152 4742 2336 4822 x'aiptoc
2393 4743 2712 4818 ἀπεκρίνατο
2749 4759 2762 4774 ⁸
2817 4741 2975 4816 Ἐμοὶ
3044 4747 3202 4797 τοῦτο
3267 4738 3470 4816 λέγεις,
3533 4741 3604 4804 ὡς
3650 4763 3804 4815 μαν-

2153 4834 2396 4890 τεύεσθαι
2455 4831 2733 4906 είθισμένῳ
2774 4831 2809 4899 ἢ
2856 4829 3052 4908 ἀγέλας
3111 4829 3479 4904 κεκτημένῳς
3544 4829 3804 4893 κάκεῖνος

2155 4921 2283 4999 ἔφη,
2332 4919 2474 5000 Οὐχί
2509 4926 2788 4997 προσκυνῶ
2823 4941 2902 4999 σε,
2940 4917 3060 4975 ἀλλ’
3091 4919 3182 4974 ’ίνα
3213 4918 3406 4996 ἐπεύξῃ
3438 4919 3524 4974 καὶ
3559 4920 3748 4996 εὑρεθῇ
3787 4938 3803 4954 ο

2159 5011 2284 5066 εἶτα
2339 5012 2527 5088 μικρὸν
2586 5007 2906 5082 διαστείλας,
2963 5007 3202 5065 "Ala-nov
3275 5030 3392 5064 τινα
3455 5007 3679 5083 λαμπρᾷ
3736 5014 3807 5083 τῇ

2159 5105 2333 5180 φωνῇ,
2366 5101 2440 5162 ὣς
2465 5098 2530 5167 ἧν
2563 5103 2705 5173 αὒτῷ
2733 5099 2992 5176 πεφυκὸς,
3027 5095 3392 5172 μετακαλεῖτο
3435 5100 3462 5154 6
3505 5097 3804 5175 μακάριος.

2169 5191 2269 5246 Δύο
2317 5189 2406 5246 οὖν
2463 5189 2764 5265 ὁμωνύμων
2808 5186 3141 5266 εὗρεθέντων,
3193 5187 3311 5266 Σοὶ,
3343 5186 3493 5266 φησὶ,
3530 5184 3679 5263 λέγω
3728 5186 3810 5258 τῷ

2161 5277 2214 5345 ἐξ
2257 5280 2540 5355 εὐωνύμων
2599 5280 2796 5335 ἑστῶτι
2835 5295 2848 5309 ⁶
2897 5275 3048 5350 οἶδα,
3096 5275 3176 5331 ὅτι
3223 5275 3318 5333 οὒκ
3376 5273 3633 5354 ἔκλεψας,
3683 5271 3810 5330 ἀλλ’

2163 5372 2307 5447 εὗρες
2369 5369 2431 5425 τὸ
2475 5365 2741 5446 πρόϐατον
2771 5385 2788 5403 °
2835 5365 3029 5422 ἄπελθε
3081 5364 3193 5440 οὗν,
3246 5362 3468 5427 ἀπόδος.
3503 5365 3670 5425 Οὗτος
3705 5365 3810 5442 γὰρ

2162 5462 2190 5517 6
2225 5457 2489 5522 ἀπολέσας
2521 5457 2573 5524 ἓξ
2603 5455 2786 5538 φόλεις
2817 5457 2889 5522 εἷς
2921 5454 3250 5531 ἀναλώματα
3307 5453 3536 5532 παρέχει
3595 5451 3693 5508 ἐπὶ
3743 5454 3806 5508 τὸ

2161 5549 2538 5615 συναλισθῆναι
2597 5549 2761 5623 ὑμᾶς,
2817 5547 2873 5609 ὃς
2932 5546 3162 5613 ποιήσας
3196 5545 3267 5608 ὡς
3300 5541 3607 5614 ἐκελεύσθη,
3658 5541 3802 5598 ἀπο-

2159 5638 2332 5699 λαϐὼν
2374 5640 2435 5696 τὸ
2476 5636 2684 5717 θρέμμα
2743 5635 3062 5718 ηὒχαρίστει
3115 5639 3191 5709 τῷ
3245 5633 3417 5713 Κυρίῳ
3447 5639 3524 5708 τῷ
3562 5641 3803 5692 ποιοῦντι
