4060 6206
309 310 464 379 1429

1612 309 1802 379 VITA
1844 308 1907 376 Β.
1951 310 2358 383 AUXENTII.

3556 106 3585 121 ρ

3499 318 3656 392 1430

303 446 397 509 διὰ
439 455 548 508 τῶν
578 446 738 507 ὁσίων
767 449 927 510 αὕτοῦ
973 447 1186 531 μεγάλα
1243 447 1331 507 καὶ
1390 446 1790 532 ἆνὲξιχνίαστα,
1849 448 1941 508 ἔνι

2036 455 2373 545 gratias,qui
2407 478 2511 543 per
2543 467 2781 526 sanctos
2808 479 2952 526 suos
2984 459 3122 526 facit
3156 481 3368 545 magna
3397 470 3456 529 et
3485 464 3657 529 inve-

309 539 437 609 δοξά
466 562 522 598 τε
553 540 648 598 καί
680 538 901 615 ἐξαίσια,
931 543 1003 599 ὧν
1036 545 1130 601 οὒκ
1158 537 1301 598 ἔστιν
1333 539 1575 620 ἀριθμός.

388 722 528 784 NB’.
576 727 684 795 Μιᾷ
716 718 771 777 δὲ
802 724 910 778 τῶν
938 722 1156 799 ἡμερῶν
1186 719 1423 793 πλήθους
1449 720 1788 801 συνηγμένοι)
1838 722 1947 778 τῶν

305 813 616 893 ἒπιχωρίων
672 833 730 868 τε
791 813 880 869 καὶ
937 810 1230 869 πολιτικῶν
1288 813 1377 869 καὶ
1432 819 1525 870 τοῦ
1575 811 1836 891 μακαρίοῦ
1880 812 1947 869 τὰ

308 904 439 981 πρὸς
519 902 787 980 σωτηρίαν
884 900 1292 981 διαλεγομένου,
1384 901 1606 965 ἐπιστὰς
1694 900 1944 980 ἄγροικος

306 992 625 1073 χαιρετίζων
665 992 849 1070 ἔλεγεν
894 993 1036 1066 αὑτῷ
1069 1012 1083 1027 ’
1138 991 1288 1066 Καλή
1333 1013 1427 1050 σου
1485 991 1684 1071 ἡμέρα,
1715 991 1946 1049 δέσποτά

305 1105 409 1159 μου
442 1102 457 1119 ⁸
500 1091 591 1141 τοῦ
642 1082 696 1139 δὲ
740 1083 934 1156 σεμνὸν
972 1081 1422 1160 ἐπιγελάσαντος,
1471 1084 1560 1140 καὶ
1616 1084 1716 1162 γὰρ
1759 1083 1826 1151 ἦν
1869 1088 1947 1156 τῷ

304 1174 413 1231 ὄντι
459 1174 670 1254 χαρίεις
741 1174 856 1249 κάὶ,
936 1170 1110 1239 Καλός
1183 1195 1266 1230 σοι
1314 1173 1504 1252 καιρὸς
1547 1174 1851 1246 εἰρηκότος,
1896 1174 1946 1229 οἱ

301 1265 564 1340 σπαρέντες
622 1266 696 1329 εἷς
729 1264 949 1328 ἑαυτοὺς
981 1261 1371 1343 προσεμειδίων
1404 1279 1418 1294 ⁶
1453 1264 1482 1320 ὃ
1524 1261 1578 1319 δέ
1630 1285 1761 1342 φησι
1812 1264 1945 1342 πρὸς

307 1354 496 1418 αὒτούς
529 1371 543 1385 ⁸
593 1352 856 1434 Γραφικός
916 1353 1030 1410 ἐστι
1077 1352 1266 1431 λόγος,
1313 1352 1552 1435 ἀδελφοὶ,
1597 1375 1625 1408 α
1674 1352 1763 1420 Μὴ
1802 1352 1945 1409 ἀπο-

308 1445 485 1512 κρίνου
529 1442 715 1523 ἄφρονι
770 1443 904 1522 πρὸς
962 1443 1065 1511 τὴν
1118 1442 1424 1523 ἀφροσύνην
1467 1447 1623 1503 αὐτοῦ
1658 1462 1673 1479 ⁸
1724 1465 1751 1498 ι
1806 1443 1850 1498 εί
1880 1442 1945 1510 ἦν

310 1534 563 1613 εἰρηκὼς,
602 1533 933 1611 Εὒλόγησον,
968 1532 1192 1601 ἤκουσεν
1247 1530 1310 1588 ἄν
1346 1553 1362 1607 ;
1424 1535 1451 1590 ὁ
1485 1533 1673 1613 Κύριος
1710 1530 1946 1609 εὔλογή..

311 1645 393 1680 σει
427 1645 484 1679 σε
512 1624 648 1681 κατὰ
699 1623 762 1680 τὸ
793 1625 1014 1691 συνῆθες
1042 1625 1179 1697 ἡμῖν
1215 1641 1232 1659 ⁶
1271 1624 1431 1689 αῦτὸς
1472 1622 1572 1701 γάρ
1616 1621 1757 1680 ἐστιν
1790 1624 1817 1678 ὁ
1847 1621 1947 1688 τὴν

311 1712 473 1787 τιμὴν
532 1712 614 1769 διὰ
654 1718 762 1769 τῶν
808 1712 1016 1768 οἰκείων
1045 1716 1206 1771 αὐτοῦ
1230 1710 1428 1769 δούλων
1461 1713 1533 1778 εἷς
1570 1712 1760 1768 ἑαυτὸν
1803 1710 1946 1768 ἁπο-

2028 542 2728 635 stigabitia,gloriosaque
2757 559 2822 617 et
2851 542 3508 637 admirabilia,quorum
3542 575 3663 619 non

2027 641 2117 697 est
2142 650 2456 705 numerus.

2109 726 2256 793 LIX.
2289 728 2557 804 Quodam
2587 738 2786 797 autem
2833 733 2931 798 die
2991 740 3350 813 congregata
3383 734 3659 798 multitu-

2028 816 2169 881 dine
2202 826 2317 881 tam
2346 821 2705 885 rusticorum
2770 842 2943 904 quam
2995 823 3236 897 civium,
3291 831 3349 887 et
3376 822 3556 887 Beato
3589 843 3662 889 ea

2028 906 2369 972 disserente
2400 929 2530 991 quae
2581 913 2957 990 pertinebant
3004 913 3078 975 ad
3112 913 3386 987 salutem,
3420 914 3662 995 quidam

2028 997 2131 1077 qui
2164 999 2484 1062 advenerat
2514 1002 2791 1077 rusticus,
2827 1002 2973 1065 dixit
3001 1002 3056 1065 ei
3087 1021 3101 1066 :
3134 1001 3334 1065 Bonus
3365 1002 3493 1066 dies
3520 1004 3661 1077 tibi,

2027 1085 2272 1150 domine
2335 1091 2434 1151 mi.
2494 1089 2638 1152 Cum
2696 1091 2798 1153 ille
2847 1102 3041 1155 autem
3075 1092 3328 1156 honeste
3357 1092 3661 1157 arrisisset

2032 1175 2182 1256 (erat
2240 1177 2400 1241 enim
2459 1197 2667 1242 revera
2722 1181 2977 1261 lepidus)
3030 1190 3087 1243 et
3117 1180 3386 1253 dixisset,
3419 1185 3656 1246 Bonum

2029 1266 2136 1328 tibi
2166 1273 2402 1349 tempus
2437 1288 2450 1330 :
2487 1270 2586 1352 qui
2622 1272 2869 1334 aderant
2900 1274 3050 1351 apud
3084 1290 3151 1335 se
3200 1272 3497 1338 ridebant.
3543 1273 3651 1335 Ille

2027 1374 2170 1418 vero
2202 1358 2348 1420 dicit
2406 1359 2493 1422 eis
2529 1381 2542 1423 :
2576 1359 2679 1423 Est
2710 1379 2909 1424 sermo
2942 1361 3291 1443 Scriptura,
3325 1382 3359 1425 ο
3394 1362 3609 1425 fratres
3644 1382 3658 1423 :

2035 1470 2056 1500 σ
2096 1447 2187 1509 Ne
2216 1448 2514 1530 responde
2543 1450 2723 1512 stulto
2769 1451 2940 1531 juxta
2987 1452 3291 1514 stultitiam
3323 1470 3490 1514 suam
3511 1453 3595 1514 5'5.
3636 1475 3661 1512 ο

2030 1534 2089 1598 Si
2148 1536 2413 1615 dixisset,
2467 1539 2731 1602 Benedic
2786 1561 2799 1604 :
2862 1541 3203 1616 audivisset,
3266 1541 3550 1605 Dominus
3609 1550 3668 1605 te

2029 1623 2369 1704 benedicet,
2430 1631 2587 1697 sicut
2645 1631 3084 1695 consuevimus.
3135 1631 3270 1713 Ipse
3330 1640 3422 1695 est
3476 1633 3662 1709 enim,

2031 1716 2131 1796 qui
2164 1717 2455 1781 honorem
2515 1738 2625 1803 per
2677 1739 2816 1783 suos
2871 1740 3074 1784 servos
3133 1723 3191 1784 in
3226 1740 3291 1784 se
3323 1722 3567 1804 accipit,
3600 1732 3662 1786 et

308 1801 631 1883 δεχόμενος,
682 1804 770 1859 καὶ
829 1802 1041 1877 ἑκάστῴ
1090 1803 1189 1870 τὴν
1240 1798 1471 1870 ἀμοιϐὴν
1526 1800 1623 1870 τῆς
1676 1804 1945 1875 μισθαπο-

2036 1798 2532 1890 unumquemque
2578 1818 2996 1872 remuneratur
3045 1810 3324 1874 mercede
3373 1798 3498 1874 suae
3524 1798 3665 1893 gra-

309 1890 489 1956 δοσίας
550 1899 619 1969 τῇ
677 1896 835 1952 αὖτοῦ
896 1893 1081 1973 χάριτι
1125 1890 1433 1956 ἀποδιδούς.
1494 1888 1712 1960 Ἐπειδὴ
1757 1889 1949 1958 δὲτὴν

309 1982 484 2052 καλήν
524 2005 631 2057 μου
672 1981 877 2059 ἡμέραν
904 1982 1212 2058 ἀπένειμεν,
1246 1983 1338 2039 τὸν
1381 1980 1546 2038 καλὸν
1588 1982 1773 2059 καιρὸν
1814 1979 1947 2036 ἀντ-

311 2070 525 2135 ἐλαϐεν.
586 2073 769 2135 Οὕτως
827 2070 1273 2151 διορθωσάμενος,
1336 2072 1396 2129 οῦ
1452 2072 1616 2147 μόνον
1672 2072 1763 2127 τὸν
1824 2067 1945 2126 δια-

308 2163 628 2237 πταίσαντα,
702 2161 839 2219 ἀλλὰ
882 2164 970 2218 καὶ
1024 2161 1147 2227 τοῦς
1202 2159 1422 2225 λοιποὺς
1493 2159 1755 2239 ἅπαντας,
1803 2158 1947 2217 ἔνδον

309 2249 558 2308 εἰσελθὼν
590 2249 754 2308 πάλιν
786 2250 1085 2330 ἡσύχασεν.

392 2340 486 2404 Ξ’.
546 2343 655 2409 Τῆς
700 2341 754 2397 δὲ
813 2361 908 2397 του
964 2341 1218 2418 Σωτῆρος
1279 2340 1434 2416 ἡμῶν
1495 2339 1673 2408 Ἰησοῦ
1720 2346 1948 2420 Χριστοῦ

307 2430 667 2509 συνεργούσης
758 2431 900 2503 αύτῷ
985 2430 1234 2510 χάριτος,
1322 2428 1514 2487 πολλοὶ
1570 2429 1948 2505 δαιμονιῶντες

301 2521 670 2601 προσέτρεχον
729 2522 894 2594 αύτῷ,
953 2520 1001 2576 οἱ
1064 2518 1161 2593 μὲν
1232 2520 1467 2593 ἑκόντες,
1531 2520 1621 2576 καὶ
1672 2517 1741 2575 δι’
1787 2522 1946 2579 αὔτοῦ

297 2611 401 2677 τὴν
442 2609 591 2665 ’ἔασιν
641 2607 1029 2683 ἀσπαζόμενοι,
1078 2610 1123 2664 οἶ
1156 2607 1210 2664 δέ
1244 2607 1488 2681 ἅκόντες,
1523 2610 1607 2664 καὶ
1637 2606 1721 2687 ὑφ’
1753 2608 1946 2685 ἐτέρων

299 2699 580 2777 ἀγόμενοι,
638 2698 881 2762 οὕστινας
945 2703 1023 2772 τῷ
1067 2696 1227 2769 ἐλαίῳ
1282 2703 1389 2754 τῶν
1448 2697 1615 2776 ἁγίων
1674 2697 1945 2773 λειψάνων

296 2790 532 2860 ποτίζων
583 2790 671 2845 καὶ
714 2787 989 2854 νηστεύειν
1038 2786 1271 2864 μάλιστα
1304 2788 1402 2855 τὴν
1434 2785 1660 2867 τετράδα
1704 2788 1791 2844 καὶ
1850 2786 1945 2853 τὴν

301 2879 649 2952 παρασκευὴν
692 2876 927 2935 κελεύων
971 2880 1062 2933 σῦν
1124 2876 1334 2934 ἐκτενεϊ
1383 2884 1668 2957 προσευχῇ
1726 2877 1815 2934 καὶ
1851 2878 1947 2933 πί-

311 2989 429 3024 στει
460 2966 734 3043 εἱλικρινεῖ
786 2966 1010 3041 ἰώμενος
1043 2965 1274 3022 ἀπέλυεν
1307 2982 1322 2997 ’
1358 2966 1413 3022 ἒν
1449 2966 1537 3027 οἷς
1568 2965 1948 3043 προσποιησά-

312 3077 465 3130 μενοι
525 3077 657 3123 τινες
713 3058 941 3136 αἰσχροῦ
984 3054 1200 3136 κέρδους
1245 3056 1406 3137 χάριν
1455 3061 1577 3120 τοὺς
1625 3054 1946 3131 δαιμονιῶν-

2032 1894 2151 1955 tiae.
2211 1894 2499 1967 Quoniam
2560 1907 2755 1961 autem
2820 1898 3045 1961 bonum
3095 1899 3254 1963 diem
3310 1900 3664 1965 miltiattri-

2031 1981 2179 2059 buit,
2214 1984 2263 2047 is
2315 1994 2522 2049 contra
2570 1989 2800 2068 accepit
2854 1987 3076 2051 bonum
3110 1997 3366 2068 tempus.
3403 1990 3548 2053 Cum
3581 1990 3670 2053 sic

2030 2074 2394 2139 correxisset
2435 2095 2554 2139 non
2605 2078 2799 2139 solum
2852 2096 2987 2139 eum
3034 2078 3138 2160 qui
3169 2077 3519 2152 offenderat,
3555 2081 3662 2142 sed

2029 2164 2205 2226 etiam
2263 2164 2527 2249 reliquos
2586 2186 2817 2245 omnes,
2878 2167 3037 2231 intro
3091 2167 3421 2248 ingressus,
3456 2186 3665 2232 rursus

2029 2252 2218 2316 siluit.

2111 2334 2232 2398 LX.
2265 2336 2593 2400 Servatoris
2622 2345 2818 2400 autem
2844 2338 3031 2401 nostri
3055 2340 3194 2400 Jesu
3225 2335 3447 2401 Christi
3478 2354 3656 2417 opem

2030 2423 2083 2485 ei
2112 2423 2344 2487 ferente
2372 2426 2579 2504 gratia,
2616 2426 2784 2488 multi
2816 2427 3164 2490 dzomoniaci
3190 2426 3263 2489 ad
3294 2444 3429 2489 eum
3461 2425 3663 2489 venie-

2028 2512 2195 2590 bant,
2227 2532 2332 2577 sua
2363 2514 2605 2592 quidem
2638 2526 2849 2595 sponte
2881 2524 2939 2578 et
2971 2534 3078 2598 per
3106 2535 3169 2578 se
3192 2524 3523 2597 quaerentes
3555 2535 3668 2579 cu-

2026 2603 2342 2666 rationem.
2383 2603 2540 2677 Quos
2571 2606 2814 2682 qui-lem
2849 2604 2980 2667 oleo
3012 2613 3349 2667 sanctarum
3380 2605 3665 2686 reliquia-

2027 2709 2158 2753 rum
2192 2693 2465 2773 irrigans,
2531 2705 2930 2777 quartumque
2989 2709 3042 2757 et
3095 2694 3457 2757 Parasceves
3506 2695 3665 2758 diem

2029 2782 2287 2844 maxime
2336 2781 2559 2862 jubens
2608 2785 2912 2865 jejunare,
2968 2803 3101 2846 cum
3136 2785 3403 2846 oratione
3434 2784 3669 2847 intensa

2030 2881 2088 2933 et
2119 2873 2354 2935 sincera
2403 2872 2542 2948 fide,
2604 2892 2819 2935 curans
2878 2873 3128 2935 dimisit.
3162 2873 3325 2935 Inter
3347 2893 3495 2955 quos
3525 2874 3665 2952 qui-

2030 2961 2164 3023 dam
2190 2961 2262 3023 ab
2292 2981 2364 3023 eo
2394 2970 2533 3025 sunt
2566 2963 2954 3043 deprehensi,
2989 2964 3090 3042 qui
3124 2963 3316 3044 turpis
3349 2963 3499 3027 lucri
3524 2982 3664 3041 gra-

2030 3051 2109 3112 tia
2140 3070 2204 3113 se
2234 3051 2593 3114 simulabant
2649 3071 2782 3115 esse
2838 3053 3287 3117 dzemoniacos:
3345 3072 3495 3135 quos
3526 3055 3667 3135 qui-

306 3168 405 3210 τας
461 3146 552 3204 ὑπ’
611 3148 767 3204 αὐτοῦ
825 3147 1177 3225 ὲιρωράθησαν
1234 3146 1329 3203 καί
1400 3145 1943 3225 ἒπιπληκτικωτέρως

2036 3141 2165 3203 dem
2222 3143 2474 3203 Sanctus
2533 3141 2922 3203 vehementer
2980 3142 3331 3222 increpavit,
3386 3141 3595 3205 dicens
3649 3164 3665 3203 :

307 3238 776 3316 κατεστύςρθησαν,
835 3235 1086 3316 λέγοντος
1134 3242 1225 3292 τοῦ
1302 3237 1559 3314 μακαρίου
1602 3237 1811 3308 αὒτοϊς,
1856 3235 1941 3291 ὅτι

310 3327 370 3384 Εἰ
401 3327 478 3401 μὴ
536 3328 632 3395 ἦτε
678 3332 779 3395 τῆς
837 3335 928 3384 τοῦ
973 3325 1121 3404 ἁγίου
1185 3326 1492 3400 Πνεύματος
1552 3324 1944 3402 κατηξιωμένοι

307 3410 532 3491 δωρεᾶς,
565 3417 667 3473 ὑπὸ
698 3415 913 3473 ἀνιάτου
944 3414 1191 3491 δαίμονος
1226 3414 1288 3470 ἂν
1319 3416 1781 3495 κατεκυριεύθητε,

390 3504 540 3569 ΞΜ,
585 3504 869 3583 Ἐλευθέρα
927 3503 984 3561 δέ
1040 3526 1125 3567 τις
1181 3503 1515 3582 φερώπιυμος,
1587 3502 1807 3581 λαμπρὰ
1863 3510 1940 3577 τῷ

306 3592 474 3673 γένει,
519 3593 863 3674 λαμπροτέρα
906 3591 961 3651 δὲ
1014 3600 1113 3661 τῆς
1159 3590 1546 3659 εῦσεϐεστάτης
1608 3591 1943 3672 Πουλχερὶας

303 3683 717 3762 κουόικσυλαρία
798 3683 1092 3763 γεναμένη,
1184 3686 1424 3754 συνήθως
1476 3682 1750 3763 ἐρχομένη
1811 3684 1947 3759 μετὰ

312 3776 557 3850 πάντων,
602 3777 697 3840 τὰς
746 3776 911 3857 εὖχᾶς
942 3775 1265 3851 ἐκαρποῦτο,
1299 3774 1433 3841 αὕτη
1465 3773 1619 3852 ἔρωτι
1650 3774 1772 3846 θείῳ
1800 3796 1943 3851 τρω-

302 3868 460 3922 θεϊσα
488 3867 585 3933 τὴν
619 3866 830 3946 ψυχὴν,
866 3864 1091 3940 λείψανα
1139 3864 1305 3941 ἁγίων
1353 3862 1661 3937 κεκτημένη
1693 3863 1947 3941 παρέθετο

302 3964 383 4030 τῷ
456 3957 741 4034 μακαρίῳ⁰
804 3955 991 4012 ἔπειτα
1057 3952 1111 4010 δὲ
1166 3955 1420 4010 ἱκετεύειν
1485 3954 1641 4010 αὐτὸν
1702 3953 1948 4031 ἐπειρᾶτο

303 4044 388 4102 διὰ
417 4049 512 4112 τῆς
544 4046 911 4125 κατηχήσεως
959 4048 1118 4103 αὒτοῦ
1177 4053 1273 4102 τοῦ
1324 4044 1589 4121 μονήρους
1632 4042 1767 4118 βίου,
1802 4043 1945 4099 ἀπο-

307 4141 510 4193 σπᾶσαι
570 4136 737 4202 αῦτη-ο
792 4141 898 4190 τῶν
961 4133 1158 4191 ὑλικῶν
1204 4133 1560 4212 πραγμάτων,
1604 4139 1708 4189 Τοῦ
1740 4130 1793 4187 δὲ
1824 4130 1945 4189 δια-

311 4225 491 4304 φόρως
547 4221 980 4298 ἆναϐαλλομένοδ
1051 4221 1148 4280 καῖ
1223 4223 1518 4301 ιρσίσκοντος
1593 4217 1841 4276 δύνασθαι
1893 4222 1949 4277 ἓν

312 4313 489 4390 ἀγαθῇ
535 4312 775 4386 πολιτείᾳ
806 4334 863 4370 τε
910 4314 997 4369 καὶ
1054 4311 1272 4384 εὒποιίᾳ
1325 4312 1411 4367 καὶ
1441 4313 1498 4366 ἓν
1527 4316 1602 4382 τῷ
1634 4309 1733 4386 βίῳ
1762 4311 1951 4388 εὖαρεο

305 4416 463 4459 στετν
493 4408 568 4476 τῷ
600 4404 737 4482 Θεῷ,
785 4402 966 4470 ἐκείνη
1019 4404 1117 4459 οῦκ
1176 4400 1445 4457 ἐπαύσατο
1503 4397 1570 4455 δι’
1597 4397 1768 4479 ὄχλου
1799 4419 1950 4476 γινο-

307 4492 450 4563 μένη
493 4502 584 4551 τοῦ
614 4504 808 4572 τυχεῖν
852 4493 1064 4551 τούτου.
1106 4482 1201 4554 Ὠς
1245 4488 1298 4545 δὲ
1333 4488 1633 4575 προσέσχεν
1663 4488 1739 4562 τῷ
1768 4486 1950 4565 διορα-

304 4585 446 4654 τικῷ
487 4580 690 4657 ὄμματι
748 4581 849 4649 τὴν
903 4582 1099 4649 ἀκλινῆ
1148 4578 1313 4646 αὒτῆς
1344 4578 1591 4636 ἔνστασιν
1633 4579 1720 4634 καὶ
1764 4577 1952 4633 ἀνεπί-

305 4671 519 4737 ληπτον
571 4670 881 4745 κατάθουξιν,
943 4669 1154 4743 εὖδοκίᾳ
1199 4676 1291 4725 τοῦ
1334 4668 1537 4731 πάντας
1568 4665 1809 4732 θέλοντος
1839 4689 1953 4723 σω-

303 4765 466 4827 θῆναι
514 4768 667 4835 Θεοῦ,
713 4759 991 4819 ἐπένευσεν
1050 4763 1078 4816 ὁ
1128 4759 1272 4823 ὅσιος
1325 4759 1415 4812 καὶ
1447 4756 1551 4813 ἄπο
1585 4756 1698 4821 ἐνὸς
1730 4757 1954 4829 σημείου

301 4853 366 4908 ἓν
425 4856 502 4924 τῷ
559 4847 796 4922 ἒπιπέδῳ
871 4849 1189 4927 προαστείου
1272 4846 1663 4926 τυγχάνοντος,
1721 4843 1955 4920 τοῦνομα

304 4944 545 5016 Γυρῆτα,
606 4952 1029 5018 προσκαρτερεῖν
1088 4937 1140 4994 ἐν
1199 4943 1278 5011 τῷ
1333 4935 1467 4997 τέως
1543 4933 1832 5011 ἐπέτρεψεν
1887 4940 1955 5010 τῇ

304 5027 513 5105 μελέτῃ
584 5029 688 5084 τῶν
744 5027 898 5084 θείων
982 5032 1205 5106 Γραςρῶν
1290 5022 1681 5103 σχολάζουσαν.
1745 5021 1952 5089 Ταύτης

306 5118 410 5194 μὲν
494 5117 584 5175 οὗν
663 5117 1087 5195 κατατρυιοώσης
1168 5122 1246 5190 τῷ
1330 5113 1499 5193 Κυρίω
1567 5114 1659 5168 καί
1710 5110 1953 5187 ἀσμένως

304 5208 486 5267 πάντα
546 5206 709 5264 πόνον
786 5207 1100 5281 σωματικὸν
1158 5204 1419 5286 ρερούσης
1472 5202 1575 5258 ὑπὸ
1623 5203 1723 5268 τῆς
1769 5223 1950 5282 χορη-

304 5296 580 5374 γουμὲνης
642 5295 786 5374 παρᾶ
847 5303 941 5354 τοῦ
1020 5303 1153 5354 Θεοῦ
1208 5302 1285 5368 τῷ
1344 5292 1509 5371 Πατρὶ
1562 5291 1809 5372 χάριτος,
1866 5294 1953 5350 καὶ

308 5385 472 5443 ἄλλον
518 5385 952 5459 Πεντεπιτρόπου
995 5386 1138 5451 τινὸς
1192 5385 1440 5461 σύζυγος,
1504 5382 1708 5456 Κοσμία
1763 5382 1954 5440 τοῦνο-

310 5498 413 5551 μα,
444 5475 864 5555 καταλειφθεϊσα
895 5474 1041 5543 ἠξίου
1068 5476 1225 5532 αὖτὸν
1282 5472 1401 5555 μετ’
1450 5470 1657 5539 ἐκείνης
1693 5471 1953 5561 τετάχθαι

392 5652 455 5703 33
484 5651 652 5716 Prov.
689 5671 844 5731 xxvt,
879 5653 938 5718 4.

2027 3229 2151 3293 Nisi
2186 3231 2399 3293 essetis
2429 3230 2653 3310 dignati
2697 3231 2856 3293 dono
2887 3231 3074 3295 sancti
3108 3230 3505 3313 baptismatis,
3538 3233 3656 3294 im-

2029 3319 2403 3384 medicabilis
2441 3320 2730 3383 daemonis
2760 3320 3100 3384 dominatus
3128 3340 3230 3384 vos
3264 3321 3581 3385 tenuisset.

2105 3497 2249 3563 LXI.
2282 3499 2562 3573 Quaedam
2584 3518 2724 3563 vero
2756 3500 2999 3564 nomine
3031 3500 3274 3583 quidem
3311 3499 3659 3573 Eleuthera,

2030 3597 2230 3651 mente
2252 3598 2451 3652 autem
2478 3590 2884 3669 splendidiore
2901 3608 3069 3652 suam
3088 3608 3390 3652 coronans
3410 3590 3673 3671 appella-

2024 3679 2278 3755 tionem,
2303 3698 2433 3760 quae
2464 3680 2573 3760 piae
2607 3680 2881 3761 inprimis
2912 3678 3463 3747 Pulcheriatfuerat
3493 3678 3669 3742 cubi-

2028 3769 2275 3847 cularia,
2309 3768 2534 3831 solebat
2565 3769 2637 3831 ad
2670 3787 2805 3831 eum
2854 3769 3079 3844 venire,
3107 3778 3165 3830 et
3194 3788 3328 3830 cum
3361 3766 3666 3846 omnibus,

2031 3859 2162 3938 ejus
2188 3858 2494 3920 fruebatur
2517 3857 3074 3940 precibus.Ea,cum
3100 3866 3258 3920 esset
3291 3857 3400 3939 ipsi
3432 3857 3668 3921 animus

2032 3947 2229 4009 divino
2288 3966 2489 4009 amore
2545 3948 2804 4024 saucius,
2863 3966 3008 4028 quas
3041 3945 3297 4010 habebat
3325 3956 3668 4010 sanctorum

2031 4036 2334 4118 reliquias,
2369 4036 2645 4115 deposuit
2672 4036 2826 4118 apud
2851 4037 3120 4100 Beatum.
3144 4037 3371 4101 Deinde
3406 4034 3673 4098 tentabat

2032 4126 2280 4207 supplex
2314 4125 2370 4186 ei
2405 4126 2787 4207 persuadere,
2840 4136 2904 4189 ut
2959 4126 3092 4188 vitae
3125 4125 3467 4187 monasticm
3492 4125 3566 4187 ab
3597 4142 3668 4187 eo

2034 4217 2322 4278 initiatam
2346 4216 2634 4278 avelleret
2661 4235 2695 4277 a
2726 4215 3086 4278 turbulentis
3116 4216 3297 4295 hujus
3332 4214 3536 4277 mundi
3561 4233 3669 4276 ne-

2033 4305 2324 4386 gotiis.Eo
2344 4313 2539 4367 autem
2563 4305 2740 4368 variis
2765 4305 2957 4366 modis
2979 4305 3382 4378 differente,et
3402 4302 3665 4380 dicente,

2035 4413 2255 4464 cam,so
2281 4408 2436 4457 recte
2461 4398 2741 4470 gerendo,
2768 4408 2820 4455 et
2843 4398 3222 4455 bcnt‘ﬁcentta
3247 4396 3667 4459 utendo.etiam

2036 4483 2095 4545 in
2130 4483 2435 4547 mundana
2464 4482 2577 4545 vita
2610 4501 2785 4564 posse
2835 4484 3071 4563 placere
3106 4482 3381 4557 Domino,
3417 4481 3519 4543 illa
3546 4499 3667 4544 non

2036 4578 2297 4635 cessabat
2320 4577 2369 4633 ei
2394 4578 2693 4649 negotium
2722 4577 3090 4645 extubere,ut
3112 4578 3220 4633 hoc
3240 4583 3673 4649 assequeretur.

2039 4663 2351 4735 Postquam
2397 4675 2530 4718 vero
2558 4662 2875 4733 petspicacl
2909 4662 3078 4718 oculo
3120 4658 3533 4717 animadvertit
3568 4660 3672 4717 ﬁr-

2038 4760 2189 4804 mam
2232 4753 2288 4803 et
2335 4745 2693 4803 immobilem
2734 4745 2859 4817 ejus
2885 4745 3352 4810 constantiam.et
3379 4759 3501 4815 quae
3522 4758 3674 4801 nun-

2036 4846 2209 4903 quam
2236 4831 2552 4897 deticiebat,
2584 4831 3414 4902 compunctionem,votuntate
3438 4829 3668 4899 l)oi,qul

2038 4916 2163 4974 vult
2184 4930 2389 4973 omnes
2408 4930 2534 4973 esse
2556 4916 2770 4981 salvos,
2805 4915 3013 4972 annuit
3031 4915 3357 4979 Sanctus,et
3378 4913 3435 4968 in
3463 4925 3671 4981 campo

2038 5000 2495 5082 suburbani,qui
2519 5000 2773 5063 distabat
2794 5001 2951 5062 circa
2975 5016 3156 5062 unum
3185 4997 3671 5073 milliarium,no-

2037 5096 2197 5157 mine
2219 5094 2448 5177 Cyreta,
2472 5095 2647 5174 jussit
2695 5096 2929 5157 interea
2962 5109 3342 5175 perseverare
3364 5096 3669 5153 vacantem

2039 5190 2411 5252 meditationi
2461 5188 2795 5253 divinarum
2828 5188 3296 5269 Scripturarum.
3328 5185 3526 5267 Atque
3557 5184 3671 5248 hac

2038 5285 2278 5366 quidem
2306 5292 2448 5349 sein
2472 5281 3174 5365 Dominojucundissima
3198 5281 3476 5362 explente
3503 5281 3676 5343 volu-

2037 5388 2288 5462 ptate,et.
2316 5398 2551 5443 onmem
2581 5380 2846 5442 laborem
2879 5376 3147 5459 corporis
3173 5374 3426 5439 libent-3r
3443 5375 3676 5439 ferente

2041 5469 2116 5533 ob
2146 5470 2396 5551 gratiam
2428 5489 2560 5559 quae
2587 5488 2621 5532 a
2665 5469 2787 5533 Deo
2836 5471 3013 5534 Patre
3042 5466 3097 5530 ei
3130 5463 3621 5551 suppeditabatur
3655 5486 3669 5526 :
