4060 6206
298 308 461 386 1433

1601 311 1791 386 VITA
1831 313 1896 384 S.
1944 314 2357 386 AUXENTII.

3517 307 3670 389 1434

295 459 397 525 τῆς
428 448 721 525 μνηστείας
764 444 933 522 ἡδονὴ
982 444 1163 532 πείρας
1211 457 1472 532 σαρκικῆς
1510 452 1757 537 caspia,
1814 452 1925 533 ἀρε.

2025 470 2159 534 quae
2180 451 2293 518 sub
2324 451 2635 535 aspectum
2660 447 2880 516 cadunt
2901 467 3077 534 quam
3100 467 3236 535 qum
3252 438 3373 516 non
3398 451 3619 517 cadunt
3637 451 3669 516 ‘l

296 551 396 614 τῆς
424 543 481 602 δὲ
508 543 693 611 πάσης
729 543 818 601 καὶ
846 540 1197 622 ἀγαθοεργίας
1241 544 1329 601 καὶ
1373 545 1620 621 ὁμονοίας
1665 546 1757 604 σὺν
1786 550 1856 622 τῆ
1884 544 1943 602 ἐκ

293 635 550 703 νηστείας
584 635 671 689 καὶ
702 632 995 709 ἀγρυπνίας
1030 630 1233 708 ἀνδρίᾳ,

2028 542 2211 625 Cujus
2240 544 2586 623 conjunctio
2614 543 2739 606 suis
2762 543 3000 622 Sponsis
3032 553 3123 606 est
3141 542 3426 623 gaudium
3454 543 3669 605 ineffa-

2030 631 2181 696 bile:
2208 633 2282 696 iis
2313 645 2507 696 autem
2535 653 2665 714 quae
2695 633 2976 695 ordinem
3001 632 3410 712 deserunt,est
3434 633 3669 714 suppli-

294 725 455 787 cium
495 720 869 785 inevitabile.
895 720 1090 800 Hujus
1117 720 1600 802 desponsationis
1631 723 1793 786 nulla
1826 729 1917 786 est
1943 723 2205 785 carnalis
2236 724 2624 804 experientiae
2651 723 2943 804 voluptas,
2979 721 3047 783 sd
3080 723 3377 784 universa:
3411 722 3662 799 virtutis,

295 811 837 892 beneficentiaaque
868 818 927 873 et
957 811 1324 886 concordiae,
1358 830 1493 874 cum
1526 831 1598 875 ea
1627 832 1760 895 quae
1786 810 2122 894 percipitur
2157 822 2215 874 et
2236 812 2501 893 jejunio,
2536 811 2872 892 vigiliisque
2905 821 2963 874 et
2993 812 3175 873 animi
3209 811 3584 875 fortitudine.

378 902 523 965 ΞΓ¹.
571 904 804 978 Νήψεως
837 901 932 957 οὖν
970 903 1128 981 χρεία
1174 902 1442 979 πλείονος,
1491 903 1572 961 ὅτι
1604 919 1727 969 ταῖς
1758 905 1855 981 μὲν
1885 903 1940 960 ἐν

296 999 374 1068 τῷ
415 994 515 1070 βίῳ
558 993 660 1049 ὑπὸ
703 990 799 1048 τοῦ
827 992 1027 1054 πάθους
1086 991 1448 1071 ὀχλουμέναις
1496 993 1651 1072 ἐγγὺς
1694 996 1756 1051 τὸ
1798 994 1940 1071 βοή-

299 1086 449 1159 θημα
492 1081 578 1140 διὰ
622 1087 722 1149 τῆς
766 1081 990 1157 ἐννόμου
1033 1082 1490 1160 συγκαταθέσεως,
1537 1098 1660 1148 ταῖς
1703 1082 1757 1141 δὲ
1801 1106 1939 1162 παρ-

298 1172 467 1237 θένοις
511 1174 602 1228 καὶ
629 1171 898 1250 σώφροσιν
957 1169 1178 1239 ἡδοναῖς
1224 1171 1702 1250 προσκλινομὲναις
1760 1174 1939 1255 χαλε-

299 1264 402 1320 πὸν
459 1264 521 1319 τὸ
566 1262 819 1340 ναυάγιον
862 1261 948 1318 καὶ
1000 1263 1195 1342 βαρεῖα
1241 1266 1277 1334 ἦ
1308 1261 1597 1329 ἔκπτωσις,
1632 1263 1811 1343 Μέγας
1840 1265 1942 1343 γὰρ

298 1354 404 1419 τῆς
447 1352 793 1433 σωφροσύνης
846 1352 874 1407 6
932 1351 1096 1433 ἀγὼν,
1150 1352 1266 1409 ἐπεὶ
1308 1352 1481 1432 μέγας
1528 1354 1728 1421 ταύτης
1772 1349 1865 1411 καί
1913 1356 1941 1411 6

300 1444 584 1523 στέφανος.
647 1439 798 1499 Ἀλλ’
847 1441 956 1512 ὃσῳ
1001 1442 1193 1515 μείζω)
1253 1443 1341 1499 καὶ
1399 1444 1426 1498 6
1473 1443 1657 1519 πόνος,
1704 1445 1941 1519 τοσούτῳ

300 1531 496 1608 μείζων
549 1533 634 1587 καὶ
694 1529 879 1605 πολλῷ
934 1529 1142 1606 μᾶλλον
1201 1533 1229 1587 ὁ
1285 1531 1494 1605 μισθός,
1560 1529 1685 1590 Ἐὰν
1728 1532 1818 1589 οὗν
1864 1533 1941 1605 μὴ

299 1619 543 1697 προδῶτε
585 1620 804 1699 ῥᾳθυμίᾳ
848 1621 934 1676 καὶ
981 1622 1419 1696 ματαιοποιήσει,
1472 1620 1525 1679 ἐν
1570 1636 1687 1686 τοῖς
1722 1622 1942 1698 μέλεσιν

296 1709 448 1783 ὑμῶν
488 1707 652 1778 ἡδονὴ
694 1706 1044 1787 θυραυλσῦσα.
1108 1705 1406 1769 Ἀκούσατε
1452 1710 1551 1787 γὰρ
1586 1708 1711 1783 παρ’
1763 1712 1937 1790 ὑμῶν,

294 1795 379 1855 ὅτι
413 1799 473 1854 τὸ
505 1798 602 1873 μὲν
632 1796 730 1866 ἡδὺ
759 1799 858 1865 τῆς
916 1797 1179 1876 ἁμαρτίας
1218 1799 1579 1879 βραχύτατον,
1630 1801 1690 1856 τὸ
1738 1797 1795 1856 δὲ
1824 1797 1937 1855 δει-

294 1888 387 1944 νὸν
429 1893 528 1955 τῆς
579 1888 835 1965 τιμωρίας
877 1886 1113 1963 αἰώνιον,
1168 1886 1355 1945 ’Ἄπιθι
1405 1886 1495 1968 ἀφ’
1539 1890 1695 1964 ἡμῶν
1730 1908 1744 1923 ·
1778 1890 1932 1968 οὖρά-

295 1998 409 2033 νιον
465 1977 567 2055 γὰρ
629 1976 850 2056 νυμφίον
904 1977 1279 2053 ἡρμοσάμεθα,
1342 1979 1592 2057 Χριστὸν,
1650 1979 1936 2058 παρθένους

291 2065 459 2144 ἆγνάς
497 2065 784 2143 παρθένους
838 2064 1052 2129 ἑαυτάς,
1087 2067 1338 2136 Στήσατε
1373 2066 1463 2124 οὖν
1494 2080 1612 2132 τοῖς
1642 2067 1935 2147 λογισμοῖς

291 2158 441 2230 ὐμῶν
498 2153 973 2236 θησαυροφύλακας
1052 2154 1104 2212 ὲν
1182 2168 1305 2219 ταῖς
1390 2158 1663 2228 αἰσθήσεσι
1722 2158 1787 2214 τά
1843 2168 1937 2217 τοῦ

292 2246 520 2323 Χριστοῦ
581 2244 888 2321 ἐντάλματα
960 2244 1192 2302 πάντοτε
1266 2246 1599 2325 εἰσφέρουσαι
1657 2249 1790 2326 πρὸς
1843 2249 1935 2304 τὸν

292 2336 393 2402 τῆς
448 2334 734 2411 παρθενίας
799 2336 885 2392 καὶ
954 2335 1301 2414 σωφροσύνης
1344 2337 1635 2413 ἁγιασμὸν,
1680 2339 1759 2412 μή
1804 2359 1933 2395 ποτε

293 2426 342 2480 oi
386 2426 586 2481 τούτωδ
630 2422 825 2500 λῃσταὶ
868 2421 952 2479 διὰ
1011 2429 1118 2480 τῶν
1163 2434 1253 2483 τοῦ
1309 2424 1618 2501 βλέμματος
1673 2426 1932 2484 ἀνέλθωσι

288 2512 527 2592 θυρίδων,
591 2514 678 2570 καὶ
732 2511 801 2569 δι’
860 2512 1030 2581 ἀκοῆς
1107 2513 1411 2571 εἰσέλθωσιν
1469 2516 1706 2595 εὒχερῶς
1751 2539 1930 2596 παρα-

284 2604 561 2666 πείσαντες
590 2604 682 2659 τὸν
719 2609 840 2659 νοῦν
871 2604 943 2667 ὡς
976 2600 1220 2681 πυλωρὸν
1272 2610 1362 2661 καί
1417 2606 1483 2661 τὰ
1519 2606 1616 2675 τῆς
1648 2609 1927 2684 παρθενίας

282 2691 669 2772 διανοίξαντες,
725 2691 891 2771 λάθρα
943 2691 1330 2764 ἀποσυλήσωσι
1383 2695 1480 2762 τὴν
1521 2697 1665 2771 ὑμῶν
1710 2715 1925 2776 σωφρο-

280 2784 471 2858 σύνην,
534 2783 628 2839 καὶ
684 2783 955 2852 ποιήσωσι
1006 2782 1232 2861 χηρείας
1280 2783 1459 2852 πάσης
1508 2786 1606 2855 τὴν
1649 2788 1925 2865 παρθενίαν

282 2871 631 2948 ἀθλιωτέραν.
683 2871 934 2929 Χαλεπὸν
996 2873 1092 2951 γὰρ
1135 2874 1223 2930 καὶ
1281 2881 1432 2931 τοῦτο
1486 2875 1547 2931 τὲ
1605 2877 1921 2955 ἁμάρτημα,

282 2963 374 3019 καὶ
416 2962 545 3038 βαρὺ
574 2973 690 3026 τοῖς
733 2962 1084 3042 πράττουσιν,
1118 2961 1200 3019 ὅτι
1232 2964 1325 3020 οὒκ
1357 2963 1478 3021 ἴσον
1509 2964 1619 3021 ἐστὶ
1651 2964 1921 3044 ἔγκλημα,

2062 901 2478 984 LXIII.Majori
2503 920 2642 965 vero
2669 901 2949 964 cautione
2968 909 3026 963 et
3048 900 3358 980 diligentia
3379 909 3467 962 est
3487 919 3663 980 opus,

2023 991 2185 1072 quod
2208 992 2282 1054 iis
2312 991 2691 1073 quidem,qui
2716 998 2775 1053 in
2802 990 3024 1053 mundo
3048 999 3335 1053 vexantur
3359 1009 3393 1052 a
3414 988 3665 1051 libidine

2024 1081 2088 1143 in
2113 1090 2393 1163 promptu
2426 1090 2517 1143 est
2549 1079 2883 1143 remedium
2914 1099 3021 1161 per
3044 1079 3376 1160 legitimum
3411 1097 3667 1141 consen-

2024 1189 2183 1247 sum;
2200 1170 2534 1251 virginibus
2555 1181 2755 1234 autem
2781 1179 2837 1234 et
2859 1170 3386 1245 continentibus,si
3412 1187 3667 1252 propen-

2036 1278 2118 1322 sae
2141 1259 2261 1322 sint
2281 1259 2353 1322 ad
2374 1260 2919 1341 voluptates,grave
2945 1267 3035 1322 est
3052 1260 3424 1340 naufragium
3447 1268 3503 1321 et
3522 1277 3665 1336 gra-

2025 1354 2112 1411 vis
2133 1368 2335 1427 casus;
2360 1358 2451 1412 est
2472 1350 2632 1411 enim
2665 1368 2947 1429 magnum
2980 1359 3289 1413 certamen
3314 1358 3625 1430 temperan
3646 1382 3661 1396 -

2026 1440 2147 1516 tiae,
2183 1440 2464 1521 quoniam
2510 1458 2720 1519 magna
2742 1459 2979 1521 quoque
3001 1447 3088 1502 est
3108 1440 3239 1520 ejus
3263 1457 3510 1502 corona.
3545 1437 3662 1502 Sed

2024 1548 2141 1610 quo
2165 1538 2257 1591 est
2278 1531 2468 1611 major
2492 1528 2764 1604 labor,eo
2792 1537 2882 1592 est
2908 1533 3085 1593 etiam
3113 1530 3304 1608 major
3327 1547 3581 1591 merces.
3601 1528 3666 1591 Si

2023 1638 2151 1681 eam
2180 1638 2322 1700 ergo
2371 1639 2491 1682 non
2532 1618 2899 1682 tradideritis
2941 1619 3171 1700 torpori
3196 1627 3254 1681 et
3275 1618 3564 1698 segnitiae,
3601 1617 3662 1679 in

2024 1711 2237 1772 vestris
2261 1708 2551 1772 membris
2594 1709 2816 1771 frustra
2854 1708 3467 1788 laborabitvoluptas,
3501 1708 3663 1769 fores

2024 1798 2565 1862 obsidens.Audiet
2591 1799 2749 1861 enim
2774 1818 2808 1860 a
2828 1797 3019 1866 vobis.
3054 1798 3211 1880 quod
3246 1798 3300 1859 id
3326 1795 3483 1878 quod
3512 1815 3660 1877 pec-

1964 1872 1999 1922 Β
2022 1889 2397 1969 catiquidem
2414 1887 2967 1969 estjucundum,est
2991 1872 3663 1961 brevissimuinaterna

2019 1986 2220 2040 autem
2258 1987 2347 2040 est
2371 1983 2627 2057 gravitas
2652 1976 3201 2058 supplicii.Recede
3230 1996 3260 2039 a
3295 1976 3469 2039 nobis
3493 1995 3506 2037 :
3534 1994 3658 2037 co:—

2019 2066 2153 2129 lesti
2187 2067 2347 2128 enim
2374 2085 2598 2148 sponso
2625 2067 2941 2148 desponsa:
2963 2085 3171 2128 sumus
3201 2064 3527 2141 Christo,ut
3550 2084 3661 2127 nos

2017 2156 2281 2237 virgines
2304 2166 2501 2219 castas
2544 2155 2994 2219 exhiberemus.
3017 2154 3273 2220 Statuite
3302 2174 3443 2236 ergo
3473 2156 3659 2216 ratio-

2017 2265 2127 2308 nes
2155 2254 2407 2318 vestras,
2434 2246 2716 2308 custodes
2748 2246 2930 2326 hujus
2964 2245 3254 2321 thesauri,
3288 2244 3349 2306 in
3382 2243 3659 2306 sensibus

2018 2335 2296 2398 mandata
2323 2334 2543 2399 Christi
2572 2353 2813 2416 semper
2834 2338 3099 2407 ferentes
3127 2355 3141 2397 ;
3172 2335 3427 2414 primum
3459 2340 3656 2396 autem

2016 2425 2369 2505 virginitatis
2419 2434 2477 2487 et
2518 2426 2934 2505 temperantia:
2982 2423 3545 2503 sanctificationem,
3581 2439 3657 2484 ne

2013 2517 2166 2579 forte
2190 2517 2318 2595 ejus
2341 2515 2603 2577 latrones
2625 2516 2955 2577 ascendant
2978 2532 3083 2595 per
3118 2513 3434 2585 fenestras,
3473 2522 3531 2574 et
3556 2513 3652 2573 in-

2010 2605 2363 2685 grediantur
2394 2623 2501 2686 per
2529 2603 2824 2681 auditum,
2860 2623 2935 2666 ne
2978 2621 3265 2684 persuasa
3289 2610 3494 2665 mente
3514 2609 3649 2662 tan-

2011 2713 2184 2772 quam
2206 2693 2564 2775 janitore,et
2585 2704 2794 2774 aperta
2816 2692 3524 2772 virginitate,clanculum
3558 2709 3653 2751 vo-

2009 2783 2103 2847 bis
2125 2793 2376 2847 vestram
2399 2783 2662 2865 eripiant
2687 2783 2978 2856 laetitiam,
3016 2794 3076 2846 et
3097 2784 3317 2845 faciant
3337 2780 3650 2861 virginita-

2009 2881 2127 2935 tem
2150 2873 2354 2953 quavis
2374 2871 2665 2936 viduitate
2691 2869 3200 2934 miserioreanst
3223 2889 3361 2933 vero
3385 2871 3498 2933 hoc
3520 2888 3649 2932 ma-
3750 2918 3753 2923 ν

2005 2981 2185 3042 gnum
2219 2971 2277 3024 et
2309 2981 2489 3042 grave
2515 2970 2831 3044 peccatum
2865 2962 2940 3023 iis
2979 2961 3077 3042 qui
3119 2961 3366 3024 faciunt.
3397 2959 3527 3022 Non
3561 2968 3652 3022 est

283 3057 494 3131 χιτῶνα
551 3048 824 3130 διαρρῆξαι
906 3051 992 3109 καὶ
1050 3050 1361 3131 πορφυρίδα,
1426 3053 1688 3127 βασιλέως
1747 3056 1925 3114 εἰκόνα

2012 3053 2162 3114 enim
2182 3070 2284 3133 par
2297 3061 2633 3132 peccatum,
2674 3051 2911 3113 unicam
2928 3050 3204 3130 frangere
3224 3061 3281 3112 et
3300 3069 3648 3132 purpuram:

279 3138 553 3219 διαῤῥῆξαι
614 3139 708 3197 καί
738 3138 973 3199 ἰδιώτου.
1011 3141 1227 3205 Εἰκόνες
1258 3143 1358 3221 γὰρ
1390 3150 1522 3200 Θεοῦ
1565 3147 1617 3200 αἱ
1674 3146 1922 3224 παρθένοι

2012 3141 2385 3221 imperatoris
2407 3141 2732 3221 imaginem
2751 3158 3036 3221 rumpere
3056 3139 3474 3221 etprivati.Dei
3489 3139 3649 3201 enim

228 3244 243 3253 “
280 3231 436 3302 εἰσὶν,
484 3230 641 3290 αὒτὸν
684 3229 739 3286 ἐν
781 3243 905 3297 ταῖς
964 3228 1189 3295 ἐννοίαις
1238 3230 1461 3312 ἔχουσαι
1520 3229 2949 3315 γεγραμμένον,0ἱωδεὶηεεευηινίι-εἰηεεῄρεοιῐι
2973 3229 3646 3310 habentesdescriptum

282 3318 338 3376 ἐν
394 3318 489 3385 αἶς
546 3321 608 3375 τὸ
666 3318 1011 3396 κατατολμᾷν
1070 3326 1388 3397 τυραννικῆς
1434 3322 1805 3399 παραπληξίας
1834 3324 1923 3403 ἐγ-

280 3409 524 3489 χείρημα
562 3426 576 3441 ⁸
645 3408 732 3466 καὶ
794 3406 880 3465 διὰ
940 3415 1097 3466 τοῦτο
1151 3414 1250 3476 τῆς
1309 3412 1703 3489 πορνευομένης
1746 3414 1781 3481 ὴ
1821 3417 1919 3483 τῆς

278 3497 742 3574 παρθενευομένης
830 3499 995 3578 φθορά
1073 3499 1403 3576 μιαρωτέρα,
1482 3503 1589 3558 Οὔκ
1648 3502 1747 3572 ἴση
1820 3505 1921 3583 γὰρ

278 3586 531 3665 ἀσέλγεια
588 3593 689 3655 τῆς
742 3588 1091 3667 προεστώσης
1138 3590 1226 3645 καὶ
1267 3594 1367 3656 τῆς
1412 3596 1488 3663 τῷ
1534 3598 1745 3669 Χριστῴ
1791 3615 1919 3649 συν-

276 3679 529 3756 αφθείσης
564 3693 578 3708 ⁶
640 3678 762 3735 οὔτε
823 3678 921 3755 γὰρ
980 3677 1079 3743 ἴση
1124 3677 1304 3746 κλοπὴ
1363 3680 1582 3743 σκεύους
1640 3682 1921 3762 ἀργυραίου

275 3768 368 3822 καὶ
423 3770 717 3843 ἱερατικοῦ.
780 3774 981 3830 Σκεῦος
1046 3764 1102 3823 δὲ
1149 3768 1415 3845 ἱερατικὸν
1458 3771 1493 3839 ἡ
1536 3770 1791 3849 παρθένος
1834 3773 1923 3829 καὶ

267 3858 540 3934 πορφυρὶς
570 3856 636 3924 ἣν
669 3856 764 3913 οὒκ
794 3856 991 3921 ἔξεστιν
1015 3854 1163 3933 ἄλλῳ
1192 3855 1332 3927 πλὴν
1363 3860 1469 3915 τῶν
1502 3858 1641 3915 ὅλων
1674 3865 1921 3939 Δεσπότῃ

269 3945 360 4003 καὶ
389 3945 610 4023 βασιλεῖ
637 3944 1070 4026 περιϐάλλεσθαι,

356 4113 494 4183 ΞΜ.
545 4126 604 4183 Ei
662 4123 717 4181 δὲ
775 4126 863 4182 καὶ
906 4122 1081 4203 γάμος
1126 4126 1255 4184 ὑμῖν
1303 4125 1524 4202 ἔννομος
1560 4127 1917 4209 παρενοχλεῖ,

274 4222 383 4272 ’τῶν
422 4217 488 4270 ὲκ
526 4215 712 4274 τούτου
750 4218 1035 4293 συμφορῶν
1064 4215 1315 4295 καὶπρὸς
1373 4218 1470 4285 τὴν
1521 4217 1657 4276 Εὕαν
1700 4218 1917 4298 ἀποφαί-

276 4325 417 4360 σεων
473 4303 755 4380 ἀκούσατε,
804 4306 880 4362 ὧν
927 4306 1080 4381 ὕμεϊς
1125 4305 1523 4385 ἧλευθερώθητε
1572 4306 1918 4385 ἀπαλλαγεῖ-

275 4414 366 4451 σαι
423 4391 506 4449 διᾶ
579 4397 673 4463 τῆς
738 4395 1021 4472 παρθενίας
1089 4395 1318 4471 ὑποψίας
1363 4397 1590 4472 ματαίας
1634 4398 1918 4475 ὑπενέγκαι

273 4481 592 4559 ἐγκλήματα
643 4484 991 4563 πορνεύοντος
1078 4482 1364 4563 ἀνέχεσθαι
1426 4485 1611 4563 ἀνδρὸς
1682 4485 1920 4551 ἐξουσίαν

2004 3320 2065 3382 in
2091 3320 2575 3399 cogitationibus:
2612 3320 2673 3382 in
2698 3339 2848 3401 quas
2870 3320 3095 3382 audere
3118 3318 3340 3400 aliquid
3363 3319 3433 3380 ad
3446 3318 3648 3380 mitte-

2004 3420 2195 3483 re,est
2220 3411 2454 3473 facinus
2480 3411 2803 3493 tyrannica)
2820 3408 3099 3472 amentize
3127 3430 3140 3472 :
3170 3418 3228 3471 et
3246 3408 3382 3471 ideo
3404 3408 3646 3487 virgini,

2005 3518 2183 3582 quam
2212 3501 2263 3562 ei
2296 3520 2428 3581 qua;
2458 3500 2814 3573 fornicatur,
2853 3499 3060 3562 vitium
3096 3500 3435 3573 aﬂ‘erre,est
3465 3497 3649 3577 magis

2004 3589 2386 3654 sceleratum.
2421 3589 2550 3652 Non
2585 3599 2674 3651 est
2704 3595 2861 3651 enim
2891 3607 2997 3668 par
3044 3588 3229 3649 libido
3272 3587 3333 3647 in
3356 3606 3484 3649 eam
3516 3606 3651 3665 qua:

2007 3688 2258 3759 prostat,
2292 3687 2431 3742 etin
2459 3698 2587 3742 eam
2615 3698 2746 3760 quae
2769 3687 2858 3740 est
2881 3677 3115 3740 Christo
3139 3676 3484 3756 conjuncta.
3515 3674 3646 3736 Non

2006 3778 2097 3829 est
2128 3768 2286 3830 enim
2324 3789 2431 3850 par
2457 3769 2684 3832 furtum
2717 3768 2873 3829 vasis
2905 3766 3184 3845 forensis,
3213 3776 3270 3826 et
3299 3763 3648 3826 sacerdota-

2005 3858 2102 3919 lis.
2135 3860 2253 3920 Vos
2284 3870 2482 3921 autem
2513 3858 2884 3922 sacerdotale
2916 3865 3006 3919 est
3056 3859 3241 3934 virgo,
3273 3863 3330 3916 et
3356 3873 3643 3935 purpura,

2005 3966 2181 4029 quam
2215 3949 2362 4010 nulli
2395 3949 2496 4011 alii
2549 3948 2691 4010 licet
2741 3948 3022 4029 induere,
3060 3955 3458 4028 praeterquam
3493 3945 3645 4024 Regi

2004 4047 2065 4100 et
2092 4036 2345 4100 Domino
2378 4039 2820 4101 universorum.

2088 4126 2285 4191 LXIV.
2321 4127 2487 4201 Quod
2525 4127 2576 4189 si
2597 4128 2779 4190 etiam
2810 4126 3260 4204 voslegitimum
3285 4131 3480 4186 movet
3515 4142 3639 4185 ma-

2004 4217 2590 4292 trimonium,audite
2612 4219 2741 4297 ejus
2758 4216 3214 4290 calamitates,et
3234 4232 3365 4295 quae
3386 4213 3446 4275 in
3463 4211 3638 4273 Evam

2004 4308 2398 4386 pronuntiatis
2427 4316 2570 4369 Sunt
2593 4308 2931 4382 sententia),
2958 4328 2989 4367 a
3022 4305 3238 4387 quibus
3275 4323 3371 4365 vos
3403 4304 3544 4365 estis
3574 4302 3643 4363 li-

2002 4396 2502 4471 beratze,remotze
2518 4416 2624 4477 per
2649 4396 3049 4476 virginitatem
3074 4415 3108 4457 a
3132 4394 3282 4455 mala
3299 4393 3643 4471 suspicione

2004 4485 2271 4565 patiendi
2302 4486 2556 4548 crimina
2583 4486 2782 4548 mariti
2805 4483 3290 4563 fornicantis,qui
3325 4481 3504 4543 habet
3530 4502 3643 4563 po-

272 4569 501 4651 ἔχοντος
580 4577 666 4629 καὶ
747 4573 1025 4651 χρήσιμον
1080 4571 1418 4652 ἀφαιρεῖσθαι
1476 4572 1700 4651 πρόοδον
1759 4597 1914 4653 περι-

2012 4583 2275 4637 testatem
2304 4576 2671 4656 prohibendi
2697 4595 2773 4639 ne
2796 4594 2896 4638 eas
2921 4594 3039 4655 quo
3068 4573 3171 4636 tibi
3198 4572 3473 4654 expedit:
3502 4590 3647 4632 con-

271 4661 510 4740 στροφῆς
593 4659 940 4718 διευθύνεσθαι
1000 4661 1373 4738 κοσμουμένας
1409 4682 1423 4698 ο
1499 4663 1915 4735 ζηλοτυπεϊσθαι

2012 4664 2401 4726 versationem
2429 4665 3096 4746 prohibendi,comptas
3111 4662 3404 4741 zelotypia
3430 4679 3642 4740 prose-

270 4751 395 4827 πρὶν
466 4763 645 4807 τεκεῖν
703 4748 1094 4835 διαπτύεσθαικ
1145 4752 1383 4830 καθάπερ
1468 4752 1617 4810 οῧπω
1672 4757 1914 4831 γαμετὴν

2012 4754 2246 4835 luendi;
2274 4753 2331 4814 ei
2351 4772 2488 4832 quae
2512 4753 3183 4835 peperit,expiobrandi
3220 4769 3233 4811 :
3262 4751 3375 4813 Cur
3411 4770 3527 4811 non
3552 4758 3645 4811 est

265 4822 555 4900 τεκοῦσαν.
608 4839 708 4895 Διά
751 4841 801 4896 τί
851 4840 929 4915 μῆ
970 4822 1149 4920 ἄρὄν,
1205 4822 1518 4910 ἀλλὰ-θῆλυ
1561 4844 1622 4899 τὸ
1671 4822 1908 4926 say-(951v;

265 4927 361 4985 ἐὰν
403 4926 458 4983 δὲ
504 4929 597 4984 καὶ
636 4926 814 5008 ἆρῤεν,
856 4928 991 4986 ἀλλά
1037 4929 1119 4986 διὰ
1162 4931 1213 4987 τί
1271 4931 1347 5005 μὴ
1402 4933 1652 5012 ὡραῖον,
1698 4932 1788 4991 ἐὰν
1856 4932 1912 4991 δὲ

262 5019 356 5075 καὶ
386 5017 614 5093 ὡραῖον,
651 5016 819 5074 πλείω
849 5021 883 5087 ἡ
928 5021 1150 5099 φροντίς
1187 5036 1200 5049 ⁸
1238 5020 1389 5077 οῧπω
1418 5022 1684 5097 γάλακτος
1728 5023 1910 5090 ἀπηλ-

262 5107 410 5185 λάγη
454 5109 542 5163 καὶ
584 5104 752 5173 πολὺς
802 5109 919 5185 περὶ
950 5108 1255 5189 ἀνατροφῆς
1287 5110 1314 5165 6
1348 5109 1494 5187 ἀγών
1526 5129 1538 5143 ·
1575 5110 1666 5170 ἐάν
1713 5133 1767 5167 τε
1811 5116 1910 5172 αὖ·

261 5196 422 5272 ξηθῇ,
483 5195 577 5251 ’ίνα
636 5196 713 5271 μὴ
772 5198 1007 5274 νοσήσῃ,
1068 5200 1159 5255 ὲαν
1204 5195 1258 5254 δὲ
1306 5200 1392 5255 καὶ
1427 5200 1657 5277 νοσήσῃ,
1704 5200 1797 5259 ἵνα
1830 5204 1909 5277 μὴ

261 5285 507 5361 ἀποθάνῃ
541 5303 555 5318 ·
592 5285 682 5342 ἐὰν
715 5284 768 5341 δὲ
824 5287 901 5362 μὴ
947 5285 1243 5364 τελευτήσῃ
1289 5288 1363 5350 ὡς
1415 5289 1533 5365 περὶ
1563 5296 1760 5360 ζῶντος
1804 5313 1908 5348 πε-

266 5376 575 5454 ρισσότερος
609 5376 636 5430 6
666 5374 857 5450 κόπος,
893 5376 971 5451 μὴ
1003 5374 1250 5440 παιδείας
1285 5377 1563 5457 ἀποτύχῃ,
1598 5379 1677 5453 μὴ
1727 5383 1906 5443 κακῶς

263 5460 468 5538 ἀποϐῇ,
503 5464 581 5538 μὴ
625 5464 729 5520 ὑπὸ
758 5471 914 5522 τινῶν
946 5464 1253 5545 ἀνατραπῇ,
1310 5466 1390 5541 μὴ
1435 5468 1572 5541 μετά
1615 5467 1907 5548 ἀχρήστων

263 5556 645 5629 κατασπασθῇ,
693 5554 771 5628 μὴ
809 5553 863 5610 ἐν
892 5555 1093 5630 θηρίοις
1127 5554 1429 5634 ἀχρειωθῇ,
1484 5555 1563 5630 μή
1609 5556 1663 5612 ἐν
1704 5578 1907 5635 προκο-

266 5652 404 5706 παῖς
448 5637 756 5726 διαφωνηθῇ
789 5662 804 5679 ο
838 5645 1000 5701 πόθεν
1034 5647 1099 5701 τὰ
1129 5647 1260 5726 πρὸς
1292 5645 1392 5715 την
1424 5646 1609 5729 χρείαν
1648 5650 1905 5730 χορηγή-

1999 4841 2437 4914 masculus,sed
2457 4842 2685 4906 femina
2708 4844 2882 4904 fastus
2906 4862 3083 4924 quem
3111 4838 3399 4923 peperisti
3423 4838 3447 4900 ἶ)
3470 4838 3641 4910 Quod

1996 4931 2043 4992 si
2077 4933 2152 4993 sit
2183 4932 2359 4993 etiam
2394 4931 2719 5005 masculus,
2755 4950 2861 4991 cur
2912 4950 3030 4992 non
3080 4926 3425 4993 formosus?
3455 4926 3642 5008 Major

1990 5029 2177 5083 restat
2207 5038 2349 5082 cura
2383 5042 2396 5083 :
2436 5020 2700 5081 nondum
2735 5030 2823 5081 est
2855 5019 3279 5093 ablactatus,et
3311 5018 3383 5079 de
3412 5017 3639 5079 educa-

1993 5110 2157 5173 tione
2181 5129 2391 5189 magna
2412 5119 2502 5172 est
2526 5109 2855 5172 contentio.
2889 5110 2993 5169 Sin
3019 5117 3217 5171 autem
3249 5108 3529 5182 creverit,
3563 5126 3640 5168 ne

1992 5207 2259 5280 aegrotet,
2296 5218 2371 5262 ne
2426 5200 2579 5263 forte
2641 5199 2930 5262 moriatur
2964 5215 2977 5260 :
3010 5197 3337 5278 quomodo.
3372 5197 3549 5259 etiam
3587 5198 3639 5259 si

1991 5290 2177 5365 vivat,
2212 5291 2406 5369 major
2436 5299 2530 5351 est
2552 5289 2929 5362 sollicitudo,
2962 5305 3039 5349 ne
3074 5306 3190 5348 non
3216 5288 3316 5348 fiat
3337 5288 3635 5360 eruditus,

1993 5398 2069 5442 ne
2089 5380 2281 5441 malus
2319 5379 2550 5456 evadat,
2585 5398 2660 5441 ne
2693 5385 2996 5439 evertatur
3024 5374 3097 5437 ab
3130 5374 3543 5455 aliquibus,ne
3573 5376 3636 5437 in

1990 5469 2403 5550 improborum
2459 5469 2839 5548 pertrabatur
2897 5465 3423 5540 consuetudinem,
3478 5485 3556 5527 ne
3602 5483 3638 5527 a

1989 5558 2200 5623 bestiis
2232 5557 2823 5632 mutiletur,ne.dum
2859 5555 3181 5637 proficit,in
3215 5554 3491 5615 invidiam
3525 5575 3632 5616 vo-

1992 5658 2162 5715 cetur
2182 5657 2241 5714 et
2261 5646 2970 5719 seditionem.Undenam
2997 5642 3470 5733 suppeditabunt
3500 5662 3635 5726 qua
