  <div class='ocr_page' id='page_1' title='image "/cluster/home/n/w/nwhite01/storage/ocr_20150623/114/hvd.32044073502254/725.png"; bbox 0 0 4028 6202; ppageno 0'>
   <div class='ocr_carea' id='block_1_1' title="bbox 424 308 578 380">
    <p class='ocr_par' dir='ltr' id='par_1_1' title="bbox 424 308 578 380">
     <span class='ocr_line' id='line_1_1' title="bbox 424 308 578 380; baseline 0.013 -2"><span class='ocrx_word' id='word_1_1' title='bbox 424 308 578 380; x_wconf 84' lang='grc'>1435</span> 
     </span>
    </p>
   </div>
   <div class='ocr_carea' id='block_1_2' title="bbox 1679 297 2519 376">
    <p class='ocr_par' dir='ltr' id='par_1_2' title="bbox 1679 297 2519 376">
     <span class='ocr_line' id='line_1_2' title="bbox 1679 297 2519 376; baseline -0.004 -3"><span class='ocrx_word' id='word_1_2' title='bbox 1679 304 1960 376; x_wconf 89' lang='lat' dir='ltr'><strong>MENSIS</strong></span> <span class='ocrx_word' id='word_1_3' title='bbox 2019 297 2519 372; x_wconf 79' lang='lat' dir='ltr'><strong>FEBRUARIUS.</strong></span> 
     </span>
    </p>
   </div>
   <div class='ocr_carea' id='block_1_3' title="bbox 3640 290 3788 369">
    <p class='ocr_par' dir='ltr' id='par_1_3' title="bbox 3640 290 3788 369">
     <span class='ocr_line' id='line_1_3' title="bbox 3640 290 3788 369; baseline 0.007 -1"><span class='ocrx_word' id='word_1_4' title='bbox 3640 290 3788 369; x_wconf 70' lang='grc'><strong>1436</strong></span> 
     </span>
    </p>
   </div>
   <div class='ocr_carea' id='block_1_4' title="bbox 423 437 2059 527">
    <p class='ocr_par' dir='ltr' id='par_1_4' title="bbox 423 441 2055 527">
     <span class='ocr_line' id='line_1_4' title="bbox 423 441 2055 527; baseline -0.004 -14"><span class='ocrx_word' id='word_1_5' title='bbox 423 456 561 513; x_wconf 88' lang='lat' dir='ltr'><strong>sunt</strong></span> <span class='ocrx_word' id='word_1_6' title='bbox 581 443 950 512; x_wconf 85' lang='lat' dir='ltr'><strong>necessaria?</strong></span> <span class='ocrx_word' id='word_1_7' title='bbox 969 441 1281 511; x_wconf 89' lang='lat' dir='ltr'><strong>Undenam</strong></span> <span class='ocrx_word' id='word_1_8' title='bbox 1303 461 1434 508; x_wconf 91' lang='lat' dir='ltr'><strong>com</strong></span> <span class='ocrx_word' id='word_1_9' title='bbox 1445 441 1736 527; x_wconf 90' lang='lat' dir='ltr'><strong>parabunt</strong></span> <span class='ocrx_word' id='word_1_10' title='bbox 1759 462 1890 526; x_wconf 83' lang='lat' dir='ltr'><strong>quae</strong></span> <span class='ocrx_word' id='word_1_11' title='bbox 1916 461 2055 525; x_wconf 83' lang='lat' dir='ltr'><strong>per-</strong></span> 
     </span>
    </p>
   </div>
   <div class='ocr_carea' id='block_1_5' title="bbox 2149 437 3791 527">
    <p class='ocr_par' dir='ltr' id='par_1_5' title="bbox 2149 437 3791 526">
     <span class='ocr_line' id='line_1_5' title="bbox 2149 437 3791 526; baseline -0.001 -26"><span class='ocrx_word' id='word_1_12' title='bbox 2149 461 2330 526; x_wconf 74' lang='lat' dir='ltr'><strong>mat;</strong></span> <span class='ocrx_word' id='word_1_13' title='bbox 2392 445 2550 502; x_wconf 86' lang='grc' dir='ltr'>πόθεν</span> <span class='ocrx_word' id='word_1_14' title='bbox 2605 441 2672 501; x_wconf 75' lang='grc' dir='ltr'><strong>τὰ</strong></span> <span class='ocrx_word' id='word_1_15' title='bbox 2725 440 2854 523; x_wconf 75' lang='grc' dir='ltr'>πρὸς</span> <span class='ocrx_word' id='word_1_16' title='bbox 2918 437 3092 522; x_wconf 81' lang='grc' dir='ltr'>γάμον</span> <span class='ocrx_word' id='word_1_17' title='bbox 3150 437 3571 522; x_wconf 68' lang='grc' dir='ltr'><strong>συναλλάγματα</strong></span> <span class='ocrx_word' id='word_1_18' title='bbox 3637 441 3791 521; x_wconf 84' lang='grc' dir='ltr'>πορί-</span> 
     </span>
    </p>
   </div>
   <div class='ocr_carea' id='block_1_6' title="bbox 422 534 2061 602">
    <p class='ocr_par' dir='ltr' id='par_1_6' title="bbox 422 534 2061 602">
     <span class='ocr_line' id='line_1_6' title="bbox 422 534 2061 602; baseline -0.005 0"><span class='ocrx_word' id='word_1_19' title='bbox 422 541 611 602; x_wconf 89' lang='lat' dir='ltr'><strong>tinent</strong></span> <span class='ocrx_word' id='word_1_20' title='bbox 639 539 714 602; x_wconf 88' lang='lat' dir='ltr'><strong>ad</strong></span> <span class='ocrx_word' id='word_1_21' title='bbox 740 535 1213 601; x_wconf 89' lang='lat' dir='ltr'><strong>contrahendum</strong></span> <span class='ocrx_word' id='word_1_22' title='bbox 1239 534 1722 598; x_wconf 82' lang='lat' dir='ltr'><strong>matrimonium?</strong></span> <span class='ocrx_word' id='word_1_23' title='bbox 1750 534 2061 598; x_wconf 89' lang='lat' dir='ltr'><strong>Undenam</strong></span> 
     </span>
    </p>
   </div>
   <div class='ocr_carea' id='block_1_7' title="bbox 424 625 2064 712">
    <p class='ocr_par' dir='ltr' id='par_1_7' title="bbox 424 625 2064 712">
     <span class='ocr_line' id='line_1_7' title="bbox 424 625 2064 712; baseline -0.004 -21"><span class='ocrx_word' id='word_1_24' title='bbox 424 628 892 712; x_wconf 90' lang='lat' dir='ltr'><strong>suppeditabunt</strong></span> <span class='ocrx_word' id='word_1_25' title='bbox 943 645 1074 707; x_wconf 66' lang='lat' dir='ltr'><strong>qua:</strong></span> <span class='ocrx_word' id='word_1_26' title='bbox 1100 626 1326 688; x_wconf 82' lang='lat' dir='ltr'><strong>faciunt</strong></span> <span class='ocrx_word' id='word_1_27' title='bbox 1348 625 1418 688; x_wconf 92' lang='lat' dir='ltr'><strong>ad</strong></span> <span class='ocrx_word' id='word_1_28' title='bbox 1445 627 1574 705; x_wconf 88' lang='lat' dir='ltr'><strong>ejus</strong></span> <span class='ocrx_word' id='word_1_29' title='bbox 1598 625 1784 687; x_wconf 90' lang='lat' dir='ltr'><strong>decus</strong></span> <span class='ocrx_word' id='word_1_30' title='bbox 1805 637 1866 686; x_wconf 93' lang='lat' dir='ltr'><strong>et</strong></span> <span class='ocrx_word' id='word_1_31' title='bbox 1889 642 2064 686; x_wconf 89' lang='lat' dir='ltr'><strong>orna-</strong></span> 
     </span>
    </p>
   </div>
   <div class='ocr_carea' id='block_1_8' title="bbox 422 715 2065 782">
    <p class='ocr_par' dir='ltr' id='par_1_8' title="bbox 422 715 2065 782">
     <span class='ocr_line' id='line_1_8' title="bbox 422 715 2065 782; baseline -0.005 0"><span class='ocrx_word' id='word_1_32' title='bbox 422 717 1048 782; x_wconf 70' lang='lat' dir='ltr'><strong>mentum°Undenam</strong></span> <span class='ocrx_word' id='word_1_33' title='bbox 1076 716 1196 778; x_wconf 90' lang='lat' dir='ltr'><strong>alet</strong></span> <span class='ocrx_word' id='word_1_34' title='bbox 1217 715 1548 779; x_wconf 81' lang='lat' dir='ltr'><strong>ministros?</strong></span> <span class='ocrx_word' id='word_1_35' title='bbox 1562 715 1782 777; x_wconf 87' lang='lat' dir='ltr'><strong>Eadem</strong></span> <span class='ocrx_word' id='word_1_36' title='bbox 1802 717 1954 777; x_wconf 88' lang='lat' dir='ltr'><strong>ratio</strong></span> <span class='ocrx_word' id='word_1_37' title='bbox 1975 720 2065 776; x_wconf 92' lang='lat' dir='ltr'><strong>est</strong></span> 
     </span>
    </p>
   </div>
   <div class='ocr_carea' id='block_1_9' title="bbox 420 805 2061 891">
    <p class='ocr_par' dir='ltr' id='par_1_9' title="bbox 420 805 2061 891">
     <span class='ocr_line' id='line_1_9' title="bbox 420 805 2061 891; baseline -0.004 -20"><span class='ocrx_word' id='word_1_38' title='bbox 420 809 958 891; x_wconf 73' lang='lat' dir='ltr'><strong>reliquarum,qua=:</strong></span> <span class='ocrx_word' id='word_1_39' title='bbox 988 807 1108 868; x_wconf 90' lang='lat' dir='ltr'><strong>huc</strong></span> <span class='ocrx_word' id='word_1_40' title='bbox 1131 815 1189 868; x_wconf 91' lang='lat' dir='ltr'><strong>et</strong></span> <span class='ocrx_word' id='word_1_41' title='bbox 1219 805 1361 868; x_wconf 87' lang='lat' dir='ltr'><strong>illuc</strong></span> <span class='ocrx_word' id='word_1_42' title='bbox 1387 806 1750 879; x_wconf 90' lang='lat' dir='ltr'><strong>distrahunt,</strong></span> <span class='ocrx_word' id='word_1_43' title='bbox 1780 821 2061 867; x_wconf 86' lang='lat' dir='ltr'><strong>curarum</strong></span> 
     </span>
    </p>
   </div>
   <div class='ocr_carea' id='block_1_10' title="bbox 423 893 2066 976">
    <p class='ocr_par' dir='ltr' id='par_1_10' title="bbox 423 893 2066 976">
     <span class='ocr_line' id='line_1_10' title="bbox 423 893 2066 976; baseline -0.003 -15"><span class='ocrx_word' id='word_1_44' title='bbox 423 909 481 961; x_wconf 89' lang='lat' dir='ltr'><strong>et</strong></span> <span class='ocrx_word' id='word_1_45' title='bbox 496 897 990 960; x_wconf 77' lang='lat' dir='ltr'><strong>sollicitudinum:</strong></span> <span class='ocrx_word' id='word_1_46' title='bbox 1003 915 1078 958; x_wconf 89' lang='lat' dir='ltr'><strong>ne</strong></span> <span class='ocrx_word' id='word_1_47' title='bbox 1092 896 1284 958; x_wconf 91' lang='lat' dir='ltr'><strong>dicam</strong></span> <span class='ocrx_word' id='word_1_48' title='bbox 1301 895 1540 957; x_wconf 83' lang='lat' dir='ltr'><strong>dolores</strong></span> <span class='ocrx_word' id='word_1_49' title='bbox 1556 903 1756 976; x_wconf 87' lang='lat' dir='ltr'><strong>partus</strong></span> <span class='ocrx_word' id='word_1_50' title='bbox 1769 893 2066 957; x_wconf 66' lang='lat' dir='ltr'><strong>etnaturae</strong></span> 
     </span>
    </p>
   </div>
   <div class='ocr_carea' id='block_1_11' title="bbox 417 984 2062 1070">
    <p class='ocr_par' dir='ltr' id='par_1_11' title="bbox 417 984 2062 1070">
     <span class='ocr_line' id='line_1_11' title="bbox 417 984 2062 1070; baseline -0.003 -21"><span class='ocrx_word' id='word_1_51' title='bbox 417 986 1174 1064; x_wconf 78' lang='lat' dir='ltr'><strong>necessitates.Revera,ut</strong></span> <span class='ocrx_word' id='word_1_52' title='bbox 1198 985 1345 1048; x_wconf 92' lang='lat' dir='ltr'><strong>dicit</strong></span> <span class='ocrx_word' id='word_1_53' title='bbox 1371 984 1611 1048; x_wconf 91' lang='lat' dir='ltr'><strong>divinus</strong></span> <span class='ocrx_word' id='word_1_54' title='bbox 1633 985 2062 1070; x_wconf 66' lang='lat' dir='ltr'><strong>Apostolus35,</strong></span> 
     </span>
    </p>
   </div>
   <div class='ocr_carea' id='block_1_12' title="bbox 418 1073 2064 1158">
    <p class='ocr_par' dir='ltr' id='par_1_12' title="bbox 418 1073 2064 1158">
     <span class='ocr_line' id='line_1_12' title="bbox 418 1073 2064 1158; baseline -0.001 -20"><span class='ocrx_word' id='word_1_55' title='bbox 418 1077 673 1158; x_wconf 89' lang='lat' dir='ltr'><strong>innupta</strong></span> <span class='ocrx_word' id='word_1_56' title='bbox 705 1085 874 1138; x_wconf 90' lang='lat' dir='ltr'><strong>curat</strong></span> <span class='ocrx_word' id='word_1_57' title='bbox 918 1095 1049 1158; x_wconf 64' lang='lat' dir='ltr'><strong>quae</strong></span> <span class='ocrx_word' id='word_1_58' title='bbox 1091 1083 1231 1138; x_wconf 92' lang='lat' dir='ltr'><strong>sunt</strong></span> <span class='ocrx_word' id='word_1_59' title='bbox 1258 1075 1520 1148; x_wconf 88' lang='lat' dir='ltr'><strong>Domini,</strong></span> <span class='ocrx_word' id='word_1_60' title='bbox 1557 1075 1628 1136; x_wconf 90' lang='lat' dir='ltr'><strong>ab</strong></span> <span class='ocrx_word' id='word_1_61' title='bbox 1664 1075 1754 1136; x_wconf 89' lang='lat' dir='ltr'><strong>his</strong></span> <span class='ocrx_word' id='word_1_62' title='bbox 1785 1073 2064 1136; x_wconf 85' lang='lat' dir='ltr'><strong>omnibus</strong></span> 
     </span>
    </p>
   </div>
   <div class='ocr_carea' id='block_1_13' title="bbox 419 1164 2062 1245">
    <p class='ocr_par' dir='ltr' id='par_1_13' title="bbox 419 1164 2062 1245">
     <span class='ocr_line' id='line_1_13' title="bbox 419 1164 2062 1245; baseline -0.002 -17"><span class='ocrx_word' id='word_1_63' title='bbox 419 1165 695 1240; x_wconf 88' lang='lat' dir='ltr'><strong>liberata,</strong></span> <span class='ocrx_word' id='word_1_64' title='bbox 733 1166 859 1229; x_wconf 86' lang='lat' dir='ltr'><strong>sola</strong></span> <span class='ocrx_word' id='word_1_65' title='bbox 889 1174 1086 1229; x_wconf 90' lang='lat' dir='ltr'><strong>autem</strong></span> <span class='ocrx_word' id='word_1_66' title='bbox 1121 1174 1332 1228; x_wconf 89' lang='lat' dir='ltr'><strong>ornata</strong></span> <span class='ocrx_word' id='word_1_67' title='bbox 1377 1165 1852 1245; x_wconf 73' lang='lat' dir='ltr'><strong>incorruptione,</strong></span> <span class='ocrx_word' id='word_1_68' title='bbox 1885 1164 2062 1244; x_wconf 86' lang='lat' dir='ltr'><strong>cujus</strong></span> 
     </span>
    </p>
   </div>
   <div class='ocr_carea' id='block_1_14' title="bbox 421 1253 2062 1339">
    <p class='ocr_par' dir='ltr' id='par_1_14' title="bbox 421 1253 2062 1339">
     <span class='ocr_line' id='line_1_14' title="bbox 421 1253 2062 1339; baseline -0.003 -21"><span class='ocrx_word' id='word_1_69' title='bbox 421 1255 835 1339; x_wconf 89' lang='lat' dir='ltr'><strong>suppeditator</strong></span> <span class='ocrx_word' id='word_1_70' title='bbox 865 1267 958 1319; x_wconf 89' lang='lat' dir='ltr'><strong>est</strong></span> <span class='ocrx_word' id='word_1_71' title='bbox 985 1264 1045 1318; x_wconf 89' lang='lat' dir='ltr'><strong>et</strong></span> <span class='ocrx_word' id='word_1_72' title='bbox 1077 1256 1374 1337; x_wconf 82' lang='lat' dir='ltr'><strong>perfector</strong></span> <span class='ocrx_word' id='word_1_73' title='bbox 1398 1253 1666 1330; x_wconf 87' lang='lat' dir='ltr'><strong>Jesus,et</strong></span> <span class='ocrx_word' id='word_1_74' title='bbox 1690 1255 1790 1335; x_wconf 86' lang='lat' dir='ltr'><strong>qui</strong></span> <span class='ocrx_word' id='word_1_75' title='bbox 1817 1272 1918 1314; x_wconf 89' lang='lat' dir='ltr'><strong>vos</strong></span> <span class='ocrx_word' id='word_1_76' title='bbox 1947 1271 2062 1331; x_wconf 77' lang='lat' dir='ltr'><strong>po-</strong></span> 
     </span>
    </p>
   </div>
   <div class='ocr_carea' id='block_1_15' title="bbox 421 1343 2056 1424">
    <p class='ocr_par' dir='ltr' id='par_1_15' title="bbox 421 1343 2056 1424">
     <span class='ocr_line' id='line_1_15' title="bbox 421 1343 2056 1424; baseline -0.001 -17"><span class='ocrx_word' id='word_1_77' title='bbox 421 1353 539 1408; x_wconf 89' lang='lat' dir='ltr'><strong>test</strong></span> <span class='ocrx_word' id='word_1_78' title='bbox 570 1346 875 1408; x_wconf 88' lang='lat' dir='ltr'><strong>custodire</strong></span> <span class='ocrx_word' id='word_1_79' title='bbox 903 1347 964 1407; x_wconf 93' lang='lat' dir='ltr'><strong>in</strong></span> <span class='ocrx_word' id='word_1_80' title='bbox 996 1346 1312 1407; x_wconf 86' lang='lat' dir='ltr'><strong>tolerantia</strong></span> <span class='ocrx_word' id='word_1_81' title='bbox 1341 1353 1399 1407; x_wconf 91' lang='lat' dir='ltr'><strong>et</strong></span> <span class='ocrx_word' id='word_1_82' title='bbox 1421 1363 1640 1424; x_wconf 84' lang='lat' dir='ltr'><strong>augere</strong></span> <span class='ocrx_word' id='word_1_83' title='bbox 1663 1345 1723 1405; x_wconf 92' lang='lat' dir='ltr'><strong>in</strong></span> <span class='ocrx_word' id='word_1_84' title='bbox 1749 1362 1855 1424; x_wconf 85' lang='lat' dir='ltr'><strong>spe</strong></span> <span class='ocrx_word' id='word_1_85' title='bbox 1876 1343 2056 1405; x_wconf 87' lang='lat' dir='ltr'><strong>bona.</strong></span> 
     </span>
    </p>
   </div>
   <div class='ocr_carea' id='block_1_16' title="bbox 421 1433 2055 1516">
    <p class='ocr_par' dir='ltr' id='par_1_16' title="bbox 421 1433 2055 1516">
     <span class='ocr_line' id='line_1_16' title="bbox 421 1433 2055 1516; baseline -0.002 -19"><span class='ocrx_word' id='word_1_86' title='bbox 421 1433 730 1498; x_wconf 91' lang='lat' dir='ltr'><strong>Custodite</strong></span> <span class='ocrx_word' id='word_1_87' title='bbox 750 1453 891 1514; x_wconf 83' lang='lat' dir='ltr'><strong>ergo</strong></span> <span class='ocrx_word' id='word_1_88' title='bbox 914 1453 1016 1496; x_wconf 89' lang='lat' dir='ltr'><strong>vos</strong></span> <span class='ocrx_word' id='word_1_89' title='bbox 1041 1435 1200 1516; x_wconf 90' lang='lat' dir='ltr'><strong>ipsas</strong></span> <span class='ocrx_word' id='word_1_90' title='bbox 1221 1435 1280 1495; x_wconf 90' lang='lat' dir='ltr'><strong>in</strong></span> <span class='ocrx_word' id='word_1_91' title='bbox 1304 1453 1396 1510; x_wconf 87' lang='lat' dir='ltr'><strong>ea,</strong></span> <span class='ocrx_word' id='word_1_92' title='bbox 1431 1435 1490 1495; x_wconf 92' lang='lat' dir='ltr'><strong>in</strong></span> <span class='ocrx_word' id='word_1_93' title='bbox 1514 1453 1628 1515; x_wconf 89' lang='lat' dir='ltr'><strong>qua</strong></span> <span class='ocrx_word' id='word_1_94' title='bbox 1651 1440 1870 1495; x_wconf 67' lang='lat' dir='ltr'><strong>vocatae</strong></span> <span class='ocrx_word' id='word_1_95' title='bbox 1891 1433 2055 1508; x_wconf 90' lang='lat' dir='ltr'><strong>estis,</strong></span> 
     </span>
    </p>
   </div>
   <div class='ocr_carea' id='block_1_17' title="bbox 417 1522 2063 1604">
    <p class='ocr_par' dir='ltr' id='par_1_17' title="bbox 417 1522 2063 1604">
     <span class='ocr_line' id='line_1_17' title="bbox 417 1522 2063 1604; baseline -0.001 -20"><span class='ocrx_word' id='word_1_96' title='bbox 417 1526 751 1602; x_wconf 84' lang='lat' dir='ltr'><strong>vocatione,</strong></span> <span class='ocrx_word' id='word_1_97' title='bbox 787 1534 853 1587; x_wconf 93' lang='lat' dir='ltr'><strong>ut</strong></span> <span class='ocrx_word' id='word_1_98' title='bbox 905 1525 1167 1604; x_wconf 79' lang='lat' dir='ltr'><strong>virgines</strong></span> <span class='ocrx_word' id='word_1_99' title='bbox 1199 1523 1433 1586; x_wconf 86' lang='lat' dir='ltr'><strong>Christo</strong></span> <span class='ocrx_word' id='word_1_100' title='bbox 1467 1543 1574 1585; x_wconf 91' lang='lat' dir='ltr'><strong>vos</strong></span> <span class='ocrx_word' id='word_1_101' title='bbox 1605 1522 1964 1603; x_wconf 79' lang='lat' dir='ltr'><strong>cxhibeatis,</strong></span> <span class='ocrx_word' id='word_1_102' title='bbox 1999 1530 2063 1583; x_wconf 92' lang='lat' dir='ltr'><strong>ut</strong></span> 
     </span>
    </p>
   </div>
   <div class='ocr_carea' id='block_1_18' title="bbox 422 1611 2062 1694">
    <p class='ocr_par' dir='ltr' id='par_1_18' title="bbox 422 1611 2062 1694">
     <span class='ocr_line' id='line_1_18' title="bbox 422 1611 2062 1694; baseline -0.002 -18"><span class='ocrx_word' id='word_1_103' title='bbox 422 1617 603 1677; x_wconf 91' lang='lat' dir='ltr'><strong>etiam</strong></span> <span class='ocrx_word' id='word_1_104' title='bbox 654 1614 809 1677; x_wconf 90' lang='lat' dir='ltr'><strong>bona</strong></span> <span class='ocrx_word' id='word_1_105' title='bbox 839 1623 1062 1678; x_wconf 57' lang='lat' dir='ltr'><strong>interna</strong></span> <span class='ocrx_word' id='word_1_106' title='bbox 1093 1614 1548 1690; x_wconf 88' lang='lat' dir='ltr'><strong>consequamini</strong></span> <span class='ocrx_word' id='word_1_107' title='bbox 1576 1615 1764 1692; x_wconf 83' lang='lat' dir='ltr'><strong>gratia</strong></span> <span class='ocrx_word' id='word_1_108' title='bbox 1794 1612 1924 1689; x_wconf 89' lang='lat' dir='ltr'><strong>Dei,</strong></span> <span class='ocrx_word' id='word_1_109' title='bbox 1960 1611 2062 1694; x_wconf 89' lang='lat' dir='ltr'><strong>qui</strong></span> 
     </span>
    </p>
   </div>
   <div class='ocr_carea' id='block_1_19' title="bbox 418 1704 1758 1783">
    <p class='ocr_par' dir='ltr' id='par_1_19' title="bbox 418 1704 1758 1783">
     <span class='ocr_line' id='line_1_19' title="bbox 418 1704 1758 1783; baseline 0 -19"><span class='ocrx_word' id='word_1_110' title='bbox 418 1722 524 1768; x_wconf 88' lang='lat' dir='ltr'><strong>vos</strong></span> <span class='ocrx_word' id='word_1_111' title='bbox 553 1705 783 1767; x_wconf 88' lang='lat' dir='ltr'><strong>vocavit</strong></span> <span class='ocrx_word' id='word_1_112' title='bbox 809 1705 872 1767; x_wconf 91' lang='lat' dir='ltr'><strong>in</strong></span> <span class='ocrx_word' id='word_1_113' title='bbox 905 1723 1076 1766; x_wconf 89' lang='lat' dir='ltr'><strong>suum</strong></span> <span class='ocrx_word' id='word_1_114' title='bbox 1113 1723 1363 1783; x_wconf 83' lang='lat' dir='ltr'><strong>regnum</strong></span> <span class='ocrx_word' id='word_1_115' title='bbox 1398 1712 1456 1765; x_wconf 92' lang='lat' dir='ltr'><strong>et</strong></span> <span class='ocrx_word' id='word_1_116' title='bbox 1486 1704 1758 1782; x_wconf 80' lang='lat' dir='ltr'><strong>gloriam.</strong></span> 
     </span>
    </p>
   </div>
   <div class='ocr_carea' id='block_1_20' title="bbox 502 1793 2124 1875">
    <p class='ocr_par' dir='ltr' id='par_1_20' title="bbox 502 1793 2124 1875">
     <span class='ocr_line' id='line_1_20' title="bbox 502 1793 2124 1875; baseline 0.001 -19"><span class='ocrx_word' id='word_1_117' title='bbox 502 1795 1006 1875; x_wconf 82' lang='lat' dir='ltr'><strong>LXV.Postquam</strong></span> <span class='ocrx_word' id='word_1_118' title='bbox 1032 1802 1229 1855; x_wconf 89' lang='lat' dir='ltr'><strong>autem</strong></span> <span class='ocrx_word' id='word_1_119' title='bbox 1258 1793 1510 1855; x_wconf 85' lang='lat' dir='ltr'><strong>cessavit</strong></span> <span class='ocrx_word' id='word_1_120' title='bbox 1529 1793 1600 1854; x_wconf 91' lang='lat' dir='ltr'><strong>ab</strong></span> <span class='ocrx_word' id='word_1_121' title='bbox 1621 1793 2058 1867; x_wconf 78' lang='lat' dir='ltr'><strong>adhortatione,</strong></span> <span class='ocrx_word' id='word_1_122' title='bbox 2085 1807 2124 1858; x_wconf 87' lang='grc' dir='ltr'>Β</span> 
     </span>
    </p>
   </div>
   <div class='ocr_carea' id='block_1_21' title="bbox 419 1882 2067 1966">
    <p class='ocr_par' dir='ltr' id='par_1_21' title="bbox 419 1882 2067 1966">
     <span class='ocr_line' id='line_1_21' title="bbox 419 1882 2067 1966; baseline -0.002 -19"><span class='ocrx_word' id='word_1_123' title='bbox 419 1883 578 1948; x_wconf 88' lang='lat' dir='ltr'><strong>bene</strong></span> <span class='ocrx_word' id='word_1_124' title='bbox 611 1895 918 1966; x_wconf 88' lang='lat' dir='ltr'><strong>precatus,</strong></span> <span class='ocrx_word' id='word_1_125' title='bbox 950 1902 1050 1945; x_wconf 90' lang='lat' dir='ltr'><strong>eas</strong></span> <span class='ocrx_word' id='word_1_126' title='bbox 1083 1882 1316 1946; x_wconf 86' lang='lat' dir='ltr'><strong>Christo</strong></span> <span class='ocrx_word' id='word_1_127' title='bbox 1349 1883 1814 1958; x_wconf 83' lang='lat' dir='ltr'><strong>commendavit,</strong></span> <span class='ocrx_word' id='word_1_128' title='bbox 1841 1882 2067 1963; x_wconf 86' lang='lat' dir='ltr'><strong>jubens</strong></span> 
     </span>
    </p>
   </div>
   <div class='ocr_carea' id='block_1_22' title="bbox 420 1972 2066 2054">
    <p class='ocr_par' dir='ltr' id='par_1_22' title="bbox 420 1972 2066 2054">
     <span class='ocr_line' id='line_1_22' title="bbox 420 1972 2066 2054; baseline -0.002 -18"><span class='ocrx_word' id='word_1_129' title='bbox 420 1974 700 2036; x_wconf 84' lang='lat' dir='ltr'><strong>omnibus</strong></span> <span class='ocrx_word' id='word_1_130' title='bbox 725 1984 786 2036; x_wconf 92' lang='lat' dir='ltr'><strong>ut</strong></span> <span class='ocrx_word' id='word_1_131' title='bbox 811 1975 907 2036; x_wconf 88' lang='lat' dir='ltr'><strong>die</strong></span> <span class='ocrx_word' id='word_1_132' title='bbox 941 1973 1216 2054; x_wconf 86' lang='lat' dir='ltr'><strong>sequenti</strong></span> <span class='ocrx_word' id='word_1_133' title='bbox 1237 1975 1518 2035; x_wconf 85' lang='lat' dir='ltr'><strong>venirent</strong></span> <span class='ocrx_word' id='word_1_134' title='bbox 1539 1972 1612 2034; x_wconf 89' lang='lat' dir='ltr'><strong>ad</strong></span> <span class='ocrx_word' id='word_1_135' title='bbox 1636 1973 2066 2053; x_wconf 47' lang='lat' dir='ltr'><strong>synaxinyqum</strong></span> 
     </span>
    </p>
   </div>
   <div class='ocr_carea' id='block_1_23' title="bbox 422 2063 2063 2144">
    <p class='ocr_par' dir='ltr' id='par_1_23' title="bbox 422 2063 2063 2144">
     <span class='ocr_line' id='line_1_23' title="bbox 422 2063 2063 2144; baseline -0.002 -20"><span class='ocrx_word' id='word_1_136' title='bbox 422 2064 813 2126; x_wconf 84' lang='lat' dir='ltr'><strong>circumcirca</strong></span> <span class='ocrx_word' id='word_1_137' title='bbox 850 2064 1288 2144; x_wconf 80' lang='lat' dir='ltr'><strong>erant,hymnis</strong></span> <span class='ocrx_word' id='word_1_138' title='bbox 1320 2063 1725 2126; x_wconf 84' lang='lat' dir='ltr'><strong>sanctiﬁcans.</strong></span> <span class='ocrx_word' id='word_1_139' title='bbox 1748 2067 2063 2142; x_wconf 84' lang='lat' dir='ltr'><strong>Postquam</strong></span> 
     </span>
    </p>
   </div>
   <div class='ocr_carea' id='block_1_24' title="bbox 422 2151 2059 2233">
    <p class='ocr_par' dir='ltr' id='par_1_24' title="bbox 422 2151 2059 2233">
     <span class='ocr_line' id='line_1_24' title="bbox 422 2151 2059 2233; baseline -0.003 -18"><span class='ocrx_word' id='word_1_140' title='bbox 422 2171 563 2232; x_wconf 79' lang='lat' dir='ltr'><strong>ergo</strong></span> <span class='ocrx_word' id='word_1_141' title='bbox 596 2159 856 2215; x_wconf 89' lang='lat' dir='ltr'><strong>venisset</strong></span> <span class='ocrx_word' id='word_1_142' title='bbox 878 2155 939 2215; x_wconf 93' lang='lat' dir='ltr'><strong>in</strong></span> <span class='ocrx_word' id='word_1_143' title='bbox 967 2153 1396 2215; x_wconf 88' lang='lat' dir='ltr'><strong>monasterium</strong></span> <span class='ocrx_word' id='word_1_144' title='bbox 1430 2153 1590 2233; x_wconf 91' lang='lat' dir='ltr'><strong>quod</strong></span> <span class='ocrx_word' id='word_1_145' title='bbox 1623 2151 2059 2226; x_wconf 76' lang='lat' dir='ltr'><strong>exstruebatur,</strong></span> 
     </span>
    </p>
   </div>
   <div class='ocr_carea' id='block_1_25' title="bbox 418 2241 2060 2324">
    <p class='ocr_par' dir='ltr' id='par_1_25' title="bbox 418 2241 2060 2324">
     <span class='ocr_line' id='line_1_25' title="bbox 418 2241 2060 2324; baseline -0.001 -20"><span class='ocrx_word' id='word_1_146' title='bbox 418 2241 672 2306; x_wconf 89' lang='lat' dir='ltr'><strong>intensis</strong></span> <span class='ocrx_word' id='word_1_147' title='bbox 697 2243 842 2305; x_wconf 84' lang='lat' dir='ltr'><strong>fusis</strong></span> <span class='ocrx_word' id='word_1_148' title='bbox 864 2243 1313 2324; x_wconf 83' lang='lat' dir='ltr'><strong>precibus,cum</strong></span> <span class='ocrx_word' id='word_1_149' title='bbox 1351 2241 1739 2306; x_wconf 84' lang='lat' dir='ltr'><strong>multitudine</strong></span> <span class='ocrx_word' id='word_1_150' title='bbox 1767 2261 1900 2323; x_wconf 67' lang='lat' dir='ltr'><strong>qua:</strong></span> <span class='ocrx_word' id='word_1_151' title='bbox 1923 2259 2060 2303; x_wconf 91' lang='lat' dir='ltr'><strong>eum</strong></span> 
     </span>
    </p>
   </div>
   <div class='ocr_carea' id='block_1_26' title="bbox 424 2330 2064 2413">
    <p class='ocr_par' dir='ltr' id='par_1_26' title="bbox 424 2330 2064 2413">
     <span class='ocr_line' id='line_1_26' title="bbox 424 2330 2064 2413; baseline -0.001 -20"><span class='ocrx_word' id='word_1_152' title='bbox 424 2331 813 2413; x_wconf 84' lang='lat' dir='ltr'><strong>sequebatur,</strong></span> <span class='ocrx_word' id='word_1_153' title='bbox 847 2331 1122 2394; x_wconf 86' lang='lat' dir='ltr'><strong>ascendit</strong></span> <span class='ocrx_word' id='word_1_154' title='bbox 1150 2331 1212 2393; x_wconf 90' lang='lat' dir='ltr'><strong>in</strong></span> <span class='ocrx_word' id='word_1_155' title='bbox 1274 2340 1536 2394; x_wconf 91' lang='lat' dir='ltr'><strong>montem</strong></span> <span class='ocrx_word' id='word_1_156' title='bbox 1575 2352 1588 2390; x_wconf 91' lang='lat'>:</span> <span class='ocrx_word' id='word_1_157' title='bbox 1641 2330 1741 2392; x_wconf 92' lang='lat' dir='ltr'><strong>ubi</strong></span> <span class='ocrx_word' id='word_1_158' title='bbox 1775 2340 1910 2412; x_wconf 90' lang='lat' dir='ltr'><strong>post</strong></span> <span class='ocrx_word' id='word_1_159' title='bbox 1943 2342 2064 2393; x_wconf 90' lang='lat' dir='ltr'><strong>tres</strong></span> 
     </span>
    </p>
   </div>
   <div class='ocr_carea' id='block_1_27' title="bbox 422 2420 2060 2504">
    <p class='ocr_par' dir='ltr' id='par_1_27' title="bbox 422 2420 2060 2504">
     <span class='ocr_line' id='line_1_27' title="bbox 422 2420 2060 2504; baseline 0.001 -21"><span class='ocrx_word' id='word_1_160' title='bbox 422 2422 662 2504; x_wconf 90' lang='lat' dir='ltr'><strong>quidem</strong></span> <span class='ocrx_word' id='word_1_161' title='bbox 697 2422 825 2484; x_wconf 89' lang='lat' dir='ltr'><strong>dies</strong></span> <span class='ocrx_word' id='word_1_162' title='bbox 855 2421 1180 2502; x_wconf 85' lang='lat' dir='ltr'><strong>acgrotavit,</strong></span> <span class='ocrx_word' id='word_1_163' title='bbox 1207 2429 1340 2504; x_wconf 92' lang='lat' dir='ltr'><strong>post</strong></span> <span class='ocrx_word' id='word_1_164' title='bbox 1368 2421 1523 2484; x_wconf 87' lang='lat' dir='ltr'><strong>alios</strong></span> <span class='ocrx_word' id='word_1_165' title='bbox 1557 2439 1694 2484; x_wconf 88' lang='lat' dir='ltr'><strong>vero</strong></span> <span class='ocrx_word' id='word_1_166' title='bbox 1727 2420 1935 2484; x_wconf 92' lang='lat' dir='ltr'><strong>decem</strong></span> <span class='ocrx_word' id='word_1_167' title='bbox 1969 2429 2060 2485; x_wconf 89' lang='lat' dir='ltr'><strong>est</strong></span> 
     </span>
    </p>
   </div>
   <div class='ocr_carea' id='block_1_28' title="bbox 418 2520 712 2573">
    <p class='ocr_par' dir='ltr' id='par_1_28' title="bbox 418 2520 712 2573">
     <span class='ocr_line' id='line_1_28' title="bbox 418 2520 712 2573; baseline 0 0"><span class='ocrx_word' id='word_1_168' title='bbox 418 2520 712 2573; x_wconf 90' lang='lat' dir='ltr'><strong>mortuus.</strong></span> 
     </span>
    </p>
   </div>
   <div class='ocr_carea' id='block_1_29' title="bbox 495 2599 2058 2682">
    <p class='ocr_par' dir='ltr' id='par_1_29' title="bbox 495 2599 2058 2682">
     <span class='ocr_line' id='line_1_29' title="bbox 495 2599 2058 2682; baseline -0.001 -19"><span class='ocrx_word' id='word_1_169' title='bbox 495 2600 690 2665; x_wconf 85' lang='lat' dir='ltr'>LXVI.</span> <span class='ocrx_word' id='word_1_170' title='bbox 711 2601 1077 2681; x_wconf 82' lang='lat' dir='ltr'><strong>Congregata</strong></span> <span class='ocrx_word' id='word_1_171' title='bbox 1105 2620 1250 2682; x_wconf 84' lang='lat' dir='ltr'><strong>ergo</strong></span> <span class='ocrx_word' id='word_1_172' title='bbox 1285 2599 1600 2663; x_wconf 85' lang='lat' dir='ltr'><strong>multitudo</strong></span> <span class='ocrx_word' id='word_1_173' title='bbox 1633 2600 1864 2681; x_wconf 93' lang='lat' dir='ltr'><strong>piorum</strong></span> <span class='ocrx_word' id='word_1_174' title='bbox 1901 2599 2058 2661; x_wconf 87' lang='lat' dir='ltr'><strong>viro-</strong></span> 
     </span>
    </p>
   </div>
   <div class='ocr_carea' id='block_1_30' title="bbox 414 2689 2056 2772">
    <p class='ocr_par' dir='ltr' id='par_1_30' title="bbox 414 2689 2056 2772">
     <span class='ocr_line' id='line_1_30' title="bbox 414 2689 2056 2772; baseline -0.002 -18"><span class='ocrx_word' id='word_1_175' title='bbox 414 2710 549 2754; x_wconf 91' lang='lat' dir='ltr'><strong>rum</strong></span> <span class='ocrx_word' id='word_1_176' title='bbox 568 2709 642 2754; x_wconf 90' lang='lat' dir='ltr'><strong>ex</strong></span> <span class='ocrx_word' id='word_1_177' title='bbox 664 2692 853 2765; x_wconf 89' lang='lat' dir='ltr'><strong>clero,</strong></span> <span class='ocrx_word' id='word_1_178' title='bbox 883 2699 940 2753; x_wconf 89' lang='lat' dir='ltr'><strong>et</strong></span> <span class='ocrx_word' id='word_1_179' title='bbox 963 2691 1033 2753; x_wconf 92' lang='lat' dir='ltr'><strong>iis</strong></span> <span class='ocrx_word' id='word_1_180' title='bbox 1073 2711 1203 2772; x_wconf 65' lang='lat' dir='ltr'><strong>quae</strong></span> <span class='ocrx_word' id='word_1_181' title='bbox 1226 2689 1616 2754; x_wconf 86' lang='lat' dir='ltr'><strong>circumcirca</strong></span> <span class='ocrx_word' id='word_1_182' title='bbox 1647 2698 2056 2763; x_wconf 85' lang='lat' dir='ltr'><strong>erant,mona-</strong></span> 
     </span>
    </p>
   </div>
   <div class='ocr_carea' id='block_1_31' title="bbox 415 2780 2060 2861">
    <p class='ocr_par' dir='ltr' id='par_1_31' title="bbox 415 2780 2060 2861">
     <span class='ocr_line' id='line_1_31' title="bbox 415 2780 2060 2861; baseline -0.002 -19"><span class='ocrx_word' id='word_1_183' title='bbox 415 2781 782 2856; x_wconf 89' lang='lat' dir='ltr'><strong>steriis,cum</strong></span> <span class='ocrx_word' id='word_1_184' title='bbox 818 2781 892 2843; x_wconf 91' lang='lat' dir='ltr'><strong>iis</strong></span> <span class='ocrx_word' id='word_1_185' title='bbox 916 2781 1015 2861; x_wconf 84' lang='lat' dir='ltr'><strong>qui</strong></span> <span class='ocrx_word' id='word_1_186' title='bbox 1041 2791 1209 2842; x_wconf 87' lang='lat' dir='ltr'><strong>erant</strong></span> <span class='ocrx_word' id='word_1_187' title='bbox 1229 2789 1499 2842; x_wconf 90' lang='lat' dir='ltr'><strong>amantes</strong></span> <span class='ocrx_word' id='word_1_188' title='bbox 1523 2780 1860 2859; x_wconf 81' lang='lat' dir='ltr'><strong>virtutis,ex</strong></span> <span class='ocrx_word' id='word_1_189' title='bbox 1889 2798 2060 2839; x_wconf 88' lang='lat' dir='ltr'><strong>mun-</strong></span> 
     </span>
    </p>
   </div>
   <div class='ocr_carea' id='block_1_32' title="bbox 415 2869 2057 2952">
    <p class='ocr_par' dir='ltr' id='par_1_32' title="bbox 415 2869 2057 2952">
     <span class='ocr_line' id='line_1_32' title="bbox 415 2869 2057 2952; baseline -0.001 -20"><span class='ocrx_word' id='word_1_190' title='bbox 415 2871 614 2947; x_wconf 88' lang='lat' dir='ltr'><strong>danis,</strong></span> <span class='ocrx_word' id='word_1_191' title='bbox 650 2872 702 2933; x_wconf 91' lang='lat' dir='ltr'><strong>ei</strong></span> <span class='ocrx_word' id='word_1_192' title='bbox 725 2873 885 2952; x_wconf 88' lang='lat' dir='ltr'><strong>justa</strong></span> <span class='ocrx_word' id='word_1_193' title='bbox 919 2871 1198 2933; x_wconf 86' lang='lat' dir='ltr'><strong>fecerunt</strong></span> <span class='ocrx_word' id='word_1_194' title='bbox 1225 2869 1675 2950; x_wconf 85' lang='lat' dir='ltr'><strong>quartodecimo</strong></span> <span class='ocrx_word' id='word_1_195' title='bbox 1701 2869 1925 2931; x_wconf 91' lang='lat' dir='ltr'><strong>mensis</strong></span> <span class='ocrx_word' id='word_1_196' title='bbox 1948 2870 2057 2931; x_wconf 87' lang='lat' dir='ltr'><strong>Fe-</strong></span> 
     </span>
    </p>
   </div>
   <div class='ocr_carea' id='block_1_33' title="bbox 415 2958 2060 3042">
    <p class='ocr_par' dir='ltr' id='par_1_33' title="bbox 415 2958 2060 3042">
     <span class='ocr_line' id='line_1_33' title="bbox 415 2958 2060 3042; baseline -0.002 -20"><span class='ocrx_word' id='word_1_197' title='bbox 415 2959 868 3042; x_wconf 84' lang='lat' dir='ltr'><strong>bruarii.Atque</strong></span> <span class='ocrx_word' id='word_1_198' title='bbox 895 2960 1230 3023; x_wconf 88' lang='lat' dir='ltr'><strong>volentibus</strong></span> <span class='ocrx_word' id='word_1_199' title='bbox 1257 2958 1499 3040; x_wconf 90' lang='lat' dir='ltr'><strong>quidem</strong></span> <span class='ocrx_word' id='word_1_200' title='bbox 1525 2958 1917 3038; x_wconf 76' lang='lat' dir='ltr'><strong>aliquibus,et</strong></span> <span class='ocrx_word' id='word_1_201' title='bbox 1941 2978 2060 3020; x_wconf 89' lang='lat' dir='ltr'><strong>ma-</strong></span> 
     </span>
    </p>
   </div>
   <div class='ocr_carea' id='block_1_34' title="bbox 2314 533 3790 614">
    <p class='ocr_par' dir='ltr' id='par_1_34' title="bbox 2314 533 3790 614">
     <span class='ocr_line' id='line_1_34' title="bbox 2314 533 3790 614; baseline -0.005 -22"><span class='ocrx_word' id='word_1_202' title='bbox 2314 553 2329 612; x_wconf 84' lang='lat'><strong>;</strong></span> <span class='ocrx_word' id='word_1_203' title='bbox 2377 535 2534 592; x_wconf 87' lang='grc' dir='ltr'>πόθεν</span> <span class='ocrx_word' id='word_1_204' title='bbox 2607 535 2674 594; x_wconf 80' lang='grc' dir='ltr'><strong>τὰ</strong></span> <span class='ocrx_word' id='word_1_205' title='bbox 2720 536 2848 611; x_wconf 78' lang='grc' dir='ltr'>πρὸς</span> <span class='ocrx_word' id='word_1_206' title='bbox 2911 534 3330 614; x_wconf 75' lang='grc' dir='ltr'><strong>εὐσχημοσύνην</strong></span> <span class='ocrx_word' id='word_1_207' title='bbox 3387 533 3790 613; x_wconf 72' lang='grc' dir='ltr'>ὲπαρκέσωσις</span> 
     </span>
    </p>
   </div>
   <div class='ocr_carea' id='block_1_35' title="bbox 2145 622 3794 704">
    <p class='ocr_par' dir='ltr' id='par_1_35' title="bbox 2145 622 3794 704">
     <span class='ocr_line' id='line_1_35' title="bbox 2145 622 3794 704; baseline -0.002 -22"><span class='ocrx_word' id='word_1_208' title='bbox 2145 625 2304 682; x_wconf 82' lang='grc' dir='ltr'>πόθεν</span> <span class='ocrx_word' id='word_1_209' title='bbox 2361 625 2570 688; x_wconf 75' lang='grc' dir='ltr'><strong>οἰκέτας</strong></span> <span class='ocrx_word' id='word_1_210' title='bbox 2629 623 2975 704; x_wconf 80' lang='grc' dir='ltr'>διαθρευσωσι</span> <span class='ocrx_word' id='word_1_211' title='bbox 3024 623 3112 680; x_wconf 71' lang='grc' dir='ltr'><strong>καὶ</strong></span> <span class='ocrx_word' id='word_1_212' title='bbox 3143 626 3249 680; x_wconf 83' lang='grc' dir='ltr'>τῶν</span> <span class='ocrx_word' id='word_1_213' title='bbox 3280 622 3374 680; x_wconf 74' lang='grc' dir='ltr'>ἒπΐ</span> <span class='ocrx_word' id='word_1_214' title='bbox 3408 638 3529 686; x_wconf 76' lang='grc' dir='ltr'>τοῖς</span> <span class='ocrx_word' id='word_1_215' title='bbox 3562 623 3794 684; x_wconf 71' lang='grc' dir='ltr'>λοιποῖς</span> 
     </span>
    </p>
   </div>
   <div class='ocr_carea' id='block_1_36' title="bbox 2145 709 3799 796">
    <p class='ocr_par' dir='ltr' id='par_1_36' title="bbox 2145 709 3799 796">
     <span class='ocr_line' id='line_1_36' title="bbox 2145 709 3799 796; baseline -0.002 -24"><span class='ocrx_word' id='word_1_216' title='bbox 2145 721 2252 772; x_wconf 81' lang='grc' dir='ltr'><strong>τῶν</strong></span> <span class='ocrx_word' id='word_1_217' title='bbox 2297 715 2593 796; x_wconf 76' lang='grc' dir='ltr'><strong>μοχθηρῶν</strong></span> <span class='ocrx_word' id='word_1_218' title='bbox 2652 717 3067 794; x_wconf 81' lang='grc' dir='ltr'>περισπασμῶν,</span> <span class='ocrx_word' id='word_1_219' title='bbox 3112 713 3206 769; x_wconf 75' lang='grc' dir='ltr'><strong>ἵνα</strong></span> <span class='ocrx_word' id='word_1_220' title='bbox 3249 714 3326 790; x_wconf 67' lang='grc' dir='ltr'><strong>μὴ</strong></span> <span class='ocrx_word' id='word_1_221' title='bbox 3370 711 3515 792; x_wconf 86' lang='grc' dir='ltr'>λέγω</span> <span class='ocrx_word' id='word_1_222' title='bbox 3541 714 3647 776; x_wconf 72' lang='grc' dir='ltr'>τὰς</span> <span class='ocrx_word' id='word_1_223' title='bbox 3683 709 3799 768; x_wconf 72' lang='grc' dir='ltr'><strong>ὀδύ-</strong></span> 
     </span>
    </p>
   </div>
   <div class='ocr_carea' id='block_1_37' title="bbox 2146 800 3797 882">
    <p class='ocr_par' dir='ltr' id='par_1_37' title="bbox 2146 800 3797 882">
     <span class='ocr_line' id='line_1_37' title="bbox 2146 800 3797 882; baseline -0.002 -23"><span class='ocrx_word' id='word_1_224' title='bbox 2146 826 2238 868; x_wconf 87' lang='grc' dir='ltr'><strong>νας</strong></span> <span class='ocrx_word' id='word_1_225' title='bbox 2271 811 2368 872; x_wconf 79' lang='grc' dir='ltr'>τῆς</span> <span class='ocrx_word' id='word_1_226' title='bbox 2400 806 2641 875; x_wconf 80' lang='grc' dir='ltr'><strong>κυήσεως</strong></span> <span class='ocrx_word' id='word_1_227' title='bbox 2699 806 2786 861; x_wconf 82' lang='grc' dir='ltr'>καὶ</span> <span class='ocrx_word' id='word_1_228' title='bbox 2836 803 2928 868; x_wconf 77' lang='grc' dir='ltr'><strong>τὰς</strong></span> <span class='ocrx_word' id='word_1_229' title='bbox 2987 803 3224 882; x_wconf 81' lang='grc' dir='ltr'>ἀνάγκας</span> <span class='ocrx_word' id='word_1_230' title='bbox 3283 804 3375 865; x_wconf 77' lang='grc' dir='ltr'><strong>τὰς</strong></span> <span class='ocrx_word' id='word_1_231' title='bbox 3421 803 3481 859; x_wconf 81' lang='grc' dir='ltr'><strong>ἐκ</strong></span> <span class='ocrx_word' id='word_1_232' title='bbox 3521 802 3627 870; x_wconf 74' lang='grc' dir='ltr'>τῆς</span> <span class='ocrx_word' id='word_1_233' title='bbox 3692 800 3797 880; x_wconf 71' lang='grc' dir='ltr'>φό-</span> 
     </span>
    </p>
   </div>
   <div class='ocr_carea' id='block_1_38' title="bbox 2145 889 3796 972">
    <p class='ocr_par' dir='ltr' id='par_1_38' title="bbox 2145 889 3796 972">
     <span class='ocr_line' id='line_1_38' title="bbox 2145 889 3796 972; baseline -0.003 -23"><span class='ocrx_word' id='word_1_234' title='bbox 2145 915 2308 957; x_wconf 89' lang='grc' dir='ltr'>σεως.</span> <span class='ocrx_word' id='word_1_235' title='bbox 2342 893 2574 969; x_wconf 81' lang='grc' dir='ltr'>”Οντως,</span> <span class='ocrx_word' id='word_1_236' title='bbox 2627 895 2764 952; x_wconf 80' lang='grc' dir='ltr'>κατὰ</span> <span class='ocrx_word' id='word_1_237' title='bbox 2805 895 2896 950; x_wconf 78' lang='grc' dir='ltr'><strong>τὸν</strong></span> <span class='ocrx_word' id='word_1_238' title='bbox 2927 895 3072 950; x_wconf 77' lang='grc' dir='ltr'>θετον</span> <span class='ocrx_word' id='word_1_239' title='bbox 3122 890 3476 972; x_wconf 80' lang='grc' dir='ltr'>’Λπόστολον,</span> <span class='ocrx_word' id='word_1_240' title='bbox 3508 894 3544 959; x_wconf 78' lang='grc' dir='ltr'><strong>ἡ</strong></span> <span class='ocrx_word' id='word_1_241' title='bbox 3574 889 3796 969; x_wconf 79' lang='grc' dir='ltr'>ἄγαμος</span> 
     </span>
    </p>
   </div>
   <div class='ocr_carea' id='block_1_39' title="bbox 2147 979 3798 1064">
    <p class='ocr_par' dir='ltr' id='par_1_39' title="bbox 2147 979 3798 1064">
     <span class='ocr_line' id='line_1_39' title="bbox 2147 979 3798 1064; baseline -0.002 -25"><span class='ocrx_word' id='word_1_242' title='bbox 2147 991 2377 1063; x_wconf 81' lang='grc' dir='ltr'><strong>μεριμνᾷ</strong></span> <span class='ocrx_word' id='word_1_243' title='bbox 2419 986 2484 1042; x_wconf 82' lang='grc' dir='ltr'><strong>τὰ</strong></span> <span class='ocrx_word' id='word_1_244' title='bbox 2529 992 2620 1043; x_wconf 82' lang='grc' dir='ltr'>τοῦ</span> <span class='ocrx_word' id='word_1_245' title='bbox 2685 986 2897 1064; x_wconf 84' lang='grc' dir='ltr'>Κυρίου,</span> <span class='ocrx_word' id='word_1_246' title='bbox 2958 983 3162 1040; x_wconf 78' lang='grc' dir='ltr'>τούτων</span> <span class='ocrx_word' id='word_1_247' title='bbox 3221 983 3468 1039; x_wconf 77' lang='grc' dir='ltr'>ἁπάντων</span> <span class='ocrx_word' id='word_1_248' title='bbox 3526 979 3798 1037; x_wconf 79' lang='grc' dir='ltr'>ἀπαλλα-</span> 
     </span>
    </p>
   </div>
   <div class='ocr_carea' id='block_1_40' title="bbox 2146 1072 3799 1155">
    <p class='ocr_par' dir='ltr' id='par_1_40' title="bbox 2146 1072 3799 1155">
     <span class='ocr_line' id='line_1_40' title="bbox 2146 1072 3799 1155; baseline -0.003 -24"><span class='ocrx_word' id='word_1_249' title='bbox 2146 1088 2330 1154; x_wconf 73' lang='grc' dir='ltr'>γεῖσα,</span> <span class='ocrx_word' id='word_1_250' title='bbox 2365 1075 2622 1155; x_wconf 73' lang='grc' dir='ltr'>ἀφθαρσίᾳ</span> <span class='ocrx_word' id='word_1_251' title='bbox 2651 1073 2704 1131; x_wconf 77' lang='grc' dir='ltr'><strong>δὲ</strong></span> <span class='ocrx_word' id='word_1_252' title='bbox 2752 1074 2890 1150; x_wconf 81' lang='grc' dir='ltr'>μόνῃ</span> <span class='ocrx_word' id='word_1_253' title='bbox 2932 1076 3438 1147; x_wconf 75' lang='grc' dir='ltr'>κατακοσμηθετσα,</span> <span class='ocrx_word' id='word_1_254' title='bbox 3487 1072 3555 1138; x_wconf 75' lang='grc' dir='ltr'>ἧς</span> <span class='ocrx_word' id='word_1_255' title='bbox 3603 1091 3799 1150; x_wconf 80' lang='grc' dir='ltr'>χορη-</span> 
     </span>
    </p>
   </div>
   <div class='ocr_carea' id='block_1_41' title="bbox 2143 1161 3798 1246">
    <p class='ocr_par' dir='ltr' id='par_1_41' title="bbox 2143 1161 3798 1246">
     <span class='ocr_line' id='line_1_41' title="bbox 2143 1161 3798 1246; baseline -0.004 -26"><span class='ocrx_word' id='word_1_256' title='bbox 2143 1165 2236 1243; x_wconf 84' lang='grc' dir='ltr'><strong>γὸς</strong></span> <span class='ocrx_word' id='word_1_257' title='bbox 2263 1167 2350 1224; x_wconf 87' lang='grc' dir='ltr'><strong>καὶ</strong></span> <span class='ocrx_word' id='word_1_258' title='bbox 2392 1166 2639 1246; x_wconf 82' lang='grc' dir='ltr'>ἀρχηγὸς</span> <span class='ocrx_word' id='word_1_259' title='bbox 2692 1166 2786 1222; x_wconf 86' lang='grc' dir='ltr'><strong>καί</strong></span> <span class='ocrx_word' id='word_1_260' title='bbox 2831 1162 3127 1230; x_wconf 72' lang='grc' dir='ltr'>τελειωτής</span> <span class='ocrx_word' id='word_1_261' title='bbox 3171 1161 3402 1242; x_wconf 75' lang='grc' dir='ltr'>Ἰησοῦς,</span> <span class='ocrx_word' id='word_1_262' title='bbox 3437 1164 3465 1218; x_wconf 82' lang='grc' dir='ltr'>ὁ</span> <span class='ocrx_word' id='word_1_263' title='bbox 3513 1162 3607 1217; x_wconf 79' lang='grc' dir='ltr'>καὶ</span> <span class='ocrx_word' id='word_1_264' title='bbox 3657 1162 3798 1235; x_wconf 68' lang='grc' dir='ltr'><strong>ὅμᾶς</strong></span> 
     </span>
    </p>
   </div>
   <div class='ocr_carea' id='block_1_42' title="bbox 2143 1250 3800 1334">
    <p class='ocr_par' dir='ltr' id='par_1_42' title="bbox 2143 1250 3800 1334">
     <span class='ocr_line' id='line_1_42' title="bbox 2143 1250 3800 1334; baseline -0.005 -23"><span class='ocrx_word' id='word_1_265' title='bbox 2143 1253 2430 1332; x_wconf 84' lang='grc' dir='ltr'>δυνάμενος</span> <span class='ocrx_word' id='word_1_266' title='bbox 2489 1260 2781 1334; x_wconf 78' lang='grc' dir='ltr'>φρουρῆσαι</span> <span class='ocrx_word' id='word_1_267' title='bbox 2840 1253 2894 1309; x_wconf 87' lang='grc' dir='ltr'><strong>ἐν</strong></span> <span class='ocrx_word' id='word_1_268' title='bbox 2962 1254 3208 1329; x_wconf 78' lang='grc' dir='ltr'>ὑπομονῇ</span> <span class='ocrx_word' id='word_1_269' title='bbox 3268 1255 3357 1308; x_wconf 88' lang='grc' dir='ltr'><strong>καὶ</strong></span> <span class='ocrx_word' id='word_1_270' title='bbox 3436 1250 3669 1317; x_wconf 77' lang='grc' dir='ltr'>αὒξῆσαι</span> <span class='ocrx_word' id='word_1_271' title='bbox 3747 1252 3800 1304; x_wconf 83' lang='grc' dir='ltr'><strong>ἐν</strong></span> 
     </span>
    </p>
   </div>
   <div class='ocr_carea' id='block_1_43' title="bbox 2144 1337 3799 1425">
    <p class='ocr_par' dir='ltr' id='par_1_43' title="bbox 2144 1337 3799 1425">
     <span class='ocr_line' id='line_1_43' title="bbox 2144 1337 3799 1425; baseline -0.002 -25"><span class='ocrx_word' id='word_1_272' title='bbox 2144 1343 2314 1403; x_wconf 76' lang='grc' dir='ltr'>ἐλπίδι</span> <span class='ocrx_word' id='word_1_273' title='bbox 2358 1350 2600 1425; x_wconf 79' lang='grc' dir='ltr'>χρηστῇ,</span> <span class='ocrx_word' id='word_1_274' title='bbox 2649 1343 2952 1400; x_wconf 80' lang='grc' dir='ltr'>Φυλάττετε</span> <span class='ocrx_word' id='word_1_275' title='bbox 3003 1345 3176 1400; x_wconf 78' lang='grc' dir='ltr'>τοίνυν</span> <span class='ocrx_word' id='word_1_276' title='bbox 3211 1342 3398 1404; x_wconf 75' lang='grc' dir='ltr'>ἑαυτὰς</span> <span class='ocrx_word' id='word_1_277' title='bbox 3429 1340 3485 1396; x_wconf 87' lang='grc' dir='ltr'><strong>ἐν</strong></span> <span class='ocrx_word' id='word_1_278' title='bbox 3514 1347 3586 1417; x_wconf 77' lang='grc' dir='ltr'>τῇ</span> <span class='ocrx_word' id='word_1_279' title='bbox 3649 1337 3799 1408; x_wconf 65' lang='grc' dir='ltr'>γλή-</span> 
     </span>
    </p>
   </div>
   <div class='ocr_carea' id='block_1_44' title="bbox 2145 1430 3800 1512">
    <p class='ocr_par' dir='ltr' id='par_1_44' title="bbox 2145 1430 3800 1512">
     <span class='ocr_line' id='line_1_44' title="bbox 2145 1430 3800 1512; baseline -0.003 -23"><span class='ocrx_word' id='word_1_280' title='bbox 2145 1455 2250 1510; x_wconf 88' lang='grc' dir='ltr'>σει,</span> <span class='ocrx_word' id='word_1_281' title='bbox 2296 1435 2332 1512; x_wconf 72' lang='grc' dir='ltr'>ᾗ</span> <span class='ocrx_word' id='word_1_282' title='bbox 2385 1433 2673 1506; x_wconf 80' lang='grc' dir='ltr'><strong>ἐκλήθητε,</strong></span> <span class='ocrx_word' id='word_1_283' title='bbox 2738 1432 3029 1512; x_wconf 73' lang='grc' dir='ltr'>παρθένους</span> <span class='ocrx_word' id='word_1_284' title='bbox 3087 1431 3251 1510; x_wconf 71' lang='grc' dir='ltr'>ἁγνᾶς</span> <span class='ocrx_word' id='word_1_285' title='bbox 3307 1430 3660 1508; x_wconf 77' lang='grc' dir='ltr'>παραστῆσαι</span> <span class='ocrx_word' id='word_1_286' title='bbox 3724 1434 3800 1501; x_wconf 84' lang='grc' dir='ltr'><strong>τῷ</strong></span> 
     </span>
    </p>
   </div>
   <div class='ocr_carea' id='block_1_45' title="bbox 2147 1519 3796 1604">
    <p class='ocr_par' dir='ltr' id='par_1_45' title="bbox 2147 1519 3796 1604">
     <span class='ocr_line' id='line_1_45' title="bbox 2147 1519 3796 1604; baseline -0.005 -24"><span class='ocrx_word' id='word_1_287' title='bbox 2147 1531 2381 1604; x_wconf 79' lang='grc' dir='ltr'>Χριστῷ,</span> <span class='ocrx_word' id='word_1_288' title='bbox 2447 1521 2542 1579; x_wconf 70' lang='grc' dir='ltr'><strong>ἵνα</strong></span> <span class='ocrx_word' id='word_1_289' title='bbox 2612 1523 2701 1580; x_wconf 81' lang='grc' dir='ltr'><strong>καὶ</strong></span> <span class='ocrx_word' id='word_1_290' title='bbox 2749 1529 2856 1578; x_wconf 81' lang='grc' dir='ltr'><strong>τῶν</strong></span> <span class='ocrx_word' id='word_1_291' title='bbox 2915 1522 3141 1578; x_wconf 79' lang='grc' dir='ltr'>αἰωνίων</span> <span class='ocrx_word' id='word_1_292' title='bbox 3201 1521 3412 1599; x_wconf 70' lang='grc' dir='ltr'>ἀγαθῶν</span> <span class='ocrx_word' id='word_1_293' title='bbox 3495 1519 3796 1595; x_wconf 70' lang='grc' dir='ltr'>ἆξιωθῆτε,</span> 
     </span>
    </p>
   </div>
   <div class='ocr_carea' id='block_1_46' title="bbox 2145 1606 3799 1692">
    <p class='ocr_par' dir='ltr' id='par_1_46' title="bbox 2145 1606 3799 1692">
     <span class='ocr_line' id='line_1_46' title="bbox 2145 1606 3799 1692; baseline -0.005 -23"><span class='ocrx_word' id='word_1_294' title='bbox 2145 1613 2330 1692; x_wconf 84' lang='grc' dir='ltr'>χάριτι</span> <span class='ocrx_word' id='word_1_295' title='bbox 2361 1620 2453 1671; x_wconf 81' lang='grc' dir='ltr'>τοῦ</span> <span class='ocrx_word' id='word_1_296' title='bbox 2483 1611 2806 1678; x_wconf 77' lang='grc' dir='ltr'>γαλέσαντος</span> <span class='ocrx_word' id='word_1_297' title='bbox 2841 1613 2976 1688; x_wconf 75' lang='grc' dir='ltr'>ὒμᾷς</span> <span class='ocrx_word' id='word_1_298' title='bbox 3016 1612 3089 1676; x_wconf 75' lang='grc' dir='ltr'>εἷς</span> <span class='ocrx_word' id='word_1_299' title='bbox 3145 1611 3244 1678; x_wconf 63' lang='grc' dir='ltr'>τὴν</span> <span class='ocrx_word' id='word_1_300' title='bbox 3295 1610 3480 1666; x_wconf 69' lang='grc' dir='ltr'>ἑαυτοῦ</span> <span class='ocrx_word' id='word_1_301' title='bbox 3509 1606 3799 1686; x_wconf 78' lang='grc' dir='ltr'>βασιλείαν</span> 
     </span>
    </p>
   </div>
   <div class='ocr_carea' id='block_1_47' title="bbox 2146 1701 2450 1769">
    <p class='ocr_par' dir='ltr' id='par_1_47' title="bbox 2146 1701 2450 1769">
     <span class='ocr_line' id='line_1_47' title="bbox 2146 1701 2450 1769; baseline 0 -10"><span class='ocrx_word' id='word_1_302' title='bbox 2146 1703 2240 1759; x_wconf 78' lang='grc' dir='ltr'><strong>καί</strong></span> <span class='ocrx_word' id='word_1_303' title='bbox 2274 1701 2450 1769; x_wconf 79' lang='grc' dir='ltr'>δόξαν.</span> 
     </span>
    </p>
   </div>
   <div class='ocr_carea' id='block_1_48' title="bbox 2228 1783 3800 1868">
    <p class='ocr_par' dir='ltr' id='par_1_48' title="bbox 2228 1783 3800 1868">
     <span class='ocr_line' id='line_1_48' title="bbox 2228 1783 3800 1868; baseline -0.005 -18"><span class='ocrx_word' id='word_1_304' title='bbox 2228 1791 2372 1852; x_wconf 82' lang='grc' dir='ltr'><strong>ΞΕ¹.</strong></span> <span class='ocrx_word' id='word_1_305' title='bbox 2406 1783 2497 1857; x_wconf 64' lang='grc' dir='ltr'>Ὠς</span> <span class='ocrx_word' id='word_1_306' title='bbox 2529 1793 2616 1849; x_wconf 76' lang='grc' dir='ltr'>οὖν</span> <span class='ocrx_word' id='word_1_307' title='bbox 2649 1790 2916 1848; x_wconf 83' lang='grc' dir='ltr'>ἐπαύσατο</span> <span class='ocrx_word' id='word_1_308' title='bbox 2963 1793 3064 1858; x_wconf 78' lang='grc' dir='ltr'>τῆς</span> <span class='ocrx_word' id='word_1_309' title='bbox 3119 1789 3484 1868; x_wconf 67' lang='grc' dir='ltr'>παραινέσεως</span> <span class='ocrx_word' id='word_1_310' title='bbox 3529 1788 3557 1844; x_wconf 80' lang='grc' dir='ltr'>ὁ</span> <span class='ocrx_word' id='word_1_311' title='bbox 3606 1809 3800 1863; x_wconf 82' lang='grc' dir='ltr'>μακα-</span> 
     </span>
    </p>
   </div>
   <div class='ocr_carea' id='block_1_49' title="bbox 2149 1879 3796 1963">
    <p class='ocr_par' dir='ltr' id='par_1_49' title="bbox 2149 1879 3796 1963">
     <span class='ocr_line' id='line_1_49' title="bbox 2149 1879 3796 1963; baseline -0.005 -23"><span class='ocrx_word' id='word_1_312' title='bbox 2149 1906 2260 1963; x_wconf 86' lang='grc' dir='ltr'>ριος</span> <span class='ocrx_word' id='word_1_313' title='bbox 2304 1883 2391 1939; x_wconf 81' lang='grc' dir='ltr'><strong>καὶ</strong></span> <span class='ocrx_word' id='word_1_314' title='bbox 2451 1879 2804 1956; x_wconf 65' lang='grc' dir='ltr'>ἐπευξάμενος</span> <span class='ocrx_word' id='word_1_315' title='bbox 2873 1883 2950 1955; x_wconf 78' lang='grc' dir='ltr'>τῷ</span> <span class='ocrx_word' id='word_1_316' title='bbox 3009 1885 3224 1957; x_wconf 80' lang='grc' dir='ltr'>Χριστῷ</span> <span class='ocrx_word' id='word_1_317' title='bbox 3283 1879 3441 1939; x_wconf 55' lang='lat' dir='ltr'><strong>«ora;</strong></span> <span class='ocrx_word' id='word_1_318' title='bbox 3501 1880 3796 1954; x_wconf 70' lang='grc' dir='ltr'>παρέθετο,</span> 
     </span>
    </p>
   </div>
   <div class='ocr_carea' id='block_1_50' title="bbox 2148 1965 3796 2046">
    <p class='ocr_par' dir='ltr' id='par_1_50' title="bbox 2148 1965 3796 2046">
     <span class='ocr_line' id='line_1_50' title="bbox 2148 1965 3796 2046; baseline -0.005 -17"><span class='ocrx_word' id='word_1_319' title='bbox 2148 1980 2280 2029; x_wconf 82' lang='grc' dir='ltr'>πᾶσι</span> <span class='ocrx_word' id='word_1_320' title='bbox 2323 1970 2574 2034; x_wconf 71' lang='grc' dir='ltr'>κελεύσας</span> <span class='ocrx_word' id='word_1_321' title='bbox 2626 1973 2699 2034; x_wconf 73' lang='grc' dir='ltr'>εἷς</span> <span class='ocrx_word' id='word_1_322' title='bbox 2753 1968 2909 2037; x_wconf 70' lang='grc' dir='ltr'>λιτὴν</span> <span class='ocrx_word' id='word_1_323' title='bbox 2953 1976 3228 2046; x_wconf 72' lang='grc' dir='ltr'>παρεῖναι,</span> <span class='ocrx_word' id='word_1_324' title='bbox 3272 1966 3484 2032; x_wconf 78' lang='grc' dir='ltr'>σύναξιν</span> <span class='ocrx_word' id='word_1_325' title='bbox 3545 1965 3796 2022; x_wconf 73' lang='grc' dir='ltr'>ἐπετέλει</span> 
     </span>
    </p>
   </div>
   <div class='ocr_carea' id='block_1_51' title="bbox 2146 2057 3796 2140">
    <p class='ocr_par' dir='ltr' id='par_1_51' title="bbox 2146 2057 3796 2140">
     <span class='ocr_line' id='line_1_51' title="bbox 2146 2057 3796 2140; baseline -0.005 -23"><span class='ocrx_word' id='word_1_326' title='bbox 2146 2065 2214 2138; x_wconf 81' lang='grc' dir='ltr'><strong>τῇ</strong></span> <span class='ocrx_word' id='word_1_327' title='bbox 2257 2060 2403 2140; x_wconf 78' lang='grc' dir='ltr'>ἐξῆς,</span> <span class='ocrx_word' id='word_1_328' title='bbox 2460 2060 2526 2116; x_wconf 77' lang='grc' dir='ltr'>τὰ</span> <span class='ocrx_word' id='word_1_329' title='bbox 2569 2058 2716 2136; x_wconf 78' lang='grc' dir='ltr'>πέριξ</span> <span class='ocrx_word' id='word_1_330' title='bbox 2773 2063 2894 2123; x_wconf 85' lang='grc' dir='ltr'>τοῖς</span> <span class='ocrx_word' id='word_1_331' title='bbox 2951 2057 3135 2132; x_wconf 74' lang='grc' dir='ltr'>ὕμνοις</span> <span class='ocrx_word' id='word_1_332' title='bbox 3194 2057 3457 2134; x_wconf 77' lang='grc' dir='ltr'>ἁγιάζων.</span> <span class='ocrx_word' id='word_1_333' title='bbox 3522 2058 3625 2118; x_wconf 78' lang='grc' dir='ltr'>Ὧς</span> <span class='ocrx_word' id='word_1_334' title='bbox 3705 2057 3796 2112; x_wconf 71' lang='grc' dir='ltr'>οὖν</span> 
     </span>
    </p>
   </div>
   <div class='ocr_carea' id='block_1_52' title="bbox 2147 2145 3794 2226">
    <p class='ocr_par' dir='ltr' id='par_1_52' title="bbox 2147 2145 3794 2226">
     <span class='ocr_line' id='line_1_52' title="bbox 2147 2145 3794 2226; baseline -0.005 -18"><span class='ocrx_word' id='word_1_335' title='bbox 2147 2150 2392 2218; x_wconf 76' lang='grc' dir='ltr'>ἐληλύθει</span> <span class='ocrx_word' id='word_1_336' title='bbox 2433 2152 2487 2207; x_wconf 76' lang='grc' dir='ltr'>ἒν</span> <span class='ocrx_word' id='word_1_337' title='bbox 2518 2157 2594 2225; x_wconf 82' lang='grc' dir='ltr'>τῷ</span> <span class='ocrx_word' id='word_1_338' title='bbox 2623 2148 2926 2224; x_wconf 81' lang='grc' dir='ltr'>κτιζομένῳ</span> <span class='ocrx_word' id='word_1_339' title='bbox 2981 2148 3326 2226; x_wconf 82' lang='grc' dir='ltr'>ἆσκητηρίῳ,</span> <span class='ocrx_word' id='word_1_340' title='bbox 3379 2146 3553 2226; x_wconf 67' lang='grc' dir='ltr'>εὐχὴν</span> <span class='ocrx_word' id='word_1_341' title='bbox 3600 2145 3794 2212; x_wconf 78' lang='grc' dir='ltr'>ἐκτὲνῆ</span> 
     </span>
    </p>
   </div>
   <div class='ocr_carea' id='block_1_53' title="bbox 2146 2236 3786 2316">
    <p class='ocr_par' dir='ltr' id='par_1_53' title="bbox 2146 2236 3786 2316">
     <span class='ocr_line' id='line_1_53' title="bbox 2146 2236 3786 2316; baseline -0.005 -18"><span class='ocrx_word' id='word_1_342' title='bbox 2146 2242 2236 2298; x_wconf 79' lang='grc' dir='ltr'>σὺν</span> <span class='ocrx_word' id='word_1_343' title='bbox 2280 2249 2357 2316; x_wconf 80' lang='grc' dir='ltr'>τῷ</span> <span class='ocrx_word' id='word_1_344' title='bbox 2414 2239 2662 2316; x_wconf 79' lang='grc' dir='ltr'>ἑπομένῳ</span> <span class='ocrx_word' id='word_1_345' title='bbox 2715 2237 2908 2308; x_wconf 80' lang='grc' dir='ltr'>πλήθει</span> <span class='ocrx_word' id='word_1_346' title='bbox 2967 2238 3356 2312; x_wconf 79' lang='grc' dir='ltr'>ποιησάμενος,</span> <span class='ocrx_word' id='word_1_347' title='bbox 3413 2236 3546 2291; x_wconf 78' lang='grc' dir='ltr'>ἀνίει</span> <span class='ocrx_word' id='word_1_348' title='bbox 3600 2238 3652 2291; x_wconf 73' lang='grc' dir='ltr'><strong>ἐν</strong></span> <span class='ocrx_word' id='word_1_349' title='bbox 3707 2241 3786 2306; x_wconf 84' lang='grc' dir='ltr'><strong>τῷ</strong></span> 
     </span>
    </p>
   </div>
   <div class='ocr_carea' id='block_1_54' title="bbox 2146 2322 3788 2411">
    <p class='ocr_par' dir='ltr' id='par_1_54' title="bbox 2146 2322 3788 2411">
     <span class='ocr_line' id='line_1_54' title="bbox 2146 2322 3788 2411; baseline -0.004 -24"><span class='ocrx_word' id='word_1_350' title='bbox 2146 2331 2277 2411; x_wconf 78' lang='grc' dir='ltr'>ὄρει,</span> <span class='ocrx_word' id='word_1_351' title='bbox 2313 2331 2446 2406; x_wconf 82' lang='grc' dir='ltr'>μετᾶ</span> <span class='ocrx_word' id='word_1_352' title='bbox 2488 2343 2634 2408; x_wconf 76' lang='grc' dir='ltr'>τρεῖς</span> <span class='ocrx_word' id='word_1_353' title='bbox 2695 2329 2792 2404; x_wconf 81' lang='grc' dir='ltr'>μὲν</span> <span class='ocrx_word' id='word_1_354' title='bbox 2837 2327 3046 2407; x_wconf 81' lang='grc' dir='ltr'>ἡμέρας</span> <span class='ocrx_word' id='word_1_355' title='bbox 3103 2326 3472 2406; x_wconf 64' lang='grc' dir='ltr'>ἀρρωστήσας,</span> <span class='ocrx_word' id='word_1_356' title='bbox 3536 2325 3675 2401; x_wconf 83' lang='grc' dir='ltr'>μετά</span> <span class='ocrx_word' id='word_1_357' title='bbox 3729 2322 3788 2380; x_wconf 75' lang='grc' dir='ltr'><strong>δὲ</strong></span> 
     </span>
    </p>
   </div>
   <div class='ocr_carea' id='block_1_55' title="bbox 2145 2418 2840 2490">
    <p class='ocr_par' dir='ltr' id='par_1_55' title="bbox 2145 2418 2840 2490">
     <span class='ocr_line' id='line_1_55' title="bbox 2145 2418 2840 2490; baseline 0 -12"><span class='ocrx_word' id='word_1_358' title='bbox 2145 2421 2271 2478; x_wconf 82' lang='grc' dir='ltr'>δέκα</span> <span class='ocrx_word' id='word_1_359' title='bbox 2301 2418 2467 2484; x_wconf 72' lang='grc' dir='ltr'>ἄλλας</span> <span class='ocrx_word' id='word_1_360' title='bbox 2497 2420 2840 2490; x_wconf 82' lang='grc' dir='ltr'>τελευτήσας.</span> 
     </span>
    </p>
   </div>
   <div class='ocr_carea' id='block_1_56' title="bbox 2147 553 2327 592">
    <p class='ocr_par' dir='ltr' id='par_1_56' title="bbox 2147 553 2327 592">
     <span class='ocr_line' id='line_1_56' title="bbox 2147 553 2327 592; baseline 0 -1"><span class='ocrx_word' id='word_1_361' title='bbox 2147 557 2278 592; x_wconf 89' lang='grc' dir='ltr'>σωσι</span> <span class='ocrx_word' id='word_1_362' title='bbox 2314 553 2327 592; x_wconf 70' lang='grc' dir='ltr'>ἶ</span> 
     </span>
    </p>
   </div>
   <div class='ocr_carea' id='block_1_57' title="bbox 2220 2595 3787 2678">
    <p class='ocr_par' dir='ltr' id='par_1_57' title="bbox 2220 2595 3787 2678">
     <span class='ocr_line' id='line_1_57' title="bbox 2220 2595 3787 2678; baseline 0.022 -57"><span class='ocrx_word' id='word_1_363' title='bbox 2220 2600 2375 2676; x_wconf 54' lang='lat' dir='ltr'><strong>agr.</strong></span> <span class='ocrx_word' id='word_1_364' title='bbox 2427 2599 2696 2678; x_wconf 57' lang='grc' dir='ltr'><strong>Συναχθὲν</strong></span> <span class='ocrx_word' id='word_1_365' title='bbox 2731 2598 2822 2656; x_wconf 68' lang='grc' dir='ltr'><strong>οὖν</strong></span> <span class='ocrx_word' id='word_1_366' title='bbox 2881 2597 3086 2666; x_wconf 70' lang='grc' dir='ltr'>πλῆθος</span> <span class='ocrx_word' id='word_1_367' title='bbox 3140 2597 3387 2665; x_wconf 78' lang='grc' dir='ltr'>ἆξιοθέων</span> <span class='ocrx_word' id='word_1_368' title='bbox 3445 2595 3653 2674; x_wconf 71' lang='grc' dir='ltr'>ἀνδρῶν</span> <span class='ocrx_word' id='word_1_369' title='bbox 3697 2601 3787 2655; x_wconf 81' lang='grc' dir='ltr'><strong>καὶ</strong></span> 
     </span>
    </p>
   </div>
   <div class='ocr_carea' id='block_1_58' title="bbox 2144 2685 3788 2766">
    <p class='ocr_par' dir='ltr' id='par_1_58' title="bbox 2144 2685 3788 2766">
     <span class='ocr_line' id='line_1_58' title="bbox 2144 2685 3788 2766; baseline -0.001 -19"><span class='ocrx_word' id='word_1_370' title='bbox 2144 2690 2375 2747; x_wconf 71' lang='grc' dir='ltr'>εὗλαϐὦν</span> <span class='ocrx_word' id='word_1_371' title='bbox 2435 2698 2527 2747; x_wconf 77' lang='grc' dir='ltr'>τοῦ</span> <span class='ocrx_word' id='word_1_372' title='bbox 2583 2711 2638 2746; x_wconf 88' lang='grc' dir='ltr'><strong>τε</strong></span> <span class='ocrx_word' id='word_1_373' title='bbox 2679 2688 2878 2766; x_wconf 84' lang='grc' dir='ltr'>κλήρου</span> <span class='ocrx_word' id='word_1_374' title='bbox 2923 2692 3009 2745; x_wconf 80' lang='grc' dir='ltr'><strong>καὶ</strong></span> <span class='ocrx_word' id='word_1_375' title='bbox 3053 2695 3160 2745; x_wconf 83' lang='grc' dir='ltr'><strong>τῶν</strong></span> <span class='ocrx_word' id='word_1_376' title='bbox 3216 2685 3361 2765; x_wconf 77' lang='grc' dir='ltr'>πέριξ</span> <span class='ocrx_word' id='word_1_377' title='bbox 3409 2692 3788 2766; x_wconf 69' lang='grc' dir='ltr'>μεναστηρίων</span> 
     </span>
    </p>
   </div>
   <div class='ocr_carea' id='block_1_59' title="bbox 2142 2776 3786 2855">
    <p class='ocr_par' dir='ltr' id='par_1_59' title="bbox 2142 2776 3786 2855">
     <span class='ocr_line' id='line_1_59' title="bbox 2142 2776 3786 2855; baseline -0.002 -20"><span class='ocrx_word' id='word_1_378' title='bbox 2142 2782 2232 2836; x_wconf 78' lang='grc' dir='ltr'><strong>σὺν</strong></span> <span class='ocrx_word' id='word_1_379' title='bbox 2284 2793 2402 2844; x_wconf 70' lang='grc' dir='ltr'>τοῖς</span> <span class='ocrx_word' id='word_1_380' title='bbox 2463 2777 2893 2855; x_wconf 71' lang='grc' dir='ltr'>σπουδαιοτέροις</span> <span class='ocrx_word' id='word_1_381' title='bbox 2973 2783 3079 2834; x_wconf 83' lang='grc' dir='ltr'><strong>τῶν</strong></span> <span class='ocrx_word' id='word_1_382' title='bbox 3155 2783 3428 2850; x_wconf 83' lang='grc' dir='ltr'>κοσμικῶν</span> <span class='ocrx_word' id='word_1_383' title='bbox 3491 2776 3786 2846; x_wconf 72' lang='grc' dir='ltr'>ἐκήδευσαν</span> 
     </span>
    </p>
   </div>
   <div class='ocr_carea' id='block_1_60' title="bbox 2142 2865 3783 2947">
    <p class='ocr_par' dir='ltr' id='par_1_60' title="bbox 2142 2865 3783 2947">
     <span class='ocr_line' id='line_1_60' title="bbox 2142 2865 3783 2947; baseline -0.001 -22"><span class='ocrx_word' id='word_1_384' title='bbox 2142 2871 2298 2928; x_wconf 75' lang='grc' dir='ltr'>αὒτὸν</span> <span class='ocrx_word' id='word_1_385' title='bbox 2329 2875 2396 2945; x_wconf 74' lang='grc' dir='ltr'><strong>τῇ</strong></span> <span class='ocrx_word' id='word_1_386' title='bbox 2441 2866 2989 2947; x_wconf 76' lang='grc' dir='ltr'>τεσσαρεσκαιδεκάτῃ</span> <span class='ocrx_word' id='word_1_387' title='bbox 3023 2875 3114 2924; x_wconf 82' lang='grc' dir='ltr'><strong>τοῦ</strong></span> <span class='ocrx_word' id='word_1_388' title='bbox 3159 2865 3515 2945; x_wconf 75' lang='grc' dir='ltr'>Φεϐρουαρίου</span> <span class='ocrx_word' id='word_1_389' title='bbox 3555 2869 3732 2941; x_wconf 82' lang='grc' dir='ltr'>μηνός</span> <span class='ocrx_word' id='word_1_390' title='bbox 3766 2888 3783 2904; x_wconf 78' lang='grc' dir='ltr'><strong><em>ο</em></strong></span> 
     </span>
    </p>
   </div>
   <div class='ocr_carea' id='block_1_61' title="bbox 2141 2956 3786 3034">
    <p class='ocr_par' dir='ltr' id='par_1_61' title="bbox 2141 2956 3786 3034">
     <span class='ocr_line' id='line_1_61' title="bbox 2141 2956 3786 3034; baseline -0.001 -20"><span class='ocrx_word' id='word_1_391' title='bbox 2141 2963 2296 3015; x_wconf 82' lang='grc' dir='ltr'>τινῶν</span> <span class='ocrx_word' id='word_1_392' title='bbox 2356 2958 2454 3033; x_wconf 70' lang='grc' dir='ltr'>μὲν</span> <span class='ocrx_word' id='word_1_393' title='bbox 2511 2964 2600 3014; x_wconf 81' lang='grc' dir='ltr'>οὖν</span> <span class='ocrx_word' id='word_1_394' title='bbox 2653 2956 2995 3034; x_wconf 76' lang='grc' dir='ltr'>βουλομένων</span> <span class='ocrx_word' id='word_1_395' title='bbox 3025 2959 3115 3012; x_wconf 85' lang='grc' dir='ltr'><strong>καὶ</strong></span> <span class='ocrx_word' id='word_1_396' title='bbox 3144 2956 3381 3031; x_wconf 74' lang='grc' dir='ltr'>μάλιστα</span> <span class='ocrx_word' id='word_1_397' title='bbox 3411 2962 3518 3012; x_wconf 84' lang='grc' dir='ltr'><strong>τῶν</strong></span> <span class='ocrx_word' id='word_1_398' title='bbox 3550 2956 3662 3013; x_wconf 72' lang='grc' dir='ltr'>ἀπὸ</span> <span class='ocrx_word' id='word_1_399' title='bbox 3696 2960 3786 3013; x_wconf 62' lang='grc' dir='ltr'><strong>τοῦ</strong></span> 
     </span>
    </p>
   </div>
   <div class='ocr_carea' id='block_1_62' title="bbox 413 3037 2059 3140">
    <p class='ocr_par' dir='ltr' id='par_1_62' title="bbox 413 3037 2055 3132">
     <span class='ocr_line' id='line_1_62' title="bbox 413 3037 2055 3132; baseline -0.002 -20"><span class='ocrx_word' id='word_1_400' title='bbox 413 3051 664 3114; x_wconf 79' lang='lat' dir='ltr'><strong>ximeiis</strong></span> <span class='ocrx_word' id='word_1_401' title='bbox 689 3037 789 3132; x_wconf 84' lang='lat' dir='ltr'><strong>qui</strong></span> <span class='ocrx_word' id='word_1_402' title='bbox 815 3060 984 3112; x_wconf 87' lang='lat' dir='ltr'><strong>erant</strong></span> <span class='ocrx_word' id='word_1_403' title='bbox 1010 3069 1076 3112; x_wconf 83' lang='lat' dir='ltr'><strong>ex</strong></span> <span class='ocrx_word' id='word_1_404' title='bbox 1108 3037 1469 3112; x_wconf 70' lang='lat' dir='ltr'><strong>monasterio</strong></span> <span class='ocrx_word' id='word_1_405' title='bbox 1503 3037 2055 3128; x_wconf 76' lang='lat' dir='ltr'><strong>beatissimiHypa-</strong></span> 
     </span>
    </p>
   </div>
   <div class='ocr_carea' id='block_1_63' title="bbox 2149 3037 3778 3140">
    <p class='ocr_par' dir='ltr' id='par_1_63' title="bbox 2149 3037 3778 3124">
     <span class='ocr_line' id='line_1_63' title="bbox 2149 3037 3778 3124; baseline -0.002 -20"><span class='ocrx_word' id='word_1_406' title='bbox 2149 3049 2502 3124; x_wconf 73' lang='grc' dir='ltr'>μοναστηρίου</span> <span class='ocrx_word' id='word_1_407' title='bbox 2549 3049 2641 3103; x_wconf 77' lang='grc' dir='ltr'>τοῦ</span> <span class='ocrx_word' id='word_1_408' title='bbox 2707 3046 2964 3121; x_wconf 78' lang='grc' dir='ltr'>μακαρίου</span> <span class='ocrx_word' id='word_1_409' title='bbox 3033 3037 3307 3120; x_wconf 65' lang='grc' dir='ltr'>Ὑπατίου,</span> <span class='ocrx_word' id='word_1_410' title='bbox 3362 3048 3418 3101; x_wconf 67' lang='grc' dir='ltr'>ἓν</span> <span class='ocrx_word' id='word_1_411' title='bbox 3480 3049 3524 3119; x_wconf 83' lang='grc' dir='ltr'>ᾧ</span> <span class='ocrx_word' id='word_1_412' title='bbox 3564 3048 3651 3102; x_wconf 75' lang='grc' dir='ltr'>καὶ</span> <span class='ocrx_word' id='word_1_413' title='bbox 3697 3045 3778 3101; x_wconf 73' lang='grc' dir='ltr'><strong>δι-</strong></span> 
     </span>
    </p>
   </div>
   <div class='ocr_carea' id='block_1_64' title="bbox 413 3139 2060 3222">
    <p class='ocr_par' dir='ltr' id='par_1_64' title="bbox 413 3139 2060 3222">
     <span class='ocr_line' id='line_1_64' title="bbox 413 3139 2060 3222; baseline -0.002 -21"><span class='ocrx_word' id='word_1_414' title='bbox 413 3140 501 3216; x_wconf 92' lang='lat' dir='ltr'><strong>tii,</strong></span> <span class='ocrx_word' id='word_1_415' title='bbox 537 3143 599 3202; x_wconf 90' lang='lat' dir='ltr'><strong>in</strong></span> <span class='ocrx_word' id='word_1_416' title='bbox 621 3161 735 3222; x_wconf 91' lang='lat' dir='ltr'><strong>quo</strong></span> <span class='ocrx_word' id='word_1_417' title='bbox 761 3148 1026 3202; x_wconf 86' lang='lat' dir='ltr'><strong>versatus</strong></span> <span class='ocrx_word' id='word_1_418' title='bbox 1051 3147 1160 3215; x_wconf 86' lang='lat' dir='ltr'><strong>est,</strong></span> <span class='ocrx_word' id='word_1_419' title='bbox 1200 3159 1332 3200; x_wconf 89' lang='lat' dir='ltr'><strong>cum</strong></span> <span class='ocrx_word' id='word_1_420' title='bbox 1369 3139 1777 3201; x_wconf 84' lang='lat' dir='ltr'><strong>descendisset</strong></span> <span class='ocrx_word' id='word_1_421' title='bbox 1815 3149 2060 3218; x_wconf 86' lang='lat' dir='ltr'><strong>propter</strong></span> 
     </span>
    </p>
   </div>
   <div class='ocr_carea' id='block_1_65' title="bbox 415 3227 2060 3310">
    <p class='ocr_par' dir='ltr' id='par_1_65' title="bbox 415 3227 2060 3310">
     <span class='ocr_line' id='line_1_65' title="bbox 415 3227 2060 3310; baseline -0.003 -20"><span class='ocrx_word' id='word_1_422' title='bbox 415 3230 1040 3310; x_wconf 82' lang='lat' dir='ltr'><strong>synodum,pretiosas</strong></span> <span class='ocrx_word' id='word_1_423' title='bbox 1062 3231 1192 3308; x_wconf 83' lang='lat' dir='ltr'><strong>ejus</strong></span> <span class='ocrx_word' id='word_1_424' title='bbox 1209 3229 1495 3310; x_wconf 81' lang='lat' dir='ltr'><strong>reliquias</strong></span> <span class='ocrx_word' id='word_1_425' title='bbox 1512 3227 1890 3307; x_wconf 82' lang='lat' dir='ltr'><strong>deponercin</strong></span> <span class='ocrx_word' id='word_1_426' title='bbox 1913 3236 2060 3287; x_wconf 88' lang='lat' dir='ltr'><strong>tem-</strong></span> 
     </span>
    </p>
   </div>
   <div class='ocr_carea' id='block_1_66' title="bbox 413 3315 2058 3396">
    <p class='ocr_par' dir='ltr' id='par_1_66' title="bbox 413 3315 2058 3396">
     <span class='ocr_line' id='line_1_66' title="bbox 413 3315 2058 3396; baseline -0.001 -19"><span class='ocrx_word' id='word_1_427' title='bbox 413 3318 516 3396; x_wconf 88' lang='lat' dir='ltr'><strong>plo</strong></span> <span class='ocrx_word' id='word_1_428' title='bbox 542 3316 896 3378; x_wconf 90' lang='lat' dir='ltr'><strong>Sanctorum</strong></span> <span class='ocrx_word' id='word_1_429' title='bbox 924 3315 1738 3396; x_wconf 75' lang='lat' dir='ltr'><strong>Apostolorum,quibusdam</strong></span> <span class='ocrx_word' id='word_1_430' title='bbox 1771 3328 1970 3377; x_wconf 85' lang='lat' dir='ltr'><strong>autem</strong></span> <span class='ocrx_word' id='word_1_431' title='bbox 1998 3315 2058 3375; x_wconf 92' lang='lat' dir='ltr'><strong>in</strong></span> 
     </span>
    </p>
   </div>
   <div class='ocr_carea' id='block_1_67' title="bbox 412 3403 2056 3486">
    <p class='ocr_par' dir='ltr' id='par_1_67' title="bbox 412 3403 2056 3486">
     <span class='ocr_line' id='line_1_67' title="bbox 412 3403 2056 3486; baseline 0 -22"><span class='ocrx_word' id='word_1_432' title='bbox 412 3405 636 3484; x_wconf 90' lang='lat' dir='ltr'><strong>templo</strong></span> <span class='ocrx_word' id='word_1_433' title='bbox 668 3407 731 3468; x_wconf 93' lang='lat' dir='ltr'><strong>S.</strong></span> <span class='ocrx_word' id='word_1_434' title='bbox 767 3405 1260 3486; x_wconf 69' lang='lat' dir='ltr'><strong>Zachariaa,quod</strong></span> <span class='ocrx_word' id='word_1_435' title='bbox 1290 3412 1378 3467; x_wconf 82' lang='lat' dir='ltr'><strong>est</strong></span> <span class='ocrx_word' id='word_1_436' title='bbox 1401 3404 1630 3484; x_wconf 87' lang='lat' dir='ltr'><strong>aliquot</strong></span> <span class='ocrx_word' id='word_1_437' title='bbox 1656 3404 1948 3466; x_wconf 87' lang='lat' dir='ltr'><strong>milliariis</strong></span> <span class='ocrx_word' id='word_1_438' title='bbox 1978 3403 2056 3464; x_wconf 87' lang='lat' dir='ltr'><strong>il-</strong></span> 
     </span>
    </p>
   </div>
   <div class='ocr_carea' id='block_1_68' title="bbox 414 3493 2056 3574">
    <p class='ocr_par' dir='ltr' id='par_1_68' title="bbox 414 3493 2056 3574">
     <span class='ocr_line' id='line_1_68' title="bbox 414 3493 2056 3574; baseline 0.001 -19"><span class='ocrx_word' id='word_1_439' title='bbox 414 3493 536 3555; x_wconf 90' lang='lat' dir='ltr'><strong>linc</strong></span> <span class='ocrx_word' id='word_1_440' title='bbox 557 3493 737 3555; x_wconf 91' lang='lat' dir='ltr'><strong>situm</strong></span> <span class='ocrx_word' id='word_1_441' title='bbox 763 3495 818 3555; x_wconf 90' lang='lat' dir='ltr'><strong>in</strong></span> <span class='ocrx_word' id='word_1_442' title='bbox 847 3494 1076 3574; x_wconf 84' lang='lat' dir='ltr'><strong>praedio</strong></span> <span class='ocrx_word' id='word_1_443' title='bbox 1103 3493 1264 3570; x_wconf 92' lang='lat' dir='ltr'><strong>quod</strong></span> <span class='ocrx_word' id='word_1_444' title='bbox 1289 3494 1513 3557; x_wconf 85' lang='lat' dir='ltr'><strong>dicitur</strong></span> <span class='ocrx_word' id='word_1_445' title='bbox 1533 3495 1880 3557; x_wconf 80' lang='lat' dir='ltr'><strong>Theatrum.</strong></span> <span class='ocrx_word' id='word_1_446' title='bbox 1912 3493 2056 3566; x_wconf 85' lang='lat' dir='ltr'><strong>Quae</strong></span> 
     </span>
    </p>
   </div>
   <div class='ocr_carea' id='block_1_69' title="bbox 413 3581 2048 3665">
    <p class='ocr_par' dir='ltr' id='par_1_69' title="bbox 413 3581 2048 3665">
     <span class='ocr_line' id='line_1_69' title="bbox 413 3581 2048 3665; baseline 0.001 -21"><span class='ocrx_word' id='word_1_447' title='bbox 413 3581 486 3644; x_wconf 88' lang='lat' dir='ltr'><strong>ab</strong></span> <span class='ocrx_word' id='word_1_448' title='bbox 512 3603 582 3645; x_wconf 92' lang='lat' dir='ltr'><strong>eo</strong></span> <span class='ocrx_word' id='word_1_449' title='bbox 607 3593 964 3663; x_wconf 83' lang='lat' dir='ltr'><strong>congregata</strong></span> <span class='ocrx_word' id='word_1_450' title='bbox 992 3583 1332 3656; x_wconf 81' lang='lat' dir='ltr'><strong>fuerant,iis</strong></span> <span class='ocrx_word' id='word_1_451' title='bbox 1350 3585 1451 3664; x_wconf 87' lang='lat' dir='ltr'><strong>qui</strong></span> <span class='ocrx_word' id='word_1_452' title='bbox 1471 3584 1724 3646; x_wconf 90' lang='lat' dir='ltr'><strong>aderant</strong></span> <span class='ocrx_word' id='word_1_453' title='bbox 1747 3584 2048 3665; x_wconf 88' lang='lat' dir='ltr'><strong>supplica-</strong></span> 
     </span>
    </p>
   </div>
   <div class='ocr_carea' id='block_1_70' title="bbox 411 3671 2050 3754">
    <p class='ocr_par' dir='ltr' id='par_1_70' title="bbox 411 3671 2050 3754">
     <span class='ocr_line' id='line_1_70' title="bbox 411 3671 2050 3754; baseline 0.001 -20"><span class='ocrx_word' id='word_1_454' title='bbox 411 3671 704 3734; x_wconf 85' lang='lat' dir='ltr'><strong>bantcum</strong></span> <span class='ocrx_word' id='word_1_455' title='bbox 728 3673 1260 3754; x_wconf 53' lang='lat' dir='ltr'><strong>multislacrymis,</strong></span> <span class='ocrx_word' id='word_1_456' title='bbox 1297 3692 1371 3734; x_wconf 90' lang='lat' dir='ltr'><strong>ne</strong></span> <span class='ocrx_word' id='word_1_457' title='bbox 1395 3673 1570 3734; x_wconf 85' lang='lat' dir='ltr'><strong>Pater</strong></span> <span class='ocrx_word' id='word_1_458' title='bbox 1608 3685 1988 3752; x_wconf 86' lang='lat' dir='ltr'><strong>separaretur</strong></span> <span class='ocrx_word' id='word_1_459' title='bbox 2018 3693 2050 3735; x_wconf 87' lang='lat' dir='ltr'><strong>a</strong></span> 
     </span>
    </p>
   </div>
   <div class='ocr_carea' id='block_1_71' title="bbox 413 3761 2054 3844">
    <p class='ocr_par' dir='ltr' id='par_1_71' title="bbox 413 3761 2054 3844">
     <span class='ocr_line' id='line_1_71' title="bbox 413 3761 2054 3844; baseline 0.002 -22"><span class='ocrx_word' id='word_1_460' title='bbox 413 3761 749 3825; x_wconf 81' lang='lat' dir='ltr'><strong>ﬁliis.Tunc</strong></span> <span class='ocrx_word' id='word_1_461' title='bbox 781 3763 887 3826; x_wconf 91' lang='lat' dir='ltr'><strong>Dei</strong></span> <span class='ocrx_word' id='word_1_462' title='bbox 921 3763 1222 3825; x_wconf 86' lang='lat' dir='ltr'><strong>voluntate</strong></span> <span class='ocrx_word' id='word_1_463' title='bbox 1255 3763 1326 3824; x_wconf 89' lang='lat' dir='ltr'><strong>ad</strong></span> <span class='ocrx_word' id='word_1_464' title='bbox 1362 3783 1569 3826; x_wconf 89' lang='lat' dir='ltr'><strong>eorum</strong></span> <span class='ocrx_word' id='word_1_465' title='bbox 1597 3765 1693 3844; x_wconf 85' lang='lat' dir='ltr'><strong>qui</strong></span> <span class='ocrx_word' id='word_1_466' title='bbox 1730 3764 1852 3824; x_wconf 93' lang='lat' dir='ltr'><strong>illic</strong></span> <span class='ocrx_word' id='word_1_467' title='bbox 1884 3772 2054 3825; x_wconf 86' lang='lat' dir='ltr'><strong>erant</strong></span> 
     </span>
    </p>
   </div>
   <div class='ocr_carea' id='block_1_72' title="bbox 409 3852 2052 3924">
    <p class='ocr_par' dir='ltr' id='par_1_72' title="bbox 409 3852 2052 3924">
     <span class='ocr_line' id='line_1_72' title="bbox 409 3852 2052 3924; baseline 0.001 -12"><span class='ocrx_word' id='word_1_468' title='bbox 409 3852 688 3924; x_wconf 84' lang='lat' dir='ltr'><strong>salutem,</strong></span> <span class='ocrx_word' id='word_1_469' title='bbox 727 3853 786 3914; x_wconf 91' lang='lat' dir='ltr'><strong>in</strong></span> <span class='ocrx_word' id='word_1_470' title='bbox 823 3853 1085 3915; x_wconf 86' lang='lat' dir='ltr'><strong>oratorio</strong></span> <span class='ocrx_word' id='word_1_471' title='bbox 1115 3852 1188 3914; x_wconf 84' lang='lat' dir='ltr'><strong>ab</strong></span> <span class='ocrx_word' id='word_1_472' title='bbox 1225 3871 1293 3914; x_wconf 90' lang='lat' dir='ltr'><strong>eo</strong></span> <span class='ocrx_word' id='word_1_473' title='bbox 1327 3853 1566 3914; x_wconf 90' lang='lat' dir='ltr'><strong>condito</strong></span> <span class='ocrx_word' id='word_1_474' title='bbox 1601 3854 1790 3914; x_wconf 90' lang='lat' dir='ltr'><strong>instar</strong></span> <span class='ocrx_word' id='word_1_475' title='bbox 1819 3871 2052 3914; x_wconf 89' lang='lat' dir='ltr'><strong>monas-</strong></span> 
     </span>
    </p>
   </div>
   <div class='ocr_carea' id='block_1_73' title="bbox 407 3942 2052 4022">
    <p class='ocr_par' dir='ltr' id='par_1_73' title="bbox 407 3942 2052 4022">
     <span class='ocr_line' id='line_1_73' title="bbox 407 3942 2052 4022; baseline 0.001 -20"><span class='ocrx_word' id='word_1_476' title='bbox 407 3942 567 4022; x_wconf 86' lang='lat' dir='ltr'><strong>terii,</strong></span> <span class='ocrx_word' id='word_1_477' title='bbox 601 3961 736 4002; x_wconf 92' lang='lat' dir='ltr'><strong>eum</strong></span> <span class='ocrx_word' id='word_1_478' title='bbox 770 3943 1204 4022; x_wconf 89' lang='lat' dir='ltr'><strong>deposuerunt.</strong></span> <span class='ocrx_word' id='word_1_479' title='bbox 1246 3943 1427 4022; x_wconf 86' lang='lat' dir='ltr'><strong>Cujus</strong></span> <span class='ocrx_word' id='word_1_480' title='bbox 1460 3943 1895 4003; x_wconf 88' lang='lat' dir='ltr'><strong>monimentum</strong></span> <span class='ocrx_word' id='word_1_481' title='bbox 1944 3961 2052 4022; x_wconf 86' lang='lat' dir='ltr'><strong>per</strong></span> 
     </span>
    </p>
   </div>
   <div class='ocr_carea' id='block_1_74' title="bbox 410 4030 2047 4112">
    <p class='ocr_par' dir='ltr' id='par_1_74' title="bbox 410 4030 2047 4112">
     <span class='ocr_line' id='line_1_74' title="bbox 410 4030 2047 4112; baseline 0.002 -23"><span class='ocrx_word' id='word_1_482' title='bbox 410 4030 808 4111; x_wconf 89' lang='lat' dir='ltr'><strong>multiplicem</strong></span> <span class='ocrx_word' id='word_1_483' title='bbox 843 4032 1063 4094; x_wconf 88' lang='lat' dir='ltr'><strong>Christi</strong></span> <span class='ocrx_word' id='word_1_484' title='bbox 1099 4031 1526 4112; x_wconf 81' lang='lat' dir='ltr'><strong>benignitatem</strong></span> <span class='ocrx_word' id='word_1_485' title='bbox 1562 4031 1742 4093; x_wconf 84' lang='lat' dir='ltr'><strong>ellicit</strong></span> <span class='ocrx_word' id='word_1_486' title='bbox 1783 4031 2047 4093; x_wconf 91' lang='lat' dir='ltr'><strong>curatio-</strong></span> 
     </span>
    </p>
   </div>
   <div class='ocr_carea' id='block_1_75' title="bbox 409 4121 1452 4202">
    <p class='ocr_par' dir='ltr' id='par_1_75' title="bbox 409 4121 1452 4202">
     <span class='ocr_line' id='line_1_75' title="bbox 409 4121 1452 4202; baseline 0.003 -21"><span class='ocrx_word' id='word_1_487' title='bbox 409 4137 520 4182; x_wconf 88' lang='lat' dir='ltr'><strong>nes</strong></span> <span class='ocrx_word' id='word_1_488' title='bbox 553 4140 740 4202; x_wconf 87' lang='lat' dir='ltr'><strong>usque</strong></span> <span class='ocrx_word' id='word_1_489' title='bbox 771 4122 834 4183; x_wconf 88' lang='lat' dir='ltr'><strong>in</strong></span> <span class='ocrx_word' id='word_1_490' title='bbox 867 4122 1234 4184; x_wconf 87' lang='lat' dir='ltr'><strong>hodiernum</strong></span> <span class='ocrx_word' id='word_1_491' title='bbox 1268 4121 1452 4184; x_wconf 89' lang='lat' dir='ltr'><strong>diem.</strong></span> 
     </span>
    </p>
   </div>
   <div class='ocr_carea' id='block_1_76' title="bbox 487 4209 2048 4274">
    <p class='ocr_par' dir='ltr' id='par_1_76' title="bbox 487 4209 2048 4274">
     <span class='ocr_line' id='line_1_76' title="bbox 487 4209 2048 4274; baseline 0.001 -4"><span class='ocrx_word' id='word_1_492' title='bbox 487 4209 712 4274; x_wconf 86' lang='lat' dir='ltr'><strong>LXVII.</strong></span> <span class='ocrx_word' id='word_1_493' title='bbox 751 4211 1220 4274; x_wconf 89' lang='lat' dir='ltr'><strong>Consummatus</strong></span> <span class='ocrx_word' id='word_1_494' title='bbox 1253 4220 1454 4272; x_wconf 89' lang='lat' dir='ltr'><strong>autem</strong></span> <span class='ocrx_word' id='word_1_495' title='bbox 1491 4209 1601 4272; x_wconf 83' lang='lat' dir='ltr'><strong>fuit</strong></span> <span class='ocrx_word' id='word_1_496' title='bbox 1631 4217 1869 4272; x_wconf 90' lang='lat' dir='ltr'><strong>sanctus</strong></span> <span class='ocrx_word' id='word_1_497' title='bbox 1901 4230 2048 4272; x_wconf 91' lang='lat' dir='ltr'><strong>nos-</strong></span> 
     </span>
    </p>
   </div>
   <div class='ocr_carea' id='block_1_77' title="bbox 2144 3133 3769 3215">
    <p class='ocr_par' dir='ltr' id='par_1_77' title="bbox 2144 3133 3769 3215">
     <span class='ocr_line' id='line_1_77' title="bbox 2144 3133 3769 3215; baseline -0.002 -22"><span class='ocrx_word' id='word_1_498' title='bbox 2144 3139 2324 3215; x_wconf 77' lang='grc' dir='ltr'>έτριψε</span> <span class='ocrx_word' id='word_1_499' title='bbox 2382 3133 2566 3192; x_wconf 73' lang='grc' dir='ltr'>διαϐὰς</span> <span class='ocrx_word' id='word_1_500' title='bbox 2600 3135 2684 3191; x_wconf 75' lang='grc' dir='ltr'>διὰ</span> <span class='ocrx_word' id='word_1_501' title='bbox 2714 3136 2811 3202; x_wconf 72' lang='grc' dir='ltr'>τὴν</span> <span class='ocrx_word' id='word_1_502' title='bbox 2844 3134 3059 3192; x_wconf 68' lang='grc' dir='ltr'>σύνοδον</span> <span class='ocrx_word' id='word_1_503' title='bbox 3091 3135 3144 3192; x_wconf 80' lang='grc' dir='ltr'><strong>ἐν</strong></span> <span class='ocrx_word' id='word_1_504' title='bbox 3176 3141 3252 3208; x_wconf 79' lang='grc' dir='ltr'>τῷ</span> <span class='ocrx_word' id='word_1_505' title='bbox 3293 3135 3431 3208; x_wconf 75' lang='grc' dir='ltr'>οἴκῳ</span> <span class='ocrx_word' id='word_1_506' title='bbox 3473 3138 3571 3190; x_wconf 80' lang='grc' dir='ltr'>τῶν</span> <span class='ocrx_word' id='word_1_507' title='bbox 3605 3135 3769 3213; x_wconf 66' lang='grc' dir='ltr'>ἁγίων</span> 
     </span>
    </p>
   </div>
   <div class='ocr_carea' id='block_1_78' title="bbox 2144 3225 3776 3301">
    <p class='ocr_par' dir='ltr' id='par_1_78' title="bbox 2144 3225 3776 3301">
     <span class='ocr_line' id='line_1_78' title="bbox 2144 3225 3776 3301; baseline -0.001 -17"><span class='ocrx_word' id='word_1_508' title='bbox 2144 3225 2487 3284; x_wconf 65' lang='grc' dir='ltr'>Ἀποστόλωθ</span> <span class='ocrx_word' id='word_1_509' title='bbox 2533 3226 2706 3301; x_wconf 77' lang='grc' dir='ltr'>τίμιον</span> <span class='ocrx_word' id='word_1_510' title='bbox 2751 3225 2909 3281; x_wconf 67' lang='grc' dir='ltr'>αυτοῦ</span> <span class='ocrx_word' id='word_1_511' title='bbox 2960 3226 3211 3301; x_wconf 76' lang='grc' dir='ltr'>λείψανον</span> <span class='ocrx_word' id='word_1_512' title='bbox 3265 3225 3571 3287; x_wconf 80' lang='grc' dir='ltr'>ἀποθέσθαι,</span> <span class='ocrx_word' id='word_1_513' title='bbox 3604 3231 3776 3284; x_wconf 77' lang='grc' dir='ltr'>Τινῶν</span> 
     </span>
    </p>
   </div>
   <div class='ocr_carea' id='block_1_79' title="bbox 2141 3314 3780 3395">
    <p class='ocr_par' dir='ltr' id='par_1_79' title="bbox 2141 3314 3780 3395">
     <span class='ocr_line' id='line_1_79' title="bbox 2141 3314 3780 3395; baseline 0 -24"><span class='ocrx_word' id='word_1_514' title='bbox 2141 3314 2196 3371; x_wconf 69' lang='grc' dir='ltr'><strong>δὲ</strong></span> <span class='ocrx_word' id='word_1_515' title='bbox 2255 3315 2308 3370; x_wconf 88' lang='grc' dir='ltr'><strong>ἐν</strong></span> <span class='ocrx_word' id='word_1_516' title='bbox 2374 3319 2449 3389; x_wconf 76' lang='grc' dir='ltr'><strong>τῷ</strong></span> <span class='ocrx_word' id='word_1_517' title='bbox 2520 3316 2659 3390; x_wconf 75' lang='grc' dir='ltr'>οἴκῳ</span> <span class='ocrx_word' id='word_1_518' title='bbox 2716 3323 2806 3373; x_wconf 82' lang='grc' dir='ltr'>τοῦ</span> <span class='ocrx_word' id='word_1_519' title='bbox 2859 3315 3009 3392; x_wconf 77' lang='grc' dir='ltr'>ἆγίου</span> <span class='ocrx_word' id='word_1_520' title='bbox 3063 3315 3330 3395; x_wconf 80' lang='grc' dir='ltr'>Ζαχαρίου</span> <span class='ocrx_word' id='word_1_521' title='bbox 3387 3322 3462 3388; x_wconf 81' lang='grc' dir='ltr'>τῷ</span> <span class='ocrx_word' id='word_1_522' title='bbox 3536 3315 3648 3372; x_wconf 75' lang='grc' dir='ltr'>ὄντι</span> <span class='ocrx_word' id='word_1_523' title='bbox 3707 3318 3780 3378; x_wconf 83' lang='grc' dir='ltr'>ὡς</span> 
     </span>
    </p>
   </div>
   <div class='ocr_carea' id='block_1_80' title="bbox 2141 3403 3785 3484">
    <p class='ocr_par' dir='ltr' id='par_1_80' title="bbox 2141 3403 3785 3484">
     <span class='ocr_line' id='line_1_80' title="bbox 2141 3403 3785 3484; baseline -0.001 -21"><span class='ocrx_word' id='word_1_524' title='bbox 2141 3407 2247 3463; x_wconf 79' lang='grc' dir='ltr'><strong>ἀπὸ</strong></span> <span class='ocrx_word' id='word_1_525' title='bbox 2303 3408 2541 3472; x_wconf 72' lang='grc' dir='ltr'>σημείων</span> <span class='ocrx_word' id='word_1_526' title='bbox 2603 3405 2658 3461; x_wconf 84' lang='grc' dir='ltr'><strong>ἐν</strong></span> <span class='ocrx_word' id='word_1_527' title='bbox 2715 3407 2951 3479; x_wconf 77' lang='grc' dir='ltr'>κτήματι</span> <span class='ocrx_word' id='word_1_528' title='bbox 3024 3403 3300 3483; x_wconf 79' lang='grc' dir='ltr'>λεγομένῳ</span> <span class='ocrx_word' id='word_1_529' title='bbox 3357 3404 3663 3484; x_wconf 74' lang='grc' dir='ltr'>θεατρῲδει,</span> <span class='ocrx_word' id='word_1_530' title='bbox 3732 3408 3785 3462; x_wconf 78' lang='grc' dir='ltr'>αἱ</span> 
     </span>
    </p>
   </div>
   <div class='ocr_carea' id='block_1_81' title="bbox 2134 3493 3784 3574">
    <p class='ocr_par' dir='ltr' id='par_1_81' title="bbox 2134 3493 3784 3574">
     <span class='ocr_line' id='line_1_81' title="bbox 2134 3493 3784 3574; baseline -0.002 -21"><span class='ocrx_word' id='word_1_531' title='bbox 2134 3496 2224 3553; x_wconf 80' lang='grc' dir='ltr'>ὑπ’</span> <span class='ocrx_word' id='word_1_532' title='bbox 2281 3497 2438 3552; x_wconf 70' lang='grc' dir='ltr'>αὐτοῦ</span> <span class='ocrx_word' id='word_1_533' title='bbox 2499 3499 2860 3574; x_wconf 74' lang='grc' dir='ltr'>συναχθεῖσαι</span> <span class='ocrx_word' id='word_1_534' title='bbox 2919 3495 3054 3570; x_wconf 85' lang='grc' dir='ltr'>μετᾶ</span> <span class='ocrx_word' id='word_1_535' title='bbox 3102 3494 3304 3550; x_wconf 81' lang='grc' dir='ltr'>πολλοῦ</span> <span class='ocrx_word' id='word_1_536' title='bbox 3375 3493 3604 3571; x_wconf 73' lang='grc' dir='ltr'>ὀδυρμοῦ</span> <span class='ocrx_word' id='word_1_537' title='bbox 3664 3497 3784 3560; x_wconf 75' lang='grc' dir='ltr'>τοὺς</span> 
     </span>
    </p>
   </div>
   <div class='ocr_carea' id='block_1_82' title="bbox 2133 3583 3781 3664">
    <p class='ocr_par' dir='ltr' id='par_1_82' title="bbox 2133 3583 3781 3664">
     <span class='ocr_line' id='line_1_82' title="bbox 2133 3583 3781 3664; baseline -0.002 -23"><span class='ocrx_word' id='word_1_538' title='bbox 2133 3585 2396 3664; x_wconf 76' lang='grc' dir='ltr'>παρόντας</span> <span class='ocrx_word' id='word_1_539' title='bbox 2455 3584 2712 3656; x_wconf 80' lang='grc' dir='ltr'>ἱκέτευον,</span> <span class='ocrx_word' id='word_1_540' title='bbox 2760 3585 2837 3658; x_wconf 73' lang='grc' dir='ltr'>μὴ</span> <span class='ocrx_word' id='word_1_541' title='bbox 2879 3588 3212 3664; x_wconf 73' lang='grc' dir='ltr'>χωρισθῆναι</span> <span class='ocrx_word' id='word_1_542' title='bbox 3275 3589 3364 3640; x_wconf 85' lang='grc' dir='ltr'><strong>τον</strong></span> <span class='ocrx_word' id='word_1_543' title='bbox 3421 3583 3626 3657; x_wconf 83' lang='grc' dir='ltr'>πατέρα</span> <span class='ocrx_word' id='word_1_544' title='bbox 3674 3590 3781 3640; x_wconf 79' lang='grc' dir='ltr'><strong>τῶν</strong></span> 
     </span>
    </p>
   </div>
   <div class='ocr_carea' id='block_1_83' title="bbox 2134 3672 3782 3753">
    <p class='ocr_par' dir='ltr' id='par_1_83' title="bbox 2134 3672 3782 3753">
     <span class='ocr_line' id='line_1_83' title="bbox 2134 3672 3782 3753; baseline -0.002 -22"><span class='ocrx_word' id='word_1_545' title='bbox 2134 3677 2356 3737; x_wconf 73' lang='grc' dir='ltr'>τέκνων.</span> <span class='ocrx_word' id='word_1_546' title='bbox 2392 3677 2521 3732; x_wconf 82' lang='grc' dir='ltr'>Τότε</span> <span class='ocrx_word' id='word_1_547' title='bbox 2566 3673 2687 3730; x_wconf 85' lang='grc' dir='ltr'>κατ’</span> <span class='ocrx_word' id='word_1_548' title='bbox 2733 3672 2969 3730; x_wconf 71' lang='grc' dir='ltr'>εὐδοκίαν</span> <span class='ocrx_word' id='word_1_549' title='bbox 3028 3676 3121 3729; x_wconf 80' lang='grc' dir='ltr'>τοῦ</span> <span class='ocrx_word' id='word_1_550' title='bbox 3168 3675 3300 3730; x_wconf 69' lang='grc' dir='ltr'>Θεοῦ</span> <span class='ocrx_word' id='word_1_551' title='bbox 3341 3675 3472 3753; x_wconf 82' lang='grc' dir='ltr'>πρὸς</span> <span class='ocrx_word' id='word_1_552' title='bbox 3514 3674 3613 3741; x_wconf 76' lang='grc' dir='ltr'>τὴν</span> <span class='ocrx_word' id='word_1_553' title='bbox 3673 3680 3782 3729; x_wconf 82' lang='grc' dir='ltr'>τῶν</span> 
     </span>
    </p>
   </div>
   <div class='ocr_carea' id='block_1_84' title="bbox 2135 3763 3780 3842">
    <p class='ocr_par' dir='ltr' id='par_1_84' title="bbox 2135 3763 3780 3842">
     <span class='ocr_line' id='line_1_84' title="bbox 2135 3763 3780 3842; baseline -0.002 -20"><span class='ocrx_word' id='word_1_554' title='bbox 2135 3766 2313 3823; x_wconf 72' lang='grc' dir='ltr'>ἐκεῖσε</span> <span class='ocrx_word' id='word_1_555' title='bbox 2375 3765 2644 3842; x_wconf 83' lang='grc' dir='ltr'>σωτηρίαν</span> <span class='ocrx_word' id='word_1_556' title='bbox 2701 3765 2757 3819; x_wconf 76' lang='grc' dir='ltr'>ἒν</span> <span class='ocrx_word' id='word_1_557' title='bbox 2817 3769 2894 3836; x_wconf 80' lang='grc' dir='ltr'>τῷ</span> <span class='ocrx_word' id='word_1_558' title='bbox 2958 3765 3114 3821; x_wconf 72' lang='grc' dir='ltr'>αὒτοῦ</span> <span class='ocrx_word' id='word_1_559' title='bbox 3189 3763 3451 3819; x_wconf 82' lang='grc' dir='ltr'>κτισθέντι</span> <span class='ocrx_word' id='word_1_560' title='bbox 3512 3764 3780 3838; x_wconf 59' lang='grc' dir='ltr'>εὗκτηρίν</span> 
     </span>
    </p>
   </div>
   <div class='ocr_carea' id='block_1_85' title="bbox 2135 3852 3780 3931">
    <p class='ocr_par' dir='ltr' id='par_1_85' title="bbox 2135 3852 3780 3931">
     <span class='ocr_line' id='line_1_85' title="bbox 2135 3852 3780 3931; baseline -0.001 -20"><span class='ocrx_word' id='word_1_561' title='bbox 2135 3857 2206 3919; x_wconf 83' lang='grc' dir='ltr'>εἷς</span> <span class='ocrx_word' id='word_1_562' title='bbox 2252 3853 2396 3919; x_wconf 77' lang='grc' dir='ltr'>τάξιν</span> <span class='ocrx_word' id='word_1_563' title='bbox 2442 3854 2799 3931; x_wconf 76' lang='grc' dir='ltr'>μοναστηρίου</span> <span class='ocrx_word' id='word_1_564' title='bbox 2845 3853 3123 3909; x_wconf 70' lang='grc' dir='ltr'>κατέθεντο</span> <span class='ocrx_word' id='word_1_565' title='bbox 3156 3854 3335 3926; x_wconf 71' lang='grc' dir='ltr'>αὒτὸν,</span> <span class='ocrx_word' id='word_1_566' title='bbox 3371 3852 3430 3908; x_wconf 76' lang='grc' dir='ltr'><strong>οὗ</strong></span> <span class='ocrx_word' id='word_1_567' title='bbox 3475 3854 3538 3908; x_wconf 77' lang='grc' dir='ltr'>τὸ</span> <span class='ocrx_word' id='word_1_568' title='bbox 3585 3859 3780 3928; x_wconf 76' lang='grc' dir='ltr'>μνῆμα</span> 
     </span>
    </p>
   </div>
   <div class='ocr_carea' id='block_1_86' title="bbox 2133 3942 3776 4022">
    <p class='ocr_par' dir='ltr' id='par_1_86' title="bbox 2133 3942 3776 4022">
     <span class='ocr_line' id='line_1_86' title="bbox 2133 3942 3776 4022; baseline 0.002 -22"><span class='ocrx_word' id='word_1_569' title='bbox 2133 3943 2223 4000; x_wconf 80' lang='grc' dir='ltr'>διὰ</span> <span class='ocrx_word' id='word_1_570' title='bbox 2293 3949 2391 4012; x_wconf 76' lang='grc' dir='ltr'><strong>τῆς</strong></span> <span class='ocrx_word' id='word_1_571' title='bbox 2483 3943 2817 4021; x_wconf 84' lang='grc' dir='ltr'>πολυτρόπου</span> <span class='ocrx_word' id='word_1_572' title='bbox 2905 3942 3297 4022; x_wconf 72' lang='grc' dir='ltr'>φιλανθρωπίας</span> <span class='ocrx_word' id='word_1_573' title='bbox 3377 3949 3469 3999; x_wconf 77' lang='grc' dir='ltr'><strong>τοῦ</strong></span> <span class='ocrx_word' id='word_1_574' title='bbox 3542 3950 3776 4022; x_wconf 71' lang='grc' dir='ltr'>Χριστοῦ</span> 
     </span>
    </p>
   </div>
   <div class='ocr_carea' id='block_1_87' title="bbox 2136 4029 3004 4114">
    <p class='ocr_par' dir='ltr' id='par_1_87' title="bbox 2136 4029 3004 4114">
     <span class='ocr_line' id='line_1_87' title="bbox 2136 4029 3004 4114; baseline -0.003 -24"><span class='ocrx_word' id='word_1_575' title='bbox 2136 4033 2266 4114; x_wconf 78' lang='grc' dir='ltr'>ἄχρι</span> <span class='ocrx_word' id='word_1_576' title='bbox 2297 4043 2390 4094; x_wconf 83' lang='grc' dir='ltr'>τοῦ</span> <span class='ocrx_word' id='word_1_577' title='bbox 2420 4040 2508 4090; x_wconf 83' lang='grc' dir='ltr'>νῦν</span> <span class='ocrx_word' id='word_1_578' title='bbox 2535 4034 2706 4096; x_wconf 76' lang='grc' dir='ltr'>ἰάσεις</span> <span class='ocrx_word' id='word_1_579' title='bbox 2740 4029 3004 4094; x_wconf 76' lang='grc' dir='ltr'>ἐπιτελεῖ,</span> 
     </span>
    </p>
   </div>
   <div class='ocr_carea' id='block_1_88' title="bbox 2216 4202 3781 4291">
    <p class='ocr_par' dir='ltr' id='par_1_88' title="bbox 2216 4202 3781 4291">
     <span class='ocr_line' id='line_1_88' title="bbox 2216 4202 3781 4291; baseline -0.007 -21"><span class='ocrx_word' id='word_1_580' title='bbox 2216 4202 2351 4275; x_wconf 69' lang='grc' dir='ltr'><strong>ΞΖ’.</strong></span> <span class='ocrx_word' id='word_1_581' title='bbox 2397 4210 2722 4277; x_wconf 86' lang='grc' dir='ltr'>Ἐτελειώθη</span> <span class='ocrx_word' id='word_1_582' title='bbox 2755 4209 2808 4266; x_wconf 77' lang='grc' dir='ltr'>δὲ</span> <span class='ocrx_word' id='word_1_583' title='bbox 2856 4213 2882 4267; x_wconf 81' lang='grc' dir='ltr'>ὁ</span> <span class='ocrx_word' id='word_1_584' title='bbox 2927 4210 2981 4266; x_wconf 83' lang='grc' dir='ltr'><strong>ἐν</strong></span> <span class='ocrx_word' id='word_1_585' title='bbox 3010 4211 3181 4288; x_wconf 79' lang='grc' dir='ltr'>ἁγιοις</span> <span class='ocrx_word' id='word_1_586' title='bbox 3217 4218 3398 4290; x_wconf 85' lang='grc' dir='ltr'>Πατηρ</span> <span class='ocrx_word' id='word_1_587' title='bbox 3427 4213 3581 4285; x_wconf 71' lang='grc' dir='ltr'>ἡμῶν</span> <span class='ocrx_word' id='word_1_588' title='bbox 3617 4234 3781 4291; x_wconf 74' lang='grc' dir='ltr'>πρεσ.</span> 
     </span>
    </p>
   </div>
   <div class='ocr_carea' id='block_1_89' title="bbox 408 4299 2059 4381">
    <p class='ocr_par' dir='ltr' id='par_1_89' title="bbox 408 4300 2050 4381">
     <span class='ocr_line' id='line_1_89' title="bbox 408 4300 2050 4381; baseline 0.001 -21"><span class='ocrx_word' id='word_1_589' title='bbox 408 4306 497 4360; x_wconf 88' lang='lat' dir='ltr'><strong>ter</strong></span> <span class='ocrx_word' id='word_1_590' title='bbox 531 4300 843 4381; x_wconf 81' lang='lat' dir='ltr'><strong>presbyter</strong></span> <span class='ocrx_word' id='word_1_591' title='bbox 897 4309 957 4363; x_wconf 92' lang='lat' dir='ltr'><strong>et</strong></span> <span class='ocrx_word' id='word_1_592' title='bbox 1005 4300 1478 4362; x_wconf 87' lang='lat' dir='ltr'><strong>archimandrita</strong></span> <span class='ocrx_word' id='word_1_593' title='bbox 1523 4309 1582 4362; x_wconf 90' lang='lat' dir='ltr'><strong>et</strong></span> <span class='ocrx_word' id='word_1_594' title='bbox 1615 4319 1860 4378; x_wconf 86' lang='lat' dir='ltr'><strong>magnus</strong></span> <span class='ocrx_word' id='word_1_595' title='bbox 1891 4301 2050 4362; x_wconf 90' lang='lat' dir='ltr'><strong>intcr</strong></span> 
     </span>
    </p>
   </div>
   <div class='ocr_carea' id='block_1_90' title="bbox 2149 4299 3776 4381">
    <p class='ocr_par' dir='ltr' id='par_1_90' title="bbox 2149 4299 3776 4381">
     <span class='ocr_line' id='line_1_90' title="bbox 2149 4299 3776 4381; baseline -0.002 -20"><span class='ocrx_word' id='word_1_596' title='bbox 2149 4304 2347 4381; x_wconf 71' lang='grc' dir='ltr'>ἶότερος</span> <span class='ocrx_word' id='word_1_597' title='bbox 2401 4306 2487 4359; x_wconf 81' lang='grc' dir='ltr'>καὶ</span> <span class='ocrx_word' id='word_1_598' title='bbox 2545 4299 2970 4380; x_wconf 76' lang='grc' dir='ltr'>ἆρχιμανδρίτης</span> <span class='ocrx_word' id='word_1_599' title='bbox 3014 4303 3102 4356; x_wconf 84' lang='grc' dir='ltr'><strong>καὶ</strong></span> <span class='ocrx_word' id='word_1_600' title='bbox 3153 4299 3321 4378; x_wconf 68' lang='grc' dir='ltr'>μέγας</span> <span class='ocrx_word' id='word_1_601' title='bbox 3389 4301 3444 4356; x_wconf 78' lang='grc' dir='ltr'><strong>ἐν</strong></span> <span class='ocrx_word' id='word_1_602' title='bbox 3502 4302 3776 4369; x_wconf 75' lang='grc' dir='ltr'>ἆσκηταῒς</span> 
     </span>
    </p>
   </div>
   <div class='ocr_carea' id='block_1_91' title="bbox 408 4388 2059 4472">
    <p class='ocr_par' dir='ltr' id='par_1_91' title="bbox 408 4389 2048 4472">
     <span class='ocr_line' id='line_1_91' title="bbox 408 4389 2048 4472; baseline 0.002 -23"><span class='ocrx_word' id='word_1_603' title='bbox 408 4389 838 4452; x_wconf 78' lang='lat' dir='ltr'><strong>exercitatores</strong></span> <span class='ocrx_word' id='word_1_604' title='bbox 867 4390 1203 4453; x_wconf 86' lang='lat' dir='ltr'><strong>Auxentius</strong></span> <span class='ocrx_word' id='word_1_605' title='bbox 1235 4390 1295 4451; x_wconf 93' lang='lat' dir='ltr'><strong>in</strong></span> <span class='ocrx_word' id='word_1_606' title='bbox 1328 4389 1583 4472; x_wconf 90' lang='lat' dir='ltr'><strong>imperio</strong></span> <span class='ocrx_word' id='word_1_607' title='bbox 1629 4389 1707 4467; x_wconf 85' lang='lat' dir='ltr'><strong>pii</strong></span> <span class='ocrx_word' id='word_1_608' title='bbox 1742 4397 1801 4451; x_wconf 85' lang='lat' dir='ltr'><strong>et</strong></span> <span class='ocrx_word' id='word_1_609' title='bbox 1829 4391 2048 4452; x_wconf 89' lang='lat' dir='ltr'><strong>Christi</strong></span> 
     </span>
    </p>
   </div>
   <div class='ocr_carea' id='block_1_92' title="bbox 2149 4388 3775 4472">
    <p class='ocr_par' dir='ltr' id='par_1_92' title="bbox 2149 4388 3775 4469">
     <span class='ocr_line' id='line_1_92' title="bbox 2149 4388 3775 4469; baseline 0.001 -23"><span class='ocrx_word' id='word_1_610' title='bbox 2149 4391 2408 4458; x_wconf 56' lang='grc' dir='ltr'>λῦξέντιος</span> <span class='ocrx_word' id='word_1_611' title='bbox 2466 4393 2524 4447; x_wconf 75' lang='grc' dir='ltr'><strong>ἐν</strong></span> <span class='ocrx_word' id='word_1_612' title='bbox 2605 4396 2674 4466; x_wconf 81' lang='grc' dir='ltr'>τῇ</span> <span class='ocrx_word' id='word_1_613' title='bbox 2733 4389 2977 4465; x_wconf 76' lang='grc' dir='ltr'>βασιλείᾳ</span> <span class='ocrx_word' id='word_1_614' title='bbox 3036 4398 3129 4448; x_wconf 81' lang='grc' dir='ltr'><strong>τοῦ</strong></span> <span class='ocrx_word' id='word_1_615' title='bbox 3184 4388 3538 4469; x_wconf 72' lang='grc' dir='ltr'>φιλοχρίστου</span> <span class='ocrx_word' id='word_1_616' title='bbox 3600 4392 3775 4447; x_wconf 76' lang='grc' dir='ltr'>Λέον-</span> 
     </span>
    </p>
   </div>
   <div class='ocr_carea' id='block_1_93' title="bbox 403 4477 2059 4561">
    <p class='ocr_par' dir='ltr' id='par_1_93' title="bbox 403 4477 2048 4556">
     <span class='ocr_line' id='line_1_93' title="bbox 403 4477 2048 4556; baseline 0.002 -18"><span class='ocrx_word' id='word_1_617' title='bbox 403 4481 657 4539; x_wconf 90' lang='lat' dir='ltr'><strong>amantis</strong></span> <span class='ocrx_word' id='word_1_618' title='bbox 728 4481 1007 4556; x_wconf 88' lang='lat' dir='ltr'><strong>Zenonis,</strong></span> <span class='ocrx_word' id='word_1_619' title='bbox 1084 4478 1398 4542; x_wconf 86' lang='lat' dir='ltr'><strong>Februarii</strong></span> <span class='ocrx_word' id='word_1_620' title='bbox 1456 4477 1684 4540; x_wconf 90' lang='lat' dir='ltr'><strong>mensis</strong></span> <span class='ocrx_word' id='word_1_621' title='bbox 1735 4497 1849 4539; x_wconf 82' lang='lat' dir='ltr'><strong>xw.</strong></span> <span class='ocrx_word' id='word_1_622' title='bbox 1915 4480 2048 4541; x_wconf 87' lang='lat' dir='ltr'><strong>Fuit</strong></span> 
     </span>
    </p>
   </div>
   <div class='ocr_carea' id='block_1_94' title="bbox 2149 4477 3776 4561">
    <p class='ocr_par' dir='ltr' id='par_1_94' title="bbox 2149 4478 3776 4561">
     <span class='ocr_line' id='line_1_94' title="bbox 2149 4478 3776 4561; baseline 0.001 -27"><span class='ocrx_word' id='word_1_623' title='bbox 2149 4505 2220 4547; x_wconf 71' lang='grc' dir='ltr'>τος</span> <span class='ocrx_word' id='word_1_624' title='bbox 2283 4479 2434 4561; x_wconf 68' lang='grc'><strong>(42),</strong></span> <span class='ocrx_word' id='word_1_625' title='bbox 2487 4481 2614 4555; x_wconf 85' lang='grc' dir='ltr'>μηνὶ</span> <span class='ocrx_word' id='word_1_626' title='bbox 2657 4478 2996 4556; x_wconf 72' lang='grc' dir='ltr'>Φεϐρουαρίῳ</span> <span class='ocrx_word' id='word_1_627' title='bbox 3057 4478 3639 4558; x_wconf 72' lang='grc' dir='ltr'>τεσσαρεσκαιδεκάτῃ,</span> <span class='ocrx_word' id='word_1_628' title='bbox 3686 4483 3776 4536; x_wconf 85' lang='grc' dir='ltr'><strong>καὶ</strong></span> 
     </span>
    </p>
   </div>
   <div class='ocr_carea' id='block_1_95' title="bbox 404 4567 2059 4651">
    <p class='ocr_par' dir='ltr' id='par_1_95' title="bbox 404 4567 2045 4651">
     <span class='ocr_line' id='line_1_95' title="bbox 404 4567 2045 4651; baseline 0.004 -26"><span class='ocrx_word' id='word_1_629' title='bbox 404 4584 541 4627; x_wconf 91' lang='lat' dir='ltr'><strong>vero</strong></span> <span class='ocrx_word' id='word_1_630' title='bbox 575 4567 881 4647; x_wconf 89' lang='lat' dir='ltr'><strong>depositus</strong></span> <span class='ocrx_word' id='word_1_631' title='bbox 933 4571 993 4631; x_wconf 92' lang='lat' dir='ltr'><strong>in</strong></span> <span class='ocrx_word' id='word_1_632' title='bbox 1047 4570 1330 4651; x_wconf 83' lang='lat' dir='ltr'><strong>praedicto</strong></span> <span class='ocrx_word' id='word_1_633' title='bbox 1389 4568 1771 4642; x_wconf 88' lang='lat' dir='ltr'><strong>monasterio,</strong></span> <span class='ocrx_word' id='word_1_634' title='bbox 1809 4569 1881 4631; x_wconf 75' lang='lat' dir='ltr'><strong>ad</strong></span> <span class='ocrx_word' id='word_1_635' title='bbox 1916 4570 2045 4649; x_wconf 85' lang='lat' dir='ltr'><strong>glo-</strong></span> 
     </span>
    </p>
   </div>
   <div class='ocr_carea' id='block_1_96' title="bbox 2149 4567 3774 4651">
    <p class='ocr_par' dir='ltr' id='par_1_96' title="bbox 2149 4567 3774 4647">
     <span class='ocr_line' id='line_1_96' title="bbox 2149 4567 3774 4647; baseline -0.025 16"><span class='ocrx_word' id='word_1_636' title='bbox 2149 4572 2387 4637; x_wconf 57' lang='grc' dir='ltr'><strong>ατετέθη</strong></span> <span class='ocrx_word' id='word_1_637' title='bbox 2448 4569 2500 4625; x_wconf 61' lang='grc' dir='ltr'>ἐν</span> <span class='ocrx_word' id='word_1_638' title='bbox 2561 4576 2638 4643; x_wconf 76' lang='grc' dir='ltr'><strong>τῷ</strong></span> <span class='ocrx_word' id='word_1_639' title='bbox 2694 4568 3065 4647; x_wconf 59' lang='grc' dir='ltr'><strong>προειρημένῳ</strong></span> <span class='ocrx_word' id='word_1_640' title='bbox 3147 4570 3410 4644; x_wconf 67' lang='grc' dir='ltr'>εδκτηρίερ</span> <span class='ocrx_word' id='word_1_641' title='bbox 3479 4570 3552 4633; x_wconf 74' lang='grc' dir='ltr'>εἷς</span> <span class='ocrx_word' id='word_1_642' title='bbox 3619 4567 3774 4633; x_wconf 74' lang='grc' dir='ltr'>δόξαν</span> 
     </span>
    </p>
   </div>
   <div class='ocr_carea' id='block_1_97' title="bbox 401 4655 2059 4741">
    <p class='ocr_par' dir='ltr' id='par_1_97' title="bbox 401 4655 2041 4741">
     <span class='ocr_line' id='line_1_97' title="bbox 401 4655 2041 4741; baseline 0.002 -25"><span class='ocrx_word' id='word_1_643' title='bbox 401 4655 556 4716; x_wconf 90' lang='lat' dir='ltr'><strong>riam</strong></span> <span class='ocrx_word' id='word_1_644' title='bbox 619 4657 726 4718; x_wconf 89' lang='lat' dir='ltr'><strong>Dei</strong></span> <span class='ocrx_word' id='word_1_645' title='bbox 791 4660 1002 4735; x_wconf 90' lang='lat' dir='ltr'><strong>nostri,</strong></span> <span class='ocrx_word' id='word_1_646' title='bbox 1066 4661 1165 4739; x_wconf 88' lang='lat' dir='ltr'><strong>qui</strong></span> <span class='ocrx_word' id='word_1_647' title='bbox 1229 4667 1512 4741; x_wconf 87' lang='lat' dir='ltr'><strong>operatur</strong></span> <span class='ocrx_word' id='word_1_648' title='bbox 1544 4659 1698 4720; x_wconf 88' lang='lat' dir='ltr'><strong>dona</strong></span> <span class='ocrx_word' id='word_1_649' title='bbox 1731 4659 1788 4718; x_wconf 91' lang='lat' dir='ltr'><strong>in</strong></span> <span class='ocrx_word' id='word_1_650' title='bbox 1820 4660 2041 4720; x_wconf 90' lang='lat' dir='ltr'><strong>sanctis</strong></span> 
     </span>
    </p>
   </div>
   <div class='ocr_carea' id='block_1_98' title="bbox 2149 4655 3772 4741">
    <p class='ocr_par' dir='ltr' id='par_1_98' title="bbox 2149 4655 3772 4738">
     <span class='ocr_line' id='line_1_98' title="bbox 2149 4655 3772 4738; baseline -0.003 -21"><span class='ocrx_word' id='word_1_651' title='bbox 2149 4667 2353 4738; x_wconf 72' lang='grc' dir='ltr'>(ριστοῦ</span> <span class='ocrx_word' id='word_1_652' title='bbox 2409 4666 2502 4716; x_wconf 80' lang='grc' dir='ltr'>τοῦ</span> <span class='ocrx_word' id='word_1_653' title='bbox 2562 4665 2692 4715; x_wconf 72' lang='grc' dir='ltr'>Θεοῦ</span> <span class='ocrx_word' id='word_1_654' title='bbox 2763 4660 2920 4730; x_wconf 81' lang='grc' dir='ltr'>ἡμῶν</span> <span class='ocrx_word' id='word_1_655' title='bbox 2963 4666 3056 4716; x_wconf 74' lang='grc' dir='ltr'><strong>τοῦ</strong></span> <span class='ocrx_word' id='word_1_656' title='bbox 3099 4655 3504 4729; x_wconf 76' lang='grc' dir='ltr'>ἐνδοξαζομένου</span> <span class='ocrx_word' id='word_1_657' title='bbox 3548 4657 3604 4714; x_wconf 83' lang='grc' dir='ltr'><strong>ἐν</strong></span> <span class='ocrx_word' id='word_1_658' title='bbox 3649 4673 3772 4723; x_wconf 68' lang='grc' dir='ltr'>τοῖς</span> 
     </span>
    </p>
   </div>
   <div class='ocr_carea' id='block_1_99' title="bbox 402 4744 2059 4828">
    <p class='ocr_par' dir='ltr' id='par_1_99' title="bbox 402 4744 2045 4828">
     <span class='ocr_line' id='line_1_99' title="bbox 402 4744 2045 4828; baseline 0.004 -24"><span class='ocrx_word' id='word_1_659' title='bbox 402 4745 550 4809; x_wconf 92' lang='lat' dir='ltr'><strong>suis.</strong></span> <span class='ocrx_word' id='word_1_660' title='bbox 612 4744 903 4818; x_wconf 82' lang='lat' dir='ltr'><strong>Quoniam</strong></span> <span class='ocrx_word' id='word_1_661' title='bbox 961 4766 1097 4809; x_wconf 89' lang='lat' dir='ltr'><strong>eum</strong></span> <span class='ocrx_word' id='word_1_662' title='bbox 1153 4749 1326 4810; x_wconf 87' lang='lat' dir='ltr'><strong>decet</strong></span> <span class='ocrx_word' id='word_1_663' title='bbox 1369 4748 1556 4828; x_wconf 79' lang='lat' dir='ltr'><strong>gloria</strong></span> <span class='ocrx_word' id='word_1_664' title='bbox 1618 4767 1750 4808; x_wconf 88' lang='lat' dir='ltr'><strong>cum</strong></span> <span class='ocrx_word' id='word_1_665' title='bbox 1785 4747 1955 4809; x_wconf 84' lang='lat' dir='ltr'><strong>Patre</strong></span> <span class='ocrx_word' id='word_1_666' title='bbox 1986 4757 2045 4810; x_wconf 84' lang='lat' dir='ltr'><strong>et</strong></span> 
     </span>
    </p>
   </div>
   <div class='ocr_carea' id='block_1_100' title="bbox 2149 4744 3772 4828">
    <p class='ocr_par' dir='ltr' id='par_1_100' title="bbox 2149 4745 3772 4828">
     <span class='ocr_line' id='line_1_100' title="bbox 2149 4745 3772 4828; baseline -0.002 -22"><span class='ocrx_word' id='word_1_667' title='bbox 2149 4751 2298 4828; x_wconf 79' lang='grc' dir='ltr'>ιγίοις</span> <span class='ocrx_word' id='word_1_668' title='bbox 2339 4748 2523 4826; x_wconf 55' lang='lat' dir='ltr'><strong>mucci,</strong></span> <span class='ocrx_word' id='word_1_669' title='bbox 2571 4746 2650 4802; x_wconf 78' lang='grc' dir='ltr'><strong>ὅτι</strong></span> <span class='ocrx_word' id='word_1_670' title='bbox 2703 4748 2845 4820; x_wconf 63' lang='grc' dir='ltr'><strong>αὒτῷ</strong></span> <span class='ocrx_word' id='word_1_671' title='bbox 2889 4746 3080 4825; x_wconf 83' lang='grc' dir='ltr'>πρέπει</span> <span class='ocrx_word' id='word_1_672' title='bbox 3139 4745 3260 4811; x_wconf 77' lang='grc' dir='ltr'>δόξα</span> <span class='ocrx_word' id='word_1_673' title='bbox 3324 4747 3411 4801; x_wconf 79' lang='grc' dir='ltr'>σὺν</span> <span class='ocrx_word' id='word_1_674' title='bbox 3471 4752 3548 4819; x_wconf 79' lang='grc' dir='ltr'>τῷ</span> <span class='ocrx_word' id='word_1_675' title='bbox 3605 4753 3772 4824; x_wconf 84' lang='grc' dir='ltr'>Πατρὶ</span> 
     </span>
    </p>
   </div>
   <div class='ocr_carea' id='block_1_101' title="bbox 403 4833 2059 4918">
    <p class='ocr_par' dir='ltr' id='par_1_101' title="bbox 403 4833 2041 4918">
     <span class='ocr_line' id='line_1_101' title="bbox 403 4833 2041 4918; baseline 0.002 -23"><span class='ocrx_word' id='word_1_676' title='bbox 403 4842 610 4897; x_wconf 85' lang='lat' dir='ltr'><strong>sancto</strong></span> <span class='ocrx_word' id='word_1_677' title='bbox 646 4833 896 4916; x_wconf 87' lang='lat' dir='ltr'><strong>Spiritu,</strong></span> <span class='ocrx_word' id='word_1_678' title='bbox 931 4855 1090 4898; x_wconf 93' lang='lat' dir='ltr'><strong>nunc</strong></span> <span class='ocrx_word' id='word_1_679' title='bbox 1122 4845 1180 4898; x_wconf 90' lang='lat' dir='ltr'><strong>et</strong></span> <span class='ocrx_word' id='word_1_680' title='bbox 1219 4855 1461 4918; x_wconf 83' lang='lat' dir='ltr'><strong>semper</strong></span> <span class='ocrx_word' id='word_1_681' title='bbox 1491 4847 1550 4899; x_wconf 88' lang='lat' dir='ltr'><strong>et</strong></span> <span class='ocrx_word' id='word_1_682' title='bbox 1585 4836 1645 4898; x_wconf 91' lang='lat' dir='ltr'><strong>in</strong></span> <span class='ocrx_word' id='word_1_683' title='bbox 1678 4838 1896 4899; x_wconf 68' lang='lat' dir='ltr'><strong>saacula</strong></span> <span class='ocrx_word' id='word_1_684' title='bbox 1927 4855 2041 4900; x_wconf 76' lang='lat' dir='ltr'><strong>sm-</strong></span> 
     </span>
    </p>
   </div>
   <div class='ocr_carea' id='block_1_102' title="bbox 2149 4833 3763 4918">
    <p class='ocr_par' dir='ltr' id='par_1_102' title="bbox 2149 4835 3763 4915">
     <span class='ocr_line' id='line_1_102' title="bbox 2149 4835 3763 4915; baseline -0.001 -20"><span class='ocrx_word' id='word_1_685' title='bbox 2149 4842 2213 4896; x_wconf 73' lang='grc' dir='ltr'><strong>ιαὶ</strong></span> <span class='ocrx_word' id='word_1_686' title='bbox 2268 4845 2346 4912; x_wconf 84' lang='grc' dir='ltr'>τῷ</span> <span class='ocrx_word' id='word_1_687' title='bbox 2405 4837 2537 4915; x_wconf 76' lang='grc' dir='ltr'><strong>ἁγίῳ</strong></span> <span class='ocrx_word' id='word_1_688' title='bbox 2593 4837 2881 4913; x_wconf 77' lang='grc' dir='ltr'>Πνεόματι,</span> <span class='ocrx_word' id='word_1_689' title='bbox 2958 4838 3045 4891; x_wconf 73' lang='grc' dir='ltr'>νῧν</span> <span class='ocrx_word' id='word_1_690' title='bbox 3090 4839 3180 4892; x_wconf 83' lang='grc' dir='ltr'>καὶ</span> <span class='ocrx_word' id='word_1_691' title='bbox 3247 4835 3329 4891; x_wconf 75' lang='grc' dir='ltr'><strong>ἀεὶ</strong></span> <span class='ocrx_word' id='word_1_692' title='bbox 3372 4838 3458 4892; x_wconf 79' lang='grc' dir='ltr'>καὶ</span> <span class='ocrx_word' id='word_1_693' title='bbox 3503 4837 3578 4901; x_wconf 77' lang='grc' dir='ltr'>εἷς</span> <span class='ocrx_word' id='word_1_694' title='bbox 3639 4839 3763 4902; x_wconf 77' lang='grc' dir='ltr'>τοὺς</span> 
     </span>
    </p>
   </div>
   <div class='ocr_carea' id='block_1_103' title="bbox 403 4923 2059 5004">
    <p class='ocr_par' dir='ltr' id='par_1_103' title="bbox 403 4923 948 4989">
     <span class='ocr_line' id='line_1_103' title="bbox 403 4923 948 4989; baseline 0.004 -4"><span class='ocrx_word' id='word_1_695' title='bbox 403 4923 701 4988; x_wconf 90' lang='lat' dir='ltr'><strong>culorum.</strong></span> <span class='ocrx_word' id='word_1_696' title='bbox 721 4925 948 4989; x_wconf 84' lang='lat' dir='ltr'><strong>Amen.</strong></span> 
     </span>
    </p>
   </div>
   <div class='ocr_carea' id='block_1_104' title="bbox 2149 4923 2964 5004">
    <p class='ocr_par' dir='ltr' id='par_1_104' title="bbox 2149 4924 2964 5004">
     <span class='ocr_line' id='line_1_104' title="bbox 2149 4924 2964 5004; baseline -0.007 -18"><span class='ocrx_word' id='word_1_697' title='bbox 2149 4931 2322 4994; x_wconf 77' lang='grc' dir='ltr'>ιῖὤνας</span> <span class='ocrx_word' id='word_1_698' title='bbox 2352 4932 2457 4984; x_wconf 82' lang='grc' dir='ltr'><strong>τῶν</strong></span> <span class='ocrx_word' id='word_1_699' title='bbox 2491 4925 2721 4986; x_wconf 81' lang='grc' dir='ltr'>αἰώνων.</span> <span class='ocrx_word' id='word_1_700' title='bbox 2758 4924 2964 5004; x_wconf 79' lang='grc' dir='ltr'>Ἀμήν.</span> 
     </span>
    </p>
   </div>
   <div class='ocr_carea' id='block_1_105' title="bbox 481 5085 1040 5164">
    <p class='ocr_par' dir='ltr' id='par_1_105' title="bbox 481 5085 1040 5164">
     <span class='ocr_line' id='line_1_105' title="bbox 481 5085 1040 5164; baseline -0.004 -14"><span class='ocrx_word' id='word_1_701' title='bbox 481 5085 546 5137; x_wconf 74' lang='lat'><strong>35</strong></span> <span class='ocrx_word' id='word_1_702' title='bbox 572 5087 595 5150; x_wconf 94' lang='grc' dir='ltr'>Ι</span> <span class='ocrx_word' id='word_1_703' title='bbox 627 5085 765 5150; x_wconf 91' lang='lat' dir='ltr'><strong>Cor.</strong></span> <span class='ocrx_word' id='word_1_704' title='bbox 800 5105 903 5164; x_wconf 85' lang='lat' dir='ltr'><strong>vn,</strong></span> <span class='ocrx_word' id='word_1_705' title='bbox 941 5087 1040 5152; x_wconf 69' lang='lat' dir='ltr'><strong>3i.</strong></span> 
     </span>
    </p>
   </div>
   <div class='ocr_carea' id='block_1_106' title="bbox 485 5266 2005 5352">
    <p class='ocr_par' dir='ltr' id='par_1_106' title="bbox 485 5266 2005 5352">
     <span class='ocr_line' id='line_1_106' title="bbox 485 5266 2005 5352; baseline 0.004 -26"><span class='ocrx_word' id='word_1_706' title='bbox 485 5266 608 5351; x_wconf 65' lang='grc' dir='ltr'>(ιε)</span> <span class='ocrx_word' id='word_1_707' title='bbox 639 5268 967 5352; x_wconf 87' lang='lat' dir='ltr'><strong>Interpres,</strong></span> <span class='ocrx_word' id='word_1_708' title='bbox 998 5268 1288 5345; x_wconf 75' lang='lat' dir='ltr'><strong>Zenonis,</strong></span> <span class='ocrx_word' id='word_1_709' title='bbox 1325 5267 1426 5351; x_wconf 85' lang='lat' dir='ltr'><strong>qui</strong></span> <span class='ocrx_word' id='word_1_710' title='bbox 1469 5269 1660 5331; x_wconf 89' lang='lat' dir='ltr'><strong>Leoni</strong></span> <span class='ocrx_word' id='word_1_711' title='bbox 1693 5268 2005 5332; x_wconf 87' lang='lat' dir='ltr'><strong>successit.</strong></span> 
     </span>
    </p>
   </div>
  </div>
