4060 6206
420 234 576 333 1439

1680 260 1738 329 Μ
1743 261 1963 332 ENSIS
2002 262 2509 336 FEBRUARIUS.

3623 265 3777 341 ιιιο

419 394 813 474 nuptias,hmc
829 398 1160 486 sapiens,et
1176 419 1520 485 quaaacrem
1543 399 1707 465 illum
1723 406 2043 491 amatorem

2132 399 2242 481 δεν,
2295 406 2326 476 ἡ
2386 410 2527 491 σοφή
2578 406 2713 479 αὕτη
2771 405 2857 471 καί
2906 410 3000 472 τὸν
3037 409 3233 489 θερμὸν
3275 406 3504 491 ἐραστὴν
3566 410 3776 473 ἐκεῖνον

419 491 631 560 potens
652 501 781 553 erat
800 493 1209 575 depellere,ad
1225 514 1358 558 eum
1387 490 2050 574 miltens:Noli,inquit,

418 579 709 665 terparare
740 583 814 643 ad
839 586 1095 665 nuptias,
1121 585 1320 648 sciens
1353 586 1574 665 fore,ut
1600 602 1693 645 me
1713 598 1830 645 non
1859 581 2052 663 possis

418 661 590 757 aliter
609 661 1041 748 ducturusmisi
1070 661 1236 755 prius
1260 661 1523 757 prafecti
1549 691 1769 735 munus
1793 661 2048 751 accepe-

414 755 494 839 ris
520 755 592 814 ab
616 759 1118 831 imperatoreHaac
1148 755 1367 833 dicens,
1393 775 1592 839 aperte
1617 765 1959 824 ostendebat
1989 779 2051 822 se

414 837 591 903 talem
621 845 843 911 habere
866 862 1213 934 scopum,ut
1234 854 1283 916 si
1316 854 1415 915 ille
1434 837 1683 934 quidem
1711 868 1831 912 non
1870 868 2049 930 pare-

413 938 623 995 retaut
644 935 795 1000 forte
817 941 994 1003 etiam
1015 963 1132 1006 non
1153 944 1511 1021 posset,haec
1535 959 1653 1003 non
1671 939 1974 1002 imbecilla
1995 938 2052 1001 ei

418 1029 575 1082 esset
604 1029 837 1092 occasio
867 1032 939 1093 ad
986 1033 1365 1114 repellendas
1397 1031 1619 1094 Eleusii
1653 1028 1915 1110 nuptias.
1944 1027 2051 1091 Sin

417 1117 615 1172 autem
651 1132 785 1178 eum
818 1120 890 1181 ad
925 1122 1038 1185 hoc
1069 1122 1319 1185 haberet
1365 1140 1591 1182 morem
1625 1128 1958 1199 gerentem,
1993 1125 2052 1178 et

416 1212 449 1274 (Ι
459 1199 516 1261 ui
538 1201 596 1264 id
621 1212 862 1290 assequi
880 1211 1370 1293 possel,secundo
1384 1210 1607 1289 aliquid
1624 1210 1678 1271 ei
1703 1212 2045 1288 imperaret,

415 1296 509 1357 cui
542 1298 589 1358 si
623 1304 919 1381 paruisset
940 1311 1000 1364 et
1021 1302 1079 1364 id
1101 1302 1360 1377 fecisset,
1397 1309 1455 1362 et
1498 1300 1658 1360 illam
1690 1298 1752 1359 in
1783 1298 2047 1377 seipsum

416 1395 542 1447 erat
564 1386 923 1455 lucraturus.
950 1390 1056 1454 Sin
1079 1410 1218 1453 vero
1237 1410 1356 1453 non
1382 1392 1680 1470 paruisset
1697 1396 1753 1449 et
1771 1387 2047 1448 haesitas-

412 1483 526 1550 set,
561 1486 620 1539 et
648 1498 713 1541 se
745 1481 1024 1560 primum,
1078 1482 1301 1543 deinde
1336 1481 1467 1560 ejus
1493 1496 1736 1561 quoque
1769 1477 2050 1558 perderet

410 1565 670 1645 nuptias.
706 1568 872 1642 Quod
904 1579 1098 1633 autem
1136 1570 1272 1633 talis
1298 1581 1457 1632 esset
1487 1570 1619 1649 ejus
1647 1585 1889 1649 scopus,
1918 1586 2047 1628 mox

412 1656 689 1719 ostendet
714 1659 1076 1724 oratio.Nam
1101 1661 1206 1723 ille
1238 1660 1506 1742 quidem,
1531 1659 1812 1739 quoniam
1838 1665 2047 1737 captus

2135 494 2561 577 ἀποκρούσασθαι
2618 498 2812 571 δυνατὴ
2869 501 3255 576 ἀποστείλασα,
3314 505 3403 573 Μὴ
3448 503 3540 581 δὴ,
3604 505 3776 584 λέγει,

2135 586 2267 658 πρὸς
2327 590 2447 652 τοὺς
2491 589 2699 665 γάμους
2773 593 2968 648 σαυτὸν
3027 594 3405 672 παρεσκεύαζε,
3466 595 3782 672 γινώσκων,

2132 675 2208 738 ὡς
2238 679 2333 735 οὐκ
2362 676 2424 733 ἂν
2458 677 2636 741 ἄλλως
2668 679 2764 745 ἐμὲ
2795 680 3106 757 ληψόμενος
3167 684 3211 738 εἰ
3243 683 3320 758 μὴ
3351 685 3446 751 τὴν
3474 694 3573 744 τοῦ
3608 685 3782 762 ἐπάρ-

2135 785 2240 853 χου
2302 767 2558 846 πρότερον
2620 769 2679 826 ἐκ
2753 770 3017 846 βασιλέως
3069 769 3254 835 λάϐοις
3312 772 3494 853 ἀρχήν
3529 793 3544 807 ³
3612 781 3784 831 ταῦτα

2132 850 2364 930 λέγονσα
2393 854 2532 926 δήλη
2561 857 2627 925 ἦν
2648 865 2889 915 τοιοῦτον
2910 861 3113 939 ἔχουσα
3137 865 3227 917 τὸν
3258 850 3568 934 annuendi;
3601 864 3646 919 εἰ
3679 863 3784 938 μὲν

2135 941 2343 1008 ἐκεῖνος
2387 945 2447 1001 ού
2478 948 2733 1028 πείθοιτο,
2769 949 2804 1017 ἢ
2835 952 3005 1029 τυχὸν
3042 951 3132 1007 καὶ
3162 950 3240 1026 μὴ
3268 949 3476 1007 δύναιτο
3507 952 3784 1031 πρόφασις

2134 1035 2270 1109 αὒτῇ
2327 1034 2424 1091 οὒκ
2467 1036 2755 1115 ἀνίσχυρος
2813 1038 3128 1096 ἀπώσασθαι
3187 1040 3309 1104 τοὺς
3358 1037 3637 1098 Ἐλευσίου
3669 1042 3784 1118 γά-

2134 1141 2290 1195 μους’
2330 1125 2373 1180 εἰ
2403 1122 2459 1180 δὲ
2489 1123 2642 1182 λάϐοι
2673 1128 2797 1203 πρὸς
2828 1135 2982 1185 τοῦτο
3005 1131 3303 1196 καταπειθῆ
3336 1131 3423 1187 γαὶ
3454 1129 3774 1205 δυνάμενον,

2132 1209 2281 1289 ἔχειν
2326 1235 2377 1270 τι
2422 1217 2507 1270 καὶ
2537 1213 2778 1294 δεύτερον
2821 1218 3150 1299 ἐπιτάττειν,
3181 1222 3227 1292 ᾧ
3266 1219 3506 1284 πεισθείς
3539 1220 3638 1295 μὲν
3681 1221 3775 1277 καὶ

2131 1298 2349 1381 δράσας,
2394 1303 2645 1371 κάκείνην
2701 1305 2943 1383 κερδήσει
3002 1309 3091 1364 καὶ
3136 1298 3331 1364 ἑαυτόν
3366 1325 3382 1340 ⁶
3418 1310 3495 1382 μὴ
3540 1313 3778 1374 πεισθεὶς

2132 1388 2188 1446 δὲ
2230 1393 2320 1448 καὶ
2364 1391 2670 1471 ἂπορῥήσας
2713 1396 2900 1452 ἑαυτόν
2944 1418 3001 1452 τε
3063 1403 3297 1477 πρῶτον,
3352 1401 3475 1454 εἶτα
3513 1401 3597 1454 καί
3639 1400 3774 1462 τοὺς

2131 1478 2359 1541 ἐκείνους
2409 1481 2616 1560 γάμους
2686 1483 3078 1561 προσαπολέσει
3115 1503 3130 1521 ·
3194 1484 3276 1542 ὅτι
3348 1484 3406 1542 δὲ
3479 1489 3507 1544 6
3565 1490 3773 1551 σκοπὸς

2128 1577 2392 1650 τοιοῦτος,
2441 1570 2667 1638 δηλήσει
2709 1573 2846 1629 κατὰ
2880 1571 3047 1638 πόδας
3088 1577 3115 1630 6
3159 1575 3320 1653 λόγος
3357 1592 3371 1605 ⁶
3410 1577 3438 1632 6
3500 1576 3599 1651 μὲν
3644 1577 3774 1656 γὰρ,

2129 1658 2243 1717 ἐπεὶ
2303 1661 2501 1728 ταύτης
2546 1663 2813 1742 κατάκρας
2875 1662 3039 1737 ἑάλω,
3114 1662 3286 1724 πάντα
3345 1664 3489 1722 λίθον
3544 1668 3777 1737 κινήσας

413 1753 543 1806 erat
572 1765 810 1811 summo
835 1752 965 1831 ejus
986 1770 1358 1823 amore,cum
1385 1768 1624 1810 omnem
1661 1750 1941 1810 movisset
1968 1746 2043 1808 la-

2131 1749 2219 1805 καὶ
2268 1749 2468 1808 πολλοῦ
2516 1752 2737 1830 χρυσίου
2782 1755 2880 1820 τὴν
2924 1753 3105 1833 ἀρχὴν
3148 1754 3523 1834 ὠνησάμενος,
3568 1755 3779 1831 πέμπει

412 1833 644 1918 pidem,
670 1847 728 1902 et
758 1839 1013 1920 plurima
1044 1841 1299 1922 pecunia
1331 1840 1573 1901 emisset
1608 1837 2045 1916 magistratum,

411 1922 588 1986 mittit
607 1928 680 1989 ad
709 1930 1341 2008 puellam,signiticans
1365 1941 1422 1991 et
1441 1947 1505 1990 se
1530 1927 1586 1990 ei
1606 1946 1890 2008 sponsum
1917 1945 2047 1988 eva—

410 2011 565 2102 sisse
597 2016 1005 2096 clariorem,et
1027 2022 1151 2102 jam
1176 2020 1485 2099 postulans
1509 2018 1885 2099 nuptialela
1907 2034 2045 2079 vero

410 2099 777 2191 {necessario
825 2108 986 2169 enim
1031 2099 1248 2189 aperit,
1283 2108 1442 2191 quod
1473 2108 1672 2169 animo
1705 2106 1989 2185 agitabat)
2023 2126 2038 2167 :

408 2186 622 2269 Dicite,
657 2196 738 2257 ait
781 2197 855 2258 iis
880 2199 984 2279 qui
1016 2186 1183 2261 missi
1213 2186 1448 2260 fuerant
1485 2196 1558 2259 ab
1589 2195 1830 2258 Eleusio
1867 2217 1880 2257 :
1917 2197 2042 2258 haec

3748 1852 3773 1862 ς

2131 1844 2199 1915 τῇ
2239 1838 2374 1917 κόρῃ
2403 1839 2777 1919 λαμπρότερόν
2844 1863 2892 1897 τε
2933 1844 3026 1897 τὸν
3065 1843 3287 1922 νυμφίον
3344 1843 3590 1920 γενέσθαι
3638 1845 3780 1922 αὖτῇ

2130 1928 2374 2003 μηνύων,
2433 1930 2521 1985 καὶ
2578 1932 2670 1986 τὸν
2728 1930 2902 2008 γάμον
2963 1929 3067 1998 ἤδη
3127 1940 3509 2009 προσαπαιτῶν
3543 1951 3559 1965 ⁸
3623 1936 3660 2002 ἡ
3721 1933 3778 1990 δὲ

2134 2014 2252 2096 (καὶ
2298 2019 2397 2097 γὰρ
2464 2018 2768 2097 ἀναγκαίως
2830 2019 3157 2078 ἐκκαλύπτει
3216 2023 3278 2078 τὸ
3334 2022 3772 2104 βουλευόμενον),

2130 2104 2336 2164 Εἴπατε
2382 2109 2512 2186 πρὸς
2549 2110 2672 2170 τοὺς
2722 2108 3119 2172 ἀποσταλέντας
3168 2108 3448 2184 Ἐλευσίῳ,
3484 2116 3637 2192 φησὶ,
3682 2112 3770 2169 ὅτι

2126 2202 2290 2252 ταῦτα
2335 2196 2432 2271 μὲν
2478 2195 2654 2259 ἄλλως
2690 2212 2704 2229 ‘
2763 2198 2824 2253 σὺ
2881 2196 2937 2254 δὲ
2981 2198 3047 2266 ἣν
3092 2200 3168 2273 μὴ
3198 2206 3276 2273 τῷ
3308 2198 3424 2274 ἒμῳ
3453 2203 3766 2280 προσκυντξ-

406 2282 647 2360 quidem
710 2297 871 2349 recte
932 2307 996 2350 se
1041 2288 1264 2351 habent
1297 2305 1311 2351 :
1370 2298 1429 2351 tu
1460 2299 1659 2349 autem
1689 2286 1802 2347 nisi
1839 2304 2037 2347 meum

2128 2307 2224 2362 σῃς
2271 2291 2387 2358 Θεῷ
2428 2288 2514 2343 καὶ
2571 2288 2629 2342 ὃν
2662 2287 2768 2365 ἐγὼ
2794 2285 3068 2365 πρεσϐεύω
3101 2287 3388 2356 Δεσπότην
3416 2289 3768 2368 ὁμολογήσας

403 2369 591 2434 Deum
617 2375 980 2461 adoraveris,
1016 2389 1075 2442 et
1095 2398 1275 2459 quem
1301 2398 1410 2458 ego
1433 2377 1567 2440 colo
1590 2375 1937 2450 Dominum,
1975 2383 2039 2437 tu

2128 2376 2238 2449 σὸν,
2304 2376 2486 2454 ἑτέραν
2549 2377 2697 2449 ζήτει
2745 2378 2843 2446 τὴν
2914 2378 3333 2448 συνοικήσουσαν
3368 2393 3383 2409 ·
3438 2386 3607 2436 ταῦτα
3666 2382 3773 2459 γὰρ

404 2479 646 2541 quoque
680 2474 845 2528 tuum
882 2486 1015 2530 esse
1048 2468 1229 2530 fueris
1256 2468 1591 2542 confessus,
1627 2484 1831 2547 quare
1861 2465 2038 2527 aliam

2128 2465 2215 2521 καὶ
2276 2465 2414 2540 μόνα
2472 2464 2770 2533 ’[ουλιανῆς
2848 2463 2993 2541 ἕδνα,
3055 2468 3143 2523 καὶ
3196 2469 3226 2522 6
3289 2468 3366 2541 μὴ
3425 2470 3593 2527 ταύτᾶ
3650 2470 3778 2543 ἐμοὶ

405 2569 536 2631 Qum
569 2560 758 2617 tecum
807 2557 1072 2635 habitet;
1124 2558 1244 2620 hoc
1272 2557 1432 2619 enim
1466 2565 1557 2618 est
1586 2557 1677 2617 vel
1709 2554 1904 2617 solum
1935 2556 2042 2617 ,ιιι-

2128 2556 2364 2629 νομίζων
2409 2553 2534 2632 παρ’
2580 2555 2762 2632 ἑτέραν
2810 2555 3079 2635 χωρείτω.
3140 2558 3203 2613 Οἱ
3265 2557 3362 2630 μὲν
3423 2557 3770 2636 ἀπήγγελον·

405 2639 578 2703 lianac
606 2642 1085 2719 fundamentum,
1114 2657 1170 2709 et
1200 2647 1302 2725 qui
1335 2665 1454 2708 non
1488 2644 1725 2720 eadem,
1749 2663 1879 2726 quae
1910 2662 2040 2722 ego,

2128 2645 2155 2699 6
2199 2642 2254 2699 δὲ
2300 2644 2555 2720 ἐθυμοῦτο
2610 2647 2699 2702 καὶ
2742 2646 2833 2701 τὸν
2876 2646 3082 2725 πατέρα
3140 2646 3340 2712 ταύτης
3399 2651 3776 2725 μεταπεμψά-

404 2729 684 2820 opinatur
714 2736 883 2798 vadat
910 2738 980 2799 ad
1003 2737 1405 2818 aliam.Alque
1426 2735 1512 2796 illi
1545 2734 1788 2816 quidem
1821 2752 2043 2795 renun-

2128 2755 2313 2813 μενος,
2342 2735 2516 2792 πάντα
2546 2757 2602 2793 τε
2649 2734 2897 2816 διηγεῖτο
2949 2737 3038 2794 καὶ
3066 2748 3182 2801 τοῖς
3218 2735 3401 2815 λόγοις
3429 2739 3658 2820 συνείρει
3686 2742 3779 2797 καὶ

305 2816 310 2821 ’
404 2817 628 2883 tiarunt
664 2844 678 2887 :
714 2824 817 2889 ille
850 2845 986 2889 vero
1020 2828 1126 2890 fuit
1156 2827 1244 2889 ira
1274 2816 1634 2900 commotus,
1672 2834 1730 2885 et
1760 2842 1894 2885 cum
1932 2842 2041 2904 pa-

404 2916 561 2972 trem
595 2915 726 2994 ejus
756 2917 1193 2994 accersivisset,
1228 2916 1430 2980 omnia
1459 2914 1815 2991 narravit,et
1844 2912 2045 2978 verbis

404 3017 643 3083 quoque
676 3005 951 3085 adjunxit
981 3008 1193 3069 minas.

2124 2825 2376 2889 ἀπειλάς.

487 3091 590 3156 lll.
624 3095 770 3157 Cum
792 3106 986 3158 autem
1014 3098 1139 3159 haec
1162 3098 1259 3159 ille
1282 3096 1736 3177 audivisset,qui
1756 3102 1883 3157 erat
1913 3094 2043 3176 ipse

2208 3099 2294 3154 I".
2334 3094 2595 3161 Ἀκούσας
2637 3092 2693 3152 δὲ
2751 3095 3003 3159 κάκεῖνος
3058 3092 3329 3176 ἅνθρωπος
3366 3099 3472 3175 περὶ
3497 3096 3592 3179 τήν
3620 3096 3763 3157 Ἐλο

404 3199 642 3262 quoque
664 3182 903 3245 deditus
925 3187 1234 3262 gentilium
1259 3185 1422 3247 falsae
1447 3185 1748 3265 religioni,
1777 3203 1895 3245 non
1922 3183 2040 3244 mi-

403 3271 536 3330 nori
568 3290 742 3350 quam
766 3277 892 3353 ipse
911 3273 1113 3336 furore
1146 3275 1429 3356 percitus,
1466 3283 1523 3336 et
1545 3293 1672 3336 rem
1698 3274 2044 3336 rescivisset

404 3372 525 3415 non
551 3362 739 3419 solum
788 3376 990 3432 praeter
1030 3380 1213 3436 spem,
1258 3366 1358 3423 sed
1385 3367 1554 3423 etiam
1579 3376 1785 3439 praater
1805 3366 2043 3435 opinio-

409 3445 769 3510 nem,dolore
790 3450 1024 3520 quidem
1050 3451 1299 3508 afﬁcitur
1328 3459 1388 3508 ut
1407 3461 1589 3524 pater,
1617 3452 1883 3509 irascitur
1909 3465 2042 3508 vero

405 3541 650 3613 propter
671 3552 882 3597 novam
902 3536 1256 3616 religionem
1283 3558 1295 3596 ;
1324 3546 1383 3599 et
1404 3538 1601 3599 statim
1635 3556 1768 3599 cum
1801 3538 2045 3599 domum

403 3628 959 3713 venisset,primurn
986 3631 1229 3711 quidem
1257 3631 1404 3694 nihil
1428 3650 1707 3712 asperum
1742 3650 1855 3693 nec
1875 3649 2045 3699 acer-

405 3716 545 3778 bum
573 3718 718 3779 dicit
741 3718 1261 3800 virgini,dubitans
1285 3739 1359 3782 ne
1379 3722 1462 3783 sic
1486 3721 1667 3801 magis
1689 3740 1817 3782 eam
1837 3719 2049 3782 incita-

404 3815 496 3868 ret
517 3806 587 3869 ad
614 3810 1036 3881 constantiam;
1061 3810 1453 3889 sedjucunde
1478 3812 1675 3889 potius
1697 3817 1755 3871 et
1774 3818 2042 3890 paterae:

404 3895 512 3957 Dic
570 3895 741 3966 mihi,
797 3898 1017 3979 inquit,
1076 3898 1199 3960 ﬁlia
1260 3899 1636 3975 charissima,
1665 3908 1724 3960 et
1753 3908 1918 3977 grata
1949 3901 2047 3962 lux

407 4004 680 4047 meorum
705 3987 1303 4069 oculorum,quanam
1328 3990 1405 4050 de
1424 4007 1604 4050 causa
1622 4007 1776 4067 aagre
1802 3991 1921 4050 fers
1946 4007 2050 4049 nu-

406 4075 581 4155 ptias,
617 4086 674 4136 et
704 4076 951 4157 repellis
1007 4077 1352 4157 prmfectum
1378 4077 1403 4140 ἲ
1433 4077 1542 4140 Illa
1574 4096 1736 4158 vero,
1771 4078 1954 4140 veluti
1987 4085 2046 4140 in

401 4164 646 4227 auribus
676 4166 938 4241 quodam
966 4186 1248 4249 percussa
1266 4167 1532 4230 stimulo:
1556 4168 1793 4243 Desine,
1818 4169 2040 4245 inquit,

407 4263 572 4333 pater
604 4276 616 4314 :
647 4257 784 4334 juro
813 4255 973 4317 enim
1011 4275 1202 4318 meam
1235 4275 1431 4337 spem,
1486 4257 1805 4319 Dominum
1841 4276 2041 4319 meum

2125 3187 2353 3253 ληνικην
2397 3185 2706 3264 θρησκείαν,
2781 3184 2898 3241 κατ’
2956 3186 3080 3242 ’ίσον
3141 3189 3286 3261 αὒτῴ
3343 3188 3600 3263 μεμηνὼς
3659 3192 3767 3247 καὶ

2125 3280 2345 3352 πρᾶγμα
2388 3275 2449 3332 ού
2498 3274 2625 3351 παρ’
2679 3273 2866 3332 ἐλπίδα
2898 3275 3084 3353 μόνον,
3118 3275 3258 3334 ἀλλᾶ
3286 3280 3375 3335 καὶ
3407 3279 3630 3355 γνώμην
3662 3299 3769 3354 με·

2125 3365 2409 3439 μαθηκὼς,
2463 3367 2714 3421 λυπεῖται
2746 3366 2843 3440 μὲν
2896 3367 2969 3429 ὡς
3020 3367 3223 3446 πατὴρ,
3268 3368 3534 3446 ὀργίζεται
3566 3366 3626 3424 δὲ
3679 3366 3771 3425 διά

2137 3454 2229 3521 τὴν
2278 3455 2395 3531 περὶ
2439 3455 2502 3510 τὸ
2544 3452 2705 3519 σέϐας
2753 3455 3124 3531 καινοτομίαν,
3178 3458 3266 3514 καὶ
3322 3457 3622 3535 παραυτίκα
3666 3459 3768 3525 τὴν

2131 3545 2299 3601 οἰκίαν
2354 3542 2693 3613 καταλαϐὼν,
2749 3551 2933 3619 πρῶτα
2992 3545 3091 3620 μὲν
3172 3545 3322 3604 οὐδὲν
3380 3546 3593 3625 ὀργίλον
3647 3545 3772 3607 υνῖιδέ

2131 3633 2321 3710 πικρὸν
2376 3631 2523 3710 λέγει
2578 3636 2710 3712 πρὸς
2767 3636 2867 3701 την
2925 3634 3199 3713 παρθένον,
3258 3637 3622 3715 ὓποπτεύσας,
3684 3637 3771 3712 μὴ

2132 3723 2272 3780 οὕτω
2314 3721 2521 3798 μᾶλλον
2550 3725 2684 3799 αὗτῇ
2714 3724 2812 3792 τὴν
2845 3724 3134 3781 ἀνάστασιν
3174 3726 3381 3805 ἓρεθίσῃ
3414 3746 3431 3795 ;
3465 3723 3670 3784 Ἡδέως
3713 3724 3773 3782 δὲ

2132 3812 2278 3888 μάλα
2324 3815 2410 3869 καὶ
2468 3813 2740 3890 πατρικῶς
2778 3830 2792 3845 ⁸
2857 3812 2991 3891 Λέγε
3043 3835 3161 3889 μοι,
3209 3814 3337 3891 ἔφη,
3371 3829 3476 3871 παῖ
3506 3814 3770 3895 φιλτάτη,

2130 3905 2218 3958 καὶ
2261 3901 2373 3980 φῶς
2420 3901 2753 3980 ἑπιχαριτῶν
2796 3901 2941 3974 ἐμῶν
2972 3901 3282 3981 ὀφθαλμῶν,
3318 3901 3443 3958 ὅτου
3471 3902 3635 3980 χάριν
3678 3904 3775 3957 τὸν

2129 3991 2304 4068 γάμον
2346 4012 2404 4046 τε
2453 3989 2818 4069 δυσχεραίνεις
2861 3992 2949 4047 καὶ
2997 3991 3086 4047 τόν
3118 3991 3358 4072 ἔπαρχον
3389 3990 3566 4066 ἀπειθῇ
3602 4010 3616 4024 ·
3651 3993 3685 4059 ἡ
3714 3990 3775 4047 δὲ

2130 4080 2310 4157 ὥσπερ
2361 4102 2412 4136 τι
2469 4078 2673 4155 κέντρῳ
2734 4078 3011 4157 πληγεῖσα
3063 4083 3162 4147 τὴν
3222 4080 3392 4150 ἄκοήν
3428 4098 3443 4114 .
3479 4077 3771 4158 tenax“,

2123 4171 2252 4251 ἔφη,
2290 4170 2455 4247 πάτερ
2489 4187 2504 4202 ⁸
2537 4166 2721 4244 ὅμνυνι
2766 4170 2866 4246 γὰρ
2915 4169 3014 4236 τὴν
3058 4168 3196 4244 ἐμὴν
3255 4166 3468 4249 ἐλπίδα,
3514 4171 3607 4224 τὸν
3640 4169 3775 4243 ἐμὸν

2129 4261 2409 4326 Δεσπότην
2468 4260 2721 4335 Χριστὸν,
2782 4259 2825 4313 εἰ
2883 4258 2960 4332 μὴ
3010 4263 3106 4325 τῆς
3137 4256 3295 4325 δόξης
3327 4257 3611 4336 πρότερον,
3647 4256 3772 4314 οὖδὲ

405 4342 787 4420 Christum,si
810 4365 929 4407 non
957 4346 1123 4427 prius
1144 4347 1326 4408 fuerit
1347 4365 1494 4409 mese
1510 4347 2043 4427 opinionis,neque

2128 4357 2216 4407 τοῦ
2272 4350 2447 4427 γάμου
2504 4348 2759 4410 κοινωνὸς
2822 4346 2968 4405 ἔσται
2999 4362 3014 4378 ⁸
3071 4348 3121 4404 τί
3175 4348 3276 4426 γὰρ
3335 4346 3399 4403 ἂν
3467 4347 3559 4415 εἴη
3606 4348 3769 4404 τοῦτο

405 4434 519 4494 erit
542 4454 807 4496 mearum
830 4437 1165 4517 nuptiarum
1185 4435 1665 4517 particeps.Quid
1688 4436 1846 4497 enim
1866 4436 2043 4498 fuerit

2128 4439 2329 4517 ἕτερον,
2386 4438 2422 4507 ἢ
2467 4435 2678 4510 σώματι
2720 4437 2934 4493 πάντως
2979 4436 3434 4514 συναπτομένοδς,
3474 4448 3597 4498 ταῖς
3648 4441 3763 4507 ψυ-

403 4522 517 4584 hoc
548 4524 916 4602 aliud,quam
945 4545 1197 4606 corpore
1228 4526 1472 4587 omnino
1498 4527 1871 4605 conjunctes,
1906 4544 2039 4587 esse

2128 4541 2259 4608 χαϊς
2317 4525 2609 4600 πολεμίους
2671 4530 2860 4599 εἶναι;
2925 4527 3100 4600 Θυμὸς
3141 4526 3342 4602 πατέρα
3402 4523 3667 4603 κατέσχεν
3697 4528 3765 4583 οὗ

404 4613 608 4674 hostes
627 4615 874 4678 animis?
895 4614 1025 4676 Non
1051 4615 1380 4678 tolerabilis
1408 4615 1495 4677 ira
1529 4624 1756 4696 patrem
1788 4614 2035 4692 invadit;

2128 4619 2354 4695 φορητὸς
2387 4618 2503 4687 καί,
2540 4610 2603 4669 Ὦ
2637 4614 2793 4694 αὕτη,
2845 4616 3155 4692 μωραίνεις,
3208 4615 3308 4694 ἔφη
3345 4634 3359 4648 ’
3394 4615 3481 4672 καὶ
3510 4614 3765 4689 βασάνων

403 4703 830 4784 et,Desipisne,
860 4706 1140 4786 inquit,ct
1158 4725 1322 4768 amas
1348 4706 1671 4769 tormenta?
1691 4706 2034 4779 Tormenta,

2128 4707 2265 4783 ἐρᾷς,
2323 4706 2557 4782 βασανον
2616 4704 2776 4760 εἶπον
2811 4720 2825 4736 '
2917 4706 2982 4770 νὴ
3063 4704 3182 4766 τοὺς
3261 4703 3547 4781 μεγίστους
3605 4704 3765 4765 θεοὺς

400 4791 556 4854 dixi?
578 4795 689 4855 Per
711 4793 998 4857 maximos
1017 4795 1516 4875 deosApolliuem
1541 4795 2039 4870 etl)ianam,feris

2128 4795 2442 4853 Ἀπόλλωνά
2506 4814 2564 4849 τε
2609 4794 2699 4849 καὶ
2751 4792 3035 4870 θἈρτὲμιν,
3094 4794 3247 4870 θηρσὶ
3271 4795 3361 4849 καὶ
3397 4792 3512 4848 κυσὶ
3549 4792 3613 4847 τὸ
3664 4793 3766 4848 σὸν

402 4891 463 4943 et
491 4882 743 4945 canibus
799 4892 965 4945 tuum
1024 4902 1241 4963 corpus
1289 4883 1565 4963 objiciam
1601 4883 2033 4946 devorandum.

398 4971 612 5054 Μαι-ιμ’
635 4973 959 5048 vero,Quid
981 4973 1538 5052 cunctaris?inquit:
1568 4974 1810 5036 veniant
1830 4992 2033 5048 canes,

399 5060 639 5124 veniant
670 5063 832 5125 fera).
865 5073 1043 5144 atque
1094 5062 1246 5123 adeo
1283 5061 1479 5123 multa:
1524 5069 1770 5135 mortes,
1806 5063 1858 5123 si
1906 5062 2037 5123 ticri

402 5152 611 5231 possit,
646 5171 751 5233 pro
786 5170 925 5215 una.
963 5151 1230 5214 Lmtabor
1260 5152 1443 5226 enim,
1471 5169 1630 5231 saepe
1662 5170 1768 5232 pro
1801 5152 2036 5214 Christo

402 5242 757 5316 moriens,et
777 5244 1081 5325 accipiens
1106 5242 1322 5305 multas
1338 5242 1873 5304 remunerationes.
1889 5243 2037 5304 Rur-

402 5348 505 5391 sus
526 5343 728 5394 autem
762 5332 864 5394 ille
893 5332 1147 5394 callidus
1176 5349 1528 5412 generosam
1563 5330 1852 5408 virginem
1876 5332 2039 5393 varie

401 5423 704 5489 invadens,
739 5430 1018 5482 terrorem
1044 5428 1234 5482 statim
1268 5424 1546 5495 relinquit
1568 5432 1622 5480 et
1646 5426 2036 5495 asperitatem.

402 5518 463 5569 et
486 5509 558 5571 ad
593 5509 844 5588 primam
889 5510 1042 5571 viam
1076 5510 1417 5582 revertitur,
1448 5527 1585 5571 cum
1633 5516 1691 5570 et
1724 5517 2036 5589 paternum

403 5594 774 5664 desiderium
814 5607 874 5662 et
903 5599 1042 5663 hinc
1087 5599 1300 5680 religio
1332 5617 1401 5662 ex
1435 5616 1602 5681 aequo
1647 5615 1783 5661 eum
1817 5598 2034 5663 distra-

2119 4888 2275 4958 σῶμα
2333 4884 2518 4963 ἑψήσω
2568 4882 2753 4960 βοράν,
2791 4883 2887 4940 Καὶ
2916 4884 2951 4950 ἡ
2985 4883 3183 4961 μάρτυς
3220 4901 3237 4917 '
3272 4884 3331 4941 Τί
3365 4879 3420 4938 δὲ
3480 4879 3699 4942 μέλλεις
3744 4898 3767 4956 ;

2120 4974 2350 5029 ε’ἔτωσαν
2384 4973 2545 5049 [fort.
2572 4969 2806 5050 ἴτωσαν]
2829 4972 2920 5027 καὶ
2935 4975 3109 5046 κύνες,
3143 4972 3374 5028 εἴτωσαν
3402 4969 3582 5049 [ἴση.
3617 4970 3766 5025 ἴτω-

2120 5066 2242 5137 σαν)
2272 5064 2358 5118 καὶ
2414 5067 2599 5140 θῆρες,
2653 5063 2742 5116 καὶ
2776 5062 2990 5117 θάνατοι
3030 5060 3106 5136 δὲ,
3142 5060 3307 5121 εἴτις
3339 5058 3582 5135 δύναμις,
3646 5058 3766 5113 ἀνθ’

2121 5153 2237 5216 ἑνὸς
2294 5149 2486 5208 πολλοί
2521 5167 2534 5181 '
2591 5151 2895 5220 ἡσθήσομαι
2947 5150 3046 5228 γὰρ
3079 5148 3338 5213 πολλάκις
3370 5147 3499 5222 ὑπὲρ
3531 5153 3765 5223 Χριστυῦ

2119 5243 2423 5313 θνήσκονσα
2502 5239 2591 5295 καὶ
2673 5237 2879 5303 πολλὸς
2952 5238 3293 5320 ἐκδεχομένη
3349 5238 3443 5301 τὰς
3498 5234 3760 5307 ἀμοιϐάς.

2123 5330 2286 5386 Παλιν
2345 5332 2372 5385 6
2417 5327 2588 5391 δεινὸς
2638 5326 2842 5392 ἐκεῖνος
2892 5329 3146 5394 ποικίλως
3179 5329 3277 5396 τὴν
3305 5328 3550 5405 γενναίαν
3591 5344 3761 5401 περι-

2121 5419 2441 5501 ερχόμενος,
2475 5419 2536 5474 τὸ
2588 5416 2685 5492 μὲν
2728 5414 2949 5496 φοϐερὸν
2992 5418 3169 5475 ἐκεῖνο
3211 5418 3299 5474 καὶ
3349 5414 3520 5493 τραχὺ
3576 5434 3760 5469 κατα-

2121 5510 2320 5589 λείπει,
2353 5507 2447 5565 ἒπΐ
2504 5508 2565 5563 τὲ
2607 5507 2706 5573 τὴν
2765 5504 2986 5583 πρώτην
3015 5508 3212 5589 ἒχώρει
3243 5501 3460 5582 μέθοδον
3489 5501 3573 5559 ἐπ’
3625 5500 3759 5566 ἴσης

2121 5600 2208 5660 καὶ
2253 5608 2343 5661 τοῦ
2392 5598 2551 5657 πόθου
2607 5605 2700 5656 τοῦ
2729 5604 2985 5674 πατρικοῦ
3014 5601 3229 5666 καὶτῆς
3270 5592 3555 5676 θρησκείας
3609 5590 3756 5648 ἔνθεν
