4028 6202
189 322 351 398 1441
1508 308 1698 394 VITA
1753 324 1815 391 s.

1937 306 2243 395 ILIAN/E.
3406 322 3558 404 1442

182 463 559 545 μεριζομένων
637 462 796 521 αὐτὸν
845 461 934 520 καὶ
999 459 1339 520 παντοδαπὸν
1399 461 1688 518 ποιούντων
1749 462 1837 519 καὶ

1937 466 2155 531 herent.
2190 470 2249 553 et
2301 470 2365 525 ut
2395 482 2460 526 se
2490 462 2552 525 in
2586 481 2825 527 omnem
2859 473 3087 546 partem
3116 476 3402 553 verteret,
3436 473 3561 535 effi-

183 553 279 612 διὰ
322 562 478 612 τοῦτο
528 557 710 611 πειθοῖ
774 552 936 612 πάλιν
982 552 1143 620 αὒτὴν
1184 553 1273 609 καὶ
1304 551 1610 614 κολακείαις
1656 574 1834 631 παρα-

1937 552 2228 616 :erent.Et
2256 553 2391 616 ideo
2424 555 2811 635 persuasione
2841 565 2899 618 et
2930 558 3235 622 blanditiis
3270 551 3399 623 eam
3434 581 3565 624 rur-

186 658 390 724 ταγεῖν
420 644 696 704 ἔσπευδεν.

1937 662 2023 706 ius
2053 642 2335 706 studebat
2366 644 2677 707 inducere.

276 733 370 793 A'.
408 724 499 798 Ὠς
531 730 587 788 δὲ
618 734 653 801 ἡ
685 732 783 808 μὲν
802 730 1009 798 ἥκίστα
1040 731 1215 811 ε’ίκεν,
1254 733 1281 789 6
1312 730 1366 788 δὲ
1396 731 1648 812 ἠνόχλει,
1682 730 1837 811 φθέγο

2002 732 2257 796 IV;Cum
2282 741 2481 795 autem
2506 733 2609 795 illa
2630 732 2871 814 quidem
2898 736 3144 799 minime
3168 739 3435 818 cederet,
3463 741 3565 805 ille

186 823 349 900 γεταί
398 844 449 879 τι
508 820 606 879 καί
650 820 831 899 ἕτερον
887 822 923 890 ἡ
971 822 1169 898 μάρτυς
1227 819 1525 899 παρρησίας
1586 823 1781 895 μεστόν
1816 835 1831 853 ⁸

1937 840 2061 884 vero
2088 831 2369 902 pergeret
2391 840 2525 884 esse
2557 824 2868 896 molestus,
2903 835 3124 907 martyr
3141 828 3367 909 aliquid
3400 832 3563 893 aliud

188 913 408 989 Μήτιγε
453 912 538 967 καὶ
586 911 673 984 σὺ,
707 910 943 990 φαμένη,
978 924 1100 974 τοῖς
1128 923 1247 975 σοῖς
1283 910 1472 985 ὅμοιος
1495 913 1633 977 ἦσθα
1662 913 1834 988 θεοῖς,

1937 912 2209 992 loquitur,
2237 911 2396 993 quod
2420 912 2660 993 plenum
2686 921 2811 975 erat
2834 914 3053 976 fiducia
3084 926 3141 978 et
3165 918 3450 999 loquendi
3482 920 3563 981 li-

189 1004 309 1057 ὧτα
346 1002 445 1076 μὲν
486 999 656 1079 ἔχων,
689 999 900 1056 ἀκούων
956 998 1013 1055 δὲ
1066 997 1362 1079 οὐδαμῶς;
1411 1004 1470 1059 οὒ
1532 1001 1697 1056 ταῦτά
1753 1022 1838 1058 σοι

1937 1004 2178 1064 bertate:
2204 1001 2502 1081 Numquid
2530 1009 2589 1064 tu
2612 1021 2851 1080 quoque
2875 1010 3015 1078 eris,
3042 997 3273 1082 dicens,
3307 1008 3421 1070 tuis
3450 1008 3565 1072 diis

190 1088 429 1168 λέγουσα
458 1091 563 1166 πρὸ
607 1095 800 1167 μικροῦ
848 1110 940 1163 καὶ
974 1088 1134 1165 ὅρκον
1165 1088 1389 1167 ἐπῆγον,
1427 1091 1499 1155 ὡς
1532 1088 1680 1146 οὗδέν
1722 1088 1840 1165 ἐμοὶ

1937 1090 2167 1163 similis,
2194 1108 2373 1153 aures
2401 1091 2639 1172 quidem
2663 1091 2918 1164 habens,
2952 1094 3203 1159 minime
3223 1106 3420 1160 autem
3453 1118 3564 1161 au-

192 1181 287 1236 καὶ
350 1177 610 1252 Ἐλευσίῳ
666 1178 746 1251 μὴ
812 1178 1077 1234 πεισθέντι
1136 1183 1500 1257 προσκυνῆσαι
1562 1180 1843 1256 Χριστὸνς

1937 1179 2271 1243 diens?Non
2288 1180 2413 1242 haec
2428 1180 2533 1241 tibi
2557 1180 2765 1243 dicens
2790 1182 2961 1263 paulo
2981 1186 3562 1266 ante,jusjurandum

192 1266 354 1326 Ἐπεὶ
381 1266 522 1324 οὕτω
563 1266 831 1345 λεγούσης
859 1265 1053 1334 ἤκουεν
1102 1269 1130 1323 6
1187 1268 1389 1346 πατὴρ,
1447 1266 1659 1345 φυλακῇ
1708 1267 1841 1323 ταύ-

192 1379 300 1425 την
344 1355 551 1413 δίδωσιν
587 1372 601 1387 ’
691 1361 814 1413 εἶτα
869 1357 1057 1419 νυκτὸς
1113 1355 1273 1413 πάλιν
1330 1357 1495 1425 αὐτὴν
1556 1378 1841 1432 μεταπεμ-

194 1448 444 1524 ψάμενος
475 1447 829 1526 ἀπεπειρᾶτο,
863 1444 918 1501 εἷ’
972 1468 1025 1502 τι
1069 1448 1158 1502 καὶ
1188 1449 1216 1502 6
1244 1447 1428 1524 καιρὸς
1459 1445 1678 1524 ὑφεῖλεν
1711 1450 1843 1522 αὒτῇ

192 1542 304 1603 τῆς
358 1536 649 1600 ἐνστάσεως
686 1550 701 1565 ⁸
748 1535 822 1597 ὡς
867 1532 922 1590 δὲ
952 1533 1241 1613 ἀνέκραγεν
1296 1535 1442 1597 εὐθὺς
1489 1537 1524 1603 ἡ
1572 1536 1787 1613 γενναία
1822 1551 1838 1567 ⁸

200 1630 281 1685 Οὐ
326 1628 467 1682 θύσω
509 1623 765 1697 εἰδώλοις,
814 1625 874 1681 οὗ
925 1626 1279 1702 προσκυνήσω
1338 1623 1600 1703 γλυπτοῖς
1628 1641 1644 1655 ⁸
1707 1632 1841 1688 Χρι-

196 1717 331 1773 στὸν
365 1715 529 1791 μόνον
557 1717 861 1791 προσκυνῶ,
895 1714 1124 1791 Χριστὸν
1174 1711 1399 1790 σέϐομαι
1430 1730 1447 1746 ⁸
1510 1716 1625 1771 ἐπεὶ
1668 1715 1841 1770 πάντα

1927 1287 2166 1350 quoque
2195 1269 2392 1345 intuli,
2421 1270 2573 1332 nihil
2616 1271 2761 1332 mihi
2786 1270 2875 1332 rei
2896 1272 3022 1335 fore
3048 1292 3181 1336 cum
3215 1275 3478 1353 Eleusio,
3513 1277 3567 1339 si

1925 1376 2041 1419 non
2067 1364 2230 1433 prius
2254 1364 2303 1418 ei
2333 1376 2677 1427 persuasum
2703 1364 2893 1431 fuerit,
2919 1376 2980 1424 ut
3003 1367 3296 1427 Christum
3324 1370 3568 1429 adoret?

1925 1448 2243 1519 Postquam
2266 1462 2394 1505 eam
2420 1458 2581 1518 pater
2604 1449 2827 1506 audivit
2844 1452 2928 1505 sic
2951 1451 3259 1520 dicentem,
3289 1471 3415 1512 eam
3445 1466 3528 1514 ira
3548 1487 3568 1498 -

1926 1532 2013 1594 dit
2035 1534 2093 1594 in
2115 1532 2710 1595 custodiam.Deinde
2729 1553 2861 1596 cum
2880 1554 3007 1597 eam
3034 1546 3211 1600 noctu
3236 1557 3442 1603 rursus
3461 1560 3567 1603 ac-

1927 1626 2540 1693 cersivisset.faciebat
2565 1626 3061 1707 perieulum,nnm
3084 1640 3320 1714 tempus
3342 1634 3564 1716 aliquid

1927 1716 2286 1778 detraxisset
2309 1717 2382 1778 de
2405 1717 2534 1798 ejus
2552 1718 3237 1802 constantia.Postquam
3263 1741 3403 1787 vero
3428 1744 3565 1788 τυτ-

196 1803 452 1883 Ξὶπρακτα
511 1803 642 1882 παρ’
703 1803 837 1880 αὺτῇ
907 1804 994 1860 καὶ
1036 1802 1321 1865 κολακείας
1366 1803 1506 1883 ἑώρα
1549 1806 1637 1860 καὶ
1680 1803 1839 1859 ἀπει-

1937 1827 2027 1871 sus
2050 1810 2401 1872 exclamavit
2422 1811 2876 1887 generosazNon
2899 1801 3436 1880 sacrificaboidolis
3451 1838 3570 1881 non

197 1895 324 1970 λὰς,
389 1894 477 1950 ἐπὶ
536 1896 637 1961 τὴν
695 1907 888 1971 πεῖραν
917 1898 1025 1949 τῶν
1066 1891 1249 1951 δεινῶν
1284 1893 1480 1974 ἐχώρει
1509 1895 1597 1950 καὶ
1631 1893 1844 1971 πληγὰς

200 1984 465 2062 ἐντείνας,
505 1984 611 2062 οὐχ
638 1981 767 2045 ὅσας
800 1982 862 2040 ἃν
892 1980 1038 2049 ἕλεος
1068 1983 1332 2060 ἐμέτρησε
1382 1989 1676 2062 πατρικῶς,
1723 1981 1846 2039 ἀλλ’

200 2072 335 2138 ὅσας
406 2072 474 2139 ῆν
518 2071 725 2130 οἰδῶντι
789 2076 938 2147 θυμῷ
998 2072 1318 2152 χαρίσασθαι
1352 2087 1368 2104 ⁸
1430 2073 1554 2129 εἶτα
1611 2074 1700 2129 καὶ
1768 2078 1847 2146 τῷ

202 2166 482 2241 μνηστῆρι
526 2163 695 2230 αὐτὴν
739 2159 1035 2242 ἐκδίδωσιν,
1082 2164 1156 2225 ὡς
1199 2165 1409 2226 ἐκεῖνος
1453 2162 1516 2218 ἃν
1559 2161 1843 2238 βουληθείη

201 2254 465 2330 χρῆσθαι.

287 2429 380 2494 Ε’.
441 2428 592 2488 Ἐπεὶ
652 2429 824 2489 τοίνυν
877 2436 955 2505 τῷ
1017 2429 1416 2510 παρεωραμένῳ
1471 2428 1677 2512 νυμφίῳ
1745 2431 1846 2501 τὴν

200 2526 524 2600 παρ)ρῶσαν
568 2520 802 2601 νύμφην,
847 2520 996 2592 ἐξῆν,
1050 2521 1144 2577 ἅτε
1176 2519 1231 2577 δέ
1259 2522 1349 2578 καὶ
1379 2521 1561 2600 ἀρχῆς
1592 2522 1845 2589 τοιαύτης

201 2608 594 2690 ἐπελημμένῳ,
641 2610 899 2690 πρότερον
952 2610 1051 2687 μὲν
1082 2610 1234 2675 οὗτος
1264 2609 1521 2690 ἐσφάδαξε
1553 2618 1630 2672 τῶ
1672 2615 1844 2688 θυμῷ,

201 2700 294 2757 καὶ
337 2701 456 2766 τοὺς
498 2699 717 2763 ὀδόντας
746 2701 1002 2777 ὑπέπριεν
1038 2715 1053 2730 ⁸
1110 2703 1182 2765 ὡς
1209 2699 1262 2758 δὲ
1308 2701 1397 2757 καὶ
1430 2702 1560 2778 πρὸς
1603 2703 1666 2757 τὸ
1700 2701 1851 2777 βῆμα

202 2789 462 2866 ἠπείγετο
504 2790 592 2845 καὶ
634 2796 713 2863 τῷ
771 2787 1091 2867 περικαλλεῖ
1138 2789 1238 2858 τῆς
1282 2788 1460 2865 ὅψεως
1516 2790 1730 2846 πάντων
1774 2792 1849 2853 είς

205 2879 411 2945 ἑαυτὴν
469 2876 644 2935 ἐκάλει
684 2880 806 2945 τοὺς
850 2879 1177 2959 ὀφθαλμοὺς,
1216 2878 1542 2955 ἆμυλύνεται
1602 2880 1852 2945 κάκεῖνος

208 2974 281 3045 τῇ
310 2973 493 3046 μορφῇ
520 2968 620 3035 τὴν
662 2970 847 3049 ὀργὴν,
895 2970 983 3025 καὶ
1013 2971 1047 3037 ἡ
1084 2969 1333 3045 ἐπιθυμία
1364 2970 1455 3026 τὸν
1496 2970 1660 3044 θυμὸν
1710 2969 1850 3043 ἱλμὲ-

211 3078 332 3133 ρου,
380 3058 468 3113 καὶ
522 3056 699 3135 ὥσπερ
745 3059 809 3115 τὰ
852 3059 1068 3115 πάντων
1111 3056 1368 3126 ἡδίστατά
1422 3079 1481 3115 τε
1524 3060 1613 3115 καὶ
1667 3057 1849 3132 μαλα-

1928 1902 2186 1961 adorabo
2209 1904 2524 1975 sculptilia:
2550 1904 2838 1961 Christum
2865 1906 3050 1964 solum
3070 1909 3570 1978 adoro,Christum

1929 1989 2088 2050 colo:
2118 1989 2223 2051 ubi
2250 2011 2269 2043 ι
2284 1989 2565 2069 iditapud
2589 2007 2721 2052 eam
2741 1990 2890 2051 nihil
2915 1991 3157 2055 efﬁcere
3180 1993 3495 2058 blanditias
3513 2005 3574 2059 et

1932 2079 2397 2147 minas,accessit
2412 2080 2479 2135 ad
2507 2080 2948 2151 periclitandum
2970 2096 3033 2139 ea
3049 2098 3177 2155 quas
3196 2095 3328 2143 sunt
3352 2089 3569 2157 gravia:

1930 2168 1989 2223 et
2010 2180 2146 2223 cum
2165 2161 2365 2241 plagas
2389 2160 2859 2236 inﬂixisset,non
2876 2181 3022 2243 quas
3037 2175 3279 2244 paterna
3302 2166 3574 2231 dimensa

1927 2256 2018 2313 est
2038 2250 2586 2327 misericordia,sed
2612 2269 2756 2332 quas
2781 2257 3034 2315 tumenti
3058 2255 3258 2318 animo
3283 2257 3577 2336 largieba-

1931 2344 2264 2407 tur,deinde
2286 2358 2412 2401 eam
2428 2343 2600 2401 tradit
2622 2354 2926 2415 sponso,ut
2950 2361 3012 2403 ea
3037 2358 3297 2406 uteretur
3317 2359 3378 2407 ut
3401 2349 3570 2407 volet.

1966 2468 1971 2471 ι
2008 2428 2078 2492 ν.
2111 2428 2255 2493 Cum
2289 2448 2431 2509 ergo
2465 2438 2808 2511 contempto
2836 2449 3058 2511 sponso
3085 2442 3572 2498 contemnentem

1931 2538 2211 2601 sponsam
2245 2520 2457 2583 liceret
2480 2520 2780 2600 judicare,
2809 2522 2989 2604 utqui
3010 2525 3185 2586 talem
3210 2525 3577 2606 suscepisset

1932 2616 2363 2689 magistratum,
2399 2609 2530 2691 ipse
2560 2610 2803 2691 quidem
2840 2611 3032 2692 primo
3066 2612 3573 2676 mstuabatanimo

1934 2707 1995 2760 et
2023 2698 2314 2761 stridebat
2346 2699 2980 2782 dentibus.Postquam
3015 2712 3215 2764 autem
3247 2720 3318 2765 ea
3348 2703 3458 2765 fuit
3487 2703 3575 2765 in-

1934 2788 2208 2850 troducta
2265 2789 2338 2850 ad
2389 2788 2675 2859 tribunal,
2739 2797 2797 2851 et
2854 2790 3062 2851 forma;
3119 2791 3576 2871 pulchritudine

1936 2877 2204 2939 omnium
2238 2877 2298 2938 in
2323 2895 2388 2938 se
2421 2878 2713 2939 convertit
2742 2877 2972 2952 oculos,
3009 2878 3172 2940 illius
3217 2899 3456 2963 quoque
3489 2882 3580 2943 ira

1936 2967 2069 3045 ejus
2085 2966 2289 3046 specie
2309 2966 2750 3044 obtunditur,et
2772 2968 2918 3028 iram
2946 2968 3230 3047 mitigavit
3252 2971 3572 3051 cupiditas,

1936 3064 1995 3117 et
2017 3065 2295 3136 tanquam
2322 3057 2425 3137 qui
2448 3056 2767 3119 meditatus
2791 3066 2949 3119 esset
2971 3058 3173 3120 dicere
3192 3063 3457 3122 omnium
3477 3059 3577 3139 ju-

205 3145 428 3203 κώτατα
479 3148 611 3225 πρὸς
669 3147 880 3215 ἐκείνην
933 3146 1298 3224 ἐκμελετήσας
1374 3148 1542 3228 ἐρεῖν,
1607 3146 1851 3216 Πείσθτ,τί

1937 3144 2305 3207 cundissima
2338 3153 2397 3207 et
2429 3145 2809 3207 mollissima:
2848 3146 3041 3208 Crede
3065 3147 3503 3227 mihi,dicebat,
3539 3171 3572 3213 ο

208 3258 325 3312 μοι,
364 3235 695 3313 γλυκυτάτη,
726 3235 948 3316 ἔφασκε,
982 3244 1271 3315 γυναικῶν.
1314 3237 1410 3294 καΐ
1439 3238 1532 3294 τὸν
1563 3238 1693 3313 ἐμὸν
1723 3236 1850 3294 ἐλο-

208 3325 350 3401 μὲνη
394 3326 593 3406 γάμον,
639 3327 886 3403 βασάνων
916 3327 1123 3405 πικρῶν
1154 3326 1500 3405 ἀπαλλάγηθι
1536 3342 1551 3358 ⁸
1600 3328 1643 3383 εί
1677 3324 1732 3382 δὲ
1763 3328 1853 3383 καὶ

209 3416 288 3487 μὴ
333 3429 456 3479 τοῖς
502 3419 648 3481 θεοῖς
679 3416 819 3473 θύειν
850 3415 1076 3491 ἐθέλεις,
1112 3414 1361 3492 οὐδεμίαν
1408 3414 1515 3473 οὔδ’
1559 3417 1725 3491 ἡμεῖς
1772 3438 1851 3472 σοι

204 3506 329 3582 βίαν
373 3503 639 3581 ἐπάξομεν
673 3520 688 3536 ⁸
724 3507 786 3561 συ
819 3503 874 3561 δὲ
918 3507 1082 3581 μόνον
1118 3506 1237 3581 ἐμοὶ
1279 3506 1380 3573 τὴν
1420 3505 1593 3583 γάμον
1633 3506 1726 3561 τὸν
1760 3506 1853 3561 σὸν

205 3595 509 3654 ἐπίνευσον.
551 3596 687 3672 Πρὸς
729 3602 897 3653 ταῦτα
939 3596 976 3663 ἡ
1024 3602 1118 3651 τοῦ
1158 3597 1387 3674 Χριστοῦ
1434 3595 1657 3672 μάρτυς,
1723 3595 1852 3652 Οὔτε

205 3682 371 3762 λόγος
398 3685 569 3762 ἡμᾶς,
602 3682 730 3764 ἔφη,
762 3684 841 3747 τὶς
872 3683 992 3740 οὕτε
1039 3683 1292 3761 βάσανος,
1346 3685 1442 3741 οὒκ
1493 3685 1651 3746 αὐτὸς
1708 3682 1770 3739 ἂν
1824 3685 1851 3739 6

205 3774 436 3837 θάνατος
467 3774 715 3847 πείσωσι,
776 3774 1031 3851 πρότερον
1090 3774 1417 3852 συναφθῆναί
1469 3772 1621 3841 σοιῆ
1652 3772 1746 3830 καί
1794 3773 1852 3829 σὲ

205 3862 309 3930 τῆς
369 3863 461 3918 τοῦ
502 3862 634 3937 ἐμοῦ
691 3869 920 3942 Χριστου
950 3862 1193 3941 γενέσθαι
1226 3862 1435 3941 μερίδος
1468 3863 1564 3920 καΐ
1600 3867 1678 3935 τῷ
1733 3863 1858 3937 θείῳ

207 3954 374 4009 αὖτοῦ
432 3950 778 4021 τελειωθῆναι
817 3953 1171 4029 βαπτίσματι,
1224 3951 1394 4011 Ἀλλὰ
1445 3952 1544 4010 καὶ
1591 3952 1749 4010 τοῦτο
1794 3951 1855 4011 ἂν

206 4041 550 4121 ἐπραξάμην,
583 4041 841 4122 φιλτάτη,
874 4043 1033 4122 φησὶν
1063 4045 1091 4099 6
1150 4041 1418 4122 ἔπαρχος,
1465 4043 1510 4097 εί
1553 4042 1632 4118 μὴ
1695 4042 1855 4120 βαρὺς

201 4133 350 4206 ἡμῖν
390 4130 453 4187 ἐκ
494 4138 587 4188 τοῦ
632 4140 946 4210 κρατοῦντος
997 4132 1273 4210 ἐπήρτητο
1322 4129 1581 4194 κίνδυνος,
1647 4132 1706 4188 Εἰ
1753 4132 1854 4209 γάρ

206 4242 262 4278 τι
291 4226 535 4278 τοιοῦτον
595 4222 669 4284 εἷς
729 4227 934 4299 γνῶσιν
992 4219 1134 4278 ἔλθοι
1178 4226 1256 4294 τῷ
1300 4219 1540 4297 βασιλεῖ,
1588 4224 1649 4279 οὒ
1689 4220 1853 4294 τιμῆς

206 4310 400 4386 μόνον,
435 4309 575 4367 ἀλλὰ
603 4312 698 4367 σὺν
728 4310 863 4387 αὐτῇ
905 4312 1153 4390 στερήσει
1184 4313 1274 4368 καὶ
1326 4317 1429 4379 τῆς
1459 4313 1606 4382 ζωῆς
1643 4329 1657 4344 ⁸
1705 4314 1850 4386 εἶτα,

206 4400 288 4456 Σὺ
346 4400 468 4475 μὲν,
514 4401 550 4469 ἡ
595 4400 813 4479 γενναία
845 4399 970 4479 ἔφη,
1004 4403 1097 4456 τὸν
1121 4403 1315 4469 θνητὸν
1344 4408 1532 4458 τοῦτον
1562 4402 1648 4458 καὶ
1680 4402 1852 4480 πρόσ-

1937 3238 2250 3297 mulierum
2275 3239 2699 3305 suavissima,et
2721 3254 2852 3295 cum
2879 3256 3036 3297 meas
3053 3241 3297 3311 elegeris
3322 3246 3575 3317 nuptias.

1938 3323 2197 3386 liberare
2218 3323 2291 3386 ab
2315 3323 2549 3385 acerbis
2571 3324 2905 3385 tormentis.
2941 3324 3110 3396 Quod
3135 3326 3182 3386 si
3212 3325 3388 3389 etiam
3423 3329 3578 3391 nolis

1936 3414 2052 3475 diis
2081 3413 2565 3487 sacrificare,nos
2591 3412 2696 3473 tibi
2724 3413 2945 3475 nullam
2972 3414 3090 3475 vim
3116 3414 3435 3479 afferemus
3469 3440 3483 3482 :
3519 3430 3579 3481 tu

1936 3506 2128 3562 solum
2152 3506 2292 3560 mihi
2318 3520 2511 3561 annue
2534 3504 2882 3574 nuptiasAd
2916 3506 3036 3562 haec
3062 3517 3283 3580 martyr
3311 3509 3524 3567 Christi
3558 3524 3573 3566 :

1935 3588 2143 3668 Neque
2173 3588 2287 3649 ulla
2324 3606 2456 3663 nos,
2493 3588 2928 3669 inquit,oratio,
2952 3608 3144 3670 neque
3178 3598 3570 3668 tormentum,

1936 3694 2057 3738 non
2088 3675 2218 3757 ipsa
2248 3675 2509 3756 denique
2535 3695 2696 3739 mors
2728 3680 3096 3757 persuaserit
3120 3678 3222 3739 tibi
3248 3679 3413 3759 prius
3433 3700 3578 3743 con-

1933 3766 2127 3847 jungi,
2159 3785 2333 3847 quam
2365 3775 2426 3828 tu
2457 3766 2644 3830 factus
2668 3767 2854 3829 fueris
2890 3768 3008 3830 mei
3038 3769 3263 3830 Christi
3292 3771 3574 3851 partium,

1941 3864 1999 3918 et
2016 3865 2464 3919 consummatus
2482 3856 2666 3919 fueris
2691 3857 2823 3937 ejus
2846 3857 3045 3920 divino
3067 3857 3576 3939 baptismate.Sed

1939 3946 2054 4009 hoc
2084 3966 2320 4028 quoque
2350 3947 2753 4019 faceremus,o
2785 3947 3162 4029 charissima,
3195 3948 3392 4030 inquit
3417 3970 3570 4031 prm-

1939 4036 2158 4112 fectus,
2188 4037 2299 4098 nisi
2322 4054 2498 4114 grave
2528 4036 2601 4098 ab
2634 4036 3004 4117 imperatore
3033 4036 3208 4098 nobis
3240 4038 3584 4103 immineret

1942 4127 2302 4206 periculum.
2354 4125 2419 4188 Si
2461 4126 2619 4187 enim
2655 4126 2767 4186 tale
2799 4125 2941 4207 quid
2967 4126 3166 4187 veniat
3198 4127 3271 4188 ad
3308 4129 3581 4192 notitiam

1940 4215 2341 4296 imperatoris,
2370 4232 2489 4276 non
2523 4214 2715 4275 solum
2741 4214 2995 4289 honore,
3024 4215 3129 4276 sed
3152 4233 3287 4277 cum
3308 4217 3438 4297 ipso
3470 4222 3583 4280 vita

1940 4322 2175 4386 quoque
2198 4302 2711 4385 privabit.Deinde
2727 4311 2783 4364 tu
2802 4302 3271 4385 quidem,iuquit
3296 4305 3397 4368 illa
3420 4308 3580 4386 virgo

1941 4393 2246 4474 praeclara,
2281 4393 2443 4455 hunc
2476 4393 2814 4470 mortalem,
2849 4400 2910 4454 et
2941 4394 3045 4471 qui
3090 4402 3182 4455 est
3214 4395 3287 4454 ad
3319 4403 3577 4476 tempus,

207 4492 401 4567 καιρὸν
452 4488 678 4567 βασιλέα
734 4490 824 4546 καὶ
877 4490 1131 4565 σώματος
1188 4492 1376 4570 μόνον,
1437 4489 1559 4546 ἀλλ’
1614 4490 1739 4570 0"in
1768 4490 1851 4546 καὶ

1943 4498 2169 4561 regem,
2204 4490 2262 4543 et
2292 4482 2393 4562 qui
2424 4490 2513 4545 est
2559 4481 2840 4544 dominus
2870 4491 3099 4545 tantum
3131 4483 3424 4565 corporis,
3458 4503 3583 4547 non

210 4582 403 4659 ψυχῆς
450 4580 637 4658 Κύριον
676 4576 818 4636 οὕτω
868 4580 1129 4660 φρίσσεις,
1175 4579 1284 4658 ἐγὼ
1341 4579 1395 4637 δὲ
1453 4582 1545 4636 τὸν
1599 4580 1859 4641 ἂθάνατον

209 4671 305 4726 καὶ
356 4669 570 4726 πάντων
602 4669 700 4744 μὲν
754 4668 1018 4746 βασιλέων
1052 4671 1356 4744 Δεσπότην,
1388 4672 1567 4738 πάσης
1601 4667 1656 4726 δὲ
1687 4674 1857 4736 πνοῆς

209 4760 303 4816 καὶ
334 4759 520 4838 ψυχῆς
566 4759 876 4837 κυριεύοντα
933 4760 1060 4833 παρ’
1103 4759 1251 4817 οὐδὲν
1307 4759 1540 4835 θήσομαι
1598 4761 1687 4817 καί
1738 4772 1858 4823 τοῖς

212 4845 563 4925 ἓξυϐρίζουσιν
609 4849 769 4904 αὐτὸν
810 4849 944 4926 πρὸς
990 4848 1165 4927 γάμον
1217 4849 1532 4929 ἀχθτίσομαι
1572 4865 1588 4923 ;
1641 4848 1677 4916 ἢ
1735 4848 1859 4928 οὖχὶ

215 4936 308 4990 καὶ
366 4937 448 4991 σοὶ
502 4934 649 5012 ὕϐρις
703 4936 849 4993 εἶναι
901 4933 1076 5012 δοκεῖ,
1138 4941 1243 4994 τῶν
1296 4936 1495 4993 δούλων
1539 4934 1594 4993 εἴ
1641 4958 1722 5002 τις
1754 4944 1860 4993 τῶν

219 5022 331 5078 σῶν
389 5024 664 5102 παρελθὼν
715 5024 895 5106 φιλίαν
937 5038 1058 5090 τοῖς
1101 5026 1226 5091 σοῖς
1270 5026 1547 5082 σπείσαιτο
1578 5025 1859 5102 πολεμίοις

218 5111 311 5169 καὶ
340 5111 532 5189 γάμοις
563 5116 748 5179 αὺτοῖς
779 5114 1008 5191 συνάψαι
1040 5117 1128 5171 καὶ
1157 5116 1458 5187 συνοικεσίᾳ
1494 5133 1510 5190 ;
1567 5116 1643 5191 μὴ
1673 5116 1865 5172 ἀπατῶ

216 5199 417 5274 τοίνυν,
466 5199 605 5277 μηδὲ
658 5203 837 5279 κύκλῳ
890 5224 958 5280 με
1001 5202 1292 5284 περιέρχου
1339 5206 1540 5260 πείσειν
1572 5206 1815 5281 οἰόμενος
1841 5220 1858 5236 ⁸

213 5288 334 5347 ἀλλ’
395 5291 573 5366 εἰμὲν
627 5289 832 5368 βούλει,
894 5299 972 5367 τῷ
1030 5292 1146 5369 ἐμῷ
1203 5295 1292 5349 καὶ
1348 5294 1509 5356 αὐτὸς
1555 5293 1863 5374 προσέρχου

215 5386 353 5455 Θεῷ,
400 5380 446 5437 εἰ
490 5377 538 5437 δ’
585 5381 666 5457 οὒ,
702 5381 844 5438 ἀλλὰ
879 5383 942 5437 σύ
983 5403 1046 5460 γε
1091 5382 1276 5461 σφάζε,
1322 5380 1461 5439 δίδου
1504 5385 1648 5459 πυρὶ,
1713 5382 1863 5448 Em:

214 5466 456 5546 μάστιξι,
514 5472 669 5548 θηρσὶ
728 5467 1041 5548 παραδίδου,
1090 5477 1216 5547 πᾶν,
1266 5468 1448 5549 ὅτιπερ
1499 5469 1561 5528 ἂν
1621 5470 1862 5548 βούλοιο,

211 5558 339 5641 χρῶ
374 5578 389 5594 ο
425 5558 489 5615 σύ
515 5581 573 5617 τε
602 5561 705 5640 γὰρ
733 5559 855 5639 ἐμοὶ
884 5557 1198 5640 βδελυκτὸς,
1233 5562 1322 5618 καὶ
1351 5560 1380 5617 6
1412 5562 1502 5627 σὸς
1536 5568 1709 5640 γέμος
1740 5583 1863 5620 κοι-

212 5647 378 5709 νωνία
431 5648 564 5732 πρὸς
622 5648 755 5727 ᾁδην
800 5650 893 5711 καὶ
931 5648 1095 5734 τάφος
1147 5649 1203 5709 ἐν
1248 5648 1554 5735 ὀφθαλμοῖς
1584 5651 1857 5732 κείμενος.

1942 4572 2122 4634 etiam
2179 4571 2415 4647 animm,
2469 4570 2674 4633 times?
2703 4589 2812 4648 ego
2840 4580 3039 4634 autem
3091 4572 3488 4636 immortalem
3521 4583 3584 4637 et

1942 4660 2261 4723 Dominum
2296 4660 2564 4721 omnium
2596 4668 2895 4738 regum,et
2925 4662 3026 4740 qui
3048 4661 3213 4722 omni
3244 4663 3485 4744 Spiritui
3517 4673 3580 4727 et

1943 4756 2159 4814 animae
2184 4750 2528 4811 dominatur
2577 4748 2753 4810 nihili
2811 4749 3018 4811 faciam
3044 4749 3074 4810 ‘1
3106 4763 3166 4814 et
3200 4753 3582 4815 matrimonio

1945 4840 2277 4920 conjungar
2300 4858 2435 4902 eum
2461 4839 2532 4901 iis
2554 4838 2652 4919 qui
2674 4839 2866 4918 ipsum
2892 4840 3160 4902 afficiunt
3184 4841 3435 4920 injuria?
3462 4843 3586 4904 An-

1945 4949 2067 4993 non
2102 4929 2209 4990 tibi
2241 4946 2376 4991 esse
2408 4929 2644 4991 videtur
2671 4928 2914 5008 injuria,
2942 4930 2993 4992 si
3025 4930 3157 5010 quis
3184 4948 3216 4991 e
3250 4934 3364 4990 tuis
3395 4929 3585 4991 servis

1945 5018 2268 5093 accedens,
2292 5019 2616 5082 amicitiam
2649 5018 2852 5081 inierit
2880 5037 3015 5080 cum
3049 5020 3162 5079 tuis
3192 5018 3490 5101 hostibus,
3527 5028 3586 5081 et

1950 5128 2086 5172 cum
2119 5108 2207 5171 eis
2231 5108 2434 5171 inierit
2469 5108 2848 5170 matrimonia
2870 5115 2897 5171 ?
2928 5109 3019 5170 Ne
3049 5123 3192 5185 ergo
3224 5107 3589 5184 fallaris,ne‘

1948 5217 2065 5280 que
2124 5197 2314 5260 utaris
2370 5196 2747 5276 ambagibus,
2794 5194 3091 5257 arbitrans
3145 5195 3272 5258 fore
3302 5206 3368 5259 ut
3398 5204 3459 5260 tu
3490 5216 3587 5260 me

1949 5289 2334 5368 persuadeas.
2370 5285 2487 5349 Sed
2521 5289 2571 5346 si
2601 5285 2750 5346 velis
2779 5285 3046 5364 quidem,
3082 5283 3215 5365 ipse
3244 5304 3482 5367 quoque
3511 5287 3586 5350 ad

1948 5381 2138 5442 Deum
2172 5395 2373 5438 meum
2404 5372 2624 5437 accede
2659 5372 2793 5435 :sin
2828 5372 3115 5449 minus,at
3142 5381 3200 5435 tu
3234 5392 3330 5436 me
3359 5375 3592 5438 interti-

1948 5466 2268 5543 ce,manda
2295 5464 2442 5543 igni,
2478 5461 2643 5524 caede
2670 5460 3123 5539 ﬂagellis,trade
3154 5460 3388 5545 bestiis,
3416 5473 3590 5527 utere

1947 5554 2493 5635 quomodocunque
2523 5549 2812 5612 volueris.
2846 5548 2937 5613 Tu
2966 5551 3129 5614 enim
3163 5569 3226 5615 es
3255 5552 3407 5616 mihi
3437 5553 3588 5617 abo-

1948 5644 2359 5717 minandus,et
2381 5650 2545 5703 tuum
2573 5639 3023 5704 matrimonium
3049 5647 3140 5706 est
3168 5640 3426 5707 societas
3449 5660 3588 5710 cum

1945 5733 2158 5800 inferis
2187 5741 2247 5799 et
2274 5729 2623 5814 sepulcrum
2658 5729 2917 5813 positum
2949 5732 3009 5796 in
3041 5730 3257 5798 oculis.
