4060 6206
448 307 600 378 1443

1713 301 1992 370 MENSIS
2032 301 2546 374 FEBRUARIUS.

3658 303 3812 370 1444

525 443 626 506 VI.
655 443 793 504 Haec
816 459 949 504 cum
975 438 1261 502 audiisset
1285 433 1620 520 praefectus,
1649 447 1706 500 et
1735 437 1854 516 igni
1884 436 2080 517 ignem

2248 442 2352 517 ς’.
2400 445 2612 503 Τούτων
2672 441 2902 510 ἀκούσας
2981 441 3010 501 ὃ
3067 439 3304 524 ἔπαρχος
3374 445 3462 502 κᾶὶ
3517 444 3641 523 πυρὶ
3707 450 3813 520 πῦρ

446 530 1004 609 addidisset,ignem
1031 529 1133 591 irae
1154 528 1276 608 igni
1299 528 1712 604 amoris,totus
1731 526 1885 606 ignis
1907 535 2086 608 appa—

448 623 642 698 rebat,
677 631 737 684 et
785 619 985 682 furore
1010 618 1363 698 agitabatur.
1393 618 1550 680 Talis
1579 618 1738 680 enim
1774 625 1864 679 est
1891 635 2080 692 amor,

446 715 496 776 si
528 712 707 774 fuerit
739 709 1108 789 contemptui
1141 707 1400 772 habitus.
1451 707 1520 769 Et
1567 716 1879 788 propterea
1911 724 2085 787 grave

447 806 809 864 tormentum
836 797 1035 859 intulit
1057 797 1312 877 egregiae
1334 798 1418 859 illi
1441 796 1750 877 virginLId
1783 813 1924 858 vero
1961 802 2086 858 erat

447 888 832 971 ejusmodi,ul
854 906 888 948 a
910 895 1166 968 quatuor
1187 887 1338 949 loris
1362 885 1819 962 extensa,aridis
1843 885 2083 966 quidem

447 977 970 1052 nervis,viridibus
994 985 1190 1038 autem
1215 976 1539 1038 viminibus
1558 979 1682 1057 ipsa
1703 975 1806 1037 diu
1827 995 1861 1038 a
1883 975 2084 1036 multis

445 1067 1013 1133 verberaretur.Ubi
1045 1077 1243 1128 autem
1269 1067 1496 1129 defessi
1520 1066 1757 1147 quidem
1784 1073 1954 1128 erant
1975 1065 2082 1141 illi,

445 1157 1055 1242 quiverberabant(ei
1081 1174 1224 1217 vero
1254 1155 1483 1236 punitio
1509 1163 1634 1217 erat
1656 1155 1853 1237 potius
1871 1155 2084 1217 conﬁr-

446 1250 624 1311 matio
658 1265 865 1309 eorum
917 1265 1047 1328 quae
1099 1245 1353 1320 dixerat,
1396 1253 1460 1306 ut
1493 1264 1625 1326 quae
1660 1245 1808 1308 nihil
1841 1244 2083 1307 omnino

448 1337 797 1402 ostenderet
822 1337 1120 1399 muliebre
1148 1355 1259 1398 nec
1282 1335 1632 1417 illiberale),
1661 1335 1884 1415 jubens
1907 1335 2084 1397 licto-

443 1449 539 1492 res
562 1447 796 1491 cessare
820 1432 1152 1504 praefectus:
1176 1431 1285 1487 Sed
1313 1432 1434 1487 haec
1450 1429 1963 1502 quidem,inquit.o
1981 1430 2084 1487 Ju-

443 1519 775 1593 liana,sunt
801 1517 977 1579 initia
999 1525 1057 1578 et
1077 1517 1369 1598 prooemia
1393 1514 1950 1578 tormentorum.Tu
1971 1534 2082 1578 au-

2166 535 2431 608 προσθεὶς,
2487 537 2549 592 τὸ
2607 544 2700 594 τοῦ
2753 539 2940 610 θυμοῦ,
2997 534 3060 590 τὸ
3114 541 3204 591 τοῦ
3261 534 3457 612 ἔρωτος
3518 533 3645 598 ὅλος
3707 541 3811 610 πῦρ

2169 619 2429 683 ἐδείκνυτο
2466 641 2481 656 ⁸
2542 623 2630 681 καὶ
2689 624 2850 699 μανίᾳ
2907 625 3186 703 συνείχετο
3219 638 3234 653 ⁸
3314 631 3561 688 τοιοῦτος
3620 622 3724 701 γὰρ
3783 624 3811 678 ὁ

2167 708 2298 790 ἔρως
2341 712 2644 789 ἀτιμασθείς
2676 728 2692 746 ⁶
2745 714 2833 769 καὶ
2863 711 2948 772 διὰ
2977 719 3145 769 ταῦτα
3189 714 3276 770 καὶ
3333 712 3588 793 χαλεπὴν
3632 711 3811 790 ἐπῆγε

2165 807 2234 877 τῇ
2292 803 2506 880 γενναίᾳ
2561 802 2661 872 τὰν
2719 803 2950 880 βάσανον
2983 819 3002 836 ⁸
3033 804 3068 871 ἡ
3099 800 3154 858 δὲ
3189 803 3258 869 ἦν
3287 800 3478 879 λώροις
3511 801 3571 858 ἐκ
3599 800 3814 859 τεσσά-

2168 913 2272 968 ρων
2328 889 2692 968 διαταθεῖσαν,
2783 893 2988 972 νεύροις
3067 891 3166 967 μὲν
3223 891 3434 972 ξηροῖς,
3493 890 3679 968 λύγοις
3761 887 3814 945 δὲ

2168 979 2441 1059 χλωροῖς,
2496 981 2582 1038 ἐπὶ
2638 980 2777 1039 πολύ
2833 1002 2891 1038 τε
2949 980 3117 1047 αὐτὴν
3166 981 3257 1037 καὶ
3309 983 3449 1058 παρὰ
3479 978 3698 1036 πολλῶν
3724 978 3818 1035 τύ-

2169 1073 2416 1133 πτεσθαι.
2479 1061 2571 1135 Ὠς
2623 1069 2679 1126 δὲ
2737 1072 2786 1126 οἱ
2849 1071 2948 1146 μὲν
3005 1071 3294 1133 τύπτοντες
3341 1069 3595 1146 ἔκαμνον,
3631 1075 3702 1144 τῇ
3754 1065 3815 1124 δὲ

2164 1157 2448 1236 βεϐαίωσις
2504 1163 2570 1228 ἧν
2618 1159 2824 1235 μᾶλλον
2868 1166 2974 1218 τῶν
3020 1164 3184 1227 αὒτῆς
3227 1159 3402 1238 λόγων
3461 1161 3496 1228 ἡ
3552 1157 3811 1227 κόλασις.

2167 1248 2315 1306 οόδὲν
2369 1248 2507 1314 ὅλως
2563 1249 2697 1317 θῆλυ
2739 1251 2827 1307 καὶ
2883 1250 3096 1328 ἀγεννὲς
3138 1251 3531 1330 ὑποφαινούσῃ,
3588 1248 3812 1306 παύσα-

2169 1340 2286 1395 σθαι
2325 1339 2448 1403 τοὺς
2480 1336 2701 1413 δημίους
2743 1340 3000 1403 κελεύσας
3050 1338 3324 1404 Ἐλεύσιος
3360 1359 3377 1420 ;
3428 1337 3598 1398 Ἀλλὰ
3639 1346 3816 1396 ταῦτα

2171 1428 2294 1504 μὲν,
2327 1427 2453 1508 ἔφη,
2490 1427 2777 1505 Ἰουλιανὴ,
2810 1436 2918 1486 τῶν
2969 1429 3218 1507 βασάνων
3274 1429 3442 1510 ἀρχαὶ
3488 1429 3570 1486 καὶ
3603 1427 3809 1506 προοίο

2167 1524 2264 1592 μιᾶ
2296 1533 2312 1549 ⁸
2374 1519 2438 1574 σὺ
2495 1516 2548 1575 δὲ
2607 1519 2715 1576 ἀπὸ
2788 1520 2989 1576 τούτων
3049 1520 3329 1590 εἶκάζουσα
3383 1520 3474 1575 καὶ
3526 1518 3642 1589 περὶ
3693 1518 3813 1572 τῶν

447 1619 565 1672 tem
611 1629 681 1670 ex
720 1610 816 1670 his
856 1607 928 1669 de
961 1607 1092 1668 aliis
1117 1625 1363 1687 quoque
1385 1607 1628 1688 capiens
1646 1605 2079 1686 conjecturam,

2166 1606 2344 1665 ἄλλων
2401 1607 2660 1687 πρόσελθε
2717 1615 2786 1686 τῇ
2841 1609 3055 1687 μεγάλῃ
3117 1607 3388 1688 Ἀρτέμιδι
3445 1609 3699 1665 θύσουσα”
3765 1605 3813 1661 εἰ

443 1702 649 1760 accede
674 1716 893 1772 magna?
917 1701 1109 1758 Dianae
1131 1699 1548 1758 sacriﬁcatura.
1577 1699 1676 1757 Sin
1709 1701 2083 1769 minus,post-

2166 1694 2210 1751 δ’
2255 1698 2316 1754 οὒ
2372 1699 2508 1773 μετὰ
2551 1699 2611 1754 τὸ
2654 1702 2846 1756 παθεῖν
2891 1696 3020 1766 εἴση
3072 1698 3288 1762 πάντως
3338 1702 3398 1756 οὔ
3440 1695 3624 1761 καλῶς
3687 1694 3814 1767 περὶ

447 1805 622 1866 quam
654 1803 825 1866 passa
858 1784 1066 1858 fueris,
1104 1784 1259 1844 scies
1282 1782 1531 1844 omnino
1563 1789 1620 1843 te
1653 1782 1728 1844 de
1749 1782 1933 1843 rebus
1965 1783 2082 1844 tuis

2206 1791 2232 1801 ιν
2363 1789 2376 1810 ν
2454 1792 2462 1805 ι
2895 1788 2906 1801 σ
3039 1777 3056 1799 θ
3167 1788 3184 1808 ‘
3795 1781 3815 1807 ο

2168 1808 2270 1842 των
2332 1808 2540 1844 οικειων
2574 1786 3004 1864 βουλευσαμενη.
3059 1795 3104 1844 Η
3135 1786 3191 1844 δε
3241 1787 3672 1857 δεινοπαθησισα
3726 1783 3793 1862 ἐφ

445 1895 562 1938 non
587 1880 808 1938 bonum
837 1880 1057 1950 cepisse
1085 1876 1532 1935 consilium.1lla
1558 1891 1872 1948 vero,zegre
1895 1877 2083 1934 ferens

2167 1876 2258 1940 οἶς
2315 1876 2401 1932 καὶ
2431 1876 2509 1932 ’ἐτι
2554 1880 2898 1952 μεταπείσειν
2930 1877 3098 1946 αὐτὴν
3149 1879 3305 1954 ῲετο,
3357 1877 3529 1951 Ποίει,
3577 1875 3734 1956 φησὶ,
3783 1873 3814 1928 ὃ

445 1965 601 2045 quod
626 1970 857 2044 putaret
878 1982 942 2025 se
969 1980 1145 2043 posse
1168 1961 1222 2023 ei
1248 1960 1612 2042 persuadere
1648 1982 1661 2020 :
1690 1963 1830 2032 Fac.
1866 1962 2080 2042 inquit,

2167 1965 2363 2045 θέλεις,
2422 1964 2612 2032 ἠλίθης
2665 1973 2849 2046 σαφῶς
2897 1969 2985 2023 καὶ
3036 1965 3259 2041 ἀνόητε,
3305 1966 3376 2028 ὡς
3407 1974 3502 2023 τοῦ
3531 1963 3590 2019 σὲ
3625 1975 3813 2020 ποιεῖν

445 2073 479 2116 o
504 2062 564 2113 tu
598 2053 772 2133 plane
801 2050 982 2113 stulte
1009 2059 1070 2112 et
1093 2048 1475 2112 amensNam
1501 2068 1598 2110 me
1624 2047 1876 2111 habebis
1898 2049 2083 2129 magis

2167 2055 2263 2130 ἐμὲ
2323 2055 2533 2129 μᾶλλον
2590 2055 2724 2122 ἔξεις
2776 2058 2838 2112 τὸ
2875 2059 3064 2113 παθεῖν
3095 2055 3337 2132 ἕτοιμον.
3372 2053 3552 2115 Οὕτως
3584 2054 3809 2109 εἰποῦσα

443 2151 702 2223 paratam
735 2141 1061 2222 pati,quam
1094 2149 1152 2200 tu
1187 2139 1269 2201 sis
1303 2147 1542 2220 paratus
1572 2139 1958 2202 facere.Cum
1997 2139 2083 2200 sic

2166 2144 2342 2223 λόγων
2387 2142 2708 2224 δριμυτέρων
2766 2145 2910 2203 ἔτισε
2969 2147 3228 2224 τιμωρίαν
3283 2143 3633 2224 πικροτάτην,
3695 2141 3808 2197 τῶν

444 2235 1030 2300 dixisset.acerbioris
1048 2234 1331 2292 orationis
1355 2248 1550 2304 poenas
1571 2232 2082 2303 luitgravissimas,

2166 2239 2366 2313 τριχῶν
2415 2235 2514 2309 μὲν
2557 2235 2921 2314 ἆναρτηθεῖσα
2951 2235 3048 2302 τῆς
3082 2234 3318 2313 κεφαλῆς
3353 2254 3367 2270 ·
3401 2232 3486 2288 ἐπὶ
3536 2229 3667 2287 πολὺ
3697 2235 3802 2296 τῆς

443 2339 738 2402 suspensa
767 2320 1009 2401 quidem
1061 2319 1300 2400 capillis
1349 2318 1590 2399 capitis,
1643 2336 1856 2397 magna
1883 2326 2083 2380 autem

443 2412 564 2474 diei
597 2419 766 2492 parte
787 2410 1240 2492 pendens,adeo
1273 2418 1335 2472 ut
1361 2418 1607 2489 propter
1635 2408 1954 2472 violentam
1989 2427 2088 2471 ex-

443 2501 776 2562 tensionem
809 2500 1011 2561 avulsa
1042 2501 1284 2580 quidem
1309 2499 1386 2560 sit
1421 2498 1596 2577 pellis
1628 2516 1663 2559 a
1695 2498 1913 2580 capite,
1948 2497 2078 2559 vul-

444 2599 537 2652 tus
567 2609 702 2651 vero
753 2589 827 2651 sit
888 2588 1056 2650 valde
1088 2586 1490 2669 perturbatus,
1527 2594 1583 2649 et
1609 2592 1794 2669 super
1824 2587 2081 2649 frontem

444 2685 630 2742 tracta
684 2679 913 2740 fuerint
969 2677 1315 2760 supercilia.
1376 2676 1702 2739 Praefectus
1733 2694 1874 2755 ergo
1906 2676 2081 2737 etiam

450 2777 582 2850 post
614 2767 971 2848 supplicium
1001 2767 1183 2829 verba
1229 2783 1436 2828 rursus
1483 2765 1779 2846 adhibuit,
1828 2765 1885 2826 ei
1915 2783 2083 2846 spem

443 2857 749 2940 praebente
778 2875 1008 2937 amore,
1045 2865 1102 2919 et
1131 2863 1196 2920 ut
1226 2856 1312 2932 id,
1341 2855 1501 2937 quod
1534 2855 1705 2918 valde
1734 2854 2084 2936 vellet,exs-

2162 2324 2371 2403 ἡμέρας
2412 2324 2819 2403 ἐκκρεμαμένη,
2853 2328 2927 2389 ὡς
2958 2346 3016 2382 τε
3044 2329 3112 2402 τῇ
3157 2324 3245 2402 βίᾳ
3300 2329 3393 2391 τῆς
3447 2322 3684 2384 στάσεως
3741 2321 3807 2375 τὸ

2165 2411 2332 2490 δέρμα
2387 2413 2486 2489 μὲν
2546 2414 2958 2481 ἀποσπασθῆναί
3016 2419 3116 2481 τῆς
3148 2417 3412 2493 κεφαλῆς,
3444 2411 3545 2479 τὴν
3575 2410 3702 2484 ὄψιν
3747 2429 3810 2464 τε

2165 2501 2354 2567 δεινῶς
2415 2504 2772 2584 συγχυθῆναι,
2823 2505 2914 2561 καὶ
2965 2503 3058 2566 τὰς
3089 2503 3244 2582 ὀφρῦς
3272 2500 3381 2560 ἄνω
3409 2506 3505 2558 τοῦ
3548 2500 3807 2574 μετώπου

2165 2591 2580 2671 παρελκυθῆναι.
2614 2585 2671 2651 Ὀ
2714 2592 2955 2673 ἔπαρχος
3003 2593 3183 2650 τοίνκν
3210 2592 3300 2650 καὶ
3328 2591 3462 2668 μετᾶ
3490 2590 3590 2656 τὴν
3619 2610 3808 2665 τιμω-

2166 2683 2278 2762 ρίαν
2334 2681 2495 2740 πάλιν
2525 2681 2718 2760 λόγους
2774 2688 3016 2762 προσῆγε
3059 2691 3151 2741 τοῦ
3195 2681 3390 2760 ἔρωτος
3436 2679 3605 2737 αὐτὸν
3639 2677 3807 2735 ἔπελ-

2165 2771 2410 2843 πίζοντος
2461 2773 2550 2829 καὶ
2623 2771 2682 2836 ὃς
2753 2772 2955 2854 σφόδρα
3009 2771 3265 2840 ἠϐούλετο
3323 2769 3629 2851 προσδοκᾷν
3685 2769 3812 2824 πεί-

2165 2864 2371 2927 θοντος.

442 2955 703 3029 pectaret
733 2949 1158 3028 persuadente.

521 3036 976 3117 Vll.Postquam
1007 3045 1202 3100 autem
1235 3033 1338 3097 ille
1359 3035 1547 3097 multa
1572 3033 1970 3108 dicens,visus
1991 3044 2083 3098 est

2247 3029 2328 3100 Z'.
2375 3038 2524 3098 Ἐπεὶ
2580 3039 2635 3096 δὲ
2693 3039 2870 3098 πολλὰ
2918 3039 3088 3121 λέγων
3136 3039 3345 3105 ἐκεῖνος
3388 3039 3549 3109 κενὴν
3578 3038 3810 3115 ψάλλειν

440 3126 701 3188 inaniter
723 3136 1030 3206 canere,et
1051 3125 1123 3186 ad
1148 3143 1252 3186 cor
1274 3124 1516 3204 quidem
1538 3123 1682 3186 nihil
1707 3124 2083 3200 dicere,foris

2167 3129 2344 3205 ἐῴκει,
2379 3132 2467 3188 καὶ
2497 3129 2674 3209 λέγειν
2707 3131 2808 3206 μὲν
2833 3131 2908 3197 εἰς
2937 3129 3156 3204 καρδίαν
3185 3128 3361 3204 οὐδὲν,
3392 3129 3489 3195 ’ἐξω
3531 3128 3584 3184 δὲ
3632 3129 3807 3218 μάν.ον

441 3223 636 3277 autem
664 3215 859 3276 solum
887 3233 1062 3276 aures
1085 3213 1362 3293 implere,
1399 3211 1674 3274 molestia
1693 3229 1905 3275 rursus
1932 3215 2083 3275 alie-

2166 3220 2231 3276 τὰ
2273 3221 2386 3276 ὦτα
2425 3218 2791 3300 περιαντλεῖν,
2825 3218 2968 3287 λύπη
2999 3219 3166 3278 πάλιν
3216 3221 3412 3295 μείζων
3451 3219 3532 3293 τῷ
3556 3214 3815 3275 δυσσεβεῖ

442 3313 571 3365 ctus
593 3311 682 3364 est
710 3302 954 3381 impius:
989 3310 1048 3363 et
1078 3319 1291 3363 rursus
1323 3307 1770 3380 consequenter
1790 3301 2083 3381 praeclaras

2169 3309 2254 3365 καὶ
2313 3307 2616 3373 ἀκολούθως
2659 3315 2728 3386 τῇ
2773 3310 2988 3387 γενναίᾳ
3029 3309 3243 3384 μείζους
3287 3310 3339 3364 αἱ
3381 3308 3606 3384 βάσανοι
3640 3322 3657 3338 ⁸
3716 3307 3814 3363 σί-

443 3393 681 3471 martyri
715 3389 991 3452 adhibita
1022 3399 1162 3452 sunt
1193 3388 1710 3452 tormentaJussit
1733 3393 1890 3452 enim
1919 3391 2083 3453 lami-

2168 3395 2301 3476 δηρα
2375 3399 2476 3476 γὰρ
2553 3395 2796 3455 ἐκέλευεν
2883 3398 3019 3477 ἄγαν
3101 3396 3470 3476 ἐκπυρωθέντα
3540 3397 3680 3454 κατά
3753 3418 3813 3453 τε

440 3499 547 3542 nas
569 3481 791 3543 ferreas
848 3479 1016 3542 valde
1045 3478 1374 3542 candentes
1399 3478 1627 3560 imponi
1655 3486 1782 3558 ejus
1805 3479 1997 3542 axillis
2029 3495 2083 3543 et

2168 3493 2275 3544 τῶν
2336 3487 2640 3567 μασχαλῶν
2712 3491 2848 3564 αὐτῇ
2921 3486 3018 3544 καί
3077 3493 3185 3545 τῶν
3239 3485 3482 3564 πλευρῶν
3525 3487 3756 3543 τίθεσθαι
3793 3503 3810 3521 ⁶

440 3568 749 3633 lateribus:
781 3568 1002 3631 deinde
1031 3568 1318 3632 lateribus
1341 3587 1577 3649 quoque
1598 3567 1825 3648 alligari
1849 3588 2081 3648 manus,

2169 3576 2294 3633 εἶτα
2351 3576 2441 3634 καὶ
2489 3590 2614 3639 ταῖς
2647 3575 2919 3655 ’πλευραῖς
2961 3577 3056 3641 τὰς
3109 3590 3303 3657 χεῖρας
3347 3573 3688 3656 περιδεθῆναι
3721 3575 3814 3632 καὶ

440 3669 499 3722 et
528 3658 766 3740 aliquod
809 3659 969 3721 aliud
996 3659 1224 3721 ferrum
1254 3657 1578 3735 transadigi
1603 3675 1709 3738 per
1732 3659 1930 3721 media
1960 3661 2083 3739 ejus

2167 3664 2347 3745 ἕτερόν
2381 3687 2432 3722 τι
2470 3663 2778 3734 διελαθῆναι
2835 3664 3076 3741 σιδήριον
3131 3664 3434 3740 καταμέσον
3477 3663 3647 3731 αὖτῆς
3703 3670 3815 3721 τῶν

439 3748 693 3828 femora,
721 3756 780 3810 et
803 3748 887 3810 sic
912 3748 1280 3827 colligatam,
1307 3746 1403 3809 vel
1433 3746 1629 3828 potius
1647 3747 2083 3824 conﬁxam,ab-

2167 3761 2356 3834 μηρῶν
2399 3756 2488 3812 καὶ
2519 3753 2660 3812 οὕτω
2690 3753 3030 3813 συνδεθεῖσαν
3080 3754 3117 3823 ἢ
3167 3753 3371 3830 μᾶλλον
3412 3765 3815 3832 περιπαγεῖσαν

437 3835 576 3900 duci
601 3836 661 3899 in
700 3855 1031 3900 carcerem.
1068 3836 1175 3898 Illa
1221 3855 1358 3898 vero
1409 3853 1544 3897 cum
1574 3845 1632 3897 et
1654 3842 1771 3898 tam
1797 3839 2078 3900 acerbum

2168 3845 2241 3908 εἷς
2286 3844 2382 3912 τὴν
2427 3845 2640 3922 εἷρκτὴν
2687 3843 3024 3924 ἀπαχθῆναι.
3073 3842 3137 3900 Ἥ
3181 3841 3238 3899 δὲ
3282 3844 3370 3900 καὶ
3443 3843 3648 3910 ταύτην
3698 3844 3814 3900 ὑπ-

437 3927 786 4009 pertulisset
816 3946 882 3988 su
897 3925 1280 4009 pplicium,et
1311 3925 1569 3988 abducta
1597 3927 1837 3988 essetin
1871 3945 2082 3990 carce-

2167 3953 2457 4012 ενεγκουσα
2485 3933 2585 4001 τὴν
2629 3932 2882 4013 ἀλγεινὴν
2935 3933 3170 4011 βάσανον
3213 3932 3304 3989 καὶ
3334 3932 3464 4011 πρὸς
3510 3932 3613 3999 τήν
3643 3953 3816 4012 ερρω-

437 4035 592 4094 rem,
631 4016 795 4078 humi
819 4017 1034 4097 jacens
1069 4037 1084 4077 :
1122 4015 1375 4078 Domine
1405 4017 1568 4078 Deus
1601 4033 1771 4078 meus
1801 4017 2082 4097 omnipo-

2167 4021 2262 4101 ρὰν
2304 4022 2642 4102 ἀπαχθεῖσα,
2701 4022 2839 4080 κατᾶ
2893 4029 2987 4079 τοῦ
3043 4019 3271 4100 ἐδάφους
3328 4019 3582 4100 κειμένη,
3652 4019 3814 4100 Κύριᾶ

444 4105 1037 4187 tens,clamabat,qui
1068 4123 1132 4169 es
1163 4105 1417 4167 invictus
1453 4105 1510 4166 in
1547 4105 1938 4188 potentia,qui
1965 4106 2083 4168 for-

2168 4131 2294 4186 μο),
2332 4109 2480 4186 ἐϐόα,
2515 4111 2613 4169 est
2642 4110 3035 4192 παντοκράτορ,
3069 4113 3097 4168 ὁ
3127 4111 3397 4181 ἀήττητος
3454 4109 3510 4167 ἐν
3559 4109 3809 4186 δυνάμει,

440 4195 518 4257 tis
550 4197 608 4257 in
642 4195 950 4277 operibus,
990 4195 1160 4257 aufer
1181 4213 1212 4256 a
1244 4212 1343 4256 me
1372 4194 1481 4256 has
1512 4193 1886 4270 aﬂlictiones,
1923 4203 1982 4258 et
2011 4194 2083 4257 ab

2168 4201 2196 4256 ὃ
2255 4202 2507 4278 κραταιὸς
2571 4205 2626 4258 ἑν
2688 4201 2886 4280 ἔργοις,
2960 4201 3118 4265 αὐτὸς
3163 4200 3374 4278 περίελέ
3419 4222 3523 4275 μου
3555 4200 3651 4266 τὰς
3691 4200 3814 4256 θλί-

443 4283 540 4360 iis,
577 4291 674 4366 qui
707 4303 801 4348 me
833 4284 1236 4361 circumdant,
1272 4281 1462 4346 libera
1509 4282 1837 4354 doloribus,
1875 4292 1938 4346 ut
1965 4284 2083 4346 Da-

2168 4293 2317 4365 ψεις,
2381 4291 2465 4346 καὶ
2523 4295 2628 4348 τῶν
2682 4297 3054 4370 περιεχουσῶν
3108 4311 3176 4367 με
3221 4288 3526 4356 ἂπάλλαξον
3579 4287 3810 4370 ὀδυνῶν,

447 4373 666 4436 nielem
716 4393 752 4436 a
783 4373 1084 4448 leonibus,
1117 4378 1183 4434 ut
1231 4380 1352 4434 tres
1384 4389 1604 4452 pueros
1631 4371 1682 4448 9,
1714 4381 1772 4435 et
1801 4371 2083 4437 Theclam

2168 4379 2242 4442 ὡς
2301 4378 2502 4448 Δανιὴλ
2561 4379 2623 4438 ἐκ
2679 4379 2936 4455 λεόντων,
2996 4382 3071 4445 ὡς
3113 4380 3235 4444 τοὺς
3278 4393 3426 4456 τρεῖς
3468 4376 3674 4443 παῖδας
3723 4382 3815 4436 καὶ

443 4461 517 4524 ab
548 4463 686 4542 igne
718 4471 775 4524 et
809 4462 1230 4525 bestiisl’ater
1252 4480 1424 4524 meus
1447 4469 1504 4524 et
1534 4468 1723 4523 mater
1754 4480 1888 4524 mea
1917 4462 2083 4525 dere-

2171 4465 2372 4525 θὲκλαν
2425 4467 2486 4524 ἐκ
2527 4471 2690 4548 πυρὸς
2735 4470 2824 4526 καὶ
2865 4468 3061 4548 θηρίων
3096 4483 3112 4500 ⁸
3159 4470 3186 4525 ὁ
3230 4470 3411 4547 πατήρ
3467 4489 3568 4543 μου
3628 4468 3718 4523 καὶ
3777 4468 3814 4537 ἡ

443 4538 751 4632 liquerunt
785 4571 880 4614 me
913 4571 928 4616 :
965 4561 1025 4614 tu
1055 4562 1287 4630 autem,
1317 4551 1685 4627 Domine,ne
1705 4551 2083 4614 recesserisa

2169 4558 2352 4635 μητήρ
2411 4580 2514 4633 μου
2557 4538 2911 4637 ἐγκατέλιπόν
2938 4538 3010 4634 με
3040 4573 3056 4591 ⁶
3093 4558 3156 4615 σὺ
3206 4555 3284 4637 δὲ,
3333 4538 3509 4636 Κύριε,
3542 4557 3620 4633 μὴ
3664 4555 3815 4613 ἀπο-

445 4658 541 4702 me
571 4659 586 4704 :
622 4641 726 4702 sed
758 4642 1058 4722 quomodo
1089 4641 1230 4703 olim
1263 4658 1506 4722 quoque
1537 4639 1863 4720 fugientem
1893 4641 2083 4705 Israe-

2167 4647 2295 4722 στῇς
2339 4646 2434 4703 ἀπ’
2480 4647 2636 4723 ἐμοῦ,
2693 4647 2813 4704 αλλ’
2865 4647 2925 4703 ’ὃν
2969 4647 3165 4725 τρόπον
3218 4648 3308 4704 καὶ
3357 4645 3522 4703 πάλαι
3564 4648 3660 4701 τὸν
3712 4646 3818 4720 μὲν

445 4727 561 4791 lem
597 4747 706 4810 per
756 4750 921 4794 mare
954 4731 1318 4794 conservasti
1363 4732 1416 4807 ὅ,
1454 4731 1604 4792 mari
1636 4750 1774 4794 vero
1805 4731 2083 4795 inimicos

2167 4733 2385 4814 Ἰσραὴλ
2436 4737 2698 4816 φεύγοντα
2769 4735 2860 4793 διὰ
2923 4735 3196 4803 θαλάσσης
3261 4734 3505 4815 ἔσωσας,
3565 4733 3816 4812 θαλάσσῃ

445 4836 652 4883 eorum
687 4819 939 4883 obruisti
977 4841 992 4882 :
1025 4821 1106 4885 ita
1138 4840 1298 4883 nunc
1330 4839 1567 4902 quoque
1600 4839 1696 4883 me
1727 4838 1919 4883 serva.
1939 4820 2083 4884 Eum

2171 4822 2225 4879 δὲ
2275 4826 2398 4889 τοὺς
2441 4825 2668 4906 ἐχθροὺς
2727 4826 2899 4883 αύτῶν
2965 4825 3368 4902 κατεκάλυψας,
3428 4825 3568 4882 οὕτω
3607 4822 3666 4880 δὲ
3725 4827 3822 4882 καὶ

447 4918 645 4973 autem
674 4911 777 4992 qui
809 4909 1098 4974 adversus
1155 4929 1250 4972 me
1277 4909 1500 4972 bellum
1534 4910 1711 4988 gerit,
1751 4911 2083 4994 confringe,

2176 4920 2262 4971 νῦν
2318 4913 2493 4972 σῶσον
2537 4915 2634 4992 μὲν
2679 4915 2798 4996 ἐμὲ,
2849 4917 2941 4972 τὸν
2986 4914 3329 4990 πολεμοῦντα
3385 4912 3440 4971 δέ
3471 4936 3562 4990 μοι
3606 4915 3819 4993 κατάρο

446 5016 551 5062 rex
583 4999 828 5082 invicte,
860 5009 920 5062 et
966 5018 1073 5082 per
1105 5018 1268 5076 eum,
1295 4999 1735 5076 adversarium,
1763 5007 1823 5062 et
1847 5001 1950 5083 qui
1979 5019 2083 5064 nos

2171 5001 2348 5082 ραξον,
2410 5003 2646 5074 ἂήττητε
2701 5003 2943 5084 βασιλεῦ,
2991 5007 3081 5061 καὶ
3124 5001 3191 5060 δι’
3237 5006 3395 5063 αὔτοῦ
3449 5005 3542 5061 τὸν
3569 5003 3820 5061 ἀντικεί-

447 5098 696 5152 conatur
721 5089 1131 5172 supplantare,
1164 5091 1470 5153 Satanam.

2172 5092 2331 5169 μενόν
2362 5115 2420 5149 τε
2451 5095 2539 5150 καὶ
2567 5094 2935 5166 ὑποσκελίζειν
2973 5095 3119 5170 ἡμᾶς
3178 5093 3509 5172 πειρώμενον
3541 5100 3816 5154 Σατανᾶν.

525 5174 832 5243 VIII.Cum
867 5196 1078 5261 preces
1111 5177 1310 5241 adhuc
1337 5185 1538 5240 essent
1560 5178 1619 5239 in
1646 5178 1930 5255 labris,ad
1957 5197 2083 5243 eam

2253 5181 2349 5244 H'.
2398 5181 2521 5242 Ἔτι
2565 5189 2666 5252 τῆς
2710 5184 2882 5265 εὐχῆς
2927 5185 2984 5240 ἒν
3028 5182 3274 5264 χείλεσιν
3317 5183 3504 5263 οὔσης,
3536 5183 3821 5263 πρόσεισιν

443 5268 699 5343 accedit,
733 5269 835 5350 qui
866 5268 976 5332 sub
1030 5276 1341 5350 aspectum
1401 5286 1521 5330 non
1577 5269 1758 5349 cadit,
1819 5269 2083 5332 omnium

2169 5270 2305 5350 αὒτῇ
2334 5273 2362 5328 ὁ
2407 5271 2615 5354 ἄγαν-ης
2657 5275 2873 5332 πάντων
2918 5272 3110 5353 ἐχθρὸς
3155 5274 3244 5331 καὶ
3301 5273 3587 5350 πολέμιος,
3638 5273 3823 5351 ἄγγει-

446 5354 637 5419 hostis
661 5365 720 5418 et
749 5357 1359 5438 inimicus,simulans
1384 5375 1450 5419 se
1473 5374 1607 5419 esse
1635 5357 1916 5436 angelum
1945 5358 2081 5423 Dei:

2167 5361 2261 5427 λος
2308 5368 2440 5419 Θεοῦ
2483 5363 2628 5422 εἶναι
2680 5363 3090 5443 προσποιηθεὶς,
3127 5362 3310 5439 Δεινὰ,
3342 5361 3538 5442 λέγων,
3589 5363 3638 5420 ὦ
3666 5361 3826 5422 Ἰου-

441 5445 676 5526 Gravia,
711 5445 948 5530 dicens,
981 5446 1362 5526 oJuliana,et
1385 5446 1554 5511 valde
1585 5445 1784 5528 gravia
1821 5455 1882 5512 et
1906 5447 2083 5532 plane

2167 5449 2353 5538 λιανή,
2411 5453 2547 5512 κατὰ
2605 5459 2700 5512 σοῦ
2757 5456 2785 5513 ὁ
2845 5451 3060 5535 ἅρχων,
3105 5450 3250 5511 δεινᾶ
3293 5449 3487 5533 σφόδρα
3557 5453 3648 5513 καὶ
3709 5453 3824 5513 ἄν-

514 5614 548 5673 3
577 5616 727 5684 Dan.
759 5633 821 5683 γι
848 5623 908 5683 et
935 5633 1021 5685 ιιι.
1104 5617 1137 5673 ὅ
1168 5616 1361 5686 Exod.
1394 5635 1501 5684 xm
1539 5625 1599 5685 et
1627 5637 1752 5686 XVi.
