4060 6206
212 302 362 382 1449

1522 313 1708 382 VITA
1753 319 1814 380 s.
1860 304 2236 385 JULIANzE.

3410 316 3565 389 1450

203 454 504 533 τριάκοντα.
563 453 691 513 Οὐδὲ
733 453 832 532 γὰρ
874 452 1069 525 ἥττους
1127 453 1283 513 αὗται
1314 460 1417 513 τῶν
1448 454 1672 535 ἀνδρῶν,
1720 456 1843 515 ὅσον

1940 456 2101 518 fuere
2130 455 2310 518 sociae
2353 461 2598 517 centum
2647 460 2705 516 et
2734 452 2978 532 triginta
3008 453 3336 533 mulieres;
3370 473 3570 538 neque

205 546 276 609 εἰς
300 542 586 621 εὐσέϐειαν,
619 544 980 626 ἀνεφάνησαν,

282 722 384 784 ll".
430 723 725 805 Παφλάζων
766 724 822 783 δὲ
855 726 930 785 ἔτι
964 729 991 785 6
1025 725 1262 806 ἔπαρχος
1300 730 1377 802 τῷ
1405 729 1578 805 θυμῷ,
1625 727 1700 790 εἱς
1744 724 1833 782 λέ-

201 808 338 879 ϐητα
379 813 565 885 ζέοντα
612 816 729 894 πυρὶ
771 814 956 892 πολλῷ
1012 817 1112 885 τὴν
1172 812 1468 883 Ἰουλιανὴν
1510 814 1843 891 ἐμϐληθῆναι

202 904 514 979 προστάττει
550 920 567 937 ⁸
613 906 648 973 ἡ
694 903 749 961 δὲ
800 907 912 963 θεία
970 906 1130 986 χάρις
1174 906 1331 964 αὐτὸν
1383 906 1671 986 μονονουχὶ
1712 903 1840 961 λου-

202 992 325 1070 τρὸν
367 989 565 1050 ἐδείκνυ
604 1000 674 1068 τῇ
719 994 938 1074 μάρτυρι
972 995 1069 1052 καί
1109 995 1215 1052 τῶν
1264 994 1463 1072 πόνων,
1498 993 1618 1051 ἀλλ’
1651 995 1711 1052 οὔ
1742 1001 1845 1051 τῶν

205 1078 383 1155 μελῶν
426 1080 575 1150 τῆξιν
616 1105 674 1139 τε
716 1086 805 1141 καὶ
849 1083 1085 1144 διάλυσιν
1120 1098 1137 1115 '
1184 1098 1303 1148 τοῖς
1335 1083 1390 1140 δέ
1417 1105 1479 1163 γε
1527 1086 1647 1163 περὶ
1690 1085 1848 1144 αὐτὸν

207 1168 630 1247 διακονουμένοις
665 1170 982 1241 Χαλδαῒκὴν
1011 1172 1184 1242 ἄλλην
1226 1174 1451 1249 κάμινον
1488 1189 1502 1203 ⁸
1555 1172 1704 1253 ἄφνω
1745 1174 1846 1251 γὰρ

208 1259 238 1314 ὁ
279 1256 441 1326 λέϐης
482 1260 659 1338 ῥαγεὶς
711 1263 797 1318 καὶ
846 1261 1029 1335 κύκλῳ
1069 1262 1250 1341 ὥσπερ
1280 1264 1380 1319 ὑπό
1411 1284 1555 1325 τινος
1587 1262 1844 1342 μηχανῆς

205 1349 470 1429 ἒκχυθεὶς,
528 1350 650 1413 τοὺς
744 1358 1105 1430 περιεστῶτας
1180 1351 1429 1409 ἀπώλεσε
1511 1349 1842 1430 παραδόξως,

209 1437 395 1501 αὐτούς
446 1459 506 1495 τε
564 1437 793 1517 δικαίως,
840 1440 1077 1506 κολάσας
1134 1443 1221 1498 καὶ
1281 1455 1443 1520 πεῖρα
1501 1439 1669 1507 δείξας
1722 1443 1845 1505 τους

208 1526 454 1607 ἄφρονας,
528 1528 649 1592 οἶος
720 1531 794 1605 Qa
841 1530 928 1587 ἐπ’
974 1531 1187 1611 αὐτοὺς,
1235 1531 1358 1593 οἶος
1404 1530 1459 1587 ἐν
1501 1537 1571 1608 τῇ
1622 1531 1849 1609 μάρτυρι

211 1616 477 1694 κατεφάνη
512 1637 526 1651 ·
563 1617 703 1676 οὕτω
731 1621 838 1677 τὶν
897 1620 1104 1696 δημίων
1160 1619 1561 1700 ἂναλωθέντων,
1615 1624 1642 1677 ὁ
1678 1620 1848 1699 ἔπαρ-

205 1728 308 1785 χος
371 1709 465 1765 οὔκ
509 1707 731 1787 ἤνεγκεν
788 1712 849 1766 τὸ
900 1708 1103 1786 συμϐὰν
1152 1709 1259 1769 οὐδ’
1293 1711 1523 1778 ἀνεκτὴν
1551 1709 1690 1774 ὅλως
1747 1711 1848 1777 τὴν

1927 546 2089 608 enim
2121 544 2268 606 viris
2298 544 2438 607 visae
2486 553 2626 606 sunt
2672 543 3019 621 inferiores,
3053 544 3215 626 quod
3250 545 3466 609 attinet
3491 547 3570 610 ad

1930 635 2212 715 pietatem
2228 683 2241 699 .

2005 724 2157 787 XIII.
2190 724 2403 786 Adhuc
2423 733 2619 786 autem
2653 725 2744 785 ira
2773 724 3011 787 fervens
3047 725 3381 805 praefectus,
3399 725 3572 807 jubet

1925 813 2228 877 Julianum
2255 831 2464 874 rursus
2484 813 2652 892 injici
2678 813 2738 874 in
2762 812 3247 890 lebetem,multo
3270 813 3411 892 igne
3439 816 3573 881 bul-

1929 903 2420 967 lientetn.Divina
2450 920 2593 966 vero
2620 907 2808 981 gratia
2833 923 2970 967 eum
3006 907 3440 986 propemodum
3476 907 3571 970 ef-

1929 994 2073 1058 fecit
2098 998 2338 1073 martyri
2397 993 2695 1056 lavacrum
2742 993 3049 1074 laborum,
3085 1013 3203 1057 non
3235 1005 3434 1058 autem
3467 999 3570 1078 qui

1934 1083 2204 1145 membra
2233 1082 2629 1163 liquefareret
2658 1093 2717 1146 et
2739 1082 3098 1147 dissolveret
3135 1104 3152 1145 :
3185 1084 3262 1146 iis
3292 1103 3435 1149 vero
3466 1091 3567 1167 qui

1932 1173 2093 1234 circa
2120 1170 2315 1252 ipsum
2350 1170 3195 1249 ministrabant,Ghaldaicam
3228 1174 3408 1237 aliam
3440 1175 3569 1238 for-

1932 1259 2334 1325 nacem.Nam
2353 1280 2490 1324 cum
2519 1270 2770 1342 repente
2803 1262 3109 1343 erupisset
3133 1263 3325 1340 lebes,
3361 1272 3419 1328 et
3449 1266 3569 1328 cir-

1930 1351 2228 1413 cumcirca
2274 1360 2552 1431 tanquam
2582 1351 2661 1414 ab
2690 1352 2891 1433 aliqua
2922 1353 3198 1415 machina
3227 1362 3387 1416 esset
3411 1355 3570 1417 cliu-

1934 1440 2500 1511 sus.admiraliiliter
2548 1450 2609 1502 et
2653 1453 2872 1522 praeter
2925 1441 3274 1522 opinionem
3308 1443 3571 1523 perdidit

1934 1548 2039 1593 eos
2061 1531 2161 1610 qui
2192 1529 2660 1591 circumstabant
2692 1548 2706 1592 :
2741 1540 2802 1594 et
2835 1550 2970 1594 cum
3004 1550 3109 1594 eos
3134 1533 3296 1611 juste
3330 1534 3569 1613 puuiis-

1933 1628 2113 1695 set,et
2141 1618 2338 1680 stultis
2368 1619 2735 1682 ostendisset
2755 1621 3353 1702 experientia,qualis
3392 1623 3452 1684 in
3482 1624 3570 1703 ip-

1932 1717 2120 1780 sos,et
2151 1708 2339 1789 qualis
2398 1709 2745 1788 apparuerit
2800 1710 2863 1772 in
2923 1718 3270 1790 martyrem.
3305 1710 3453 1773 Cum
3484 1713 3571 1774 sic

201 1796 471 1874 συμφορὰν
501 1795 803 1876 ἐλογήσατο
834 1814 848 1829 ·
887 1802 954 1867 ἧν
998 1797 1053 1855 δέ
1096 1800 1158 1856 τὸ
1204 1799 1421 1875 καιρίως
1479 1799 1702 1879 λυποῦν,
1762 1798 1845 1855 ὅτι

1940 1797 2187 1860 fuissent
2217 1799 2559 1877 consumpti
2614 1798 2877 1874 lictores,
2914 1799 3227 1879 praefectus
3271 1820 3389 1863 non
3439 1801 3572 1863 tulit

203 1882 340 1959 μηδὲ
372 1886 531 1965 κόρας
591 1894 716 1961 μιᾶς
777 1889 1139 1967 περιγενέσθαι
1184 1893 1381 1969 ἴσχυσε
1416 1908 1432 1923 '
1487 1888 1686 1967 δεῖγμα
1744 1888 1842 1956 τῆς

202 1972 426 2049 ἀθυμίας
488 1976 794 2055 περιέρρηξε
854 1978 952 2052 μὲν
996 1980 1156 2036 αὒτοῦ
1217 1979 1316 2045 τὴν
1373 1978 1569 2046 ἐσθῆτα
1605 1995 1619 2011 ·
1669 1977 1845 2037 πολλὰ

203 2060 258 2118 δὲ
316 2065 453 2121 κατὰ
523 2067 627 2123 τῶν
688 2068 844 2125 αὑτοῦ
900 2071 1031 2125 θεῶν
1115 2070 1216 2126 ὑπὸ
1292 2070 1611 2149 βαρυθυμίας
1672 2068 1844 2149 ἀφῆοιε

203 2151 440 2229 ῥήματα,
501 2145 595 2218 Ὠς
639 2156 729 2212 οὗν
772 2154 990 2232 ἐπάγων
1032 2157 1127 2221 τὰς
1158 2145 1415 2247 mitam":
1458 2155 1606 2215 οὒδὲν
1664 2145 1841 2230 ἤνυεν,

206 2240 427 2300 πλείονα
485 2243 690 2318 μᾶλλον
760 2247 857 2314 τὴν
896 2230 1155 2304 Ὕένστασιν
1403 2246 1540 2326 ὁρῶν
1583 2251 1651 2324 τῇ
1704 2244 1846 2326 μάρ-

205 2352 318 2410 τυρι
361 2332 675 2413 γινομένην,
734 2336 827 2392 τὸν
883 2333 967 2392 διὰ
1020 2333 1192 2416 ξίιρους
1245 2337 1468 2395 θάνατον
1499 2335 1846 2416 ἀποφαίνεται

205 2420 325 2478 κατ’
360 2425 545 2490 αὐτῆς.

289 2690 395 2751 lA'.
430 2693 676 2771 Πρόσεισι
709 2689 764 2748 δὲ
795 2693 883 2750 καὶ
915 2695 1060 2758 αὖθις
1096 2697 1124 2751 6
1156 2694 1442 2775 πειράζων,
1480 2695 1509 2751 ὃ
1539 2696 1637 2764 τὴν
1670 2696 1849 2775 ἀρχὴν

205 2785 273 2854 τῇ
319 2780 537 2861 μάρτυρι
591 2780 898 2860 προσελθὼν
958 2785 1230 2859 Σατανᾶς,
1278 2787 1364 2842 καὶ
1407 2783 1583 2845 πολλά
1642 2784 1849 2861 μαλλον

206 2869 387 2925 παθὼν
448 2869 486 2937 ἢ
529 2868 724 2941 δράσας
768 2872 856 2928 καὶ
915 2868 1181 2951 πόῤῥωθεν
1245 2874 1374 2938 στὰς
1437 2871 1538 2953 (ἔτι
1581 2875 1683 2953 γὰρ
1726 2872 1847 2930 ἔδε-

207 2955 371 3013 δοίκει
414 2959 503 3014 καὶ
542 2956 765 3038 πληγῶν
815 2959 1119 3040 ἐμέμνητο)
1162 2962 1417 3043 ἐπέχαιρε
1467 2962 1624 3031 δῆθεν
1682 2965 1847 3031 αὐτῆς

209 3048 288 3120 τῷ
338 3046 547 3133 θανάτῳ
625 3049 712 3106 καὶ
770 3050 892 3116 τοὺς
951 3048 1177 3126 δημίους
1239 3053 1488 3130 παρόρμα
1562 3052 1695 3133 πρὸς
1749 3053 1849 3120 τὴν

208 3132 421 3214 σφαγήν
454 3155 469 3170 θ
521 3138 638 3196 επεὶ
681 3136 734 3194 δὲ
778 3140 815 3208 ἡ
856 3141 1068 3219 γενναία
1098 3139 1253 3217 δριμὺ
1284 3144 1414 3221 πρὸς
1460 3144 1618 3200 αὐτὸν
1660 3140 1848 3199 ἆπεϊδε

1928 1888 2089 1969 quod
2124 1888 2442 1962 acciderat,
2471 1906 2670 1967 neque
2700 1889 2948 1951 omnino
2980 1888 3346 1951 tolerandam
3379 1908 3567 1972 repu-

1930 1978 2068 2039 tavit
2099 1976 2692 2050 calamitatem.Quod
2719 1986 2914 2039 autem
2946 1997 3080 2040 eum
3118 1978 3418 2060 przecipue
3452 1998 3573 2041 ma-

1928 2067 1985 2130 le
2016 2067 2620 2147 habebat,erat,quod
2657 2086 2767 2132 nec
2799 2067 2987 2145 potuit
3010 2068 3254 2147 quidem
3280 2087 3454 2130 unam
3474 2087 3571 2130 su-

1930 2176 2140 2238 perare
2165 2156 2621 2238 puellam.Quod
2646 2174 2785 2219 vero
2808 2157 2915 2218 fuit
2938 2157 3225 2219 indicium
3253 2157 3382 2237 ejus
3397 2163 3568 2237 aegri-

1932 2246 2412 2322 tudinis,vestem
2441 2245 2683 2327 quidem
2710 2263 2875 2307 suam
2903 2246 3180 2308 laceravit
3214 2264 3228 2308 :
3265 2247 3448 2309 multa
3469 2265 3571 2311 au-

1929 2347 2051 2399 tem
2083 2336 2264 2398 verba
2292 2341 2354 2396 in
2388 2354 2530 2397 suos
2562 2335 2707 2397 deos
2755 2335 2956 2399 emisit
3008 2353 3130 2416 prae
3155 2334 3386 2400 dolore.
3421 2335 3567 2400 Cum

1928 2445 2071 2506 ergo
2102 2426 2399 2506 supplicia
2428 2424 2873 2500 inferens,nibil
2907 2426 3246 2506 proﬁceret,
3279 2426 3360 2487 ita
3384 2427 3572 2506 magis

1932 2516 2140 2578 videns
2170 2516 2411 2596 martyri
2446 2532 2724 2577 crescere
2758 2514 3178 2596 constantiam,
3202 2515 3316 2578 fert
3344 2516 3406 2578 in
3437 2535 3568 2583 eam

1931 2611 2314 2680 sententiam,
2351 2613 2412 2666 ut
2435 2623 2580 2667 ense
2612 2611 2861 2666 mortem
2895 2603 3124 2666 subeat.

2011 2694 2164 2759 XIX.
2198 2694 2475 2758 Procedit
2504 2703 2703 2756 autem
2753 2711 2962 2756 rursus
3011 2712 3253 2776 quoque
3287 2702 3568 2771 tentator,

1932 2785 2036 2867 qui
2067 2785 2140 2846 ab
2169 2784 2341 2847 initio
2375 2784 2448 2846 ad
2494 2793 2812 2864 martyrem
2847 2794 3183 2847 accesserat
3208 2783 3480 2862 Satanas,
3515 2794 3575 2848 et

1932 2875 2108 2952 longe
2141 2874 2305 2955 plura
2342 2892 2549 2954 passus
2591 2892 2765 2954 quam
2797 2873 3044 2949 faciens,
3081 2884 3140 2936 et
3171 2875 3376 2955 procul
3409 2883 3574 2937 stans

1930 2965 2153 3044 (adhuc
2183 2963 2344 3026 enim
2379 2964 2650 3041 timebat,
2707 2973 2766 3026 et
2817 2962 3121 3043 plagarum
3156 2965 3568 3044 meminerat),

1932 3056 2063 3134 ejus
2096 3062 2287 3116 morte
2315 3053 2635 3131 gaudebat,
2669 3060 2729 3114 et
2758 3053 2833 3114 ad
2866 3051 3091 3115 caedem
3124 3051 3411 3115 incitabat
3451 3053 3569 3116 lic-

1934 3153 2118 3206 tores.
2152 3143 2300 3206 Cum
2330 3149 2527 3205 autem
2567 3143 2730 3221 virgo
2758 3141 2862 3204 illa
2892 3141 3062 3203 fortis
3093 3160 3231 3204 eum
3265 3143 3451 3205 torvis
3479 3161 3573 3206 as-

210 3224 300 3280 καὶ
339 3221 678 3303 Sumam,
712 3228 842 3287 Οὐαί
876 3251 995 3305 μοι,
1042 3229 1235 3310 κραξας
1294 3231 1524 3308 ἐκεῖνος,
1578 3231 1724 3312 τάχα
1775 3234 1848 3308 ’με

1940 3232 2197 3316 pexisset
2228 3232 2437 3309 oculis,
2471 3231 2598 3305 ille,
2654 3230 2767 3293 Hei
2802 3230 2973 3304 mihi,
3007 3230 3296 3304 clamans,
3331 3251 3426 3294 me
3455 3232 3578 3295 for-

210 3324 335 3377 ταϊς
378 3315 534 3394 χερσῖ
591 3319 679 3373 καὶ
726 3320 870 3384 αὖθις
923 3318 1069 3376 ἑλεῖν
1099 3319 1366 3396 βούλεται,
1398 3321 1602 3401 ἄφανὴς
1635 3321 1846 3400 γέγονε.

219 3404 317 3459 Καὶ
346 3403 374 3459 ὁ
412 3403 511 3479 μὲν
554 3404 657 3461 ὕπὸ
717 3406 933 3464 πολλῶν
976 3407 1082 3465 τῶν
1123 3410 1399 3486 μαρτύρων
1428 3408 1594 3475 οὕτως
1622 3413 1685 3467 τὸ
1733 3409 1849 3475 δέος

215 3489 651 3574 ἄνομολογῆσας,
705 3494 904 3576 ἀπέδρα
938 3512 953 3527 ⁸
1008 3498 1044 3566 ἡ
1094 3495 1149 3553 δὲ
1194 3496 1498 3561 καλλίνικος
1556 3496 1849 3576 Ἰουλιανή,

215 3578 399 3660 ὥσπερ
441 3585 538 3641 οὐκ
579 3582 665 3641 ἐπὶ
693 3585 939 3663 θάνατον,
972 3585 1092 3644 ἀλλ’
1124 3586 1210 3644 ἐπὶ
1256 3586 1404 3645 λῦσιν
1453 3585 1658 3660 μᾶλλον
1713 3588 1852 3666 ἁγο-

216 3668 355 3745 μένη
413 3671 640 3729 θανάτου
698 3676 786 3753 καὶ
842 3676 1021 3732 πόνων
1064 3675 1381 3755 ἀπαλλαγὴν
1431 3678 1708 3755 ἐπορεύετο
1738 3697 1850 3757 χα-

216 3765 399 3836 ρίεσσα
440 3761 541 3829 τὴν
572 3762 719 3838 ὄψιν,
756 3762 948 3843 φαιδρὰ
976 3779 1092 3831 τοῖς
1125 3764 1427 3847 ὀφθαλμοῖς
1476 3767 1565 3823 καὶ
1613 3768 1713 3833 τὴν
1752 3770 1852 3833 τῆς

217 3852 407 3928 ψυχῆς
451 3848 594 3907 ἔνδον
628 3848 824 3921 ἡδονὴν
853 3854 1228 3934 ὃπογράφουσα
1264 3873 1280 3887 ⁵
1340 3854 1516 3913 πολλὰ
1559 3858 1691 3936 πρὸς
1734 3859 1856 3922 τοὺς

216 3940 717 4016 συμπορευομένους
790 3944 926 4019 αὐτῇ
1011 3943 1370 4024 διαλεγομένη
1448 3948 1535 4004 καὶ
1604 3948 1854 4004 πείθουσα

211 4023 389 4103 μηδὲν
440 4028 584 4086 εἶναι
643 4031 783 4107 μήτε
830 4032 938 4090 τῶν
988 4023 1264 4113 παρόντων
1299 4034 1511 4114 ἀγαθῶν
1542 4035 1856 4114 τιμιώτερον

217 4115 362 4193 μήτε
413 4122 520 4174 τῶν
568 4118 830 4199 ἀλγεινῶν
861 4122 1209 4203 ἰσχυρότερον
1262 4128 1361 4192 τῆς
1393 4125 1467 4190 εἷς
1500 4126 1594 4182 τὸν
1631 4127 1857 4204 Χριστὸν

217 4204 467 4294 ἀγάπης.
503 4207 701 4294 ΔΤοιῖὶτιτ
753 4216 878 4270 εἷπε
934 4215 1023 4271 καὶ
1080 4226 1201 4280 τοῖς
1258 4212 1432 4293 ἔργοις
1506 4214 1858 4294 ἐπεσφράγιζε

217 4293 288 4351 τὰ
349 4291 610 4383 λεχθέντα
644 4318 660 4335 ·
710 4300 829 4360 ἒπεὶ
870 4302 971 4383 γὰρ
1016 4304 1146 4383 πρὸς
1191 4291 1339 4380 αὖτῷ-
1384 4307 1462 4378 τῷ
1521 4291 1690 4379 τόπιμ
1721 4291 1859 4371 καττ

219 4382 534 4473 ἱστιηένθα
563 4384 667 4446 ἔδει
724 4392 812 4448 καὶ
862 4382 963 4461 τὴν
1025 4391 1296 4451 τελείωσιν
1352 4390 1615 4468 δέξασθαι,
1675 4400 1860 4473 πρῶτα

222 4472 326 4535 μὲν
383 4472 578 4544 ἑαυτὴν
623 4478 915 4538 ἀντέτεινεν
965 4482 1039 4548 εἰς
1084 4481 1256 4565 εὐχήν
1291 4499 1307 4520 ’
1353 4480 1539 4541 ἔπειτα
1569 4482 1625 4539 δὲ
1653 4472 1741 4540 καὶ
1769 4485 1861 4540 τὸν

1932 3332 1990 3385 te
2019 3321 2142 3383 vult
2195 3340 2401 3385 rursus
2452 3320 2916 3402 apprehendere
2971 3319 3273 3396 manibus,
3309 3322 3572 3386 evanuit.

1932 3416 2004 3476 Et
2029 3412 2127 3473 ille
2156 3411 2400 3491 quidem
2433 3429 2568 3472 cum
2603 3410 2772 3471 multi
2802 3409 3089 3471 adessent
3122 3419 3574 3490 testes,metum

1933 3501 2021 3561 sic
2048 3500 2387 3574 confessus,
2420 3498 2644 3576 aufugit
2678 3516 2691 3560 :
2725 3497 2985 3575 gloriosa
3035 3515 3175 3559 vero
3222 3498 3430 3559 victrix
3460 3500 3572 3558 Ju-

1936 3586 2118 3666 liana,
2181 3595 2458 3667 tanquam
2512 3604 2633 3647 non
2677 3586 2748 3646 ad
2783 3594 3035 3646 mortem
3068 3584 3413 3659 duceretur,
3467 3585 3576 3646 sed

1938 3676 2135 3758 potius
2188 3675 2261 3736 ad
2314 3674 2673 3738 solutionem
2737 3673 2967 3744 mortis,
3021 3671 3367 3734 ambulabat
3396 3672 3582 3735 alacri

1938 3767 2127 3840 vultu,
2165 3763 2317 3827 laetis
2370 3763 2585 3837 oculis,
2648 3771 2707 3825 et
2759 3768 2974 3824 animas
3018 3761 3315 3823 internam
3371 3761 3577 3842 expri-

1940 3875 2110 3920 mens
2142 3855 2522 3934 voluptatem,
2557 3870 2691 3914 cum
2754 3852 2827 3914 iis
2881 3851 2986 3932 qui
3039 3870 3172 3913 cum
3207 3870 3278 3913 ea
3303 3852 3580 3915 ambula-

1940 3946 2080 4010 bant
2113 3945 2364 4007 multum
2393 3943 2723 4016 disserens,
2778 3951 2838 4003 et
2896 3940 3296 4021 persuadens,
3348 3941 3579 4004 nullum

1941 4055 2075 4100 esse
2104 4052 2303 4116 neque
2336 4051 2407 4095 ex
2437 4031 2609 4094 bonis
2654 4029 3051 4111 praesentibus
3084 4030 3430 4110 pretiosius,
3465 4049 3582 4094 ne—

1942 4145 2059 4209 que
2089 4144 2159 4189 ex
2191 4122 2459 4185 tristibus
2488 4119 2743 4183 validius
2773 4118 3103 4209 dilectione
3128 4118 3190 4181 in
3247 4118 3575 4185 Christum.

1941 4215 2081 4280 Haec
2110 4214 2277 4288 dixit,
2313 4221 2372 4274 et
2398 4209 2572 4275 factis
2602 4210 2752 4291 ipsis
2802 4208 3138 4288 obsignavit
3168 4226 3299 4289 quae
3324 4209 3580 4273 dixerat.

1943 4309 2265 4385 Postquam
2299 4302 2460 4365 enim
2492 4299 2605 4363 fuit
2633 4300 2697 4360 in
2724 4317 2794 4361 eo
2818 4298 2951 4360 loco
2979 4296 3080 4360 ubi
3104 4297 3418 4379 oportebat
3449 4316 3581 4361 eam

1943 4394 2221 4476 accipere
2277 4388 2886 4464 consummationem,
2950 4387 3207 4476 primum
3239 4386 3484 4465 quidem
3517 4406 3584 4452 se

1946 4475 2140 4547 erexit
2167 4481 2242 4546 ad
2268 4480 2629 4555 orationem,
2663 4477 2888 4542 deinde
2937 4485 2997 4539 et
3027 4475 3246 4539 collum
3277 4476 3589 4540 inclinavit

226 4561 435 4642 αὐχένα
489 4566 621 4644 πρὸς
673 4570 885 4650 σφαγὴν
926 4569 1124 4648 ἔκλινε,
1148 4561 1254 4641 τὴν
1284 4572 1449 4642 αὐτὴν
1479 4571 1720 4645 σώζουσα
1761 4577 1851 4641 τῆς

1948 4574 2007 4637 in
2041 4571 2294 4648 caedem,
2324 4569 2601 4633 eamdem
2650 4583 2904 4630 servans
2960 4564 3146 4656 animi
3201 4564 3491 4642 laetitiam,
3524 4576 3588 4630 et

224 4654 418 4734 ψυχῆς
478 4657 801 4736 εὐφροσύνην
859 4662 946 4719 καὶ
993 4660 1162 4739 μηδὲν
1228 4661 1366 4728 ὅλως
1415 4663 1663 4742 κατηφὴς
1724 4664 1851 4721 ὑπο-

1948 4663 2100 4726 nihil
2131 4664 2374 4725 omnino
2407 4658 2578 4721 triste
2607 4656 2956 4721 ostendens.
2982 4655 3069 4720 Ita
3090 4656 3335 4721 victoria
3363 4656 3589 4739 insigni

221 4745 480 4823 φαίνουσα
538 4748 626 4805 καὶ
683 4748 823 4808 οὕτω
869 4750 969 4819 τὴν
1019 4753 1295 4834 νικαφόρον
1348 4753 1705 4831 ἀποτέμνεται
1761 4775 1860 4812 κε-

215 4835 420 4920 φαλήν.

311 4928 427 4991 ιε’.
462 4930 602 5000 Γυνὴ
633 4929 688 4990 δέ
721 4954 809 5001 τις
838 4935 1005 5016 Σοφία
1033 4934 1265 5013 τοῦνομα
1310 4937 1449 4996 κατά
1492 4957 1611 4995 τινα
1669 4959 1859 4997 συντυ-

226 5018 362 5099 χίαν
383 5018 496 5108 τήν
527 5021 863 5100 Νικομήδους
892 5025 1014 5108 τότε
1058 5024 1381 5108 διερχομένη
1431 5029 1521 5085 καὶ
1576 5028 1707 5108 πρὸς
1764 5028 1863 5095 τὴν

232 5106 627 5199 μεγαλόττολινᾼ
662 5111 890 5173 ἀπιοῦσα
949 5106 1209 5199 Ῥώμην,
1246 5119 1308 5175 τὸ
1355 5118 1494 5193 ἱερὸν
1535 5106 1712 5176 ἐκεῖνο
1746 5114 1862 5195 μεθ’

230 5196 437 5264 ἑαυτῆς
480 5195 741 5276 λαμϐάνει
799 5201 1074 5283 λείψανον,
1125 5195 1213 5265 καὶ
1255 5204 1440 5265 οἴκαδε
1494 5206 1550 5265 δὲ
1578 5210 1733 5266 τοῦτο
1764 5228 1865 5265 κο-

236 5285 470 5365 μίσασα,
494 5377 501 5378 7
529 5291 654 5348 ναὸν
728 5292 796 5362 τῆ
839 5295 1061 5375 μάρτυρι
1098 5302 1206 5354 τῶν
1247 5295 1420 5355 ἄθλων
1460 5295 1604 5364 ἄξιον
1656 5297 1866 5378 ἀνεγεί-

225 5394 333 5458 ρει.
360 5377 505 5467 ,Μετ’
539 5381 600 5437 οὐ
629 5380 765 5467 πολὺ
814 5384 903 5440 καὶ
962 5387 989 5440 6
1035 5387 1225 5465 μιαρὸς
1266 5385 1539 5451 Ἐλεύσιος
1568 5388 1666 5457 τῆς
1694 5377 1867 5467 προσ-

225 5466 474 5556 ηκοῦσης
521 5466 663 5547 αὖτῷ
718 5470 869 5540 δίιης
926 5474 1293 5551 παραπολαύέι
1330 5495 1347 5513 ⁸
1408 5476 1638 5535 πλέοντα
1683 5466 1784 5556 γᾶρ
1812 5477 1868 5534 ἒν

1946 4754 2003 4819 ei
2035 4760 2213 4836 caput
2242 4758 2605 4834 amputatur.

2027 4932 2378 4999 XV.Mulier
2390 4938 2588 4993 autem
2612 4924 3164 5011 qumdam,nomine
3184 4925 3596 5008 Sophia,t‘orte

1945 5026 2183 5089 fortuna
2202 5029 2344 5084 tunc
2368 5019 2671 5083 transiens
2690 5016 3201 5092 Nicomediam,et
3221 5015 3296 5078 ad
3316 5033 3591 5096 magnam

1948 5114 2159 5180 urbem
2181 5111 2578 5194 proﬁciscens
2598 5106 3016 5184 Romam,ilias
3037 5121 3237 5167 sacras
3257 5121 3461 5167 secum
3493 5125 3593 5170 ac.

1949 5203 2095 5287 cipit
2124 5200 2452 5283 reliquias:
2508 5216 2730 5278 easque
2775 5198 3019 5287 domum
3073 5200 3339 5287 portans,
3373 5196 3595 5287 ercitat

1950 5282 2195 5375 martyri
2216 5282 2503 5372 templum
2523 5287 2769 5367 dignum
2791 5282 3592 5375 ejuscertaminibusfaulo

1952 5370 2551 5468 poSt'exsecr—andus
2603 5390 2841 5468 quoque
2897 5370 3174 5468 Eleusius
3206 5373 3449 5468 meritas
3481 5375 3595 5468 luit

1956 5460 2339 5556 pmnas.Nam
2370 5464 2600 5556 cumgin
2647 5462 2799 5556 mari
2853 5460 3233 5556 navigantem
3266 5462 3407 5525 saevi
3458 5467 3594 5546 qui-

223 5555 478 5639 θαλάσσῃ
523 5560 710 5640 ἄνεμοί
751 5583 891 5626 τινες
936 5560 1110 5643 ἄγριοι
1162 5561 1563 5641 παραλαϐόντες
1611 5551 1705 5623 rei
1757 5551 1851 5646 χαι

1958 5551 2092 5627 dam
2120 5558 2292 5646 venti,
2313 5551 2950 5646 deprehendissent,et
2979 5552 3283 5633 ingentem
3328 5560 3594 5636 tempes-

221 5653 398 5715 λεπὸν
427 5638 572 5728 αὗτῷ
600 5638 887 5711 κλυδώνιον
931 5654 1374 5735 περιστήσαντες,
1429 5654 1530 5725 τὴν
1588 5653 1688 5734 μὲν
1752 5638 1851 5717 ναῦ

1958 5658 2143 5715 tatem
2166 5643 2548 5726 excitassent,
2568 5640 2757 5727 ipsam
2787 5638 3030 5726 quidem
3063 5658 3274 5705 navem
3304 5659 3429 5708 una
3458 5660 3596 5710 cum

608 5788 872 5849 ΓΑπιοι.
920 5781 1032 5848 Gn.
1080 5773 1244 5843 XIV.

3197 5757 3275 5828 46
