4028 6202
492 296 643 376 1431

1758 295 2039 377 MENSIS
2078 291 2588 374 FEBRUARIUS.

3724 320 3746 385 l
3760 309 3883 388 £5?

484 447 630 510 viris
659 445 721 506 in
753 444 899 506 mari
929 442 1346 522 submergunt.
1376 443 1524 507 Cum
1556 443 1656 505 alii
1689 451 1884 506 autem
1917 461 2120 507 omnes

2213 447 2492 527 αὔτανδρον
2552 456 2621 526 τῇ
2687 447 2922 525 θαλάττῃ
2982 447 3372 529 παραδιδοῦσι·
3425 455 3533 512 τῶν
3593 456 3796 515 ἄλλων
3829 459 3884 515 δὲ

486 543 690 599 essent
712 531 1180 612 submersi,ipse
1205 545 1269 594 ut
1302 533 1597 613 majorem
1629 533 1936 616 acciperet
1969 535 2124 596 cala-

484 626 776 697 mitatem,
813 643 847 685 a
879 621 1030 685 mari
1062 622 1308 702 quidem
1361 631 1673 698 servatur;
1709 623 1768 685 in
1803 624 2128 705 quemdam

483 731 625 777 vero
657 713 852 775 locum
887 711 1190 776 desertum
1223 711 1528 794 abjicitur,
1556 720 1616 776 et
1647 714 1711 776 ﬁt
1743 714 1929 776 miser
1957 732 2131 776 coena

484 801 753 866 canibus.

564 891 717 956 XVI.
752 890 896 953 Tale
950 890 1059 954 fuit
1112 891 1370 957 Juliauze
1425 893 1689 975 martyrii
1749 893 2029 969 stadium,
2069 900 2127 955 et

483 981 619 1043 talis
649 999 756 1063 pro
788 981 1025 1044 Christo
1058 981 1193 1043 ﬁnis
1245 1001 1378 1044 eam
1429 991 1519 1045 est
1548 991 1908 1046 consecutus
1942 1003 1958 1042 :
1992 1001 2127 1061 qum

480 1070 725 1136 Eleusio
779 1070 1019 1152 quidem
1080 1071 1387 1154 desponsa
1443 1073 1639 1135 fuerat
1685 1073 1846 1135 circa
1896 1090 2122 1134 nonum

481 1179 706 1224 annum
737 1160 952 1242 aetatis,
985 1159 1206 1223 Christi
1254 1171 1453 1224 autem
1506 1163 1614 1225 fuit
1645 1180 1891 1241 sponsa,
1926 1170 1984 1223 et
2015 1179 2124 1242 per

481 1250 830 1332 martyrium
884 1252 938 1312 ei
968 1249 1079 1311 fuit
1106 1251 1448 1330 conjuncta,
1481 1271 1616 1314 cum
1651 1261 1784 1314 nata
1815 1259 1974 1314 esset
2008 1249 2120 1312 de-

480 1358 611 1403 cem
645 1347 704 1403 et
729 1348 863 1402 octo
896 1357 1108 1402 annos.
1160 1338 1284 1402 Rex
1341 1360 1486 1403 vero
1534 1351 1661 1404 erat
1701 1349 1841 1403 tunc
1875 1341 2116 1421 quidem

477 1429 800 1511 impiorum
861 1429 1294 1506 Maximianus;
1361 1439 1567 1493 noster
1615 1439 1837 1505 autem,
1892 1430 1951 1491 id
2002 1438 2116 1511 est,

476 1519 772 1590 ﬁdelium,
805 1517 907 1600 qui
965 1525 1056 1581 est
1086 1538 1333 1602 semper
1361 1523 1520 1584 Deus
1552 1529 1610 1584 et
1639 1520 1791 1595 Rex,
1827 1521 2118 1583 Dominus

472 1616 680 1672 noster
707 1611 878 1671 Jesus
902 1607 1211 1671 Christus:
1241 1609 1340 1675 cui
1369 1610 1560 1690 gloria
1588 1619 1647 1673 et
1669 1609 1936 1692 potentia
1957 1628 2118 1675 nunc

471 1707 532 1762 et
563 1715 805 1780 semper
831 1706 894 1763 et
922 1699 982 1760 in
1015 1699 1237 1764 saecula
1267 1699 1652 1763 saeculorum.
1686 1703 1902 1763 Amen.

2210 539 2423 594 πάντων
2484 538 2781 616 γενομένων
2866 538 3211 622 ὑποϐρυχῶν,
3272 544 3454 619 αὐτὸς,
3515 548 3610 603 ἵνα
3673 569 3730 605 τι
3791 553 3888 606 καὶ

2211 626 2372 684 πλέον
2428 628 2700 708 μετάσχοι
2755 633 2855 696 τῆς
2913 637 3210 710 συμφορᾶς,
3270 634 3370 702 τῆς
3429 635 3718 704 θαλάσσης
3775 639 3886 714 μὲν

2209 714 2546 793 διασώζεται,
2609 718 2694 782 εἷς
2757 741 2876 776 τινα
2919 717 2976 775 δὲ
3020 720 3186 779 τόπον
3230 723 3434 802 ἔρημον
3476 725 3854 801 ἀπορίπτεται

2210 806 2298 862 καὶ
2326 809 2528 886 θηρίοις
2561 809 2588 866 ὁ
2619 806 2848 872 δείλαιος
2892 806 3110 868 δεῖπνον
3142 813 3369 890 γίιεται,

2291 895 2424 970 ις’.
2471 900 2720 956 Τοιοῦτον
2767 897 3033 976 Ἰουλιανῇ
3078 904 3139 956 τὸ
3183 912 3275 961 τοῦ
3311 905 3597 983 μαρτυρίου
3643 906 3879 966 στάδιον

2208 988 2304 1043 καί
2345 989 2584 1043 τοιοῦτον
2622 991 2754 1064 αὗτῇ
2811 989 2872 1044 τὸ
2943 990 3075 1067 ὑπὲρ
3136 997 3361 1069 Χριστοῦ
3419 993 3574 1058 τέλος
3618 995 3858 1055 ἀκολου-

2206 1079 2314 1149 θεῖ,
2371 1075 2489 1143 ἥτις
2547 1075 2801 1151 Ἐλευσίιρ
2879 1079 2978 1153 μὲν
3059 1079 3395 1155 ἐμνηστεύθη
3458 1087 3579 1163 περὶ
3638 1086 3876 1144 ἔννατον

2204 1164 2322 1229 ἔτος
2377 1170 2478 1232 τῆς
2538 1165 2775 1240 ἡλικίας,
2824 1173 3037 1246 Χριστῷ
3079 1167 3134 1225 δὲ
3180 1172 3270 1228 καὶ
3317 1171 3614 1251 ἒνυμφεύθη
3647 1177 3743 1234 καὶ
3777 1174 3870 1232 διὰ

2205 1256 2489 1332 μαρτυρίου
2547 1256 2811 1336 συνῆφθαι,
2877 1257 2996 1321 ἔτος
3054 1257 3199 1316 ὅκτω
3258 1262 3348 1316 καὶ
3419 1261 3631 1321 δεκατον
3684 1287 3865 1344 γενο-

2204 1344 2364 1418 μένη.
2429 1341 2768 1402 Ἐϐασίλευεν
2813 1344 2867 1402 δὲ
2911 1356 3209 1414 τηνικαῦτα
3266 1351 3374 1407 τῶν
3421 1351 3511 1425 μὲν
3567 1341 3858 1409 δυσσὲϐὤν

2204 1431 2558 1508 Μαξιμιανὸς,
2610 1435 2766 1508 ἡμῶν
2810 1433 2862 1491 δὲ
2904 1442 3011 1492 τῶν
3059 1439 3288 1512 πιστῶν,
3325 1441 3352 1495 ὁ
3389 1442 3470 1494 καὶ
3499 1440 3573 1497 ἀεὶ
3601 1441 3730 1504 Θεός
3776 1464 3842 1499 τε

2202 1523 2290 1578 καὶ
2326 1521 2582 1586 Βασιλεὺς
2637 1525 2664 1580 ὁ
2716 1525 2907 1603 Κύριος
2950 1527 3106 1601 ἡμῶν
3155 1527 3359 1595 Ἰησοῦς
3409 1531 3652 1609 Χριστος,
3698 1532 3746 1604 ᾧ
3808 1535 3851 1598 ἦ

2200 1609 2322 1676 δόξα
2379 1613 2469 1669 καὶ
2529 1615 2590 1669 τὸ
2647 1613 2865 1690 κράτος,
2917 1623 3006 1674 νῦν
3036 1618 3123 1674 καὶ
3155 1615 3234 1674 isi
3266 1621 3353 1676 καὶ
3383 1619 3459 1682 εἰς
3490 1620 3613 1683 τοὺς
3644 1621 3857 1684 αἰῶνας

2200 1702 2306 1759 τῶν
2335 1702 2564 1774 αἰώνων,
2600 1705 2658 1760 Ἀ
2667 1704 2799 1779 μήν,

1756 2472 2538 2606 ΑΘΛΗΣΙΣ

1007 2837 1232 2926 ΤΟΥ
1296 2835 1637 2924 ΑΓΙΟΥ
1699 2837 2228 2926 ΛΕΟΝΤΟΣ
2303 2839 2489 2925 ΚΑΙ
2559 2837 3294 2927 ΠΑΡΗΓΟΡΙΟΥ

829 3169 1418 3224 ΜΑΡΤΥΡΗΣΛΝΤΩΝ
1453 3173 1536 3224 ΕΝ
1573 3170 1906 3224 ΠΑΤΑΡΟΙΣ
1941 3167 2074 3223 ΤΗΣ
2109 3167 2364 3224 ΛΥΚΙΑΣ
2396 3167 2523 3220 ΠΡΟ
2557 3166 2720 3220 ΜῙΛΣ
2766 3163 3135 3220 ΚΑΛΛΝΔΩΝ
3167 3169 3230 3219 [0
3249 3163 3472 3222 ΥΛΙΟΥ.

1413 3734 2840 3906 MARTYRIUM

825 4127 1019 4259 SS.
1109 4125 1862 4258 MARTYBUM
1949 4125 2420 4256 LEONIS
2483 4127 2655 4256 ET
2726 4124 3458 4261 PAREGORII

698 4495 827 4573 QUI
868 4495 1332 4566 MARTYRIUM
1375 4495 1796 4566 SUBIERUNT
1833 4494 2155 4563 PATARIS
2194 4494 2271 4561 IN
2313 4495 2540 4564 LYCIA
2579 4493 2830 4563 PRIDIE
2871 4495 3272 4568 KALENDAS
3310 4497 3588 4568 JULIAS.

819 4821 909 4892 (18
939 4821 1097 4881 Febr.
1129 4853 1197 4865 —
1231 4821 1407 4883 Latine
1431 4824 1563 4900 apud
1591 4824 1826 4899 Surium,
1851 4825 2026 4885 Graece
2053 4841 2118 4884 ex
2139 4838 2239 4886 ms.
2270 4823 2399 4897 Reg.
2435 4823 2607 4883 Paris.
2641 4821 2804 4892 1452.
2837 4837 2958 4885 saec.
2990 4835 3031 4884 ι
3083 4826 3242 4887 Enn.
3271 4825 3477 4898 Pam.)

537 5398 792 5474 l.Variae
815 5406 1057 5490 quidem
1081 5413 1220 5471 sunt
1240 5405 1467 5471 diaboli
1496 5405 1787 5471 machinae
1817 5405 1892 5470 ad
1903 5420 2104 5468 versus

2268 5409 2359 5472 A'.
2427 5406 2675 5468 Ποικίλαι
2737 5407 2836 5487 μὲν
2887 5417 2982 5469 τοῦ
3027 5407 3276 5468 διαϐόλου
3328 5413 3380 5468 αἱ
3410 5406 3656 5493 μηχαναὶ
3683 5401 3818 5464 κατὰ

459 5513 666 5561 servos
686 5498 820 5574 Dei,
847 5502 1033 5578 magis
1058 5496 1286 5560 varium
1310 5505 1508 5562 autem
1542 5503 1602 5562 et
1626 5497 1818 5579 majus
1844 5493 2097 5560 estUni-

2210 5503 2292 5555 τῶν
2351 5498 2552 5558 δούλων
2596 5505 2690 5558 τοῦ
2734 5506 2866 5558 Θεοῦ
2901 5517 2917 5532 ⁸
2965 5499 3314 5580 ποικιλοτέρα
3350 5498 3405 5557 δὲ
3444 5503 3534 5558 καὶ
3564 5499 3756 5576 μείξων
3781 5497 3815 5565 ἡ

451 5585 637 5666 geniti
656 5586 941 5651 auxilium
969 5587 1027 5650 in
1047 5605 1187 5650 suos
1206 5588 1538 5652 ministros.
1556 5589 1708 5653 Nam
1729 5587 1831 5653 ille
1853 5585 2095 5669 quidem

2210 5590 2323 5670 ταρὰ
2380 5597 2474 5648 τοῦ
2532 5592 2865 5671 Μονογὲνοῠς
2925 5598 3060 5650 Θεοῦ
3111 5591 3187 5655 εἷς
3217 5589 3336 5657 τοὺς
3365 5586 3526 5653 ἰδίους
3556 5586 3817 5669 ὑπηρέτας

451 5693 576 5739 non
599 5694 841 5740 carnem
865 5685 923 5740 et
945 5677 1296 5758 sanguinem
1344 5679 1554 5761 objicit
1585 5678 1658 5742 iis
1687 5681 1790 5763 qui
1821 5681 1960 5742 sunt
1991 5693 2094 5738 na-

2177 5680 2342 5759 ῥοπή.
2406 5680 2467 5740 '0
2529 5681 2627 5757 μὲν
2686 5681 2785 5761 γὰρ
2845 5685 2951 5764 οὐχ
3011 5681 3154 5759 αἷμα
3201 5680 3290 5738 καὶ
3325 5678 3490 5760 σάρκα
3523 5692 3643 5746 τοῖς
3676 5679 3819 5760 φύσει
