4060 6206
234 337 388 411 1453

1248 343 1437 411 VITA
1483 343 1587 409 SS.
1635 338 1917 409 LEONIS
1956 336 2054 403 ET
2095 334 2537 404 PAREGORII.

3422 324 3577 395 1454

227 486 569 562 Χριστιανοτς
625 476 955 562 ἂνθίστησιν,
1016 476 1155 539 ἀλλὰ
1212 481 1278 539 τὰ
1362 481 1695 558 πνευματικᾶ
1752 486 1850 549 τῆς

1938 483 2070 541 tura
2096 475 2555 554 Christiani,sed
2582 472 2875 556 spiritalia
2905 467 3443 562 nequitiae.Christi
3463 487 3572 562 au-

221 569 478 648 πονηρίας
514 588 530 607 υ
578 572 610 639 ἡ
654 566 708 626 δὲ
778 577 874 626 τοῦ
934 570 1165 648 Χριστοῦ
1206 571 1431 649 βοήθεια
1475 571 1853 652 ἰσχυροτέρους

218 660 355 717 κατᾶ
414 667 506 719 τοῦ
561 657 808 718 διαϐόλου
864 661 986 725 τοὺς
1033 661 1220 721 ἑαυτοῦ
1289 661 1512 727 οἰκείους
1569 661 1850 725 δείκνυσιν,

218 756 503 808 Πιστοῦται
553 748 609 807 δὲ
666 751 729 807 τὸ
771 749 998 828 ῥημένον
1040 753 1237 816 ἱκανῶς
1296 751 1357 809 ἐκ
1417 756 1514 819 τῆς
1565 756 1670 809 τῶν
1721 772 1849 828 γεν-

215 840 379 896 ναίων
419 838 699 920 μαρτύρων
746 838 972 907 Λέοντος
1028 842 1116 899 καὶ
1146 842 1479 923 Παρηγόρίου
1520 842 1797 917 ὑπομονῆς
1831 855 1848 873 ⁸

215 930 309 985 του
376 930 477 1008 γὰρ
543 932 801 1009 μακαρίου
877 932 1210 1011 Παρηγορίου
1270 929 1741 1010 προτελειωθέντες
1798 932 1853 988 ἐν

218 1019 460 1097 ὃπομονῇ
516 1018 570 1077 ἐν
618 1020 788 1098 Κυρίῳ
828 1021 917 1078 καὶ
974 1029 1070 1093 τῆς
1122 1028 1229 1078 τῶν
1265 1019 1483 1079 πολλῶν
1514 1021 1693 1078 πόνων
1717 1020 1852 1077 ἀνα-

214 1108 423 1176 παύλης
481 1110 577 1178 τὴν
633 1108 911 1186 βασιλείαδ
966 1116 1073 1166 τῶν
1130 1111 1386 1190 οὒρανίων
1449 1112 1766 1190 εὑραμένου,
1828 1110 1857 1165 ὃ

216 1199 476 1277 μακάριος
536 1196 682 1256 Λέων
737 1201 829 1255 τὸν
902 1198 1003 1275 μὲν
1075 1198 1259 1278 ἀγῶνα
1328 1207 1423 1258 τοῦ
1482 1199 1854 1263 τελειωθέντος

220 1286 560 1368 ἐμακάριζεν,
592 1289 747 1353 αὖτὸς
776 1288 832 1345 δὲ
862 1288 918 1345 ἐν
963 1288 1106 1367 λύπη
1146 1290 1455 1371 κατείχετο,
1487 1290 1569 1347 ὅτι
1613 1288 1691 1365 μὴ
1748 1291 1857 1346 τῶν

220 1381 393 1436 αὑτῶν
422 1379 722 1460 τετύχηκεν
763 1378 1008 1459 ἀγώνων,
1064 1383 1249 1448 κοινῆς
1283 1379 1638 1459 προκειμένης
1670 1379 1855 1444 αὐτοῖς

215 1473 315 1535 τῆς
345 1466 487 1530 ὁδοῦ.

299 1557 383 1620 B'.
433 1556 560 1616 Κατ’
619 1557 821 1623 ἐκείνας
865 1557 921 1615 δὲ
972 1559 1066 1623 τὰς
1102 1557 1308 1639 ἡμέρας
1357 1557 1551 1628 συνέϐη
1604 1560 1695 1616 τὸν
1723 1558 1850 1618 ἀνθ-

215 1646 416 1704 ύπατον
452 1645 743 1705 Λολλιανδν
771 1649 873 1705 ὑπὸ
904 1655 1009 1707 τῶν
1051 1647 1315 1726 βασιλέων
1375 1647 1716 1727 κληρωθέντα
1744 1670 1854 1707 παι

214 1734 526 1815 ραγενέσθαι
557 1735 659 1801 ἕως
706 1740 877 1797 αὐτῶν
920 1736 1343 1817 φυλαττωμένης
1390 1743 1491 1804 τῆς
1540 1737 1718 1819 ἀρχῆς
1752 1739 1853 1795 ὑπὸ

209 1832 305 1882 τοῦ
361 1823 649 1903 ἐπιτρόπου
691 1830 793 1894 τῆς
837 1826 1045 1890 πόλεως
1102 1835 1196 1887 τοῦ
1252 1826 1306 1884 ἐν
1343 1829 1626 1905 Πατάροις.
1693 1826 1855 1885 Ἐπι-

180 1910 379 1971 ’τελῶν
435 1916 526 1970 οὖν
583 1916 613 1971 ὁ
656 1915 968 1993 παμμίαρος
1004 1916 1285 1996 ἐπίτροπος
1344 1918 1535 1995 ἑορτὴν
1563 1916 1855 1997 Σεράπιδος

1940 575 2056 628 tem
2080 567 2364 629 auxilium
2389 585 2530 629 suos
2553 565 2735 629 efﬁcit
2754 565 3031 628 fortiores
3060 562 3348 625 adversus
3369 558 3572 624 diabo-

1936 657 2250 720 lum.Satis
2268 675 2407 720 vero
2427 656 2716 739 probatur
2740 656 2800 718 id
2826 654 2984 737 quod
3002 652 3228 715 dictum
3247 659 3335 715 est
3356 669 3427 714 ex
3464 668 3573 730 ge-

1934 765 2218 815 nerosum
2266 757 2587 829 martyrum
2613 745 2832 809 Leonis
2854 753 2914 807 et
2965 741 3269 820 Paregorii
3301 741 3572 805 toleran-

1936 837 2201 901 tia.Nam
2230 856 2366 901 cum
2395 840 2466 901 B.
2491 836 2849 917 Paregorius
2870 834 3082 897 fuisset
3107 832 3271 912 prius
3300 848 3579 894 consum-

1937 935 2130 991 matus
2160 929 2221 990 in
2254 927 2568 992 tolerantia
2597 928 2657 989 in
2677 926 3024 1001 Domino,et
3049 921 3369 985 multorum
3404 919 3575 984 labo-

1936 1036 2071 1080 rum
2104 1017 2375 1098 requiem
2409 1017 2738 1081 invenisset
2758 1032 3008 1094 regnum
3040 1009 3574 1085 coelorum,beatus

1942 1114 2163 1188 martyr
2183 1106 2401 1169 Christi
2423 1109 2566 1187 Leo,
2592 1107 2722 1187 ejus
2751 1104 2996 1187 quidem
3023 1102 3125 1183 qui
3151 1101 3261 1164 fuit
3283 1117 3574 1164 consum-

1941 1203 2469 1271 matus,certamen
2489 1195 2726 1258 beatum
2757 1211 2890 1256 esse
2910 1192 3167 1254 ducebat
3188 1212 3203 1254 :
3228 1192 3359 1271 ipse
3374 1198 3575 1253 autem

1939 1284 2316 1349 afﬁciebatur
2346 1304 2560 1365 magno
2583 1284 2791 1347 dolore
2814 1282 2970 1365 quod
2996 1300 3114 1343 non
3138 1279 3341 1342 fuisset
3365 1298 3577 1344 conso~

1938 1382 2109 1437 cutus
2141 1375 2299 1439 idem
2353 1384 2681 1452 certamen,
2742 1392 2877 1437 cum
2929 1378 3093 1435 esset
3119 1368 3455 1434 communis
3483 1376 3576 1435 vta

1938 1465 2025 1528 eis
2054 1466 2380 1547 proposita.

2016 1555 2090 1618 Il.
2121 1554 2251 1618 Illis
2282 1573 2418 1617 vero
2450 1554 2664 1618 diebus
2694 1551 2941 1632 contigit
2977 1549 3396 1631 proconsulem
3437 1550 3573 1613 Lol-

1940 1644 2170 1708 lianum
2204 1645 2460 1710 electum
2504 1643 2579 1707 ab
2633 1641 3114 1724 imperatoribus,
3144 1641 3354 1703 venire
3386 1658 3577 1723 usque

1935 1733 2007 1796 ad
2045 1753 2175 1810 eos,
2207 1753 2342 1798 cum
2376 1734 2565 1797 rectio
2627 1740 2788 1795 esset
2817 1751 2888 1795 eo
2921 1740 3192 1813 tempore
3222 1749 3411 1813 penes
3442 1750 3580 1814 pro-

1939 1834 2277 1887 curatorem
2311 1824 2499 1899 urbis,
2534 1822 2639 1906 qui
2670 1830 2798 1884 erat
2826 1821 3080 1886 Pataris.
3108 1821 3434 1885 Celebrans
3460 1840 3575 1885 au-

1939 1922 2061 1977 tem
2097 1916 2430 1977 sceleratus
2485 1922 2846 1996 procurator
2894 1911 3052 1974 diem
3085 1912 3299 1974 festum
3329 1912 3577 1994 Serapi-

205 2004 303 2061 καὶ
353 2001 571 2060 σύνοδον
618 2002 825 2062 ἀσεϐῶν
871 2011 1198 2084 συγκροτῶν,
1252 2007 1390 2064 κατᾶ
1438 2011 1546 2064 τῶν
1594 2014 1850 2087 Χριστια-

1942 2004 2058 2080 dis,
2094 2012 2153 2066 et
2182 2021 2553 2084 congregans
2581 2000 2901 2063 concilium
2957 2000 3305 2083 impiorum,
3336 2002 3579 2065 consul-

205 2100 313 2151 νῶν
373 2091 680 2152 ἐϐουλεύετο
732 2095 820 2151 καὶ
870 2095 1078 2159 πάντας
1133 2095 1540 2176 κατηνάγκαζεδ
1594 2099 1684 2155 ἐπὶ
1756 2099 1854 2167 τὴν

205 2182 614 2258 εἷδωλομανίαν,
687 2182 912 2240 Πολλῶν
967 2182 1024 2241 δὲ
1098 2186 1500 2267 συντρεχόντων
1564 2201 1652 2245 και
1708 2186 1856 2270 φόϐῳ

203 2273 516 2351 ἀνθρωπίνῳ
574 2272 974 2354 συνεχομένων,
1057 2272 1264 2355 ἤχθετο
1321 2276 1420 2352 μὲν
1480 2278 1509 2333 δ
1591 2299 1853 2353 μακαριος

204 2362 359 2420 Λέων
402 2360 519 2421 οὗδέ
565 2361 766 2443 μέχρις
798 2363 969 2432 ἀκοῆς
1000 2363 1173 2444 φέρων
1206 2365 1308 2433 τὴν
1367 2371 1476 2422 τῶν
1530 2368 1856 2444 παρανόμων

205 2451 419 2527 τόλμαν
456 2467 471 2484 ⁸
534 2451 1063 2531 προσδιαλεγόμενος
1092 2452 1147 2510 δὲ
1180 2457 1315 2532 πρὸς
1346 2455 1558 2536 ἑαυτὸν,
1589 2455 1730 2534 ἐξῄει
1757 2458 1854 2515 ἐπὶ

206 2544 303 2599 τὸν
343 2540 534 2613 τόπον,
594 2541 718 2599 ἔνθα
772 2544 834 2600 τὸ
890 2542 1144 2619 λείψανον
1207 2542 1379 2601 ἔκειτο
1440 2551 1536 2602 τοῦ
1595 2547 1854 2624 μακαρίο.)

208 2633 481 2711 μάρτυρος
540 2632 874 2711 Παρηγορέου
907 2651 923 2667 ⁶
1000 2634 1287 2711 γενόμενος
1348 2631 1403 2689 δὲ
1464 2634 1583 2692 κατ’
1647 2635 1855 2694 ἐκεῖνον

208 2724 303 2778 τον
361 2723 550 2794 τόπον,
584 2720 639 2778 ἐν
680 2723 726 2797 ᾧ
768 2722 870 2790 τὴν
912 2720 1080 2793 ἀσεϐῆ
1133 2725 1431 2802 πανήγυριν
1480 2723 1764 2783 ἐπετέλουν
1806 2726 1854 2783 0i

207 2811 407 2877 ταύτης
454 2808 615 2891 ἄξιοι,
668 2810 895 2877 ἕκαστος
948 2818 1054 2868 τῶν
1084 2813 1332 2891 ὁρώντων
1360 2812 1469 2871 ἀπό
1500 2835 1557 2871 τε
1595 2818 1694 2882 τῆς
1723 2815 1851 2884 ἡλι-

209 2901 334 2962 χίας
367 2900 529 2968 αὒτῆς
560 2906 645 2958 καὶ
675 2900 783 2957 ἀπὸ
811 2907 911 2969 τῆς
969 2904 1089 2981 περὶ
1146 2904 1209 2959 τὸ
1250 2902 1535 2981 πρόσωπον
1577 2905 1852 2962 καταστά-

211 3011 351 3053 σεως
397 2990 486 3047 καὶ
525 2996 623 3057 τῆς
675 2990 920 3072 ἐσθῆτος,
951 2992 1042 3049 καὶ
1071 2993 1177 3049 ἀπὸ
1206 2999 1301 3050 τοῦ
1333 2993 1411 3068 μὴ
1442 2992 1852 3053 συνδιατίθεσθαι

209 3093 335 3142 τοῖς
387 3078 667 3159 δρωμένων
728 3084 900 3138 αἰητῶν
955 3094 1179 3163 κακοῖς,
1234 3086 1547 3161 Χριστιανὸν
1603 3083 1851 3160 ὑπελάμ-

207 3168 369 3226 ϐανεν
430 3170 577 3227 εἶναι
621 3171 711 3227 καὶ
753 3169 967 3239 ἀληθῶς
1018 3171 1192 3237 αἰδοῦς
1250 3172 1394 3239 ἄξιον
1427 3191 1446 3209 ⁹
1486 3173 1553 3241 ἦν
1581 3174 1680 3252 γὰρ
1712 3177 1853 3248 αὖτῳ

202 3258 589 3338 μεμετρημένα
635 3261 699 3317 τὰ
739 3260 913 3317 πάντα
947 3280 962 3296 ·
1029 3263 1117 3318 καὶ
1164 3263 1266 3341 γὰρ
1299 3262 1588 3330 ἂσκητικὸς
1617 3265 1709 3319 τὸν
1737 3263 1850 3340 βίον

201 3347 293 3422 ἦν,
358 3348 420 3405 ἐκ
470 3348 733 3426 νεωτέρου
786 3353 958 3422 τούτῳ
1004 3353 1426 3430 προσεσχηκὼς,
1473 3355 1529 3408 ἐν
1572 3353 1906 3436 ἐγκρατείᾴἠ

198 3439 287 3494 καὶ
321 3437 375 3494 ἐν
402 3440 587 3518 ἁγνείᾳ
618 3440 705 3496 καὶ
736 3426 1057 3520 σωφροσύνην
1088 3454 1104 3469 ’
1139 3426 1285 3495 ⁸τοδὶ
1336 3426 1531 3515 ’ένέυμα
1577 3426 1738 3521 εἶχεν
1789 3441 1849 3498 ἐκ
1868 3426 1908 3469 C'

201 3528 413 3607 τριχῶν
471 3528 797 3609 ὑφασμένον,
858 3529 1044 3593 αὐτοῖς
1088 3528 1265 3606 ἔργοις
1323 3527 1677 3605 ἆποστρλικὸν
1733 3531 1846 3606 βίον

201 3618 535 3692 μιμούμενος
600 3620 687 3676 καὶ
774 3618 1028 3691 ζηλωτὰς
1088 3625 1181 3675 τοῦ
1254 3617 1406 3696 ἁγίου
1458 3617 1707 3676 Ἰωάννου
1755 3625 1849 3675 τοῦ

202 3704 514 3787 Προδρόμου
542 3710 632 3765 καὶ
662 3710 967 3767 Βαπτιστοῦ
992 3706 1306 3788 γενόμενος,

285 3795 371 3859 Γ’,
421 3797 856 3877 Παραγενόμενος
887 3797 978 3854 οὖν
1042 3797 1129 3854 ἐπὶ
1173 3799 1265 3853 τὸν
1301 3797 1651 3875 προκείμενον
1707 3800 1848 3872 αὐτῷ

202 3888 375 3945 τόπον
431 3888 520 3943 καὶ
575 3887 671 3951 τὰς
728 3886 970 3954 συνήθεις
1027 3884 1259 3952 ἀποδοὺς
1318 3887 1508 3966 εὒχὰς,
1554 3884 1846 3955 ἐπανῆλθεν

201 3977 302 4034 ἐπὶ
366 3976 464 4044 τὴν
521 3976 712 4056 οἰκίαν,
773 3979 863 4033 καὶ
923 3974 1070 4032 ἔνδον
1113 3974 1360 4033 εἰσελθὼν
1415 3978 1499 4031 καὶ
1542 3976 1679 4032 κατὰ
1747 3975 1846 4043 τὴν

203 4066 493 4137 συνήθειαν
536 4065 841 4141 εὐξάμενος,
904 4068 993 4123 καὶ
1055 4064 1213 4145 ἄρτου
1265 4062 1605 4142 μεταλαϐὼν,
1664 4064 1846 4141 ἔμενεν

199 4155 289 4236 ἐρ’
348 4156 544 4234 ἐαυτῷ,
610 4153 758 4213 οὐδὲν
813 4153 994 4233 ἕτερον
1038 4154 1074 4222 ἢ
1107 4155 1172 4211 τὰ
1201 4169 1425 4233 γενναῖα
1459 4157 1846 4232 κατορθωματκ

199 4252 294 4302 τοῦ
347 4241 626 4310 θεοσεϐοῦς
671 4244 1009 4322 Παρηγορίου
1067 4243 1333 4319 μελετῶν,
1399 4245 1495 4302 Καὶ
1540 4243 1595 4301 ἐν
1636 4245 1842 4309 τούτοις

202 4347 328 4398 τοῖς
374 4332 666 4410 λογισμοῖς
698 4332 796 4406 ὢν,
828 4333 902 4397 εἷς
931 4330 1095 4389 ὕπνον
1125 4342 1258 4411 πρὸς
1290 4332 1469 4412 ὀλίγον
1500 4332 1838 4413 κατηνέχθη,

199 4424 297 4480 ’ἵνα
351 4423 452 4489 τὴν
510 4428 616 4478 τῶν
688 4420 957 4494 ἐσομένων
1009 4425 1152 4496 αὐτῷ
1211 4423 1544 4501 πραγμάτων
1586 4423 1841 4491 θεάσηται

199 4512 388 4578 δόξαν,
433 4511 642 4579 ’Ὥσπερ
696 4511 797 4590 γὰρ
855 4514 883 4568 ὁ
943 4512 1286 4593 πατριάρχης
1348 4513 1547 4592 Ἰωσήςρ
1604 4513 1718 4570 εἶδε
1777 4513 1843 4570 τὰ

205 4600 472 4678 μέλλοντα
516 4600 657 4678 παρὰ
691 4603 780 4657 τοῦ
809 4606 939 4661 Θεοῦ
974 4602 1266 4680 ἐπάγεσθαι
1299 4601 1385 4660 ἐπ’
1445 4604 1628 4683 αὐτὸν,
1673 4603 1842 4668 οὕτως

204 4694 293 4747 καὶ
327 4692 355 4747 ὁ
408 4692 669 4767 μακάριος
733 4690 880 4746 Λέων
928 4690 1180 4748 ἐθεάσατο
1228 4689 1313 4748 διὰ
1343 4692 1649 4768 Πνεύματος
1693 4691 1844 4770 ἁγίου

1939 2093 2099 2156 tabat
2126 2093 2413 2156 adversus
2442 2092 2839 2167 Christianos,
2900 2098 2960 2152 et
2987 2088 3235 2169 cogebat
3263 2107 3472 2153 omnes
3501 2090 3578 2154 ad

1938 2185 2168 2249 cultum
2201 2185 2474 2248 insanum
2504 2183 2825 2247 idolorum.
2860 2180 3006 2245 Cum
3039 2179 3209 2243 multi
3254 2197 3395 2242 vero
3425 2197 3576 2242 con-

1939 2281 2275 2349 currerent,
2312 2282 2371 2336 et
2402 2282 2562 2336 metu
2595 2274 2861 2336 humano
2892 2276 3267 2350 tenerentur,
3300 2285 3455 2349 aegre
3486 2275 3578 2331 tu-

1938 2366 2005 2428 lit
2035 2365 2277 2447 quidem
2311 2364 2379 2428 B.
2415 2364 2556 2440 Leo,
2592 2381 2669 2425 ne
2730 2360 2943 2424 audire
2969 2359 3211 2442 quidem
3264 2357 3577 2447 sustinens

1937 2446 2257 2538 impiorum
2290 2454 2630 2517 audaciam.
2687 2450 2863 2531 Apud
2909 2469 2974 2512 se
3015 2456 3211 2538 autem
3243 2446 3573 2538 disserens,

1938 2537 2215 2625 egressus
2248 2553 2338 2607 est
2368 2544 2440 2606 ad
2496 2543 2692 2605 locum
2749 2541 2811 2602 in
2844 2558 2960 2622 quo
2983 2537 3268 2620 jacebant
3298 2537 3573 2620 reliquias

1938 2635 2006 2697 B.
2041 2634 2319 2717 martyris
2345 2631 2674 2713 Paregorii.
2710 2630 2854 2694 Cum
2905 2639 3104 2691 autem
3146 2626 3440 2717 fuissetiin
3472 2627 3577 2690 illo

1939 2724 2092 2800 loco,
2127 2716 2338 2804 iniquo
2389 2722 2753 2805 peragebant
2794 2720 3012 2782 festum
3044 2716 3482 2781 exsecrandum
3518 2725 3579 2779 et

1938 2812 2215 2894 impium,
2247 2812 2352 2895 qui
2381 2831 2451 2875 eo
2484 2812 2649 2892 digni
2699 2815 2890 2885 erant,
2924 2806 3338 2889 unusquisque
3367 2824 3575 2869 eorum

1936 2903 2038 2984 qui
2070 2902 2373 2976 videbant,
2410 2910 2527 2963 tam
2564 2919 2635 2963 ex
2668 2901 2790 2982 ipsa
2825 2905 3074 2971 statura,
3110 2913 3286 2978 quam
3320 2913 3388 2958 ex
3414 2895 3577 2959 vultu

1937 3000 1995 3054 et
2029 3004 2220 3063 veste,
2252 2999 2310 3053 et
2341 3010 2411 3052 ex
2468 3009 2539 3051 eo
2591 2988 2748 3071 quod
2802 3006 2919 3049 non
2953 2985 3347 3048 assentiretur
3377 2985 3575 3068 malis,

1935 3099 2069 3162 quae
2097 3080 2173 3142 ab
2203 3080 2352 3162 ipsis
2384 3074 3017 3152 fiebant,existimabat
3040 3093 3176 3138 eum
3209 3092 3345 3138 esse
3364 3074 3571 3141 Chris-

1940 3170 2164 3233 tianum
2196 3178 2256 3234 et
2286 3170 2461 3252 plane
2492 3166 2891 3231 reverendum
2924 3185 2940 3239 ;
2973 3172 3143 3227 erant
3166 3164 3325 3227 enim
3355 3166 3411 3228 ei
3440 3184 3574 3228 mo-

1937 3260 2139 3323 derata
2163 3257 2795 3336 omnia,monasticam
2829 3255 2990 3318 enim
3022 3256 3193 3317 vitam
3223 3264 3576 3319 exercuerat

1933 3370 1966 3412 a
1990 3352 2307 3430 juventute
2350 3366 2364 3412 :
2402 3356 2458 3410 et
2489 3347 2624 3411 ideo
2670 3346 2911 3410 deditus
2941 3344 3137 3408 fuerat
3163 3344 3570 3422 continentiae,

1934 3439 2188 3501 castitati
2218 3446 2278 3500 et
2308 3437 3184 3518 temperantimJndumentum
3218 3445 3415 3498 autem
3440 3435 3572 3516 ejus

1932 3545 2003 3589 ex
2036 3527 2177 3607 pilis
2205 3535 2572 3600 contextum,
2608 3532 2665 3586 et
2700 3523 2876 3604 plane
2908 3541 2974 3583 re
3022 3522 3152 3602 ipsa
3179 3522 3358 3585 vitam
3391 3542 3574 3585 aemu-

1931 3615 2165 3678 labatur
2219 3613 2631 3695 apostolicam,
2716 3620 2775 3675 et
2853 3611 3046 3674 fuerat
3101 3611 3447 3673 immutator
3501 3612 3566 3674 S.

1929 3704 2176 3769 Joannis
2206 3702 2626 3769 Praecursoris.

2002 3797 2250 3856 IIl.Cum
2275 3811 2414 3868 ergo
2434 3793 2777 3854 accessisset
2801 3792 2872 3851 ad
2892 3792 3081 3851 locum
3107 3791 3158 3849 et
3184 3793 3567 3863 propositum,

1930 3893 1987 3949 et
2023 3901 2237 3966 preces
2256 3882 2515 3944 fudisset
2539 3878 3132 3956 consuetas,domum
3158 3885 3246 3941 est
3266 3896 3565 3945 reversus:

1931 3985 1989 4039 et
2019 3992 2153 4037 cum
2185 3973 2393 4034 fuisset
2420 3972 2750 4052 ingressus,
2780 3979 2838 4032 et
2866 3968 2941 4031 de
2975 3987 3139 4031 more
3172 3978 3469 4050 precatus,
3504 3977 3566 4032 et

1931 4081 2147 4148 panem
2178 4063 2553 4143 sumpsisset,
2596 4059 2878 4122 manebat
2910 4060 3063 4141 apud
3097 4078 3186 4148 se,
3221 4057 3371 4120 nihil
3403 4057 3564 4122 aliud

1932 4152 2231 4217 meditans
2263 4169 2442 4232 quam
2477 4150 2758 4230 praeclara
2788 4149 2940 4211 facta
2972 4148 3049 4230 pii
3080 4147 3562 4228 Paregoriillum

1926 4246 2055 4308 haec
2082 4254 2281 4306 autem
2315 4240 2471 4322 apud
2532 4259 2597 4303 se
2627 4239 2825 4301 animo
2857 4238 3129 4319 agitaret,
3165 4237 3470 4320 paululum
3501 4237 3564 4301 in

1925 4352 2201 4397 somnum
2235 4341 2325 4395 est
2355 4331 2683 4410 resolutus,
2717 4337 2780 4390 ut
2829 4346 3030 4391 rerum
3085 4326 3201 4390 sibi
3231 4328 3564 4390 futurarum

1925 4423 2174 4504 gloriam
2203 4416 2853 4503 aSpiceret.Quomodo
2884 4417 3044 4479 enim
3088 4416 3430 4497 patriarcha
3456 4417 3563 4477 Jo—

1926 4513 2074 4595 sepb
2108 4511 2416 4591 vidit,qum
2445 4528 2477 4569 a
2507 4508 2627 4571 Deo
2661 4515 2862 4569 essent
2887 4505 2999 4568 sibi
3032 4504 3345 4568 inferenda
3373 4506 3395 4549 1
3435 4524 3448 4566 :
3485 4504 3565 4568 ita

1927 4603 2105 4665 etiam
2137 4600 2208 4663 B.
2238 4600 2357 4662 Leo
2389 4596 2533 4658 vidit
2566 4615 2672 4677 per
2722 4595 3010 4676 Spiritum
3060 4604 3329 4657 sanctum
3360 4612 3564 4658 rerum

1926 4692 2041 4755 sibi
2071 4693 2404 4753 futurarum
2436 4695 2737 4750 eventum.
2780 4685 2956 4748 Visus
3002 4694 3092 4749 est
3154 4704 3296 4765 ergo
3328 4685 3562 4760 videre,

206 4782 303 4849 τὴν
361 4785 468 4835 τῶν
527 4779 800 4855 ἐσομένων
855 4782 998 4853 αὖτῷ
1051 4781 1382 4859 πραγμάτων
1426 4778 1667 4841 ἔκϐασιν.
1697 4779 1843 4839 Ἐδό-

1938 4800 2063 4845 cum
2080 4788 2238 4842 esset
2261 4777 2589 4841 vehemens
2612 4783 3013 4858 tempestas.et
3035 4783 3331 4839 torrentes
3350 4794 3562 4854 magno

205 4892 288 4927 κει
334 4869 503 4928 τοίνυν
547 4871 671 4945 ὁρᾷ)
717 4874 989 4949 χειμῶνος
1021 4867 1173 4933 ὄντος
1206 4868 1431 4950 σφοδροῦ
1468 4871 1555 4927 καὶ
1599 4870 1837 4951 χειμάῤ-

1938 4876 2139 4945 impetu
2162 4871 2503 4938 deﬂuerent,
2526 4870 2904 4942 Paregorium
2932 4877 2987 4926 et
3027 4884 3090 4927 se
3111 4877 3263 4951 stare
3288 4868 3349 4951 in
3373 4867 3563 4924 medio

208 4963 313 5037 ῥων
385 4957 677 5037 κατάρῤυαν
765 4957 1064 5038 εἰληφότων
1163 4958 1394 5034 πολλὴν,
1484 4950 1842 5035 711.171.13.600

1938 4963 2279 5020 ιοτεεηιθεει
2301 4953 2438 5016 licet
2456 4961 2614 5016 esset
2630 4954 2920 5016 ﬂuentum
2934 4952 3107 5016 valde
3123 4950 3558 5033 periculosum,

212 5048 424 5105 ἑστάναι
482 5056 573 5105 τοῦ
626 5047 921 5128 χειμάρρου
964 5049 1055 5105 τὸν
1119 5050 1450 5129 Παρηγόριον
1512 5052 1599 5107 καὶ
1655 5051 1843 5107 ἑαυτὸν

1938 5066 1990 5109 se
2016 5045 2312 5128 projicere
2334 5051 2392 5105 et
2414 5060 2734 5105 accurrere
2761 5042 2834 5104 ad
2865 5043 3267 5129 B.martyrem
3299 5038 3561 5129 Parego-

211 5137 381 5195 καίτοι
466 5126 811 5194 ἐπικινδύνοᾴ
869 5137 1067 5220 σφόδρα
1154 5126 1306 5203 ὄντος
1345 5126 1478 5196 -τοῦ
1553 5139 1836 5219 ῥεύματος,

1938 5126 2211 5216 rium,qui
2235 5131 2682 5213 ingrediebatur
2704 5131 2821 5194 iter
2844 5131 2915 5193 ad
2949 5128 3319 5220 martyrium.
3353 5126 3563 5220 Itaque

204 5226 499 5305 ἐπιρὲπτειν
588 5229 674 5284 καὶ
759 5217 1067 5310 ἐπιτρέχειν
1143 5234 1221 5303 τῷ
1292 5217 1560 5305 μακαρῖῳἺ
1613 5229 1835 5307 μάρτυρι

1938 5236 2231 5307 )ostquam
2268 5222 2559 5285 visionem
2593 5219 3271 5303 aspexisset,excitatus,
3305 5217 3464 5299 apud
3494 5236 3563 5281 se

206 5315 541 5395 Παρηγορὲορ,
602 5315 703 5383 τὴν
759 5315 843 5373 ἐπὶ
893 5309 978 5373 τὸν
1016 5319 1301 5395 μαρτύριον
1382 5314 1502 5374 ὁδὸν
1574 5316 1833 5381 ὁδεύοντι,

1938 5324 2164 5379 eventus
2180 5311 2405 5375 faciens
2428 5309 3123 5392 conjecturam.c0njecit
3139 5324 3375 5388 ea,qum
3390 5315 3564 5369 erant

206 5394 264 5461 Ὀ
309 5407 405 5481 μὲν
461 5409 550 5463 οὖν
610 5406 748 5482 μετᾶ
792 5406 893 5473 τὴν
948 5413 1041 5466 τοῦ
1099 5407 1369 5487 (ieiunos
1422 5406 1544 5463 θέκν
1575 5409 1829 5491 ἒγερθεὶς,

1938 5413 2224 5469 eventura.
2258 5400 2534 5485 Seipsum
2565 5408 2760 5464 autem
2809 5400 3046 5461 beatum
3108 5395 3556 5479 pronuntiabat,

280 5660 299 5709 ⁸
334 5665 484 5733 Gen.
518 5680 739 5733 xxxvii.
