4028 6202
421 326 575 431 οδε

1683 336 1969 405 MENSIS
2016 337 2522 408 FEBRUARIUS.

3645 347 3808 417 1456

421 474 582 560 quod
610 472 914 560 aliquanto
973 484 1245 562 tempore
1296 481 1570 542 versatus
1630 488 1789 543 esset
1817 497 1954 543 cum
1988 478 2059 543 B.

2165 480 2235 537 ιαῖ
2267 480 2438 557 ἐαυτῷ
2480 481 2773 562 συγκρίνων
2801 478 2900 552 τὴν
2932 476 3173 566 ἔκϐασιν,
3207 483 3303 545 οὒκ
3332 480 3432 554 ἔξω
3477 494 3589 548 τῶν
3654 489 3811 549 ἄπο-

421 571 765 649 Paregorio.

501 747 602 810 IV.
631 749 931 829 Deinceps
961 766 1103 829 ergo
1132 749 1204 811 ad
1236 768 1370 812 eum
1406 748 1754 825 accedebat,
1782 758 2059 832 tanquam

425 837 500 899 ad
532 837 950 901 ﬁdelissimum
991 839 1251 920 aliquem
1280 838 1510 901 socium
1545 839 1921 914 certaminis,
1956 839 2063 901 sed

427 944 538 1007 per
554 927 819 990 medium
841 929 1060 1004 forum,
1095 937 1152 990 et
1173 948 1279 1010 per
1302 930 1554 1010 id,quod
1588 929 1902 993 dicebatur
1920 929 2064 991 Tri-

427 1018 682 1080 chaeum:
710 1027 921 1081 etcum
950 1019 1213 1082 venisset
1237 1021 1306 1081 ad
1339 1020 1563 1092 locum,
1599 1020 1759 1084 videt
1789 1021 2066 1083 lucernas

430 1114 490 1169 et
512 1108 782 1171 cereolos
811 1127 1100 1171 accensos
1126 1109 1293 1171 circa
1324 1109 1644 1172 delubrum
1696 1126 1711 1172 :
1769 1119 1827 1171 et
1859 1126 2064 1171 eorum

431 1196 809 1279 quidem,qui
831 1199 1253 1271 accenderant,
1284 1200 1568 1261 misertus
1593 1208 1793 1280 est,ut
1817 1199 1917 1280 qui
1955 1199 2066 1259 de-

432 1286 587 1365 cepti
614 1296 839 1349 essent:
874 1307 1013 1350 cum
1060 1289 1306 1368 propius
1337 1307 1482 1351 vero
1515 1288 1888 1363 accessisset,
1921 1305 2069 1349 con-

432 1374 565 1436 trivi
591 1375 865 1438 lucernas
892 1378 1016 1439 suis
1045 1379 1344 1451 manibus,
1371 1386 1426 1439 et
1453 1395 1664 1440 cereos
1702 1375 2072 1440 conculcavit

432 1465 712 1543 pedibus,
748 1467 836 1528 eis
865 1466 1075 1529 dicens
1110 1488 1123 1525 :
1160 1465 1219 1529 Si
1270 1467 1418 1529 deos
1466 1467 1817 1528 existimatis
1849 1466 2072 1528 habere

2143 568 2461 648 ϐησομένων
2515 572 2819 646 ἀπείκαζεν,
2878 574 3064 634 ἑαυτὸν
3112 573 3167 631 δὲ
3208 574 3549 658 ἐμακάριζεν,
3600 579 3698 638 δτι
3746 583 3817 640 ἂν

2144 662 2278 739 πρὸς
2307 661 2491 739 ὀλίγον
2518 668 2595 737 τῷ
2624 666 2869 745 μακαρίῳ
2898 666 3219 744 Παρηγορίῳ
3250 667 3584 749 συνέτριψεν,

2232 749 2317 810 Δ’.
2364 750 2453 818 Ἐξ
2511 752 2675 820 αύτῆς
2747 755 2859 826 οῦν,
2907 753 3087 832 ὥσπερ
3131 755 3261 835 πρός
3304 779 3423 813 τινα
3465 762 3819 818 πιστότατον

2147 842 2547 918 συναγωνιστὴν
2589 842 2934 923 παρεγένετο,
2967 844 3062 901 οὐκ
3090 842 3170 899 ἔτι
3228 843 3559 921 λεληθότως,
3610 848 3706 906 8ιᾶ
3755 849 3818 908 δὲ

2148 929 2320 1003 μέσης
2392 930 2590 1009 ἀγορᾶς
2663 933 2750 988 καὶ
2820 929 2906 988 διὰ
2977 937 3070 989 τοῦ
3127 931 3425 1012 λεγομένου
3481 942 3815 1018 Τροιχείου.

2149 1021 2363 1097 Προϊὼν
2419 1021 2592 1077 τοίνυν
2653 1021 2748 1100 ὁρᾷ
2809 1020 3041 1101 λύχνους
3085 1022 3174 1078 καὶ
3216 1024 3505 1102 κηριόλους
3554 1032 3680 1106 περὶ
3743 1032 3815 1086 τὸ

2151 1106 2425 1166 εἰδωλεῐον
2470 1109 2898 1186 ἀνακαιομένους
2933 1111 3020 1167 καὶ
3070 1124 3187 1175 τοῖς
3230 1113 3330 1187 μὲν
3358 1114 3560 1191 ἅψασιν
3590 1117 3815 1186 συντελ-

2150 1220 2316 1276 γησεν
2361 1200 2433 1264 ὡς
2486 1200 2861 1274 ἠπατημένοις
2897 1215 2913 1232 ⁸
2948 1201 3299 1259 ἀτοπώτατον
3333 1202 3386 1260 δὲ
3433 1210 3575 1263 εἶναι
3633 1207 3807 1286 λογι-

2150 1288 2383 1362 σάμενος
2446 1290 2544 1357 τὴν
2620 1292 2795 1349 αὒτῶν
2851 1291 3095 1370 ἀνομίαν,
3174 1290 3402 1359 πλησίον
3478 1299 3799 1374 γινόμενος,

2151 1378 2272 1442 τούς
2329 1399 2386 1433 τε
2444 1376 2675 1458 λύχνους
2735 1391 2857 1443 ταῖς
2913 1377 3064 1444 ἰδίαις
3122 1383 3303 1460 χερσὶ
3353 1384 3615 1464 συνέτριψε
3698 1389 3798 1444 καὶ

2150 1468 2272 1529 τοὺς
2334 1467 2616 1545 κηριόλους
2667 1480 2784 1534 τοῖς
2814 1469 2947 1526 ποσί
2991 1470 3379 1545 συνεπάτησεν,
3410 1474 3613 1552 φάσκων
3643 1478 3785 1555 πρᾶς

433 1551 856 1635 vires,seipsos
882 1556 1232 1618 defendant.
1265 1556 1466 1636 Mysten
1487 1567 1686 1617 autem
1719 1556 2067 1647 iniquitatis,

2165 1557 2339 1617 αύτούς
2374 1573 2391 1589 ⁸
2455 1559 2512 1614 Εἰ
2573 1558 2823 1631 νομίζητε
2854 1560 2976 1620 τοὺς
3003 1558 3152 1623 θεοὺς
3184 1561 3333 1635 ὑμῶν
3365 1551 3512 1642 ἔχειν
3541 1551 3801 1647 δύναμιν,

433 1652 577 1741 cmtu
600 1658 953 1718 congregato
979 1648 1314 1719 impiorum.
1349 1647 1979 1741 clamabant‘adversus
2008 1642 2065 1705 S.

2165 1645 2371 1710 ἑαυτοὺς
2415 1645 2871 1713 ἐκδικησάτωσαν,
2926 1646 2991 1703 Ἠ
3035 1646 3091 1704 δὲ
3145 1648 3331 1727 πρᾶξις
3375 1656 3471 1707 τοῦ
3531 1642 3804 1731 μακαρίιιύ

434 1731 722 1819 Leonem,
759 1741 817 1794 et
836 1733 937 1812 qui
961 1740 1262 1794 averteret
1283 1750 1438 1804 eam,
1462 1750 1595 1812 quae
1614 1750 1646 1792 a
1676 1731 1910 1793 fortuna
1945 1738 2072 1793 erat

2165 1733 2411 1819 Λέοντος.
2440 1734 2556 1802 ὁδὸς
2608 1737 2678 1802 ἦν
2739 1743 2832 1793 τοῦ
2909 1735 3208 1801 ἀποϐάντος
3264 1741 3407 1813 αὗτῷ
3468 1744 3745 1819 μαρτῦρίῳ
3780 1761 3799 1776 ·

437 1818 635 1880 oblata
658 1820 717 1881 in
740 1820 1735 1898 civitatem,benevolentiam.Cum
1770 1839 1909 1882 vero
1935 1839 2072 1883 cre-

435 1908 618 1971 visset
653 1910 963 1983 tumultus,
992 1920 1052 1974 et
1079 1911 1235 1973 fama
1252 1921 1414 1974 esset
1441 1929 1546 1990 per
1571 1919 1751 1972 totam
1776 1910 2071 1972 civitatem

439 1997 573 2077 ejus
602 1999 758 2079 quod
794 1999 1011 2061 factum
1044 2000 1259 2074 fuerat,
1297 2008 1356 2062 et
1389 2000 1764 2082 pervenisset
1797 2001 1869 2062 ad
1900 2018 2076 2063 aures

435 2094 833 2161 procuratoris
855 2095 952 2165 qui
983 2098 1127 2152 tunc
1155 2095 1605 2153 administrabat
1632 2094 2074 2167 rempublicam,

442 2191 550 2236 sua
577 2193 720 2237 usus
749 2174 1089 2257 iniquitate,
1118 2178 1294 2258 jubet
1339 2178 1565 2241 milites
1594 2178 1916 2241 observare
1946 2178 2077 2257 ejus

438 2263 797 2340 reditum,et
827 2266 1014 2329 virum
1036 2268 1583 2349 comprehendere.
1638 2270 1709 2329 Et
1738 2266 1800 2331 S.
1834 2268 2076 2348 quidem

439 2352 560 2416 Leo
591 2362 682 2417 est
708 2373 1010 2433 reversus,
1045 2375 1151 2439 per
1169 2376 1236 2419 se
1273 2358 1663 2421 considerans
1684 2357 1743 2419 id
1766 2357 1924 2439 quod
1954 2364 2083 2420 erat

444 2451 1017 2514 eventurummculos
1040 2453 1250 2509 mentis
1270 2452 1339 2509 ad
1366 2452 1547 2510 Deum
1569 2450 2078 2509 eXtollens.Milites

2156 1816 2579 1892 προσευξάμενος
2639 1820 2729 1873 οὗν
2769 1820 2846 1890 τῷ
2894 1819 3085 1895 Κυρίῳ,
3149 1819 3341 1898 εἴχετο
3368 1826 3469 1887 τῆς
3502 1816 3809 1899 προκειμέ-

2158 1926 2256 1970 νης
2287 1902 2431 1963 ὁδοῦ.
2466 1905 2527 1962 Οἱ
2555 1902 2610 1960 δὲ
2656 1910 2756 1974 τῆς
2800 1906 3020 1978 ἀνομίας
3075 1907 3266 1980 μύσται
3311 1909 3557 1981 σύστημα
3591 1910 3812 1968 ἀσεϐῶν

2158 1994 2616 2072 συγκροτήσαντες
2691 1994 2964 2051 κατεϐόων
3032 2003 3127 2054 τοῦ
3195 1996 3348 2075 ἁγίου
3402 1999 3661 2079 Λέοντος,
3729 2004 3815 2063 ὡς

2160 2082 2557 2165 ἀποστέφολντος
2613 2083 2711 2152 την
2776 2085 2920 2158 παρὰ
2982 2089 3083 2151 τῆς
3128 2085 3304 2165 τύχης
3338 2088 3425 2150 *εἰς
3483 2089 3587 2156 τὴν
3646 2090 3819 2146 πόλιν

2163 2171 2393 2235 εὔνοιαν,
2432 2163 2523 2235 Ὠς
2557 2170 2613 2228 δὲ
2640 2174 2669 2228 ὁ
2698 2170 2916 2251 θόρυϐος
2949 2172 3165 2239 ἐπηύξει
3198 2163 3304 2229 καὶ
3346 2177 3690 2256 περιηχεῖτο
3734 2180 3819 2242 εἷς

2165 2268 2341 2319 πᾶσαν
2392 2262 2489 2329 τὴν
2534 2260 2718 2334 πόλιν,
2748 2263 2810 2318 τὸ
2839 2263 3060 2340 γεγονὸς
3088 2262 3248 2329 ἦλθεν
3285 2264 3372 2319 καὶ
3401 2265 3473 2330 εἰς
3508 2267 3602 2329 τὰς
3636 2269 3820 2332 ὰιοᾶς

2164 2358 2258 2410 τοῦ
2311 2353 2433 2408 τότε
2487 2351 2584 2419 τὴν
2643 2351 2821 2430 ἀρχὴν
2903 2351 3403 2431 παραφυλάσσοντας
3475 2353 3813 2433 ἐπιτρόποὺ,

2162 2444 2250 2499 καὶ
2305 2443 2473 2514 οἰκείᾳ
2513 2440 2865 2521 χρησάμενος
2908 2440 3211 2515 παρανομίᾳ
3267 2442 3588 2519 προστάττει
3633 2465 3817 2522 στρα-

441 2550 582 2594 vero
603 2551 736 2595 cum
758 2552 942 2615 prope
965 2536 1459 2608 accessissent,et
1482 2555 1615 2598 eum
1642 2535 2077 2616 apprehendisv

2165 2530 2353 2595 τιώτας
2409 2535 2787 2616 παρατηρῆσαι
2828 2532 2929 2596 τὴν
2972 2529 3157 2587 τούτου
3217 2529 3473 2588 ἐπάνοδον
3534 2534 3623 2589 καὶ
3670 2534 3813 2590 συλ-

437 2630 574 2685 sent
604 2641 721 2684 non
751 2609 1137 2687 resistentem
1162 2644 1358 2706 neque
1379 2635 1439 2687 tu
1452 2609 2077 2699 multuantem,addn-

2165 2618 2346 2677 λαϐεῖν
2402 2621 2495 2676 τὸν
2551 2616 2737 2696 ἄνδρα.
2772 2609 2831 2676 Ὀ
2876 2618 2974 2693 μὲν
3018 2620 3107 2676 οὗν
3156 2618 3382 2698 ἐπανῄει
3443 2621 3559 2678 καθ’
3612 2623 3813 2680 ἑαυτὸν

433 2719 578 2774 cunt
606 2729 745 2774 eum
801 2713 871 2775 ad
924 2722 1395 2795 procuratorem.
1454 2715 1564 2779 llle
1614 2731 1754 2776 vero
1789 2723 2073 2791 tauquam

2165 2716 2379 2767 σκοπῶν
2436 2710 2496 2766 τὸ
2526 2707 2961 2783 ἀποϐησόμενον,
2995 2710 3119 2773 τοὺς
3159 2710 3459 2788 ὀφθαλμοὺς
3516 2713 3619 2778 τῆς
3682 2710 3812 2769 δια-

436 2800 715 2864 immanis
741 2803 1012 2884 quaedam
1047 2804 1194 2878 fera,
1230 2823 1446 2867 vorans
1474 2804 2079 2883 sanguinem,plenus

2165 2800 2301 2861 νοίας
2361 2798 2646 2855 ἀνατείνων
2717 2797 2848 2876 πρὸς
2890 2799 2983 2854 τὸν
3032 2799 3186 2860 Θεόν.
3249 2802 3309 2857 Οἱ
3367 2798 3423 2857 δέ
3476 2807 3809 2877 στρατιῶται

438 2890 667 2966 furore,
703 2892 1052 2955 movebatur
1080 2894 1372 2957 adversus
1405 2902 1750 2975 martyrem.

2165 2888 2390 2956 πλησίον
2445 2888 2722 2965 γενόμενοι
2768 2887 2862 2975 κάξ
2920 2885 3297 2963 ἐπιλαϐόμενοι
3357 2889 3453 2946 οὒκ
3504 2890 3808 2961 ἀντιπράτ-

443 3002 606 3039 τοντα
634 2981 752 3039 οὐδὲ
783 2985 1164 3061 θορυκούμενον
1220 2991 1299 3059 τῷ
1349 2974 1621 3064 ἐπιτρόπῳ
1674 2985 2063 3063 προσάγουσιν.
2116 2982 2177 3041 Ὀ
2224 2978 2303 3059 δὲ,
2336 2979 2434 3036 οἶά
2457 2999 2538 3041 τις
2565 2981 2666 3054 θὴρ
2698 2974 3006 3054 αἱμοὸὅρος,
3040 2976 3256 3055 πλήρης
3283 2979 3551 3059 ὑπάρχων
3586 2982 3809 3054 μανίας,

446 3071 585 3129 κατὰ
614 3077 704 3129 τοῦ
734 3073 993 3152 μάρτυρος
1023 3073 1277 3154 ἐκινεῖτο,
1314 3074 1662 3151 λογιζόμενος
1723 3076 1936 3149 μήποτε
1967 3069 2330 3153 συγχωρήσας
2358 3066 2457 3137 τήν
2492 3066 2684 3146 πρᾶξιν
2719 3084 2732 3100 ⁸
2766 3064 3018 3144 πρόξενος
3052 3066 3276 3145 γένηται
3306 3066 3600 3147 πιῤῥησίας
3627 3076 3795 3146 Χρισ-

460 3174 667 3226 τιανοτς
696 3166 794 3228 τῆς
825 3163 896 3228 εἷς
924 3164 989 3219 τὰ
1019 3169 1127 3219 τῶν
1160 3153 1439 3234 Ἐλλήνων
1468 3162 1673 3221 εἴδωλα
1701 3163 2066 3227 καταλύσεως.

519 3316 914 3400 V.Postquam
938 3330 1141 3382 autem
1164 3321 1307 3383 vidit
1326 3340 1509 3402 prope
1531 3340 1668 3384 esse
1694 3320 1767 3385 B.
1791 3321 2076 3404 Leonem,
2101 3331 2141 3380 C

439 3407 640 3472 statim
664 3410 718 3470 ei
741 3408 965 3489 objecit
983 3409 1320 3486 audaciam,
1354 3429 1471 3491 qua
1494 3430 1642 3473 usus
1663 3411 1858 3473 fuerat
1873 3412 2078 3474 adver-

441 3514 543 3559 sus
568 3497 868 3572 lucernas,
901 3498 1111 3561 dicens
1145 3520 1158 3562 :
1194 3499 1334 3561 Mihi
1385 3499 1637 3581 videris,
1669 3520 1702 3561 ο
1742 3519 1953 3573 senex,
1988 3502 2082 3564 vel

441 3587 719 3667 ignorare
768 3588 925 3651 vires
983 3589 1232 3652 deorum
1280 3590 1644 3664 caelestium,
1680 3591 1839 3668 quod
1869 3608 2078 3652 eorum

446 3685 684 3740 evertas
713 3679 1065 3756 religionem
1101 3701 1115 3739 :
1178 3690 1281 3742 aut
1340 3680 1635 3755 insanire,
1670 3689 1730 3741 ut
1763 3685 1864 3760 qui
1899 3680 2081 3743 facias

445 3774 662 3843 praeter
685 3767 743 3829 id
780 3768 939 3849 quod
962 3769 1197 3832 videtur
1228 3770 1621 3832 divinissimis
1645 3769 2080 3850 nostrisimpe-

439 3855 763 3919 ratoribus:
780 3876 929 3937 quos
942 3859 1244 3921 secundos
1259 3866 1601 3921 servatores
1623 3858 1844 3920 etdeos
1859 3859 2083 3939 optime

441 3946 732 4009 facientes
756 3966 865 4009 nos
883 3964 1192 4012 vocamus.
1220 3949 1312 4012 Ad
1337 3950 1464 4011 haec
1484 3948 1633 4010 dixit
1672 3950 1793 4011 Leo
1824 3948 2083 4010 sanctis-

442 4036 629 4097 simus
658 4053 673 4097 :
698 4035 909 4098 Multos
931 4038 1210 4100 cmlestes
1233 4038 1381 4101 deos
1404 4037 1671 4110 dixisti,o
1703 4046 2078 4117 procurator.

442 4122 679 4188 Veritas
701 4137 901 4188 autem
934 4144 1052 4188 non
1086 4129 1165 4188 ita
1190 4128 1408 4203 habet;
1450 4134 1539 4189 est
1558 4128 1717 4188 enim
1753 4145 1907 4188 unus
1926 4125 2085 4188 Deus

442 4214 775 4278 cmlestium
808 4225 868 4276 et
896 4217 1303 4291 terrestrium,
1338 4218 1630 4280 Dominus
1661 4225 1868 4278 noster
1913 4218 2087 4279 .lesus

444 4302 737 4386 Christus,
770 4305 955 4368 Filius
1003 4305 1114 4368 Dei
1170 4308 1305 4381 vivi,
1342 4306 1447 4386 qui
1479 4324 1598 4366 non
1632 4305 1813 4367 habet
1842 4323 1994 4385 opus
2022 4313 2087 4366 ut

445 4395 536 4459 sic
557 4395 789 4458 colatur
809 4395 881 4457 ab
907 4395 1552 4476 hominibus.Spiritus
1572 4394 1734 4455 enim
1766 4395 2082 4470 contritus,

445 4496 500 4546 et
524 4488 714 4546 anima
738 4502 865 4558 quae
886 4490 1185 4546 consuevit
1207 4488 1509 4546 humiliter
1531 4487 1602 4544 de
1628 4502 1689 4544 se
1708 4488 2086 4555 sentire,sunt

443 4572 597 4653 apud
612 4571 798 4635 Deum
818 4572 878 4634 in
894 4592 1105 4652 magna
1123 4573 2082 4636 existimatione.Lucernaaautem

2246 3320 2337 3381 E'.
2386 3318 2539 3378 Ἐπεὶ
2569 3317 2625 3374 δὲ
2654 3315 2897 3385 πλησίον
2930 3317 3218 3394 γενόμενον
3250 3317 3397 3377 εἶδεν
3424 3319 3514 3376 τὸν
3547 3319 3811 3397 μακάριον

2163 3412 2392 3491 Λέοντα,
2438 3407 2626 3472 εύθέως
2675 3407 2865 3485 ἐνῆγεν
2909 3408 3008 3474 τὴν
3065 3408 3190 3484 περί
3220 3408 3345 3472 τοὺς
3374 3407 3606 3488 λύχνους
3641 3410 3815 3465 αὐτῶν

2162 3499 2457 3579 γενομένην
2485 3496 2715 3576 τόλμαν,
2762 3496 2935 3574 λέγων
2972 3516 2986 3532 ⁶
3049 3496 3205 3570 Ἐμοὶ
3247 3495 3458 3570 δοκεῖς,
3510 3496 3807 3577 πρεσϐύτα,

2161 3592 2198 3661 ἢ
2226 3592 2328 3659 τὴν
2384 3596 2489 3646 τῶν
2542 3586 2865 3664 ἐπουρανίων
2926 3589 3060 3643 θεῶν
3090 3585 3311 3663 ἀγνοεῖν
3339 3585 3587 3662 δύναμιν,
3624 3585 3811 3664 ὅτιπερ

2164 3682 2257 3744 τὰς
2290 3684 2461 3739 αὐτῶν
2497 3676 2781 3755 θρησκείας
2814 3676 3128 3750 ἀνατρέπεις
3159 3696 3174 3714 ο
3210 3676 3246 3744 ἢ
3279 3676 3583 3750 μεμηνέναι
3632 3678 3809 3755 πράτο

2164 3792 2272 3827 των
2312 3769 2378 3825 τὰ
2428 3768 2566 3843 παρὰ
2610 3766 2673 3822 τὸ
2718 3763 2904 3822 δοκοῦν
2947 3778 3067 3831 τοῖς
3125 3766 3419 3830 θειοτάτοις
3454 3768 3615 3839 ἡμῶν
3646 3767 3809 3843 βασι-

2165 3858 2365 3933 λεῦσιν,
2427 3859 2517 3920 οὒς
2579 3853 2848 3930 δευτέρους
2924 3855 3170 3932 σωτῆρας
3257 3856 3343 3911 οιαὶ
3405 3856 3557 3920 θεοὺς
3618 3854 3809 3933 ἄριστα

2165 3955 2447 4012 ποιοῦντας
2504 3943 2876 4018 ἂποκαλοῦμεν
2920 3946 3109 4018 ἡμεῖς,
3176 3945 3310 4023 Πρὸς
3354 3952 3520 4001 ταῦτα
3550 3946 3579 4001 ὃ
3623 3945 3801 4022 ἆγιώ-

2163 4059 2324 4100 τατος
2383 4036 2530 4092 Λέων
2575 4033 2677 4112 ἔφη
2716 4049 2729 4063 ⁸
2770 4031 3002 4098 Πολλοὺς
3046 4034 3200 4099 αὐτὸς
3258 4032 3592 4107 ἒπουρανίους
3648 4034 3811 4098 θεοὺς

2165 4126 2394 4202 ε’ίρηκας
2429 4141 2444 4156 °
2481 4123 2601 4205 ἔχει
2646 4121 2702 4179 δὲ
2734 4123 2839 4202 οὔχ
2870 4122 3062 4198 οὕτως,
3094 4122 3141 4178 ὦ
3169 4122 3437 4201 ἐπίτροπε,
3470 4122 3502 4189 ἦ
3545 4120 3804 4191 ἁλήθειαο

2167 4216 2253 4278 εἷς
2310 4216 2411 4294 γὰρ
2455 4216 2482 4271 ὁ
2512 4219 2618 4269 τῶν
2659 4210 2982 4287 ἐπουρανίων
3030 4215 3117 4268 καὶ
3162 4211 3412 4288 ἐπιγείων
3445 4212 3597 4283 Θεὸς,
3629 4213 3658 4266 δ
3692 4212 3807 4269 Κύ-

2168 4326 2277 4383 ριος
2336 4306 2492 4378 ἡμῶν
2552 4300 2759 4369 Ἰησοῦς
2801 4302 3029 4376 Χριστὸς
3073 4302 3100 4357 ὁ
3147 4302 3267 4363 Υἱὸς
3305 4321 3401 4356 του
3433 4300 3588 4373 Θεοῦ,
3618 4301 3801 4356 τοιαύο

2166 4415 2265 4462 της
2325 4391 2603 4471 θεραπείας
2675 4390 2818 4468 παρὰ
2891 4396 2998 4447 τῶν
3051 4389 3341 4466 ἀνθρώπων
3400 4390 3460 4445 οὔ
3531 4389 3744 4469 χρῄζων
3779 4405 3796 4419 ⁸

2166 4485 2375 4558 πνεῦμα
2433 4482 2534 4560 γὰρ
2593 4479 3034 4555 συντετριμμένον
3088 4481 3234 4555 παρὰ
3278 4481 3397 4552 Θεῴ
3443 4477 3661 4554 δόκιμον
3714 4479 3799 4534 καθ

2168 4574 2324 4652 ψυχὴ
2380 4581 2819 4648 ταπεινοφρονεϊν
2878 4567 3150 4643 εἰθισμένη
3185 4587 3202 4607 -
3249 4567 3441 4647 λύχνοι
3471 4565 3525 4624 δὲ
3556 4569 3645 4625 καὶ
3705 4589 3799 4634 κη.

447 4662 681 4724 etcerei
699 4660 800 4743 qui
823 4662 984 4725 circa
1006 4663 1332 4725 simulacra
1349 4662 1929 4736 accenduntur,sunt
1952 4662 2079 4723 vani

2169 4661 2339 4742 ριόλοι
2402 4662 2448 4718 οἰ
2511 4659 2631 4737 περὶ
2690 4658 2756 4714 τὰ
2809 4655 3012 4714 εἴδωλα
3069 4656 3288 4733 μάταιοι
3320 4674 3336 4689 ·
3385 4657 3501 4714 ἐπεὶ
3558 4655 3695 4732 μηδὲ
3729 4657 3801 4722 εἰς

442 4758 504 4814 et
532 4755 741 4812 inanes
773 4751 1051 4831 quoniam
1076 4753 1304 4814 sentire
1333 4771 1452 4814 non
1478 4750 1892 4831 possuntlapis
1918 4759 1978 4813 et
2004 4771 2087 4813 aes

445 4848 507 4903 et
541 4837 791 4918 lignum,
820 4857 952 4920 quae
1006 4840 1081 4900 ab
1114 4840 1428 4903 hominum
1459 4848 1587 4902 arte
1619 4848 1756 4902 sunt
1785 4847 2086 4902 exstructa

446 4937 506 4992 et
535 4927 842 4991 fabricata.
877 4927 938 4992 Si
972 4946 1137 5003 vero,
1173 4948 1206 4990 ο
1240 4938 1612 5010 procurator,
1647 4948 1783 4990 eum
1815 4928 1912 5009 qui
1949 4947 2085 4990 vere

446 5016 1244 5099 estDeusintelligeres,non
1272 5020 1424 5080 hanc
1446 5020 1755 5081 materiam
1776 5019 1939 5081 nullo
1952 5036 2085 5080 sen-

443 5126 514 5171 sn
537 5108 844 5190 praeditam
886 5109 1251 5171 honorasses
1283 5108 1517 5171 honore
1546 5108 1876 5172 sufﬁtuum.
1904 5108 2085 5172 Cessa

444 5216 589 5276 ergo
609 5198 672 5260 in
696 5198 792 5260 his
812 5198 1032 5259 frustra
1052 5198 1422 5272 laborare,et
1448 5197 1825 5275 laudalieum
1852 5198 2089 5260 univer-

442 5299 742 5363 sorum,et
770 5288 903 5368 ejus
935 5287 1147 5350 Filium
1179 5285 1906 5367 unigenitum,Dominum
1941 5306 2085 5349 nos-

446 5384 598 5438 trum
632 5378 832 5439 Jesum
865 5376 1192 5452 Christum,
1227 5381 1600 5440 Servatorcm
1630 5375 1836 5437 mundi
1861 5383 1922 5437 et
1951 5374 2088 5457 Opi-

445 5466 619 5529 ticem
643 5466 974 5529 animarum
1002 5466 1464 5530 nostrarum.Ad
1490 5467 1615 5528 haec
1641 5465 1788 5527 dixit
1806 5483 2091 5546 procura-

443 5564 539 5618 tor
571 5573 585 5618 :
610 5553 738 5617 Non
757 5555 1128 5637 respondisti
1150 5556 1208 5618 in
1238 5556 1555 5637 p‘rzesentia
1581 5555 1652 5617 ad
1673 5555 1927 5617 crimina
1960 5573 2091 5636 quat

440 5643 550 5711 tibi
603 5644 995 5728 objiciuntur,
1029 5644 1137 5710 sed
1193 5646 1310 5709 alia
1368 5645 1567 5709 dixisti
1602 5663 1708 5728 pro
1739 5644 1896 5708 aliis.
1934 5643 2082 5709 Nam

2168 4752 2420 4819 αἴσθησιν
2472 4749 2645 4806 ἐλθεῖν
2699 4747 2971 4827 δύνανται,
3012 4748 3101 4803 ὅτε
3159 4746 3328 4822 λίθος,
3376 4748 3520 4803 καὶὸ
3572 4744 3795 4826 χαλκὸς,

2167 4842 2255 4898 καὶ
2310 4842 2372 4897 τὸ
2432 4838 2604 4912 ξύλον,
2639 4838 2700 4894 ἐκ
2729 4837 2933 4916 τέχνης
2962 4837 3251 4912 ἀνθρώπιον
3281 4838 3795 4909 κατασκευαζόμενα’

2168 4932 2212 4987 εἰ
2255 4929 2309 4986 δὲ
2342 4929 2538 5008 ἐνόεις,
2567 4930 2612 4983 ὦ
2641 4927 2924 5004 ἐπίτραπε,
2959 4928 3051 4981 τὸν
3086 4923 3255 4991 ὅντως
3289 4926 3420 4983 Θεὸν
3472 4927 3567 4982 οὒκ
3622 4925 3685 4981 ἃν
3735 4930 3803 5000 τῇ

2166 5020 2268 5095 ὕλῃ
2329 5019 2498 5094 ταύτῃ
2555 5017 2841 5093 προσήψας
2900 5021 3064 5089 τιμὴν
3142 5015 3491 5091 θυμιαμάτων
3546 5013 3800 5080 ἀναισθη-

2168 5112 2337 5167 τοῦσι.
2403 5114 2605 5164 Παῦσαι
2670 5106 2760 5164 οὖν
2824 5109 2923 5172 τῆς
2974 5105 3230 5172 τοιαύτης
3283 5104 3665 5179 ματαιοποιίας
3720 5104 3806 5160 καὶ

2169 5198 2351 5270 δόξαζε
2403 5198 2495 5253 τὸν
2556 5196 2644 5254 ἐπὶ
2685 5196 2900 5253 πάντων
2945 5195 3077 5252 Θεὸν
3106 5183 3197 5251 καὶ
3227 5195 3317 5250 τὸν
3351 5194 3472 5250 Υἱὸν
3523 5192 3684 5251 αὐτοῦ
3722 5192 3805 5248 τὸν

2171 5290 2463 5365 μονογενῆ,
2516 5287 2608 5343 τὸν
2673 5284 2857 5362 Κύριον
2927 5285 3082 5358 ὴμῶν
3140 5283 3355 5352 Ἰησοῦν
3408 5283 3660 5360 Χριστὸν,
3722 5283 3809 5337 τὸν

2172 5376 2398 5456 Σωτῆρα
2468 5382 2560 5433 τοῦ
2617 5376 2821 5449 κόσμου
2890 5374 2980 5430 καὶ
3056 5374 3398 5451 Δημιουργὸν
3455 5377 3565 5428 τῶν
3622 5375 3809 5450 ψυχῶν

2170 5470 2325 5542 ἡμῶν
2361 5485 2375 5500 ⁸
2422 5468 2555 5544 πρὸς
2585 5466 2749 5521 ταῦτα
2781 5465 2808 5520 ὁ
2839 5462 3123 5542 ἐπίτροπος
3156 5463 3256 5543 ἔφη
3291 5477 3306 5492 ⁹
3364 5461 3472 5520 Οὔκ
3519 5460 3810 5539 ἀπολογίαν

2169 5557 2299 5629 ὑπὲρ
2330 5554 2404 5612 ὧν
2435 5551 2641 5633 ἐγκαλῇ
2700 5554 2830 5633 πρὸς
2886 5552 2949 5608 τὸ
3003 5553 3171 5631 παρὸν
3221 5550 3469 5631 εἴρηκας,
3509 5547 3633 5604 ἀλλ’
3664 5548 3810 5626 ἕτερα

2171 5645 2280 5704 ἄνθ’
2357 5644 2551 5723 ἐτέρων
2586 5659 2599 5674 ’
2690 5640 3079 5721 ἐγκαλούμενος
3161 5641 3261 5721 γὰρ
3315 5640 3433 5719 περὶ
3490 5644 3599 5698 τῶν
3656 5642 3810 5715 θεῶν,
