4028 6202
235 348 401 424 1457

1276 343 1462 415 νΙΤᾹ
1505 341 1607 412 SS.
1655 337 1936 410 LEONIS
1983 339 2080 406 ET
2125 341 2563 410 PAREGORII.

3448 328 3598 407 1458

229 493 367 576 περί
401 489 498 551 τοῧ
541 488 960 572 Χριστιανισμοῦ
1001 482 1266 551 διδάσκεις
1339 486 1622 576 προθύμως
1657 503 1673 520 ο
1719 481 1879 576 χάρις

1978 495 2099 539 sum
2122 477 2198 542 de
2209 479 2302 576 _iis
2325 481 2932 562 accuseris.prompto
2965 486 3024 543 et
3052 475 3236 544 alacri
3264 477 3462 544 animo
3495 481 3600 544 do-

237 573 460 650 δέντὸῖς
491 587 662 658 θεοῖς,
722 593 842 644 τοῖς
881 582 960 657 μὴ
1003 577 1222 636 ὶάσασίν
1254 598 1313 633 σε
1343 573 1618 632 διαλαθεῖν
1661 574 1882 630 τοιαῦτα

235 673 594 752 τολμήσαντα
628 689 644 704 ”
704 673 740 741 ἢ
783 671 958 728 τοίνυν
1003 668 1255 746 ἰπίγνωθι
1299 666 1416 728 τοὺς
1465 666 1618 728 θεοὺς
1673 663 1763 719 καὶ
1820 660 1888 716 τὰ

233 750 358 844 ἱερά
415 767 491 830 είς
521 763 710 828 αὖτοὺς
765 759 1148 838 ἐπιπλήρωσον
1206 763 1276 834 τῇ
1304 755 1500 835 γνώμῃ
1531 761 1635 844 τῶν
1683 750 1888 844 παρόν-

235 842 351 912 των
408 855 752 930 πειθόμενος,
796 850 834 920 ἢ
867 849 1000 928 ὑπὲρ
1043 850 1117 904 ὧν
1160 845 1496 923 ἐτόλμησας,
1530 842 1618 906 δὸς
1660 842 1761 910 τὴν
1790 847 1885 897 τί-

240 945 477 1022 μωρίαν.

323 1017 435 1108 ζ’,
475 1033 613 1112 Πρὸς
672 1030 837 1087 τάῦτα
894 1031 920 1084 ὃ
968 1028 1168 1105 μάρτυς
1213 1029 1369 1082 εἶπεν
1402 1040 1418 1056 ·
1473 1022 1629 1112 Ἐμοὶ
1660 1021 1759 1097 μὲν
1790 1017 1886 1112 ἡδὺ

237 1123 333 1197 ἦν,
369 1121 506 1199 μηδέ
562 1120 656 1178 ἕνα
697 1119 734 1188 ἢ
791 1117 1037 1195 δεύτερον
1081 1115 1365 1181 ὀλισθῆσαι
1427 1117 1527 1179 τῆς
1573 1111 1885 1199 ἐπουρανίου

240 1195 519 1291 γνῶσεως,
565 1212 626 1266 οὔ
654 1211 703 1266 τί
747 1229 809 1283 γε
854 1210 964 1283 μὴν
1007 1213 1262 1263 τοσοῦτον
1306 1205 1512 1268 πλῆθος
1546 1218 1561 1232 ⁸
1616 1195 1887 1291 ἐπειδὴ..δέ

244 1287 357 1381 δρῶ
385 1287 515 1364 τοὺς*
538 1297 774 1362 πολλοὺς
807 1297 1119 1373 μεμηνότας
1152 1293 1401 1363 ἀνοσίως,
1430 1291 1509 1365 μὴ
1544 1289 1768 1381 νομίσῃς
1797 1287 1889 1381 ξνα

245 1375 317 1467 με
358 1390 559 1447 τούτων
603 1388 775 1466 εἶναι,
822 1386 1149 1465 Χριστιανὸν
1192 1383 1319 1438 ὄντα
1353 1396 1368 1412 ”
1430 1381 1538 1458 ἐγὼ
1586 1379 1688 1458 γὰρ
1743 1375 1889 1433 ἔνδον

243 1481 396 1559 ἔχων
469 1479 534 1534 τὰ
602 1474 935 1533 ἀποστολικὰ
990 1471 1443 1559 παραγγέλματα,
1487 1467 1891 1559 τούτοιςᾼπρὸς

247 1556 493 1630 ὑπακοὴν
535 1567 840 1646 χρήσομαι.
878 1566 934 1621 Εἰ
967 1562 1022 1619 δὲ
1052 1561 1314 1640 τιμωρίαν
1346 1558 1435 1616 ἐπὶ
1467 1559 1675 1620 τούτοις
1720 1556 1890 1612 ἀπαι-

1967 587 2070 631 ces
2094 570 2169 632 de
2201 569 2811 635 Christianismo.Diis
2840 579 3034 633 autem
3087 572 3292 651 gratia,
3345 571 3445 652 qui
3479 589 3600 633 non

1969 659 2237 721 siverunt
2265 668 2322 722 te
2349 662 2702 736 latere,cum
2729 662 2855 724 haec
2885 679 3067 723 ausus
3096 660 3428 723 fueris.Aut
3459 679 3599 741 ergo

1971 765 2232 827 agnosce
2273 750 2441 826 deos,
2475 759 2538 815 et
2567 751 2748 833 imple
2774 769 2979 814 eorum
3012 768 3202 826 sacra,
3258 769 3466 812 eorum
3499 749 3602 831 qui

1972 836 2216 920 adsunt,
2249 859 2463 921 parens
2494 841 2813 904 sententiae
2845 858 2860 904 :
2887 847 2990 903 aut
3019 839 3094 902 da
3125 858 3330 922 pinnas
3361 859 3600 921 eorum,

1970 944 2102 1006 quae
2126 947 2309 991 ausus
2340 939 2430 993 est
2459 931 2796 994 admittere.

2052 1017 2150 1080 Vl.
2177 1020 2270 1082 Ad
2295 1021 2422 1083 haec
2453 1020 2601 1082 dixit
2642 1029 2858 1103 martyr
2885 1039 2898 1085 :
2942 1021 3084 1084 Mihi
3115 1020 3358 1103 quidem
3390 1020 3604 1084 fuisset

1962 1107 2324 1186 jucundum,
2358 1111 2589 1173 nullum
2618 1110 2718 1174 hic
2749 1129 2882 1174 esse
2912 1111 3146 1193 lapsum
3179 1130 3212 1173 a
3243 1111 3474 1174 caelesti
3505 1130 3604 1173 co-

1967 1197 2236 1277 gnitione
2264 1219 2381 1261 non
2413 1201 2607 1262 solum
2658 1208 2878 1263 tantam
2935 1201 3401 1264 multitudinem.
3441 1202 3602 1276 Quo-

1969 1289 2128 1348 niam
2151 1297 2351 1350 autem
2375 1288 2542 1351 video
2569 1289 2788 1353 multos
2809 1290 2991 1370 impie
3023 1291 3365 1365 insaniisse,
3399 1310 3475 1353 ne
3501 1311 3606 1373 pu-

1972 1385 2064 1439 tes
2094 1395 2194 1439 me
2224 1397 2357 1441 esse
2387 1397 2570 1440 unum
2601 1398 2669 1441 ex
2723 1380 2817 1441 his
2876 1399 3009 1442 cum
3043 1381 3153 1442 sim
3186 1377 3607 1444 Christianus?

1973 1464 2096 1536 Ego
2128 1467 2314 1547 enim,
2347 1468 2448 1550 qui
2473 1470 2635 1530 intus
2678 1467 2872 1532 habeo
2924 1480 3222 1551 praecepta
3251 1470 3601 1551 apostolica,

1975 1555 2067 1617 his
2096 1564 2228 1618 utar
2258 1557 2330 1618 ad
2365 1557 2798 1621 obedientiam.
2843 1558 2946 1622 Sin
2978 1568 3174 1621 autem
3209 1567 3448 1641 propter
3477 1559 3602 1621 haec

243 1670 389 1729 τεῖς,
437 1658 514 1732 μὴ
540 1643 777 1734 -βράδυνε
803 1671 818 1686 ’
855 1657 917 1712 οὒ
960 1653 1060 1731 γὰρ
1111 1651 1196 1708 διὰ
1236 1651 1336 1717 τὴν
1369 1646 1730 1725 νομιζομένην
1762 1643 1888 1722 παρ’

1978 1664 2182 1724 poenas
2213 1665 2246 1707 a
2277 1666 2373 1710 me
2404 1647 2610 1728 exigis,
2649 1667 2724 1710 ne
2758 1648 3024 1711 dill‘eras.
3057 1652 3188 1713 Non
3222 1651 3383 1712 enim
3419 1669 3606 1732 pr0p-

240 1749 374 1822 ὗμῖν
444 1743 744 1824 βαρυτάτην
802 1744 1036 1821 βάσανον
1094 1740 1421 1821 φυλάξομαι,
1504 1736 1642 1794 ἀλλὰ
1714 1734 1888 1824 πάντα

1978 1744 2064 1796 ter
2100 1746 2489 1811 tormentum,
2525 1737 2684 1819 quod
2719 1757 2752 1800 a
2783 1739 2949 1801 vobis
2979 1741 3350 1802 existimatur
3381 1740 3606 1820 gravis-

243 1823 532 1910 ὑπομένειν
579 1835 807 1909 ἑτοίμως
865 1833 1007 1912 ἔχω,
1053 1832 1185 1909 ὑπὲρ
1238 1836 1330 1887 τοῦ
1404 1829 1480 1898 μή
1538 1849 1656 1883 τινα
1713 1823 1889 1880 δοῦναι

1978 1826 2223 1904 simum,
2257 1827 2476 1890 cavebo
2513 1845 2527 1891 :
2563 1829 2666 1891 sed
2700 1829 2904 1891 omnia
2947 1850 3076 1892 sum
3133 1839 3371 1910 paratos
3425 1829 3609 1891 susti-

244 1924 369 1983 καθ’
419 1927 572 2001 ἡμῶν
627 1930 706 1997 τῷ
753 1921 986 1994 διαϐόλῳ
1032 1921 1244 2000 χώραν.
1292 1921 1351 1977 Εἰ
1394 1917 1448 1973 δὲ
1493 1918 1570 1992 μὴ
1603 1916 1797 1976 πάντες
1829 1913 1895 1969 τὰ

286 2019 302 2041 ,
355 2016 366 2032 η
604 2021 628 2031 -
774 2015 787 2033 ρ
1334 2009 1347 2026 ι
1572 2007 1584 2027 ρ

245 2037 381 2074 αυτα
437 2035 720 2094 φρονουσιν
768 2025 930 2090 ημῖν,
995 2012 1250 2082 ζήσονται
1293 2031 1394 2076 την
1439 2026 1692 2071 τοιαυτην
1748 2004 1892 2094 ζωὴν

245 2091 561 2176 μόνηνίἨ
614 2102 714 2180 γὰρ
759 2100 1029 2177 μέλλουσα
1079 2100 1192 2171 ζωὴ
1224 2097 1310 2155 διὰ
1340 2102 1446 2154 τῶν
1478 2095 1733 2152 τοιούτων
1777 2091 1895 2148 θλί-

246 2199 400 2269 ψεων
443 2205 804 2271 περιποιεῖται
841 2210 854 2224 ο
892 2189 1060 2253 οῧτως
1092 2188 1192 2267 γάρ
1224 2189 1258 2256 ἡ
1309 2186 1494 2265 Γραιρῦ⁸
1542 2185 1713 2263 λέγει,
1762 2204 1890 2238 στε-

245 2285 348 2350 νὴν
392 2283 538 2340 εῖναι
591 2285 679 2339 καὶ
736 2280 1097 2356 τεθλιμμένην
1141 2278 1242 2346 τὴν
1299 2276 1417 2334 ὁδὸν
1448 2277 1547 2342 τὴν
1581 2275 1892 2350 ἄπάγουσαν

247 2375 326 2438 εἷς
375 2375 474 2440 τὴν
519 2373 736 2430 αἰώνιον
769 2373 938 2443 ζωήν,
973 2373 1033 2427 '0
1067 2368 1354 2447 ἐπίτροπος
1388 2367 1545 2423 εἶπεν
1578 2382 1592 2397 ·
1635 2367 1690 2422 Εἰ
1721 2364 1892 2420 τοίνυν

247 2464 411 2528 αὐτὸς
454 2461 774 2540 ὁμολογεῖς,
806 2461 996 2527 στενὴν
1051 2459 1196 2515 εἶναι
1243 2459 1330 2514 καὶ
1375 2454 1739 2530 τεθλιμμένην
1795 2453 1894 2519 τὴν

249 2551 378 2630 παρ’
421 2553 552 2626 ὑμῖν
612 2549 756 2624 ὁδὸν,
817 2550 902 2607 ἐπὶ
961 2551 1058 2617 τὴν
1107 2548 1372 2625 ἡμετέραν
1423 2546 1582 2601 οὖσαν
1625 2543 1892 2600 πλατεῖαν

249 2644 342 2698 καὶ
399 2641 645 2717 βελτίονα
706 2640 1021 2714 μετάστηθι.
1070 2629 1128 2695 Ὀ
1161 2637 1311 2714 ἅγιος
1360 2635 1506 2691 Λέων
1539 2633 1698 2690 εἶπεν
1730 2651 1742 2664 ⁸
1777 2633 1893 2712 Οὖχ

249 2732 422 2795 οὕτως
469 2730 604 2810 ἔφην
648 2730 794 2786 εἶναι
838 2728 1030 2795 στενὴν
1065 2729 1137 2791 ὡς
1170 2728 1249 2800 μὴ
1302 2737 1508 2805 χωρεῖν
1563 2723 1685 2785 to):
1736 2720 1892 2798 βαδί-

245 2829 437 2892 ζοντας
473 2836 486 2850 ⁸
550 2818 743 2876 πολλοὶ
787 2820 887 2897 γὰρ
932 2819 1017 2874 ἐπὶ
1062 2818 1263 2883 ταύτην
1306 2816 1405 2883 τὴν
1449 2813 1739 2878 καλλίστην
1772 2810 1892 2868 ὁδὸν

248 2910 543 2985 ἐπέϐησαν,
591 2907 731 2964 ἀλλά
789 2909 950 2974 στενὴ
996 2907 1238 2984 εἴρηται,
1289 2903 1407 2972 ἥτις
1454 2904 1591 2978 μετὰ
1620 2924 1893 2983 στενοχω-

250 3001 392 3076 ρίας,
436 3001 525 3055 καὶ
581 2997 838 3074 θλίψεως,
887 2999 976 3054 καὶ
1019 2996 1281 3072 ἀνάγκης,
1355 2996 1445 3050 καὶ
1504 2992 1743 3072 διωγμοῦ
1799 2997 1892 3048 τοῦ

248 3090 384 3167 ὑπὲρ
427 3087 764 3154 δικαιοσύνης
821 3099 942 3150 τοῖς
996 3084 1136 3140 οὕτω
1191 3083 1624 3163 προστιθεμένοις
1679 3079 1888 3158 βαδίζε-

251 3199 340 3234 ται
372 3194 386 3208 ’
445 3191 564 3242 τοῖς
621 3178 723 3254 γὰρ
781 3174 1226 3255 προαιρουμένοις
1257 3183 1421 3232 ταῦτα
1462 3175 1496 3240 ἡ
1542 3177 1716 3234 πίστις
1745 3170 1890 3227 πλα-

247 3267 454 3332 τυτάτη
485 3265 754 3338 δδηγοῦσα
786 3264 840 3320 ἐν
863 3277 987 3329 ταῖς
1016 3263 1172 3327 ἱδίαις
1203 3264 1424 3341 ἀρεταῖς
1460 3277 1475 3292 ·
1525 3267 1640 3324 πῶς
1687 3259 1742 3316 δὲ
1803 3263 1898 3317 οὒκ

252 3357 318 3413 ἂν
377 3355 661 3434 ἀποφήνῃ,
707 3355 806 3422 τὴν
843 3355 942 3426 μὲν
1001 3349 1127 3428 παρ’
1180 3353 1320 3426 ἡμῖν
1370 3351 1670 3428 λεγομένην
1705 3350 1898 3416 στενὴν

251 3445 376 3502 ὁδὸν
431 3443 777 3511 πλατυτάτην
839 3445 913 3506 εἷς
973 3442 1244 3520 σωτηρίαν
1277 3440 1420 3496 εἶναι
1461 3459 1477 3514 ;
1514 3440 1694 3514 μαθὼν
1727 3441 1800 3502 ὡς
1839 3437 1897 3492 ἐκ

249 3536 485 3597 πίστεως
565 3534 683 3598 ἑνὸς
771 3533 1111 3610 προπάτορος
1189 3527 1434 3606 Ἀϐραὰμ
1535 3529 1894 3603 ἀναρίθμητον

252 3627 457 3691 πλῆθος
516 3623 570 3680 ἐν
627 3623 803 3680 πίστει
849 3622 1174 3691 δικαιοῦται,
1222 3620 1630 3693 ἀναπαυόμενον
1679 3617 1734 3673 ἐν
1776 3631 1895 3680 τοῖς

251 3711 474 3772 κόλποις
521 3711 684 3769 αὒτοῦ
715 3731 730 3745 ·
765 3711 866 3776 τὴν
912 3708 966 3765 δὲ
999 3708 1128 3787 παρ’
1156 3711 1285 3783 ὑμῖν
1316 3707 1584 3765 πλατεῖαν
1617 3704 1736 3762 ὁδὸν
1766 3723 1896 3762 στε-

251 3801 352 3868 νὴν
405 3805 548 3858 εἶναι
607 3802 746 3858 κατά
805 3799 1056 3856 ἀπιστίαν
1102 3801 1193 3855 καὶ
1237 3797 1434 3866 ἀληθὲς
1477 3803 1632 3853 τοῦτο
1668 3811 1680 3824 ⁸
1716 3796 1767 3850 αἱ
1796 3795 1896 3872 γὰρ

252 3891 433 3966 ἀρεταὶ
490 3889 741 3970 διαφοραὶ
814 3891 910 3945 καὶ
991 3888 1247 3945 πλατεῖαι
1325 3887 1718 3967 τυγχάνουσαι,
1779 3897 1896 3949 τοῖς

253 3981 490 4056 ἀπείροις
520 3983 696 4037 στεναὶ
727 3981 818 4037 καὶ
846 3977 1031 4036 ἄϐατοι
1057 3979 1474 4047 καθεστήκασιν,

335 4069 415 4131 Ζ’.
463 4069 687 4125 Πλείονα
746 4070 836 4126 οὖν
895 4067 1278 4146 διαλεγομένου
1323 4077 1418 4126 τοῦ
1460 4067 1613 4144 ἁγίου
1668 4065 1893 4129 Λέοντος

252 4162 344 4216 καὶ
410 4161 646 4238 ἰσχυρῶς
703 4157 1090 4231 συνισταμένου
1160 4164 1235 4231 τῷ
1305 4158 1425 4234 περὶ
1480 4155 1894 4234 Χριστιανισμοῦ

255 4247 428 4326 λόγῳ,
473 4250 534 4303 τὸ
568 4254 670 4305 τῶν
714 4248 884 4305 ἀθέων
915 4247 1182 4306 Ἰουδαίων
1213 4268 1268 4303 τε
1314 4249 1410 4302 καὶ
1441 4245 1718 4315 Ἐλλήνων
1749 4245 1899 4311 πλῆ-

255 4343 344 4399 θος
387 4335 606 4408 ἀνεϐόα,
639 4336 816 4403 ἀξιοῦν
861 4337 937 4404 μή
971 4349 1282 4416 συγχωρεῖν
1343 4335 1501 4391 αὐτὸν
1562 4334 1754 4391 λαλεῖν
1797 4334 1896 4391 ὅσα

251 4425 520 4502 βούλεται.
571 4417 630 4483 ιΟ
678 4426 769 4484 οὖν
812 4425 1102 4503 ἐπίτροπος
1135 4427 1268 4504 πρὸς
1299 4425 1366 4481 τὰ
1420 4425 1564 4502 παρὰ
1623 4431 1716 4481 τοῦ
1746 4423 1893 4490 πλῆ-

253 4519 374 4580 θους
433 4513 684 4593 εἰρημένα
741 4515 903 4594 φησίν
936 4534 950 4548 ⁸
1016 4514 1162 4591 Ἐγὼ
1218 4516 1306 4570 καὶ
1374 4512 1538 4591 λόγου
1600 4512 1894 4592 παρρησίαν

254 4606 387 4668 τέως
445 4602 770 4680 μεταδίδωμι
829 4605 917 4661 καὶ
974 4605 1161 4670 κοινὴν
1217 4608 1393 4682 φιλίαν
1445 4604 1744 4677 πειθομένῳ
1775 4616 1893 4667 τοῖς

253 4698 398 4759 θεοῖς
442 4696 832 4773 ὑπισχνοῦμαι,
870 4685 928 4752 Ὀ
972 4693 1026 4750 δὲ
1062 4693 1217 4771 ἅγιός
1258 4716 1421 4774 φησιν
1456 4712 1472 4730 ⁸
1525 4695 1581 4749 Ei
1638 4694 1735 4767 μὲν
1768 4692 1894 4748 ἐπι-

253 4783 477 4851 λέλησαι
533 4790 642 4838 τῶν
673 4783 818 4857 έμῶν
867 4785 1072 4860 λόγων,
1104 4783 1379 4860 ἐπίτροπε,
1414 4781 1592 4845 καλῶς
1627 4783 1712 4837 καὶ
1770 4780 1893 4837 δεύ-

249 4893 400 4948 τερον
445 4872 646 4950 ἐρωτᾷς
679 4891 694 4905 ·
759 4873 804 4927 εἰ
858 4870 912 4926 δὲ
961 4871 1258 4946 μέμνησαι,
1316 4870 1425 4927 ἴσθι
1497 4872 1570 4932 ὡς
1631 4871 1726 4926 οὒκ
1783 4869 1894 4925 ἔστι

249 4958 468 5016 δυνατον
516 4973 634 5026 τοῖς
686 4961 840 5039 φύσει
887 4962 963 5034 μὴ
1008 4960 1126 5017 οὖσι
1180 4963 1327 5020 θεοῖς
1381 4960 1726 5020 συντίθεσθαι.
1764 4958 1895 5036 Ὀρ-

252 5047 415 5125 γίλως
447 5051 534 5104 οὖν
577 5048 832 5111 διατεθεὶς
882 5053 1002 5119 περὶ
1048 5051 1168 5111 τοὺς
1199 5048 1417 5127 λόγους,
1449 5047 1654 5104 κελεύει
1691 5049 1886 5124 μαστί-

250 5140 427 5207 ζεσθαι
485 5139 546 5193 τὸ
601 5138 778 5213 τίμιον
807 5145 966 5211 σῶμα
997 5148 1089 5198 τοῦ
1121 5138 1386 5216 μάρτυρος
1415 5154 1430 5169 ⁶

247 5229 338 5288 θος
368 5226 476 5284 τῶν
533 5225 756 5304 πληγῶν
798 5227 930 5306 ὑπὲρ
975 5227 1200 5307 ἀριθμὸν
1249 5228 1314 5294 ἧν
1370 5227 1565 5295 ἢκατά
1617 5228 1890 5302 ὑπομονήν

247 5315 501 5392 σώματος
573 5316 896 5392 ἀνθρωπίνου
956 5320 983 5374 ὁ
1070 5317 1445 5395 γενναιότατος
1505 5315 1741 5383 ἀθλητὴς
1800 5323 1894 5374 τοῦ

251 5407 474 5480 Χριστοῦ
528 5407 661 5483 πρὸς
721 5405 870 5464 οὗδέν
915 5413 1022 5463 τῶν
1065 5406 1449 5485 πραττομένων
1494 5403 1743 5462 διετίθετο
1775 5404 1891 5465 οὒδὲ

249 5491 348 5554 ἕως
401 5492 740 5575 βραχυτάτου
791 5503 1095 5574 στεναγμοῦ
1144 5495 1506 5575 φθεγξάμενος
1537 5511 1553 5530 .
1590 5495 1750 5576 εἶχεν
1792 5496 1892 5575 γὰρ

1470 5140 1542 5199 ὡς
1576 5135 1629 5192 δὲ
1660 5141 1722 5194 τὸ
1753 5137 1890 5204 πλή-

329 5670 358 5716 ε
383 5670 585 5739 Matth.
609 5691 711 5751 vu,
753 5675 853 5741 14.

1915 3201 1956 3252 C

1917 4563 1961 4614 ο

1977 1934 2146 1994 nere,
2183 1936 2258 1979 ne
2288 1918 2424 1998 quis
2448 1917 2550 1980 det
2577 1918 2818 1981 diabolo
2850 1925 2908 1981 in
2939 1940 3045 1982 nos
3091 1921 3286 1982 locum
3315 1921 3604 1998 aliquem.

1979 2004 2085 2069 Sin
2116 2025 2262 2068 vero
2314 2026 2432 2068 non
2478 2027 2688 2069 omnes
2745 2009 2955 2071 eadem
3013 2029 3147 2091 quae
3179 2027 3286 2072 nos
3317 2010 3605 2082 sentiunt,

1977 2094 2103 2156 haec
2127 2095 2255 2157 sola
2287 2096 2402 2156 vita
2438 2095 2650 2157 vivent.
2685 2096 2904 2158 Futura
2935 2098 3093 2159 enim
3147 2098 3260 2158 vita
3286 2097 3612 2176 acquiritur

1979 2201 2086 2264 per
2107 2185 2212 2246 has
2232 2184 2612 2248 afﬂictiones.
2674 2185 2771 2249 Sic
2821 2188 2981 2249 enim
3033 2188 3176 2248 dicit
3216 2186 3530 2263 Scriptura
3555 2185 3606 2260 9,

1977 2281 2197 2334 arctam
2233 2293 2366 2336 esse
2395 2275 2547 2336 viam
2583 2295 2717 2356 quae
2757 2277 2924 2339 ducit
2971 2280 3044 2339 ad
3091 2279 3264 2339 vitam
3296 2285 3608 2339 aeternam.

1977 2361 2135 2423 Dixit
2159 2364 2473 2443 praefectus
2501 2388 2512 2423 :
2541 2364 2603 2428 Si
2639 2375 2697 2427 tu
2722 2385 2863 2445 ergo
2898 2366 3202 2428 conﬁteris
3231 2374 3451 2428 arctam
3479 2382 3612 2427 esse

1978 2451 2154 2528 viam,
2181 2471 2310 2533 quae
2341 2453 2497 2532 apud
2532 2472 2656 2531 vos,
2712 2456 2896 2517 transi
2927 2455 2998 2516 ad
3033 2463 3320 2526 nostram.
3356 2474 3488 2535 qua:
3519 2462 3612 2515 est

1977 2541 2093 2603 lata
2146 2550 2206 2603 et
2254 2544 2488 2608 melior.
2541 2544 2696 2606 Dixit
2755 2555 2948 2607 autem
2983 2554 3224 2607 sanctus
3259 2567 3273 2604 :
3313 2543 3440 2606 Non
3473 2562 3606 2605 eam

1976 2631 2100 2694 dixi
2130 2651 2264 2694 esse
2293 2633 2444 2696 adeo
2477 2643 2699 2697 arctam
2732 2644 2794 2697 ut
2849 2654 2967 2698 non
3005 2635 3198 2716 capiat
3243 2653 3345 2696 eos
3376 2634 3475 2716 qui
3510 2634 3612 2695 illa

1976 2720 2421 2800 ingrediuntur.
2475 2725 2642 2788 Multi
2695 2728 2850 2788 enim
2917 2725 3381 2805 pulcherrimam
3461 2724 3615 2786 hanc

1974 2810 2129 2872 viam
2162 2822 2299 2873 sunt
2330 2814 2609 2893 ingressi.
2663 2814 2779 2878 Sed
2833 2816 2992 2878 dicta
3040 2823 3127 2877 est
3177 2822 3446 2894 angusta.
3481 2833 3614 2895 quae

1977 2920 2110 2962 cum
2144 2902 2495 2984 afﬂictione,
2529 2906 2804 2985 angustia
2861 2914 2919 2969 et
2975 2905 3334 2967 necessitate
3393 2913 3452 2966 et
3504 2922 3609 2984 pro

1967 2992 2202 3070 justitia
2229 2995 2648 3073 persecutione
2678 2995 2864 3056 initur
2893 2995 2965 3056 ab
3005 2995 3078 3056 iis
3102 2994 3208 3072 qui
3237 2994 3310 3056 ad
3343 3012 3472 3056 eam
3504 3012 3612 3054 ac-

1973 3082 2216 3144 cedunt.
2275 3083 2352 3145 Iis
2383 3103 2520 3147 vero
2551 3087 2651 3166 qui
2703 3105 2832 3147 eam
2868 3104 2972 3148 sua
3007 3094 3217 3166 sponte
3247 3084 3609 3162 suscipiunt,

1983 3171 2130 3234 ﬁdes
2161 3181 2251 3236 est
2283 3174 2593 3250 latissima,
2648 3175 2957 3237 deducens
3015 3174 3085 3236 ad
3120 3173 3390 3255 proprias
3420 3177 3612 3235 virtu-

1980 3269 2094 3326 tes.
2130 3262 2248 3324 Cur
2279 3283 2398 3325 non
2445 3274 2646 3327 autem
2709 3266 3082 3344 pronuntias,
3135 3271 3281 3325 viam
3339 3264 3608 3345 quidem,

1980 3368 2113 3428 quae
2139 3353 2293 3432 apud
2328 3373 2435 3415 nos
2465 3354 2686 3416 dicitur
2711 3365 2980 3434 angusta,
3008 3373 3144 3417 esse
3174 3354 3517 3414 latissimam
3541 3356 3615 3415 ad

1979 3441 2232 3502 salutem
2263 3460 2276 3504 :
2313 3462 2449 3503 cum
2511 3445 2800 3506 didiceris
2855 3445 3013 3521 quod
3048 3464 3118 3506 ex
3151 3445 3185 3505 ﬁ
3211 3446 3266 3504 le
3299 3445 3478 3505 unius
3509 3463 3616 3523 pa-

1977 3531 2164 3593 rentis
2209 3533 2399 3593 nostri
2449 3532 2701 3594 Abraltaa
2755 3534 3074 3596 multitudo
3151 3533 3614 3594 innumerabilis

1971 3620 2334 3698 justiﬁcatur
2385 3623 2444 3682 in
2497 3622 2638 3696 ﬁde,
2700 3623 3092 3703 requiescens
3143 3623 3203 3682 in
3254 3622 3384 3700 ejus
3433 3622 3610 3681 sinu:

1977 3708 2128 3770 viam
2167 3727 2303 3771 vero
2337 3729 2468 3791 qum
2499 3720 2588 3772 est
2619 3712 2774 3792 apud
2828 3731 2932 3772 vos
2963 3712 3108 3785 lata,
3139 3729 3272 3771 esse
3301 3719 3613 3790 angustam

1980 3818 2087 3880 per
2115 3800 2598 3862 incredulitatem
2625 3801 2655 3861 ‘i
2697 3801 2802 3862 Est
2831 3815 3029 3863 autem
3065 3801 3176 3862 hoc
3210 3819 3444 3864 verum.
3478 3799 3616 3862 Vir-

1983 3897 2140 3951 tutos
2163 3891 2346 3963 enim,
2379 3909 2515 3952 cum
2553 3891 2674 3952 sint
2697 3891 2949 3954 diversae
2978 3903 3040 3953 et
3071 3891 3224 3966 latae,
3261 3899 3398 3953 sunt
3427 3891 3620 3970 impe-

1979 3977 2113 4040 ritis
2142 3989 2318 4041 arctze
2352 3988 2410 4040 et
2443 3979 2787 4041 inaccessaa.

2060 4067 2181 4130 VII.
2239 4068 2375 4130 Haec
2425 4087 2565 4147 ergo
2625 4079 2683 4132 et
2718 4071 2808 4131 his
2845 4069 3015 4150 plura
3043 4077 3247 4132 sancto
3279 4068 3614 4132 disserente

1981 4158 2200 4238 Leone,
2227 4167 2286 4220 et
2317 4158 2755 4221 Christianismi
2787 4161 3079 4221 rationem
3115 4172 3362 4221 strenue
3390 4161 3613 4221 conﬁr-

1983 4249 2526 4327 manteimpiorum
2546 4249 2890 4310 Judaeorum
2911 4258 2968 4310 et
2986 4249 3296 4328 gentilium
3325 4249 3617 4310 exclama-

1979 4338 2058 4398 vit
2083 4337 2427 4411 multitudo,
2463 4357 2682 4416 rogans
2717 4357 2793 4399 ne
2818 4339 2869 4400 ei
2897 4339 3257 4400 concederet
3288 4338 3450 4418 loqui
3483 4357 3617 4415 qum

1981 4427 2178 4490 vellet.
2201 4425 2352 4488 Dicit
2371 4437 2566 4490 autem
2596 4437 2947 4509 procurator
2969 4427 3038 4488 ad
3065 4446 3132 4489 ea
3151 4445 3280 4507 qua:
3301 4426 3457 4488 dicta
3479 4435 3619 4488 sunt

1979 4537 2010 4577 a
2028 4516 2433 4580 multitudine:
2459 4517 2578 4596 Ego
2600 4537 2758 4579 nunc
2783 4518 2838 4579 ei
2855 4519 2930 4579 do
2958 4523 3309 4598 potestatem
3332 4517 3616 4597 loquendi

1982 4607 2190 4680 libere,
2229 4614 2288 4667 et
2311 4626 2697 4668 communem
2726 4607 3047 4669 amicitiam
3085 4607 3399 4687 polliceor,
3431 4606 3482 4667 si
3505 4606 3620 4668 diis

1978 4704 2198 4777 pareat.
2229 4697 2383 4758 Dixit
2413 4705 2611 4758 autem
2646 4699 2706 4759 S.
2768 4697 2884 4758 Leo
2916 4714 2930 4758 :
2968 4696 3028 4757 Si
3067 4715 3338 4758 meorum
3373 4697 3617 4774 quidem

1975 4785 2290 4846 verborum
2325 4785 2546 4847 oblitus
2594 4804 2680 4858 es,
2740 4805 2773 4846 ο
2807 4795 3184 4867 procurator,
3219 4796 3383 4848 recte
3413 4804 3619 4847 rursus

1976 4873 2400 4953 interrogas.Si
2426 4893 2564 4935 vero
2588 4874 3111 4950 meministi,scias
3125 4875 3253 4936 ﬁeri
3275 4894 3392 4935 non
3416 4891 3612 4950 posse,

1979 4973 2040 5025 ut
2071 4965 2360 5027 assentiar
2385 4964 2724 5025 adorandos
2767 4984 2900 5026 esse
2957 4965 3126 5037 deos,
3178 4964 3282 5043 qui
3331 4980 3448 5021 non
3481 4969 3620 5022 sunt

1975 5051 2372 5114 natura.Tunc
2393 5053 2486 5113 his
2508 5053 2712 5116 verbis
2733 5053 2820 5116 ira
2841 5052 3221 5132 motus.jubet
3242 5049 3386 5112 caedi
3411 5050 3612 5128 ﬂagris

1969 5143 2376 5204 venerandum
2403 5162 2619 5224 corpus
2644 5143 3096 5225 martyris.Cum
3122 5149 3318 5200 autem
3347 5139 3609 5200 multitu-

1974 5234 2049 5294 do
2073 5234 2376 5313 plagarum
2409 5245 2566 5296 esset
2597 5231 3083 5301 innumerabilis,
3119 5237 3176 5290 et
3208 5228 3398 5308 major
3428 5245 3605 5309 quam

1975 5336 2034 5385 ut
2062 5329 2115 5384 id
2141 5329 2432 5384 sustinere
2456 5338 2646 5399 posset
2677 5330 2994 5384 humanum
3015 5321 3609 5395 corpus.fortissimus

1975 5413 2197 5474 athleta
2217 5412 2438 5474 Christi
2465 5411 2777 5488 Leo,nulla
2802 5428 2870 5472 ex
2899 5409 2973 5471 iis
3002 5426 3134 5490 quae
3166 5403 3407 5480 ﬁebant,
3435 5407 3614 5487 quid-

1973 5521 2150 5586 quam
2173 5499 2566 5578 afﬁciebatur,
2603 5518 2678 5562 ne
2714 5499 3028 5561 minimum
3057 5495 3302 5581 quidem
3338 5495 3617 5558 emittens
