4028 6202
457 307 612 384 1459
1716 315 1998 384 MENSIS
2040 319 2070 383 Ε

2161 311 2548 386 3RUARIUS.
3686 317 3873 390 1460

445 450 975 540 suspirium,totam
993 448 1151 540 enim
1175 455 1424 540 mentem
1451 465 1616 540 suam
1652 462 1706 513 et
1727 452 2070 514 desiderium

2161 457 2253 516 τὸν
2284 457 2449 518 πόθον
2479 457 2614 535 πρὸς
2640 454 2734 516 τὸν
2793 453 3005 538 Κύριον.
3060 455 3238 518 Εἶπεν
3270 458 3362 518 οὗν
3393 460 3422 520 ὁ
3467 457 3809 540 ίτιίτροπος
3849 483 3870 501 ·

452 537 837 601 convertebat
859 537 930 600 ad
956 535 1558 602 Dominum.Dicebat
1581 547 1777 602 autem
1804 559 2070 620 procura-

2164 548 2338 627 Μικρὰ
2393 548 2561 606 ταῦτα
2613 549 2680 607 τὰ
2738 535 3078 629 γεγενημένα
3125 573 3208 608 σοι
3253 552 3384 630 πρὸς
3422 553 3487 610 τὰ
3545 535 3876 630 μέλλοντα

445 643 580 697 tor:
615 634 797 694 Parva
836 639 998 706 sunt,
1033 651 1068 692 ο
1101 633 1243 707 Leo,
1281 632 1428 708 haec,
1464 633 1682 714 quibus
1712 635 1960 698 allectus
1990 653 2070 712 es,

2163 640 2552 717 βασανιστήρια
2587 655 2602 672 ⁸
2666 639 2912 707 πείσθητι
2962 641 3051 697 οὖν
3109 663 3202 716 μοι
3250 641 3339 698 καὶ
3386 643 3479 704 τὰς
3513 643 3868 720 νομιζομέ-

447 721 823 797 tormenta,si
847 721 1308 784 considerantur
1328 741 1462 784 cum
1497 723 1734 787 futuris.
1758 722 1840 786 De
1867 733 2070 788 caetero

2166 749 2257 792 νας
2311 731 2491 812 θυσίας
2554 728 2882 807 προσένεγκε
2954 743 3074 794 τοῖς
3126 734 3300 795 θεοις.
3357 721 3415 790 Ὀ
3450 732 3605 812 ἅγιος
3678 733 3866 791 Λέων

445 810 592 903 mihi
616 817 876 903 pa_re,_et
903 810 1022 903 diis
1072 812 1243 903 offer,
1270 820 1572 903 quassant
1599 813 1732 903 lege
1762 814 2070 876 constituta

2167 821 2322 876 εἶπεν
2351 834 2366 850 ⁶
2404 809 2462 878 Ὀ
2494 819 2697 900 φθάσας
2745 819 2907 877 εἷπον
2950 818 3248 894 πολλάκις,
3309 823 3483 880 εἰπεῖν
3502 809 3578 879 ὀὗ
3608 845 3864 903 παραι-

445 900 758 964 sacriﬁcia.
790 900 949 964 Dixit
977 899 1040 966 S.
1071 901 1188 965 Leo
1216 919 1228 964 :
1256 900 1304 965 Ο
1325 901 1713 984 judex,quod
1737 921 1895 984 saepe
1917 909 2070 985 prius

2161 908 2421 988 τήσομαι,
2467 899 2548 966 ὅτι
2591 907 2712 966 οὔτε
2743 909 2894 974 θεοὺς
2927 907 3076 984 οῖδα,
3147 909 3267 968 οὕτε
3309 912 3460 968 θύσαι
3521 899 3854 988 τολμήσω,

443 988 716 1084 dixi,non
736 990 1027 1055 recusabo
1051 1009 1258 1054 rursus
1282 991 1485 1054 dicere
1520 1010 1534 1055 :
1565 991 1774 1070 Neque
1801 992 1912 1054 hos
1943 992 2070 1055 novi

2161 995 2311 1061 εἰδὼς
2364 999 2429 1054 τὰ
2485 997 2891 1081 χρησιμώτατα
2948 1005 3058 1058 τῶν
3116 1000 3282 1078 ἁγίων
3339 1008 3563 1083 Γρανρῶν
3595 1025 3852 1084 παραγ-

443 1077 613 1154 deos,
659 1099 859 1160 neque
888 1100 1148 1162 unquam
1195 1081 1253 1142 in
1286 1081 1552 1143 animum
1585 1081 1868 1143 inducam
1901 1090 1967 1144 ut
1994 1085 2080 1145 eis
2160 1085 2429 1164 γὲλματα.

440 1170 795 1244 sacrificem,
829 1179 892 1231 ut
921 1171 1022 1252 qui
1052 1171 1233 1232 sciam
1267 1179 1561 1252 praecepta
1589 1190 1897 1234 sacrarum
1927 1171 2400 1256 Scripturarum.
2423 1173 2518 1240 Dii
2542 1175 2730 1255 enim,
2766 1177 2869 1260 qui
2898 1177 3112 1242 cmlum
3141 1184 3201 1242 et
3239 1185 3458 1242 terram
3493 1199 3618 1244 non
3641 1182 3836 1248 fece-

442 1266 604 1335 runt,
642 1268 889 1340 pereant
919 1279 952 1321 a
983 1261 1133 1322 facie
1164 1270 1339 1322 terrm
1367 1262 1421 1324 ὃ.

522 1349 920 1414 Vlll.Adhaec
938 1351 1085 1412 dixit
1111 1359 1463 1432 procurator
1497 1350 1666 1414 :Hoc
1692 1351 1888 1414 solum
1923 1353 2022 1416 die
2061 1373 2077 1415 :

442 1435 630 1519 Magni
659 1448 798 1502 sunt
829 1439 934 1518 dii,
965 1449 1022 1502 et
1051 1439 1406 1503 liberaberis
1441 1459 1471 1502 a
1521 1442 1859 1505 tormentis.
1895 1441 2082 1506 Pareo

448 1530 606 1590 enim
642 1529 771 1606 tibi,
808 1539 963 1592 tuam
997 1531 1328 1611 respiciens
1358 1532 1729 1608 cenitiem,et
1758 1532 1936 1594 alium
1969 1533 2082 1596 ha-

446 1616 634 1680 bitum
653 1621 949 1700 corporis.
990 1620 1146 1682 Dixit
1167 1619 1352 1683 S.Leo
1382 1643 1396 1685 :
1421 1621 1542 1684 [Ioc
1564 1622 1693 1702 ipse
1715 1641 1957 1704 quoque
1987 1625 2082 1687 di-

445 1709 666 1785 xerim,
693 1729 796 1772 eos
816 1729 1020 1773 revera
1049 1730 1182 1774 esse
1206 1730 1452 1788 magnos
1473 1721 1531 1774 et
1553 1712 1805 1774 idoneos
1827 1712 1900 1774 ad
1934 1732 2080 1794 per-

443 1797 671 1860 dendas
688 1801 917 1862 animas
935 1820 1067 1882 qum
1085 1801 1229 1882 ipsis
1243 1802 1518 1867 credunt.
1533 1802 1788 1865 Dixitira
1812 1803 2080 1884 percitus

442 1901 792 1967 procurator
821 1911 837 1953 :
869 1889 1063 1955 Jubeo
1097 1902 1154 1954 te
1213 1892 1369 1954 trahi
1403 1910 1507 1973 per
1540 1901 1756 1974 petras,
1795 1901 2074 1974 tanquam

440 1981 643 2043 furore
666 1991 1100 2062 correptum,et
1121 1982 1205 2044 sic
1230 1982 1381 2044 mori
1403 1981 1815 2045 acerbe.Dixit
1837 1984 1898 2042 Β.
1927 1984 2072 2045 Leo:
2102 2002 2137 2052 Β
2161 1988 2317 2044 εἶπεν
2351 2001 2367 2018 ο

439 2069 649 2144 Quivis
684 2072 890 2133 mortis
922 2072 1136 2133 modus
1183 2079 1275 2134 est
1326 2072 1470 2133 mihi
1496 2072 1802 2152 jucundus
1836 2079 2080 2152 propter

438 2178 689 2239 regnum
716 2163 1134 2224 cmleste.Eam
1161 2163 1318 2223 enim
1343 2179 1484 2222 voco
1507 2161 1682 2222 vitam
1718 2168 1777 2222 et
1796 2161 2073 2237 salutem,

437 2261 914 2333 quaapostquam
942 2252 1081 2313 hinc
1106 2249 1619 2326 excessero,dabit
1647 2249 1789 2310 mihi
1816 2259 1876 2310 ut
1900 2251 2076 2312 habi-

437 2347 556 2402 tem
589 2359 723 2402 cum
773 2343 998 2403 sanctis
1055 2339 1432 2422 martyribus.
1484 2339 1643 2402 Dixit
1675 2349 2067 2420 procurator:

438 2431 672 2505 Patre,»
692 2431 1037 2511 Leo,edicto
1057 2431 1582 2512 imperatorum,et
1602 2429 1722 2504 die,
1750 2430 1842 2492 Dii
1864 2447 2074 2492 serva-

435 2527 619 2594 tore--.,
653 2523 936 2602 quoniam
969 2539 1033 2584 es
1063 2521 1290 2597 alioqui
1323 2522 1442 2583 cito
1474 2521 1689 2583 acerbe
1722 2521 2068 2583 moriturus.

434 2607 596 2672 Dixit
623 2618 820 2672 autem
872 2609 937 2674 S.
972 2613 1086 2673 Leo
1118 2628 1132 2674 :
1191 2609 1239 2674 Ο
1265 2611 1472 2688 judex,
1509 2610 1654 2671 mihi
1687 2611 1910 2672 videris
1939 2629 2073 2672 esse

433 2698 606 2760 valde
653 2699 1014 2775 imbecillus,
1049 2700 1148 2782 qui
1194 2701 1388 2763 solum
1417 2700 1653 2761 assidue
1679 2700 1824 2761 mihi
1864 2700 2074 2762 verbis

435 2789 934 2870 mineris,praiter
963 2789 1140 2853 verba
1164 2799 1363 2852 autem
1398 2791 1546 2852 nihil
1581 2789 1936 2853 iacias.Cum
1963 2809 2072 2852 ve-

431 2897 499 2940 ro
528 2888 773 2962 propter
804 2882 928 2942 liazc
978 2880 1340 2943 seditionem
1397 2886 1674 2960 agitasset
1727 2881 2071 2953 multitudo,

431 2969 604 3031 valde
637 2971 1022 3052 perturbatus
1047 2979 1418 3051 procurator,
1443 2971 1621 3050 jussit
1654 2979 1924 3032 sanctum
1945 2971 2074 3052 qui-

431 3059 567 3121 dem
603 3059 734 3141 capi
767 3061 1046 3142 pedibus,
1103 3061 1254 3122 trahi
1291 3070 1490 3122 autem
1526 3059 1588 3122 in
1620 3067 1975 3136 torrentem,
2010 3060 2068 3121 in

429 3167 502 3212 eo
531 3151 797 3212 ultimum
832 3151 1106 3212 daturum
1139 3150 1530 3231 supplicium.

512 3239 762 3303 lX.Cum
791 3240 992 3320 itaque
1014 3243 1370 3300 sententiam
1395 3239 1837 3319 pronuntiasset
1861 3256 2072 3318 procu-

2246 1346 2336 1421 H'.
2387 1358 2522 1438 Πρὸς
2551 1364 2716 1416 ταῦτα
2775 1357 2803 1415 ὃ
2862 1357 3158 1439 ἐπίτροπος
3200 1360 3363 1418 εἶπεν
3399 1380 3414 1398 ·
3455 1371 3605 1422 Τοῦτο
3629 1367 3824 1438 μόνον

2165 1447 2304 1521 εἰπὲ,
2339 1445 2421 1503 ὅτι
2453 1447 2681 1526 μεγάλοι
2712 1450 2758 1506 οἱ
2790 1451 2920 1524 θεοὶ,
2985 1450 3076 1506 καὶ
3119 1447 3467 1508 ἀπαλλάττω
3499 1466 3512 1482 ⁸
3554 1451 3802 1530 φείδομαι

2163 1536 2266 1616 γάρ
2310 1557 2404 1592 σου
2455 1545 2556 1614 τμν
2611 1559 2670 1594 τε
2721 1537 2914 1594 πολιὰν
2947 1536 3099 1603 εἰδὼς
3143 1540 3234 1596 καὶ
3263 1540 3363 1608 τὴν
3395 1543 3695 1617 προσοῦσαν
3721 1562 3814 1596 σοι

2167 1626 2264 1696 τήν
2321 1648 2379 1683 τε
2439 1625 2610 1695 ἄλλην
2659 1631 2754 1684 τοῦ
2802 1628 3056 1704 σώματος
3085 1629 3439 1692 κατάστασιν,
3475 1631 3614 1709 Πρὸς
3645 1632 3822 1687 ταῦτα

2161 1719 2190 1772 ὁ
2233 1717 2385 1796 ἅγιος
2436 1717 2583 1774 Λέων
2641 1719 2800 1775 εἶπεν
2834 1734 2849 1750 ⁸
2900 1728 3067 1777 Τουτο
3119 1718 3182 1774 ἂν
3233 1719 3446 1795 εἴποιμι
3503 1722 3590 1776 καὶ
3623 1722 3820 1793 αὗτὸς,

2159 1809 2234 1872 ὡς
2287 1806 2501 1875 ἀληθῶς
2561 1807 2790 1886 μεγάλοι
2836 1809 2924 1865 καὶ
2966 1809 3144 1865 invni
3174 1809 3356 1889 ψυχὰς
3388 1809 3654 1866 ἀπολέσαι
3687 1822 3825 1874 ταῖς

2158 1899 2530 1958 πιστευούσαις
2591 1901 2802 1961 αὒτοϊς,
2895 1898 3164 1974 Θυμωθεὶς
3224 1899 3316 1954 οὖν
3403 1901 3430 1956 ὃ
3519 1899 3829 1976 ἐπίτροπος

2430 1985 2784 2064 Ἐλιωσθῇναί
2827 2010 2886 2044 σε
2947 1987 3268 2066 προστάττω
3300 1989 3436 2046 κατά
3481 1992 3694 2067 πετρῶν
3745 1991 3828 2052 ὡς

2162 2075 2444 2151 μεμηνότα
2494 2079 2582 2133 καὶ
2613 2075 2781 2140 οὕτως
2813 2078 3083 2139 τεθνάναι.
3121 2079 3222 2136 Καὶ
3253 2079 3282 2134 ὁ
3319 2078 3581 2157 μακάριος
3629 2077 3820 2138 Λέων.

2161 2163 2175 2186 9
2310 2166 2323 2185 \
2522 2167 2534 2186 ἢ
2745 2168 2759 2184 ὶ
2917 2173 2944 2184 ~
3146 2167 3158 2186 Ι
3402 2167 3412 2188 1
3568 2166 3635 2186 λι
3758 2169 3773 2186 ἢ

2186 2175 2350 2242 Εμοι,
2410 2189 2594 2246 φησιν,
2675 2164 2802 2234 ἡδυς
2872 2189 2978 2228 πας
3031 2171 3262 2223 θανατου
3321 2189 3520 2245 τροπος
3563 2183 3648 2223 era
3712 2190 3826 2236 την

2158 2252 2466 2332 ἐπουρανίον
2521 2251 2796 2329 βασιλείαν
2835 2269 2850 2285 ⁸
2911 2253 3118 2321 ταύτην
3163 2255 3264 2333 γὰρ
3302 2254 3444 2326 ζωὴν
3484 2255 3578 2310 καῖ
3605 2276 3812 2322 σωτη-

2159 2345 2273 2422 ρίαν
2328 2341 2502 2416 καλῶ,
2534 2342 2655 2411 ἥτις
2709 2345 2806 2411 τὴν
2853 2345 3169 2411 συνοίκησιν
3200 2347 3298 2411 τὴν
3329 2343 3462 2418 μετᾶ
3491 2349 3598 2399 τῶν
3631 2344 3819 2420 ἁγίων

2158 2433 2296 2510 μετὰ
2353 2434 2453 2500 τὴν
2511 2431 2834 2511 ἀπαλλαγὴν
2865 2433 2964 2501 τὴν
2998 2433 3238 2490 ἐντεῦθεν
3271 2430 3548 2511 δωρεῖται,
3581 2423 3642 2490 Ὀ
3676 2433 3812 2489 ἐπί-

2155 2544 2353 2598 τροπος
2412 2523 2570 2580 εἶπεν
2601 2541 2617 2559 ·
2670 2523 2925 2590 Πείσθητι
2969 2523 3047 2598 τῷ
3077 2523 3454 2601 προστάγματι
3500 2523 3587 2578 καὶ
3644 2521 3806 2602 λέγε,

2157 2613 2236 2670 ὅτι
2279 2617 2518 2692 σωτῆρες
2550 2615 2598 2670 οἱ
2639 2616 2772 2684 θεοι,
2832 2613 2867 2680 ἢ
2921 2612 3030 2670 ἴσθι
3061 2611 3190 2689 παρ’
3224 2615 3356 2670 αὖτὰ
3387 2611 3806 2686 τεθνηξόμενος.

2159 2695 2217 2762 Ὀ
2249 2703 2402 2780 ἅγιος
2437 2701 2584 2759 Λέων
2615 2703 2775 2759 εἶπεν
2810 2719 2824 2733 ⁸
2861 2701 3003 2759 Πολύ
3033 2725 3124 2778 μοι
3158 2701 3336 2768 δοκεῖς
3368 2704 3634 2773 ἀσθενεῖν,
3671 2725 3808 2760 συνε-

2157 2795 2303 2872 εχῶς
2336 2814 2428 2868 μοι
2463 2791 2646 2871 λόγοις
2679 2791 2942 2868 ἀπειλῶν,
2977 2790 3115 2868 μηδὲ
3174 2791 3230 2848 δὲ
3288 2791 3455 2870 πέρας
3485 2797 3591 2846 τῶν
3622 2789 3804 2868 λόγων

2155 2881 2637 2962 διαπραττόμενος.
2662 2883 3060 2947 Στασιάσαντος
3091 2879 3145 2937 δὲ
3178 2881 3262 2938 ἐπὶ
3291 2882 3498 2947 τούτοις
3527 2888 3622 2937 τοῦ
3648 2883 3804 2950 πλή-

2155 2975 2297 3046 θους,
2345 2973 2631 3051 ταραχθεὶς
2701 2973 2727 3028 δ
2795 2972 3106 3052 ἐπίτροπος,
3173 2970 3465 3050 ἐπέτριψεν
3521 2969 3803 3044 λαμϐάνε-

2155 3066 2272 3119 σθαι
2343 3061 2443 3136 μὲν
2497 3067 2606 3118 τῶν
2656 3060 2834 3118 ποδῶν
2877 3063 2970 3117 τὸν
3012 3061 3194 3140 ἅγιον,
3230 3059 3477 3118 ἕλκεσθαι
3507 3059 3560 3116 δὲ
3589 3061 3674 3116 επὶ
3703 3061 3802 3117 τὸν

2152 3151 2504 3232 χειμοίῤῥουν,
2539 3151 2593 3207 ἐν
2624 3151 2799 3223 τούτῳ
2827 3148 3068 3207 δώσοντα
3097 3151 3199 3217 τὴν
3231 3151 3508 3229 τιμωρίαν.

2235 3241 2326 3304 Θ’.
2390 3241 2552 3306 Εὐθὺς
2612 3241 2701 3296 οὖν
2762 3237 3182 3318 ἀποφηναμένου
3239 3249 3337 3298 τοῦ
3381 3238 3694 3316 ἐπιτρόπου,
3745 3241 3797 3296 οἱ

427 3337 613 3401 rator,
649 3328 845 3388 statim
875 3328 1030 3390 servi
1064 3328 1292 3409 peccati
1326 3335 1384 3389 et
1408 3328 1660 3388 ministri
1684 3327 2067 3389 tenebrarum

2161 3336 2249 3398 τῆς
2306 3331 2567 3408 ἁμαρτίας
2627 3326 2862 3385 ὃιακόνοι
2908 3328 3098 3384 εἷλκον
3141 3329 3234 3384 τὸν
3278 3328 3546 3406 μακάριον
3595 3329 3796 3386 Λέοντα

426 3416 665 3478 beatum
685 3416 943 3478 Leonem
974 3425 1283 3478 traxerunt
1305 3417 1366 3477 in
1392 3427 1720 3478 torrentem
1742 3417 2070 3478 inhumane

2161 3420 2289 3476 κατὰ
2331 3420 2426 3476 τοῦ
2469 3419 2767 3499 χειμάρρου
2824 3418 2988 3493 ὠμῶς
3015 3417 3103 3474 καὶ
3135 3415 3384 3480 ἁνιλεῶς,
3421 3418 3795 3496 Πεπληρωμὲ-

433 3515 490 3567 et
508 3506 1029 3569 crudeliter.Tunc
1051 3507 1250 3568 sciens
1273 3525 1406 3568 esse
1428 3505 1742 3586 impletum
1767 3525 1940 3568 suum
1965 3506 2072 3567 de-

432 3596 746 3672 siderium,
783 3597 856 3658 ad
888 3596 1072 3658 Deum
1098 3597 1392 3659 extollens
1423 3597 1751 3674 oculos,sic
1781 3595 1960 3676 cmpit
1984 3595 2071 3657 di-

430 3703 568 3747 cere
607 3703 620 3748 :
648 3685 899 3747 Domine
921 3683 1066 3748 Jesu
1091 3685 1345 3762 Christe,
1381 3705 1491 3764 ago
1517 3685 1622 3747 tibi
1656 3685 1878 3764 gratias
1911 3705 2071 3747 nunc

431 3783 490 3836 et
522 3773 580 3834 in
613 3775 854 3848 saecula,
893 3775 1050 3856 quod
1098 3792 1190 3836 me
1231 3793 1349 3835 non
1373 3773 1476 3835 diu
1506 3774 1884 3854 superaveris
1915 3793 1947 3834 a
1979 3774 2070 3834 fa-

431 3864 592 3925 mulo
616 3872 714 3924 tuo
738 3864 1198 3942 Paregorio,sed
1233 3863 1376 3925 mihi
1397 3863 1662 3925 velocem
1691 3863 2068 3925 occasionem

428 3953 670 4015 dederis
700 3973 834 4014 eum
877 3953 1195 4035 sequendi.
1246 3956 1440 4017 Laztor
1471 3971 1611 4032 ergo
1647 3953 1719 4014 iis
1751 3972 1883 4034 qua;
1912 3953 2072 4015 facta

425 4051 586 4107 sunt:
615 4055 828 4123 nempe
852 4043 1009 4124 quod
1039 4062 1146 4124 pro
1175 4044 1324 4105 meis
1345 4043 1654 4124 prioribus
1679 4043 1940 4123 peccatis
1967 4061 2069 4104 no-

426 4150 560 4192 vum
579 4133 856 4194 viaticum
881 4133 1112 4214 accipio
1134 4133 1749 4214 martyrium,etquod
1773 4132 1831 4193 in
1854 4151 2067 4194 manus

427 4224 776 4301 angelorum
805 4233 1043 4286 tuorum
1067 4241 1265 4283 meum
1292 4223 1460 4284 trado
1485 4223 1784 4301 Spiritum,
1807 4223 1865 4283 in
1888 4231 2067 4284 mter-

428 4331 568 4373 num
621 4312 776 4374 liber
805 4311 1251 4374 conservandus
1300 4331 1334 4374 a
1359 4312 1590 4391 judicio
1625 4312 2063 4392 improborum.

427 4401 620 4482 Atque
657 4420 764 4482 pro
799 4400 873 4461 iis
904 4401 1149 4478 quidem
1185 4418 1316 4480 qua:
1338 4400 1399 4460 in
1427 4417 1521 4460 me
1545 4399 1846 4474 liunt,esto
1875 4400 1944 4460 iis
1965 4398 2067 4479 qui

426 4490 556 4551 ausi
579 4501 718 4552 sunt
741 4491 1060 4572 propitius:
1090 4489 1179 4550 eis
1202 4497 1398 4550 autem
1427 4487 1790 4554 concedent
1811 4497 1866 4550 te
1887 4509 2069 4567 agno-

424 4583 783 4638 scantDoum
808 4583 1236 4638 universorum:
1264 4581 1535 4651 quoniam
1561 4594 1676 4636 non
1707 4581 1790 4636 vis
1812 4577 2064 4649 aliquem

428 4666 646 4744 perire,
673 4667 776 4727 sed
812 4685 1022 4728 omnes
1053 4684 1188 4727 esse
1219 4665 1412 4726 salvos
1441 4673 1499 4726 et
1527 4664 1733 4727 venire
1765 4664 1836 4726 ad
1868 4665 2063 4746 poeni-

2155 3533 2244 3566 νου
2287 3509 2374 3566 οὖν
2419 3512 2581 3567 αὐτου
2625 3518 2718 3567 τοῦ
2777 3507 3004 3579 σκόπου,
3074 3506 3350 3572 ἀνατείνας
3414 3510 3537 3572 τοὺς
3594 3506 3795 3587 ὀφθαλ-

2155 3601 2286 3674 μοὺς
2340 3599 2469 3674 πρὸς
2528 3599 2621 3653 τὸν
2653 3598 2808 3674 Θεὸν,
2841 3594 3037 3670 ἤρξατο
3069 3595 3245 3674 λέγειν
3282 3614 3298 3630 ο
3339 3597 3658 3676 Εὖχαριστῶ
3686 3619 3792 3671 σοι,

2156 3690 2327 3767 Πάτερ
2356 3697 2448 3747 τοῦ
2493 3688 2742 3764 Χριστοῦ,
2777 3686 2834 3746 ὃς
2868 3684 2954 3741 ἐπὶ
2985 3683 3122 3741 πολὺ
3179 3687 3240 3742 οὗ
3296 3684 3642 3765 διεχώρησας
3700 3686 3796 3760 ὲμὲ

2153 3799 2210 3834 τε
2243 3779 2330 3833 καὶ
2374 3778 2467 3833 τὸν
2512 3775 2727 3839 οἰκέτην
2773 3775 2864 3830 τὸν
2919 3775 3012 3830 οόν
3039 3774 3401 3854 Παρηγόριον,
3435 3774 3554 3830 ἀλλ’
3590 3775 3792 3855 ἐτᾶχυ-

2155 3869 2245 3932 νείς
2293 3889 2384 3942 μοι
2440 3864 2822 3942 δωρησάμενος
2881 3863 3148 3944 πρόφασιν
3206 3863 3566 3932 ἀιιολουθῆσαι
3621 3869 3787 3925 αὐτῶ,

2153 3959 2332 4036 Χαίρω
2357 3957 2529 4013 τοίνυν
2558 3956 2646 4012 επὶ
2692 3968 2810 4019 τοῖς
2854 3953 3193 4033 γενομένοις,
3239 3952 3321 4010 ὅτι
3365 3954 3476 4010 ἀντὶ
3504 3955 3611 4010 τῶν
3655 3976 3788 4030 προ-

2151 4050 2315 4126 τέρων
2360 4069 2462 4121 μου
2521 4045 2926 4121 ἁμαρτημάτων
2985 4042 3192 4124 ἐφόδιον
3267 4045 3444 4098 ἱκανὸν
3498 4043 3781 4115 ιιομρξομαι

2150 4138 2210 4193 τὸ
2271 4135 2554 4215 μαρτύριον
2603 4133 2699 4191 καῖ
2745 4133 2826 4190 ὅτι
2858 4135 2932 4196 εἷς
2965 4146 3163 4213 χεῖρας
3194 4131 3434 4212 ἀγγέλων
3479 4153 3573 4189 σου
3599 4152 3780 4205 παρα-

2150 4228 2332 4301 τίθημι
2377 4227 2438 4282 τὸ
2495 4224 2706 4299 τινεῦμᾶ
2750 4245 2873 4299 μου,
2937 4221 3210 4300 ἐλεύθερος
3265 4224 3339 4286 είς
3373 4223 3464 4278 τὸν
3494 4221 3659 4277 αἰῶνα
3685 4225 3783 4287 τῆς

2149 4319 2259 4373 τῶτ
2316 4316 2532 4371 ἀτόπων
2591 4314 2814 4392 κρίσεως
2891 4311 3402 4392 φυλαχθησόμενος,
3465 4310 3631 4388 ’Υπὲρ
3698 4314 3784 4366 οὖν

2149 4409 2254 4462 τῶν
2299 4403 2418 4462 κατ’
2464 4404 2559 4480 ἐμὲ
2605 4401 2890 4482 δρωμένων
2923 4409 3080 4480 γενοῦ
3111 4402 3210 4476 μὲν
3240 4399 3392 4464 ἵλεος
3424 4413 3543 4466 τοῖς
3570 4399 3782 4473 τολμῶ-

2151 4518 2233 4550 σιν
2267 4511 2282 4528 ⁶
2345 4494 2567 4574 χάρισαι
2619 4491 2674 4548 δὲ
2723 4494 2910 4556 αὺτοῖς
2969 4491 3259 4568 ἐπιγνῶναί
3301 4511 3360 4545 σε
3393 4492 3484 4545 τον
3516 4489 3620 4545 τῶν
3650 4488 3780 4545 ὅλων

2150 4583 2282 4642 Θεόν
2315 4599 2330 4614 ⁸
2365 4584 2426 4638 σὺ
2457 4583 2559 4661 γὰρ
2590 4583 2646 4638 εἴ
2693 4580 2907 4648 ἀληθῶς
2966 4583 2994 4638 ὁ
3038 4581 3116 4658 μὴ
3148 4577 3475 4656 βουλόμενος
3510 4581 3602 4635 τὸν
3630 4580 3784 4636 θανα-

2147 4695 2237 4731 τον
2276 4674 2371 4729 τοῦ
2426 4670 2766 4748 ἀμαρτιυλοῦ,
2815 4672 2889 4732 ὡς
2931 4669 3030 4738 τὴν
3086 4671 3374 4744 μετάνοιαν
3406 4685 3422 4700 ⁶
3489 4669 3516 4724 ὃ
3563 4671 3648 4725 καὶ
3695 4675 3780 4725 τοῦ

426 4756 700 4820 tentiam.
737 4756 890 4830 Quin
939 4757 1116 4818 etiam
1168 4755 1415 4818 cuilibet
1445 4756 1544 4835 qui
1564 4757 1812 4817 invocat
1844 4773 2060 4817 nomen

2161 4763 2342 4825 πάθους
2392 4763 2548 4835 ἡμῶν
2598 4760 2797 4816 ἄπονον
2841 4759 2943 4825 τὴν
2985 4761 3268 4834 ὕπομοδῆν
3310 4757 3698 4838 χαρισάμενος,
3729 4758 3780 4814 ἑν

427 4866 652 4924 meum,
687 4845 984 4919 condona,
1021 4845 1298 4922 Domine,
1333 4864 1440 4908 sua
1473 4853 1808 4927 peccata,et
1834 4845 2062 4907 colloca

425 4955 588 5012 eum,
623 4937 722 4998 ubi
756 4936 954 4999 videat
983 4935 1178 4996 lucem
1229 4937 1425 4997 vultus
1457 4937 1564 5012 tui,
1591 4935 1872 5017 quoniam
1911 4945 1970 4996 tu
1998 4953 2062 4997 es

423 5025 580 5089 Deus
610 5027 774 5088 solus
816 5028 1048 5108 patiens
1078 5033 1136 5086 et
1179 5023 1378 5085 multae
1409 5025 1863 5100 misericordim,
1899 5033 1959 5086 et
2001 5037 2062 5087 te

422 5116 600 5178 decet
627 5117 815 5195 gloria
847 5118 902 5177 in
931 5113 1154 5178 saecula
1182 5113 1557 5177 saeculorum.
1586 5117 1780 5178 Amen
1815 5116 1923 5194 (l).

501 5205 574 5270 X.
611 5206 926 5289 Postquam
955 5210 1140 5269 Amen
1169 5203 1378 5267 stricta
1409 5222 1553 5266 voce
1587 5206 2056 5284 pronuntiasset,

421 5295 700 5378 spiritum
722 5296 958 5358 tandem
975 5295 1287 5378 expulsum
1309 5293 1560 5359 Domino
1573 5303 1740 5375 grato
1754 5294 1954 5356 animo
1971 5313 2062 5356 re-

500 5458 533 5509 3
558 5456 681 5522 Jer.
715 5460 911 5540 1,“.

2148 4857 2360 4930 Χριστῷ
2392 4849 2573 4917 ’1ησοῦ
2603 4854 2682 4922 τῷ
2715 4849 2886 4927 Κυρίῳ
2917 4849 3096 4927 ἡμῶν,
3128 4846 3249 4922 μεθ’
3278 4847 3339 4904 οὗ
3396 4854 3475 4921 τῷ
3534 4848 3695 4925 Πατρὶ
3744 4847 3779 4915 ἡ

2147 4938 2266 5006 δόξα
2297 4942 2385 4997 καὶ
2417 4943 2477 4996 τὸ
2510 4940 2703 5018 κράτος
2736 4939 2807 5004 εἰς
2832 4939 2950 5002 τοὺς
2983 4938 3205 5002 αἰῶνας.
3239 4935 3440 5013 ’Λμήη

2225 5196 2289 5265 Ι’.
2322 5207 2418 5269 Ὠς
2451 5205 2506 5262 δὲ
2549 5208 2632 5280 τὸ,
2681 5206 2882 5282 Ἀμὴν,
2929 5204 3064 5281 μετά
3107 5201 3316 5271 πολλῆς
3365 5204 3656 5283 προθυμίας
3689 5225 3775 5260 κε-

2145 5296 2358 5375 κραγὼς
2389 5295 2724 5372 ἀνέπεμψεν,
2763 5292 2883 5372 μετ’
2921 5294 3266 5374 εὐχαριστίας
3323 5295 3384 5351 τὸ
3447 5299 3650 5370 πνεῦμα
3703 5299 3774 5366 τῷ

506 5620 593 5701 (1)
628 5617 947 5706 sequentia
994 5637 1183 5703 usque
1235 5617 1308 5682 ad
1339 5618 1519 5683 tinem
1569 5619 1852 5686 omiserat
1899 5621 2198 5706 interpres
2244 5617 2402 5704 apud
2433 5615 2698 5684 Surium.
2734 5615 3146 5702 Supplevimus
3179 5635 3250 5681 ex
3292 5611 3774 5698 interpretatione

422 5699 625 5770 nostra
653 5699 819 5766 Em.
851 5702 1031 5766 Pam.
