4060 6206
245 229 396 306 1461

1275 219 1464 304 vm
1509 219 1612 302 ss.
1661 233 1937 304 LEONIS
1981 221 2082 302 ΕΤ
2125 219 2564 303 PAREGORII.

3457 224 3610 307 1462

241 377 418 456 Κυρίῳ
461 373 767 456 παρέδωκεν
794 393 806 408 ⁸
855 375 901 431 οἱ
947 372 1003 431 δὲ
1048 379 1148 444 τῆς
1200 376 1426 453 ἀνομίας
1483 376 1744 454 ὑπηρέται
1804 375 1880 432 ἐπ(

1974 371 2313 436 misit.Tum
2347 369 2677 452 iniquitatis
2707 369 2862 432 servi
2896 369 3087 433 sancti
3117 370 3406 452 reliquias
3427 373 3485 434 in
3509 393 3612 436 ru-

236 488 388 530 τινος
445 466 864 542 ἀνακομίσαντες
911 463 1124 540 ὑψηλοῦ
1182 463 1325 523 λίθου
1382 467 1443 522 τὸ
1487 464 1736 542 λείψανον
1793 474 1887 524 τοῦ

235 555 416 634 ἁγίου,
478 556 647 622 ὤτους
705 555 893 638 ἀφιᾶσι
952 556 1089 614 κατὰ
1144 555 1242 624 τῆς
1325 556 1598 637 φάραγγος
1635 575 1648 589 ·
1711 557 1774 614 τὸ
1831 553 1885 611 δὲ

237 649 402 720 σῶμα
439 645 765 724 κατενεχθὶν
806 644 1038 720 οὐδαμοῦ
1081 643 1410 726 διεσπάσθη,
1452 644 1575 702 ἁλλ’
1636 644 1670 714 ἢ
1718 645 1884 710 οὕτως

233 733 456 811 ἧρέμως
507 734 824 815 κατηνέχθη
862 753 876 768 ⁶
938 732 1111 801 ἔδοξεν
1182 735 1238 815 δὲ
1288 733 1350 791 ἐκ
1405 739 1506 803 τῆς
1543 735 1882 815 τραχύτητος

235 822 476 899 ξέσματα
561 813 857 900 λαμϐάνειν
932 821 1113 902 ὐλίγα,
1199 813 1258 882 Ὀ
1340 824 1437 900 μὲν
1509 813 1882 903 γενναιότατος

229 911 386 968 Λέων
438 912 611 986 τούτῳ
652 917 728 987 τῷ
767 911 952 992 τρόπῳ
999 915 1093 970 τοῦ
1139 909 1385 969 διαϐόλου
1445 914 1742 992 κρατήσας,
1778 913 1885 970 τῶν

225 1000 468 1067 ὲπαξίων
512 1004 782 1082 στεφάνων
840 1001 1086 1071 ἠξίωται.
1163 998 1388 1070 Ἐπειδὴ
1447 1001 1503 1058 δὲ
1561 1001 1762 1060 δίκαιον
1818 1002 1885 1071 ἧν

229 1093 338 1157 την
393 1097 502 1148 τῶν
555 1092 934 1170 γεγενημένων
965 1090 1363 1171 μεγαλουργίαν
1393 1091 1467 1155 εἰς
1498 1088 1632 1147 ἰδίαν
1676 1089 1882 1172 φυλάτ-

232 1182 418 1236 τεσθαι
473 1177 624 1246 δόξαν
683 1181 772 1236 καὶ
825 1180 926 1248 τὴν
980 1186 1087 1238 τῶν
1148 1179 1465 1259 εὐεργεσιῶν
1540 1180 1764 1257 μνήμην
1808 1181 1883 1245 εἷς

231 1267 494 1360 ἔλεγχονη
524 1275 630 1325 τῶν
674 1269 1077 1348 γεγενημένων,
1114 1268 1280 1350 μέχρι
1312 1278 1406 1329 τοῦ
1448 1276 1536 1328 νῦν
1587 1268 1810 1340 σώζεται
1855 1272 1884 1326 ὃ

232 1356 426 1420 τόπος.
474 1356 644 1415 Ὀπου
703 1359 803 1436 γὰρ
861 1358 924 1413 τὸ
983 1363 1140 1433 σῶμα
1197 1357 1515 1439 κατηνέχθη
1573 1361 1668 1416 τού
1709 1359 1880 1436 ἁγίου,

235 1444 564 1522 κρημνώδης
607 1467 688 1513 τις
730 1448 818 1503 καὶ
875 1444 1071 1511 ἄϐατος
1129 1445 1386 1527 πρότερον
1447 1446 1546 1520 ὢν,
1580 1450 1654 1512 ὡς
1703 1450 1791 1505 καὶ
1824 1448 1884 1506 ἐκ

233 1535 410 1610 μόνης
440 1540 540 1604 τῆς
572 1535 692 1600 θέας
737 1533 974 1592 κίνδυνον
1005 1536 1276 1611 ἀπειλεῖν,
1327 1545 1416 1596 νῦν
1477 1536 1749 1604 ἀκίνδυνος
1795 1540 1885 1596 καὶ

232 1623 489 1702 ἄσφαλὴς
546 1623 644 1682 ἀπ’
699 1624 900 1685 ἐκείνου
957 1625 1204 1705 γέγονεν.
1265 1623 1536 1694 Πολὶάκις
1611 1627 1711 1705 γὰρ
1792 1628 1881 1686 καὶ

1970 481 2106 544 pem
2139 461 2408 526 sublatas
2434 477 2509 522 ex
2539 461 2654 522 alto
2689 459 2750 520 in
2782 461 3114 522 convallem
3149 461 3614 542 dejecerunt,ita

1970 561 2169 617 tamen
2202 561 2268 614 ut
2294 569 2511 632 corpus
2541 549 2760 612 leviter
2789 549 2945 612 inter
2977 550 3316 613 cadendum
3347 552 3609 628 allisum,

1968 653 2182 705 caetero
2206 640 2456 704 illzesum
2482 639 2804 702 videretur.
2817 640 2917 702 Sic
2942 641 3177 715 Leo,vir
3197 641 3612 704 nobilissimus

1970 731 2205 793 diabolo
2238 737 2542 811 superato,
2572 729 2814 791 coronis
2845 747 2990 810 quas
3022 729 3248 810 optime
3284 741 3606 804 meruerat,

1970 829 2059 883 est
2089 817 2512 891 ornatus.Quia
2535 826 2734 880 autem
2757 817 2908 880 illud
2931 819 3342 899 factum,quod
3367 819 3440 881 ad
3468 839 3611 900 per-

1969 919 2211 991 petuam
2246 909 2334 971 rei
2360 907 2708 970 memoriam
2761 916 3118 982 servaretur,
3150 908 3396 987 dignum
3428 919 3610 987 esset,

1969 999 2138 1062 locus
2169 999 2659 1079 iste,praaruptus
2682 1004 2740 1059 et
2769 998 3111 1060 inaccessus
3134 1007 3454 1078 antequam
3481 1017 3615 1062 san-

1967 1090 2043 1151 cti
2065 1107 2283 1168 corpus
2308 1086 2953 1166 tetigisset,hodienum
2975 1086 3128 1148 lenis
3150 1095 3208 1150 et
3230 1088 3468 1168 pervius
3486 1107 3614 1150 cer-

1968 1180 2333 1259 nitur.Saepe
2359 1177 2520 1239 enim
2541 1183 2760 1258 saepius
2778 1176 2889 1239 viri
2914 1177 3612 1258 mulieresquejumenta

1969 1287 2208 1351 quoque
2234 1269 2292 1328 in
2319 1269 2494 1329 istum
2521 1268 2866 1346 voraginem
2893 1267 3024 1329 sine
3048 1267 3254 1328 dolore
3277 1275 3377 1328 aut
3398 1267 3610 1330 vulne-

1967 1377 2036 1420 re
2061 1357 2305 1438 delapsa
2353 1356 2730 1437 referuntur;
2772 1357 2892 1417 imo
2916 1355 3056 1437 equi
3079 1355 3377 1437 quondam
3403 1357 3608 1420 currui

1960 1447 2165 1529 juncti
2184 1465 2316 1508 cum
2343 1464 2482 1507 casu
2505 1444 2662 1506 fatali
2685 1444 2899 1507 eodem
2924 1445 3152 1525 delapsi
3177 1455 3400 1520 essent,
3430 1445 3604 1509 ineo-

1966 1538 2159 1599 lumes
2189 1554 2256 1598 ac
2281 1536 2423 1597 salvi
2461 1534 2601 1596 inde
2633 1542 2972 1614 evaserunt.
3011 1538 3323 1597 Postremo
3355 1536 3605 1598 fratrum

1963 1625 2376 1705 benignissimi
2398 1623 2586 1686 sancti
2609 1625 2880 1706 martyris
2901 1643 3117 1707 corpus
3137 1624 3463 1704 diligenter
3479 1645 3606 1688 sus-

227 1711 422 1792 ἄνδρες
481 1715 571 1772 καὶ
629 1727 883 1790 γυναῖκες
937 1715 1027 1773 καὶ
1083 1713 1237 1795 ἕτερά
1299 1738 1416 1774 τινα
1456 1721 1567 1787 ζῶα
1624 1717 1876 1798 ἀστοχή-

1966 1715 2320 1795 tulerunt,et
2339 1715 2563 1776 vultum
2587 1713 2757 1795 quasi
2781 1715 3077 1776 ridentem
3113 1714 3384 1778 videntes
3411 1715 3607 1778 mirati

224 1823 401 1859 σαντα
454 1803 551 1871 τῆς
607 1800 728 1860 ὁδοῦ
778 1803 898 1861 κατ’
958 1803 1165 1871 ἐκεῖνον
1214 1804 1418 1885 ἧδὲχθη
1475 1807 1569 1862 τὸν
1613 1808 1874 1887 κρημνὸν,

219 1892 320 1948 καὶ
380 1889 496 1949 οὐδὲ
541 1893 672 1972 πρὸς
715 1895 778 1951 τὸ
822 1894 1162 1974 βραιύτατον
1195 1893 1422 1971 ᾔσθοντο
1453 1895 1642 1973 πόνου,
1700 1897 1786 1953 καὶ
1817 1897 1878 1952 τὸ

221 1979 296 2048 δὴ
349 1981 601 2061 μέγιστον
649 1981 843 2064 ὄχημᾶ
907 2005 1040 2042 ποτε
1085 1984 1178 2040 σὺν
1221 1997 1340 2048 τοῖς
1385 1983 1599 2042 ἕλκουσι
1658 1987 1876 2056 κτήνεσι

219 2072 580 2152 κατενεχθὲν,
633 2072 830 2139 παντὸς
906 2072 1226 2152 ἆπείραστον
1296 2073 1534 2132 κίνδυνου
1611 2073 1877 2151 διαμεμέ-

227 2183 398 2230 νηκεν
450 2163 538 2218 καὶ
592 2165 622 2220 ὁ
705 2163 806 2239 μὲν
860 2163 1028 2228 τόπος
1083 2163 1285 2232 ταύτην
1357 2163 1720 2242 ἀπεκληρώθη
1773 2165 1874 2232 τὴν

223 2252 556 2330 εὐεργεσίαν.
605 2254 664 2311 Οἱ
721 2249 776 2308 δὲ
838 2249 1218 2310 εὐλαϐέστατοι
1278 2259 1386 2310 τῶν
1438 2251 1679 2332 ἀδελφῶν
1741 2255 1878 2329 μετὰ

221 2338 469 2408 σπουδῆς
520 2341 834 2418 ἀνελόμενοι
876 2342 938 2398 τὸ
983 2341 1140 2419 σῶμα
1182 2349 1274 2400 τοῦ
1330 2343 1631 2421 ἀγιωτάτου
1682 2342 1879 2420 μαρτυ-

227 2452 350 2510 ρος,
402 2428 692 2508 ἐθαύμαζον
739 2437 854 2497 πῶς
896 2433 956 2489 τὸ
1001 2431 1098 2508 μὲν
1154 2433 1443 2513 πρόσωπον
1504 2433 1570 2501 ἦν
1631 2431 1872 2514 φαιδρὸν,

231 2521 314 2583 ὡς
346 2517 526 2577 δοκεῖν
564 2519 772 2596 μειδιᾷν
805 2537 825 2558 ⁸

1960 1813 2123 1881 sunt;
2145 1804 2448 1881 reliquum
2474 1821 2730 1884 namque
2752 1822 2972 1883 corpus
2993 1804 3173 1867 rubro
3194 1807 3394 1866 colore
3420 1806 3606 1867 suffe-

1963 1903 2122 1956 ctum
2152 1903 2432 1975 tanquam
2455 1912 2487 1953 e
2505 1892 2836 1954 certamine
2853 1892 3004 1956 duro
3029 1893 3324 1975 prodiisse
3354 1894 3603 1956 videba-

1962 1982 2410 2064 tur.Poslquam
2435 1981 2657 2044 deinde
2681 1999 2899 2062 corpus
2919 2001 3071 2064 aqua
3103 1983 3357 2046 lavatum
3377 1983 3603 2046 decen-

1961 2082 2054 2136 ter
2076 2073 2518 2148 inhumassent,
2552 2071 2776 2134 reversi
2799 2081 2960 2144 sunt,
2995 2073 3181 2136 Deum
3216 2091 3349 2136 cum
3373 2073 3600 2153 gratia-

1963 2181 2097 2226 rum
2129 2160 2470 2224 actionibus
2492 2160 2893 2239 glorilicantes
2918 2170 2976 2224 et
3000 2162 3405 2245 supplicantes
3425 2171 3491 2224 ut
3513 2163 3602 2243 ip-

1961 2253 2044 2315 sis
2072 2269 2310 2333 quoque
2333 2268 2463 2311 sors
2487 2257 2543 2312 et
2567 2249 2850 2314 dormitio
2876 2251 3093 2314 similis
3116 2251 3499 2330 tribueretur,
3543 2253 3602 2314 in

1962 2341 2209 2404 nomine
2231 2339 2422 2403 Patris
2441 2347 2498 2402 et
2521 2339 2655 2402 Filii
2679 2348 2736 2402 et
2759 2339 3020 2422 Spiritus
3043 2342 3257 2418 sancti,
3293 2342 3388 2405 cui
3413 2341 3604 2423 gloria

1964 2442 2026 2495 et
2057 2437 2319 2513 potestas
2339 2431 2399 2492 in
2432 2428 2652 2492 sarcula
2677 2430 3067 2494 saeculorum.
3106 2432 3324 2498 Amen.

882 2522 945 2577 τὸ
1003 2518 1060 2577 δὲ
1117 2520 1246 2578 ὅλον
1286 2528 1444 2598 σῶμα
1505 2521 1716 2602 ἐρυθρὸν
1773 2523 1872 2597 μὲν
1927 2524 2001 2587 ὡς
2053 2523 2160 2579 ἀπὸ
2216 2521 2420 2600 ἀγῶνος
2479 2519 2650 2598 ἠρέμα
2705 2521 3072 2598 κεκονιμένον.
3135 2524 3432 2587 Λούσαντες
3512 2523 3601 2582 οὖν

235 2606 391 2665 ὕδατι
449 2610 538 2666 καὶ
596 2608 714 2685 μετ’
776 2609 1086 2686 ἕπιμελείας
1157 2611 1530 2692 καταθέμενοι,
1606 2612 1849 2687 ἆπῂεσαν
1927 2615 2370 2692 εὐχαριστοῦντες
2429 2610 2516 2666 καὶ
2571 2607 2877 2681 δοξάζοντες
2930 2613 3021 2669 τὸν
3077 2613 3231 2685 Θεὸν,
3305 2615 3396 2670 τὸν
3455 2611 3600 2671 οὕτω

227 2697 483 2775 γενναίαν
518 2699 795 2775 ὑπομονὴν
829 2706 908 2773 τῷ
966 2699 1235 2777 μακαρίτῃ
1277 2700 1653 2780 χαρισαμένῳ,
1717 2700 2009 2781 εὐχόμενοι
2066 2701 2267 2780 κλήρου
2323 2700 2411 2756 καὶ
2467 2703 2638 2774 μονῆς
2697 2704 2795 2767 τῆς
2855 2701 3018 2770 αὐτῆς
3062 2701 3475 2774 καταξιωθῆναι,
3543 2705 3600 2759 ἓν

234 2787 467 2860 ὀνόματι
524 2788 755 2866 Πατρὸς,
811 2787 905 2848 καῗ
966 2791 1116 2870 Υἱοῦ,
1173 2791 1262 2847 καὶ
1317 2789 1468 2869 ἁγίου
1527 2792 1858 2868 Πνεύματος,
1908 2794 1954 2866 ᾧ
2001 2788 2184 2860 ἧδόξα
2215 2791 2304 2848 καὶ
2345 2789 2407 2847 τὸ
2437 2788 2628 2869 κράτος
2660 2790 2732 2857 εἷς
2763 2790 2884 2857 τοὺς
2943 2792 3134 2857 αἰῶνας
3199 2799 3307 2850 τῶν
3368 2791 3598 2856 αἰώνων.

229 2874 298 2934 Ἀ
309 2875 443 2953 μήν.
