3826 6414
1499 314 1738 324 σ-,Αοοᾼ-ι--ο
1768 314 1817 321 —-
1844 313 2038 324 ﬂ
2050 313 2079 320 —-—

2050 313 2079 320 -

1844 312 3521 366 Μ

1866 355 1918 365 ..-
1933 354 2107 365 λμ-εοο

496 497 2003 719 PATROLOGUE
2135 528 3293 718 EDITORUM

1475 879 2287 997 PBfEFATIO.

1859 1132 1927 1146 4η*

348 1282 425 1337 De
462 1282 575 1338 vita
610 1291 669 1338 ct
719 1281 943 1353 scriptis
979 1279 1269 1354 Symeonis
1308 1279 1710 1357 Metaphrastar,
1764 1277 2011 1349 Magistri
2047 1286 2103 1332 et
2140 1275 2479 1349 Logothetae,
2537 1276 2610 1330 ita
2657 1275 2848 1330 scribit
2893 1274 3004 1331 Leo
3046 1274 3279 1337 Allatius
3349 1276 3401 1338 in
3441 1291 3538 1337 sua

275 1369 531 1424 Diatriba
563 1370 627 1424 de
661 1368 982 1439 Symeanum
1020 1368 1255 1439 scriptis,
1295 1382 1459 1438 quam
1493 1366 1634 1421 infra
1700 1381 1893 1438 magna
1922 1381 1990 1421 ex
2030 1374 2183 1437 parte
2222 1366 2470 1431 edemus,
2505 1374 2566 1419 ut
2607 1379 2709 1419 nos
2752 1365 2820 1419 ab
2854 1380 3022 1419 onere
3077 1364 3388 1421 elucidandi
3439 1365 3543 1421 du-

276 1458 511 1517 ctissimi
539 1458 639 1513 viri
666 1467 816 1530 gesta
840 1458 1142 1529 dispenset.

355 1546 432 1601 De
461 1556 623 1602 astate
655 1561 762 1616 qua
812 1546 1053 1618 Symeon
1074 1545 1261 1605 floruit
1308 1545 1405 1601 diu
1434 1554 1491 1602 ct
1516 1545 1718 1602 acriter
1742 1544 2094 1615 disputarunt
2131 1542 2232 1598 viri
2275 1541 2460 1613 periti,
2498 1540 2640 1596 inter
2690 1558 2829 1613 quos
2875 1540 3143 1606 Oudinus,
3176 1541 3325 1595 nulla
3359 1542 3543 1599 habita

277 1634 495 1690 ratione
508 1635 962 1691 documentorum
980 1634 1048 1690 ab
1066 1634 1264 1690 Allatio
1291 1634 1647 1706 prolatorum,
1663 1631 2072 1703 Metaphrasten
2112 1630 2312 1686 saeculo
2334 1645 2411 1684 xu
2442 1628 2645 1685 vixisse
2656 1629 2956 1685 contendit.
2980 1627 3305 1691 AtJoannes
3327 1629 3545 1683 Bollan—

277 1721 404 1786 dus,
436 1722 491 1776 in
521 1722 876 1778 celeberrima
902 1731 960 1776 et
988 1721 1356 1778 eruditissima
1383 1720 1708 1778 Prasfatione
1734 1736 1898 1791 quam
1915 1718 2178 1792 pratmisit
2212 1718 2357 1793 Actis
2397 1716 2732 1784 Sanctorum,
2756 1718 2868 1787 jam
2902 1717 3114 1787 pridem
3137 1719 3548 1772 demonstrare.-

281 1820 371 1865 rat
398 1810 724 1882 Symeouem
746 1809 1170 1880 Metaphrastem
1183 1810 1287 1866 sub
1300 1810 1645 1867 Constantini
1670 1806 2118 1879 Porphyrogeniti
2151 1804 2382 1875 imperio
2415 1804 2723 1875 scripsisse,
2761 1813 2813 1861 et
2833 1803 3118 1860 cumcirca
3147 1804 3357 1859 amt)”
3395 1804 3545 1860 Vitas

283 1908 605 1953 sanctorum
642 1912 976 1969 componere
1014 1897 1332 1968 incepisset,
1371 1898 1536 1953 vitam
1557 1898 1748 1953 saltem
1772 1910 1946 1967 usque
1959 1896 2027 1951 ad
2058 1911 2151 1951 an.
2171 1894 2281 1951 965
2299 1895 2652 1963 protraxisse,
2684 1909 2792 1963 quo
2811 1893 3070 1975 regnabat
3088 1893 3381 1975 Bouianus,
3403 1892 3547 1947 Con-

284 1986 513 2040 stantini
540 1985 990 2058 Porphyrogeniti
1036 1986 1185 2041 ﬁlius
1216 1996 1271 2042 et
1329 2000 1637 2042 successor.
1671 1985 1729 2041 ld
1764 1995 1953 2055 postea
1994 1983 2244 2055 plurimis
2292 1980 2640 2037 documentis
2683 1974 3027 2036 confirmavit
3075 1974 3188 2035 Le’o
3211 1979 3443 2035 Allatius
3491 1980 3544 2034 in

286 2074 506 2128 laudata
534 2073 796 2138 Diatriba,
818 2074 957 2129 adeo
987 2084 1050 2131 ut
1073 2075 1140 2131 de
1167 2090 1298 2130 vera
1335 2083 1496 2129 δείδιε
1528 2073 1695 2144 hujus
1734 2072 2016 2143 scriptoris
2042 2072 2156 2142 jam
2187 2069 2337 2125 nulla
2371 2082 2662 2138 superesse
2687 2066 2860 2137 possit
2901 2065 3190 2123 dubitatio.

358 2160 594 2232 Symeon
625 2160 1018 2232 Metapbrastes
1043 2178 1154 2217 non
1179 2171 1391 2219 tantum
1420 2162 1671 2221 doctrina
1695 2171 1748 2220 et
1771 2161 1989 2231 scriptis
2015 2160 2231 2224 claruit,
2263 2157 2360 2213 sed
2382 2156 2549 2215 etiam
2581 2155 2905 2210 auctoritate
2930 2164 2986 2209 et
3008 2154 3243 2224 publicis
3271 2171 3393 2224 quae
3423 2170 3547 2224 ges.

281 2247 357 2301 sit
383 2249 724 2305 muneribus.
756 2249 838 2304 Ad
875 2250 1163 2319 primarias
1186 2251 1331 2305 enim
1368 2248 1585 2320 Imperii
1626 2248 1919 2305 Orientalis
1953 2246 2245 2321 dignitates
2281 2253 2588 2320 promotus,
2607 2245 2821 2314 negotia
2851 2242 3170 2315 gravissima
3203 2244 3379 2313 perite
3435 2253 3547 2298 tra-

282 2336 481 2403 ctavit,
510 2346 565 2391 et
594 2336 740 2392 bono
769 2337 996 2408 publico
1025 2339 1300 2408 sapienter
1332 2346 1387 2392 et
1418 2336 1652 2395 feliciter
1687 2337 1977 2393 consuluit.

357 2423 463 2479 Sed
493 2425 642 2494 quod
666 2425 735 2482 ad
773 2440 889 2481 rem
921 2434 1166 2481 nostram
1201 2425 1438 2483 maxime
1460 2425 1609 2489 facit,
1634 2426 1848 2483 laudem
1873 2436 2141 2484 summam
2157 2434 2238 2478 est
2257 2433 2546 2483 assecutus
2569 2425 2698 2479 dum
2723 2422 2867 2478 vires
2891 2421 3095 2493 ingenii
3120 2436 3313 2476 omnes
3348 2422 3402 2476 in
3432 2423 3548 2478 col,

280 2510 539 2582 ligendis,
554 2512 906 2585 corrigendis,
922 2513 1224 2569 scribendis
1234 2523 1290 2568 et
1306 2513 1535 2569 edendis
1553 2511 1689 2568 Vitis
1700 2512 2024 2571 Sanctorum
2042 2501 2325 2583 impendit.
2345 2514 2511 2586 Egre
2522 2511 2731 2568 ferebat
2750 2513 3111 2580 nempe,Acta
3127 2520 3446 2582 martyrum,
3460 2510 3550 2563 Vi-

281 2608 371 2657 tas
391 2598 489 2655 SS.
508 2600 891 2658 Confessorum
912 2610 968 2657 et
986 2600 1262 2674 Virginum
1277 2602 1392 2659 sive
1408 2602 1477 2657 ob
1493 2602 1767 2674 abjeetum
1790 2618 1899 2672 quo
1929 2600 2126 2669 scripta
2145 2600 2361 2657 fuerant
2375 2603 2598 2674 stylum,
2618 2601 2738 2657 sive
2763 2600 2833 2655 ob
2849 2599 2902 2654 in
2912 2600 3186 2656 termistas
3205 2603 3549 2655 narrationes

284 2702 482 2757 parum
507 2687 818 2753 credibiles,
844 2690 1040 2759 partim
1068 2689 1288 2762 negligi,
1327 2690 1523 2761 partim
1553 2685 1851 2755 contemni,
1875 2697 1930 2749 et
1961 2690 2046 2745 sui
2075 2690 2235 2747 ollicii
2269 2707 2393 2745 esse
2422 2691 2637 2760 putavit
2666 2704 2759 2743 eas
2777 2689 2845 2743 ad
2872 2687 3158 2744 meliorem
3195 2689 3424 2744 formam
3456 2706 3544 2743 re.

286 2773 512 2842 ducere,
539 2784 597 2830 ut
626 2791 657 2830 a
688 2774 937 2831 fidelibus
960 2775 1015 2831 in
1041 2778 1220 2848 pretio
1258 2778 1438 2835 denuo
1458 2777 1791 2833 haberentur
1819 2788 1875 2835 et
1902 2778 1970 2833 ab
2001 2779 2255 2834 omnibus
2281 2778 2607 2834 Christianis
2635 2777 2836 2847 passim
2871 2777 3208 2848 legerentur.

358 2860 470 2918 Res
501 2863 551 2918 ei
582 2879 681 2934 pro
715 2865 856 2921 votis
877 2864 1042 2925 cessit
1070 2882 1090 2933 ;
1136 2865 1454 2926 incredibile
1482 2865 1629 2923 enim
1668 2875 1754 2922 est
1787 2874 2045 2937 quantam
2073 2865 2271 2920 famam
2302 2865 2406 2920 sibi
2431 2865 2488 2920 in
2528 2865 2632 2923 hoc
2656 2879 2822 2934 opere
2850 2865 3230 2935 prosequendo
3259 2881 3545 2935 compara.

285 2951 448 3018 verit,
481 2961 857 3023 quantumque
888 2952 1195 3023 profectum
1235 2954 1574 3031 spiritualem
1624 2955 1828 3025 populo
1860 2954 2170 3014 Christiano
2224 2953 2328 3012 hac
2372 2952 2606 3009 lectione
2659 2953 3049 3023 procuraverit.
3092 2954 3175 3008 Ab
3231 2962 3391 3009 aetate
3439 2970 3546 3024 qua

286 3038 536 3109 scripsit,
566 3039 781 3097 codices
802 3039 917 3100 fere
939 3041 1211 3097 innumeri
1232 3041 1467 3098 confecti
1485 3053 1635 3110 sunt,
1663 3043 1721 3098 in
1742 3042 1942 3113 quibus
1965 3042 2102 3100 Vitae
2135 3042 2462 3099 Sanctorum
2484 3059 2553 3097 ex
2580 3043 2824 3098 editione
2850 3042 2973 3113 ejus
2998 3041 3286 3112 descriptae
3317 3054 3466 3109 sunt,
3494 3056 3550 3099 et

288 3125 488 3196 ubique
515 3125 735 3182 fuerunt
765 3138 1094 3200 propagatae.
1137 3130 1391 3185 Summas
1406 3131 1456 3186 ei
1486 3130 1676 3188 laudes
1700 3131 1948 3190 tribuunt
1990 3148 2099 3188 non
2158 3140 2364 3192 tantum
2398 3131 2627 3187 Michael
2665 3131 2895 3197 Psellns,
2943 3131 3037 3202 qui
3084 3132 3388 3188 centesimo
3428 3141 3551 3203 post

288 3215 470 3284 ipsum
501 3214 776 3271 scribebat
822 3232 986 3283 anno,
1015 3227 1072 3278 et
1109 3233 1235 3272 eum
1263 3217 1396 3275 viris
1441 3218 1806 3279 sanctissimis
1834 3219 1949 3279 fere
1973 3219 2232 3289 aequavit,
2266 3219 2362 3274 sed
2404 3228 2672 3289 praeterea
2694 3230 2951 3279 auctores
3000 3219 3314 3290 quicunque
3365 3235 3548 3275 rerum

285 3302 434 3357 illius
476 3303 739 3373 temporis
771 3304 1017 3365 notitiam
1047 3305 1353 3375 posteritati
1386 3306 1828 3368 transmiserunt.
3320 3348 3321 3351 η

358 3388 524 3447 Fama
556 3388 844 3461 Symeonis
881 3391 1258 3462 Metapbrastze
1288 3392 1527 3464 primum
1552 3393 1841 3451 obscurari
1870 3395 2037 3465 coepit
2082 3394 2280 3450 saeculo
2306 3410 2417 3458 xvi,
2455 3410 2579 3449 cum
2625 3393 2892 3456 haeretici.
2921 3394 3090 3449 cultui
3114 3403 3429 3451 sanctorum
3460 3396 3548 3449 in—

285 3475 453 3541 fensi,
493 3475 550 3530 in
581 3476 998 3533 celeberrimum
1048 3477 1359 3551 Graecorum
1394 3479 1827 3551 bagiographum
1872 3497 1941 3536 ex
1976 3481 2245 3535 industria
2289 3480 2604 3535 debacchati
2636 3490 2782 3545 sunt,
2813 3489 2873 3535 ut
2899 3482 3232 3550 praecipuum
3266 3492 3547 3537 auctorem

283 3562 533 3621 Yitarum
568 3564 779 3619 illarum
814 3564 871 3619 in
897 3566 1095 3637 quibus
1119 3546 1351 3623 virtutes
1370 3546 1686 3623 sanctorum
1721 3568 2063 3624 extolluntur
2095 3576 2152 3622 et
2181 3567 2362 3622 cultus
2388 3582 2579 3622 eorum
2603 3546 3039 3632 commendatur,
3064 3546 3132 3621 in
3172 3578 3548 3639 contemptum

285 3651 648 3719 adducerent,
687 3662 739 3714 et
768 3653 847 3723 sic
878 3664 1121 3717 veterem
1165 3653 1422 3716 Ecclesiae
1451 3656 1734 3719 catholicae
1757 3657 2063 3721 doctrinam
2099 3656 2167 3711 de
2201 3655 2557 3719 veneratione
2595 3656 2801 3716 sanctis
2833 3656 3146 3719 exhibenda
3176 3656 3389 3716 facilius
3418 3660 3551 3716 abo«

284 3737 484 3799 lerettt.

362 3825 758 3885 Hzereticorum
788 3827 1283 3885 machinationibus
1303 3828 1469 3885 invite
1492 3828 1625 3889 favit
1653 3831 1839 3888 schel:
1870 3832 1960 3887 illa
1980 3833 2489 3904 hypercriticorum,
2513 3848 2634 3902 quze
2653 3833 2856 3889 saeculo
2873 3849 2982 3889 xvii
3013 3832 3070 3887 in
3090 3832 3264 3888 Gallia
3283 3842 3409 3888 nata
3438 3843 3545 3899 est,

288 3924 350 3971 et
377 3916 431 3968 in
470 3915 848 3972 discernendis
881 3917 1133 3989 genuinis
1176 3919 1520 3976 documentis
1549 3936 1581 3975 a
1618 3921 1790 3989 falsis,
1814 3920 2117 3992 suppositis
2145 3928 2239 3975 aut
2265 3920 2539 3990 corruptis
2568 3919 2683 3976 fere
2714 3930 2881 3975 totam
2925 3936 3153 3990 operam
3184 3936 3339 3976 suam
3403 3921 3549 3977 utili-

292 4012 381 4057 ter
415 4004 719 4061 collocavit.
747 4005 945 4062 Metam
976 4016 1160 4063 autem
1197 4009 1538 4079 pertransiit,
1581 4009 1709 4066 dum
1739 4025 1884 4065 caeco
1905 4010 2164 4080 carpendi
2217 4020 2429 4064 veteres
2486 4009 2680 4064 ardore
2738 4010 2984 4080 abrepta,
3041 4009 3446 4080 Metaphrasten
3494 4019 3551 4064 et

291 4093 434 4151 alios
477 4095 772 4150 nonnullos
808 4098 970 4152 medii
1002 4098 1105 4154 aevi
1132 4099 1434 4170 scriptores
1455 4099 1688 4172 injuriis,
1722 4098 1981 4159 conviciis
2009 4107 2064 4153 et
2087 4106 2409 4167 contemptu
2457 4098 2530 4151 ita
2561 4095 2764 4162 affecit,
2797 4113 2860 4152 ac
2905 4097 2950 4151 si
2982 4097 3037 4153 in
3087 4096 3304 4166 scriptis
3353 4112 3545 4157 eorum

286 4181 428 4243 nihil
459 4183 591 4248 veri,
619 4184 757 4243 nihil
783 4185 902 4245 sani
931 4201 1154 4255 prorsus
1178 4187 1530 4258 reperiretur.
1559 4186 1616 4241 Si
1645 4202 1741 4243 eos
1756 4188 1964 4253 audias,
2003 4187 2238 4258 Symeon
2264 4178 2451 4242 noster
2478 4186 2534 4246 in
2579 4185 2874 4243 vendendis
2892 4185 3092 4245 fabulis
3123 4196 3269 4247 totus
3296 4193 3381 4246 est
3413 4201 3544 4250 ;ve-r

287 4278 406 4330 tera
438 4280 795 4326 monumenta
846 4274 1089 4345 corrupit
1135 4283 1189 4327 et
1218 4275 1554 4345 perturbavit
1582 4292 1597 4341 ;
1631 4275 1915 4334 mendacia
1959 4275 2214 4332 historica
2250 4274 2535 4337 innumera
2562 4273 2839 4344 congessit
2874 4293 2889 4340 ;
2918 4273 3122 4331 nullam
3148 4287 3374 4342 prorsus
3425 4287 3545 4331 me.-

288 4366 443 4411 retur
481 4357 642 4412 fidem
677 4375 693 4423 ;
726 4357 849 4417 libri
882 4360 1001 4429 ejus
1043 4361 1200 4430 quasi
1253 4362 1556 4421 naeniarum
1605 4362 1906 4433 farragiues
1958 4379 1988 4417 a
2025 4364 2141 4416 viro
2179 4362 2340 4422 docto
2378 4372 2434 4416 et
2470 4362 2649 4432 perito
2678 4362 2971 4431 abjiciendi
2998 4369 3146 4418 sunt.

366 4442 491 4499 Hzec
523 4446 706 4500 omnia
760 4456 959 4516 praeter
994 4450 1276 4505 veritatem
1325 4449 1466 4504 dicta
1507 4460 1653 4515 sunt,
1687 4460 1743 4505 et
1769 4451 1825 4505 in
1872 4451 2258 4511 detrimentum
2301 4450 2542 4507 historiae
2583 4458 2638 4508 et
2664 4448 2926 4507 doctrinae
2977 4463 3166 4503 sacrae.
3220 4447 3544 4517 Quanquam

290 4532 443 4587 enim
485 4531 720 4603 Synieon
752 4533 1174 4609 Metaphrastes,
1199 4538 1343 4606 quod
1366 4538 1613 4593 omnium
1659 4540 1971 4594 mortalium
2018 4554 2138 4594 Sors
2164 4549 2268 4603 est,
2310 4539 2366 4593 in
2396 4537 2667 4611 aliquibus
2707 4536 2990 4600 erraverit,
3027 4544 3084 4591 et
3122 4535 3410 4590 veritatem
3452 4546 3548 4593 aut

287 4618 646 4687 ignoraverit,
679 4628 860 4678 autex
895 4630 1047 4689 parte
1079 4620 1298 4687 laeserit,
1323 4630 1505 4677 tamen
1529 4622 1812 4678 indubium
1840 4634 1927 4679 est
1955 4627 2074 4694 ejus
2111 4625 2386 4695 diligentia
2418 4626 2585 4679 multa
2615 4633 2796 4680 vetera
2821 4624 3145 4679 documenta
3175 4634 3386 4678 servata
3411 4623 3545 4679 fuis-

291 4719 375 4767 se,
408 4721 527 4774 quae
558 4720 719 4761 secus
744 4706 1057 4782 periisscnt,
1086 4724 1187 4763 nec
1215 4724 1340 4768 eum
1365 4707 1649 4766 mendacia
1680 4711 1949 4767 scientem
1968 4713 2251 4783 scripsisse
2279 4722 2456 4769 autex
2480 4710 2697 4781 ingenio
2726 4709 2924 4767 fabulis
2955 4710 3266 4766 indulsisse.
3292 4710 3332 4763 E
3356 4723 3546 4767 eontra

291 4805 362 4845 ex
391 4792 497 4850 hoc
537 4793 716 4867 capite
746 4809 776 4847 a
811 4794 1086 4851 veteribus
1124 4796 1396 4865 laudatur,
1420 4797 1565 4871 quod
1599 4812 1630 4852 e
1658 4797 1796 4853 Vitis
1817 4797 2145 4861 Sanctorum
2175 4800 2472 4856 oscitanter
2498 4799 2737 4869 scriptis,
2762 4798 2930 4860 multa
2963 4798 3225 4857 miracula
3249 4799 3544 4861 incredibis

290 4877 387 4945 lia,
422 4872 858 4934 narratiunculas
906 4879 1267 4946 futilissimas,
1307 4892 1360 4938 et
1403 4885 1645 4956 prodigia
1694 4895 1951 4957 suspecta
1983 4899 2077 4943 aut
2130 4888 2415 4944 manifeste
2441 4887 2564 4943 ficta
2601 4888 2921 4952 resecuerit,
2972 4897 3027 4943 et
3050 4890 3271 4945 easdem
3310 4889 3546 4961 digniori

291 4965 467 5021 forma
518 4965 767 5021 ediderit.
804 4967 935 5033 Qua:
956 4969 1095 5040 ston
1126 4970 1320 5025 humili
1346 4973 1432 5028 vel
1489 4972 1706 5043 abiecto
1763 4976 2083 5046 composita:
2138 4976 2373 5043 fuerant,
2404 4976 2520 5047 ipse
2541 4974 2701 5047 stylo‘
2732 4975 3021 5031 ammniori
3066 4977 3391 5047 descripsit;
3425 4994 3546 5048 qua:

292 5056 606 5126 prolixitate
631 5056 790 5110 taedio
819 5057 1009 5112 lectori
1048 5074 1170 5114 esse
1222 5060 1517 5129 debebant,
1547 5064 1617 5118 ad
1653 5063 1961 5119 breviorem
1990 5065 2359 5121 narrationem
2400 5065 2675 5120 contraxit
2709 5083 2722 5119 :
2767 5064 2904 5119 adeo
2935 5073 2995 5120 ut
3033 5064 3190 5137 longe
3213 5066 3368 5137 plura
3392 5082 3545 5121 rese-

295 5144 492 5208 euerit,
545 5158 708 5213 quam
762 5143 830 5199 de
874 5159 975 5200 suo
997 5145 1289 5214 addiderit,
1339 5150 1799 5220 quemadmodum
1847 5151 1958 5223 jam
1991 5154 2303 5208 observavit
2331 5151 2382 5206 J.
2415 5152 2739 5217 Bollandus;
2774 5168 2896 5222 quas
2919 5153 3151 5225 eleganti
3175 5155 3384 5210 calamo
3416 5170 3548 5210 exa-

292 5241 428 5286 ratae
455 5241 613 5286 erant
642 5232 872 5287 intactas
893 5235 1132 5289 servavit
1152 5245 1211 5290 et
1231 5237 1544 5293 describere
1574 5239 1722 5294 fecit.
1745 5239 1803 5294 in
1825 5241 1893 5295 iis
1925 5248 2108 5294 autem
2149 5230 2499 5309 perficiendis
2523 5256 2631 5295 non
2676 5239 2876 5295 famam
2913 5240 3201 5311 scriptoris
3249 5257 3546 5314 proseque-

293 5321 480 5386 batur,
508 5320 603 5375 sed
632 5318 1051 5376 aedificationem
1092 5322 1332 5384 fidelium
1361 5344 1377 5393 ;
1403 5341 1517 5381 non
1542 5327 1611 5382 de
1652 5329 2045 5384 conservandis
2070 5329 2308 5399 antiquis
2336 5329 2710 5383 monumentis
2743 5329 2796 5382 in
2817 5342 2976 5383 usum
2994 5329 3296 5399 peritorum
3322 5331 3545 5386 critico-

294 5424 419 5464 rum
470 5408 855 5477 subsequentis
886 5411 1084 5474 aetatis,
1126 5408 1221 5467 sed
1247 5413 1314 5469 de
1344 5415 1706 5486 propagandis
1752 5416 1981 5471 utilibus
2030 5416 2181 5469 libris
2200 5408 2352 5479 bule
2395 5415 2823 5472 ehristianarum
2855 5416 3118 5471 virtutum
3141 5418 3421 5484 exercitio,
3451 5434 3548 5488 per

292 5495 674 5567 exemplorum
708 5493 1150 5565 prtedicationem
1178 5501 1552 5557 confirmando
1578 5502 1739 5559 unice
1776 5504 2069 5575 cegitabat.
2476 5490 2483 5505 ’
3136 5510 3143 5531 ⁵
3287 5514 3291 5518 ’

367 5583 525 5650 Quod
555 5582 803 5655 ,Symeon
830 5583 1229 5655 Metaphrastes
1258 5590 1329 5645 ad
1375 5591 1686 5663 augendum
1704 5593 1913 5647 cultum
1968 5594 2299 5647 Sanctorum
2339 5592 2469 5648 olim
2503 5591 2699 5647 fecisse
2725 5593 2945 5665 legitur,
2983 5593 3038 5648 id
3083 5594 3544 5664 subsequentibus

291 5672 531 5739 neniis,
550 5687 657 5728 non
679 5671 797 5727 sine
824 5673 1041 5744 piorum
1066 5678 1328 5748 applausu
1342 5678 1593 5738 fecerunt
1610 5681 1711 5737 viri
1733 5680 1878 5741 docti
1900 5689 1955 5736 et
1977 5681 2074 5759 pii,
2098 5680 2242 5736 inter
2263 5696 2405 5759 quos
2432 5682 2715 5741 nominare
2740 5681 2915 5759 placet
2935 5682 3198 5738 Jacobum
3216 5682 3286 5737 de
3314 5680 3542 5756 Voragi.

617 5768 892 5833 PATBOL.
934 5770 1055 5836 Gu.
1075 5848 1079 5857 ἢ
1099 5773 1314 5842 CXIV,
1672 5810 1677 5813 -
2470 5768 2481 5781 “
3150 5778 3180 5843 1
