3826 6484
287 301 347 366 1|
1476 313 1878 374 EDlTORUM
1929 311 2339 372 vaesano.
3473 303 3543 368 is

287 429 377 480 ne,
411 413 627 471 Petrum
657 417 723 473 de
755 418 1054 490 Natalihus,
1083 423 1468 494 Lipomanum,
1497 423 1746 487 Sutrium,
1779 418 2224 474 llibadcnciram.
2259 419 2643 491 ltoswi-ydnm,
2671 417 2990 473 Dollandum
3014 431 3140 471 cum
3160 414 3341 481 sociis,
3379 413 3540 484 Gyry,

287 513 342 556 οι
380 503 652 560 Albanum
687 506 890 572 Butler.
920 511 1010 581 qui
1047 529 1257 578 omnes,
1281 513 1350 568 ad
1398 528 1588 577 unum,
1625 511 1846 583 vestigia
1879 509 2166 581 Symconis
2198 510 2573 583 Mclaphrastm
2615 508 2810 574 secuti,
2837 507 2982 581 plebi
3024 507 3346 564 Christianae
3372 503 3536 575 pluri-

289 604 436 644 mum
466 595 580 648 suis
610 595 829 666 scriptis
856 599 1200 667 profuerunt.

357 703 630 761 Cmterum
683 703 885 765 habent
919 720 973 766 et
1003 711 1106 783 ipsi
1150 711 1394 768 historici
1447 724 1503 769 et
1526 714 1627 769 viri
1657 715 1860 780 critici,
1905 717 2048 771 unde
2097 713 2350 785 Symeoni
2389 712 2769 783 lletaphrasta
2807 711 3006 782 gratias
3051 718 3216 779 agant
3253 726 3266 762 :
3310 717 3542 771 ram,ut

285 793 480 850 merito
515 795 768 854 observat
793 799 860 855 Β.
892 799 954 856 Ρ.
988 801 1299 858 Honoratus
1327 819 1358 858 a
1390 802 1790 859 Sancta-Maria
1814 804 1868 858 in
1907 803 2361 859 Observationibus
2389 801 2458 854 ad
2498 800 2706 871 regulas
2735 800 2962 860 critices,
2989 813 3218 867 quarum
3270 795 3513 866 fragmen

286 891 398 937 tum
426 882 564 939 infra
585 886 829 955 edemus,
863 889 964 960 ipsi
996 890 1312 958 Tillemont,
1337 891 1546 956 Baillet,
1572 891 1812 964 Launoy,
1842 901 1962 947 acta
1989 907 2028 948 λι
2063 889 2331 963 Symeone
2377 889 2745 958 lli-taphraqe
2791 894 3003 940 servata
3055 884 3276 938 laudare
3333 899 3542 953 cogun-

283 976 373 1022 tur
395 980 446 1025 et
465 971 686 1029 laudant
716 985 810 1040 ;et
840 991 908 1030 ne
931 977 1282 1048 sibimetipsis
1327 977 1705 1035 contradicere
1775 989 1870 1035 aut
1941 981 2320 1051 Metaphrasta:
2363 978 2565 1048 aliquid
2611 976 2825 1030 deferre
2855 975 3162 1042 videantur,
3215 988 3278 1027 ea
3317 972 3542 1026 laudant

283 1061 385 1115 sub
414 1063 636 1118 nomine
673 1063 818 1121 Surii
856 1066 951 1122 alit
983 1066 1250 1136 Bollandi,
1297 1070 1390 1140 qui
1439 1071 1628 1126 eadem
1681 1072 1814 1126 Acta
1839 1089 1867 1125 ιι
1901 1069 2269 1140 Metaphraste
2298 1077 2523 1134 accepta
2557 1065 2673 1118 suis
2721 1063 3134 1118 collectionibus
3169 1061 3540 1114 inseruerunt.

280 1146 330 1200 J.
369 1147 662 1206 Bollandus
685 1162 890 1218 autem,
932 1156 1313 1228 hypercriticis
1339 1158 1458 1213 istis
1480 1159 1706 1230 tequior,
1730 1159 2016 1231 Symeonis
2046 1158 2426 1227 Metaphrastae
2470 1152 2829 1224 patrocinium
2864 1161 3052 1220 aperte
3091 1149 3317 1218 suscipit
3353 1157 3409 1203 et
3434 1149 3545 1202 lau-

285 1235 408 1289 dem
477 1238 722 1308 ejusdem
775 1241 1006 1298 candide
1063 1245 1386 1323 proclamat.
1453 1245 1748 1317 Postquam
1814 1247 1958 1302 enim
2005 1245 2060 1300 in
2113 1242 2433 1298 Prurfatione
2489 1241 2632 1294 Actis
2692 1238 3007 1291 Sanctorum
3074 1238 3354 1308 praemissa
3387 1234 3546 1292 debi-

285 1331 333 1376 ta
367 1325 614 1379 encomia
671 1327 906 1384 liusebio
927 1328 1249 1388 Caesariensi
1283 1331 1590 1400 tribuisset,
1613 1335 1688 1390 ita
1716 1334 1784 1390 de
1815 1336 2082 1406 Symconc
2109 1333 2328 1388 disserit
2355 1349 2368 1384 :

362 1480 378 1508 ι
414 1457 710 1518 Laudabile
755 1464 980 1520 Eusebii
1019 1467 1258 1522 studium
1313 1469 1404 1523 alii
1440 1469 1698 1540 deinceps
1726 1468 1940 1524 imitati.
1984 1465 2390 1523 Celeberrimos
2419 1482 2484 1518 co
2516 1463 2570 1517 in
2607 1477 2806 1532 gruem
2846 1461 3082 1532 Symeon
3126 1458 3545 1528 Memphi-astes,

283 1545 380 1615 qui
409 1555 464 1602 et
505 1547 806 1620 Logothcta
837 1553 1040 1620 dictus,
1071 1554 1141 1610 ab
1181 1555 1402 1622 illustri,
1426 1573 1590 1628 quam
1617 1555 2228 1626 Constantinopolitano
2249 1553 2304 1608 in
2341 1552 2543 1622 palatio
2583 1550 2771 1622 gessit,
2794 1550 3080 1620 dignitate.
3139 1548 3218 1604 De
3259 1548 3418 1616 cujus
3440 1547 3548 1605 viri

283 1641 467 1722 a-rtate,
498 1637 624 1690 vitae
659 1636 933 1699 instituto.
974 1639 1468 1705 lucubrationibus,
1497 1643 1623 1722 quia
1660 1644 1831 1698 multa
1855 1659 2142 1715 perperam
2193 1643 2398 1713 scripta
2429 1656 2460 1696 a
2491 1641 2624 1696 viris
2652 1641 2818 1696 etiam
2865 1655 2977 1694 non
3013 1638 3267 1702 indoctis,
3305 1635 3548 1692 breviter

282 1721 468 1778 dicere
491 1725 774 1781 constitui.
809 1725 1052 1784 ditatem
1094 1729 1212 1801 ipse
1254 1746 1408 1788 suam
1452 1733 1657 1788 indicat
1687 1735 1740 1787 in
1779 1733 1899 1789 Vita
1923 1734 1981 1787 S.
2015 1731 2359 1786 Theoctistes
2391 1730 2618 1792 Lesbius,
2653 1745 2815 1798 quam
2844 1745 2875 1782 ιι
2903 1727 3229 1782 Novembris
3256 1725 3540 1780 dabimus.

281 1809 431 1866 Illius
461 1811 596 1868 Vita;
625 1823 908 1871 auctorem
951 1832 1075 1874 esse
1107 1817 1533 1890 Metaphrasten,
1570 1837 1681 1875 non
1712 1822 1882 1876 alium
1929 1817 2245 1891 quempiam
2273 1833 2603 1889 anonymous
2633 1817 2976 1885 scriptorem,
3028 1815 3222 1886 probat
3260 1813 3370 1868 Leo
3396 1813 3547 1868 Alia-

283 1899 393 1954 tius
421 1901 739 1958 testimonio
774 1904 1058 1961 Michaelis
1079 1907 1264 1975 Pselli,
1299 1925 1329 1963 e
1349 1910 1510 1978 cujus
1539 1909 1644 1964 ode
1670 1911 1704 1964 5
1753 1910 1794 1964 ir

2036 1913 2264 1967 rhrasten
2297 1912 2398 1966 ista
2433 1911 2666 1965 recitat:
2711 1911 2756 1962 Τ
2759 1911 2785 1962 ὸ
2820 1908 3035 1976 πρῶτον
3071 1924 3164 1960 σου
3199 1906 3547 1977 σύγγραμμα

282 1987 348 2040 ὲκ
379 1989 636 2060 προνοίας
668 1992 860 2062 θεῖκῆς
891 1995 988 2049 καὶ
1019 1995 1237 2066 ὁμιλίας
1264 1996 1456 2066 γέγονε
1486 1996 1583 2050 τοῦ
1619 1997 1767 2073 ἱεροῦ
1800 2000 2109 2071 πρεσϐύτου
2141 2000 2238 2053 καὶ
2275 1998 2566 2070 μοναστοῦ,
2598 1996 2822 2066 Συμεὼν
2852 1996 3133 2059 θεσπέσιε,
3177 1995 3236 2049 ὃν
3284 1997 3344 2047 ὲν
3377 1995 3547 2066 Πάρῳ

281 2078 347 2147 τῇ
381 2079 529 2147 νήσῳ
559 2078 932 2152 τεθεώρηκας.
990 2081 1175 2138 Prima
1235 2093 1329 2138 tua
1389 2087 1762 2140 commentatio
1795 2103 1859 2142 ex
1905 2089 2086 2142 divina
2135 2088 2464 2158 prouidentia
2495 2095 2545 2140 et
2583 2086 2844 2156 colloquio
2864 2085 3006 2156 facta
3039 2092 3113 2136 est
3159 2083 3300 2136 sacri
3328 2083 3466 2136 senis
3496 2091 3549 2135 et

283 2165 544 2232 solitarii,
585 2166 816 2238 Symeon
836 2170 1173 2226 admirabilis
1199 2187 1352 2244 quem
1381 2173 1438 2228 in
1464 2169 1609 2227 Paro
1641 2175 1813 2228 insula
1843 2175 2040 2230 vidisti.
2079 2175 2299 2230 Plenius
2343 2175 2398 2230 id
2432 2173 2761 2244 colloquium
2821 2172 2874 2225 in
2919 2171 3267 2225 Theoctistes
3318 2169 3548 2241 virginis

284 2249 402 2307 Vua
435 2255 687 2311 refertur.
741 2256 909 2312 Addit
938 2257 1182 2315 Psellus:
1251 2259 1440 2326 Ἀξίως
1469 2261 1781 2333 ὲξύμνησας

2034 2263 2164 2327 ῖείας
2192 2265 2258 2316 τὰ
2283 2262 2513 2335 λαμπρὰ
2545 2263 2639 2316 καὶ
2665 2263 2784 2314 θεία
2814 2259 3173 2328 ἀγωνίσματα
3211 2259 3545 2326 Bson-riam;

279 2343 380 2412 τῆς
409 2343 602 2408 ὅντως,
642 2345 932 2414 ἀγγελικὺν
968 2348 1166 2421 μικροῦ
1220 2349 1316 2404 καὶ
1366 2351 1659 2422 ἀσώματον
1693 2353 1784 2405 τε).

2043 2352 2338 2422 πανσὸφως
2387 2351 2448 2405 τὸ
2482 2351 2805 2419 πολίτευμα.
2866 2347 2972 2402 Pro
3007 2348 3268 2418 dignitate
3304 2347 3545 2401 laudasti

281 2431 480 2487 Lesbia:
514 2433 746 2488 illustria
799 2445 850 2489 et
901 2435 1080 2491 divina
1117 2439 1411 2492 certamina
1471 2455 1589 2494 uere
1646 2441 1952 2498 Tlteoctistte
2003 2439 2082 2509 (id
2109 2448 2194 2495 est
2241 2455 2271 2494 a
2303 2437 2416 2494 Deo
2454 2436 2779 2507 fabricatae),
2820 2452 2938 2507 qua:
2976 2435 3274 2505 angelicum
3306 2451 3469 2505 prope
3494 2446 3550 2490 et

279 2521 644 2592 incorporeum
682 2523 805 2578 uitta
838 2525 1052 2579 modum
1075 2526 1347 2596 sapienter
1371 2528 1559 2582 tenuit.
1609 2527 1725 2594 Qua
1773 2545 1906 2585 vero
1932 2528 2223 2585 occasione
2261 2527 2316 2581 in
2347 2525 2550 2580 Parum
2575 2525 2810 2590 venerit,
2841 2533 2898 2580 et
2927 2525 3292 2579 sanctissima:
3313 2523 3551 2594 virginis

281 2612 542 2681 prteclara
579 2611 822 2668 facinora
856 2627 924 2668 es
948 2615 1280 2670 anachoreta
1319 2613 1597 2681 didicerit,
1630 2617 1748 2686 ipse
1781 2618 1792 2672 i

2049 2616 2494 2687 Metaphrastes:
2554 2615 2839 2684 Γενομένῳ
2893 2613 2984 2684 μοί
3045 2629 3175 2666 ποτε
3232 2611 3376 2665 κατὰ
3450 2611 3549 2666 τὸν

280 2695 464 2766 Πάρον
491 2712 506 2728 ο
551 2697 753 2766 γέγονα
793 2696 871 2762 δὲ,
907 2697 1000 2752 καὶ
1031 2698 1143 2770 γὰρ
1189 2700 1284 2753 ἐπὶ
1318 2701 1545 2772 Κρήτην
1577 2685 1821 2756 διέπλεον
1851 2704 1957 2756 ὑπὸ
1982 2696 2078 2758 τοῦ
2114 2685 2433 2776 μαιιαρίτου
2473 2703 2704 2766 Δέοντος
2742 2702 2924 2755 ἐκεῖσε
2957 2699 3235 2770 πεμφθεὶς
3258 2737 3276 2764 ,
3315 2699 3550 2764 Λέοντός

282 2801 428 2854 φημι
457 2784 553 2838 τοῦ
581 2785 844 2856 εὐτυχοῦς
873 2786 1043 2852 ὅντως
1072 2787 1358 2859 βασιλέως,
1393 2793 1485 2843 καὶ
1509 2788 1612 2862 τὴν
1647 2791 1906 2863 εὐτυχίαν
1965 2791 2257 2862 Ῥωμαίων
2289 2791 2368 2862 τῷ
2402 2791 2562 2862 τάφῳ
2598 2789 2974 2859 ἁναθάψαντος
3000 2805 3014 2819 ·
3062 2788 3396 2860 ἐπεμπόμην
3446 2787 3551 2842 καὶ

283 2873 820 2946 συστρατρευόμενος
865 2874 1110 2947 Ἥμεριῳ
1153 2876 1234 2948 τῷ
1253 2877 1420 2943 πάνυ,
1462 2877 1539 2945 τῷ
1585 2882 2086 2951 στρατηγικωτάτῳ
2132 2879 2362 2951 δηλαδὴ,
2429 2880 2526 2933 καὶ
2572 2878 2794 2950 ἄρχοντι
2849 2877 2945 2932 τοῦ
2974 2893 3033 2932 τε
3067 2876 3269 2947 δρόμου
3315 2877 3408 2930 καὶ
3443 2873 3547 2928 τοῦ

281 2961 471 3015 στόλου
502 2961 704 3025 παντὸς
733 2961 766 3033 ἢ
795 2961 922 3031 τόγε
961 2962 1329 3033 ἀληθέστερον
1379 2965 1476 3018 καὶ
1511 2966 1692 3020 αὐτῶν
1743 2968 1923 3020 εἰπεῖν
1955 2967 2066 3020 τῶν
2102 2968 2292 3020 παθῶν
2311 2982 2326 2998 ·
2357 2967 2452 3020 καὶ
2499 2967 2585 3019 ἴνα
2623 2965 2698 3036 μὴ
2729 2965 2790 3020 τὸ
2827 2965 3039 3018 πολλῶν
3065 2963 3359 3034 ἐγκωμίων
3385 2961 3545 3028 ἄξιον

281 3049 383 3120 τῆς
439 3049 778 3120 στρατηγίας
825 3048 1038 3104 ἐκείνου
1077 3049 1356 3123 πάρεργον
1381 3053 1774 3124 ποιησάμενος,
1831 3054 1925 3109 καὶ
1957 3055 2130 3126 μικρὰ
2169 3055 2360 3107 τούτου
2397 3052 2658 3124 μνησθεὶς
2687 3054 2941 3125 ἀτιμάσω
2967 3054 3060 3108 τὸν
3095 3053 3286 3124 ἄνδρα,
3322 3052 3420 3104 ἐπὶ
3451 3049 3548 3104 τὸν

282 3139 568 3209 παροῦσαν
614 3139 752 3204 τέως
799 3138 1060 3193 ὑπόθεσιν
1112 3135 1265 3210 εἶμι,
1333 3140 1546 3195 ἐκείνου
1602 3144 1743 3197 κατὰ
1773 3145 1968 3217 καιρὸν
2007 3143 2454 3216 μνησθησὸμενος
2481 3159 2498 3176 ⁸
2535 3143 2868 3216 ἑστελὶόμην
2919 3143 3211 3216 τοιγαροῦν
3242 3140 3402 3195 τοῦτο
3441 3139 3548 3211 μὲν

282 3227 476 3298 ἐκείνῳ
509 3227 1030 3300 συστρατευόμενος,
1087 3229 1182 3283 καὶ
1225 3229 1692 3303 προϐιϐαζόμενος
1727 3235 1806 3296 εἰς
1842 3238 2036 3304 πεῖραν
2075 3231 2468 3306 στρατηγικὴν,
2503 3227 2590 3284 οἵα
2636 3232 2818 3295 πῶλος
2871 3233 3061 3302 μητρὶ,
3119 3231 3251 3300 πρὸς
3302 3230 3371 3283 τὰ
3417 3245 3550 3298 γεν-

285 3315 541 3370 ναιότατα
573 3315 667 3370 τοῦ
700 3318 1175 3389 στρατηγημάτων
1206 3320 1519 3392 συγχαίρων
1551 3336 1566 3350 ·
1617 3320 1760 3374 οὕτω
1793 3322 1902 3392 γὰρ
1926 3318 1995 3394 ἦν
2025 3320 2332 3393 μακαρίτου
2376 3339 2475 3391 μου
2506 3319 2772 3390 βασιλέως
2802 3321 3019 3381 σκοπός·
3053 3318 3214 3373 τοῦτο
3252 3319 3349 3373 καὶ
3378 3331 3549 3388 πρεσ-

284 3404 579 3475 ϐευόμενος
605 3405 740 3476 πρὸς
771 3405 902 3468 τοὺς
929 3404 1022 3458 τὸν
1047 3407 1275 3478 Κρήτην
1305 3407 1530 3479 ἔχοντας
1563 3409 1795 3480 ’Ἄραϐας

2036 3409 2324 3480 aliquando
2353 3410 2409 3462 in
2445 3407 2586 3462 Paro
2618 3421 2782 3461 essem
2811 3406 2987 3460 insula
3014 3422 3034 3461 :
3079 3408 3158 3478 fui
3187 3419 3385 3470 autem,
3417 3420 3547 3460 nam

281 3493 336 3546 in
357 3491 514 3549 Creta
543 3493 864 3563 navigabant
891 3511 926 3548 ιι
964 3491 1138 3549 Leone
1163 3495 1330 3550 beata:
1369 3497 1635 3552 memoria:
1663 3513 1721 3551 eo
1751 3497 1940 3552 missus
1967 3515 1985 3562 ;
2013 3495 2188 3552 Leone
2222 3498 2440 3569 inquam
2474 3496 2566 3551 illo
2602 3511 2718 3551 vere
2748 3496 3027 3568 fortunato
3066 3495 3410 3564 imperatore,
3451 3493 3549 3562 qui

283 3583 458 3650 ipsum
485 3581 846 3637 Romanorum
877 3582 1184 3654 felicitatem
1211 3599 1385 3638 secum
1409 3585 1616 3640 ridetur
1651 3588 1707 3640 in
1730 3587 2029 3658 sepulcrum
2069 3585 2330 3640 intulisse.
2364 3584 2618 3640 Mittebar
2641 3592 2820 3638 autem
2848 3581 3178 3637 militaturus
3205 3598 3321 3636 cum
3354 3580 3550 3634 claris-

285 3671 419 3726 simo
465 3670 560 3725 illo
608 3669 864 3732 Himerio.
893 3680 1079 3742 utpote
1131 3672 1356 3726 ducendi
1388 3675 1648 3727 exercitus
1682 3676 2020 3743 peritissimo,
2057 3675 2238 3728 Dromi
2282 3677 2528 3745 pra-ferto
2585 3677 2600 3736 (
2626 3673 2741 3729 sive
2769 3671 3068 3744 Logotheta
3100 3679 3140 3741 ),
3171 3671 3261 3741 qui
3290 3672 3548 3724 universas

285 3759 444 3814 classi
469 3758 786 3828 imperabat,
816 3769 933 3825 aut,
969 3769 1025 3813 ut
1061 3759 1438 3825 veriusdicam,
1474 3761 1601 3830 ipsis
1630 3763 1796 3816 animi
1820 3761 2297 3832 perturbationibus
2323 3777 2340 3814 :
2368 3763 2456 3814 sed
2481 3777 2545 3814 ne
2588 3761 2766 3814 multis
2813 3759 3134 3831 efferendum
3183 3756 3430 3810 laudibus
3472 3755 3545 3810 il-

287 3848 388 3902 lius
421 3848 667 3916 peritiam
697 3847 819 3902 belli
838 3848 1249 3902 administrandi
1272 3848 1439 3902 obiter
1472 3849 1757 3920 attingens,
1793 3850 1893 3904 levi
1912 3849 2026 3918 ejus
2070 3850 2216 3920 facta
2243 3867 2274 3902 υ
2298 3852 2524 3913 ratione,
2553 3850 2768 3904 dedecus
2789 3851 2836 3905 ei
2858 3849 3030 3920 potius
3058 3847 3238 3901 videar
3268 3845 3538 3907 inussisse,

284 3937 356 3990 ad
381 3936 704 4006 propositam
745 3937 947 3992 interea
993 3937 1355 3990 narrationem
1399 3937 1574 4002 redeo,
1602 3938 1668 3992 de
1699 3954 1759 3992 eo
1791 3938 2138 4007 opportunius
2181 3938 2420 3992 dicturus
2452 3939 2613 3992 alias.
2644 3938 2896 3993 Mittebar
2923 3938 3088 4010 igitur
3110 3935 3304 4005 partim
3333 3949 3448 3986 cum
3482 3949 3544 3986 eo

285 4026 634 4089 militaturus,
663 4035 716 4080 et
740 4025 811 4079 ad
843 4024 1202 4096 imperatoria:
1215 4024 1350 4078 artis
1375 4025 1743 4079 documentum
1775 4027 1994 4098 aliquod
2023 4030 2423 4099 promovendus,
2457 4038 2513 4083 ut
2538 4029 2787 4101 equuleus
2823 4027 2982 4082 matri
3005 4025 3154 4089 solet,
3182 4025 3250 4078 ad
3281 4023 3540 4094 pra'clara

284 4117 400 4186 ejus
429 4125 814 4188 stratagemata
844 4115 1090 4170 assiliens
1126 4115 1205 4186 (id
1232 4115 1371 4169 enim
1399 4115 1660 4185 prazcipue
1689 4113 1955 4186 Augustus
2006 4116 2331 4188 spectabat);
2364 4118 2560 4186 partim
2600 4127 2658 4172 ut
2685 4117 2754 4171 ad
2781 4118 2983 4170 Arabas
3009 4113 3220 4170 Cretam
3254 4112 3542 4166 obtinentes

285 4204 544 4277 legatione
573 4205 835 4276 fungerer.
873 4201 1066 4258 Varias
1097 4202 1372 4257 llimerius
1399 4200 1699 4274 Logotheta
1729 4204 2109 4274 expeditiones
2138 4206 2357 4261 navales
2381 4205 2561 4262 Leone
2579 4205 2885 4276 imperante
2927 4203 3190 4272 suscepit,
3214 4201 3389 4255 donec
3414 4208 3540 4254 tan—

285 4291 410 4348 dem
438 4293 504 4348 ad
536 4292 759 4346 Samum
791 4291 1023 4346 insulam
1059 4306 1248 4346 mense
1281 4288 1504 4346 Octobri
1533 4307 1680 4347 anno
1717 4292 1814 4346 9H
1852 4292 2116 4349 adversus
2163 4308 2258 4349 ccc
2300 4294 2686 4366 Agarenorum‘
2723 4307 2893 4348 naves
2929 4290 3218 4346 infeliciter
3249 4287 3541 4343 commisso

283 4380 492 4450 praelio,
526 4389 812 4450 propterea
856 4380 925 4434 ab
957 4379 1264 4434 Alexandro
1307 4378 1660 4448 imperatore,
1703 4377 1906 4436 Leonis
1943 4380 2134 4448 fratre,
2175 4382 2230 4436 in
2263 4380 2589 4455 Calyporum
2630 4379 3026 4436 monasterium
3073 4377 3361 4448 relegatus,
3394 4373 3540 4429 haud

285 4471 448 4543 longo
477 4477 603 4540 post
629 4466 1178 4539 tempore‘serumnis
1205 4465 1492 4522 confectus
1510 4466 1664 4522 obiit.
1697 4467 1870 4534 Quam
1910 4469 1997 4526 hic
2025 4469 2420 4543 Metaphrastes
2447 4479 2716 4526 memorat
2739 4467 3162 4539 expeditionem,
3211 4462 3299 4518 cui
3333 4471 3388 4516 et
3421 4463 3540 4532 ipse

285 4541 623 4622 interfuerit,
659 4571 723 4612 ea
753 4554 970 4610 videtur
989 4567 1154 4624 quant
1177 4552 1536 4624 Curopalatcs
1561 4561 1615 4610 et
1641 4554 1922 4612 Cedrenus
1945 4541 2488 4614 traduntconfectam
2519 4559 2709 4614 decem
2744 4567 2872 4611 ante
2902 4551 3102 4610 Leonis
3127 4550 3336 4607 obitum
3355 4549 3534 4612 annis,

282 4667 407 4706 cum
459 4649 696 4721 Symeon
733 4645 1062 4701 secretaria:
1093 4644 1113 4714 (
1141 4643 1234 4714 qui
1261 4643 1404 4698 idem
1437 4644 1552 4715 ipse
1571 4644 1962 4715 Metaphrastes
1986 4648 2204 4704 videtur
2226 4647 2438 4717 fuisse)
2469 4658 2689 4702 centum
2723 4645 2842 4698 auri
2886 4644 3051 4698 libras
3079 4657 3111 4696 a
3159 4637 3537 4709 lthodophyllo

280 4739 632 4796 Cubiculario
686 4737 740 4791 in
781 4736 977 4791 itinere
1015 4731 1256 4799 relictas,
1294 4732 1462 4788 Leoni
1506 4732 1788 4804 Tripolitae
1837 4751 2101 4809 apostatte
2135 4741 2308 4806 dedit,
2350 4753 2421 4794 ne
2467 4735 2915 4792 Thessalonicam
2965 4739 3179 4802 captam
3213 4735 3482 4785 everteret
3518 4745 3533 4782 :

203 4856 208 4861 ·
282 4832 428 4905 quod
462 4831 606 4887 illius
648 4829 851 4885 factum
881 4829 952 4884 ita
981 4835 1192 4901 gratum
1225 4827 1332 4881 luit
1361 4826 1700 4897 imperatori,
1738 4837 1799 4884 ut
1831 4845 1957 4884 eum
1986 4829 2274 4901 patricium
2306 4837 2361 4882 et
2394 4825 2630 4896 primum
2661 4821 3015 4878 secretarium
3055 4817 3405 4874 renuntiarit.

358 4992 376 5025 ι
401 4970 523 5028 Non
551 4977 672 5026 erat
701 4978 834 5024 tunc
867 4965 1160 5021 admodum
1194 4975 1326 5021 natu
1367 4974 1660 5036 provectus
1689 4966 2103 5036 Mctaphrastes,
2138 4973 2199 5017 ut.
2221 4961 2315 5032 qui
2347 4958 2713 5030 imperatoriae
2739 4957 2955 5013 virtutis
2997 4954 3304 5013 tirocinium
3332 4965 3538 5022 ponere

283 5059 387 5116 sub
412 5067 671 5114 veterano
697 5054 1150 5125 ducejuberetur.
1176 5053 1360 5110 Fuerit
1404 5062 1533 5108 tunc
1564 5070 1632 5108 xx
1673 5063 1768 5108 aut
1820 5070 1933 5110 xxu
1988 5064 2257 5108 annorum
2287 5065 2302 5115 ;
2345 5046 2522 5118 potuit.
2543 5046 2707 5116 igitur
2734 5046 2800 5101 ad
2827 5059 3030 5101 annum
3066 5041 3270 5098 Christi
3313 5040 3418 5095 957
3442 5053 3540 5098 aut

283 5154 390 5214 960
421 5153 587 5208 vitam
613 5148 812 5208 deinde
858 5145 1181 5217 producere.
1217 5147 1392 5216 Atque
1438 5147 1510 5202 ita
1541 5146 1643 5202 sub
1681 5144 2044 5204 Constantino
2104 5138 2590 5212 Porphyrogenito,
2615 5138 2816 5195 Leonis
2867 5137 2997 5202 illia,
3027 5145 3142 5190 tum
3191 5131 3534 5188 Thcoctistt-s

285 5243 476 5306 vitam,
521 5250 636 5295 tum
663 5237 770 5292 alia
799 5235 1140 5292 diversorum
1166 5243 1284 5290 acta
1305 5249 1429 5290 eum
1456 5232 1811 5289 elucubrasse
1845 5242 2056 5287 certum
2084 5229 2302 5285 videtur
2329 5244 2344 5293 ;
2373 5241 2508 5289 non.
2554 5236 2614 5282 ut
2637 5227 2866 5283 Allatius
2895 5225 3104 5289 scribit,
3147 5223 3248 5276 sub
3281 5219 3462 5274 Leone
3479 5229 3536 5274 et

283 5328 680 5388 Constantino:
705 5339 827 5380 nam
845 5323 900 5380 in
929 5323 1028 5378 hac
1045 5319 1164 5376 Vita
1188 5321 1424 5378 Leonem
1439 5320 1642 5378 diserte
1667 5323 1759 5374 τὸν
1785 5320 2116 5391 μακαρίτην.
2143 5319 2311 5390 felicis
2339 5319 2628 5383 meritoria,
2645 5316 2900 5387 appellat,
2929 5329 3036 5386 qua
3055 5312 3268 5368 ratione
3289 5307 3435 5380 loqui
3465 5308 3538 5363 de

283 5417 516 5474 mortuis
545 5415 818 5478 solemus.
844 5411 900 5468 Si
927 5426 990 5470 ea
1018 5412 1194 5482 prima
1227 5415 1348 5484 ejus
1378 5409 1769 5470 commentatio
1816 5409 1941 5471 fuit,
1968 5409 2105 5464 nihil
2145 5408 2312 5479 igitur
2351 5407 2454 5463 sub
2505 5407 2687 5461 Leone
2711 5404 2952 5474 scripsit,
2985 5403 3126 5472 quod
3161 5399 3382 5469 quidem
3417 5397 3540 5452 edi-

283 5507 428 5563 derit
458 5506 513 5559 in
531 5505 730 5559 lucem.
766 5501 954 5574 Neque
988 5501 1295 5556 Alexandro
1323 5517 1502 5557 rerum
1527 5501 1770 5570 potiente
1820 5497 1894 5552 ita
1915 5496 2140 5554 laudare
2161 5496 2465 5552 Himerium
2490 5509 2660 5550 ausus
2683 5501 2849 5548 esset.
2888 5489 3166 5560 Praecipue
3181 5485 3428 5574 publicas
3451 5498 3540 5540 res

287 5602 520 5650 tractare
551 5591 652 5648 sub
683 5572 878 5647 leone
897 5589 1086 5660 cmpit.
1110 5587 1250 5646 Nam
1273 5603 1422 5654 cum,
1451 5598 1512 5644 ut
1532 5587 1742 5644 Psellus
1770 5593 2023 5648 testatur,
2063 5584 2262 5641 illustri
2285 5591 2448 5639 natus
2474 5582 2698 5644 familia,
2741 5579 3093 5652 amplissimis
3118 5575 3316 5647 opibus
3345 5572 3537 5627 sillae-

283 5691 392 5748 ret,
425 5680 714 5738 excelleret
740 5679 1065 5736 eruditionis
1115 5677 1277 5741 fama.
1321 5689 1485 5748 atque
1528 5677 1803 5748 egregium
1845 5677 1954 5732 illic
1983 5676 2291 5748 prudentia:
2339 5673 2620 5745 specimen
2667 5673 2926 5736 dedisset,
2982 5675 3132 5724 tanta
3170 5664 3430 5734 deinceps
3481 5663 3533 5716 in

285 5771 459 5845 gratia
498 5770 760 5841 sapientis
790 5768 1134 5840 imperatoris
1181 5767 1306 5838 fuit,
1332 5775 1389 5822 ut
1415 5765 1558 5836 quod
1589 5764 1781 5821 Parius
1825 5765 1916 5822 ille
1947 5764 2248 5822 monachus
2301 5761 2653 5835 praedixerat,
2697 5773 2942 5819 summos
2997 5755 3258 5824 deinceps
3299 5753 3534 5806 honores
