3826 6470
260 253 348 321 .Ῑὸ
918 268 926 276 ’
1468 257 1875 320 EDlTORUM
1914 255 2336 318 PREFATIO.
3462 239 3529 304 16

274 388 374 444 que
399 385 493 441 per
523 371 760 443 singulos
787 388 984 428 meum
1022 372 1317 442 dispositw.
1355 373 1652 444 Digessisse
1685 391 1808 430 eum
1833 372 1982 429 Vitas
2006 374 2074 428 ad
2105 374 2354 430 ordinem
2383 373 2656 428 mensium
2687 372 2878 430 scribit
2909 371 3074 428 etiam
3105 371 3404 428 Autbertus
3426 370 3529 426 Mi-

276 479 438 518 raeus.
467 461 597 518 Mihi
623 479 730 518 non
763 465 951 534 liquet.
983 462 1166 518 Potuit
1206 464 1255 519 id
1281 465 1420 519 alius
1457 465 1728 534 quispiam
1762 472 1972 532 postea.
1995 461 2351 534 Antiquiores
2375 461 2548 527 Vitas,
2572 477 2710 532 quas
2749 462 3028 531 eleganter
3061 463 3395 532 compositas
3437 475 3526 515 re-

276 546 434 614 perit,
458 548 821 618 transcripsit,
847 557 1062 604 servata
1089 548 1252 602 etiam
1295 549 1524 618 pristina
1553 557 1836 602 auctorum
1865 549 2075 616 phrasi,
2114 558 2211 603 aut
2243 549 2451 605 modice
2476 549 2822 619 interpolata.
2867 547 3183 619 Pcrspiccre
3206 549 3261 603 id
3296 549 3424 604 licet
3457 563 3524 603 ex

275 631 396 688 Vita
428 632 483 688 S.
518 633 802 705 Symeonis
837 633 1045 706 Stylitae
1075 649 1104 688 v
1133 633 1394 689 Januarii.
1427 635 1584 705 cujus
1623 619 1872 705 magnam
1905 646 2116 714 partem
2149 653 2180 693 e
2208 637 2544 700 Theodoreti
2589 637 2877 694 Philotheo
2924 639 3152 708 accepit,
3187 638 3434 708 pauculis
3459 637 3524 692 ad

271 723 628 777 attentionem
655 721 1072 789 conciliandam,
1117 725 1364 807 aptiusv'e
1393 723 1797 778 connectendas
1826 723 2082 792 periodos
2102 725 2425 793 itttn-rjcctis.
2453 725 2602 780 Alias
2625 741 2689 782 ex
2717 726 2928 798 integro
2961 727 3286 796 composuit.
3316 726 3386 781 At
3416 741 3527 780 non

271 828 611 884 quaecunque
633 811 686 866 in
710 812 914 868 Graecis
935 813 1220 869 codicibus
1248 813 1602 885 reperiuntur
1636 809 1788 876 Vitae,
1823 829 1901 868 ea:
1947 813 2212 868 continuo
2237 814 2616 884 Mctaphrastae
2673 813 2818 869 fetus
2855 829 2977 868 esse
3019 814 3309 870 censenda:
3350 823 3479 868 sunt
3509 833 3524 881 ;

273 898 372 952 nisi
404 900 634 954 velimus
657 915 782 954 cum
813 911 872 956 et
900 903 1109 972 priores
1143 902 1312 967 Vitas,
1343 909 1403 956 ut
1433 910 1590 956 erarat
1619 901 1746 955 olim
1767 899 2004 970 scriptae,
2036 903 2294 956 retulisse
2321 903 2372 956 in
2406 919 2564 957 suum
2588 917 2747 972 opus,
2773 912 2828 956 et
2858 918 3028 957 novas
3052 901 3370 956 eorumdem
3395 918 3526 956 san-

269 999 478 1042 ctorum
504 1005 533 1042 a
554 1005 611 1043 se
629 990 972 1046 elucubratas
1001 991 1296 1047 addidisse.
1343 989 1478 1044 Nam
1502 989 1862 1058 quorumdam
1893 985 2246 1056 Sanctorum,
2281 1001 2339 1045 ut
2375 990 2604 1048 Joannis
2639 992 2924 1063 Calybitae,
2955 1009 3023 1047 xv
3049 991 3316 1058 Januarii,
3355 991 3518 1048 Joau.

269 1076 690 1148 lCleetnosyuarii
721 1094 870 1141 χχιιι,
900 1078 1082 1134 Xenes
1109 1081 1225 1133 sive
1251 1076 1496 1132 Eusebiae
1527 1093 1674 1140 χχιιι,
1694 1075 1882 1147 plures
1904 1079 2490 1149 reperiuntur'crmca‘.
2507 1079 2668 1146 Vitae,
2700 1096 2935 1151 quarum
2961 1097 3125 1138 unam
3151 1095 3274 1136 esse
3293 1096 3326 1136 a
3354 1080 3524 1138 Meta-

269 1165 490 1234 phraste
521 1165 855 1220 elaboratam
892 1167 1190 1222 verisimile
1217 1175 1324 1221 est.

345 1273 363 1303 ι
399 1253 590 1325 Magno
629 1255 885 1310 Ecclesiae
907 1257 1200 1312 Catholicae
1237 1255 1608 1311 emolumento
1629 1269 1794 1324 opera
1817 1253 2220 1324 Metaphrastae,
2252 1265 2348 1310 aut
2385 1267 2535 1312 certe
2565 1273 2702 1328 quas
2747 1256 2851 1314 sub
2897 1256 3018 1327 eius
3058 1257 3283 1312 nomine
3323 1256 3528 1326 reperit

265 1341 484 1397 Graecas
513 1353 834 1398 sanctorum
865 1342 1142 1408 historias,
1174 1342 1367 1398 Latine
1394 1359 1424 1398 a
1443 1341 1606 1397 Petro
1625 1341 1922 1396 Francisco
1944 1340 2104 1404 Zino,
2136 1344 2407 1399 Gentiano
2433 1343 2689 1410 Herveto,
2707 1344 3002 1400 Guilielmo
3037 1341 3234 1400 Sirleto
3259 1345 3397 1400 verti
3424 1359 3524 1398 cu-

265 1431 402 1484 ravit
441 1431 690 1502 Aloysius
724 1430 1076 1501 Lipomauus,
1104 1431 1396 1501 episcopus
1446 1427 1782 1484 Veronensis
1815 1447 1830 1484 :
1877 1446 2106 1500 quarum
2173 1434 2378 1491 multas
2436 1434 2492 1488 in
2535 1449 2696 1490 suum
2725 1449 2864 1506 opus
2895 1435 3089 1502 Surius
3125 1433 3420 1498 transtulit,
3467 1441 3528 1488 ut

261 1519 513 1588 sequenti
541 1519 882 1590 paragrapho
909 1519 1110 1574 dicam.
1143 1519 1307 1589 Atqui
1341 1532 1521 1587 neque
1557 1531 1748 1572 omnes
1774 1516 2312 1588 MetaphrastaeVitae
2346 1522 2510 1578 editae
2543 1523 2725 1580 adhuc
2801 1532 2928 1578 sunt
2983 1523 3144 1592 (nam
3195 1522 3416 1576 citatam
3463 1519 3520 1576 S.

263 1604 548 1676 Syuteonis
575 1604 778 1678 Stylitte
817 1605 1014 1669 Vitam,
1047 1621 1209 1678 quam
1269 1613 1485 1662 constat
1517 1621 1546 1659 a
1578 1603 1943 1674 Metaphraste
1997 1612 2284 1682 scriptam,
2315 1615 2548 1684 primum
2594 1630 2745 1670 nunc
2775 1612 2880 1670 edd
2915 1616 2959 1682 );
2983 1624 3038 1671 et
3060 1615 3182 1671 alim
3225 1613 3418 1670 Latine
3456 1615 3526 1669 ab

261 1693 402 1754 aliis,
433 1694 608 1764 iisque
639 1695 942 1766 praeclaris,
971 1693 1132 1750 editae
1153 1694 1498 1760 auctoribus,
1534 1693 1619 1748 vel
1643 1691 1785 1764 apud
1809 1691 2028 1751 Graecos
2049 1698 2133 1752 vel
2160 1698 2216 1753 in
2261 1699 2471 1756 Latinis
2494 1701 2659 1758 etiam
2704 1701 3055 1758 bibliothecis
3078 1701 3283 1758 Graecae
3307 1709 3528 1756 sancto-

264 1798 382 1835 rum
417 1781 660 1838 bistoriae
693 1783 888 1839 latent.
921 1783 1028 1838 llas
1053 1798 1174 1856 ego,
1200 1782 1247 1838 si
1274 1783 1418 1838 Deus
1437 1782 1602 1838 vitam
1622 1789 1678 1836 et
1702 1780 1846 1835 vires
1880 1781 2114 1850 dederit,
2141 1785 2246 1842 hoc
2264 1802 2432 1858 opere
2456 1789 2732 1853 absoluto,
2765 1788 2893 1860 quia
2911 1789 2964 1843 in
2984 1789 3309 1860 quibusdam
3349 1787 3526 1842 inter-

260 1872 508 1940 pretibus
533 1881 831 1942 perpetuus
863 1872 1083 1943 quidam
1146 1871 1504 1926 hellenismus
1529 1879 1584 1924 et
1618 1869 1924 1925 obscuritas
1952 1866 2230 1924 fastidium
2260 1869 2450 1926 lectori
2483 1872 2662 1938 all‘ert,
2687 1873 2868 1945 cogito
2899 1874 3314 1930 Graeco—Latine
3336 1873 3521 1938 edere,

262 1977 386 2014 cum
433 1977 573 2016 nova
603 1977 633 2016 a
657 1977 742 2016 me
783 1961 1158 2017 elucubranda
1199 1959 1690 2030 interpretatione;
1737 1957 1841 2012 nisi
1867 1955 1987 2026 quis
2015 1965 2122 2024 me,
2151 1973 2252 2013 nec
2309 1972 2725 2032 repugnantem,
2758 1971 3086 2030 antevertat,
3112 1972 3208 2016 aut
3255 1968 3404 2016 certe
3441 1960 3526 2013 la-

261 2049 411 2104 boris
439 2059 594 2119 parte
617 2048 866 2104 sublevet
888 2047 1181 2102 nonnullas
1217 2055 1474 2104 accurate
1517 2047 1922 2114 interpretatus.
1959 2043 2028 2097 Et
2055 2044 2252 2100 multas
2288 2057 2402 2101 tum
2467 2049 2596 2104 olim
2667 2049 3002 2122 Rosweydus
3055 2049 3368 2120 collegerat,
3408 2055 3521 2102 tum

256 2153 357 2209 ego
387 2138 455 2192 ab
481 2138 672 2193 amicis
726 2147 912 2208 postea
969 2136 1176 2207 accepi,
1203 2151 1432 2208 quarum
1475 2135 1720 2206 quaedam
1767 2131 1958 2186 Latine
1991 2132 2172 2188 adhuc
2194 2148 2302 2190 non
2331 2145 2572 2192 exstant.
2604 2137 2774 2194 Video
2817 2147 2998 2193 tamen
3045 2137 3310 2208 plurimas
3343 2136 3524 2192 adhuc

257 2227 392 2280 mihi
421 2228 634 2289 deesse,
666 2241 802 2296 quas
828 2225 1019 2280 Latine
1041 2225 1188 2281 citati
1220 2233 1346 2279 ante
1371 2233 1624 2278 auctores
1652 2229 1934 2276 verterunt
1963 2236 1978 2286 ;
2013 2235 2213 2291 easque
2243 2238 2406 2293 spero
2427 2241 2516 2282 me
2549 2227 2759 2283 interea
2782 2241 2914 2283 esse
2940 2226 3344 2287 confecturum.
3478 2289 3489 2298 _

338 2337 355 2368 ι
388 2317 542 2382 Quod
571 2316 788 2372 lilii-acus
831 2331 896 2371 ex
937 2316 1134 2370 Μοιαηί
1165 2330 1268 2370 ms.
1288 2313 1616 2370 bibliotheca
1643 2309 1827 2372 tradit,
1845 2307 2244 2378 Metaphrasten
2267 2311 2410 2369 Vitas
2428 2326 2731 2370 sanctorum
2760 2309 3048 2372 Orientalis
3085 2315 3336 2370 Ecclesia:
3359 2314 3521 2368 colle-

257 2407 392 2476 gisse
420 2421 618 2475 easque
639 2405 780 2480 solas
807 2406 860 2458 in
891 2403 1194 2462 Graecorum
1241 2401 1472 2458 ecclesiis
1495 2399 1619 2472 legi,
1675 2407 1968 2466 utrumque
2001 2397 2196 2452 falsum
2227 2409 2330 2456 est.
2364 2398 2704 2468 Promiscue,
2727 2404 2818 2474 qui
2859 2403 3061 2474 ubique
3101 2413 3369 2458 terrarum
3430 2401 3519 2458 vi-

258 2503 406 2558 xet'e,
438 2503 753 2548 sanctorum
783 2501 902 2548 acta
917 2492 1134 2564 collegit
1161 2490 1574 2562 Metapbrastes,
1603 2486 1729 2540 licet
1755 2483 2027 2554 praecipue
2061 2483 2421 2544 Orientalium
2444 2500 2732 2546 assecutus
2761 2491 2866 2546 sit:
2891 2506 2998 2547 nec
3029 2490 3158 2562 sola:
3187 2505 3267 2546 ea:
3293 2492 3346 2544 in
3365 2487 3521 2546 Grae-

256 2598 446 2634 corum
491 2581 740 2636 ecclesiis
770 2581 1047 2652 leguntur,
1081 2596 1216 2651 quas
1244 2580 1336 2634 ille
1383 2573 1716 2647 .composuit.
1751 2572 1862 2626 imo
1890 2586 2076 2640 paucae
2110 2575 2339 2631 omnino
2361 2619 2378 2644 ,
2415 2587 2475 2634 ut
2501 2594 2568 2634 ex
2604 2579 2824 2634 Menaeis
2851 2578 3189 2646 Graecorum,
3217 2579 3286 2634 de
3317 2577 3521 2648 quibus

257 2678 466 2738 postea,
501 2669 952 2724 iitmanifestum.
991 2667 1048 2722 Si
1089 2669 1140 2725 id
1177 2668 1293 2723 vult
1322 2665 1588 2729 Molanus,
1629 2676 1860 2732 quorum
1901 2668 2218 2716 sanctorum
2259 2665 2395 2719 Acta
2437 2666 2719 2738 collegerit
2747 2667 3166 2738 Metaphrastcs.
3205 2681 3396 2722 eorum
3433 2665 3521 2721 vel

260 2760 476 2813 recitari
521 2759 754 2832 elogium
785 2760 1005 2830 aliquod
1038 2759 1122 2815 vel
1151 2758 1471 2814 memoriam
1499 2754 1691 2811 saltem
1705 2749 1971 2808 celebrari
1998 2747 2052 2803 in
2075 2750 2262 2806 divino
2297 2752 2477 2808 oilicio
2506 2771 2539 2810 a
2561 2753 2788 2824 Graecis,
2810 2771 2922 2811 non
2951 2755 3004 2811 id
3032 2754 3279 2810 inlicior:
3308 2760 3366 2808 at
3397 2753 3518 2822 plu-

257 2847 523 2902 rimorum
557 2849 734 2919 agitur
764 2847 1048 2909 memoria,
1077 2861 1311 2918 quorum
1344 2855 1466 2900 acta
1492 2859 1601 2898 non
1633 2840 1883 2898 videatur
1924 2838 2016 2894 ille
2062 2841 2426 2914 descripsisse
2460 2861 2476 2910 ;
2514 2855 2610 2901 aut
2640 2860 2772 2902 sane
2819 2845 3150 2902 immensum
3180 2843 3342 2916 plane
3373 2843 3520 2898 illius

255 2951 393 3006 Opus
411 2935 534 3003 fuit,
558 2937 714 3015 cujus
741 2935 967 2990 minima
997 2936 1176 2990 adhuc
1199 2935 1268 2990 sit
1297 2949 1424 3004 pars
1457 2933 1624 2988 edita.
1653 2949 1670 2982 ι
1702 2928 1980 2984 llactenus
2005 2931 2057 2987 J.
2087 2930 2400 2989 Bollandus.

325 3042 517 3112 Itaque
542 3057 726 3112 operae
783 3041 1022 3112 pretium
1055 3049 1204 3098 esset
1235 3041 1281 3095 si
1312 3057 1439 3096 mox
1471 3038 1608 3096 Vitae
1654 3045 1974 3099 sanctorum
2005 3057 2038 3097 a
2065 3037 2443 3110 Metaphraste
2471 3038 2602 3095 olim
2643 3039 2909 3104 collectae,
2963 3037 3156 3093 critice
3185 3053 3216 3092 e
3237 3037 3522 3093 codicibus

261 3130 652 3200 manuscriptis
681 3129 774 3200 qui
808 3129 965 3185 multi
997 3137 1126 3184 sunt
1155 3136 1210 3184 et
1230 3128 1494 3200 insignes,
1519 3128 1572 3183 in
1617 3128 1890 3198 publicam
1911 3133 2091 3188 lucem
2117 3128 2438 3184 ederentur.
2483 3127 2700 3184 Etenim
2733 3128 2897 3184 hodie
2923 3137 3073 3186 tanta
3102 3135 3188 3182 est
3212 3125 3269 3181 in
3309 3124 3518 3182 codici-

257 3219 362 3274 bus
390 3219 779 3289 manuscriptis
810 3217 1063 3274 confusio
1086 3225 1146 3274 ut
1174 3215 1312 3272 Vitae
1333 3232 1364 3272 a
1389 3217 1755 3289 MetaphraSIe
1785 3222 2010 3292 scriptae
2030 3218 2118 3274 vix
2173 3215 2410 3270 discerni
2447 3215 2662 3286 possint
2692 3215 2761 3270 ab
2790 3215 2858 3271 iis
2877 3229 3016 3286 quas
3060 3214 3374 3270 emendavit
3399 3221 3521 3267 tan-

257 3317 396 3370 tum,
432 3308 514 3362 vel
545 3307 786 3378 integras
811 3307 1122 3363 describere
1151 3305 1280 3362 fecit
1307 3321 1320 3372 ;
1354 3322 1426 3363 ne
1450 3309 1640 3378 loquar
1662 3310 1731 3366 de
1749 3309 1814 3367 iis
1853 3324 1978 3380 quae
2031 3313 2155 3379 post
2183 3305 2397 3361 obitum
2425 3306 2564 3376 ejus,
2607 3304 2922 3362 collectioni
2955 3305 3200 3375 ejusdem
3231 3303 3300 3358 ab
3341 3301 3519 3358 aliena

254 3409 422 3449 manu
453 3394 518 3451 ad
548 3395 856 3466 augendum
888 3394 1144 3449 volumen
1171 3393 1392 3450 insertae
1417 3393 1660 3451 fuerunt.
1701 3395 1937 3471 Certum.
1956 3409 2040 3455 est
2067 3397 2228 3454 hodie
2253 3396 2355 3452 sub
2377 3395 2599 3452 nomine
2633 3395 3016 3467 Metaphrastae
3031 3395 3359 3466 quandoque
3384 3405 3514 3462 pro-

253 3483 386 3536 ferri
411 3481 566 3542 Vitas
616 3499 754 3556 quas
798 3481 1196 3553 Metaphrastes
1225 3498 1334 3537 non
1361 3482 1536 3554 tetigit
1592 3499 1695 3540 nec
1726 3486 1864 3544 vidit
1898 3501 2163 3558 unquam.

307 3597 394 3655 alit
421 3599 772 3670 deplorandae
793 3598 922 3654 huic
947 3597 1258 3654 confusioni
1291 3597 1469 3669 aliqua
1513 3616 1579 3655 ex
1619 3610 1774 3671 parte
1803 3603 2119 3660 mederetur
2141 3601 2251 3658 Leo
2286 3602 2516 3658 Allatius
2546 3603 2812 3674 triplicem
2835 3601 3072 3660 confecit
3105 3599 3431 3672 catalogum,
3462 3597 3518 3652 in

249 3707 486 3764 quorum
519 3689 698 3762 primo
731 3688 913 3758 posuit
934 3685 1084 3744 Vitas
1107 3703 1246 3759 quas
1279 3688 1450 3743 editio
1473 3687 1728 3755 Suriana,
1753 3692 1921 3748 veluti
1944 3702 2162 3748 auctore
2184 3691 2543 3761 Metaphraste
2579 3692 2812 3762 scriptas
2835 3691 3056 3760 profert.
3083 3689 3140 3742 In
3169 3687 3410 3741 secundo
3429 3700 3519 3739 re—

251 3779 487 3843 censuit,
518 3779 705 3836 Graece
719 3775 1048 3848 proferendo
1068 3777 1287 3843 titulum
1309 3777 1592 3833 etiuitium
1627 3779 1966 3852 singularum
1998 3780 2266 3847 Vitarum,
2308 3779 2461 3836 Vitas
2486 3793 2647 3850 quas,
2677 3787 2890 3834 attento
2915 3777 3053 3849 stylo
3078 3783 3130 3831 et
3160 3773 3374 3831 dicendi
3420 3789 3515 3846 ge-

252 3884 405 3933 nere,
441 3866 820 3937 Metaphrastae
855 3877 1006 3921 certo
1028 3865 1234 3921 certius
1264 3881 1373 3919 non
1399 3881 1524 3922 esse
1550 3868 1826 3924 credebat.
1855 3869 1915 3923 In
1959 3869 2120 3924 tertio
2143 3869 2390 3940 catalogo
2421 3865 2713 3936 descripsit
2737 3863 2953 3919 titulum
3001 3871 3056 3918 et
3101 3861 3316 3917 initium
3368 3862 3516 3918 Vita-

254 3975 373 4013 rum
423 3973 580 4028 quas,
634 3965 845 4011 attento
896 3953 1170 4009 scribendi
1232 3968 1452 4026 genere,
1483 3970 1512 4008 a
1575 3955 1944 4026 Metaphraste
1991 3957 2326 4028 compositas
2366 3971 2487 4012 esse
2525 3963 2643 4010 erat
2669 3967 2988 4024 persuasus.
3031 3951 3322 4022 Triplicem
3367 3951 3516 4008 hunc

252 4046 558 4116 catalogum
604 4043 840 4114 reperiet
871 4041 1122 4096 eruditus
1174 4041 1348 4096 lector
1405 4041 1568 4109 infra,
1631 4043 1686 4098 in
1741 4046 1981 4101 Diatriba
2013 4046 2194 4101 Allatii
2225 4047 2293 4101 de
2323 4043 2614 4116 Symeonis
2644 4041 3030 4112 Metaphrastae
3060 4041 3299 4110 scriptis.

307 4133 540 4190 'Utiliter
565 4133 730 4188 etiam
759 4129 970 4185 consuli
1003 4137 1260 4200 poterunt
1289 4127 1480 4184 Daniel
1512 4128 1702 4186 Nessel
1728 4133 1821 4203 qui
1847 4133 1900 4188 iu
1942 4134 2338 4205 Supplemento
2377 4130 2871 4186 Lambecianorum
2903 4129 2970 4184 de
3015 4129 3345 4186 bibliotheca
3382 4127 3516 4183 Vin-

251 4221 557 4277 dobonensi
579 4217 1123 4280 commentariorum,
1162 4233 1286 4288 pag.
1324 4217 1448 4282 109,
1481 4232 1513 4274 e
1548 4219 1828 4276 codicibus
1859 4239 1994 4279 mss.
2031 4224 2337 4295 catalogum
2374 4221 2550 4277 texuit
2580 4221 2825 4277 Vitarum
2861 4236 3090 4291 quarum
3119 4219 3514 4290 Metaphrastes

249 4321 442 4367 auctor
467 4310 721 4376 habetur,
748 4317 804 4365 et
831 4307 900 4363 Μ.
942 4306 1217 4362 llanckius
1254 4307 1422 4378 quiin
1445 4323 1612 4378 opere
1657 4325 1757 4365 suo
1790 4313 1853 4366 de
1896 4310 2252 4382 Scriptoribus
2292 4309 2626 4380 Byzantim's,
2651 4307 2831 4364 indice
2865 4307 2961 4374 ill,
2990 4311 3056 4364 ad
3105 4323 3292 4365 vocem
3339 4310 3514 4364 Meta-
3554 4329 3558 4333 ·

249 4403 511 4470 phrastcs,
546 4397 822 4470 octoginta
853 4405 1062 4468 septem
1087 4395 1227 4450 vitas
1255 4406 1506 4452 recenset
1528 4412 1555 4449 a
1589 4395 1958 4468 Mctapltraste
1975 4399 2326 4470 compositas.

321 4487 449 4542 llaec
471 4487 653 4542 omnia
677 4484 860 4541 futuro
883 4483 1076 4540 cditori
1107 4484 1309 4539 auxilio
1339 4501 1462 4541 esse
1493 4494 1768 4556 poterunt.

318 4602 640 4672 Quanquam
691 4599 851 4656 nobis
889 4600 954 4654 ad
982 4616 1044 4654 ea
1079 4599 1320 4656 subsidia
1372 4598 1794 4671 properantibus
1819 4599 2080 4674 quae‘sub
2111 4604 2365 4660 manibus
2406 4603 2697 4668 habemus,
2747 4601 2884 4658 nihil
2931 4599 3303 4670 praestandum
3347 4599 3514 4657 fuerit

247 4691 416 4754 aliud,
441 4705 607 4760 quam
633 4697 694 4744 ut
711 4687 861 4744 Vitas
882 4705 1017 4760 quas
1048 4687 1260 4754 Surius,
1282 4687 1576 4744 Bollandus
1599 4699 1654 4744 et
1673 4690 1765 4745 alii
1787 4691 2036 4746 nonnulli
2061 4691 2160 4747 viri
2185 4691 2333 4748 docti
2360 4707 2392 4747 a
2420 4691 2790 4762 Metaphraste
2832 4689 3166 4760 compositas
3182 4689 3508 4754 ediderunt.

245 4782 299 4833 in
323 4795 488 4834 unum
508 4777 673 4834 veluti
703 4793 903 4848 corpus
921 4778 1194 4858 colligere,
1219 4789 1274 4834 et
1305 4777 1490 4833 Graece
1521 4787 1616 4834 aut
1648 4777 1840 4834 Latine
1870 4781 2149 4848 recudere,
2174 4791 2334 4852 prout
2365 4781 2526 4836 nobis
2547 4779 2604 4834 in
2627 4777 2783 4833 libris
2815 4777 3100 4848 impressis
3120 4777 3508 4844 occurrebant,

248 4866 635 4942 praetermissis
668 4867 734 4921 iis
758 4867 946 4934 quaein
972 4865 1363 4942 Metaphraste,
1398 4866 1482 4920 vel
1505 4868 1649 4938 apud
1682 4867 2342 4942 Metapbrastenireperiri
2366 4867 2926 4942 dicebantur,_u_tpote
2951 4877 3074 4936 quae
3107 4867 3176 4922 ab
3184 4883 3262 4942 _co
3295 4868 3512 4942 scriptae

240 4937 414 4994 fuisse
451 4953 562 4992 non
593 4946 906 5001 censentur,
962 4938 1235 4993 voluimus
1279 4948 1488 5004 tamen,
1518 4953 1629 4991 non
1665 4937 1850 5008 parvis
1877 4937 2408 5009 expensis—textum
2435 4938 2688 4994 Graecum
2725 4937 2968 4992 Vitarum
2997 4953 3132 5008 quas
3179 4938 3374 4994 Surius
3409 4937 3515 4994 aut

245 5025 284 5080 Β
321 5025 536 5081 llaudus
586 5025 775 5082 Latine
811 5036 1022 5081 tantum
1063 5027 1229 5081 veluti
1265 5039 1431 5094 opera
1455 5025 1627 5095 ipsius
1659 5027 2043 5097 Metapltrastac
2065 5030 2440 5103 protulerunt,
2484 5045 2514 5084 e
2553 5028 2836 5084 codicibus
2861 5028 3254 5098 manusctiptis
3294 5045 3510 5093 eruere,

243 5129 297 5168 et
329 5123 528 5169 nostrae
576 5113 804 5169 editioni
864 5111 1186 5182 Patrologiw
1220 5110 1420 5168 Graeca:
1446 5113 1710 5180 inserere,
1742 5131 1850 5187 quo
1877 5119 1976 5174 viri
2009 5119 2209 5174 eruditi
2242 5121 2506 5191 majorem
2543 5119 2780 5173 fructum
2813 5132 2842 5172 e
2897 5117 3048 5172 libris
3095 5133 3180 5172 no.
3203 5117 3300 5173 tris
3340 5120 3514 5187 peni.-

245 5205 414 5271 piant,
446 5204 750 5274 meliusque
785 5203 1090 5273 intelligant
1115 5210 1452 5271 quantopere
1479 5204 1639 5260 nouis
1669 5206 1817 5260 cordi
1849 5207 1918 5262 sit
1945 5223 2133 5262 eorum
2172 5208 2394 5264 utilitati
2455 5208 2512 5262 in
2549 5205 2808 5262 omnibus
2829 5204 3134 5260 consulere.
3175 5205 3346 5262 Porro
3379 5207 3512 5263 Vitan

241 5303 558 5348 sanctorum
595 5307 714 5363 quae
754 5291 1155 5361 Metaphrasten
1188 5304 1300 5344 non
1327 5290 1532 5347 habent
1561 5304 1862 5362 auctorem,
1907 5298 2010 5353 etsi
2057 5291 2114 5352 in
2145 5299 2470 5354 collectione
2507 5295 2754 5367 ejusdem
2787 5301 2976 5364 postea
3025 5293 3248 5352 insertae
3285 5295 3507 5358 fuerint.

241 5381 383 5451 apud
419 5381 663 5446 Surium,
699 5379 1024 5436 Bollandum
1058 5389 1114 5433 et
1135 5378 1268 5434 alios
1301 5379 1404 5450 legi
1431 5391 1711 5450 poterunt.

158 5550 178 5564 ί
324 5481 456 5547 Quae
479 5483 544 5537 ad
573 5483 793 5559 laudem
828 5491 881 5537 et
907 5481 1280 5539 defensionem
1310 5483 1597 5556 Symeonis
1635 5485 2016 5560 Metaphrastae
2075 5486 2230 5541 initio
2256 5486 2418 5556 hujus
2453 5481 2794 5540 Praefatiouis
2834 5480 3096 5544 diximus.
3130 5478 3381 5552 suﬂicere
3410 5485 3498 5536 vi-

251 5571 452 5626 dentur
485 5570 551 5625 ad
589 5571 856 5626 arcendos
882 5571 1240 5642 sycophantas
1267 5582 1322 5628 et
1373 5574 1784 5645 hypercriticos.
1819 5573 2037 5630 Iuvabit
2064 5583 2242 5628 tamen
2269 5573 2356 5628 hic
2405 5571 2637 5626 recitare
2663 5569 2970 5642 apologiam
2999 5565 3283 5639 Symeonis
3331 5565 3490 5624 Meta-

251 5661 488 5726 phrasla‘
519 5675 623 5728 qua
645 5657 884 5713 Joannes
913 5657 1206 5716 Bollandus
1237 5661 1507 5732 judicium
1536 5662 1758 5720 Roberti
1788 5661 2097 5718 Bellarmini
2125 5677 2278 5731 aequo
2299 5659 2543 5716 severius
2574 5669 2877 5731 temperare
2901 5665 3128 5712 conatus
3153 5665 3254 5718 est,
