3826 6468
226 446 291 509 17
1424 444 1825 509 EDITORUM
1868 449 2280 512 PREFATIO.
3406 446 3471 506 ’ἢ

304 575 323 607 ι
371 556 449 611 De
484 554 863 626 Metaphrastee
887 570 1056 627 porro
1088 556 1348 626 operibus
1373 556 1444 612 ita
1493 557 1681 613 scribit
1715 557 2073 613 Bellarminus
2098 576 2110 612 :
2138 557 2279 613 Illud
2315 565 2489 611 autem
2523 565 2597 611 est
2625 554 3025 620 observandum,
3052 570 3082 607 α
3115 551 3467 620 Metaphraste

222 646 445 709 scriptas
474 645 639 716 fuisse
671 644 922 698 historias
955 643 1020 697 de
1054 643 1179 699 Vitis
1212 655 1517 699 sanctorum
1546 644 1729 699 multis
1761 646 1959 700 additis
1997 662 2062 700 ea:
2086 646 2299 715 proprio
2328 643 2555 714 ingenio,
2605 659 2708 697 non
2740 653 2792 696 ut
2826 659 2908 696 res
2929 650 3088 711 gesta»
3110 643 3344 712 fuerunt,
3380 642 3471 692 sed

222 745 283 788 ut
320 735 429 805 geri
464 741 750 803 potuerunt
780 749 800 788 :
838 732 989 786 addit
1029 730 1412 801 Metaphrastes
1442 733 1608 788 multa
1639 734 1904 804 colloquia
1951 734 2057 788 sive
2089 733 2337 803 dialogos
2365 742 2657 801 martyrum
2711 747 2828 784 cum
2881 728 3317 800 persecutoribus,
3366 727 3473 780 ali-

219 837 357 889 quas
396 822 555 875 etiam
580 823 944 875 conversiones
981 822 1274 876 astantium
1327 838 1652 894 paganorum
1688 824 1744 877 in
1779 832 1928 877 tanto
1961 838 2200 887 numero,
2236 831 2291 876 ut
2325 819 2657 875 incredibiles
2703 819 3028 874 videantur:
3067 817 3287 886 denique
3308 816 3475 868 mira-

220 910 349 963 cula
380 911 613 979 plurima
644 918 693 963 et
729 907 966 963 maxime
998 910 1056 963 in
1103 910 1370 964 eversione
1406 910 1716 979 templorum
1749 919 1797 965 et
1830 909 2113 983 idolorum,
2142 921 2190 965 et
2216 911 2268 963 in
2302 910 2561 964 occisione
2586 917 3001 975 persecutorum,
3048 920 3274 975 quorum
3324 904 3474 955 nulla

222 1008 299 1055 est
329 1000 524 1055 mentio
553 998 695 1069 apud
720 1005 913 1054 veteres
945 998 1244 1055 historicos.
1264 998 1470 1055 Vellem
1498 1001 1682 1055 mitius
1710 1000 1778 1055 de
1821 998 1941 1053 viro
1963 1013 2159 1070 magno
2204 998 2291 1052 vir
2348 996 2617 1052 maximus
2658 993 3092 1065 pronuntiasset.
3142 990 3302 1047 Unde
3332 1006 3466 1045 cono

222 1096 332 1143 stat
359 1103 487 1142 eum
516 1102 627 1142 non
661 1096 846 1143 vetera
873 1094 1122 1142 secutum
1140 1101 1261 1142 esse
1292 1087 1692 1142 monumenta?
1722 1085 1985 1143 Omisisse
2030 1085 2214 1157 potius
2257 1084 2450 1151 multa,
2479 1099 2601 1154 qua:
2636 1098 2747 1137 non
2786 1081 3012 1137 omnino
3044 1080 3321 1150 probaret,
3355 1079 3476 1132 exi-

220 1176 405 1239 stimo,
435 1191 598 1246 quam
642 1176 847 1247 aliquid
882 1176 1158 1233 addidisse
1183 1192 1249 1232 ex
1284 1177 1505 1247 preprie
1534 1175 1779 1247 ingenio.
1808 1175 2079 1230 Retulerit
2105 1184 2287 1229 tamen
2332 1173 2389 1228 in
2418 1188 2548 1228 suos
2583 1172 3013 1227 commentarios
3059 1169 3282 1239 aliquid,
3323 1168 3473 1237 thd

221 1277 346 1318 eum
382 1264 625 1332 probatis
652 1271 900 1318 veterum
933 1262 1155 1318 Patrum
1185 1263 1407 1334 scriptis
1453 1264 1636 1318 minus
1693 1277 1994 1334 congruere
2037 1263 2306 1328 videatur,
2344 1265 2505 1319 [tento
2547 1272 2686 1328 erat,
2730 1261 2843 1319 fa‘lli
2906 1268 3138 1332 poterat.
3192 1257 3471 1326 Colloquia

222 1359 523 1419 martyrum
557 1365 681 1405 cum
704 1350 1144 1420 persecutoribus
1173 1351 1316 1405 unde
1340 1358 1555 1405 constat
1575 1350 1758 1405 habita
1793 1366 1902 1405 non
1926 1367 2046 1407 esse
2066 1352 2089 1405 ?
2109 1351 2467 1421 Ampliliearit
2506 1367 2570 1407 ea
2600 1367 2733 1406 sane
2763 1351 2828 1406 ad
2862 1349 3157 1421 legentium
3181 1346 3471 1401 utilitatem

219 1454 287 1493 ac
307 1438 646 1508 voluptatem
679 1455 694 1493 :
724 1439 847 1510 quis
873 1438 996 1509 jure
1024 1438 1077 1494 id
1099 1438 1464 1508 reprehendat
1492 1438 1512 1491 ἶ
1542 1453 1611 1492 an
1636 1446 1720 1493 est
1760 1438 2047 1507 quisquam
2080 1440 2172 1509 qui
2201 1438 2252 1493 id
2287 1454 2396 1493 non
2450 1439 2726 1509 permittat
2775 1435 3083 1491 historico?
3110 1434 3265 1489 Livio
3312 1441 3476 1487 caete-

219 1528 411 1598 risque
441 1526 573 1583 licet
592 1526 790 1583 ducum
819 1526 1095 1582 orationes
1117 1540 1246 1582 suos
1274 1527 1343 1581 ad
1371 1527 1616 1596 przelium
1647 1526 2051 1582 adhortantium
2086 1528 2436 1593 concinnare,
2473 1541 2628 1582 sacro
2660 1523 2910 1595 scriptori
2955 1539 3067 1578 non
3110 1522 3299 1578 licebit
3360 1536 3475 1591 my-

221 1614 388 1668 steria
412 1622 612 1669 nostra:
647 1613 926 1685 religionis
955 1613 1249 1685 gentilibus
1279 1613 1499 1680 tradita,
1522 1613 1875 1685 ipsorumque
1900 1614 2213 1670 eonfutatas
2266 1615 2714 1685 superstitiones,
2742 1611 3069 1684 explicatius
3113 1624 3421 1682 proponere
3454 1608 3474 1660 ?

222 1702 358 1756 Nam
390 1716 590 1772 magno
629 1716 864 1758 numero
907 1715 1207 1758 conversos
1238 1701 1306 1757 ad
1338 1701 1498 1758 [idem
1522 1710 1789 1768 nostram,
1825 1702 1956 1757 visis
1976 1717 2097 1771 qua:
2125 1702 2298 1757 sancti
2335 1710 2614 1773 patrarent
2648 1701 2952 1763 miraculis,
2994 1713 3278 1769 nunquam
3312 1696 3472 1766 equi-

221 1788 351 1845 dem
385 1805 506 1843 sum
540 1789 845 1845 admiratus
873 1806 888 1843 :
917 1789 1011 1861 qui
1048 1789 1194 1844 enim
1218 1789 1420 1858 alioqui
1444 1797 1521 1843 tot
1545 1804 1609 1845 ac
1631 1797 1796 1845 tanta:
1831 1789 2130 1860 provincia:
2159 1788 2373 1844 tantillo
2399 1798 2644 1858 tempore
2667 1788 2863 1858 subjici
2891 1787 3112 1843 Christo
3143 1781 3477 1857 potuissent?

225 1876 488 1930 Miracula
519 1876 725 1942 omnia,
758 1875 925 1931 etiam
947 1890 1068 1947 qua:
1099 1892 1247 1932 nunc
1267 1876 1421 1944 liunt,
1449 1876 1493 1931 si
1520 1876 1633 1933 suis
1673 1876 2084 1932 commentariis
2119 1877 2538 1948 insererentqui
2576 1877 2739 1932 modo
2769 1875 3168 1931 ecclesiasticas
3205 1870 3470 1929 historias

222 1965 498 2029 scribunt,
532 1972 736 2034 quanta
779 1963 1114 2035 singularum
1145 1963 1316 2018 moles
1345 1962 1670 2019 exsisteret!
1702 1974 1965 2034 quantum
1999 1963 2319 2020 odensionis
2361 1965 2589 2021 haberet
2625 1973 2789 2035 atque
2819 1964 3042 2019 fastidii!
3079 1961 3268 2034 Neque
3296 1960 3470 2025 nulla,

223 2069 411 2124 neque
432 2054 614 2108 omnia
640 2062 886 2120 narrant,
914 2053 1009 2108 sed
1030 2054 1277 2124 quaedam
1295 2052 1529 2108 maxime
1558 2053 1788 2108 illustria
1810 2054 1893 2108 vel
1916 2053 2136 2107 testium
2175 2054 2513 2116 celebritate,
2544 2053 2631 2109 vel
2656 2052 2937 2109 consecuti
2968 2051 3181 2108 fructus
3219 2048 3478 2120 amplitu-

223 2140 376 2195 dine.
421 2139 566 2196 ldem
594 2149 842 2196 veterum
863 2140 1103 2196 studium
1127 2140 1229 2195 fuit
1254 2158 1267 2193 :
1294 2140 1385 2211 qui
1436 2149 1722 2211 propterea
1769 2140 2087 2211 frequenter
2124 2140 2349 2196 tradunt
2390 2141 2557 2195 multa
2581 2149 2637 2195 et
2678 2155 2894 2211 magna,
2935 2140 3002 2195 ad
3035 2147 3352 2194 sanctorum
3384 2138 3477 2190 vel

227 2227 540 2283 testandam
564 2242 629 2283 ac
649 2228 1043 2284 munerandam
1078 2228 1448 2293 sanctitatem,
1479 2227 1564 2283 vel
1594 2228 1738 2284 dicta
1767 2231 2159 2295 conﬁrmanda,
2189 2231 2330 2285 edita
2358 2246 2479 2286 esse
2514 2230 2700 2285 divina
2732 2232 2933 2286 virtute
2972 2229 3258 2293 miracula,
3302 2240 3481 2295 neque

226 2316 401 2370 ullum
420 2323 605 2370 tamen
628 2323 1078 2370 commemorant.
1107 2316 1178 2369 At
1194 2315 1238 2369 si
1260 2315 1382 2385 quis
1403 2331 1471 2371 ex
1501 2313 1747 2385 professo
1765 2319 1936 2373 sancti
1968 2319 2268 2390 cuiuspiam
2295 2318 2581 2373 historiam
2601 2320 2834 2390 scribat],
2868 2318 3007 2374 nihil
3038 2333 3162 2373 eum
3200 2315 3483 2386 prmtcrire

224 2404 482 2459 consulto
519 2404 600 2458 fas
622 2413 725 2465 est.
761 2404 903 2473 quod
937 2404 1006 2460 sit
1033 2405 1100 2460 ab
1126 2420 1191 2460 eo
1212 2404 1419 2460 dictum
1446 2413 1542 2459 aut
1571 2404 1776 2461 factum
1813 2407 2095 2477 praeclare,
2120 2416 2213 2461 aut
2241 2407 2361 2476 ejus
2392 2422 2555 2462 causa
2603 2417 2917 2479 susceptum
2951 2420 2981 2460 a
3014 2403 3353 2468 mortalibus,
3388 2413 3485 2459 aut

225 2490 468 2562 denique
493 2502 767 2563 patratum
803 2507 833 2547 a
869 2493 1000 2549 Deo.
1040 2510 1060 2544 ι
1097 2491 1374 2549 Hactenus
1399 2492 1449 2548 J.
1484 2492 1794 2549 Bollandus.
1924 2558 1957 2571 ί

298 2579 518 2634 Addere
546 2595 831 2649 possemus
849 2580 1089 2651 Dionysii
1118 2579 1320 2635 Petavii
1345 2582 1671 2636 sententiam
1697 2597 1800 2651 qua
1831 2582 2115 2638 haereticos
2153 2584 2244 2654 qui
2302 2581 2401 2639 SS.
2435 2582 2624 2639 Patres
2676 2583 2980 2654 increpant,
3035 2584 3179 2653 quod
3200 2580 3483 2636 historiam

225 2668 432 2723 Christi
467 2668 766 2724 Salvatoris
796 2669 1085 2724 rhetoricis
1116 2670 1330 2725 artibus
1355 2670 1691 2733 ornaverint,
1752 2670 2046 2742 redarguit,
2092 2673 2368 2742 sapienter
2412 2671 2716 2727 admonens
2744 2683 2800 2728 et
2828 2672 3082 2744 mysteria
3115 2671 3392 2742 religionis
3433 2679 3488 2724 et

227 2757 368 2811 Acta
392 2757 845 2828 sanctorumjure
872 2757 1064 2813 merito
1093 2773 1121 2812 a
1154 2759 1469 2814 doctoribus
1493 2758 1747 2814 Ecclesiae
1773 2760 1955 2815 ornari
1990 2775 2169 2829 posse,
2193 2760 2322 2814 dum
2352 2774 2416 2814 ea
2437 2775 2557 2829 qua:
2582 2759 2723 2814 facta
2754 2774 2874 2814 esse
2898 2759 3215 2825 creduntur,
3252 2759 3334 2813 vel
3371 2757 3484 2811 ﬁeri

227 2842 549 2899 debuerunt
596 2852 691 2899 aut
736 2853 1057 2914 potuerunt,
1097 2846 1263 2900 veluti
1295 2846 1435 2900 facta
1463 2856 1778 2908 narrantur.
1812 2847 2108 2902 dummodo
2156 2847 2295 2902 nihil
2338 2856 2613 2902 asseratur
2645 2847 2790 2918 quod
2824 2847 3040 2903 veritati
3092 2855 3187 2901 aut
3244 2846 3487 2901 historia:

227 2931 531 2987 manifeste
583 2941 871 3004 repugnet.
932 2933 1185 2989 Proiecto
1232 2934 1469 3003 Symeon
1525 2934 1917 3006 Metaphrastes
1964 2933 2107 2989 hanc
2160 2934 2421 3004 regulam,
2467 2950 2497 2988 a
2531 2934 2933 2989 recentioribus
2994 2949 3141 3004 saepe
3186 2942 3484 3000 servatam,

229 3021 378 3090 quod
414 3022 585 3076 sciam
615 3036 899 3090 nunquam
923 3030 1339 3094 prietergressus
1359 3032 1461 3079 est.
1491 3024 1610 3078 Non
1642 3032 1726 3079 est
1763 3025 1926 3095 igitur
1955 3022 2100 3093 quod
2126 3022 2247 3093 quis
2277 3037 2343 3078 eo
2378 3037 2446 3077 ex
2472 3024 2650 3093 capite
2677 3038 2801 3078 eum
2825 3031 3035 3094 carpat.

305 3111 442 3165 Cum
466 3124 635 3181 supra
669 3110 908 3167 dicerem
938 3111 1144 3167 nullam
1183 3120 1398 3168 exstare
1432 3112 1678 3168 Vitarum
1706 3113 2026 3169 Sanctorum
2060 3109 2246 3167 Graece
2263 3112 2585 3179 scriptarum
2613 3113 3009 3178 collectionem,
3043 3127 3163 3183 quae
3192 3127 3315 3167 cum
3344 3110 3488 3165 Lati-

230 3196 328 3254 nis
355 3196 775 3254 collectionibus
807 3198 1044 3254 conl'erri
1074 3199 1268 3270 possit,
1308 3199 1579 3256 insinuavi
1619 3201 1909 3258 nonnullas
1940 3201 2290 3257 collectiones
2320 3201 2535 3256 Graecas
2556 3202 2823 3257 exsistere
2858 3204 3000 3274 typis
3039 3203 3357 3273 impressas.
3395 3202 3487 3255 sed

230 3283 343 3340 illa:
363 3293 631 3356 quantum
657 3284 792 3351 seio,
834 3301 945 3342 non
970 3286 1155 3359 lingua
1177 3287 1603 3344 Graecalitterali
1628 3329 1642 3353 ,
1690 3289 1786 3345 sed
1821 3289 2005 3360 lingua
2042 3284 2229 3344 Grazca
2281 3290 2570 3345 vernacula
2629 3290 2788 3345 editae
2818 3302 2967 3346 sunt.
3002 3290 3094 3345 Sic
3131 3306 3221 3346 ex.
3256 3306 3335 3359 gr.
3379 3306 3490 3358 pra:

232 3376 495 3430 manibus
525 3373 795 3430 habemus
829 3375 1084 3430 volumen
1107 3375 1360 3446 exiguum
1397 3375 1468 3431 ita
1506 3376 1743 3447 inscript:

1979 3376 2122 3432 ϐλίον
2155 3375 2490 3447 καλούμενον
2519 3378 2773 3449 Ἐκλογὴ,
2808 3378 2974 3450 ἤγουν
3026 3379 3269 3449 μερικῶν
3318 3379 3490 3445 ἁγίων

233 3459 346 3530 βίοι
373 3464 423 3517 oi
451 3462 775 3535 ὡραιότεροι
799 3462 894 3517 τοῦ
930 3464 1359 3535 Μεταφραστοῦ,
1399 3465 1876 3536 μεταφρασθέντες
1908 3466 1971 3519 ὲκ
1995 3466 2097 3533 τῆς
2121 3465 2232 3517 τῶν
2274 3465 2540 3534 Ἑλλήνων
2569 3466 2650 3529 εἰς
2684 3466 2780 3535 τὴν
2810 3467 2997 3534 κοινὴν
3031 3465 3309 3519 διάλεκτον
3338 3453 3492 3535 Erupit

243 3552 518 3618 Ἀγαπιου
547 3551 806 3623 μοναχοῦ,
868 3568 926 3607 κ.
986 3570 1037 3608 τ.
1070 3552 1119 3607 λ.
1179 3554 1237 3606 ὲν
1293 3553 1518 3624 Βενετίᾳ
1555 3553 1754 3624 ,αχμ6¹.

1979 3560 1994 3606 ι
2030 3570 2042 3605 :
2081 3551 2310 3605 Libellus
2336 3552 2424 3622 qui
2448 3561 2668 3605 vocatur
2713 3553 2900 3624 Ecloge
2944 3570 3034 3607 seu
3118 3552 3490 3606 nonnullorum

230 3647 544 3693 sanctorum
562 3639 1014 3709 vittepulchriores
1035 3639 1437 3709 aMetapItraste
1459 3642 1982 3708 contpositte.quase
2003 3639 2183 3708 lingua
2220 3638 2403 3695 erca
2460 3641 2516 3695 in
2550 3641 2750 3695 idioma
2811 3641 3153 3696 vernaculum
3218 3641 3489 3694 transtulit

234 3727 477 3796 Agapius
490 3727 768 3793 diaconus,
791 3734 899 3781 etc.
922 3727 1017 3780 12°
1043 3726 1261 3782 Veneriis
1281 3725 1439 3783 1642.
1463 3727 1577 3782 Hoc
1591 3727 1867 3782 volumine
1886 3727 2240 3784 continentur
2259 3728 2499 3799 quinque
2519 3728 2652 3784 Vitae
2668 3737 2899 3795 tantum,
2923 3729 3179 3786 videlicet
3198 3728 3255 3784 S.
3270 3729 3489 3797 Josephi

236 3814 481 3883 Pancali,
499 3816 826 3884 S.Alexii,S.
844 3815 1022 3872 Patris
1042 3815 1335 3887 Onuphrii,
1353 3824 1556 3873 sanctae
1579 3816 1765 3871 matris
1788 3815 2077 3886 Eupraxius
2093 3824 2146 3870 et
2166 3815 2479 3886 martyrium
2504 3815 2561 3870 S.
2582 3817 2952 3873 Pantaleonis.
2977 3816 3168 3889 Eclogc
3190 3818 3278 3872 illa
3294 3816 3493 3870 deinde

236 3913 589 3970 aucta,’anno
612 3906 769 3971 1664,
789 3917 844 3960 et
872 3905 1227 3976 sequentibus
1251 3906 1409 3961 annis
1424 3906 1569 3961 edita
1590 3914 1673 3960 est
1690 3905 1893 3976 pluries
1914 3903 2176 3957 Venetiis.
2205 3902 2407 3958 Ultima
2444 3920 2605 3974 quant
2632 3905 2884 3961 novimus
2916 3907 3084 3962 editio
3113 3909 3374 3975 impressa
3412 3912 3495 3958 est

236 3989 488 4046 Venetiis
518 4008 611 4047 an.
643 3992 802 4057 1855,
829 3993 934 4047 hoc
970 3992 1126 4047 titulo
1156 4009 1169 4045 :
1201 3993 1355 4058 Νέος
1383 3991 1746 4060 παράδεισος

1983 3990 2117 4059 ,όγοι
2151 3989 2426 4059 διάφοροι
2453 3992 2555 4046 καὶ
2588 3992 2719 4057 βίοι
2745 3994 2933 4063 ἁγίων
2953 3993 3021 4048 ἐκ
3046 3993 3154 4048 τοῦ
3185 3998 3494 4062 Μεταφρα-

238 4077 400 4132 στοῦ
434 4077 777 4150 Συμεῶνος,
802 4081 888 4144 εὶς
911 4078 1026 4148 τὴν
1058 4078 1274 4147 κοινὴν
1300 4077 1596 4148 ἡμετέραν
1641 4076 1961 4132 διάλεκτον
1997 4078 2621 4148 μεταγλωττισθέντες
2666 4080 2784 4150 μὲν
2812 4081 2973 4149 παρὰ
3005 4080 3284 4151 Ἀγαπίου
3303 4094 3496 4149 μονα-

240 4165 359 4235 χοῦ
390 4166 497 4221 τοῦ
529 4168 780 4237 Κρητός.
809 4167 937 4222 Νῦν
968 4166 1035 4220 δὲ
1062 4162 1238 4233 αὖθις
1265 4165 1638 4231 τυπωθέντες
1664 4168 1753 4232 εἰς
1789 4166 2007 4235 κοινὴν
2069 4163 2189 4220 τῶν
2238 4166 2574 4235 ὀρθυόόξων
2628 4168 2942 4237 ὠφέλειαν,
2983 4170 3132 4239 μετὰ
3171 4168 3275 4222 τοῦ
3306 4183 3496 4236 προσ-

240 4253 505 4323 ήκοντος
533 4257 808 4322 πίνακος,
847 4255 903 4309 4⁸
926 4256 996 4309 ἐν
1025 4255 1270 4320 Βενετίᾳ
1300 4253 1456 4308 1855.
1486 4251 1751 4307 Volumen

1984 4253 2157 4309 ntinet
2185 4252 2337 4309 Vitas
2362 4252 2686 4310 Sanctorum
2720 4265 2772 4310 et
2797 4254 3123 4311 Sanctarum
3153 4257 3495 4328 septuaginta

240 4343 508 4413 quinque,
541 4352 739 4415 praeter
767 4342 1140 4398 narrationem
1166 4340 1464 4412 imperialis
1494 4349 1550 4396 et
1581 4340 1960 4411 patriarchalis
1985 4344 2301 4399 monasterii
2341 4344 2449 4399 τοῦ
2480 4346 2870 4402 Βατοπεδίου.
3422 4330 3431 4333 “

313 4432 555 4499 Quaestio
583 4442 668 4488 est
696 4432 823 4488 olim
843 4432 1064 4504 agitata,
1092 4446 1193 4486 nec
1224 4430 1517 4486 hodicdum
1548 4431 1724 4486 soluta
1759 4449 1773 4485 :
1805 4431 2002 4486 Utrum
2039 4427 2272 4500 Symeon
2306 4428 2701 4500 Metaphrastes
2737 4432 3018 4502 scripserit
3040 4433 3495 4487 commentarium

245 4520 302 4574 in
336 4520 690 4593 Evangelium
728 4519 785 4576 S.
822 4519 1003 4583 Lucae,
1036 4535 1211 4575 necne
1239 4518 1262 4572 ?
1296 4518 1435 4573 Sunt
1471 4519 1565 4589 qui
1594 4528 1846 4573 asserunt
1873 4517 2178 4587 fragmenta
2208 4532 2327 4585 quae
2357 4517 2459 4572 sub
2502 4520 2726 4574 nomine
2771 4519 3151 4590 Metapltrastas
3193 4521 3244 4573 in
3278 4520 3498 4575 Catenis

243 4606 468 4661 Patrum
490 4615 788 4663 occurrunt
814 4616 1064 4679 excerpta
1117 4620 1238 4660 esse
1268 4619 1298 4659 e
1331 4603 1464 4658 Vitis
1480 4604 1923 4668 sanctorum,sed
1950 4604 2405 4658 commentarium
2428 4605 2747 4660 continuum
2777 4607 2832 4661 in
2865 4607 3213 4678 Evangelium
3242 4608 3298 4662 S.
3336 4607 3497 4662 Lucae

244 4691 632 4763 Metaphrastze
666 4695 873 4748 nullum
896 4694 1172 4749 exstitisse
1203 4708 1465 4762 unquam.
1498 4690 1609 4746 Hae
1637 4691 1703 4746 de
1734 4707 1792 4745 re
1818 4691 2080 4761 quidquid
2117 4692 2208 4756 sit,
2249 4691 2548 4763 fragmenta
2606 4693 2989 4764 Metaphrastae
3022 4695 3283 4765 inscripta
3319 4695 3371 4749 in
3407 4711 3501 4749 ca-

245 4790 376 4836 tena
411 4783 467 4835 in
497 4781 777 4837 S.Lueam
803 4797 964 4851 quant
999 4779 1217 4835 Nieetas
1235 4778 1529 4833 Serronius
1558 4778 1756 4833 smeulo
1793 4794 1844 4832 ιι
1900 4779 2230 4849 composuit,
2264 4795 2537 4851 quamque
2568 4797 2668 4836 suo
2711 4782 2833 4838 loco
2854 4782 3101 4850 edemus,
3134 4784 3223 4839 hic
3269 4795 3497 4855 praeter-

245 4870 540 4936 mittimus,
570 4885 640 4926 ne
669 4869 962 4940 aliquando
987 4877 1170 4922 actum
1207 4881 1366 4936 agere
1402 4857 1708 4930 videamur,
1740 4873 1837 4919 aut
1873 4874 2126 4921 catenam
2167 4866 2493 4937 abrumpere
2528 4883 2806 4939 cogamur.
2843 4871 3046 4926 Eadem
3076 4878 3267 4926 catena
3317 4873 3499 4927 conti-

244 4966 344 5012 net
377 4958 677 5029 l’ragmeuta
710 4957 939 5028 plurima
969 4954 1193 5010 Joannis
1222 4953 1546 5018 Geometrae,
1578 4967 1699 5021 qua:
1749 4952 1953 5021 pariter
2000 4952 2054 5006 in
2084 4962 2276 5007 catena
2321 4955 2530 5026 integra
2584 4956 2689 5010 sub
2728 4952 2953 5012 nomine
2995 4957 3200 5014 Niceten
3255 4959 3499 5015 Serronii

245 5045 463 5099 edenda
493 5044 595 5100 sub
626 5059 771 5099 anno
794 5042 934 5098 £090
967 5043 1067 5113 legi
1099 5048 1374 5111 poterunt.

327 5130 467 5187 Vitis
507 5139 819 5187 sanctorum
848 5129 1257 5199 subsequuntur
1289 5135 1486 5182 czelera
1513 5143 1679 5198 opera
1714 5127 1998 5200 Symconis
2028 5127 2426 5200 Metaphrastue,
2480 5132 2680 5201 quibus
2718 5148 2816 5203 pro
2845 5136 3301 5193 necessitate-aut
3349 5138 3500 5192 utili.

250 5227 370 5275 tate
392 5219 611 5277 lectoris
637 5216 932 5291 peculiaria
970 5214 1174 5270 monita
1206 5214 1594 5284 praemisimus.

2852 5319 2969 5375 J—B.
3013 5320 3083 5375 Μ.

2625 5434 2660 5484 ll
2681 5438 2729 5456 “
2756 5440 2769 5456 '
2796 5440 2810 5458 '
2835 5438 2851 5456 '
2878 5436 2911 5490 9
2943 5436 3142 5505 Aprilis
3173 5438 3351 5493 1861..

3160 5647 3191 5658 κ
