3826 6478
1541 420 3252 461 mw

463 758 500 770 ν
635 764 641 773 .
1611 655 2270 786 NOTITIA
2563 811 2578 822 ε

717 933 1496 1032 SCRIPTORUM
1567 929 2186 1026 SYMEONIS
2257 931 3170 1024 ME'I‘APHRASTZE

1205 1158 1300 1222 (Bx
1326 1157 1530 1217 Allstio,
1569 1157 1640 1209 De
1661 1159 1950 1222 Symeommt
1970 1150 2187 1216 scriptis.
2213 1151 2353 1203 Paris
2400 1151 2488 1202 166
2499 1152 2538 1213 ι,
2573 1151 2668 1212 4⁸.)

388 1501 501 1589 [24]
536 1509 643 1571 Sed
685 1507 796 1587 iam
842 1528 930 1570 me
977 1525 1134 1569 vocat
1181 1505 1246 1568 ad
1277 1526 1360 1572 se,
1405 1508 1562 1578 cujus
1599 1507 1681 1563 vel
1728 1501 1896 1564 solius
1925 1505 1968 1566 Α
2000 1501 2166 1563 multa
2219 1506 2422 1563 addidit
2448 1523 2513 1563 ex
2550 1507 2764 1579 proprio
2795 1503 3035 1580 ingenio,
3067 1517 3172 1558 non
3203 1509 3260 1558 ut
3293 1517 3376 1557 res
3412 1510 3572 1573 geste

315 1604 482 1677 gratia
512 1604 629 1662 hac
655 1612 840 1660 nostra
875 1601 1117 1660 Diatriba
1143 1603 1387 1659 instituta
1415 1608 1499 1656 est
1517 1599 1754 1672 Symeon
1780 1598 1890 1653 Me-

240 1729 245 1733 ~
316 1697 642 1769 taphrastes,
675 1707 788 1754 tum
827 1699 1051 1764 virtute,
1086 1707 1200 1752 tum
1247 1695 1467 1767 scriptis
1513 1695 1648 1749 ultra
1695 1692 1890 1746 huma-

314 1807 444 1846 num
489 1800 708 1862 captum
754 1789 1108 1856 admirabilis,
1159 1805 1268 1860 quo
1322 1788 1408 1844 vel
1447 1786 1564 1843 solo
1608 1783 1893 1840 fraudibus

314 1886 753 1941 adversariorum
787 1893 1110 1940 corruentes
1143 1881 1400 1938 Ecclesiae
1423 1888 1709 1936 structurae
1760 1873 1892 1928 soli-

317 1979 516 2034 dentur
565 1988 622 2035 et
669 1978 1068 2035 sustineantur.
1100 1974 1283 2031 Pietas
1333 1972 1468 2028 tanti
1521 1969 1645 2034 viri,
1694 1967 1894 2036 scripta

318 2069 719 2141 elegantissima
742 2109 758 2132 ,
791 2068 1006 2126 labores
1051 2063 1474 2140 ingeniosissimi
1502 2096 1518 2129 ,
1543 2059 1740 2134 vigilite
1786 2066 1894 2112 tam

321 2163 505 2226 utiles,
563 2160 780 2215 animus
823 2160 1104 2232 sincerus,
1149 2171 1348 2220 verax,
1394 2150 1610 2207 mentiri
1655 2147 1892 2210 nescius,

321 2253 663 2308 stomachum
717 2252 886 2306 movit
942 2248 1250 2313 haereticis;
1291 2262 1402 2301 non
1453 2243 1732 2314 patiuntur
1785 2243 1896 2294 tam

323 2351 574 2416 patenter
599 2359 695 2400 sua
729 2341 1033 2414 przestringi
1060 2357 1087 2394 a
1113 2337 1229 2414 [ΞΒ]
1259 2346 1410 2394 tanto
1449 2336 1713 2406 scriptore
1740 2348 1896 2388 men-

325 2439 502 2494 dacia.
535 2437 674 2510 Quid
705 2437 873 2509 ergo?
895 2433 1245 2506 chiciendus
1267 2441 1350 2488 est
1378 2430 1445 2486 de
1477 2427 1648 2500 gradu
1680 2445 1692 2480 :
1719 2425 1898 2480 dimo-

324 2531 536 2587 vendus
563 2546 631 2586 ex
660 2530 922 2602 dignitate
951 2549 964 2584 :
997 2528 1221 2583 vilescat
1250 2543 1266 2580 :
1300 2524 1394 2579 ﬂat
1425 2536 1568 2578 unus
1596 2535 1660 2575 ex
1694 2517 1851 2574 trivio
1879 2534 1894 2568 :

329 2620 677 2710 insimuletur
720 2619 1108 2678 inconstantia)
1172 2615 1488 2680 mendacii,
1538 2609 1897 2689 negligentia‘,

329 2705 669 2786 ignorantiae;
693 2721 922 2785 negetur
945 2713 1020 2767 illi
1041 2710 1340 2784 ingenium,
1365 2705 1624 2766 studium,
1649 2699 1898 2765 facultas,

325 2805 612 2874 judicium.
642 2803 732 2860 Sic
762 2804 966 2860 homini
1001 2803 1239 2858 demitur
1271 2799 1425 2854 lides.
1454 2795 1558 2853 Ubi
1587 2795 1903 2862 incorrupta

329 2899 464 2956 tides
499 2913 607 2954 non
648 2906 750 2964 est,
782 2896 1072 2952 credulitas
1119 2903 1237 2959 est,
1289 2885 1784 2950 ineonsiderantia,
1819 2894 1901 2937 te-

332 2993 574 3047 meritas.
613 2991 692 3047 Ne
733 3001 934 3046 temere
961 2991 1204 3045 dicamur
1231 2987 1452 3043 credere
1471 3027 1487 3050 ,
1518 3000 1589 3040 ne
1617 2993 1904 3052 perperam

331 3085 518 3150 ﬁdere,
547 3085 752 3139 dictum
788 3083 956 3138 veluti
1005 3081 1228 3138 dubium
1260 3077 1680 3135 examinandum
1701 3114 1717 3138 ,
1755 3071 1904 3142 judi-

333 3177 591 3243 candum,
625 3176 682 3232 in
721 3175 975 3232 examine
1029 3184 1135 3230 tam
1187 3173 1355 3234 vario,
1409 3179 1463 3226 et
1515 3182 1703 3240 parum
1748 3177 1907 3233 aequo

333 3281 444 3326 non
501 3270 736 3326 deerunt
788 3266 1055 3322 machinae
1111 3265 1178 3320 ad
1234 3261 1591 3320 refellendum
1643 3279 1672 3314 ε’
1711 3258 1904 3313 saltem

334 3361 560 3418 fraudes
589 3369 645 3416 et
668 3359 777 3416 doli
806 3359 986 3415 locum
1014 3356 1314 3419 invenient,
1343 3363 1398 3409 et
1425 3352 1654 3406 reddent
1682 3345 1909 3419 legentis

335 3447 578 3510 animum
613 3467 938 3524 suspensum
974 3461 1030 3506 et
1069 3449 1314 3504 anxium.
1345 3445 1484 3500 Hinc
1516 3442 1696 3500 omnis
1733 3441 1910 3495 haere-

337 3548 572 3603 ticorum
630 3545 683 3600 in
741 3545 1158 3614 Metaphrastem
1217 3537 1600 3596 maledicentia
1655 3531 1906 3596 ellluxit;

337 3657 446 3710 quo
469 3641 686 3696 tandem
719 3639 868 3694 lucro
885 3638 909 3692 ?
927 3637 1302 3695 consideretur
1326 3635 1603 3689 Gesnerus
1630 3628 1684 3682 in
1709 3625 1913 3682 Biblio-

341 3735 518 3790 theca.
571 3733 799 3807 Symeon
855 3722 1469 3797 Constantinopolitanns
1529 3720 1914 3794 Ludimaglster

341 3829 550 3882 circiter
581 3845 750 3883 annos
783 3825 970 3881 abhinc
1008 3827 1255 3880 ducentos
1280 3820 1566 3892 composuit
1597 3817 1774 3875 Graece
1801 3819 1914 3869 Me-

344 3923 654 3989 tapltrases,
713 3923 769 3976 id
828 3928 935 3986 est,
979 3917 1129 3974 Vitas
1183 3924 1483 3972 sanctorum
1529 3927 1646 3984 qua:
1693 3907 1914 3980 singulis

344 4017 602 4071 Oeensibus
643 4017 856 4085 proprie
895 4015 1157 4086 leguntur.
1192 4007 1559 4080 Ilospinianus
1596 4002 1671 4059 De
1705 4001 1919 4072 templis

347 4107 538 4161 scribit
583 4105 744 4160 Illum
775 4105 932 4176 fuisse
971 4101 1231 4157 trivialem
1261 4095 1716 4166 Constantinopoli
1752 4093 1918 4148 Ludi-

1998 1605 2236 1675 fuerunt,
2284 1604 2374 1658 sed
2411 1612 2468 1656 ut
2511 1603 2622 1674 geri
2665 1610 2969 1672 potuerunt.

2067 1695 2490 1767 Expendantur.
2541 1693 2636 1750 sed
2680 1692 2886 1764 judicio
2931 1677 3279 1762 prudentium
3333 1683 3568 1756 singula.

1995 1788 2330 1860 Μὰγιστρος,
2372 1785 2650 1855 Magister,
2687 1799 2886 1838 nomen
2923 1783 2978 1838 in
3008 1781 3144 1836 Aula
3181 1779 3571 1848 imperatorum

1996 1878 2276 1950 dignitatis
2303 1885 2471 1948 atque
2496 1872 2678 1938 ofﬁcii,
2715 1874 2942 1944 ejusque
2977 1871 3120 1928 inter
3147 1869 3247 1922 alia
3283 1865 3569 1938 praecipui,

1996 1979 2252 2042 tanquam
2304 1969 2395 2039 qui
2450 1967 2636 2023 titulos
2684 1967 2783 2021 sibi
2827 1965 3161 2028 vindicaret,
3205 1956 3573 2030 περιφανοῦς,

1997 2071 2053 2119 et
2084 2060 2470 2133 περιϐλέπτου,
2504 2058 2646 2113 inter
2675 2057 2932 2128 patricios
2965 2056 3143 2110 locum
3173 2053 3432 2118 haberet,
3461 2049 3576 2104 imo

1999 2170 2163 2228 supra
2211 2154 2432 2228 eosdem
2475 2149 2788 2210 haberetur,
2845 2147 2898 2202 in
2946 2144 3192 2202 conciliis
3225 2143 3469 2204 sederet,
3504 2137 3575 2194 ad

1999 2223 2358 2306 sustinendos
2398 2246 2452 2298 in
2499 2243 2822 2312 baptismate
2869 2239 3255 2310 imperatorum
3303 2232 3446 2288 ﬁlios
3477 2231 3578 2286 ad-

1999 2345 2350 2404 scisceretur,
2382 2333 2853 2404 consanguinitate
2885 2328 3201 2386 earumdem
3231 2327 3578 2397 iungeretur,

2001 2430 2338 2506 ignoratione
2369 2441 2552 2482 rerum
2590 2423 2902 2482 Gracarum
2949 2421 3003 2475 in
3049 2416 3533 2487 Ludi-Magistrum
3559 2451 3580 2482 ,

2001 2535 2056 2582 et
2079 2526 2125 2582 si
2157 2523 2263 2581 diis
2297 2521 2478 2593 placet
2501 2527 2558 2575 et
2587 2517 2944 2588 llospiniano,
2979 2511 3261 2570 triuialem.

2084 2619 2208 2689 ipse
2258 2617 2350 2672 hic
2398 2615 2641 2674 demum,
2690 2627 2760 2666 ne
2813 2606 3016 2666 nimius
3053 2606 3178 2670 sim,
3219 2600 3348 2672 quid
3397 2599 3466 2654 de
3514 2611 3584 2652 es

2006 2713 2272 2783 dignitate
2299 2707 2581 2779 scripserit
2616 2703 3010 2761 Constantinus
3039 2696 3582 2766 Porpliyrogenneta,

2008 2805 2100 2876 qui
2135 2805 2277 2860 hanc
2308 2803 2449 2857 bene
2477 2799 2617 2854 scire
2645 2805 2880 2867 poterat,
2928 2795 2984 2848 in
3020 2791 3137 2846 Vita
3174 2785 3353 2842 Basilii
3403 2785 3585 2838 lla-ce»

2007 2875 2189 2961 donis,
2218 2895 2362 2968 quod
2391 2908 2502 2949 non
2552 2892 2627 2946 ita
2677 2889 2898 2945 obvium
2955 2885 3042 2942 sit.
3087 2882 3342 2936 referam.
3388 2875 3590 2931 Narrat

2008 2966 2277 3062 siquidem
2310 2987 2404 3042 ille
2439 2985 2507 3040 de
2533 2981 2771 3037 Basilio:
2805 2979 2915 3050 Τῆς
2959 2977 3015 3031 δὲ
3053 2971 3309 3044 προνηεας
3345 2966 3589 3035 ἀγούσης

2007 3059 2101 3138 τὸν
2173 3077 2454 3134 Βασίλειον
2517 3071 2842 3144 εὐμηχάνως
2913 3067 3048 3140 πρὸς
3101 3067 3238 3132 ὅπερ
3287 3059 3537 3114 ἐϐούλετο
3569 3095 3590 3119 ,

2009 3175 2213 3236 εὐθέως
2257 3170 2394 3244 μετά
2427 3169 2527 3240 τὴν
2555 3169 2622 3220 ὲκ
2651 3165 2750 3234 τῆς
2776 3161 3064 3232 στρατείας
3099 3151 3443 3224 ὑποστροφὴν
3467 3145 3592 3220 [9.6]

2011 3243 2333 3322 uionctsi'sat
2365 3261 2553 3316 τοῦτον
2603 3261 2633 3312 ὁ
2682 3253 2956 3329 βασιλεύς.
3003 3250 3298 3319 Ἐτύγχανε
3339 3243 3450 3312 γὰρ
3483 3257 3593 3294 κα.-

2014 3359 2198 3424 θάπαξ
2249 3357 2458 3419 οἰκείας
2509 3343 2672 3424 γονῆς
2718 3349 2984 3421 ἀμοιρῶν,
3051 3345 3146 3398 καὶ
3185 3339 3287 3410 τῆς
3337 3337 3444 3424 τῶῌν
3483 3350 3595 3424 μαέ

2015 3417 2256 3522 γίστροον
2325 3417 2728 3518 ampliata-pa;
2759 3417 2940 3510 ciuile;
3001 3435 3162 3501 ἀξιοῖ.
3208 3431 3328 3499 Ἐφ’
3391 3417 3467 3480 ὧν
3521 3423 3596 3492 τῇ

2019 3516 2290 3617 gustavit;
2335 3516 2671 3612 purpuraeve;
2711 3536 2740 3588 ὁ
2781 3529 3072 3600 λογοθέτης
3119 3523 3446 3595 Συμσάτιος.
3496 3516 3600 3568 καὶ

2013 3611 2082 3694 ira
2111 3611 2276 3710 ἑξῆς.-
2298 3635 2672 3692 Verumtamen
2721 3626 3047 3700 providentia
3077 3624 3274 3696 ferente
3303 3611 3598 3670 Basiliam,

2017 3733 2087 3786 ad
2120 3705 2205 3794 id,
2228 3729 2367 3798 quod
2399 3724 2588 3779 libebat
2614 3721 2904 3790 aptissime,
2929 3713 3070 3798 illico
3097 3718 3212 3780 post
3252 3705 3404 3760 illam
3442 3714 3601 3798 exer-

2020 3823 2324 3880 citationem
2373 3827 2422 3874 et
2471 3817 2718 3878 reditum,
2747 3791 3036 3882 imperator
3061 3801 3301 3858 eumdem
3333 3810 3428 3865 pro
3459 3791 3600 3860 ﬁlio,

2024 3915 2162 3986 quod
2195 3914 2301 3980 ipse
2332 3907 2502 3964 nullos
2535 3906 2725 3961 liberos
2763 3900 3016 3960 habebat,
3048 3897 3301 3962 adoptat,
3335 3896 3383 3986 et
3424 3883 3607 3954 magi-

2021 3979 2250 4062 strorum
2280 4002 2620 4074 prazfulgente
2656 3995 2916 4067 dignitate
2947 3987 3276 4045 condecorat.
3309 3979 3406 4036 His

2024 4100 2167 4172 pitur
2185 4073 2387 4152 inuidia
2413 4091 2676 4164 logotheta
2718 4083 3041 4157 Symbatius,
3077 4088 3184 4133 etc.
3220 4073 3605 4144 Magistrorum

348 4203 680 4272 magistrum,
736 4198 1126 4252 mendaciorum
1179 4189 1445 4264 Legendus
1485 4190 1790 4260 scripsisse,
1825 4201 1915 4239 nec
1947 4207 1988 4262 ρ
2024 4157 2258 4266 ilignitas
2286 4206 2350 4245 ea
2396 4157 2500 4248 est,
2550 4192 2610 4239 ut
2660 4197 2761 4238 nec
2789 4180 2857 4236 ab
2887 4170 3232 4244 imperatoris
3265 4166 3387 4222 ﬁliis
3424 4157 3606 4231 negli—

347 4293 579 4363 amplius
639 4289 826 4348 abhinc
856 4291 1092 4346 ducentis
1129 4286 1314 4360 uiguiti
1367 4285 1521 4340 annis
1552 4283 1760 4338 vixisse.
1811 4278 1914 4336 Ca-

349 4387 634 4442 saubonus
664 4386 719 4440 in
745 4383 1034 4440 Baronium
1061 4380 1287 4438 exercit.
1318 4378 1404 4443 lli,
1434 4393 1588 4432 num.
1614 4375 1716 4431 95:
1750 4370 1923 4426 Meta-

355 4480 618 4545 phrasta',
667 4477 756 4548 qui
804 4475 968 4530 vitam
1035 4482 1084 4528 et
1138 4488 1221 4527 res
1271 4478 1444 4542 gestas
1495 4465 1720 4539 Longini
1775 4463 1924 4518 istius

355 4571 588 4640 scripsit,
617 4577 822 4623 tantum
865 4565 1143 4620 tribuimus
1188 4579 1280 4619 nos
1309 4569 1566 4633 quantum
1598 4559 1646 4613 ei
1689 4556 1924 4616 debetur,

357 4663 447 4733 qui
499 4659 772 4731 diligentia
817 4673 1047 4721 summa,
1088 4656 1180 4712 sed
1209 4654 1415 4726 judicio
1449 4651 1594 4706 nullo
1638 4652 1693 4704 in
1725 4666 1787 4703 ea
1817 4646 1924 4702 col-

358 4755 576 4810 lectione
599 4753 664 4806 sit
695 4759 935 4805 versatus
967 4762 984 4801 :
1021 4763 1184 4819 neque
1210 4746 1366 4801 aliter
1394 4742 1657 4800 Baronius
1675 4739 1887 4812 judicat
1908 4779 1924 4805 ,

358 4843 559 4913 quoties
593 4841 815 4895 intendit
842 4839 1077 4892 animum
1107 4856 1120 4891 :
1145 4838 1282 4908 quod
1313 4835 1520 4890 utinam
1547 4847 1752 4902 semper
1775 4830 1929 4902 fecis-

354 4947 454 4993 set.
487 4933 570 4990 Ne
598 4935 709 4988 alia
741 4933 854 4987 loca
888 4931 1002 5002 ejus
1029 4932 1312 5002 proferam,
1335 4929 1390 4984 in
1419 4926 1604 4999 quibus
1625 4923 1932 4995 Metaphra-

356 5037 480 5090 stes,
518 5036 573 5082 ut
607 5025 831 5080 anillam
862 5037 999 5092 stupe
1027 5021 1325 5096 fabularum
1353 5019 1731 5076 hamaxarium
1758 5030 1931 5071 severe

281 5195 292 5202 ‘
357 5123 624 5194 castigat:
656 5121 710 5172 in
755 5119 854 5172 hac
878 5117 1099 5172 historia
1151 5131 1253 5170 non
1303 5122 1505 5169 constat
1553 5113 1664 5182 ipse
1701 5110 1820 5164 sibi.
1867 5107 1931 5162 Et

358 5228 514 5268 num.
551 5211 654 5267 96:
683 5210 896 5264 Primus
930 5210 1065 5263 enim
1101 5206 1239 5279 quod
1270 5208 1479 5270 quidem
1507 5205 1658 5258 hodie
1688 5202 1890 5256 sciatur
1915 5241 1928 5263 ,

357 5304 759 5372 Memphi-astes,
819 5301 1044 5370 scriptor
1094 5297 1283 5368 oppido
1337 5312 1546 5358 recens,
1603 5302 1651 5347 et
1703 5303 1932 5360 persa'pe

358 5396 706 5458 nouissimus,
757 5407 1081 5465 magnusque
1121 5388 1420 5462 fabularum
1464 5386 1688 5440 anilinm
1718 5397 1934 5435 consar-

2025 4252 2262 4358 ge‘retur,
2293 4279 2388 4337 sed
2417 4277 2485 4334 ad
2514 4292 2633 4332 eam
2665 4271 2831 4326 veluti
2864 4267 2992 4338 quid
3026 4262 3336 4323 sublimius,
3367 4271 3432 4311 ex
3463 4252 3610 4308 inle-

2029 4353 2171 4454 riqre
2205 4373 2595 4442 imperatorum
2627 4362 2722 4418 lilii
2755 4359 2978 4430 gradum
3021 4353 3282 4408 lacerent.

2105 4431 2197 4522 llla
2229 4431 2320 4536 qui
2355 4461 2578 4523 dicunt,
2611 4467 2782 4526 quare
2829 4462 2937 4504 non
2991 4443 3229 4516 produnt
3279 4431 3609 4494 auctorem?

2029 4560 2187 4630 Apud
2213 4533 2383 4629 quem
2415 4547 2712 4610 invenere?
2742 4555 2799 4600 et
2847 4539 3124 4597 invenisse
3169 4543 3456 4589 necessum
3496 4533 3606 4590 est,

2032 4616 2090 4709 ni
2141 4616 2269 4706 suas
2310 4643 2710 4702 meditationes,
2759 4645 2816 4689 et
2852 4648 2962 4688 non
3018 4643 3131 4685 rem
3166 4633 3372 4694 gestam
3407 4616 3609 4709 litteris

2032 4707 2318 4800 niandant.
2367 4735 2507 4788 Vide
2538 4729 2669 4800 quid
2716 4727 2786 4782 de
2819 4719 3066 4792 magistri
3113 4712 3379 4784 dignitate
3430 4707 3612 4761 disse-

2033 4847 2165 4891 runt
2192 4831 2453 4893 Codinus,
2489 4819 2746 4879 Historiei
2789 4817 2902 4880 alii,
2931 4823 2988 4870 et
3019 4810 3360 4866 Glossatores
3391 4800 3595 4856 Graaco-

2037 4924 2294 4983 Barbari?
2311 4921 2378 4975 Et
2413 4891 2476 4973 ut
2518 4913 2773 4972 acerbius
2801 4905 3099 4966 insaniant,
3153 4899 3376 4958 audiant
3422 4901 3480 4952 et
3524 4891 3615 4946 di-

2034 5026 2210 5079 scant,
2230 5023 2343 5068 tum
2365 5013 2585 5066 demum
2608 5006 2863 5062 fremant,
2894 4996 3311 5066 Metapbrastem
3337 4987 3614 5042 Constan-

2033 5107 2259 5177 tinopoli
2295 5111 2476 5157 ortum
2523 5095 2718 5153 illustri
2765 5090 3006 5154 familia,
3052 5093 3376 5150 summoque
3411 5086 3616 5177 genere

2034 5165 2358 5271 prognatum
2380 5233 2394 5255 ,
2429 5187 2636 5246 divitiis
2675 5183 3066 5243 abundantem,
3096 5177 3164 5230 ab
3193 5165 3616 5240 imperatoribus

2035 5262 2199 5346 variis
2218 5282 2570 5358 dignitatibus
2595 5278 3020 5335 condecoratum
3043 5312 3057 5334 ,
3088 5283 3198 5322 non
3223 5262 3467 5336 potuisse
3490 5271 3616 5313 esse

2037 5381 2132 5435 imi
2175 5349 2418 5433 subsellii
2465 5372 2678 5434 virum,
2706 5366 2882 5422 multo
2925 5363 3106 5418 minus
3134 5353 3414 5412 Trlvialem
3447 5349 3618 5402 Ludi-

360 5491 586 5553 cinator,
618 5487 730 5556 ejus
755 5487 833 5542 rei
863 5486 1117 5540 meminit.
1150 5483 1217 5538 Et
1243 5481 1382 5536 alius
1409 5498 1422 5534 :
1467 5479 1606 5534 Vitas
1632 5485 1932 5530 sanctorum
1961 5497 2012 5555 Β
2041 5472 2374 5544 magistrum.
2410 5465 2638 5526 Michael
2670 5459 2880 5516 Psellus
2927 5451 3188 5510 Encomio
3218 5450 3272 5504 in
3320 5444 3570 5500 eumdem
3599 5452 3613 5492 :

2582 5555 2589 5556 ,
2882 5546 2999 5556 --.
3087 5541 3165 5556 -..
3270 5533 3591 5556 .,-,-ι---τ

365 5579 653 5634 translatas
686 5577 878 5634 Latine
938 5578 1078 5645 apud
1111 5575 1493 5642 Lipamannm,
1523 5579 1570 5623 et
1599 5567 1816 5623 Surium
1843 5566 1929 5620 hac

363 5669 576 5736 bemus;
615 5673 703 5726 sed
753 5671 984 5741 plurima
1039 5671 1093 5722 in
1147 5669 1212 5720 iis
1271 5663 1503 5736 fabulose
1546 5659 1740 5728 scripta
1787 5663 1930 5711 sunt.

371 5754 567 5828 Νέωνι
606 5759 1008 5832 Metaphrastrs,
1046 5769 1098 5811 ut
1134 5755 1483 5824 Bellarmintts
1522 5751 1787 5808 verissime
1821 5753 1937 5814 ait,

2041 5533 2290 5632 Kairdys
2315 5555 2790 5628 θαυμασιώτερον,
2809 5550 2906 5603 καὶ
2932 5546 3013 5600 διὸ
3039 5541 3238 5615 μᾶλλον
3264 5537 3332 5592 ἄν
3355 5551 3439 5597 τις
3462 5533 3618 5632 ’ἐκεί-

2043 5673 2134 5711 νον
2167 5653 2525 5725 Θαυμάσειεν,
2558 5649 2641 5702 ὃτι
2663 5643 2760 5699 καὶ
2785 5641 2981 5713 γένους
3011 5632 3068 5690 εὖ
3103 5633 3262 5704 ἔχωνέ
3295 5629 3389 5682 καὶ
3417 5625 3487 5677 τὰ
3516 5627 3620 5687 τῆς

2047 5714 2303 5809 εὐκλείαξ
2332 5714 2545 5798 οἴκοθεν
2577 5733 2934 5807 κεκτημένος,
2969 5727 3128 5800 βαθεῖ
3159 5739 3220 5778 τε
3272 5714 3492 5787 πλούτῳ
3521 5731 3619 5767 κο⁴
