3826 6492
1271 265 1296 292 \

2819 247 2833 284 \

257 337 329 402 ρει
1557 343 1829 414 LEON‘is
1869 349 2172 420 ALLATII
3429 343 3509 418 94

260 459 394 512 rem,
430 450 872 522 coneictor’emque
905 453 1214 508 Theodosius
1245 455 1510 526 Augustus
1535 475 1627 528 per
1658 476 1835 514 omnes

1940 467 2144 529 sitores,
2182 467 2567 537 interpretatus
2598 474 2680 520 est
2710 467 2818 519 nan
2873 464 3036 530 male,
3065 461 3231 520 veluti
3264 470 3511 518 castren-

260 541 514 594 honorum
545 543 744 610 gradus
767 560 832 597 ac
858 545 1142 616 dignitates
1169 549 1359 616 evexit,
1389 567 1452 604 ac
1476 557 1683 606 demum
1717 570 1834 606 ma-

259 634 483 705 gistrum
514 637 752 702 creauit;
778 647 826 691 ct
852 647 1039 692 auctus
1068 648 1166 702 est.
1197 649 1455 712 tanquam
1496 644 1587 714 qui
1607 654 1835 713 potesta—

261 735 362 782 tem
391 737 439 782 et
469 729 768 784 libertatem
813 732 1044 787 adeundi
1091 750 1211 788 cum
1261 737 1555 806 Augustum
1611 735 1836 790 Theodo-

258 821 416 887 sium,
451 833 563 876 tum
579 824 896 895 Augustam,
924 836 982 880 ut
1010 827 1101 898 qui
1125 828 1402 882 amborum
1433 827 1834 898 parangmphus

258 914 451 983 fuerat.
491 915 618 972 Post
655 917 789 974 alias
827 919 1122 988 dignitates
1171 922 1546 990 magistratum
1576 921 1743 986 adiit,
1779 929 1831 976 et

259 1017 451 1062 auctus
476 1016 578 1062 est.
609 1009 649 1062 Α
685 1009 970 1068 vilioribus
993 1013 1062 1068 ad
1101 1014 1402 1069 celebriora
1427 1050 1442 1080 ,
1483 1015 1528 1070 si
1575 1015 1835 1070 accresci-

258 1114 402 1166 mus,
435 1103 660 1174 gradum
711 1103 960 1160 facimus.
1011 1105 1065 1162 Si
1117 1109 1234 1162 haec
1283 1107 1466 1162 munia
1514 1117 1644 1162 sunt
1690 1107 1834 1177 apud

261 1188 478 1248 Graecos
506 1193 889 1266 Ludimagistri
907 1237 922 1261 ,
951 1197 1206 1269 illiusque
1233 1198 1500 1262 Trivialis,
1527 1213 1648 1268 quas
1675 1207 1837 1253 erunt

259 1285 402 1353 apud
441 1301 564 1350 vos,
593 1285 958 1359 Hospiniane,
993 1291 1241 1353 comitis,
1268 1290 1515 1360 patricii,
1547 1291 1834 1346 ductorum

260 1378 561 1448 exercitus,
606 1395 672 1436 ac
712 1383 929 1438 tandem
983 1383 1259 1439 Caesaris?
1302 1381 1530 1438 Possem
1579 1383 1669 1438 hic
1719 1382 1836 1452 ipse

259 1471 437 1526 multo
467 1472 652 1542 plures
683 1491 750 1530 ex
797 1475 994 1530 vestris
1036 1490 1344 1538 recensere,
1390 1475 1482 1545 qui
1527 1473 1836 1529 erudiendis

260 1563 446 1630 pueris
487 1566 740 1623 mercede
785 1568 1044 1624 vilissima
1093 1583 1312 1639 operam
1354 1583 1507 1622 suam
1553 1566 1832 1628 locarunt,

261 1653 314 1707 in
351 1669 543 1725 magna
577 1665 754 1712 tamen
787 1659 928 1728 apud
959 1673 1056 1714 vos
1087 1658 1470 1724 aestimatione,
1507 1665 1562 1712 et
1600 1655 1724 1712 ﬁde.
1769 1655 1837 1710 Et

262 1757 317 1800 tn
353 1747 454 1803 hcc
483 1763 592 1804 uno
625 1750 847 1807 nomine
887 1749 1273 1820 Ludimagistri
1323 1749 1567 1804 Trivialis
1600 1748 1832 1820 ignomi-

1941 560 2018 613 sis
2061 559 2304 630 pecunia:
2351 559 2755 628 dispensatores
2803 565 2858 612 ct
2919 564 3224 611 curatores.
3269 553 3510 610 Tandem

1943 654 2162 708 labente
2195 652 2734 723 impcriologotetlue
2765 666 2965 706 munus
3015 649 3085 704 ad
3135 649 3238 703 alia
3301 661 3516 718 quoque

1941 760 2167 800 numera
2228 745 2551 800 distractum
2581 753 2685 808 est,
2728 753 2784 798 et
2823 743 2994 814 prima
3029 743 3111 798 sui
3155 740 3364 811 origine
3386 739 3516 793 uni-

1941 855 2090 904 cum,
2147 839 2412 912 gliscente
2465 838 2774 908 principum
2836 837 3064 892 libidine
3123 835 3178 890 in
3247 833 3514 904 plurimos

1943 929 2193 986 surculos
2244 929 2536 983 divulsum.
2575 927 2716 982 llinc
2769 925 2912 982 ὁτοῦ
2963 921 3206 981 Γενικοῦ.
3268 918 3518 980 Incertus

1941 1023 2009 1076 de
2043 1020 2238 1076 ofﬁciis
2283 1019 2471 1089 palatii
2501 1009 3116 1091 Constantinopolitani,
3170 1016 3282 1071 Kal.
3301 1018 3388 1070 τὸν
3422 1032 3517 1084 γε·-

1941 1113 2090 1167 νικὸν
2138 1111 2432 1182 λογοοέτην
2487 1111 2698 1182 εἰσόρα.
2735 1109 2802 1164 Et
2845 1109 3140 1182 generalem
3203 1104 3520 1179 logothetam

1941 1207 2194 1273 conspice.
2249 1205 2317 1260 Et
2357 1203 2645 1260 Matthteus
2677 1203 2981 1258 monachus
3012 1201 3080 1257 de
3110 1200 3320 1264 iisdem,
3391 1197 3522 1252 Ἐπὶ

1939 1297 2216 1368 τραπέζης
2253 1296 2404 1352 ἄλλοι
2425 1311 2484 1350 τε
2509 1293 2730 1350 Γενικοῦ
2748 1293 3056 1364 λογοθέτης.
3099 1289 3138 1345 Α
3193 1307 3370 1346 mensa
3421 1287 3520 1342 alii

1941 1389 2202 1462 generalis
2269 1389 2555 1460 logotheta.
2601 1387 2706 1442 Alii
2761 1393 3044 1442 verterunt
3089 1383 3270 1440 aerarii
3295 1397 3519 1452 genera-

1941 1483 2028 1538 lis.
2075 1483 2405 1538 Indumenta
2436 1479 2989 1538 describitCodinus:
3024 1477 3098 1532 Τὸ
3113 1475 3208 1530 τοῦ
3227 1471 3515 1542 λογεθέτου

1937 1573 2032 1628 τοῦ
2066 1575 2289 1628 Γενικοῧ
2343 1575 2583 1630 σκιάδιον
2629 1573 2821 1627 λευκὴν
2850 1570 3064 1642 βλατίον
3089 1566 3227 1640 μετὰ
3269 1563 3516 1637 μαργελ-

1939 1667 2086 1722 λίων.
2111 1667 2184 1720 Τὸ
2213 1666 2522 1722 Καῦὁάδιον
2561 1668 2625 1720 ἐκ
2645 1666 2750 1720 τῶν
2789 1665 3034 1734 συνήθως
3086 1660 3516 1731 πολιτευομένων

1942 1761 2192 1833 βλατίων.
2233 1761 2307 1814 To
2358 1760 2414 1813 δὲ
2449 1763 2780 1832 σκαράνικον
2820 1759 3183 1831 χρυσόλευκον
3245 1753 3515 1826 βλατινδν,

259 1841 403 1894 niam
425 1879 440 1904 ,
471 1850 635 1912 atque
665 1843 944 1900 infamiam
981 1845 1360 1914 comparabis,
1401 1851 1458 1900 et
1485 1842 1554 1898 de
1575 1840 1835 1912 dignitate

1941 1853 2300 1924 συρματέῖνον
2326 1851 2448 1923 ἕχον
2471 1852 2780 1922 ἔμπροσθέν
2809 1867 2869 1904 τε
2903 1851 2999 1904 καὶ
3031 1847 3257 1904 ὄπισθεν
3299 1845 3398 1917 τὴν
3423 1848 3518 1899 τοῦ

259 1933 614 1990 dcturbabis?
657 1934 762 1990 alia
803 1937 1192 2008 pessumdandi
1237 1935 1550 1992 Catholicos
1597 1931 1837 1989 ineunda

238 2025 344 2079 qia
388 2034 491 2081 est;

327 2118 466 2174 Cum
502 2134 634 2176 vero
661 2135 770 2175 non
800 2121 1044 2194 magistri
1087 2129 1299 2178 tantum
1335 2117 1630 2194 dignitate,
1655 2117 1754 2176 sed
1784 2125 1840 2173 et

260 2209 575 2282 Logothetse
602 2211 998 2284 Metaphrastes
1024 2225 1212 2270 noster
1235 2214 1431 2272 enituit
1455 2255 1470 2279 ,
1497 2229 1608 2269 non
1638 2212 1738 2268 abs
1781 2225 1840 2266 re

261 2303 446 2366 fuerit.
487 2305 534 2360 si
573 2305 837 2362 nonnulla
871 2321 972 2362 nos
1003 2307 1166 2362 etiam
1208 2289 1522 2369 aﬁ‘crarnus,
1573 2314 1632 2360 ut
1663 2302 1840 2376 digni-

262 2406 373 2454 tate
416 2397 577 2454 oﬁicii
625 2395 916 2476 Symeonis
958 2397 1278 2469 dignitatem
1330 2405 1480 2452 tanto
1517 2394 1838 2468 cognomine

262 2491 526 2546 illustrem
552 2490 982 2562 conspiciamus.
1030 2489 1108 2544 De
1154 2489 1539 2546 Ecclesiastico
1566 2503 1677 2543 non
1718 2503 1839 2544 mo-

262 2594 376 2644 ror,
415 2587 625 2634 tantum
655 2579 722 2635 de
751 2578 998 2634 Palatino
1029 2577 1208 2632 oﬁicio
1239 2593 1416 2633 sermo
1458 2577 1550 2631 sit.
1599 2576 1696 2638 Illi,
1731 2575 1840 2629 Lo-

261 2669 496 2741 gothetae
549 2671 767 2741 proprie
817 2680 974 2724 erant
1018 2671 1112 2739 qui
1167 2669 1411 2725 rationes
1451 2668 1700 2734 ﬁscales,
1749 2662 1836 2721 vel

262 2763 511 2833 publicas
550 2773 922 2834 cognoscunt,
973 2773 1027 2818 ct
1065 2763 1374 2833 disceptant
1404 2779 1417 2817 :
1444 2772 1836 2832 sumptusque,

261 2854 350 2909 vel
404 2853 660 2911 introitus
715 2856 790 2910 ita
841 2853 1114 2927 dirigunt,
1177 2863 1236 2908 ut
1263 2853 1608 2924 -rcipublica:
1659 2853 1838 2923 potius

262 2962 426 3018 quam
465 2949 798 3018 privatorum
835 2948 958 3018 iura
1000 2949 1346 3004 sustineant:
1378 2963 1474 3002 eos
1503 2947 1841 3002 discussores

261 3040 508 3096 nonnulli
533 3047 874 3110 nuncupant.
903 3040 1201 3111 Proc0pius
1219 3040 1316 3096 lib.
1335 3040 1404 3096 lll
1425 3039 1556 3096 Belli
1577 3036 1794 3095 Gothici
1820 3055 1832 3091 :

261 3129 371 3187 ‘llv
393 3132 451 3186 δᾶ
480 3133 828 3204 Ἀλέξανδρός
857 3150 942 3198 τις
987 3135 1045 3188 ἐν
1071 3131 1356 3205 Βυζαντίῳ
1395 3137 1508 3197 τοῖς
1553 3133 1834 3203 δημοσίοις

261 3225 505 3296 ἐφεστὼς
532 3226 830 3296 λογισμοῖς,
850 3225 1142 3296 λποθὲτην
1163 3225 1530 3296 ἑλληνίζοντες
1554 3226 1654 3294 τὴν
1669 3222 1834 3294 τιμὴν

260 3319 470 3390 ταύτην
492 3318 715 3374 καλοῦσι
756 3318 1037 3389 Ῥωμαῖοι.
1070 3319 1370 3374 Alexander
1415 3335 1534 3374 vero
1571 3314 1838 3388 quispiam

260 3411 510 3480 Byzantii
563 3411 738 3464 ration
761 3411 854 3465 bus
899 3411 1118 3478 publicis
1165 3419 1432 3480 prteerat,
1485 3407 1832 3480 Logothetam

261 3503 443 3560 Greece
494 3501 740 3558 uocabulo
789 3503 1016 3558 Romani
1071 3513 1277 3558 vocant.
1329 3501 1468 3558 Hinc
1513 3499 1838 3570 Λογοοέσιον

263 3593 556 3648 πολιτικῶν
605 3597 822 3666 πόρων,
853 3595 1000 3666 quod
1044 3594 1364 3666 Theophani
1411 3601 1529 3656 est,
1561 3599 1618 3647 ut
1665 3591 1836 3646 adno-

265 3686 396 3743 tavit
432 3686 786 3751 Alemannus,
827 3687 1047 3741 Γενικδν
1079 3679 1406 3756 λογοθὲσιον.
1453 3687 1521 3741 Et
1561 3677 1835 3755 Nicepho-

261 3794 356 3832 rus
403 3777 712 3848 patriarcha
738 3815 753 3841 ,
800 3775 1084 3846 Δημοσίων
1113 3777 1298 3846 πόρων
1346 3772 1604 3845 λογιστὴν
1630 3775 1684 3828 in
1720 3771 1834 3844 [29]

261 3870 536 3925 breviario
592 3869 878 3931 historico.
912 3867 1166 3922 Θεόδοτον
1216 3867 1273 3922 δέ
1299 3885 1420 3922 τινα
1461 3866 1694 3938 μοναχὸν
1745 3861 1837 3934 ἔγ-

259 3961 506 4015 κλειστον
525 3959 588 4014 τὸ
622 3960 885 4032 πρότερον
902 3960 1043 4015 κατὰ
1065 3959 1134 4014 τὰ
1150 3947 1390 4032 Θρᾳκῶα.
1406 3958 1502 4012 τοῦ
1527 3957 1712 4012 στενοῦ
1749 3957 1835 4010 λε-

259 4055 494 4124 γομένου
585 4052 754 4124 πόρου
827 4053 1112 4122 γεγονότα.
1179 4051 1288 4106 τῶν
1353 4051 1628 4122 δημοσίων
1690 4051 1836 4119 λογιο

261 4145 415 4216 στῆν,
494 4145 553 4199 ὃν
595 4145 660 4198 τὸ
709 4143 959 4215 δημῶδες
1030 4143 1327 4214 λογοοέτην
1389 4142 1636 4208 καλοῦσι,
1701 4141 1835 4194 καθ-

262 4238 492 4309 ίστησιν.
510 4237 656 4293 Idem
682 4253 840 4308 porro
863 4235 1188 4290 Theodorum
1207 4235 1487 4307 quemdam
1503 4235 1834 4298 monachum,

259 4331 349 4400 qui
398 4330 542 4401 prius
588 4329 644 4382 in
693 4329 928 4384 Thracia:
969 4327 1164 4398 [inibus
1195 4322 1266 4382 ad
1291 4327 1414 4398 {reti
1439 4327 1720 4399 angustias
1749 4327 1835 4381 in-

257 4422 459 4477 clusam
502 4439 566 4476 ac
604 4421 900 4476 solitariam
926 4422 1093 4476 vitam
1137 4421 1380 4484 duaerat,
1437 4420 1634 4492 publici
1694 4437 1835 4476 tera-

1941 1945 2204 2018 βασιλέως
2257 1945 2440 1998 εἰκόνα.
2471 1944 2820 2010 διαγὲλαστον
2853 1941 3041 2013 ὥσπερ
3071 1941 3164 1995 καὶ
3205 1931 3296 1994 τοῧ
3336 1939 3519 2008 Πριμ-

1942 2033 2226 2105 μικηρὶου,
2261 2034 2356 2088 καὶ
2383 2034 2512 2086 ἄνευ
2543 2031 2867 2086 δικανικίου.
2898 2029 3198 2101 Logothetw
3254 2019 3520 2099 generalis

1940 2125 2116 2179 (trarii
2169 2123 2334 2193 pileus
2362 2133 2435 2178 est
2481 2123 2632 2176 albus
2661 2138 2868 2191 pannus
2906 2135 3022 2173 cum
3057 2117 3344 2189 margellis,
3377 2117 3506 2168 calt-

1937 2218 2150 2272 badium
2185 2233 2251 2271 ea:
2301 2217 2390 2278 iis,
2421 2231 2539 2285 qua:
2600 2213 2866 2268 communi
2931 2225 3072 2264 more
3119 2209 3317 2281 gestari
3346 2207 3519 2262 solent

1940 2311 2276 2366 vestimentis.
2309 2304 2653 2364 Searanicum
2679 2306 2828 2360 aurei
2854 2313 2901 2358 et
2927 2299 3031 2356 albi
3073 2301 3262 2356 coloris
3285 2309 3359 2354 est
3389 2315 3518 2367 pur-

1940 2420 2156 2474 pureum
2190 2411 2237 2456 et
2288 2399 2632 2470 ﬁmbriatum,
2690 2397 2883 2452 habens
2933 2406 3057 2450 ante
3112 2404 3160 2448 et
3219 2404 3357 2448 retro
3412 2393 3518 2446 imi

1939 2497 2196 2558 peratoris
2221 2495 2504 2566 imaginem
2567 2491 2813 2563 pellucidi
2859 2491 2984 2544 uitri
3015 2487 3377 2542 consimilem:
3425 2501 3518 2538 cu-

1934 2591 2170 2661 jnsmodi
2215 2591 2377 2644 etiam
2453 2597 2526 2642 est
2584 2587 2916 2641 scaranicum
2981 2581 3312 2636 Primiccrii:
3377 2586 3520 2632 caret

1942 2679 2368 2752 sceptro..llujus
2395 2677 2736 2734 iunctionem
2768 2674 3102 2746 incognitam
3140 2686 3240 2726 suo
3273 2674 3518 2738 tempore

1942 2777 2112 2832 fuisse
2158 2775 2412 2846 perhibet
2453 2773 2597 2828 idem
2631 2771 2894 2835 Codinus,
2941 2769 3006 2824 Ἡ
3030 2768 3120 2821 τοῦ
3169 2765 3394 2820 Γενικοῦ
3427 2763 3520 2816 λο-

1941 2869 2162 2939 γοοέτου
2216 2867 2490 2936 ὑπηρεσία
2531 2865 2592 2919 οὗ
2641 2861 2988 2934 γινώσκεται.
3031 2854 3303 2916 Generalis
3373 2849 3518 2927 loga-

1942 2961 2098 3012 them
2146 2973 2339 3010 munus
2401 2956 2696 3026 ignoratur.
2759 2952 2859 3006 Hic
2915 2948 3158 3004 Codinus
3212 2963 3242 3000 a
3282 2943 3516 3000 Meursio

1942 3050 2191 3122 vapu'nt:
2213 3048 2482 3104 Meursius
2497 3043 2828 3116 a;Gretsc.ro,
2845 3059 2916 3098 an
2941 3043 3105 3106 bene,
3131 3039 3378 3109 judicent
3400 3035 3513 3122 alii.

1945 3121 2056 3213 Ego
2074 3140 2223 3196 vocis
2238 3136 2564 3205 γινώσκεται
2588 3131 2950 3206 signiﬁcatum
2968 3129 3116 3184 illum
3132 3141 3250 3182 esse
3267 3121 3516 3186 dixerim,

1943 3251 2046 3288 non
2078 3233 2238 3292 nosci,
2277 3244 2386 3285 non
2427 3243 2550 3284 esse
2593 3224 2876 3282 scilicetin
2900 3237 3040 3288 usu;
3095 3235 3158 3275 ea
3186 3217 3357 3282 enim,
3394 3225 3536 3284 quur

1941 3325 2225 3382 desierunt
2273 3335 2376 3375 nec
2405 3319 2457 3373 in
2489 3333 2592 3374 usu
2647 3325 2794 3380 sunt,
2861 3313 3004 3369 inter
3062 3311 3296 3366 aliorum
3353 3319 3514 3362 usum

1944 3416 2170 3472 minime
2217 3411 2470 3485 cognosci
2527 3405 2800 3465 dicuntur.
2857 3405 3007 3461 Alter
3061 3411 3177 3459 erat
3229 3397 3520 3466 λογοθέτης

1940 3510 2036 3564 τοῦ
2093 3509 2318 3580 δρόμου.
2363 3505 2630 3568 Incertus,
2678 3501 2736 3554 Ὀ
2764 3495 3066 3570 λογοθετῶν
3101 3495 3197 3550 σὺν
3225 3491 3374 3562 αὑτῷ
3403 3488 3517 3552 τοῖς

1940 3601 2036 3658 τοῦ
2058 3600 2284 3672 δρόμου.
2342 3597 2556 3668 Unaque
2582 3611 2700 3648 cum
2724 3609 2783 3646 eo
2808 3589 3067 3662 logotetha
3094 3602 3298 3642 cursus.
3333 3580 3514 3672 Vesti-

1941 3670 2123 3750 menta
2160 3670 2302 3748 illius
2344 3705 2412 3745 ex
2443 3687 2670 3748 Codino,
2703 3683 2776 3737 Τδ
2801 3682 2893 3736 τοῦ
2942 3679 3224 3750 λογοοέτου
3263 3675 3360 3730 τοῦ
3396 3670 3519 3744 δρό⁴

1943 3804 2043 3859 μου
2075 3785 2334 3846 σκιάδιον,
2370 3777 2483 3836 οἷον
2541 3779 2603 3859 rb
2637 3773 2731 3830 τοῦ
2785 3773 3026 3846 μεγάλου
3072 3766 3510 3859 Χαρτουλμρίου.

1937 3853 2252 3932 ὧακεωὶλδα
2273 3873 2330 3927 δὲ
2365 3872 2520 3940 φορεῖ
2544 3856 2700 3931 οὗτος
2727 3869 2820 3920 καὶ
2865 3859 3256 3933 ὀπιλουρίκιον,
3287 3857 3348 3910 οὑ
3408 3853 3518 3926 μὴν

1941 3968 2293 4040 σκαράνικον.
2310 3964 2610 4036 ιοςιοειιειω
2641 3976 2824 4016 cursus
2849 3955 3014 4028 pileus
3041 3963 3115 4008 est
3139 3949 3311 4023 qualis
3339 3948 3520 4019 magni

1943 4039 2431 4118 Chartularii.Fert
2465 4056 2561 4110 iste
2592 4049 2931 4108 Phaceolium
2961 4054 3010 4101 et
3026 4042 3142 4119 ['50]
3167 4039 3518 4113 epiloricium,

1943 4163 1999 4208 at
2041 4167 2143 4206 non
2168 4149 2524 4205 scaranicum.
2560 4137 2626 4198 Et
2682 4158 2806 4212 cap.
2871 4136 2904 4194 ὅ
2941 4155 2955 4193 :
2992 4137 3050 4192 '0
3076 4133 3366 4204 λογοθέτης
3419 4129 3514 4182 τοῦ

1939 4245 2142 4317 δρόμου
2194 4238 2306 4312 εἶχε
2340 4241 2438 4312 μὲν
2465 4236 2655 4291 ’πάλαι
2725 4233 2821 4287 καὶ
2871 4226 3026 4291 οὗτος
3045 4223 3350 4297 ὑπηρεσίαν
3385 4222 3518 4292 ἡμῖν

1941 4339 2366 4405 ἀνεπίγνωστον,
2395 4327 2489 4385 νῦν
2545 4329 2604 4382 δὲ
2643 4321 2920 4396 οὐδεμίαν.
2973 4317 3258 4392 Lagotheta
3335 4329 3520 4370 cursus

1941 4432 2067 4486 olim
2095 4429 2276 4484 habuit
2311 4423 2624 4497 {unctionem
2648 4410 2792 4472 nobis
2819 4412 3164 4483 incognitam,
3213 4425 3350 4462 nunc
3400 4423 3520 4461 vero

263 4515 332 4568 νίὶ
385 4515 692 4584 ρναείειτιιηι
739 4515 1028 4581 constituit.
1083 4530 1236 4584 quem
1291 4511 1634 4583 ιοθοιιιειαηι
1683 4513 1836 4584 vulgo
1868 4528 1914 4586 ι)
1945 4521 2172 4576 nullam.
2217 4501 2490 4584 Quidquid
2521 4511 2668 4566 dicat
2693 4506 2958 4569 Codinus,
2999 4501 3337 4558 iunctionem
3370 4497 3517 4552 illius

261 4612 590 4676 nuncupant.
643 4603 731 4670 Et,
773 4601 996 4665 Τούτοις
1033 4603 1278 4673 ἡγεμόνα
1315 4601 1602 4673 ἐφίστησιν
1660 4603 1835 4657 Ἰωάν-

259 4717 358 4768 νης
413 4697 659 4751 διάκονον
699 4695 794 4750 τδν
850 4695 1115 4767 Μεγάλης
1179 4695 1500 4766 ἐκκλησίας,
1555 4696 1653 4749 καὶ
1718 4695 1832 4748 τῶν

256 4790 533 4860 δημοσίων
595 4791 776 4860 φόρων
838 4788 1112 4860 λογιστὴν,
1159 4787 1220 4840 ὃν
1269 4788 1561 4858 λογοθέτην
1618 4787 1834 4856 γενικὸν

256 4879 365 4936 οἶδε
391 4881 578 4936 καλεῖν
625 4883 654 4950 ἡ
721 4879 1002 4951 συνήθεια,
1074 4879 1390 4952 ὑπάρχοντα
1465 4879 1714 4950 ἔμφρονά
1767 4895 1832 4932 τε

258 4976 356 5028 καὶ
404 4973 667 5045 ἔμπειρον
733 4973 1160 5044 καθιστάμενον.
1230 4963 1466 5027 Summa:
1511 4972 1696 5025 deinde
1753 4971 1831 5026 rei

255 5068 514 5121 Joannem
548 5067 764 5137 perfecit
796 5065 1003 5137 Magna
1051 5059 1284 5118 ecclesiis
1335 5065 1638 5124 diaconum,
1665 5071 1712 5116 et
1737 5079 1831 5114 eu-

260 5168 494 5213 ratorem
545 5157 872 5228 publicorum
922 5157 1282 5228 vectigalium,
1343 5165 1498 5228 quem
1529 5153 1832 5228 generalem

261 5249 584 5321 logothetam
605 5249 877 5320 appellare
907 5249 1065 5320 uulgo
1095 5247 1284 5313 solent,
1309 5250 1482 5304 virum
1507 5249 1834 5317 prudentem,

257 5351 309 5397 et
337 5343 626 5396 multarum
661 5357 839 5396 rerum
873 5341 1195 5410 experientia
1215 5340 1517 5410 praditum.
1572 5333 1839 5394 Iustinia-

257 5451 362 5490 nus
402 5445 611 5504 postea,
671 5443 728 5490 ut
748 5434 1048 5504 ProcOpius
1071 5434 1235 5488 tradit
1263 5433 1316 5487 in
1380 5431 1720 5495 ἀνεκδότοις,
1747 5431 1835 5486 vi-

259 5541 350 5582 ros
379 5542 408 5580 a
456 5541 516 5581 se
563 5525 834 5580 militibus
877 5525 1226 5590 constitutos,
1285 5525 1376 5594 qui
1423 5539 1490 5578 ex
1533 5525 1680 5580 omni
1731 5524 1836 5580 ho-

260 5617 468 5672 minum
528 5631 749 5687 genere,
813 5631 978 5684 «luam
1049 5615 1340 5670 maximam
1403 5617 1693 5686 pecuniam
1783 5617 1836 5671 in

255 5708 451 5760 castris
473 5705 810 5774 colligerent,
845 5704 1160 5773 λογοθὲτας,
1182 5705 1478 5776 logothetas
1513 5707 1830 5778 appellavit.

263 5791 473 5870 ὀνομα
507 5797 873 5868 fatim/obita;
908 5798 1091 5862 αὐτοῖς
1127 5797 1297 5866 ἔθετο,
1337 5792 1670 5858 ιῖιοιηιιηηνδ
1697 5801 1834 5856 Cen-

1941 4615 2102 4670 nobis
2159 4605 2500 4668 conservavit
2530 4603 2876 4672 Nicephorus
2909 4593 3218 4668 patriarcha
3279 4591 3336 4646 in
3391 4589 3518 4644 bre-

1941 4702 2112 4760 viario
2139 4700 2401 4757 historico
2428 4715 2442 4752 :
2475 4695 2582 4749 Τοῦ
2607 4693 2652 4747 δ’
2682 4689 2752 4762 ἦν
2782 4689 3058 4759 Ἀντίοχος
3091 4684 3190 4756 μὲν
3218 4683 3246 4735 ό
3277 4680 3385 4734 τῶν
3429 4678 3517 4749 δηι

1942 4795 2146 4866 μοσίων
2180 4788 2526 4861 πραγμάτων
2574 4784 2672 4846 τὰς
2721 4781 3064 4849 ὑπομνήσεις
3120 4771 3270 4844 αὖτῷ
3323 4771 3514 4825 Gram.

1941 4863 2136 4957 μίζων.
2173 4879 2479 4949 Λογοθέτην
2513 4877 2571 4930 δὲ
2618 4873 2712 4928 τοῦ
2741 4872 2945 4945 δρόμου
2984 4870 3081 4940 τὴν
3103 4867 3262 4935 ἀξίαν
3311 4863 3516 4936 οἱπερὶ

1935 4977 2004 5030 τὰ
2043 4971 2290 5048 βασίλεια
2325 4969 2600 5024 καλοῦσιν.
2636 4967 2717 5022 Ex
2745 4965 2810 5020 iis
2833 4963 3112 5017 Antiochus
3141 4959 3390 5029 magister
3409 4973 3521 5010 me-

1936 5069 2136 5130 moriae,
2195 5080 2346 5136 quem
2383 5063 2756 5132 magistratum
2787 5057 3108 5130 logothetam
3157 5068 3360 5116 cursus,
3426 5052 3519 5122 qui

1936 5162 1992 5214 in
2013 5154 2140 5214 aula
2170 5150 2604 5226 sunt,-appellarc
2623 5150 2978 5208 solent.Notat
3008 5143 3262 5204 Petavius
3282 5141 3520 5210 Λογοθέ-

1937 5269 2037 5322 την
2065 5249 2158 5304 τοῦ
2180 5249 2404 5320 δρόμου,
2462 5247 2566 5302 dici
2599 5245 2688 5301 hic
2717 5261 2748 5300 a
2771 5242 3112 5313 Nicephoro:
3151 5237 3255 5292 Τὸν
3283 5234 3392 5290 τῶν
3423 5233 3518 5304 δη-

1943 5341 2145 5413 μοσίων
2177 5337 2520 5410 πραγμάτων
2577 5337 2678 5402 si;
2721 5333 3062 5406 ὑπομνήσεις
3109 5326 3514 5400 διακομίζοντα.

1939 5434 2095 5502 Quod
2127 5434 2371 5506 magistri
2421 5430 2697 5486 memoriae
2751 5426 3035 5500 proprium
3084 5431 3223 5480 erat.
3277 5421 3381 5487 Qui
3457 5429 3516 5474 ut

1939 5535 2014 5580 est
2063 5525 2117 5579 in
2144 5523 2354 5578 Notitia
2403 5521 2613 5591 imperii
2677 5515 2992 5581 Orientalis,
3023 5513 3516 5576 annotationesai-
3589 5585 3594 5590 ι

1939 5626 2066 5682 ctat,
2119 5617 2214 5670 hoc
2239 5625 2336 5684 est,
2382 5616 2673 5684 scripturas
2709 5615 2903 5675 breves,
2934 5609 3122 5682 quibus
3153 5625 3215 5663 ea
3246 5607 3517 5662 continett-

1939 5719 2043 5776 tur,
2085 5725 2203 5780 qua:
2265 5709 2516 5776 principis
2571 5707 2778 5760 nomine
2813 5711 3144 5768 statuuntur,
3171 5710 3265 5755 aut
3319 5695 3484 5765 confii-

1938 5813 2173 5870 utantur,
2202 5801 2292 5856 sed
2312 5810 2358 5856 et
2394 5800 2628 5870 precibus
2665 5797 2962 5868 respondet,
3006 5796 3098 5849 hoc
3126 5803 3220 5864 est,
3272 5804 3515 5862 responsa
