3826 6464
228 354 306 422 25
904 352 1001 419 DE
1037 351 1380 418 SCRIPTIS
1418 351 1799 417 SYMEONIS
1838 350 2414 417 METAPHRAST/E
2457 354 2846 417 DIATRIBA.
3415 358 3487 423 26

232 477 424 540 dictat,
471 491 590 547 qua
626 476 865 547 princeps
901 452 1088 529 libellis
1104 474 1423 544 supplicibus
1468 474 1708 528 dederit:
1742 472 1814 526 ad
1845 473 2123 542 Apr-imas
2168 481 2354 543 partes
2391 472 2687 536 sustineas,
2725 477 2782 527 et
2814 469 2965 541 gigas
2991 468 3106 540 ipse
3136 469 3278 526 inter
3327 472 3496 528 mini.

232 572 344 623 hac
386 570 686 637 diplomata
738 570 807 623 ad
849 568 1160 623 currendum
1191 567 1399 621 nomine
1453 566 1706 636 principis
1732 565 1813 620 vel
1914 581 2033 621 mos
2060 566 2390 635 pumiliones
2416 567 2502 622 vel
2550 566 2762 621 balaena
2803 564 2945 619 inter
2975 564 3216 619 minutos
3256 567 3495 635 piscicu-

232 662 481 732 magistri
530 662 812 730 oﬂiciorum
861 662 991 714 dare
1041 659 1276 713 muneris
1328 659 1563 730 ejusdem
1604 658 1726 727 fuit,
1779 674 1811 710 a

232 768 336 823 quo
405 749 699 820 λογοοέτης
727 747 820 803 τοῦ
871 749 1072 819 δρόμου
1125 748 1296 802 dictus
1329 756 1423 803 εει.
1457 747 1674 803 Tertius
1707 755 1809 813 est,

244 842 303 897 ⁸0
333 841 627 910 λογοθέτης
654 842 766 894 τῶν
810 840 1124 895 οίκειακῶν.
1156 839 1353 895 Rerum
1400 840 1815 895 domesticarum

232 938 523 1007 logotbeta.
555 935 824 1001 Incertus,
861 936 919 988 Ὀ
936 935 1046 988 τῶν
1072 933 1366 988 οἰκειακῶν
1392 933 1685 1003 λογοοέτης
1713 936 1812 1003 ἁρ-

230 1029 397 1100 χέτω.
454 1028 873 1083 Domesticorum
940 1026 1199 1096 logotlteta
1236 1033 1456 1093 pra'eat.
1523 1023 1813 1078 Mattba'us

230 1119 494 1190 Πραίτωρ
524 1119 621 1172 τοῦ
644 1120 837 1190 δήμου,
884 1116 1175 1172 οίκειακῶν
1209 1104 1346 1186 ὁμοῦ
1394 1118 1423 1170 ό
1498 1116 1808 1185 λογοθέτης.

231 1209 439 1266 Prwtor
464 1212 669 1281 populi,
700 1209 1098 1265 domesticorum
1121 1208 1279 1262 simul
1312 1207 1592 1278 logotheta.
1643 1205 1810 1263 Coms

234 1312 430 1373 petunt
462 1303 536 1358 illi
565 1302 918 1373 phaceolium
986 1309 1041 1356 et
1070 1300 1411 1371 epiloricium
1446 1309 1502 1355 et
1526 1315 1634 1354 non
1685 1313 1808 1354 sca-

234 1395 500 1450 ranicum.
551 1393 809 1459 Codinus,
855 1393 935 1447 Τά
977 1392 1073 1446 τοῦ
1129 1392 1416 1461 λογοθὲτου
1443 1390 1553 1444 τῶν
1596 1392 1805 1444 οἰκεια-

231 1486 343 1541 κῶν
375 1487 671 1556 φακεωλὶς,
704 1485 799 1539 καὶ
851 1486 1206 1558 ἑπιλορίκιον,
1248 1485 1308 1538 οὐ
1333 1486 1438 1555 μὴν
1488 1482 1543 1536 δι
1594 1482 1804 1554 σκαρά-

228 1595 399 1632 νικον.
430 1579 593 1633 Caret
652 1577 931 1634 iunctione
964 1595 979 1631 ε
1015 1574 1184 1645 idem,
1256 1576 1313 1630 Ὀ
1366 1575 1473 1628 τῶν
1515 1574 1807 1628 οίκειακῶν

227 1670 524 1739 λογοθέτης
578 1670 679 1723 οὐκ
724 1669 837 1739 ἔχει
867 1668 1171 1741 ὑπηρεσίαν
1218 1666 1360 1722 τινά.
1423 1664 1709 1736 Logollteta
1732 1666 1807 1719 rei
1855 1737 1859 1740 ν

227 1760 516 1832 familiaris
532 1758 733 1812 nullam
760 1758 915 1812 habet
938 1758 1281 1830 functionem.
1308 1754 1569 1821 Quartus,
1600 1756 1628 1806 ό
1648 1753 1806 1822 λογο-

228 1851 389 1922 οέτης
414 1851 507 1904 τοῦ
532 1851 945 1922 στρατιωτικοῦ.
983 1849 1267 1920 Logotlteta
1290 1846 1585 1903 castrensis.
1618 1846 1803 1903 Incer-

229 1953 340 2009 tus,
400 1943 693 2013 λογοθέτην
748 1944 853 2015 δρα
890 1960 979 2015 μοι
1036 1943 1139 1996 κᾶν
1192 1939 1574 2012 στρατιώταις.
1631 1941 1801 2013 Lago-

230 2038 428 2091 tltetam
456 2036 726 2090 considera
762 2036 922 2089 etiam
940 2036 1076 2088 inter
1092 2033 1303 2088 milites.
1322 2031 1631 2099 Mattbaaus,
1660 2032 1722 2085 '0
1744 2034 1803 2089 δὲ

224 2128 321 2183 τοῦ
358 2128 752 2199 στρατιωτικοῦ
780 2126 1082 2196 καταλόγου
1148 2125 1462 2195 λογοθέτης.
1515 2127 1801 2196 Logotlteta

225 2238 346 2277 vero
387 2221 640 2275 militaris
689 2220 937 2291 catalogi.
976 2218 1292 2292 Logothctm
1322 2221 1596 2276 exercitus
1620 2228 1804 2291 gesta-

227 2315 378 2370 mina
445 2320 575 2367 sunt
602 2311 939 2383 phaceolium
969 2321 1024 2367 et
1054 2312 1414 2382 epiloricium,
1468 2324 1524 2369 at
1551 2329 1658 2367 non
1685 2328 1803 2368 sca-

226 2406 497 2461 ranicum.
543 2405 814 2472 Codinus,
850 2402 931 2457 Τὰ
990 2403 1084 2457 τοῦ
1140 2404 1432 2474 λογοοέτου
1477 2406 1571 2458 τοῦ
1624 2423 1791 2475 στρα-

224 2496 482 2551 τιωτικοῦ
531 2495 814 2567 φορέματα
874 2496 1169 2565 φακεωλὶς,
1237 2497 1330 2550 καὶ
1443 2496 1799 2569 ὲπιλορίκιον,

224 2590 287 2643 οὐ
313 2589 421 2659 μὴν
450 2590 543 2642 καὶ
581 2587 945 2659 σκαράνικονε
981 2588 1301 2658 nullumque
1356 2588 1503 2644 illius
1553 2589 1787 2643 ministe-

227 2683 372 2737 rium
418 2681 690 2753 aguoscit.
741 2680 800 2735 '0
850 2681 1146 2753 λογοθέτης
1166 2682 1262 2735 τοῦ
1293 2683 1688 2755 στρατιωτικοῦ
1710 2683 1802 2737 οὑ-

221 2775 416 2845 δεμίαν
442 2774 761 2844 ,ὑπηρεσίαν
818 2775 952 2845 ἔχει.
982 2773 1220 2840 Quintus
1248 2783 1353 2842 est,
1381 2775 1670 2844 λογοθέτης
1694 2774 1801 2828 τῶν

222 2865 455 2933 ἀτελῶν.
496 2864 593 2918 Rei
631 2865 893 2935 pecuariae
949 2864 1233 2937 logottteta.
1267 2864 1531 2930 Incertus,
1554 2867 1663 2919 Καὶ
1689 2865 1799 2919 τῶν

221 2954 438 3023 άγελῶν
492 2953 782 3025 λογοθέτης
854 2954 1083 3008 εἰσίτω..
1121 2954 1187 3009 Et
1239 2971 1487 3024 pecorum
1534 2955 1800 3026 logotlteta

220 3047 467 3100 introeat.
500 3045 804 3108 Matthaeus,
843 3043 1137 3116 λογοθέτης
1172 3045 1405 3113 ἁγελῶν,
1442 3046 1470 3100 ὃ
1497 3063 1558 3099 τε
1598 3047 1801 3100 δικαιο-

224 3137 423 3206 galati.
454 3136 738 3208 Logottzeta
765 3138 1021 3207 pecudum
1050 3146 1099 3192 et
1128 3138 1339 3208 jurium
1394 3148 1588 3193 custos.
1644 3139 1796 3193 lllius

221 3235 439 3289 habitus
490 3233 750 3297 Codinus,
791 3231 871 3286 Τά
930 3232 1026 3285 τοῦ
1067 3232 1356 3301 λογοθέτου
1406 3233 1516 3287 τῶν
1561 3233 1793 3301 ἁγελῶν,

219 3325 493 3394 φακεωλὶς
539 3324 635 3377 καὶ
666 3323 1020 3395 ὲπιλορίκιον,
1047 3325 1122 3399 ᾡς
1142 3325 1213 3377 τά
1233 3324 1328 3378 τοῦ
1354 3324 1643 3394 λογοθέτου
1695 3326 1791 3378 τοῦ

218 3416 636 3488 στρατιωτικοῦ,
657 3416 717 3469 οὐ
738 3415 843 3487 μὴν
854 3417 947 3469 καὶ
978 3415 1336 3486 σκαράνικον.
1363 3417 1658 3489 ιοροιίιειω
1679 3434 1797 3489 gre-

216 3527 339 3580 gum
390 3508 719 3578 phaceolium
783 3518 834 3562 et
892 3508 1239 3579 epiloricium,
1295 3510 1477 3582 qualia
1526 3509 1798 3580 logotlteta:

217 3603 497 3664 exercitus,
518 3601 609 3655 sed
632 3601 906 3655 scaranico
923 3616 1026 3655 non
1043 3601 1234 3655 utitur.
1251 3599 1455 3656 Praeter
1476 3602 1575 3656 hos
1590 3601 1800 3657 addunt

216 3701 433 3748 sextum
461 3692 568 3745 τῶν
622 3691 921 3764 Σεκρέτων,
972 3694 1310 3747 arcanorum.
1364 3692 1511 3748 Illius
1549 3693 1799 3748 meminit

215 3785 376 3839 Anna
423 3784 707 3840 Comnena
734 3784 828 3839 lib.
865 3799 930 3839 ll.
980 3782 1198 3840 hicetas
1247 3784 1300 3839 in
1330 3784 1581 3840 manuele
1630 3785 1795 3840 Com-

214 3890 362 3930 neno
386 3876 480 3931 lib.
506 3892 577 3930 vn
601 3893 613 3929 :
646 3876 733 3939 Ὠς
766 3876 801 3947 ὴ
830 3876 1075 3929 Λατίνων
1094 3876 1339 3947 βούλεται
1368 3876 1518 3946 φωνὴ
1542 3878 1796 3946 Καγγελ-

216 3964 427 4037 λάριον,
453 3964 530 4029 ὡς
554 3964 602 4019 δ’
633 3965 892 4037 ’Έλληνες
924 3965 1128 4019 εἴποιεν
1147 3966 1458 4037 λογοθέτην,
1485 3967 1548 4023 Ut
1571 3964 1764 4022 Latino
1787 3998 1795 4008 ο

217 4072 336 4110 rum
388 4073 509 4110 voce
555 4057 866 4127 exprimitur
923 4056 1290 4121 cancellarius,
1320 4066 1374 4110 ut
1426 4055 1595 4111 (ἓνωεί
1651 4058 1794 4111 dice-

214 4157 350 4214 reut,
378 4147 658 4217 logotheta.
686 4147 925 4203 Joannes
941 4148 1242 4203 Cinnamus
1273 4147 1519 4204 Historiae
1534 4149 1793 4204 Romana:

214 4237 309 4292 lib.
334 4255 388 4293 tv
406 4237 526 4310 [51]
546 4238 612 4293 de
629 4238 903 4294 Richardo
933 4239 1088 4294 Antri
1115 4238 1338 4294 domino
1370 4240 1532 4295 verba
1550 4240 1790 4295 faciens:

224 4331 313 4394 Ὧς
357 4332 418 4384 δὲ
458 4330 569 4384 τῶν
603 4331 783 4385 πυλῶν
832 4331 1293 4402 άλογιστήσαντες
1350 4332 1701 4396 Γισενάτζιόν
1732 4352 1791 4387 τε

211 4422 346 4475 αὐτὸ
369 4421 633 4493 ὁμολογίᾳ
661 4421 837 4493 ἔσχεν,
880 4425 974 4477 καὶ
1005 4424 1136 4494 περὶ
1163 4425 1271 4478 τῶν
1303 4424 1506 4479 λοιπῶν
1537 4428 1792 4498 προσιόν-

1912 658 1996 715 los
2044 658 2302 725 videaris,
2369 658 2605 730 dignitas
2650 659 2766 727 ipsa
2810 657 2967 712 nihili
3019 658 3312 728 peudatur.
3357 658 3496 716 llinc

1912 753 2057 807 inter
2084 750 2258 807 ollicia
2296 751 2508 822 palatii,
2541 750 2750 806 utinam
2785 750 2950 805 etiam
2999 749 3058 804 in
3108 750 3493 807 ecclesiasticis

1912 842 2234 897 muneribus
2280 841 2481 896 malum
2525 842 2628 895 hoc
2668 840 2848 895 locum
2892 855 3001 895 non
3032 841 3341 904 habuisset,
3376 841 3492 895 lla-

1909 934 2000 1006 gni
2029 949 2232 989 nomen
2286 934 2509 1004 potiori,
2543 941 2603 989 ut
2648 933 2721 988 ita
2771 932 2972 998 dicam,
3004 933 3060 987 in
3103 948 3168 987 ea
3209 932 3493 989 iunctione

1909 1041 2230 1082 concessum
2268 1036 2379 1081 est.
2415 1026 2499 1081 Ne
2525 1026 2735 1096 singula
2766 1024 3023 1091 referam,
3055 1025 3159 1081 fuit
3179 1038 3235 1081 et
3263 1026 3491 1097 Magnus

1910 1116 2209 1187 Logotheta
2278 1131 2392 1171 non
2442 1123 2652 1171 tantum
2705 1115 3054 1181 auctoritate,
3117 1116 3213 1171 sed
3255 1116 3487 1172 vestium

1908 1209 2072 1261 etiam
2111 1206 2417 1276 insignibus
2453 1206 2789 1276 spectabilis.
2820 1206 3084 1270 Codinus,
3115 1206 3189 1261 Τὸ
3244 1207 3340 1261 τοῦ
3394 1225 3492 1279 με-

1908 1297 2075 1366 γάλου
2138 1296 2427 1365 λογοοέτου
2494 1297 2743 1369 φόρεμα,
2795 1298 2915 1369 ἦτοι
2960 1297 3025 1351 τό
3086 1314 3148 1351 τε
3201 1298 3445 1352 σκιάδιον
3468 1338 3486 1364 ,

1906 1387 1969 1442 τὸ
2017 1386 2328 1456 καὸὁάδιον,
2379 1389 2471 1442 καὶ
2508 1388 2572 1441 τὸ
2618 1388 2968 1459 σκαράνικον,
2998 1382 3089 1442 οἷα
3118 1388 3189 1442 τά
3213 1387 3305 1444 τοῦ
3332 1405 3485 1460 πρω-

1906 1480 2288 1552 τοστράτορος,
2339 1480 2490 1535 οὐδὲν
2521 1480 2578 1534 δὲ
2613 1481 2767 1551 φέρει
2789 1481 3137 1553 δικαονίκιον.
3178 1482 3359 1553 Magni
3381 1481 3485 1536 Lo-

1908 1573 2131 1645 gothetw
2150 1573 2468 1646 gestamina,
2500 1574 2597 1628 Itoc
2633 1583 2706 1628 est
2734 1572 2925 1643 pileus,
2958 1574 3271 1629 cabbadium
3296 1582 3344 1629 et
3367 1590 3486 1628 scav

1907 1668 2150 1723 ranicum
2164 1668 2293 1722 nihil
2313 1666 2379 1722 ab
2397 1666 2499 1732 his,
2515 1683 2633 1737 qua:
2649 1667 3049 1735 protostratoris
3064 1676 3186 1721 sunt
3212 1667 3482 1737 differunt;

1907 1777 2002 1815 nec
2051 1762 2152 1831 fert
2198 1766 2482 1829 sceptrum.
2532 1758 2716 1814 Pileus
2771 1758 2983 1814 scilicet
3037 1757 3220 1812 colore
3256 1772 3479 1823 aureus,

1906 1863 1962 1910 et
1988 1852 2559 1918 coccineus,clavatus
2586 1851 2793 1921 absque
2820 1850 3054 1904 amboue
3091 1867 3105 1903 :
3132 1849 3479 1904 scaranicum

1904 1958 2151 2009 aureum,
2185 1952 2242 1998 et
2286 1942 2639 2005 coccineum,
2674 1950 2732 1996 et
2788 1940 3141 2004 ﬁmbriatum,
3192 1938 3481 1995 continens

1902 2043 2058 2108 parte
2089 2034 2361 2088 anteriore
2400 2032 2786 2101 imperatorem
2825 2039 3085 2093 stantem,
3118 2039 3265 2085 retro
3294 2039 3481 2084 autem
3550 2073 3569 2081 -

1904 2128 2187 2185 sedentem
2250 2124 2304 2178 in
2370 2124 2573 2179 throno
2632 2142 2647 2179 :
2719 2122 3043 2179 cabbadium
3099 2136 3480 2191 purpureum,

1903 2222 1989 2277 vel
2011 2221 2171 2291 quale
2199 2236 2266 2276 ex
2300 2216 2700 2276 consuetudine
2740 2215 2995 2273 voluerit.
3029 2213 3316 2270 Matthatus
3359 2228 3482 2268 mo-

1903 2314 2191 2473 “Rigas
2209 2400 2464 2473 δευτέρας
2496 2400 2671 2473 μέγας
2698 2399 2843 2465 δοὺξ,
2884 2399 3057 2473 μέγας
3082 2395 3400 2473 δομεστικός
3420 2410 3480 2447 τε

2018 2466 2536 2541 ’θ’πρωτοστράτωρ
2559 2466 2821 2541 πέφυκεν,
2841 2473 2867 2524 ὁ
2886 2466 3085 2541 Μέγας
3117 2466 3409 2541 λογοοέτης

2010 2530 2196 2608 Μέγας
2230 2530 2744 2615 στρατοπεδάρχης,⁸
2767 2530 2854 2615 ὧν-
2878 2530 3083 2615 ὲρυίξρά
3113 2530 3407 2615 mamma,

2006 2609 2315 2685 Διάχρυσον
2342 2609 2678 2683 ἐμφαίνοντα
2698 2611 2760 2664 τὸ
2789 2609 2955 2682 μέρος
2986 2610 3098 2663 άνω
3121 2609 3301 2679 μόνον.

1899 2716 2108 2783 ΡίΙεύιη
2164 2740 2415 2791 aureum,
2466 2733 2523 2781 et
2577 2725 2895 2781 coccineum
2936 2725 3083 2781 dono
3132 2725 3321 2781 datum
3373 2723 3481 2779 Lo-

1898 2822 2130 2896 gothetaz
2161 2822 2228 2877 ab
2254 2822 2583 2893 imperatore
2614 2819 2933 2874 Andronico
2972 2819 3145 2874 refert
3173 2821 3425 2875 incertus
3460 2833 3474 2872 :

2074 2930 2183 2985 Καὶ
2206 2931 2271 3001 δὴ
2300 2932 2418 3000 μετ’
2453 2928 2616 3001 αὑτὸν
2648 2926 2739 2983 τὸν
2769 2927 2934 3001 καλὸν
2963 2929 3269 3001 Μετοχίτην

2075 2998 2392 3071 Λογοοετῶν
2424 2998 2691 3071 μέγιστον-
2708 3005 2900 3071 σοφίας
2920 2998 3143 3070 λῆξιν(
3223 2998 3234 3001 ⁷
3378 3006 3383 3009 “

2075 3070 2352 3142 αἰωροῦντα
2375 3069 2614 3142 ἐρυθρὰν
2642 3069 2741 3140 τὴν
2771 3069 3092 3142 καλύπτραν

2080 3140 2183 3194 Ἦν
2207 3141 2379 3211 δῶρον
2408 3140 2560 3211 αὑτῷ
2595 3140 2942 3211 συνανέχοντι
2966 3140 3166 3207 κράτος

2079 3210 2249 3276 Ἀναξ
2274 3210 2301 3266 ὁ
2324 3210 2576 3283 λαμπρὸς
2601 3210 2873 3282 παρέσχεν
2907 3212 3267 3282 Ἀνδρόνικος.

1900 3328 2241 3400 Nicephorus
2293 3326 2561 3398 Gregoras
2623 3325 2833 3382 Hister.
2898 3325 2996 3380 lib.
3060 3308 3173 3392 vr:
3209 3325 3287 3379 De
3354 3322 3478 3379 Mu-

1899 3423 2109 3478 zalonis
2162 3419 2339 3492 Magni
2409 3418 2727 3490 Logothetae
2790 3417 2979 3487 pileo:
3017 3415 3097 3469 Δι’
3150 3415 3188 3470 ἃ.
3246 3415 3313 3486 δὴ
3381 3415 3478 3468 καὶ

1896 3516 2063 3585 τιμήν
2111 3528 2234 3565 τινα
2285 3510 2488 3581 ταύτην
2551 3508 2710 3579 ἔσχεν
2774 3507 3056 3577 ἐξαίρετον
3146 3506 3309 3575 μόνον
3368 3506 3478 3558 τῶν

1898 3601 2068 3656 πάλαι
2113 3599 2175 3654 τὸ
2231 3601 2417 3668 ὅμοιον
2469 3596 2618 3668 αὑτῷ
2654 3596 3061 3670 προειληφότων
3116 3592 3334 3664 ἀξίωμα
3380 3613 3478 3649 κα-

1897 3693 1960 3748 λό
1969 3709 2141 3763 πτραν
2153 3709 2223 3761 φο
2229 3693 2339 3760 ρείν
2355 3690 2446 3745 ἐπὶ
2462 3688 2705 3760 κεφαλῆς
2726 3687 3140 3761 χρυσοκοκκίνῳ
3169 3685 3286 3759 152]
3309 3704 3477 3741 usua—

1897 3787 2181 3858 λυμμένην
2203 3785 2482 3856 ἐνδύματι,
2497 3784 2694 3840 ὃσοντὺ
2710 3784 2822 3838 ἄνω
2838 3782 3091 3854 καὶπρὸς
3119 3783 3184 3854 τῇ
3206 3779 3476 3853 πυραμίδι

1896 3882 1997 3949 τῆς
2065 3876 2387 3947 ἐπιφανείας
2445 3876 2596 3947 χῦμα
2654 3877 2712 3929 ὲν
2764 3875 2939 3946 τούτῳ
2994 3873 3476 3947 παραλλάττουσαν

1901 3973 2049 4044 μόνῳ
2075 3972 2167 4026 τοῦ
2194 3970 2586 4041 παραπλησίαν
2643 3964 2785 4022 εἶναι
2841 3968 3097 4035 καθάπαξ
3144 3970 3211 4039 τῇ
3247 3966 3355 4020 τῶν
3377 3964 3474 4020 τοῦ

1898 4064 2162 4136 βασιλέως
2188 4061 2450 4131 ἐγγόνων,
2498 4063 2581 4116 ὅτι
2633 4061 2708 4131 μὴ
2739 4062 2835 4114 καὶ
2856 4059 2956 4131 τὴν
2983 4060 3135 4114 κάτω
3164 4058 3258 4111 καὶ
3287 4057 3473 4127 κοίλην

1896 4156 2221 4225 ἐπιφάνειαν
2265 4150 2380 4224 εἶχε
2414 4151 2735 4214 κυκλίσκοις
2789 4149 3223 4219 πεποικιλμένην
3284 4164 3477 4218 χρυσο-

1894 4248 2111 4311 ειδέσιν,
2137 4244 2276 4298 ἀλλὰ
2303 4242 2451 4297 λείαν
2479 4242 2697 4305 τέλεως.
2727 4240 2924 4306 Quibus
2970 4241 3034 4294 de
3057 4239 3231 4294 causis
3251 4238 3473 4292 eximius
3574 4258 3577 4261 λ

1895 4342 1943 4396 ei
1975 4340 2074 4394 soli
2107 4357 2139 4393 a
2171 4338 2430 4392 veteribus
2459 4335 2549 4407 qui
2577 4334 2756 4388 eodem
2805 4349 3018 4387 munere
3046 4332 3210 4403 functi
3260 4332 3471 4402 fuerant

1893 4433 1977 4485 Itic
2005 4432 2167 4485 Itonos
2205 4438 2281 4484 est
2319 4428 2553 4492 habitus,
2582 4435 2640 4479 ut
2669 4423 2967 4493 calyptram
2997 4424 3050 4477 in
3085 4424 3257 4492 capite
3288 4436 3471 4491 panno

211 4530 304 4575 τες
333 4513 682 4579 ἐσκέπτοντο,
736 4514 941 4585 κόμησί
984 4531 1046 4569 τε
1097 4515 1296 4579 ἄλλοις,
1330 4517 1424 4571 καὶ
1461 4517 1526 4587 δὴ
1584 4519 1677 4571 καὶ
1706 4518 1784 4589 τῷ

1899 4540 2152 4593 purpura,
2203 4530 2252 4577 ει
2302 4537 2436 4575 auro
2478 4521 2759 4573 intertexto
2793 4517 3180 4570 circumdatam
3221 4522 3469 4585 gestaret,

209 4602 512 4673 Γυλιέλμου
564 4602 946 4675 καντζηλαρίῳ
995 4604 1359 4673 συγγεγονὼς,
1407 4605 1467 4659 δν
1498 4605 1789 4678 λογοοέτην

207 4695 356 4749 εἴποι
385 4695 454 4749 ἄν
482 4712 564 4759 τις
605 4693 898 4766 ἑλληνίζων
920 4695 1081 4768 ἀνὴρ,
1129 4695 1223 4749 ἐπὶ
1247 4696 1448 4767 Τράνιν
1476 4697 1573 4752 σὺν
1604 4698 1789 4764 αὐτοῖς

206 4782 396 4859 ἦλθεν,
424 4786 501 4849 ὠς
523 4786 773 4840 αὐτοϐοεὶ
799 4787 897 4857 τὴν
921 4787 1077 4841 πόλιν
1129 4789 1599 4861 ἀναρπασόμενος.
1661 4789 1791 4846 Cum

208 4897 334 4935 vero
360 4888 525 4948 porta:
545 4878 688 4934 urbis
717 4896 906 4949 parum
926 4891 1078 4936 caute
1106 4882 1515 4946 custodirentur,
1548 4881 1583 4936 .1
1590 4900 1788 4938 avena-

210 4973 349 5026 tium
396 4973 567 5041 ipsum
602 4972 656 5025 in
685 4971 919 5041 ejusdem
972 4973 1130 5042 ﬁdem
1152 4990 1208 5029 se
1233 4974 1452 5030 dedidit.
1515 4973 1650 5030 Hinc
1694 4992 1790 5045 pro

210 5064 531 5133 occupandis
579 5065 784 5118 ca'teris
811 5080 929 5118 cum
968 5066 1243 5120 comitibus
1273 5066 1417 5130 aliis,
1444 5083 1644 5121 necnon
1669 5067 1784 5124 Gu-

213 5155 377 5209 lielmi
421 5153 762 5217 cancellario,
811 5172 963 5225 quem
993 5156 1304 5225 logothetam
1328 5157 1519 5213 Crtrca
1545 5160 1660 5230 quis
1683 5159 1787 5213 lin-

213 5265 321 5316 gua
356 5248 687 5314 expresserit,
745 5248 1025 5303 concilium
1052 5250 1240 5314 inibat,
1277 5260 1325 5320 et
1353 5249 1571 5305 Tranim
1626 5268 1788 5323 usque

209 5357 331 5393 cum
391 5338 497 5393 illis
518 5338 788 5410 processit,
820 5342 971 5410 quasi
1024 5341 1197 5410 primo
1226 5342 1424 5411 impetu
1485 5348 1666 5398 urbem
1695 5344 1776 5397 di-

209 5440 454 5501 rcpturus
484 5432 687 5503 fuisset.
888 5461 911 5477 ς
1668 5416 1672 5421 ’

280 5525 426 5581 Ante
454 5525 558 5580 hoc
580 5538 773 5580 omnes
798 5531 917 5579 erat
936 5524 1163 5596 Magnus
1200 5525 1477 5596 logotheta
1504 5545 1518 5582 :
1551 5542 1616 5583 eo
1638 5528 1783 5584 enim

209 5632 337 5672 cum
366 5616 624 5687 pessimis
676 5614 924 5670 moribus
972 5630 1262 5688 congressa
1320 5624 1405 5671 est
1435 5618 1691 5674 adulandi
1721 5620 1785 5675 li-

210 5705 360 5773 bido,
386 5715 443 5762 ut
473 5706 531 5762 ni
564 5721 820 5777 magnum
847 5714 903 5760 et
951 5707 1213 5761 eximium
1264 5707 1320 5761 in
1355 5707 1548 5764 (illiciis
1582 5711 1780 5767 adsua—

214 5807 321 5868 tur,
349 5798 525 5856 ollicia
579 5796 699 5869 ipsa
748 5796 1030 5867 sordcant,
1060 5807 1115 5853 et
1148 5798 1199 5854 ui
1250 5800 1301 5855 in
1352 5799 1613 5870 dignitate
1670 5804 1782 5874 ipsa

1895 4624 2155 4685 quatenus
2198 4629 2407 4668 sursum
2438 4611 2621 4682 vergit,
2645 4617 2694 4663 et
2724 4607 2793 4660 ad
2824 4608 3151 4676 pyramidem
3177 4604 3473 4675 superﬁciei

1895 4707 2173 4777 funditur;
2216 4706 2271 4760 in
2318 4705 2412 4759 hoc
2438 4720 2542 4757 uno
2570 4704 2635 4757 ab
2681 4701 3065 4766 imperatorum
3106 4698 3286 4752 liberis
3324 4696 3474 4765 αἱπε-

1895 4809 2116 4861 rentem,
2154 4798 2293 4870 quod
2324 4813 2428 4850 non
2474 4798 2632 4851 etiam
2659 4798 2957 4869 inferiorem
2997 4802 3044 4847 et
3080 4807 3259 4845 cavam
3288 4803 3473 4858 super-

1892 4891 2062 4960 ﬁciem
2096 4890 2318 4944 habebat
2362 4888 2575 4944 circulis
2624 4889 2834 4944 auratis
2876 4886 3166 4949 variatam,
3194 4882 3283 4936 sed
3313 4895 3469 4949 pror-

1893 4999 1982 5036 sus
2007 4982 2187 5036 levem.
2202 4980 2370 5036 Porro
2406 4980 2942 5052 logothetmotlicium
2956 4977 3217 5034 discimus
3237 4990 3300 5028 ex
3316 4971 3472 5027 Codi-

1892 5090 1985 5135 no,
2014 5073 2073 5127 '0
2088 5075 2260 5145 μέγας
2271 5073 2558 5143 λογοοέτης
2570 5073 2841 5127 δια-τάττει
2855 5071 2923 5124 τά
2935 5069 3084 5140 παρὰ
3099 5067 3192 5120 τοῦ
3207 5064 3471 5136 βασιλέως

1891 5165 2332 5235 ἀποστελλόμενα
2368 5164 2766 5237 προστάγματα
2803 5164 2894 5218 καὶ
2921 5158 3305 5232 Χρυσόὸουλλα
3331 5156 3468 5227 πρός

1889 5274 1951 5310 τε
1976 5258 2173 5329 ρἦας,
2207 5256 2556 5323 σουλτάνους,
2588 5258 2683 5311 καὶ
2718 5255 3022 5326 τοπάρχας,
3054 5252 3147 5306 καὶ
3177 5247 3337 5302 τοῦτο
3367 5244 3467 5317 μὲν

1893 5348 2022 5402 ίδιον
2069 5348 2165 5402 τοῦ
2215 5348 2453 5420 μεγάλου
2507 5348 2791 5417 λογοθέτου
2833 5346 3181 5416 ὑπηρέτημα.
3245 5339 3467 5411 Magnus

1891 5435 2152 5509 logotheta
2210 5437 2441 5506 disponit
2472 5438 2632 5491 missu
2672 5436 2949 5502 mandata,
2991 5440 3040 5487 et
3087 5429 3467 5502 chrysobullas,

1887 5544 1976 5582 seu
2000 5544 2191 5582 aureas
2222 5529 2444 5593 litteras,
2479 5528 2549 5582 ad
2575 5544 2739 5598 reges,
2785 5529 3044 5589 suttanos,
3086 5522 3382 5592 toparchas,
3416 5529 3464 5571 et

1888 5624 1983 5677 hoc
2012 5640 2201 5679 munus
2227 5627 2499 5696 praprium
2526 5633 2600 5680 est
2643 5623 2822 5696 magni
2855 5623 3146 5693 logothetw.
3182 5618 3253 5675 Ut
3280 5617 3463 5672 vidca-

1889 5725 1997 5781 tur,
2056 5717 2514 5787 quemadmodum
2573 5717 2737 5773 etiam
2801 5712 3078 5768 adnotavit
3128 5710 3457 5769 Gretscrus,

1886 5806 2250 5866 Caucellarios
2286 5808 2429 5879 apud
2460 5808 2681 5864 Latinos
2729 5806 2795 5861 ad
2827 5802 3088 5860 amussim
3124 5799 3452 5873 exprimere.
