3826 6470
331 343 402 408 27
1628 342 1905 406 LEONIS
1945 344 2248 404 ALLATII

3511 341 3589 406 ‘28

334 456 476 513 llinc
513 471 622 512 non
679 457 819 514 male
859 473 886 512 a
922 456 1109 512 Niceta
1155 465 1212 512 et
1240 450 1510 512 Cinname
1558 459 1902 521 observatur,
1937 464 1980 518 Α
2013 457 2166 526 isque
2205 456 2470 521 Trivialis,
2520 469 2642 510 esse
2691 452 2886 524 potuit,
2913 452 3162 525 judicent
3208 453 3319 518 alii,
3370 454 3466 510 sed
3487 454 3587 526 qui

333 549 692 605 ranceilarios
719 551 826 605 dici
861 549 1166 620 logothetas
1201 567 1230 604 a
1259 549 1482 606 Grzecis.
1533 551 1609 606 De
1638 550 1907 606 cancella-

2011 551 2350 623 perspieiunt
2373 566 2468 606 cor
2497 548 2780 620 sapienti-.12
2803 565 2818 611 ;
2845 563 2972 603 nam
3010 547 3207 602 furiata
3242 555 3426 604 mente
3455 563 3591 604 cou-

334 641 420 696 rio
480 643 649 696 multa
683 642 1036 698 Casaubonus
1091 643 1146 697 in
1204 644 1451 699 Flavium.
1503 643 1818 714 VOpiscum,
1851 653 1908 698 et
2010 645 2126 705 citi.
2165 643 2351 700 omnia
2387 641 2790 698 inconsiderate
2809 640 3100 696 blaterant.

335 733 509 789 multo
537 734 691 804 plura
738 733 1056 790 Salmasius.
1112 736 1471 806 Logothetam
1501 737 1910 807 praetereajus-

2085 738 2394 809 thuanam
2415 735 2625 792 ratione
2643 733 2870 788 trivialis
2882 730 3278 804 Ludimagister
3294 729 3460 786 fuerit
3475 730 3590 798 illc,

329 825 626 896 iurandum
682 842 712 881 α
741 843 886 883 novo
934 828 1262 898 imperatore
1299 829 1548 900 accipere
1601 829 1659 884 in
1710 832 1912 900 templo
1995 829 2170 900 hujus
2195 828 2489 885 auctoritas
2509 836 2563 882 et
2593 825 2886 882 celebritas
2903 832 3050 880 tanta
3071 822 3171 878 fuit
3193 822 3518 894 utquotidie
3537 823 3592 876 in

333 919 783 984 Biachcrnarum,
817 937 882 976 ex
946 921 1134 976 Niceta
1193 923 1248 976 in
1300 921 1548 978 Manuele
1610 922 1913 978 Commeno
2013 921 2286 986 ecclesiis,
2334 919 2552 991 publice
2581 919 2784 988 scripta
2825 917 2971 972 illius
3003 917 3316 987 legerentur
3363 916 3431 972 ad
3456 931 3596 972 con-

335 1014 431 1070 lib.
463 1014 518 1078 3,
547 1014 850 1084 eademque
884 1013 1146 1086 dignitate
1189 1016 1377 1086 plures
1416 1017 1607 1072 eodem
1666 1025 1914 1082 tempore

333 1105 505 1162 fuisse
559 1116 875 1172 exornatas,
930 1123 995 1163 ex
1036 1107 1419 1187 Cantacuzeno
1448 1109 1542 1164 lib.
1586 1127 1625 1176 ι,
1661 1125 1785 1180 cap.
1823 1109 1912 1175 Η,

334 1198 650 1254 observavit
715 1199 1004 1255 Meursius.
1069 1200 1138 1256 Et
1219 1217 1318 1257 nos
1389 1217 1606 1272 quoque
1662 1203 1913 1258 animad-

335 1290 604 1346 vertimus
633 1305 665 1346 a
717 1291 990 1347 minorum
1021 1293 1424 1364 logothetarum
1463 1291 1640 1349 oliicio
1693 1293 1760 1349 ad
1793 1308 1914 1350 ma-

333 1381 473 1451 joris
513 1368 908 1452 nonnunquam
955 1385 1180 1455 gradum
1229 1384 1417 1452 fuisse,
1445 1388 1594 1456 quod
1621 1385 1690 1442 de
1738 1383 1920 1440 Theo-

337 1473 475 1530 doro
505 1475 796 1532 Metechlta
846 1486 1033 1532 narrat
1059 1477 1304 1534 Godlnus
1341 1497 1354 1534 :
1385 1479 1488 1534 Τὸν
1521 1475 1614 1534 οὗν
1640 1479 1917 1550 Θεόδωρον

344 1566 438 1620 τὸν
472 1569 780 1640 Μετοχίτην
807 1568 1102 1639 λογοθέτην
1125 1571 1258 1626 ὄντα
1283 1570 1378 1626 τοῦ
1425 1571 1642 1640 γενικοῦ
1688 1573 1718 1626 ό
1762 1571 1918 1642 βασις-

336 1657 463 1723 λεὺς
501 1659 835 1731 Ἀνδρόνικος
861 1662 971 1716 τῶν
987 1662 1367 1731 Παλαιολόγων
1389 1663 1417 1718 ό
1438 1664 1652 1735 πρῶτος
1679 1665 1920 1734 τιμήσας

2017 1013 2278 1070 firmanda
2329 1013 2602 1085 dogmata.
2637 1025 2928 1080 rerumque
2981 1007 3177 1066 seriem
3211 1007 3594 1064 stabiliendam

2017 1106 2074 1163 in
2112 1106 2361 1164 Concilio
2401 1120 2431 1161 a
2469 1092 2722 1161 Patribus
2777 1103 3154 1169 laudarentur,
3197 1101 3598 1170 sententiaeque

2017 1215 2128 1256 sua:
2148 1197 2393 1254 veritatis
2410 1198 2624 1268 pondus
2640 1197 2883 1255 additum
2906 1195 3306 1255 existimarent.
3329 1193 3372 1248 si
3403 1194 3595 1248 eadem

2016 1305 2138 1362 quae
2155 1299 2212 1346 et
2229 1288 2356 1360 ipsi,
2375 1289 2524 1346 illum
2545 1287 2847 1342 asseruisse
2862 1285 3333 1342 demonstrasseut
3347 1282 3370 1335 ?
3385 1281 3606 1337 Paucos

2018 1399 2084 1438 ex
2107 1381 2526 1453 quamplurimis
2581 1379 2837 1443 referam.
2887 1387 2942 1434 et
3001 1387 3062 1434 ut
3104 1386 3424 1448 praeteream
3474 1391 3601 1446 quae

2019 1473 2230 1530 Psellus
2283 1471 2352 1528 de
2413 1487 2479 1528 eo
2539 1470 2713 1528 elluse
2769 1469 3122 1540 prosequitur
3169 1467 3226 1524 in
3291 1465 3435 1522 illius
3481 1465 3596 1522 En-

2017 1567 2219 1632 eomio.
2263 1564 2492 1644 atteram
2537 1562 2801 1622 nonnulla
2836 1577 2902 1620 ex
2941 1561 3134 1617 eodem
3188 1559 3242 1616 in
3295 1558 3597 1630 Tropariis.

2017 1657 2122 1714 Σοῦ
2175 1659 2288 1722 τοῖς
2334 1656 2504 1719 θείοις
2560 1655 2766 1726 χείλεσι
2794 1653 2976 1732 ⁵χάρις
2998 1651 3168 1722 πολλὴ
3195 1651 3448 1722 ἐξεχύθη,
3505 1652 3603 1705 καὶ

341 1752 516 1822 μέγαν
542 1752 832 1825 λογοθέτην
862 1755 1185 1828 πεποίηκεν,
1221 1755 1279 1818 δς
1303 1755 1397 1808 καὶ
1425 1750 1492 1826 ἦν
1521 1754 1804 1826 ὑπερέχων
1823 1753 1918 1808 τοῦ
1953 1826 1977 1828 Α
2023 1750 2212 1820 σοφίας
2244 1749 2486 1821 ἔμψυχον
2517 1749 2614 1818 τῆς
2668 1747 2927 1804 ἀκτίστου
2973 1747 3209 1816 γέγονας
3261 1747 3602 1817 οἰκητήριον,

340 1843 580 1913 μεγάλου
609 1826 1231 1918 στρατοπεδάρχου,ὑπδ
1250 1847 1341 1901 τδν
1377 1848 1822 1919 προτοστράτορα
1837 1847 1914 1902 δέ.
1952 1826 1990 1880 Β
2020 1841 2098 1908 ὡς
2123 1841 2296 1914 πυρὸς
2319 1839 2540 1914 γλώσσῃ
2572 1839 2987 1910 διαστομωθεὶς,
3018 1839 3157 1901 bats,
3195 1839 3254 1893 ὲν
3279 1840 3391 1901 τοῖς
3421 1837 3605 1906 λόγοις

339 1935 661 1992 Theodorum
692 1941 871 2010 itaque
899 1936 1242 1994 Hetochitam
1265 1941 1446 1996 (trarii
1468 1941 1665 2009 publici
1691 1940 1921 2012 togethe—

339 2040 450 2084 tam
480 2047 598 2084 eum
646 2033 934 2102 imperator
966 2032 1296 2087 Andronicus
1345 2050 1409 2088 ex
1458 2032 1772 2104 Pelaologis
1826 2033 1921 2088 hoc

338 2125 549 2179 nomine
581 2126 781 2195 primus
828 2127 1086 2180 honorare
1147 2127 1518 2193 constituisset,
1555 2142 1810 2197 magnum
1839 2125 1922 2180 lo-

339 2217 603 2287 gothetam
637 2219 778 2289 fecit,
810 2219 900 2289 qui
945 2228 992 2272 et
1019 2221 1219 2286 priores
1266 2235 1458 2288 magno
1486 2220 1921 2288 stratopedarcha

339 2308 568 2373 tenebat,
618 2309 710 2363 sed
754 2326 855 2365 non
887 2320 1288 2378 protostratere.
1321 2310 1458 2366 Vide
1491 2309 1786 2382 Gregoram
1825 2311 1920 2366 lli:-

339 2407 478 2460 διον.
509 2401 602 2456 lib.
628 2417 747 2467 vm,
775 2416 899 2473 cap.
928 2403 1015 2458 i9.

416 2493 527 2548 Sed
566 2509 710 2555 cum,
755 2505 816 2550 ut
861 2495 970 2565 iam
1026 2496 1284 2560 vidimus,
1321 2495 1616 2569 logotheta:
1669 2497 1803 2552 varii
1859 2513 1924 2554 ac

343 2583 544 2640 diversi
582 2585 808 2652 fuerint,
871 2587 1097 2644 dubium
1137 2603 1260 2646 esse
1317 2589 1538 2658 poterit,
1597 2587 1922 2661 Symeonem

345 2677 492 2732 hunc
521 2687 768 2734 nostrum
799 2679 1130 2750 logothctam
1162 2681 1230 2736 ad
1263 2697 1561 2750 quemnam
1598 2697 1667 2737 ex
1706 2681 1814 2736 illis
1837 2696 1926 2738 re-

345 2767 490 2825 ferre
520 2770 838 2828 debeamus.
871 2771 988 2827 Non
1023 2771 1214 2828 dubito
1245 2773 1520 2829 hominem
1562 2772 1926 2842 prudentissi-

348 2879 497 2918 mum
537 2879 638 2934 pro
665 2864 1079 2934 opportunitate
1121 2879 1306 2919 rerum
1337 2864 1390 2918 in
1418 2875 1613 2920 senatu
1657 2863 1942 2920 Constat)»

351 2955 712 3026 tinopolitano
745 2955 991 3012 diversas
1024 2957 1338 3013 functiones
1357 2957 1618 3028 subiisse,
1639 2965 1694 3013 et
1719 2957 1928 3027 optime

349 3047 726 3103 administrata
754 3049 1034 3119 provincia
1069 3065 1100 3104 α
1144 3050 1450 3108 minoribus
1478 3053 1543 3105 ad
1576 3051 1796 3121 majora’
1811 3048 1928 3103 olli-

353 3138 436 3234 cia
467 3140 675 3234 aditum
698 3141 804 3196 sibi
826 3143 1138 3212 aperuisse;
1165 3145 1309 3213 quod
1337 3145 1501 3199 tradit
1523 3143 1686 3198 etiam
1717 3141 1928 3199 Pscllus
1955 3177 1997 3234 ε

349 3231 406 3286 in
436 3233 682 3302 ejusdem
712 3235 985 3290 encomio.
1027 3235 1163 3291 lliuc
1199 3235 1452 3291 existimo
1483 3251 1606 3290 eum
1642 3243 1927 3306 tantopere

349 3323 648 3394 scriptione
688 3327 868 3382 valere
897 3343 928 3382 ο
978 3311 1254 3399 logotheta
1287 3344 1503 3394 cursus,
1531 3327 1675 3399 quod
1705 3329 1760 3384 in
1800 3343 1927 3384 ora-

353 3416 594 3472 tionibus
613 3419 682 3474 ab
709 3420 828 3490 ipso
853 3437 918 3476 ex
948 3422 1206 3493 operibus
1235 3424 1344 3478 divi
1373 3423 1554 3478 Basilii
1583 3422 1927 3479 concinnatis

351 3511 627 3580 praefixum
643 3511 768 3584 legi,
796 3515 862 3568 ad
887 3515 1064 3588 magni
1095 3515 1384 3587 logolhettc
1414 3516 1730 3588 dignitatem
1743 3531 1928 3571 ascen-

349 3601 512 3659 disse.
547 3604 730 3670 Adde,
778 3615 840 3661 ut
879 3607 1172 3678 plurimum
1209 3608 1498 3680 logotbeta:
1551 3607 1668 3680 [551
1724 3624 1925 3664 nomen

353 3695 474 3753 sine
502 3696 606 3750 alia
641 3697 917 3752 additione
953 3699 1246 3768 prolatum,
1287 3715 1543 3770 magnotu
1573 3700 1730 3755 nobis
1777 3699 1926 3771 logo-

351 3787 557 3842 thetam
597 3787 863 3845 indicare.
905 3789 984 3846 Ne
1037 3790 1089 3845 in
1148 3792 1415 3862 exemplis
1440 3791 1808 3862 producendis
1841 3791 1928 3846 ni-

350 3878 494 3936 mius
522 3879 644 3948 sim,
693 3882 926 3954 legimus
967 3883 1168 3954 passim
1207 3884 1423 3956 Georgii
1463 3885 1791 3954 Acropolitte
1844 3884 1928 3940 lo—

350 3975 584 4044 gothetve
643 3975 962 4032 cbronicum
1005 3994 1020 4030 :
1073 3976 1130 4031 in
1173 3991 1240 4031 eo
1296 3977 1424 4034 licet
1470 3977 1652 4032 Dousa
1701 3976 1924 4044 harent,

351 4063 564 4135 sibique
603 4065 749 4122 haud
781 4069 916 4124 satis
951 4080 1293 4140 compertum
1341 4085 1462 4126 esse
1511 4069 1772 4134 fateatur,
1817 4085 1927 4142 quo

264 4209 275 4222 κ
350 4169 578 4214 munere
607 4175 669 4215 ex
719 4159 836 4216 istis
865 4163 1142 4230 omnibus,
1178 4181 1300 4236 quae
1339 4181 1500 4236 supra
1529 4180 1927 4220 commemora-
1961 4202 1977 4226 ι

349 4248 549 4314 vimus,
586 4249 889 4322 logothetes
933 4253 1198 4328 Georgius
1249 4255 1470 4312 functus
1513 4257 1604 4323 sit,
1639 4258 1820 4329 magni
1851 4265 1930 4314 ta-

349 4355 476 4396 men
503 4341 796 4414 logotbetze
824 4348 1073 4403 functum
1129 4363 1196 4404 ex
1232 4349 1400 4404 altera
1439 4349 1802 4417 eiusdemmet
1831 4349 1928 4404 Hi-

350 4435 535 4490 storia:
582 4437 860 4494 additione
909 4439 1178 4496 hactenus
1203 4439 1428 4507 inedita,
1462 4449 1674 4497 certum
1705 4449 1810 4508 est;
1849 4441 1926 4496 illi

2023 1932 2420 2004 ὑπερηύγασας
2445 1946 2462 1962 ⁸
2495 1932 2606 1987 τῶν
2663 1929 2983 1986 ἀποστόλων
3016 1946 3079 1983 τε
3110 1930 3206 1986 καὶ
3233 1929 3342 1984 τῶν
3369 1929 3604 2000 ἀθλοφό-

2025 2019 2136 2098 pm
2163 2026 2232 2082 τά
2263 2025 2590 2096 σκάμματα,
2623 2025 2719 2080 καὶ
2753 2025 2867 2095 βίον
2909 2023 3002 2079 τὸν
3034 2023 3320 2094 ἰσάγγελον
3345 2025 3605 2091 ἀσκητῶν

2022 2117 2256 2174 ἑκάστου
2283 2115 2608 2187 διέγραψας,
2637 2115 2732 2172 καὶ
2777 2115 2872 2170 νῦν
2926 2117 3265 2189 συνοικήτωρ
3314 2116 3607 2186 γενόμενος

2022 2213 2135 2274 τοῖς
2164 2211 2222 2266 ὲν
2245 2209 2481 2280 οὐρανῷ,
2519 2209 2746 2280 Τριάδος
2789 2211 2908 2278 φῶς
2955 2208 3017 2263 τὸ
3053 2209 3354 2278 ἀνέσπερον
3385 2208 3606 2279 βλέπεις

2023 2301 2414 2374 ἀγαλλόμενος.
2447 2301 2532 2364 Et,
2569 2300 2916 2372 Ὅρθοδοξίας
2967 2301 3152 2372 ὀδηγὲ,
3183 2301 3470 2366 εὐσεϐείας
3525 2302 3608 2356 δι-

2024 2395 2262 2450 δάσκαλε
2303 2395 2397 2449 καὶ
2453 2394 2810 2466 σεμνότητος,
2857 2393 2960 2464 τῆς
2998 2393 3326 2465 οἰκουμένης
3355 2391 3607 2465 φωστὴρ.

2024 2491 2134 2543 τῶν
2161 2491 2520 2559 λογογράφων
2573 2489 2934 2545 θεόπνευστον
2979 2489 3428 2562 ὲτκαλλώπισμα,
3464 2491 3610 2563 λύρα

2025 2582 2116 2638 τοῦ
2147 2581 2489 2650 Πνεύματος,
2517 2583 2636 2648 ταῖς
2669 2581 2911 2653 διδαχαῖς
2955 2599 3050 2636 σου
3103 2581 3313 2644 πάντας
3339 2581 3610 2652 φωτίσας,

2027 2673 2252 2745 Συμεὼν
2283 2674 2466 2746 Πάτερ
2527 2673 2704 2744 ἡμῶν,
2762 2673 3034 2745 επρέσϐευε
3089 2675 3312 2745 Χριστῷ
3360 2674 3436 2747 τῷ
3489 2675 3610 2748 Θεῷ

2027 2767 2270 2838 σωθῆναι
2324 2766 2421 2830 τάς
2468 2765 2646 2838 ψυχὰς
2701 2766 2880 2838 ἡμῶν.
2917 2767 3004 2832 Et,
3057 2767 3198 2832 Νοὸς
3248 2767 3467 2841 ὀξύτητι
3514 2769 3610 2826 καὶ

2029 2858 2385 2930 καθαρότητι,
2411 2857 2506 2912 καὶ
2537 2857 2885 2929 λαμπρότητι
2919 2857 3036 2927 βίου
3075 2857 3138 2911 τὸ
3182 2859 3366 2929 νοερόν
3397 2875 3456 2911 σε
3491 2858 3612 2928 φῶς

2030 2951 2366 3024 καθωράῖσε,
2412 2949 2506 3004 καὶ
2551 2951 2671 3012 ταῖς
2715 2948 2828 3003 τῶν
2873 2948 3046 3016 λόγων
3085 2949 3389 3015 καλλοναῖς,
3425 2952 3453 3004 ὁ
3476 2949 3613 3015 Θεός

2031 3060 2093 3097 σε
2121 3041 2478 3114 ἐχαρίτωσεν.
2535 3039 2624 3104 Et,
2671 3039 3004 3110 Μελῳδικῶς
3053 3041 3236 3096 πιστοὶ
3267 3040 3615 3106 συνελθόντες

2031 3134 2446 3205 εὐφημήσωμεν
2503 3132 2706 3196 πάντες
2757 3131 3004 3200 ὲπαξίοις
3053 3131 3219 3204 ᾠδαῖς
3282 3132 3375 3188 τὸν
3437 3133 3616 3204 μέγαν

2033 3226 2172 3282 Θεοῦ
2234 3225 2544 3298 θεράποντα
2603 3224 2890 3296 Συμεῶνα,
2947 3224 3041 3278 τὸν
3090 3223 3246 3294 ἀγιον
3295 3223 3614 3297 λογουέτην,

2031 3319 2093 3374 δν
2118 3321 2152 3390 ή
2177 3317 2416 3390 Χριστοῦ
2459 3315 2761 3388 Ἐκκλησία
2797 3316 3064 3390 φωστῆρα
3117 3317 3494 3389 πεπλούτηκεν
3520 3318 3618 3375 ἐπὶ

2035 3413 2140 3482 γῆς
2189 3412 2304 3475 τοῖς
2361 3408 2706 3474 διδασκάλοις
2747 3407 3032 3481 Πατράσιν
3081 3409 3453 3482 ἔκλάμψαντα,
3518 3409 3618 3464 σὺν

2033 3505 2244 3570 τούτοις
2269 3504 2379 3575 γὰρ
2427 3501 2646 3573 ψάλλων
2699 3501 2992 3567 ἀπαύστως
3039 3503 3282 3576 Χριστῷ,
3337 3503 3516 3574 φωτός
3555 3520 3617 3558 τε

2035 3596 2208 3652 ἀϊδίου
2240 3594 2617 3667 πληρούμενος
2653 3593 2938 3666 συγχαίρει
2969 3594 3288 3666 πρεσϐεύων
3311 3594 3450 3666 ὑπὲρ
3475 3594 3618 3649 πάν·

2032 3706 2142 3742 των
2163 3688 2342 3760 ἡμῶν.
2387 3689 2477 3753 Et,
2511 3685 2783 3756 Εὑγενοῦς
2811 3686 3220 3760 ἀνεδλάστησας
3268 3687 3423 3758 ῥίζης
3463 3687 3620 3758 ῥόδον

2033 3780 2438 3854 κατάρρυθρον,
2469 3779 2814 3852 βεϐαμμένον
2858 3779 3048 3850 χάρισι
3072 3780 3194 3842 ταῖς
3218 3777 3312 3833 τοῦ
3359 3778 3620 3850 Πνεύμα-

2033 3888 2148 3937 τος,
2181 3871 2278 3926 καὶ
2305 3869 2433 3934 τοὺς
2464 3869 2688 3935 πιστοὺς
2723 3868 3048 3932 ινωδίασας.
3079 3866 3280 3936 ὀσμαῖς
3319 3882 3620 3937 συγγραμ-

2001 4017 2020 4026 ,
2038 3965 2223 4035 μάτων
2253 3979 2348 4017 σου
2377 3962 2713 4030 ἀποστόλων,
2739 3960 2990 4033 άϐλητῶν
3011 3958 3104 4014 καὶ
3131 3955 3295 4014 ὁσίων
3331 3957 3400 4012 τά
3430 3958 3587 4029 σκάμ
3604 3986 3620 3999 ο

2037 4079 2182 4136 ματα
2217 4059 2640 4134 συνταξάμενος,
2672 4052 2748 4115 ὧν
2781 4059 2876 4113 καὶ
2927 4055 3209 4127 σύστοιχος
3258 4052 3446 4124 ὤφθης
3491 4053 3620 4108 Θεο-

2035 4155 2256 4228 φάντωρ
2286 4153 2536 4228 Συμεὼν,
2579 4153 2790 4226 τρυφῆς
2822 4153 2880 4206 ὲν
2913 4151 3044 4222 χλόῃ
3080 4153 3145 4218 τῇ
3196 4149 3255 4199 ἐν
3283 4145 3458 4218 δρόσῳ
3499 4143 3620 4219 [3-4]

2037 4247 2425 4320 σκηνούρηος.
2444 4243 3014 4302 Exluisdioinislabiis
3057 4241 3235 4314 gratia
3255 4239 3424 4296 multa
3455 4239 3621 4309 eﬂusa

2035 4349 2129 4408 est,
2143 4353 2189 4397 et
2206 4341 2484 4412 sapientia:
2503 4341 2798 4395 animatum
2811 4341 3062 4392 increatre
3079 4335 3252 4406 {actus
3279 4350 3332 4388 es
3347 4333 3623 4386 habitacu-

2036 4433 2165 4500 lum,
2179 4434 2336 4488 veluti
2357 4434 2492 4504 ignis
2513 4433 2693 4505 lingua
2715 4431 2981 4493 diductus,
3010 4427 3341 4498 confessorin
3357 4425 3622 4479 sermoni-

347 4539 586 4598 namque
614 4530 911 4604 praeﬁgitur
941 4549 954 4586 :
1007 4533 1074 4587 Ἠ
1100 4532 1348 4603 παροῦσα
1373 4533 1600 4606 χρονικὴ
1630 4535 1919 4606 συγγραφὴ

2034 4526 2127 4581 bus
2137 4542 2294 4594 super
2309 4526 2616 4596 abundeque
2629 4517 3394 4594 resplenduisti,apastolorum
3407 4524 3456 4572 et
3471 4533 3622 4570 mar-

347 4619 445 4674 τοῢ
479 4623 714 4692 μεγάλου
742 4624 1026 4694 λογοθέτου
1072 4626 1165 4682 τοῦ
1207 4628 1590 4698 Ἀκροπολίτου
1649 4628 1818 4694 ἐστὶν,
1867 4627 1926 4694 δς

348 4710 532 4766 ἔκτισε
585 4715 646 4768 τὸ
700 4717 1059 4789 μοναστήριον
1118 4719 1217 4788 τῆς
1289 4719 1481 4790 Ἀγίας
1535 4719 1630 4774 τοῦ
1689 4719 1926 4792 Χριστοῦ

364 4805 734 4870 Ἀναστάσεως
782 4825 797 4839 ·
849 4810 1091 4881 περιέχει
1148 4811 1206 4864 δὲ
1250 4811 1318 4866 τά
1375 4812 1518 4876 μετά
1569 4812 1669 4883 τὴν
1703 4811 1926 4866 ἀλωσιν.

349 4895 587 4950 Prtesens
608 4899 850 4953 chronica
881 4903 1186 4971 compositio
1229 4905 1411 4975 magni
1441 4903 1715 4976 logotheta!
1757 4903 1926 4958 Acro-

347 4990 525 5054 polita:
551 5001 645 5058 est,
682 4993 772 5064 qui
801 4994 1079 5064 aediﬁcavit
1107 4999 1481 5053 monasterium
1507 4996 1716 5054 Sancta:
1737 4997 1930 5054 Christi

335 5081 804 5142 'Resurrectionis:
849 5089 1075 5144 continet
1097 5107 1214 5144 vero
1237 5107 1354 5162 quia
1387 5099 1504 5162 post
1553 5103 1783 5162 captam,
1817 5098 1925 5145 etc.

349 5177 419 5232 Et
449 5178 566 5234 hate
621 5179 842 5249 quidem
893 5181 1302 5248 adnotaveram,
1335 5193 1626 5256 antequam
1684 5182 1932 5237 luculen-

349 5270 558 5326 tissima
607 5281 662 5326 et
691 5273 1009 5329 doctissima
1063 5275 1250 5332 Jacobi
1305 5261 1489 5330 Goarii
1541 5275 1597 5330 in
1631 5273 1928 5344 Georgium

349 5361 620 5418 Codinum
674 5365 742 5420 de
774 5364 963 5422 ofﬁciis
1015 5365 1200 5422 Palatii
1241 5367 1646 5424 Commentaria
1693 5365 1931 5438 prodiis-

349 5465 494 5510 sent.
521 5456 677 5512 Nunc
707 5467 886 5514 autem
929 5469 1212 5532 postquam
1262 5461 1350 5516 illa
1378 5460 1522 5517 edita
1567 5469 1716 5525 sunt,
1758 5459 1932 5530 petito

351 5549 422 5602 ab
452 5548 519 5603 iis
553 5549 816 5621 quidquid
855 5563 940 5607 est
986 5552 1038 5606 in
1088 5552 1411 5622 antiquitate
1445 5553 1513 5608 de
1570 5553 1676 5606 hoc
1709 5551 1930 5622 negotio

351 5639 716 5696 reconditum.
769 5640 978 5698 Habent
1009 5643 1122 5710 illa,
1157 5643 1304 5713 quod
1331 5641 1477 5698 sitim
1506 5641 1662 5697 sedet
1711 5648 1764 5695 et
1793 5638 1930 5694 desi-

353 5731 561 5788 derium
606 5735 842 5806 expleat.
902 5735 1006 5792 Tot
1062 5736 1224 5807 igitur
1273 5735 1551 5807 tantisque
1579 5733 1932 5804 dignitatibus

353 5835 546 5882 auctus
591 5825 827 5899 Symeon
889 5839 1109 5896 noster,
1176 5827 1451 5900 quomodo
1506 5827 1928 5898 Ludimagister,

2031 4628 2205 4691 tgrum
2235 4618 2552 4682 certamina,
2605 4623 2656 4671 et
2697 4617 2858 4670 vitam
2919 4629 3024 4669 non
3057 4609 3366 4668 dissimilem
3417 4608 3624 4680 angelis

2028 4721 2330 4766 ascetarum
2380 4708 2788 4780 uniuscujusque
2844 4704 3190 4775 descripsisti,
3246 4709 3296 4756 et
3332 4715 3469 4754 nunc
3511 4715 3620 4754 una

2029 4820 2148 4858 cum
2188 4802 2291 4856 illis
2315 4802 2561 4856 habitans
2612 4800 2668 4853 in
2696 4799 2839 4864 caelo,
2877 4797 3094 4852 Triadis
3129 4794 3309 4850 lumen
3353 4792 3620 4863 exstingui

2031 4896 2262 4950 nescium
2293 4893 2545 4962 conspicis
2572 4892 2830 4964 gaudens.
2864 4890 2952 4955 Et,
2989 4889 3180 4944 ﬂecti?
3193 4887 3314 4948 ﬁdei
3349 4885 3479 4946 dum,
3509 4883 3623 4954 pie-

2031 4991 2157 5044 tatis
2184 4989 2434 5059 magister
2461 4994 2510 5041 et
2551 4983 2894 5050 verecundiae,
2924 4992 3193 5038 terrarum
3223 4978 3364 5034 orbis
3415 4977 3619 5042 lumen,

2029 5082 2344 5151 scriptarum
2399 5079 2704 5134 entheatum
2756 5082 3150 5141 ornamentum,
3189 5072 3310 5144 lyra
3363 5066 3619 5139 Spiritus,

2033 5173 2138 5228 tuis
2169 5171 2634 5244 prredicatibnibus
2663 5185 2843 5224 omnes
2871 5167 3206 5232 illuminans,
3240 5161 3470 5234 ngron
3505 5159 3622 5216 Pa-

2033 5276 2112 5320 ter
2131 5274 2325 5332 noster,
2351 5281 2566 5336 precare
2599 5264 2766 5318 Deum
2799 5259 3087 5325 Christum,
3112 5264 3172 5311 ut
3199 5256 3395 5311 animle
3427 5263 3624 5310 nostris

2032 5357 2322 5414 solventur.
2361 5357 2446 5423 Et,
2477 5357 2664 5412 Mentis
2715 5352 2962 5410 acumine
2983 5359 3032 5405 et
3066 5351 3322 5420 puritate,
3359 5357 3409 5403 et
3430 5346 3624 5418 splen-

2032 5455 2159 5509 dore
2189 5453 2311 5508 vita:
2340 5449 2695 5506 intellectuale
2723 5449 2898 5503 lumen
2929 5454 2980 5502 te
3007 5443 3306 5508 exornavit,
3337 5449 3385 5496 et
3416 5457 3619 5496 sermo-

2033 5562 2160 5602 num
2194 5545 2552 5600 cenustatibus
2584 5543 2721 5598 Deus
2759 5551 2809 5597 te
2852 5541 3144 5612 insignivit.
3182 5537 3266 5602 Et,
3311 5534 3469 5590 Dtlei
3503 5550 3621 5589 mo-

2033 5637 2306 5694 dulatione
2323 5636 2504 5707 ﬁdeles
2523 5636 2880 5691 convenientes
2903 5633 3219 5688 celebremus
3241 5644 3420 5684 omnes
3443 5625 3620 5698 dignis

2034 5730 2275 5787 cantibus
2334 5747 2583 5802 magnum
2637 5729 2735 5783 Dei
2775 5743 2984 5784 servum
3033 5721 3343 5795 Symeonem
3373 5726 3620 5774 sanctum

2037 5823 2374 5895 logothetam.
2433 5838 2582 5891 quem
2619 5820 2817 5877 Christi
2851 5819 3085 5876 Ecclesia
3133 5827 3388 5887 tanquam
3435 5812 3634 5880 lumen,
