3826 6528
282 386 347 452 3i
1579 389 1855 454 LEONIS
1903 391 2210 455 ALLATII
3475 388 3554 457 32

279 501 418 560 Nam
445 509 500 556 ut
531 501 756 573 Symeon
800 499 891 558 ille
917 511 1254 575 cognomento
1296 502 1684 574 Hetaphrastes
1715 507 1830 572 ait,
1883 508 1933 568 Α
1957 507 2044 570 Et,
2080 505 2494 576 Metaphrastem
2521 507 2651 563 scito
2680 509 2850 563 virum
2874 506 3032 581 fuisse
3052 507 3462 573 sanctissimum,
3498 510 3552 562 et

280 595 620 662 imperatores
647 596 700 650 hi
732 611 1052 666 magnopere
1081 597 1258 652 conati
1286 606 1407 652 sunt
1429 597 1584 666 ﬁdem
1605 597 1868 653 Christia-

283 697 408 735 nam
437 684 808 753 expugnando,
849 685 1002 756 quasi
1043 685 1270 752 abolere,
1311 703 1472 757 quam
1497 687 1730 743 Christus
1754 689 1867 760 ipse

280 772 485 841 ﬁrmius
505 774 914 844 perduraturam
944 793 1055 832 esse
1106 781 1487 846 pronuntiauit,
1520 795 1682 850 quam
1719 781 1864 850 ipsas

285 860 412 918 Orci
437 871 641 932 portas.
684 865 754 918 Et
775 865 1016 934 Epistola
1049 867 1139 929 21,
1169 867 1236 922 ad
1266 868 1456 922 Isaiam
1485 870 1812 924 monachum
1847 885 1861 924 :

282 953 395 1006 Καὶ
425 953 599 1009 ταῦτα
627 956 721 1010 τὸν
748 960 808 1013 ὲν
839 958 1018 1025 ἁγίοις
1061 957 1287 1030 Συμεὼν
1312 960 1415 1031 ὅρα
1457 960 1548 1014 τὸν
1569 963 1868 1034 Menippu-

286 1043 420 1112 στὴν
470 1045 532 1099 τὸ
583 1046 765 1117 δόγμα
796 1047 957 1102 τοῦτο
1011 1051 1348 1104 συνιστῶντα
1390 1051 1498 1122 πρὸ
1548 1053 1660 1105 τῶν
1690 1053 1867 1108 ἄλλων

283 1137 632 1208 εὑρίσκοντες
657 1156 672 1171 ⁸
707 1143 769 1194 ὲν
799 1143 909 1213 γὰρ
955 1142 1034 1212 τῷ
1066 1142 1168 1214 βίῳ
1223 1142 1324 1214 τῆς
1377 1145 1866 1218 μεγαλομάρτυρος

297 1229 656 1295 Ἀναστασίας
700 1234 796 1287 καὶ
851 1233 980 1288 τάδε
1020 1235 1176 1304 φησί.
1206 1235 1275 1290 Et
1307 1237 1446 1290 inter
1479 1238 1590 1292 alia
1624 1250 1868 1317 sanctum

283 1320 596 1393 Symeonem
626 1327 1042 1396 Metapltrastem
1071 1329 1274 1383 intuere
1314 1331 1505 1401 dogma
1535 1332 1632 1386 hoc
1655 1342 1870 1388 consta-

285 1413 568 1479 bilientem,
601 1433 725 1472 nam
767 1418 824 1473 in
871 1419 980 1474 vita
1029 1436 1234 1490 magna:
1279 1425 1530 1494 martyris
1569 1427 1897 1480 Anastasiat~

285 1505 397 1562 haec
425 1507 573 1563 dicit.
608 1509 901 1580 Gregorius
932 1510 1251 1568 Corinthius
1305 1513 1727 1585 Metaphrastem
1785 1517 1868 1570 in-

289 1605 372 1652 ter
400 1598 536 1656 alios
573 1609 824 1658 auctores
872 1611 1255 1668 connumerat,
1296 1620 1327 1660 a
1362 1607 1561 1676 quibus
1613 1609 1753 1664 bene
1780 1609 1868 1665 di-

287 1691 466 1752 cendi.
487 1693 734 1764 beneque
767 1695 1024 1750 narrandi
1053 1697 1296 1768 exempla
1323 1700 1552 1767 petenda
1580 1707 1728 1758 sunt.
1755 1703 1868 1757 An-

1971 600 2114 666 apud
2151 598 2357 655 ercos
2385 600 2574 655 Patres
2595 601 2866 656 beatorum
2889 600 3146 672 Catalogo
3174 601 3499 670 adscriptum
3525 597 3551 654 ξ

1969 689 2226 760 siquidem
2251 693 2366 762 ejus
2383 693 2574 760 festum
2605 693 2750 762 apud
2775 693 2896 748 illos
2942 693 3009 746 27
3050 691 3188 747 Nov.
3232 692 3546 746 celebratur.

1972 779 2152 846 Quare
2173 783 2476 851 plenissima
2517 783 2647 852 ﬁdes
2689 785 2804 854 ejus
2841 785 3054 854 scriptis
3089 784 3328 839 adhiberi
3355 794 3547 852 potest,

1969 882 2125 942 prout
2151 876 2316 941 decet,
2335 877 2772 948 gravissimorum
2787 878 3012 946 pariter,
3047 887 3098 932 et
3128 877 3552 931 doctissimorum

1973 965 2197 1020 Patrum
2225 970 2578 1024 testimonium
2599 970 2872 1026 habemus.
2903 970 3010 1038 Qui
3031 979 3207 1026 autem
3234 971 3315 1024 illi
3345 971 3450 1024 sint
3479 970 3552 1024 ad

1969 1067 2120 1112 tuam
2157 1073 2359 1131 quoque
2405 1061 2564 1131 ﬁdem
2621 1062 3062 1130 conﬁrmandam,
3112 1063 3246 1116 sicut
3288 1070 3336 1114 et
3376 1076 3551 1116 meam

1969 1152 2333 1220 corroborant,
2365 1169 2451 1208 eos
2479 1155 2563 1208 hic
2591 1153 2917 1223 subjicimus.
2960 1151 3095 1207 Vide
3149 1153 3278 1207 item
3331 1150 3554 1206 Gretse—

1970 1257 2092 1297 rum
2122 1243 2190 1300 de
2211 1244 2543 1317 imaginibus
2573 1259 2603 1300 a
2632 1244 2689 1300 S.
2723 1245 2869 1300 Luca
2892 1243 3051 1316 pictis
3071 1242 3229 1298 c.19.
3249 1243 3347 1297 Hie
3369 1241 3554 1312 itaque

1971 1343 2156 1392 tantus
2184 1338 2286 1402 vir,
2316 1346 2396 1394 tot
2435 1337 2949 1409 probatissimorum
2979 1343 3262 1394 auctorum
3303 1333 3554 1389 testimo-

1969 1428 2076 1483 niis
2101 1427 2318 1492 doctus,
2344 1429 2626 1508 eloquens,
2653 1429 2902 1494 idoneus,
2930 1427 3197 1498 magistri,
3237 1425 3548 1496 Iogothette,

1967 1521 2198 1592 aliisque
2231 1522 2589 1593 dignitatibus
2619 1521 3027 1584 eobonestatus,
3059 1527 3287 1574 sanctus
3313 1517 3369 1572 in
3407 1515 3553 1572 Grae-

1969 1627 2157 1668 corum
2185 1613 2448 1670 Ecclesiis
2483 1614 2901 1680 celeberrimus,
2946 1627 3072 1668 cum
3106 1611 3226 1666 aliis
3263 1617 3550 1680 computa-

1970 1713 2078 1772 tus,
2108 1705 2202 1776 qui
2234 1695 2529 1762 Ecclesiam
2565 1706 2908 1762 sermonibus
2931 1705 3048 1760 suis
3082 1705 3424 1759 illustrarunt
3452 1720 3464 1756 :
3499 1711 3556 1758 et

288 1783 448 1840 dreas
469 1784 647 1842 Rhodi
679 1788 874 1857 prtesul
899 1771 954 1844 in
1003 1788 1250 1845 Concilio
1287 1791 1588 1848 Florentin.
1649 1809 1786 1852 sess.
1830 1796 1863 1850 7
1967 1771 2291 1867 cujus—dicta
2325 1799 2390 1854 ad
2415 1799 2736 1855 stabilienda
2769 1798 2892 1854 ﬁdei
2924 1799 3178 1870 dogmata
3217 1797 3274 1851 in
3308 1795 3555 1851 conciliis

286 1875 504 1934 Gnaeos
525 1878 600 1934 ita
627 1879 946 1951 alloquitur:
973 1880 1041 1935 In
1067 1883 1252 1952 primis
1274 1884 1432 1954 igitur
1455 1883 1680 1956 Symeon
1701 1888 1867 1942 Meta-
1895 1873 1942 1933 Β
1971 1892 2368 1965 producuntur,
2393 1891 2480 1946 vel
2516 1895 2634 1946 solo
2679 1891 2870 1956 unius,
2918 1891 3006 1946 vel
3043 1889 3270 1945 alterius
3313 1886 3552 1942 btrreticl

287 1971 524 2040 phrastes
575 1973 758 2028 uestris
825 1979 881 2027 in
912 1975 1143 2030 ecclesiis
1205 1977 1574 2033 celeberrimus
1626 1984 1866 2039 accedat.

287 2059 376 2124 Et,
422 2059 656 2130 Legatur
699 2061 789 2116 ille
817 2065 908 2133 qui
946 2081 978 2118 a
1016 2064 1158 2120 vobis
1187 2069 1422 2137 quotidie
1453 2068 1647 2140 legitur
1671 2072 1726 2125 in
1774 2089 1862 2126 ec-

287 2149 459 2205 clesiis
487 2149 711 2223 Symeon
755 2155 1154 2227 Metaphrastes.
1190 2157 1464 2230 Iosephus
1503 2161 1871 2220 Methonensis

287 2247 553 2319 Apologia
602 2265 703 2321 pro
760 2250 979 2324 Synodo
1020 2254 1335 2312 Florentina
1383 2267 1570 2314 contra
1629 2257 1866 2317 Marcum

289 2336 586 2408 Ephesium
620 2359 636 2398 :
669 2345 779 2399 Kal.
810 2345 1034 2417 Συμεὼν
1083 2347 1139 2402 δὲ
1189 2350 1218 2404 ὀ
1247 2347 1369 2414 νέος
1401 2349 1685 2420 Θεολόγος,
1717 2355 1744 2405 ὁ
1775 2353 1871 2407 καὶ

289 2431 698 2506 Μεταφραστὴς
732 2435 1087 2506 καλούμενος,
1119 2443 1184 2512 τῇ
1207 2439 1365 2512 τρίτῃ
1400 2441 1496 2496 τοῦ
1537 2443 1869 2515 Ὀκτωὸρίου

291 2522 373 2586 εἰς
399 2523 490 2578 τὸν
526 2524 642 2594 βίον
669 2527 762 2582 τοῦ
796 2529 957 2597 ἁγίου
1004 2532 1282 2586 Διονυσίου
1327 2534 1420 2588 τοῦ
1447 2534 1866 2606 Ἀρεοπαγίτου,

289 2616 435 2669 οὕτω
471 2619 693 2688 γράφει.
727 2620 796 2675 Et
828 2621 1051 2692 Symeon
1113 2624 1396 2697 Theologus
1449 2627 1660 2695 Iunior,
1695 2633 1786 2702 qui
1819 2643 1866 2686 et

290 2708 668 2780 Mrtaphrastes
696 2714 913 2780 dicitur,
945 2718 1098 2772 tertio
1119 2718 1353 2774 Octobris
1381 2722 1466 2776 die
1504 2724 1558 2776 in
1597 2721 1716 2778 Vita
1741 2742 1868 2780 san-

289 2802 360 2856 cti
389 2801 630 2874 Dionysii
660 2803 994 2879 Areopagitae
1034 2811 1144 2865 hac
1198 2811 1372 2868 habet.
1411 2813 1727 2872 Gennadius
1766 2833 1868 2888 pro

290 2895 525 2952 concilio
576 2896 891 2956 Florentino
927 2917 1048 2973 cap.
1084 2903 1118 2958 5
1149 2923 1164 2960 :
1199 2905 1292 2960 ‘Ev
1319 2905 1452 2976 ἡμῖν
1491 2907 1550 2964 δὲ
1596 2911 1690 2964 καὶ
1721 2912 1866 2982 μάλα

293 2987 476 3053 καλῶς
511 2991 794 3058 σώζονται,
844 2995 940 3048 καὶ
983 2995 1200 3068 ᾅδονται
1248 2999 1386 3068 μετὰ
1440 3001 1720 3074 μελῳδιῶν
1744 3005 1869 3058 καθ’

292 3079 510 3152 ἡμέραν
553 3082 649 3137 καὶ
680 3085 920 3156 Μηναῖα,
967 3087 1064 3141 καὶ
1111 3089 1370 3160 Τριώδια,
1407 3095 1499 3146 καὶ
1533 3095 1718 3163 Λόγοι.
1773 3097 1870 3150 καὶ

295 3173 726 3248 Μεταφραστὴς,
783 3178 878 3232 καὶ
924 3180 1397 3254 Πεντηκοστάρια,
1452 3186 1548 3239 καὶ
1602 3187 1867 3261 Στιχηρὰ,
1899 3227 1943 3286 c

295 3267 390 3352 sta‘t
425 3267 730 3338 Tporta'tpta,
765 3271 859 3324 nul.
924 3271 1217 3345 Ἰδιὸμηλα,
1271 3277 1365 3330 καὶ
1421 3279 1718 3352 Κοντὰρια,
1776 3284 1871 3336 καὶ

296 3350 472 3422 (liuet,
499 3357 596 3411 καὶ
621 3359 952 3432 Συνσξάρια,
988 3364 1080 3416 καὶ
1111 3350 1620 3436 Ἐξαποστειλάριαᾲ
1659 3369 1754 3422 καὶ
1785 3369 1872 3424 ἵνα

297 3447 373 3517 μὴ
400 3449 520 3502 καθ’
547 3449 775 3504 ἕκαστον
824 3451 989 3520 λέγω.
1072 3455 1219 3507 πᾶσα
1263 3455 1452 3519 ἁπλῶς
1489 3461 1666 3511 εἰπεῖν
1701 3460 1735 3529 ἡ
1778 3461 1877 3531 τῆς

307 3535 636 3608 Ἐκκλησίας
663 3542 696 3612 ἡ
707 3541 823 3611 μῶν
855 3543 1152 3615 συγγραφὴ
1180 3545 1387 3616 ταύτην
1415 3545 1528 3618 ἔχει
1569 3549 1667 3620 τὴν
1692 3549 1870 3614 δόξαν.

295 3630 450 3700 Apud
483 3647 576 3686 nos
597 3648 736 3696 vero,
766 3641 813 3688 et
841 3633 996 3688 valde
1020 3636 1144 3690 bene
1160 3651 1556 3707 conservantur,
1575 3654 1871 3698 canuntur-

294 3737 392 3794 (με
422 3739 540 3778 cum
581 3724 1025 3781 modulationibus
1058 3729 1281 3799 singulis
1322 3731 1526 3799 diebus,
1563 3744 1612 3788 et
1639 3733 1872 3802 Merica,

295 3823 346 3870 et
380 3814 616 3877 Triodia,
646 3827 694 3870 et
729 3815 1030 3884 Orationes,
1066 3828 1116 3874 et
1151 3819 1561 3890 Metaphrastes,
1593 3836 1642 3881 et
1681 3826 1872 3891 Pente-

295 3909 548 3973 costaria,
574 3919 620 3962 et
639 3907 895 3978 Stichera,
921 3921 968 3965 et
990 3911 1268 3981 Troparia.
1298 3925 1347 3969 et
1371 3915 1650 3980 Idiomela,
1673 3929 1721 3974 et
1737 3918 1878 3975 Con-

297 4001 518 4063 taria,et
543 4000 684 4066 Oeci,
714 4010 763 4057 et
790 4000 1118 4072 Synaxaria,
1143 4015 1194 4061 et
1219 4005 1642 4078 Exapostilaria,
1663 4022 1786 4076 etc.,
1812 4030 1876 4069 ne

294 4090 504 4160 singula
547 4107 866 4162 recenseam,
904 4097 1146 4152 universa
1187 4107 1384 4154 nostra:
1417 4100 1664 4158 Ecclesia:
1681 4105 1874 4174 ofﬁcia,

297 4195 348 4241 et
371 4197 570 4242 cunctae
603 4191 880 4264 scriptum
918 4194 1056 4246 hanc
1102 4195 1402 4264 opinionem
1421 4197 1666 4253 retinent.
1705 4197 1872 4254 Metao

295 4279 538 4350 pbrastm
560 4283 873 4339 testimonio
900 4284 1028 4340 alibi
1055 4287 1220 4341 etiam
1243 4286 1296 4341 in
1324 4288 1515 4344 eodem
1538 4305 1707 4361 opere
1723 4291 1864 4348 Gen—

1977 1985 2145 2048 dicto,
2180 1984 2326 2040 nulla
2355 1983 2568 2052 probati
2589 1981 2696 2037 viri
2721 1981 3064 2047 auctoritate,
3090 1973 3244 2036 'nullo
3273 1980 3434 2035 etiam
3465 1979 3556 2033 tri-

1973 2077 2132 2134 vialis
2171 2075 2562 2148 Ludimagistri
2613 2075 2934 2158 testimonio
2961 2076 3316 2144 comprobato
3353 2071 3556 2144 jacebit

1973 2171 2032 2226 in
2062 2171 2222 2226 trivio
2247 2171 2639 2240 Ludimagister
2667 2167 2968 2240 inglorius?
2998 2169 3182 2240 Apage
3202 2165 3552 2236 ineptiarum.

2047 2263 2156 2320 Sed
2199 2262 2438 2334 Scriptor
2479 2263 2670 2332 oppido
2710 2277 2888 2316 recens
2928 2270 3024 2316 est.
3074 2258 3132 2315 id
3159 2273 3373 2330 quoque
3399 2265 3558 2328 pute-

1975 2369 2120 2417 mus,
2159 2361 2214 2410 et
2241 2369 2355 2410 rem
2396 2368 2498 2409 suo
2546 2351 2787 2407 nominis
2824 2351 3068 2422 pondere
3112 2348 3439 2420 pendamus.
3489 2346 3555 2399 Et

1976 2447 2234 2518 primum,
2264 2455 2392 2501 ante
2422 2444 2608 2501 omnia
2633 2442 2861 2500 ridenda
2889 2451 2977 2498 est
3023 2439 3403 2496 haereticorum
3447 2451 3553 2492 nu-

1973 2537 2196 2609 gacitas,
2231 2536 2324 2608 qui
2355 2543 2416 2591 ut
2447 2535 2826 2606 Metaphrastte
2857 2534 3017 2590 iidem
3047 2533 3281 2595 elevent,
3307 2545 3430 2585 eum
3463 2546 3556 2584 rc-

1970 2629 2351 2685 centissimum
2381 2627 2609 2694 faciunt,
2629 2635 2684 2681 et
2715 2634 2901 2697 postea
2926 2639 3116 2696 parum
3149 2621 3556 2691 cauti,parum-

1973 2738 2079 2791 que
2104 2721 2206 2776 sibi
2229 2728 2566 2778 constantes.
2597 2717 2996 2788 antiquissimis
3030 2713 3304 2776 Patribus,
3335 2709 3556 2780 etquod

1977 2815 2149 2884 magis
2177 2822 2282 2878 est,
2315 2813 2686 2884 apostolorum
2711 2809 3012 2880 discipulis,
3032 2807 3116 2862 vel
3139 2804 3396 2876 apostolis
3424 2802 3558 2872 ipsis

1974 2923 2179 2978 parem,
2198 2915 2254 2961 et
2273 2907 2565 2978 ὁμόχρονον
2596 2904 2962 2960 constituunt.
2993 2901 3140 2956 [nter
3169 2914 3264 2956 eos
3293 2895 3554 2970 praecipui

1975 3005 2102 3053 sunt
2133 2997 2410 3052 Gesnerus
2435 2997 2728 3076 caeterique
2775 2993 3186 3064 epitomatores,
3217 2989 3307 3062 qui
3343 2987 3557 3059 Hippoc

1970 3086 2140 3158 lytum
2215 3085 2531 3142 Thebanum
2605 3084 2970 3140 recentiorem
3065 3078 3548 3152 chronographum

1977 3197 2106 3238 cum
2169 3180 2460 3252 Hippolyto
2552 3178 2846 3235 Portuensi
2919 3173 3360 3237 confundentes,
3438 3169 3557 3224 Me-

1978 3273 2310 3343 taphrastem
2367 3271 2512 3325 circa
2559 3278 2804 3340 tempora
2858 3267 3226 3339 apostolorum
3270 3262 3560 3333 scripsisse

1973 3365 2138 3422 etiam
2168 3365 2420 3420 nolentes
2447 3363 2836 3418 determinant.
2868 3361 3002 3417 Cum
3025 3361 3170 3415 enim
3199 3359 3340 3414 illius
3365 3355 3562 3412 memi-

1976 3457 2126 3512 nerit
2176 3457 2520 3529 Hippolytus,
2564 3469 2728 3525 quem
2760 3453 2862 3525 ipsi
2903 3453 3255 3508 Portuensem
3305 3465 3448 3513 esse,
3488 3447 3563 3502 de

1975 3566 2084 3622 quo
2119 3548 2481 3620 Hieronymus
2511 3547 2569 3602 in
2597 3545 2864 3618 catalogo,
2897 3544 3169 3600 fateantur
3192 3556 3421 3598 necesse
3449 3547 3562 3604 est,

1972 3650 2100 3697 ante
2130 3640 2218 3694 illa
2243 3647 2488 3710 tempora
2515 3637 2785 3705 ﬂoruisse,
2819 3635 3049 3707 ideoque
3073 3650 3198 3690 cum
3227 3633 3362 3704 ipsis
3418 3645 3563 3702 apo-

1975 3735 2150 3802 stolis,
2178 3733 2265 3789 vel
2293 3732 2580 3787 minimum
2611 3745 2735 3786 cum
2761 3728 3146 3800 Apostolorum
3165 3721 3444 3794 discipulis
3476 3720 3566 3778 vi-

1977 3837 2088 3880 tam
2120 3825 2320 3896 egisse.
2350 3822 2677 3894 Hippolytus
2712 3821 2857 3878 enim
2888 3820 3209 3877 Portuensis
3247 3817 3350 3873 sub
3387 3816 3557 3872 Alex-

1975 3917 2148 3972 andro
2177 3918 2528 3988 imperatore,
2571 3929 2718 3969 anno
2775 3913 2988 3969 Domini
3038 3927 3253 3977 ccm's,
3300 3907 3568 3980 martyrio

1973 4009 2142 4066 vitam
2169 4009 2308 4064 linit.
2350 4009 2419 4064 Et
2447 4008 2540 4062 hic
2577 4006 2993 4063 recentissimus
3025 4005 3132 4061 erit
3158 4014 3350 4060 auctor
3377 4003 3432 4058 iu
3461 4001 3568 4057 Ec-

1974 4103 2166 4168 clesia,
2197 4102 2361 4172 cujus
2386 4099 2716 4157 auctoritate
2751 4115 2851 4155 sua
2877 4097 3170 4154 conﬁrmat
3212 4095 3565 4167 Hippolytus,

1974 4202 2031 4249 et
2058 4193 2127 4248 de
2153 4207 2262 4264 quo
2287 4173 2396 4248 nan
2428 4200 2686 4262 tanquam
2726 4191 2794 4244 de
2838 4205 3032 4244 recens
3073 4189 3181 4243 vita
3214 4187 3422 4252 functo,
3464 4186 3568 4242 sed

1974 4293 2234 4357 tanquam
2279 4284 2586 4355 antiquiore
2613 4325 2629 4350 ,
2673 4293 2729 4338 et
2765 4283 2924 4352 cujus
2964 4282 3076 4351 jam
3121 4281 3417 4335 auctoritas
3458 4293 3568 4334 suo

297 4372 493 4429 nadius
529 4373 720 4429 utitur.
751 4374 975 4432 Necnon
1005 4376 1224 4433 Nicetes
1245 4363 1529 4435 Catena‘in
1569 4381 1794 4447 Lucam,
1818 4391 1877 4438 et
1971 4377 2095 4448 iure
2147 4377 2550 4439 admitteretur,
2604 4374 2770 4430 verba
2835 4373 3001 4428 facit?
3039 4371 3567 4442 Autiquissimorum

299 4463 564 4520 Macarius
589 4465 1062 4538 Chrysocephalus
1085 4469 1138 4524 in
1177 4467 1372 4542 Magno
1415 4471 1740 4542 Alphabeto,
1777 4474 1878 4546 Sy-
1975 4467 2200 4522 Patrum
2233 4468 2302 4524 de
2329 4467 2418 4524 die
2455 4467 2734 4524 Passionis
2763 4473 2820 4520 et
2857 4463 3048 4519 mortis
3080 4462 3292 4518 Domini
3333 4470 3567 4517 senten-

298 4569 428 4610 mon
455 4555 964 4614 Thessalonicensis
999 4559 1055 4613 in
1094 4559 1314 4632 Dialogo
1363 4569 1555 4618 contra
1603 4562 1871 4632 Haereses,
1905 4563 1950 4619 Β
1983 4556 2084 4616 tias
2107 4561 2446 4623 examinans,
2481 4575 2646 4615 unam
2671 4557 2886 4614 caeteris
2909 4555 3133 4628 praefert
3156 4553 3564 4625 Metaphrastae,

297 4655 356 4702 et
393 4646 460 4702 de
497 4645 884 4715 Sacramentis,
914 4649 1164 4706 Bessario
1204 4667 1421 4722 quoque
1449 4653 1774 4722 Cardinalis,
1817 4665 1875 4712 et
1979 4667 2140 4723 quem
2171 4668 2282 4708 non
2316 4653 2437 4708 sine
2462 4651 2738 4724 praeconio
2770 4650 3037 4705 nominat.
3078 4647 3232 4704 Unus
3260 4647 3336 4702 illi
3363 4647 3563 4719 Syma-

299 4736 412 4793 alii.
463 4737 531 4794 Et
555 4739 696 4796 inter
717 4739 940 4797 Latinos
959 4741 1210 4814 Aloysius
1257 4741 1865 4814 Lipomannusdleta-
1977 4757 2071 4809 on,
2122 4743 2384 4814 quidquid
2430 4742 2520 4796 alii
2554 4741 2774 4807 dicant,
2826 4739 3170 4796 haesitantem
3224 4737 3563 4793 intellectum

299 4830 536 4899 phrastes
592 4829 740 4887 Vitas
791 4842 1116 4900 sanctorum,
1147 4835 1374 4906 eleganti
1392 4835 1530 4906 style
1582 4845 1631 4891 et
1661 4838 1868 4892 condito

1979 4835 2182 4894 ﬁrmat.
2234 4832 2376 4902 Ἐγὼ
2409 4832 2468 4887 δὲ
2521 4831 2780 4902 πείθομαι
2824 4832 2937 4894 τοῖς
2987 4829 3171 4898 λόγοις
3215 4825 3310 4881 τοῦ
3365 4826 3562 4898 κυρίου

299 4921 591 4996 descripsit,
629 4932 679 4978 et
717 4924 961 4996 legendas
1000 4925 1248 4982 Ecclesiae
1287 4929 1580 4998 proposuit,
1625 4939 1876 4998 tantaque
1980 4925 2226 4996 Συμεών.
2247 4923 2355 4996 Ego
2371 4939 2491 4980 vero
2507 4923 2664 4991 ﬁdem
2681 4921 2908 4976 adhibeo
2923 4921 3090 4976 verbis
3123 4917 3323 4974 domini
3337 4916 3564 4987 Symeo-

299 5014 614 5070 auctoritate
647 5015 776 5070 liber
797 5017 880 5070 hic
917 5017 974 5070 in
995 5016 1161 5072 lucem
1189 5019 1403 5088 prodiit,
1434 5029 1492 5074 ut
1518 5022 1662 5090 apud
1683 5021 1873 5077 Orien-

301 5105 464 5161 tatem
494 5105 806 5170 Ecclesium,
833 5109 924 5178 qui
963 5119 1267 5164 sanctorum
1302 5110 1446 5166 Vitas
1483 5122 1676 5181 praeter
1711 5129 1874 5169 unum

299 5197 725 5269 Hetapltrastem,
759 5201 1044 5267 scripserit,
1075 5217 1166 5256 nec
1193 5212 1482 5273 quaeratur,
1519 5221 1612 5259 nec
1641 5207 1875 5276 reperia-

303 5291 663 5358 tur.Quinimo
681 5291 922 5366 [57]cum
937 5291 1115 5364 irqsuis
1135 5293 1371 5363 Mena'is,
1392 5304 1440 5350 et
1461 5313 1644 5352 sacras
1659 5307 1874 5352 sancto-

255 5405 269 5416 ο
303 5403 425 5443 rum
459 5387 604 5442 Vitas
631 5389 840 5452 recitat,
873 5404 978 5442 non
1007 5387 1174 5454 alias,
1217 5404 1378 5456 quam
1426 5405 1490 5444 ea:
1525 5390 1642 5444 istis
1675 5390 1879 5444 desum-

305 5489 428 5548 ptas
463 5479 622 5550 legit;
653 5479 782 5533 adeo
803 5493 897 5546 pro
929 5479 1104 5542 certis,
1132 5479 1288 5548 veris,
1323 5481 1638 5535 authenticis
1666 5481 1732 5534 ab
1763 5497 1880 5534 om-

307 5569 479 5636 nibus,
524 5579 572 5624 et
611 5572 844 5626 omnium
886 5572 1202 5627 auctoritate
1239 5572 1564 5642 conﬁrmatis
1598 5572 1874 5626 habentur.

306 5663 424 5720 Ima
455 5680 549 5718 nec
589 5663 824 5719 Ecclesia
865 5665 1046 5722 Grieca
1091 5682 1266 5736 preces
1303 5666 1668 5727 orationesque
1704 5669 1878 5720 Meta-

309 5757 542 5828 phrastte
593 5769 708 5828 post
743 5757 934 5814 Basilii
981 5770 1028 5814 et
1069 5759 1427 5830 Chrysostomi
1463 5758 1877 5828 supplicationes

307 5851 488 5909 statim
525 5851 766 5914 locasset,
799 5852 846 5908 si
889 5853 1106 5907 recentis
1138 5851 1384 5920 temporis
1423 5851 1653 5905 auctoris
1692 5859 1876 5904 essent.

1983 5019 2082 5074 nis.
2111 5017 2408 5088 ngressu
2431 5015 2712 5079 temporis.
2727 5023 2780 5070 et
2806 5021 3000 5070 testata
3019 5012 3258 5083 plurium
3291 5024 3564 5064 annorum

1982 5109 2336 5166 contentione
2354 5108 2622 5164 dictorum
2639 5105 2955 5171 auctoritas,
2983 5112 3038 5160 et
3063 5119 3129 5158 eo
3150 5103 3342 5174 magis,
3365 5100 3411 5156 si
3437 5099 3566 5156 aliis

1987 5201 2246 5272 anteponi
2280 5201 2504 5262 debent,
2561 5215 2672 5255 non
2719 5198 2884 5253 unius
2915 5195 3022 5252 diei
3056 5203 3279 5250 nutante
3314 5193 3566 5266 periculo

1985 5290 2476 5364 eomparatur.|83]
2496 5289 2632 5346 Cum
2656 5289 2840 5359 itaque
2859 5285 3145 5359 Symeonis
3162 5293 3314 5350 tetas,
3339 5285 3386 5341 si
3419 5285 3566 5341 bene

1986 5386 2250 5456 sapimus,
2296 5400 2406 5439 non
2440 5384 2514 5439 ita
2551 5383 2773 5453 antiqua
2809 5379 2900 5446 sit,
2949 5378 3340 5435 concludamus
3384 5377 3567 5448 suspi-

1988 5477 2256 5548 picionem
2288 5475 2618 5531 Novatorum
2643 5474 2714 5530 de
2737 5473 3029 5544 Hippolyto
3047 5472 3242 5538 levem,
3267 5485 3333 5560 ac
3354 5469 3566 5526 lutilem

1987 5584 2108 5624 esse
2138 5577 2194 5622 et
2218 5567 2263 5622 si
2308 5567 2508 5638 placet,
2551 5565 2803 5620 deliram.
2840 5563 2955 5619 Nec
2989 5563 3112 5634 plus
3143 5559 3568 5618 vidit’Franeis-

1989 5677 2088 5714 cus
2115 5659 2360 5714 Bivarius
2378 5658 2683 5714 Comment.
2709 5657 2765 5712 in
2786 5654 3031 5714 Flavium
3057 5655 3314 5709 Dextrum
3341 5668 3487 5708 anno
3511 5652 3564 5715 3,

1991 5753 2084 5824 qui
2118 5751 2466 5822 Hippolytum
2511 5751 2679 5815 hunc,
2722 5765 2884 5818 quem
2923 5747 3242 5802 Thebanum
3287 5744 3563 5816 appellat,

1993 5856 2120 5904 ante
2143 5844 2506 5916 Epiphaniam
2530 5843 2814 5914 scripsisse
2839 5856 3029 5913 parum
3063 5847 3221 5896 caute
3249 5837 3424 5895 fassus
3459 5844 3568 5906 est;
