3826 6534
134 352 139 357 ’
188 359 258 423 33
838 354 937 416 DE
979 351 1329 414 SCRIPTIS
1368 349 1749 411 SYMEUNIS
1793 341 2370 406 METAPHRASTAE
2411 334 2801 401 DIATRIBA.
3375 330 3448 394 34

194 474 345 527 il'um
373 485 475 525 nec
503 468 634 540 legit
658 467 898 539 quidem.
922 465 1205 533 Quomodo
1231 465 1399 530 enim,
1435 463 1528 534 qui
1557 460 1772 531 Georgii
1806 474 1845 527 Α
1877 474 1906 512 a
1940 456 2194 526 quopiam
2229 451 2596 508 dictitaretur?
2620 450 2809 518 Neque
2846 444 3030 515 itaque
3060 442 3285 506 Psellus,
3320 442 3449 498 dum

120 570 138 588 ’
192 562 628 620 Nicomediensis
648 602 664 625 ,
694 560 977 632 Symeouis
1023 558 1430 629 Metapbrastae,
1459 565 1514 611 et
1551 553 1768 625 Georgii

192 654 627 727 Cbronograpliii
668 654 841 709 multo
867 652 1175 723 Epiphanio
1210 650 1576 706 recentiorum
1614 648 1768 702 testi-

190 748 375 802 monio
403 746 597 812 utitur,
630 745 847 800 Bivario
880 759 991 798 non
1018 741 1310 797 dormienti
1339 739 1646 810 Epiphanio
1666 753 1768 792 an-

194 840 397 910 tiquior
427 838 598 895 videri
647 836 866 908 potuit?
914 844 973 891 ct
1002 850 1112 889 non
1141 831 1590 888 animadvertisse
1621 829 1772 884 lliva-

192 933 355 998 rium,
389 932 435 986 si
467 933 634 992 dicas,
670 946 756 985 na:
783 929 869 983 ille
901 942 1042 998 :cgre
1069 926 1274 981 tulerit.
1723 990 1758 996 _

260 1021 730 1088 Quemadmodum
783 1033 912 1091 ergo
964 1027 1094 1073 mtas
1139 1018 1277 1072 adeo
1323 1015 1544 1085 antiqua
1600 1012 1769 1067 Meta—

191 1115 439 1184 pbrasta:
469 1114 790 1184 denegatur,
837 1114 909 1167 ita
936 1119 992 1167 et
1019 1110 1113 1165 illa
1151 1107 1527 1164 recentissima
1558 1105 1628 1159 ab
1652 1104 1773 1158 aliis

194 1215 423 1260 asserta.
455 1204 699 1273 Rapbael
728 1204 874 1259 enim
907 1202 1288 1257 Vollateranus
1326 1199 1636 1254 Comment.
1667 1195 1768 1251 Ur-

193 1300 467 1355 banorum
500 1299 594 1353 lib.
620 1314 711 1353 xix
736 1306 790 1351 et
810 1312 877 1351 ex
900 1310 965 1351 eo
984 1294 1270 1353 Conradus
1297 1292 1573 1347 Gesnervs
1597 1290 1651 1344 in
1682 1288 1770 1342 bi-

192 1393 392 1446 blioth.
429 1391 615 1446 nescio
649 1405 756 1459 qua
783 1389 1098 1459 conjectura
1144 1384 1590 1441 recentissimum
1630 1380 1767 1436 faci-

197 1492 297 1537 unt
323 1484 554 1547 circiter,
583 1495 818 1550 namque
854 1496 1020 1534 annos
1048 1478 1241 1532 abhinc
1271 1477 1518 1530 ducentas
1549 1487 1774 1542 compo-

194 1574 373 1628 suisse
420 1572 573 1627 \’itas
617 1579 929 1625 sanctorum
978 1570 1244 1631 scribunt,
1289 1565 1432 1636 quod
1471 1563 1608 1619 adeo
1657 1563 1777 1617 aliis

196 1664 400 1729 arrisit,
435 1673 497 1719 ut
538 1663 790 1718 eumdem
828 1675 1098 1716 annorum
1137 1672 1448 1719 numerum,
1479 1655 1575 1711 vel‘
1604 1654 1774 1709 invita

199 1756 343 1811 serie
371 1766 705 1825 temporum,
740 1769 851 1813 non
877 1753 1039 1807 nimis
1062 1752 1130 1807 de
1165 1750 1332 1804 rebus
1361 1746 1607 1810 solliciti,
1642 1743 1777 1797 ridi-

199 1850 319 1903 cule
344 1816 1032 1914 retinuerint.vRodulpbus
1044 1841 1407 1913 Hospinianus
1430 1838 1499 1893 de
1516 1835 1776 1905 Templis,
1812 1816 1852 1869 Β

199 1941 266 1995 de
296 1950 548 2010 tempore
570 1939 948 2009 Metaphrasta:
967 1949 1275 1992 sermonem
1299 1933 1506 1987 habens
1527 1929 1779 1989 alIirmat,

200 2049 324 2087 cum
358 2049 463 2086 non
499 2031 729 2103 amplius
750 2030 936 2086 abhinc
964 2027 1199 2084 ducentis
1220 2025 1404 2095 viginti
1433 2022 1586 2077 annis
1618 2020 1786 2089 scrip,

199 2130 347 2182 sisse.
379 2124 731 2180 Benefactum
756 2138 881 2179 cum
923 2120 1316 2191 Metapbraste;
1345 2116 1566 2187 quando
1598 2114 1712 2183 jam
1749 2129 1779 2166 a

204 2218 448 2272 Cesnero
491 2215 559 2272 ad
608 2214 1002 2285 llospinianum
1063 2211 1193 2266 anni
1248 2208 1435 2280 viginti
1481 2206 1778 2262 creverint.

202 2308 427 2362 Similes
471 2306 709 2375 antiquae
747 2313 804 2361 et
849 2302 1173 2360 recentioris
1212 2288 1458 2357 Historiae
1493 2313 1591 2368 pro
1644 2308 1782 2351 nutu

205 2398 580 2453 moderatores
608 2396 862 2452 viderunt
909 2402 1104 2450 exacto
1134 2407 1374 2462 veroque
1405 2389 1635 2453 calculo,
1671 2404 1781 2443 non

205 2491 444 2561 amplius
468 2489 656 2560 viginti
685 2503 861 2544 annos
889 2487 1057 2543 fuisse
1081 2485 1311 2556 elapsos.
1335 2485 1474 2550 Quid
1504 2497 1654 2547 vero,
1686 2483 1781 2552 qui

206 2584 310 2639 sibi
332 2593 547 2639 tantum
570 2583 760 2638 tribuit
786 2581 842 2641 in
872 2579 1162 2637 annalibus
1180 2577 1567 2635 Casaubonus?
1606 2576 1782 2630 Meta-

202 2678 447 2745 phrastes
466 2675 615 2744 scrip
630 2690 689 2728 or
708 2674 896 2744 oppido
918 2689 1111 2738 recens,
1131 2680 1180 2727 et
1203 2685 1429 2741 μετεωρο
1450 2669 1781 2724 vanissimas.

206 2770 447 2825 Dubium
471 2785 542 2824 an
571 2769 647 2824 illi
676 2768 757 2822 vel
789 2768 910 2835 bos,
925 2767 1330 2837 qualescunque
1356 2764 1495 2834 sint},
1520 2764 1784 2817 ducentos

206 2878 383 2918 annos
425 2862 645 2917 tribuat.
680 2859 820 2916 Hinc
840 2862 1232 2932 epitomatores
1259 2855 1577 2913 Gesneriani
1608 2854 1662 2908 in
1688 2869 1782 2909 ex-

208 2954 502 3011 scribenda
526 2953 847 3009 bibliotheca
876 2966 1147 3007 annorum
1170 2963 1483 3014 numerum,
1508 2940 1696 3003 nescio
1709 2960 1781 3000 an

209 3046 377 3101 etiam
398 3046 496 3101 illo
510 3045 798 3101 intervallo
820 3041 1336 3109 recentiorem,~vel,
1358 3050 1416 3096 ut
1446 3041 1648 3095 veritas
1676 3049 1781 3105 est,

1872 549 1942 603 ab
1974 548 2098 611 illis,
2124 546 2217 616 qui
2263 544 2524 599 viderunt
2565 540 2891 612 Symconem
2926 535 3119 602 audiit,
3166 536 3452 607 Symeonis

1872 642 2017 699 aetati
2050 638 2274 710 aequalis
2293 636 2562 693 dicendus
2589 643 2691 689 est.

1940 735 2011 787 At
2062 731 2177 786 tieri
2228 744 2391 801 posse
2444 727 2648 794 dicent,
2701 735 2763 780 ut
2814 723 2938 794 quis
2973 721 3165 777 eodem
3204 730 3450 790 tempore

1871 812 2081 890 vivens,
2115 822 2346 877 alterius
2371 831 2483 875 tum
2507 833 2725 889 quoque
2754 815 2985 872 viventis
3006 828 3095 868 res
3118 822 3297 881 gestas
3317 825 3453 881 quas

1872 918 1964 971 ille
2001 915 2202 969 multas
2233 914 2303 968 ob
2337 926 2531 967 causas
2554 925 2666 963 non
2698 907 2915 967 viderit.
2947 904 3183 960 audierit
3212 913 3392 958 tamen
3423 919 3452 955 a

1869 1007 1999 1062 viris
2025 1006 2129 1060 ﬁde
2169 1004 2371 1075 dignis,
2395 1002 2487 1072 qui
2515 1000 2589 1054 illi
2626 998 2874 1069 operanti
2904 996 3202 1061 adfuerint,
3229 993 3452 1046 scribat.

1877 1099 1969 1154 Sic
1998 1098 2105 1153 hoc
2137 1106 2382 1166 tempore
2436 1093 2605 1148 multa
2656 1090 3020 1153 sciscitantur,
3044 1097 3099 1141 et
3138 1086 3386 1140 audimus
3423 1100 3454 1138 a

1876 1193 2201 1257 scientibus,
2229 1198 2283 1245 et
2312 1190 2403 1259 qui
2438 1204 2501 1243 ea
2534 1186 2811 1247 viderunt,
2836 1180 3114 1248 relataque
3144 1176 3340 1230 litteris
3363 1189 3456 1245 po-

1873 1294 1989 1339 stea
2027 1283 2497 1338 commendamus.
2547 1278 2693 1333 Idem
2724 1272 2900 1345 potuit
2924 1270 3100 1325 Psello
3139 1267 3454 1337 contigisse.

1871 1374 2050 1440 Quare
2083 1374 2244 1436 ratio,
2279 1387 2400 1442 quae
2435 1386 2500 1425 ex
2538 1368 2662 1423 istis
2694 1363 2929 1420 oculatis
2969 1361 3200 1416 testibus
3235 1358 3459 1414 deduci-

1877 1476 1987 1533 tur,
2033 1466 2177 1520 illius
2214 1464 2476 1534 aequalem
2535 1460 2740 1531 oppido
2794 1454 3113 1527 comprobat
3156 1450 3463 1522 Metapbra—

1876 1567 2037 1623 stem,
2066 1558 2426 1628 antiquiorem
2490 1569 2622 1609 vero
2661 1566 3032 1622 nequaquam.

1946 1667 2139 1724 Paucis
2171 1669 2257 1723 bic
2309 1666 2618 1732 ostendam,
2679 1664 2905 1719 modum
2962 1663 3126 1718 istum
3179 1664 3458 1735 .oquendi,

1880 1761 2035 1830 quasi
2050 1776 2265 1829 semper
2281 1759 2347 1814 dc
2372 1759 2532 1813 rebus
2549 1759 2813 1813 anteactis
2836 1756 3036 1828 quibus
3062 1772 3165 1812 nos
3189 1757 3460 1812 interesse

1886 1854 1955 1909 ob
1985 1863 2197 1908 aetatem
2228 1867 2336 1906 non
2385 1851 2681 1922 potuimus,
2706 1850 2812 1906 dici
2845 1849 3027 1905 :dicto
3049 1865 3171 1905 meo
3208 1865 3340 1914 uno,
3373 1850 3460 1905 vel

1889 1947 2065 2001 altero
2082 1945 2332 2014 exemplo
2352 1942 2546 1998 faciam
2568 1942 2721 1997 satis.
2739 1941 3015 2011 Eunapius
3034 1939 3349 2004 Sardianus,
3370 1939 3462 1994 Vi-

1891 2048 1975 2094 tas
2006 2037 2408 2108 SOpbistarum.
2432 2051 2569 2106 quos
2599 2035 2712 2105 ipse
2733 2042 2981 2093 noverat.
3010 2029 3147 2103 quos
3170 2033 3334 2088 etiam
3362 2050 3461 2088 aus

1892 2135 2006 2189 ditu
2029 2131 2465 2203 deprehenderat
2492 2128 2813 2198 scripturus,
2839 2125 3171 2181 auditionem
3194 2126 3331 2181 hanc
3352 2142 3464 2183 non

1891 2228 1956 2281 ad
1988 2243 2075 2283 res
2096 2241 2226 2290 suae,
2264 2223 2360 2279 sed
2381 2223 2447 2277 ad
2473 2221 2772 2292 superioris
2807 2219 2984 2273 :etatis
3022 2229 3238 2287 tempus
3275 2219 3464 2274 refert.

1888 2319 1932 2374 Ν
1940 2321 2105 2374 icetas
2124 2315 2416 2372 Cboniates
2431 2314 2599 2369 multa
2619 2313 2685 2367 de
2701 2312 2910 2367 Joanne
2927 2311 3206 2367 Comneno
3224 2328 3466 2368 comme-

1893 2420 2086 2476 morat,
2102 2425 2221 2480 quae
2248 2409 2366 2478 ipse
2390 2423 2501 2462 non
2520 2406 2672 2471 vidit,
2707 2404 2802 2459 sed
2821 2404 2888 2459 ab
2906 2404 3026 2458 aliis
3042 2417 3347 2475 acceperat,
3372 2405 3466 2475 qui

1888 2504 2151 2560 Joannem
2201 2502 2473 2565 viderunt,
2523 2508 2578 2554 et
2618 2498 2982 2568 expeditionis
3020 2500 3247 2555 comites
3287 2498 3463 2555 luere.

1890 2598 2004 2653 Hoc
2054 2596 2197 2651 idem
2219 2593 2504 2666 profitetur
2546 2590 2788 2647 Joannes
2822 2590 3142 2645 Cinnamus.
3198 2590 3331 2658 Quis
3382 2603 3469 2647 ta-

1892 2702 2017 2742 men
2062 2686 2270 2741 diceret
2311 2699 2400 2737 res
2448 2681 2566 2736 illas
2615 2681 2884 2735 dictorum
2911 2681 3243 2750 scriptorum
3285 2698 3466 2737 aevum

1891 2794 2002 2834 non
2074 2774 2487 2847 praecessisse?
2564 2772 2875 2847 Audiamus
2944 2771 3227 2842 Polybium
3262 2812 3277 2835 ,
3359 2788 3468 2845 quo

1891 2884 2023 2925 sane
2053 2881 2215 2922 nemo
2245 2864 2457 2930 melius,
2494 2878 2657 2919 nemo
2689 2861 2996 2918 accuratius
3021 2862 3115 2917 lib.
3151 2879 3204 2917 ιν
3228 2862 3463 2920 Histor..

1894 2951 2158 3032 Δεύτερον
2214 2959 2272 3012 δὲ
2311 2957 2399 3010 διὰ
2432 2955 2493 3010 τὸ
2529 2956 2622 3009 καὶ
2651 2955 2776 3019 τοὺς
2806 2953 3033 3026 χρόνους
3065 2952 3208 3007 οὕτω
3252 2955 3472 3027 συντρέ-

1892 3074 2009 3128 χειν
2035 3056 2160 3117 τοὺς
2196 3052 2342 3123 ἑξῆς,
2375 3050 2469 3105 καὶ¹
2502 3050 2631 3114 τοὺς
2669 3050 2967 3112 πίπτοντας
3000 3046 3103 3102 ὑπὸ
3140 3047 3239 3122 τὴν
3271 3050 3468 3118 ἡμετέ-

215 3141 598 3210 antiquiorem
637 3138 1016 3194 existimantes
1047 3137 1372 3193 omiserunt.
1406 3134 1787 3191 Genebrardus

1896 3166 1996 3221 ραν
2034 3146 2296 3217 ἱστορίαν,
2329 3143 2471 3197 ὥστε
2532 3143 2659 3206 τοὺς
2699 3142 2798 3214 μὲν
2825 3142 2948 3195 καθ’
2979 3142 3124 3211 ἡμᾶς
3154 3136 3314 3206 εἶναι,
3345 3141 3472 3207 τοὺς

216 3231 597 3304 chronold‘giae
615 3231 708 3286 lib.
739 3248 789 3286 iv
804 3230 1226 3302 Metapbrastem
1240 3228 1412 3301 -paulo
1425 3226 1786 3297 antiquiorem

211 3324 364 3380 facit.
392 3321 623 3393 Symeon
642 3321 1027 3393 Metaphrastes
1051 3323 1193 3376 circa
1213 3322 1324 3376 huic
1338 3322 1469 3375 anni
1488 3319 1628 3376 1200
1659 3328 1792 3374 tem-

214 3433 370 3487 pora.
411 3416 483 3470 Et
501 3425 683 3471 tamen
709 3413 945 3471 Psellum
964 3415 1158 3471 scribit
1181 3413 1432 3470 ﬂoruisse
1449 3430 1595 3468 anno
1631 3413 1790 3468 l075.

283 3504 707 3567 Eruditissimus
724 3499 998 3562 Gerardus
1010 3504 1237 3562 Vossius
1252 3505 1321 3561 de
1345 3503 1628 3561 HiStoricis
1647 3503 1796 3560 Grae-

212 3597 294 3652 cis
318 3597 420 3652 lib.
447 3613 511 3664 tr,
534 3612 655 3667 cap.
678 3596 773 3661 26,
795 3597 898 3653 sub
924 3596 1287 3653 Constautino
1308 3596 1478 3662 Duca,
1497 3594 1580 3651 vel
1601 3593 1791 3649 saltem

213 3689 360 3744 circa
380 3688 475 3743 illa
512 3696 758 3759 tempora
784 3687 1109 3761 Symeonem
1145 3686 1572 3758 Metaphrastem
1602 3684 1793 3757 ponit;

216 3795 345 3835 nam
372 3779 446 3835 de
484 3780 605 3853 ejus
631 3790 794 3838 aetate
829 3782 1010 3838 adhuc
1054 3782 1123 3838 lis
1173 3790 1258 3837 est
1297 3779 1399 3836 sub
1422 3779 1628 3852 judice,
1663 3777 1798 3835 vixit

215 3880 403 3928 tamen
435 3866 690 3929 ducentis
713 3873 872 3930 annis
888 3946 891 3949 _
906 3874 1200 3944 posterius,
1221 3890 1385 3944 quam
1410 3874 1797 3929 existimarunt

216 3962 488 4022 Baronius
528 3975 585 4021 et
611 3965 990 4027 Bellarminus.
1013 3966 1215 4024 Probat
1239 3985 1303 4023 ex
1323 3976 1481 4023 aetate
1501 3967 1684 4034 Pselli,
1702 3967 1797 4038 qui

220 4056 324 4112 sub
367 4056 562 4113 iisdem
596 4057 1018 4129 imperatoribus
1045 4054 1211 4115 iitam
1253 4059 1467 4130 agebat,
1507 4066 1561 4113 et
1596 4058 1652 4112 in
1677 4058 1795 4112 lau-

222 4138 345 4201 dem
399 4145 687 4220 Symeouis
735 4150 1037 4206 orationem
1082 4151 1368 4207 habuerat.
1408 4150 1568 4205 Etas
1617 4151 1801 4220 itaque

221 4241 407 4310 Pselli,
450 4252 509 4297 ut
550 4243 804 4314 opinatur
865 4244 1126 4311 Vossius,
1156 4254 1371 4300 aetatem
1418 4243 1800 4314 Metapbrasta:

222 4333 453 4388 indicat.
486 4332 689 4390 Verum
720 4345 900 4391 tamen
923 4352 1048 4392 cum
1075 4338 1250 4393 Psello
1274 4338 1474 4394 vixisse
1497 4338 1568 4393 ob
1590 4338 1798 4393 oratio-

222 4440 353 4480 nem
385 4426 445 4480 in
465 4442 589 4481 eum
621 4426 817 4483 factam
836 4443 866 4483 a
884 4428 1062 4484 Psello
1089 4444 1252 4485 nemo
1275 4430 1457 4496 dicet;
1484 4446 1550 4485 ex
1568 4446 1632 4485 ea
1655 4444 1802 4484 nam-

1894 3241 1949 3295 δὲ
2005 3238 2149 3293 κατὰ
2186 3237 2315 3299 τοὺς
2352 3234 2593 3304 πατέρας
2662 3232 2838 3304 ἡμῶν.
2919 3231 3009 3298 Ἐξ
3058 3224 3118 3284 οὗ
3182 3231 3473 3302 συμϐαίνει

1894 3329 2021 3392 τοὺς
2065 3327 2162 3399 μὲν
2190 3325 2387 3390 αὐτοὺς
2431 3325 2580 3394 ἡμᾶς
2608 3322 3071 3394 παραγεγονέναι,
3126 3319 3195 3374 τὰ
3224 3320 3282 3374 δὲ
3320 3321 3473 3399 παρὰ

1893 3421 2002 3475 τῶν
2040 3416 2359 3490 ἑωρακότων
2406 3413 2725 3482 ἀκηκοέναι.
2755 3411 2830 3464 Τὸ
2864 3411 2960 3464 καὶ
3010 3410 3268 3479 ἀνωτέρω
3299 3426 3474 3479 προσ-

1892 3513 2191 3584 λαμϐάνειν
2262 3511 2376 3570 τοῖς
2404 3507 2643 3579 χρόνοις,
2683 3505 2758 3568 ὡς
2795 3505 2967 3575 ἀκοὴν
3017 3504 3075 3568 ἐξ
3122 3505 3291 3573 ἀκοῆς
3333 3506 3473 3573 γρά-

1895 3625 2038 3675 φειν,
2074 3607 2173 3660 οὐκ
2231 3600 2470 3673 ἐφαίνεθ’
2525 3601 2656 3670 ἡμῖν
2701 3597 2958 3668 ἀσφαλῶς
2996 3596 3162 3669 ἔχειν,
3219 3596 3343 3650 οὔτε
3374 3599 3474 3658 τὰς

1893 3696 2197 3767 διαλήψεις,
2234 3691 2358 3747 οὕτε
2420 3689 2519 3755 τὰς
2587 3689 2907 3758 ἀποφάσεις.
2973 3686 3172 3741 Deinde
3222 3687 3491 3759 quoniam,

1893 3792 2138 3865 proxima
2190 3787 2298 3842 illis
2350 3794 2609 3852 tempora,
2650 3791 2698 3836 et
2738 3799 2822 3844 ea,
2851 3797 2967 3850 qua:
2999 3782 3056 3835 in
3102 3790 3337 3834 nostram
3383 3796 3475 3833 ca—

1897 3887 2028 3939 dunt
2074 3881 2375 3944 historiam,
2403 3878 2481 3931 ita
2524 3877 2744 3930 invicem
2771 3890 3005 3928 connexa
3029 3882 3171 3936 sunt,
3196 3880 3253 3926 ut
3276 3870 3474 3942 partim

1895 3989 2095 4044 nostra,
2133 3974 2331 4046 partim
2365 3981 2661 4025 nostrorum
2703 3977 2918 4040 patrum
2967 3975 3097 4021 aetas
3128 3966 3184 4018 in
3210 3964 3306 4018 illa
3334 3964 3473 4018 inci-

1894 4073 2010 4127 dat.
2038 4071 2120 4124 Ea:
2167 4084 2269 4140 quo
2328 4066 2410 4137 ﬁt,
2462 4074 2519 4117 ut
2568 4078 2743 4116 rerum
2795 4060 3143 4114 dicendarum
3196 4057 3319 4111 aliis
3374 4056 3475 4127 ipsi

1895 4162 2309 4232 interfuerimus,
2351 4157 2487 4210 alias
2522 4154 2587 4209 ab
2645 4155 2711 4207 iis
2741 4153 3114 4225 acceperimus,
3174 4150 3262 4223 qui
3321 4158 3473 4203 testes

1895 4254 2091 4309 oculati
2141 4255 2306 4325 fuere.
2367 4248 2703 4302 Anteriorum
2752 4245 3009 4312 siquidem
3070 4251 3356 4309 temporum
3395 4255 3476 4296 res

1895 4356 2068 4420 gestas
2109 4346 2401 4416 attingere,
2451 4352 2508 4396 ut
2549 4338 2873 4393 auditionem
2917 4352 2980 4389 ex
3042 4334 3313 4387 auditione
3349 4331 3472 4388 scri-

1898 4442 2035 4506 bere,
2064 4456 2254 4510 parum
2283 4435 2577 4492 existimavi
2610 4441 2800 4495 tutum,
2834 4429 2971 4500 quod
3007 4443 3098 4480 nec
3137 4426 3331 4480 veritas
3358 4422 3479 4476 illa-

221 4532 333 4588 que
373 4517 622 4574 oratione
671 4517 906 4590 Sytneon
954 4520 1131 4576 Psello
1170 4521 1466 4591 antiquior,
1503 4536 1614 4576 non
1650 4520 1787 4576 illius

1905 4552 2022 4590 rum
2064 4531 2398 4601 deprehendi,
2467 4545 2558 4582 nec
2612 4524 2839 4579 indicari
2898 4531 3067 4592 posset
3129 4520 3193 4572 de
3230 4516 3474 4587 singulis.

222 4609 459 4679 aequalis
479 4610 777 4671 evincitur.
799 4613 894 4667 Ait
916 4628 975 4668 se
1010 4612 1221 4670 Psellus
1248 4614 1468 4669 audisse
1497 4615 1565 4669 ab
1595 4615 1680 4679 iis,
1709 4613 1801 4679 qui

223 4702 647 4773 lletapbrastem
681 4715 932 4774 agentem
962 4706 1200 4760 animam
1226 4705 1511 4762 viderant:
1540 4720 1652 4760 non
1672 4719 1801 4776 ergo

220 4795 346 4866 ipse
379 4793 606 4849 viderat.
635 4793 701 4850 Et
733 4795 828 4866 qui
859 4795 1108 4852 viderant
1144 4798 1342 4853 multos
1372 4806 1499 4852 ante
1519 4811 1694 4852 annos
1714 4797 1802 4850 vi-

222 4884 401 4951 disse,
434 4894 569 4940 utet
595 4902 727 4942 sane
757 4887 1028 4952 viderunt,
1065 4888 1177 4943 fieri
1207 4888 1401 4958 potuit.
1437 4889 1505 4942 Et
1537 4902 1637 4959 ego
1664 4898 1803 4958 puer

223 4975 363 5030 dum
388 4974 571 5031 Paula:
599 4977 654 5030 in
677 4977 922 5032 Calabria
941 4993 1328 5045 commorarer,
1347 4979 1528 5034 audivi
1547 4979 1747 5049 sapius
1770 4994 1799 5033 a

224 5063 351 5157 [ὅθ]
368 5066 602 5135 quodam
623 5082 755 5121 sene
779 5067 901 5138 plus
922 5084 1096 5123 annos
1119 5078 1337 5125 centum
1359 5078 1413 5125 et
1430 5070 1620 5141 viginti
1650 5080 1801 5135 nato,

224 5161 302 5214 ob
338 5160 550 5214 senium
576 5161 797 5231 longum
837 5169 891 5217 et
918 5161 1222 5227 cervinum,
1263 5163 1418 5218 vivax
1444 5170 1646 5226 tamen,
1681 5178 1803 5217 om-

225 5250 396 5310 nibus
432 5253 763 5317 venerando,
800 5253 965 5309 multa
994 5254 1063 5309 de
1094 5256 1154 5308 ι).
1195 5254 1485 5309 Francisco
1517 5253 1800 5324 populari,

224 5356 292 5395 ac
325 5342 442 5395 cive
490 5357 609 5407 suo,
645 5356 807 5410 quem
856 5342 972 5411 ipse
1020 5343 1072 5399 in
1120 5342 1486 5399 familiaritate
1531 5353 1802 5407 versatus,

224 5434 427 5497 oculis,
449 5445 826 5506 usurpaverat,
853 5444 1109 5507 tanquam
1141 5445 1272 5491 teste
1288 5450 1393 5491 οισι
1417 5445 1508 5491 ato
1526 5446 1804 5491 narrante:

225 5542 357 5597 qua:
384 5527 431 5580 si
457 5526 511 5580 in
540 5527 761 5597 scriptis
792 5527 1072 5587 referrem,
1104 5529 1347 5584 dicerem
1373 5545 1436 5584 ea
1467 5533 1538 5584 ab
1567 5530 1689 5595 illis,
1710 5528 1805 5600 qui

228 5619 295 5677 D.
319 5617 667 5674 Franciscum
689 5614 1326 5685 viderant,int?llexisse:
1348 5622 1541 5678 ideonc
1561 5623 1623 5677 D.
1645 5623 1809 5678 Fran-

226 5711 431 5774 ciscus,
456 5711 548 5781 qui
577 5722 705 5793 ante
727 5728 836 5776 me,
867 5714 995 5769 dum
1029 5716 1142 5768 bazc
1176 5714 1357 5769 s’cribo
1393 5715 1554 5769 annis
1585 5725 1803 5770 centum

226 5805 590 5879 quadraginta
619 5816 673 5865 et
710 5823 875 5866 unum
909 5817 1155 5865 martuus
1196 5816 1299 5876 est,
1330 5809 1464 5871 mibi
1513 5808 1805 5879 σύγχρονος

1910 4626 2038 4683 Tria
2076 4626 2131 4680 in
2162 4623 2388 4678 historia
2426 4618 2714 4676 constituit
2759 4624 3025 4684 tempora,
3064 4609 3168 4670 sui,
3202 4608 3392 4679 patris,
3423 4613 3479 4660 et

1908 4716 2169 4774 anterius.
2196 4715 2305 4770 Res
2322 4721 2497 4785 gestas
2514 4725 2613 4766 suo
2633 4718 2877 4778 tempore
2898 4702 3103 4773 nullius
3115 4699 3336 4755 alterius
3351 4713 3475 4769 ope,

1911 4813 2006 4867 sed
2046 4824 2145 4865 suo
2175 4808 2292 4878 ipse
2331 4806 2513 4861 studio
2542 4800 2914 4874 deprehensas
2959 4801 3224 4851 narratet
3252 4791 3478 4850 indicat.

1909 4900 2088 4956 Patris
2119 4897 2376 4953 memoria
2414 4895 2579 4950 factas
2620 4891 2899 4949 auditione
2935 4885 3325 4958 consequitur:
3358 4897 3479 4952 quae

1910 4999 2122 5062 patrem
2145 4995 2564 5063 praecesserunt,
2598 4984 2706 5054 iam
2735 4997 2842 5037 non
2870 4976 3236 5036 suntauditio.
3265 4972 3360 5029 sed
3388 4987 3479 5026 auc

1908 5059 2041 5136 ditio
2071 5059 2469 5134 exauditione.
2495 5074 2701 5146 Polybii
2744 5072 3073 5127 sententiam
3097 5059 3478 5137 approbat[40]

1909 5173 2249 5243 Epiphanius
2283 5169 2444 5240 Cypri
2490 5168 2754 5223 adversus
2791 5163 3037 5225 [hereses
3082 5161 3138 5214 in
3166 5155 3477 5213 Prommio:

1910 5266 2032 5319 Τῶν
2062 5263 2118 5318 δὲ
2148 5264 2238 5332 ὑφ’
2272 5261 2426 5333 ὑμῶν
2460 5259 2762 5332 μελλόντων
2796 5260 2875 5320 εἰς
2904 5254 3106 5325 γνῶσιν
3130 5251 3240 5306 τῶν
3288 5250 3482 5315 ἐντυγ-

1910 5358 2173 5430 χανόντων
2206 5354 2362 5425 ήκειν
2393 5351 2658 5423 αἱρέσεων
2703 5366 2763 5402 τε
2822 5349 2917 5402 xui.
2955 5346 3062 5398 τῶν
3105 5340 3385 5406 ἀνωτάτω,
3413 5337 3483 5390 τὰ

1918 5451 2022 5520 μὴν
2053 5451 2114 5501 ὲκ
2149 5444 2500 5517 φιλομαθείας
2542 5445 2725 5513 ἴσμεν,
2774 5438 2842 5494 τὰ
2876 5439 2932 5493 δὲ
2960 5437 3019 5503 ἐξ
3076 5435 3244 5504 ἀκοῆς
3294 5448 3481 5485 κατει-

1914 5542 2187 5613 λήφαμεν,
2221 5538 2415 5603 τοῖςδέ
2470 5554 2611 5591 τισιν
2666 5536 2814 5598 ἰδίοις
2868 5532 2971 5586 ὠσὶ
3041 5531 3134 5585 καί
3184 5526 3482 5597 ὀφθαλμοῖς

1914 5630 2315 5704 παρετύχομεν.
2346 5629 2623 5684 Ηωνεδοοη
2638 5643 2830 5699 porro,
2867 5641 2982 5698 qua:
3011 5642 3041 5677 a
3070 5622 3213 5676 nobis
3243 5622 3299 5673 in
3345 5616 3484 5674 noti-

1917 5720 2048 5774 tiam
2077 5719 2358 5788 (cgentium
2387 5731 2752 5790 suggereumr,
2777 5717 2938 5769 etiam
2966 5713 3479 5786 antiquissimarum,

1917 5809 2196 5865 neunullas
2228 5811 2400 5865 studio
2428 5826 2491 5865 ac
2535 5807 2808 5881 diligentia
2844 5809 3070 5863 assecuti
3111 5821 3309 5874 simius,
3344 5801 3483 5858 alias
