  <div class='ocr_page' id='page_1' title='image "/cluster/home/n/w/nwhite01/storage/ocr_20150623/114/hvd.32044019208123/023.png"; bbox 0 0 3826 6464; ppageno 0'>
   <div class='ocr_carea' id='block_1_1' title="bbox 380 299 3652 374">
    <p class='ocr_par' dir='ltr' id='par_1_1' title="bbox 380 299 3652 374">
     <span class='ocr_line' id='line_1_1' title="bbox 380 299 3652 374; baseline -0.001 -10"><span class='ocrx_word' id='word_1_1' title='bbox 380 308 455 374; x_wconf 81' lang='lat'><strong>35</strong></span> <span class='ocrx_word' id='word_1_2' title='bbox 1691 302 1970 365; x_wconf 84' lang='lat' dir='ltr'><strong>LEONIS</strong></span> <span class='ocrx_word' id='word_1_3' title='bbox 2008 302 2321 365; x_wconf 74' lang='lat' dir='ltr'><strong>ALLATII</strong></span> <span class='ocrx_word' id='word_1_4' title='bbox 3573 299 3652 362; x_wconf 75' lang='lat'><strong>36</strong></span> 
     </span>
    </p>
   </div>
   <div class='ocr_carea' id='block_1_2' title="bbox 381 404 3654 483">
    <p class='ocr_par' dir='ltr' id='par_1_2' title="bbox 381 404 3654 483">
     <span class='ocr_line' id='line_1_2' title="bbox 381 404 3654 483; baseline -0.004 -7"><span class='ocrx_word' id='word_1_5' title='bbox 381 435 449 476; x_wconf 78' lang='lat' dir='ltr'><strong>ea:</strong></span> <span class='ocrx_word' id='word_1_6' title='bbox 480 416 669 473; x_wconf 85' lang='lat' dir='ltr'><strong>auditu</strong></span> <span class='ocrx_word' id='word_1_7' title='bbox 710 415 856 471; x_wconf 85' lang='lat' dir='ltr'><strong>nobis</strong></span> <span class='ocrx_word' id='word_1_8' title='bbox 877 413 1323 483; x_wconf 72' lang='lat' dir='ltr'><strong>comparabimus,</strong></span> <span class='ocrx_word' id='word_1_9' title='bbox 1361 410 1622 481; x_wconf 80' lang='lat' dir='ltr'><strong>quasdam</strong></span> <span class='ocrx_word' id='word_1_10' title='bbox 1643 410 1808 464; x_wconf 84' lang='lat' dir='ltr'><strong>etiam</strong></span> <span class='ocrx_word' id='word_1_11' title='bbox 1836 427 1962 480; x_wconf 83' lang='lat' dir='ltr'><strong>pro-</strong></span> <span class='ocrx_word' id='word_1_12' title='bbox 1990 428 2035 483; x_wconf 68' lang='grc' dir='ltr'><strong>Α</strong></span> <span class='ocrx_word' id='word_1_13' title='bbox 2065 418 2465 465; x_wconf 86' lang='lat' dir='ltr'><strong>conterraneus</strong></span> <span class='ocrx_word' id='word_1_14' title='bbox 2489 406 2697 479; x_wconf 73' lang='lat' dir='ltr'><strong>Alypio.</strong></span> <span class='ocrx_word' id='word_1_15' title='bbox 2730 407 2817 462; x_wconf 86' lang='lat' dir='ltr'><strong>Sic</strong></span> <span class='ocrx_word' id='word_1_16' title='bbox 2854 404 2999 461; x_wconf 70' lang='lat' dir='ltr'><strong>enim</strong></span> <span class='ocrx_word' id='word_1_17' title='bbox 3043 408 3117 462; x_wconf 84' lang='lat' dir='ltr'><strong>sic</strong></span> <span class='ocrx_word' id='word_1_18' title='bbox 3147 407 3378 477; x_wconf 82' lang='lat' dir='ltr'><strong>quadam</strong></span> <span class='ocrx_word' id='word_1_19' title='bbox 3414 404 3654 478; x_wconf 78' lang='lat' dir='ltr'><strong>benigni-</strong></span> 
     </span>
    </p>
   </div>
   <div class='ocr_carea' id='block_1_3' title="bbox 379 503 1962 581">
    <p class='ocr_par' dir='ltr' id='par_1_3' title="bbox 379 503 1962 581">
     <span class='ocr_line' id='line_1_3' title="bbox 379 503 1962 581; baseline -0.005 -17"><span class='ocrx_word' id='word_1_20' title='bbox 379 510 512 581; x_wconf 87' lang='lat' dir='ltr'><strong>priis</strong></span> <span class='ocrx_word' id='word_1_21' title='bbox 575 507 795 563; x_wconf 83' lang='lat' dir='ltr'><strong>auribus</strong></span> <span class='ocrx_word' id='word_1_22' title='bbox 855 506 1120 577; x_wconf 75' lang='lat' dir='ltr'><strong>oculisque</strong></span> <span class='ocrx_word' id='word_1_23' title='bbox 1188 504 1649 573; x_wconf 76' lang='lat' dir='ltr'><strong>deprehendimus.</strong></span> <span class='ocrx_word' id='word_1_24' title='bbox 1709 503 1962 573; x_wconf 67' lang='lat' dir='ltr'><strong>Antiqua:</strong></span> 
     </span>
    </p>
   </div>
   <div class='ocr_carea' id='block_1_4' title="bbox 381 594 1962 670">
    <p class='ocr_par' dir='ltr' id='par_1_4' title="bbox 381 594 1962 670">
     <span class='ocr_line' id='line_1_4' title="bbox 381 594 1962 670; baseline -0.005 -13"><span class='ocrx_word' id='word_1_25' title='bbox 381 602 613 667; x_wconf 90' lang='lat' dir='ltr'><strong>scilicet,</strong></span> <span class='ocrx_word' id='word_1_26' title='bbox 647 611 702 654; x_wconf 91' lang='lat' dir='ltr'><strong>et</strong></span> <span class='ocrx_word' id='word_1_27' title='bbox 734 604 915 670; x_wconf 81' lang='lat' dir='ltr'><strong>supra</strong></span> <span class='ocrx_word' id='word_1_28' title='bbox 955 607 1171 669; x_wconf 89' lang='lat' dir='ltr'><strong>patrum</strong></span> <span class='ocrx_word' id='word_1_29' title='bbox 1223 596 1551 653; x_wconf 80' lang='lat' dir='ltr'><strong>memoriam</strong></span> <span class='ocrx_word' id='word_1_30' title='bbox 1608 594 1962 664; x_wconf 86' lang='lat' dir='ltr'><strong>antiquorum</strong></span> 
     </span>
    </p>
   </div>
   <div class='ocr_carea' id='block_1_5' title="bbox 376 688 1965 763">
    <p class='ocr_par' dir='ltr' id='par_1_5' title="bbox 376 688 1965 763">
     <span class='ocr_line' id='line_1_5' title="bbox 376 688 1965 763; baseline -0.005 -14"><span class='ocrx_word' id='word_1_31' title='bbox 376 693 651 760; x_wconf 90' lang='lat' dir='ltr'><strong>lectione;</strong></span> <span class='ocrx_word' id='word_1_32' title='bbox 687 708 808 763; x_wconf 71' lang='lat' dir='ltr'><strong>quae</strong></span> <span class='ocrx_word' id='word_1_33' title='bbox 833 701 1120 762; x_wconf 89' lang='lat' dir='ltr'><strong>parentum</strong></span> <span class='ocrx_word' id='word_1_34' title='bbox 1162 688 1426 744; x_wconf 83' lang='lat' dir='ltr'><strong>memoria</strong></span> <span class='ocrx_word' id='word_1_35' title='bbox 1454 697 1658 745; x_wconf 64' lang='lat' dir='ltr'><strong>exortis</strong></span> <span class='ocrx_word' id='word_1_36' title='bbox 1681 696 1828 754; x_wconf 84' lang='lat' dir='ltr'><strong>sunt,</strong></span> <span class='ocrx_word' id='word_1_37' title='bbox 1865 702 1965 741; x_wconf 89' lang='lat' dir='ltr'><strong>au-</strong></span> 
     </span>
    </p>
   </div>
   <div class='ocr_carea' id='block_1_6' title="bbox 378 779 1966 853">
    <p class='ocr_par' dir='ltr' id='par_1_6' title="bbox 378 779 1966 853">
     <span class='ocr_line' id='line_1_6' title="bbox 378 779 1966 853; baseline -0.004 -12"><span class='ocrx_word' id='word_1_38' title='bbox 378 786 623 853; x_wconf 85' lang='lat' dir='ltr'><strong>ditione;</strong></span> <span class='ocrx_word' id='word_1_39' title='bbox 657 794 842 839; x_wconf 90' lang='lat' dir='ltr'><strong>nostro</strong></span> <span class='ocrx_word' id='word_1_40' title='bbox 867 798 987 838; x_wconf 65' lang='lat' dir='ltr'><strong>aevo</strong></span> <span class='ocrx_word' id='word_1_41' title='bbox 1020 782 1389 837; x_wconf 71' lang='lat' dir='ltr'><strong>disseminata:</strong></span> <span class='ocrx_word' id='word_1_42' title='bbox 1418 779 1644 835; x_wconf 84' lang='lat' dir='ltr'><strong>auribus</strong></span> <span class='ocrx_word' id='word_1_43' title='bbox 1663 780 1887 845; x_wconf 88' lang='lat' dir='ltr'><strong>nostris,</strong></span> <span class='ocrx_word' id='word_1_44' title='bbox 1911 787 1966 835; x_wconf 90' lang='lat' dir='ltr'><strong>et</strong></span> 
     </span>
    </p>
   </div>
   <div class='ocr_carea' id='block_1_7' title="bbox 379 869 1967 947">
    <p class='ocr_par' dir='ltr' id='par_1_7' title="bbox 379 869 1967 947">
     <span class='ocr_line' id='line_1_7' title="bbox 379 869 1967 947; baseline -0.005 -14"><span class='ocrx_word' id='word_1_45' title='bbox 379 878 554 933; x_wconf 91' lang='lat' dir='ltr'><strong>oculis</strong></span> <span class='ocrx_word' id='word_1_46' title='bbox 574 887 984 947; x_wconf 82' lang='lat' dir='ltr'><strong>comparantur.</strong></span> <span class='ocrx_word' id='word_1_47' title='bbox 1023 874 1091 928; x_wconf 92' lang='lat' dir='ltr'><strong>Et</strong></span> <span class='ocrx_word' id='word_1_48' title='bbox 1117 883 1247 928; x_wconf 88' lang='lat' dir='ltr'><strong>nota</strong></span> <span class='ocrx_word' id='word_1_49' title='bbox 1292 873 1439 928; x_wconf 88' lang='lat' dir='ltr'><strong>aliud</strong></span> <span class='ocrx_word' id='word_1_50' title='bbox 1479 887 1601 927; x_wconf 88' lang='lat' dir='ltr'><strong>esse</strong></span> <span class='ocrx_word' id='word_1_51' title='bbox 1638 869 1843 941; x_wconf 88' lang='lat' dir='ltr'><strong>aliquid</strong></span> <span class='ocrx_word' id='word_1_52' title='bbox 1869 888 1967 925; x_wconf 83' lang='lat' dir='ltr'><strong>au-</strong></span> 
     </span>
    </p>
   </div>
   <div class='ocr_carea' id='block_1_8' title="bbox 380 963 1967 1037">
    <p class='ocr_par' dir='ltr' id='par_1_8' title="bbox 380 963 1967 1037">
     <span class='ocr_line' id='line_1_8' title="bbox 380 963 1967 1037; baseline -0.004 -12"><span class='ocrx_word' id='word_1_53' title='bbox 380 969 898 1037; x_wconf 86' lang='lat' dir='ltr'><strong>ditione_accipere,</strong></span> <span class='ocrx_word' id='word_1_54' title='bbox 939 966 1088 1021; x_wconf 85' lang='lat' dir='ltr'><strong>aliud</strong></span> <span class='ocrx_word' id='word_1_55' title='bbox 1151 963 1541 1036; x_wconf 76' lang='lat' dir='ltr'><strong>pltilomatltia,</strong></span> <span class='ocrx_word' id='word_1_56' title='bbox 1607 963 1752 1019; x_wconf 85' lang='lat' dir='ltr'><strong>aliud</strong></span> <span class='ocrx_word' id='word_1_57' title='bbox 1795 963 1967 1019; x_wconf 86' lang='lat' dir='ltr'><strong>oculis</strong></span> 
     </span>
    </p>
   </div>
   <div class='ocr_carea' id='block_1_9' title="bbox 381 1058 1277 1129">
    <p class='ocr_par' dir='ltr' id='par_1_9' title="bbox 381 1058 1277 1129">
     <span class='ocr_line' id='line_1_9' title="bbox 381 1058 1277 1129; baseline -0.004 -15"><span class='ocrx_word' id='word_1_58' title='bbox 381 1059 717 1129; x_wconf 89' lang='lat' dir='ltr'><strong>auribusque</strong></span> <span class='ocrx_word' id='word_1_59' title='bbox 747 1058 989 1128; x_wconf 85' lang='lat' dir='ltr'><strong>propriis</strong></span> <span class='ocrx_word' id='word_1_60' title='bbox 1022 1058 1277 1112; x_wconf 87' lang='lat' dir='ltr'><strong>lustrare.</strong></span> 
     </span>
    </p>
   </div>
   <div class='ocr_carea' id='block_1_10' title="bbox 453 1143 1963 1220">
    <p class='ocr_par' dir='ltr' id='par_1_10' title="bbox 453 1143 1963 1220">
     <span class='ocr_line' id='line_1_10' title="bbox 453 1143 1963 1220; baseline -0.003 -18"><span class='ocrx_word' id='word_1_61' title='bbox 453 1148 727 1220; x_wconf 81' lang='lat' dir='ltr'><strong>Quidquid</strong></span> <span class='ocrx_word' id='word_1_62' title='bbox 767 1158 949 1205; x_wconf 82' lang='lat' dir='ltr'><strong>tamen</strong></span> <span class='ocrx_word' id='word_1_63' title='bbox 973 1147 1067 1212; x_wconf 87' lang='lat' dir='ltr'><strong>sit,</strong></span> <span class='ocrx_word' id='word_1_64' title='bbox 1103 1162 1169 1201; x_wconf 84' lang='lat' dir='ltr'><strong>ex</strong></span> <span class='ocrx_word' id='word_1_65' title='bbox 1192 1146 1385 1202; x_wconf 89' lang='lat' dir='ltr'><strong>eodem</strong></span> <span class='ocrx_word' id='word_1_66' title='bbox 1417 1143 1757 1209; x_wconf 81' lang='lat' dir='ltr'><strong>Psello,ante</strong></span> <span class='ocrx_word' id='word_1_67' title='bbox 1777 1152 1963 1199; x_wconf 85' lang='lat' dir='ltr'><strong>natum</strong></span> 
     </span>
    </p>
   </div>
   <div class='ocr_carea' id='block_1_11' title="bbox 381 1233 1965 1308">
    <p class='ocr_par' dir='ltr' id='par_1_11' title="bbox 381 1233 1965 1308">
     <span class='ocr_line' id='line_1_11' title="bbox 381 1233 1965 1308; baseline -0.006 -12"><span class='ocrx_word' id='word_1_68' title='bbox 381 1236 619 1296; x_wconf 86' lang='lat' dir='ltr'><strong>Psellum</strong></span> <span class='ocrx_word' id='word_1_69' title='bbox 647 1239 1071 1308; x_wconf 80' lang='lat' dir='ltr'><strong>Metaplirastem</strong></span> <span class='ocrx_word' id='word_1_70' title='bbox 1135 1238 1278 1292; x_wconf 90' lang='lat' dir='ltr'><strong>diem</strong></span> <span class='ocrx_word' id='word_1_71' title='bbox 1322 1252 1484 1290; x_wconf 89' lang='lat' dir='ltr'><strong>suum</strong></span> <span class='ocrx_word' id='word_1_72' title='bbox 1539 1236 1746 1292; x_wconf 79' lang='lat' dir='ltr'><strong>abiisse</strong></span> <span class='ocrx_word' id='word_1_73' title='bbox 1791 1233 1965 1290; x_wconf 82' lang='lat' dir='ltr'><strong>evinci</strong></span> 
     </span>
    </p>
   </div>
   <div class='ocr_carea' id='block_1_12' title="bbox 381 1325 1969 1401">
    <p class='ocr_par' dir='ltr' id='par_1_12' title="bbox 381 1325 1969 1401">
     <span class='ocr_line' id='line_1_12' title="bbox 381 1325 1969 1401; baseline -0.005 -15"><span class='ocrx_word' id='word_1_74' title='bbox 381 1332 642 1386; x_wconf 87' lang='lat' dir='ltr'><strong>videtur:</strong></span> <span class='ocrx_word' id='word_1_75' title='bbox 682 1330 908 1401; x_wconf 77' lang='lat' dir='ltr'><strong>gloriam</strong></span> <span class='ocrx_word' id='word_1_76' title='bbox 941 1330 1087 1384; x_wconf 89' lang='lat' dir='ltr'><strong>enim</strong></span> <span class='ocrx_word' id='word_1_77' title='bbox 1125 1329 1273 1382; x_wconf 88' lang='lat' dir='ltr'><strong>illius</strong></span> <span class='ocrx_word' id='word_1_78' title='bbox 1326 1327 1383 1382; x_wconf 91' lang='lat' dir='ltr'><strong>in</strong></span> <span class='ocrx_word' id='word_1_79' title='bbox 1432 1327 1661 1383; x_wconf 78' lang='lat' dir='ltr'><strong>exordio</strong></span> <span class='ocrx_word' id='word_1_80' title='bbox 1707 1325 1969 1381; x_wconf 85' lang='lat' dir='ltr'><strong>orationis</strong></span> 
     </span>
    </p>
   </div>
   <div class='ocr_carea' id='block_1_13' title="bbox 381 1416 1965 1491">
    <p class='ocr_par' dir='ltr' id='par_1_13' title="bbox 381 1416 1965 1491">
     <span class='ocr_line' id='line_1_13' title="bbox 381 1416 1965 1491; baseline -0.003 -15"><span class='ocrx_word' id='word_1_81' title='bbox 381 1435 662 1491; x_wconf 73' lang='lat' dir='ltr'><strong>exponens</strong></span> <span class='ocrx_word' id='word_1_82' title='bbox 700 1421 775 1475; x_wconf 88' lang='lat' dir='ltr'><strong>ait</strong></span> <span class='ocrx_word' id='word_1_83' title='bbox 805 1438 819 1474; x_wconf 86' lang='lat'><strong>:</strong></span> <span class='ocrx_word' id='word_1_84' title='bbox 851 1418 957 1474; x_wconf 87' lang='lat' dir='ltr'><strong>Per</strong></span> <span class='ocrx_word' id='word_1_85' title='bbox 1002 1420 1300 1473; x_wconf 83' lang='lat' dir='ltr'><strong>universum</strong></span> <span class='ocrx_word' id='word_1_86' title='bbox 1321 1416 1502 1472; x_wconf 86' lang='lat' dir='ltr'><strong>orbem</strong></span> <span class='ocrx_word' id='word_1_87' title='bbox 1537 1427 1694 1472; x_wconf 75' lang='lat' dir='ltr'><strong>teme</strong></span> <span class='ocrx_word' id='word_1_88' title='bbox 1716 1432 1902 1471; x_wconf 81' lang='lat' dir='ltr'><strong>nomen</strong></span> <span class='ocrx_word' id='word_1_89' title='bbox 1918 1426 1965 1471; x_wconf 86' lang='lat' dir='ltr'><strong>et</strong></span> 
     </span>
    </p>
   </div>
   <div class='ocr_carea' id='block_1_14' title="bbox 383 1512 1968 1585">
    <p class='ocr_par' dir='ltr' id='par_1_14' title="bbox 383 1512 1968 1585">
     <span class='ocr_line' id='line_1_14' title="bbox 383 1512 1968 1585; baseline -0.002 -18"><span class='ocrx_word' id='word_1_90' title='bbox 383 1532 467 1568; x_wconf 88' lang='lat' dir='ltr'><strong>res</strong></span> <span class='ocrx_word' id='word_1_91' title='bbox 494 1523 666 1585; x_wconf 86' lang='lat' dir='ltr'><strong>gestas</strong></span> <span class='ocrx_word' id='word_1_92' title='bbox 694 1514 985 1568; x_wconf 83' lang='lat' dir='ltr'><strong>celebratas</strong></span> <span class='ocrx_word' id='word_1_93' title='bbox 1018 1514 1201 1585; x_wconf 62' lang='lat' dir='ltr'><strong>fuisse.</strong></span> <span class='ocrx_word' id='word_1_94' title='bbox 1239 1512 1378 1583; x_wconf 77' lang='lat' dir='ltr'><strong>Ergo</strong></span> <span class='ocrx_word' id='word_1_95' title='bbox 1406 1527 1517 1566; x_wconf 89' lang='lat' dir='ltr'><strong>non</strong></span> <span class='ocrx_word' id='word_1_96' title='bbox 1550 1527 1618 1567; x_wconf 89' lang='lat' dir='ltr'><strong>eo</strong></span> <span class='ocrx_word' id='word_1_97' title='bbox 1646 1521 1757 1567; x_wconf 90' lang='lat' dir='ltr'><strong>tum</strong></span> <span class='ocrx_word' id='word_1_98' title='bbox 1794 1512 1968 1582; x_wconf 87' lang='lat' dir='ltr'><strong>primo</strong></span> 
     </span>
    </p>
   </div>
   <div class='ocr_carea' id='block_1_15' title="bbox 385 1601 1968 1661">
    <p class='ocr_par' dir='ltr' id='par_1_15' title="bbox 385 1601 1968 1661">
     <span class='ocr_line' id='line_1_15' title="bbox 385 1601 1968 1661; baseline -0.005 0"><span class='ocrx_word' id='word_1_99' title='bbox 385 1617 602 1661; x_wconf 88' lang='lat' dir='ltr'><strong>mortuo</strong></span> <span class='ocrx_word' id='word_1_100' title='bbox 653 1604 864 1660; x_wconf 86' lang='lat' dir='ltr'><strong>Psellus</strong></span> <span class='ocrx_word' id='word_1_101' title='bbox 904 1604 1181 1660; x_wconf 85' lang='lat' dir='ltr'><strong>scribebat</strong></span> <span class='ocrx_word' id='word_1_102' title='bbox 1223 1603 1336 1657; x_wconf 89' lang='lat' dir='ltr'><strong>:ad</strong></span> <span class='ocrx_word' id='word_1_103' title='bbox 1370 1603 1774 1658; x_wconf 70' lang='lat' dir='ltr'><strong>extendendum</strong></span> <span class='ocrx_word' id='word_1_104' title='bbox 1820 1601 1968 1656; x_wconf 88' lang='lat' dir='ltr'><strong>enim</strong></span> 
     </span>
    </p>
   </div>
   <div class='ocr_carea' id='block_1_16' title="bbox 384 1694 1968 1767">
    <p class='ocr_par' dir='ltr' id='par_1_16' title="bbox 384 1694 1968 1767">
     <span class='ocr_line' id='line_1_16' title="bbox 384 1694 1968 1767; baseline -0.003 -16"><span class='ocrx_word' id='word_1_105' title='bbox 384 1696 586 1752; x_wconf 77' lang='lat' dir='ltr'><strong>famam</strong></span> <span class='ocrx_word' id='word_1_106' title='bbox 628 1712 726 1767; x_wconf 86' lang='lat' dir='ltr'><strong>per</strong></span> <span class='ocrx_word' id='word_1_107' title='bbox 766 1697 1082 1751; x_wconf 85' lang='lat' dir='ltr'><strong>universum</strong></span> <span class='ocrx_word' id='word_1_108' title='bbox 1122 1694 1309 1749; x_wconf 86' lang='lat' dir='ltr'><strong>orbem</strong></span> <span class='ocrx_word' id='word_1_109' title='bbox 1344 1703 1623 1764; x_wconf 87' lang='lat' dir='ltr'><strong>tempore,</strong></span> <span class='ocrx_word' id='word_1_110' title='bbox 1656 1708 1830 1763; x_wconf 83' lang='lat' dir='ltr'><strong>eoque</strong></span> <span class='ocrx_word' id='word_1_111' title='bbox 1856 1707 1968 1747; x_wconf 91' lang='lat' dir='ltr'><strong>non</strong></span> 
     </span>
    </p>
   </div>
   <div class='ocr_carea' id='block_1_17' title="bbox 2067 495 3656 567">
    <p class='ocr_par' dir='ltr' id='par_1_17' title="bbox 2067 495 3656 567">
     <span class='ocr_line' id='line_1_17' title="bbox 2067 495 3656 567; baseline -0.001 -15"><span class='ocrx_word' id='word_1_112' title='bbox 2067 508 2177 552; x_wconf 86' lang='lat' dir='ltr'><strong>tate</strong></span> <span class='ocrx_word' id='word_1_113' title='bbox 2205 514 2286 552; x_wconf 88' lang='lat' dir='ltr'><strong>res</strong></span> <span class='ocrx_word' id='word_1_114' title='bbox 2316 508 2524 551; x_wconf 81' lang='lat' dir='ltr'><strong>nostras</strong></span> <span class='ocrx_word' id='word_1_115' title='bbox 2575 495 2717 550; x_wconf 87' lang='lat' dir='ltr'><strong>Deus</strong></span> <span class='ocrx_word' id='word_1_116' title='bbox 2765 496 3185 561; x_wconf 77' lang='lat' dir='ltr'><strong>administrauit,</strong></span> <span class='ocrx_word' id='word_1_117' title='bbox 3219 503 3275 547; x_wconf 86' lang='lat' dir='ltr'><strong>ut</strong></span> <span class='ocrx_word' id='word_1_118' title='bbox 3307 496 3398 566; x_wconf 96' lang='lat' dir='ltr'><strong>qui</strong></span> <span class='ocrx_word' id='word_1_119' title='bbox 3440 511 3506 550; x_wconf 81' lang='lat' dir='ltr'><strong>ea:</strong></span> <span class='ocrx_word' id='word_1_120' title='bbox 3531 496 3656 567; x_wconf 85' lang='lat' dir='ltr'><strong>ipsa</strong></span> 
     </span>
    </p>
   </div>
   <div class='ocr_carea' id='block_1_18' title="bbox 2063 589 3657 662">
    <p class='ocr_par' dir='ltr' id='par_1_18' title="bbox 2063 589 3657 662">
     <span class='ocr_line' id='line_1_18' title="bbox 2063 589 3657 662; baseline -0.002 -16"><span class='ocrx_word' id='word_1_121' title='bbox 2063 593 2243 662; x_wconf 86' lang='lat' dir='ltr'><strong>patria</strong></span> <span class='ocrx_word' id='word_1_122' title='bbox 2298 591 2583 662; x_wconf 73' lang='lat' dir='ltr'><strong>productus</strong></span> <span class='ocrx_word' id='word_1_123' title='bbox 2634 591 2828 661; x_wconf 79' lang='lat' dir='ltr'><strong>fuerat,</strong></span> <span class='ocrx_word' id='word_1_124' title='bbox 2876 589 3103 661; x_wconf 72' lang='lat' dir='ltr'><strong>fructus,</strong></span> <span class='ocrx_word' id='word_1_125' title='bbox 3156 604 3275 643; x_wconf 87' lang='lat' dir='ltr'><strong>eum</strong></span> <span class='ocrx_word' id='word_1_126' title='bbox 3307 590 3411 658; x_wconf 86' lang='lat' dir='ltr'><strong>ipsi</strong></span> <span class='ocrx_word' id='word_1_127' title='bbox 3464 604 3657 643; x_wconf 85' lang='lat' dir='ltr'><strong>rursus</strong></span> 
     </span>
    </p>
   </div>
   <div class='ocr_carea' id='block_1_19' title="bbox 2064 679 3659 752">
    <p class='ocr_par' dir='ltr' id='par_1_19' title="bbox 2064 679 3659 752">
     <span class='ocr_line' id='line_1_19' title="bbox 2064 679 3659 752; baseline -0.001 -16"><span class='ocrx_word' id='word_1_128' title='bbox 2064 683 2259 752; x_wconf 70' lang='lat' dir='ltr'><strong>patria:</strong></span> <span class='ocrx_word' id='word_1_129' title='bbox 2284 681 2525 736; x_wconf 78' lang='lat' dir='ltr'><strong>lwtitiam</strong></span> <span class='ocrx_word' id='word_1_130' title='bbox 2554 680 3091 750; x_wconf 46' lang='lat' dir='ltr'><strong>dedericsalutarem.</strong></span> <span class='ocrx_word' id='word_1_131' title='bbox 3122 679 3240 735; x_wconf 81' lang='lat' dir='ltr'><strong>Non</strong></span> <span class='ocrx_word' id='word_1_132' title='bbox 3275 687 3487 734; x_wconf 80' lang='lat' dir='ltr'><strong>tantum</strong></span> <span class='ocrx_word' id='word_1_133' title='bbox 3524 691 3659 736; x_wconf 90' lang='lat' dir='ltr'><strong>voto</strong></span> 
     </span>
    </p>
   </div>
   <div class='ocr_carea' id='block_1_20' title="bbox 2065 771 3658 840">
    <p class='ocr_par' dir='ltr' id='par_1_20' title="bbox 2065 771 3658 840">
     <span class='ocr_line' id='line_1_20' title="bbox 2065 771 3658 840; baseline -0.001 -13"><span class='ocrx_word' id='word_1_134' title='bbox 2065 783 2123 827; x_wconf 88' lang='lat' dir='ltr'><strong>et</strong></span> <span class='ocrx_word' id='word_1_135' title='bbox 2150 772 2424 829; x_wconf 83' lang='lat' dir='ltr'><strong>desiderio</strong></span> <span class='ocrx_word' id='word_1_136' title='bbox 2468 771 2790 840; x_wconf 81' lang='lat' dir='ltr'><strong>discipulus,</strong></span> <span class='ocrx_word' id='word_1_137' title='bbox 2847 771 2941 826; x_wconf 88' lang='lat' dir='ltr'><strong>sed</strong></span> <span class='ocrx_word' id='word_1_138' title='bbox 2992 771 3137 827; x_wconf 90' lang='lat' dir='ltr'><strong>illius</strong></span> <span class='ocrx_word' id='word_1_139' title='bbox 3202 771 3365 827; x_wconf 88' lang='lat' dir='ltr'><strong>etiam</strong></span> <span class='ocrx_word' id='word_1_140' title='bbox 3414 771 3658 827; x_wconf 84' lang='lat' dir='ltr'><strong>instituti</strong></span> 
     </span>
    </p>
   </div>
   <div class='ocr_carea' id='block_1_21' title="bbox 2066 860 3659 933">
    <p class='ocr_par' dir='ltr' id='par_1_21' title="bbox 2066 860 3659 933">
     <span class='ocr_line' id='line_1_21' title="bbox 2066 860 3659 933; baseline 0 -16"><span class='ocrx_word' id='word_1_141' title='bbox 2066 862 2363 933; x_wconf 76' lang='lat' dir='ltr'><strong>professor.</strong></span> <span class='ocrx_word' id='word_1_142' title='bbox 2390 860 2528 917; x_wconf 87' lang='lat' dir='ltr'><strong>Ecce</strong></span> <span class='ocrx_word' id='word_1_143' title='bbox 2555 862 2754 916; x_wconf 84' lang='lat' dir='ltr'><strong>verba:</strong></span> <span class='ocrx_word' id='word_1_144' title='bbox 2782 861 2950 915; x_wconf 85' lang='lat' dir='ltr'><strong>Porro</strong></span> <span class='ocrx_word' id='word_1_145' title='bbox 2978 872 3157 917; x_wconf 87' lang='lat' dir='ltr'><strong>autem</strong></span> <span class='ocrx_word' id='word_1_146' title='bbox 3186 877 3277 931; x_wconf 83' lang='lat' dir='ltr'><strong>ego</strong></span> <span class='ocrx_word' id='word_1_147' title='bbox 3311 878 3535 933; x_wconf 83' lang='lat' dir='ltr'><strong>quoque,</strong></span> <span class='ocrx_word' id='word_1_148' title='bbox 3564 866 3659 933; x_wconf 84' lang='lat' dir='ltr'><strong>qui</strong></span> 
     </span>
    </p>
   </div>
   <div class='ocr_carea' id='block_1_22' title="bbox 2065 952 3657 1025">
    <p class='ocr_par' dir='ltr' id='par_1_22' title="bbox 2065 952 3657 1025">
     <span class='ocr_line' id='line_1_22' title="bbox 2065 952 3657 1025; baseline 0 -15"><span class='ocrx_word' id='word_1_149' title='bbox 2065 969 2184 1010; x_wconf 84' lang='lat' dir='ltr'><strong>sum</strong></span> <span class='ocrx_word' id='word_1_150' title='bbox 2215 964 2322 1010; x_wconf 72' lang='lat' dir='ltr'><strong>tua!</strong></span> <span class='ocrx_word' id='word_1_151' title='bbox 2357 953 2704 1025; x_wconf 83' lang='lat' dir='ltr'><strong>plantationis</strong></span> <span class='ocrx_word' id='word_1_152' title='bbox 2747 952 3028 1014; x_wconf 77' lang='lat' dir='ltr'><strong>uilissima,</strong></span> <span class='ocrx_word' id='word_1_153' title='bbox 3078 968 3109 1005; x_wconf 89' lang='grc' dir='ltr'>ο</span> <span class='ocrx_word' id='word_1_154' title='bbox 3147 952 3343 1007; x_wconf 88' lang='lat' dir='ltr'><strong>Pater!</strong></span> <span class='ocrx_word' id='word_1_155' title='bbox 3401 962 3451 1007; x_wconf 89' lang='lat' dir='ltr'><strong>et</strong></span> <span class='ocrx_word' id='word_1_156' title='bbox 3491 954 3657 1011; x_wconf 83' lang='lat' dir='ltr'><strong>tarda</strong></span> 
     </span>
    </p>
   </div>
   <div class='ocr_carea' id='block_1_23' title="bbox 2065 1044 3654 1118">
    <p class='ocr_par' dir='ltr' id='par_1_23' title="bbox 2065 1044 3654 1118">
     <span class='ocr_line' id='line_1_23' title="bbox 2065 1044 3654 1118; baseline 0 -18"><span class='ocrx_word' id='word_1_157' title='bbox 2065 1062 2323 1118; x_wconf 82' lang='lat' dir='ltr'><strong>propago,</strong></span> <span class='ocrx_word' id='word_1_158' title='bbox 2375 1047 2511 1100; x_wconf 83' lang='lat' dir='ltr'><strong>hanc</strong></span> <span class='ocrx_word' id='word_1_159' title='bbox 2562 1045 2831 1116; x_wconf 76' lang='lat' dir='ltr'><strong>funebrem</strong></span> <span class='ocrx_word' id='word_1_160' title='bbox 2874 1046 3167 1099; x_wconf 87' lang='lat' dir='ltr'><strong>orationem</strong></span> <span class='ocrx_word' id='word_1_161' title='bbox 3214 1061 3377 1098; x_wconf 86' lang='lat' dir='ltr'><strong>ausus</strong></span> <span class='ocrx_word' id='word_1_162' title='bbox 3402 1061 3520 1098; x_wconf 88' lang='lat' dir='ltr'><strong>sum</strong></span> <span class='ocrx_word' id='word_1_163' title='bbox 3554 1044 3654 1101; x_wconf 90' lang='lat' dir='ltr'><strong>tibi</strong></span> 
     </span>
    </p>
   </div>
   <div class='ocr_carea' id='block_1_24' title="bbox 2066 1133 3657 1204">
    <p class='ocr_par' dir='ltr' id='par_1_24' title="bbox 2066 1133 3657 1204">
     <span class='ocr_line' id='line_1_24' title="bbox 2066 1133 3657 1204; baseline 0.001 -15"><span class='ocrx_word' id='word_1_164' title='bbox 2066 1135 2324 1193; x_wconf 82' lang='lat' dir='ltr'><strong>dedicare.</strong></span> <span class='ocrx_word' id='word_1_165' title='bbox 2345 1135 2429 1201; x_wconf 84' lang='lat' dir='ltr'><strong>Et,</strong></span> <span class='ocrx_word' id='word_1_166' title='bbox 2451 1133 2804 1204; x_wconf 84' lang='lat' dir='ltr'><strong>Nequaquam</strong></span> <span class='ocrx_word' id='word_1_167' title='bbox 2830 1133 3173 1200; x_wconf 74' lang='lat' dir='ltr'><strong>obliviscaris,</strong></span> <span class='ocrx_word' id='word_1_168' title='bbox 3192 1153 3223 1188; x_wconf 84' lang='grc' dir='ltr'><em>ο</em></span> <span class='ocrx_word' id='word_1_169' title='bbox 3251 1146 3451 1197; x_wconf 82' lang='lat' dir='ltr'><strong>sancte,</strong></span> <span class='ocrx_word' id='word_1_170' title='bbox 3476 1135 3657 1190; x_wconf 78' lang='lat' dir='ltr'><strong>ovium</strong></span> 
     </span>
    </p>
   </div>
   <div class='ocr_carea' id='block_1_25' title="bbox 2069 1227 3654 1299">
    <p class='ocr_par' dir='ltr' id='par_1_25' title="bbox 2069 1227 3654 1299">
     <span class='ocr_line' id='line_1_25' title="bbox 2069 1227 3654 1299; baseline 0 -17"><span class='ocrx_word' id='word_1_171' title='bbox 2069 1237 2174 1282; x_wconf 77' lang='lat' dir='ltr'><strong>tua:</strong></span> <span class='ocrx_word' id='word_1_172' title='bbox 2203 1229 2476 1284; x_wconf 59' lang='lat' dir='ltr'><strong>mandras!</strong></span> <span class='ocrx_word' id='word_1_173' title='bbox 2505 1230 2597 1283; x_wconf 77' lang='lat' dir='ltr'><strong>sed</strong></span> <span class='ocrx_word' id='word_1_174' title='bbox 2624 1239 2673 1282; x_wconf 89' lang='lat' dir='ltr'><strong>et</strong></span> <span class='ocrx_word' id='word_1_175' title='bbox 2702 1228 2750 1282; x_wconf 89' lang='lat' dir='ltr'><strong>si</strong></span> <span class='ocrx_word' id='word_1_176' title='bbox 2777 1228 2938 1298; x_wconf 80' lang='lat' dir='ltr'><strong>fueris</strong></span> <span class='ocrx_word' id='word_1_177' title='bbox 2982 1227 3151 1299; x_wconf 86' lang='lat' dir='ltr'><strong>gloria</strong></span> <span class='ocrx_word' id='word_1_178' title='bbox 3181 1244 3395 1293; x_wconf 82' lang='lat' dir='ltr'><strong>eorum,</strong></span> <span class='ocrx_word' id='word_1_179' title='bbox 3427 1230 3519 1299; x_wconf 88' lang='lat' dir='ltr'><strong>qui</strong></span> <span class='ocrx_word' id='word_1_180' title='bbox 3558 1244 3654 1282; x_wconf 87' lang='lat' dir='ltr'><strong>ca-</strong></span> 
     </span>
    </p>
   </div>
   <div class='ocr_carea' id='block_1_26' title="bbox 2069 1320 3660 1389">
    <p class='ocr_par' dir='ltr' id='par_1_26' title="bbox 2069 1320 3660 1389">
     <span class='ocr_line' id='line_1_26' title="bbox 2069 1320 3660 1389; baseline 0 -15"><span class='ocrx_word' id='word_1_181' title='bbox 2069 1330 2187 1375; x_wconf 88' lang='lat' dir='ltr'><strong>rent</strong></span> <span class='ocrx_word' id='word_1_182' title='bbox 2230 1322 2482 1386; x_wconf 81' lang='lat' dir='ltr'><strong>materia,</strong></span> <span class='ocrx_word' id='word_1_183' title='bbox 2516 1320 2658 1374; x_wconf 83' lang='lat' dir='ltr'><strong>circa</strong></span> <span class='ocrx_word' id='word_1_184' title='bbox 2687 1320 2982 1374; x_wconf 80' lang='lat' dir='ltr'><strong>divinitatis</strong></span> <span class='ocrx_word' id='word_1_185' title='bbox 3039 1335 3252 1375; x_wconf 75' lang='lat' dir='ltr'><strong>versam</strong></span> <span class='ocrx_word' id='word_1_186' title='bbox 3303 1320 3660 1389; x_wconf 57' lang='lat' dir='ltr'><strong>pulchritudiv</strong></span> 
     </span>
    </p>
   </div>
   <div class='ocr_carea' id='block_1_27' title="bbox 2070 1411 3660 1481">
    <p class='ocr_par' dir='ltr' id='par_1_27' title="bbox 2070 1411 3660 1481">
     <span class='ocr_line' id='line_1_27' title="bbox 2070 1411 3660 1481; baseline -0.002 -15"><span class='ocrx_word' id='word_1_187' title='bbox 2070 1428 2208 1477; x_wconf 89' lang='lat' dir='ltr'><strong>nem,</strong></span> <span class='ocrx_word' id='word_1_188' title='bbox 2244 1428 2338 1466; x_wconf 82' lang='lat' dir='ltr'><strong>nos</strong></span> <span class='ocrx_word' id='word_1_189' title='bbox 2370 1412 2564 1481; x_wconf 84' lang='lat' dir='ltr'><strong>aspice,</strong></span> <span class='ocrx_word' id='word_1_190' title='bbox 2594 1421 2643 1465; x_wconf 88' lang='lat' dir='ltr'><strong>et</strong></span> <span class='ocrx_word' id='word_1_191' title='bbox 2674 1411 2839 1465; x_wconf 79' lang='lat' dir='ltr'><strong>nostri</strong></span> <span class='ocrx_word' id='word_1_192' title='bbox 2870 1412 3134 1475; x_wconf 81' lang='lat' dir='ltr'><strong>miserere,</strong></span> <span class='ocrx_word' id='word_1_193' title='bbox 3184 1426 3313 1480; x_wconf 90' lang='lat' dir='ltr'><strong>quos</strong></span> <span class='ocrx_word' id='word_1_194' title='bbox 3338 1420 3387 1464; x_wconf 87' lang='lat' dir='ltr'><strong>et</strong></span> <span class='ocrx_word' id='word_1_195' title='bbox 3436 1424 3660 1480; x_wconf 83' lang='lat' dir='ltr'><strong>congre-</strong></span> 
     </span>
    </p>
   </div>
   <div class='ocr_carea' id='block_1_28' title="bbox 2069 1503 3659 1577">
    <p class='ocr_par' dir='ltr' id='par_1_28' title="bbox 2069 1503 3659 1577">
     <span class='ocr_line' id='line_1_28' title="bbox 2069 1503 3659 1577; baseline -0.001 -18"><span class='ocrx_word' id='word_1_196' title='bbox 2069 1507 2227 1577; x_wconf 80' lang='lat' dir='ltr'><strong>gasti,</strong></span> <span class='ocrx_word' id='word_1_197' title='bbox 2262 1514 2310 1559; x_wconf 93' lang='lat' dir='ltr'><strong>et</strong></span> <span class='ocrx_word' id='word_1_198' title='bbox 2352 1506 2611 1575; x_wconf 65' lang='lat' dir='ltr'><strong>etp/ianos</strong></span> <span class='ocrx_word' id='word_1_199' title='bbox 2653 1504 2930 1574; x_wconf 80' lang='lat' dir='ltr'><strong>reliquisti,</strong></span> <span class='ocrx_word' id='word_1_200' title='bbox 2967 1513 3148 1574; x_wconf 78' lang='lat' dir='ltr'><strong>aperte</strong></span> <span class='ocrx_word' id='word_1_201' title='bbox 3200 1504 3406 1558; x_wconf 87' lang='lat' dir='ltr'><strong>dicens:</strong></span> <span class='ocrx_word' id='word_1_202' title='bbox 3458 1503 3659 1557; x_wconf 84' lang='lat' dir='ltr'><strong>Pacem</strong></span> 
     </span>
    </p>
   </div>
   <div class='ocr_carea' id='block_1_29' title="bbox 2071 1595 3661 1665">
    <p class='ocr_par' dir='ltr' id='par_1_29' title="bbox 2071 1595 3661 1665">
     <span class='ocr_line' id='line_1_29' title="bbox 2071 1595 3661 1665; baseline -0.002 -14"><span class='ocrx_word' id='word_1_203' title='bbox 2071 1598 2270 1651; x_wconf 76' lang='lat' dir='ltr'><strong>Christi</strong></span> <span class='ocrx_word' id='word_1_204' title='bbox 2298 1602 2364 1651; x_wconf 85' lang='lat' dir='ltr'><strong>do</strong></span> <span class='ocrx_word' id='word_1_205' title='bbox 2387 1598 2526 1652; x_wconf 82' lang='lat' dir='ltr'><strong>vobis</strong></span> <span class='ocrx_word' id='word_1_206' title='bbox 2545 1597 2761 1662; x_wconf 80' lang='lat' dir='ltr'><strong>:valete,</strong></span> <span class='ocrx_word' id='word_1_207' title='bbox 2785 1607 2835 1651; x_wconf 87' lang='lat' dir='ltr'><strong>et</strong></span> <span class='ocrx_word' id='word_1_208' title='bbox 2855 1596 3258 1659; x_wconf 79' lang='lat' dir='ltr'><strong>conservamini,</strong></span> <span class='ocrx_word' id='word_1_209' title='bbox 3277 1612 3307 1649; x_wconf 92' lang='grc' dir='ltr'><strong>ο</strong></span> <span class='ocrx_word' id='word_1_210' title='bbox 3332 1595 3452 1665; x_wconf 77' lang='lat' dir='ltr'><strong>ﬁlii;</strong></span> <span class='ocrx_word' id='word_1_211' title='bbox 3474 1606 3521 1649; x_wconf 83' lang='lat' dir='ltr'><strong>et</strong></span> <span class='ocrx_word' id='word_1_212' title='bbox 3551 1611 3661 1649; x_wconf 88' lang='lat' dir='ltr'><strong>non</strong></span> 
     </span>
    </p>
   </div>
   <div class='ocr_carea' id='block_1_30' title="bbox 2072 1688 3661 1762">
    <p class='ocr_par' dir='ltr' id='par_1_30' title="bbox 2072 1688 3661 1762">
     <span class='ocr_line' id='line_1_30' title="bbox 2072 1688 3661 1762; baseline -0.001 -19"><span class='ocrx_word' id='word_1_213' title='bbox 2072 1690 2314 1762; x_wconf 79' lang='lat' dir='ltr'><strong>formidet</strong></span> <span class='ocrx_word' id='word_1_214' title='bbox 2374 1706 2466 1745; x_wconf 84' lang='lat' dir='ltr'><strong>nec</strong></span> <span class='ocrx_word' id='word_1_215' title='bbox 2503 1690 2740 1744; x_wconf 82' lang='lat' dir='ltr'><strong>turbetur</strong></span> <span class='ocrx_word' id='word_1_216' title='bbox 2771 1690 2953 1743; x_wconf 86' lang='lat' dir='ltr'><strong>anima</strong></span> <span class='ocrx_word' id='word_1_217' title='bbox 2979 1698 3170 1743; x_wconf 80' lang='lat' dir='ltr'><strong>uestra.</strong></span> <span class='ocrx_word' id='word_1_218' title='bbox 3239 1688 3476 1760; x_wconf 75' lang='lat' dir='ltr'><strong>Symeon</strong></span> <span class='ocrx_word' id='word_1_219' title='bbox 3525 1704 3661 1742; x_wconf 85' lang='lat' dir='ltr'><strong>vero</strong></span> 
     </span>
    </p>
   </div>
   <div class='ocr_carea' id='block_1_31' title="bbox 386 1772 3661 1860">
    <p class='ocr_par' dir='ltr' id='par_1_31' title="bbox 386 1772 3661 1860">
     <span class='ocr_line' id='line_1_31' title="bbox 386 1772 3661 1860; baseline -0.003 -16"><span class='ocrx_word' id='word_1_220' title='bbox 386 1789 584 1860; x_wconf 76' lang='lat' dir='ltr'><strong>exiguo</strong></span> <span class='ocrx_word' id='word_1_221' title='bbox 601 1804 738 1858; x_wconf 88' lang='lat' dir='ltr'><strong>opus</strong></span> <span class='ocrx_word' id='word_1_222' title='bbox 761 1797 878 1854; x_wconf 87' lang='lat' dir='ltr'><strong>est;</strong></span> <span class='ocrx_word' id='word_1_223' title='bbox 920 1792 972 1841; x_wconf 88' lang='lat' dir='ltr'><strong>et</strong></span> <span class='ocrx_word' id='word_1_224' title='bbox 996 1797 1146 1859; x_wconf 83' lang='lat' dir='ltr'><strong>gesta</strong></span> <span class='ocrx_word' id='word_1_225' title='bbox 1180 1785 1609 1857; x_wconf 85' lang='lat' dir='ltr'><strong>perhonoriﬁca,</strong></span> <span class='ocrx_word' id='word_1_226' title='bbox 1647 1799 1769 1854; x_wconf 67' lang='lat' dir='ltr'><strong>quae</strong></span> <span class='ocrx_word' id='word_1_227' title='bbox 1801 1786 1965 1839; x_wconf 84' lang='lat' dir='ltr'><strong>etiam</strong></span> <span class='ocrx_word' id='word_1_228' title='bbox 1999 1772 2041 1826; x_wconf 73' lang='grc' dir='ltr'>Β</span> <span class='ocrx_word' id='word_1_229' title='bbox 2072 1791 2281 1845; x_wconf 80' lang='lat' dir='ltr'><strong>noster,</strong></span> <span class='ocrx_word' id='word_1_230' title='bbox 2312 1789 2365 1836; x_wconf 89' lang='lat' dir='ltr'><strong>et</strong></span> <span class='ocrx_word' id='word_1_231' title='bbox 2400 1782 3075 1852; x_wconf 81' lang='lat' dir='ltr'><strong>Constantinopolitanus,</strong></span> <span class='ocrx_word' id='word_1_232' title='bbox 3103 1789 3160 1835; x_wconf 89' lang='lat' dir='ltr'><strong>et</strong></span> <span class='ocrx_word' id='word_1_233' title='bbox 3209 1781 3462 1836; x_wconf 85' lang='lat' dir='ltr'><strong>civilibus</strong></span> <span class='ocrx_word' id='word_1_234' title='bbox 3490 1780 3661 1835; x_wconf 89' lang='lat' dir='ltr'><strong>rebus</strong></span> 
     </span>
    </p>
   </div>
   <div class='ocr_carea' id='block_1_32' title="bbox 384 1877 1966 1953">
    <p class='ocr_par' dir='ltr' id='par_1_32' title="bbox 384 1877 1966 1953">
     <span class='ocr_line' id='line_1_32' title="bbox 384 1877 1966 1953; baseline -0.004 -16"><span class='ocrx_word' id='word_1_235' title='bbox 384 1882 503 1953; x_wconf 88' lang='lat' dir='ltr'><strong>ipsa</strong></span> <span class='ocrx_word' id='word_1_236' title='bbox 539 1892 781 1952; x_wconf 86' lang='lat' dir='ltr'><strong>tempore</strong></span> <span class='ocrx_word' id='word_1_237' title='bbox 814 1881 972 1945; x_wconf 85' lang='lat' dir='ltr'><strong>ﬁunt,</strong></span> <span class='ocrx_word' id='word_1_238' title='bbox 1010 1881 1078 1935; x_wconf 87' lang='lat' dir='ltr'><strong>ab</strong></span> <span class='ocrx_word' id='word_1_239' title='bbox 1114 1895 1221 1934; x_wconf 89' lang='lat' dir='ltr'><strong>una</strong></span> <span class='ocrx_word' id='word_1_240' title='bbox 1252 1890 1417 1948; x_wconf 80' lang='lat' dir='ltr'><strong>atque</strong></span> <span class='ocrx_word' id='word_1_241' title='bbox 1456 1878 1625 1933; x_wconf 89' lang='lat' dir='ltr'><strong>altera</strong></span> <span class='ocrx_word' id='word_1_242' title='bbox 1669 1877 1890 1933; x_wconf 82' lang='lat' dir='ltr'><strong>civitate</strong></span> <span class='ocrx_word' id='word_1_243' title='bbox 1912 1878 1966 1935; x_wconf 90' lang='lat' dir='ltr'><strong>in</strong></span> 
     </span>
    </p>
   </div>
   <div class='ocr_carea' id='block_1_33' title="bbox 385 1969 1969 2039">
    <p class='ocr_par' dir='ltr' id='par_1_33' title="bbox 385 1969 1969 2039">
     <span class='ocr_line' id='line_1_33' title="bbox 385 1969 1969 2039; baseline -0.004 -10"><span class='ocrx_word' id='word_1_244' title='bbox 385 1972 549 2029; x_wconf 80' lang='lat' dir='ltr'><strong>aliam</strong></span> <span class='ocrx_word' id='word_1_245' title='bbox 583 1972 1040 2036; x_wconf 70' lang='lat' dir='ltr'><strong>transvehuntur,</strong></span> <span class='ocrx_word' id='word_1_246' title='bbox 1087 1972 1507 2039; x_wconf 75' lang='lat' dir='ltr'><strong>tranSvectaque</strong></span> <span class='ocrx_word' id='word_1_247' title='bbox 1543 1969 1817 2024; x_wconf 87' lang='lat' dir='ltr'><strong>communi</strong></span> <span class='ocrx_word' id='word_1_248' title='bbox 1848 1985 1969 2023; x_wconf 82' lang='lat' dir='ltr'><strong>om-</strong></span> 
     </span>
    </p>
   </div>
   <div class='ocr_carea' id='block_1_34' title="bbox 386 2062 1969 2134">
    <p class='ocr_par' dir='ltr' id='par_1_34' title="bbox 386 2062 1969 2134">
     <span class='ocr_line' id='line_1_34' title="bbox 386 2062 1969 2134; baseline -0.003 -14"><span class='ocrx_word' id='word_1_249' title='bbox 386 2067 541 2120; x_wconf 89' lang='lat' dir='ltr'><strong>nium</strong></span> <span class='ocrx_word' id='word_1_250' title='bbox 564 2063 930 2119; x_wconf 80' lang='lat' dir='ltr'><strong>consensione</strong></span> <span class='ocrx_word' id='word_1_251' title='bbox 953 2064 1352 2134; x_wconf 86' lang='lat' dir='ltr'><strong>approbantur.</strong></span> <span class='ocrx_word' id='word_1_252' title='bbox 1376 2064 1495 2118; x_wconf 88' lang='lat' dir='ltr'><strong>ltno</strong></span> <span class='ocrx_word' id='word_1_253' title='bbox 1524 2063 1712 2126; x_wconf 85' lang='lat' dir='ltr'><strong>etiam,</strong></span> <span class='ocrx_word' id='word_1_254' title='bbox 1745 2071 1804 2117; x_wconf 90' lang='lat' dir='ltr'><strong>ut</strong></span> <span class='ocrx_word' id='word_1_255' title='bbox 1826 2062 1969 2117; x_wconf 85' lang='lat' dir='ltr'><strong>idem</strong></span> 
     </span>
    </p>
   </div>
   <div class='ocr_carea' id='block_1_35' title="bbox 386 2155 1973 2228">
    <p class='ocr_par' dir='ltr' id='par_1_35' title="bbox 386 2155 1973 2228">
     <span class='ocr_line' id='line_1_35' title="bbox 386 2155 1973 2228; baseline -0.001 -17"><span class='ocrx_word' id='word_1_256' title='bbox 386 2157 697 2211; x_wconf 79' lang='lat' dir='ltr'><strong>accuratius</strong></span> <span class='ocrx_word' id='word_1_257' title='bbox 722 2156 1004 2227; x_wconf 83' lang='lat' dir='ltr'><strong>probetur,</strong></span> <span class='ocrx_word' id='word_1_258' title='bbox 1030 2157 1198 2211; x_wconf 86' lang='lat' dir='ltr'><strong>tradit</strong></span> <span class='ocrx_word' id='word_1_259' title='bbox 1221 2172 1284 2211; x_wconf 82' lang='lat' dir='ltr'><strong>ex</strong></span> <span class='ocrx_word' id='word_1_260' title='bbox 1327 2171 1556 2228; x_wconf 88' lang='lat' dir='ltr'><strong>corpore</strong></span> <span class='ocrx_word' id='word_1_261' title='bbox 1591 2155 1973 2227; x_wconf 77' lang='lat' dir='ltr'><strong>Metaphrastze</strong></span> 
     </span>
    </p>
   </div>
   <div class='ocr_carea' id='block_1_36' title="bbox 387 2246 1974 2320">
    <p class='ocr_par' dir='ltr' id='par_1_36' title="bbox 387 2246 1974 2320">
     <span class='ocr_line' id='line_1_36' title="bbox 387 2246 1974 2320; baseline -0.002 -17"><span class='ocrx_word' id='word_1_262' title='bbox 387 2248 553 2303; x_wconf 85' lang='lat' dir='ltr'><strong>etiam</strong></span> <span class='ocrx_word' id='word_1_263' title='bbox 571 2246 822 2318; x_wconf 88' lang='lat' dir='ltr'><strong>sepulcro</strong></span> <span class='ocrx_word' id='word_1_264' title='bbox 839 2249 1143 2315; x_wconf 90' lang='lat' dir='ltr'><strong>recondito,</strong></span> <span class='ocrx_word' id='word_1_265' title='bbox 1158 2250 1495 2320; x_wconf 82' lang='lat' dir='ltr'><strong>odoremper</strong></span> <span class='ocrx_word' id='word_1_266' title='bbox 1513 2251 1694 2320; x_wconf 86' lang='lat' dir='ltr'><strong>plures</strong></span> <span class='ocrx_word' id='word_1_267' title='bbox 1705 2249 1822 2304; x_wconf 90' lang='lat' dir='ltr'><strong>dies</strong></span> <span class='ocrx_word' id='word_1_268' title='bbox 1834 2263 1974 2303; x_wconf 83' lang='lat' dir='ltr'><strong>cina-</strong></span> 
     </span>
    </p>
   </div>
   <div class='ocr_carea' id='block_1_37' title="bbox 387 2337 1970 2410">
    <p class='ocr_par' dir='ltr' id='par_1_37' title="bbox 387 2337 1970 2410">
     <span class='ocr_line' id='line_1_37' title="bbox 387 2337 1970 2410; baseline -0.004 -17"><span class='ocrx_word' id='word_1_269' title='bbox 387 2352 573 2403; x_wconf 88' lang='lat' dir='ltr'><strong>nasse,</strong></span> <span class='ocrx_word' id='word_1_270' title='bbox 605 2354 769 2408; x_wconf 89' lang='lat' dir='ltr'><strong>quem</strong></span> <span class='ocrx_word' id='word_1_271' title='bbox 789 2337 1009 2392; x_wconf 88' lang='lat' dir='ltr'><strong>demum</strong></span> <span class='ocrx_word' id='word_1_272' title='bbox 1040 2338 1146 2392; x_wconf 86' lang='lat' dir='ltr'><strong>alio</strong></span> <span class='ocrx_word' id='word_1_273' title='bbox 1171 2339 1438 2394; x_wconf 82' lang='lat' dir='ltr'><strong>cadavere</strong></span> <span class='ocrx_word' id='word_1_274' title='bbox 1460 2339 1673 2410; x_wconf 80' lang='lat' dir='ltr'><strong>ingesto</strong></span> <span class='ocrx_word' id='word_1_275' title='bbox 1696 2337 1970 2391; x_wconf 84' lang='lat' dir='ltr'><strong>amiserit:</strong></span> 
     </span>
    </p>
   </div>
   <div class='ocr_carea' id='block_1_38' title="bbox 388 2426 1978 2500">
    <p class='ocr_par' dir='ltr' id='par_1_38' title="bbox 388 2426 1978 2500">
     <span class='ocr_line' id='line_1_38' title="bbox 388 2426 1978 2500; baseline -0.001 -18"><span class='ocrx_word' id='word_1_276' title='bbox 388 2427 504 2482; x_wconf 80' lang='lat' dir='ltr'><strong>Kal.</strong></span> <span class='ocrx_word' id='word_1_277' title='bbox 529 2430 814 2500; x_wconf 76' lang='grc' dir='ltr'><strong>ἐτεονήκει</strong></span> <span class='ocrx_word' id='word_1_278' title='bbox 850 2428 945 2499; x_wconf 83' lang='grc' dir='ltr'><strong>μὲν</strong></span> <span class='ocrx_word' id='word_1_279' title='bbox 975 2426 1166 2492; x_wconf 73' lang='grc' dir='ltr'><strong>οὕτως*</strong></span> <span class='ocrx_word' id='word_1_280' title='bbox 1202 2430 1431 2492; x_wconf 73' lang='grc' dir='ltr'><strong>εὐωδίας</strong></span> <span class='ocrx_word' id='word_1_281' title='bbox 1488 2428 1543 2479; x_wconf 85' lang='grc' dir='ltr'><strong>δὲ</strong></span> <span class='ocrx_word' id='word_1_282' title='bbox 1568 2428 1767 2481; x_wconf 81' lang='grc' dir='ltr'>αὐτίκα</span> <span class='ocrx_word' id='word_1_283' title='bbox 1801 2428 1978 2480; x_wconf 78' lang='grc' dir='ltr'><strong>πάντα</strong></span> 
     </span>
    </p>
   </div>
   <div class='ocr_carea' id='block_1_39' title="bbox 388 2518 1976 2592">
    <p class='ocr_par' dir='ltr' id='par_1_39' title="bbox 388 2518 1976 2592">
     <span class='ocr_line' id='line_1_39' title="bbox 388 2518 1976 2592; baseline -0.003 -20"><span class='ocrx_word' id='word_1_284' title='bbox 388 2521 633 2590; x_wconf 72' lang='grc' dir='ltr'><strong>ἐγεγόνει</strong></span> <span class='ocrx_word' id='word_1_285' title='bbox 673 2522 866 2592; x_wconf 76' lang='grc' dir='ltr'><strong>μεστὰ,</strong></span> <span class='ocrx_word' id='word_1_286' title='bbox 899 2520 995 2575; x_wconf 67' lang='grc' dir='ltr'><strong>καὶ</strong></span> <span class='ocrx_word' id='word_1_287' title='bbox 1043 2521 1145 2573; x_wconf 59' lang='grc' dir='ltr'><strong>οὐκ</strong></span> <span class='ocrx_word' id='word_1_288' title='bbox 1179 2519 1344 2581; x_wconf 73' lang='grc' dir='ltr'>εὐθὺς</span> <span class='ocrx_word' id='word_1_289' title='bbox 1379 2520 1563 2589; x_wconf 77' lang='grc' dir='ltr'><strong>μόνον,</strong></span> <span class='ocrx_word' id='word_1_290' title='bbox 1594 2518 1712 2572; x_wconf 78' lang='grc' dir='ltr'><strong>οὐδὲ</strong></span> <span class='ocrx_word' id='word_1_291' title='bbox 1748 2519 1827 2581; x_wconf 73' lang='grc' dir='ltr'><strong>εἰς</strong></span> <span class='ocrx_word' id='word_1_292' title='bbox 1860 2519 1976 2591; x_wconf 81' lang='grc' dir='ltr'><strong>τρί-</strong></span> 
     </span>
    </p>
   </div>
   <div class='ocr_carea' id='block_1_40' title="bbox 390 2607 1977 2684">
    <p class='ocr_par' dir='ltr' id='par_1_40' title="bbox 390 2607 1977 2684">
     <span class='ocr_line' id='line_1_40' title="bbox 390 2607 1977 2684; baseline -0.002 -20"><span class='ocrx_word' id='word_1_293' title='bbox 390 2626 493 2683; x_wconf 83' lang='grc' dir='ltr'><strong>την</strong></span> <span class='ocrx_word' id='word_1_294' title='bbox 528 2614 766 2684; x_wconf 74' lang='grc' dir='ltr'><strong>ἡμέραν,</strong></span> <span class='ocrx_word' id='word_1_295' title='bbox 805 2611 940 2665; x_wconf 68' lang='grc' dir='ltr'><strong>ἀλλὰ</strong></span> <span class='ocrx_word' id='word_1_296' title='bbox 996 2614 1091 2664; x_wconf 75' lang='grc' dir='ltr'>καὶ</span> <span class='ocrx_word' id='word_1_297' title='bbox 1121 2610 1211 2673; x_wconf 69' lang='grc' dir='ltr'><strong>Δεἰς</strong></span> <span class='ocrx_word' id='word_1_298' title='bbox 1264 2608 1559 2677; x_wconf 77' lang='grc' dir='ltr'><strong>πολλοστὴν</strong></span> <span class='ocrx_word' id='word_1_299' title='bbox 1614 2607 1709 2659; x_wconf 80' lang='grc' dir='ltr'><strong>ἀπ’</strong></span> <span class='ocrx_word' id='word_1_300' title='bbox 1768 2608 1977 2661; x_wconf 72' lang='grc' dir='ltr'><strong>ἐκείνου</strong></span> 
     </span>
    </p>
   </div>
   <div class='ocr_carea' id='block_1_41' title="bbox 392 2696 1979 2775">
    <p class='ocr_par' dir='ltr' id='par_1_41' title="bbox 392 2696 1979 2775">
     <span class='ocr_line' id='line_1_41' title="bbox 392 2696 1979 2775; baseline -0.005 -17"><span class='ocrx_word' id='word_1_301' title='bbox 392 2704 499 2766; x_wconf 75' lang='grc' dir='ltr'><strong>ἕως</strong></span> <span class='ocrx_word' id='word_1_302' title='bbox 530 2705 593 2774; x_wconf 81' lang='grc' dir='ltr'><strong>δὴ</strong></span> <span class='ocrx_word' id='word_1_303' title='bbox 625 2705 786 2775; x_wconf 80' lang='grc' dir='ltr'><strong>μόνος</strong></span> <span class='ocrx_word' id='word_1_304' title='bbox 804 2704 882 2774; x_wconf 74' lang='grc' dir='ltr'><strong>τῷ</strong></span> <span class='ocrx_word' id='word_1_305' title='bbox 904 2704 1061 2775; x_wconf 82' lang='grc' dir='ltr'><strong>τάφῳ</strong></span> <span class='ocrx_word' id='word_1_306' title='bbox 1078 2701 1502 2774; x_wconf 74' lang='grc' dir='ltr'><strong>ἐνεοησαύριστο</strong></span> <span class='ocrx_word' id='word_1_307' title='bbox 1531 2701 1620 2751; x_wconf 76' lang='grc' dir='ltr'>καὶ</span> <span class='ocrx_word' id='word_1_308' title='bbox 1645 2696 1710 2771; x_wconf 79' lang='grc' dir='ltr'><strong>ἦν</strong></span> <span class='ocrx_word' id='word_1_309' title='bbox 1732 2698 1798 2752; x_wconf 83' lang='grc' dir='ltr'><strong>ἂν</strong></span> <span class='ocrx_word' id='word_1_310' title='bbox 1819 2700 1979 2774; x_wconf 72' lang='grc' dir='ltr'>μέχρι</span> 
     </span>
    </p>
   </div>
   <div class='ocr_carea' id='block_1_42' title="bbox 393 2789 1980 2868">
    <p class='ocr_par' dir='ltr' id='par_1_42' title="bbox 393 2789 1980 2868">
     <span class='ocr_line' id='line_1_42' title="bbox 393 2789 1980 2868; baseline -0.004 -16"><span class='ocrx_word' id='word_1_311' title='bbox 393 2798 595 2859; x_wconf 73' lang='grc' dir='ltr'><strong>παντὸς</strong></span> <span class='ocrx_word' id='word_1_312' title='bbox 629 2790 1041 2868; x_wconf 73' lang='grc' dir='ltr'><strong>ἀρωματίζουσα</strong></span> <span class='ocrx_word' id='word_1_313' title='bbox 1078 2792 1111 2866; x_wconf 83' lang='grc' dir='ltr'>ἡ</span> <span class='ocrx_word' id='word_1_314' title='bbox 1144 2795 1322 2866; x_wconf 79' lang='grc' dir='ltr'><strong>σορὸς,</strong></span> <span class='ocrx_word' id='word_1_315' title='bbox 1357 2794 1406 2845; x_wconf 79' lang='grc' dir='ltr'>εἰ</span> <span class='ocrx_word' id='word_1_316' title='bbox 1443 2793 1518 2864; x_wconf 81' lang='grc' dir='ltr'><strong>μή</strong></span> <span class='ocrx_word' id='word_1_317' title='bbox 1552 2808 1699 2855; x_wconf 76' lang='grc' dir='ltr'><strong>τινες</strong></span> <span class='ocrx_word' id='word_1_318' title='bbox 1729 2789 1980 2845; x_wconf 79' lang='grc' dir='ltr'><strong>τοσοῦτον</strong></span> 
     </span>
    </p>
   </div>
   <div class='ocr_carea' id='block_1_43' title="bbox 392 2884 1981 2963">
    <p class='ocr_par' dir='ltr' id='par_1_43' title="bbox 392 2884 1981 2963">
     <span class='ocr_line' id='line_1_43' title="bbox 392 2884 1981 2963; baseline -0.001 -20"><span class='ocrx_word' id='word_1_319' title='bbox 392 2892 872 2963; x_wconf 69' lang='grc' dir='ltr'><strong>παρηνομήκασιν.</strong></span> <span class='ocrx_word' id='word_1_320' title='bbox 904 2884 973 2943; x_wconf 86' lang='lat' dir='ltr'><strong>Et</strong></span> <span class='ocrx_word' id='word_1_321' title='bbox 1012 2884 1088 2942; x_wconf 89' lang='lat' dir='ltr'><strong>sic</strong></span> <span class='ocrx_word' id='word_1_322' title='bbox 1128 2888 1341 2959; x_wconf 84' lang='lat' dir='ltr'><strong>quidem</strong></span> <span class='ocrx_word' id='word_1_323' title='bbox 1369 2896 1444 2948; x_wconf 84' lang='lat' dir='ltr'><strong>est</strong></span> <span class='ocrx_word' id='word_1_324' title='bbox 1475 2895 1736 2949; x_wconf 84' lang='lat' dir='ltr'><strong>mortuus;</strong></span> <span class='ocrx_word' id='word_1_325' title='bbox 1766 2886 1981 2961; x_wconf 69' lang='lat' dir='ltr'><strong>fuerunt</strong></span> 
     </span>
    </p>
   </div>
   <div class='ocr_carea' id='block_1_44' title="bbox 394 2978 1983 3041">
    <p class='ocr_par' dir='ltr' id='par_1_44' title="bbox 394 2978 1983 3041">
     <span class='ocr_line' id='line_1_44' title="bbox 394 2978 1983 3041; baseline -0.004 -3"><span class='ocrx_word' id='word_1_326' title='bbox 394 2991 571 3039; x_wconf 85' lang='lat' dir='ltr'><strong>autem</strong></span> <span class='ocrx_word' id='word_1_327' title='bbox 602 2985 787 3035; x_wconf 85' lang='lat' dir='ltr'><strong>statim</strong></span> <span class='ocrx_word' id='word_1_328' title='bbox 822 2980 1021 3041; x_wconf 57' lang='lat' dir='ltr'><strong>omnia.</strong></span> <span class='ocrx_word' id='word_1_329' title='bbox 1058 2990 1107 3035; x_wconf 89' lang='lat' dir='ltr'><strong>et</strong></span> <span class='ocrx_word' id='word_1_330' title='bbox 1148 2996 1252 3037; x_wconf 89' lang='lat' dir='ltr'><strong>non</strong></span> <span class='ocrx_word' id='word_1_331' title='bbox 1276 2990 1399 3034; x_wconf 81' lang='lat' dir='ltr'><strong>tunc</strong></span> <span class='ocrx_word' id='word_1_332' title='bbox 1429 2979 1600 3038; x_wconf 86' lang='lat' dir='ltr'><strong>solum</strong></span> <span class='ocrx_word' id='word_1_333' title='bbox 1626 2980 1780 3035; x_wconf 81' lang='lat' dir='ltr'><strong>suavi</strong></span> <span class='ocrx_word' id='word_1_334' title='bbox 1826 2978 1983 3035; x_wconf 85' lang='lat' dir='ltr'><strong>odore</strong></span> 
     </span>
    </p>
   </div>
   <div class='ocr_carea' id='block_1_45' title="bbox 395 3071 2050 3168">
    <p class='ocr_par' dir='ltr' id='par_1_45' title="bbox 395 3071 2050 3168">
     <span class='ocr_line' id='line_1_45' title="bbox 395 3071 2050 3168; baseline -0.003 -41"><span class='ocrx_word' id='word_1_335' title='bbox 395 3074 574 3147; x_wconf 81' lang='lat' dir='ltr'><strong>plena,</strong></span> <span class='ocrx_word' id='word_1_336' title='bbox 606 3090 698 3127; x_wconf 82' lang='lat' dir='ltr'><strong>nec</strong></span> <span class='ocrx_word' id='word_1_337' title='bbox 726 3074 783 3128; x_wconf 87' lang='lat' dir='ltr'><strong>in</strong></span> <span class='ocrx_word' id='word_1_338' title='bbox 811 3073 948 3127; x_wconf 88' lang='lat' dir='ltr'><strong>diem</strong></span> <span class='ocrx_word' id='word_1_339' title='bbox 972 3073 1211 3139; x_wconf 82' lang='lat' dir='ltr'><strong>tertium,</strong></span> <span class='ocrx_word' id='word_1_340' title='bbox 1252 3073 1344 3126; x_wconf 79' lang='lat' dir='ltr'><strong>sed</strong></span> <span class='ocrx_word' id='word_1_341' title='bbox 1380 3072 1542 3126; x_wconf 88' lang='lat' dir='ltr'><strong>etiam</strong></span> <span class='ocrx_word' id='word_1_342' title='bbox 1566 3073 1621 3126; x_wconf 91' lang='lat' dir='ltr'><strong>in</strong></span> <span class='ocrx_word' id='word_1_343' title='bbox 1657 3071 1849 3130; x_wconf 86' lang='lat' dir='ltr'><strong>multos</strong></span> <span class='ocrx_word' id='word_1_344' title='bbox 1873 3072 1982 3123; x_wconf 85' lang='lat' dir='ltr'><strong>dies</strong></span> <span class='ocrx_word' id='word_1_345' title='bbox 2006 3109 2050 3168; x_wconf 58' lang='grc' dir='ltr'>Ω</span> 
     </span>
    </p>
   </div>
   <div class='ocr_carea' id='block_1_46' title="bbox 395 3160 1981 3235">
    <p class='ocr_par' dir='ltr' id='par_1_46' title="bbox 395 3160 1981 3235">
     <span class='ocr_line' id='line_1_46' title="bbox 395 3160 1981 3235; baseline -0.003 -16"><span class='ocrx_word' id='word_1_346' title='bbox 395 3174 599 3234; x_wconf 83' lang='lat' dir='ltr'><strong>postea,</strong></span> <span class='ocrx_word' id='word_1_347' title='bbox 636 3165 797 3218; x_wconf 81' lang='lat' dir='ltr'><strong>donec</strong></span> <span class='ocrx_word' id='word_1_348' title='bbox 841 3164 941 3235; x_wconf 78' lang='lat' dir='ltr'><strong>fuit</strong></span> <span class='ocrx_word' id='word_1_349' title='bbox 963 3163 1104 3217; x_wconf 87' lang='lat' dir='ltr'><strong>solus</strong></span> <span class='ocrx_word' id='word_1_350' title='bbox 1140 3164 1378 3216; x_wconf 78' lang='lat' dir='ltr'><strong>conditus</strong></span> <span class='ocrx_word' id='word_1_351' title='bbox 1406 3163 1460 3215; x_wconf 91' lang='lat' dir='ltr'><strong>in</strong></span> <span class='ocrx_word' id='word_1_352' title='bbox 1499 3162 1735 3231; x_wconf 87' lang='lat' dir='ltr'><strong>sepulcro</strong></span> <span class='ocrx_word' id='word_1_353' title='bbox 1763 3177 1783 3216; x_wconf 90' lang='lat'><strong><em>:</em></strong></span> <span class='ocrx_word' id='word_1_354' title='bbox 1817 3173 1862 3215; x_wconf 85' lang='lat' dir='ltr'><strong>et</strong></span> <span class='ocrx_word' id='word_1_355' title='bbox 1901 3160 1981 3214; x_wconf 89' lang='lat' dir='ltr'><strong>lo-</strong></span> 
     </span>
    </p>
   </div>
   <div class='ocr_carea' id='block_1_47' title="bbox 397 3253 1982 3326">
    <p class='ocr_par' dir='ltr' id='par_1_47' title="bbox 397 3253 1982 3326">
     <span class='ocr_line' id='line_1_47' title="bbox 397 3253 1982 3326; baseline -0.001 -17"><span class='ocrx_word' id='word_1_356' title='bbox 397 3256 547 3309; x_wconf 85' lang='lat' dir='ltr'><strong>culus</strong></span> <span class='ocrx_word' id='word_1_357' title='bbox 577 3265 829 3326; x_wconf 81' lang='lat' dir='ltr'><strong>perpetuo</strong></span> <span class='ocrx_word' id='word_1_358' title='bbox 861 3255 1021 3308; x_wconf 86' lang='lat' dir='ltr'><strong>talem</strong></span> <span class='ocrx_word' id='word_1_359' title='bbox 1046 3255 1301 3308; x_wconf 81' lang='lat' dir='ltr'><strong>emisisset</strong></span> <span class='ocrx_word' id='word_1_360' title='bbox 1341 3255 1580 3322; x_wconf 82' lang='lat' dir='ltr'><strong>odorem,</strong></span> <span class='ocrx_word' id='word_1_361' title='bbox 1601 3255 1702 3310; x_wconf 84' lang='lat' dir='ltr'><strong>nisi</strong></span> <span class='ocrx_word' id='word_1_362' title='bbox 1740 3270 1793 3309; x_wconf 88' lang='lat' dir='ltr'><strong>se</strong></span> <span class='ocrx_word' id='word_1_363' title='bbox 1815 3253 1982 3326; x_wconf 82' lang='lat' dir='ltr'><strong>aliqui</strong></span> 
     </span>
    </p>
   </div>
   <div class='ocr_carea' id='block_1_48' title="bbox 403 3350 1203 3418">
    <p class='ocr_par' dir='ltr' id='par_1_48' title="bbox 403 3350 1203 3418">
     <span class='ocr_line' id='line_1_48' title="bbox 403 3350 1203 3418; baseline 0.001 -16"><span class='ocrx_word' id='word_1_364' title='bbox 403 3357 515 3402; x_wconf 83' lang='lat' dir='ltr'><strong>tam</strong></span> <span class='ocrx_word' id='word_1_365' title='bbox 552 3350 732 3418; x_wconf 86' lang='lat' dir='ltr'><strong>inique</strong></span> <span class='ocrx_word' id='word_1_366' title='bbox 763 3350 1062 3417; x_wconf 86' lang='lat' dir='ltr'><strong>gessissent,</strong></span> <span class='ocrx_word' id='word_1_367' title='bbox 1097 3358 1203 3403; x_wconf 89' lang='lat' dir='ltr'><strong>etc.</strong></span> 
     </span>
    </p>
   </div>
   <div class='ocr_carea' id='block_1_49' title="bbox 472 3438 1981 3515">
    <p class='ocr_par' dir='ltr' id='par_1_49' title="bbox 472 3438 1981 3515">
     <span class='ocr_line' id='line_1_49' title="bbox 472 3438 1981 3515; baseline 0.001 -22"><span class='ocrx_word' id='word_1_368' title='bbox 472 3442 788 3510; x_wconf 85' lang='lat' dir='ltr'><strong>Alpbonsus</strong></span> <span class='ocrx_word' id='word_1_369' title='bbox 824 3438 1059 3511; x_wconf 77' lang='lat' dir='ltr'><strong>Villegas</strong></span> <span class='ocrx_word' id='word_1_370' title='bbox 1104 3439 1172 3497; x_wconf 90' lang='lat' dir='ltr'><strong>de</strong></span> <span class='ocrx_word' id='word_1_371' title='bbox 1225 3439 1365 3496; x_wconf 85' lang='lat' dir='ltr'><strong>Vitis</strong></span> <span class='ocrx_word' id='word_1_372' title='bbox 1420 3451 1736 3497; x_wconf 87' lang='lat' dir='ltr'><strong>sanctorum</strong></span> <span class='ocrx_word' id='word_1_373' title='bbox 1777 3440 1833 3495; x_wconf 93' lang='lat' dir='ltr'><strong>in</strong></span> <span class='ocrx_word' id='word_1_374' title='bbox 1881 3441 1981 3515; x_wconf 85' lang='lat' dir='ltr'><strong>Sy-</strong></span> 
     </span>
    </p>
   </div>
   <div class='ocr_carea' id='block_1_50' title="bbox 403 3530 1984 3605">
    <p class='ocr_par' dir='ltr' id='par_1_50' title="bbox 403 3530 1984 3605">
     <span class='ocr_line' id='line_1_50' title="bbox 403 3530 1984 3605; baseline -0.002 -15"><span class='ocrx_word' id='word_1_375' title='bbox 403 3546 602 3590; x_wconf 78' lang='lat' dir='ltr'><strong>nieone</strong></span> <span class='ocrx_word' id='word_1_376' title='bbox 652 3530 1066 3603; x_wconf 66' lang='lat' dir='ltr'><strong>Metaphrastas,</strong></span> <span class='ocrx_word' id='word_1_377' title='bbox 1118 3531 1544 3605; x_wconf 80' lang='lat' dir='ltr'><strong>Metapltrastem</strong></span> <span class='ocrx_word' id='word_1_378' title='bbox 1598 3535 1805 3588; x_wconf 88' lang='lat' dir='ltr'><strong>circum</strong></span> <span class='ocrx_word' id='word_1_379' title='bbox 1839 3531 1984 3589; x_wconf 85' lang='lat' dir='ltr'><strong>circa</strong></span> 
     </span>
    </p>
   </div>
   <div class='ocr_carea' id='block_1_51' title="bbox 408 3624 1984 3698">
    <p class='ocr_par' dir='ltr' id='par_1_51' title="bbox 408 3624 1984 3698">
     <span class='ocr_line' id='line_1_51' title="bbox 408 3624 1984 3698; baseline 0 -17"><span class='ocrx_word' id='word_1_380' title='bbox 408 3624 927 3695; x_wconf 61' lang='lat' dir='ltr'><strong>Heracliitcmpora,</strong></span> <span class='ocrx_word' id='word_1_381' title='bbox 955 3642 1098 3683; x_wconf 89' lang='lat' dir='ltr'><strong>anno</strong></span> <span class='ocrx_word' id='word_1_382' title='bbox 1119 3627 1326 3682; x_wconf 84' lang='lat' dir='ltr'><strong>scilicet</strong></span> <span class='ocrx_word' id='word_1_383' title='bbox 1348 3626 1475 3694; x_wconf 71' lang='lat'><strong>620,</strong></span> <span class='ocrx_word' id='word_1_384' title='bbox 1500 3626 1852 3698; x_wconf 36' lang='lat' dir='ltr'><strong>ﬂoruissetex</strong></span> <span class='ocrx_word' id='word_1_385' title='bbox 1874 3627 1984 3682; x_wconf 85' lang='lat' dir='ltr'><strong>vita</strong></span> 
     </span>
    </p>
   </div>
   <div class='ocr_carea' id='block_1_52' title="bbox 405 3715 1985 3792">
    <p class='ocr_par' dir='ltr' id='par_1_52' title="bbox 405 3715 1985 3792">
     <span class='ocr_line' id='line_1_52' title="bbox 405 3715 1985 3792; baseline -0.001 -17"><span class='ocrx_word' id='word_1_386' title='bbox 405 3716 583 3775; x_wconf 83' lang='lat' dir='ltr'><strong>sancti</strong></span> <span class='ocrx_word' id='word_1_387' title='bbox 604 3715 780 3790; x_wconf 78' lang='lat' dir='ltr'><strong>Alypii</strong></span> <span class='ocrx_word' id='word_1_388' title='bbox 800 3716 1050 3785; x_wconf 77' lang='lat' dir='ltr'><strong>Cionitae,</strong></span> <span class='ocrx_word' id='word_1_389' title='bbox 1064 3733 1227 3788; x_wconf 89' lang='lat' dir='ltr'><strong>quam</strong></span> <span class='ocrx_word' id='word_1_390' title='bbox 1249 3732 1369 3774; x_wconf 90' lang='lat' dir='ltr'><strong>esse</strong></span> <span class='ocrx_word' id='word_1_391' title='bbox 1396 3719 1653 3792; x_wconf 88' lang='lat' dir='ltr'><strong>scriptam</strong></span> <span class='ocrx_word' id='word_1_392' title='bbox 1672 3717 1985 3790; x_wconf 75' lang='lat' dir='ltr'><strong>aSymeone</strong></span> 
     </span>
    </p>
   </div>
   <div class='ocr_carea' id='block_1_53' title="bbox 404 3808 1985 3882">
    <p class='ocr_par' dir='ltr' id='par_1_53' title="bbox 404 3808 1985 3882">
     <span class='ocr_line' id='line_1_53' title="bbox 404 3808 1985 3882; baseline -0.001 -18"><span class='ocrx_word' id='word_1_393' title='bbox 404 3808 702 3874; x_wconf 74' lang='lat' dir='ltr'><strong>esiStimat,</strong></span> <span class='ocrx_word' id='word_1_394' title='bbox 742 3809 1046 3863; x_wconf 87' lang='lat' dir='ltr'><strong>contendit.</strong></span> <span class='ocrx_word' id='word_1_395' title='bbox 1087 3808 1142 3864; x_wconf 93' lang='lat' dir='ltr'><strong>Id</strong></span> <span class='ocrx_word' id='word_1_396' title='bbox 1187 3811 1333 3866; x_wconf 86' lang='lat' dir='ltr'><strong>idem</strong></span> <span class='ocrx_word' id='word_1_397' title='bbox 1368 3810 1565 3865; x_wconf 88' lang='lat' dir='ltr'><strong>Petrus</strong></span> <span class='ocrx_word' id='word_1_398' title='bbox 1611 3810 1985 3882; x_wconf 75' lang='lat' dir='ltr'><strong>Ribadeneyra</strong></span> 
     </span>
    </p>
   </div>
   <div class='ocr_carea' id='block_1_54' title="bbox 404 3904 1989 3977">
    <p class='ocr_par' dir='ltr' id='par_1_54' title="bbox 404 3904 1989 3977">
     <span class='ocr_line' id='line_1_54' title="bbox 404 3904 1989 3977; baseline -0.001 -16"><span class='ocrx_word' id='word_1_399' title='bbox 404 3905 477 3964; x_wconf 78' lang='lat' dir='ltr'><strong>de</strong></span> <span class='ocrx_word' id='word_1_400' title='bbox 507 3904 638 3959; x_wconf 79' lang='lat' dir='ltr'><strong>Vitis</strong></span> <span class='ocrx_word' id='word_1_401' title='bbox 668 3914 982 3958; x_wconf 78' lang='lat' dir='ltr'><strong>sanctorum</strong></span> <span class='ocrx_word' id='word_1_402' title='bbox 1007 3906 1097 3977; x_wconf 83' lang='lat' dir='ltr'><strong>qui</strong></span> <span class='ocrx_word' id='word_1_403' title='bbox 1123 3921 1235 3964; x_wconf 88' lang='lat' dir='ltr'><strong>non</strong></span> <span class='ocrx_word' id='word_1_404' title='bbox 1260 3914 1386 3962; x_wconf 87' lang='lat' dir='ltr'><strong>sunt</strong></span> <span class='ocrx_word' id='word_1_405' title='bbox 1418 3905 1473 3960; x_wconf 90' lang='lat' dir='ltr'><strong>in</strong></span> <span class='ocrx_word' id='word_1_406' title='bbox 1494 3904 1833 3970; x_wconf 79' lang='lat' dir='ltr'><strong>Calendario,</strong></span> <span class='ocrx_word' id='word_1_407' title='bbox 1855 3905 1989 3960; x_wconf 78' lang='lat' dir='ltr'><strong>dex-</strong></span> 
     </span>
    </p>
   </div>
   <div class='ocr_carea' id='block_1_55' title="bbox 408 3997 1986 4068">
    <p class='ocr_par' dir='ltr' id='par_1_55' title="bbox 408 3997 1986 4068">
     <span class='ocr_line' id='line_1_55' title="bbox 408 3997 1986 4068; baseline -0.002 -14"><span class='ocrx_word' id='word_1_408' title='bbox 408 4008 527 4054; x_wconf 87' lang='lat' dir='ltr'><strong>tere</strong></span> <span class='ocrx_word' id='word_1_409' title='bbox 560 4012 726 4068; x_wconf 81' lang='lat' dir='ltr'><strong>agens</strong></span> <span class='ocrx_word' id='word_1_410' title='bbox 754 4007 944 4054; x_wconf 85' lang='lat' dir='ltr'><strong>contra</strong></span> <span class='ocrx_word' id='word_1_411' title='bbox 981 3997 1278 4054; x_wconf 85' lang='lat' dir='ltr'><strong>Baronium</strong></span> <span class='ocrx_word' id='word_1_412' title='bbox 1306 3999 1564 4066; x_wconf 86' lang='lat' dir='ltr'><strong>ostendit,</strong></span> <span class='ocrx_word' id='word_1_413' title='bbox 1604 4013 1714 4057; x_wconf 89' lang='lat' dir='ltr'><strong>non</strong></span> <span class='ocrx_word' id='word_1_414' title='bbox 1748 3997 1855 4053; x_wconf 87' lang='lat' dir='ltr'><strong>alio</strong></span> <span class='ocrx_word' id='word_1_415' title='bbox 1897 4014 1986 4052; x_wconf 87' lang='lat' dir='ltr'><strong>ar-</strong></span> 
     </span>
    </p>
   </div>
   <div class='ocr_carea' id='block_1_56' title="bbox 408 4088 1990 4162">
    <p class='ocr_par' dir='ltr' id='par_1_56' title="bbox 408 4088 1990 4162">
     <span class='ocr_line' id='line_1_56' title="bbox 408 4088 1990 4162; baseline 0.001 -22"><span class='ocrx_word' id='word_1_416' title='bbox 408 4097 691 4159; x_wconf 74' lang='lat' dir='ltr'><strong>gumento,</strong></span> <span class='ocrx_word' id='word_1_417' title='bbox 724 4103 887 4156; x_wconf 87' lang='lat' dir='ltr'><strong>quam</strong></span> <span class='ocrx_word' id='word_1_418' title='bbox 932 4104 999 4143; x_wconf 83' lang='lat' dir='ltr'><strong>ex</strong></span> <span class='ocrx_word' id='word_1_419' title='bbox 1035 4091 1227 4145; x_wconf 87' lang='lat' dir='ltr'><strong>eadem</strong></span> <span class='ocrx_word' id='word_1_420' title='bbox 1280 4090 1457 4162; x_wconf 79' lang='lat' dir='ltr'><strong>Alypii</strong></span> <span class='ocrx_word' id='word_1_421' title='bbox 1488 4088 1632 4155; x_wconf 86' lang='lat' dir='ltr'><strong>Vita,</strong></span> <span class='ocrx_word' id='word_1_422' title='bbox 1694 4089 1753 4147; x_wconf 91' lang='lat' dir='ltr'><strong>in</strong></span> <span class='ocrx_word' id='word_1_423' title='bbox 1793 4104 1900 4159; x_wconf 87' lang='lat' dir='ltr'><strong>qua</strong></span> <span class='ocrx_word' id='word_1_424' title='bbox 1930 4102 1990 4143; x_wconf 83' lang='lat' dir='ltr'><strong>se</strong></span> 
     </span>
    </p>
   </div>
   <div class='ocr_carea' id='block_1_57' title="bbox 411 4178 1989 4257">
    <p class='ocr_par' dir='ltr' id='par_1_57' title="bbox 411 4178 1989 4257">
     <span class='ocr_line' id='line_1_57' title="bbox 411 4178 1989 4257; baseline 0.003 -25"><span class='ocrx_word' id='word_1_425' title='bbox 411 4178 649 4249; x_wconf 79' lang='lat' dir='ltr'><strong>Symeon</strong></span> <span class='ocrx_word' id='word_1_426' title='bbox 699 4180 865 4235; x_wconf 86' lang='lat' dir='ltr'><strong>tradit</strong></span> <span class='ocrx_word' id='word_1_427' title='bbox 914 4196 1040 4238; x_wconf 83' lang='lat' dir='ltr'><strong>esse</strong></span> <span class='ocrx_word' id='word_1_428' title='bbox 1116 4183 1262 4237; x_wconf 88' lang='lat' dir='ltr'><strong>illius</strong></span> <span class='ocrx_word' id='word_1_429' title='bbox 1321 4182 1670 4257; x_wconf 89' lang='lat' dir='ltr'><strong>discipulum.</strong></span> <span class='ocrx_word' id='word_1_430' title='bbox 1736 4181 1804 4236; x_wconf 87' lang='lat' dir='ltr'><strong>Et</strong></span> <span class='ocrx_word' id='word_1_431' title='bbox 1843 4179 1989 4252; x_wconf 87' lang='lat' dir='ltr'><strong>apud</strong></span> 
     </span>
    </p>
   </div>
   <div class='ocr_carea' id='block_1_58' title="bbox 414 4268 1987 4351">
    <p class='ocr_par' dir='ltr' id='par_1_58' title="bbox 414 4268 1987 4351">
     <span class='ocr_line' id='line_1_58' title="bbox 414 4268 1987 4351; baseline 0.001 -25"><span class='ocrx_word' id='word_1_432' title='bbox 414 4268 636 4351; x_wconf 56' lang='lat' dir='ltr'><strong>Suriun,</strong></span> <span class='ocrx_word' id='word_1_433' title='bbox 688 4272 756 4327; x_wconf 88' lang='lat' dir='ltr'><strong>de</strong></span> <span class='ocrx_word' id='word_1_434' title='bbox 798 4270 921 4327; x_wconf 90' lang='lat' dir='ltr'><strong>Vita</strong></span> <span class='ocrx_word' id='word_1_435' title='bbox 984 4273 1157 4327; x_wconf 88' lang='lat' dir='ltr'><strong>sancti</strong></span> <span class='ocrx_word' id='word_1_436' title='bbox 1188 4272 1367 4346; x_wconf 85' lang='lat' dir='ltr'><strong>Alypii</strong></span> <span class='ocrx_word' id='word_1_437' title='bbox 1408 4273 1463 4326; x_wconf 88' lang='lat' dir='ltr'><strong>in</strong></span> <span class='ocrx_word' id='word_1_438' title='bbox 1502 4272 1745 4344; x_wconf 77' lang='lat' dir='ltr'><strong>margine</strong></span> <span class='ocrx_word' id='word_1_439' title='bbox 1769 4273 1987 4346; x_wconf 74' lang='lat' dir='ltr'><strong>legitur,</strong></span> 
     </span>
    </p>
   </div>
   <div class='ocr_carea' id='block_1_59' title="bbox 412 4361 1990 4437">
    <p class='ocr_par' dir='ltr' id='par_1_59' title="bbox 412 4361 1990 4437">
     <span class='ocr_line' id='line_1_59' title="bbox 412 4361 1990 4437; baseline 0 -20"><span class='ocrx_word' id='word_1_440' title='bbox 412 4361 641 4434; x_wconf 79' lang='lat' dir='ltr'><strong>Symeon</strong></span> <span class='ocrx_word' id='word_1_441' title='bbox 673 4362 1059 4435; x_wconf 69' lang='lat' dir='ltr'><strong>Memphi-astes</strong></span> <span class='ocrx_word' id='word_1_442' title='bbox 1085 4363 1371 4433; x_wconf 81' lang='lat' dir='ltr'><strong>discipulus</strong></span> <span class='ocrx_word' id='word_1_443' title='bbox 1410 4363 1522 4433; x_wconf 82' lang='lat' dir='ltr'><strong>ejus</strong></span> <span class='ocrx_word' id='word_1_444' title='bbox 1555 4364 1676 4437; x_wconf 78' lang='lat' dir='ltr'><strong>fuit.</strong></span> <span class='ocrx_word' id='word_1_445' title='bbox 1706 4364 1845 4418; x_wconf 80' lang='lat' dir='ltr'><strong>llinc</strong></span> <span class='ocrx_word' id='word_1_446' title='bbox 1874 4363 1990 4434; x_wconf 86' lang='lat' dir='ltr'><strong>plu-</strong></span> 
     </span>
    </p>
   </div>
   <div class='ocr_carea' id='block_1_60' title="bbox 2072 1871 3655 1943">
    <p class='ocr_par' dir='ltr' id='par_1_60' title="bbox 2072 1871 3655 1943">
     <span class='ocr_line' id='line_1_60' title="bbox 2072 1871 3655 1943; baseline -0.002 -14"><span class='ocrx_word' id='word_1_447' title='bbox 2072 1872 2493 1937; x_wconf 77' lang='lat' dir='ltr'><strong>addictissimns,</strong></span> <span class='ocrx_word' id='word_1_448' title='bbox 2545 1871 2941 1927; x_wconf 70' lang='lat' dir='ltr'><strong>monachorum</strong></span> <span class='ocrx_word' id='word_1_449' title='bbox 2970 1873 3093 1928; x_wconf 88' lang='lat' dir='ltr'><strong>albo</strong></span> <span class='ocrx_word' id='word_1_450' title='bbox 3122 1886 3403 1943; x_wconf 85' lang='lat' dir='ltr'><strong>nunquam</strong></span> <span class='ocrx_word' id='word_1_451' title='bbox 3454 1887 3515 1926; x_wconf 88' lang='lat' dir='ltr'><strong>se</strong></span> <span class='ocrx_word' id='word_1_452' title='bbox 3559 1887 3655 1926; x_wconf 81' lang='lat' dir='ltr'><strong>as-</strong></span> 
     </span>
    </p>
   </div>
   <div class='ocr_carea' id='block_1_61' title="bbox 2073 1964 3656 2036">
    <p class='ocr_par' dir='ltr' id='par_1_61' title="bbox 2073 1964 3656 2036">
     <span class='ocr_line' id='line_1_61' title="bbox 2073 1964 3656 2036; baseline 0 -15"><span class='ocrx_word' id='word_1_453' title='bbox 2073 1965 2359 2036; x_wconf 84' lang='lat' dir='ltr'><strong>cripserat,</strong></span> <span class='ocrx_word' id='word_1_454' title='bbox 2399 1964 2547 2034; x_wconf 89' lang='lat' dir='ltr'><strong>quod</strong></span> <span class='ocrx_word' id='word_1_455' title='bbox 2570 1964 2691 2035; x_wconf 86' lang='lat' dir='ltr'><strong>ipse</strong></span> <span class='ocrx_word' id='word_1_456' title='bbox 2718 1964 2910 2020; x_wconf 84' lang='lat' dir='ltr'><strong>sciam.</strong></span> <span class='ocrx_word' id='word_1_457' title='bbox 2940 1965 3063 2020; x_wconf 83' lang='lat' dir='ltr'><strong>Non</strong></span> <span class='ocrx_word' id='word_1_458' title='bbox 3091 1965 3182 2020; x_wconf 80' lang='lat' dir='ltr'><strong>hic</strong></span> <span class='ocrx_word' id='word_1_459' title='bbox 3214 1965 3448 2020; x_wconf 80' lang='lat' dir='ltr'><strong>referam</strong></span> <span class='ocrx_word' id='word_1_460' title='bbox 3477 1979 3656 2035; x_wconf 72' lang='lat' dir='ltr'><strong>genus</strong></span> 
     </span>
    </p>
   </div>
   <div class='ocr_carea' id='block_1_62' title="bbox 2073 2057 3657 2130">
    <p class='ocr_par' dir='ltr' id='par_1_62' title="bbox 2073 2057 3657 2130">
     <span class='ocr_line' id='line_1_62' title="bbox 2073 2057 3657 2130; baseline 0.002 -17"><span class='ocrx_word' id='word_1_461' title='bbox 2073 2057 2312 2122; x_wconf 84' lang='lat' dir='ltr'><strong>dicendi,</strong></span> <span class='ocrx_word' id='word_1_462' title='bbox 2343 2057 2489 2128; x_wconf 88' lang='lat' dir='ltr'><strong>quod</strong></span> <span class='ocrx_word' id='word_1_463' title='bbox 2544 2057 2631 2111; x_wconf 79' lang='lat' dir='ltr'><strong>vel</strong></span> <span class='ocrx_word' id='word_1_464' title='bbox 2684 2057 3095 2128; x_wconf 81' lang='lat' dir='ltr'><strong>imperitissimo</strong></span> <span class='ocrx_word' id='word_1_465' title='bbox 3145 2072 3212 2113; x_wconf 81' lang='lat' dir='ltr'><strong>ex</strong></span> <span class='ocrx_word' id='word_1_466' title='bbox 3257 2060 3375 2130; x_wconf 88' lang='lat' dir='ltr'><strong>ipsa</strong></span> <span class='ocrx_word' id='word_1_467' title='bbox 3411 2059 3657 2116; x_wconf 79' lang='lat' dir='ltr'><strong>lectione</strong></span> 
     </span>
    </p>
   </div>
   <div class='ocr_carea' id='block_1_63' title="bbox 2074 2149 3665 2222">
    <p class='ocr_par' dir='ltr' id='par_1_63' title="bbox 2074 2149 3665 2222">
     <span class='ocr_line' id='line_1_63' title="bbox 2074 2149 3665 2222; baseline 0.002 -17"><span class='ocrx_word' id='word_1_468' title='bbox 2074 2159 2262 2222; x_wconf 87' lang='lat' dir='ltr'><strong>patere</strong></span> <span class='ocrx_word' id='word_1_469' title='bbox 2293 2150 2495 2221; x_wconf 87' lang='lat' dir='ltr'><strong>poterit</strong></span> <span class='ocrx_word' id='word_1_470' title='bbox 2528 2165 2559 2204; x_wconf 89' lang='lat' dir='ltr'><strong>a</strong></span> <span class='ocrx_word' id='word_1_471' title='bbox 2593 2149 2880 2222; x_wconf 81' lang='lat' dir='ltr'><strong>Symeonis</strong></span> <span class='ocrx_word' id='word_1_472' title='bbox 2908 2149 3069 2222; x_wconf 78' lang='lat' dir='ltr'><strong>style,</strong></span> <span class='ocrx_word' id='word_1_473' title='bbox 3102 2160 3159 2205; x_wconf 92' lang='lat' dir='ltr'><strong>et</strong></span> <span class='ocrx_word' id='word_1_474' title='bbox 3190 2167 3375 2206; x_wconf 87' lang='lat' dir='ltr'><strong>rerum</strong></span> <span class='ocrx_word' id='word_1_475' title='bbox 3397 2161 3665 2222; x_wconf 81' lang='lat' dir='ltr'><strong>tractata-</strong></span> 
     </span>
    </p>
   </div>
   <div class='ocr_carea' id='block_1_64' title="bbox 2075 2239 3660 2311">
    <p class='ocr_par' dir='ltr' id='par_1_64' title="bbox 2075 2239 3660 2311">
     <span class='ocr_line' id='line_1_64' title="bbox 2075 2239 3660 2311; baseline 0.004 -15"><span class='ocrx_word' id='word_1_476' title='bbox 2075 2256 2197 2296; x_wconf 88' lang='lat' dir='ltr'><strong>rum</strong></span> <span class='ocrx_word' id='word_1_477' title='bbox 2231 2240 2404 2296; x_wconf 80' lang='lat' dir='ltr'><strong>forma</strong></span> <span class='ocrx_word' id='word_1_478' title='bbox 2447 2240 2586 2296; x_wconf 87' lang='lat' dir='ltr'><strong>adeo</strong></span> <span class='ocrx_word' id='word_1_479' title='bbox 2613 2240 2914 2295; x_wconf 87' lang='lat' dir='ltr'><strong>diversum.</strong></span> <span class='ocrx_word' id='word_1_480' title='bbox 2964 2239 3087 2294; x_wconf 80' lang='lat' dir='ltr'><strong>Non</strong></span> <span class='ocrx_word' id='word_1_481' title='bbox 3121 2254 3252 2311; x_wconf 80' lang='lat' dir='ltr'><strong>ergo</strong></span> <span class='ocrx_word' id='word_1_482' title='bbox 3297 2241 3368 2296; x_wconf 86' lang='lat' dir='ltr'><strong>ad</strong></span> <span class='ocrx_word' id='word_1_483' title='bbox 3413 2240 3660 2303; x_wconf 79' lang='lat' dir='ltr'><strong>Heraclii</strong></span> 
     </span>
    </p>
   </div>
   <div class='ocr_carea' id='block_1_65' title="bbox 2076 2329 3664 2405">
    <p class='ocr_par' dir='ltr' id='par_1_65' title="bbox 2076 2329 3664 2405">
     <span class='ocr_line' id='line_1_65' title="bbox 2076 2329 3664 2405; baseline 0.002 -20"><span class='ocrx_word' id='word_1_484' title='bbox 2076 2339 2323 2401; x_wconf 81' lang='lat' dir='ltr'><strong>tempora</strong></span> <span class='ocrx_word' id='word_1_485' title='bbox 2379 2330 2791 2405; x_wconf 75' lang='lat' dir='ltr'><strong>bietaphrastes,</strong></span> <span class='ocrx_word' id='word_1_486' title='bbox 2847 2329 3134 2400; x_wconf 89' lang='lat' dir='ltr'><strong>scriptoris</strong></span> <span class='ocrx_word' id='word_1_487' title='bbox 3188 2330 3325 2386; x_wconf 79' lang='lat' dir='ltr'><strong>Vitae</strong></span> <span class='ocrx_word' id='word_1_488' title='bbox 3382 2332 3664 2402; x_wconf 78' lang='lat' dir='ltr'><strong>Alypianas</strong></span> 
     </span>
    </p>
   </div>
   <div class='ocr_carea' id='block_1_66' title="bbox 2078 2423 3660 2497">
    <p class='ocr_par' dir='ltr' id='par_1_66' title="bbox 2078 2423 3660 2497">
     <span class='ocr_line' id='line_1_66' title="bbox 2078 2423 3660 2497; baseline 0.001 -19"><span class='ocrx_word' id='word_1_489' title='bbox 2078 2423 2424 2490; x_wconf 86' lang='lat' dir='ltr'><strong>auctoritate,</strong></span> <span class='ocrx_word' id='word_1_490' title='bbox 2463 2439 2587 2494; x_wconf 73' lang='lat' dir='ltr'><strong>qua:</strong></span> <span class='ocrx_word' id='word_1_491' title='bbox 2619 2440 2716 2494; x_wconf 90' lang='lat' dir='ltr'><strong>per</strong></span> <span class='ocrx_word' id='word_1_492' title='bbox 2742 2423 3072 2494; x_wconf 80' lang='lat' dir='ltr'><strong>imperitiam</strong></span> <span class='ocrx_word' id='word_1_493' title='bbox 3101 2423 3279 2480; x_wconf 86' lang='lat' dir='ltr'><strong>eidem</strong></span> <span class='ocrx_word' id='word_1_494' title='bbox 3321 2425 3660 2497; x_wconf 75' lang='lat' dir='ltr'><strong>appingitur.</strong></span> 
     </span>
    </p>
   </div>
   <div class='ocr_carea' id='block_1_67' title="bbox 2078 2516 3662 2586">
    <p class='ocr_par' dir='ltr' id='par_1_67' title="bbox 2078 2516 3662 2586">
     <span class='ocr_line' id='line_1_67' title="bbox 2078 2516 3662 2586; baseline -0.001 -13"><span class='ocrx_word' id='word_1_495' title='bbox 2078 2516 2453 2575; x_wconf 85' lang='lat' dir='ltr'><strong>emendandus</strong></span> <span class='ocrx_word' id='word_1_496' title='bbox 2480 2525 2569 2572; x_wconf 89' lang='lat' dir='ltr'><strong>est</strong></span> <span class='ocrx_word' id='word_1_497' title='bbox 2587 2530 2760 2579; x_wconf 90' lang='lat' dir='ltr'><strong>error,</strong></span> <span class='ocrx_word' id='word_1_498' title='bbox 2800 2516 2894 2585; x_wconf 86' lang='lat' dir='ltr'><strong>qui</strong></span> <span class='ocrx_word' id='word_1_499' title='bbox 2934 2530 3232 2586; x_wconf 88' lang='lat' dir='ltr'><strong>paucorum</strong></span> <span class='ocrx_word' id='word_1_500' title='bbox 3257 2517 3468 2572; x_wconf 78' lang='lat' dir='ltr'><strong>animos</strong></span> <span class='ocrx_word' id='word_1_501' title='bbox 3490 2533 3662 2573; x_wconf 81' lang='lat' dir='ltr'><strong>occu-</strong></span> 
     </span>
    </p>
   </div>
   <div class='ocr_carea' id='block_1_68' title="bbox 2081 2606 3663 2682">
    <p class='ocr_par' dir='ltr' id='par_1_68' title="bbox 2081 2606 3663 2682">
     <span class='ocr_line' id='line_1_68' title="bbox 2081 2606 3663 2682; baseline -0.001 -18"><span class='ocrx_word' id='word_1_502' title='bbox 2081 2610 2251 2682; x_wconf 80' lang='lat' dir='ltr'><strong>pavit.</strong></span> <span class='ocrx_word' id='word_1_503' title='bbox 2312 2610 2487 2674; x_wconf 83' lang='lat' dir='ltr'><strong>Adde,</strong></span> <span class='ocrx_word' id='word_1_504' title='bbox 2553 2608 2600 2664; x_wconf 89' lang='lat' dir='ltr'><strong>si</strong></span> <span class='ocrx_word' id='word_1_505' title='bbox 2656 2608 2731 2663; x_wconf 85' lang='lat' dir='ltr'><strong>ita</strong></span> <span class='ocrx_word' id='word_1_506' title='bbox 2779 2609 3039 2679; x_wconf 86' lang='lat' dir='ltr'><strong>antiquus</strong></span> <span class='ocrx_word' id='word_1_507' title='bbox 3085 2606 3479 2680; x_wconf 74' lang='lat' dir='ltr'><strong>Metapbrastes</strong></span> <span class='ocrx_word' id='word_1_508' title='bbox 3526 2607 3663 2663; x_wconf 57' lang='lat' dir='ltr'><strong>fecit</strong></span> 
     </span>
    </p>
   </div>
   <div class='ocr_carea' id='block_1_69' title="bbox 2081 2702 3661 2773">
    <p class='ocr_par' dir='ltr' id='par_1_69' title="bbox 2081 2702 3661 2773">
     <span class='ocr_line' id='line_1_69' title="bbox 2081 2702 3661 2773; baseline 0 -17"><span class='ocrx_word' id='word_1_509' title='bbox 2081 2703 2422 2773; x_wconf 84' lang='lat' dir='ltr'><strong>potissimam</strong></span> <span class='ocrx_word' id='word_1_510' title='bbox 2494 2710 2811 2759; x_wconf 83' lang='lat' dir='ltr'><strong>sanctorum</strong></span> <span class='ocrx_word' id='word_1_511' title='bbox 2869 2702 3117 2760; x_wconf 85' lang='lat' dir='ltr'><strong>Vitarum</strong></span> <span class='ocrx_word' id='word_1_512' title='bbox 3193 2712 3402 2773; x_wconf 70' lang='lat' dir='ltr'><strong>partem</strong></span> <span class='ocrx_word' id='word_1_513' title='bbox 3432 2740 3447 2763; x_wconf 92' lang='lat'><strong>,</strong></span> <span class='ocrx_word' id='word_1_514' title='bbox 3520 2716 3661 2770; x_wconf 81' lang='lat' dir='ltr'><strong>quas</strong></span> 
     </span>
    </p>
   </div>
   <div class='ocr_carea' id='block_1_70' title="bbox 2084 2792 3655 2866">
    <p class='ocr_par' dir='ltr' id='par_1_70' title="bbox 2084 2792 3655 2866">
     <span class='ocr_line' id='line_1_70' title="bbox 2084 2792 3655 2866; baseline -0.005 -14"><span class='ocrx_word' id='word_1_515' title='bbox 2084 2807 2287 2852; x_wconf 37' lang='lat' dir='ltr'><strong>tamen,</strong></span> <span class='ocrx_word' id='word_1_516' title='bbox 2320 2795 2465 2849; x_wconf 84' lang='lat' dir='ltr'><strong>illius</strong></span> <span class='ocrx_word' id='word_1_517' title='bbox 2516 2809 2643 2850; x_wconf 87' lang='lat' dir='ltr'><strong>esse</strong></span> <span class='ocrx_word' id='word_1_518' title='bbox 2682 2794 2952 2866; x_wconf 74' lang='lat' dir='ltr'><strong>legitimas</strong></span> <span class='ocrx_word' id='word_1_519' title='bbox 2987 2803 3140 2848; x_wconf 78' lang='lat' dir='ltr'><strong>certo</strong></span> <span class='ocrx_word' id='word_1_520' title='bbox 3192 2792 3372 2847; x_wconf 74' lang='lat' dir='ltr'><strong>sciant</strong></span> <span class='ocrx_word' id='word_1_521' title='bbox 3441 2804 3655 2856; x_wconf 83' lang='lat' dir='ltr'><strong>omnes,</strong></span> 
     </span>
    </p>
   </div>
   <div class='ocr_carea' id='block_1_71' title="bbox 2085 2882 3656 2958">
    <p class='ocr_par' dir='ltr' id='par_1_71' title="bbox 2085 2882 3656 2958">
     <span class='ocr_line' id='line_1_71' title="bbox 2085 2882 3656 2958; baseline -0.003 -14"><span class='ocrx_word' id='word_1_522' title='bbox 2085 2897 2339 2958; x_wconf 85' lang='lat' dir='ltr'><strong>tanquam</strong></span> <span class='ocrx_word' id='word_1_523' title='bbox 2396 2886 2475 2941; x_wconf 89' lang='lat' dir='ltr'><strong>illi</strong></span> <span class='ocrx_word' id='word_1_524' title='bbox 2540 2885 2907 2958; x_wconf 79' lang='lat' dir='ltr'><strong>nugacissime</strong></span> <span class='ocrx_word' id='word_1_525' title='bbox 2958 2884 3255 2956; x_wconf 85' lang='lat' dir='ltr'><strong>appiotam,</strong></span> <span class='ocrx_word' id='word_1_526' title='bbox 3304 2882 3656 2953; x_wconf 78' lang='lat' dir='ltr'><strong>rejiciendam</strong></span> 
     </span>
    </p>
   </div>
   <div class='ocr_carea' id='block_1_72' title="bbox 2084 2974 3661 3055">
    <p class='ocr_par' dir='ltr' id='par_1_72' title="bbox 2084 2974 3661 3055">
     <span class='ocr_line' id='line_1_72' title="bbox 2084 2974 3661 3055; baseline -0.003 -20"><span class='ocrx_word' id='word_1_527' title='bbox 2084 2994 2205 3035; x_wconf 89' lang='lat' dir='ltr'><strong>esse</strong></span> <span class='ocrx_word' id='word_1_528' title='bbox 2261 2988 2516 3049; x_wconf 80' lang='lat' dir='ltr'><strong>tanquam</strong></span> <span class='ocrx_word' id='word_1_529' title='bbox 2576 2976 2820 3047; x_wconf 88' lang='lat' dir='ltr'><strong>spuriam</strong></span> <span class='ocrx_word' id='word_1_530' title='bbox 2850 3016 2873 3055; x_wconf 50' lang='grc' dir='ltr'>ε</span> <span class='ocrx_word' id='word_1_531' title='bbox 2962 2975 3483 3047; x_wconf 54' lang='lat' dir='ltr'><strong>investigandosqu</strong></span> <span class='ocrx_word' id='word_1_532' title='bbox 3518 2974 3661 3033; x_wconf 82' lang='lat' dir='ltr'><strong>alios</strong></span> 
     </span>
    </p>
   </div>
   <div class='ocr_carea' id='block_1_73' title="bbox 2084 3067 3661 3140">
    <p class='ocr_par' dir='ltr' id='par_1_73' title="bbox 2084 3067 3661 3140">
     <span class='ocr_line' id='line_1_73' title="bbox 2084 3067 3661 3140; baseline -0.003 -14"><span class='ocrx_word' id='word_1_533' title='bbox 2084 3085 2275 3126; x_wconf 86' lang='lat' dir='ltr'><strong>earum</strong></span> <span class='ocrx_word' id='word_1_534' title='bbox 2308 3078 2588 3127; x_wconf 82' lang='lat' dir='ltr'><strong>auctores.</strong></span> <span class='ocrx_word' id='word_1_535' title='bbox 2618 3069 2904 3140; x_wconf 76' lang='lat' dir='ltr'><strong>indignum</strong></span> <span class='ocrx_word' id='word_1_536' title='bbox 2953 3083 3086 3126; x_wconf 76' lang='lat' dir='ltr'><strong>sane</strong></span> <span class='ocrx_word' id='word_1_537' title='bbox 3123 3067 3357 3133; x_wconf 82' lang='lat' dir='ltr'><strong>facinus,</strong></span> <span class='ocrx_word' id='word_1_538' title='bbox 3392 3067 3661 3123; x_wconf 76' lang='lat' dir='ltr'><strong>titullum-</strong></span> 
     </span>
    </p>
   </div>
   <div class='ocr_carea' id='block_1_74' title="bbox 2084 3157 3659 3230">
    <p class='ocr_par' dir='ltr' id='par_1_74' title="bbox 2084 3157 3659 3230">
     <span class='ocr_line' id='line_1_74' title="bbox 2084 3157 3659 3230; baseline 0 -15"><span class='ocrx_word' id='word_1_539' title='bbox 2084 3175 2191 3228; x_wconf 82' lang='lat' dir='ltr'><strong>que</strong></span> <span class='ocrx_word' id='word_1_540' title='bbox 2238 3160 2382 3215; x_wconf 90' lang='lat' dir='ltr'><strong>inter</strong></span> <span class='ocrx_word' id='word_1_541' title='bbox 2411 3161 2533 3230; x_wconf 89' lang='lat' dir='ltr'><strong>pios</strong></span> <span class='ocrx_word' id='word_1_542' title='bbox 2587 3159 2840 3215; x_wconf 87' lang='lat' dir='ltr'><strong>homines</strong></span> <span class='ocrx_word' id='word_1_543' title='bbox 2866 3158 3287 3230; x_wconf 81' lang='lat' dir='ltr'><strong>deplorandum.</strong></span> <span class='ocrx_word' id='word_1_544' title='bbox 3336 3157 3659 3215; x_wconf 76' lang='lat' dir='ltr'><strong>Diﬂleillima</strong></span> 
     </span>
    </p>
   </div>
   <div class='ocr_carea' id='block_1_75' title="bbox 2085 3250 3659 3326">
    <p class='ocr_par' dir='ltr' id='par_1_75' title="bbox 2085 3250 3659 3326">
     <span class='ocr_line' id='line_1_75' title="bbox 2085 3250 3659 3326; baseline 0.001 -17"><span class='ocrx_word' id='word_1_545' title='bbox 2085 3267 2323 3326; x_wconf 83' lang='lat' dir='ltr'><strong>namque</strong></span> <span class='ocrx_word' id='word_1_546' title='bbox 2382 3251 2641 3309; x_wconf 71' lang='lat' dir='ltr'><strong>Ecclesia:</strong></span> <span class='ocrx_word' id='word_1_547' title='bbox 2698 3261 2942 3322; x_wconf 87' lang='lat' dir='ltr'><strong>tempora</strong></span> <span class='ocrx_word' id='word_1_548' title='bbox 2973 3293 2987 3318; x_wconf 89' lang='lat'><strong>,</strong></span> <span class='ocrx_word' id='word_1_549' title='bbox 3047 3250 3216 3307; x_wconf 85' lang='lat' dir='ltr'><strong>variis</strong></span> <span class='ocrx_word' id='word_1_550' title='bbox 3275 3250 3659 3313; x_wconf 68' lang='lat' dir='ltr'><strong>haereticorum</strong></span> 
     </span>
    </p>
   </div>
   <div class='ocr_carea' id='block_1_76' title="bbox 2085 3345 3665 3420">
    <p class='ocr_par' dir='ltr' id='par_1_76' title="bbox 2085 3345 3665 3420">
     <span class='ocr_line' id='line_1_76' title="bbox 2085 3345 3665 3420; baseline -0.003 -15"><span class='ocrx_word' id='word_1_551' title='bbox 2085 3349 2268 3420; x_wconf 77' lang='lat' dir='ltr'><strong>nugis,</strong></span> <span class='ocrx_word' id='word_1_552' title='bbox 2298 3362 2363 3402; x_wconf 87' lang='lat' dir='ltr'><strong>ac</strong></span> <span class='ocrx_word' id='word_1_553' title='bbox 2426 3356 2782 3418; x_wconf 76' lang='lat' dir='ltr'><strong>tyrannorum</strong></span> <span class='ocrx_word' id='word_1_554' title='bbox 2815 3345 3084 3403; x_wconf 81' lang='lat' dir='ltr'><strong>machinis</strong></span> <span class='ocrx_word' id='word_1_555' title='bbox 3138 3359 3238 3416; x_wconf 76' lang='lat' dir='ltr'><strong>per</strong></span> <span class='ocrx_word' id='word_1_556' title='bbox 3268 3345 3378 3403; x_wconf 85' lang='lat' dir='ltr'><strong>vim</strong></span> <span class='ocrx_word' id='word_1_557' title='bbox 3418 3354 3475 3399; x_wconf 88' lang='lat' dir='ltr'><strong>et</strong></span> <span class='ocrx_word' id='word_1_558' title='bbox 3507 3346 3665 3401; x_wconf 82' lang='lat' dir='ltr'><strong>nefas</strong></span> 
     </span>
    </p>
   </div>
   <div class='ocr_carea' id='block_1_77' title="bbox 2086 3434 3662 3519">
    <p class='ocr_par' dir='ltr' id='par_1_77' title="bbox 2086 3434 3662 3519">
     <span class='ocr_line' id='line_1_77' title="bbox 2086 3434 3662 3519; baseline -0.003 -22"><span class='ocrx_word' id='word_1_559' title='bbox 2086 3439 2428 3504; x_wconf 85' lang='lat' dir='ltr'><strong>conturbata,</strong></span> <span class='ocrx_word' id='word_1_560' title='bbox 2461 3454 2583 3509; x_wconf 62' lang='lat' dir='ltr'><strong>qua</strong></span> <span class='ocrx_word' id='word_1_561' title='bbox 2625 3438 2694 3493; x_wconf 85' lang='lat' dir='ltr'><strong>ab</strong></span> <span class='ocrx_word' id='word_1_562' title='bbox 2720 3447 2879 3495; x_wconf 74' lang='lat' dir='ltr'><strong>astate</strong></span> <span class='ocrx_word' id='word_1_563' title='bbox 2919 3434 3154 3491; x_wconf 81' lang='lat' dir='ltr'><strong>Heraclii</strong></span> <span class='ocrx_word' id='word_1_564' title='bbox 3209 3452 3307 3511; x_wconf 86' lang='lat' dir='ltr'><strong>per</strong></span> <span class='ocrx_word' id='word_1_565' title='bbox 3349 3452 3524 3519; x_wconf 78' lang='lat' dir='ltr'><strong>annos</strong></span> <span class='ocrx_word' id='word_1_566' title='bbox 3553 3436 3662 3495; x_wconf 81' lang='lat'><strong>500</strong></span> 
     </span>
    </p>
   </div>
   <div class='ocr_carea' id='block_1_78' title="bbox 2083 3529 3662 3599">
    <p class='ocr_par' dir='ltr' id='par_1_78' title="bbox 2083 3529 3662 3599">
     <span class='ocr_line' id='line_1_78' title="bbox 2083 3529 3662 3599; baseline -0.001 -9"><span class='ocrx_word' id='word_1_567' title='bbox 2083 3541 2142 3590; x_wconf 85' lang='lat' dir='ltr'><strong>et</strong></span> <span class='ocrx_word' id='word_1_568' title='bbox 2200 3532 2331 3588; x_wconf 85' lang='lat' dir='ltr'><strong>inde</strong></span> <span class='ocrx_word' id='word_1_569' title='bbox 2383 3539 2727 3596; x_wconf 78' lang='lat' dir='ltr'><strong>excurrunt,</strong></span> <span class='ocrx_word' id='word_1_570' title='bbox 2764 3539 2822 3585; x_wconf 87' lang='lat' dir='ltr'><strong>et</strong></span> <span class='ocrx_word' id='word_1_571' title='bbox 2867 3529 3302 3599; x_wconf 70' lang='lat' dir='ltr'><strong>praeclarissimis</strong></span> <span class='ocrx_word' id='word_1_572' title='bbox 3343 3540 3662 3588; x_wconf 66' lang='lat' dir='ltr'><strong>saltatorem</strong></span> 
     </span>
    </p>
   </div>
   <div class='ocr_carea' id='block_1_79' title="bbox 2084 3621 3663 3693">
    <p class='ocr_par' dir='ltr' id='par_1_79' title="bbox 2084 3621 3663 3693">
     <span class='ocr_line' id='line_1_79' title="bbox 2084 3621 3663 3693; baseline -0.004 -8"><span class='ocrx_word' id='word_1_573' title='bbox 2084 3627 2353 3685; x_wconf 79' lang='lat' dir='ltr'><strong>doctrinis</strong></span> <span class='ocrx_word' id='word_1_574' title='bbox 2376 3640 2441 3680; x_wconf 86' lang='lat' dir='ltr'><strong>ac</strong></span> <span class='ocrx_word' id='word_1_575' title='bbox 2464 3623 2728 3681; x_wconf 80' lang='lat' dir='ltr'><strong>institutis</strong></span> <span class='ocrx_word' id='word_1_576' title='bbox 2771 3623 3087 3683; x_wconf 75' lang='lat' dir='ltr'><strong>collustrata</strong></span> <span class='ocrx_word' id='word_1_577' title='bbox 3118 3623 3222 3678; x_wconf 82' lang='lat' dir='ltr'><strong>hac</strong></span> <span class='ocrx_word' id='word_1_578' title='bbox 3249 3621 3535 3693; x_wconf 82' lang='lat' dir='ltr'><strong>Symeonis</strong></span> <span class='ocrx_word' id='word_1_579' title='bbox 3558 3637 3663 3679; x_wconf 85' lang='lat' dir='ltr'><strong>an-</strong></span> 
     </span>
    </p>
   </div>
   <div class='ocr_carea' id='block_1_80' title="bbox 2090 3713 3661 3790">
    <p class='ocr_par' dir='ltr' id='par_1_80' title="bbox 2090 3713 3661 3790">
     <span class='ocr_line' id='line_1_80' title="bbox 2090 3713 3661 3790; baseline -0.006 -15"><span class='ocrx_word' id='word_1_580' title='bbox 2090 3719 2361 3790; x_wconf 75' lang='lat' dir='ltr'><strong>tiquitate,</strong></span> <span class='ocrx_word' id='word_1_581' title='bbox 2405 3716 2527 3774; x_wconf 84' lang='lat' dir='ltr'><strong>sine</strong></span> <span class='ocrx_word' id='word_1_582' title='bbox 2557 3716 2696 3772; x_wconf 84' lang='lat' dir='ltr'><strong>certi</strong></span> <span class='ocrx_word' id='word_1_583' title='bbox 2747 3713 3030 3785; x_wconf 83' lang='lat' dir='ltr'><strong>scriptoris</strong></span> <span class='ocrx_word' id='word_1_584' title='bbox 3071 3714 3262 3769; x_wconf 82' lang='lat' dir='ltr'><strong>notitia</strong></span> <span class='ocrx_word' id='word_1_585' title='bbox 3314 3714 3661 3771; x_wconf 79' lang='lat' dir='ltr'><strong>vilescerent.</strong></span> 
     </span>
    </p>
   </div>
   <div class='ocr_carea' id='block_1_81' title="bbox 2161 3802 3666 3864">
    <p class='ocr_par' dir='ltr' id='par_1_81' title="bbox 2161 3802 3666 3864">
     <span class='ocr_line' id='line_1_81' title="bbox 2161 3802 3666 3864; baseline 0 -2"><span class='ocrx_word' id='word_1_586' title='bbox 2161 3805 2337 3864; x_wconf 77' lang='lat' dir='ltr'><strong>Minus</strong></span> <span class='ocrx_word' id='word_1_587' title='bbox 2390 3804 2733 3861; x_wconf 83' lang='lat' dir='ltr'><strong>considerate</strong></span> <span class='ocrx_word' id='word_1_588' title='bbox 2767 3805 2984 3863; x_wconf 69' lang='lat' dir='ltr'><strong>locutus</strong></span> <span class='ocrx_word' id='word_1_589' title='bbox 3015 3811 3100 3858; x_wconf 85' lang='lat' dir='ltr'><strong>est</strong></span> <span class='ocrx_word' id='word_1_590' title='bbox 3146 3802 3387 3860; x_wconf 76' lang='lat' dir='ltr'><strong>Joannes</strong></span> <span class='ocrx_word' id='word_1_591' title='bbox 3421 3803 3666 3862; x_wconf 80' lang='lat' dir='ltr'><strong>Molanus</strong></span> 
     </span>
    </p>
   </div>
   <div class='ocr_carea' id='block_1_82' title="bbox 2088 3894 3665 3968">
    <p class='ocr_par' dir='ltr' id='par_1_82' title="bbox 2088 3894 3665 3968">
     <span class='ocr_line' id='line_1_82' title="bbox 2088 3894 3665 3968; baseline 0.001 -13"><span class='ocrx_word' id='word_1_592' title='bbox 2088 3901 2159 3955; x_wconf 85' lang='lat' dir='ltr'><strong>ad</strong></span> <span class='ocrx_word' id='word_1_593' title='bbox 2210 3898 2276 3952; x_wconf 77' lang='grc'><strong>13</strong></span> <span class='ocrx_word' id='word_1_594' title='bbox 2327 3897 2448 3955; x_wconf 84' lang='lat' dir='ltr'><strong>Maii</strong></span> <span class='ocrx_word' id='word_1_595' title='bbox 2484 3898 2539 3951; x_wconf 82' lang='lat' dir='ltr'><strong>in</strong></span> <span class='ocrx_word' id='word_1_596' title='bbox 2572 3896 2963 3968; x_wconf 70' lang='lat' dir='ltr'><strong>uartyrologio.</strong></span> <span class='ocrx_word' id='word_1_597' title='bbox 2998 3894 3548 3964; x_wconf 70' lang='lat' dir='ltr'><strong>Usuardi,-‘adnotans</strong></span> <span class='ocrx_word' id='word_1_598' title='bbox 3596 3913 3665 3956; x_wconf 75' lang='lat' dir='ltr'><strong>ex</strong></span> 
     </span>
    </p>
   </div>
   <div class='ocr_carea' id='block_1_83' title="bbox 2091 3990 3667 4062">
    <p class='ocr_par' dir='ltr' id='par_1_83' title="bbox 2091 3990 3667 4062">
     <span class='ocr_line' id='line_1_83' title="bbox 2091 3990 3667 4062; baseline 0 -14"><span class='ocrx_word' id='word_1_599' title='bbox 2091 3992 2265 4053; x_wconf 70' lang='grc' dir='ltr'><strong>τοωο</strong></span> <span class='ocrx_word' id='word_1_600' title='bbox 2322 3990 2393 4046; x_wconf 86' lang='lat' dir='ltr'><strong>Vl</strong></span> <span class='ocrx_word' id='word_1_601' title='bbox 2446 3990 2729 4062; x_wconf 81' lang='lat' dir='ltr'><strong>Lipomani</strong></span> <span class='ocrx_word' id='word_1_602' title='bbox 2762 4031 2777 4054; x_wconf 91' lang='lat'><strong>,</strong></span> <span class='ocrx_word' id='word_1_603' title='bbox 2847 3990 3267 4061; x_wconf 76' lang='lat' dir='ltr'><strong>Metapbrastem</strong></span> <span class='ocrx_word' id='word_1_604' title='bbox 3326 3992 3667 4061; x_wconf 70' lang='lat' dir='ltr'><strong>excerpsisse</strong></span> 
     </span>
    </p>
   </div>
   <div class='ocr_carea' id='block_1_84' title="bbox 2090 4080 3666 4155">
    <p class='ocr_par' dir='ltr' id='par_1_84' title="bbox 2090 4080 3666 4155">
     <span class='ocr_line' id='line_1_84' title="bbox 2090 4080 3666 4155; baseline -0.001 -16"><span class='ocrx_word' id='word_1_605' title='bbox 2090 4083 2386 4141; x_wconf 82' lang='lat' dir='ltr'><strong>Historiam</strong></span> <span class='ocrx_word' id='word_1_606' title='bbox 2431 4085 2558 4139; x_wconf 70' lang='lat' dir='ltr'><strong>vitae</strong></span> <span class='ocrx_word' id='word_1_607' title='bbox 2583 4082 2755 4138; x_wconf 82' lang='lat' dir='ltr'><strong>sancti</strong></span> <span class='ocrx_word' id='word_1_608' title='bbox 2797 4080 3083 4152; x_wconf 78' lang='lat' dir='ltr'><strong>Epiphanii</strong></span> <span class='ocrx_word' id='word_1_609' title='bbox 3120 4081 3456 4139; x_wconf 70' lang='lat' dir='ltr'><strong>Constantia:</strong></span> <span class='ocrx_word' id='word_1_610' title='bbox 3502 4082 3666 4155; x_wconf 78' lang='lat' dir='ltr'><strong>Cypri</strong></span> 
     </span>
    </p>
   </div>
   <div class='ocr_carea' id='block_1_85' title="bbox 2092 4172 3665 4251">
    <p class='ocr_par' dir='ltr' id='par_1_85' title="bbox 2092 4172 3665 4251">
     <span class='ocr_line' id='line_1_85' title="bbox 2092 4172 3665 4251; baseline -0.006 -15"><span class='ocrx_word' id='word_1_611' title='bbox 2092 4178 2367 4251; x_wconf 81' lang='lat' dir='ltr'><strong>episeOpi,</strong></span> <span class='ocrx_word' id='word_1_612' title='bbox 2399 4192 2466 4233; x_wconf 76' lang='lat' dir='ltr'><strong>ex</strong></span> <span class='ocrx_word' id='word_1_613' title='bbox 2494 4191 2628 4233; x_wconf 87' lang='lat' dir='ltr'><strong>voce</strong></span> <span class='ocrx_word' id='word_1_614' title='bbox 2657 4186 2710 4232; x_wconf 88' lang='lat' dir='ltr'><strong>et</strong></span> <span class='ocrx_word' id='word_1_615' title='bbox 2752 4176 2926 4231; x_wconf 86' lang='lat' dir='ltr'><strong>relatu</strong></span> <span class='ocrx_word' id='word_1_616' title='bbox 2970 4172 3201 4233; x_wconf 75' lang='lat' dir='ltr'><strong>Joannis</strong></span> <span class='ocrx_word' id='word_1_617' title='bbox 3241 4175 3360 4245; x_wconf 75' lang='lat' dir='ltr'><strong>ejus</strong></span> <span class='ocrx_word' id='word_1_618' title='bbox 3390 4176 3665 4245; x_wconf 75' lang='lat' dir='ltr'><strong>discipuli,</strong></span> 
     </span>
    </p>
   </div>
   <div class='ocr_carea' id='block_1_86' title="bbox 2092 4265 3668 4344">
    <p class='ocr_par' dir='ltr' id='par_1_86' title="bbox 2092 4265 3668 4344">
     <span class='ocr_line' id='line_1_86' title="bbox 2092 4265 3668 4344; baseline -0.003 -17"><span class='ocrx_word' id='word_1_619' title='bbox 2092 4271 2185 4344; x_wconf 89' lang='lat' dir='ltr'><strong>qui</strong></span> <span class='ocrx_word' id='word_1_620' title='bbox 2240 4270 2607 4341; x_wconf 68' lang='lat' dir='ltr'><strong>bietapbraste</strong></span> <span class='ocrx_word' id='word_1_621' title='bbox 2660 4269 2848 4340; x_wconf 89' lang='lat' dir='ltr'><strong>(etiam</strong></span> <span class='ocrx_word' id='word_1_622' title='bbox 2899 4267 3018 4338; x_wconf 88' lang='lat' dir='ltr'><strong>ipso</strong></span> <span class='ocrx_word' id='word_1_623' title='bbox 3047 4265 3338 4337; x_wconf 83' lang='lat' dir='ltr'><strong>Heraclio)</strong></span> <span class='ocrx_word' id='word_1_624' title='bbox 3390 4266 3668 4341; x_wconf 80' lang='lat' dir='ltr'><strong>antiquior</strong></span> 
     </span>
    </p>
   </div>
   <div class='ocr_carea' id='block_1_87' title="bbox 2096 4356 3667 4431">
    <p class='ocr_par' dir='ltr' id='par_1_87' title="bbox 2096 4356 3667 4431">
     <span class='ocr_line' id='line_1_87' title="bbox 2096 4356 3667 4431; baseline -0.003 -11"><span class='ocrx_word' id='word_1_625' title='bbox 2096 4372 2201 4426; x_wconf 85' lang='lat' dir='ltr'><strong>est,</strong></span> <span class='ocrx_word' id='word_1_626' title='bbox 2245 4362 2491 4431; x_wconf 77' lang='lat' dir='ltr'><strong>vixitque</strong></span> <span class='ocrx_word' id='word_1_627' title='bbox 2549 4359 2693 4415; x_wconf 87' lang='lat' dir='ltr'><strong>circa</strong></span> <span class='ocrx_word' id='word_1_628' title='bbox 2734 4373 2942 4413; x_wconf 88' lang='lat' dir='ltr'><strong>annum</strong></span> <span class='ocrx_word' id='word_1_629' title='bbox 2974 4356 3180 4412; x_wconf 81' lang='lat' dir='ltr'><strong>Christi</strong></span> <span class='ocrx_word' id='word_1_630' title='bbox 3212 4357 3339 4422; x_wconf 69' lang='lat'><strong>430,</strong></span> <span class='ocrx_word' id='word_1_631' title='bbox 3374 4358 3462 4415; x_wconf 80' lang='lat' dir='ltr'><strong>vel</strong></span> <span class='ocrx_word' id='word_1_632' title='bbox 3506 4359 3667 4427; x_wconf 81' lang='lat' dir='ltr'><strong>paulo</strong></span> 
     </span>
    </p>
   </div>
   <div class='ocr_carea' id='block_1_88' title="bbox 415 4450 3669 4528">
    <p class='ocr_par' dir='ltr' id='par_1_88' title="bbox 415 4450 3669 4528">
     <span class='ocr_line' id='line_1_88' title="bbox 415 4450 3669 4528; baseline -0.002 -15"><span class='ocrx_word' id='word_1_633' title='bbox 415 4472 509 4513; x_wconf 83' lang='lat' dir='ltr'><strong>res</strong></span> <span class='ocrx_word' id='word_1_634' title='bbox 541 4455 700 4512; x_wconf 88' lang='lat' dir='ltr'><strong>nobis</strong></span> <span class='ocrx_word' id='word_1_635' title='bbox 741 4455 902 4511; x_wconf 81' lang='lat' dir='ltr'><strong>Pselli</strong></span> <span class='ocrx_word' id='word_1_636' title='bbox 930 4456 1277 4528; x_wconf 71' lang='lat' dir='ltr'><strong>contingendi</strong></span> <span class='ocrx_word' id='word_1_637' title='bbox 1330 4464 1491 4514; x_wconf 83' lang='lat' dir='ltr'><strong>sunt:</strong></span> <span class='ocrx_word' id='word_1_638' title='bbox 1529 4464 1727 4527; x_wconf 69' lang='lat' dir='ltr'><strong>praeter</strong></span> <span class='ocrx_word' id='word_1_639' title='bbox 1753 4455 1897 4513; x_wconf 89' lang='lat' dir='ltr'><strong>enim</strong></span> <span class='ocrx_word' id='word_1_640' title='bbox 1932 4456 1987 4513; x_wconf 90' lang='lat' dir='ltr'><strong>in</strong></span> <span class='ocrx_word' id='word_1_641' title='bbox 2018 4463 2065 4524; x_wconf 88' lang='lat' dir='ltr'><strong>D</strong></span> <span class='ocrx_word' id='word_1_642' title='bbox 2091 4456 2254 4515; x_wconf 69' lang='lat' dir='ltr'><strong>inira.</strong></span> <span class='ocrx_word' id='word_1_643' title='bbox 2284 4454 2390 4512; x_wconf 88' lang='lat' dir='ltr'><strong>Sed</strong></span> <span class='ocrx_word' id='word_1_644' title='bbox 2417 4452 2619 4511; x_wconf 83' lang='lat' dir='ltr'><strong>Molani</strong></span> <span class='ocrx_word' id='word_1_645' title='bbox 2639 4450 3100 4508; x_wconf 82' lang='lat' dir='ltr'><strong>inconsiderantia</strong></span> <span class='ocrx_word' id='word_1_646' title='bbox 3127 4465 3192 4506; x_wconf 78' lang='lat' dir='ltr'><strong>ex</strong></span> <span class='ocrx_word' id='word_1_647' title='bbox 3225 4450 3336 4517; x_wconf 83' lang='lat' dir='ltr'><strong>his,</strong></span> <span class='ocrx_word' id='word_1_648' title='bbox 3363 4466 3485 4525; x_wconf 71' lang='lat' dir='ltr'><strong>qua:</strong></span> <span class='ocrx_word' id='word_1_649' title='bbox 3505 4466 3669 4521; x_wconf 82' lang='lat' dir='ltr'><strong>supra</strong></span> 
     </span>
    </p>
   </div>
   <div class='ocr_carea' id='block_1_89' title="bbox 417 4545 1991 4619">
    <p class='ocr_par' dir='ltr' id='par_1_89' title="bbox 417 4545 1991 4619">
     <span class='ocr_line' id='line_1_89' title="bbox 417 4545 1991 4619; baseline -0.001 -14"><span class='ocrx_word' id='word_1_650' title='bbox 417 4548 657 4605; x_wconf 83' lang='lat' dir='ltr'><strong>Diatriba</strong></span> <span class='ocrx_word' id='word_1_651' title='bbox 690 4564 809 4603; x_wconf 85' lang='lat' dir='ltr'><strong>mea</strong></span> <span class='ocrx_word' id='word_1_652' title='bbox 841 4549 1161 4614; x_wconf 84' lang='lat' dir='ltr'><strong>recensitos,</strong></span> <span class='ocrx_word' id='word_1_653' title='bbox 1185 4546 1300 4619; x_wconf 84' lang='lat' dir='ltr'><strong>jam</strong></span> <span class='ocrx_word' id='word_1_654' title='bbox 1326 4547 1430 4602; x_wconf 89' lang='lat' dir='ltr'><strong>erit</strong></span> <span class='ocrx_word' id='word_1_655' title='bbox 1462 4545 1600 4601; x_wconf 86' lang='lat' dir='ltr'><strong>alius</strong></span> <span class='ocrx_word' id='word_1_656' title='bbox 1621 4545 1864 4604; x_wconf 85' lang='lat' dir='ltr'><strong>omnium</strong></span> <span class='ocrx_word' id='word_1_657' title='bbox 1891 4562 1991 4603; x_wconf 87' lang='lat' dir='ltr'><strong>an-</strong></span> 
     </span>
    </p>
   </div>
   <div class='ocr_carea' id='block_1_90' title="bbox 419 4636 1992 4713">
    <p class='ocr_par' dir='ltr' id='par_1_90' title="bbox 419 4636 1992 4713">
     <span class='ocr_line' id='line_1_90' title="bbox 419 4636 1992 4713; baseline -0.002 -14"><span class='ocrx_word' id='word_1_658' title='bbox 419 4640 781 4711; x_wconf 85' lang='lat' dir='ltr'><strong>tiquissimus,</strong></span> <span class='ocrx_word' id='word_1_659' title='bbox 813 4640 904 4713; x_wconf 89' lang='lat' dir='ltr'><strong>qui</strong></span> <span class='ocrx_word' id='word_1_660' title='bbox 964 4654 1074 4694; x_wconf 92' lang='lat' dir='ltr'><strong>non</strong></span> <span class='ocrx_word' id='word_1_661' title='bbox 1122 4639 1295 4696; x_wconf 91' lang='lat' dir='ltr'><strong>multo</strong></span> <span class='ocrx_word' id='word_1_662' title='bbox 1342 4636 1589 4695; x_wconf 75' lang='lat' dir='ltr'><strong>Heraclio</strong></span> <span class='ocrx_word' id='word_1_663' title='bbox 1626 4638 1898 4710; x_wconf 82' lang='lat' dir='ltr'><strong>posterior</strong></span> <span class='ocrx_word' id='word_1_664' title='bbox 1939 4638 1992 4697; x_wconf 83' lang='lat' dir='ltr'><strong>in</strong></span> 
     </span>
    </p>
   </div>
   <div class='ocr_carea' id='block_1_91' title="bbox 421 4731 1995 4805">
    <p class='ocr_par' dir='ltr' id='par_1_91' title="bbox 421 4731 1995 4805">
     <span class='ocr_line' id='line_1_91' title="bbox 421 4731 1995 4805; baseline -0.001 -17"><span class='ocrx_word' id='word_1_665' title='bbox 421 4733 842 4804; x_wconf 79' lang='lat' dir='ltr'><strong>Metaphrastem</strong></span> <span class='ocrx_word' id='word_1_666' title='bbox 877 4734 1074 4799; x_wconf 85' lang='lat' dir='ltr'><strong>oravit,</strong></span> <span class='ocrx_word' id='word_1_667' title='bbox 1115 4732 1335 4803; x_wconf 87' lang='lat' dir='ltr'><strong>quando</strong></span> <span class='ocrx_word' id='word_1_668' title='bbox 1365 4731 1458 4803; x_wconf 91' lang='lat' dir='ltr'><strong>qui</strong></span> <span class='ocrx_word' id='word_1_669' title='bbox 1492 4746 1604 4805; x_wconf 80' lang='lat' dir='ltr'><strong>prae</strong></span> <span class='ocrx_word' id='word_1_670' title='bbox 1632 4731 1884 4786; x_wconf 87' lang='lat' dir='ltr'><strong>manibus</strong></span> <span class='ocrx_word' id='word_1_671' title='bbox 1912 4740 1995 4788; x_wconf 85' lang='lat' dir='ltr'><strong>est</strong></span> 
     </span>
    </p>
   </div>
   <div class='ocr_carea' id='block_1_92' title="bbox 420 4822 1995 4895">
    <p class='ocr_par' dir='ltr' id='par_1_92' title="bbox 420 4822 1995 4895">
     <span class='ocr_line' id='line_1_92' title="bbox 420 4822 1995 4895; baseline -0.003 -13"><span class='ocrx_word' id='word_1_672' title='bbox 420 4824 631 4888; x_wconf 81' lang='lat' dir='ltr'><strong>Psellus</strong></span> <span class='ocrx_word' id='word_1_673' title='bbox 663 4826 719 4880; x_wconf 92' lang='lat' dir='ltr'><strong>in</strong></span> <span class='ocrx_word' id='word_1_674' title='bbox 748 4823 1175 4895; x_wconf 80' lang='lat' dir='ltr'><strong>Mctaplirastem</strong></span> <span class='ocrx_word' id='word_1_675' title='bbox 1207 4822 1430 4889; x_wconf 77' lang='lat' dir='ltr'><strong>referat,</strong></span> <span class='ocrx_word' id='word_1_676' title='bbox 1468 4838 1590 4880; x_wconf 87' lang='lat' dir='ltr'><strong>sese</strong></span> <span class='ocrx_word' id='word_1_677' title='bbox 1631 4823 1787 4894; x_wconf 88' lang='lat' dir='ltr'><strong>plura</strong></span> <span class='ocrx_word' id='word_1_678' title='bbox 1813 4823 1881 4878; x_wconf 85' lang='lat' dir='ltr'><strong>de</strong></span> <span class='ocrx_word' id='word_1_679' title='bbox 1903 4823 1995 4881; x_wconf 92' lang='lat' dir='ltr'><strong>illo</strong></span> 
     </span>
    </p>
   </div>
   <div class='ocr_carea' id='block_1_93' title="bbox 420 4916 1993 4989">
    <p class='ocr_par' dir='ltr' id='par_1_93' title="bbox 420 4916 1993 4989">
     <span class='ocr_line' id='line_1_93' title="bbox 420 4916 1993 4989; baseline -0.003 -16"><span class='ocrx_word' id='word_1_680' title='bbox 420 4919 489 4974; x_wconf 83' lang='lat' dir='ltr'><strong>ab</strong></span> <span class='ocrx_word' id='word_1_681' title='bbox 530 4918 863 4984; x_wconf 85' lang='lat' dir='ltr'><strong>hominibus,</strong></span> <span class='ocrx_word' id='word_1_682' title='bbox 889 4918 981 4989; x_wconf 89' lang='lat' dir='ltr'><strong>qui</strong></span> <span class='ocrx_word' id='word_1_683' title='bbox 1018 4917 1170 4972; x_wconf 92' lang='lat' dir='ltr'><strong>illum</strong></span> <span class='ocrx_word' id='word_1_684' title='bbox 1195 4916 1445 4973; x_wconf 84' lang='lat' dir='ltr'><strong>viderant</strong></span> <span class='ocrx_word' id='word_1_685' title='bbox 1476 4931 1540 4971; x_wconf 88' lang='lat' dir='ltr'><strong>ac</strong></span> <span class='ocrx_word' id='word_1_686' title='bbox 1568 4925 1851 4982; x_wconf 84' lang='lat' dir='ltr'><strong>noverant,</strong></span> <span class='ocrx_word' id='word_1_687' title='bbox 1894 4932 1993 4970; x_wconf 84' lang='lat' dir='ltr'><strong>au-</strong></span> 
     </span>
    </p>
   </div>
   <div class='ocr_carea' id='block_1_94' title="bbox 417 5004 1993 5078">
    <p class='ocr_par' dir='ltr' id='par_1_94' title="bbox 417 5004 1993 5078">
     <span class='ocr_line' id='line_1_94' title="bbox 417 5004 1993 5078; baseline -0.004 -10"><span class='ocrx_word' id='word_1_688' title='bbox 417 5011 596 5069; x_wconf 77' lang='lat' dir='ltr'><strong>disse.</strong></span> <span class='ocrx_word' id='word_1_689' title='bbox 642 5009 1036 5067; x_wconf 73' lang='lat' dir='ltr'><strong>Verumtamen</strong></span> <span class='ocrx_word' id='word_1_690' title='bbox 1067 5025 1191 5064; x_wconf 86' lang='lat' dir='ltr'><strong>cum</strong></span> <span class='ocrx_word' id='word_1_691' title='bbox 1245 5006 1366 5063; x_wconf 87' lang='lat' dir='ltr'><strong>Vita</strong></span> <span class='ocrx_word' id='word_1_692' title='bbox 1398 5004 1492 5065; x_wconf 84' lang='lat' dir='ltr'><strong>illa</strong></span> <span class='ocrx_word' id='word_1_693' title='bbox 1531 5006 1708 5078; x_wconf 75' lang='lat' dir='ltr'><strong>Alypii</strong></span> <span class='ocrx_word' id='word_1_694' title='bbox 1744 5006 1993 5072; x_wconf 68' lang='lat' dir='ltr'><strong>Cionitte,</strong></span> 
     </span>
    </p>
   </div>
   <div class='ocr_carea' id='block_1_95' title="bbox 418 5098 1998 5175">
    <p class='ocr_par' dir='ltr' id='par_1_95' title="bbox 418 5098 1998 5175">
     <span class='ocr_line' id='line_1_95' title="bbox 418 5098 1998 5175; baseline -0.003 -17"><span class='ocrx_word' id='word_1_695' title='bbox 418 5117 585 5175; x_wconf 88' lang='lat' dir='ltr'><strong>quam</strong></span> <span class='ocrx_word' id='word_1_696' title='bbox 627 5102 728 5173; x_wconf 85' lang='lat' dir='ltr'><strong>ipsi</strong></span> <span class='ocrx_word' id='word_1_697' title='bbox 769 5103 834 5157; x_wconf 88' lang='lat' dir='ltr'><strong>ad</strong></span> <span class='ocrx_word' id='word_1_698' title='bbox 868 5102 1202 5173; x_wconf 87' lang='lat' dir='ltr'><strong>probandam</strong></span> <span class='ocrx_word' id='word_1_699' title='bbox 1238 5098 1354 5173; x_wconf 70' lang='lat'><strong>[4|]</strong></span> <span class='ocrx_word' id='word_1_700' title='bbox 1375 5108 1588 5156; x_wconf 82' lang='lat' dir='ltr'><strong>aetatem</strong></span> <span class='ocrx_word' id='word_1_701' title='bbox 1617 5099 1998 5171; x_wconf 69' lang='lat' dir='ltr'><strong>bletaphrasta:</strong></span> 
     </span>
    </p>
   </div>
   <div class='ocr_carea' id='block_1_96' title="bbox 420 5190 1995 5262">
    <p class='ocr_par' dir='ltr' id='par_1_96' title="bbox 420 5190 1995 5262">
     <span class='ocr_line' id='line_1_96' title="bbox 420 5190 1995 5262; baseline -0.005 -11"><span class='ocrx_word' id='word_1_702' title='bbox 420 5193 703 5251; x_wconf 85' lang='lat' dir='ltr'><strong>adducunt</strong></span> <span class='ocrx_word' id='word_1_703' title='bbox 763 5210 869 5247; x_wconf 91' lang='lat' dir='ltr'><strong>non</strong></span> <span class='ocrx_word' id='word_1_704' title='bbox 937 5192 1096 5247; x_wconf 78' lang='lat' dir='ltr'><strong>fuerit</strong></span> <span class='ocrx_word' id='word_1_705' title='bbox 1156 5208 1186 5246; x_wconf 90' lang='lat' dir='ltr'><strong>a</strong></span> <span class='ocrx_word' id='word_1_706' title='bbox 1244 5190 1612 5262; x_wconf 79' lang='lat' dir='ltr'><strong>Metapltraste</strong></span> <span class='ocrx_word' id='word_1_707' title='bbox 1644 5192 1995 5260; x_wconf 81' lang='lat' dir='ltr'><strong>‘conscripta,</strong></span> 
     </span>
    </p>
   </div>
   <div class='ocr_carea' id='block_1_97' title="bbox 422 5280 1999 5359">
    <p class='ocr_par' dir='ltr' id='par_1_97' title="bbox 422 5280 1999 5359">
     <span class='ocr_line' id='line_1_97' title="bbox 422 5280 1999 5359; baseline -0.003 -19"><span class='ocrx_word' id='word_1_708' title='bbox 422 5294 685 5359; x_wconf 84' lang='lat' dir='ltr'><strong>quantum</strong></span> <span class='ocrx_word' id='word_1_709' title='bbox 727 5286 1041 5356; x_wconf 81' lang='lat' dir='ltr'><strong>Alphonsus</strong></span> <span class='ocrx_word' id='word_1_710' title='bbox 1065 5296 1120 5341; x_wconf 89' lang='lat' dir='ltr'><strong>et</strong></span> <span class='ocrx_word' id='word_1_711' title='bbox 1150 5280 1345 5340; x_wconf 81' lang='lat' dir='ltr'><strong>Petrus</strong></span> <span class='ocrx_word' id='word_1_712' title='bbox 1370 5300 1399 5341; x_wconf 84' lang='lat' dir='ltr'><strong>a</strong></span> <span class='ocrx_word' id='word_1_713' title='bbox 1432 5300 1563 5341; x_wconf 88' lang='lat' dir='ltr'><strong>vero</strong></span> <span class='ocrx_word' id='word_1_714' title='bbox 1608 5286 1884 5350; x_wconf 86' lang='lat' dir='ltr'><strong>aberrent,</strong></span> <span class='ocrx_word' id='word_1_715' title='bbox 1909 5283 1999 5338; x_wconf 88' lang='lat' dir='ltr'><strong>alii</strong></span> 
     </span>
    </p>
   </div>
   <div class='ocr_carea' id='block_1_98' title="bbox 419 5376 1999 5451">
    <p class='ocr_par' dir='ltr' id='par_1_98' title="bbox 419 5376 1999 5451">
     <span class='ocr_line' id='line_1_98' title="bbox 419 5376 1999 5451; baseline -0.002 -16"><span class='ocrx_word' id='word_1_716' title='bbox 419 5381 688 5451; x_wconf 83' lang='lat' dir='ltr'><strong>judicent.</strong></span> <span class='ocrx_word' id='word_1_717' title='bbox 733 5379 802 5434; x_wconf 81' lang='lat' dir='ltr'><strong>Et</strong></span> <span class='ocrx_word' id='word_1_718' title='bbox 830 5395 902 5434; x_wconf 89' lang='lat' dir='ltr'><strong>ne</strong></span> <span class='ocrx_word' id='word_1_719' title='bbox 930 5388 1310 5449; x_wconf 74' lang='lat' dir='ltr'><strong>argumentum</strong></span> <span class='ocrx_word' id='word_1_720' title='bbox 1340 5394 1406 5432; x_wconf 77' lang='lat' dir='ltr'><strong>ex</strong></span> <span class='ocrx_word' id='word_1_721' title='bbox 1443 5378 1688 5433; x_wconf 82' lang='lat' dir='ltr'><strong>oratione</strong></span> <span class='ocrx_word' id='word_1_722' title='bbox 1713 5376 1999 5441; x_wconf 80' lang='lat' dir='ltr'><strong>Pselliana,</strong></span> 
     </span>
    </p>
   </div>
   <div class='ocr_carea' id='block_1_99' title="bbox 426 5469 2001 5545">
    <p class='ocr_par' dir='ltr' id='par_1_99' title="bbox 426 5469 2001 5545">
     <span class='ocr_line' id='line_1_99' title="bbox 426 5469 2001 5545; baseline -0.004 -16"><span class='ocrx_word' id='word_1_723' title='bbox 426 5490 549 5545; x_wconf 72' lang='lat' dir='ltr'><strong>qua:</strong></span> <span class='ocrx_word' id='word_1_724' title='bbox 580 5472 927 5528; x_wconf 83' lang='lat' dir='ltr'><strong>Heracleanis</strong></span> <span class='ocrx_word' id='word_1_725' title='bbox 959 5471 1294 5541; x_wconf 85' lang='lat' dir='ltr'><strong>temporibus</strong></span> <span class='ocrx_word' id='word_1_726' title='bbox 1336 5471 1512 5526; x_wconf 88' lang='lat' dir='ltr'><strong>multo</strong></span> <span class='ocrx_word' id='word_1_727' title='bbox 1532 5486 1656 5526; x_wconf 86' lang='lat' dir='ltr'><strong>eum</strong></span> <span class='ocrx_word' id='word_1_728' title='bbox 1685 5469 2001 5524; x_wconf 76' lang='lat' dir='ltr'><strong>inferiorem</strong></span> 
     </span>
    </p>
   </div>
   <div class='ocr_carea' id='block_1_100' title="bbox 429 5560 2000 5634">
    <p class='ocr_par' dir='ltr' id='par_1_100' title="bbox 429 5560 2000 5634">
     <span class='ocr_line' id='line_1_100' title="bbox 429 5560 2000 5634; baseline -0.005 -12"><span class='ocrx_word' id='word_1_729' title='bbox 429 5565 581 5633; x_wconf 81' lang='lat' dir='ltr'><strong>facit,</strong></span> <span class='ocrx_word' id='word_1_730' title='bbox 617 5566 817 5634; x_wconf 63' lang='lat' dir='ltr'><strong>saepius</strong></span> <span class='ocrx_word' id='word_1_731' title='bbox 845 5573 1006 5633; x_wconf 87' lang='lat' dir='ltr'><strong>atque</strong></span> <span class='ocrx_word' id='word_1_732' title='bbox 1037 5563 1231 5617; x_wconf 78' lang='lat' dir='ltr'><strong>iterum</strong></span> <span class='ocrx_word' id='word_1_733' title='bbox 1265 5576 1532 5634; x_wconf 84' lang='lat' dir='ltr'><strong>repetam,</strong></span> <span class='ocrx_word' id='word_1_734' title='bbox 1564 5576 1636 5617; x_wconf 75' lang='lat' dir='ltr'><strong>ex</strong></span> <span class='ocrx_word' id='word_1_735' title='bbox 1680 5562 1783 5616; x_wconf 84' lang='lat' dir='ltr'><strong>hac</strong></span> <span class='ocrx_word' id='word_1_736' title='bbox 1811 5560 2000 5615; x_wconf 78' lang='lat' dir='ltr'><strong>eadem</strong></span> 
     </span>
    </p>
   </div>
   <div class='ocr_carea' id='block_1_101' title="bbox 435 5652 2003 5727">
    <p class='ocr_par' dir='ltr' id='par_1_101' title="bbox 435 5652 2003 5727">
     <span class='ocr_line' id='line_1_101' title="bbox 435 5652 2003 5727; baseline -0.004 -14"><span class='ocrx_word' id='word_1_737' title='bbox 435 5656 554 5713; x_wconf 79' lang='lat' dir='ltr'><strong>Vita</strong></span> <span class='ocrx_word' id='word_1_738' title='bbox 588 5658 758 5713; x_wconf 85' lang='lat' dir='ltr'><strong>sancti</strong></span> <span class='ocrx_word' id='word_1_739' title='bbox 808 5655 1004 5727; x_wconf 72' lang='lat' dir='ltr'><strong>Alypii,</strong></span> <span class='ocrx_word' id='word_1_740' title='bbox 1066 5656 1321 5725; x_wconf 88' lang='lat' dir='ltr'><strong>quisnam</strong></span> <span class='ocrx_word' id='word_1_741' title='bbox 1370 5656 1516 5711; x_wconf 88' lang='lat' dir='ltr'><strong>illius</strong></span> <span class='ocrx_word' id='word_1_742' title='bbox 1565 5663 1779 5725; x_wconf 0' lang='lat' dir='ltr'><strong>auctor,</strong></span> <span class='ocrx_word' id='word_1_743' title='bbox 1814 5652 2003 5715; x_wconf 73' lang='lat' dir='ltr'><strong>luerit,</strong></span> 
     </span>
    </p>
   </div>
   <div class='ocr_carea' id='block_1_102' title="bbox 437 5745 2005 5824">
    <p class='ocr_par' dir='ltr' id='par_1_102' title="bbox 437 5745 2005 5824">
     <span class='ocr_line' id='line_1_102' title="bbox 437 5745 2005 5824; baseline -0.003 -20"><span class='ocrx_word' id='word_1_744' title='bbox 437 5752 769 5824; x_wconf 69' lang='lat' dir='ltr'><strong>colligamus.</strong></span> <span class='ocrx_word' id='word_1_745' title='bbox 822 5749 940 5805; x_wconf 80' lang='lat' dir='ltr'><strong>Fuit</strong></span> <span class='ocrx_word' id='word_1_746' title='bbox 988 5749 1074 5804; x_wconf 87' lang='lat' dir='ltr'><strong>ille</strong></span> <span class='ocrx_word' id='word_1_747' title='bbox 1108 5749 1279 5820; x_wconf 89' lang='lat' dir='ltr'><strong>patria</strong></span> <span class='ocrx_word' id='word_1_748' title='bbox 1308 5747 1736 5819; x_wconf 66' lang='lat' dir='ltr'><strong>Adrianopolita,</strong></span> <span class='ocrx_word' id='word_1_749' title='bbox 1772 5745 1907 5805; x_wconf 81' lang='lat' dir='ltr'><strong>civis</strong></span> <span class='ocrx_word' id='word_1_750' title='bbox 1949 5756 2005 5807; x_wconf 82' lang='lat' dir='ltr'><strong>et</strong></span> 
     </span>
    </p>
   </div>
   <div class='ocr_carea' id='block_1_103' title="bbox 2098 4542 3671 4619">
    <p class='ocr_par' dir='ltr' id='par_1_103' title="bbox 2098 4542 3671 4619">
     <span class='ocr_line' id='line_1_103' title="bbox 2098 4542 3671 4619; baseline -0.004 -13"><span class='ocrx_word' id='word_1_751' title='bbox 2098 4559 2289 4608; x_wconf 83' lang='lat' dir='ltr'><strong>contra</strong></span> <span class='ocrx_word' id='word_1_752' title='bbox 2320 4546 2585 4619; x_wconf 71' lang='lat' dir='ltr'><strong>Villegam</strong></span> <span class='ocrx_word' id='word_1_753' title='bbox 2623 4554 2682 4601; x_wconf 90' lang='lat' dir='ltr'><strong>et</strong></span> <span class='ocrx_word' id='word_1_754' title='bbox 2704 4543 3136 4615; x_wconf 76' lang='lat' dir='ltr'><strong>Ribadeneyram</strong></span> <span class='ocrx_word' id='word_1_755' title='bbox 3167 4542 3482 4607; x_wconf 76' lang='lat' dir='ltr'><strong>attulimus,</strong></span> <span class='ocrx_word' id='word_1_756' title='bbox 3510 4542 3671 4615; x_wconf 80' lang='lat' dir='ltr'><strong>plane</strong></span> 
     </span>
    </p>
   </div>
   <div class='ocr_carea' id='block_1_104' title="bbox 2098 4635 3671 4709">
    <p class='ocr_par' dir='ltr' id='par_1_104' title="bbox 2098 4635 3671 4709">
     <span class='ocr_line' id='line_1_104' title="bbox 2098 4635 3671 4709; baseline -0.005 -11"><span class='ocrx_word' id='word_1_757' title='bbox 2098 4642 2384 4698; x_wconf 82' lang='lat' dir='ltr'><strong>refellitur.</strong></span> <span class='ocrx_word' id='word_1_758' title='bbox 2438 4639 2606 4709; x_wconf 80' lang='lat' dir='ltr'><strong>quue</strong></span> <span class='ocrx_word' id='word_1_759' title='bbox 2658 4644 2721 4692; x_wconf 89' lang='lat' dir='ltr'><strong>ut</strong></span> <span class='ocrx_word' id='word_1_760' title='bbox 2768 4635 2941 4707; x_wconf 72' lang='lat' dir='ltr'><strong>magis</strong></span> <span class='ocrx_word' id='word_1_761' title='bbox 2997 4642 3201 4708; x_wconf 80' lang='lat' dir='ltr'><strong>pateat,</strong></span> <span class='ocrx_word' id='word_1_762' title='bbox 3251 4644 3383 4689; x_wconf 84' lang='lat' dir='ltr'><strong>noto</strong></span> <span class='ocrx_word' id='word_1_763' title='bbox 3433 4651 3501 4690; x_wconf 80' lang='lat' dir='ltr'><strong>ex</strong></span> <span class='ocrx_word' id='word_1_764' title='bbox 3532 4635 3671 4690; x_wconf 85' lang='lat' dir='ltr'><strong>Vitis</strong></span> 
     </span>
    </p>
   </div>
   <div class='ocr_carea' id='block_1_105' title="bbox 2095 4728 3673 4801">
    <p class='ocr_par' dir='ltr' id='par_1_105' title="bbox 2095 4728 3673 4801">
     <span class='ocr_line' id='line_1_105' title="bbox 2095 4728 3673 4801; baseline -0.006 -10"><span class='ocrx_word' id='word_1_765' title='bbox 2095 4743 2431 4798; x_wconf 85' lang='lat' dir='ltr'><strong>sanctorum,</strong></span> <span class='ocrx_word' id='word_1_766' title='bbox 2470 4745 2594 4801; x_wconf 74' lang='lat' dir='ltr'><strong>qua:</strong></span> <span class='ocrx_word' id='word_1_767' title='bbox 2621 4729 2779 4786; x_wconf 83' lang='lat' dir='ltr'><strong>hodie</strong></span> <span class='ocrx_word' id='word_1_768' title='bbox 2804 4729 3004 4798; x_wconf 78' lang='lat' dir='ltr'><strong>partim</strong></span> <span class='ocrx_word' id='word_1_769' title='bbox 3027 4728 3397 4785; x_wconf 82' lang='lat' dir='ltr'><strong>studiosorum</strong></span> <span class='ocrx_word' id='word_1_770' title='bbox 3421 4728 3673 4787; x_wconf 80' lang='lat' dir='ltr'><strong>manibus</strong></span> 
     </span>
    </p>
   </div>
   <div class='ocr_carea' id='block_1_106' title="bbox 2098 4817 3673 4890">
    <p class='ocr_par' dir='ltr' id='par_1_106' title="bbox 2098 4817 3673 4890">
     <span class='ocr_line' id='line_1_106' title="bbox 2098 4817 3673 4890; baseline -0.006 -8"><span class='ocrx_word' id='word_1_771' title='bbox 2098 4835 2373 4890; x_wconf 78' lang='lat' dir='ltr'><strong>teruntur,</strong></span> <span class='ocrx_word' id='word_1_772' title='bbox 2433 4821 2646 4879; x_wconf 85' lang='lat' dir='ltr'><strong>nullum</strong></span> <span class='ocrx_word' id='word_1_773' title='bbox 2679 4826 2889 4877; x_wconf 85' lang='lat' dir='ltr'><strong>certum</strong></span> <span class='ocrx_word' id='word_1_774' title='bbox 2940 4818 3154 4874; x_wconf 87' lang='lat' dir='ltr'><strong>desumi</strong></span> <span class='ocrx_word' id='word_1_775' title='bbox 3213 4832 3377 4889; x_wconf 86' lang='lat' dir='ltr'><strong>posse</strong></span> <span class='ocrx_word' id='word_1_776' title='bbox 3404 4817 3473 4873; x_wconf 82' lang='lat' dir='ltr'><strong>de</strong></span> <span class='ocrx_word' id='word_1_777' title='bbox 3511 4826 3673 4875; x_wconf 69' lang='lat' dir='ltr'><strong>aetate</strong></span> 
     </span>
    </p>
   </div>
   <div class='ocr_carea' id='block_1_107' title="bbox 2098 4910 3676 4987">
    <p class='ocr_par' dir='ltr' id='par_1_107' title="bbox 2098 4910 3676 4987">
     <span class='ocr_line' id='line_1_107' title="bbox 2098 4910 3676 4987; baseline -0.003 -15"><span class='ocrx_word' id='word_1_778' title='bbox 2098 4917 2482 4987; x_wconf 73' lang='lat' dir='ltr'><strong>Metaplirasuc</strong></span> <span class='ocrx_word' id='word_1_779' title='bbox 2535 4921 2950 4984; x_wconf 65' lang='lat' dir='ltr'><strong>argumentum,</strong></span> <span class='ocrx_word' id='word_1_780' title='bbox 2996 4919 3114 4987; x_wconf 88' lang='lat' dir='ltr'><strong>tum</strong></span> <span class='ocrx_word' id='word_1_781' title='bbox 3175 4910 3321 4965; x_wconf 91' lang='lat' dir='ltr'><strong>enim</strong></span> <span class='ocrx_word' id='word_1_782' title='bbox 3351 4910 3436 4969; x_wconf 87' lang='lat' dir='ltr'><strong>vel</strong></span> <span class='ocrx_word' id='word_1_783' title='bbox 3491 4911 3676 4981; x_wconf 85' lang='lat' dir='ltr'><strong>plures</strong></span> 
     </span>
    </p>
   </div>
   <div class='ocr_carea' id='block_1_108' title="bbox 2100 5000 3677 5079">
    <p class='ocr_par' dir='ltr' id='par_1_108' title="bbox 2100 5000 3677 5079">
     <span class='ocr_line' id='line_1_108' title="bbox 2100 5000 3677 5079; baseline -0.004 -13"><span class='ocrx_word' id='word_1_784' title='bbox 2100 5008 2517 5077; x_wconf 76' lang='lat' dir='ltr'><strong>Metapbrastas,</strong></span> <span class='ocrx_word' id='word_1_785' title='bbox 2533 5004 2648 5078; x_wconf 71' lang='grc'><strong>142]</strong></span> <span class='ocrx_word' id='word_1_786' title='bbox 2671 5004 2758 5060; x_wconf 89' lang='lat' dir='ltr'><strong>vel</strong></span> <span class='ocrx_word' id='word_1_787' title='bbox 2774 5004 2954 5079; x_wconf 86' lang='lat' dir='ltr'><strong>ipsum</strong></span> <span class='ocrx_word' id='word_1_788' title='bbox 2971 5000 3390 5075; x_wconf 72' lang='lat' dir='ltr'><strong>Metaphrastem</strong></span> <span class='ocrx_word' id='word_1_789' title='bbox 3420 5003 3677 5062; x_wconf 82' lang='lat' dir='ltr'><strong>omnibus</strong></span> 
     </span>
    </p>
   </div>
   <div class='ocr_carea' id='block_1_109' title="bbox 2104 5096 3672 5167">
    <p class='ocr_par' dir='ltr' id='par_1_109' title="bbox 2104 5096 3672 5167">
     <span class='ocr_line' id='line_1_109' title="bbox 2104 5096 3672 5167; baseline -0.006 -8"><span class='ocrx_word' id='word_1_790' title='bbox 2104 5101 2324 5159; x_wconf 68' lang='lat' dir='ltr'><strong>saeculis</strong></span> <span class='ocrx_word' id='word_1_791' title='bbox 2357 5098 2581 5161; x_wconf 72' lang='lat' dir='ltr'><strong>vixisse,</strong></span> <span class='ocrx_word' id='word_1_792' title='bbox 2622 5096 3026 5167; x_wconf 82' lang='lat' dir='ltr'><strong>scripsisseque</strong></span> <span class='ocrx_word' id='word_1_793' title='bbox 3049 5109 3300 5151; x_wconf 76' lang='lat' dir='ltr'><strong>asserere</strong></span> <span class='ocrx_word' id='word_1_794' title='bbox 3329 5110 3672 5165; x_wconf 80' lang='lat' dir='ltr'><strong>cogeremur,</strong></span> 
     </span>
    </p>
   </div>
   <div class='ocr_carea' id='block_1_110' title="bbox 2103 5186 3676 5263">
    <p class='ocr_par' dir='ltr' id='par_1_110' title="bbox 2103 5186 3676 5263">
     <span class='ocr_line' id='line_1_110' title="bbox 2103 5186 3676 5263; baseline -0.004 -13"><span class='ocrx_word' id='word_1_795' title='bbox 2103 5204 2167 5251; x_wconf 92' lang='lat' dir='ltr'><strong>ut</strong></span> <span class='ocrx_word' id='word_1_796' title='bbox 2189 5194 2446 5249; x_wconf 84' lang='lat' dir='ltr'><strong>vidimus.</strong></span> <span class='ocrx_word' id='word_1_797' title='bbox 2520 5191 2908 5260; x_wconf 74' lang='lat' dir='ltr'><strong>Continuoque</strong></span> <span class='ocrx_word' id='word_1_798' title='bbox 2961 5188 3231 5263; x_wconf 79' lang='lat' dir='ltr'><strong>exemplo.</strong></span> <span class='ocrx_word' id='word_1_799' title='bbox 3291 5187 3477 5245; x_wconf 81' lang='lat' dir='ltr'><strong>Sancti</strong></span> <span class='ocrx_word' id='word_1_800' title='bbox 3520 5186 3676 5245; x_wconf 77' lang='lat' dir='ltr'><strong>Saba:</strong></span> 
     </span>
    </p>
   </div>
   <div class='ocr_carea' id='block_1_111' title="bbox 2103 5278 3673 5355">
    <p class='ocr_par' dir='ltr' id='par_1_111' title="bbox 2103 5278 3673 5355">
     <span class='ocr_line' id='line_1_111' title="bbox 2103 5278 3673 5355; baseline -0.011 -11"><span class='ocrx_word' id='word_1_801' title='bbox 2103 5287 2229 5345; x_wconf 75' lang='lat' dir='ltr'><strong>Vita</strong></span> <span class='ocrx_word' id='word_1_802' title='bbox 2249 5287 2394 5342; x_wconf 83' lang='lat' dir='ltr'><strong>edita</strong></span> <span class='ocrx_word' id='word_1_803' title='bbox 2422 5284 2566 5355; x_wconf 82' lang='lat' dir='ltr'><strong>apud</strong></span> <span class='ocrx_word' id='word_1_804' title='bbox 2591 5282 2836 5344; x_wconf 86' lang='lat' dir='ltr'><strong>Surium,</strong></span> <span class='ocrx_word' id='word_1_805' title='bbox 2865 5280 3124 5353; x_wconf 79' lang='lat' dir='ltr'><strong>Symeonl</strong></span> <span class='ocrx_word' id='word_1_806' title='bbox 3156 5278 3536 5350; x_wconf 68' lang='lat' dir='ltr'><strong>Metapbrasta:</strong></span> <span class='ocrx_word' id='word_1_807' title='bbox 3555 5280 3673 5335; x_wconf 71' lang='lat' dir='ltr'><strong>vin.</strong></span> 
     </span>
    </p>
   </div>
   <div class='ocr_carea' id='block_1_112' title="bbox 2106 5371 3677 5447">
    <p class='ocr_par' dir='ltr' id='par_1_112' title="bbox 2106 5371 3677 5447">
     <span class='ocr_line' id='line_1_112' title="bbox 2106 5371 3677 5447; baseline -0.005 -10"><span class='ocrx_word' id='word_1_808' title='bbox 2106 5381 2336 5437; x_wconf 85' lang='lat' dir='ltr'><strong>dicatur.</strong></span> <span class='ocrx_word' id='word_1_809' title='bbox 2366 5376 2429 5432; x_wconf 81' lang='lat' dir='ltr'><strong>id</strong></span> <span class='ocrx_word' id='word_1_810' title='bbox 2451 5376 2494 5433; x_wconf 88' lang='lat' dir='ltr'><strong>si</strong></span> <span class='ocrx_word' id='word_1_811' title='bbox 2526 5390 2717 5430; x_wconf 68' lang='lat' dir='ltr'><strong>verum</strong></span> <span class='ocrx_word' id='word_1_812' title='bbox 2741 5374 3052 5442; x_wconf 77' lang='lat' dir='ltr'><strong>fuerit,jam</strong></span> <span class='ocrx_word' id='word_1_813' title='bbox 3082 5372 3242 5433; x_wconf 87' lang='lat' dir='ltr'><strong>aliam</strong></span> <span class='ocrx_word' id='word_1_814' title='bbox 3258 5386 3476 5447; x_wconf 85' lang='lat' dir='ltr'><strong>quoque</strong></span> <span class='ocrx_word' id='word_1_815' title='bbox 3506 5371 3677 5444; x_wconf 83' lang='lat' dir='ltr'><strong>ipsius</strong></span> 
     </span>
    </p>
   </div>
   <div class='ocr_carea' id='block_1_113' title="bbox 2107 5461 3675 5539">
    <p class='ocr_par' dir='ltr' id='par_1_113' title="bbox 2107 5461 3675 5539">
     <span class='ocr_line' id='line_1_113' title="bbox 2107 5461 3675 5539; baseline -0.006 -14"><span class='ocrx_word' id='word_1_816' title='bbox 2107 5468 2485 5539; x_wconf 69' lang='lat' dir='ltr'><strong>Metapbrasta</strong></span> <span class='ocrx_word' id='word_1_817' title='bbox 2519 5475 2730 5520; x_wconf 75' lang='lat' dir='ltr'><strong>etatem</strong></span> <span class='ocrx_word' id='word_1_818' title='bbox 2765 5464 2869 5517; x_wconf 83' lang='lat' dir='ltr'><strong>sub</strong></span> <span class='ocrx_word' id='word_1_819' title='bbox 2897 5461 3208 5518; x_wconf 69' lang='lat' dir='ltr'><strong>Jusriniano</strong></span> <span class='ocrx_word' id='word_1_820' title='bbox 3240 5472 3510 5528; x_wconf 87' lang='lat' dir='ltr'><strong>tenemus,</strong></span> <span class='ocrx_word' id='word_1_821' title='bbox 3554 5479 3675 5525; x_wconf 79' lang='lat' dir='ltr'><strong>cum</strong></span> 
     </span>
    </p>
   </div>
   <div class='ocr_carea' id='block_1_114' title="bbox 2107 5554 3681 5630">
    <p class='ocr_par' dir='ltr' id='par_1_114' title="bbox 2107 5554 3681 5630">
     <span class='ocr_line' id='line_1_114' title="bbox 2107 5554 3681 5630; baseline -0.004 -13"><span class='ocrx_word' id='word_1_822' title='bbox 2107 5562 2344 5630; x_wconf 85' lang='lat' dir='ltr'><strong>scriptor</strong></span> <span class='ocrx_word' id='word_1_823' title='bbox 2382 5559 2531 5614; x_wconf 85' lang='lat' dir='ltr'><strong>illius</strong></span> <span class='ocrx_word' id='word_1_824' title='bbox 2576 5555 2933 5610; x_wconf 46' lang='lat' dir='ltr'><strong>Vitaniisdem</strong></span> <span class='ocrx_word' id='word_1_825' title='bbox 2979 5569 3105 5609; x_wconf 86' lang='lat' dir='ltr'><strong>cum</strong></span> <span class='ocrx_word' id='word_1_826' title='bbox 3145 5554 3285 5609; x_wconf 80' lang='lat' dir='ltr'><strong>Saba</strong></span> <span class='ocrx_word' id='word_1_827' title='bbox 3342 5554 3681 5625; x_wconf 78' lang='lat' dir='ltr'><strong>temporibus</strong></span> 
     </span>
    </p>
   </div>
   <div class='ocr_carea' id='block_1_115' title="bbox 2110 5645 3681 5708">
    <p class='ocr_par' dir='ltr' id='par_1_115' title="bbox 2110 5645 3681 5708">
     <span class='ocr_line' id='line_1_115' title="bbox 2110 5645 3681 5708; baseline -0.005 -1"><span class='ocrx_word' id='word_1_828' title='bbox 2110 5653 2310 5708; x_wconf 74' lang='lat' dir='ltr'><strong>vixisse</strong></span> <span class='ocrx_word' id='word_1_829' title='bbox 2340 5665 2459 5706; x_wconf 86' lang='lat' dir='ltr'><strong>sese</strong></span> <span class='ocrx_word' id='word_1_830' title='bbox 2487 5657 2716 5705; x_wconf 85' lang='lat' dir='ltr'><strong>asserat.</strong></span> <span class='ocrx_word' id='word_1_831' title='bbox 2740 5646 2840 5701; x_wconf 90' lang='lat' dir='ltr'><strong>Vin</strong></span> <span class='ocrx_word' id='word_1_832' title='bbox 2872 5648 3143 5701; x_wconf 86' lang='lat' dir='ltr'><strong>alterum?</strong></span> <span class='ocrx_word' id='word_1_833' title='bbox 3170 5647 3329 5701; x_wconf 76' lang='lat' dir='ltr'><strong>Audi.</strong></span> <span class='ocrx_word' id='word_1_834' title='bbox 3351 5645 3473 5700; x_wconf 84' lang='lat' dir='ltr'><strong>Vita</strong></span> <span class='ocrx_word' id='word_1_835' title='bbox 3508 5646 3681 5705; x_wconf 79' lang='lat' dir='ltr'><strong>sancti</strong></span> 
     </span>
    </p>
   </div>
   <div class='ocr_carea' id='block_1_116' title="bbox 2111 5738 3683 5817">
    <p class='ocr_par' dir='ltr' id='par_1_116' title="bbox 2111 5738 3683 5817">
     <span class='ocr_line' id='line_1_116' title="bbox 2111 5738 3683 5817; baseline -0.001 -17"><span class='ocrx_word' id='word_1_836' title='bbox 2111 5745 2406 5803; x_wconf 82' lang='lat' dir='ltr'><strong>Autonomi</strong></span> <span class='ocrx_word' id='word_1_837' title='bbox 2440 5743 2696 5817; x_wconf 74' lang='lat' dir='ltr'><strong>martyris</strong></span> <span class='ocrx_word' id='word_1_838' title='bbox 2741 5741 2887 5812; x_wconf 85' lang='lat' dir='ltr'><strong>apud</strong></span> <span class='ocrx_word' id='word_1_839' title='bbox 2937 5740 3161 5799; x_wconf 87' lang='lat' dir='ltr'><strong>Surium</strong></span> <span class='ocrx_word' id='word_1_840' title='bbox 3206 5749 3260 5795; x_wconf 84' lang='lat' dir='ltr'><strong>et</strong></span> <span class='ocrx_word' id='word_1_841' title='bbox 3313 5738 3469 5807; x_wconf 81' lang='lat' dir='ltr'><strong>alios,</strong></span> <span class='ocrx_word' id='word_1_842' title='bbox 3516 5744 3683 5799; x_wconf 55' lang='lat' dir='ltr'><strong>inetur</strong></span> 
     </span>
    </p>
   </div>
  </div>
