3826 6500
194 351 262 416 ΞἾ
841 350 938 409 DE
980 348 1324 408 SCRIPTIS
1364 344 1742 407 SYMEONIS
1784 343 2361 404 METAPI‘IRASTE
2406 345 2792 404 DIATRIBA.
3382 342 3453 406 38

190 465 471 536 phrastem
541 469 820 515 auctorem
875 460 1124 530 agnoscit
1163 480 1176 514 :
1214 460 1266 514 id
1318 461 1362 514 si
1435 476 1624 513 verum
1689 475 1777 512 rs-
1806 465 1850 521 Α
1885 468 1993 511 teni
2025 455 2099 510 rei
2135 456 2201 510 ab
2229 456 2351 509 aliis
2375 455 2642 510 auitorib.
2657 456 2934 519 edoctum,
2964 462 3176 508 mutato
3208 454 3370 524 stylo,
3402 466 3460 510 et

190 566 297 618 set,
356 553 524 607 aliam
555 566 775 621 quoque
830 560 1044 606 aetatem
1109 550 1497 621 Metaphrasta:
1545 550 1776 604 habere-

191 637 335 702 mus.
367 628 565 699 Narrat
602 643 651 698 is
727 651 920 696 auctor
968 658 999 696 a
1048 643 1312 714 martyrio
1352 641 1485 697 dicti
1526 644 1777 696 Autono-

193 742 263 794 mi
314 738 386 794 ad
423 754 521 794 sua
590 751 764 806 usque
789 744 1035 805 tempora
1070 735 1325 791 ducentis
1360 734 1520 789 annis
1553 745 1778 805 practer-

192 833 417 904 gressis,
467 817 704 888 cadaver
734 829 879 885 illius
924 828 1053 884 licet
1100 828 1157 881 in
1181 827 1472 897 sepulchro
1520 828 1777 898 positum,

194 926 469 995 integrum
528 921 1018 991 ineorruptumque
1069 921 1419 990 perdurasse.
1447 921 1527 973 En
1571 920 1776 973 verba:

194 1015 415 1085 Ἐγὼδὲ
454 1013 692 1067 νικῶντα
712 1013 804 1066 τὸν
834 1012 1079 1084 ἀθλητὴν
1129 1012 1273 1083 ὁρῶν
1306 1014 1407 1084 τὴν
1463 1014 1627 1080 φύσιν
1687 1013 1779 1065 καὶ

197 1106 338 1176 μετὰ
374 1105 626 1172 θάνατον,
658 1103 796 1174 πρὸς
844 1104 1152 1171 δοξολογίαν
1210 1103 1347 1157 Θεοῦ
1410 1104 1778 1175 διανίσταμαι,

194 1199 469 1259 ἐπιϐαλὼν
507 1200 614 1270 γάρ
647 1216 779 1255 ποτε
809 1199 907 1263 τὰς
931 1198 1084 1269 ὄψεις
1131 1192 1210 1269 τῷ
1239 1199 1396 1268 τάφῳ
1423 1198 1520 1250 τοῦ
1567 1198 1778 1270 μάρτυ-

197 1308 311 1361 ρος,
340 1292 400 1343 τδ
430 1290 574 1359 ἱερὸν
598 1287 765 1342 αὐτοῦ
794 1287 993 1357 οκῆνος
1021 1289 1355 1360 ἐθεασάμην,
1398 1291 1492 1341 καὶ
1512 1289 1779 1359 ἀήττητον

196 1384 299 1437 ὑπό
326 1399 388 1451 γε
425 1384 520 1450 τῆς
546 1380 732 1452 ἰσχύος
751 1380 845 1434 τοῦ
863 1380 1096 1435 θανάτου
1124 1381 1431 1451 μεμενηκὺς
1457 1380 1778 1448 κατενόησα.

206 1476 264 1528 '0
290 1475 405 1547 γὰρ
442 1476 627 1527 πᾶσαν
671 1473 767 1526 τοῦ
826 1471 967 1537 ζώου
1015 1474 1115 1544 τὴν
1162 1472 1442 1543 σύμπηξιν
1496 1474 1782 1544 τριημέρῳ

195 1567 528 1638 διαστήματι
559 1565 709 1619 λύειν
750 1567 958 1636 αὐχῶν,
991 1565 1170 1620 ἔτεσιν
1194 1567 1295 1637 ἤδη
1329 1566 1626 1630 διακοσίοις
1663 1566 1779 1636 τρία

198 1678 268 1731 χιι
295 1659 393 1713 τοῦ
449 1659 667 1728 γενείου
723 1658 1036 1730 διαφθεῖραι
1088 1658 1188 1712 οὐκ
1218 1648 1458 1728 iaxuasv,
1494 1658 1608 1712 ἁλλ’
1646 1660 1679 1731 ἦ
1721 1675 1779 1711 τε

199 1754 343 1824 κόμη
374 1753 475 1823 τῆς
513 1753 753 1825 κεφαλῆς
778 1752 1006 1824 δαψιλὴς
1038 1753 1131 1805 καὶ
1167 1752 1496 1822 ἀλύμαντος,
1525 1753 1614 1805 ὅτε
1681 1753 1779 1821 τῆς

201 1844 424 1915 μορφῆς
465 1845 761 1916 χαρακτὴρ
831 1841 1175 1911 conseruari);
1232 1859 1292 1896 τε
1359 1842 1454 1896 καὶ
1506 1842 1783 1913 meum;

198 1940 264 2006 τῇ
296 1953 355 1989 τε
395 1937 562 2005 δορᾶς
592 1936 831 2006 εὐτονίᾳ,
872 1935 1009 2004 μηδὲ
1032 1934 1131 1997 τὰς
1164 1934 1379 2004 ὑπήνης
1400 1935 1593 2004 τρίχας
1649 1935 1787 1987 ἀπο-

201 2027 403 2092 ϐαλὼν,
434 2029 643 2098 ἀνέῳγε
679 2027 735 2081 δὲ
778 2026 926 2097 αὑτῷ
972 2026 1064 2079 καὶ
1086 2027 1113 2078 ὁ
1144 2025 1253 2078 τῶν
1273 2025 1537 2095 ὀμμάτων
1564 2025 1785 2089 κύκλος,

200 2120 266 2173 δι’
291 2113 367 2174 ὧν
399 2121 526 2190 ἐμοὶ
557 2120 707 2173 δοκεῖ
738 2120 833 2172 καὶ
861 2117 1159 2187 θεώμενος,
1186 2117 1321 2171 αἰδοῖ
1354 2117 1450 2170 τοῦ
1497 2118 1663 2187 νόμου
1690 2121 1788 2189 τῆς

200 2213 481 2282 τελευτῆς,
502 2211 600 2283 τὴν
623 2212 835 2280 σιωπὴν
864 2212 1166 2282 προτιμᾷν,
1201 2209 1402 2279 Eamus
1424 2209 1480 2263 δὲ
1514 2211 1608 2264 καὶ
1628 2212 1655 2263 ὁ
1677 2213 1783 2274 πᾶς

201 2303 294 2358 τοῦ
322 2302 576 2373 σώματος
609 2303 783 2366 τύπος
820 2302 920 2373 τὴν
975 2302 1118 2357 ἰδίαν
1171 2300 1459 2372 ωντηρῶν
1519 2302 1785 2373 ἁρμονίαν

205 2398 297 2450 καὶ
337 2396 465 2450 οὔτε
488 2398 585 2467 τῆς
622 2394 867 2466 κεφαλῆς
920 2394 1031 2449 οὐδ’
1062 2395 1201 2458 ὅλως
1254 2394 1613 2468 ἀπορῤαγεὶς,
1664 2393 1787 2448 οὗτε

204 2489 312 2543 τῶν
350 2488 557 2541 λοιπῶν
589 2487 795 2559 μορίων
838 2487 939 2559 τὴν
964 2486 1249 2541 διάστασιν
1275 2487 1595 2557 ὑπομείνας.
1632 2487 1791 2541 Οὕτω

207 2579 313 2651 γὰρ
335 2582 365 2634 ὁ
400 2578 780 2651 μεγαλόδωρος
832 2580 1038 2649 Κύριος
1071 2578 1316 2644 δοξάζειν
1342 2575 1449 2633 οἶδε
1465 2582 1591 2644 τοὺς
1626 2581 1789 2635 clusi.

209 2693 284 2739 οις
318 2676 500 2730 αὐτῶν
529 2675 717 2746 μέλεσι
745 2675 969 2742 δοξάσαι
1008 2675 1432 2745 προελομένους.
1466 2674 1580 2747 Ego
1611 2686 1789 2737 autem

212 2767 387 2821 uidens
409 2766 665 2821 athletam
703 2768 863 2822 etiam
892 2775 1008 2837 post
1036 2776 1259 2821 mortem
1284 2768 1575 2823 vincentem
1627 2780 1788 2825 natu-

212 2874 345 2925 ram,
382 2875 611 2929 exsurgo
631 2859 702 2912 ad
728 2858 895 2935 Deum
915 2858 1319 2930 gloriﬁcandum
1338 2877 1357 2916 :
1380 2861 1626 2931 injiciens
1655 2863 1794 2916 enim

213 2952 503 3023 aliquando
517 2952 694 3005 oculos
717 2952 772 3005 in
803 2951 1103 3020 sepulcrum
1129 2954 1382 3025 martyris
1397 2955 1581 3024 aspexi
1608 2971 1797 3010 sacras

214 3045 324 3114 ejus
355 3044 644 3110 reliquias,
680 3061 799 3115 qum
827 3045 1036 3101 invicta!
1064 3055 1373 3101 manserant
1406 3063 1438 3101 α
1470 3048 1651 3102 mortis
1675 3049 1801 3103 ciri-

213 3139 322 3193 bus.
354 3137 489 3204 Qui:
510 3140 648 3192 enim
668 3137 1230 3194 uniuersamanimalis
1261 3140 1714 3208 compositionem,
1743 3158 1797 3195 se

217 3233 374 3285 trium
430 3232 636 3285 dierum
700 3232 876 3301 spatio
906 3230 1173 3301 gloriatur
1225 3233 1628 3298 dissoluturant,
1676 3235 1796 3303 jam

215 3326 448 3380 ducentis
471 3326 629 3379 annis
654 3341 757 3380 non
782 3325 1208 3396 ualuitprreclari
1240 3326 1382 3381 illius
1402 3327 1504 3381 viri
1531 3328 1610 3381 uel
1630 3328 1796 3397 pilum

216 3435 552 3489 corrumpere
569 3420 695 3483 ;sed
722 3431 771 3474 et
805 3435 954 3473 coma
974 3419 1165 3488 capitis
1194 3428 1269 3473 est
1286 3420 1556 3485 densa,‘et
1604 3421 1796 3487 illam,

215 3520 264 3563 et
297 3512 484 3583 {armat
525 3510 795 3564 character
844 3509 1077 3564 consistit
1125 3510 1346 3579 integer,
1376 3511 1513 3581 pelle
1540 3511 1700 3580 ﬁrma
1748 3524 1796 3565 et

215 3605 446 3670 intensa,
472 3619 537 3657 ne
561 3602 770 3657 amissis
789 3603 1000 3673 quidem
1043 3603 1167 3672 pilis
1194 3603 1333 3657 labri
1363 3605 1669 3675 superioris.
1706 3602 1800 3658 Est

218 3707 399 3751 autem
443 3698 494 3751 ei
542 3697 679 3751 orbis
704 3712 906 3766 quoque
943 3708 1159 3766 apertus
1187 3697 1478 3765 oculorum,
1529 3715 1623 3767 per
1672 3714 1804 3768 quos

218 3790 449 3845 intuenti
476 3789 604 3844 mihi
631 3789 905 3843 videbatur
919 3790 1056 3860 quod
1072 3789 1237 3861 legem
1257 3799 1466 3844 tantum
1494 3792 1674 3845 mortis
1694 3792 1802 3861 ipse

219 3885 496 3950 reveritus,
531 3882 797 3936 silentium
823 3881 1122 3938 simularet.
1166 3881 1287 3938 Stat
1324 3895 1502 3938 autem
1556 3886 1799 3939 universa

220 3990 428 4046 quoque
452 3962 627 4044 ﬁgura
653 3973 769 4044 ejus
798 3973 1031 4042 corporis
1071 3990 1225 4028 suam
1252 3990 1564 4029 conservans
1592 3992 1807 4046 compa-

221 4083 358 4140 gem;
385 4076 550 4121 etnec
587 4065 703 4136 ejus
738 4065 926 4135 capitis
957 4074 1168 4133 ruptum
1197 4076 1273 4119 est
1304 4066 1529 4136 aliquid,
1565 4083 1659 4122 nec
1686 4068 1809 4122 reli-

222 4164 454 4231 quarum
509 4159 749 4229 partium
775 4158 918 4228 facta
965 4167 1042 4212 est
1069 4158 1179 4213 ulla
1206 4175 1239 4211 a
1268 4174 1323 4215 se
1351 4159 1569 4213 inuicem
1595 4153 1807 4229 disqu

224 4253 346 4307 ctio.
377 4250 468 4307 Sic
490 4252 627 4307 enim
648 4251 928 4322 muniﬁcus
956 4250 1214 4307 Dominus
1238 4252 1336 4305 scit
1361 4252 1585 4306 uicissim
1603 4253 1807 4323 gloriﬁ-

224 4359 347 4401 care
366 4359 482 4406 eos,
497 4344 588 4412 qui
608 4344 717 4397 suis
739 4343 985 4411 membris
1004 4343 1279 4398 uoluerunt
1303 4360 1423 4398 eum
1443 4345 1763 4415 gloriﬁcare.

291 4438 646 4490 Autonomus
710 4436 1033 4505 martyrium
1091 4433 1410 4490 subiitsub
1470 4433 1808 4491 Diocletiano

1875 548 2052 603 forma
2095 547 2313 604 dicendi
2365 548 2422 602 in
2471 548 2753 602 meliorem
2799 555 3149 618 prospectum
3198 547 3456 603 dedisse:

1879 657 1987 697 non
2010 641 2085 695 ita
2113 649 2317 706 tamen,
2344 650 2403 693 ut
2428 640 2766 709 antiquiores
2796 639 3244 694 obliterarentur.
3276 640 3279 641 ⁷

1950 734 2083 799 Quis
2144 733 2289 787 enim
2322 742 2401 787 tot
2444 732 2783 787 voluminum
2829 742 3033 786 struem
3089 731 3194 785 sibi
3244 745 3462 800 compa-

1880 840 2073 897 rasset,
2118 838 2173 885 et
2216 845 2285 884 ex
2335 829 2442 883 illis
2495 828 2647 882 Vitas
2695 828 3025 897 dempsisset
3061 826 3085 879 ?
3127 824 3218 880 Sic
3256 825 3459 880 factum

1879 932 1984 987 est,
2018 934 2073 976 ut
2105 923 2351 991 utrisque
2378 920 2848 992 permanentibus,
2883 935 2987 973 non
3022 929 3233 973 tantum
3269 934 3462 972 recens

1880 1017 2085 1086 scripta
2111 1034 2140 1069 a
2165 1016 2458 1086 Symeone,
2490 1014 2587 1069 sed
2632 1013 2905 1083 antiquior
2953 1013 3138 1076 etiam,
3172 1028 3294 1066 cum
3321 1012 3461 1065 dici-

1887 1117 1978 1163 tur
2008 1109 2174 1163 vitam
2218 1108 2366 1162 illam
2392 1123 2421 1161 a
2469 1105 2738 1178 Symeouc
2769 1106 3098 1175 descriptam
3135 1105 3322 1171 fuisse,
3353 1104 3464 1159 ble-

1882 1202 2179 1271 taphrasta:
2234 1201 2335 1272 ipsi
2371 1209 2730 1254 assercretur.
2781 1199 2919 1253 Hinc
2948 1200 3133 1269 plures
3150 1198 3463 1268 Metapbra-

1878 1302 1976 1349 stin
2004 1302 2209 1357 aetates,
2258 1303 2313 1349 et
2357 1294 2508 1364 plura
2552 1293 2605 1346 in
2654 1308 2779 1348 eutn
2823 1309 2853 1347 a
2884 1306 3076 1363 partmi
3107 1292 3463 1361 prudentibus

1880 1395 2278 1455 congeruntur,
2313 1401 2435 1439 cum
2470 1386 2708 1440 aliorum
2754 1385 2899 1451 vitia,
2930 1394 2985 1440 et
3021 1384 3171 1439 falsze
3199 1384 3467 1438 narratio-

1879 1492 1977 1531 nes
1998 1477 2375 1547 Metaphrastae
2397 1494 2425 1532 a
2454 1479 2652 1532 talibus
2679 1478 3004 1533 criminibus
3022 1492 3194 1531 vacuo
3225 1477 3467 1545 integro-

1880 1583 1986 1637 que
2013 1567 2275 1622 referant.
2323 1570 2405 1623 Sit
2434 1569 2669 1639 exempli
2707 1584 2871 1623 causa
2907 1587 2921 1622 :
2958 1568 3192 1637 Scripsit
3230 1566 3464 1639 Symcon

1885 1661 2063 1717 Vitam
2097 1662 2270 1716 sancti
2312 1660 2614 1726 Eustachii,
2646 1669 2701 1715 ct
2736 1660 3013 1724 ﬁliorum;
3056 1669 3182 1713 ante
3212 1659 3466 1714 eumdem

1887 1756 2305 1825 Iletaphrastem
2335 1755 2403 1807 ab
2427 1754 2548 1807 aliis
2574 1753 2919 1814 concinnata,
2952 1762 3006 1806 et
3036 1753 3078 1806 si
3114 1768 3221 1806 non
3251 1751 3321 1805 ita
3352 1750 3467 1803 ele—

1887 1859 2075 1919 ganter
2119 1848 2173 1902 in
2223 1847 2464 1902 Ecclesia
2510 1846 2811 1917 legebatur.
2862 1844 3137 1897 Laudatur
3175 1859 3205 1897 a
3254 1842 3469 1897 Joanne

1889 1940 2224 1994 Damasceno
2277 1948 2333 1994 et
2379 1938 2520 1993 aliis.
2558 1940 2688 1992 Eum
2730 1937 2773 1991 si
2807 1937 2930 2006 quis
2958 1935 3340 2005 Metaphrastae
3370 1937 3467 1989 tri-

1888 2032 2101 2096 bueret,
2132 2030 2242 2100 jam
2272 2029 2375 2083 alia
2407 2037 2539 2083 tetas
2566 2035 2693 2081 ante
2728 2027 2902 2096 ipsum
2933 2025 3329 2079 Damascenum
3366 2025 3473 2079 Mc-

1891 2123 2180 2193 taphrastze
2212 2129 2540 2191 assurgeret,
2574 2121 2810 2189 vitiaque
2842 2117 3100 2173 similium
3141 2118 3467 2187 scriptorum

1893 2216 1946 2269 iu
1977 2215 2400 2284 Metaphrastem
2433 2212 2878 2279 reiundercntur,
2912 2213 3056 2282 quod
3088 2212 3354 2266 absonum
3387 2212 3472 2265 in-

1890 2308 2223 2380 dignumque
2272 2317 2426 2362 tanto
2472 2308 2589 2361 viro
2631 2306 2813 2362 fuerit.
2853 2308 2930 2361 ita
2972 2308 3135 2361 etiam
3167 2307 3233 2361 de
3270 2314 3472 2360 sanctae

1889 2403 2199 2475 Eupraxiae,
2262 2401 2503 2458 Danielis
2542 2402 2775 2466 abbatis,
2810 2399 3036 2457 Joannis
3065 2400 3469 2470 Chrysostomi.

1893 2497 2213 2568 Euphemiae
2245 2495 2497 2568 martyris
2527 2537 2542 2560 ,
2576 2495 2826 2566 Procopii
2871 2494 3154 2566 martyris,
3202 2492 3472 2547 Anastasii

1894 2589 2096 2656 Persae,
2142 2588 2510 2659 Amphilochii
2556 2587 2856 2642 lconiensis
2881 2587 3170 2674 .episcopi,
3213 2585 3473 2640 aliorum-

1894 2697 2001 2752 que
2040 2696 2111 2735 ne
2161 2680 2406 2752 singulos
2445 2695 2785 2742 recenseam,
2833 2678 2960 2733 vitis
3001 2676 3334 2732 censendum
3366 2684 3471 2731 est.

1896 2775 2042 2841 Quas
2067 2772 2156 2827 ubi
2187 2772 2427 2842 primum
2481 2772 2748 2843 genuinas
2786 2770 3167 2840 Metaphrastaa
3203 2784 3233 2823 a
3273 2770 3474 2837 spuriis

1897 2864 2236 2928 distinxeris,
2284 2873 2400 2919 tum
2427 2863 2648 2918 demum
2675 2862 2743 2917 de
2780 2870 2941 2916 relate
2970 2861 3274 2931 Symeonis,
3322 2858 3472 2927 ejus-

1897 2975 2005 3032 que
2034 2958 2365 3032 integritate,
2410 2965 2465 3012 et
2517 2955 2571 3009 in
2625 2953 2930 3009 enarranda
2975 2951 3209 3006 llistoria
3245 2950 3474 3005 veritate

1895 3050 2159 3122 judicium
2191 3049 2369 3113 feres;
2419 3047 2555 3101 alias
2588 3043 2914 3100 sententiam
2943 3041 3188 3105 diﬂeras,
3222 3050 3274 3095 et
3303 3057 3334 3094 a
3365 3038 3475 3094 cri-

1901 3140 2292 3197 minationibus
2326 3138 2623 3201 abstineas,
2669 3151 2741 3191 ne
2770 3136 2825 3189 in
2859 3135 3238 3188 immerentem
3267 3131 3475 3186 nullam

1898 3237 1967 3292 ob
1996 3250 2216 3290 causam
2248 3233 2481 3303 iniurius
2514 3230 2724 3284 audias.
2773 3227 2966 3281 Risum
3018 3245 3046 3277 ιι
3073 3225 3149 3279 ibi
3181 3240 3324 3294 saepe
3362 3239 3479 3279 mo.-

1870 3354 1871 3357 η
1897 3345 2024 3385 vero
2062 3327 2123 3393 ii,
2161 3328 2252 3397 qui
2296 3324 2560 3396 quidquid
2590 3321 2883 3377 habuerint
2915 3320 2982 3374 dc.
3008 3318 3130 3372 Vita
3161 3327 3475 3372 sanctorum

1900 3423 2020 3477 sine
2062 3421 2301 3475 auctoris
2331 3417 2574 3480 nomine,
2624 3414 2676 3468 id
2702 3422 2887 3480 totum
2923 3411 3040 3466 sine
3083 3410 3190 3464 alio
3228 3408 3479 3463 examine

1901 3476 2069 3566 stulte
2100 3509 2262 3564 nimis
2291 3517 2453 3576 atque
2479 3476 2829 3574 impudenter
2850 3499 3228 3569 Metaphrastae
3250 3497 3478 3552 dedunt.

1972 3602 2041 3657 ld.
2078 3603 2123 3656 si
2161 3600 2564 3657 considerasset
2615 3591 2969 3651 doctissimus
3006 3589 3368 3645 Bellarminus
3412 3588 3481 3642 de

1902 3694 2291 3766 Scriptoribus,
2318 3690 2371 3746 in
2420 3705 2488 3746 eo
2534 3688 2894 3744 obtrectando
2952 3700 3062 3739 non
3103 3685 3177 3739 ita
3222 3683 3483 3753 profusus

1901 3788 2113 3844 fuisset.
2169 3780 2309 3839 Illud
2361 3790 2537 3836 autem
2586 3777 2964 3834 observandum
3022 3792 3055 3828 ιι
3120 3771 3483 3845 Melaphraste

1906 3881 2133 3948 scriptas
2175 3876 2335 3948 fuisse
2370 3872 2636 3927 Historias
2675 3872 2740 3925 de
2793 3868 2928 3924 Vitis
2959 3865 3275 3922 Sanctorum
3305 3862 3485 3918 multis

1906 3971 2104 4026 additis
2132 3985 2198 4024 ea;
2234 3966 2447 4037 proprio
2472 3965 2701 4035 ingenio,
2735 3970 2920 4017 nonut
2954 3976 3035 4013 res
3064 3967 3221 4030 gesta:
3251 3958 3482 4029 fuerant,

1907 4065 1999 4119 sed
2054 4072 2112 4117 ut
2167 4061 2279 4133 geri
2326 4065 2609 4128 potuerant
2656 4070 2675 4110 :
2726 4054 2876 4108 addit
2922 4052 3059 4106 enim
3107 4049 3487 4118 Metapltrastcs

1908 4153 2077 4209 multa
2103 4151 2389 4222 colloquia,
2419 4150 2527 4203 sive
2569 4146 2804 4217 dialogos
2834 4154 3127 4212 martyrum
3159 4156 3275 4193 cum
3309 4154 3488 4207 perse-

1911 4245 2198 4304 cutoribus.
2226 4246 2435 4311 aliquas
2464 4238 2624 4293 etiam
2655 4234 3011 4289 conversiones
3035 4230 3361 4286 adstantium
3383 4244 3489 4298 pa.

1911 4353 2171 4411 annorum
2197 4337 2255 4390 in
2288 4344 2437 4387 tanta
2474 4347 2708 4393 numero,
2733 4336 2803 4395 με
2831 4325 3160 4381 incredibiles
3189 4324 3486 4378 videantur.

1912 4432 2147 4502 Denique
2185 4426 2446 4484 miracula
2481 4423 2734 4493 plurima,
2774 4429 2823 4474 et
2854 4419 3087 4473 maxima
3133 4417 3189 4469 in
3227 4415 3492 4469 eversione

229 4526 376 4583 circa
397 4541 533 4580 anu.
570 4526 726 4583 Dom.
760 4526 888 4593 505,
910 4527 1055 4582 adde
1098 4526 1292 4582 intacti
1322 4542 1354 4581 a
1377 4527 1668 4597 putredine
1689 4542 1810 4582 (ποτε
1842 4539 1885 4595 ι)
1917 4525 2231 4596 templorum
2283 4533 2331 4576 et
2382 4520 2664 4581 idolorum,
2700 4528 2921 4584 quorum
2970 4508 3116 4565 nulla
3162 4517 3238 4561 est
3294 4506 3493 4597 mentio

230 4622 381 4690 poris
415 4634 595 4675 annos
644 4618 771 4688 200,
829 4619 936 4675 erit
986 4618 1200 4674 Christi
1239 4617 1367 4684 505,
1419 4632 1530 4687 quo
1578 4618 1814 4689 scriptor

230 4712 371 4770 Vite
401 4712 639 4770 vivebat.
673 4712 782 4769 Sed
823 4712 912 4769 hic
948 4711 1116 4767 fuerit
1156 4708 1432 4766 Anastasii
1468 4708 1815 4779 imperatoris

230 4809 483 4865 decimus
516 4808 734 4874 tertius,
774 4820 902 4880 ergo
936 4815 1050 4861 tum
1090 4818 1309 4875 quoque
1341 4802 1561 4876 vivebat
1603 4801 1807 4856 scribe-

230 4905 438 4973 batque
466 4901 886 4973 Metaphrastes.
929 4900 1066 4955 Rem
1104 4899 1267 4970 plano
1298 4896 1603 4953 ridicuhm.
1640 4896 1817 4963 Quare

234 4996 378 5053 Vita:
441 4997 629 5060 editae,
683 4995 771 5051 vel
821 4993 1052 5052 edendas
1097 4998 1356 5047 accurate
1404 4987 1816 5045 considerandas

233 5100 385 5158 sunt,
416 5097 534 5144 tum
589 5089 807 5147 demum
856 5084 1242 5156 hletaphrasta:
1279 5079 1609 5137 asserenda.
1648 5080 1821 5134 Disci-

238 5182 354 5253 puli
403 5179 557 5237 enim
607 5193 803 5241 omnes
841 5177 959 5232 sive
1009 5175 1288 5239 monachi,
1326 5172 1565 5228 sivealia
1598 5186 1818 5242 quoque

241 5275 617 5331 ecclesiastica
655 5272 920 5343 dignitate
968 5269 1346 5343 praecedentes
1398 5266 1817 5336 Mctaphrastcm

239 5370 500 5428 abdicant.
531 5381 699 5422 z-cum
734 5364 828 5425 ille
864 5361 1216 5420 saecularibus
1262 5359 1493 5430 negotiis
1523 5358 1636 5430 με]
1666 5356 1818 5411 addi-

241 5472 387 5526 ctus,
412 5460 666 5531 quamvis
704 5457 906 5527 pietate
934 5464 990 5512 et
1021 5454 1311 5509 sanctitate
1354 5450 1583 5521 insignis
1620 5452 1674 5501 in
1696 5464 1822 5502 sic-

242 5555 368 5610 culo
406 5554 578 5609 vitam
609 5550 805 5623 egerit.
846 5549 979 5604 Illud
1008 5558 1227 5619 quoque
1252 5545 1436 5600 animo
1459 5543 1821 5613 reputantium

243 5658 346 5715 est,
382 5648 555 5712 Vitas,
589 5660 727 5716 quas
775 5642 1172 5713 Metapbrastes
1211 5638 1583 5702 concinnavit,
1614 5637 1820 5706 pleras-

245 5759 351 5815 que
386 5742 457 5797 ab
484 5740 607 5797 aliis
627 5747 787 5793 antea
817 5737 989 5793 fuisse
1016 5733 1343 5804 descriptas,
1371 5744 1495 5787 cum
1523 5740 1708 5785 tanien
1748 5728 1824 5782 illi

248 5847 351 5889 rec
377 5832 553 5904 stylus
581 5827 941 5893 satisfaceret,
978 5840 1082 5882 nec
1120 5822 1370 5881 Historiae
1403 5822 1595 5891 series,
1633 5821 1835 5876 verita-

1915 4602 2058 4692 apud
2093 4626 2291 4673 veteres
2324 4612 2617 4667 historicos.
2650 4609 2813 4663 Multa
2843 4602 3118 4660 addidisse
3153 4600 3343 4692 de‘suo
3380 4595 3492 4692 Bie-

1913 4689 2275 4783 taphrastem.
2324 4705 2437 4760 Iloc
2491 4717 2621 4757 vero
2665 4696 3005 4770 probandum
3065 4703 3167 4747 est.
3220 4690 3346 4760 Sed!
3372 4689 3496 4758 quis

1917 4781 2009 4862 ille
2049 4805 2277 4877 lynceus
2318 4794 2669 4864 lucﬁthuis
2714 4792 2771 4846 in
2815 4784 3222 4844 obscurissimis
3261 4781 3496 4852 antiqui-

1922 4897 2048 4953 tatis
2071 4873 2316 4957 tenebris
2339 4888 2550 4952 videns,
2581 4884 2761 4939 addita
2788 4898 2818 4936 a
2848 4895 2973 4935 vere
3001 4877 3168 4950 gestis
3203 4873 3498 4931 secernet?

1924 4988 2148 5046 Etiamsi
2208 4986 2324 5055 ipsa
2360 4983 2493 5036 Acta
2542 4987 2840 5047 martyrum
2888 4968 3245 5039 autographa,
3284 4974 3341 5019 ct
3372 4965 3499 5018 vitae

1924 5084 2058 5154 ipsae
2089 5083 2161 5136 ab
2187 5079 2516 5137 iisdemmet,
2554 5085 2786 5143 quorum
2826 5067 2949 5124 Vita
2999 5070 3285 5119 enarratur
3324 5059 3499 5154 lusio-

1924 5147 2060 5230 riam
2112 5172 2458 5234 haberemus,
2516 5162 2717 5222 didicili
2767 5172 2883 5217 tum
2932 5157 3097 5213 etiam
3149 5150 3399 5209 examine
3446 5147 3500 5203 id

1927 5278 2213 5340 possemus
2242 5259 2502 5330 consequi
2536 5275 2549 5312 :
2582 5270 2763 5326 neque
2798 5252 2945 5308 enim
2973 5246 3159 5304 omnia
3193 5245 3249 5298 in
3280 5242 3386 5297 illis
3416 5254 3503 5294 re-

1929 5334 2137 5418 censita
2175 5358 2324 5423 sunt,
2347 5353 2591 5422 nihilque
2619 5349 2925 5420 neglectum
2955 5340 3028 5397 ita
3059 5349 3120 5396 ut
3146 5339 3214 5393 ab
3244 5336 3350 5391 alio
3381 5334 3503 5388 ad'di

1928 5466 2038 5505 non
2071 5446 2329 5518 potuerit.
2370 5443 2450 5507 Et!
2477 5455 2647 5513 quare
2679 5438 2857 5507 potius
2887 5432 3004 5506 [id]
3041 5448 3151 5486 non
3201 5431 3369 5482 multa
3391 5426 3507 5518 ipse

1928 5516 2195 5603 omiserit,
2248 5552 2370 5608 quae
2417 5536 2598 5591 minus
2656 5531 2942 5603 probaret,
3003 5538 3164 5595 quam
3215 5516 3509 5576 addiderit?

1930 5628 2122 5688 Narrat
2166 5642 2426 5702 praeterea
2462 5634 2547 5683 res
2591 5637 2792 5697 gestas,
2827 5634 2931 5676 non
2972 5628 3027 5673 ut
3071 5633 3152 5671 res
3198 5624 3352 5686 gesta:
3386 5614 3509 5683 [uc-

1934 5735 2076 5788 runt,
2111 5727 2203 5779 sed
2246 5732 2304 5777 ut
2352 5722 2460 5793 geri
2489 5707 2789 5790 potuerunt.
2825 5713 2982 5770 Unde
3024 5710 3077 5765 id
3106 5706 3269 5762 habet
3304 5703 3504 5757 Bellar-

1934 5814 2156 5872 minusl
2184 5814 2452 5871 Habuitne
2484 5812 2609 5882 ipse,
2626 5815 2836 5864 rectum
2872 5815 3119 5858 actorum
3149 5797 3420 5860 ordinem,
3459 5803 3513 5846 et
3588 5832 3589 5835 η
3650 5800 3653 5803 ‘
