3826 6480
364 315 439 379 39
598 266 609 277 κ
1669 314 1945 377 LEONIS
1975 316 2280 376 ALLATII
2832 291 2852 302 ’
3362 361 3379 372 .
3550 322 3613 386 ιο

368 442 429 485 ιιι
451 445 537 485 res
560 442 709 502 gesta
743 439 829 487 est
860 429 929 486 ab
957 429 1065 485 alio
1088 429 1477 499 conscriptam,
1506 437 1561 484 et
1590 428 1940 500 publicatam,
1969 427 2022 487 Α
2046 443 2263 483 manant
2335 430 2687 501 divinamque
2738 430 2953 487 intersit
2980 470 2994 495 ,
3040 429 3171 501 quid
3252 432 3397 486 inter
3449 431 3615 487 histo—

367 523 514 578 unde
538 523 930 579 immutationis
959 522 1273 593 hujusmodi
1299 521 1719 594 Metaphrastem
1744 536 1939 593 argue-

361 613 482 672 rit?
510 615 709 673 Prodat
733 616 786 671 in
817 616 1011 671 lucem.
1046 615 1195 670 Alias
1237 616 1311 670 illi
1339 631 1405 670 ex
1434 614 1652 687 ingenio
1676 623 1732 670 et
1759 613 1941 684 suspi-

368 706 529 761 cione
560 707 792 775 quadam
824 722 923 761 sua
954 705 1221 762 asserenti
1253 721 1362 760 non
1392 704 1697 759 credemus.
1748 702 1941 774 Suspi~

362 809 520 853 cetur
547 800 634 852 ille
665 798 928 868 quidquid
959 798 1113 863 velit,
1147 798 1402 854 acumine
1436 798 1661 870 ingenii,
1693 813 1803 868 quo
1822 797 1941 867 pol—

362 891 456 957 let,
502 891 699 946 edicet.
754 890 864 945 Res
912 907 1039 946 cum
1065 892 1119 946 in
1158 891 1304 947 facto
1355 891 1639 957 consistat,
1689 891 1792 945 nisi
1824 905 1936 945 rem

363 980 500 1050 ipse,
538 981 618 1034 uti
654 988 807 1051 gesta
842 989 945 1046 est,
979 981 1034 1034 in
1064 979 1300 1036 medium
1325 978 1590 1050 proferat,
1618 995 1736 1035 rem
1758 979 1935 1045 aliter,

360 1081 417 1127 et
450 1071 529 1128 uti
563 1073 677 1144 geri
710 1073 971 1142 potuerit,
1015 1072 1226 1127 narrari
1257 1088 1287 1126 a
1322 1071 1688 1143 Metaphraste
1713 1086 1822 1126 non
1856 1070 1941 1125 di-

366 1179 576 1220 cemus.
607 1163 765 1217 Addit
809 1164 1070 1234 colloquia
1127 1174 1175 1218 et
1209 1164 1443 1236 dialogos
1485 1174 1777 1235 martyrum
1824 1179 1941 1218 cum

366 1254 806 1323 persecutoribus.
839 1255 981 1321 Quid
1003 1254 1046 1308 si
1079 1255 1167 1310 illa
1202 1254 1391 1312 habuit
1424 1253 1539 1327 ipse
1568 1268 1632 1307 ex
1662 1252 1784 1309 aliis
1822 1267 1937 1306 ma-

362 1349 656 1419 nuscriptis
682 1358 737 1404 et
763 1348 916 1406 libris
948 1348 1306 1415 authenticis,
1333 1347 1426 1420 qui
1459 1347 1621 1403 modo
1643 1347 1740 1402 .vel
1770 1345 1934 1417 negli-

356 1442 534 1510 gentia
552 1440 854 1506 hominum,
871 1441 957 1496 vel
989 1442 1291 1497 rusticitate
1316 1442 1405 1497 illa
1429 1456 1548 1507 sua,
1565 1440 1650 1495 vel
1668 1448 1936 1496 vetustate

357 1532 755 1587 obsoleverint?
777 1533 1062 1604 Diligentia
1078 1534 1386 1591 Graecorum
1398 1534 1791 1605 imperatorum
1804 1550 1940 1604 quo-

359 1641 476 1677 rum
500 1625 730 1679 niaxima
756 1636 867 1679 tum
890 1636 1190 1696 eratpenes
1203 1628 1517 1681 universum
1537 1627 1724 1682 orbem
1750 1635 1938 1682 aucto.

2046 517 2233 588 ricam:
2283 527 2339 573 et.
2420 519 2851 592 evangelistam,
2919 520 3053 592 quid
3144 520 3290 576 inter
3367 519 3614 592 dogmata

2044 618 2100 664 et
2143 612 2605 678 consuetudines,
2658 613 2787 683 quid
2856 614 3002 670 inter
3069 629 3156 669 res
3204 613 3508 685 praecipuas
3563 626 3617 673 et

2046 702 2381 771 potissimas,
2411 719 2549 776 quas
2596 705 2683 759 vel
2732 706 3006 761 levissima
3066 706 3450 762 immutatione
3503 709 3615 763 vul-

2041 793 2359 858 neraveris,
2412 803 2468 849 et
2523 795 2667 849 inter
2712 794 3055 863 levissimas,
3104 802 3161 850 et
3207 796 3495 852 scribentis
3533 815 3616 853 ar-

2045 884 2211 940 bitrio
2265 886 2551 953 obnoxias,
2607 903 2727 957 quae
2780 897 3059 959 utcunque
3119 895 3354 943 narratae
3408 889 3534 943 dum
3585 907 3613 945 a

2045 978 2278 1033 veritate
2340 993 2452 1032 non
2503 978 2819 1043 receditur,
2883 981 3019 1035 nulli
3080 976 3471 1036 detrimentum
3516 982 3612 1037 ad-

2038 1068 2295 1138 iungunt.
2363 1067 2498 1135 Quis
2558 1069 2612 1124 in
2678 1072 2979 1126 referendis
3050 1072 3332 1143 colloquiis
3406 1075 3612 1128 vcrosiv

2042 1158 2190 1213 milia
2215 1158 2476 1214 damnet?
2502 1157 2704 1230 Operas
2735 1170 2791 1216 et
2826 1161 3110 1218 facultates
3137 1162 3360 1218 collatas
3408 1162 3476 1216 ab
3508 1163 3614 1216 im-

2043 1250 2387 1319 peratoribus
2431 1250 2650 1306 abunde
2690 1254 2956 1321 expressit
2987 1253 3197 1308 Psellus
3238 1253 3292 1306 in
3319 1253 3566 1308 oratione
3598 1271 3611 1307 :

2040 1343 2178 1397 Φασί
2216 1342 2280 1413 γέ
2323 1361 2406 1397 τοι
2436 1344 2585 1415 ’μηδ’
2632 1346 2697 1399 ὲκ
2749 1346 3030 1416 παρέργου
3082 1343 3272 1398 τοῦτον
3299 1340 3487 1417 ᾖῆφθαι
3519 1343 3611 1397 τοῦ

2043 1436 2389 1507 πράγματος,
2422 1437 2560 1508 μηδὲ
2591 1437 2754 1492 αὑτὸν
2783 1438 3118 1510 προθέμενον
3152 1438 3202 1491 εί
3234 1437 3310 1509 μὴ
3336 1438 3459 1492 ὅσον
3490 1436 3612 1506 Bod-

2041 1529 2252 1584 λεσθαι.
2299 1530 2583 1585 Βασίλειον
2613 1530 2669 1584 δὲ
2710 1529 2902 1584 τοῦτον
2929 1531 3305 1603 παρακλήσεις
3336 1531 3429 1583 ἐπὶ
3456 1529 3613 1582 τοῦτο

2044 1621 2411 1691 προήνεγκαν,
2452 1624 2548 1675 καὶ
2571 1616 2652 1686 οἷς
2691 1622 3038 1691 ίφροντίζετο
3068 1622 3225 1692 λόγος
3253 1624 3348 1676 καὶ
3378 1621 3609 1684 σύνεσις.

360 1713 510 1778 ritas,
533 1714 582 1767 in
601 1713 710 1768 illis
732 1716 1121 1786 conquirendis
1134 1733 1242 1770 non
1258 1715 1447 1772 defuit.
1463 1714 1677 1772 Maximi
1692 1727 1928 1789 sumptui

2044 1712 2156 1767 Καὶ
2183 1708 2251 1785 ἦν
2282 1712 2434 1784 αὐτῷ
2470 1715 2504 1785 ἡ
2532 1714 2856 1787 παρασκευὴ
2887 1713 2947 1780 ἐξ
2978 1714 3218 1785 ἑτοίμου,
3246 1713 3446 1777 κύκλος
3473 1729 3530 1766 τε
3552 1712 3611 1766 οὐ
3668 1746 3675 1749 -

358 1814 468 1861 tum
500 1823 560 1860 ex
590 1808 981 1876 imperatorum
1020 1808 1237 1873 aerario,
1267 1816 1379 1863 tum
1404 1823 1468 1863 ex
1501 1810 1736 1880 propriis
1761 1810 1928 1881 ipsius

2043 1802 2247 1875 βραχὺς
2262 1804 2371 1858 τῶν
2387 1821 2446 1857 τε
2471 1804 2701 1876 πρώτως
2719 1806 2847 1875 ινση
2856 1807 3200 1877 μαινομένων
3221 1806 3316 1877 τὴν
3337 1804 3502 1870 λέξιν,
3520 1807 3613 1860 καὶ

354 1896 752 1967 Μι-ι·οι›ιιι-ειειεε,
771 1900 928 1969 cujus
942 1899 1133 1971 amplae
1154 1901 1625 1970 erantfacultates,
1640 1903 1695 1959 in
1716 1904 1933 1960 hocne-

352 1990 497 2059 gotio
527 1992 750 2053 decreti.
783 1992 1108 2049 effusissime
1137 1994 1465 2064 suppeditati
1501 2008 1629 2053 sunt
1659 2014 1672 2052 :
1702 2013 1813 2053 non
1836 1998 1934 2053 de-

354 2079 506 2136 fuere
538 2083 1129 2155 coinitum,eorumque
1151 2087 1589 2143 doctissimorum
1614 2090 1832 2146 auxilia.
1854 2092 1930 2147 Ea

353 2188 569 2243 quoque
596 2183 916 2245 tempestate
957 2177 1142 2248 plures
1176 2180 1530 2251 manuscripti
1582 2182 1799 2238 codices
1830 2183 1931 2238 ha-

353 2265 642 2333 bebantur,
679 2284 840 2339 quam
874 2270 974 2325 hac
1010 2280 1196 2326 nostra
1240 2281 1423 2340 aetate,
1460 2288 1584 2329 cum
1640 2284 1697 2329 et
1729 2273 1931 2331 Barba-

353 2373 538 2413 rorum
567 2359 972 2417 incursionibus
1005 2363 1259 2418 universa
1286 2363 1490 2423 Gracia
1516 2363 1712 2422 amicta
1739 2376 1842 2435 est,
1875 2377 1933 2424 et

354 2450 562 2506 similes
581 2454 793 2509 codices
806 2455 1274 2526 nequissimorum
1295 2456 1582 2513 hominum
1607 2460 1813 2515 scelere
1835 2475 1930 2515 va-

356 2542 450 2596 riis
496 2546 671 2600 modis
719 2546 985 2618 deperditi
1021 2566 1035 2603 :
1086 2548 1226 2605 adde
1264 2550 1603 2605 curiosorum
1648 2552 1931 2629 hominum

351 2632 715 2691 sollicitudine
743 2646 798 2692 et
830 2638 1031 2707 studio,
1059 2640 1166 2695 alio
1200 2652 1365 2712 atque
1393 2642 1499 2698 alio
1528 2647 1820 2715 exportati.

424 2724 559 2789 Quis
596 2727 777 2797 itaque
830 2729 957 2798 jure
1019 2733 1320 2803 negaverit,
1369 2749 1490 2804 qua:
1543 2735 1933 2808 Metaphrastes

351 2816 703 2873 concinnavit
744 2819 799 2874 in
842 2820 964 2877 aliis
1012 2823 1336 2891 codicibus,
1385 2824 1560 2897 iisque
1603 2827 1707 2884 fide
1753 2828 1931 2902 dignis

351 2922 459 2961 non
494 2910 829 2983 perlegisse?
868 2910 933 2967 Et
970 2923 1151 2984 potest
1212 2916 1429 2972 tandem
1477 2919 1725 2988 quilibet,
1773 2922 1931 2978 dum-

350 3002 512 3056 modo
556 3018 735 3058 rerum
779 2996 1141 3063 substantiam
1189 3025 1299 3065 non
1350 3011 1675 3080 immutarit,
1722 3016 1830 3071 alio
1875 3028 1932 3073 et

349 3091 456 3149 alio
488 3094 650 3148 modo
677 3110 791 3151 rem
833 3096 1048 3153 eﬂ‘crre.
1096 3099 1312 3158 Etenim
1361 3102 1405 3157 si
1437 3103 1630 3159 iisdem
1670 3106 1787 3176 ipse
1819 3108 1933 3164 for-

352 3186 515 3240 mulis
534 3195 588 3241 et
610 3189 932 3258 luminibus,
948 3207 1013 3247 ac
1030 3202 1242 3249 veteres
1269 3194 1363 3261 illi,
1389 3210 1505 3251 rem
1528 3199 1925 3270 exscripsisset,

353 3276 594 3334 “tarum
655 3282 999 3352 exscriptor,
1046 3300 1154 3340 non
1202 3298 1394 3342 auctor
1448 3289 1558 3344 dici
1615 3292 1924 3349 meruisset.

350 3370 605 3427 Studium
673 3373 851 3428 simile
902 3375 1216 3434 laudaverat
1261 3379 1316 3435 in
1363 3380 1482 3437 Vita
1538 3381 1766 3441 Joannis
1827 3386 1924 3442 Da-

349 3462 591 3516 ntasccni
624 3500 639 3527 ,
700 3462 942 3521 Joannes
993 3467 1302 3536 patriarcha
1354 3470 1925 3544 llierosolymitanus:

349 3552 412 3607 Ei
449 3553 544 3607 οὖν
589 3554 687 3626 τὴν
726 3557 936 3610 ἐκείνου
967 3558 1180 3631 μορφὴν
1227 3560 1369 3616 οὕτω
1415 3563 1476 3616 τὸ
1510 3564 1759 3636 λαμπρὸν
1808 3571 1929 3621 ἐπι·

348 3645 664 3705 σπεύδουσι.
730 3649 783 3702 τί
848 3649 957 3720 ἄρα
1010 3651 1130 3705 δέον
1188 3656 1319 3725 περὶ
1370 3656 1470 3720 τὰς
1519 3658 1765 3728 ἱστορίας
1814 3661 1926 3715 τῶν

347 3736 601 3805 πράξεων
624 3740 1004 3811 ἡμελημένους
1030 3743 1126 3814 ὲᾷν
1146 3745 1272 3807 τοὺς
1295 3744 1507 3814 λόγους,
1528 3748 1621 3802 καὶ
1648 3751 1924 3817 ἀκαλλείς;

346 3828 643 3898 Οὐμενοῦν.
693 3829 817 3893 Τοῖς
868 3832 977 3903 γὰρ
1019 3833 1427 3907 ἀγροικοτέροις
1486 3839 1813 3912 συγγνώμη,
1851 3844 1927 3908 ὡς

345 3917 465 3987 ἔχου
477 3936 547 3981 σι,
577 3920 917 3988 σχεδιάζουσι
943 3924 1166 3992 λόγους·
1195 3926 1296 3991 τὰς
1329 3929 1555 3999 πράξεις
1581 3931 1627 3984 δ’
1656 3933 1930 4005 ἱστοροῦνο

344 4028 445 4074 τας
498 4012 609 4066 τῶν
665 4014 1145 4087 ὲναρεστησάντων
1195 4021 1448 4093 Χριστῷ,
1498 4017 1578 4088 οἷς
1606 4026 1635 4078 ό
1666 4024 1824 4096 λόγος
1864 4029 1929 4083 τὸ

344 4104 782 4176 σπουδαζόμενον
803 4108 1049 4177 γέγονεν,
1072 4109 1133 4162 οὐ
1159 4113 1553 4179 συγγνωστέον,
1588 4114 1736 4186 βίους
1758 4118 1928 4188 ἁγίων

345 4198 817 4269 παρεωραμένοις,
851 4199 1310 4272 ἐσχεδιασμένοις,
1340 4205 1418 4269 ὡς
1447 4204 1631 4279 ἔτυχε,
1663 4209 1757 4263 καὶ
1790 4211 1927 4281 μᾶλ-

344 4291 436 4342 λον
483 4288 693 4362 ἀνδρῶν
740 4291 1019 4359 τοιούτων,
1064 4287 1147 4358 οἷς
1195 4295 1333 4367 πνοὴ
1374 4298 1468 4354 καὶ
1508 4297 1623 4371 ζωὴ
1654 4300 1717 4354 τὸ
1750 4302 1929 4370 λόγοις

346 4384 723 4451 ἐπαγρυπνεῖν
749 4385 1139 4455 ἐχρημάτισεν.
1186 4389 1363 4460 Igitur
1391 4391 1436 4445 si
1463 4393 1604 4447 circa
1636 4396 1929 4467 imaginum

2036 1896 2144 1949 τῶν
2189 1895 2331 1966 μετὰ
2369 1895 2543 1952 ταῦτα
2591 1897 2857 1953 τεθέντων
2879 1914 2896 1930 ο
2945 1900 3039 1953 καὶ
3068 1898 3226 1962 ἄλλος
3255 1899 3341 1952 ἐπ’
3376 1897 3550 1968 ἄλλῳ*
3583 1898 3641 1949 6'

2042 1987 2140 2057 μὲν
2167 1987 2238 2041 τὰ
2271 1987 2465 2058 πρῶτα
2494 1989 2686 2056 ποιῶν,
2732 1993 2760 2044 ό
2788 1990 2845 2044 δὲ
2872 1990 2942 2045 τὰ
2971 1990 3222 2061 δεύτερα,
3255 1990 3351 2046 καὶ
3373 1990 3467 2044 ἐπὶ
3492 1990 3613 2044 τοῦ.

2035 2097 2147 2143 τοις
2169 2081 2218 2132 ol
2232 2079 2787 2152 τὰζσυγγεγραμμένα
2799 2082 3090 2155 ὲξακριϐού
3099 2100 3271 2153 μενοι,
3292 2084 3357 2137 ἶν’
3378 2083 3461 2137 ὅτι
3487 2084 3608 2147 τοὺς

2038 2172 2388 2244 ὑπογραφέας
2441 2171 2616 2236 λάθοι,
2669 2174 2803 2245 πρὸς
2847 2175 2948 2246 τὴν
2986 2174 3355 2246 ὑποκειμένην
3385 2172 3608 2246 διορθώ-

2037 2282 2236 2320 σωνται
2280 2267 2512 2323 ἔννοιαν.
2565 2266 2641 2320 οὐ
2687 2266 2796 2338 γὰρ
2839 2269 2967 2342 ἐνῆν
2999 2268 3148 2338 αὑτῷ
3192 2268 3281 2322 διὰ
3314 2267 3377 2321 τὸ
3412 2266 3616 2338 πλῆθος

2032 2357 2143 2411 τῶν
2173 2360 2623 2430 συγγραμμάτων
2646 2358 2909 2425 πολλάκις
2931 2360 3001 2414 τὰ
3021 2361 3162 2415 αὐτὰ
3194 2360 3522 2415 ἀνακυκλεῖν
3546 2378 3604 2414 τε

2035 2454 2131 2507 καὶ
2151 2454 2374 2525 ὲφορᾷν.
2414 2453 2555 2507 Ἀλλ’
2581 2455 2630 2507 εί
2661 2454 2755 2507 καὶ⁵
2793 2453 2961 2517 πολὺς
2987 2455 3015 2508 ὁ
3042 2451 3203 2525 ζῆλος
3230 2453 3493 2525 ὀνόματος
3520 2454 3610 2507 καὶ

2036 2545 2069 2615 ἡ
2111 2545 2332 2615 φροντὶς
2363 2543 2722 2617 περιττοτέρα
2749 2543 2844 2598 τοῦ
2875 2544 3104 2608 δέοντος,
3151 2544 3185 2615 ἢ
3224 2545 3426 2613 μᾶλλον
3476 2544 3611 2615 προς

2035 2634 2193 2688 τοῦτο
2223 2634 2288 2705 δὴ
2316 2635 2638 2707 ἀξιόχρεως·
2677 2635 2793 2689 ἀλλ’
2822 2636 2917 2704 ὅγε
2950 2635 3151 2706 στάχυς
3181 2638 3482 2719 ἐνενικήκει
3509 2653 3611 2707 μα-

2036 2726 2155 2799 κρῷ
2182 2727 2280 2796 τὴν
2314 2729 2546 2799 σπορὰν,
2565 2729 2657 2782 καὶ
2675 2728 2737 2782 τὸ
2762 2728 2912 2799 λήϊον
2939 2723 3054 2782 οἷον
3079 2728 3289 2782 οὐδέπω
3317 2730 3411 2782 καὶ
3438 2730 3609 2800 τήμε-

2038 2836 2154 2893 ρον.
2171 2821 2292 2875 Εῐτε
2320 2821 2412 2874 καὶ
2431 2820 2597 2892 μηδὲν
2614 2821 2742 2876 ἄλλο
2765 2821 2843 2892 τῷ
2867 2821 3024 2893 ἀνδρὶ
3047 2821 3457 2887 διεσπούδαστο,
3487 2820 3610 2893 μηδ’

2035 2912 2361 2984 ἀποχρῶντα
2405 2913 2474 2967 τὰ
2524 2913 2659 2968 ἄλλα
2718 2913 3032 2985 σύμπαντα,
3082 2915 3178 2969 καὶ
3227 2914 3350 2968 καθ’
3381 2916 3611 2969 ἕκαστον

2038 3004 2175 3074 πρὸς
2205 3005 2460 3075 ἀφορμὴν
2488 3006 2761 3076 εὐφημίας
2797 3006 3021 3077 ἀρκοῦν,
3053 3006 3190 3061 ἀλλὰ
3217 3008 3343 3077 τόγε
3371 3007 3610 3063 τοιοῦτον

2038 3097 2255 3152 ἑλέσθαι
2290 3099 2634 3169 σπούδασμα,
2661 3099 2758 3154 καὶ
2779 3099 2923 3153 οὕτω
2949 3101 3408 3172 καταπράξασθαί
3432 3119 3489 3156 τε
3518 3104 3609 3159 καὶ

2035 3191 2477 3260 ἀκριϐώσασθαι,
2525 3192 2798 3261 αὔταρκες
2846 3196 2968 3251 ἀντὶ
3016 3196 3217 3261 παντὸς
3261 3188 3425 3251 ἄλλον
3474 3198 3609 3269 πρὸς

2034 3285 2311 3354 ἐγκώμιον
2345 3285 2422 3356 τῷ
2448 3286 2618 3357 ἀνδρί.
2649 3286 2818 3342 Porro
2844 3298 3023 3344 autent
3049 3290 3228 3343 dicunt
3258 3305 3378 3343 eum
3408 3305 3512 3343 non
3538 3289 3612 3345 le-

2035 3379 2166 3435 viter
2205 3387 2253 3433 et
2268 3379 2421 3447 quasi
2443 3377 2593 3433 aliud
2613 3391 2851 3450 agentem
2872 3381 2938 3434 ha
2946 3397 3011 3434 nc
3026 3398 3135 3435 rem
3151 3399 3259 3436 esse
3272 3399 3571 3454 aggressum
3590 3397 3610 3438 ε

2038 3486 2200 3537 neque
2224 3471 2398 3539 ipsum
2429 3472 2485 3525 id
2506 3473 2606 3526 sibi
2634 3475 2985 3542 proposuisse,
3014 3483 3071 3528 ut
3112 3477 3309 3553 faceret
3350 3488 3625 3553 quantum,

2033 3563 2204 3620 uellet.
2237 3562 2341 3619 Sed
2366 3565 2705 3634 imperatoris
2728 3567 3118 3624 adhortationes
3147 3585 3265 3623 eum
3295 3571 3366 3624 ad
3388 3571 3486 3624 hoc
3508 3573 3607 3624 ad-

2033 3659 2248 3723 duxere,
2294 3669 2341 3713 et
2378 3660 2437 3722 ii,
2470 3660 2657 3732 quibus
2699 3677 2839 3715 cum
2870 3671 3008 3716 erat
3047 3664 3283 3718 doctrina
3317 3675 3365 3719 et
3404 3666 3605 3720 intelli-

2033 3751 2234 3821 gentia,
2273 3763 2323 3806 et
2352 3764 2622 3822 promptus
2647 3755 2696 3808 ei
2722 3756 2819 3827 fuit
2846 3767 3159 3824 apparatus,
3200 3768 3248 3811 et
3280 3775 3383 3812 non
3413 3776 3606 3829 parvus

2035 3845 2174 3899 orbis
2208 3861 2410 3911 eorum,
2454 3848 2543 3911 qui
2579 3846 2750 3917 primo
2778 3850 3055 3904 dictionem
3084 3852 3223 3905 notis
3253 3854 3601 3923 excipiebant,

2033 3945 2083 3989 et
2128 3953 2330 3998 eorum,
2364 3938 2455 4008 qui
2496 3949 2676 4006 postea
2702 3940 3134 4010 [transcribebant
3156 3943 3194 4013 ξι
3224 3954 3273 3998 et
3319 3945 3462 4000 alius
3490 3958 3604 4018 post

2034 4029 2224 4095 alium,
2265 4030 2358 4084 ille
2391 4031 2599 4101 quidem
2627 4033 2803 4102 prima
2832 4035 3078 4106 faciebat,
3111 4037 3195 4090 hic
3220 4054 3339 4093 vero
3372 4045 3602 4115 secunda

2033 4123 2378 4177 exscribebat.
2415 4122 2483 4178 Et
2506 4134 2619 4193 post
2641 4124 2732 4179 hos
2764 4126 2859 4179 alii
2889 4128 2980 4198 qui
3012 4145 3129 4199 qua:
3148 4132 3343 4202 scripta
3370 4135 3600 4210 fuerant,

2033 4214 2246 4282 pulchre
2280 4214 2662 4287 intelligebant,
2690 4225 2749 4270 ut
2778 4219 2915 4287 quod
2943 4222 3220 4292 scriptores
3247 4223 3501 4289 latuerat,
3535 4229 3604 4281 ad

2033 4307 2357 4375 propositam
2380 4308 2700 4377 corrigerent
2722 4311 3055 4365 sententiam.
3088 4312 3231 4367 Nam
3253 4314 3368 4388 [46]
3394 4327 3603 4386 propter

2032 4399 2345 4468 scriptorum
2384 4396 2775 4452 multitudinem
2812 4414 2917 4452 non
2953 4400 3142 4455 licebat
3183 4403 3231 4457 ei
3258 4419 3399 4473 saepe
3422 4405 3601 4463 eadem

345 4473 669 4545 eﬂigiaturas
716 4485 989 4547 tantopere
1020 4480 1274 4549 probatur
1318 4482 1375 4536 id
1416 4500 1580 4554 genus
1613 4489 1793 4553 studii,
1842 4492 1921 4545 di-
1962 4503 2002 4558 ι)
2033 4488 2293 4543 revolvere
2347 4498 2394 4542 et
2424 4488 2642 4544 intueri.
2673 4485 2777 4543 Sed
2806 4491 2902 4544 etsi
2930 4492 3087 4561 fuerit
3128 4493 3323 4549 multus
3350 4494 3519 4561 labor,
3553 4506 3600 4550 et

343 4578 573 4637 gnumne
599 4569 777 4639 fuerit,
820 4573 957 4641 quod
988 4572 1218 4639 ipsorum
1252 4573 1376 4628 bene
1405 4577 1760 4650 prteclareque
1788 4592 1935 4654 gesta
2030 4583 2209 4649 major
2253 4596 2413 4651 quam
2446 4596 2549 4649 par
2574 4590 2707 4635 esset
2751 4580 3072 4650 sollicitudo,
3117 4584 3222 4638 imo
3254 4602 3373 4640 vero
3418 4588 3597 4657 digna,

349 4659 707 4730 negligantur,
755 4672 804 4715 ct
853 4663 1069 4719 inculta:
1091 4664 1311 4733 jaceant
1340 4666 1612 4727 historice?
1647 4670 1771 4727 Non
1805 4693 1931 4744 pro—

347 4750 503 4819 fecto.
570 4750 713 4805 Nam
767 4762 824 4806 ut
878 4755 1091 4809 interim
1155 4758 1474 4813 concedatur
1526 4762 1932 4832 simplicioribus

346 4842 520 4905 venia,
558 4842 669 4909 qui,
704 4860 804 4913 qua
835 4856 1051 4912 possunt
1102 4863 1263 4917 opera
1308 4852 1643 4919 tumultaria,
1686 4856 1929 4918 divorum

346 4935 476 4986 Acta
511 4935 844 4989 conscribunt
874 4954 891 4991 :
926 4938 1109 5019 diserti
1140 4948 1335 5008 tamen,
1380 4944 1690 5019 ingenioque
1728 4950 1929 5019 pollen.

346 5030 442 5088 tes,
476 5040 808 5095 nequaquam
835 5017 1092 5097 dignandi
1116 5041 1237 5085 sunt
1257 5034 1430 5097 uenia,
1451 5035 1517 5103 si,
1541 5017 1679 5108 quod
1703 5017 1925 5109 faciunt,

345 5117 668 5182 contemptui
712 5116 924 5183 habent,
983 5118 1126 5177 Vitas
1172 5135 1497 5191 sanctorum,
1542 5134 1836 5197 prwsertim
1881 5136 1927 5188 si

344 5204 557 5263 illorum
590 5200 810 5277 spiritus
840 5226 904 5263 ac
955 5211 1063 5269 vita
1106 5214 1399 5287 invigilavit
1443 5219 1610 5285 libris,
1641 5230 1750 5279 etc.
1794 5224 1926 5279 Am—

345 5295 667 5365 plilicaverit
693 5300 880 5367 etiam,
912 5311 970 5356 nt
994 5303 1285 5375 legentium
1314 5310 1513 5366 animis
1554 5311 1921 5379 satisfaceret,

341 5388 488 5459 quod
517 5389 571 5443 in
624 5391 745 5445 aliis
804 5393 1080 5451 historicis
1110 5398 1397 5466 laudatur,
1423 5403 1804 5473 expctiturque
1856 5407 1924 5461 ab

343 5477 621 5544 omnibus,
664 5480 787 5549 jure
812 5482 864 5536 in
899 5483 1266 5558 Metaphraste
1298 5505 1408 5544 non
1441 5492 1919 5561 reprehendimus.

343 5570 413 5625 At
444 5567 564 5643 [45]
600 5588 686 5628 res
742 5574 856 5651 ipse
886 5591 1070 5634 sacras
1118 5584 1492 5650 pertractavit,
1527 5583 1581 5639 in
1607 5585 1807 5654 quibus
1838 5590 1925 5645 vel

341 5661 654 5732 immutare,
698 5666 781 5721 vel
808 5668 1009 5724 addere
1043 5686 1250 5749 summa
1281 5673 1493 5745 religio.
1525 5676 1758 5740 Parcant
1788 5681 1921 5739 mihi

341 5754 433 5828 qui
479 5756 579 5816 ista
632 5771 935 5833 Opportunt.
987 5760 1423 5840 Nesciunt'quid
1452 5768 1596 5827 inter
1627 5772 1785 5835 fidem
1816 5775 1923 5838 hu-

2030 4686 2147 4740 qute
2176 4671 2231 4724 iu
2260 4672 2355 4727 hoc
2386 4671 2757 4739 adhiberetur;
2782 4684 3060 4729 sementem
3099 4685 3274 4732 tamen
3302 4678 3455 4752 longe
3482 4680 3597 4733 vicit

2027 4763 2173 4832 spica
2207 4772 2256 4817 et
2283 4779 2446 4833 seges,
2510 4763 2685 4833 qualis
2720 4766 2950 4819 nondum
2983 4767 3084 4839 fuit
3116 4786 3277 4842 usque
3305 4773 3363 4826 in
3390 4774 3599 4828 hodier-

2029 4869 2156 4911 num
2183 4855 2341 4908 diem.
2372 4853 2631 4919 Quocirca
2665 4856 2850 4924 etiam,
2888 4858 2937 4912 si
2972 4860 3105 4914 nihil
3137 4862 3286 4919 aliud
3308 4880 3342 4917 a
3367 4866 3480 4919 viro
3508 4866 3597 4919 illo

2027 4946 2207 5016 fuisset
2244 4945 2595 5011 elaboratum,
2628 4957 2676 5002 et
2723 4965 2825 5004 non
2847 4950 2960 5004 alia
2990 4953 3189 5018 omnia,
3219 4971 3336 5026 qua:
3368 4958 3451 5012 uel
3489 4958 3597 5011 sine

2026 5036 2152 5107 gula
2183 5038 2441 5107 sufﬁciunt
2469 5043 2540 5093 ad
2569 5040 2781 5096 laudem
2814 5044 3222 5113 conciliandam,
3259 5065 3389 5116 opus
3422 5060 3596 5105 tamen

2026 5130 2136 5185 tale
2158 5132 2447 5200 suscepisse
2463 5141 2513 5188 et
2536 5135 2592 5188 id
2616 5144 2726 5190 tam
2753 5138 3007 5206 praclare
3023 5141 3257 5211 effectum
3286 5145 3592 5211 reddidisse,

2025 5223 2138 5275 uiro
2170 5239 2266 5292 pro
2294 5226 2475 5294 quovis
2497 5228 2567 5280 ad
2595 5228 2808 5283 laudem
2834 5232 3103 5302 sufﬁceret.

2094 5315 2315 5386 Aliquas
2344 5320 2505 5383 etiam
2546 5325 2901 5378 conversiones
2947 5328 3236 5383 natantium
3265 5348 3593 5404 paganorum

2022 5408 2079 5461 in
2117 5418 2267 5463 tanto
2296 5426 2557 5469 numero:
2589 5415 2850 5470 miracula
2892 5417 3143 5488 plurima,
3186 5432 3236 5476 et
3280 5427 3517 5481 maxime
3542 5434 3594 5479 in

2025 5503 2294 5558 eversione
2319 5505 2635 5585 templorum
2680 5519 2731 5563 et
2758 5510 3041 5580 idolorum,
3074 5531 3295 5585 quorum
3332 5519 3482 5573 nulla
3522 5531 3593 5574 est

2030 5596 2226 5651 mentio
2266 5581 2411 5666 apud
2433 5608 2627 5654 veteres
2658 5601 2948 5661 historicos.
2984 5605 3192 5664 Nullam
3219 5626 3340 5667 esse
3363 5612 3596 5666 mentio—

2023 5699 2148 5740 nem
2177 5688 2319 5756 apud
2351 5696 2566 5745 veteres
2594 5690 2907 5763 historicos,
2935 5712 3095 5755 nemo
3124 5716 3272 5766 vere,
3309 5717 3489 5774 neque
3517 5703 3594 5756 in-

2024 5792 2199 5854 genue
2228 5780 2446 5853 dixerit,
2492 5784 2597 5842 nisi
2645 5788 2737 5857 qui
2797 5791 2979 5846 omnia
3022 5792 3366 5867 antiquorum
3400 5812 3593 5850 monui-
