3826 6476
255 371 317 435 il
902 371 1003 431 DE
1044 362 1386 430 SCRIPTIS
1424 358 1801 427 SYMEONIS
1843 358 2418 425 ΜΕΤΑΡΗΠᾹΒΤᾸΞ
2455 359 2821 424 ΠΙΛΤΒῙΒΑ
3422 358 3494 422 ιε

247 492 449 548 menta,
472 483 638 539 etiam
661 496 782 553 qua:
805 481 1004 535 alicubi
1038 481 1210 536 latent
1232 479 1317 535 vel
1375 479 1670 550 disperdtta
1704 476 1818 551 [ιθ]
1850 481 1895 535 Δ
1923 477 2012 540 iis,
2040 477 2132 546 qui
2160 477 2310 530 carni
2339 476 2506 546 magis
2543 474 2743 529 addicti
2770 481 2932 539 sunt;
2979 476 3069 544 qui
3099 483 3332 530 nesciunt
3373 490 3495 544 pro-

194 632 203 647 ,
245 582 389 641 sunt,
412 572 640 645 legerit:
663 586 783 642 quae
802 571 993 641 legisse
1012 569 1420 632 Bellarminum,
1441 583 1544 621 nec
1566 568 1681 637 ipse
1699 565 1822 621 Bel-

247 669 509 723 larminus
524 666 691 720 dicet.
715 664 808 719 Sic
822 662 1056 718 Savilius
1069 661 1345 718 accusavit
1361 660 1611 715 falsitatis
1627 658 1825 713 multas

245 760 635 815 miraculorum
654 756 992 811 narrationes
1008 757 1064 810 in
1084 753 1315 825 Georgio
1327 751 1716 816 Alexandrino,
1731 748 1825 820 qui

248 852 420 907 \‘itam
463 848 1171 921 Cbrysostomiscripserat,
1209 846 1337 916 quia
1370 844 1723 914 antiquiores,
1766 853 1826 897 ut

268 944 539 1005 Socrates,
576 943 935 1006 Sozomenus,
975 939 1372 1003 Theodorctus,
1421 938 1694 994 Palladius
1731 952 1824 992 eas

248 1052 351 1090 non
367 1044 611 1090 narrant.
627 1036 787 1101 Quasi
808 1050 936 1088 vero
950 1048 1037 1087 res
1051 1032 1446 1104 ecclesiasticas
1460 1030 1549 1084 alii
1564 1045 1670 1083 non
1689 1029 1825 1083 scri-

247 1129 484 1198 pserint;
516 1129 643 1182 licet
674 1126 943 1181 scribatur
971 1126 1040 1179 ab
1069 1124 1211 1188 aliis,
1258 1124 1474 1187 falsum,
1527 1137 1590 1177 ac
1633 1136 1826 1191 suspe-

248 1228 395 1275 ctum
420 1221 512 1274 sit.
544 1220 730 1290 Nugae.
760 1218 923 1272 Multa
944 1218 1102 1272 etiam
1132 1232 1197 1271 ex
1230 1216 1516 1269 traditione
1535 1214 1821 1278 habentur,

249 1329 365 1384 qua
393 1314 448 1367 in
480 1313 635 1367 libris
656 1313 872 1383 scriptis
888 1327 997 1365 non
1027 1318 1262 1366 exstant.
1284 1309 1436 1389 Nilus
1453 1305 1827 1379 Cbrysostomi

251 1404 552 1474 discipulus
576 1406 630 1456 in
660 1402 904 1473 epistolis
934 1402 1137 1461 scribit.
1191 1392 1663 1472 Chrysostomum,
1702 1398 1829 1459 Τοῖς

252 1498 495 1565 γνησίοις
547 1496 655 1547 τῶν
682 1495 1069 1564 πνευματικῶν
1108 1492 1278 1562 φίλων
1304 1493 1422 1545 κατ’
1467 1492 1603 1545 ἰδίαν
1631 1492 1824 1560 διηγή-

253 1604 397 1640 σατο.
414 1585 689 1657 Legitimis
709 1585 1073 1655 spiritualibus
1091 1585 1274 1638 amicis
1296 1584 1542 1653 privatim
1563 1583 1827 1637 narravit.

252 1674 317 1731 Et
328 1677 555 1745 epistola
570 1675 636 1729 ad
660 1676 1002 1729 Anastasium
1020 1683 1203 1728 narrat
1239 1674 1477 1729 visiones
1492 1673 1826 1744 angelorum,

255 1769 339 1838 qui
375 1767 671 1822 celebranti
722 1766 1109 1839 Chrysostomo
1146 1766 1495 1831 assistebant,
1540 1764 1628 1818 Sic
1663 1765 1824 1818 etiam

254 1858 475 1915 Produs
496 1859 758 1918 narravit.
791 1859 873 1913 vel
895 1860 1057 1912 etiam
1079 1858 1314 1927 scripsit.
1345 1856 1471 1911 licet
1496 1871 1603 1910 non
1627 1863 1819 1921 exstet,

253 1950 514 2007 visionem
557 1952 732 2006 sancti
752 1949 904 2004 Pauli
938 1950 1195 2005 dictantis
1224 1948 1616 2020 Cbrysostomo
1648 1949 1824 2002 inter-

253 2045 612 2115 pretationem
649 2043 1020 2113 epistolarum.
1055 2042 1191 2096 Male
1227 2041 1407 2110 itaque
1435 2040 1777 2096 concluditur
1808 2056 1821 2094 :

254 2134 367 2190 Non
392 2136 585 2205 legitur
599 2135 740 2205 apud
762 2144 974 2188 veteres
993 2133 1300 2197 historicos,
1319 2147 1448 2202 ergo
1458 2147 1566 2186 non
1591 2131 1710 2186 fuit.
1731 2130 1829 2185 Mi—

256 2226 432 2282 racula
462 2242 613 2289 sane,
638 2242 759 2295 quae
777 2232 963 2278 narrat
990 2224 1400 2293 Metaphrastes,
1429 2226 1660 2295 maxima
1682 2235 1824 2282 sunt.

255 2317 372 2374 Non
410 2321 608 2373 abnuo.
638 2319 694 2373 id
723 2318 796 2371 illi
820 2318 873 2370 in
898 2318 1082 2371 animo
1114 2316 1234 2381 fuit,
1261 2333 1347 2372 res
1376 2332 1618 2388 magnas,
1652 2318 1827 2372 admi-

258 2410 472 2474 randas,
503 2411 858 2479 insuetasque
873 2409 928 2463 in
945 2410 1162 2479 scriptis
1183 2409 1410 2464 referre.
1424 2410 1621 2463 Parum
1641 2409 1716 2463 illi
1732 2425 1830 2464 cu-

259 2517 329 2558 rae
350 2503 452 2557 fuit
473 2503 761 2557 minutiora
778 2518 1208 2573 recensere,qute
1222 2505 1385 2559 etiam
1399 2504 1411 2558 i
1418 2518 1514 2573 pse
1526 2505 1648 2559 data
1664 2519 1829 2574 opera

260 2597 620 2665 praetermisit.
649 2597 1048 2651 Conversiones
1066 2613 1394 2668 paganorum
1425 2605 1534 2652 tam
1563 2597 1751 2667 spissae
1776 2606 1832 2652 et

262 2685 315 2739 in
354 2693 503 2739 tanto
548 2701 777 2740 numero
806 2686 1152 2741 incredibiles
1170 2697 1318 2742 sunt.
1358 2686 1704 2743 lucredibilcs
1742 2688 1827 2752 iis,

261 2778 347 2845 qui
371 2779 730 2832 mternitatem
759 2787 813 2832 et
833 2788 1067 2848 tempus,
1101 2794 1374 2834 summum
1408 2780 1634 2845 bonum,
1666 2788 1832 2835 etsua

262 2870 575 2925 commoda:
598 2871 763 2925 vitam
783 2872 1015 2934 beatam,
1045 2886 1109 2925 ac
1134 2881 1411 2926 ventrem:
1434 2872 1577 2927 vires
1599 2872 1828 2937 divinas,

264 2969 315 3015 et
338 2963 605 3015 humanas
639 2962 772 3031 pede
789 2970 978 3028 suo,et
1000 2962 1240 3026 mudulo,
1264 2978 1377 3017 non
1405 2963 1482 3018 rei
1505 2972 1700 3017 natura
1719 2979 1834 3019 mc-

265 3051 1077 3126 tiuntur.GregoriusNyssenus
1100 3055 1155 3109 in
1181 3054 1300 3111 Vita
1319 3066 1517 3111 sancta:
1545 3056 1826 3112 Macrimez

1923 568 2161 636 portione
2190 567 2335 635 ﬁdei,
2357 582 2631 620 munerum
2650 565 2767 634 ﬁeri
2787 565 3225 627 distributionem.
3255 575 3305 620 et
3329 582 3493 635 parva

1925 664 2130 734 quidem
2159 663 2281 717 dari
2313 662 2619 717 habentibus
2642 677 2864 731 parvam
2895 661 3069 729 ﬁdem,
3098 679 3292 734 magna
3318 674 3495 718 autem

1925 755 2051 821 illis,
2083 756 2173 827 qui
2194 756 2389 825 ingenti
2423 754 2525 824 [ide
2553 755 2760 823 praediti
2786 763 2927 807 sunt.

1994 851 2199 903 Auctor
2218 849 2344 903 vitae
2370 846 2544 902 sancti
2569 845 2688 918 [47]
2711 846 2952 911 Niconis,
2982 847 3073 918 qui
3110 863 3140 902 a
3169 848 3493 918 paenitentia

1927 941 2029 995 sibi
2073 947 2497 1010 cognomentum
2543 937 2766 993 habuit:
2801 938 3081 1007 Πειρύκασι
3125 941 3234 1009 γάρ
3278 957 3395 1006 πως
3446 943 3493 994 oi

1927 1016 2207 1103 ἄνθρωποι
2236 1029 2374 1102 πρὸς
2401 1030 2500 1101 τὴν
2533 1029 2742 1082 οἰκείαν
2774 1028 3082 1100 ἀφορῶντες
3102 1030 3402 1096 ἀσθένειαν,
3427 1037 3497 1087 sit

1927 1123 2207 1195 παράδοξα
2254 1122 2522 1185 πολλάκις
2567 1122 2675 1174 τῶν
2711 1121 3074 1195 πραγμάτων,
3126 1123 3220 1177 καὶ
3268 1124 3370 1177 bna
3397 1130 3498 1196 τῆς

1929 1216 2077 1279 θείας
2106 1215 2327 1287 χάριτος
2350 1215 2432 1276 είς
2461 1211 2625 1284 τιμὴν
2650 1212 2755 1266 τῶν
2776 1212 2947 1281 ἁγίων
2966 1213 3495 1285 τερατουργούμενα,

1929 1308 2164 1361 ἀδύνατα
2198 1307 2438 1369 οἴεσθαι,
2480 1306 2574 1359 καὶ
2616 1303 2690 1374 μὴ
2723 1304 2925 1375 ῥαδίως
2953 1304 3231 1358 πιστεύειν
3261 1307 3434 1361 ταῦτα
3463 1309 3496 1378 ἢ

1930 1398 2351 1469 παραδέχεσθαι.
2389 1396 2475 1451 Ιια
2528 1405 2721 1450 natura
2757 1398 2993 1451 homines
3035 1401 3327 1467 comparati
3377 1412 3501 1453 sunt

1931 1508 2040 1547 sure
2076 1491 2406 1561 inﬁrmitatis
2433 1488 2626 1542 limites
2655 1503 2757 1541 non
2777 1486 3100 1551 excellentes,
3123 1498 3181 1542 ut
3205 1505 3287 1543 res
3307 1491 3498 1559 smpius

1931 1596 2120 1653 praeter
2164 1583 2623 1652 exspectationem,
2656 1590 2706 1634 et
2751 1581 2805 1633 in
2837 1581 3087 1635 honorem
3117 1591 3422 1637 sanctorum
3468 1601 3500 1637 a

1936 1676 2044 1731 Deo
2103 1675 2324 1745 miriﬁce
2363 1684 2716 1745 perpetratas,
2748 1672 2891 1727 haud
2920 1674 3037 1743 ﬁeri
3056 1676 3282 1743 potuisse
3311 1677 3499 1730 existi-

1934 1775 2113 1820 ment:
2136 1781 2298 1836 neque
2321 1767 2399 1819 ita
2425 1765 2581 1835 facile
2606 1763 2715 1817 illis
2742 1761 2898 1832 ﬁdem
2934 1763 3241 1831 adhibeant,
3285 1769 3503 1840 neadd-

1930 1858 2165 1911 mittant.
2229 1856 2462 1928 Symeon
2483 1858 2599 1926 ipse
2645 1855 3036 1925 Metaphrastes
3071 1858 3125 1913 in
3161 1856 3276 1914 Vita
3326 1862 3503 1915 sancti

1928 1949 2212 2021 Symeonis
2246 1950 2449 2022 Stylitm
2499 1950 2782 2006 Senioris:
2842 1949 3003 2005 Ἀλλὰ
3036 1952 3250 2006 δέδοικα
3282 1952 3355 2024 μὴ
3390 1956 3504 2013 τοῖς

1929 2044 2064 2114 μετὰ
2088 2043 2259 2098 ταῦτα
2280 2043 2444 2115 μῦοος
2472 2040 2610 2098 εἶναι
2645 2047 2770 2119 δόξῃ
2802 2046 2901 2117 τῆς
2924 2046 3179 2118 ἀληθείας
3211 2062 3501 2118 γεγυμνω-

1925 2135 2099 2206 μένος.
2132 2120 2349 2190 Φιλοῦσι
2395 2138 2502 2209 γὰρ
2543 2137 2820 2211 ἄνθρωποι
2850 2143 2917 2212 τῇ
2973 2139 3133 2210 φύσει
3185 2143 3406 2211 μετρεῖν
3431 2140 3501 2193 τὰ

1927 2229 2189 2298 γινόμενα
2209 2246 2222 2260 ·
2255 2231 2303 2283 εί
2334 2229 2391 2282 δέ
2424 2246 2511 2292 τις
2535 2230 2646 2284 τῶν
2674 2233 2843 2304 αὐτῆς
2867 2234 3008 2304 ὅρων
3043 2233 3299 2287 ἐπέκεινα
3323 2233 3504 2301 λέγοι-

1923 2332 2004 2384 το,
2035 2317 2234 2388 ψευδὴς
2256 2321 2369 2377 τοῖς
2400 2320 2507 2372 τῶν
2551 2319 2708 2374 Οείων
2742 2324 3009 2394 ἀμυήτοις
3037 2326 3066 2377 ὁ
3096 2323 3254 2391 λόγος
3280 2324 3503 2394 νομίζε-

1931 2426 2043 2466 ται.
2071 2409 2174 2464 Sed
2198 2427 2395 2478 vereor,
2423 2427 2484 2465 ne
2533 2414 2757 2481 posteris
2786 2416 2895 2469 hac
2919 2415 3102 2485 fabula
3136 2416 3435 2483 videantur,
3470 2433 3503 2469 a

1929 2504 2149 2557 veritate
2176 2504 2371 2559 aliena.
2412 2507 2656 2577 Namque
2682 2508 2914 2562 homines
2945 2518 3137 2563 natura
3183 2511 3326 2580 facta
3362 2526 3508 2564 com—

1931 2609 2237 2648 mensurare
2293 2595 2480 2650 solent.
2531 2593 2598 2648 Et
2657 2598 2703 2650 si
2759 2599 2884 2667 quid
2931 2608 3079 2653 extra
3123 2600 3266 2654 illius
3314 2600 3506 2656 limttes

1933 2686 2140 2747 aliquid
2158 2683 2480 2752 narraverit,
2498 2690 2722 2743 mendax
2747 2706 2922 2744 rerum
2947 2692 3245 2746 divinarum
3265 2694 3509 2764 inexper-

1935 2780 2002 2833 tis
2032 2797 2204 2834 sermo
2225 2781 2519 2850 judicatur.
2551 2782 2901 2838 lncredibiles
2922 2785 3311 2849 nescientibus,
3330 2801 3507 2856 quan-

1935 2878 2048 2925 tum
2081 2880 2163 2927 est
2194 2873 2247 2926 in
2305 2874 2568 2943 sanguine
2606 2874 2805 2929 Christi
2845 2875 3061 2940 virium,
3093 2877 3340 2933 eamdem
3385 2892 3507 2933 esse

1933 2970 2265 3033 potestatem
2295 2964 2348 3018 in
2402 2966 2622 3020 Christo
2651 2976 2893 3028 centum,
2924 2975 2979 3021 et
3017 2966 3182 3034 mille,
3212 2975 3268 3021 et
3315 2967 3507 3022 decem

1933 3059 2125 3121 millia,
2162 3066 2217 3113 et
2248 3058 2419 3113 multo
2444 3058 2627 3128 plures
2674 3059 2727 3112 in
2766 3058 2924 3113 ﬁdem
2973 3060 3347 3114 convertendi.
3404 3059 3509 3115 Tot

262 3144 323 3195 0i
354 3145 541 3197 πολλοὶ
575 3146 684 3197 τῶν
729 3147 1030 3217 ἀνθρώπων
1056 3147 1193 3219 πρὸς
1225 3148 1295 3201 τὰ
1322 3149 1532 3203 ἑαυτῶν
1565 3151 1738 3220 μέτρα
1771 3151 1828 3204 τὸ

1937 3166 2123 3219 regna,
2163 3158 2242 3205 tot
2276 3149 2568 3220 provincia:
2611 3150 2807 3220 pusillo
2840 3159 3083 3221 tempore
3118 3149 3316 3206 Christi
3347 3150 3508 3207 (idem

263 3236 447 3288 πιστὸν
478 3238 537 3287 ἐν
562 3240 674 3299 τοῖς
696 3238 1008 3309 λεγομένοις
1038 3241 1303 3311 κρίνουσι.
1331 3241 1403 3293 Τὸ
1424 3240 1479 3293 δὲ
1500 3242 1827 3313 ὑπερϐαῖνον

262 3326 356 3394 τὴν
399 3327 492 3378 τοῦ
547 3327 835 3389 ἀκούοντος
866 3329 1118 3399 δύναμιν,
1162 3330 1238 3394 ὠς
1286 3330 1391 3397 ἔξω
1439 3333 1536 3402 τῆς
1570 3333 1828 3404 ἀληθείας

262 3421 376 3479 ταῖς
403 3419 495 3470 τοῦ
527 3418 757 3488 ψεύδους
796 3421 1073 3485 ὑπονοίαις
1116 3423 1418 3495 ὑϐρίζουσι.
1467 3426 1558 3478 Διὸ
1590 3427 1827 3498 παρίημι

264 3508 355 3577 τὴν
386 3510 614 3565 ἄπιστον
645 3512 861 3583 ἐκείνην
897 3516 954 3567 ἐν
986 3514 1064 3584 τῷ
1099 3515 1242 3585 λιμῷ
1265 3517 1559 3587 γεωργίαν,
1590 3518 1706 3581 πῶς
1733 3521 1827 3571 ἐκ-

263 3598 586 3670 ϐαλλόμενος
612 3605 641 3655 ὁ
670 3604 805 3673 πρὸς
829 3604 927 3674 τὴν
954 3606 1142 3674 χρείαν
1164 3609 1328 3669 σῖτος,
1362 3608 1620 3676 οὐδεμίαν
1642 3607 1829 3680 αἴσθη-

266 3704 346 3743 σιν
377 3694 553 3745 ἐποίει
599 3693 701 3763 τῆς
749 3695 1087 3767 ὑφαιρέσεως
1108 3711 1124 3726 ⁸
1156 3698 1215 3749 ἐν
1245 3698 1324 3766 τῷ
1355 3698 1525 3768 ὁμοίῳ
1560 3700 1828 3769 διαμένων

265 3782 429 3852 δγκῳ,
461 3785 556 3837 καὶ
586 3788 717 3855 πρὶν
749 3785 964 3858 διαδοθῇ
991 3792 1110 3850 ταῖς
1131 3788 1241 3841 τῶν
1270 3789 1563 3841 αἰτούντων
1593 3790 1825 3858 χρείαις,

265 3880 353 3927 καὶ
404 3878 542 3945 μετὰ
592 3877 782 3931 τοῦτο⁸
842 3880 937 3931 καὶ
984 3879 1119 3933 ἄλλα
1166 3880 1371 3934 τούτων
1401 3880 1826 3952 παραδοξότερα,

267 3969 449 4021 παθῶν
500 3971 705 4033 ἰάσεις,
769 3971 864 4024 καὶ
920 3971 1302 4042 δαιμονῶντων
1349 3974 1665 4044 καθάρσεις,
1735 3974 1830 4028 καὶ

268 4061 511 4128 ἀψευδεῖς
532 4064 866 4132 προρρήσεις
889 4064 992 4116 τῶν
1017 4064 1424 4134 ἐκϐησομένων.
1444 4065 1695 4118 ’Ᾱπαντα
1715 4069 1828 4130 τοῖς

269 4154 366 4221 μὲν
389 4154 459 4206 δι’
484 4154 767 4224 ἁκριΰείας
792 4156 1107 4223 ἐγνωκόσιν,
1137 4158 1309 4228 ἁληθῆ
1333 4155 1470 4212 εἶναι
1493 4159 1826 4224 πιστεύεται,

266 4244 367 4297 κᾶν
389 4246 530 4315 ὑπὲρ
562 4246 742 4300 πίστιν
869 4250 990 4302 Ἐπὶ
1014 4249 1069 4302 δέ
1096 4250 1202 4303 τῶν
1226 4251 1700 4322 σαρκωδεστέρων,
1726 4253 1831 4319 ἔξω

263 4335 356 4387 τοῦ
393 4336 743 4408 ἐνδεχομένου
792 4338 1070 4408 νομίζεται
1093 4356 1108 4372 ⁸
1141 4342 1191 4395 οἱ
1224 4342 1323 4395 οὐκ
1351 4342 1548 4405 ἴσασιν,
1578 4344 1660 4396 ὅτι
1691 4345 1832 4398 κατὰ

261 4429 361 4497 τὴν
398 4429 693 4496 ἀναλογίαν
722 4430 822 4500 τῆς
856 4432 1112 4498 πίστεως,
1155 4433 1304 4504 καὶὴ
1344 4434 1450 4486 τῶν
1480 4436 1831 4505 χαρισμάτων

263 4519 489 4590 διανομὴ
527 4523 920 4590 παραγίνεται·
974 4525 1144 4594 μικρὰ
1181 4525 1279 4593 μὲν
1313 4524 1695 4593 ὀλιγοπίστοις,
1734 4543 1831 4593 με·
1854 4507 1909 4567 Ῑ)

262 4611 402 4681 γὰλη
440 4612 497 4664 δὲ
536 4614 649 4673 τοῖς
688 4613 891 4685 πολλὴν
942 4616 1156 4684 ἔχουσιν
1204 4618 1262 4668 ἐν
1300 4617 1510 4678 ἑαυτοῖς
1547 4618 1646 4685 τὴν
1675 4618 1836 4687 εὐρυ-
1871 4654 1888 4669 .

263 4706 471 4775 χωρίαν
492 4705 593 4773 τῆς
631 4707 891 4769 πίστεως.
932 4707 1178 4779 Plerique
1214 4725 1308 4776 pro
1344 4725 1423 4772 eo,
1455 4719 1708 4778 quantum
1736 4711 1837 4780 ipsi

262 4807 478 4866 possunt
513 4799 728 4867 efﬁcere,
760 4807 975 4854 credunt
1014 4817 1097 4865 ea,
1131 4815 1249 4871 qua:
1278 4802 1543 4867 dicuntur,
1575 4818 1690 4872 qua:
1716 4818 1836 4856 vero

264 4890 531 4942 audientis
552 4898 807 4959 superant
846 4891 1003 4955 uires,
1038 4900 1293 4961 tanquam
1323 4908 1356 4944 a
1387 4892 1603 4945 veritate
1637 4901 1836 4947 remota

265 4982 534 5035 mendacii
579 4984 958 5052 suspicionibus
1000 4983 1342 5037 insectantur.
1379 4983 1605 5037 Proinde
1629 4986 1835 5038 miran-

262 5073 388 5125 dam
420 5074 572 5132 illam
600 5075 658 5128 in
682 5075 924 5143 penuria,
956 5083 1003 5128 et
1031 5076 1172 5144 fame
1205 5074 1585 5144 agriculturam
1619 5088 1837 5144 praster-

264 5165 438 5218 κίεις).
484 5163 753 5229 Quomodo
800 5166 857 5218 in
900 5181 1192 5235 pauperum
1237 5181 1360 5219 usus
1394 5165 1683 5235 projectum
1718 5168 1834 5235 fru-

263 5266 518 5322 mentum,
552 5273 645 5309 nec
677 5257 799 5310 dum
838 5257 1256 5321 distribueretur,
1309 5274 1401 5311 nec
1435 5268 1548 5327 post
1578 5260 1831 5314 imminu-

264 5358 378 5403 tum
398 5352 489 5413 sit,
527 5351 620 5404 sed
655 5350 838 5404 eadem
893 5366 1139 5404 mensura
1189 5367 1503 5421 numeroque
1531 5368 1832 5421 permanse-

264 5441 336 5493 rit
361 5456 381 5496 :
415 5440 634 5511 aliaque
659 5440 739 5494 his
769 5440 920 5512 longe
946 5442 1114 5513 magis
1152 5442 1494 5507 admiranda,
1533 5443 1832 5498 morborum

260 5533 565 5597 curationes
594 5573 609 5595 ,
663 5534 990 5601 expulsiones
1032 5538 1357 5599 diametrum,
1402 5543 1454 5587 et
1482 5550 1633 5590 veras
1682 5537 1829 5606 [utu-

261 5639 441 5679 rorum
470 5626 836 5694 praedictiones
861 5642 880 5680 :
910 5642 1025 5696 qua:
1050 5628 1260 5698 quidem
1299 5629 1476 5681 omnia
1510 5628 1594 5694 iis,
1629 5630 1720 5699 qui
1742 5630 1830 5684 di-

263 5716 495 5789 ligenter,
523 5722 883 5785 explorarunt,
932 5734 1053 5773 vera
1089 5733 1197 5777 esse
1236 5726 1455 5782 constat,
1504 5718 1624 5772 licet
1673 5719 1829 5788 ﬁdem

261 5824 514 5878 superare
546 5811 836 5870 videantur,
882 5824 978 5873 nec
1016 5809 1132 5878 ﬁeri
1175 5809 1407 5879 potuisse
1427 5812 1732 5879 iudicentur
1760 5815 1826 5867 ab

587 5903 857 5966 PA'I'BOL.
900 5907 1013 5965 Gn.
1065 5902 1280 5966 CXIV.

1931 3243 2208 3314 professas,
2239 3251 2321 3298 tot
2377 3252 2670 3314 martyrum
2713 3243 2986 3315 myriades
3017 3243 3338 3299 brevissimo
3367 3252 3509 3298 tem-

1930 3348 2061 3402 pore
2115 3332 2225 3386 Deo
2264 3341 2630 3398 consecratae,
2673 3334 2804 3386 tanti
2864 3333 3077 3388 numeri
3118 3348 3507 3389 converscrum

1928 3440 2258 3495 paganorum
2281 3425 2437 3480 ﬁdem
2464 3441 2566 3480 nec
2595 3425 2816 3480 dubiam
2844 3426 3079 3481 faciunt.

2000 3517 2095 3572 His
2122 3533 2338 3588 quoque
2366 3517 2651 3571 manifeste
2670 3517 3249 3587 colligitur,'quantum
3282 3518 3510 3589 ineptiat

1927 3606 2300 3672 Casaubonus,
2349 3607 2477 3660 dum
2512 3606 2716 3659 nullam
2746 3607 2819 3660 ob
2849 3621 3068 3661 causam
3108 3607 3164 3659 in
3194 3607 3507 3678 Metaphra-

1930 3706 2068 3753 stem
2084 3698 2346 3752 acerrime
2358 3697 2598 3752 desaevit.
2618 3696 2852 3751 Exercit.
2872 3696 2923 3749 6.
2953 3694 3342 3765 Memphi-astes
3371 3700 3507 3752 scri-

1929 3800 2047 3861 ptor
2074 3791 2263 3861 oppido
2314 3806 2507 3855 recens,
2547 3800 2596 3844 et
2631 3806 2864 3859 persa’pe
2897 3790 3231 3854 vanissimas,
3260 3808 3510 3863 magnus-

1929 3897 2028 3952 que
2044 3877 2347 3951 {abularum
2389 3880 2615 3933 anilium
2641 3879 3057 3933 consarcinator.
3091 3879 3435 3951 Tantumque
3456 3883 3505 3937 ei

1931 3973 2140 4038 tribuit,
2185 3983 2442 4043 quantum
2485 3973 2533 4025 ei
2589 3973 2755 4037 debet,
2813 3973 2904 4043 qui
2970 3971 3246 4042 diligentia
3296 3975 3506 4043 quidem

1928 4081 2155 4130 summa,
2186 4066 2277 4118 sed
2301 4065 2494 4117 indicio
2516 4063 2660 4118 nullo
2690 4065 2745 4117 in
2795 4080 2857 4135 ea
2907 4065 3205 4119 collectione
3233 4067 3302 4119 sit
3332 4083 3511 4121 versa—

1932 4165 2051 4219 tus;
2078 4173 2242 4228 neque
2287 4156 2443 4209 aliter
2469 4154 2737 4209 Baronius
2777 4156 3009 4225 judicat,
3042 4158 3243 4227 quoties
3280 4158 3505 4213 intendit

1931 4252 2194 4313 animum,
2239 4250 2378 4321 quod
2397 4249 2601 4302 utinam
2629 4264 2830 4315 semper
2866 4250 3088 4319 fecisset.
3127 4248 3211 4303 Ne
3244 4249 3356 4303 alia
3392 4250 3509 4304 loca

1931 4340 2045 4409 ejus
2070 4340 2336 4409 proferam
2385 4340 2440 4391 in
2477 4338 2664 4409 quibus
2700 4338 3144 4409 Metaphrastem,
3186 4348 3245 4394 ut
3282 4341 3508 4394 anilium

1931 4448 2067 4501 sirpe
2091 4432 2394 4504 fabularum
2444 4432 2819 4485 hamaasarium
2846 4447 3018 4485 severe
3049 4434 3295 4502 castigat,
3327 4433 3380 4485 in
3409 4433 3508 4486 hac

1935 4526 2049 4595 ipsa
2088 4525 2305 4577 historia
2354 4538 2457 4576 non
2484 4532 2688 4576 constat
2738 4524 2847 4591 ipse
2874 4523 2995 4586 sibi,
3027 4533 3134 4579 etc.
3191 4524 3508 4578 Modestiam

1937 4624 2108 4681 tuam,
2155 4625 2210 4670 et
2240 4615 2538 4684 pudorem!
2587 4614 2924 4678 Casaubone,
2961 4613 3007 4669 si
3048 4624 3154 4675 est.
3202 4611 3375 4671 Verba
3405 4615 3507 4670 ista

1937 4718 2028 4763 tua
2058 4718 2164 4763 tam
2216 4705 2499 4775 magniﬁca
2533 4705 2734 4760 habeto
2790 4706 2889 4760 tibi
2923 4706 3024 4775 ipsi
3072 4724 3087 4761 :
3140 4721 3212 4761 ne
3247 4707 3509 4778 appingas

1936 4798 2170 4854 Baronio
2194 4797 2446 4868 scriptori
2476 4797 2897 4860 modestissimo,
2932 4807 2986 4852 et
3017 4814 3146 4853 vere
3171 4798 3505 4855 Christiano.

1936 4891 2313 4961 Metaphrasta:
2338 4891 2539 4957 dictum
2573 4888 2862 4959 aliquando
2891 4888 3158 4945 Baronius
3182 4906 3286 4946 non
3309 4905 3507 4961 appro-

1934 4983 2100 5045 bavit,
2134 4981 2429 5052 aliquando
2466 4968 2688 5050 ‘rcjecit,
2735 4981 2928 5035 ideone
2954 4982 3403 5044 etvanissimum.
3451 4994 3507 5038 et

1934 5076 2158 5130 anilium
2213 5074 2545 5128 fabularum.
2576 5073 3098 5139 consarcinatorem,
3152 5083 3208 5129 et
3245 5076 3505 5130 bamaxa—

1932 5168 2074 5222 rium
2110 5166 2442 5221 declaravit?
2464 5164 2605 5233 Quid
2637 5164 2924 5219 diceretde
2960 5165 3074 5220 suis
3098 5165 3215 5220 istis
3230 5165 3507 5221 Exercita-

1934 5260 2176 5314 tionibus
2204 5259 2578 5318 Casaubonus,
2613 5256 2669 5310 in
2717 5257 2915 5327 quibus
2944 5271 3053 5311 non
3097 5271 3362 5327 persaepe,
3411 5258 3509 5313 sed

1933 5367 2168 5421 semper,
2200 5359 2256 5405 et
2296 5349 2519 5419 singulis
2551 5348 2760 5418 paginis
2803 5364 2833 5402 ι
2863 5348 3194 5403 doctissimis
3226 5349 3507 5418 scriptori-
3590 5401 3604 5411 ,

1929 5444 2054 5509 bus,
2089 5458 2197 5497 non
2225 5441 2473 5496 falsitatis
2500 5449 2735 5501 tantum.
2761 5449 2817 5495 et
2841 5441 3183 5504 temeritatis,
3229 5443 3323 5496 sed
3344 5442 3510 5497 etiam

1930 5534 2283 5606 malignitatis
2325 5531 2704 5589 convincitur?
2743 5531 2815 5588 Ut
2862 5540 2993 5603 ergo
3048 5532 3233 5587 minus
3276 5532 3511 5588 animosi

1929 5628 2101 5684 simus
2151 5626 2208 5680 in
2244 5624 2690 5695 Metaphrastem,
2743 5623 2894 5693 prius
2943 5632 2999 5679 et
3033 5632 3161 5680 ante
3208 5621 3515 5688 omnium

1929 5734 2095 5791 supra
2126 5717 2258 5782 dixi,
2296 5715 2415 5772 Vita
2449 5717 2622 5771 sancti
2679 5716 3040 5771 examinanda
3083 5723 3190 5778 est,
3228 5729 3298 5770 an
3328 5715 3403 5771 sit
3431 5714 3513 5771 le-

1928 5813 2135 5883 gitima.
2154 5809 2561 5880 Metapbrastae,
2584 5821 2652 5863 ne
2685 5806 2915 5864 aliorum
2942 5808 3106 5875 male,
3137 5807 3505 5864 inconsidera~

3154 5903 3199 5973 2
