3826 6482
359 347 406 409 ’4
416 348 448 407 Ἰ
960 404 965 407 .
1674 345 1869 406 LEON
1877 344 1948 405 IS

2064 342 2292 404 .LATII
3564 340 3640 402 Η

382 461 698 533 tequedicta
720 462 774 515 in
798 460 1218 533 Motaphrastem
1236 459 1747 517 refundantur.Nec
1764 461 1959 518 melius
1987 474 2030 527 Α
2063 472 2138 517 est
2183 461 2324 515 sacri
2361 460 2499 514 senis
2534 468 2585 513 et
2616 460 2967 523 anachoreta,
3015 456 3237 529 Symeon
3283 455 3638 512 admirabilis.

379 554 524 625 sapit
565 553 887 609 Franciscus
915 553 1236 610 Goduvinus
1263 553 1332 609 de
1382 553 1708 625 praesulibus
1754 554 1960 625 Angliae

368 660 498 712 cap.
552 644 605 699 7.
640 644 717 699 De
774 642 1030 715 ngeone
1098 645 1479 716 Metaphraste,
1528 646 1575 700 si
1635 661 1738 700 non
1767 646 1960 717 sufﬁcit

376 736 593 801 dixisse,
629 737 767 806 quod
794 740 857 790 de
902 734 1193 792 Sozomeno
1222 738 1474 793 Melchior
1508 736 1707 804 Canus,
1749 735 1961 792 Graecus

380 830 427 883 is
452 829 574 899 fuit,
597 838 644 883 et
663 828 773 882 ha’c
793 830 938 882 natio
959 838 1056 892 est,
1074 845 1378 901 semperque
1399 832 1501 901 fuit
1518 830 1588 885 ad
1608 830 1960 884 mentiendum

381 918 701 989 promptnla,
731 917 845 991 [48]
873 936 1035 989 quam
1091 921 1279 989 dignus
1323 922 1391 974 sit
1433 923 1539 989 ﬁde
1566 921 1770 990 judicet
1800 920 1964 973 Baro-

377 1010 518 1073 uius,
571 1009 722 1078 cujus
748 1010 903 1064 verba
935 1009 1155 1064 libenter
1186 1011 1544 1079 usurpaverint
1586 1011 1649 1064 de
1683 1026 1742 1064 eo
1785 1010 1883 1064 hac
1906 1010 1962 1063 in

375 1115 538 1154 causa
571 1100 776 1153 laturus
805 1101 1250 1154 sententiam:sic
1278 1100 1414 1154 enim
1439 1099 1550 1154 ille:
1578 1098 1727 1153 Sicut
1761 1100 1818 1153 in
1841 1099 1961 1153 aliis

378 1190 555 1245 multis
575 1190 646 1244 ibi
674 1206 707 1242 a
734 1205 787 1243 se
810 1190 993 1259 positis
1007 1206 1189 1244 errare
1206 1189 1616 1260 Metapltrastem
1641 1199 1840 1244 certum
1858 1198 1957 1255 est,

377 1286 453 1339 ita
484 1286 601 1339 etin
623 1284 702 1338 his
727 1283 1113 1339 hallucinatum
1142 1301 1249 1338 esse
1265 1285 1565 1338 constat.Ac
1574 1283 1697 1353 jure
1727 1285 1959 1355 profecto

378 1389 491 1432 tum
510 1378 721 1451 demum
748 1386 952 1449 poterat
984 1378 1375 1433 mendacissimi
1403 1378 1671 1432 nebulonis
1708 1377 1958 1448 stigmata

378 1454 608 1537 isturere,
630 1487 783 1541 quem
826 1480 923 1537 ter,
958 1471 1005 1524 si
1036 1486 1137 1523 non
1167 1478 1354 1540 quater
1373 1470 1632 1531 mendaci,
1658 1485 1721 1522 ac
1750 1468 1961 1539 falsita-

379 1566 444 1619 tis
496 1573 608 1618 tum
639 1565 958 1632 nuperrime
1003 1563 1241 1633 arguisse
1288 1561 1671 1632 deprehendet,
1727 1560 1959 1631 quisquis

378 1657 607 1726 paucula
670 1657 804 1728 folia
836 1655 1024 1710 .loeum
1068 1654 1222 1709 illum
1284 1653 1633 1724 pracedentia
1691 1652 1954 1707 evaluerit.

2065 568 2217 622 quem
2271 552 2328 604 in
2357 550 2503 605 Paro
2532 550 2707 605 insula
2747 550 3081 620 comperisti.
3129 547 3214 615 Et,
3242 565 3338 618 pro
3382 550 3645 620 dignitate

2063 642 2299 696 laudasti
2342 640 2544 696 Lesbire
2569 642 2824 705 illustria,
2864 652 2915 697 et
2964 641 3142 696 divina
3179 642 3494 706 certamina,
3524 657 3645 697 vere

2068 734 2441 796 Theoctistrem
2467 733 2579 788 Deo
2613 734 2915 805 fabricatae.
2951 749 3068 804 quis
3092 733 3409 802 angelicam,
3456 743 3504 788 et
3522 742 3643 788 tan-

2064 831 2293 900 tumjnon
2311 830 2673 900 incorporeum
2691 830 2910 885 absolvit
2930 831 3199 899 sapienter
3225 830 3345 884 vita:
3360 832 3640 887 rationem.

2061 918 2198 974 Cum
2268 919 2451 989 itaque
2515 926 2726 974 certum
2779 919 2870 983 sit,
2905 920 3066 975 vitam
3112 920 3257 975 hanc
3289 918 3641 983 Theoctista‘z,

2061 1025 2183 1080 quae
2211 1008 2325 1082 [49]
2358 1026 2469 1081 prae
2503 1010 2757 1066 manibus
2779 1012 3024 1066 onmium
3044 1022 3148 1076 est,
3190 1013 3446 1082 scriptam
3470 1011 3644 1067 fuisse

2061 1112 2092 1151 a
2130 1099 2522 1170 Metaphraste,
2563 1101 2619 1154 in
2649 1115 2822 1171 eaque
2859 1107 3051 1171 agatur
3077 1101 3145 1155 de
3189 1110 3346 1156 atate
3380 1103 3641 1167 auctoris,

2061 1197 2271 1243 certum
2298 1205 2521 1260 quoque
2571 1199 2818 1245 remanet
2872 1199 3087 1259 tempus
3134 1190 3419 1262 Symeonis
3471 1191 3643 1247 Meta-

2063 1281 2321 1351 phrastte.
2371 1282 2720 1353 Quaecunque
2781 1282 2924 1338 enim
2967 1283 3035 1338 de
3080 1299 3139 1338 se
3186 1293 3396 1347 auctor.
3450 1285 3538 1341 vel
3575 1286 3645 1341 de

2063 1372 2305 1430 Himerio
2346 1385 2536 1430 contra
2581 1376 2786 1432 Arabes
2842 1377 3057 1432 Cretam
3105 1376 3291 1441 misso,
3344 1387 3551 1445 narrat,
3579 1393 3645 1432 ea

2061 1482 2296 1523 evenere
2327 1477 2569 1538 tempore
2613 1468 2814 1525 Leonis
2848 1468 3192 1541 imperatoris
3240 1469 3419 1524 Basilii
3473 1470 3646 1526 Mace-

2061 1556 2221 1612 donis
2269 1556 2386 1624 ﬁlii,
2418 1567 2475 1613 et
2499 1558 2843 1615 Constantini
2890 1560 3418 1632 Porphyrogennetaa
3445 1561 3641 1632 patris.

2060 1650 2152 1721 qui
2182 1651 2253 1706 ob
2284 1651 2612 1716 doctrinam,
2641 1662 2698 1708 et
2732 1653 2966 1723 reliquas
2992 1655 3126 1710 alias
3150 1654 3485 1723 disciplinas,
3519 1655 3645 1724 qui-

379 1749 525 1805 Belle
570 1747 846 1818 equidem.
896 1746 1301 1816 Metaphrastes
1352 1743 1573 1800 Graecus
1617 1751 1700 1798 est
1736 1761 1750 1799 :
1785 1742 1956 1801 Graeci
2063 1740 2167 1796 bus
2197 1741 2473 1808 inclaruit,
2503 1743 2767 1812 sapientis
2806 1741 2908 1797 sibi
2960 1752 3378 1813 cognomentum
3412 1741 3642 1812 accepit.

379 1851 507 1897 sunt
538 1841 774 1911 prompti
800 1839 866 1894 ad
898 1839 1294 1895 mentiendum.
1348 1836 1492 1910 Ergo
1518 1837 1668 1892 nulla
1690 1836 1824 1893 ﬁdes
1854 1836 1959 1893 Me-
1988 1818 2032 1875 Β
2062 1832 2295 1889 Addesis
2328 1832 2662 1900 Cedrenum,
2713 1834 3006 1899 Zonaram,
3055 1834 3458 1905 Curopalatem,
3515 1833 3646 1887 reli-

381 1934 673 2003 taphrastaa
747 1930 1084 1986 adhibenda.
1142 1929 1404 1999 Sequere,
1464 1942 1656 1983 omnes
1705 1925 1957 1982 llistorici

377 2022 736 2080 ecclesiastici
791 2022 1127 2092 antiquiores
1176 2019 1349 2077 Graeci
1406 2029 1566 2088 sunt;
1632 2034 1762 2090 ergo
1814 2019 1958 2075 dicta

378 2130 570 2171 eorum
592 2123 720 2169 sunt
744 2112 1059 2183 rejicienda.
1094 2112 1149 2167 Si
1190 2112 1317 2182 quia
1341 2109 1535 2176 Graeci,
1589 2110 1712 2165 ideo
1740 2109 1844 2164 ﬁde
1869 2123 1960 2163 ca-

380 2216 524 2273 rent,
555 2222 789 2278 quanam
811 2205 1021 2261 ratione
1046 2205 1400 2261 suadebimur
1438 2203 1598 2258 dictis
1625 2211 1703 2258 tot
1730 2201 1961 2259 sanctis-

378 2301 642 2357 simorum
692 2299 1039 2365 Patrum,tot
1069 2297 1425 2353 conciliorum
1471 2295 1739 2352 decretis?
1773 2293 1960 2351 Godu-

376 2393 541 2449 vinus
587 2391 959 2462 respondebit,
1023 2389 1247 2445 omnino
1285 2405 1476 2446 omnes
1535 2390 1603 2445 ad
1659 2404 1866 2455 unum,
1905 2396 1961 2445 et

383 2501 574 2541 eorum
606 2485 749 2541 dicta
772 2483 960 2539 omnia
984 2483 1326 2556 negligenda,
1357 2483 1482 2554 quia
1507 2483 1818 2539 Greecorum
1854 2482 1961 2539 sci-

378 2574 508 2631 licet
542 2594 555 2630 :
580 2590 651 2631 ne
687 2585 866 2630 tamen
888 2589 1038 2639 vera,
1060 2574 1187 2644 quia
1205 2589 1314 2630 non
1346 2574 1666 2644 probantur.
1699 2588 1802 2628 nec
1829 2580 1961 2628 sunt

379 2682 413 2723 e
461 2668 692 2724 cerebro
744 2667 1116 2724 recentiorum
1166 2667 1571 2723 haereticorum.
1615 2667 1699 2721 An
1746 2666 1959 2722 mentiti

377 2770 509 2816 sunt
538 2775 776 2831 unquam
809 2760 992 2832 Angli,
1023 2768 1078 2815 et
1102 2760 1323 2831 reliquae
1372 2760 1623 2815 nationes
1647 2760 1961 2815 occidenta-

379 2850 479 2914 les,
510 2859 571 2906 ut
590 2867 790 2922 nempe
834 2860 1092 2922 tanquam
1135 2867 1414 2922 nunquam
1448 2852 1797 2906 mentitorum
1832 2850 1958 2906 ﬁdei

382 2942 708 2998 credamus?
752 2943 888 3000 Male
939 2943 1192 3013 equidem
1253 2959 1376 3000 cum
1419 2943 1642 2999 historia
1683 2956 1794 3000 tum
1835 2960 1961 3014 pro—

378 3032 529 3097 fana,
594 3043 708 3088 tum
752 3034 1124 3090 ecrlesiastica
1184 3043 1457 3106 ageretur,
1505 3034 1550 3088 si
1581 3034 1738 3088 ﬁdem
1768 3049 1959 3089 eorum

2060 1935 2308 1993 quosque
2350 1921 2608 1979 Ecclesiae
2661 1922 2864 1980 Graeca:
2907 1924 3222 1995 scriptores.
3254 1924 3351 1980 l-lis
3404 1924 3646 1980 Diatriba

2048 2016 2184 2069 mea
2228 2013 2298 2069 de
2356 2012 2545 2070 Paellis
2573 2015 2820 2071 COHCani
2859 2014 3180 2087 Symeonem
3223 2013 3647 2085 Metaphrastem

2060 2105 2311 2164 Vitarum
2356 2109 2677 2180 scriptorem
2704 2109 2809 2164 sub
2840 2109 3025 2165 Leone
3071 2108 3343 2175 ﬂoruisse,
3398 2108 3648 2163 muneri-

2060 2200 2164 2258 bus
2195 2217 2259 2259 ac
2290 2202 2647 2276 dignitatibus
2664 2212 2923 2258 auctum:
2952 2203 3054 2259 sub
3069 2203 3261 2259 eodem
3294 2202 3648 2271 scriptionem

2060 2298 2314 2351 exorsum
2360 2311 2503 2362 esse,
2527 2306 2583 2352 et
2641 2294 2744 2351 sub
2772 2294 3133 2351 Constantino
3188 2294 3386 2351 Leonis
3424 2294 3555 2361 lilio,
3589 2302 3651 2350 et

2058 2395 2260 2457 nepote
2293 2387 2561 2452 Romano,
2595 2395 2755 2443 aetate
2786 2387 2949 2443 etiam
3004 2385 3365 2458 provectiore,
3396 2386 3639 2442 assiduis

2061 2476 2339 2535 laboribus
2375 2478 2697 2537 absolvisse.

2133 2572 2262 2628 Haec
2316 2571 2672 2628 doctissimus
2732 2568 3031 2625 Bollandus
3093 2582 3206 2624 non
3257 2581 3651 2638 usquequaque

2062 2667 2331 2739 probavit.
2379 2664 2501 2720 Non
2529 2673 2644 2719 erat
2701 2672 2812 2719 tum
2845 2663 3130 2717 admodum
3195 2670 3328 2716 natu
3369 2672 3649 2731 provectus

2068 2760 2469 2830 Metaphrastes,
2490 2765 2551 2812 ut
2579 2757 2670 2828 qui
2703 2757 3060 2827 imperatoria:
3087 2759 3295 2812 virtutis
3331 2757 3652 2827 tyrocinium

2061 2851 2357 2922 poneresub
2390 2861 2637 2906 veterano
2661 2849 2793 2904 duce
2838 2850 3134 2920 juberetur.
3181 2849 3365 2904 Fuerit
3400 2860 3526 2903 tunc
3574 2848 3653 2903 20

2064 2954 2157 2998 aut
2205 2944 2278 2998 22
2333 2957 2636 2998 annorum:
2686 2942 2855 3011 potuit
2886 2943 3051 3012 igitur
3087 2943 3158 2996 ad
3206 2958 3402 2995 annum
3448 2939 3654 2995 Christi

2062 3035 2167 3091 957
2214 3034 2432 3091 aut960
2458 3036 2622 3088 vitam
2670 3033 2857 3087 deinde
2909 3034 3214 3102 producere,
3244 3042 3399 3105 atque
3425 3033 3502 3087 ita
3547 3035 3652 3087 sub

379 3124 598 3194 penitus
618 3123 903 3186 vellamus,
931 3124 1024 3194 qui
1051 3122 1339 3194 aliquando
1360 3124 1429 3178 ab
1458 3122 1577 3177 aliis
1598 3121 1956 3190 scriptoribus
1984 3135 2028 3195 ο
2061 3126 2405 3183 Constantino
2460 3125 2907 3195 Porpliyrogenito
2940 3124 3131 3179 Leonis
3182 3124 3295 3195 ﬁlio
3325 3134 3435 3179 tum
3480 3122 3655 3178 Theo-

356 3212 674 3275 .mendacii.
722 3222 818 3267 aut
861 3212 1116 3268 falsitatis
1161 3214 1575 3284 redarguuntur.
1626 3212 1763 3268 Cum
1810 3213 1957 3267 enim

360 3303 635 3360 .homines
690 3313 852 3371 sunt,
906 3313 1139 3375 possunt
1190 3304 1245 3359 in
1296 3305 1568 3374 aliquibus
1623 3304 1841 3367 falli,et
1885 3304 1960 3359 ita

385 3395 627 3450 humana
686 3396 1003 3452 conditione
1035 3402 1295 3467 poscente
1338 3396 1635 3466 sepissime
1679 3396 1957 3460 falluntur,

364 3494 493 3543 non
523 3489 597 3543 ita
618 3498 825 3556 tamen,
866 3499 926 3545 ut
954 3490 1123 3545 multo
1148 3490 1349 3560 saepius
1378 3504 1504 3545 vera
1542 3504 1653 3545 non
1684 3490 1957 3555 nuntient,

364 3589 435 3635 .et
458 3581 530 3635 ita
562 3581 692 3649 sint,
723 3590 781 3636 ut
810 3581 913 3653 ipsi
942 3581 1150 3649 dicunt,
1174 3590 1231 3637 et
1259 3589 1505 3636 narrant.

449 3671 719 3728 Baronius
772 3673 829 3728 in
872 3674 1175 3729 Annalibus
1226 3682 1355 3729 ante
1383 3689 1587 3729 annum
1622 3674 1747 3740 859,
1774 3674 1962 3741 ghleta-

346 3812 353 3818 ,
378 3762 659 3831 phrastem
709 3762 912 3819 vixisse
937 3764 1143 3836 colligit
1166 3780 1235 3820 ex
1262 3774 1422 3820 aetate
1465 3765 1747 3820 Michaelis
1775 3766 1958 3833 Psclli,

377 3854 472 3923 qui
499 3869 566 3909 eo
595 3869 741 3910 anno
773 3854 1020 3922 vivebat,
1058 3865 1114 3911 et
1158 3859 1459 3914 orationem
1492 3860 1548 3913 in
1571 3859 1721 3913 illum
1754 3859 1961 3915 habue-

378 3954 485 4010 rat,
510 3961 615 4016 qua
645 3948 843 4004 asserit
866 3949 934 4004 de
959 3950 1079 4020 ejus
1106 3950 1258 4005 obitu
1286 3950 1505 4007 audisse
1546 3966 1663 4015 eos,
1686 3952 1777 4020 qui
1809 3952 1962 4007 vide-

349 4046 522 4100 .rant,
561 4037 775 4094 felicem
794 4040 964 4110 ipsius
984 4041 1052 4096 ad
1079 4041 1252 4097 Deum
1280 4043 1590 4099 transitum.
1609 4044 1791 4109 Quare
1815 4044 1960 4101 circa

381 4144 588 4183 annum
650 4131 934 4186 minimum
987 4135 1497 4206 octingentesimum
1543 4135 1960 4205 Metaphrastem

374 4221 623 4277 ﬂoruisse
650 4234 1008 4291 necesse‘est,
1032 4226 1124 4295 qui
1153 4242 1301 4281 anno
1324 4225 1449 4293 859,
1484 4228 1813 4298 jampridem
1867 4229 1961 4284 de-

377 4312 601 4369 functus
625 4314 897 4372 laudatur.
925 4316 1224 4373 Baronium
1253 4319 1422 4374 secuti
1466 4328 1593 4375 sunt
1625 4320 1809 4390 plures
1847 4322 1960 4386 alii,

375 4420 513 4474 quos
547 4406 634 4461 hic
665 4422 1093 4465 commemorare
1122 4425 1349 4466 necesse
1371 4427 1481 4465 non
1512 4420 1603 4467 est
1631 4431 1645 4467 :
1674 4414 1961 4469 sententiae

2062 3219 2235 3271 ctistes
2266 3233 2383 3271 eam
2435 3214 2626 3276 Vitam,
2654 3223 2764 3267 tum
2802 3213 2914 3267 alia
2959 3214 3199 3268 diuorum
3237 3223 3360 3267 acta
3384 3229 3503 3268 eum
3532 3213 3656 3267 elu-

2060 3310 2302 3363 cubrasse
2330 3317 2530 3363 eertum
2553 3307 2778 3372 videtur,
2835 3322 2938 3360 non
2967 3316 3023 3361 ut
3049 3305 3277 3360 Allatius
3320 3307 3520 3371 scribit,
3548 3306 3652 3360 sub

2064 3401 2232 3456 Leone
2287 3409 2335 3454 et
2365 3398 2754 3470 ;Constantino.
2800 3398 2941 3452 Nam
2996 3398 3049 3451 in
3102 3398 3202 3451 hac
3249 3398 3363 3452 Vita
3421 3397 3655 3452 Leonem

2060 3492 2252 3546 diserte
2274 3490 2363 3544 τὸν
2391 3490 2722 3561 μακαρίτην,
2760 3489 2926 3560 felicis
2952 3489 3216 3544 memoria:
3235 3489 3489 3558 appellat,
3538 3506 3654 3559 qua

2060 3587 2267 3639 ratione
2312 3584 2453 3655 loqui
2480 3584 2543 3637 de
2573 3585 2791 3638 mortuis
2836 3582 3082 3636 solemus.
3117 3581 3177 3638 Si
3203 3599 3265 3637 ea
3307 3583 3480 3652 prima
3532 3587 3657 3652 ejus

2062 3673 2449 3731 Commentatio
2470 3676 2593 3745 fuit,
2618 3674 2927 3743 nihiligitur
2942 3673 3040 3728 sub
3059 3671 3230 3728 Leone
3254 3675 3482 3741 scripsit,
3506 3677 3656 3745 quod

2062 3767 2269 3834 quidem
2310 3766 2536 3820 ediderit
2570 3766 2624 3819 in
2671 3765 2858 3820 lucem.
2893 3765 3075 3835 Neque
3118 3766 3421 3821 Alexandro
3468 3784 3655 3821 rerum

2061 3859 2309 3928 potiente,
2323 3858 2401 3911 ita
2434 3857 2654 3911 laudare
2680 3858 2977 3913 Himerium
3001 3874 3162 3911 ausus
3193 3867 3344 3912 esset.
3372 3857 3655 3929 Pra’cipue

2061 3951 2295 4020 publicas
2320 3967 2403 4006 res
2419 3943 2650 4005 tractare
2693 3950 2787 4004 sub
2820 3949 2992 4004 Leone
3014 3951 3186 4020 coepit.
3223 3951 3326 4005 Alii
3352 3952 3518 4006 etiam
3542 3952 3652 4006 ad-

2063 4044 2237 4109 dunt,
2288 4043 2440 4098 valde
2500 4042 2946 4097 adolescentulum
2993 4043 3048 4096 in
3101 4042 3312 4097 Cretam
3351 4045 3652 4114 profectum

2063 4138 2241 4207 fuisse.
2264 4135 2571 4192 Pcndamus
2615 4153 2730 4192 rem
2759 4152 2859 4192 suo
2892 4136 3153 4206 pondere.
3194 4135 3359 4206 quue
3394 4146 3453 4191 ut
3480 4153 3652 4193 accu-

2063 4232 2233 4285 ratius
2264 4231 2542 4296 succedat,
2572 4230 2733 4284 vcrba
2762 4228 3047 4299 Symeonis
3088 4229 3380 4284 recitemus
3412 4245 3478 4282 ex
3522 4231 3651 4285 Vita

2064 4332 2268 4379 sancta
2314 4323 2678 4377 Theoctistes.
2723 4323 3006 4394 Γενομένῳ
3039 4324 3132 4392 μοί
3175 4340 3304 4376 ποτε
3355 4323 3497 4376 κατὰ
3541 4323 3650 4395 τὴν

2065 4415 2266 4485 Πάρον.
2299 4413 2492 4482 Γέγονε
2527 4413 2603 4467 δέ.
2635 4415 2745 4468 Καὶ
2768 4414 2875 4483 γὰρ
2900 4416 2993 4467 ἐπὶ
3022 4414 3245 4484 Κρήτην
3276 4412 3524 4466 διέπλεον
3537 4414 3650 4466 ὑπὸ

376 4497 792 4552 fundamentum
823 4498 1032 4553 nullum
1057 4500 1204 4555 aliud
1226 4500 1353 4566 erit,
1379 4516 1542 4570 quam
1584 4501 1794 4558 Pscllus
1840 4504 1957 4573 ipse

2064 4505 2159 4559 τοῦ
2193 4505 2499 4576 μακαρίτου
2544 4506 2773 4569 Λέοντος
2830 4507 3006 4559 ἐκεῖσε
3055 4507 3349 4577 πεμφθεὶς,
3384 4505 3644 4571 Λέοντοῗ,

375 4583 650 4641 Orationis
689 4597 918 4644 auctor:
951 4604 1076 4643 nam
1108 4588 1249 4646 idem
1284 4590 1481 4661 ipsein
1514 4592 1758 4661 ejusdem
1785 4592 1954 4657 Meta-

374 4680 614 4749 phrastze
631 4681 1149 4747 venerationem,ac
1190 4680 1396 4737 cultum
1419 4682 1653 4738 ollicium
1685 4683 1739 4738 in
1766 4685 1955 4740 Ecclee

374 4771 454 4827 sia
483 4773 883 4829 concinendum
931 4776 1259 4845 composuit.
1304 4775 1357 4830 ls
1390 4776 1446 4829 in
1479 4776 1708 4831 canonis
1756 4777 1860 4833 ode
1895 4777 1951 4844 5,

374 4864 544 4921 refert
564 4866 713 4920 illum
762 4867 991 4923 consilio
1020 4877 1182 4938 atque
1219 4868 1430 4924 monitu
1457 4869 1601 4924 Parii
1652 4871 1955 4926 anachore-

377 4966 446 5012 ta;
502 4974 706 5013 munus
733 4974 1049 5031 aggressum
1077 4960 1374 5026 scribendi,
1420 4961 1656 5031 primum
1709 4962 1952 5017 omnium

373 5050 704 5118 colloquium
770 5050 905 5105 illud
965 5051 1276 5121 scripsisse,
1320 5061 1376 5107 et
1416 5051 1742 5109 Theoctistee
1775 5052 1952 5108 Vitam

362 5134 633 5205 graphice
667 5136 957 5192 admodum
988 5139 1325 5195 celebrasse:
1359 5140 1433 5193 Τὸ
1456 5142 1674 5211 πρῶτόν
1697 5159 1793 5197 σου
1822 5142 1956 5210 σύγ-

326 5282 327 5285 η
373 5243 613 5297 γραμμα
637 5229 702 5282 ὲκ
747 5229 1003 5300 προνοίας
1036 5230 1246 5303 θεῖκῆς,
1276 5233 1371 5287 καὶ
1392 5233 1606 5302 ὁμιλίας
1646 5235 1834 5305 γέγονε
1857 5235 1950 5289 τοῦ

371 5320 522 5393 ιεροῦ
562 5320 868 5393 πρεσϐύτου
899 5324 997 5377 καὶ
1013 5323 1282 5394 μοναστοῦ
1300 5369 1313 5389 ,
1339 5324 1567 5396 Συμεὼν
1583 5325 1866 5392 θεσπέσιε,
1893 5326 1951 5381 ὃν

375 5416 434 5468 ὲν
461 5414 628 5484 Πάρῳ
648 5417 713 5485 τῇ
757 5414 909 5487 νήσῳ
936 5415 1310 5488 τεθεώρηκας.
1355 5416 1448 5485 Et,
1487 5418 1680 5483 ’Δξίως
1712 5418 1952 5500 ὲξύμνηέ
1980 5454 1999 5471 ‹.

364 5521 475 5569 ea;
505 5506 602 5578 τῆς
644 5507 878 5572 Δισϐίας
928 5509 1001 5564 τὰ
1032 5508 1261 5581 λαμπρὰ
1301 5511 1395 5565 καὶ
1421 5510 1541 5565 Beia
1570 5512 1949 5582 ἀγωνίσματα,

373 5598 701 5672 Scantini);
733 5601 831 5672 τῆς
859 5600 1025 5666 ὅντως
1050 5602 1345 5672 ἀγγελικόν
1376 5602 1573 5676 μικροῦ
1602 5604 1697 5658 καὶ
1722 5602 1954 5676 ἀσώμα-

370 5691 788 5763 τοντιλεσάσης
820 5694 1109 5765 πανσόφως
1154 5696 1220 5749 τὸ
1270 5694 1587 5767 πολίτευμα.
1644 5694 1835 5752 Prima
1860 5705 1953 5752 tua

359 5787 744 5845 commentatio
784 5802 847 5843 ex
864 5788 1041 5844 divina
1054 5789 1416 5863 providentia,
1444 5799 1495 5844 et
1521 5788 1777 5860 colloquio
1803 5790 1949 5859 facta

2058 4597 2322 4669 φημὶ,τοῦ
2345 4597 2604 4677 εὐτυχοῖες
2635 4597 2804 4661 ὅντως
2827 4597 3111 4666 βασιλέως,
3140 4596 3236 4651 καὶ
3255 4598 3352 4659 τὴν
3381 4598 3573 4669 εὐτυχί
3613 4617 3645 4650 ν

2069 4688 2357 4758 Ῥωμαίων
2396 4688 2473 4759 τῷ
2532 4688 2691 4758 τάφῳ
2723 4687 3119 4756 ἁναθάῲαντος.
3169 4689 3530 4759 Ἐπεμπόμην
3582 4691 3645 4743 δὲ

2058 4779 2559 4851 συστρατευόμενος
2598 4778 2843 4849 Ἡμερίῳ
2876 4778 2955 4850 τῷ
2976 4779 3218 4849 neptuni)
3257 4797 3648 4851 οτρατηγικω-

2054 4872 2203 4943 τάτῳ
2246 4871 2448 4942 δηλαδὴ
2491 4870 2586 4924 καὶ
2628 4872 2849 4942 ἄρχοντι
2882 4871 2975 4924 τοῦ
3008 4888 3068 4926 τε
3107 4873 3332 4943 δρόμου,
3379 4874 3473 4929 καὶ
3530 4877 3640 4928 τοῦ

2058 4961 2246 5016 στόλου
2278 4960 2502 5027 παντὸς,
2524 4962 2556 5032 ἢ
2579 4962 2703 5031 τόγε
2734 4962 3095 5035 ἀληθέστερον
3125 4966 3512 5035 ποιησάμενος,
3545 4970 3645 5022 καὶ

2058 5050 2234 5123 μικρὰ
2275 5051 2468 5105 τούτου
2515 5051 2775 5122 μνησθεὶς
2805 5054 3058 5123 ἀτιμάσω
3084 5054 3177 5108 τὸν
3211 5054 3380 5126 ἄνδρα
3425 5056 3522 5110 ἐπὶ
3541 5056 3645 5127 τὴν

2055 5143 2338 5212 παροῦσαν
2386 5142 2525 5208 τέως
2554 5144 2813 5200 ὑπόθεσιν
2845 5141 2982 5216 εἶμι,
3027 5147 3235 5200 ἐκείνου
3273 5147 3417 5201 κατὰ
3443 5152 3644 5219 καιρὸν

2059 5232 2525 5304 μνησθησόμενος.
2577 5234 2939 5306 Ἐστελλόμην
2990 5235 3279 5308 τοιγαροῦν
3328 5237 3489 5291 τοῦτο
3535 5239 3644 5310 μὲν

2054 5325 2250 5398 ἐκείνῳ
2300 5327 2838 5398 συστρατευόμενος,
2868 5330 2962 5382 καὶ
3018 5328 3489 5399 προδιὸαζόμενος
3553 5334 3644 5397 εἰς

2053 5421 2252 5489 πεῖραν
2314 5420 2688 5492 στρατηγικὴν
2720 5460 2736 5485 ,
2783 5413 2874 5473 οἷα
2925 5420 3104 5485 πῶλος
3163 5423 3328 5495 μητρὶ
3383 5423 3524 5496 πρὸς
3566 5425 3646 5480 τὰ

2053 5514 2412 5582 γενναιότατα
2436 5514 2546 5568 τῶν
2573 5515 3050 5586 στρατηγημάτων
3106 5517 3437 5590 συσκαίρων.
3474 5517 3644 5574 οὕτω

2054 5606 2163 5678 γὰρ
2208 5600 2279 5678 ἦν
2331 5607 2361 5661 ὁ
2408 5605 2505 5663 τοῦ
2548 5606 2853 5676 μακαρίτου
2899 5624 3001 5680 μου
3064 5609 3336 5676 Βασιλέως
3393 5612 3641 5676 σκοπός·

2056 5696 2215 5750 τοῦτο
2260 5697 2319 5750 δὲ
2392 5681 2829 5768 πρασόιυόμενός
2884 5699 3021 5770 πρὸς
3076 5702 3203 5767 τοὺς
3251 5704 3353 5776 τὴν
3403 5703 3644 5776 Κρήτην

2044 5789 2283 5860 ,ἔχοντας
2319 5791 2586 5864 Ἄραϐας.
2606 5788 2738 5848 Cum
2766 5792 3055 5863 aliquando
3083 5795 3140 5852 in
3180 5796 3325 5854 Paro
3353 5813 3514 5854 esset:
3544 5800 3643 5854 in-
