3826 6460
228 367 303 431 45
827 384 847 395 ί
872 366 970 427 DE
1011 366 1357 428 SCRIPTIS
1391 358 1768 427 SYMEONIS
1813 358 2393 426 METAPHRASTIE
2430 360 2820 425 DIATRIBA.
3104 407 3115 413 ς
3404 361 3475 428 46

225 480 346 533 sula
403 494 421 532 :
468 477 545 549 fui
593 484 768 530 autem
798 516 812 539 ,
870 491 993 529 nam
1033 476 1087 527 in
1148 472 1361 529 Cretum
1410 475 1723 543 navigabant
1788 492 1819 526 a
1851 482 1893 535 Α
1927 468 2133 526 Partim
2162 474 2233 526 ad
2277 471 2479 526 Arabas
2510 470 2722 527 Cretam
2765 471 3050 528 obtinentes
3100 472 3356 544 legatione
3376 469 3472 545 {In

230 571 399 624 Leone
429 568 597 622 beant
617 567 881 620 memoria:
903 582 961 618 eo
986 566 1193 631 missus,
1228 565 1417 630 Leone,
1442 566 1495 619 in
1522 582 1700 636 quam,
1718 565 1811 619 illo

229 676 349 714 rere
395 661 671 730 fortunato
727 654 1065 726 imperatore,
1104 657 1194 725 qui
1242 658 1409 726 ipsam
1460 650 1813 711 Romanorum

230 747 536 821 felicitatem
559 765 734 803 secum
772 747 975 802 videtur
1009 750 1064 801 in
1086 748 1383 819 sepulcrum
1406 748 1664 803 intulisse.
1690 742 1813 804 Hit-

232 845 384 896 tebar
398 852 579 895 autem
592 856 698 895 una
720 840 957 893 militans
986 857 1103 894 cum
1134 840 1427 894 clarissimo
1449 840 1540 894 illo
1558 840 1813 906 Himerio,

232 941 413 1002 utpote
428 932 655 986 ducendi
687 932 944 985 exercitus
968 932 1305 998 peritissimo,
1343 932 1525 985 Dromi
1551 934 1812 1002 prefecto,

232 1025 320 1093 qui
343 1034 391 1077 et
409 1023 666 1076 universa:
688 1021 844 1075 classi
873 1020 1189 1090 imperabat,
1210 1031 1324 1085 aut,
1350 1032 1404 1075 ut
1431 1024 1601 1077 verius
1622 1024 1816 1091 dicam,

232 1116 360 1184 ipsis
373 1115 540 1167 animi
557 1113 1075 1182 perturbationibus;
1095 1113 1186 1167 sed
1218 1129 1279 1167 ne
1312 1114 1491 1168 multis
1506 1116 1818 1185 eﬂ‘erendam

235 1205 645 1260 laudibusillius
666 1206 912 1275 peritiam
938 1204 1054 1258 belli
1089 1204 1203 1278 [50]
1228 1206 1641 1261 administrandi
1659 1208 1821 1262 obiter

236 1298 519 1367 attingens.
548 1297 644 1351 levi
662 1298 775 1367 ejus
814 1299 955 1367 facta
994 1300 1274 1360 mentione,
1320 1300 1540 1354 dedecus
1571 1304 1618 1355 ei
1652 1303 1821 1372 potius

237 1388 421 1441 videar
459 1389 727 1452 inussisse,
768 1387 842 1440 ad
873 1390 1192 1458 propositam
1234 1389 1433 1443 interea
1463 1391 1822 1446 narrationem

238 1481 411 1540 redeo,
453 1481 517 1534 de
584 1495 642 1533 eo
678 1481 1021 1549 opportunius
1066 1481 1303 1534 dicturus
1376 1481 1534 1535 alias.
1578 1481 1826 1537 Mittebar

236 1569 398 1637 igitur
420 1568 617 1634 partim
636 1582 823 1620 cumeo
846 1567 1099 1633 militans,
1128 1577 1176 1621 et
1201 1569 1271 1621 ad
1302 1570 1654 1637 imperatoriae
1691 1572 1824 1625 artis

237 1658 606 1711 documentum
624 1657 842 1727 aliquod
871 1660 1268 1727 promouendus,
1302 1667 1359 1712 ut
1388 1660 1607 1730 equulus
1640 1663 1822 1727 matri,

238 1749 306 1803 ad
340 1750 607 1817 prteclara
674 1750 787 1819 ejus
826 1759 1213 1820 stratagemata
1272 1751 1514 1806 assiliens
1542 1753 1646 1820 :,id
1688 1756 1826 1809 enim

239 1844 503 1912 praecipue
541 1842 807 1913 Augustus
860 1844 1163 1910 spectabat:
1199 1845 1398 1913 partim
1422 1853 1479 1899 ut
1523 1848 1594 1900 ad
1623 1845 1827 1903 Arabas

240 1933 452 1988 Cretam
470 1933 756 1987 obtinentes
788 1932 1051 2004 legatione
1083 1936 1351 2006 fungerer.

309 2026 541 2080 Planum
575 2035 679 2089 est,
708 2026 837 2079 dum
877 2025 993 2080 haec
1023 2035 1380 2097 componeret
1430 2024 1827 2099 Metapbrastes

240 2117 482 2174 Leonem
510 2119 891 2187 imperatorem
916 2119 1024 2174 vita
1047 2118 1365 2173 defunctum
1412 2118 1600 2186 fuisse,
1627 2136 1737 2175 non
1760 2135 1825 2175 ex

239 2214 468 2268 verbulo
494 2222 727 2277 tantum,
755 2211 861 2265 Τοῦ
894 2211 1223 2283 μακαρίτου,
1260 2211 1355 2267 sed
1388 2212 1532 2282 quod
1560 2213 1614 2268 id
1668 2228 1826 2284 aper-

242 2305 471 2361 tissimis
526 2305 708 2360 verbis
777 2304 1133 2369 enuntietur,
1193 2303 1460 2369 Λὲοντος,
1515 2305 1688 2376 φημὶ,
1729 2304 1824 2359 τοῦ

241 2398 503 2467 εὐτυχοῦς
528 2397 697 2462 ὅντως
753 2396 1037 2468 βασιλέως,
1088 2398 1183 2450 καὶ
1235 2396 1333 2467 τὴν
1391 2398 1647 2467 εὐτυχίαν
1689 2397 1826 2452 Ῥω-

244 2492 423 2561 μαίων
462 2492 541 2563 τῷ
584 2491 741 2562 τάφῳ
780 2490 1183 2559 ἀναθάψαντος.
1216 2490 1408 2556 Leone,
1465 2491 1704 2562 inquam,
1731 2491 1825 2545 illo

242 2600 360 2637 vere
409 2586 682 2654 fortunato
730 2585 1066 2653 imperatore,
1126 2584 1218 2655 qui
1264 2585 1437 2653 ipsam
1468 2583 1825 2638 Romanorum

241 2675 551 2745 felicitatem
576 2693 755 2731 secum
782 2678 986 2732 videtur
1008 2677 1062 2730 in
1091 2677 1389 2748 sepulcrum
1421 2676 1679 2731 intulisse.
1711 2676 1824 2732 Risi

243 2763 465 2831 s-mpius,
497 2764 682 2819 utltoc
741 2778 958 2835 quoque
1014 2764 1103 2819 hic
1124 2766 1322 2830 obiter,
1359 2765 1461 2819 etsi
1514 2780 1622 2820 non
1672 2774 1825 2821 extra

242 2851 528 2905 materiam
562 2853 875 2919 observem,
902 2852 1187 2908 ridiculam
1219 2853 1555 2909 Genebrardi
1582 2854 1824 2911 inChro-

241 2942 366 2996 nico
381 2958 529 2998 anno
561 2954 687 2999 ante
715 2943 994 3001 Christum
1027 2945 1135 3001 965
1169 2946 1699 3016 interpretationem,
1751 2948 1823 3021 tui

240 3042 463 3090 vertens
524 3035 611 3090 illa
698 3037 880 3093 Suidte
971 3037 1040 3093 de
1110 3038 1379 3109 Symeone
1436 3040 1821 3112 Metapbraste,

1915 579 2084 633 gerer.
2108 562 2184 617 Ne
2219 562 2308 617 hic
2333 562 2588 626 referam,
2618 578 2737 632 qum
2767 560 2920 618 Plato
2953 563 3050 617 lib.
3086 579 3165 619 xu
3194 565 3496 637 Delegibus

1914 653 2127 718 statuit,
2156 654 2392 723 majores
2425 652 2597 719 (annis
2648 653 3039 724 quinquaginta
3088 654 3155 709 ad
3212 655 3491 726 publicum

1916 759 2119 799 munus
2148 759 2373 815 peregre
2402 744 2539 799 mitti
2576 761 2591 798 :
2624 743 2856 815 ideoque
2888 743 3293 817 πρέσϐειςᾶίοἰ.
3324 765 3493 809 senes.

1861 848 1868 854 '
1918 843 2048 889 natu
2098 834 2427 904 grandiores,
2474 845 2632 891 aetate
2666 845 2929 905 provecta.
2976 838 3044 892 Et
3093 838 3236 908 quod
3286 839 3499 897 Plinius

1919 926 2208 995 scripserat
2263 928 2328 981 ad
2359 926 2673 997 Traianum.
2724 924 2952 981 Cautum
3009 936 3103 992 est,
3169 928 3398 993 domine,
3435 947 3498 986 ne

1920 1019 2034 1090 quis
2080 1020 2260 1089 capiat
2311 1022 2712 1091 magistrorum,
2762 1033 2887 1073 neve
2906 1020 2973 1073 sit
3026 1023 3080 1073 in
3111 1030 3300 1075 senatu
3325 1024 3499 1077 minor

1922 1124 2178 1163 annorum
2219 1111 2456 1181 triginta.
2489 1111 2629 1165 Ante
2655 1110 2800 1165 enim
2833 1111 2977 1166 illam
3010 1119 3223 1167 aetatem
3251 1113 3499 1171 homines

1921 1213 2098 1269 neque
2132 1198 2249 1272 [Si]
2281 1217 2461 1256 rerum
2492 1201 2851 1271 gerendarum
2884 1216 3008 1268 usu,
3054 1215 3232 1273 neque
3259 1206 3498 1260 auctori-

1925 1298 2034 1345 tate
2064 1292 2206 1361 apud
2252 1308 2366 1355 eos,
2397 1293 2594 1363 quibus
2632 1293 2960 1363 persuadere
2984 1304 3275 1361 conantur,
3322 1298 3501 1353 excel-

1924 1382 2080 1436 lunt:
2118 1383 2231 1437 imo
2273 1385 2415 1439 dolis
2463 1384 2625 1439 etiam
2663 1384 2808 1439 haud
2865 1384 3153 1440 difﬁculter
3185 1386 3497 1457 capiuntur.

1925 1473 2068 1542 qttod
2099 1471 2165 1527 de
2195 1472 2299 1528 illis
2332 1475 2642 1530 enuntiarat
2664 1474 2831 1530 Arist.
2863 1475 2958 1531 lib.
2988 1492 3027 1531 ιι
3060 1476 3497 1534 Rlnetoricorum.

1974 1565 2148 1620 .Addo
2191 1567 2355 1621 verba
2420 1567 2633 1638 Synesii
2687 1568 2756 1623 de
2811 1568 3001 1639 Regno
3040 1570 3108 1625 ad
3144 1571 3434 1626 Arcadium
3479 1589 3497 1627 :

1940 1656 2183 1729 ’ἰσχυρὸν
2215 1658 2324 1729 γὰρ
2352 1661 2384 1729 ὴ
2431 1660 2621 1729 νεότης
2655 1658 2741 1728 ἐφ’
2768 1661 3003 1732 ἑκάτερα
3034 1664 3199 1735 ῥοπῇ,
3231 1662 3420 1735 ὥσπερ
3450 1666 3502 1719 0'.

1931 1750 2168 1819 ποταμοὶ
2195 1751 2316 1814 ταῖς
2337 1750 2609 1815 δοθείσαις
2637 1752 2775 1805 ὁδῶν
2797 1752 3069 1823 ἀφορμαῖς
3094 1756 3500 1828 ἁπληστὸτερον

1859 1815 1899 1869 Β
1928 1815 2330 1910 ἐπεξέρχονται.
2399 1840 2674 1895 Vehemens
2737 1849 2811 1895 est
2883 1815 3105 1912 impetus
3164 1815 3417 1901 iuuentae.
3444 1847 3502 1899 in

1929 1939 2209 2003 utramque
2238 1942 2463 2002 partem,
2497 1948 2596 1986 non
2624 1932 2782 1987 aliter
2808 1949 2870 1987 ac
2898 1950 3098 1999 amnes,
3130 1952 3232 2006 qua
3256 1936 3339 1990 via
3371 1937 3500 1991 data

1928 2031 2024 2087 est,
2045 2023 2403 2093 eruptionibus
2435 2023 2562 2077 illuc
2594 2033 2878 2078 excurrunt
2908 2026 3134 2079 avidius.
3159 2026 3392 2083 Lubrica
3416 2038 3504 2084 est

1926 2116 2171 2172 moribus
2215 2126 2366 2172 tetas.
2417 2116 2529 2173 lmo
2559 2118 2610 2174 sl
2642 2135 2831 2175 verum
2886 2127 2991 2187 est,
3034 2120 3178 2191 quod
3229 2136 3331 2177 nos
3367 2137 3503 2178 con-

1926 2208 2135 2279 jectura
2164 2224 2272 2263 non
2312 2210 2416 2264 levi
2441 2211 2584 2266 ducti
2621 2212 2986 2279 asseruimus;
3027 2227 3206 2286 neque
3240 2227 3358 2272 eam
3401 2214 3505 2273 im-

1928 2300 2180 2371 probavit
2228 2302 2537 2371 Bollandus,
2572 2303 2896 2376 Symeonem
2926 2322 2958 2362 a
2996 2309 3220 2365 secretis
3252 2310 3354 2365 sub
3398 2310 3504 2365 hoc

1929 2394 2132 2459 Leone,
2174 2395 2267 2467 qui
2306 2412 2500 2452 aurum
2539 2414 2569 2453 a
2604 2397 2985 2472 Rhodopbyllo
3027 2402 3279 2457 relictum
3331 2402 3503 2458 Leoni

1927 2487 2203 2558 Tripolitae
2250 2489 2439 2545 infami
2482 2499 2745 2560 apostata:
2795 2492 3089 2557 obtulerat,
3144 2503 3203 2549 ut
3258 2509 3383 2550 eum
3436 2495 3505 2548 ab

1926 2581 2141 2636 excidio
2170 2580 2644 2639 Thessalonicensi
2683 2594 2977 2650 averteret,
3012 2586 3246 2656 ideoque
3278 2586 3507 2659 dignitao

1927 2673 2072 2729 tibus
2130 2684 2350 2730 auctum
2406 2676 2474 2731 ab
2533 2674 2881 2747 imperatore,
2923 2693 3037 2733 non
3093 2679 3258 2735 alium
3309 2679 3502 2747 fuisse,

1927 2781 2087 2836 quam
2124 2767 2448 2840 Symeonem
2496 2769 2642 2825 hunc
2679 2767 3125 2842 Metaphrastem,
3165 2771 3276 2843 jam
3332 2773 3504 2828 habe-

1926 2873 2049 2913 mus
2082 2859 2410 2923 certissime,
2464 2859 2787 2931 Symeoncm
2827 2877 2893 2918 eo
2923 2868 3191 2933 tempore,
3220 2879 3328 2934 quo
3370 2864 3505 2919 Cre—

1926 2961 2039 3007 tam
2098 2953 2457 3025 adnavigabat
2535 2962 2693 3008 relate
2750 2954 2975 3024 plenum
3031 2955 3233 3021 fuisse,
3290 2965 3504 3012 tantum

1926 3043 2103 3107 abest,
2131 3053 2192 3099 ut
2226 3045 2385 3099 valde
2432 3043 2868 3100 adolescentulus
2915 3053 3083 3108 esset,
3133 3052 3188 3100 et
3234 3044 3379 3100 intra
3421 3047 3505 3099 vi-

254 3125 341 3177 Ἐν
369 3130 437 3194 τῇ
471 3127 566 3181 τοῦ
598 3129 901 3199 μακαρίτου
928 3129 1226 3199 Λογοθέτου
1253 3133 1612 3205 μεταφράσει,
1653 3136 1710 3206 ..ᾗ
1741 3137 1818 3200 είς

1927 3135 2061 3206 ginti
2123 3144 2236 3192 tres
2298 3151 2472 3191 annos
2538 3145 2753 3191 aetatem
2811 3144 3151 3191 numeraret.
3218 3135 3506 3207 Expeditio

242 3216 301 3268 τὸ
343 3219 645 3290 μαρτύριον
672 3221 765 3274 τοῦ
802 3222 955 3289 ἁγίου
992 3222 1315 3290 Λουκιανοῦ,
1365 3225 1438 3280 ita
1495 3227 1820 3282 enuntiavit.

240 3308 402 3362 Nobis
444 3313 730 3365 assentitur
770 3313 1055 3368 Macaritus
1084 3315 1386 3386 Logothetes
1416 3317 1468 3371 in
1515 3317 1604 3373 lib.
1661 3318 1824 3372 Meta-

241 3402 472 3466 phrasis,
503 3402 583 3456 his
601 3403 767 3457 verbis
799 3421 811 3457 :
839 3419 964 3458 cum
994 3404 1290 3470 debuisset,
1341 3407 1484 3460 nobis
1541 3406 1825 3462 assentitur

241 3492 425 3546 beatus
476 3493 782 3565 Logotlteta,
839 3497 1234 3569 Metaphrastes
1289 3501 1522 3567 scilicet,
1558 3503 1613 3555 in
1657 3502 1823 3556 Meta-

240 3585 442 3650 phrasi,
474 3586 577 3640 hoc
603 3597 705 3648 est.
740 3589 795 3642 in
821 3587 963 3654 Vita,
995 3575 1330 3662 etblartyrio
1374 3593 1547 3646 sancti
1574 3594 1819 3647 Luciani.

241 3672 318 3728 Ne
356 3691 561 3730 novum
588 3677 735 3733 hunc
776 3689 1055 3734 auctorem
1089 3680 1407 3736 Macaritum
1437 3683 1819 3755 Logothetam,

241 3781 340 3834 per
379 3766 802 3835 imprudentiam
857 3770 1150 3825 conﬁctum
1192 3772 1245 3826 in
1300 3774 1623 3845 antiquitate
1670 3792 1822 3846 quee-

243 3871 363 3911 rere
403 3859 612 3914 insulse
641 3876 919 3931 cogamur.
954 3860 1092 3916 Tum
1123 3873 1239 3918 erat
1269 3864 1419 3920 valde
1457 3868 1821 3925 adolescentu-

241 3951 346 4011 lus,
379 3947 489 4010 vel,
532 3965 633 4002 non
658 3960 772 4004 erat
805 3952 1089 4005 admodum
1143 3963 1270 4006 natu
1300 3967 1569 4023 provectus
1604 3974 1623 4011 :
1662 3960 1820 4030 fuerit

242 4047 366 4093 tunc
392 4041 599 4111 viginti,
623 4050 715 4095 aut
745 4042 930 4110 viginti
957 4044 1179 4097 duorum
1218 4062 1499 4100 annorum.
1532 4046 1647 4103 Iloc
1690 4068 1821 4108 vero

241 4143 351 4182 non
386 4133 665 4198 probatur.
688 4131 944 4197 Quinimo
970 4135 1012 4187 si
1035 4150 1141 4201 res,
1165 4136 1233 4190 de
1258 4151 1363 4206 qua
1403 4138 1821 4209 agit,.altentius

241 4222 638 4288 consideretur,
683 4224 852 4279 multo
895 4226 1110 4280 videtur
1146 4235 1272 4281 natu
1318 4231 1590 4299 grandior,
1615 4239 1670 4287 et
1703 4250 1819 4288 me-

242 4312 382 4368 diam
404 4314 641 4371 hominis
661 4325 874 4372 aetatem
903 4317 1220 4374 decurrens.
1257 4321 1343 4377 Ait
1370 4322 1438 4376 de
1468 4324 1599 4378 sein
1628 4327 1817 4381 eadem

244 4404 396 4460 Vita:
430 4406 570 4475 Ἐγὼ
596 4407 650 4461 δὲ
682 4411 1100 4481 περιεργότερος
1123 4409 1219 4475 ὣν,
1252 4414 1345 4466 καὶ
1378 4414 1613 4469 συνιέναι
1646 4415 1817 4482 δεινὸς

238 4493 365 4568 ἦθος
391 4499 604 4570 ἀνδρὸς.
634 4500 746 4573 Ego
769 4516 885 4555 cum
909 4520 1068 4558 essem
1083 4507 1357 4579 curiosior,
1399 4517 1447 4561 et
1470 4511 1600 4563 satis
1630 4508 1812 4579 solers,
1847 4496 1892 4550 Ῑ)

241 4606 302 4641 ac
334 4605 505 4660 sagax
529 4605 697 4645 mores
746 4592 1014 4646 hominum
1042 4595 1383 4665 percipiendi.
1429 4596 1499 4651 At
1538 4600 1811 4655 solertiam

238 4682 694 4751 sagacitatemque
724 4684 1087 4749 consimilem,
1119 4695 1175 4741 et
1204 4688 1363 4759 longo
1416 4692 1809 4760 experimento,

238 4784 289 4826 et
314 4783 476 4828 aetate
509 4784 768 4844 provecta
796 4777 1200 4847 consequimur.
1241 4778 1309 4833 Et
1336 4782 1554 4851 quidem
1586 4784 1640 4837 in
1671 4785 1814 4839 deri-

240 4866 417 4920 diculo
447 4875 615 4929 esset,
656 4869 701 4922 si
741 4869 866 4938 quis
907 4870 960 4924 in
995 4871 1225 4940 juvenili
1263 4883 1421 4929 aetate
1461 4876 1655 4930 similia
1690 4893 1817 4946 pro-

240 4958 500 5014 ﬁteretur.
537 4960 670 5026 Quis
718 4970 978 5031 praeterea
1025 4964 1427 5020 adolescentem
1480 4983 1602 5022 cum
1664 4979 1814 5025 tanto

238 5051 373 5103 duce
400 5050 560 5104 simul
600 5052 964 5107 militantem?
989 5053 1124 5121 Quis
1174 5055 1475 5112 imberbem
1543 5066 1813 5131 oratorem

239 5139 301 5194 ad
331 5141 529 5211 Reges,
582 5152 637 5197 et
689 5145 1032 5212 potissimum
1099 5145 1393 5203 Barbarum
1442 5151 1671 5217 miserit,
1720 5154 1812 5224 qui

238 5234 583 5296 veneranda,
617 5234 986 5305 barbamque,
1042 5246 1103 5292 ut
1160 5239 1235 5293 ita
1282 5240 1481 5307 dicam,
1530 5241 1723 5305 forma,
1761 5244 1815 5299 in

239 5343 339 5398 qua
411 5328 646 5382 credunt
699 5330 1045 5399 sapientiam,
1103 5331 1470 5400 prudentiam,
1543 5333 1814 5405 ﬁdemque

240 5417 420 5475 inesse
446 5420 618 5491 magis
647 5419 960 5485 ﬂectuntur,
986 5437 1147 5492 quam
1182 5423 1408 5479 imberbi
1434 5440 1497 5479 ac
1527 5426 1705 5496 depile
1736 5425 1816 5480 fa-

238 5512 339 5576 cie,
360 5512 522 5582 cujus
570 5514 628 5568 in
673 5515 997 5585 peragendis
1040 5515 1276 5586 negotiis
1318 5518 1517 5572 nullam
1551 5519 1813 5573 rationem

238 5601 462 5664 habent.
513 5603 582 5660 Et
624 5605 1019 5677 Metaphrastes
1067 5615 1180 5661 tum
1216 5607 1559 5673 miltelalur,
1599 5611 1814 5663 Cretam

236 5695 300 5747 ad
328 5692 539 5751 Arabes
568 5695 729 5766 legati
782 5711 984 5751 munus
1034 5697 1227 5751 obiens
1278 5716 1291 5751 :
1338 5698 1508 5751 Τοῦτο
1573 5698 1632 5751 δι
1679 5715 1816 5769 πρε-

238 5785 567 5857 σϐευόμενος
594 5789 733 5859 πρὸς
757 5789 883 5853 τοὺς
907 5790 1008 5859 τὴν
1043 5789 1267 5860 Κρήτην
1292 5790 1512 5860 ἔχοντας
1541 5792 1607 5843 Ἀ
1619 5790 1812 5863 ρασις.

1926 3228 2071 3284 enim
2131 3226 2355 3283 llimerii
2406 3228 2627 3299 ponitur
2671 3245 2818 3285 anno
2866 3214 3069 3285 Christi
3132 3230 3257 3285 902.
3308 3229 3507 3284 Leonis

1927 3321 2140 3392 imperii
2207 3337 2351 3377 anno
2413 3322 2627 3377 decimo
2681 3325 2946 3392 septimo,
3004 3321 3402 3394 Rhodopbylli,
3450 3332 3507 3375 et

1927 3413 2212 3486 Symeonis
2239 3431 2364 3472 cum
2395 3415 2659 3483 Tripolita
2700 3414 2882 3469 Leone
2912 3423 3068 3483 pacta
3113 3429 3259 3468 anno
3298 3412 3502 3469 Christi

1925 3506 2050 3574 904,
2081 3522 2110 3561 a
2154 3505 2363 3562 Joanne
2418 3506 2722 3561 Caminiata
2777 3506 2923 3559 illius
2969 3506 3070 3560 aevi
3122 3507 3409 3576 scriptore,
3449 3517 3506 3559 et

1923 3600 2016 3669 qui
2063 3600 2225 3655 rebus
2278 3600 2488 3666 aderat,
2555 3606 2916 3654 recensentur
2970 3596 3111 3653 libro
3166 3599 3232 3652 de
3294 3596 3505 3653 excidio

1926 3689 2421 3755 Thessalonicensi,
2442 3690 2496 3744 in
2520 3705 2627 3759 quo
2654 3689 2978 3760 Symeonem
3011 3688 3158 3745 hunc
3187 3698 3348 3744 atate
3377 3705 3501 3759 pro-

1924 3788 2144 3836 vectum
2202 3790 2381 3842 vocat,
2432 3780 2637 3852 Ἄνδρα
2664 3781 2921 3850 φρονήσει
2970 3778 3256 3850 βεϐηκότα,
3314 3788 3370 3834 et
3413 3778 3503 3832 διὰ

1926 3870 2121 3939 πείρας
2167 3870 2295 3924 ὄντα
2341 3870 2550 3923 πολλῶν
2603 3872 2963 3942 πραγμάτων.
3005 3869 3181 3923 Virum
3221 3872 3500 3939 prudentia

1923 3970 2244 4030 provectum,
2282 3970 2329 4014 et
2357 3961 2645 4015 multarum
2684 3976 2857 4014 rerum
2885 3960 3204 4030 experientia
3240 3960 3500 4015 munitum

1924 4063 2103 4122 pecttts
2159 4063 2439 4124 gerentem.
2481 4051 2563 4108 An
2595 4055 2823 4107 duorum
2860 4068 3126 4108 annorum
3152 4052 3498 4108 intervallum

1927 4151 2136 4200 tantum
2179 4145 2478 4209 hominem,
2516 4153 2570 4199 et
2602 4145 2926 4215 prudentiae,
2965 4154 3021 4200 et
3061 4145 3239 4201 aetatis
3291 4145 3346 4199 in
3390 4144 3499 4199 alio

1923 4248 2087 4308 atque
2114 4239 2219 4293 alio
2248 4247 2390 4293 statu
2423 4238 2791 4302 collocaverit,
2813 4247 2868 4293 et
2892 4244 3096 4292 tantam
3125 4253 3306 4292 rerum
3330 4252 3498 4308 expc-

1926 4330 2180 4384 rientiam
2210 4329 2527 4390 accreverit,
2553 4336 2611 4383 ut
2640 4328 3015 4383 adolescentes
3044 4327 3099 4381 in
3123 4327 3269 4382 viros
3299 4327 3499 4381 immu-

1924 4430 2020 4481 tet.
2053 4428 2108 4476 et
2143 4421 2324 4475 minus
2357 4420 2653 4490 prudentes
2697 4418 2764 4475 ad
2812 4418 3114 4490 prudentiae
3157 4415 3378 4473 ultimos
3425 4418 3498 4473 li-

1922 4516 2084 4569 mites
2123 4515 2328 4585 ponat?
2367 4512 2636 4579 Quoniam
2679 4528 2809 4568 vero
2849 4510 3071 4583 Legatio
3120 4510 3221 4565 ista
3260 4510 3489 4565 Rhodo-

1922 4606 2111 4677 pbylli,
2151 4614 2204 4660 et
2232 4604 2517 4677 Symeonis
2550 4620 2679 4672 non
2728 4606 2803 4658 ita
2849 4603 3009 4658 obvia
3053 4609 3157 4665 est,
3201 4610 3255 4656 et
3306 4602 3496 4672 jejune

1925 4698 2214 4751 admodum
2247 4712 2275 4750 a
2304 4694 2551 4751 Cedreno
2580 4703 2850 4758 narratur,
2883 4694 2987 4748 erit
3026 4709 3207 4764 operte
3236 4694 3495 4764 pretium.

1922 4790 1965 4842 si
1991 4805 2019 4841 a
2036 4786 2245 4842 Joanne
2262 4786 2581 4847 Caminiata,
2604 4793 2825 4838 auctore
2842 4798 2950 4837 non
2974 4783 3047 4838 ita
3065 4790 3195 4839 noto
3212 4782 3497 4839 audiatur:

1862 4888 1867 4893 ’
1921 4875 2029 4932 Ἦν
2057 4877 2113 4931 δέ
2138 4896 2219 4942 τις
2243 4879 2379 4947 μετὰ
2400 4876 2495 4929 τοῦ
2522 4874 2709 4929 λοιποῦ
2731 4874 2971 4944 πλήθους
2998 4874 3107 4927 τῶν
3131 4872 3495 4945 αἰχμαλώτων

1925 4969 2247 5041 συλληφθεὶς
2280 4966 2533 5038 εὐνοῦχος
2582 4965 2678 5018 τοῦ
2712 4966 2996 5035 βασιλέως,
3034 4964 3129 5018 καὶ
3155 4962 3266 5017 τῶν
3295 4964 3497 5034 ὲξόχων

1925 5058 2006 5124 εἷς
2051 5057 2404 5128 Ῥοδοφύλλης
2460 5056 2603 5111 οὓτω
2656 5055 3012 5126 καλούμενος,
3058 5054 3116 5118 ὃς
3180 5055 3337 5126 ἔτυχε
3390 5054 3499 5125 πρὸ

1931 5151 2126 5223 μικροῦ
2153 5148 2247 5203 τοῦ
2269 5146 2515 5202 κινδύνου
2537 5146 2634 5216 τὴν
2666 5148 2757 5198 ἐπὶ
2785 5142 2937 5198 ﬂow
2956 5144 3170 5206 σταλείς
3190 5160 3205 5174 θ
3227 5144 3319 5197 καί
3336 5160 3499 5197 τινων

1928 5243 2129 5315 χρειῶν
2163 5241 2350 5295 ἕνεκεν
2382 5241 2519 5312 πρὸς
2559 5243 2624 5311 τῇ
2675 5238 2829 5292 πόλει
2860 5236 3149 5307 γενόμενος
3183 5236 3305 5308 μεθ’
3339 5236 3497 5308 ἡμῶν

1925 5333 2372 5403 συγκλεισθῆναι,
2389 5332 2608 5386 καὶτῶν
2631 5330 2905 5402 ῥηθέντων
2924 5329 3166 5397 ἀνιαρῶν
3181 5331 3491 5399 μετασχεῖν.

1928 5425 2023 5488 Ὃς
2053 5425 2147 5477 καὶ
2183 5420 2407 5493 ἐκόμιζε
2455 5420 2572 5491 μεθ’
2618 5419 2806 5474 ἑαυτοῦ
2838 5417 3041 5488 πλῆθος
3082 5418 3332 5490 χρυσίου,
3358 5418 3496 5488 ὅπερ

1925 5515 2110 5583 ἔλεγεν
2149 5514 2389 5581 ἀπάγειν
2437 5510 2762 5581 ἐπικουρίας
2807 5510 2953 5575 τινὸς
2998 5498 3162 5580 χάριν
3207 5508 3304 5563 τοῦ
3356 5510 3500 5563 κατὰ

1925 5605 2173 5661 Σικελίαν
2222 5605 2455 5677 στρατοῦ
2510 5602 2959 5676 συμπλεκομένου
3013 5605 3128 5666 τοῖς
3193 5601 3336 5657 κατὰ
3396 5602 3499 5671 τὴν

1940 5696 2205 5769 Ἀφρικὴν
2242 5696 2549 5768 Βαρϐάροις
2592 5695 2705 5761 ἀεὶ,
2747 5696 2843 5749 καὶ
2877 5694 3076 5765 πολλῆς
3106 5691 3360 5761 δεομένου
3397 5692 3499 5763 τῆς

1925 5792 1985 5845 ὲν
2036 5792 2149 5855 τοῖς
2203 5789 2493 5862 πράγμασι
2543 5785 2882 5858 συνεργείας.
2920 5778 3086 5849 Οὗτος
3105 5779 3199 5838 οὖν
3227 5781 3371 5857 κατᾲ
3395 5782 3499 5854 τὴν
