3826 6466
354 407 455 473 "Ti
1670 401 1870 462 LEON
1880 399 1952 461 IS
1992 398 2297 460 ALLATII
3543 392 3616 458 ιδ

388 527 578 590 νύκτα,
609 519 727 593 μεθ’
770 520 834 588 ἢν
867 515 977 570 ’τοῦ
1013 512 1261 569 κινδύνου
1317 513 1415 585 τὴν
1471 515 1664 585 πεῖραν
1716 514 1953 576 ἅπαντες

2062 520 2217 581 taque
2270 526 2365 579 ope
2413 519 2689 580 propterea
2736 494 3035 579 indigentis,
3089 509 3347 561 auxilium
3406 508 3631 577 deferre.

389 602 939 685 ιδεξάμέθα,ἕλαθεν,
964 606 1064 660 οὐκ
1082 602 1178 659 οἷδ’
1204 606 1375 672 ὅπως,
1403 605 1710 674 ἐξενεγκεῖν
1732 605 1829 675 τῆς
1854 604 1957 657 πό-

388 709 525 771 λεως
555 706 615 759 ἰδ
641 701 866 775 χρυσίον
895 700 1094 762 ἐκεῖνο,
1133 695 1270 769 μετά
1291 698 1575 751 καίντινων
1615 696 1724 751 τῶν
1780 696 1959 767 ὑπηρ-

393 780 698 867 ετουμένων
728 792 900 864 αὐτῷ,
926 791 1018 845 καὶ
1055 790 1193 865 πρὸς
1216 790 1307 844 τὸν
1335 787 1637 860 στρατηγὸν
1668 787 1958 859 Στρυμμόο

389 908 474 954 νος
511 885 912 953 ἐξαποστεῖλαι,
965 879 1207 954 χαράξας
1264 877 1552 948 ἐπιστολὴν
1598 878 1957 952 περιέχουσαν

387 980 645 1051 ἀσφαλῶς
689 975 980 1047 φυλάττειν
1012 972 1170 1028 τοῦτο
1216 972 1376 1044 μέχρι
1406 970 1508 1041 τῆς
1544 969 1824 1034 ἐκϐάσεως
1863 966 1957 1022 τοῦ

388 1066 981 1141 πολέμου.’Χειρωθεὶς
1009 1061 1102 1120 οὖν
1131 1056 1283 1126 οὗτος
1325 1060 1465 1133 ἤχθη
1497 1065 1636 1115 κατά
1668 1059 1959 1133 πρόσωπον

371 1162 481 1216 ιτοῦ
516 1160 782 1237 τυράννου
804 1174 819 1192 ·
852 1161 880 1212 6
911 1157 969 1211 δὲ
996 1156 1095 1228 τὴν
1132 1154 1347 1227 μορφὴν
1373 1150 1671 1216 ἀλλοιώσας
1702 1149 1960 1222 ἐμϐριθέ-

360 1253 580 1322 ’στερόν
617 1268 675 1305 τε
706 1240 907 1321 μᾶλλον
947 1246 979 1319 ἤ
1014 1246 1280 1318 πρότερον
1321 1244 1434 1313 εἶχε
1468 1243 1605 1315 πρὸς
1641 1241 1801 1296 αὐτὸν
1826 1257 1960 1310 χρη-

388 1350 642 1416 σάμενος,
685 1341 966 1414 ἀνηρώτα·
1007 1339 1117 1394 Ποῦ
1150 1339 1236 1410 δὴ,
1275 1337 1430 1409 φησί,
1467 1336 1527 1389 τὸ
1553 1334 1649 1388 τοῦ
1699 1332 1961 1404 βασιλέως

387 1434 631 1508 χρυσίον,
663 1433 733 1487 τὰ
781 1432 875 1487 δύο
903 1431 1163 1497 τάλαντα,
1210 1430 1355 1500 ἆπερ
1385 1428 1478 1481 ἐπὶ
1527 1425 1776 1479 Σικελίαν
1807 1424 1961 1491 ἄγειν

390 1525 658 1597 ἐτάχθης;
696 1524 757 1579 '0
785 1523 862 1589 δὲ,
895 1521 1066 1574 Τοῦτο
1083 1520 1168 1590 δὴ,
1195 1520 1380 1589 φησὶν,
1409 1517 1488 1581 εἰς
1508 1517 1642 1587 ὅπερ
1668 1512 1964 1583 κατείλημ-

391 1634 509 1689 μαι,
530 1614 735 1679 δεδιὼς,
765 1614 863 1686 τὴν
897 1612 1218 1683 πολιορκίαν
1244 1610 1392 1679 λέγω
1419 1609 1521 1680 τῆς
1547 1607 1777 1670 πόλεως,
1812 1603 1961 1658 ἐπεί-

388 1710 496 1779 περ
529 1704 690 1769 αὐτὸς
721 1703 836 1776 [59.]
890 1701 1001 1773 ἐγὼ
1053 1701 1213 1774 δεῦρο
1248 1698 1450 1771 τυχὼν,
1506 1698 1783 1760 ἀδυνάτως
1818 1691 1963 1766 εἶχον

387 1798 639 1853 τοσούτου
688 1796 935 1850 κινδύνου
985 1793 1252 1867 παρόντος
1294 1792 1619 1863 ὑποχωρεῖν,
1658 1787 1757 1843 καὶ
1791 1787 1866 1860 μὴ
1894 1787 1962 1841 τά

385 1891 517 1960 παρ’
549 1874 744 1944 ἐαυτοῦ
770 1888 1068 1951 δεικνύναι,
1097 1886 1317 1941 πάντων
1344 1886 1421 1948 εἰς
1446 1884 1545 1955 ἐμὲ
1564 1883 1867 1955 βλεπόντων
1885 1880 1961 1944 ὡς

387 1984 454 2040 ἄν
484 2003 536 2039 τι
566 1984 802 2056 χρηστὸν
831 1985 967 2049 τοῖς,
992 1982 1086 2036 καὶ
1116 1980 1194 2050 τῷ
1235 1978 1414 2051 καιρῷ
1452 1978 1624 2048 τούτῳ
1668 1978 1957 2049 χρήσιμον,

387 2078 687 2148 δυνάμενος
712 2076 1035 2147 παρασχεῖν,
1054 2071 1246 2127 τούτου
1264 2071 1326 2142 δὴ
1355 2070 1514 2142 χάριν
1533 2070 1592 2122 τὸ
1619 2067 1719 2138 μὲν
1741 2067 1961 2137 χρυσίον

390 2170 568 2223 ἐκεῖνο
598 2169 696 2240 τῆς
743 2165 952 2229 πόλεως
994 2164 1375 2234 ὑπεξήγαγον·
1429 2162 1491 2214 ού
1536 2160 1644 2230 γάρ
1691 2159 1961 2230 ἐδυνάμην

389 2259 638 2332 ἀκριϐῶς
701 2260 828 2325 περὶ
878 2256 1090 2324 ἀδήλων
1140 2254 1517 2327 στοχάζεσθαι.
1567 2252 1710 2321 Ἐγὼ
1757 2254 1813 2307 δέ
1877 2270 1959 2306 σοι

390 2354 720 2425 παρέστηκα
743 2353 984 2423 τήμερον
1017 2349 1322 2420 δορυάλωτο
1332 2366 1373 2415 ;,
1400 2347 1609 2401 πολλῶν
1631 2346 1803 2401 ἄλλων
1823 2364 1959 2417 χρη-

392 2447 585 2517 μάτων
615 2445 926 2517 παραίτιος,
958 2443 1011 2496 εἴ
1036 2461 1100 2512 γε
1130 2442 1309 2507 ζῶντά
1338 2459 1407 2513 με
1446 2441 1542 2496 καὶ
1570 2440 1782 2511 ἀϐλαϐῆ
1829 2458 1957 2494 συν-

389 2528 707 2608 τηρήσειάς.
766 2533 1077 2605 Ἀχθεσθεὶς
1124 2531 1218 2588 οὖν
1269 2532 1360 2586 ἐπὶ
1408 2531 1620 2597 τούτοις
1669 2533 1697 2585 6
1745 2530 1960 2596 ἀλαζὼν

390 2629 623 2692 ἐκεῖνος,
658 2628 752 2680 καὶ
775 2616 867 2680 τὸν
892 2620 1063 2696 θυμὸν
1095 2625 1293 2688 όποίως
1319 2624 1483 2679 αὑτὸν
1504 2620 1640 2695 εἶχε,
1663 2624 1751 2678 διά
1771 2641 1831 2678 τε
1852 2624 1959 2678 τῶν

389 2712 708 2789 ὀφθαλμῶν,
761 2712 858 2772 καὶ
906 2717 1005 2788 τῆς
1064 2712 1249 2786 φωνῆς
1300 2715 1524 2787 ἔκδηλον
1578 2718 1954 2786 παραστήσας,

391 2802 583 2881 βύθιον
603 2809 917 2882 ἐξεϐόησεν⁶
965 2808 1317 2881 Ἐπειδήπερ,
1336 2808 1521 2879 φησὶν,
1549 2808 1647 2862 οὐκ
1672 2806 1872 2878 ἔμαθεν
1894 2808 1957 2861 ἐκ

388 2906 497 2962 τῶν
522 2906 901 2978 προκειμένων
921 2905 1276 2977 ἀδιάδραστον
1307 2900 1447 2959 εἶναι
1474 2904 1572 2976 τὴν
1604 2903 1698 2958 τοῦ
1727 2903 1956 2957 θανάτου

382 2984 589 3069 ψῆφον,
624 3000 738 3063 τοῖς
776 2999 852 3071 μὴ
884 2999 955 3053 τὰ
994 3000 1178 3053 οἰκεῖα
1209 2998 1469 3069 χρήματα
1496 2996 1690 3068 λύτρον
1726 3011 1959 3066 παρεχο-

372 3091 576 3162 μένοις
615 3093 643 3145 6
670 3092 770 3163 τῆς
797 3090 1244 3161 γυναικωνίτιδος
1294 3081 1472 3154 οὗτος,
1512 3088 1627 3142 ἀλλ’
1653 3087 1842 3158 ὥσπερ
1867 3086 1959 3140 ἐπὶ

2067 598 2167 656 llic
2198 604 2375 672 itaque
2403 609 2569 666 nocte,
2604 616 2719 672 quia
2771 610 3106 669 pra’cesserat
3151 598 3456 662 discrimen,
3497 599 3635 668 quod

2061 712 2237 750 omnes
2266 695 2467 765 experti
2509 711 2708 757 sumus,
2742 692 3037 748 clanculum
3067 692 3238 746 nescio
3271 709 3373 763 qua
3407 692 3635 753 ratione,

2061 795 2170 840 tum
2219 804 2409 841 aurum
2458 785 2614 846 illud,
2648 795 2757 840 tum
2806 801 2977 839 servos
3024 800 3144 838 suos
3193 781 3473 839 nonnullos
3510 786 3640 836 urbe

2060 877 2341 941 extulerat,
2374 888 2421 931 et
2470 878 2540 930 ad
2588 874 2940 946 Strymmonis
2987 877 3170 930 ducem
3216 876 3452 940 miserat,
3497 873 3640 927 datis

2060 968 2274 1034 litteris,
2306 978 2361 1022 ut
2388 968 2523 1022 illud
2554 970 2624 1023 ad
2651 968 2809 1038 finem
2846 985 3004 1040 usque
3037 967 3157 1022 belli
3191 970 3474 1037 expetitam
3499 984 3641 1021 secu-

2061 1063 2274 1116 ritatem
2309 1061 2541 1116 haberet.
2575 1062 2772 1131 Captus
2801 1064 2965 1133 igitur
2992 1061 3385 1134 Rhodophyllus
3429 1062 3500 1115 ad
3549 1071 3635 1131 ty-

2062 1170 2289 1208 rannum
2349 1155 2673 1210 conducitur.
2725 1154 2824 1209 Ille
2860 1165 3073 1225 aspectu
3117 1164 3339 1220 mutato,
3387 1165 3435 1208 et
3482 1154 3637 1208 vehe-

2062 1247 2368 1300 mentiorem
2414 1263 2576 1317 quant
2618 1256 2777 1301 antea
2823 1257 3072 1301 naturam
3106 1248 3327 1301 induens
3371 1246 3640 1317 efﬂagita-

2062 1338 2199 1391 bat:
2241 1335 2338 1395 Ubi
2371 1347 2493 1391 sunt
2539 1339 2868 1409 imperatorii
2923 1339 3045 1392 auri
3101 1337 3301 1391 talenta
3348 1339 3473 1401 duo,
3523 1350 3641 1406 qua:

2064 1427 2157 1481 tibi
2206 1428 2482 1482 commissa
2515 1429 2680 1500 fuere,
2715 1438 2771 1483 ut
2803 1429 2858 1481 in
2890 1427 3131 1483 Siciliam
3175 1427 3494 1481 adveheres?
3532 1423 3640 1479 Ro-

2063 1519 2336 1590 dophyllus
2373 1519 2585 1575 :Meum
2614 1521 2751 1574 hunc
2782 1537 2983 1581 casum.
3013 1537 3162 1591 quem
3182 1521 3405 1591 perfero,
3436 1520 3644 1589 patior-

2064 1628 2163 1682 que
2190 1612 2487 1682 suspicans,
2522 1629 2836 1684 cernensque
2864 1614 3008 1668 urbis
3036 1613 3395 1676 obsidionem;
3426 1610 3641 1682 quando

2073 1703 2184 1772 ipse
2212 1705 2312 1756 huc
2345 1704 2563 1775 fortuito
2596 1703 2803 1759 delatus
2848 1721 2949 1758 non
2983 1720 3184 1774 possent
3223 1703 3289 1757 ab
3338 1703 3642 1757 imminente

2066 1802 2175 1846 tam
2208 1794 2322 1847 diro
2349 1794 2578 1864 periculo
2608 1796 2848 1860 evadere,
2881 1796 3237 1866 secedereque,
3272 1802 3320 1848 et
3350 1810 3463 1847 mea
3502 1808 3642 1863 qua-

1995 1854 2040 1915 B
2070 1886 2347 1958 liacnnque
2375 1887 2467 1941 illa
2497 1888 2689 1959 forent,
2713 1890 2968 1958 conferre,
2995 1887 3231 1941 omnibus
3258 1887 3315 1940 in
3352 1902 3433 1940 me
3461 1884 3642 1938 oculos

2063 1977 2395 2041 vertentibus,
2423 1986 2678 2049 tanquam
2706 1977 2994 2049 proﬁcuum
3034 1978 3156 2039 sibi.
3180 1986 3229 2030 et
3260 1976 3480 2044 tempori
3510 1990 3640 2044 per-

2063 2080 2432 2141 opportunum,
2474 2088 2666 2125 aurum
2712 2071 2845 2125 illud
2903 2069 3040 2125 clam
3089 2069 3214 2123 urbe
3244 2069 3434 2133 eduxi;
3473 2083 3641 2138 neque

2063 2164 2200 2217 enim
2242 2172 2481 2233 poteram
2524 2164 2588 2218 de
2619 2163 2791 2217 dubiis
2823 2172 2961 2216 certo
2994 2161 3199 2233 aliquid
3227 2160 3533 2230 conjectari.
3570 2161 3639 2212 At

2060 2253 2170 2324 ipse
2201 2269 2336 2306 nunc
2365 2254 2550 2307 adsum
2581 2254 2675 2307 tibi
2703 2256 2939 2323 captivus
2964 2254 3250 2324 ingentium
3286 2251 3519 2305 aliarum
3547 2266 3643 2320 pe-

2062 2346 2341 2399 cuniarum
2373 2364 2634 2401 summam
2672 2347 3017 2412 exhibiturus,
3048 2345 3160 2419 [55]
3195 2347 3241 2400 si
3274 2346 3445 2398 vivum
3480 2354 3642 2411 atque

2061 2437 2334 2492 innoxium
2361 2441 2669 2494 servaveris.
2718 2438 2875 2494 Hisce
2913 2440 3162 2509 superbus
3194 2439 3281 2492 ille
3325 2448 3640 2501 commotus,

2063 2537 2111 2582 et
2137 2544 2274 2601 a’gre
2287 2532 2480 2601 ferens,
2495 2540 2542 2584 et
2563 2532 2910 2602 furorem,qui
2926 2532 3073 2584 illum
3089 2531 3431 2593 obsederat,et
3447 2529 3638 2593 oculis,

2060 2632 2108 2675 et
2136 2640 2253 2677 voce
2296 2624 2585 2694 explicans,
2615 2626 2735 2680 imis
2763 2639 2828 2680 ex
2874 2624 3177 2694 prazcordiis
3222 2623 3469 2677 intonuit.
3504 2620 3641 2678 Cum

2061 2731 2125 2769 ea:
2154 2717 2491 2782 praesentibus
2524 2718 2667 2772 haud
2713 2718 2960 2773 didicerit
2998 2717 3259 2771 calculum
3303 2717 3483 2771 mortis
3526 2716 3642 2769 evi-

2061 2808 2168 2860 tari
2200 2808 2355 2862 abiis
2384 2824 2485 2862 non
2510 2826 2677 2879 posse,
2702 2813 2791 2881 qui
2826 2810 3070 2881 prcprias
3118 2815 3365 2883 pecunias
3407 2812 3637 2881 pro'itta

2059 2900 2415 2968 redemptione
2448 2918 2552 2955 non
2594 2902 2856 2968 exhibent,
2889 2906 2991 2966 hic,
3022 2907 3111 2976 qui
3158 2922 3185 2958 e
3225 2902 3496 2975 Cynteceio
3537 2914 3638 2967 est,

2016 3040 2027 3057 ί
2059 2989 2163 3042 imo
2198 2992 2355 3047 veluti
2385 2993 2437 3045 in
2464 3008 2616 3046 scena
2644 2995 2976 3048 mendacium
3006 2994 3256 3063 explicat,
3288 2997 3469 3066 ingens
3499 2995 3640 3051 illud

2059 3080 2290 3149 quidem,
2318 3089 2366 3134 et
2397 3082 2792 3149 admirandum,
2827 3085 3052 3139 salutent
3080 3098 3435 3152 contemnens,
3474 3103 3640 3141 coxas

395 3184 604 3253 σκηνῆς
657 3182 923 3250 ἐπίδειξιν
954 3184 1187 3236 ποιεῖται
1218 3181 1278 3235 τὸ
1316 3181 1542 3252 πλάσμα
1575 3178 1670 3234 τοῦ
1707 3179 1958 3251 ψεύδους,

2064 3180 2113 3227 et
2142 3172 2390 3243 scapulas
2437 3175 2657 3245 fustibus
2701 3178 3091 3243 contundatur;
3142 3188 3198 3233 ut
3243 3195 3378 3233 nunc
3423 3180 3643 3233 tandem

393 3273 537 3343 μέγα
568 3258 677 3328 καὶ¹
701 3273 1035 3342 θαυμαστὸν,
1063 3267 1154 3327 οἷα
1197 3272 1340 3326 κατὰ
1371 3274 1471 3341 τῆς
1496 3271 1692 3344 ἑαυτοῦ
1724 3270 1961 3344 προϐαλ-

372 3336 615 3432 λόμενος
665 3336 961 3434 σωτηρίας,
1011 3336 1228 3434 ῥάϐδοις
1264 3336 1550 3416 τυπτέσθω
1586 3336 1655 3415 ίτά
1685 3378 1745 3414 τε
1767 3336 1959 3431 ἰσχία,

388 3454 485 3507 καὶ
512 3453 579 3507 τά
606 3453 745 3509 κατά
768 3453 858 3507 τὸν
885 3452 1052 3509 νῶτον
1081 3454 1221 3526 μέρη
1242 3468 1256 3484 ·
1277 3453 1351 3517 ὡς
1373 3453 1439 3507 ἂν
1468 3452 1590 3523 ἄρτι
1612 3451 1725 3524 γνῷ
1746 3453 1962 3523 πρῶτον

380 3538 497 3596 »τίνι
524 3541 875 3613 παρίσταται,
912 3542 1007 3596 καὶ
1035 3542 1165 3614 περὶ
1203 3541 1363 3597 τίνων
1391 3539 1722 3611 διαλέγεται,
1757 3543 1851 3594 καὶ
1883 3542 1958 3613 μὴ

387 3633 690 3704 χρημάτων
724 3630 1022 3705 ἀλλοτρίων
1053 3631 1419 3703 ἀμφισϐητῶν
1465 3630 1556 3684 τδν
1606 3632 1736 3702 περὶ
1783 3630 1960 3703 ψυχῆς

374 3725 568 3796 διαυτῷ
594 3727 961 3798 περιποιεῖται
1008 3724 1276 3778 κίνδυνον.
1302 3722 1364 3777 Oi
1400 3721 1704 3793 λειτουργοὶ
1729 3721 1823 3777 οὖν
1851 3725 1962 3777 τῶν

382 3817 592 3873 ἀδίκων
618 3819 820 3890 φόνων,
850 3817 924 3881 ώς
954 3816 1115 3888 μόνον
1145 3810 1285 3870 εἶδον
1308 3814 1472 3868 αὑτὸν
1496 3816 1616 3885 μεθ’
1643 3815 1960 3885 ὗποσυρμοῦ

380 3909 574 3979 φωνῆς
608 3909 702 3963 καὶ
763 3907 963 3979 μανίας
998 3905 1098 3979 τὴν
1146 3906 1403 3979 τοιαύτην
1452 3906 1630 3977 ψῆφον
1678 3907 1819 3960 κατὰ
1864 3906 1960 3960 τοῦ

391 3998 625 4064 ἑστῶτος
665 3999 1119 4070 ἐξενεγκάμενον,
1153 3999 1345 4053 θᾶττον
1384 3997 1543 4068 λόγου
1575 3998 1773 4062 παντὸς
1794 4000 1860 4069 τῇ
1888 3999 1959 4069 γῇ

387 4089 579 4145 τοῦτον
633 4089 1035 4164 προσέῤῥαξαν,
1070 4088 1165 4144 καὶ
1199 4089 1489 4153 τοσαύταις
1522 4089 1772 4161 βάλλουσι
1816 4089 1956 4159 πλη-

389 4185 533 4252 γαῖς,
567 4183 643 4248 ὡς
668 4183 744 4255 μὴ
761 4184 854 4238 ἐπὶ
884 4183 1018 4237 πολὺ
1049 4185 1321 4254 ἀντισχεῖν
1346 4183 1439 4262 τοῦ
1472 4181 1660 4237 ἀθλίου
1691 4185 1749 4237 τὸ
1775 4182 1953 4254 σῶμα,

388 4272 505 4328 ἀλλ’
541 4275 622 4338 εἰς
651 4273 821 4328 πολλά
848 4273 1140 4345 διαιρεθὲν,
1169 4277 1264 4328 καὶ
1287 4277 1403 4338 τοῖς
1428 4274 1634 4344 ὀχετοῖς
1652 4273 1761 4327 τῶν
1790 4276 1957 4344 αἱμά-

386 4380 497 4419 των
546 4363 640 4417 τδν
692 4364 1051 4436 ὑποκείμενον
1097 4363 1261 4418 τόπον
1295 4363 1611 4436 πληρῶσαν,
1659 4364 1831 4430 οὕτως
1860 4365 1958 4436 τὴν

278 4460 286 4479 ’
380 4450 571 4526 ψυχὴν
603 4457 915 4525 ἐπαφεῖναι,
952 4460 1240 4528 καρτερεῖν
1267 4459 1388 4520 ταῖς
1419 4455 1690 4527 δριμείαις
1720 4457 1958 4522 ἐκείναις

2065 3273 2336 3331 agnoscat,
2370 3264 2456 3318 cui
2491 3276 2668 3333 astat,
2703 3276 2754 3321 et
2783 3269 2847 3323 de
2893 3269 3079 3338 quibus
3109 3270 3359 3341 loquitur,
3391 3280 3439 3324 et
3464 3286 3528 3324 ne
3575 3271 3644 3325 de

2062 3354 2247 3409 alienis
2282 3356 2514 3424 pecuniis
2542 3356 2653 3425 ipse
2682 3358 2983 3427 disputans,
3005 3362 3276 3430 proprium
3301 3363 3422 3416 vita:
3444 3362 3643 3417 discri-

2063 3460 2181 3498 men
2228 3445 2429 3501 subeat.
2474 3444 2708 3501 Ctedium
2749 3450 2927 3520 itaque
2974 3450 3277 3520 iniquarum
3311 3452 3639 3519 administri,

2063 3545 2119 3589 ut
2169 3536 2408 3592 viderunt
2462 3554 2580 3592 eum
2625 3549 2833 3594 extenta
2887 3556 3026 3605 voce,
3079 3552 3127 3596 et
3179 3542 3323 3596 rabie
3359 3544 3520 3613 effusa
3579 3545 3640 3598 in

2061 3639 2365 3700 praesentem
2460 3632 2560 3686 sibi
2661 3633 2885 3688 similem
2975 3636 3286 3689 sententiam
3380 3638 3635 3707 ferentem

2062 3719 2212 3772 verbo
2256 3720 2483 3790 quolibet
2520 3721 2694 3787 citius,
2736 3723 2997 3776 hominem
3030 3725 3084 3778 in
3131 3736 3329 3778 terram
3374 3725 3636 3786 allidunt,

2064 3815 2237 3877 totque
2264 3823 2382 3860 eum
2417 3808 2711 3864 verberibus
2737 3819 2992 3875 mactant,
3026 3820 3080 3865 ut
3109 3827 3295 3880 corpus
3327 3814 3504 3866 miseri
3532 3829 3641 3869 non

2063 3898 2155 3951 diu
2182 3899 2450 3966 restiterit,
2493 3900 2583 3953 sed
2633 3911 2809 3971 partes
2857 3903 2915 3956 in
2961 3901 3218 3972 plurimas
3264 3903 3638 3971 dilaceratum,

2063 3992 2333 4061 sanguinis
2365 3992 2523 4046 ueluti
2550 3993 2791 4048 ductibus
2831 3994 3121 4065 subjectum
3148 3994 3249 4048 sibi
3280 3995 3448 4049 solum
3472 3996 3638 4050 inun-

2063 4081 2286 4145 daverit,
2314 4083 2490 4152 sicque
2518 4083 2755 4137 animam
2783 4084 3063 4154 efflaverit,
3082 4101 3198 4138 cum
3220 4087 3364 4139 diros
3393 4086 3513 4140 illos
3534 4087 3636 4141 do-

2063 4171 2199 4227 lores
2226 4175 2482 4228 sustinere
2512 4191 2615 4228 non
2639 4186 2829 4243 posset.
2861 4173 2929 4228 Ut
2959 4192 3080 4230 vero
3101 4178 3447 4247 defatigatum
3471 4193 3639 4249 agno-

2062 4274 2244 4319 verunt
2299 4266 2551 4321 immanes
2599 4267 2678 4321 illi
2729 4268 2954 4331 lictores,
2992 4270 3081 4339 qui
3125 4270 3297 4339 plagis
3345 4269 3637 4339 inferendis

2064 4356 2224 4410 etiam
2253 4366 2367 4424 post
2393 4357 2583 4412 caedem
2614 4360 2771 4428 finem
2808 4376 2910 4414 non
2936 4364 3188 4431 fecerant,
3212 4363 3299 4415 vix
3332 4363 3545 4415 tandem
3574 4367 3641 4417 de

2064 4449 2241 4519 furore
2289 4450 2490 4520 aliquid
2550 4453 2817 4506 remittens
2882 4453 3222 4506 inexorabilis
3285 4454 3378 4507 illa
3436 4456 3637 4521 bellua,

390 4546 686 4618 ἀλγηδόσιν
717 4548 817 4601 οὐκ
849 4545 1242 4618 ὲξισχύσασαν.
1297 4545 1385 4611 Ὠς
1435 4546 1527 4601 οὖν
1562 4548 1833 4619 ἀπείρηκε
1865 4549 1958 4603 καὶ

2066 4540 2213 4608 Esto,
2246 4542 2434 4612 inquit,
2482 4559 2597 4595 cum
2628 4560 2760 4598 auro
2808 4544 2901 4598 illo
2939 4553 2988 4598 et
3023 4546 3121 4598 iste
3169 4545 3225 4597 in
3265 4547 3638 4615 perditionem.

388 4637 547 4709 δῆλος
569 4634 639 4711 ἦν
664 4638 780 4705 τοῖς
808 4634 980 4712 ώμοῖς
1001 4641 1231 4703 ἐκείνοις
1260 4639 1579 4712 δορυφόροις
1595 4638 1674 4693 ἔτι
1694 4640 1795 4704 τάς
1818 4640 1954 4711 πλη-

390 4728 494 4799 γάς
536 4732 768 4802 ἀφιεῖσι,
803 4732 900 4786 καὶ
950 4732 1088 4803 μετὰ
1142 4732 1395 4797 θάνατον,
1459 4731 1614 4802 μόλις
1671 4732 1801 4785 ποτὲ
1860 4733 1961 4804 τῆς

388 4814 727 4896 κατεχούσης
759 4823 948 4880 ἐαυτὸν
994 4826 1164 4898 ὀργῆς
1193 4824 1465 4897 περιάρας
1511 4827 1539 4878 6
1577 4824 1959 4890 δυσέντευκτος

390 4910 518 4987 θήρ.
563 4915 766 4980 Ἔστω,
821 4916 980 4987 φησὶ,
1016 4917 1155 4986 μετὰ
1189 4917 1281 4970 τοῦ
1326 4916 1551 4988 χρυσίου
1602 4916 1812 4979 ἐκείνου
1864 4918 1959 4971 καὶ

389 5000 544 5087 οὗτος
573 5009 652 5071 εἰς
682 5005 957 5061 ἀπώλειαν
978 5023 992 5037 ο
1026 5007 1338 5071 ἀλυσιτελὲς
1366 5007 1497 5078 γάρ,
1547 5006 1622 5070 ώς
1660 5007 1828 5073 ἔοικε,
1865 5008 1959 5062 καὶ

370 5087 701 5173 τύρεθένᾶν
723 5099 1067 5154 διεδείκνυτο.
1091 5097 1219 5154 Cum
1249 5099 1447 5170 reliqua
1472 5101 1796 5171 captivorum
1820 5101 1959 5156 mul-

390 5174 613 5263 titudine
670 5200 851 5260 captus
895 5206 1097 5261 quoque
1132 5191 1307 5261 fuerat
1353 5191 1568 5261 quidam
1596 5220 1599 5223 -
1628 5193 1959 5260 imperatoris

382 5270 676 5349 ciinucltu's,
723 5282 857 5337 unus
896 5296 960 5336 ex
989 5281 1322 5351 primatibus,
1360 5282 1443 5335 cui
1483 5281 1843 5354 Rhodopliyllo
1862 5301 1956 5337 no-

361 5354 661 5463 fuit,
695 5377 791 5467 qui
828 5362 1006 5453 paulo.
1033 5382 1155 5428 ante
1193 5373 1483 5457 periculum
1525 5374 1581 5428 in
1630 5375 1958 5454 Occidentem

360 5541 367 5547 η
390 5471 581 5526 missus
606 5468 667 5524 ob
688 5466 977 5523 nonnullas
995 5482 1182 5522 causas
1195 5466 1478 5522 admodum
1506 5468 1825 5523 necessarias
1853 5470 1958 5526 Ur-

388 5563 502 5618 bem
528 5554 814 5632 appellans,
840 5554 957 5615 cum
988 5558 1132 5615 nobis
1166 5558 1421 5627 inclusus,
1454 5554 1626 5622 nobis,
1657 5576 1817 5631 quam
1846 5577 1957 5615 me-

388 5655 730 5719 moravimus,
757 5652 1019 5732 particeps
1039 5651 1119 5722 fit.
1146 5650 1380 5707 Ducebat
1401 5650 1490 5729 ille
1510 5666 1684 5705 secum
1708 5668 1958 5724 magnam

382 5746 513 5801 auri
548 5746 671 5813 vim,
706 5744 845 5817 quod
877 5745 966 5800 ille
1003 5742 1329 5799 asseverabat
1368 5740 1424 5796 in
1473 5740 1641 5797 Siculi
1679 5745 1954 5809 exercitus,

386 5839 631 5893 continuo
662 5854 776 5892 cum
800 5820 1062 5891 ‘Barbaris
1089 5833 1354 5905 Africanis
1381 5830 1781 5904 con'gredientis,
1815 5834 1956 5888 mul-

2061 4634 2305 4703 Namque
2355 4643 2410 4686 ut
2465 4634 2689 4699 videtur,
2764 4636 2971 4688 etiamsi
3037 4646 3355 4705 compertum
3414 4638 3642 4706 fuisset,

2063 4723 2268 4777 nullum
2317 4723 2457 4777 illius
2496 4739 2648 4777 usum
2698 4726 3121 4794 percepissemus.
3153 4727 3219 4781 Et
3262 4726 3423 4795 paulo
3451 4730 3596 4798 infra
3619 4744 3641 4786 :

2072 4812 2421 4883 Ἐρχομένοις
2448 4814 2557 4885 γάρ
2581 4830 2693 4867 τισι
2728 4814 2869 4885 μετὰ
2895 4814 2956 4867 τὸ
2982 4814 3081 4886 τὴν
3108 4816 3264 4870 πόλιν
3298 4816 3501 4871 ἁλῶναι
3520 4822 3639 4881 τοῖς

2060 4903 2479 4976 ὁπωσδηποτοῦν
2498 4904 2767 4976 διαδράσι,
2792 4908 2886 4959 καὶ
2906 4909 3033 4972 τοὺς
3075 4908 3237 4972 ἰδίους
3257 4908 3638 4980 αἰχμαλώτους

2061 4999 2388 5069 ὠνουμένοις
2420 5001 2722 5072 συνήπτετο
2748 5000 2862 5070 μετ’
2896 5000 3097 5064 αὐτῶν,
3128 5000 3220 5053 καί
3241 5018 3324 5063 τις
3355 5001 3494 5070 ἀνὴρ
3526 5018 3635 5054 κα·
3724 5013 3729 5017 ‘

2061 5092 2318 5164 λούμενος
2349 5093 2594 5164 Συμεὼν,
2623 5095 2880 5163 φρονήσει
2904 5092 3171 5162 βεϐηκὼς,
3202 5095 3296 5147 καὶ
3316 5092 3405 5145 διά
3434 5092 3635 5163 πείρας

2062 5185 2139 5239 ὣν
2184 5185 2395 5239 πολλῶν
2446 5187 2810 5256 πραγμάτων,
2840 5184 2899 5248 ὃς
2928 5180 2997 5255 ἦν
3046 5185 3182 5254 πρὸς
3230 5184 3325 5237 τοῦ
3366 5183 3637 5259 βασιλέως

2064 5268 2279 5339 σταλεὶς
2305 5275 2374 5329 δι’
2401 5277 2583 5329 αἰτίαν
2604 5275 2725 5328 τινά
2742 5273 2975 5345 χρειώδη
3003 5274 3110 5343 πρὸ
3139 5272 3335 5345 μικροῦ
3362 5275 3430 5344 τῇ
3455 5273 3637 5338 πόλει,

2063 5370 2193 5441 περὶ
2224 5364 2293 5442 ἦς
2331 5368 2427 5423 νῦν
2461 5369 2561 5423 ούκ
2586 5369 2889 5436 ἀναγκαῖον
2916 5369 3111 5421 εἰπεῖν.
3142 5368 3368 5430 Τούτοις
3391 5362 3486 5421 οὖν
3507 5364 3637 5419 καθ’

2061 5463 2300 5534 ἑκάστην
2352 5462 2517 5534 μέχρι
2558 5461 2668 5516 τῶν
2717 5458 2944 5533 ἡμερῶν
2985 5459 3079 5513 τοῦ
3129 5459 3373 5514 ἀπόπλου
3420 5459 3637 5530 συχνῶς

2060 5556 2379 5627 ἐρχομένοις
2430 5554 2757 5609 ἀνεκοίνωσε
2810 5554 2913 5625 τὴν
2967 5552 3110 5607 κατά
3163 5551 3273 5605 τῶν
3319 5551 3636 5622 εἰρημένων

2060 5634 2265 5722 βουλὴν
2295 5650 2323 5702 6
2351 5646 2521 5711 δεινὸς
2550 5642 2706 5710 οὗτος
2736 5646 2876 5698 λέων
2910 5644 3081 5699 εἰπὼν
3134 5644 3272 5715 πρὸς
3297 5644 3517 5707 αὐτοὺς,
3552 5644 3634 5707 ὡς

2070 5740 2215 5810 Ἐγὼ
2243 5738 2518 5810 ἀπεχθῶς,
2547 5738 2702 5810 φησὶ,
2724 5737 3021 5809 φερόμενος
3046 5735 3104 5803 ἐξ
3126 5734 3424 5806 ἀρχῆςκαθ’
3451 5732 3631 5803 ὑμῶν,

2057 5836 2156 5889 οὐκ
2188 5832 2401 5904 ἔκρινον
2444 5831 2662 5897 ζωῶσαι
2695 5829 2806 5887 τῶν
2834 5828 3072 5884 ἁλόντων
3118 5828 3344 5889 οὐδένα·
3381 5825 3465 5890 τίς
3519 5825 3629 5897 γὰρ
