3826 6472
231 369 303 434 ιο
875 366 975 430 DE
1014 368 1361 430 SCRIPTIS
1401 366 1702 430 SYMEON
1712 366 1780 429 IS

1912 364 2019 426 {TA
2027 366 2397 429 PHRASTE
2437 369 2676 433 DIATR
2685 371 2836 432 IBA.
3409 375 3489 441 δον
3508 387 3533 426 ε

233 485 299 543 ἔκ
329 481 468 538 Θεοῦ
502 482 695 550 μισθὸς
744 483 1028 553 πολεμίοις
1057 485 1317 554 ἀνδράσιν
1345 485 1404 538 ὲν
1440 483 1618 557 καιρῷ
1652 483 1810 553 νίκης

1913 486 2192 555 πυρκαϊᾶς
2238 484 2586 545 διεσώσαντο.
2629 488 3038 547 Advenientibus
3086 495 3358 551 nonnullis
3400 500 3497 567 qui
3536 508 3539 509 ν

232 576 326 630 τὸν
364 574 596 629 θάνατον
635 577 963 645 συγχωρεῖν,
998 575 1057 629 ὃν
1083 576 1238 629 αὐτοὶ
1267 575 1467 647 μᾶλλον
1497 577 1808 631 ὲτέκταινον

232 666 354 722 καθ’
382 666 576 737 ἡμῶνς
612 667 765 720 Ἀλλ’
794 666 984 737 ἐπειδὴ
1014 667 1174 737 χρεία
1197 685 1282 729 τις
1320 668 1552 735 ἐπείγει,
1586 668 1709 722 καθ’
1740 670 1808 740 ἦν

233 763 381 815 ἐστιν
436 760 751 827 ἐπάναγκες
805 759 1093 830 ζωωθῆναι
1142 760 1384 826 τούτους,
1417 761 1574 833 εἴπερ
1619 762 1805 816 αἰτίου

231 852 387 922 τύχοι
417 851 509 905 τοῦ
540 853 800 923 πέρατος,
845 852 974 923 περὶ
1004 852 1196 905 τούτου
1231 854 1354 906 καθ’
1387 853 1613 919 ἑαυτοὺς
1651 854 1809 925 ὑμεῖς

233 945 511 1015 σκέψασθε
528 961 543 977 ⁸
574 945 867 1016 ἐπείγομαι
888 946 999 1017 γάρ
1024 945 1124 1018 ἤδη
1154 945 1248 999 τοῦ
1272 946 1465 1016 καιροῦ
1490 964 1557 1018 με
1584 946 1809 1000 καλοῦν-

232 1056 322 1102 τος
344 1038 483 1107 πρὸς
511 1038 610 1107 τὴν
651 1038 787 1091 ίδίαν
831 1039 1097 1092 ἀποπλεῖν
1147 1039 1403 1110 πατρίδα.
1437 1039 1676 1094 Δύνασθε
1715 1041 1807 1094 οὖν

233 1130 659 1201 ἀντιποιηθῆναι
677 1129 887 1184 τούτων
918 1130 1089 1184 ὅντων
1118 1130 1408 1185 διακοσίων
1433 1132 1524 1186 τὸν
1551 1132 1803 1203 ἀριθμὸν,

230 1222 299 1277 δι’
330 1224 615 1294 ἐγγράφου
640 1222 867 1292 ἐγγύης,
902 1222 978 1286 ὡς
1007 1223 1192 1276 λαϐεῖν
1219 1224 1364 1294 ἡμᾶς
1394 1225 1510 1279 ἀντ’
1540 1223 1720 1277 αὐτῶν
1750 1225 1808 1277 ὲν

232 1315 309 1385 τῷ
339 1316 524 1385 καιρῷ
551 1317 653 1385 τῆς
687 1315 1041 1384 καταλλαγῆς
1082 1316 1404 1388 ίσαρίθμους
1452 1317 1806 1388 Ἀγαρηνοὺς,

231 1407 424 1460 πεῖσαί
454 1425 514 1460 τε
538 1408 628 1461 τὸν
647 1407 953 1480 κρατοῦντα
975 1408 1084 1463 τῶν
1120 1410 1406 1480 Ῥωμαίων
1427 1408 1496 1463 τὰ
1525 1413 1799 1482 σκῆπτρα,

236 1501 511 1571 μηδεμίαν
542 1501 672 1571 περὶ
708 1502 900 1554 τούτου
935 1501 1267 1573 ἀμφιϐολίαν
1300 1501 1467 1573 ἔχειν,
1516 1501 1650 1556 ἀλλά
1682 1520 1807 1557 συν-

232 1594 425 1649 θέσθαι
450 1597 564 1658 τοῖς
596 1596 685 1663 ὑφ’
726 1594 881 1665 ὑμῶν
918 1596 1366 1665 πεπραγμένοιςο
1414 1594 1446 1665 ἢ
1499 1594 1805 1649 δεδίττεσθε

237 1690 336 1755 μὲν
387 1684 489 1756 τὴν
533 1685 761 1755 ἐγγύην,
805 1684 880 1747 ὡς
913 1683 987 1754 μὴ
1017 1686 1073 1737 ἐν
1114 1685 1241 1754 ὑμῖν
1275 1683 1558 1755 κειμένην,
1613 1685 1808 1753 ἄδηλον

231 1778 315 1843 δν,
344 1779 379 1849 ἢ
413 1778 883 1848 παραδεχθήσεται
918 1774 1011 1831 ὑπ’
1056 1774 1290 1839 ἐκείνου,
1318 1776 1351 1848 ἢ
1402 1777 1476 1846 μή
1496 1793 1511 1808 ⁸
1543 1777 1600 1828 ὲν
1631 1775 1808 1828 οὐδενὶ

230 1841 527 1927 autem}
550 1841 804 1923 τοσοῦτον
836 1869 1024 1934 κακὸν,
1049 1871 1252 1940 μικρᾶς
1281 1841 1625 1940 προμηθείας
1662 1868 1805 1938 μέγα
1838 1841 1879 1901 Β

232 1961 531 2035 προξενοῦν
568 1963 681 2026 τοῖς
724 1959 1018 2031 ὁμοφύλοις
1045 1961 1135 2014 τὸν
1182 1960 1401 2032 ὄλεθρον
1426 1976 1439 1990 ·
1477 1961 1670 2014 εἴπατε
1714 1956 1807 2014 οὖν

232 2055 481 2125 ὁποτέρῳ
510 2054 715 2108 τούτων
750 2056 1033 2124 στοιχεῖτε,
1062 2054 1130 2107 ἵν’
1162 2053 1243 2108 ἑνί
1269 2070 1332 2122 γε
1365 2052 1464 2124 τὴν
1497 2051 1676 2123 ψῆφον
1699 2052 1807 2105 δῶ-

237 2164 361 2219 μεν,
385 2146 421 2217 ῆ
448 2146 545 2199 τοῦ
570 2145 811 2211 ζωῶσαι,
839 2145 871 2217 ἢ
905 2144 1000 2199 τοῦ
1032 2144 1337 2211 ἀπαλλάξαι
1365 2144 1583 2207 αύτούς.
1623 2145 1682 2198 Ὀ
1715 2138 1807 2198 οὖν

233 2237 425 2311 ῥηθεὶς
453 2237 702 2307 Συμεὼν,
741 2236 837 2291 ἆτε
883 2236 947 2308 δὴ
997 2236 1105 2289 τῶν
1147 2236 1322 2291 ἄλλων
1375 2237 1621 2307 προέχων
1674 2236 1809 2308 πρὸς

233 2331 400 2388 αὐτὸν
428 2331 557 2402 ἔφη·
612 2330 753 2398 Ἐγὼ
783 2330 991 2402 ταύτην
1022 2331 1122 2401 τὴν
1162 2330 1373 2401 ἐγγύην
1407 2331 1565 2403 μόνος
1607 2347 1808 2400 κατεγ-

232 2425 477 2496 γυῶμαι,
518 2423 706 2494 σαφῶς
740 2422 896 2487 εἰδὼς
939 2423 1000 2477 τὺ
1054 2425 1183 2497 περὶ
1223 2424 1401 2479 πάντα
1428 2425 1807 2497 φιλάνθρωπον

231 2515 325 2570 τοῦ
374 2515 502 2569 καθ’
549 2517 695 2587 ἡμᾶς
750 2516 1172 2590 αὐτοκράτορος,
1225 2516 1321 2570 καὶ
1353 2516 1427 2581 ὡς
1476 2517 1600 2589 δίχα
1646 2518 1805 2582 λόγου

233 2609 436 2672 παντὸς
459 2609 753 2680 παρέξεται
779 2610 985 2663 τούτων
1008 2608 1217 2672 ἕνεκεν,
1248 2608 1307 2677 ἐξ
1327 2602 1403 2663 ὧν
1433 2609 1547 2679 ἔχει
1570 2609 1808 2679 δεσμίων

244 2695 566 2766 ’Δγαρηνῶν
616 2695 926 2761 τοσούτους,
950 2696 1064 2750 ὅσοι
1115 2698 1210 2751 καὶ
1254 2690 1401 2751 οὗτοι
1449 2700 1808 2769 τυγχάνουσιν

230 2786 405 2851 ὄντες,
438 2787 534 2850 οὓς
573 2788 666 2842 καὶ
698 2787 861 2852 αὐτὸς
894 2787 1004 2856 ἐγὼ
1030 2790 1096 2859 τῇ
1131 2789 1331 2860 Ταρσῷ
1379 2790 1708 2860 διακομίσω,
1741 2793 1807 2847 ἵν’

231 2880 319 2935 ἔπ’
356 2878 478 2955 [54]
515 2882 641 2951 ἐμοὶ
685 2881 848 2936 πάλιν
885 2883 953 2936 τὰ
980 2882 1112 2955 περὶ
1146 2883 1246 2954 τῆς
1278 2883 1486 2954 ἐγγύης
1524 2884 1682 2956 λυθῇ,
1713 2886 1809 2940 καὶ

235 2974 405 3048 μηδὲν
448 2975 581 3048 ἔχῃς
627 2977 746 3030 κατ’
777 2975 914 3047 ἐμοῦ
947 2975 1268 3047 προφέρειν,
1302 2977 1442 3031 ἐπὰν
1465 2976 1565 3049 τὴν
1586 2977 1810 3050 ὀφειλὴν

231 3067 600 3140 ἐκπληρώσω.
620 3068 799 3121 Μόνον
817 3066 1024 3139 τύχωσι
1045 3068 1150 3122 κᾶν
1172 3062 1318 3124 οὗτοι
1334 3085 1481 3132 τινος
1511 3070 1806 3141 σωτηρίας,

233 3158 325 3217 ινα
374 3154 729 3224 συλλέξαντες
769 3160 915 3229 ταφῇ
977 3157 1110 3212 δῶσι
1153 3158 1263 3213 τῶν
1301 3160 1680 3232 ἀποιχομένων
1740 3161 1811 3215 τά

234 3248 559 3321 σώματαίά
574 3250 661 3304 διά
686 3250 870 3320 πάσης
892 3250 992 3320 τῆς
1015 3250 1225 3327 πρλεως
1253 3250 1508 3320 κείμενα,
1528 3253 1625 3306 καὶ
1647 3252 1812 3307 αὐτὸν

228 3340 320 3397 τὸν
343 3339 491 3412 ἀέρα
517 3342 658 3411 πρὸς
702 3339 899 3414 θρῆνον
932 3340 1244 3410 ἐφέλκεται.
1289 3342 1475 3397 Ταῦτα
1506 3343 1748 3409 ἀκούσας
1783 3347 1813 3401 ὁ

230 3432 518 3505 κακοήθης
565 3434 795 3497 ἐκεῖνος,
837 3432 1114 3507 ἐγγραφόν
1158 3450 1221 3488 τε
1272 3435 1469 3498 πείσας
1518 3436 1609 3489 τὸν
1648 3436 1812 3491 αὐτὸν

229 3524 461 3596 Συμεὼν
502 3527 598 3580 καὶ
620 3524 894 3597 ἐνώμοτον
917 3529 1223 3599 παρασχεῖν
1251 3528 1344 3582 τὸν
1366 3530 1497 3599 περὶ
1526 3528 1811 3600 συνθηκῶν

228 3618 444 3673 τούτων
472 3616 655 3686 λόγον,
687 3617 1025 3684 ἀπολυθῆναι
1056 3618 1263 3681 πάντας
1296 3619 1539 3682 ἐκείνους
1583 3621 1708 3684 τοὺς
1752 3621 1811 3689 ἐξ

232 3711 390 3782 ἡμῶν
416 3710 885 3779 περιττεύσαντας
907 3710 1109 3781 ἄνδρας
1137 3710 1460 3784 ἐπέτρεψεν.
1478 3712 1695 3784 Ἐπειδὴ
1717 3713 1813 3768 καὶ

230 3804 299 3857 τὰ
322 3802 457 3874 περὶ
491 3804 684 3857 τούτου
714 3802 893 3868 καλῶς
933 3799 1081 3874 εἶχεν
1104 3804 1277 3875 αὐτῷ,
1319 3804 1416 3858 καὶ
1450 3807 1509 3859 ὲν
1542 3805 1814 3879 ἀσφαλείᾳ

232 3890 301 3968 ἢν
326 3896 391 3949 τὸ
418 3894 835 3967 πανούργευμα,
860 3896 1049 3968 ἓτερον
1067 3896 1228 3950 πάλιν
1248 3897 1349 3951 οὐκ
1373 3897 1594 3952 ἔλαττον
1618 3898 1810 3954 τούτου

230 3991 299 4060 τῇ
328 3989 600 4058 δολιότητι
627 3988 738 4042 τῶν
770 3988 982 4060 φρενῶν
1030 3990 1360 4059 ἐπενόησενο
1399 3991 1811 4061 πυρπολυθῆναι

235 4082 344 4151 γάρ
379 4082 604 4135 ἃπασαν
627 4080 730 4150 τὴν
760 4080 920 4134 πόλιν
952 4081 1344 4151 προσέταττεν,
1369 4079 1436 4135 ἵν’
1527 4083 1622 4137 καὶ
1653 4083 1813 4138 τοῦτο

234 4170 386 4242 αὐτῷ
432 4171 495 4223 οὐ
530 4169 593 4223 τδ
624 4169 786 4240 τυχὸν
818 4170 1290 4242 παρεμπόρευμα,
1328 4171 1448 4244 ᾔδει
1497 4171 1609 4245 γάρ
1657 4173 1733 4239 ὡς
1760 4173 1813 4228 οι

233 4262 360 4325 τοὺς
400 4261 783 4332 αἰχμαλώτους
826 4260 1158 4333 ὠνούμενοι,
1194 4261 1315 4315 οὐδὲ
1351 4261 1512 4317 τοῦτο
1549 4263 1812 4336 πράττειν

235 4352 394 4407 αὐτὸν
438 4353 500 4420 ἐξ
550 4353 798 4423 ἀνάγκης
844 4353 1184 4424 ἀνάσχοιντο,
1233 4354 1550 4425 αἱρούμενοι
1608 4357 1812 4425 μᾶλλον

232 4444 433 4508 αὐτοὺς
478 4444 723 4509 ἐκείνους
753 4445 1232 4517 καταπρησθῆναι,
1263 4446 1299 4519 ἢ
1340 4448 1583 4502 τοιοῦτόν
1610 4467 1664 4504 τι
1706 4450 1812 4505 κᾶν

1910 584 2174 649 utcunque
2203 579 2488 650 eﬂ'ugerant
2525 594 2639 653 post
2663 585 2894 643 excisam
2937 585 3139 654 urbem,
3168 596 3217 641 et
3259 590 3524 658 captivos"

1909 672 2145 741 proprios
2176 673 2567 740 redimentibus,
2600 692 2706 729 una
2731 693 2849 733 cum
2871 678 2935 731 iis
2964 677 3247 739 advenerat
3278 680 3377 739 vir.
3405 683 3520 735 cui.

1909 759 2155 832 Symeoni
2188 780 2374 819 nomen
2411 775 2546 833 erat,
2582 778 2823 838 provecta
2855 771 3158 841 prudentia,
3191 781 3240 827 et
3293 774 3490 846 multa-

1910 868 2027 906 rum
2074 870 2249 907 rerum
2279 857 2599 924 experientia
2645 858 2879 917 celebris,
2917 860 3014 923 Ille
3062 860 3128 921 ab
3172 863 3490 932 imperatore

1909 944 2071 1010 paulo
2102 954 2225 999 ante
2255 947 2309 1000 in
2340 949 2518 1001 urbem
2548 949 2615 1003 ob.
2647 966 2866 1015 causam
2898 954 3126 1023 maxime
3166 971 3488 1023 percommo—

1910 1036 2035 1093 dam
2068 1037 2255 1091 missus
2294 1051 2611 1107 accesserat,
2645 1042 2707 1097 de
2749 1060 2850 1113 qua
2903 1060 3039 1105 nunc
3078 1045 3282 1117 aliquid
3319 1048 3491 1102 dicere

1911 1146 2081 1199 opera:
2123 1132 2346 1201 pretium
2375 1149 2473 1186 non
2518 1134 2698 1207 fuerit.
2750 1135 2849 1191 His
2885 1138 3063 1208 itaque
3091 1140 3319 1209 quotidie
3363 1155 3491 1207 cong-

1910 1221 2188 1294 fertimque
2219 1223 2289 1276 ad
2316 1240 2572 1291 recessum
2597 1243 2761 1298 usque
2790 1228 3013 1291 navium
3042 1231 3489 1297 concurrentibus,

1911 1313 2186 1367 consilium
2209 1330 2363 1371 suum
2394 1317 2647 1373 adversus
2668 1317 2791 1389 jam
2827 1320 2992 1379 dictos
3018 1321 3239 1381 immitis
3268 1322 3364 1376 iste
3389 1321 3493 1377 Leo

1910 1407 2331 1462 communicavit.
2369 1408 2503 1480 Ego,
2539 1411 2636 1473 ait,
2670 1411 2810 1467 vobis
2853 1412 2918 1469 ab
2953 1414 3107 1471 initia
3153 1415 3383 1485 infensus
3429 1430 3494 1469 ex

1911 1498 2130 1566 captivis
2168 1501 2425 1557 neminem
2461 1504 2631 1559 vivum
2685 1507 2980 1577 relinquere
3015 1508 3069 1561 in
3097 1508 3277 1561 animo
3314 1505 3491 1561 habui.

1911 1587 2039 1652 Qum
2069 1591 2207 1643 enim
2236 1607 2298 1645 ea:
2337 1592 2446 1646 Deo
2481 1610 2676 1649 merces
2708 1605 2781 1651 est
2820 1596 3055 1653 hostibus
3087 1598 3320 1652 victoriae
3355 1607 3491 1651 tent-

1911 1695 2036 1748 pore
2090 1691 2310 1736 mortem
2363 1685 2692 1753 condonare,
2755 1688 2847 1758 qui
2900 1688 3055 1743 illam
3109 1689 3355 1747 adversus
3402 1706 3494 1743 nos

1912 1772 2080 1842 magis
2126 1772 2305 1827 sedulo
2341 1778 2741 1844 procurabant?
2777 1778 2882 1841 Sed
2928 1796 3045 1834 cum
3078 1782 3363 1836 necessitas
3398 1797 3491 1837 ur-

1908 1870 2050 1930 geal,
2077 1873 2133 1916 ut
2160 1864 2216 1917 hi
2244 1869 2547 1935 superstites
2574 1870 2772 1935 vivant,
2803 1871 3064 1939 siquidem
3093 1873 3365 1943 fortunato
3387 1874 3493 1944 [ine

1910 1970 1992 2007 res
2023 1957 2297 2023 sortiatur,
2326 1960 2389 2013 de
2427 1960 2522 2013 hoc
2558 1962 2695 2016 inter
2733 1980 2821 2021 vos
2876 1966 3181 2036 nosmetipsi
3217 1967 3493 2033 consulite.

1907 2044 2030 2101 lam
2061 2048 2200 2101 enim
2236 2066 2410 2121 cogor,
2444 2061 2748 2124 tempestate
2789 2065 3029 2125 poscente
3053 2058 3125 2115 ad
3150 2060 3363 2128 propria
3408 2075 3493 2114 re—

1911 2155 2106 2193 meare.
2147 2138 2411 2197 Valetisne
2450 2145 2503 2198 in
2553 2162 2639 2201 vos
2681 2163 2965 2214 assumere,
2994 2166 3112 2209 cum
3156 2149 3211 2207 1ιί
3245 2151 3352 2205 sint
3391 2166 3495 2205 nu-

1909 2245 2052 2285 mero
2093 2233 2322 2301 ducenti,
2351 2237 2723 2307 [ideijussione
2767 2242 2965 2311 scripto
3003 2244 3338 2314 consignata,
3378 2260 3491 2310 nos,

1909 2339 2004 2392 pro
2028 2324 2113 2388 iis,
2141 2342 2257 2379 cum
2287 2329 2646 2384 reconciliatio
2680 2331 2984 2395 concordia:
2999 2333 3281 2395 subsecuta
3309 2335 3491 2405 fuerit.

1911 2423 1985 2469 tot
2012 2415 2146 2471 alios
2175 2416 2446 2488 Agarenos
2468 2432 2790 2489 recepturos,
2812 2426 3235 2496 persuadereque
3275 2442 3355 2482 res
3386 2424 3494 2480 Ro:

1910 2523 2189 2562 manorum
2244 2511 2540 2569 moderanti
2577 2515 2690 2567 sine
2730 2514 2843 2568 ulla
2899 2516 3233 2571 hatsitatioue
3266 2534 3305 2571 α
3347 2516 3510 2573 uobis-

1909 2600 2080 2668 pactis
2110 2618 2383 2655 ascensum
2415 2603 2644 2671 praebere
2672 2620 2692 2659 :
2720 2622 2793 2661 an
2831 2623 2947 2661 vero
2976 2608 3236 2663 dubitatis
3267 2609 3493 2666 similem

1909 2692 2328 2762 [ideijussionem
2368 2696 2421 2748 in
2465 2707 2635 2750 vestra
2678 2709 2938 2766 potestate
2966 2715 3073 2754 non
3105 2716 3238 2767 esse,
3281 2717 3398 2756 cum
3439 2704 3497 2756 in

1910 2783 2108 2837 incerto
2138 2802 2217 2838 res
2251 2787 2496 2855 pendent,
2530 2806 2601 2843 an
2633 2790 2698 2844 ab
2729 2806 2789 2844 eo
2845 2793 3149 2862 excipienda
3186 2794 3279 2860 sit,
3328 2795 3515 2866 neglir-

1910 2882 2105 2944 gatque
2128 2884 2331 2930 tantum
2360 2877 2583 2942 malum,
2611 2879 2907 2951 pusilloque
2934 2881 3191 2936 desiderio
3216 2894 3497 2954 postponat

1909 2966 2162 3020 damnum
2219 2985 2314 3022 suo
2371 2974 2544 3040 generi
2590 2973 2917 3027 tantumdem
2964 2974 3224 3029 noxium?
3270 2974 3499 3041 Dicitote

1912 3074 2035 3130 ergo
2081 3070 2258 3115 utrum
2305 3066 2626 3135 approbatis,
2661 3067 2913 3132 vitamne,
2954 3083 3029 3121 an
3081 3068 3281 3122 cladem
3302 3068 3333 3121 7.
3370 3068 3497 3127 Tum

1912 3149 2085 3207 dictus
2133 3150 2381 3224 Symeon,
2417 3166 2670 3228 tanquam
2713 3158 2835 3212 aliis
2882 3161 3223 3228 prastantior
3256 3161 3341 3227 sic.
3378 3178 3498 3219 eum

1913 3244 2117 3312 affatur
2141 3261 2159 3299 :
2186 3249 2298 3318 Ego
2346 3248 2480 3307 hanc
2522 3250 2937 3320 ﬁdeijussionem
2977 3253 3120 3308 solus
3154 3253 3353 3322 ﬁrmo,
3380 3270 3499 3315 cum

1913 3336 2038 3390 bene
2067 3338 2233 3392 nostri
2276 3339 2613 3409 imperatoris
2649 3344 2718 3397 ad
2743 3345 2921 3397 omnia
2958 3344 3346 3399 humanitatem
3389 3345 3511 3400 cal--

1913 3431 2050 3486 leam
2074 3447 2092 3484 :
2114 3442 2162 3486 et
2190 3431 2306 3505 [55]
2339 3434 2534 3503 absque
2551 3432 2661 3487 ulla
2687 3434 3113 3504 tergiversatione
3133 3451 3231 3505 pro
3251 3435 3331 3491 his
3351 3435 3498 3489 exhi-

1913 3522 2044 3581 bebit
2071 3542 2135 3580 ea:
2162 3526 2378 3595 captivis
2403 3528 2768 3597 Agarenorum
2799 3534 2873 3579 tot
2920 3527 3079 3594 alios,
3108 3535 3232 3597 quot
3257 3527 3312 3581 hi
3350 3538 3516 3591 sunt,,

1912 3635 2040 3690 quos
2068 3620 2179 3689 ipse
2196 3619 2419 3675 Tarsum
2441 3619 2699 3689 deferam,
2726 3628 2784 3673 ut
2813 3637 2997 3675 rursus
3021 3621 3077 3674 in
3102 3637 3184 3675 me
3207 3619 3515 3690 [ideijussio‘

1912 3710 2248 3776 dissolvatur,
2281 3711 2511 3783 nihilque
2557 3712 2854 3781 prtvtendas
2889 3721 3072 3766 contra
3110 3728 3212 3778 me,
3247 3728 3366 3767 cum
3403 3712 3497 3767 de-

1913 3805 2079 3859 bitum
2111 3806 2447 3860 exsolverim.
2484 3805 2710 3862 Tantum
2743 3805 2798 3859 hi
2832 3806 3077 3860 libertate
3112 3805 3405 3875 potiantur,
3436 3814 3494 3858 ut

1913 3897 2189 3953 recollecta
2228 3899 2511 3963 cadavera,
2543 3913 2660 3968 qua:
2684 3915 2778 3966 per
2807 3899 3107 3962 universam
3149 3900 3331 3955 urbem
3368 3913 3499 3963 pro-

1904 3986 2052 4058 jecta
2075 4004 2250 4043 aerem
2272 3989 2444 4059 ipsum
2465 3989 2522 4043 in
2557 3990 2643 4043 sui
2672 3990 3066 4046 miserationem
3117 4005 3180 4044 ac
3231 3990 3499 4060 lacrymas

1914 4080 2152 4146 trahunt,
2185 4081 2464 4150 sepeliant.
2493 4080 2591 4135 llis
2627 4080 2717 4136 ille
2748 4081 2940 4146 malus,
2969 4097 3347 4151 perversusque
3373 4098 3497 4150 per-

1913 4172 2096 4240 ceptis,
2143 4174 2331 4227 suadet
2370 4171 2641 4245 Symeoni,
2666 4182 2733 4228 ut
2782 4174 2981 4244 scripto
3030 4182 3189 4244 pacta
3236 4174 3339 4228 illa
3378 4189 3502 4229 con—

1911 4261 2100 4331 signet,
2129 4272 2178 4315 et
2205 4262 2564 4333 jurejurando
2591 4265 2867 4334 conﬁrmet
2894 4280 2912 4319 :
2940 4274 3049 4319 tum
3076 4263 3388 4319 omnesillos
3408 4263 3501 4319 Ito—

1912 4355 2098 4420 mines,
2146 4357 2236 4426 qui
2282 4371 2348 4410 ea:
2391 4356 2583 4410 nostris
2631 4365 2967 4427 supererant,
3008 4355 3140 4413 solvi
3202 4356 3499 4416 mandavit.

1916 4447 2048 4503 Haec
2081 4466 2199 4503 cum
2227 4464 2473 4517 prospere
2497 4432 2822 4516 absolvisset,
2856 4449 3202 4519 fraudemque
3239 4449 3497 4519 comples-

234 4536 367 4608 ἀκοῇ
402 4537 846 4608 παραδέξασθαι*
895 4539 1062 4609 μήπω
1095 4539 1206 4610 γὰρ
1250 4538 1360 4593 τῶν
1399 4541 1701 4613 Βαρϐάρων
1724 4543 1810 4599 διὰ

1917 4550 2015 4606 set,
2050 4541 2217 4597 aliam
2249 4558 2356 4595 non
2402 4543 2656 4598 minorem
2690 4542 2985 4596 calliditate
3028 4540 3243 4610 propria
3277 4541 3521 4595 commit

236 4632 403 4700 μέσου
433 4629 534 4700 τῆς
580 4630 788 4694 πόλεως
828 4630 929 4702 τὴν
958 4630 1136 4700 φλόγα
1183 4631 1643 4704 διασπειράντων,
1693 4635 1809 4690 ἀλλ’

233 4721 313 4776 ἔτι
342 4722 446 4785 τὰς
508 4721 921 4788 πλησιαζούσας
968 4726 1038 4794 τῇ
1093 4722 1340 4794 θαλάσσῃ
1392 4726 1813 4795 πυρπολούντων

232 4814 433 4879 οἰκίας,
465 4814 627 4882 μόνον
657 4814 740 4866 ὃτι
765 4812 901 4883 πρὸς
933 4814 996 4867 τὸ
1023 4815 1389 4869 καταϐάλλειν
1415 4816 1515 4878 τὰς
1545 4818 1690 4889 ὑπὲρ
1713 4820 1813 4889 τῆς

236 4908 442 4970 πόλεως
472 4907 640 4977 τιμάς
661 4907 713 4960 oi.
747 4906 1012 4977 παρόντες
1041 4908 1179 4977 πρὸς
1208 4908 1478 4976 ἀλλήλους
1502 4910 1811 4980 ἐκύρωσαν,

236 5002 328 5056 καὶ
344 4999 511 5056 πάλιν
531 4999 860 5070 πρόσταγμα
875 4999 1153 5070 πανταχοῦ
1171 5001 1526 5072 διεπέμπετο,
1541 5003 1814 5058 παύεσθαι

234 5097 332 5165 τῆς
355 5090 567 5157 οἰκείας
604 5091 927 5161 συνεργείας
958 5093 1020 5147 τὸ
1048 5092 1184 5164 πῦρ,
1207 5093 1282 5157 ὡς
1305 5095 1384 5157 εἰς
1408 5095 1642 5166 χρηστὸν
1666 5094 1814 5165 αὐτῷ

233 5189 404 5259 πέρας
470 5185 569 5241 καὶ
609 5185 814 5256 ταύτης
856 5184 1228 5257 προελθούσης
1281 5187 1380 5257 τῆς
1432 5187 1698 5251 ἐπινοίας.
1751 5188 1814 5243 Oi

232 5281 339 5351 γὶρ
381 5279 579 5351 ἄνδρες
637 5280 839 5333 ἐκεῖνοι
890 5281 988 5333 σὺν
1039 5278 1119 5348 τῷ
1158 5278 1376 5350 ῥηθέντι
1430 5280 1679 5352 Συμεὼν.
1739 5281 1815 5352 μὴ

232 5374 450 5441 ἔχοντες
469 5369 697 5426 ἄλλοθέν
722 5369 884 5424 ποθεν
914 5370 1322 5429 καταϐαλέσθαι
1341 5371 1440 5444 τὴν
1470 5372 1603 5442 περὶ
1626 5372 1813 5428 τούτου

234 5467 536 5537 ποσότητα,
567 5464 639 5518 τά
669 5463 763 5518 δύο
790 5464 1092 5535 ὑπέσχοντο
1131 5465 1227 5519 τοῦ
1277 5466 1505 5537 χρυσίου
1552 5466 1814 5533 τάλαντα,

238 5562 378 5631 imp
401 5555 474 5631 ἦν
495 5560 526 5612 ὁ
545 5557 723 5613 θανὼν
754 5559 818 5611 ὲκ
838 5556 947 5611 τῶν
978 5558 1230 5632 ῥοπάλων
1276 5558 1533 5630 εὐνοῦχος
1558 5560 1695 5630 πρὸς
1723 5561 1815 5614 τὸν

234 5653 567 5723 Ξτρυμμόνα
600 5648 1015 5715 ἐξαποστείλας,
1063 5648 1100 5705 ἃ
1126 5650 1227 5705 καὶ
1274 5650 1466 5706 θάττον
1515 5651 1816 5721 ἀγαγόντες

245 5743 321 5797 ἶιά
370 5758 538 5797 τινων
579 5738 966 5811 ταχυδρόμων,
1014 5738 1141 5795 ὅθεν
1175 5739 1537 5811 ἐκρύπτοντο,
1570 5741 1663 5796 καὶ
1703 5744 1816 5807 τοῖς

238 5835 547 5910 Βαρδάροις
592 5833 1105 5907 ιναριθμήσαντις,
1139 5832 1313 5899 οὕτως
1348 5834 1450 5906 τὴν
1509 5834 1663 5891 πόλιν
1717 5837 1816 5909 τῆς

1916 4635 2161 4693 niscitur.
2219 4633 2528 4691 Universum
2577 4635 2757 4690 urbem
2805 4635 2922 4704 igne
2968 4633 3212 4688 succendi
3231 4632 3403 4703 jubet,
3441 4641 3515 4685 ut.

1913 4729 2009 4782 hoc
2030 4744 2232 4799 quoque
2261 4727 2610 4798 negotiationi
2639 4727 2843 4780 lucrum
2876 4724 3164 4789 accederet,
3185 4740 3281 4779 nec
3307 4725 3497 4777 incom-

1916 4819 2084 4872 mode.
2110 4817 2321 4873 Sciebat
2346 4818 2510 4883 enim,
2533 4817 2623 4888 qui
2649 4817 2885 4886 captivos
2908 4815 3257 4885 redimebant,
3287 4814 3519 4869 omnino.

1916 4924 2189 4975 nunquam
2222 4909 2278 4962 id
2314 4908 2679 4979 permissuros,
2712 4908 2965 4962 electurus
2994 4906 3169 4975 potius
3196 4912 3356 4959 semet
3380 4920 3502 4959 suc-

1916 5002 2086 5057 censis
2133 5001 2341 5071 ignibus
2386 5000 2598 5065 torreri,
2626 5014 2786 5070 quant
2821 4997 2929 5063 tale
2965 4996 3240 5068 quidpiam
3268 4994 3349 5049 vel
3388 4994 3500 5049 solo

1917 5091 2106 5147 auditu
2135 5091 2413 5145 sustinere.
2444 5087 2698 5144 Nondum
2724 5089 2862 5143 enim
2894 5105 2927 5142 a
2956 5085 3210 5140 Barbaris
3239 5085 3296 5138 in
3322 5083 3497 5138 media

1916 5184 2043 5239 urbe
2082 5184 2304 5252 flamma
2349 5190 2648 5251 asportata,
2693 5183 2784 5237 sed
2846 5181 3016 5245 adhuc
3065 5179 3203 5233 mari
3245 5177 3499 5247 proximis

1916 5275 2117 5343 (edibus
2148 5273 2593 5346 deﬂagrantibus,
2623 5273 2714 5341 qui
2742 5280 2853 5325 tum
2881 5271 3105 5326 aderant
3140 5269 3367 5338 pretium
3406 5283 3500 5337 pro

1916 5373 2041 5426 urbe
2087 5387 2277 5440 ponere
2319 5371 2460 5425 inter
2507 5386 2561 5423 se
2606 5367 2881 5429 stabiliunt
2922 5382 2942 5421 .'
2993 5378 3306 5429 rursumaue
3344 5361 3495 5432 jussu

1915 5479 2119 5533 quoque
2161 5471 2507 5535 sparguntur,
2546 5463 2717 5533 ignem
2747 5464 2813 5515 ab
2848 5457 3048 5522 (edibus
3074 5456 3498 5519 submovendum,

1917 5571 2035 5610 cum
2066 5563 2117 5609 et
2145 5556 2284 5610 hanc
2319 5555 2624 5610 machinam
2648 5568 2893 5622 prospere
2920 5551 3022 5605 sibi
3054 5548 3367 5625 successisse
3411 5561 3499 5603 co-

1916 5656 2209 5719 gnosceret.
2262 5647 2375 5704 Viri
2424 5649 2562 5705 enim
2596 5646 2678 5705 illi
2731 5663 2851 5707 cum
2891 5645 3031 5707 dicto
3071 5642 3346 5714 Synieone,
3380 5655 3517 5693 cum‘

1920 5758 2021 5799 non
2051 5741 2300 5799 haberent
2328 5741 2543 5796 aliunde
2576 5740 2804 5809 pretium
2839 5739 2913 5797 rei
2941 5734 3217 5805 conﬁcere,
3245 5734 3350 5787 duo
3377 5731 3498 5785 auri

1922 5835 2124 5893 talenta
2160 5836 2533 5907 promiserunt,
2569 5847 2684 5905 quis
2731 5830 2996 5887 eunuchus
3054 5824 3520 5901 fustibuseenesa‘.
