3826 6468
321 403 385 466 51
1611 406 1886 466 LEONlS
1917 405 2221 465 ALLATII

3510 407 3582 470 52

323 523 408 567 tus
431 511 502 566 ad
527 511 912 585 Strymmonem
941 514 1239 584 dimiserat,
1267 518 1378 572 illis
1411 517 1658 574 citissime
1685 537 1776 591 per
1808 537 1897 579 ue-
1925 527 1971 582 Α
2000 517 2154 572 tibus.
2187 518 2474 590 Postquam
2521 531 2698 573 auten:
2739 518 2852 584 eius
2901 520 3030 587 ﬁdes
3085 519 3185 590 fuit
3225 519 3278 573 in
3317 520 3392 573 his
3422 520 3580 576 rebus

320 601 461 657 loces
507 619 764 671 cursores,
806 607 942 662 unde
983 607 1242 675 latebam,
1273 608 1528 676 advectis,
1557 621 1606 666 et
1641 609 1898 669 Barbaris

324 693 640 771 numeratis,
665 693 848 749 urbem
867 697 930 749 ab
950 697 1189 751 incendio
1212 709 1609 756 conservarunt.
1630 699 1725 755 His
1741 701 1900 771 plane

316 785 682 852 concluditur,
729 787 901 843 multo
933 803 1098 858 quam
1151 789 1242 846 isti
1292 790 1523 860 faciunt,
1571 791 1897 876 Simeonem

316 884 479 932 tetate
509 878 852 948 grandiorem
885 879 1078 938 fuisse.

385 969 479 1033 Et,
526 977 586 1024 ut
625 970 796 1042 magis
844 987 1094 1042 urgeam,
1154 971 1389 1044 Symeon
1444 973 1561 1047 ipse
1611 989 1766 1030 suam
1807 993 1874 1034 eo

317 1069 566 1130 tempore
618 1071 838 1118 aetatem
875 1063 1179 1120 edisserat:
1227 1065 1282 1124 in
1315 1065 1436 1122 Vita
1469 1074 1673 1125 sancta:
1714 1067 1895 1122 Theo-

317 1151 508 1208 ctistes
532 1163 754 1226 rogatur
785 1170 815 1210 a
853 1155 1126 1226 Symeone
1157 1157 1490 1213 anachoreta
1517 1174 1588 1214 ne
1619 1160 1895 1216 scribendi

315 1257 458 1298 onus
477 1244 763 1312 detrectet,
782 1261 1080 1319 causasque
1098 1250 1422 1320 praetendat,
1441 1250 1640 1322 quibus
1655 1267 1714 1306 sc
1729 1267 1758 1306 a
1775 1267 1897 1307 sus-

317 1333 572 1404 cipiendo
613 1337 887 1393 scribendi
919 1355 1144 1396 munere
1173 1341 1480 1400 subtrahat.
1509 1341 1736 1409 Causas,
1761 1359 1896 1413 quas

318 1433 534 1494 poterat
549 1425 744 1482 afferre
762 1427 1158 1499 Metaphrastes
1174 1431 1464 1502 praecipuae
1483 1447 1604 1488 esse
1622 1442 1890 1503 poterant:

321 1511 513 1580 Λόγων
546 1515 800 1586 ἀπορίαν,
834 1517 1103 1586 δουλείας,
1131 1523 1365 1590 γυναῖκα
1397 1523 1492 1576 καὶ
1521 1523 1706 1588 τέκνα,
1738 1524 1890 1578 οἴκου

323 1607 630 1678 φροντίδας,
658 1611 865 1665 dicendi
885 1612 1141 1682 inopiam,
1174 1616 1505 1670 servitiorum
1523 1618 1892 1688 frequentiam,

322 1700 521 1764 uxoris,
545 1711 591 1754 et
615 1701 846 1770 ﬁliorum
857 1703 1172 1772 molestiam,
1188 1717 1236 1761 et
1252 1714 1436 1762 domus
1453 1709 1695 1782 proprias
1711 1724 1888 1764 curas.

321 1787 592 1861 Neglectis
623 1793 868 1864 reliquis,
916 1795 1073 1861 duas,
1103 1798 1200 1852 scd
1253 1799 1578 1854 brevissime
1611 1798 1891 1852 examina-

322 1880 413 1945 bo,
455 1881 720 1950 δουλείας,
753 1886 970 1941 seruitia
1001 1888 1213 1958 publica
1243 1889 1413 1946 fuisse
1450 1889 1519 1944 ab
1565 1890 1894 1960 imperatore
1926 1865 1968 1924 Β

321 1975 378 2029 in
407 1977 570 2033 variis
613 1980 843 2052 negotiis
889 1983 1203 2053 reipublicae
1246 1984 1606 2050 demandata,
1665 1985 1894 2040 dubium

322 2083 433 2122 non
461 2079 567 2126 est.
592 2071 732 2143 Ergo
760 2089 869 2128 non
897 2083 1012 2130 tum
1051 2076 1289 2146 primum
1326 2077 1485 2148 legati
1513 2092 1739 2132 munere
1764 2076 1895 2131 lun-

323 2158 568 2229 gebatur,
615 2161 710 2217 sed
743 2163 1014 2220 similibus
1065 2176 1336 2232 assuetus,
1380 2176 1544 2238 atque
1597 2168 1891 2234 exercitus,

325 2256 386 2302 ut
413 2250 533 2304 sine
577 2251 862 2308 mendacio
888 2253 1090 2325 aliquid
1137 2256 1238 2311 sibi
1269 2257 1582 2328 imponendi
1609 2258 1676 2314 ad
1725 2273 1895 2314 excu-

327 2339 568 2394 tiendum
597 2341 866 2412 laborem,
889 2343 1376 2418 denegandumque
1412 2351 1555 2428 quod
1581 2349 1893 2421 petebatur,

325 2429 458 2485 satis
486 2439 696 2486 essent.
730 2431 910 2488 Altera
943 2443 1048 2501 est,
1106 2451 1260 2498 uxor,
1285 2446 1340 2493 et
1371 2435 1489 2503 lilii,
1518 2438 1589 2491 Σὺ
1620 2437 1717 2508 μὲν
1764 2437 1895 2502 ἴσως

323 2523 639 2594 προφασίσῃ
674 2526 800 2597 περὶ
839 2518 914 2580 ὧν
959 2526 1148 2593 ἀξιοῦν
1188 2528 1358 2582 ἐθέλω
1397 2546 1490 2583 σου
1516 2528 1615 2602 τὴν
1645 2529 1892 2601 ἀγάπην,

325 2614 562 2686 ἀπορίαν
590 2615 841 2690 λόγων,ῆ
874 2618 1128 2674 δουλειῶν
1158 2620 1488 2692 ἀφορμὰς,ῆ
1523 2621 1780 2690 γυναικὸς
1801 2623 1896 2676 καὶ

325 2705 552 2774 τέκνων,
578 2709 672 2762 καὶ
695 2709 846 2764 οῐκου
885 2713 1169 2783 φροντίδας
1199 2754 1212 2777 ,
1263 2715 1296 2784 ἡ
1339 2731 1492 2778 τινας
1522 2713 1686 2778 ἄλλας
1719 2714 1896 2779 αἰτίας

325 2797 746 2870 διακρουόμενος
796 2800 954 2872 ἡμῶν
993 2803 1092 2873 τὴν
1123 2803 1365 2868 ἀξίωσιν.
1401 2802 1544 2872 Ἐγὼ
1568 2804 1625 2858 δέ
1676 2821 1757 2858 σοι
1803 2805 1896 2858 καὶ

325 2890 649 2962 εὐημερίαν,
701 2894 795 2948 καὶ
843 2893 1104 2966 εὐπορίαν
1161 2895 1380 2949 πάντων
1438 2895 1892 2965 ἐπαγγέλλομαι,

325 2984 422 3038 ’καὶ
461 2983 659 3057 πολλὴν
708 2987 1014 3057 ἐκεχειρίαν
1065 2987 1264 3059 εὑρεῖν.
1309 2991 1378 3042 Tu
1413 2989 1619 3058 quidem
1674 2989 1897 3060 fortasse

327 3075 399 3128 ad
431 3087 479 3129 te
506 3079 856 3131 excusandum
880 3079 942 3132 de
963 3095 1065 3132 non
1099 3078 1426 3149 suscipienda
1455 3095 1534 3141 eo,
1560 3080 1624 3132 de
1649 3094 1750 3149 quo
1779 3093 1895 3132 sum

329 3179 476 3221 tuam
525 3178 805 3240 rogaturus
841 3172 1186 3237 cliaritatem,
1238 3172 1293 3225 in
1335 3171 1562 3226 medium
1618 3172 1846 3225 adduces
1879 3211 1894 3237 ,
1923 3203 1967 3266 Ο

327 3276 628 3316 sermonum
669 3263 923 3332 inopiam,
953 3274 1045 3318 aut
1073 3265 1397 3318 servitiorum
1431 3266 1748 3330 occasiones,
1806 3272 1899 3318 aut

328 3355 532 3420 uxoris,
577 3364 628 3410 et
661 3355 964 3424 liberarunt,
995 3367 1043 3412 et
1088 3361 1272 3413 domus
1319 3375 1524 3424 curam,
1565 3367 1658 3412 aut
1689 3357 1900 3429 aliquas

329 3445 470 3500 alias
517 3463 728 3514 causas,
775 3466 1021 3505 recusans
1069 3451 1144 3517 id,
1178 3452 1240 3506 de
1275 3467 1377 3521 quo
1405 3467 1496 3505 nos
1542 3460 1592 3505 te
1630 3467 1900 3522 rogamus.

329 3537 442 3610 Ego
485 3551 661 3594 autem
708 3543 801 3596 tibi
840 3560 1016 3598 rerum
1073 3545 1498 3615 prosperitatem,
1545 3545 1897 3614 fertilitatem,

330 3637 381 3682 et
429 3629 810 3686 abundantiam
867 3632 982 3706 [56]
1029 3651 1202 3689 rerum
1233 3636 1466 3691 omnium
1521 3635 1796 3704 polliceor,
1850 3644 1901 3690 et

331 3719 444 3789 fore
476 3731 534 3774 ut
558 3739 805 3793 magnum
835 3725 928 3778 tibi
965 3735 1206 3794 suppetat
1237 3728 1422 3780 otium.
1455 3725 1737 3793 Quomodo
1775 3743 1904 3798 ergo

331 3811 424 3882 qui
454 3813 659 3880 maiora
682 3813 738 3868 in
768 3817 1049 3885 republica
1090 3833 1256 3889 opera
1296 3819 1569 3874 sustinere
1597 3828 1654 3874 et
1696 3827 1908 3890 poterat

331 3905 390 3952 et
459 3896 670 3952 solebat
715 3939 729 3966 ,
775 3900 979 3971 quique
1024 3904 1176 3957 uxori
1239 3905 1526 3974 adjunctus
1585 3905 1786 3960 liberos
1842 3921 1908 3960 ex

331 3991 426 4045 illa
476 4002 857 4060 procreaverat
889 3995 1074 4064 plures
1110 4037 1126 4062 ,
1160 3996 1346 4068 viginti
1405 4001 1636 4053 duorum
1685 3999 1770 4054 vel
1826 3999 1910 4052 vi-

332 4081 469 4152 ginti
523 4091 580 4138 et
641 4094 878 4154 quatuor
924 4101 1192 4142 annorum
1244 4099 1362 4144 erat
1393 4129 1408 4154 ,
1469 4098 1526 4144 et
1567 4089 1734 4145 nimis
1774 4088 1905 4144 ado-

333 4171 687 4241 lescentulus,
745 4186 802 4232 et
845 4191 955 4232 non
1003 4178 1184 4248 potius
1233 4181 1624 4252 quadraginta,
1675 4189 1770 4236 aut
1819 4180 1911 4235 tri-

335 4267 485 4339 ginta
532 4268 776 4339 quinque
841 4270 1126 4324 minimum
1189 4271 1417 4327 natus?
1483 4269 1632 4327 Ordo
1695 4287 1911 4343 quoque

334 4359 454 4430 ipse
501 4375 684 4414 rerum
739 4371 1014 4432 gestarum
1053 4363 1108 4428 id
1145 4363 1405 4433 postulat,
1445 4364 1497 4418 id
1544 4364 1809 4434 exposcit,
1855 4363 1911 4418 id

335 4450 560 4506 stabilit.
603 4452 910 4524 Antequam
960 4453 1108 4508 enim
1151 4452 1544 4524 Metaphrastes
1586 4453 1772 4509 munia
1805 4469 1910 4524 pu-

1999 619 2260 680 spectata,
2291 621 2338 664 et
2373 613 2665 681 praedicata
2719 613 2878 667 simul
2915 629 3034 667 cum
3083 614 3296 667 arcanis
3336 613 3577 682 publicas

1999 719 2201 773 quoque
2231 719 2388 757 curas
2415 707 2639 774 suscepit
2668 722 2690 770 ;
2740 706 2872 760 adeo
2925 715 2982 759 ut
3032 705 3347 774 imperatori
3376 723 3576 761 renun-

1999 792 2161 874 tiaret
2199 810 2284 856 ea,
2339 811 2456 866 quae
2492 797 2776 866 aﬁ'erebant
2829 798 3014 861 exteri,
3047 807 3095 852 et
3147 814 3330 852 rursus
3380 801 3575 854 exteris

1997 899 2113 953 qua:
2125 885 2341 956 jubebat
2365 888 2672 954 imperator.
2694 887 2826 954 Qua:
2846 897 3028 942 autem
3059 895 3187 942 sunt
3207 888 3312 942 illa:
3341 889 3573 960 πράξεις

2001 975 2422 1048 μυστικώτεραι,
2459 978 2604 1032 illius
2635 979 2893 1048 temporis
2922 981 3156 1049 scriptor
3182 979 3420 1051 lgnatius
3442 981 3566 1036 dia-

1997 1085 2170 1124 conus
2205 1069 2258 1124 in
2292 1069 2412 1125 Vita
2432 1071 2604 1125 sancti
2643 1066 2932 1140 Nicephori
2957 1071 3280 1140 patriarcha:
3306 1071 3578 1127 Constan-

1999 1160 2366 1230 tinopolitani,
2429 1162 2501 1217 ita
2522 1163 2780 1233 explicat.
2835 1163 2947 1216 Καὶ
2970 1163 3070 1233 τὴν
3113 1163 3200 1216 διὰ
3237 1165 3420 1236 χειρὸς
3475 1165 3576 1218 καὶ

2001 1254 2228 1324 μέλανος
2251 1255 2446 1324 τέχνην
2481 1255 2802 1324 ποιούμενος
2823 1270 2836 1285 ⁶
2874 1255 3048 1329 ᾑρέθη
3073 1256 3179 1325 γὰρ
3209 1259 3572 1327 υπογραφεὺς

1995 1345 2106 1406 τοῖς
2152 1343 2263 1397 τῶν
2315 1343 2664 1416 κρατούντων
2717 1346 3040 1416 μυστηρίοις
3103 1347 3569 1418 ύπηρετούμενος.

1994 1434 2152 1490 Οῦτω
2193 1435 2303 1506 γὰρ
2361 1437 2515 1508 παρὰ
2573 1441 2640 1509 τῇ
2686 1438 2934 1492 Αὑσονίδι
2977 1439 3244 1510 διαλέκτῳ
3307 1439 3367 1493 τὸ
3413 1440 3572 1508 ἀση-

1993 1526 2209 1595 κρῆτις
2235 1526 2428 1595 ὄνομα,
2447 1529 2570 1583 sese.
2589 1529 2697 1583 τῶν
2725 1531 3042 1602 μυστηρίων
3067 1529 3574 1602 μεθερμηνεύεσθαι

1995 1620 2263 1693 βούλεται.
2318 1621 2388 1675 Et
2435 1638 2573 1687 eam,
2633 1639 2748 1694 qua:
2789 1606 2952 1678 ntanu
3027 1633 3076 1677 et
3115 1633 3414 1677 atramento
3479 1639 3572 1676 ars

1994 1715 2294 1786 factitatur,
2317 1730 2606 1768 exercens:
2659 1732 2884 1785 namque
2925 1718 3116 1769 electus
3152 1717 3322 1783 fuerat
3373 1715 3572 1781 scriba,

1995 1807 2386 1863 dominantium
2435 1809 2648 1862 arcanis
2693 1808 3038 1862 subservicns.
3089 1806 3294 1878 Lingua
3331 1807 3571 1864 Ausonia

1995 1901 2252 1971 siquidem
2284 1919 2317 1955 a
2365 1903 2574 1956 secretis
2617 1910 2970 1971 nuncupatur,
3015 1901 3106 1971 qui
3153 1901 3297 1970 apud
3351 1917 3441 1954 nos
3499 1899 3570 1954 ab

1997 1993 2206 2046 arcanis
2234 1995 2458 2063 exprimi
2486 1996 2677 2048 suevit.
2704 1993 2942 2048 Primum
2971 2007 3100 2063 ergo
3131 1991 3232 2046 fuit
3254 2007 3282 2046 a
3319 1991 3566 2057 secretis,

1997 2093 2054 2140 et
2087 2097 2118 2136 a
2164 2084 2409 2139 consiliis
2456 2085 2804 2155 imperatoris
2839 2103 2852 2138 :
2887 2083 3151 2153 deinceps
3195 2099 3306 2136 non
3357 2083 3565 2149 statim,

1997 2172 2093 2227 sed
2132 2181 2418 2243 postquam
2445 2175 2564 2240 eius
2604 2175 2738 2229 ﬁdes
2773 2182 3015 2244 Spectata
3051 2173 3172 2236 fuit,
3206 2171 3438 2242 publicis
3467 2187 3571 2227 ne-

1997 2265 2157 2335 gotiis
2213 2265 2558 2322 destinatur:
2614 2275 2668 2320 et
2698 2282 2796 2321 nos
2825 2265 3314 2330 adolescentulum,
3355 2273 3411 2319 et
3455 2280 3572 2320 non

1999 2356 2141 2412 ultra
2175 2358 2364 2428 viginti
2397 2369 2631 2429 quatuor
2652 2375 2922 2414 annorum
2947 2357 3379 2413 somniabimus?
3401 2357 3571 2412 Tem-

1997 2466 2100 2530 pus
2131 2451 2291 2521 idque
2320 2467 2428 2505 non
2455 2451 2732 2524 exiguum,
2767 2462 2821 2507 et
2845 2452 3181 2521 experientia
3204 2451 3359 2521 longa
3388 2466 3571 2506 anno-

1997 2554 2118 2598 rum
2144 2539 2285 2594 serie
2315 2541 2622 2594 examinata
2657 2539 2818 2594 ﬁdem
2848 2540 3084 2596 hominis
3107 2538 3568 2611 comprobabunt.

1999 2633 2296 2704 Sophocles
2325 2633 2378 2686 in
2411 2632 2621 2704 ΟΕύίρο
2645 2643 2874 2704 tyranno
2919 2652 2934 2687 :

2070 2787 2276 2858 Χρόνος
2302 2789 2510 2860 δίκαιον
2531 2789 2699 2860 ἄνδρα
2721 2788 2963 2842 δείκνυσι
2997 2789 3178 2860 μόνος,

2068 2860 2254 2918 Kc.be
2291 2860 2348 2913 δὲ
2385 2859 2490 2914 κᾶν
2515 2862 2574 2913 ἐν
2610 2863 2793 2930 ἡμέρα
2828 2859 3017 2928 γνοίης
3055 2861 3176 2930 μιᾷ.

2075 2974 2294 3040 Tempus
2323 2972 2513 3026 bonum
2541 2971 2776 3024 declarat
2800 2973 3109 3024 immensum
3141 2970 3334 3024 virum.

2069 3039 2205 3098 Cum,
2228 3043 2296 3095 sit
2321 3043 2430 3096 dies
2460 3042 2591 3096 satis
2615 3057 2719 3094 una
2746 3041 3026 3110 prodendis
3053 3039 3230 3094 malis.

2069 3169 2139 3222 At
2163 3167 2396 3237 ponebat
2421 3175 2534 3220 tum
2565 3164 2785 3220 virtutis
2835 3163 3146 3219 tirocinium
3182 3163 3284 3218 sub
3304 3160 3568 3218 Himerio.

2003 3259 2081 3316 ita
2100 3268 2202 3314 est.
2234 3258 2340 3314 Sed
2368 3259 2524 3328 cujus
2574 3257 2795 3312 virtutis
2821 3257 2845 3311 ?
2877 3257 3036 3312 Aliud
3063 3268 3150 3310 cst
3183 3255 3391 3310 militiae
3419 3264 3570 3328 tyro-

2003 3351 2206 3406 ciuium
2254 3363 2379 3403 cum
2425 3348 2482 3402 in
2531 3356 2706 3402 castra
2745 3346 3090 3408 deducimur,
3147 3345 3331 3416 ibique
3377 3344 3572 3415 primis

2003 3444 2134 3498 artis
2185 3441 2435 3497 militaris
2493 3441 2784 3511 praeceptis
2853 3439 3172 3502 initiamur,
3223 3454 3344 3508 quae
3393 3438 3573 3507 potius

2003 3533 2209 3588 militiiu
2263 3531 2694 3601 auspicamenla,
2727 3539 2784 3584 et
2816 3529 3107 3592 elementa,
3136 3535 3191 3582 ct
3243 3525 3575 3581 incunabula

2005 3626 2112 3684 dici
2157 3633 2480 3680 merentur:
2528 3624 2673 3678 aliud
2697 3633 2782 3678 est
2821 3621 3186 3692 imperatoria:
3226 3621 3444 3674 virtutis
3502 3619 3576 3674 ti-

2006 3717 2296 3780 rocinium,
2337 3729 2460 3769 cum
2508 3711 2747 3766 emensis
2773 3711 3024 3765 militaris
3071 3707 3188 3781 [57]
3221 3708 3430 3778 peritia:
3480 3723 3578 3761 ru-

2006 3807 2266 3864 dimentis
2293 3807 2362 3860 ad
2407 3803 2634 3874 majora,
2665 3812 2722 3858 ct
2745 3802 3014 3856 nobiliora
3062 3801 3290 3873 gradum
3323 3800 3574 3862 facimus.

2008 3911 2064 3958 et
2089 3899 2308 3972 regendi
2370 3897 2525 3962 alios,
2556 3907 2608 3951 ct
2647 3895 2882 3951 ducendi
2935 3894 3226 3958 exercitus,
3263 3900 3317 3946 et
3353 3890 3578 3946 fallendi

2009 3992 2288 4046 inimicum
2347 3997 2518 4044 artem
2565 3986 2877 4048 ediscimus,
2928 3983 3170 4054 provecti
3222 3983 3336 4051 jam
3394 3987 3578 4046 atate,

2009 4100 2122 4138 non
2170 4083 2420 4152 juvenes,
2477 4079 2654 4150 qualis
2691 4087 2808 4132 erat
2861 4077 3097 4147 Symeon
3128 4073 3230 4128 iste
3282 4072 3425 4142 apud
3477 4069 3578 4125 Hi-

2012 4175 2264 4238 merium,
2305 4183 2364 4228 ut
2411 4172 2527 4242 ipse
2576 4176 2766 4240 aperte
2795 4168 2904 4222 ait:
2965 4165 3168 4219 Τούτου
3231 4165 3331 4236 μὲν
3381 4164 3579 4232 ἐκείνῳ

2012 4264 2539 4335 συστρατευόμενος,
2588 4264 2682 4316 καὶ
2736 4259 3199 4332 προϐιϐαζόμενος
3249 4257 3328 4319 είς
3379 4256 3578 4326 πεῖραν

2014 4357 2424 4430 στρατηγικὴν,
2475 4350 2564 4408 οἷα
2613 4354 2792 4417 πῶλος
2852 4353 3018 4422 μητρὶ
3095 4351 3236 4421 πρὸς
3312 4348 3380 4401 τὰ
3454 4364 3582 4416 γεν-

2013 4450 2272 4504 ναιότατα
2319 4449 2428 4502 τῶν
2483 4445 2956 4520 στρατηγημάτων
2991 4444 3325 4510 συσκαίρων.
3371 4440 3581 4496 Partim

335 4544 497 4609 blica,
531 4553 589 4600 et
629 4545 928 4616 legationes
964 4547 1110 4617 apud
1145 4556 1362 4602 exteras
1408 4547 1659 4600 nationes
1706 4547 1904 4608 obiret.
1940 4553 1984 4609 ι)
2013 4559 2130 4596 cum
2173 4558 2232 4596 eo
2262 4539 2497 4595 militans
2544 4539 2615 4592 ad
2666 4536 3022 4608 imperatoriae
3065 4535 3201 4588 artis
3266 4535 3580 4588 documenta

336 4636 394 4690 in
421 4635 540 4691 aliis
581 4635 790 4701 otilciis,
823 4651 946 4708 quae
981 4636 1258 4708 privatim,
1291 4645 1346 4691 et
1391 4637 1536 4692 inter
1576 4635 1909 4690 domesticos

337 4727 575 4795 parietes
611 4735 954 4793 exercentur,
997 4727 1139 4798 apud
1184 4727 1574 4797 imperatorem
1603 4723 1691 4780 sui
1728 4724 1909 4794 speci-

339 4808 464 4872 men
491 4817 736 4884 dederat,
791 4827 1013 4889 tumque
1059 4833 1183 4875 cum
1216 4819 1271 4874 in
1304 4819 1539 4883 arcanis,
1583 4824 1638 4872 et
1682 4817 1910 4873 secretis

339 4909 582 4964 consiliis
612 4909 744 4965 ﬁdes
775 4909 918 4965 illius
945 4910 1202 4977 innotuit,
1229 4911 1617 4980 imperatorum
1651 4909 1910 4964 mandato

337 5001 585 5072 publicas
634 5017 794 5058 curas
826 5001 1088 5072 suscepit.
1137 5001 1346 5056 Psellus
1379 5017 1393 5055 :
1432 4999 1542 5056 Καὶ
1583 5000 1776 5070 πρῶτα
1809 4998 1910 5070 μὲν

339 5097 464 5158 ταῖς
515 5094 950 5166 μυπικωτέραις
995 5093 1290 5164 ἐφεστήκει
1338 5092 1446 5146 τῶν
1498 5091 1772 5162 πράξεων,
1815 5093 1912 5147 καὶ

340 5189 454 5250 τοῖς
497 5185 830 5258 ἀπορρήτοις
871 5183 1204 5256 βουλεύμασι
1244 5184 1498 5248 κοινωνὸς
1545 5187 1910 5258 παρειστήκει

340 5280 454 5340 τοῖς
503 5276 981 5347 συμϐουλεύουσιν.
1022 5276 1175 5330 Ἐπεὶ
1207 5275 1322 5348 δὲὴ
1370 5276 1466 5330 τοῦ
1482 5276 1688 5348 τρόπου
1725 5279 1914 5340 πίστις

343 5372 402 5421 ἐν
426 5368 637 5432 τούτοις
679 5368 868 5424 τοῦτον
899 5358 1152 5440 ἐκήρυξε,
1191 5368 1329 5438 μετὰ
1377 5368 1489 5422 τῶν
1521 5369 1754 5436 ἀδύτων,
1818 5370 1914 5424 καὶ

337 5460 444 5522 τὰς
477 5460 746 5530 κοσμικὰς
770 5459 1055 5530 φροντίδας
1082 5459 1421 5530 συνείληφεν,
1443 5459 1519 5524 ὼς
1547 5461 1710 5514 αὑτὸν
1749 5476 1912 5529 γεγε-

341 5552 538 5623 νῆσθαι
596 5553 924 5622 εἰσαγγελέα
960 5570 1020 5608 τε
1053 5553 1130 5625 τῷ
1177 5553 1470 5626 κρατοῦντι
1516 5553 1626 5606 τῶν
1688 5551 1912 5616 ἔξωθεν,

344 5648 438 5700 καὶ
475 5645 773 5714 ἐξαγγελέα
803 5645 910 5700 τῶν
944 5646 1039 5700 τοῦ
1089 5646 1417 5718 κρατοῦντος
1441 5649 1553 5710 τοῖς
1585 5644 1804 5712 ἔξωθεν.
1846 5644 1914 5699 Et

346 5740 574 5809 primum
639 5739 850 5808 quidem
898 5740 1110 5810 prarfuit
1149 5739 1299 5794 rebus
1350 5739 1518 5809 magis
1581 5737 1813 5801 arcanis,
1865 5746 1914 5790 et

345 5843 657 5899 secretorum
701 5831 1034 5888 consiliorum
1073 5833 1172 5902 fuit
1205 5832 1463 5902 particeps
1493 5846 1608 5884 cum
1633 5829 1907 5884 consulen-
1936 5837 1946 5846 ‘

2009 4633 2404 4706 promoveudus,
2428 4641 2484 4685 ut
2507 4630 2728 4700 equulus
2752 4628 2911 4682 matri
2935 4627 3060 4682 solet
3085 4626 3156 4680 ad
3173 4623 3584 4696 praeclarissima

2010 4732 2394 4794 stratagemata
2412 4720 2672 4774 assiliens.
2695 4716 2996 4788 Strategica
3029 4717 3174 4772 enim
3203 4724 3306 4779 est,
3342 4722 3403 4768 ut
3431 4715 3583 4769 Ono-

2010 4817 2208 4872 sander
2224 4824 2280 4869 et
2300 4813 2410 4867 Leo
2427 4811 2729 4880 imperator
2750 4809 2993 4871 tradunt,
3014 4805 3338 4876 στρατηγῶν
3361 4803 3585 4873 ἀγαθῶν

2009 4909 2264 4976 ἄσκησις.
2291 4913 2628 4958 strenuorum
2677 4901 2870 4954 ducum
2913 4899 3242 4954 exercitatio.
3269 4897 3453 4966 quue
3483 4910 3584 4966 po-

2011 4998 2304 5063 tissimum,
2326 4995 2470 5066 quod
2491 5001 2702 5049 asserat
2720 4992 3137 5062 Metaphrastes,
3162 5001 3272 5042 non
3293 4987 3360 5042 ad
3385 4988 3585 5056 πεῖραν

2013 5087 2414 5160 στρατηγικὴν,
2443 5086 2872 5141 exercitationem
2919 5081 3316 5152 stratageticam
3349 5085 3585 5145 tantum,

2014 5183 2110 5238 sed
2169 5181 2239 5236 ad
2295 5183 2366 5235 τὰ
2415 5178 2773 5248 γενναιότατα
2826 5175 2935 5228 τῶν
2979 5171 3474 5244 στρατηγημάτων,
3515 5177 3587 5224 a'd

2014 5269 2425 5342 prteclarissima
2455 5274 2864 5337 stratagemata.
2896 5261 3072 5325 Dives,
3110 5275 3171 5315 se
3202 5273 3396 5314 vocare
3422 5273 3588 5327 equu—

2016 5365 2124 5420 lum
2156 5363 2227 5418 ad
2256 5369 2501 5423 matrem,
2533 5357 2714 5412 πῶλον
2761 5353 2896 5423 πρὸς
2924 5355 2991 5424 τῇ
3028 5351 3218 5424 μητρί.
3273 5350 3588 5406 Similitudo

2015 5473 2126 5513 non
2165 5463 2380 5510 aetatem
2411 5450 2656 5521 respicit,
2687 5463 2748 5502 se
2767 5447 3100 5504 docilitatem
3132 5454 3189 5500 et
3213 5443 3584 5512 disciplinam.

2018 5543 2486 5613 Quemadmodum
2525 5541 2674 5594 enim
2701 5538 2931 5609 equulus
2977 5537 3135 5592 matri
3179 5536 3588 5606 obtemperans.

2018 5637 2433 5705 obediensque,‘
2464 5647 2530 5688 ea
2583 5647 2703 5702 qua:
2733 5630 2922 5686 matris
2959 5638 3108 5695 sunt,
3147 5626 3400 5692 addiscit,
3435 5625 3506 5680 ita
3535 5634 3590 5680 et

2019 5733 2113 5804 qui
2145 5731 2400 5786 aliorum.
2427 5729 2660 5800 imperio
2687 5727 2991 5798 morigerus
3027 5726 3237 5790 subest,
3287 5723 3587 5794 cujuscun-

2018 5839 2124 5896 que
2179 5823 2268 5878 ille
2327 5821 2398 5876 sit
2434 5819 2628 5883 aetatis,
2683 5835 2713 5874 a
2757 5819 3012 5885 ducente,
3051 5831 3116 5872 ac
3169 5821 3582 5880 manutenente,
