3826 6464
230 356 314 444 ’63
882 386 978 447 DE
1017 387 1360 450 SCRIPTIS
1398 390 1774 455 SYMEONIS
1802 392 2383 457 METAPHRASTE
2423 397 2812 460 DIATRIBA‘.
3411 408 3486 473 δὲ

240 507 589 564 qua-cunque
616 492 708 550 ille
739 498 1079 568 exsequitur,
1121 509 1378 572 tanquam
1404 517 1436 557 a
1467 488 1671 575 majore
1717 521 1816 562 suo
1841 507 1894 568 Α
1918 506 2017 562 dro
2076 517 2231 563 actus
2263 519 2367 564 est.
2398 508 2643 582 Namque
2675 511 3182 585 potuitaliquando,
3243 516 3327 570 vir
3353 519 3487 574 alias

238 584 533 640 instruitur
566 595 732 657 alque
768 588 1056 645 imbuitur.

304 674 475 745 Atque
510 677 586 729 ita
614 684 707 731 sub
751 677 1095 735 Constantino
1146 682 1594 755 Porphyrogenito
1626 688 1817 745 Leonis

236 764 346 833 ﬁlio
385 776 499 820 tum
538 768 839 825 Tlteoctista:
880 790 998 827 eam
1033 776 1220 840 vitam,
1269 786 1379 830 tum
1410 778 1521 833 alia
1575 782 1816 836 divorum

239 869 354 910 acta
389 874 508 911 eum
547 859 881 917 elucubrasse
931 875 1129 920 certum
1177 868 1403 934 videtur,
1439 887 1541 924 non
1573 880 1631 925 ut
1666 871 1814 926 Alla-

246 951 345 1003 tius
381 952 564 1005 scribit
606 954 699 1006 sub
727 954 894 1010 Leone
940 966 989 1011 et
1015 958 1382 1018 Constantino.
1415 963 1650 1020 Allatius
1687 964 1815 1019 Dia-

244 1043 400 1102 triba,
434 1059 598 1112 quam
645 1047 940 1115 scripserat
996 1050 1065 1105 de
1105 1052 1314 1120 Psellis,
1353 1055 1420 1109 de
1441 1055 1812 1111 aetate-Meta-

240 1133 476 1200 phrastaa
525 1151 777 1203 qurerens
832 1140 996 1194 tradit
1032 1157 1159 1197 eum
1194 1145 1295 1199 Sub
1339 1145 1538 1209 Leone,
1567 1157 1623 1203 et
1665 1149 1812 1204 Con-

239 1224 480 1277 stantino
513 1225 731 1281 vixisse.
772 1226 828 1282 Si
860 1239 988 1285 ante
1026 1231 1225 1287 Leonis
1254 1234 1464 1289 obitum
1493 1252 1668 1293 annos
1697 1239 1813 1295 fere

237 1313 423 1369 decem
460 1316 852 1387 Metaphrastes
896 1322 1142 1391 ejusdem
1180 1325 1378 1382 Leonis
1421 1308 1673 1384 mandato
1733 1330 1812 1386 le-

238 1405 342 1475 gati
408 1408 743 1476 provinciam
807 1414 949 1481 apud
1005 1415 1213 1471 Arabes
1292 1429 1613 1487 susceperat
1685 1419 1810 1475 filiis

237 1505 451 1559 auctus.
487 1515 553 1554 ac
576 1516 744 1572 prope
787 1505 1271 1576 quadragenarius,
1330 1511 1541 1565 malene
1589 1512 1808 1581 scripsit

234 1589 465 1646 Atlatius
520 1608 645 1647 eum
699 1596 801 1651 sub
858 1596 1036 1654 Leone
1075 1610 1130 1654 et
1162 1600 1523 1658 Constantino
1568 1606 1810 1661 vixisse?

236 1680 339 1736 Sed
366 1684 586 1753 scripsit
614 1701 740 1740 eum
779 1689 1132 1760 scriptionem
1189 1709 1439 1749 exorsum
1468 1698 1570 1752 sub
1603 1696 1803 1764 Leone,

1920 602 2378 670 prudentissimus
2438 614 2494 659 et
2541 605 2903 677 imperatoriae
2958 608 3178 665 virtutis
3228 611 3489 683 magister

1921 692 2310 749 solertissimus
2328 695 2613 751 adversam
2641 696 2784 754 ferre
2806 715 3127 767 aerumnam,
3176 710 3232 756 et
3270 703 3489 757 calami-

1918 784 2122 840 tatibus
2164 801 2382 856 gemere
2405 786 2641 843 fortuna;
2686 789 2913 860 impetu,
2944 801 2999 845 et
3019 800 3079 845 ut
3103 794 3274 864 magis
3318 791 3488 847 infor-

1918 875 2069 930 tunio
2095 887 2339 947 gemeret
2363 878 2578 949 injuriis
2611 880 2874 951 principis
2904 884 3104 953 urgeri.
3139 884 3192 938 ld
3220 901 3350 938 vero
3383 886 3487 939 ad~

1916 964 2023 1020 huc
2056 967 2480 1023 examinandum
2504 978 2608 1037 est,
2659 985 2727 1023 an
2761 970 3070 1025 Alexander
3097 972 3233 1026 adeo
3262 972 3483 1042 iniquus

1915 1056 2100 1120 fuerit,
2133 1067 2193 1113 ut
2222 1059 2409 1115 Iaudes
2433 1076 2651 1130 quoque
2681 1061 2906 1117 llimerii
2936 1063 2989 1116 in
3015 1064 3203 1118 dolore
3227 1075 3480 1135 poneret.

1913 1146 1997 1199 vel
2045 1146 2120 1201 ita
2182 1149 2407 1203 sedulus
2467 1150 2670 1221 scripta
2708 1152 2940 1207 aliorum
2998 1153 3292 1225 indagarit,
3332 1165 3390 1210 ut
3435 1157 3481 1210 si

1911 1236 2042 1306 quid
2073 1238 2127 1291 in
2189 1239 2295 1293 illis
2328 1250 2493 1307 esset,
2526 1242 2671 1312 quod
2719 1243 2899 1298 minus
2943 1245 3229 1312 arrideret,
3260 1246 3485 1301 investi-

1911 1330 2107 1400 garet?
2136 1330 2340 1387 .Homo
2392 1333 2614 1389 nefariis
2647 1335 2964 1393 libidinibus
3011 1339 3249 1404 deditus,
3306 1341 3483 1395 ventri

1911 1422 2179 1488 addictus,
2218 1424 2304 1480 die
2332 1438 2604 1496 noctuque
2634 1428 2689 1481 in
2715 1443 2926 1496 somno,
2952 1439 3008 1485 et
3036 1431 3267 1508 segnitie
3300 1434 3483 1502 sepul—

1911 1522 2020 1575 tus,
2047 1523 2101 1569 et
2129 1515 2290 1585 plane
2314 1518 2999 1587 juvenculus.Cedrenus:
3037 1522 3095 1576 Ὀ
3132 1522 3188 1575 δὲ
3231 1523 3484 1594 βασιλεὺς

1922 1605 2273 1678 Ἀλέξανδρος
2316 1610 2414 1663 καὶ
2450 1611 2618 1665 πάλαι
2654 1611 2767 1682 βίον
2813 1613 3158 1685 ἁϐροδίαιτον
3197 1615 3358 1686 ἔχων,
3389 1618 3485 1669 καὶ

1908 1695 2322 1767 διακεχυμένον,
2352 1701 2447 1755 καὶ
2508 1703 2645 1773 πρὸς
2691 1705 2828 1774 μόνα
2857 1707 3195 1776 ὲπτοημένον
3249 1706 3316 1760 τὰ
3343 1726 3473 1762 κυν-

235 1773 336 1827 sub
352 1773 718 1833 Constantino
740 1788 796 1834 et
824 1780 1071 1838 Romano
1094 1793 1296 1854 nepote
1320 1786 1635 1843 absolvisse.
1666 1790 1804 1855 Quid

1915 1786 2122 1858 ηγέσια,
2173 1791 2266 1844 καὶ
2304 1793 2404 1855 τὰς
2455 1792 2617 1857 ἄλλας
2666 1773 3483 1871 ὣολάστουςίκαὶἐκδεδιῃτη-

237 1876 350 1920 tum
377 1867 401 1920 ?
452 1868 651 1924 Annon
691 1873 866 1939 potuit
905 1875 1149 1931 scribere
1177 1878 1674 1949 quadragenarius?
1699 1880 1806 1938 Sed

1915 1881 2079 1948 μένας
2112 1882 2220 1934 τῶν
2282 1885 2554 1955 πράξεων,
2602 1890 2695 1940 καὶ
2746 1888 2912 1958 μηδὲν
2962 1889 3123 1960 ἔργον
3193 1867 3481 1961 βασιλέωξ,

234 1971 343 2010 non
402 1959 624 2029 scripsit
672 1962 1014 2020 Tlieoctistes
1067 1967 1254 2025 vitam.
1299 1970 1411 2026 Nec
1462 1973 1696 2028 Allalius
1751 1976 1805 2030 id

233 2047 391 2114 dixit,
426 2067 527 2106 nec
557 2069 734 2109 caecus
763 2056 815 2110 id
856 2056 1101 2123 dixisset,
1129 2075 1253 2115 cum
1292 2072 1479 2132 aperte
1510 2065 1565 2119 in
1591 2081 1657 2120 ea
1684 2066 1805 2122 Vita

234 2140 449 2194 dicatur
479 2141 660 2197 Leone
687 2154 904 2201 mortuo
944 2146 1119 2204 Vitam
1144 2153 1403 2222 scriptam
1431 2154 1619 2210 luisse.
1663 2157 1809 2214 Dixit

234 2230 467 2287 Allatius
502 2234 854 2305 scriptionem
889 2254 1164 2299 exorsum.
1193 2242 1429 2301 Probare
1466 2248 1654 2305 debuit
1683 2248 1808 2307 Bol-

235 2323 451 2386 laudus,
481 2334 680 2395 praeter
701 2328 850 2386 Vitas
897 2341 952 2387 et
981 2334 1114 2389 Acta
1163 2346 1474 2393 sanctorum
1503 2341 1641 2396 nihil
1661 2344 1809 2400 aliud

235 2413 541 2487 scripsisse.
572 2419 707 2475 Cum
749 2424 1079 2480 anachoreta
1128 2425 1508 2497 Metaphrastte
1539 2431 1806 2503 imponat,

235 2525 305 2564 ne
333 2512 572 2581 ἀπορίαν
597 2511 793 2582 λόγων,
814 2533 1114 2572 sermonum
1137 2520 1461 2589 imperitiam
1488 2523 1543 2577 in
1569 2527 1805 2582 medium

236 2598 444 2664 aderat,
493 2602 659 2672 plane
700 2605 811 2674 jam
845 2616 1056 2662 certum
1105 2609 1329 2679 reliquit
1377 2611 1808 2684 Metaphrastem

238 2689 294 2742 in
319 2692 618 2748 scribendo
647 2695 873 2749 multum
904 2697 1163 2754 habuisse
1185 2716 1366 2766 usum,
1395 2702 1448 2757 in
1468 2718 1642 2775 eoque
1666 2706 1810 2760 mul-

239 2789 354 2835 tum
380 2797 441 2837 se
478 2785 810 2842 exercuisse.
845 2786 1091 2854 Quanam
1142 2806 1273 2862 ergo
1305 2792 1518 2849 ratione
1575 2795 1808 2854 dicimus

240 2871 656 2943 Metaphrastem
682 2879 784 2933 sub
808 2878 987 2935 Leone
1010 2897 1120 2936 non
1150 2885 1473 2954 scripsisse?
1496 2885 1641 2943 Inter
1670 2889 1809 2945 vitas

238 2965 420 3038 itaque
441 2978 753 3026 sanctorum
778 2974 1010 3042 primum
1028 2976 1208 3031 locum
1222 2989 1454 3049 occupat
1471 2978 1806 3046 Theoctiste,

240 3073 361 3113 cum
401 3068 530 3115 ante
578 3061 715 3118 alias
762 3064 910 3120 illam
970 3067 1258 3137 scripserit
1311 3069 1383 3125 ita
1433 3070 1614 3127 Psello
1658 3087 1810 3129 asse-

242 3161 415 3213 rente,
447 3163 575 3209 ante
603 3155 736 3211 alias
775 3158 1130 3229 scriptiones,
1165 3178 1275 3217 non
1309 3162 1466 3230 item,
1521 3181 1644 3220 cum
1702 3166 1805 3221 alia

239 3253 454 3310 quoque
485 3257 609 3298 eum
635 3248 922 3317 scripsisse
944 3252 1309 3308 certissimum
1339 3255 1428 3310 sit.
1458 3256 1525 3310 Et
1554 3271 1806 3326 quaenam

240 3331 326 3386 ille
353 3335 675 3405 scripserit?
704 3340 891 3398 Dicent
929 3344 1020 3398 alii
1055 3361 1069 3399 :
1102 3345 1217 3415 ipse
1237 3347 1458 3404 divinus
1501 3365 1611 3405 non
1660 3367 1803 3417 sum,

239 3432 290 3476 et
323 3424 604 3484 hominem
651 3443 969 3500 provectum
1019 3445 1199 3503 aetate,
1235 3447 1291 3493 et
1311 3439 1405 3510 qui
1432 3441 1696 3509 scientiis,
1743 3436 1820 3500 ac

239 3513 561 3585 disciplinis,
593 3529 649 3576 et
676 3525 948 3596 praecipue
1001 3528 1290 3587 rhetoricae
1325 3547 1547 3602 operam
1571 3534 1804 3602 dederit,

239 3616 366 3662 ante
396 3610 753 3684 quadraginta
781 3632 955 3674 anuos
975 3619 1179 3691 aliquid
1199 3622 1506 3692 scripsisse,
1540 3625 1809 3682 edidisse-

239 3716 344 3768 que
393 3702 449 3756 in
482 3705 693 3776 vulgus,
741 3710 863 3779 quis
907 3713 1147 3782 prudens
1183 3716 1454 3787 negabit?
1509 3717 1809 3776 Possumus

240 3793 403 3848 etiam
448 3796 631 3854 dicere
658 3812 786 3858 ante
825 3803 1023 3861 Leonis
1046 3806 1393 3877 imperatoris
1425 3809 1637 3866 obitum
1692 3811 1807 3886 [58]

238 3886 599 3945 concinnasse
644 3892 734 3947 illa
764 3934 779 3960 ,
822 3912 943 3966 qua:
996 3898 1065 3952 de
1116 3897 1463 3956 Theoctistes
1518 3903 1810 3962 virtutibus

240 3980 477 4050 scripsit,
536 3984 940 4052 publicaturum
973 4005 1128 4044 .vero
1166 4002 1355 4060 postea
1396 4008 1459 4047 ea
1509 3994 1805 4061 addidisse,

240 4087 361 4141 qua:
380 4073 451 4128 de
480 4073 664 4132 Leone
684 4078 964 4146 defuncto,
997 4091 1052 4135 et
1072 4083 1237 4138 rebus
1276 4083 1393 4154 ipse
1430 4084 1544 4141 suis
1569 4098 1806 4144 enarrat.

241 4162 593 4221 l'raafationes
624 4170 790 4236 enim,
826 4179 881 4225 et
914 4187 1229 4228 sermonum
1267 4178 1531 4246 prooemia
1571 4180 1812 4250 saepissi-

240 4268 329 4309 me
354 4256 551 4325 opellis
570 4259 789 4331 scriptis
824 4263 1096 4320 addimus.
1134 4265 1245 4338 Ego
1266 4277 1465 4336 praeter
1500 4268 1647 4324 Vitas
1666 4272 1810 4326 mul-

243 4353 293 4399 ta
320 4346 551 4417 hujusce
579 4355 838 4421 auctoris,
884 4364 940 4410 et
974 4357 1237 4425 carmine,
1261 4368 1316 4413 et
1351 4375 1533 4429 prosa,
1562 4363 1812 4418 oratione

242 4440 443 4510 scripta
469 4479 486 4507 ,
518 4458 691 4514 eaque
741 4447 1146 4519 elegantissima
1192 4450 1300 4505 vidi
1333 4492 1348 4516 ,
1404 4460 1460 4507 et
1508 4468 1607 4523 per
1636 4453 1810 4509 otium

240 4529 366 4602 legi,
417 4549 538 4602 quae
572 4536 713 4593 infra
744 4541 1061 4595 recensebo.

313 4621 372 4675 Si
402 4620 525 4678 Vita
550 4635 753 4682 sanctae
781 4627 1122 4685 Tlteoctistes
1152 4633 1324 4702 prima
1355 4632 1469 4695 eius
1488 4646 1812 4691 commenta-

243 4713 316 4766 tio
358 4714 480 4785 fuit,
516 4717 651 4771 nihil
694 4719 855 4789 igitur
882 4722 976 4776 sub
1029 4722 1198 4778 Leone
1239 4725 1473 4793 scripsit,
1513 4728 1655 4798 quod
1693 4730 1813 4799 qui-

241 4805 360 4858 dent
385 4807 605 4862 ediderit
632 4812 685 4863 in
701 4814 889 4867 lucem.
913 4812 1028 4868 Hoc
1050 4829 1180 4869 vero
1200 4814 1402 4870 falsum
1422 4824 1538 4884 est;
1558 4806 1812 4888 namque,

245 4903 299 4948 ut
341 4911 508 4966 supra
546 4899 801 4968 diximus,
852 4903 1016 4960 homo
1070 4919 1131 4960 ea
1156 4914 1314 4961 aztate
1336 4907 1382 4961 si
1407 4907 1551 4962 Vitas
1595 4917 1814 4965 sancto-

242 5002 355 5043 non
384 4992 622 5061 scripsit,
676 4996 783 5051 alia
815 4998 1054 5068 scripsit.
1083 4999 1155 5053 At
1200 5015 1311 5054 non
1331 5000 1577 5055 ediditin
1614 5002 1813 5057 lucem.

244 5082 381 5148 Quis
421 5086 473 5140 id
494 5088 621 5141 ait?
674 5088 731 5144 Si
753 5091 916 5146 edere
964 5092 1020 5146 in
1057 5093 1257 5154 lucem.
1289 5094 1571 5164 publicare
1623 5094 1812 5162 fuerit,

247 5177 417 5230 multa
449 5187 577 5233 ante
612 5179 959 5239 Theoctistes
991 5184 1170 5239 Vitam
1209 5186 1539 5255 publicasse,
1570 5187 1694 5257 quis
1721 5203 1817 5243 ne-

245 5277 335 5337 get
366 5268 390 5320 ?
420 5266 604 5338 Neque
639 5271 940 5328 Alexandro
989 5291 1167 5330 rerum
1207 5276 1436 5344 potiente
1463 5276 1541 5330 ita
1593 5276 1817 5331 laudare

247 5358 549 5416 Himerium
577 5352 742 5419 ausus
769 5377 924 5422 esset.
969 5366 1225 5424 Solemne
1252 5368 1307 5424 id
1347 5369 1450 5424 fuit
1479 5370 1600 5424 aliis
1646 5370 1815 5426 etiam

248 5453 546 5510 historicis.
583 5456 729 5521 Quot
785 5458 977 5515 laudat;
1023 5459 1321 5529 Procopius
1374 5460 1522 5516 viros
1558 5462 1815 5529 illustres,

250 5561 387 5615 quos
438 5547 787 5605 Iustinianus
837 5552 1164 5622 imperator,
1235 5564 1291 5607 et
1345 5551 1635 5609 Tbeodora
1686 5555 1820 5611 diris

250 5637 559 5694 afﬂixerant
588 5640 765 5706 malis,
783 5642 962 5699 adhuc
989 5642 1303 5700 Iustiniano
1336 5647 1652 5715 superstite.
1676 5648 1821 5714 Quot

252 5725 479 5787 alii_?ne
508 5731 752 5803 singulos
800 5746 1136 5791 recenseam.
1158 5732 1275 5790 Non
1305 5735 1489 5791 laudat
1519 5734 1818 5793 Himerium

253 5823 646 5896 Ietapbrastes
670 5835 954 5897 propterea
970 5826 1113 5897 quod
1147 5826 1200 5881 in
1222 5826 1472 5884 exsiliunt
1500 5829 1568 5884 ab
1585 5827 1820 5888 Alexan-

1909 1974 2004 2026 καὶ
2048 1973 2156 2027 τῶν
2180 1974 2316 2029 ὅλων
2336 1976 2551 2045 ἐγένετο
2596 1980 2889 2051 ἐγκρατὴς.
2932 1981 3083 2036 οὐδὲν
3127 1983 3276 2047 ἄξιον
3300 1983 3481 2052 λόγου,

1907 2065 1941 2136 ἢ
1975 2066 2306 2136 διενοήσατο,
2344 2070 2375 2142 ἢ
2410 2071 2810 2142 κατεπράξατο.
2860 2073 3145 2129 Enimvero
3186 2074 3486 2131 Alexander

1902 2157 2020 2226 jam
2052 2159 2254 2227 pridem
2294 2160 2468 2216 mollis
2523 2163 2893 2235 dissolutoque
2941 2177 3181 2221 assuetus
3215 2168 3356 2232 vitta,
3396 2185 3483 2224 so-

1908 2245 2076 2318 lisque
2149 2250 2354 2305 deditus
2402 2254 2781 2319 venationibus,
2857 2256 3081 2327 aliisque
3127 2258 3486 2328 intemperan-

1910 2338 2046 2392 tibus
2088 2349 2247 2410 atque
2287 2343 2663 2413 intempestivis
2705 2346 3020 2411 actionibus,
3073 2348 3269 2404 nullius
3313 2350 3484 2419 impe-

1909 2438 2140 2483 ratorem
2194 2432 2419 2487 decentis
2462 2435 2539 2488 rei
2586 2439 2821 2507 gerenda:
2878 2442 3118 2509 ignarus,
3175 2450 3485 2514 tantumque

1911 2522 2081 2588 luxui,
2105 2534 2152 2578 et
2187 2524 2488 2581 libidinibus
2515 2528 2763 2595 intentus,
2804 2531 3085 2601 imperium
3120 2536 3362 2603 adeptus,
3397 2536 3483 2589 ni-

1909 2614 1986 2668 hil
2015 2616 2349 2671 memorabile
2375 2634 2538 2688 neque
2561 2621 2831 2691 cogitavit,
2864 2638 3028 2692 neque
3053 2625 3176 2695 egit.
3234 2626 3303 2680 Et
3337 2626 3485 2682 Con-

1910 2708 2183 2764 stantinus
2216 2709 2496 2767 Manasses
2521 2729 2534 2766 :
2979 2722 2989 2731 ‘

1925 2834 2124 2921 χὰρ
2169 2836 2518 2921 Ἀλέξανδρος
2546 2841 2782 2921 ερυςξαῖς
2823 2839 3138 2921 ῂσχοὶηκὼς
3173 2841 3268 2895 καὶ
3296 2844 3481 2921 ﬁdem;

1909 2906 2327 2994 Eal‘pdvov.fbv
2360 2906 2737 2994 γαργαλισμῶν
2769 2906 2860 2994 Σοῦ
2886 2906 3135 2994 sapam;
3157 2906 3477 2994 ’φροντίσας

1914 2976 2077 3052 ’[ᾼλξω
2094 2976 2142 3052 δ’
2171 2978 2325 3052 οὐδὲν
2359 2976 2615 3052 καέεάξιξον
2641 2976 2736 3033 λτοῦ
2769 2976 3045 3052 βασιλεξου
3068 2976 3305 3052 κράξους

2008 3047 2322 3124 δράοαςηοδ
2357 3048 2749 3124 φθεγξᾲμενος,
2771 3047 2858 3124 iob
2889 3049 3043 3124 σχὼν
3059 3047 3199 3124 gara
3228 3052 3477 3124 καρδίαν,

2040 3117 2200 3195 ἄνθος
2229 3118 2487 3195 ἐρῥξ-υσεν
2521 3117 2739 3195 oin“:pr
2769 3117 3118 3195 ἐκμαρανθὲν
3146 3121 3302 3195 ἡλίῳ,

1912 3187 2022 3241 Καὶ
2054 3189 2237 3260 τάχιον
2260 3187 2475 3256 siam:
2507 3187 2680 3254 νόσοίς
2712 3187 2896 3255 taxat;
2922 3187 3161 3262 ipetvdon

1907 3323 2052 3378 Nam
2084 3322 2384 3378 Alexander
2416 3325 2768 3401 voluptatibus
2807 3335 2856 3380 et
2900 3328 3482 3396 compotationibusin-

1908 3414 2146 3486 dulgens,
2185 3431 2275 3469 nec
2305 3416 2415 3470 ulla
2460 3432 2516 3470 re
2560 3425 2708 3470 tanta
2727 3417 2947 3487 imperio
2974 3418 3159 3489 digna,
3190 3420 3287 3476 vel.
3310 3437 3482 3491 opere,

1909 3508 1990 3563 vel
2016 3509 2180 3563 verbis
2208 3510 2460 3578 perfecta,
2493 3508 2574 3563 vel
2594 3510 2772 3564 animo
2812 3512 3034 3582 denique
3060 3523 3328 3578 concepta,
3387 3532 3483 3570 cett

1906 3602 2005 3672 ﬂos
2037 3599 2162 3655 solis
2194 3601 2514 3670 efﬁcacitate
2560 3618 2885 3656 marcescens
2909 3603 3194 3659 exstinctus
3222 3614 3324 3669 est,
3360 3615 3409 3660 et
3451 3625 3484 3661 a

1892 3693 2103 3759 morbis
2160 3693 2400 3748 celeriter
2428 3694 2756 3765 absumptus.
2790 3693 2858 3750 Et
2888 3694 3212 3751 mirabimur
3235 3697 3279 3752 si
3320 3695 3487 3752 Meta-

1910 3785 2193 3855 phrastes,
2254 3786 2380 3842 vivo
2409 3785 2722 3842 Alexandro
2749 3786 2866 3860 [59]
2903 3786 2947 3843 si
2979 3795 3160 3842 tamen
3190 3796 3326 3855 tum,
3357 3804 3483 3844 cum

1912 3876 2003 3932 illa
2028 3875 2424 3948 Metaphrastes
2451 3877 2740 3944 scriberet,
2785 3879 3093 3934 Alexander
3114 3878 3350 3944 vivebat,
3389 3879 3483 3949 qui

1912 3966 2080 4023 Leoni
2131 3969 2902 4024 tredecimtantummenses
2934 3968 3256 4038 supervixit,
3295 3969 3484 4025 laudes

1912 4060 2033 4114 illas
2060 4074 2162 4117 suo
2211 4059 2452 4115 Himerio
2498 4058 2804 4115 tribuisse?
2832 4059 3100 4129 Equidem
3147 4058 3362 4114 dillicile
3415 4059 3485 4114 ad

1911 4152 2075 4209 fidem
2112 4164 2216 4216 est,
2243 4152 2661 4224 Metaplirastem
2708 4161 2833 4223 post
2859 4152 3121 4222 scriptum
3167 4152 3371 4222 aliquid
3405 4151 3483 4206 ita

1915 4244 2266 4316 neglexisse;
2300 4252 2363 4300 ut
2417 4259 2714 4314 numquam
2754 4252 2944 4313 postea
2997 4241 3131 4297 illud
3183 4241 3240 4296 in
3290 4257 3485 4297 manus

1914 4336 2230 4406 sumpserit,
2270 4335 2589 4408 legeritque,
2619 4337 2991 4405 relectumque
3032 4335 3349 4391 correxerit.
3379 4334 3486 4390 Po-

1914 4428 2017 4483 tuit
2049 4443 2176 4499 ergo
2224 4429 2413 4483 laudes
2461 4428 2691 4485 Himerii
2743 4437 2958 4484 mortuo
2987 4427 3295 4484 Alexandro
3351 4424 3486 4485 Vite:

1849 4555 1894 4611 υ
1919 4530 2076 4576 antea
2101 4521 2315 4591 scriptae
2336 4530 2650 4611 annectere.

1991 4613 2271 4677 Subditur,
2295 4608 2555 4683 praecipue
2577 4614 2812 4681 publicas
2830 4629 2910 4667 res
2928 4621 3182 4666 tractasse
3201 4610 3294 4664 sub
3316 4608 3488 4664 Leone

1918 4708 2089 4777 coepit.
2121 4706 2259 4774 Quid
2276 4715 2403 4760 ante
2434 4705 2668 4760 Leonem
2704 4706 2876 4777 egerit
2896 4703 3308 4775 Metaphrasles,
3336 4704 3488 4774 igno-

1918 4808 2087 4854 ratur.
2136 4801 2202 4855 Et
2246 4799 2427 4854 forsan
2482 4798 2656 4868 putuit
2698 4794 2880 4853 Basilii
2919 4796 3228 4851 Macedonis
3261 4795 3490 4866 imperio

1919 4892 2135 4962 publico
2188 4892 2407 4962 negotio
2459 4890 2699 4959 defungi.
2762 4888 2868 4944 Sed
2939 4898 3058 4944 esto
3113 4887 3340 4957 cmperit
3387 4887 3490 4943 sub

1919 4983 2123 5039 Leone.
2158 4984 2355 5038 Annon
2405 4983 2580 5053 potuit
2604 4982 2706 5038 sub
2736 4982 2855 5052 ipso
2885 4981 3100 5052 imperii
3131 4979 3354 5036 exordio
3380 4995 3507 5034 non.

1919 5076 2274 5140 adolescens,
2313 5075 2407 5130 sed
2460 5082 2620 5129 aetate
2667 5082 2923 5145 provecta
2957 5087 3158 5127 munus
3208 5071 3487 5142 publicum

1920 5167 2229 5223 sustinere?
2257 5165 2399 5233 Quid
2432 5181 2561 5234 ergo
2587 5165 2935 5221 doctissimus
2973 5163 3262 5219 Bollandus
3300 5172 3492 5218 contra

1918 5257 2178 5312 Allatium
2214 5256 2433 5319 inferet,
2454 5257 2547 5326 qui
2581 5256 2716 5310 dixit
2745 5254 3163 5325 Metaphrastem
3183 5254 3287 5310 sub
3306 5253 3509 5309 Leone-

1918 5347 2159 5402 vixisse?
2214 5346 2297 5400 An
2351 5348 2440 5417 qui
2493 5346 2594 5401 sub
2640 5344 2822 5400 Leone
2879 5344 3073 5414 incipit
3118 5359 3205 5399 res
3247 5342 3494 5413 publicas

1922 5449 2178 5506 tractare,
2227 5438 2329 5494 sub
2364 5437 2544 5493 Leone
2592 5437 2808 5503 vivere,
2856 5445 2951 5490 aut
2988 5436 3184 5490 ﬂorere
3230 5434 3493 5490 dicendus

1923 5532 2190 5587 nonest?
2238 5528 2382 5585 Vixit
2428 5528 2632 5599 itaque,
2666 5527 2991 5597 scripsitque
3038 5525 3142 5581 sub
3188 5522 3388 5588 Leone,
3436 5532 3492 5579 et

1920 5622 2276 5681 Constantino
2303 5622 2696 5692 Metaphrastes
2720 5660 2736 5684 ,
2765 5628 2825 5675 ut
2851 5618 3078 5674 Allatius
3110 5615 3332 5681 scribit;
3382 5630 3491 5671 non

1924 5725 1984 5773 ut
2018 5715 2311 5772 Bollandus
2356 5712 2652 5769 exeludens
2699 5709 2957 5776 Leonem,
2992 5710 3093 5765 sub
3137 5706 3515 5765 Constantino.

1926 5804 2392 5877 Porphyrogeuito
2422 5801 2621 5859 Leonis
2660 5800 2792 5857 lilio.
