3826 6480
320 394 392 458 55
1609 397 1806 460 LEON
1813 395 1886 456 IS
1921 396 2228 458 ALLA'I‘II
3483 399 3553 464 56

381 503 719 562 'l'estiinonio
755 505 916 562 Pselli
961 512 1112 559 certo
1145 503 1458 558 innotuerat
1504 505 1664 560 nobis
1705 506 1879 559 Meta-
1906 509 1956 566 Α
1982 507 2054 559 ad
2087 507 2222 561 hanc
2252 522 2361 562 rem
2390 508 2742 576 producimus,
2775 505 3084 576 Symeonem
3111 507 3286 571 illum,
3316 509 3407 576 qui
3442 507 3551 564 Meo

308 600 544 670 phra'stze
575 609 729 654 tetas.
759 595 1111 652 Postmodum
1141 611 1266 650 eum
1306 595 1558 663 Baronio,
1592 607 1649 651 et
1674 596 1878 651 Bellar-

310 693 482 754 iuino,
513 691 739 761 aliisque
787 690 1152 746 laudationem
1197 690 1340 744 illam
1392 689 1769 759 Metaphrastte
1811 688 1880 742 ad

310 782 583 840 seniorem
635 781 871 837 Psellum
922 782 1124 838 Leonis
1159 780 1488 851 οΡΙιίΙοεοῃΙιί
1559 781 1878 851 magistrum

309 877 560 931 retulisse
587 876 738 931 visus
764 891 904 940 sum,
940 891 1062 932 cum
1093 874 1401 944 scripserim
1435 892 1446 926 :
1477 871 1687 927 Juuiori
1710 872 1880 926 Psello

309 967 614 1036 adjndicari
658 967 800 1022 nullo
845 985 1057 1037 prorsus
1102 977 1409 1038 argumento
1447 978 1712 1020 auctorem
1757 981 1881 1018 ora-

310 1057 466 1115 tionis
511 1056 745 1112 Psellum
793 1057 1016 1111 alterum
1047 1074 1174 1123 esse,
1207 1073 1308 1110 non
1355 1057 1540 1110 Leonis
1577 1054 1880 1121 Philosophi

310 1149 644 1220 magistrum,
681 1164 947 1218 nunquam
979 1150 1254 1213 evicturos,
1288 1148 1378 1219 qui
1419 1157 1600 1201 contra
1627 1145 1877 1200 sentiunt.

309 1240 610 1294 Audiamus
663 1239 1150 1295 Bollandum:Lco
1214 1239 1554 1308 Philosophus
1606 1249 1880 1308 postquam

308 1331 483 1386 Psello
520 1331 602 1388 illi
634 1333 828 1386 seniori
875 1333 928 1385 in
958 1332 1127 1387 Antro
1181 1331 1355 1384 insula
1400 1331 1612 1383 dederat
1645 1344 1879 1398 operam,

311 1439 429 1476 cum
463 1439 565 1477 non
589 1432 845 1492 quantum
874 1421 1137 1488 voluisset,
1165 1422 1230 1476 ab
1262 1439 1320 1475 eo
1345 1421 1597 1474 hausisset
1626 1419 1882 1474 eruditio-

313 1516 429 1578 nis,
483 1515 802 1569 monasteria
855 1515 1007 1569 varia
1057 1514 1234 1575 obivit,
1286 1513 1639 1582 repositosque
1679 1513 1733 1564 in
1776 1510 1882 1564 illis

312 1606 468 1660 libros
514 1607 834 1678 investigans
878 1605 1111 1659 studiose
1159 1603 1302 1674 legit,
1345 1614 1502 1674 atque
1551 1601 1881 1656 excellentem

310 1704 385 1748 est
419 1697 762 1750 eruditionem
797 1696 1037 1764 adeptus,
1067 1706 1120 1746 ut
1148 1691 1490 1762 Curopalates
1517 1693 1682 1746 tradit
1709 1691 1884 1746 :Dein

312 1784 818 1856 Constantinopolim
849 1800 1084 1838 reversus
1108 1783 1353 1848 privatim
1379 1786 1633 1854 quosdam
1662 1781 1834 1836 docuit
1863 1797 1878 1834 :

1988 602 2259 666 taphrases
2283 599 2536 670 priet-lare
2565 600 2869 668 composuit.
2895 597 3038 652 Satis
3064 599 3229 668 igitur
3251 597 3319 652 sit
3339 597 3438 659 hic,
3463 601 3551 662 qui

1987 690 2041 742 in
2068 702 2307 744 sanctum
2349 691 2542 744 Lucam
2587 691 2964 744 commentario
2996 690 3335 744 existimavit.
3368 689 3554 744 Memi-

1985 783 2066 836 nit
2096 783 2274 852 itaque
2303 782 2680 853 Metaphrasta:
2715 781 3098 850 Theophanes,
3143 783 3237 836 sed
3263 781 3556 850 TheOpha-

1985 889 2086 927 nes
2120 873 2337 929 vivebat
2387 886 2630 943 tempore
2671 873 2852 928 Basilii
2891 871 3234 936 Macedonis,
3269 881 3323 926 et
3365 870 3557 927 Leonis

1987 965 2134 1019 illius
2165 966 2283 1030 lilii,
2315 983 2444 1036 ergo
2487 965 2878 1036 Metaphrastes
2922 963 3198 1035 antiquior
3225 963 3558 1034 TheOphane

1987 1057 2164 1127 potuit
2185 1074 2213 1111 a
2241 1058 2435 1123 l’sello,
2466 1060 2558 1128 qui
2588 1059 2688 1112 sub
2715 1057 2974 1112 Michaele
3003 1057 3161 1112 tertio
3185 1057 3325 1110 circa
3354 1071 3556 1110 annum

1989 1147 2198 1202 Domini
2233 1149 2336 1204 860
2367 1151 2582 1205 vivebat
2614 1152 2840 1214 laudari,
2873 1167 3045 1220 eoque
3091 1149 3280 1220 magis,
3317 1150 3458 1219 quod
3489 1147 3559 1202 de

1987 1239 2371 1312 Metapltraste,
2421 1252 2672 1312 tanquam
2721 1244 2843 1298 latis
2893 1242 3111 1307 iuncto,
3164 1251 3217 1296 et
3269 1242 3554 1310 plurimam

1993 1334 2136 1402 apud
2169 1347 2360 1386 etnnes
2390 1333 2769 1386 auctoritatem
2805 1341 3078 1388 assecuta.
3127 1329 3271 1399 quod
3321 1329 3374 1382 in
3422 1344 3558 1397 pau-

1989 1423 2067 1477 cis
2091 1425 2246 1477 annis
2274 1438 2384 1477 non
2411 1424 2488 1482 lit.
2535 1438 2714 1476 sermo
2761 1423 3041 1476 habeatur.
3073 1421 3289 1475 Cadunt
3317 1435 3444 1488 ergo
3481 1427 3561 1472 tot

1988 1515 2233 1570 Bollandi
2290 1525 2581 1585 computus
2628 1524 2937 1584 exactzeque
2991 1522 3296 1582 temporum
3347 1512 3558 1564 discus-

1989 1606 2189 1665 siones.
2239 1606 2534 1660 dummodo
2561 1619 2748 1658 verum
2793 1603 2882 1659 sit.
2915 1602 3059 1672 quod
3089 1603 3158 1654 de
3185 1607 3342 1653 aetate
3375 1595 3559 1650 Theo-

1989 1698 2186 1768 phanis
2214 1697 2377 1751 tradit
2409 1697 2661 1751 Seorsus.
2698 1695 2992 1750 Constituit
3032 1689 3420 1746 Scorsusduos
3458 1702 3559 1740 an-

1989 1806 2184 1846 norum
2218 1791 2699 1845 intercurrentium
2731 1788 3014 1850 terminos,
3037 1786 3176 1838 intra
3209 1797 3346 1853 quos
3382 1779 3563 1834 Theo-

310 1876 495 1932 horum
547 1877 762 1947 quidam
807 1877 864 1930 in
904 1875 1088 1946 praelia
1147 1884 1330 1944 captus
1377 1891 1410 1929 a
1464 1873 1766 1937 Saracenis,
1823 1889 1888 1926 ac

1997 1883 2226 1955 phanem
2251 1882 2449 1936 vixisse
2474 1887 2684 1936 certum
2715 1878 2941 1933 omnino
2972 1887 3164 1932 censet
3200 1892 3214 1928 :
3247 1873 3454 1943 primus
3477 1878 3562 1924 est

309 1967 423 2021 viro
451 1967 646 2022 illustri
694 1966 923 2020 traditus
961 1967 1018 2020 in
1042 1965 1367 2028 servitutem,
1402 1981 1520 2018 cum
1555 1965 1882 2033 postmodum

311 2059 623 2115 Geometrits
659 2059 908 2128 peritiam
939 2057 1236 2126 professus,
1269 2073 1301 2109 a
1322 2072 1423 2127 quo
1460 2072 1578 2110 eam
1625 2057 1885 2109 didicerat

309 2148 534 2204 Leonem
581 2148 882 2218 privatum,
927 2155 976 2201 et
1015 2147 1220 2215 inopem
1267 2148 1454 2216 degere
1515 2145 1880 2214 signiﬁcasset,

315 2241 504 2296 litteris
536 2257 655 2294 eum
687 2240 756 2294 ad
787 2255 843 2293 se
880 2239 1201 2309 amplissima
1233 2239 1496 2306 proposita
1529 2243 1760 2291 mercede
1801 2239 1888 2290 in-

312 2332 496 2387 vitavit
541 2331 900 2385 Barbarorum
943 2345 1054 2386 rex.
1089 2328 1209 2383 Hac
1241 2329 1443 2382 litteras
1471 2329 1575 2382 Leo
1603 2328 1886 2382 Theoctisto

314 2419 635 2494 Logothete,
659 2423 742 2478 hic
782 2421 1058 2491 Theophila
1088 2421 1398 2491 imperatori
1414 2419 1619 2479 obtulit.
1651 2419 1738 2487 qui
1770 2433 1887 2472 eum

315 2531 518 2572 summa
542 2516 718 2586 favore
745 2514 1066 2584 complexus,
1106 2511 1296 2582 amplis
1328 2512 1509 2580 opibus
1532 2511 1738 2573 ditavit,
1764 2511 1886 2581 jus-

315 2607 486 2675 sitque
516 2606 718 2677 publice
747 2606 965 2682 docere,
996 2621 1060 2658 ac
1087 2615 1266 2673 postea
1298 2602 1737 2657 Thessalonicensi
1785 2601 1889 2654 Ec-

317 2701 486 2755 clesia:
544 2699 940 2770 prwficiendnm
1007 2698 1228 2752 curavit.
1297 2696 1483 2751 Verum
1544 2704 1745 2748 mortuo
1794 2695 1888 2748 sub

318 2807 520 2847 annum
551 2791 648 2845 8M
691 2789 991 2860 Theophila,
1037 2790 1282 2844 redactus
1309 2803 1512 2855 quoque
1552 2787 1608 2840 in
1654 2786 1888 2840 ordinem

317 2893 394 2941 cst
425 2883 544 2948 Leo,
567 2892 703 2955 quod
725 2883 963 2938 Itazresim
990 2892 1222 2937 sectatus
1244 2890 1374 2955 esset
1409 2878 1889 2934 lconomachorum.

318 2975 447 3042 Qua'
478 2977 523 3030 si
553 2977 668 3047 quis
695 2985 831 3030 recte
857 2975 1036 3028 omnia
1067 2973 1350 3044 expendat,
1387 2971 1636 3044 fatebitur
1661 2969 1753 3022 sub
1788 2969 1892 3020 Mi-

319 3068 496 3127 chaele
516 3065 700 3134 Balbo,
731 3069 821 3138 qui
840 3065 1091 3122 annoSQO
1116 3067 1172 3120 in
1195 3066 1492 3134 imperium,
1519 3081 1582 3117 ac
1615 3063 1708 3116 sub
1738 3062 1886 3116 illius

319 3162 580 3220 decessore
604 3159 830 3214 Armeno
867 3159 1033 3214 videri
1065 3157 1292 3212 Leonem
1333 3154 1508 3210 Psello
1540 3155 1738 3209 dedisse
1770 3169 1894 3222 ope-

320 3269 438 3312 ram
483 3261 706 3306 matura:
745 3251 865 3320 jam
895 3251 1068 3305 a’tatis
1110 3250 1243 3304 viro.
1292 3247 1394 3313 Qui
1441 3247 1610 3318 potuit
1660 3246 1823 3316 igitur
1860 3260 1893 3297 a

328 3344 498 3404 Psello
532 3345 742 3399 laudari
777 3341 1155 3412 Metaphrastes
1205 3341 1312 3394 vita
1351 3339 1592 3411 functus,
1642 3338 1730 3408 qui
1771 3353 1895 3390 cen-

328 3447 440 3492 tum
470 3445 584 3507 post
624 3433 860 3490 Psellum
897 3435 1050 3489 annis
1073 3433 1246 3489 vixit?
1275 3430 1456 3500 Neque
1485 3431 1548 3484 de
1590 3427 1762 3484 Psello
1785 3428 1894 3483 Me-

329 3530 618 3597 taphrasta:
645 3524 922 3580 laudatore
940 3531 1276 3595 repugnasset
1301 3519 1584 3585 Baronius,
1614 3522 1660 3574 si
1685 3519 1899 3574 aliunde

327 3619 494 3676 asseri
543 3617 916 3688 Metaphrasta:
960 3625 1168 3672 (etatem
1205 3630 1354 3684 posse
1401 3613 1768 3667 cxistimasset.
1807 3613 1900 3667 Ast

328 3711 468 3770 hunc
513 3709 611 3766 alii
651 3725 767 3763 cum
808 3708 902 3762 sub
934 3703 1274 3763 Constantino
1320 3703 1782 3776 Porphyrogenito,
1810 3706 1900 3774 qui

327 3801 589 3872 septennis
630 3797 931 3852 Alexandro
955 3807 1166 3866 patruo,
1208 3811 1346 3849 anno
1369 3794 1476 3850 σιξ
1503 3793 1618 3866 [60]
1642 3796 1898 3848 exstincto

328 3895 535 3965 impera
543 3909 598 3947 re
619 3891 793 3961 erupit,
813 3889 998 3944 vixisse
1013 3890 1280 3960 fateantur
1295 3902 1314 3940 :
1331 3887 1492 3942 miror
1503 3903 1603 3942 non
1617 3888 1902 3957 perspicere

331 4007 366 4044 a
397 3985 572 4042 Psello
611 3983 702 4058 qui
746 3991 976 4046 centum,
1027 3988 1087 4034 ut
1130 3980 1405 4034 minimum
1447 3997 1565 4035 eum
1606 3981 1898 4045 antecessit,

331 4078 554 4135 laudari
591 4072 830 4146 equidem
856 4081 1120 4127 mortuum
1143 4087 1244 4126 non
1270 4072 1516 4140 potuisse.

403 4169 472 4226 Et
507 4168 623 4223 haec
652 4165 871 4238 quidem
901 4162 1192 4223 Bollandus
1227 4163 1396 4234 :quid
1417 4179 1547 4220 vero
1582 4161 1902 4218 Franciscus

332 4263 565 4320 Scorsus
606 4276 670 4319 ex
715 4257 905 4314 eadem
945 4255 1202 4312 societate
1241 4255 1499 4313 Bollaudo
1533 4256 1767 4318 dixerit,
1814 4255 1900 4312 in-

335 4356 650 4430 spiciamus.
681 4351 897 4424 Optime
938 4352 1183 4423 potuisse
1214 4350 1630 4422 Metaphrastem
1663 4366 1693 4405 a
1724 4349 1902 4404 Psello

336 4449 556 4507 seniore
602 4445 844 4511 laudari,
896 4445 1254 4515 antiquiorem
1301 4444 1677 4499 arecentiorc.
1730 4441 1902 4498 Meta-

1984 1989 2163 2030 annus
2196 1974 2302 2028 862
2327 1981 2657 2045 argumento
2708 1969 2892 2024 Jacobi
2932 1966 3173 2024 Gretseri
3214 1974 3348 2020 tom.
3403 1961 3446 2016 ll
3489 1962 3560 2016 de

1989 2068 2166 2123 Cruce
2200 2067 2252 2120 in
2280 2065 2429 2120 Notis
2459 2064 2524 2120 ad
2553 2064 2687 2118 duas
2715 2060 3004 2118 Orationes
3031 2054 3382 2127 TheOpbanis
3406 2093 3422 2119 ,
3465 2052 3560 2123 qui

1985 2167 2142 2230 putat
2165 2173 2289 2214 eum
2339 2156 2607 2219 ﬂoruisse,
2653 2170 2762 2224 quo
2791 2163 3035 2223 tempore
3083 2149 3270 2204 Sicilia
3315 2146 3558 2201 nondum

1987 2259 2098 2306 tota
2151 2265 2181 2304 a
2231 2247 2516 2303 Saracenis
2573 2255 2720 2301 esset
2775 2245 3034 2307 subacta,
3082 2242 3225 2312 quod
3276 2247 3361 2294 est
3417 2239 3560 2293 circa

1987 2357 2191 2397 annum
2245 2339 2745 2410 nongenlesimum.
2782 2337 2934 2390 Alter
2967 2343 3051 2389 cst
3097 2347 3293 2393 annus,
3322 2345 3430 2400 quo
3467 2342 3562 2381 ca-

1987 2445 2140 2504 ptum
2187 2448 2217 2486 a
2275 2429 2564 2484 Saracenis
2591 2426 3016 2483 Tauromenium
3074 2424 3207 2488 fuit,
3263 2422 3407 2492 quod
3462 2417 3566 2472 sub

1989 2523 2193 2578 Leonis
2244 2521 2423 2576 Basilii
2479 2520 2792 2574 Macedonis
2849 2518 2944 2573 lilii
2991 2516 3219 2586 imperio
3272 2511 3566 2579 contigisse

1991 2618 2210 2672 tradunt
2233 2615 2428 2669 Leonis
2458 2614 2600 2667 ﬁlius
2623 2611 3014 2666 Constantinus
3044 2609 3566 2679 Porphyrogenncta

1987 2709 2128 2762 libro
2161 2723 2199 2762 ιι
2239 2706 2563 2760 'lbematum
2600 2703 2810 2772 imperii
2845 2701 3054 2756 Orient.
3090 2701 3330 2755 Joannes
3391 2697 3566 2750 Caro-

1991 2800 2209 2870 palata,
2245 2806 2301 2852 et
2333 2797 2424 2850 alii
2477 2796 2831 2857 recentiores,
2883 2807 3045 2862 quem
3095 2790 3267 2845 fuisse
3318 2788 3568 2858 pluribus

1991 2893 2339 2960 antiquorum
2375 2889 2835 2943 monimentorum
2865 2883 3192 2939 testimoniis
3218 2882 3412 2951 probat
3435 2879 3563 2933 895.

1992 2981 2201 3036 Floruit
2239 2981 2422 3050 itaque
2472 2977 2819 3033 Tauromenii
2863 2976 2932 3030 ab
2980 2988 3124 3028 anno
3164 2971 3342 3025 Basilii
3378 2970 3562 3033 tertio,

1994 3073 2084 3143 qui
2113 3071 2277 3126 fuerit
2307 3069 2512 3125 Christi
2535 3069 2638 3124 870
2669 3082 2840 3136 usque
2865 3067 2932 3122 ad
2963 3065 3162 3120 Leonis
3185 3077 3388 3117 annum
3412 3061 3564 3115 deci-

1998 3181 2145 3220 mum
2200 3174 2434 3229 sextum,
2475 3163 2567 3232 qui
2615 3172 2698 3217 est.
2729 3160 2857 3216 902.
2911 3159 3110 3215 Probat
3157 3157 3278 3212 aliis
3322 3154 3567 3225 ejusdem

1999 3257 2238 3314 auctoris
2287 3256 2462 3311 locis:
2499 3256 2554 3309 in
2591 3254 2790 3308 llomil.
2831 3253 2907 3308 De
2939 3251 3195 3323 parabola
3223 3264 3376 3311 omna
3409 3254 3570 3302 vocat

2000 3354 2280 3421 Agarenos
2340 3347 2594 3418 ὁμόρους.
2645 3345 2864 3406 ὁποίους
2915 3343 3130 3414 ὁρῶμεν
3173 3343 3300 3404 τοὺς
3336 3339 3572 3408 ὁμόρους

2001 3445 2137 3514 ἡμῖν
2185 3439 2472 3510 ἀπογόνοις
2519 3438 2628 3492 τῶν
2669 3437 2914 3506 Ἰσμαήλ.
2978 3433 3286 3504 Cujusmodi
3336 3431 3571 3485 videmus

1999 3537 2091 3591 hos
2119 3535 2371 3607 ﬁnitimos
2415 3530 2655 3587 Ismaelis
2701 3538 2952 3598 posteros.
2982 3527 3211 3582 Humilia
3253 3525 3321 3579 de
3364 3520 3570 3576 sanctis

2001 3625 2260 3698 apostolis
2292 3625 2452 3679 Petro
2477 3631 2534 3676 et
2555 3619 2723 3674 Paulo
2746 3617 3030 3688 magniﬁce
3055 3624 3283 3671 exornat
3307 3612 3570 3680 templum

2000 3721 2279 3776 conditum
2302 3717 2370 3771 ab
2396 3716 2721 3784 imperatore
2757 3710 2956 3765 Basilio
2989 3711 3044 3766 in
3073 3707 3276 3763 Palatio
3301 3705 3577 3760 Constan-

2005 3812 2254 3882 tinopoli.
2317 3807 2619 3876 Συνήδομαι
2651 3821 2754 3870 σοι,
2795 3803 2972 3867 πόλις,
3027 3802 3123 3854 καὶ
3183 3800 3287 3864 σοὶ,
3320 3797 3429 3850 θεῖε
3461 3794 3576 3848 τῶν

2001 3901 2315 3970 ἀνακτόρων
2347 3895 2462 3970 [δι]
2486 3893 2863 3951 vaé.Gratulor
2883 3892 3002 3957 tibi,
3029 3891 3228 3952 civitas,
3263 3898 3312 3942 et
3341 3887 3456 3951 tibi,
3479 3902 3576 3939 sa-

2002 4007 2150 4047 crum
2194 3992 2250 4044 in
2289 3987 2507 4042 Palatio
2551 3985 2804 4056 templum
2864 3993 3110 4038 erectum.
3148 3979 3438 4035 Concludit
3466 3978 3576 4033 hoc

2003 4084 2228 4156 palmari
2285 4088 2650 4154 argumento,
2703 4093 2813 4149 quo
2858 4091 2972 4132 rem
3017 4081 3244 4129 omnem‘
3290 4071 3578 4128 evidenter

2003 4175 2254 4230 evincere
2275 4172 2500 4228 conlidit
2525 4190 2540 4226 :
2571 4186 2698 4226 nam
2727 4169 2873 4224 idem
2899 4167 3262 4237 Theophanes
3289 4161 3477 4218 scribit
3503 4160 3579 4215 ad

2003 4267 2262 4322 amussim
2315 4266 2705 4335 imperatores,
2755 4276 2854 4332 pro
2921 4259 3120 4328 quibus
3167 4256 3222 4311 iu
3271 4254 3578 4326 perorando

2003 4360 2174 4414 Deum
2236 4357 2599 4428 deprecatur,
2647 4353 2847 4410 Homil.
2899 4351 2975 4406 De
3027 4350 3213 4404 liamis
3243 4347 3576 4410 Palmarum,

2014 4449 2400 4520 ,Επευχόμςνοι
2423 4448 2484 4502 τδ
2515 4444 2918 4517 θεοφρούρητον
2945 4444 3148 4513 κράτος
3175 4439 3269 4494 τοῦ
3307 4435 3578 4500 εὐσεϐοῦς

335 4541 574 4612 phrastae
603 4539 749 4594 enim
779 4536 1026 4592 meminit
1061 4535 1423 4606 Theophanes
1474 4535 1798 4598 Ceramens,
1844 4539 1893 4588 et

2004 4541 2264 4613 βασιλέως
2280 4538 2436 4610 ἡμῶν
2453 4541 2562 4601 τοῖς
2585 4538 2723 4600 υἱοῖς
2750 4533 2913 4588 αὐτοῦ
2933 4532 3229 4602 διαμένειν,
3256 4529 3578 4592 ἀσάλευτον,

337 4633 570 4690 llomilia
594 4631 662 4688 de
679 4628 882 4686 Lazaro
897 4630 1177 4687 suscitato.
1212 4628 1272 4682 Ὀ
1294 4628 1349 4682 δὲ
1368 4629 1475 4681 τῶν
1492 4627 1901 4698 Μεταφράσεων

336 4725 540 4796 γλυκὺς
583 4723 956 4794 συγγραφεὺς,
1011 4720 1330 4793 παρρησίας
1374 4715 1497 4773 εἶπε
1548 4719 1705 4788 λόγον
1766 4715 1904 4772 εἶναι

335 4815 652 4890 δηλωτικόν.
683 4814 1078 4886 Metaphraseon
1107 4828 1225 4868 vero
1257 4812 1436 4867 suavis
1462 4811 1704 4881 scriptor,
1742 4809 1906 4880 [iden-

340 4923 443 4966 tem
479 4923 544 4963 ac
573 4907 792 4962 liberum
835 4908 1071 4962 animum
1097 4923 1131 4960 a
1171 4917 1408 4960 sermone
1449 4903 1678 4957 indicari
1714 4911 1902 4956 censet.

337 4989 406 5060 Ει
431 5005 486 5059 in
512 5011 706 5075 quarto
752 5003 1034 5060 Matutino.
1082 5001 1244 5058 Ἀλλὰ
1275 5001 1404 5072 περὶ
1453 4999 1656 5054 τούτων
1684 5000 1906 5070 ἄμεινον

337 5095 478 5166 ’ἱμοῦ
512 5095 658 5164 λέγει
683 5095 792 5150 τῶν
816 5085 1228 5166 Μεταφρὰσεων
1247 5097 1276 5149 ό
1300 5093 1505 5162 γλυκὺς
1530 5090 1904 5165 συγγραφεύς.

341 5187 448 5242 Sed
475 5188 539 5242 de
561 5187 639 5242 his
666 5187 871 5254 melius,
899 5203 1059 5259 quam
1086 5202 1178 5253 eqo
1209 5184 1265 5241 id
1302 5187 1516 5256 faciam.
1558 5185 1786 5253 scriptor
1820 5183 1910 5238 ille

339 5279 510 5336 dulcis
538 5279 935 5351 Metaphraseon
955 5279 1186 5336 disserit.
1227 5278 1296 5333 Et
1325 5277 1516 5348 quinto
1544 5295 1559 5333 :
1595 5275 1705 5330 Kal.
1743 5275 1821 5340 ὡς
1843 5273 1910 5329 ἂν

344 5372 420 5446 μὴ
481 5373 576 5428 καὶ
627 5374 787 5444 ἡμεῖς
841 5371 1096 5442 δόξαιμεν
1165 5369 1459 5424 ἁπεοικότα
1525 5368 1908 5440 μαντεύεσθαι,

341 5464 639 5536 ἀξιόχρεων
671 5462 904 5516 ἐνταῦθα
940 5462 1276 5535 παράγωμεν
1316 5463 1565 5533 μάρτυρα
1595 5459 1909 5530 Συμεώνην,

337 5558 432 5612 τὸν
453 5555 552 5620 τὰς
581 5555 966 5628 Μεταφράσεις
997 5551 1054 5610 εὖ
1085 5556 1228 5628 μάλα
1266 5555 1612 5624 συνθέμενον.
1659 5553 1910 5624 Ἀπόχρη

341 5647 434 5704 οὖν
476 5640 632 5712 οὗτος
665 5650 722 5702 ιν
759 5648 839 5720 τῷ
866 5651 945 5712 εἰς
980 5647 1075 5703 τόν
1116 5647 1259 5718 ἱερόν
1299 5647 1514 5701 Λουκᾶν
1561 5646 1913 5718 ὑπομνήματι

343 5739 499 5806 ιτοῦτο
546 5739 884 5812 ποιούμενος.
941 5740 1015 5794 Ac
1057 5757 1120 5794 ne
1166 5753 1256 5794 nos
1301 5739 1464 5792 etiam
1505 5737 1616 5791 sine
1658 5733 1915 5807 probabili

343 5850 503 5896 causa
545 5835 784 5897 divinare
829 5834 956 5892 velle
1001 5834 1289 5899 videamur,
1336 5829 1436 5902 ﬁde
1485 5831 1697 5900 dignum
1733 5841 1908 5887 testem

2003 4635 2102 4688 καὶ
2123 4629 2540 4687 κατευοδοῦσθαι
2571 4628 2673 4682 ὑπὸ
2701 4627 2836 4680 Θεοῦ
2890 4624 2989 4679 τοῦ
3017 4628 3396 4694 κοσμήσαντος
3454 4619 3584 4673 τοῦ-

2002 4741 2097 4778 τον
2147 4723 2331 4794 σοφίᾳ,
2363 4720 2459 4774 καὶ
2487 4718 2710 4788 ἀνδρείᾳ
2747 4713 3009 4785 βασιλικῷ
3023 4714 3327 4784 διαδήματι.
3357 4711 3583 4767 Oremus

2005 4819 2189 4880 etiam,
2224 4825 2280 4869 ut
2297 4812 2520 4884 piissimi
2539 4809 2876 4872 imperatoris
2899 4807 3064 4860 nostri
3087 4807 3366 4874 imperium
3387 4805 3584 4860 divini-

2007 4920 2092 4964 tus
2121 4907 2460 4966 custoditum,
2499 4901 2628 4972 filiis
2642 4900 2804 4955 etiam
2846 4898 2962 4970 ejus
2994 4907 3296 4967 pantaneat
3317 4897 3586 4951 inconcus-

2007 5017 2146 5067 sum,
2177 5009 2238 5054 ut
2263 4999 2524 5062 intendat,
2555 5004 2604 5049 et
2629 5007 2869 5062 prospere
2895 4992 2995 5047 Dei
3014 4991 3171 5045 ductu
3197 4990 3462 5058 procedat,
3493 4989 3587 5060 qui

2009 5095 2146 5146 hunc
2169 5089 2456 5159 sapientia,
2482 5095 2530 5141 et
2561 5085 2888 5156 fortitudine,
2933 5091 2982 5138 et
3019 5082 3359 5150 imperatorio
3397 5081 3586 5136 diade-

2011 5189 2152 5236 mate
2179 5177 2472 5233 exornavit.
2512 5175 2580 5230 Et
2621 5173 2850 5228 Homilia
2901 5171 2971 5227 de
3020 5170 3230 5226 sanctis
3264 5170 3526 5240 apostolis
3567 5186 3583 5224 :

2023 5274 2408 5336 Ἀδιαλείπτως
2443 5271 2724 5340 εὐχόμενοι
2767 5271 2826 5322 ἑν
2865 5267 3087 5330 πολλαῖς
3120 5267 3259 5320 ἑτῶν
3315 5264 3589 5334 περιόδοις

2009 5369 2073 5423 τὸ
2099 5368 2299 5439 κράτος
2327 5362 2784 5432 διαφυλάττεσθαι
2835 5361 2929 5414 τοῦ
2989 5343 3250 5422 εὐσεϐοῦς
3323 5357 3589 5428 βασιλέως

2010 5461 2190 5534 ἡμῶν,
2217 5459 2276 5524 ὃς
2302 5457 2552 5528 εὐσεϐείᾳ
2596 5457 2693 5524 τῆς
2735 5455 2909 5525 ἀρχῆς
2963 5453 3158 5508 ἰθύνων
3207 5451 3336 5516 τοὺς
3371 5451 3588 5515 οἴακας,

2013 5549 2110 5604 καὶ
2139 5549 2316 5616 λόγοις
2338 5546 2558 5615 κοσμῶν
2583 5545 2646 5597 τὺ
2665 5543 2924 5614 διάδημα.
2959 5544 3055 5598 καὶ
3101 5541 3430 5613 χρηστότητι
3457 5540 3587 5609 τρό-

2013 5657 2134 5698 πων
2163 5639 2544 5710 κοσμούμενος
2573 5637 2632 5704 ἐξ
2661 5622 2864 5709 ἀρετῆς
2883 5637 3108 5707 γνήσιον
3137 5635 3252 5705 ἔχει
3289 5635 3380 5687 τὸν
3431 5631 3592 5685 ἐπαι-

2015 5751 2123 5789 νον.
2156 5732 2221 5786 Et
2249 5730 2757 5788 sineintermissione
2771 5729 2934 5783 Deum
2956 5738 3181 5788 oremus.
3213 5733 3268 5778 ut
3299 5740 3393 5793 per
3421 5722 3588 5777 multa

2017 5841 2278 5884 annorum
2319 5823 2494 5895 spatia
2527 5824 2614 5894 pio
2649 5822 2958 5894 imperatori
2981 5829 3156 5876 nostro
3206 5827 3588 5886 conterretpa-
