3826 6460
309 366 375 431 57
946 366 1045 427 DE
1082 364 1429 426 SCRIPTIS
1469 366 1848 427 SYMEONIS
1884 365 1891 424 l

1996 367 2463 429 ΤΑΡΗΒΑΞΤᾸΞ
2502 371 2865 436 DIATRIBA
2881 415 2894 429 .
3483 368 3552 431 b8

289 480 530 540 tentiam,
558 478 649 548 qui
673 478 799 531 dum
834 476 1042 531 clauum
1081 478 1288 546 imperii
1322 495 1412 548 per
1440 481 1688 549 pietatem
1734 479 1863 533 diri-
1890 485 1945 538 Α
1968 496 2117 536 mare
2147 489 2531 553 argumentum
2564 492 2927 538 excutiamus.
2967 482 3118 535 Bona
3156 487 3414 550 precatur
3432 470 3546 535 'lm-

288 577 386 641 git,
415 580 462 623 et
519 585 636 623 cum
689 584 893 621 morum
939 569 1199 637 probitate
1240 579 1457 624 ornatus
1502 571 1611 639 ipse
1638 572 1725 634 sit,
1755 577 1865 622 tum

290 663 451 715 etiam
481 659 729 712 diadema
760 658 1012 712 doctrinis
1042 670 1284 721 exaniat,
1334 677 1514 714 veram
1554 663 1868 732 ingenuam-

290 768 386 822 que
416 751 610 804 obtinet
631 750 862 804 laudem.
894 749 1091 805 Subdit
1114 749 1345 806 Scorsus
1366 770 1379 805 :
1399 753 1530 817 Quis
1555 764 1733 805 autem
1767 761 1862 815 est,

291 843 673 902 obsecro.alius
696 843 780 895 hic
809 843 1113 913 imperator,
1133 845 1223 913 qui
1251 845 1514 912 sapientia
1555 854 1793 907 ornatus,
1821 852 1869 897 et

293 937 534 989 diadema
561 936 804 989 doctrina
839 939 1133 1002 exornavit,
1169 939 1269 991 nisi
1318 937 1422 992 Leo
1466 939 1655 992 Basilii
1692 938 1871 993 Mace-

293 1028 442 1082 donis
471 1027 634 1096 ﬁlius.
673 1030 763 1095 qui
792 1031 1019 1096 sapiens,
1054 1045 1146 1082 seu
1173 1030 1500 1099 philosophus
1531 1030 1595 1084 ab
1625 1031 1864 1085 omnibus

294 1120 634 1185 scriptoribus
649 1122 1065 1189 cognominatur.
1085 1119 1150 1174 Et
1166 1137 1274 1174 rem
1294 1122 1507 1189 insuper
1522 1123 1713 1175 mentio
1737 1123 1872 1189 ﬁlio-

299 1226 413 1262 rum
436 1210 776 1280 imperatoris
788 1228 902 1281 qua?
917 1213 978 1280 [it
1001 1231 1031 1265 ιι
1050 1212 1354 1282 Theophane
1370 1213 1519 1267 valde
1538 1218 1868 1267 corroborat:

299 1299 481 1353 habuit
501 1302 637 1354 enim
661 1301 893 1357 Basilius
921 1304 1128 1373 quidem
1159 1304 1380 1358 Leonem
1403 1305 1555 1367 hanc,
1574 1314 1621 1358 et
1640 1304 1872 1358 Alcman-

301 1391 497 1444 drum:
538 1391 743 1445 addere
786 1402 1001 1462 poterat
1042 1393 1484 1460 Constantinum,
1535 1405 1590 1449 ct
1635 1395 1873 1466 Stepha-

302 1494 465 1545 num;
498 1481 622 1539 Leo.
648 1482 1073 1537 Constantinum.
1100 1484 1391 1544 Prmterea.
1415 1485 1467 1539 id
1501 1485 1644 1539 idem
1680 1487 1875 1555 probat

303 1569 532 1637 epistola
565 1568 745 1625 Phatii
792 1572 1117 1641 patriarcha:
1163 1574 1227 1626 ad
1260 1572 1653 1643 TheOphanem
1686 1589 1876 1629 mona-

303 1661 468 1715 chum
501 1661 662 1716 missa
685 1702 700 1726 ,
736 1679 899 1732 quam
949 1664 1215 1734 integram
1251 1665 1439 1720 Graece
1472 1665 1632 1718 simul
1676 1677 1731 1721 et
1774 1665 1876 1719 La—

306 1750 419 1805 tine
467 1751 793 1821 descriptam
843 1754 1011 1809 edidit
1060 1754 1115 1808 in
1172 1753 1428 1810 Prooemii
1464 1756 1690 1811 secundi
1748 1755 1775 1827 §
1818 1758 1872 1822 5,

305 1862 466 1915 quem
514 1845 906 1916 Theophanem
956 1862 1076 1901 esse
1122 1845 1445 1901 Cerameum
1495 1848 1765 1913 suadent,
1815 1855 1874 1901 ut
1907 1820 1951 1875 Β

308 1935 544 1990 Scorsus
572 1939 864 2007 coniectat,
903 1939 1085 1994 Sicilia
1121 1940 1256 2009 ipsa,
1294 1939 1546 2009 cujusﬁt
1585 1940 1790 1995 mentio
1821 1943 1878 1995 in

306 2025 421 2095 ipsa
451 2028 703 2096 epistola,
733 2045 800 2083 eo
826 2030 969 2099 quod
1005 2046 1127 2084 cum
1159 2031 1277 2084 aliis
1307 2032 1549 2099 epistolis
1576 2048 1681 2086 una
1719 2048 1878 2103 repe-

308 2118 498 2183 riatur,
542 2136 663 2189 qua:
711 2132 766 2177 et
815 2121 1073 2192 Gregorio
1126 2124 1466 2194 Syracusano
1511 2126 1789 2196 episcopo,
1825 2138 1877 2181 et

307 2210 599 2283 Euthymio
646 2213 865 2269 Catana:
910 2217 1301 2286 Metropolitae,
1353 2225 1407 2271 ct
1459 2219 1645 2272 Marco
1694 2219 1880 2275 Siculo

309 2304 527 2374 scripta:
568 2314 716 2369 sunt,
753 2315 807 2359 et
839 2308 1097 2378 temporis
1144 2307 1305 2374 ratio,
1347 2324 1509 2378 quam
1549 2310 1681 2365 dicit
1710 2326 1768 2366 se
1800 2313 1883 2366 in-

310 2404 391 2449 tra
420 2397 670 2452 subtilius
699 2407 1142 2468 supputaturum.
1177 2402 1544 2471 Theophanes
1580 2404 1882 2475 igitur,qui

311 2496 377 2535 eo
403 2491 648 2553 tempore
689 2488 997 2543 monachus
1030 2499 1178 2556 erat,
1214 2500 1401 2560 postea
1434 2493 1500 2546 ad
1535 2494 1775 2563 episcopi
1798 2495 1883 2550 di-

312 2575 570 2645 gnitatcm
599 2592 843 2644 evectus,
873 2580 1147 2637 Zacharias
1186 2582 1289 2638 fuit
1332 2600 1636 2642 successor.
1680 2587 1745 2643 Et
1772 2586 1885 2643 haec

314 2667 532 2736 quidem
564 2668 793 2725 Scorsus
832 2671 1089 2729 Bollando
1120 2688 1426 2745 reponeret.

383 2759 526 2826 Quid
559 2761 753 2817 Scorso
798 2764 1131 2822 Bollaudus?
1164 2769 1359 2834 Pauca,
1394 2770 1489 2826 sed
1519 2787 1616 2840 pro
1660 2787 1739 2827 re.
1777 2772 1889 2828 Me-

319 2851 609 2921 taphrasta:
630 2865 842 2910 astatem
879 2858 980 2912 sub
1013 2858 1229 2925 Leone,
1268 2870 1323 2915 et
1366 2862 1726 2918 Constantino
1770 2865 1889 2933 ejus

319 2945 430 3000 lilio
470 2949 833 3005 certissimam
881 2967 946 3006 ex
988 2951 1167 3009 Psello
1213 2955 1424 3011 haberi.
1468 2955 1690 3012 Frustra
1726 2958 1890 3013 aliam

319 3037 541 3107 inquiri.
592 3038 729 3095 Hinc
768 3043 1109 3112 conjecturas
1149 3060 1341 3100 omnes
1383 3045 1451 3100 de
1483 3054 1643 3100 actate
1689 3045 1885 3101 Theo-

1971 574 2211 643 peraturi
2237 591 2252 640 ;
2284 583 2351 629 et
2374 574 2521 639 ﬁliis,
2552 589 2714 644 quem
2739 573 2875 630 dicit
2904 581 2959 628 et
2984 572 3252 641 sapientia
3272 614 3287 637 ,
3313 582 3368 626 et
3396 571 3520 626 forti

1972 665 2178 731 tudine,
2213 677 2268 720 et
2306 666 2615 721 diademate
2650 665 2826 721 aDeo
2864 672 3209 727 exornatum,
3276 672 3332 717 et
3380 663 3553 733 impe-

1972 758 2109 811 rium
2144 772 2242 827 per
2268 758 2527 827 pietatem
2563 758 2796 827 dirigere
2835 772 2961 812 cum
3005 772 3219 811 morum
3263 756 3550 824 probitate.

1972 856 2085 900 tum
2114 848 2276 901 etiam
2310 847 2894 916 doctrinisprasditum.
2920 844 2976 899 id
3005 847 3100 910 ait,
3125 860 3411 915 nonnego.
3438 843 3549 899 Leo

1973 941 2268 1010 imperator
2298 940 2401 994 fuit
2455 941 2658 1010 pietate
2714 948 2771 994 et
2808 939 3073 993 doctrinis
3120 938 3368 1007 insignis,
3417 938 3555 991 adeo

1975 1042 2034 1086 ut
2086 1030 2358 1101 Sapientis
2412 1039 2839 1099 cognomentum
2886 1030 2989 1084 sibi
3033 1029 3305 1082 asciverit.
3347 1027 3552 1082 Verum

1974 1128 2077 1174 est.
2118 1120 2261 1188 Ergo
2301 1121 2369 1173 de
2413 1119 2597 1174 Leone
2647 1119 2979 1188 imperatore
3021 1116 3184 1171 verba
3226 1116 3314 1169 illa
3359 1115 3555 1169 intelli.

1974 1212 2145 1284 genda
2179 1221 2326 1265 sunt.
2357 1210 2469 1265 Hoc
2525 1226 2655 1266 vero
2708 1224 3075 1279 nequaquam.
3132 1207 3417 1274 Nunquam
3468 1206 3544 1270 id,

1976 1304 2079 1357 nisi
2109 1304 2385 1358 dormiens
2405 1302 2706 1358 alﬁrmabo.
2731 1303 3050 1370 Imperator,
3075 1299 3167 1370 qui
3194 1299 3332 1353 ﬁlios
3359 1298 3551 1357 habet.

1974 1396 2066 1450 ille
2096 1404 2200 1461 est,
2233 1396 2325 1466 qui
2366 1404 2422 1450 et
2451 1396 2764 1460 virtutibus,
2812 1402 2869 1449 et
2912 1392 3215 1463 disciplinis
3261 1392 3445 1461 pollet.
3494 1388 3554 1444 Si

1975 1489 2041 1545 de
2066 1487 2246 1543 Leone
2288 1487 2555 1558 intelligas
2597 1486 2795 1541 falsum
2826 1495 2947 1540 est:
2982 1484 3235 1554 quamvis
3277 1483 3426 1537 enim
3457 1482 3551 1538 ille

1975 1594 2032 1639 et
2065 1585 2284 1654 pietate.
2329 1592 2386 1637 et
2415 1582 2663 1637 doctrina
2700 1580 2975 1643 excelluit,
3045 1593 3326 1646 nunquam
3375 1587 3559 1631 tamen

1978 1676 2120 1731 ﬁlios
2160 1675 2419 1731 habuisse
2455 1674 2721 1729 dicendus
2761 1681 2867 1733 est.
2908 1671 3003 1741 qui
3036 1672 3200 1725 unico
3220 1678 3428 1723 tantum
3468 1683 3559 1722 su-

1978 1767 2225 1835 perstite,
2270 1779 2445 1834 eoque
2487 1763 2716 1833 puerulo
2759 1762 2939 1816 adhuc
2985 1760 3349 1816 Constantino
3390 1758 3558 1811 vitam

1979 1858 2140 1913 ﬁniit.
2167 1856 2253 1911 An
2286 1871 2395 1911 non
2432 1854 2695 1909 insaniret
2731 1851 3132 1921 Theophanes,
3171 1850 3447 1921 probeque
3491 1848 3562 1903 ab

1978 1947 2345 2015 imperatore,
2380 1944 2610 2014 aliisque
2643 1942 2996 2005 irrideretur,
3035 1941 3204 1996 ﬁlium
3251 1939 3472 1993 unicum
3505 1939 3560 1991 in

1979 2036 2139 2097 ﬁlios.
2170 2046 2372 2103 eosque
2404 2033 2588 2103 plures
2617 2030 2969 2101 discerpena?
3014 2029 3071 2083 Si
3114 2031 3182 2085 de
3220 2028 3420 2083 Basilio
3457 2027 3565 2082 fal-

1980 2143 2100 2182 sum
2127 2141 2344 2197 quoque
2368 2134 2489 2190 est;
2524 2123 2773 2194 quamvis
2806 2123 2951 2178 enim
2984 2122 3074 2176 ille
3106 2121 3245 2175 ﬁlios
3281 2119 3560 2184 habuerit,

1982 2235 2259 2291 nunquam
2308 2227 2491 2273 tatnen
2538 2234 2662 2274 eum
2710 2226 2766 2272 et
2812 2216 3058 2271 doctrinm
3095 2254 3110 2278 ,
3159 2224 3216 2269 et
3261 2212 3567 2282 disciplinis

1982 2321 2269 2382 praestasse
2297 2311 2467 2366 dices.
2514 2310 2566 2364 ls
2596 2315 2700 2364 arti
2743 2308 2962 2364 militari
3001 2306 3241 2367 deditus.
3278 2315 3333 2359 et
3365 2318 3565 2373 corpo-

1986 2403 2061 2457 ris
2088 2403 2295 2458 viribus
2326 2411 2618 2467 strenuus,
2666 2417 2777 2456 non
2832 2400 3107 2466 doctrina,
3161 2405 3257 2451 aut
3298 2395 3567 2464 sapientia

1986 2495 2243 2550 innotuit.
2278 2494 2343 2548 Et
2370 2496 2499 2551 licet
2534 2495 2636 2550 sub
2660 2495 2781 2564 ejus
2811 2492 3032 2548 nomine
3079 2501 3131 2546 et
3172 2489 3351 2559 capita
3395 2503 3569 2557 parte-

1986 2588 2163 2642 netica
2196 2587 2265 2642 ad
2292 2586 2525 2642 Leonem
2559 2586 2751 2649 ﬁlium.
2801 2594 2858 2639 et
2895 2583 3155 2639 nonnulla
3205 2581 3308 2634 alia
3340 2584 3575 2635 circum-

1987 2679 2254 2743 ferantur,
2302 2693 2415 2733 non
2458 2688 2749 2749 propterea
2791 2676 3090 2747 Sapientis.
3121 2677 3209 2732 vel
3250 2673 3569 2743 Philosophi

1989 2768 2093 2823 sibi
2129 2784 2329 2823 nomen
2369 2783 2559 2822 eorum
2602 2777 2793 2823 auctor
2830 2767 3146 2824 vindicabit.
3195 2767 3376 2833 Quare
3417 2774 3571 2820 certo

1991 2860 2195 2917 certius
2224 2861 2685 2926 concludendum,
2715 2860 3110 2930 TheOphanem
3143 2876 3253 2914 non
3282 2858 3564 2927 deprecari

1992 2951 2185 3017 Deum,
2233 2969 2413 3023 neque
2451 2967 2550 3021 pro
2582 2951 2800 3016 Basilio,
2848 2952 2940 3022 qui
2983 2951 3289 3021 disciplinis
3321 2964 3573 3004 exorna-

1995 3053 2083 3099 tus
2111 3058 2222 3097 non
2265 3042 2387 3109 iuit,
2418 3057 2597 3112 neque
2637 3050 2736 3112 pro
2776 3041 2981 3105 Leone,
3011 3041 3104 3111 qui
3148 3041 3292 3095 ﬁlios
3330 3055 3440 3094 non
3482 3038 3581 3092 ha-

321 3129 517 3197 phanis
559 3132 736 3187 nullas
782 3149 921 3188 esse.
960 3136 1176 3191 Etenim
1232 3137 1276 3191 si
1321 3135 1688 3208 Theophanes
1725 3137 1965 3215 Meta—C
1999 3136 2136 3191 buit.
2166 3135 2243 3191 De
2266 3135 2498 3206 epistola
2528 3135 2707 3190 Photii
2750 3133 2818 3207 ad
2864 3132 3279 3203 Theophanem,
3324 3131 3460 3186 nihil
3496 3138 3581 3185 est

320 3221 543 3292 pbraste
587 3227 859 3282 recentior
883 3238 987 3292 est,
1025 3240 1083 3284 ut
1109 3231 1265 3301 plane
1292 3240 1398 3298 est,
1426 3248 1551 3286 cum
1578 3232 1694 3302 ipse
1722 3232 1891 3287 Meta-

321 3315 578 3386 phrastte,
622 3329 877 3390 tanquam
910 3321 1256 3392 antiquioris,
1297 3334 1353 3380 et
1401 3326 1739 3382 auctoritatis
1778 3326 1890 3395 jam

323 3408 519 3464 adulta:
564 3413 876 3470 meminerit
918 3434 933 3470 :
983 3425 1040 3471 et
1089 3416 1487 3486 Metaphrastes
1542 3417 1737 3471 vixerit
1793 3416 1894 3470 sub

325 3500 507 3558 Leone
561 3513 619 3559 et
671 3507 1051 3575 Constantino,
1104 3525 1333 3565 necesse
1376 3519 1462 3566 est
1507 3509 1895 3581 TheOphanem

325 3593 631 3650 subsecutis
700 3599 1033 3667 temporibus
1112 3609 1325 3655 aetatem
1386 3600 1581 3671 egisse,
1628 3614 1898 3669 rucreque

326 3688 507 3743 omnia
537 3687 744 3756 Scorsi,
773 3691 972 3761 quibus
1006 3690 1352 3763 Theophanis
1370 3701 1586 3747 aetatem
1611 3692 1714 3747 sub
1747 3692 1899 3747 Basi-

327 3776 398 3833 lio
421 3791 478 3834 ct
512 3778 690 3834 Leone
718 3783 1056 3843 constabilit.
1090 3792 1145 3838 et
1174 3783 1439 3839 terminos
1479 3782 1601 3838 illos
1627 3797 1895 3837 annorum

328 3870 832 3937 intercurrentium,
857 3873 973 3948 [6:2]
1012 3876 1159 3939 inter
1195 3891 1331 3945 quos
1380 3874 1768 3946 Theophanem
1816 3875 1897 3928 vi-

331 3964 473 4020 xisse
500 3979 711 4027 censet.
742 3967 890 4023 leves
919 3982 1075 4029 esse.
1112 3983 1181 4023 ne
1223 3967 1354 4038 quid
1390 3968 1548 4037 pejus
1583 3967 1781 4022 dicam.
1832 3968 1902 4022 At

330 4052 513 4109 ﬂoruit
571 4067 699 4112 ante
751 4056 1172 4112 Tauromenium
1236 4066 1452 4128 captum
1501 4074 1533 4112 a
1594 4056 1899 4124 Saracenis,

331 4147 477 4216 quod
503 4157 720 4218 captum
750 4149 853 4203 fuit
882 4151 985 4205 sub
1013 4150 1214 4205 Leonis
1245 4150 1425 4224 Basilii
1467 4149 1778 4206 Macedonis
1807 4150 1904 4207 ﬁlii

333 4238 562 4310 imperio
596 4257 610 4293 :
641 4255 769 4295 cum
806 4239 1156 4296 Tauromenii
1200 4242 1518 4298 concionem
1555 4243 1765 4299 habens
1807 4258 1906 4298 vo-

333 4335 421 4383 cct
460 4326 764 4385 Saracenos
814 4330 1080 4384 conﬁnes.
1129 4329 1294 4385 Plura
1339 4329 1427 4385 hic
1466 4330 1745 4400 probanda
1786 4329 1908 4385 lue-

335 4429 480 4486 rant,
524 4422 844 4477 concionem
884 4422 1031 4478 illam
1072 4421 1420 4478 Tauromenii
1463 4423 1703 4478 habitam
1734 4437 1750 4476 :
1780 4438 1906 4477 cum

1999 3227 2144 3296 quod
2176 3227 2373 3294 dicam,
2407 3229 2498 3298 qui
2540 3227 2687 3281 enim
2728 3226 2969 3281 scribere
3005 3224 3181 3295 potuit
3219 3223 3448 3279 Photius
3479 3225 3582 3278 sub

1999 3320 2202 3376 Basilio
2239 3319 2555 3389 Theophani
2586 3320 2850 3375 Cerameo
2873 3358 2887 3381 ,
2922 3318 3015 3387 qui
3059 3317 3394 3372 mentionem
3447 3315 3581 3370 facit

1999 3414 2381 3483 Metaphrastae
2397 3412 2690 3467 subLeone
2722 3410 2917 3465 Basilio
2950 3410 3059 3463 lilio
3081 3448 3096 3471 ,
3132 3417 3191 3463 et
3221 3407 3583 3462 Consmntino

2000 3512 2199 3573 nepote
2228 3504 2391 3556 vitam
2428 3502 2656 3570 agentis,
2706 3499 2813 3552 nisi
2847 3512 3029 3552 rerum
3062 3496 3311 3551 ordinem
3342 3496 3585 3551 inverta-

1998 3593 2157 3650 mus?
2181 3593 2369 3648 Fuerit
2386 3606 2451 3647 co
2470 3603 2712 3660 tempore
2743 3587 3031 3644 etMarcus
3046 3587 3283 3653 Siculus,
3302 3596 3356 3642 et
3378 3587 3586 3657 Euthy-

2000 3689 2142 3744 mius
2176 3685 2393 3741 Catanaz
2437 3683 2807 3755 metropolita,
2856 3690 2912 3738 et
2955 3680 3251 3749 Gregorius
3288 3678 3587 3751 Syracusa-

2001 3794 2128 3844 nus,
2154 3779 2222 3833 ad
2254 3793 2394 3848 quos
2435 3777 2626 3831 scribit
2659 3776 2889 3830 Photius
2925 3792 2940 3829 :
2973 3773 3139 3829 luerit
3162 3781 3219 3827 et
3260 3773 3361 3828 iste
3410 3770 3590 3825 Theo-

2004 3870 2215 3941 phanes
2252 3868 2573 3931 monachus,
2604 3881 2734 3937 ergo
2768 3882 2836 3920 ne
2862 3867 3045 3920 statim
3078 3863 3180 3919 iste
3215 3861 3592 3932 TbeOphaues

2004 3965 2112 4019 erit
2138 3960 2726 4028 Cerameusille,cujus
2746 3958 2858 4033 [65]
2884 3960 3002 4016 istae
3030 3958 3282 4016 llomilias
3314 3955 3590 4026 leguntur,

2005 4064 2062 4111 ct
2085 4054 2229 4124 quod
2257 4053 2428 4124 magis
2455 4060 2562 4111 est.
2597 4051 2874 4106 Zacharim
2899 4050 3222 4106 successor!

2078 4147 2328 4213 Quonam
2357 4160 2488 4216 ergo
2515 4153 2761 4215 tempore
2789 4143 2926 4199 vixit
2967 4140 3376 4212 Theophanes?
3429 4136 3595 4205 Quie-

2007 4248 2092 4296 rat
2121 4240 2209 4296 cui
2268 4238 2528 4310 placitum
2591 4245 2699 4293 est.
2757 4235 2902 4292 Satis
2936 4235 3011 4291 sit
3048 4233 3212 4291 nobis
3264 4230 3593 4296 ostendisse,

2007 4348 2132 4389 eum
2171 4332 2353 4387 Basilii
2404 4329 2731 4395 Macedonis,
2782 4337 2840 4383 et
2898 4327 3098 4383 Leonis
3146 4326 3294 4382 illius
3356 4322 3454 4380 ﬁlii
3482 4338 3602 4378 ωηο

2008 4426 2178 4482 multo
2209 4423 2565 4495 posteriorem
2598 4436 2742 4476 esse.
2771 4419 2838 4474 Et
2861 4434 3024 4488 quam
3070 4417 3188 4487 ipse
3219 4430 3280 4472 se
3325 4413 3604 4470 invenisse

336 4512 631 4567 concioilla
659 4512 960 4567 habebatur
981 4555 996 4579 ,
1022 4514 1267 4568 nondum
1293 4513 1719 4568 Tauromenium
1750 4528 1782 4568 a
1804 4512 1908 4566 Sa-
1937 4517 1983 4573 ι)
2014 4518 2301 4592 proﬁtetur
2345 4517 2577 4572 seorsus
2606 4514 2986 4584 metaphrastae
3014 4518 3230 4566 aetatem
3276 4507 3415 4563 adeo
3455 4505 3602 4562 anti-

286 4672 291 4677 δ
337 4604 551 4659 racenis
569 4605 848 4659 subactum
872 4605 1059 4661 fuisse.
1083 4605 1501 4675 'l‘auromepium
1546 4605 1715 4660 semel
1741 4619 1905 4659 Occu-

290 4695 298 4745 ξ
336 4706 522 4766 patum
558 4713 588 4749 a
622 4696 928 4760 Saracenis,
982 4712 1261 4766 nunquam
1309 4712 1339 4750 ει
1370 4695 1697 4749 Christianis
1748 4710 1907 4750 recu-

337 4792 609 4855 peratdm.
649 4801 770 4856 qua:
803 4800 905 4840 nec
946 4786 1173 4855 probata
1200 4794 1347 4849 sunt,
1380 4799 1483 4839 nec
1518 4800 1754 4853 unquam
1781 4799 1910 4854 pro—

337 4875 455 4930 bari
489 4885 761 4945 poterunt.
790 4874 967 4943 Quare
987 4886 1213 4946 potuere
1236 4891 1359 4930 esse
1388 4876 1642 4931 Saraceni
1667 4874 1909 4942 ﬁnitimi,

338 4967 431 5021 sed
458 4982 564 5021 non
596 4967 958 5021 Tauromenio
980 5008 994 5034 ,
1038 4967 1132 5021 sed
1165 4967 1321 5032 urbi,
1358 4967 1410 5019 in
1448 4982 1554 5035 qua
1595 4965 1713 5036 ipse
1752 4980 1914 5036 pero-

337 5058 510 5124 rabat,
540 5074 591 5114 et
609 5075 891 5130 perorasse
923 5060 1311 5130 TheOphanem
1344 5060 1399 5114 in
1414 5060 1532 5114 aliis
1564 5060 1787 5115 urbibus
1804 5075 1915 5114 non

337 5170 450 5208 uno
475 5153 725 5223 exemplo
753 5152 894 5210 idem
939 5152 1168 5210 Scorsus
1195 5154 1460 5224 probavit.
1512 5153 1603 5208 Sic
1650 5152 1916 5209 ﬁnitimos

338 5260 459 5300 esse
483 5261 588 5299 noa
622 5254 831 5303 tantum
859 5245 1001 5309 urbi,
1032 5245 1086 5299 in
1116 5261 1222 5315 qua
1244 5261 1453 5310 sumus,
1486 5246 1787 5316 proximos,
1819 5245 1916 5300 sed

339 5352 435 5391 eos
464 5338 650 5403 etiam,
684 5337 776 5407 qui
806 5337 1102 5407 provincia:
1123 5378 1138 5401 ,
1172 5337 1227 5391 in
1259 5354 1364 5406 qua
1402 5353 1612 5403 sumus,
1647 5347 1703 5392 et
1743 5339 1919 5408 impe-

339 5427 406 5482 rii
434 5428 698 5483 limitibus
742 5429 1008 5497 adjacent.
1048 5430 1124 5482 ita
1160 5424 1349 5484 Turcae
1380 5428 1588 5484 ﬁnitimi
1631 5439 1761 5484 sunt
1808 5428 1920 5484 Ita-

339 5518 446 5583 lite,
495 5527 549 5573 et
597 5517 793 5574 Siciliae
837 5518 1096 5583 Africani,
1150 5528 1204 5573 et
1256 5519 1494 5574 l’oloniae
1551 5519 1785 5589 Tartari.
1844 5520 1922 5576 De

342 5613 546 5682 templo
604 5611 927 5667 Sanctorum
988 5611 1372 5683 Apostolorum
1432 5612 1485 5667 in
1546 5612 1750 5683 palatio
1777 5615 1917 5668 nihil

340 5713 448 5759 est.
467 5704 584 5759 Non
610 5722 750 5762 unus
773 5704 1002 5761 Basilius
1024 5705 1076 5761 id
1104 5706 1277 5761 solum
1299 5716 1527 5761 conatus
1558 5717 1660 5764 est.
1685 5707 1752 5762 Ει
1770 5707 1922 5763 πόλιν

342 5813 410 5857 co
449 5797 571 5855 loco
611 5798 925 5872 Byzantium
955 5799 1075 5875 quis
1121 5799 1303 5857 dicet?
1349 5799 1738 5859 Verumtamen
1808 5804 1923 5877 pal-

2016 4627 2202 4683 quam,
2233 4620 2295 4664 ut
2327 4626 2357 4663 a
2383 4608 2561 4664 Psello
2576 4606 2792 4663 seniore
2820 4602 3033 4660 laudari
3064 4600 3329 4673 potuerit,
3359 4598 3601 4654 fabulam

2017 4720 2159 4761 esse.
2186 4704 2295 4758 Sed
2330 4717 2401 4758 ne
2451 4702 2509 4755 in
2558 4706 2881 4770 argumento
2927 4704 3036 4750 tam
3079 4694 3224 4749 serio
3259 4692 3433 4763 jejuni
3483 4706 3607 4747 esse

2018 4798 2329 4861 videamur,
2380 4809 2493 4850 non
2521 4791 2754 4848 aliud-in
2785 4790 3013 4861 gratiam
3043 4787 3410 4843 studiosorum
3464 4782 3603 4838 aﬂ‘e-

2019 4904 2224 4954 remus,
2246 4902 2408 4958 quam
2440 4885 2584 4957 quod
2619 4885 2733 4955 ipse
2769 4883 2997 4938 Scorsus
3023 4878 3330 4937 convellere
3356 4885 3608 4942 conatur,

2022 4990 2080 5038 et
2144 4981 2202 5035 in
2247 4980 2432 5045 aliam,
2478 4988 2647 5047 atque
2696 4975 2856 5029 aliam
2917 4972 3245 5028 sententiam
3296 4968 3607 5024 traducere.

2022 5073 2086 5128 In
2112 5070 2336 5127 homilia
2360 5069 2504 5124 dicta
2529 5067 2621 5122 die
2647 5064 2931 5127 Dominico
2962 5062 3273 5118 Palmarum
3309 5057 3599 5128 inscriptio

2024 5163 2139 5218 illa.
2218 5160 2442 5231 Ἐλέχθη
2492 5159 2551 5212 δὲ
2621 5158 2853 5212 ἐνώπιον
2904 5154 3000 5208 τοῦ
3072 5153 3241 5224 me;
3312 5149 3610 5218 'Poyspiou.

2025 5256 2164 5310 dicta
2204 5262 2279 5307 est
2327 5262 2583 5322 prasente
2628 5267 2748 5322 rege
2775 5248 3020 5319 Roget-io,
3060 5245 3310 5316 quamvis
3342 5259 3373 5300 a
3399 5242 3613 5298 duobus

2031 5346 2314 5404 codicibus
2338 5332 2643 5400 (Gallicanis
2671 5340 2837 5406 absit,
2867 5337 3128 5408 recipitur
3142 5345 3327 5391 tamen
3359 5335 3430 5390 ab
3454 5335 3616 5388 innu-

2029 5437 2194 5494 meris
2245 5437 2366 5491 aliis
2412 5432 2818 5503 manuscriptis,
2854 5441 3114 5500 tanquam
3150 5427 3371 5497 antiqua
3421 5433 3477 5480 et
3521 5439 3615 5495 ge-

2031 5528 2216 5593 nuina,
2258 5527 2387 5582 licet
2407 5528 2461 5581 in
2488 5524 2761 5594 aliquibus
2787 5522 2866 5578 ita
2897 5519 3175 5590 descripta
3197 5518 3287 5580 sit,
3319 5524 3379 5571 nt
3412 5529 3611 5570 nomen

2032 5618 2250 5688 Roget-ii
2294 5633 2390 5689 per
2442 5615 2829 5687 compendium
2883 5611 3098 5685 signet:
3152 5621 3389 5680 namque
3427 5606 3614 5676 expri-

2034 5710 2200 5766 mitur
2256 5708 2310 5764 in
2357 5708 2499 5763 linea
2579 5708 2699 5778 ρογ.
2752 5718 2916 5774 supra
2982 5699 3237 5757 lineolam
3313 5711 3612 5768 expensam

2034 5801 2375 5877 apertissime
2398 5815 2457 5853 ου
2484 5795 2814 5873 agnoscitur.
2862 5790 3018 5859 Quod
3059 5788 3262 5845 indicat
3307 5788 3451 5891 inter
3501 5787 3615 5856 pri.
