3826 6492
194 372 265 438 59
1519 370 1793 434 LEOle
1831 370 2138 432 ALLATII
3379 358 3450 426 60

195 506 313 543 tuas
336 488 549 545 litteras
570 488 625 544 in
665 489 832 555 linea,
855 497 911 545 et
934 489 1076 545 alias
1103 504 1271 561 supra
1311 488 1368 546 in
1388 490 1564 562 spatio
1592 491 1766 546 medio

1876 490 1997 545 aliis
2041 487 2434 554 circumvestit,
2476 499 2769 558 reponens,
2800 484 2996 555 ἐλέχθη
3014 481 3073 537 δὲ
3102 482 3161 536 ἐν
3190 484 3257 553 τῇ
3290 482 3451 554 ρόγᾳ,

192 579 397 649 aliquid
440 580 650 643 deesse,
673 580 902 650 ideoque
945 581 1089 636 facili
1138 581 1356 650 negotio
1407 581 1671 652 suppleri,
1722 581 1768 636 si

193 681 412 726 extento
452 670 725 741 Ῥογερίου
790 687 991 727 nomen
1023 673 1304 743 proferas:
1363 689 1490 728 nam
1519 674 1565 729 si
1609 674 1769 744 ρόγου

194 766 469 830 enuntias,
497 766 688 820 miram
713 766 998 837 scriptoris
1044 768 1581 832 inconsiderantiam,
1607 777 1769 839 atque

193 857 453 925 ineptiam
498 858 875 926 deprehendes
922 859 1015 928 qui
1048 860 1198 914 nullo
1245 859 1445 924 fructu,
1483 869 1538 914 et
1578 868 1638 914 ut
1696 861 1769 914 ita

190 946 388 1009 dicam,
442 945 743 1001 litterarum
791 947 1003 1003 faenore
1042 964 1242 1004 nomen
1299 947 1430 1003 illud
1461 964 1525 1003 ea
1558 949 1771 1004 ratione

198 1038 526 1102 decurtavit,
589 1040 738 1108 quod
770 1050 986 1110 poterat
1022 1040 1236 1097 facilius
1280 1041 1469 1095 eadem
1519 1040 1770 1094 lincain-

191 1137 403 1199 tegrum
454 1131 786 1201 exprimere.
836 1132 972 1186 Tum
1008 1133 1153 1187 enim
1191 1132 1413 1187 nomina
1451 1131 1522 1186 ita
1571 1132 1769 1186 decur-

198 1231 408 1289 tantur,
456 1232 516 1277 ut
564 1224 760 1277 littera:
801 1223 936 1279 alias
972 1225 1030 1278 in
1061 1224 1201 1278 linea
1231 1225 1345 1294 pari
1372 1224 1766 1294 exprimendae,

189 1314 594 1382 quodammodo
654 1315 973 1385 interceptae
1028 1330 1098 1370 ex
1133 1313 1313 1370 indice
1364 1315 1658 1383 superioris
1700 1315 1772 1370 li-

191 1405 384 1468 ncolae,
411 1414 466 1461 et
510 1404 814 1461 litterarum
834 1406 1057 1476 integra:
1087 1406 1392 1461 habeantur
1425 1424 1438 1461 :
1474 1405 1618 1477 quod
1644 1406 1704 1461 ﬁt
1739 1421 1772 1461 a

192 1497 553 1567 scriptoribus
580 1501 664 1553 vel
692 1514 817 1553 cum
851 1499 1034 1569 inopia
1072 1498 1264 1570 papyri
1296 1507 1475 1570 urget,
1512 1500 1598 1555 vel
1626 1507 1769 1554 tem-

192 1603 295 1656 pus
327 1587 493 1642 breve
521 1604 703 1644 moras
728 1588 987 1644 sollicitat
1014 1608 1027 1642 :
1062 1590 1265 1659 saepius
1303 1590 1466 1644 etiam
1495 1589 1563 1644 ad
1596 1590 1772 1659 scrip-

197 1685 332 1731 tura:
360 1676 807 1740 concinnitatem,
855 1687 911 1730 et
948 1677 1296 1748 elegantiam,
1327 1684 1383 1730 et
1423 1675 1770 1745 potissimum

193 1766 417 1832 Graecae,
441 1784 563 1838 qua:
616 1769 889 1823 similibus
915 1768 1221 1823 litterarum
1248 1767 1534 1832 tractibus,
1570 1775 1627 1821 et
1678 1765 1772 1820 de-

1875 581 1960 637 vel
2004 580 2252 637 fortassis
2282 579 2513 634 ὲνώπιον
2560 579 2661 649 τῆς
2696 577 2886 649 ρόγας,
2927 591 2986 632 re
3031 575 3148 645 ipsa
3180 583 3235 629 et
3262 574 3447 629 distri—

1872 669 2096 725 butione
2153 684 2440 724 munerum
2510 683 2611 738 pro
2685 674 2963 722 conventu
2993 704 3009 727 ,
3080 677 3448 732 consessuque

1876 768 2095 830 sumpta
2123 778 2136 815 :
2170 760 2317 830 quod
2349 760 2418 814 ab
2450 757 2845 830 ignorantibus,
2894 755 3025 826 quid
3073 755 3178 810 sibi
3228 754 3360 809 velit
3390 755 3450 807 ὲν

1871 855 1938 923 τῇ
1978 853 2138 923 ρόγᾳ,
2200 853 2283 907 vel
2316 853 2498 921 ρόγου,
2526 858 2582 907 et
2620 850 3018 906 hariolantibus
3074 863 3277 903 nomen
3313 846 3449 903 illud

1871 958 1993 997 csse
2024 945 2243 999 concise
2268 945 2530 1013 scriptum
2569 959 2669 1013 pro
2711 943 2988 1013 Ῥογερίου
3019 940 3237 995 titulum
3270 940 3448 1009 ipsum

1872 1034 2145 1089 addidisse
2178 1034 2272 1088 τοῦ
2309 1036 2495 1105 ρηγός.
2540 1036 2670 1101 Quae
2690 1036 2761 1089 ita
2792 1034 2954 1088 velim
2978 1050 3009 1087 a
3034 1033 3334 1088 lectoribus
3355 1047 3449 1087 ac-

1873 1134 2051 1195 cepta,
2085 1135 2143 1179 ut
2169 1141 2234 1179 ex
2269 1127 2355 1181 his
2386 1127 2514 1181 illud
2558 1142 2616 1182 se
2647 1127 2786 1181 scire
2813 1125 3152 1196 profiteatur,
3190 1140 3297 1179 non
3327 1140 3449 1180 esse

1874 1232 1993 1271 cam
2038 1215 2326 1272 Homiliam
2379 1218 2448 1273 ad
2495 1218 2713 1289 Rogerii
2760 1227 3003 1287 tempora
3062 1216 3447 1280 referendam;

1873 1318 2068 1363 caetera
2116 1310 2184 1363 de
2222 1310 2542 1381 epigraphe,
2585 1320 2645 1364 ut
2682 1310 2985 1381 excogitata
3026 1324 3058 1365 a
3082 1317 3229 1365 seet
3252 1309 3450 1380 opina-

1873 1409 1925 1455 ta
1953 1416 2061 1454 non
2099 1401 2397 1470 explorata,
2424 1412 2585 1472 atque
2618 1414 2897 1472 comperta
2935 1402 3066 1458 dici.

1945 1489 2170 1546 Subtilis
2194 1500 2297 1556 est,
2330 1501 2385 1546 et
2417 1493 2550 1547 satis
2578 1502 2736 1548 acuta
2767 1492 2987 1564 Rogerii
3020 1493 3074 1547 in
3127 1492 3312 1565 ρόγου,
3358 1493 3447 1547 vel

1875 1582 2041 1653 ρὁας
2074 1583 2421 1638 immutatio:
2459 1593 2519 1638 ut
2550 1594 2761 1639 tantum
2809 1587 3156 1655 antiquitatis
3195 1594 3450 1642 servetur

1872 1676 2193 1748 Theophani
2222 1679 2324 1732 sub
2348 1676 2568 1742 Basilio,
2625 1689 2680 1734 et
2710 1680 2912 1735 Leone.
2957 1681 3087 1733 Eam
3116 1674 3297 1735 tamen
3323 1681 3449 1734 nul-

1872 1767 1978 1821 lam
2016 1782 2163 1833 esse,
2207 1777 2267 1822 ut
2304 1769 2519 1838 opinor,
2562 1786 2684 1824 cum
2742 1786 2907 1840 supra
2958 1771 3176 1825 abunde
3213 1757 3449 1825 demon-

191 1861 421 1916 curtatis
464 1852 690 1933 syllabis
727 1869 1069 1917 venustatur.
1103 1859 1287 1915 Scorsi
1337 1859 1604 1914 machina:
1640 1874 1770 1913 exa-
1796 1847 1846 1907 B
1873 1868 2104 1914 stratum
2146 1860 2238 1923 sit,
2270 1862 2417 1916 nulla
2446 1877 2611 1917 causa
2648 1862 2831 1927 fuerit,
2868 1871 2932 1917 ut
2961 1863 3105 1918 vires
3138 1863 3343 1934 ingenii
3380 1865 3448 1918 ad

192 1953 473 2008 minantur
509 1972 522 2009 :
554 1954 772 2025 Rogerii
802 1953 947 2026 regis
972 1962 1217 2022 tempore
1241 1951 1768 2006 Tauromenitanum

190 2047 505 2117 episcopum
529 2046 799 2110 ﬂoruisse,
829 2045 917 2102 vel
949 2043 1113 2101 etiam
1150 2043 1323 2098 fuisse
1355 2043 1413 2097 in
1446 2042 1635 2098 Sicilia
1663 2057 1765 2098 ne-

192 2154 284 2194 mo
307 2140 524 2206 dixerit,
555 2140 640 2195 vel
682 2140 906 2206 lectum,
945 2139 1033 2195 vel
1061 2139 1347 2203 traditum,
1378 2139 1542 2195 modo
1590 2139 1767 2195 histo-

194 2231 397 2285 riarum
430 2230 684 2298 lectione,
717 2241 773 2286 et
817 2231 1121 2301 praesertim
1155 2230 1523 2286 Siciliensium
1581 2245 1766 2286 rerum

192 2323 471 2394 paululum
497 2323 569 2377 sit
620 2322 884 2378 imbutus.
916 2322 1118 2378 Probat
1158 2322 1472 2378 testimonio
1521 2321 1767 2377 Gaufridi

192 2415 477 2470 Malaterra
526 2429 715 2470 eorum
765 2424 1074 2485 temporum
1099 2414 1402 2484 scriptoris,
1433 2415 1524 2485 qui
1560 2414 1615 2468 in
1669 2429 1766 2471 sua

193 2506 433 2561 Historia
462 2508 628 2562 unius
662 2516 874 2562 tantum
917 2505 1291 2562 Panormitani
1319 2507 1765 2577 archiepiscopa-

192 2607 282 2654 tus
317 2599 716 2656 restitutionem
768 2616 801 2656 a
840 2598 1073 2671 Rogerio
1097 2601 1323 2665 comite,
1380 2610 1435 2657 et
1463 2599 1602 2656 duce
1659 2599 1767 2656 Bo-

194 2692 352 2747 berto
383 2702 797 2748 commemorat.
857 2691 960 2758 Qui
991 2709 1123 2747 sane
1167 2708 1287 2747 cum
1339 2701 1451 2747 tam
1485 2691 1768 2763 diligenter

192 2797 373 2835 eorum
428 2792 720 2852 temporum
749 2783 1229 2853 Iactandescribat,
1280 2784 1325 2837 is
1355 2784 1472 2853 quis
1508 2783 1644 2837 alius
1697 2783 1765 2837 ab

191 2869 288 2923 illa
314 2869 463 2924 clade
490 2870 768 2926 incolumis
812 2873 1060 2926 evasisset
1090 2874 1384 2944 episcopus,
1417 2872 1589 2927 dicere
1624 2882 1766 2928 certe

190 2975 294 3015 non
311 2961 588 3016 omisisset.
622 2960 903 3017 Siluerunt
921 2963 1161 3019 Thomas
1190 2962 1461 3028 Facellus,
1487 2962 1601 3027 alii,
1625 2977 1767 3033 quo-

192 3068 314 3106 rum
364 3053 470 3108 hoc
499 3054 675 3123 ipsum
718 3053 823 3109 fuit
866 3054 1177 3110 institutum
1214 3054 1572 3125 perscrutari,
1604 3064 1662 3110 et
1708 3054 1765 3109 in

191 3144 370 3200 lucem
422 3146 655 3216 prodere
704 3147 959 3202 notitiam
1003 3148 1409 3218 episcoporum.
1447 3148 1504 3203 Si
1558 3146 1763 3219 aliquid

190 3237 260 3293 de
292 3209 755 3294 Tauromenitano
775 3209 1132 3310 episcopo-ad
1178 3209 1393 3312 liogerii
1427 3242 1572 3312 regis
1626 3209 1766 3296 tem-
1792 3209 1837 3273 (ἶ

191 3344 324 3399 pora
358 3331 652 3401 superstite
689 3331 885 3386 alicubi
942 3331 1204 3402 scriptum
1243 3346 1365 3388 esse
1407 3332 1764 3402 reperissent,

191 3422 558 3494 evulgassent.
604 3421 670 3478 Et
708 3438 833 3478 cum
868 3423 936 3478 de
986 3422 1107 3479 aliis
1136 3423 1545 3495 episcopatibus
1602 3424 1769 3479 resti-

195 3513 348 3578 tutis,
397 3513 514 3569 sive
546 3514 745 3569 erectis
788 3529 915 3569 cum
950 3529 981 3569 a
1013 3514 1270 3586 ltogerio,
1308 3525 1425 3571 tum
1452 3532 1483 3571 a
1532 3531 1769 3586 sequen~

194 3604 339 3661 tibus
375 3606 594 3678 regibus
623 3610 880 3664 memoria
927 3609 1213 3676 habeatur,
1246 3612 1291 3666 si
1345 3610 1767 3666 Tauromenita-

192 3713 297 3753 nus
334 3699 666 3756 instauratus
698 3717 730 3755 a
775 3702 1009 3773 Rogerio
1041 3718 1169 3772 rege
1221 3703 1435 3766 fuisset.
1467 3705 1521 3759 id
1569 3703 1768 3773 aliquis

191 3790 427 3859 scriptor
453 3791 732 3847 memoriae
767 3794 1119 3863 prodidisset.
1152 3793 1447 3866 Pr0ptcrea
1483 3794 1767 3864 inscriptio

188 3881 283 3933 τοῦ
329 3881 496 3951 me;
532 3898 644 3937 non
677 3886 934 3941 convenit
963 3902 1087 3941 cum
1117 3887 1204 3953 iis,
1230 3902 1353 3957 quin
1410 3888 1466 3942 in
1509 3887 1625 3958 ipsa
1656 3887 1772 3942 llo:

192 3976 335 4029 milia
386 3974 660 4043 dicuntur,
715 3977 770 4032 in
811 3994 918 4048 qua
971 3978 1227 4050 βασιλεὺς
1278 3979 1392 4053 164]
1435 3979 1764 4050 appellatur,

189 4074 339 4133 cuius
364 4070 667 4139 prwsentia,
697 4088 858 4141 quam
900 4088 1041 4127 nunc
1087 4073 1263 4137 timeo,
1323 4081 1373 4127 et
1423 4074 1767 4127 contremisco

190 4160 379 4214 nidore
402 4177 668 4230 aspersus,
704 4179 897 4234 pavore
926 4172 1232 4233 occupatus,
1264 4165 1557 4219 reverentia
1593 4166 1768 4219 deten-

192 4262 292 4316 tus,
329 4263 547 4324 pavente
593 4257 797 4317 anima.
834 4267 1055 4311 nutante
1096 4268 1287 4324 mente,
1325 4266 1373 4312 et
1433 4259 1767 4313 subsultante

189 4345 362 4407 corde,
388 4346 669 4401 intercluso
719 4348 880 4401 etiam
917 4351 1054 4403 vocis
1083 4366 1229 4414 sono,
1278 4351 1418 4420 quod
1453 4350 1763 4420 βασιλικαῖς

190 4440 404 4501 ἀκοαῖς,
428 4439 784 4508 imperatoriis
813 4441 1030 4495 auribus
1071 4458 1381 4508 sermonem,
1414 4446 1566 4514 quasi
1594 4442 1766 4497 salsu-

1876 1960 1957 2007 tot
1981 1952 2445 2027 comminiscenda
2502 1969 2875 2015 exerceamus.
2909 1954 3126 2026 Rogerii
3180 1970 3297 2009 aevo
3325 1954 3451 2009 nul-

1874 2044 1960 2101 lus
2013 2044 2116 2100 fuit
2146 2045 2642 2102 Tauromenitanus
2674 2047 2985 2117 episcopus,
3032 2047 3451 2117 comprobatur-

1874 2152 1981 2207 que
2014 2137 2229 2193 silentio
2269 2139 2620 2208 scriptorum.
2676 2140 3069 2209 Argumentum
3108 2139 3177 2193 ab
3208 2139 3452 2193 alictori-

1875 2238 1987 2286 tate
2016 2231 2297 2301 negativze,
2348 2240 2612 2302 quantum
2648 2231 2843 2293 valeat;
2890 2230 3199 2286 doctissimi
3247 2232 3449 2301 quique

1873 2322 1973 2379 viri
2004 2323 2205 2379 sciunt.
2226 2325 2359 2387 Cum
2386 2325 2570 2378 omnia
2609 2327 2936 2395 scriptorum
2964 2332 3320 2380 monumenta
3338 2339 3449 2379 non

1874 2413 1983 2469 sint
2011 2414 2079 2468 ad
2119 2430 2333 2470 manus.
2369 2413 2436 2468 Et
2464 2414 2605 2469 forte
2634 2414 2755 2477 fuit,
2785 2416 2881 2485 qui
2913 2415 3057 2469 illius
3111 2413 3445 2480 meminerit,

1873 2502 2083 2559 incuria
2130 2513 2312 2559 tamen
2374 2504 2680 2570 hominum,
2729 2505 2815 2561 vel
2867 2504 3065 2574 injuria
3117 2513 3444 2574 temporum,

1873 2611 1997 2652 cum
2022 2596 2336 2666 deperditus
2365 2597 2434 2652 sit
2484 2598 2739 2667 scriptor,
2772 2611 2883 2651 non
2916 2596 3091 2667 potuit
3113 2596 3272 2650 nobis
3302 2595 3450 2649 indi-

1873 2688 2003 2743 cari.
2055 2689 2116 2742 ld
2148 2690 2216 2743 de
2267 2688 2655 2744 Panormitano
2697 2689 2859 2744 etiam
2902 2688 3158 2742 restituto
3190 2686 3451 2757 contigis-

1872 2787 1974 2841 set,
2004 2777 2107 2832 nisi
2130 2787 2408 2847 superstes
2433 2776 2725 2832 Gaufridus
2758 2777 3044 2831 Malaterra
3065 2782 3445 2831 memorasset.

1871 2869 1939 2925 Et
1965 2869 2175 2941 ltogerii
2199 2880 2441 2941 tempore
2472 2872 2654 2941 plures
2681 2872 2736 2926 in
2766 2871 2950 2926 Sicilia
2981 2870 3270 2941 episcopos
3293 2868 3447 2925 Gra-

1872 2976 1968 3017 cos
1996 2963 2165 3017 fuisse
2189 2963 2404 3033 probari
2436 2973 2619 3031 potest
2649 2980 2714 3018 ex
2765 2962 2982 3034 Rogerii
3006 2963 3235 3033 Ectypo,
3290 2961 3450 3033 cujus

1872 3051 2116 3109 Graecam
2164 3054 2572 3123 inscriptionem
2606 3055 2765 3111 nobis
2807 3055 3040 3111 Scorsus
3085 3055 3154 3110 ab
3182 3055 3304 3109 aliis
3355 3070 3447 3109 ac-

1871 3156 2083 3217 ceptam
2117 3148 2401 3217 expressit.
2445 3149 2564 3214 Qua
2604 3150 2751 3203 enim
2782 3164 2945 3205 causa
2978 3149 3248 3221 Rogerius
3299 3147 3448 3204 Gras-

1869 3241 1950 3297 cis
1979 3240 2175 3296 lit-teris
2207 3255 2407 3295 nomen
2448 3241 2691 3311 imprimi
2714 3257 2873 3297 suum
2906 3250 3272 3312 procurasset,
3313 3240 3359 3296 si
3415 3257 3448 3295 a

1869 3335 2099 3391 nemine
2143 3334 2226 3388 vel
2284 3333 2704 3405 intelligeretur,
2736 3333 2822 3388 vel
2856 3334 3152 3404 legeretur,
3188 3342 3244 3389 et
3306 3349 3447 3404 prae-

1870 3425 2059 3482 sertim
2083 3439 2155 3480 eo
2181 3433 2448 3494 tempore,
2486 3439 2593 3492 quo
2629 3423 2912 3481 barbaries
2943 3424 3058 3479 fere
3104 3426 3287 3479 omnia
3351 3440 3446 3481 oc-

1870 3527 2186 3589 cupaverat,
2217 3517 2503 3574 exstinctis
2536 3517 2860 3572 litteratum
2894 3516 3167 3587 politioris
3227 3516 3450 3573 lumini-

1868 3612 2015 3668 bus?
2060 3613 2135 3668 Et
2159 3627 2291 3668 sane
2338 3611 2545 3667 nemini
2576 3611 2804 3667 dubium
2832 3626 2955 3666 esse
2993 3611 3156 3666 debet
3185 3626 3252 3665 eo
3310 3620 3449 3666 tem-

1868 3718 2001 3774 pore
2031 3700 2237 3757 Graecis
2260 3702 2499 3758 Siciliam
2531 3703 2861 3770 abundasse,
2904 3703 3149 3757 nondum
3186 3716 3283 3771 per
3308 3700 3451 3756 Lati-

1869 3810 1972 3851 nos
2002 3794 2205 3851 Graecis
2253 3796 2530 3867 episcopis
2586 3795 2849 3866 expulsis,
2894 3795 2980 3851 vel
3029 3808 3258 3850 summo
3282 3794 3446 3849 etiam

1869 3890 2055 3945 studio
2094 3905 2122 3944 a
2166 3888 2402 3960 llogerio
2430 3889 2581 3959 ipso,
2616 3888 2703 3943 cui
2745 3904 2869 3942 cum
2915 3886 3176 3942 Romanis
3224 3886 3451 3958 pontifi-

1870 3981 2028 4037 cibus
2057 3981 2355 4035 inimicitize
2388 3980 2562 4041 fuere,
2587 3989 2642 4034 et
2668 3994 2877 4050 magna:
2905 3979 2980 4033 rei
3012 3978 3295 4036 familiaris
3312 3994 3450 4033 con-

1871 4073 2170 4138 troversia,
2196 4073 2501 4142 procuratis
2525 4115 2540 4139 ,
2574 4082 2633 4128 ut
2653 4072 2834 4126 medio
2851 4070 3176 4132 Schismate,
3216 4068 3343 4146 [65].
3364 4071 3449 4125 vel

1869 4181 2060 4223 eorum
2093 4180 2309 4236 quoque
2332 4165 2685 4220 auxiliaribus
2736 4165 3022 4220 conatibus
3047 4179 3106 4218 se
3134 4162 3248 4218 suis
3282 4162 3453 4218 hosti-

1868 4258 1972 4314 bus
1996 4258 2250 4313 redderet
2302 4257 2808 4313 formidabiliorem.
2835 4254 2977 4309 Dicit
3005 4254 3301 4311 Malaterra
3343 4253 3454 4309 Ilo-
3546 4316 3553 4321 ,

1869 4351 2100 4421 gerium,
2142 4360 2198 4407 ct
2228 4350 2521 4406 Robertum
2575 4350 2775 4419 adepto
2824 4348 3095 4403 Panormo
3149 4348 3452 4404 Ecclesiam

1871 4442 2086 4498 Sancta:
2129 4441 2312 4497 Mariae
2354 4482 2369 4507 ,
2418 4457 2539 4512 quae
2595 4440 2897 4511 antiquitus
2948 4440 3453 4511 archiepiscopatus

190 4530 308 4597 gine
333 4545 578 4583 amarum
622 4532 864 4601 propino.
905 4531 1079 4587 Tanta
1129 4533 1410 4600 demissio,
1475 4544 1765 4606 tantusque
1794 4551 1843 4610 ι)
1873 4536 2073 4603 fuerat,
2114 4536 2371 4591 violatam
2402 4553 2432 4591 a
2460 4536 2771 4602 Saracenis,
2820 4533 3172 4590 reconciliata
3221 4534 3367 4598 dote,
3397 4543 3454 4589 et

190 4632 394 4675 tremor
440 4621 672 4678 dicentis
718 4625 941 4680 nonnisi
980 4627 1049 4682 ab
1078 4625 1431 4696 imperatoria
1481 4627 1764 4696 majestate

186 4712 410 4767 excitari
473 4714 689 4770 videtur
742 4732 922 4785 posse.
977 4716 1188 4773 Nomen
1254 4716 1523 4788 βασιλέως
1564 4733 1766 4772 conve-

188 4803 308 4857 nire
338 4803 573 4875 Rogcrio
600 4821 709 4859 non
742 4807 919 4877 potuit
949 4818 1005 4862 et
1044 4808 1218 4864 solum
1249 4808 1556 4877 appellatos
1595 4808 1763 4878 impec

189 4905 398 4951 ratores
442 4913 472 4951 a
512 4897 794 4954 Michaelis
855 4898 1025 4955 Tertii
1084 4901 1421 4970 temporibus
1475 4916 1647 4971 usque
1697 4904 1764 4957 ad

187 4989 476 5044 concilium
534 4991 910 5046 Florentinum
973 4994 1232 5048 trecentis
1290 5002 1414 5064 post
1474 4993 1765 5066 Rogerium

187 5083 347 5137 annis
368 5082 703 5138 celebratum
725 5085 1075 5155 comperitur.
1106 5084 1265 5152 Hinc,
1302 5102 1517 5143 necnon
1562 5105 1628 5143 ex
1652 5089 1768 5144 dia-

187 5175 423 5240 demate,
448 5186 505 5232 et
529 5191 813 5244 consessu,
850 5178 1196 5251 adventuque
1222 5180 1622 5252 episcoporum,
1646 5197 1766 5252 quae

187 5284 295 5324 non
329 5271 480 5336 alibi,
516 5288 679 5343 quam
706 5272 760 5326 in
797 5274 932 5328 urbe
957 5272 1075 5344 ipsa
1104 5272 1573 5347 Constantinopoli
1629 5292 1763 5332 con-

185 5360 469 5428 gruentius
487 5361 708 5415 evenire
726 5376 887 5431 posse
913 5362 1186 5430 videntur,
1223 5373 1278 5419 et
1310 5363 1616 5435 frequentia
1648 5365 1759 5420 du-

185 5465 332 5517 cum,
380 5459 435 5506 et
498 5451 910 5522 magistratuum
960 5454 1099 5510 aulae
1141 5456 1765 5527 Constantinopolitanae

185 5543 332 5598 illam
368 5544 661 5600 Homiliam
702 5544 1178 5618 Constantinopoli
1242 5548 1503 5617 habitam,
1541 5558 1597 5605 et
1625 5550 1763 5605 titu-

186 5636 298 5691 lum
327 5646 643 5708 corruptum
667 5640 978 5709 suspicatur
1006 5640 1239 5697 Scorsus
1269 5658 1286 5710 ε
1326 5649 1383 5698 et
1416 5658 1543 5698 cum
1576 5657 1643 5697 eo
1675 5642 1761 5698 die

188 5728 544 5798 imperatores
568 5728 697 5784 olim
715 5744 780 5786 ac
802 5730 1123 5802 patriarcha:
1168 5732 1353 5804 ρόγας,
1389 5733 1494 5789 hoc
1524 5742 1609 5789 est
1637 5749 1760 5788 mu-

188 5838 341 5893 nera,
383 5838 438 5880 et
467 5822 608 5903 dona
637 5824 1052 5899 distribuerent,
1096 5826 1373 5899 emendat,
1401 5837 1457 5887 et
1517 5823 1761 5884 vestibus

1868 4629 2205 4684 ornamentis
2261 4630 2646 4685 ecclesiasticis
2697 4628 2939 4691 auxisse,
3018 4637 3452 4699 renovantesque

1869 4722 2178 4777 restituisse
2211 4721 2688 4792 archiepiscopum
2711 4721 2934 4777 natione
2956 4718 3228 4785 Graecum,
3264 4719 3363 4790 qui
3392 4719 3451 4775 in

1868 4830 2109 4885 paupere
2156 4814 2401 4869 Ecclesia
2435 4822 2636 4868 sancta:
2666 4813 2906 4884 Cyr-lacte
2946 4812 3151 4867 cultum
3187 4810 3453 4867 Christia-

1867 4924 1951 4963 na:
1975 4908 2252 4985 religionis
2272 4924 2371 4978 pro
2420 4924 2580 4979 posse
2620 4906 3045 4976 exsequebatur.
3072 4904 3352 4975 Quidquid
3381 4905 3454 4961 sit

1867 5001 1935 5055 de
1971 5001 2435 5055 Tauromenitano
2468 5000 2743 5069 episcopo,
2774 5013 2839 5052 ex
2885 4999 2973 5053 his
3004 4996 3302 5052 Malaterra:
3329 5012 3452 5052 ver-

1868 5092 1951 5147 bis
1975 5092 2111 5145 nihil
2137 5092 2204 5146 de
2231 5091 2437 5145 Latinis
2488 5089 2761 5159 episcopis
2798 5089 3017 5144 elicitur
3052 5106 3066 5143 :
3108 5088 3220 5142 imo
3249 5088 3293 5142 si
3326 5102 3453 5142 ver-

1867 5183 1935 5238 ba
1962 5183 2107 5238 illius
2132 5182 2390 5237 attentius
2423 5181 2856 5244 considerentur,
2897 5179 3313 5234 Panormitanus
3335 5180 3451 5249 epi-

1868 5290 2069 5346 scopus
2125 5273 2348 5329 Graecus
2394 5281 2513 5327 erat
2573 5273 2795 5327 natione
2852 5272 2908 5325 in
2972 5270 3176 5341 templo
3242 5282 3449 5327 sanctae

1869 5365 2108 5436 Cyriacae
2157 5377 2525 5426 commorans,
2577 5373 2631 5418 et
2679 5362 2819 5416 forte
2871 5361 3038 5416 etiam
3083 5359 3275 5417 Graeco
3336 5364 3443 5417 ritu

1869 5459 2175 5524 ordinatus,
2207 5457 2504 5527 Graecoque
2552 5456 2658 5509 ritu
2713 5455 2920 5509 cultum
2960 5452 3290 5513 Christiana:
3322 5455 3452 5509 reli-

1868 5552 2046 5625 gionis
2091 5564 2391 5606 exercens:
2422 5556 2479 5603 et
2518 5553 2666 5602 hunc
2720 5546 2973 5604 eumdem
3004 5561 3115 5602 non
3145 5546 3309 5602 alium
3361 5564 3449 5603 rc-

1868 5655 2124 5702 vocantes
2165 5643 2546 5699 restituerunt.
2601 5639 2793 5698 Solent
2818 5639 2871 5695 id
2917 5638 3093 5695 Graeci
3138 5640 3298 5694 ctiam
3342 5643 3445 5699 sub

1870 5733 2156 5807 tyrannide
2212 5730 2569 5787 llarbarorum
2619 5769 2635 5794 ,
2684 5739 2740 5785 et
2793 5728 3120 5785 Christianae
3172 5730 3446 5801 religionis

1869 5826 2108 5885 hostium
2154 5824 2441 5898 episcopos
2496 5838 2528 5879 a
2571 5838 2630 5881 se
2678 5822 2961 5880 ordinatos
3005 5820 3222 5877 mittere
3248 5821 3300 5876 in
3351 5838 3444 5879 cas
