3826 6464
287 375 351 441 bl
931 375 1031 435 DE
1072 371 1417 433 SCRIPTIS
1457 369 1837 431 SYMEONIS
1883 366 2456 429 METAPHRASTIE
2497 363 2887 427 DIATRIBA.
3455 358 3528 420 62

287 493 468 558 urbes,
499 493 553 546 in
585 492 784 563 quibus
828 498 1120 559 antequam
1162 505 1192 543 a
1223 486 1476 541 Barbaris
1517 501 1854 557 occuparen—
1880 488 1932 546 Α
1954 495 2008 540 et
2040 500 2209 541 unum
2275 484 2561 554 episcopos
2595 480 2896 550 subjectos,
2927 473 3170 532 secundo
3212 473 3334 528 loco
3379 471 3535 542 ponit

292 595 396 647 tur,
428 583 523 651 jus
570 581 788 649 aliquod
841 579 1025 649 adepti
1064 578 1302 632 fuerant.
1349 577 1464 631 lino
1526 576 1633 630 hoc
1661 576 1859 630 eodem

1964 576 2505 630 Tauromenitanum.
2538 573 2689 627 lllius
2708 569 2874 626 verba
2897 568 2952 621 in
2970 565 3318 635 Syntagmate
3347 571 3533 616 nostro

292 687 535 742 tempore
576 672 794 743 Rogcrii
835 671 949 726 fere
1010 685 1108 740 per
1142 669 1451 723 universam
1499 666 1761 730 SiCiliam.
1809 677 1865 721 et
1956 671 2032 726 de
2066 668 2321 725 Ecclesia:
2352 665 2726 728 occidentalis,
2758 672 2921 731 atque
2959 656 3240 713 orientalis
3274 661 3533 723 perpetua

295 766 457 821 urbes
478 765 626 818 illius
658 763 964 833 praecipuas
992 760 1212 815 Graecos
1255 760 1543 829 episcopos
1567 773 1595 811 a
1621 758 1860 827 patriar-

293 859 393 912 cha
445 854 1059 923 Constantinopolitano
1100 852 1385 907 ordinatos
1423 851 1863 921 iurisdictionem

296 955 349 1002 et
371 954 699 1016 potestatem
735 947 789 998 in
821 959 917 998 eos
965 942 1195 1012 populos
1227 941 1540 995 exercuisse
1592 941 1768 995 habeo
1801 956 1869 995 ex

296 1045 520 1092 auctore
550 1037 693 1089 illius
726 1035 825 1090 sevi
858 1033 981 1088 Nilo
1023 1033 1371 1103 Doxapatrio,
1407 1032 1499 1102 qui
1530 1033 1598 1087 de
1627 1033 1867 1102 quinque

295 1131 510 1186 thronis
558 1129 1018 1200 patriarchalibus
1074 1136 1297 1194 rogatus
1322 1126 1390 1180 ab
1448 1125 1640 1179 eodem
1693 1126 1869 1196 Roge-

296 1222 377 1277 rio
429 1224 497 1276 ad
561 1226 812 1277 eumdem
845 1221 1137 1291 Rogerium
1174 1218 1410 1287 scripsit,
1458 1226 1513 1272 et
1560 1217 1860 1286 praefatur:

298 1316 652 1386 Σὺγγραμμα
677 1315 972 1384 γενόμενον
1013 1313 1163 1386 παρὰ
1212 1312 1408 1365 Νείλου
1439 1311 1867 1382 ἀρχιμανδρίτου

299 1410 394 1462 τοῦ
426 1409 738 1479 Δοξοπατρὶ
767 1406 909 1461 κατὰ
946 1407 1196 1460 κέλευσιν
1215 1404 1310 1458 τοῦ
1337 1405 1729 1473 εὐγενεστάτου
1771 1420 1869 1473 με·

302 1502 468 1570 γάλου
490 1503 657 1574 ῥηγδς
719 1500 997 1569 Ῥογερεου
1036 1499 1162 1568 περὶ
1213 1497 1321 1550 τῶν
1382 1498 1543 1550 πέντε
1598 1513 1868 1566 πατριαρ-

303 1595 471 1666 χικῶν
524 1595 749 1665 θρόνων,
778 1593 869 1645 καὶ
908 1592 1014 1645 τών
1046 1590 1137 1642 ὑπ’
1164 1589 1365 1652 αὐτοὺς
1405 1588 1870 1660 ἀρχιεπισκοπῶν,

306 1688 400 1739 καὶ
456 1685 863 1756 μητροπόλεων,
932 1682 1028 1737 καὶ⁴
1074 1682 1185 1734 τῶν
1224 1680 1329 1733 ὑπὸ
1367 1681 1466 1742 τὰς
1510 1678 1871 1749 μητροπόλεις

1965 759 2329 815 consensione
2365 757 2459 811 lib.
2494 772 2511 810 ι
2561 755 2864 823 posuimus.
2901 750 3144 804 Primum
3174 745 3323 800 enim
3353 744 3535 797 locum

1965 849 2211 913 Catania,
2238 846 2538 902 secundum
2562 841 3007 903 Tauromenium,
3040 838 3262 892 tertium
3292 825 3538 888 Messana

1967 952 2219 1014 occupat.
2254 944 2321 997 Et
2353 949 2511 995 antea
2544 940 2755 994 dixerat
2785 951 2884 991 suo
2909 949 3024 989 aavo
3056 933 3399 1002 episcopatus
3420 944 3449 982 a
3478 943 3539 982 se

1968 1047 2306 1100 numeratos,
2334 1035 2473 1090 inter
2491 1048 2628 1103 quos
2643 1040 2699 1085 et
2721 1028 3033 1085 Sicilienses
3055 1024 3228 1083 fuere.
3255 1028 3393 1081 auos
3426 1020 3541 1078 ipse

1969 1138 2360 1186 commemorat
2406 1129 2509 1182 sub
2560 1123 2872 1195 patriarcha
2931 1113 3542 1186 Constantinopolitano

1970 1221 2160 1277 fuisse.
2188 1219 2302 1273 Νῦν
2323 1215 2414 1272 οὖν
2436 1216 2657 1285 κατέχει
2692 1216 2721 1267 ὁ
2750 1209 3150 1282 θεοφρούρητος
3169 1207 3356 1277 θρόνος
3395 1205 3544 1257 Κωνο

1972 1309 2587 1372 σταντινουπόλεως.ὃνὸ
2605 1304 2986 1380 πρωτόκλητος
3000 1301 3253 1371 Ἀνδρέας
3270 1298 3545 1367 ὲνίδρυσεν

1971 1404 2186 1474 πρῶτος
2212 1402 2506 1457 ἐπίσκοπον
2541 1402 2599 1454 ὲν
2627 1396 2775 1469 αὐτῷ
2807 1394 3158 1464 καταστήσας
3187 1392 3283 1461 τῆς
3341 1388 3547 1453 πόλεως

1972 1497 2052 1549 έτι
2070 1495 2361 1559 Βυζαντίου
2380 1491 2564 1561 οΰσης,
2615 1490 2777 1560 μέρος
2800 1489 2900 1541 οὐκ
2926 1485 3105 1553 ὀλίγον
3136 1484 3235 1554 τῆς
3261 1479 3548 1550 Εὐρώπης

1973 1590 2068 1643 καὶ
2095 1588 2193 1654 τῆς
2227 1587 2436 1651 Ἀσίας,
2469 1582 2652 1647 καθὼς
2696 1582 2824 1649 ἑξῆς
2867 1578 3204 1649 δηλώσομεν.
3257 1574 3412 1628 Nunc
3446 1574 3548 1643 igi-

1977 1689 2060 1734 tur
2090 1679 2311 1750 possidet
2338 1696 2371 1731 a
2404 1677 2510 1730 Deo
2539 1675 2827 1729 custoditus
2859 1673 3075 1726 thronus
3113 1669 3551 1733 Constantinopo-

305 1778 648 1842 ἐπισκοπῶν,
682 1778 776 1829 καὶ
803 1776 914 1828 τῶν
947 1773 1170 1841 ὲνοριών
1196 1772 1428 1825 ἑκάστου
1473 1769 1872 1841 πατριαρχικοῦ

2001 1773 2194 1831 itanus,
2219 1772 2274 1823 in
2303 1785 2403 1839 quo
2423 1768 2596 1821 adhuc
2626 1782 2743 1820 cum
2773 1775 2902 1819 esset
2947 1762 3285 1835 Byzantium,
3319 1759 3548 1829 primunt

305 1869 522 1941 θρόνου,
548 1869 641 1921 καὶ
672 1868 791 1931 πῶς
831 1867 926 1920 κα)⁸
974 1866 1104 1918 πότε
1156 1863 1386 1933 συνέστη
1415 1863 1644 1924 ἕκαστος
1677 1878 1873 1932 πατρι-

303 1962 531 2033 αρχικὸς
576 1960 781 2030 θρόνος,
823 1959 915 2011 καὶ
952 1959 1078 2027 περὶ
1122 1960 1220 2029 τῆς
1272 1956 1477 2021 τάξεως
1516 1955 1718 2021 αὐτῶν,
1786 1954 1880 2007 καὶ

304 2052 415 2105 τῶν
441 2050 623 2105 ἱδικών
655 2050 884 2103 ἐγάστου
934 2049 1242 2118 ὀνομάτων,
1290 2049 1384 2102 καὶ
1412 2047 1516 2099 ποῦ
1562 2046 1722 2113 λόγον
1780 2047 1879 2099 ἐπι

305 2140 510 2209 έχουσι.
550 2141 873 2210 Συνεγράφη
919 2139 974 2193 δὲ
1017 2140 1125 2192 ἔτει
1189 2144 1385 2209 ,ςχνας
1420 2137 1753 2200 ινδικτιῶνος
1795 2143 1870 2202 ς’.

312 2233 783 2298 ῐιανευγενέστατε
806 2232 1038 2286 αὑθέντα
1074 2249 1198 2301 μου,
1231 2233 1359 2300 περὶ
1386 2226 1457 2302 ἦς
1500 2247 1589 2299 μοι
1633 2229 1883 2300 ἔγραψας

308 2325 635 2387 ὑποθέσεως,
673 2324 973 2392 μέμνημαι,
991 2324 1072 2375 ὅτι
1102 2327 1158 2374 ὲν
1179 2322 1254 2391 τῷ
1282 2321 1575 2391 καστελλίῳ
1601 2320 1881 2390 Πανόρμῳ

310 2416 388 2468 ὣν
425 2417 639 2486 ἔγραψα
679 2414 812 2483 πρὸς
835 2414 933 2484 τὴν
973 2413 1069 2483 σὴν
1092 2412 1396 2481 ἀντίληψιν,
1424 2411 1562 2481 πλὴν
1590 2410 1689 2480 οὐχ
1736 2406 1888 2463 οὕτω

313 2506 668 2575 πλατύτερον,
695 2505 771 2568 ώς
795 2504 888 2557 νῦν
910 2502 1222 2573 ἠρώτησας·
1276 2502 1362 2557 ,οὖν
1401 2502 1455 2555 δὲ
1480 2500 1650 2555 πολλά
1672 2500 1782 2553 εἰσι
1819 2500 1889 2553 τὰ

314 2599 679 2669 ἐρωτηθέντα,
738 2598 830 2649 καὶ
880 2596 1037 2665 χρεία
1094 2595 1424 2666 λεπτοιέρας
1487 2592 1730 2665 γραφῆς,
1792 2593 1889 2646 καὶ

314 2692 641 2761 διηγήσεως.
676 2691 773 2742 Διὰ
802 2688 959 2741 τοῦτο
987 2688 1079 2740 καὶ
1107 2688 1307 2749 παντὸς
1345 2687 1507 2739 πόνου
1543 2686 1896 2755 καταφρονή-

320 2802 417 2849 σας
444 2785 623 2857 (τοῦτο
646 2785 751 2854 γὰρ
791 2784 856 2836 ἐκ
880 2784 1073 2852 χρέους
1098 2782 1241 2834 ἐστὶν
1272 2780 1646 2851 ἀπαραιτήτου
1687 2777 1897 2847 ὀφειλό-

322 2895 501 2947 μενον,
530 2878 591 2930 τὸ
608 2874 882 2945 ὁλοῴύχως
898 2874 1204 2943 ἐκπληροῦν
1220 2874 1279 2927 τὸ
1309 2872 1460 2944 παρᾶ
1476 2872 1575 2939 τῆς
1604 2869 1703 2940 σῆς
1730 2886 1898 2940 μεγα-

329 2971 635 3042 λυπερὸλου
665 2969 935 3038 ὑπεροχῆς
987 2966 1407 3036 ἐπιταττόμενον
1466 2983 1555 3036 μοι
1609 2964 1749 3035 μετὰ
1804 2963 1900 3015 κού⁸

321 3063 638 3137 προτροπῆς
713 3059 807 3114 τοῦ
866 3060 1019 3127 ἁγίου
1091 3077 1189 3130 μου
1229 3057 1495 3129 Πατρδς),
1567 3056 1901 3127 πειράσομαι

1981 1872 2192 1917 vocatus
2218 1862 2453 1916 Andreas
2480 1862 2681 1931 primus
2731 1858 2957 1913 instituit
2992 1857 3305 1924 episcopum.
3349 1861 3553 1920 partem

1984 1973 2085 2011 non
2102 1973 2319 2025 parram
2340 1954 2593 2023 Europae,
2629 1952 2891 2021 Asiaeque,
2923 1959 2980 2002 ut
3006 1947 3148 2016 infra
3172 1944 3545 2000 indicabimus.

1985 2046 2168 2101 Potuit
2204 2059 2332 2115 ergo
2365 2042 2732 2113 Theophanes
2785 2039 3006 2111 Rogerii
3055 2046 3299 2108 tempore
3348 2033 3560 2089 Tauro—

1985 2138 2149 2192 menii
2183 2136 2471 2207 episcopus
2522 2150 2665 2199 esse,
2701 2141 2757 2189 et
2782 2147 2966 2188 coram
2998 2129 3233 2202 Rogerio
3281 2126 3561 2182 bouiiliam

1986 2229 2131 2283 illam
2160 2228 2381 2282 habere.

2058 2317 2302 2384 Quanam
2338 2315 2500 2387 igitur
2530 2314 2737 2369 ratione
2778 2311 3064 2382 βασιλέως,
3110 2308 3361 2378 illiusque
3390 2303 3563 2361 titulis

1989 2410 2279 2480 Rogerium
2306 2425 2487 2481 regem
2518 2415 2712 2478 praeter
2735 2405 3045 2460 Graecorum
3072 2417 3279 2457 morem
3319 2396 3552 2467 insigni-

1991 2502 2070 2558 vit
2098 2501 2121 2554 ?
2146 2500 2412 2571 Tyrannis
2455 2496 2695 2568 Roget-ii,
2754 2495 3002 2558 ambitio,
3025 2492 3197 2547 fastus
3228 2499 3380 2558 ;tum
3408 2488 3560 2542 Gras-

1994 2609 2180 2649 corum
2211 2592 2553 2646 subditorum
2587 2588 2853 2655 adulatio,
2879 2586 2973 2658 qui
2994 2586 3075 2663 .de
3097 2600 3164 2639 eo
3198 2584 3339 2638 bene
3371 2579 3566 2635 mereri

1996 2695 2281 2759 cuperent,
2316 2685 2369 2741 id
2398 2683 2550 2739 fecit.
2593 2681 2850 2736 Solemnc
2886 2680 2938 2734 id
2970 2678 3073 2733 fuit
3093 2674 3295 2733 Graecis
3323 2670 3569 2743 proprios

1998 2782 2278 2845 dominos,
2302 2794 2412 2833 non
2452 2777 2648 2848 quibus
2676 2774 2780 2829 illis
2828 2772 3169 2829 debebantur
3201 2767 3374 2821 titulis
3400 2804 3415 2829 ,
3467 2760 3563 2817 sed

1999 2874 2172 2931 multo
2215 2870 2574 2942 amplioribus
2600 2867 2893 2929 adornare,
2931 2873 2990 2918 ut
3014 2878 3109 2918 eos
3144 2859 3249 2916 sibi
3285 2855 3447 2913 simili
3502 2855 3571 2910 ti-

2002 2967 2239 3022 tulorum
2270 2962 2592 3018 liberalitate
2631 2957 3012 3014 conciliarent.
3062 2951 3129 3007 Et
3178 2966 3248 3006 ne
3287 2948 3440 3020 plura
3479 2944 3570 2999 hic

2005 3075 2257 3133 aggeram
2299 3073 2363 3112 ex
2388 3056 2605 3119 eodem,
2663 3068 2728 3107 ex
2775 3065 2883 3120 quo
2934 3046 3166 3103 Scorsus
3229 3038 3565 3098 contrarium

322 3156 408 3209 Esi
440 3154 687 3225 βραχέων
716 3153 839 3205 ὅσον
871 3151 932 3204 τὸ
971 3150 1113 3204 κατὰ
1132 3146 1361 3219 δύναμιν
1408 3148 1497 3202 διὰ
1541 3149 1761 3217 γραφῆς
1803 3165 1894 3201 σα·

2004 3150 2356 3210 constabilire
2394 3156 2643 3211 conatur,
2695 3160 2727 3198 a
2775 3141 2966 3196 Niceta
2998 3136 3278 3208 probatur.
3335 3141 3391 3186 et
3443 3144 3575 3225 con-

326 3247 457 3317 φοῦς
488 3247 843 3317 παραστῆσαι
872 3243 1049 3298 πάντα
1073 3244 1140 3294 τὰ
1171 3241 1575 3310 ἐπιτεταγμένα
1601 3257 1714 3310 μοι.
1742 3236 1901 3295 Com-

326 3340 616 3393 mentarius
647 3337 988 3390 concinnatus
1019 3352 1049 3388 a
1075 3333 1198 3388 Nilo
1237 3334 1565 3402 Doxapatrio
1595 3332 1901 3385 archiman-

328 3432 487 3494 drita,
525 3429 681 3498 jussu
710 3426 1017 3480 nobilissimi
1046 3425 1222 3495 magni
1258 3425 1393 3493 regis
1418 3423 1627 3495 Rogerii
1655 3422 1720 3476 de
1742 3422 1900 3493 quin-

330 3537 426 3591 que
458 3517 905 3588 patriarchalibus
942 3517 1161 3579 tltronis,
1217 3527 1263 3570 et
1295 3515 1399 3568 illis
1432 3514 1675 3583 subjectis
1719 3511 1898 3566 archi—

331 3610 735 3682 episcopatibus,
759 3618 806 3663 et
840 3607 1334 3680 metrOpolitatibus,
1383 3614 1431 3659 et
1487 3607 1573 3674 qui
1610 3603 1906 3673 metropoli-

332 3700 525 3755 tatibus
541 3700 849 3762 subdantur,
869 3696 1142 3765 episcopis,
1169 3704 1217 3749 et
1242 3694 1541 3748 ditecesibus
1568 3691 1907 3761 uniuscujus-

332 3809 427 3863 que
471 3791 606 3846 sedis
648 3789 1045 3858 patriarchalis.
1096 3790 1164 3842 Et
1227 3787 1485 3858 quomodo
1516 3826 1531 3849 ,
1570 3794 1618 3839 et
1680 3785 1903 3856 quando

334 3882 676 3954 patriarchici
710 3881 880 3934 throni
923 3879 1151 3934 instituti
1206 3888 1348 3939 sunt,
1396 3886 1655 3931 eteorum
1698 3877 1905 3940 ordine,

336 3986 383 4029 tt
405 3974 631 4044 propriis
668 3973 982 4037 nominibus,
1017 3981 1065 4024 et
1107 3971 1256 4040 cujus
1298 3969 1468 4024 locum
1496 3976 1733 4023 teneant.
1767 3968 1906 4023 Cou-

338 4066 576 4118 cinnatus
605 4074 680 4118 est
708 4080 845 4117 anno
874 4063 1036 4128 6651,
1072 4063 1363 4116 indictione
1384 4070 1557 4115 sexta.
1591 4060 1696 4114 Per
1722 4077 1905 4130 quam,

339 4155 688 4210 illustrissime
720 4156 926 4209 domine
959 4156 1051 4221 mi,
1079 4156 1143 4208 de
1165 4171 1222 4208 eo
1248 4155 1385 4225 quod
1426 4154 1496 4206 ad
1520 4170 1599 4207 me
1626 4153 1904 4222 scripsisti,

338 4257 646 4317 argumento
700 4251 942 4301 recordor
985 4263 1085 4311 me,
1139 4262 1255 4299 cum
1306 4247 1361 4298 in
1408 4255 1581 4298 castra
1637 4244 1905 4298 Panormo

339 4356 519 4403 essent,
571 4341 640 4392 ad
679 4349 825 4393 tuam
863 4338 1199 4407 quwstionem
1238 4338 1565 4406 rescripsisse
1611 4375 1627 4401 ,
1674 4352 1776 4389 non
1831 4336 1908 4388 ita

342 4439 517 4483 tamen
555 4432 687 4501 fuse,
720 4440 773 4483 ut
804 4429 918 4503 [66]
960 4446 1095 4483 nunc
1126 4428 1422 4499 postulasti.
1454 4427 1607 4482 Nunc
1629 4445 1747 4481 vero
1793 4441 1911 4497 qua:

2002 3241 2340 3301 stantissime
2396 3238 2626 3293 Photius
2680 3232 2790 3288 illis
2817 3230 3010 3285 iisdem
3064 3224 3416 3297 temporibus,
3455 3217 3576 3290 qui-

2000 3336 2107 3391 bus
2162 3332 2532 3389 controversia
2560 3327 2678 3382 hasc
2724 3325 2868 3381 inter
2891 3320 3185 3377 orientales
3220 3326 3383 3387 atque
3430 3311 3577 3367 occi-

2000 3426 2247 3484 dentales
2304 3421 2631 3494 agitabatur,
2663 3415 2978 3487 imperatori
3015 3407 3363 3470 occidentali,
3411 3413 3575 3475 atque

2003 3517 2331 3589 imperatici,
2358 3515 2401 3569 si
2427 3514 2530 3569 sibi
2551 3525 2757 3566 morem
2792 3514 3066 3578 gererent,
3087 3502 3375 3574 pollicetur
3396 3514 3455 3552 se
3478 3512 3578 3552 eos

2027 3611 2265 3684 βασιλεῖς
2284 3607 2765 3679 proclamaturum.
2811 3598 3014 3669 Δώροις
3034 3595 3144 3667 γὰρ
3192 3593 3465 3662 λαμπροῖς
3498 3589 3580 3643 ὅτι

2015 3681 2244 3777 μάλιστα
2266 3702 2353 3755 τὸν
2395 3701 2536 3769 ρἧα
2555 3693 2834 3766 Φραγγίας
2860 3681 3579 3777 Λοδόηχον,καὶἮγγιλ6έρα

2024 3810 2123 3845 ταν
2153 3791 2207 3844 δὲ
2230 3790 2327 3855 τὴν
2354 3784 2522 3844 αὑτοῦ
2543 3783 2813 3854 γαμετὴν,
2865 3777 3290 3848 ὑποποιούμενος
3346 3772 3581 3844 βασιλεῖς

2012 3882 2233 3941 τούτους
2262 3877 2595 3944 ἀνευφηςλεῖν
2622 3876 2677 3926 ὲν
2707 3866 3273 3926 Κωνσταντινουπὸλει
3306 3861 3579 3934 ἐπηγγέλ-

2008 3973 2147 4036 λετο,
2178 3969 2291 4037 εἴγε
2328 3968 2705 4037 συνεργήσειεν
2736 3960 2885 4033 αὺτῷ
2919 3960 3052 4031 πρὸς
3083 3957 3180 4028 τὴν
3210 3956 3405 4011 ἄτοπον
3458 3950 3588 4006 ταύ-

2007 4079 2107 4132 την
2152 4061 2245 4112 καὶ⁵
2263 4057 2501 4125 ἄθεσμον
2536 4053 2857 4123 ἐπιθυμίαν,
2888 4052 2980 4105 καὶ
3018 4049 3109 4103 τὸν
3159 4047 3365 4101 δίκαιον
3413 4042 3581 4113 ἄνδρα

2004 4153 2102 4221 τῆς
2132 4149 2248 4202 κατ’
2274 4147 2434 4200 αὐτὸν
2476 4143 2797 4215 Ἐκκλησὶας
2848 4141 3035 4213 βιαίως
3064 4138 3424 4209 ὲξωθήσειεν.
3462 4134 3583 4188 Ma-

2009 4246 2124 4317 gnis
2149 4259 2326 4297 eorum
2353 4238 2652 4295 muneribus
2696 4236 2956 4307 prtecipue
2984 4248 3156 4303 regem
3187 4228 3434 4283 Francia:
3480 4224 3582 4278 Lo-

2011 4315 2264 4388 doecltum
2293 4341 2340 4387 et
2372 4328 2773 4401 Enghilbertam
2808 4325 2921 4395 ejus
2956 4337 3173 4377 uxorem
3196 4319 3296 4373 sibi
3332 4315 3585 4388 propitios

2013 4427 2254 4490 reddens,
2285 4440 2371 4478 eos
2394 4424 2758 4491 imperatores,
2802 4415 3060 4487 βασιλεῖς,
3093 4414 3147 4466 in
3172 4411 3297 4465 urbe
3330 4408 3590 4464 Constan—

343 4540 376 4575 α
405 4531 453 4575 te
485 4497 769 4589 poscuntur
800 4497 1046 4590 pler-aque
1073 4497 1214 4582 sunt,
1262 4520 1594 4590 indigentque
1623 4518 1903 4587 scriptione
1934 4512 1977 4566 D
2008 4515 2225 4586 tinopoli
2263 4511 2378 4585 [67]
2407 4528 2461 4565 se
2492 4509 2942 4580 proclamaturum
3000 4503 3365 4573 pollicebatur,
3393 4500 3452 4556 ,εἰ
3491 4497 3591 4552 sibi

345 4613 605 4665 exactiare
675 4620 722 4663 et
781 4612 1105 4664 narratione.
1178 4609 1462 4678 Propterea
1538 4610 1678 4662 omni
1734 4608 1911 4661 labore

284 4716 287 4719 ‘
347 4705 574 4775 neglecto
598 4705 712 4766 (hoc
745 4704 881 4757 enim
904 4719 968 4756 ea:
999 4702 1171 4755 debito
1195 4702 1333 4772 quod
1386 4702 1608 4771 e/fuqere
1645 4717 1795 4753 nemo
1820 4716 1916 4753 va-

302 4781 433 4861 llet,
482 4794 572 4847 tibi
615 4794 847 4859 debetur,
903 4803 1006 4847 toto
1064 4803 1266 4862 pectore
1337 4808 1400 4845 ac
1454 4793 1629 4845 animo
1679 4792 1911 4860 explere,

347 4887 600 4957 quidquid
646 4904 677 4939 a
709 4895 799 4939 tua
851 4884 1166 4955 prwexcelsa
1196 4884 1479 4937 eminentia
1517 4883 1644 4937 mihi
1692 4884 1919 4953 imponi—

351 4991 456 5043 tur,
489 4988 536 5033 et
580 4979 905 5048 potissimum
937 4995 1055 5031 cum
1095 4977 1264 5030 sancti
1289 4977 1471 5030 Patris
1500 4978 1600 5029 mei
1640 4978 1916 5045 imperium

348 5071 587 5138 accedat)
610 5071 840 5123 conabor
868 5069 1110 5133 breviter,
1156 5068 1236 5121 uti
1268 5077 1468 5136 potero,
1496 5068 1775 5137 scriptione
1802 5066 1921 5136 pla-

352 5180 442 5227 na,
463 5174 621 5232 atque
651 5171 832 5230 aperta
867 5161 1144 5215 commissa
1176 5159 1303 5213 milii
1347 5160 1523 5212 omnia
1556 5158 1919 5227 complanare.

354 5256 410 5311 Si
443 5256 657 5328 ltogerli
710 5265 951 5331 tempore
1001 5253 1133 5308 nulli
1166 5262 1320 5308 erant
1370 5252 1607 5322 episc0pi
1639 5251 1810 5306 Graeci
1864 5251 1920 5305 in

356 5346 560 5407 Sicilia,
595 5345 792 5411 [rustra
822 5345 889 5399 de
929 5344 1170 5414 quinque
1200 5341 1653 5412 patriarchalibus
1689 5341 1918 5407 thronis,

354 5448 614 5495 eteorum
655 5435 915 5504 subjectis
944 5435 1215 5504 episcopis
1241 5433 1582 5505 quaisivisset
1609 5431 1873 5501 Rogerius
1906 5448 1922 5487 :

356 5530 557 5583 frustra
579 5529 725 5584 enim
756 5540 970 5591 eorum,
1000 5542 1120 5595 qua:
1150 5525 1218 5579 ad
1267 5540 1371 5578 nos
1416 5539 1525 5579 non
1551 5531 1801 5595 spectant
1828 5538 1923 5578 eo-

355 5621 527 5693 gnitio
546 5620 829 5695 quaeritur.
875 5618 978 5673 Hic
1008 5618 1190 5687 itaque
1224 5615 1377 5673 Nilus
1412 5632 1535 5672 cum
1563 5617 1631 5671 de
1652 5616 1923 5687 episcopis

359 5713 684 5783 patriarcha:
717 5710 1326 5781 Constantinopolitano
1379 5709 1635 5765 obnoxiis
1678 5718 1865 5780 ageret
1902 5746 1917 5769 .

363 5805 689 5885 Syracusani
729 5803 784 5859 in
828 5802 1012 5859 Sicilia
1049 5803 1318 5868 meminit,
1347 5802 1505 5872 cujus
1542 5800 1682 5857 inter
1733 5784 1924 5871 viginti

2014 4625 2161 4681 opem
2195 4609 2388 4678 {errent
2417 4605 2472 4658 in
2497 4605 2596 4660 hac
2625 4619 2680 4657 re
2710 4602 2838 4654 adeo
2861 4598 3116 4660 absurda,
3160 4604 3210 4649 et
3254 4592 3479 4664 injusta,
3533 4600 3591 4644 ut

2015 4708 2256 4757 sanctum
2281 4697 2433 4752 illum
2463 4698 2637 4752 virum
2667 4695 2732 4748 ab
2755 4690 2989 4746 Ecclesia
3013 4689 3063 4744 vi
3097 4687 3366 4759 ejicerent.

2090 4791 2147 4845 Si
2200 4789 2501 4860 patriarcha
2549 4785 2607 4839 in
2664 4783 2798 4838 urbe
2843 4780 3105 4852 Byzantii,
3154 4777 3477 4837 reluctante,
3529 4787 3594 4826 ac

2020 4879 2382 4937 contendente
2413 4878 2758 4946 imperatore,
2788 4886 2987 4925 nomen
3016 4871 3120 4923 hoc
3145 4867 3345 4922 exteris
3372 4862 3596 4917 tribuis‘

2020 4982 2122 5039 set,
2153 4979 2356 5043 quanto
2389 4967 2558 5039 magis
2588 4967 2766 5020 minor
2794 4963 3084 5033 episcopus
3121 4960 3175 5013 in
3214 4956 3431 5026 propria
3457 4954 3596 5008 diua-

2019 5062 2150 5127 cesi,
2182 5070 2435 5133 tyranno,
2486 5072 2550 5112 ac
2600 5054 2789 5126 impio,
2823 5062 2879 5107 et
2923 5051 3063 5106 forte
3111 5050 3271 5104 etiam
3314 5045 3597 5100 ambitiose

2022 5152 2321 5216 aﬂ'ectanti,
2368 5158 2524 5206 extra
2557 5148 2751 5203 urbem
2791 5136 3490 5211 Constantinopolitanam?
3525 5135 3599 5190 Ne

2021 5246 2152 5320 quid
2185 5244 2252 5299 de
2279 5241 2579 5296 minoribus
2603 5239 2765 5293 etiam
2796 5234 3150 5306 principibus,
3182 5232 3274 5301 qui
3312 5228 3416 5283 hoc
3456 5227 3598 5282 idem

2023 5338 2169 5397 inter
2218 5334 2436 5390 Graecos
2485 5333 2862 5394 obtinuerunt,
2905 5328 3103 5392 dicam,
3144 5325 3245 5379 etsi
3294 5320 3602 5377 serenitatis

2025 5429 2217 5485 titulus
2257 5426 2515 5498 praelecto
2563 5424 2683 5479 urbi
2732 5421 2995 5476 tributum
3035 5426 3139 5477 est.
3181 5431 3350 5487 quare
3397 5413 3450 5468 id
3492 5427 3600 5466 non

2025 5520 2223 5592 potuit.
2249 5527 2304 5574 et
2338 5515 2637 5572 honestiori
2668 5520 2920 5582 reSpectn
2961 5507 3198 5580 Rogerio
3228 5504 3428 5560 tribui?
3454 5500 3600 5558 Con-

2026 5614 2241 5670 cludam
2266 5606 2673 5683 argumentum,
2703 5605 2745 5660 si
2770 5606 2944 5660 altero
2974 5600 3216 5671 ejusdem
3240 5597 3341 5652 sevi
3372 5595 3602 5666 scripto-

2030 5707 2108 5762 ris
2137 5702 2447 5761 tcstimonio
2478 5700 2801 5771 probavero,
2831 5693 3124 5766 Bogerium
3152 5691 3421 5745 honorum
3452 5685 3604 5742 simi-

2030 5797 2162 5851 lium
2239 5809 2302 5850 ae
2364 5791 2688 5864 dignitatum
2753 5799 3013 5857 perquam
3077 5779 3337 5851 cupidum
3411 5776 3599 5842 fuisse,
