3826 6514
190 337 262 399 63
1477 341 1757 403 ιΕοΝις
1795 338 2096 399 ALLATlI
3355 343 3430 408 σι

169 459 476 515 nomenque
541 443 881 516 imperatoris
943 460 1288 516 summopere
1353 457 1624 518 captasse.
1693 447 1747 504 Is
1775 465 1818 520 Α
1847 447 2230 518 Metaphrastz
2257 445 2437 501 Psello
2467 445 2693 514 seniori,
2734 446 2830 518 qui
2865 457 3086 504 centum
3115 465 3291 506 annos
3327 468 3428 508 an-

169 537 336 592 l’uerit
394 534 635 592 Joannes
710 535 1007 593 Cinnamus
1087 536 1320 594 Historia
1379 539 1576 596 librum
1661 559 1743 599 ιιι.

179 626 452 700 Ῥογέριος
485 629 541 683 δι
591 630 778 701 insidi]
813 630 908 683 τοῦ
959 631 1102 685 κατὰ
1147 635 1348 686 σκοπὸν
1389 634 1568 707 ἔτυχε,
1606 637 1743 707 πρέ-

170 723 318 785 σϐεις
353 724 433 786 si;
480 721 710 792 βασιλέα
766 723 1043 793 Ἰωάννην,
1075 725 1155 779 ἔτι
1186 728 1445 796 περιόντα
1485 729 1742 799 πέμψας,

167 816 344 886 ᾐτεῖτο
385 817 579 885 κήδους
619 815 713 868 τοῦ
760 817 825 869 ὲκ
871 815 1157 887 βασιλείων
1188 819 1433 886 αἱμάτων
1464 819 1557 874 ἐπὶ
1592 820 1744 874 παιᾶ

165 905 459 972 τεύξασθαι
509 906 586 975 τῷ
632 908 819 962 αὐτοῦ.
863 908 1006 961 Ἀλλ’
1039 907 1193 962 olim.)
1235 904 1348 978 εἶχε
1379 910 1445 963 τὰ
1476 912 1573 978 τῆς
1606 928 1742 980 πρε-

170 997 376 1061 σϐείας,
404 997 498 1052 καὶ
533 999 784 1070 Ἰωάννης
806 1000 897 1053 τὸν
921 1001 1032 1070 βίον
1053 1002 1336 1054 κατέλυσε.
1363 1002 1517 1055 Mati
1541 1003 1594 1055 δέ
1623 1020 1743 1056 τινα

167 1089 356 1159 χρόνον
398 1089 651 1158 hia-Ioui}
699 1090 799 1159 ᾒδη
835 1091 929 1160 τὴν
961 1092 1389 1162 αὑτοκρατορὶαν
1440 1093 1740 1158 διέποντος,

164 1181 337 1232 ταυτα
368 1181 463 1233 καὶ
510 1180 670 1232 πάλιν
701 1181 919 1249 πέμᾲας
949 1183 1121 1251 ὴξξου.
1151 1182 1310 1236 ὈΟεν
1341 1184 1432 1235 καὶ
1471 1183 1743 1254 βασίλειὸς

164 1287 250 1333 τις
279 1271 567 1340 ἐπώνυμον
597 1273 771 1342 Ξηρδς
811 1275 888 1336 εἰς
925 1273 1177 1326 Σικελίαν
1205 1275 1421 1342 ἀφῖκτο,
1479 1275 1742 1346 Ῥογερὶῳ

167 1367 297 1436 περὶ
353 1365 542 1418 τούτου
595 1365 988 1434 διαλεξόμενος.
1057 1364 1198 1419 Ἀλλ’
1265 1365 1471 1429 ἐκεῖνος
1533 1367 1743 1437 χρυσίῳ

168 1453 398 1518 κλαπεὶς
427 1453 558 1522 παρ’
592 1455 755 1508 αὑτοῦ
790 1455 1054 1510 ἀλλόκοτά
1081 1473 1202 1509 τινα
1228 1455 1523 1526 ὡμολόγει,
1571 1450 1646 1510 ὧν
1677 1456 1743 1526 δὴ

169 1545 464 1612 κεφάλαιον
511 1541 579 1614 ἦν
617 1546 677 1599 τὸ
710 1549 767 1600 ἐν
819 1549 920 1619 ἴσῳ
966 1548 1254 1618 μεγαλεῖον
1313 1549 1534 1603 Βασιλεί
1559 1567 1616 1602 τε
1649 1547 1742 1600 τοῦ

167 1635 355 1688 λοιποῦ
379 1639 471 1690 καὶ
512 1637 782 1710 Ῥογέριον
809 1639 1054 1694 ἔσεσθαι.
1100 1640 1259 1695 Ὅθεν
1287 1641 1349 1712 δὴ
1374 1641 1472 1706 τὰς
1504 1641 1744 1712 μεγάλας

169 1726 548 1797 ἀναρραγῆναι
583 1728 895 1800 ξυμϐέϐηκε
948 1732 1148 1802 μάχας.
1197 1731 1414 1802 Ἐπειδὴ
1447 1733 1555 1802 γὰρ
1582 1735 1610 1786 ὁ
1643 1733 1746 1803 μὲν

1848 548 2144 595 tecesserat
2177 537 2529 593 attribuisse?
2566 538 2689 607 ipse
2735 539 3207 610 scripseram'sub
3247 542 3436 600 Leone

1848 641 1904 687 et
1925 631 2284 686 (.onstantino
2306 630 2749 701 lletapbrastem,
2778 648 2888 687 non
2917 633 3019 688 sub
3042 633 3428 701 Constantino,

1849 722 2070 777 excluso
2110 721 2314 784 Leone,
2349 733 2565 778 aetatem
2593 724 2787 796 egisse,
2819 725 2966 795 quod
3005 727 3227 782 abunde
3263 743 3428 799 supra

1847 813 2134 880 probatum
2179 813 2455 868 existimo.
2505 813 2610 869 Sed
2662 817 2783 886 quis
2835 833 2962 872 vere
3007 817 3153 871 dicet
3191 818 3428 875 Psellum

1849 902 2267 970 Metaphrastem
2312 906 2658 974 praecessisse
2701 919 2920 962 centum
2966 909 3176 963 annos?
3219 909 3432 966 Vixerit

1849 994 1952 1048 sub
2001 993 2306 1064 Theophilo
2355 995 2584 1057 Psellus,
2637 997 2749 1052 imo
2795 1000 2897 1053 sub
2941 998 3123 1054 Leone
3163 1002 3428 1067 Armenn,

1845 1087 2068 1141 vivebat
2097 1087 2200 1140 sub
2229 1085 2409 1141 Leone
2440 1089 2684 1157 sapiente
2721 1088 3118 1160 lletaphrastes
3145 1108 3256 1146 non
3297 1094 3432 1149 ado-

1848 1178 2082 1244 lescens,
2123 1179 2216 1233 sed
2266 1189 2429 1234 aetate
2475 1192 2709 1245 matura,
2757 1193 3119 1254 provectaque
3165 1194 3220 1238 et
3263 1185 3431 1240 dubio

1847 1270 2037 1338 procul
2069 1271 2269 1324 media.
2317 1268 2617 1325 Numerant
2647 1273 2716 1326 ab
2746 1274 2985 1328 Armeno
3016 1275 3084 1329 ad
3121 1275 3425 1345 sapientem

1848 1376 2024 1415 annos
2068 1361 2134 1414 75
2176 1362 2245 1416 ab
2271 1362 2576 1433 Theophilo
2620 1379 2794 1418 annos
2841 1365 2934 1428 65,
2979 1365 3026 1420 si
3069 1366 3136 1422 dc
3171 1366 3430 1422 defuncto

1849 1452 2216 1523 Metaphraste
2247 1471 2427 1510 sermo
2457 1466 2561 1521 est,
2597 1466 2710 1511 tum
2743 1457 2905 1527 plane
2935 1457 3062 1510 anni
3091 1467 3310 1514 centum
3341 1459 3428 1514 in-

1847 1547 2150 1602 tercedant.
2190 1545 2297 1602 Sed
2337 1549 2462 1618 quis
2490 1557 2598 1604 tam
2633 1551 2914 1618 perspicax
2941 1550 3083 1604 diem
3110 1547 3293 1604 obitus
3316 1551 3428 1606 Me-

1850 1639 2142 1708 taphrasta:
2179 1650 2332 1694 certo
2382 1640 2713 1710 signaverit?
2750 1642 3094 1696 Constantini
3139 1643 3425 1712 imperium

1848 1729 2224 1800 longissimum
2273 1729 2398 1796 fuit,
2447 1741 2504 1784 et
2544 1731 2774 1785 aliorum
2816 1732 3188 1788 dominatione
3227 1733 3442 1804 sapius-

167 1812 343 1889 Ξηρὸς
374 1819 453 1880 sl;
503 1799 796 1882 Βυζάντιον
827 1799 1066 1875 ἐπανιών
1099 1822 1192 1874 τὸν
1227 1821 1340 1892 βίον
1377 1799 1743 1894 παιέοτρενψε,

1860 1799 2235 1890 interruptum.

167 1906 325 1978 δίκην
367 1908 519 1963 οῠπω
550 1909 660 1965 τῶν
705 1912 1122 1984 τετολμημένων
1163 1912 1318 1979 δοὺς,
1360 1913 1616 1984 βασιλεὺς
1645 1915 1748 1970 ὅσα

168 1999 264 2053 καὶ
292 1999 569 2071 ἀθύρμασι
592 2005 712 2066 ταῖς
732 2004 942 2056 ἐκείνου
975 2003 1299 2073 πρεσϐείαις
1333 2007 1746 2077 προσεσχηκὼς,

178 2088 454 2162 Ῥογέριον
520 2092 686 2146 αὑτοῦ
737 2092 947 2164 χαίρειν
993 2092 1101 2146 εἴα.
1151 2092 1400 2165 Rogerius
1443 2112 1582 2161 vero,
1633 2113 1751 2167 qua:

169 2184 282 2253 ipse
332 2185 572 2254 cupiebat
621 2195 888 2238 assecutus
943 2186 1013 2240 ad
1063 2187 1435 2256 imperatorem
1487 2187 1749 2244 Joannem

169 2274 342 2328 adhuc
387 2277 716 2342 superstitem
753 2275 1048 2330 oratoribus
1101 2279 1274 2333 missis
1309 2297 1374 2334 ea:
1409 2281 1749 2350 imperatorio

168 2382 355 2439 genere
403 2367 673 2421 mulierem
709 2377 927 2435 nuptum
969 2367 1080 2436 [ilio
1119 2386 1213 2424 suo
1267 2371 1440 2426 locare
1483 2373 1746 2442 poscebat.

171 2455 278 2513 Sed
305 2457 535 2512 nondum
564 2459 755 2530 legatio
783 2457 940 2527 finem
971 2459 1251 2527 habuerat,
1284 2471 1332 2517 et
1373 2461 1602 2517 Joannes
1636 2465 1748 2532 {ato

169 2548 494 2622 defungitur.
545 2548 670 2604 Post
708 2549 924 2620 aliquod
959 2559 1160 2622 tempus
1208 2569 1326 2607 cum
1361 2553 1573 2609 Munuel
1605 2572 1750 2608 sum-

172 2656 315 2697 mum
341 2641 547 2710 imperii
571 2641 993 2708 administraret,
1013 2643 1124 2698 lucc
1149 2645 1330 2699 eadem
1358 2663 1540 2702 rursus
1563 2646 1750 2717 legatis

173 2731 345 2785 missis
375 2731 697 2800 postulabat.
738 2733 874 2788 llinc
899 2733 1136 2789 Basilius
1165 2737 1382 2807 quidam
1415 2748 1751 2808 cognomento

174 2817 342 2878 Xerus
373 2821 615 2878 Siciliam
650 2827 787 2878 venit
812 2824 877 2880 de
903 2827 984 2880 his
1006 2843 1124 2881 cum
1144 2825 1364 2898 Rogerio
1389 2838 1712 2884 tractaturus
1733 2846 1752 2884 :

172 2913 265 2968 sed
301 2930 432 2967 auro
477 2932 510 2968 a
558 2914 778 2988 Rogerio
815 2920 1082 2986 seductus,
1121 2922 1356 2977 absurda
1400 2931 1639 2996 quwdam
1691 2942 1756 2980 ex

172 3022 246 3072 se,
277 3015 434 3078 atque
462 3007 718 3064 immania
755 3013 1088 3079 concedebat,
1119 3032 1341 3086 quorum
1368 3027 1526 3086 caput
1556 3035 1669 3072 erat
1700 3019 1754 3072 in

1926 1912 2132 1966 Scribit
2167 1911 2481 1974 Bollandus,
2511 1927 2597 1966 me
2625 1913 2678 1966 in
2711 1913 2949 1968 Diatriba
2979 1915 3048 1970 de
3077 1914 3265 1970 Psellis
3293 1913 3428 1976 cen-

1849 2018 1994 2066 sere,
2045 2002 2388 2072 Panegyrim
2457 2003 2606 2055 illaut
2661 2004 2714 2056 in
2761 2003 3171 2073 Metaphrastem
3221 2004 3428 2073 juniori

1849 2095 2026 2151 Psello
2060 2095 2364 2165 adjudicari
2387 2096 2530 2149 nullo
2555 2113 2766 2166 prorsus
2792 2106 3118 2166 argumento.
3149 2095 3444 2150 Auctorem.

1846 2189 1992 2244 illius
2041 2188 2297 2242 orationis
2341 2188 2569 2242 Psellum
2621 2188 2846 2240 alterum
2901 2204 3029 2250 esse,
3085 2204 3185 2240 non
3235 2186 3424 2241 Leonis

1846 2280 2138 2351 philosophi
2169 2282 2502 2350 magistrum,
2530 2297 2797 2349 utinquam
2827 2280 3102 2344 ericturos,
3124 2279 3213 2350 qui
3243 2289 3424 2332 contra

1848 2375 2104 2428 sentiunt.
2135 2370 2453 2436 Videamus,
2483 2371 2612 2440 quid
2647 2371 2763 2440 ipse
2795 2369 3049 2433 sentiam,
3081 2385 3205 2424 cum
3233 2369 3300 2424 de
3329 2369 3430 2422 Ba-

1851 2465 2008 2520 ronio
2059 2465 2126 2519 ad
2177 2464 2452 2518 seniorem
2503 2462 2742 2516 l’sellum
2792 2463 3108 2532 panegyrim
3159 2459 3448 2516 referente-

1851 2566 2026 2612 tracto
2059 2573 2183 2628 pag.
2213 2557 2299 2611 ll.
2334 2556 2402 2610 Et
2437 2572 2528 2609 nos
2560 2555 2631 2608 ad
2662 2571 2942 2625 quemnam
2983 2553 3213 2608 Psellum
3258 2553 3428 2607 oratio

1851 2649 1947 2704 illa
1997 2651 2183 2722 referri
2228 2641 2433 2714 debeat,
2477 2660 2618 2704 certo
2662 2650 2925 2719 afﬁrmare
2971 2663 3073 2701 non
3109 2660 3378 2715 possumus
3408 2660 3429 2698 :

1852 2741 2156 2812 conjectura
2193 2751 2391 2804 tamen,
2423 2756 2588 2809 eaque
2617 2739 2876 2793 levissima
2907 2738 3149 2792 ducimur
3176 2737 3313 2789 hunc
3342 2750 3430 2789 re-

1853 2835 2134 2887 centiorem
2167 2849 2276 2887 esse
2321 2832 2462 2885 illius
2493 2840 2759 2884 auctorem
2787 2847 2805 2884 :
2833 2829 2970 2900 quod
3017 2838 3066 2882 et
3105 2832 3259 2899 plura
3302 2825 3432 2882 scri-

1853 2925 2014 2994 pserit
2055 2924 2108 2976 in
2152 2923 2294 2977 omni
2350 2921 2651 2990 disciplina,
2716 2930 2765 2973 et
2827 2921 3136 2989 scriptorum
3196 2919 3431 2971 omnium

1854 3015 2025 3086 gloria
2050 3014 2410 3068 celeberrimus
2435 3013 2614 3082 fuerit.
2646 3013 2722 3064 An
2753 3028 2870 3065 vero
2907 3011 3078 3064 senior
3113 3010 3202 3064 ille
3229 3009 3430 3080 aliquid

174 3097 297 3167 pari
342 3097 615 3169 dignitatis
657 3104 827 3172 gradu
880 3102 1220 3174 imposterum
1271 3125 1391 3161 cum
1441 3105 1830 3177 imperatoreC
1861 3108 2052 3175 scripto
2110 3107 2408 3171 tradiderit,
2458 3114 2597 3159 certo
2653 3121 2756 3157 non
2823 3110 3046 3157 constat.
3092 3097 3197 3167 Qui
3266 3107 3428 3169 negat

175 3188 457 3261 Rogerium
488 3192 745 3266 futurum.
781 3193 922 3252 Hinc
951 3199 1183 3270 ingentia
1225 3200 1364 3256 bella
1393 3212 1577 3256 exorta
1607 3212 1749 3256 sunt.

177 3283 308 3336 Cum
332 3285 469 3338 enim
499 3283 666 3340 Xerus
699 3285 1015 3358 Byzantium
1042 3293 1245 3347 rediens
1274 3303 1491 3348 mortem
1521 3295 1753 3358 obiisset,

179 3375 362 3443 panis,
395 3393 524 3447 quas
557 3378 645 3432 ille
673 3389 934 3434 meruerat
962 3379 1022 3435 ob
1052 3399 1113 3437 ea
1139 3400 1256 3454 qua:
1289 3384 1598 3454 deliquerat,
1625 3401 1755 3439 non-

181 3468 304 3520 rlum
345 3467 641 3538 persolutis,
690 3470 978 3543 imperator
1019 3474 1162 3530 illius
1205 3473 1547 3548 legationibus
1596 3475 1756 3531 ueluti

183 3555 398 3612 ludicris
435 3559 672 3639 animum
714 3578 816 3616 non
850 3564 1144 3630 advertens,
1181 3582 1264 3620 res
1310 3566 1520 3639 Rogerii
1561 3569 1750 3636 minus,

182 3637 471 3719 minusque.
492 3643 1008 3725 impendio'curavit.
1044 3657 1180 3714 llinc
1206 3637 1471 3729 quantum
1509 3659 1626 3714 ﬁeri
1659 3661 1755 3717 de-

181 3741 305 3798 beat
333 3744 597 3800 correctio
622 3745 708 3802 illa
735 3747 803 3802 dc
831 3747 991 3818 ρόγου
1017 3757 1074 3804 et
1100 3749 1266 3821 ρόγας
1293 3749 1532 3818 prudens
1555 3749 1760 3806 indicet

181 3833 372 3892 lector.
419 3835 487 3894 Et
537 3839 652 3894 hmo
683 3840 904 3911 quidem
950 3857 1049 3914 pro
1090 3852 1252 3899 astate
1292 3839 1662 3914 Theophanis,
1703 3851 1760 3898 et

183 3924 562 3999 Metaphrastze
591 3931 660 3986 ad
700 3931 977 3990 Se‘orsum.

251 4021 410 4079 Nunc
461 4021 530 4080 ad
589 4023 910 4084 Bollandum
978 4037 1365 4086 convertamus
1435 4028 1755 4088 orationem.

183 4110 478 4171 Postremis
535 4115 648 4172 suis
693 4119 878 4175 verbis
928 4119 1224 4176 Bollandus
1271 4121 1329 4177 in
1381 4137 1470 4179 me
1525 4123 1761 4178 latenter
1803 4153 1811 4162 -

181 4206 378 4279 stylum
409 4209 644 4267 exacuit.
686 4209 1088 4283 lgnoscendum
1128 4228 1326 4285 nempe
1353 4228 1476 4271 esse
1502 4214 1754 4284 Baronio,

183 4297 274 4370 qui
306 4313 430 4354 cum
461 4299 680 4356 aliunde
707 4309 923 4358 aetatem
958 4301 1339 4374 Metaphrastae
1373 4321 1480 4360 non
1513 4306 1756 4373 haberet,

184 4389 550 4446 laudationem
587 4390 731 4445 illam
779 4390 832 4446 in
876 4391 1297 4463 Metaphrastem
1345 4392 1522 4450 Pscllo
1558 4395 1758 4451 seniori

1863 3196 2069 3260 Omnia,
2129 3205 2291 3265 negat
2345 3211 2562 3265 quoque
2618 3193 2935 3264 Panegyrim
2989 3193 3132 3246 illam
3197 3190 3430 3246 senioris

1862 3287 2024 3342 Pselli
2067 3287 2257 3342 fuisse.
2297 3287 2364 3342 Et
2405 3286 2495 3355 qui
2542 3285 2804 3340 orationis
2855 3283 3001 3338 illius
3048 3291 3325 3337 auctorem
3374 3279 3429 3332 in

1835 3379 2094 3436 vdubium
2139 3378 2194 3432 in
2222 3379 2598 3454 incertumque
2631 3385 2864 3432 revocat.
2903 3376 3039 3430 nihil
3081 3377 3146 3431 de
3181 3390 3246 3430 eo
3281 3383 3434 3430 certo

1864 3470 2090 3538 statuit;
2126 3479 2181 3524 et
2211 3470 2302 3540 qui
2330 3469 2510 3540 potius
2548 3469 2613 3523 ad
2652 3469 3006 3524 recentiorem
3038 3468 3218 3532 refert,
3248 3465 3431 3521 senio.

1865 3580 1980 3620 rem
2015 3562 2272 3618 excludit.
2307 3560 2419 3616 Imo
2447 3561 2585 3614 intra
2613 3575 2736 3630 pag.
2767 3560 2834 3614 55
2871 3559 3228 3629 apertissimis
3253 3557 3438 3612 verhis

1864 3657 2042 3712 Psello
2083 3653 2286 3726 juniori
2333 3651 2576 3721 ascripsi.
2621 3648 2728 3706 Sed
2771 3651 2878 3706 dixi
2931 3649 3242 3720 l’anegyrim
3287 3647 3434 3702 illam

1865 3749 2019 3803 nullo
2055 3757 2374 3817 argumento
2406 3745 2706 3813 adjudicari
2747 3743 2922 3796 Psello
2951 3741 3172 3810 iuniori.
3205 3749 3259 3794 et
3300 3739 3437 3795 alte-

1867 3856 1987 3895 rum
2041 3838 2275 3894 Psellum
2335 3851 2454 3892 esse
2515 3853 2624 3890 non
2666 3833 2864 3890 Leonis
2911 3834 3220 3904 Philosophi
3273 3833 3440 3905 magi.

1867 3939 2040 3985 strum
2093 3943 2371 3998 nunquam
2429 3927 2702 3982 evicturos
2751 3926 3066 3997 (Bollandus
3116 3924 3284 3989 addit,
3345 3925 3435 3995 qui

1868 4018 2028 4074 aliter
2047 4019 2302 4073 sentiunt.
2335 4016 2438 4072 Sed
2469 4031 2578 4071 non
2609 4015 2858 4081 Allatius,
2887 4019 2978 4086 qui
3013 4015 3057 4069 si
3081 4015 3207 4085 quid
3238 4015 3438 4069 aluere

1866 4110 2049 4176 vellet,
2101 4109 2324 4164 adderet
2376 4109 2508 4176 sine,
2551 4107 2653 4162 ulla
2707 4107 3069 4176 haesitatione)
3145 4107 3436 4171 haereticos,

1867 4212 2056 4258 contra
2084 4213 2221 4272 quos
2251 4209 2364 4254 tum
2391 4199 2602 4269 agebat,
2649 4206 2704 4252 et
2736 4197 3154 4268 Melaphrastem
3184 4211 3248 4251 ex
3281 4205 3440 4251 actate

1865 4294 2026 4349 Pselli
2061 4292 2349 4364 panegyris
2386 4289 2627 4346 auctoris
2654 4289 3056 4346 contendebant
3096 4303 3217 4343 esse
3245 4301 3439 4342 recen-

1868 4385 2161 4442 tissimum.
2195 4383 2419 4439 Frustra
2454 4383 2600 4437 enim
2641 4397 2876 4459 operam.
2895 4388 3194 4445 sumerent,
3227 4378 3442 4433 etiamsi

182 4481 513 4552 adiudicavit
541 4499 555 4536 :
586 4498 696 4538 non
729 4481 856 4538 item
878 4483 1096 4549 Allatio,
1131 4486 1226 4554 qui
1261 4500 1384 4540 cum
1413 4502 1537 4540 eum
1563 4501 1760 4557 posue-
1795 4491 1842 4544 ι)
1869 4479 1920 4533 id
1948 4479 2075 4534 totis
2099 4477 2306 4531 viribus
2330 4483 2684 4530 conarentur.
2712 4473 2865 4528 Licet
2885 4472 3030 4527 enim
3059 4477 3440 4543 argumentum

183 4572 257 4627 rit
281 4565 766 4629 sub'Constantino
799 4575 1288 4648 Porphyrogenito,
1335 4595 1444 4634 non
1485 4581 1762 4651 perspexit

185 4661 606 4733 Metaphrastcm
657 4681 766 4720 non
814 4669 1055 4738 potuisse
1106 4670 1314 4726 laudari
1365 4681 1638 4728 mortuum
1691 4673 1760 4730 ab

183 4755 278 4811 illo
307 4755 502 4823 Psello;
532 4757 623 4827 qui
661 4774 785 4813 eum
827 4771 1068 4829 centum,
1125 4771 1185 4817 ut
1234 4764 1542 4830 minimum,
1589 4781 1763 4822 annos

182 4856 572 4906 antecesserat.
610 4847 728 4924 [68]
774 4850 1002 4922 Vapulo,
1040 4855 1183 4924 quod
1229 4855 1308 4910 rei
1365 4867 1570 4926 partem
1612 4857 1766 4928 igno-

183 4941 454 5009 raverim;
495 4943 639 5013 quod
679 4952 886 5013 partem
927 4945 1204 5012 sciverim,
1231 4947 1459 5022 aliisque
1490 4949 1764 5005 indicave-

185 5032 308 5098 rim,
362 5034 544 5090 nullus
590 5033 746 5091 sum?
792 5035 1175 5107 Metapbrastze
1238 5049 1456 5096 aetatem
1519 5040 1761 5112 ignotam

186 5121 471 5189 hactenus,
496 5131 550 5179 et
579 5124 1002 5195 suspicionibus,
1027 5127 1202 5198 iisque
1235 5127 1530 5184 levissimis
1555 5129 1764 5197 nixam,

184 5221 390 5270 certam
423 5221 584 5285 atque
617 5216 896 5272 indubiam
925 5217 1041 5290 ipse
1068 5220 1278 5290 primus
1303 5221 1512 5294 signavi
1539 5243 1551 5278 :
1583 5236 1764 5292 neque

189 5313 476 5378 propterea
511 5307 673 5364 nimis
721 5309 853 5363 mihi
898 5325 1111 5383 arrogo,
1161 5312 1411 5384 quamvis
1457 5313 1662 5384 aliquid
1712 5311 1765 5366 id

187 5411 405 5470 quoque
447 5397 540 5462 sit,
579 5407 634 5452 et
671 5399 737 5454 ad
775 5399 1102 5458 refellendos
1163 5404 1450 5460 haereticos
1487 5405 1578 5474 qui
1625 5400 1766 5458 Vitis

189 5497 502 5544 sanctorum
531 5490 868 5546 tantumdem
900 5491 1214 5560 detrahunt,
1247 5496 1620 5566 pietatemque
1646 5509 1768 5564 qua:

192 5597 258 5637 ex
284 5596 474 5637 eorum
509 5580 742 5638 lectione
781 5583 1102 5658 percipitur,
1134 5587 1644 5651 constabiliendam,
1674 5583 1771 5640 ad-

188 5673 414 5732 modum
473 5673 872 5733 neeessarium.
927 5675 992 5732 Et
1043 5679 1272 5734 miratur
1325 5678 1620 5734 Boilandus
1681 5689 1769 5730 me

194 5774 435 5840 tempora
488 5767 728 5826 exactius
783 5784 892 5825 non
939 5770 1251 5844 digessisse,
1298 5779 1351 5827 et
1401 5768 1771 5828 laudationem

1863 4571 2107 4626 Bollandi
2154 4570 2220 4625 de
2263 4577 2424 4623 aetate
2465 4565 2656 4631 Pselli,
2705 4566 2798 4636 qui
2840 4573 2968 4620 ante
3017 4563 3440 4634 Metaphrastem

1862 4663 1973 4719 vita
2016 4672 2346 4724 excesserat,
2379 4659 2760 4732 gravissimum
2793 4657 2885 4720 sit,
2928 4655 3068 4710 nihil
3110 4665 3290 4712 tamen
3336 4653 3440 4724 ipsi

1866 4755 2276 4821 concluderent,
2313 4769 2437 4810 cum
2466 4750 2800 4821 respondere
2833 4756 3058 4819 possent
3093 4747 3284 4802 eodem
3321 4747 3444 4816 ipso

1866 4865 1982 4904 aevo
2065 4849 2405 4905 Constantini
2473 4847 2592 4921 [69]
2671 4842 3122 4916 Porphyrogeniti
3205 4842 3442 4898 Pscllum

1867 4941 2059 5009 fuisse,
2091 4941 2174 4995 vel
2211 4941 2462 4994 eumdem
2501 4938 2882 5008 Metaphrastae
2909 4934 3317 4996 cncomiastem,
3358 4931 3445 4988 vel

1866 5031 2034 5086 alium
2071 5030 2331 5095 omnino;
2363 5037 2511 5084 certe
2555 5028 2765 5084 Pselius
2803 5026 3086 5082 Michaelis
3120 5026 3272 5081 duca:
3301 5039 3446 5096 pras-

1869 5131 2058 5191 ceptor
2079 5135 2204 5175 esse
2236 5135 2342 5174 non
2375 5119 2572 5190 potuit,
2617 5128 2676 5174 ct
2723 5134 2846 5174 cum
2891 5117 3229 5192 diversuma
3269 5117 3448 5187 primo

1869 5214 1961 5269 illo
1988 5213 2154 5270 fuisse
2183 5212 2359 5268 evinci
2399 5227 2508 5266 non
2545 5219 2750 5284 posset,
2787 5209 3154 5266 ﬁrmissimum
3184 5209 3448 5280 quodam-

1871 5307 2034 5360 modo
2061 5313 2328 5368 remanet,
2364 5303 2801 5372 antiquissimum
2831 5301 2997 5355 fuisse
3030 5316 3044 5354 :
3071 5309 3126 5354 et
3149 5301 3316 5356 fuisse
3343 5299 3446 5354 sub

1871 5395 2386 5467 Porphyrogenneta
2431 5393 2792 5450 Constantino
2836 5407 2904 5447 ex
2940 5390 3136 5449 latrico
3181 5389 3344 5447 Pselli
3377 5393 3444 5445 ad

1871 5485 2292 5542 Constantinum
2369 5484 2982 5555 Porphyrogennetam,
3054 5482 3211 5554 cujus
3286 5484 3448 5536 nobis

1873 5577 2122 5652 prooemii
2151 5579 2358 5648 c0piam
2387 5577 2580 5633 fecerit
2615 5575 2963 5632 doctissimus
2996 5573 3253 5630 Melchior
3289 5572 3447 5628 lucu-

1875 5673 1974 5737 fcr,
2007 5680 2062 5728 ct
2091 5671 2297 5743 legitur.
2333 5669 2388 5724 in
2425 5669 2686 5724 Vaticana
2723 5665 3070 5727 bibliotheca,
3107 5671 3162 5720 et
3193 5663 3342 5730 alibi,
3377 5663 3446 5717 de

1872 5778 1980 5836 quo
2014 5760 2510 5818 animadvertebam
2546 5773 2667 5833 pag.
2697 5757 2784 5815 89.
2816 5755 2932 5812 Sive
2965 5755 3101 5810 enim
3143 5754 3452 5812 Constanti-
