3826 6488
254 376 322 437 67
1548 367 1825 429 LEONIS
1857 365 2159 428 ALLATII
3423 363 3500 425 68

312 481 449 540 Nam
529 480 706 554 excipi
757 478 973 536 videtur
1021 477 1247 532 heroum
1282 474 1415 531 illud
1446 490 1639 547 genus.
1666 474 1827 531 Jose-
1856 487 1900 545 Α
1929 474 2117 529 salutis
2146 472 2271 530 900.
2330 471 2395 526 Et
2446 472 2523 527 de.
2566 481 2727 529 aetate
2784 472 3164 545 Metaphrasta':
3200 476 3315 533 haec
3369 478 3506 534 satis

243 580 381 651 phus
410 576 669 647 Scaliger,
712 574 806 645 qui
837 574 891 628 in
921 586 1127 627 mnsxeo
1172 571 1388 626 abditus
1447 570 1819 640 inclusosque,

243 669 387 740 quod
419 684 484 723 ex
532 666 652 721 aliis
684 679 791 719 non
832 670 1103 734 potuerat,
1133 676 1194 716 se
1244 660 1500 732 magistro
1521 659 1730 726 didicit,
1766 667 1823 715 et

245 761 335 815 vix
364 757 614 814 delibatis
639 755 1118 827 conjugationibus
1138 753 1341 809 Grmcis
1372 752 1662 807 Homerum
1693 767 1819 807 cum

247 850 694 922 interpretatione
754 858 1060 915 arreptum,
1116 861 1222 900 uno
1288 853 1343 900 et
1390 843 1577 914 viginti
1630 844 1824 899 diebus

249 953 421 998 totum
445 941 633 995 didicit
666 941 930 1011 :poetica:
956 954 1089 993 vero
1125 936 1339 993 dialecti
1372 934 1615 1005 vestigiis
1650 934 1823 988 insis-

249 1045 370 1092 tens
398 1033 802 1106 grammaticam
834 1033 935 1086 sibi
984 1031 1084 1102 ipsi
1119 1029 1373 1085 formavit
1402 1047 1415 1082 :
1452 1042 1629 1096 neque
1661 1027 1823 1080 ullam

249 1129 410 1182 alium
447 1127 655 1188 didicit,
682 1141 844 1196 quam
875 1140 997 1194 qua:
1029 1125 1130 1178 sibi
1165 1137 1230 1177 ex
1268 1121 1511 1191 analogia
1536 1120 1827 1174 verborum

251 1220 659 1276 llornericorum
688 1221 968 1273 observata
1009 1216 1129 1270 fuit.
1165 1215 1422 1284 Reliquos
1472 1229 1599 1267 vero
1642 1222 1831 1283 poetas

255 1310 476 1365 Grarcos
530 1324 726 1363 omnes
770 1308 914 1362 intra
966 1315 1205 1376 quatuor
1263 1319 1481 1359 menses
1531 1302 1832 1358 devoravit.

255 1401 450 1456 Nescio
490 1417 560 1455 an
587 1401 748 1455 citius
791 1415 850 1455 se
884 1400 1235 1469 expediisset,
1266 1398 1310 1452 si
1352 1396 1407 1450 in
1448 1403 1656 1449 vastam
1712 1393 1833 1447 illos

255 1494 569 1561 voraginem
624 1490 787 1544 simul
854 1490 1133 1559 colligatos
1204 1486 1546 1558 projecisset.
1606 1483 1833 1539 Immani

255 1583 441 1637 fauces
462 1583 699 1637 diducta:
736 1581 907 1642 hiatu,
950 1595 1086 1649 quas
1117 1590 1224 1632 tam
1262 1574 1835 1647 operosus,indiscre-

258 1685 451 1745 Iusque
504 1674 660 1728 holus
696 1686 806 1726 non
850 1670 1226 1741 strangulavit,
1285 1669 1378 1725 sed
1408 1669 1479 1724 de
1518 1667 1603 1722 his
1646 1667 1737 1720 alii
1763 1666 1840 1721 di-

256 1773 381 1817 cent
408 1779 422 1815 :
465 1762 581 1832 ipse
602 1776 816 1831 nequeo
845 1760 977 1814 satis
1002 1760 1323 1813 decernere.
1361 1758 1567 1812 Addam
1600 1765 1839 1810 tantum-

1923 565 2116 621 multa.

1994 658 2089 713 llis
2113 657 2279 713 etiam
2316 666 2484 729 patet,
2517 672 2682 727 quam
2721 656 2958 712 absurde
3012 657 3048 712 ii
3101 667 3281 730 agant,
3318 660 3411 729 qui
3438 675 3504 715 ex

1929 766 2039 805 uno
2061 750 2429 820 Metaphraste
2457 751 2593 803 duos
2623 748 2832 805 faciunt
2870 764 2884 801 :
2919 751 3169 820 quamvis
3214 752 3362 806 enim
3393 751 3508 808 Mc-

1926 840 2220 910 taphrastse
2272 855 2573 909 cognomen
2619 855 2650 894 a
2698 840 3095 909 posterioribus
3146 841 3347 897 Grzecis
3385 843 3508 897 aliis

1924 930 2098 984 doctis
2149 929 2481 990 hominibus,
2541 937 2597 982 et
2642 927 2753 982 illis
2796 928 3135 999 potissimum
3204 929 3296 998 qui
3355 929 3511 984 Vitas

1927 1026 2240 1074 sanctorum
2284 1032 2394 1071 non
2433 1017 2572 1071 bene
2612 1026 2891 1081 consutas,
2945 1032 3122 1086 neque
3172 1018 3355 1087 aliquo
3417 1018 3508 1072 di-

1930 1111 2086 1166 cendi
2125 1111 2323 1165 decore
2353 1110 2697 1179 con5picuas,
2725 1125 2863 1163 nova
2897 1109 3111 1165 dicendi
3153 1109 3345 1173 forma,
3391 1126 3508 1165 no-

1930 1220 2105 1274 vaqne
2138 1204 2431 1273 figurarum
2463 1212 2735 1258 structura
2789 1217 2820 1255 a
2849 1217 2978 1255 rure
3030 1211 3084 1256 et
3112 1203 3255 1272 agris
3299 1202 3353 1256 in
3396 1204 3514 1259 ele-

1935 1296 2282 1367 gantissimas
2311 1295 2579 1354 civitates.
2612 1303 2673 1347 ut
2703 1309 2827 1348 cum
2856 1293 2978 1348 aliis
3002 1293 3213 1348 civibus
3238 1295 3511 1361 viverent,

1937 1390 2304 1451 deduxerunt,
2336 1396 2397 1442 ut
2438 1388 2493 1441 in
2545 1386 2908 1442 Constantino
2958 1387 3265 1455 Acropolita
3309 1387 3514 1441 factum

1936 1482 2193 1545 vidimus,
2226 1490 2467 1535 attamen
2496 1480 2625 1534 dum
2658 1479 2722 1533 de
2742 1478 3010 1550 Symeone
3043 1495 3224 1534 sermo
3262 1488 3363 1540 est.
3397 1480 3516 1533 solo

1937 1572 2321 1643 Metaphrastae
2371 1573 2699 1642 cognomine
2754 1571 2998 1625 contenti
3052 1570 3205 1625 fuere
3244 1588 3364 1626 cum
3394 1572 3517 1626 aliis

1939 1664 2372 1725 communicant,
2396 1662 2490 1717 τοῦ
2503 1649 2667 1726 ’νέου,
2703 1663 2948 1717 iunioris
2973 1663 3175 1718 addere
3211 1678 3518 1719 consueve-

1942 1763 2090 1809 runt.
2145 1754 2613 1820 Quemadmodum
2649 1755 2831 1823 itaque
2861 1754 3157 1808 absurdum
3207 1754 3518 1825 Metaphra-

256 1857 417 1911 modo
442 1854 679 1910 Psellum
726 1862 996 1916 nostrum,
1020 1850 1270 1922 quamvis
1298 1859 1354 1905 et
1392 1848 1594 1920 ingenii
1631 1848 1834 1903 acutis-
1862 1836 1911 1897 Β
1937 1856 2074 1902 stem
2132 1846 2430 1915 duplicare,
2484 1846 2554 1900 ita
2616 1860 2682 1900 ex
2723 1844 2991 1916 Symeone
3040 1862 3183 1900 novo
3218 1846 3516 1917 Theologo,

257 1948 377 2002 simi
416 1946 599 2013 fuerit,
635 1954 687 2001 et
724 1946 998 2000 memoriae
1050 1941 1406 1998 tenacissima:
1454 1950 1509 1995 et
1560 1955 1841 2010 nunquam

259 2038 556 2094 intermissi
588 2037 789 2091 laboris
836 2035 1115 2089 hominem
1146 2033 1337 2097 fuisse,-
1360 2048 1463 2087 nec
1493 2048 1655 2101 supra
1678 2047 1840 2102 quam

260 2130 438 2183 ferant
460 2128 609 2182 vires
644 2128 897 2180 humanae
921 2127 1203 2196 potuisse;
1243 2138 1412 2193 quare
1439 2138 1564 2177 cum
1599 2131 1847 2192 tempore

258 2231 315 2275 et
341 2228 498 2274 :rtate
540 2219 593 2272 in
647 2219 860 2283 studiis,
915 2226 972 2272 et
1003 2217 1368 2288 comparanda
1398 2215 1686 2286 prudentia
1718 2230 1848 2285 pro-

261 2310 479 2375 fecisse,
529 2319 585 2363 et
618 2309 756 2371 haec,
800 2324 920 2379 qua:
969 2324 1034 2363 ex
1086 2308 1204 2379 ipso
1244 2307 1553 2372 retulimus,
1593 2322 1701 2363 non
1736 2307 1843 2361 alia

260 2415 423 2468 quam
449 2398 592 2453 dicta
617 2408 773 2452 astate
800 2398 1478 2467 attentasse,ausisseque.
1524 2396 1849 2452 Pervenisse

263 2492 427 2546 etiam
457 2490 524 2543 ad
554 2488 860 2543 Romanum
911 2489 1201 2559 Diogenem
1246 2504 1315 2543 ex
1344 2490 1588 2559 ejusdem
1617 2488 1683 2543 ad
1714 2490 1851 2542 alios

264 2589 319 2633 et
346 2580 599 2633 eumdem
632 2578 992 2639 orationibus,
1018 2578 1383 2633 certissimum
1406 2576 1485 2632 fit.
1519 2576 1697 2644 Quare
1724 2592 1849 2632 eum

266 2671 501 2742 imperio
555 2670 740 2724 Basilii
777 2668 1040 2736 Junioris,
1090 2679 1146 2724 et
1204 2669 1549 2725 Constantini
1613 2670 1856 2742 Porphy-

264 2767 622 2831 rogennetae,
699 2760 801 2813 sub
880 2772 989 2828 quo
1085 2757 1476 2828 Metaphrastes
1564 2757 1852 2825 florebat,

266 2858 526 2919 nepotum
558 2849 701 2904 circa
732 2863 934 2902 annum
985 2846 1333 2903 millesimum
1384 2860 1572 2905 natum
1619 2865 1729 2904 non
1765 2850 1854 2904 in-

267 2957 507 3014 congrue
544 2942 882 3008 dixerimus;
932 2940 1283 3011 potuisseque
1330 2941 1616 2995 commode
1660 2942 1850 3007 abiis,

269 3036 363 3106 qui
393 3035 711 3090 defunctum
748 3032 1171 3103 Metaphrastem
1203 3033 1473 3100 viderant,
1497 3051 1617 3104 qua:
1650 3035 1705 3089 in
1736 3035 1856 3105 ejus

1937 1936 2055 1993 sive
2079 1938 2297 2007 juniore
2325 1948 2381 1993 et
2412 1936 2681 2009 Symeone
2722 1936 3092 2007 Metaphraste
3121 1955 3292 1993 unum
3338 1939 3519 1994 facere

1937 2022 2283 2102 Symeonem,
2313 2030 2459 2099 quod
2503 2031 2811 2100 suspicatur
2848 2029 3157 2093 Gretserns,
3189 2032 3522 2087 absurdissi-

1939 2136 2089 2175 mum
2144 2120 2330 2175 fnerit.
2378 2120 2699 2191 Suspicatur
2756 2123 2904 2176 enim
2964 2123 3298 2193 ipsissimum
3351 2123 3525 2178 Meta-

1939 2214 2220 2284 phrastem
2254 2228 2376 2269 esse
2419 2214 2747 2285 Symeonem
2780 2214 2936 2269 illum
2979 2215 3256 2270 Juniorem
3292 2214 3529 2271 Theolo-

1941 2322 2093 2377 gum,
2145 2305 2307 2375 cujus
2350 2303 2640 2360 Orationes
2686 2306 2755 2360 de
2810 2306 3056 2361 moribus
3106 2306 3431 2363 Christianis
3458 2309 3528 2375 fet

1943 2398 2292 2453 monasteriis
2326 2401 2490 2454 vertit
2516 2413 2584 2454 ex
2607 2397 2799 2454 Greco
2823 2399 3100 2453 Pontanus
3126 2408 3183 2454 et
3211 2400 3526 2469 publicavit.

1947 2488 2070 2543 Vult
2101 2490 2307 2545 dictum
2321 2489 2604 2545 Juniorem
2621 2490 2954 2561 'l'heologum
2984 2500 3234 2561 respectu
3251 2490 3531 2562 θηῑίῳιὶοο

1945 2580 2021 2634 ris
2044 2578 2289 2651 Gregorii
2343 2579 2700 2643 Nazianzeni,
2741 2580 2833 2650 qui
2884 2579 3145 2650 Theologi
3175 2596 3376 2635 nomen
3401 2579 3535 2635 ade-

1949 2681 2074 2740 ptus
2102 2671 2302 2725 fuerat.
2330 2670 2527 2727 Snbdit
2558 2671 2615 2725 in
2651 2670 2832 2727 Indice
2874 2671 3227 2728 Bibliotheca
3258 2672 3534 2728 Vaticana!

1949 2763 2002 2817 in
2034 2764 2157 2818 cod.
2191 2762 2282 2828 58,
2317 2764 2419 2833 legi
2459 2780 2473 2817 :
2500 2763 2605 2816 Τοῦ
2662 2764 3059 2833 Μιταφραστοῦ
3108 2763 3278 2833 κυροῦ
3308 2760 3533 2831 Συμεὼν

1949 2853 2042 2907 τοῦ
2068 2853 2188 2907 νέου
2215 2853 2480 2923 θεολόγου
2512 2855 2643 2925 περὶ
2669 2854 2964 2925 προσοχῆς.
3012 2853 3392 2922 Hetapltrasta:
3424 2853 3537 2907 Dav

1952 2945 2372 3015 miniSymeonis
2394 2946 2533 3011 novi,
2564 2962 2656 3000 seu
2688 2945 2921 3016 junioris
2968 2926 3213 3018 Theologi
3242 2947 3307 3000 de
3353 2945 3540 2999 Atten—

1955 3038 2111 3090 tione.
2140 3035 2305 3091 Vides
2332 3051 2480 3100 eum,
2535 3036 2626 3103 qui
2650 3035 2837 3105 junior
2876 3036 3183 3108 Theologus
3211 3046 3319 3099 est,
3354 3037 3539 3092 nomio

272 3128 425 3182 obitu
450 3141 708 3193 evenere,
732 3126 940 3191 audire,
967 3136 1023 3180 et
1042 3126 1161 3180 aliis
1176 3125 1377 3195 scripto
1401 3127 1635 3182 tradere.
1655 3126 1856 3193 Quem-
1880 3168 1927 3230 Ο
1955 3127 2077 3180 nari
2108 3125 2569 3197 Metaphrastem?
2596 3124 2709 3181 Nec
2750 3126 2988 3189 obstare,
3013 3128 3157 3199 quod
3194 3127 3404 3183 Psellus
3431 3128 3537 3184 alia

273 3221 567 3276 admodum
609 3234 710 3291 ego
762 3220 875 3288 jam
920 3218 1034 3273 fere
1077 3218 1459 3289 sexagenarius
1515 3220 1681 3273 multa
1707 3235 1737 3273 a
1764 3234 1853 3273 se-

275 3313 544 3380 nioribus,
577 3313 672 3384 qui
704 3311 972 3376 viderant,
1013 3311 1332 3367 adolescens
1352 3311 1531 3366 audivi
1571 3320 1698 3367 ante
1728 3326 1859 3367 cen-

278 3413 392 3460 tum
420 3422 593 3460 annos
622 3415 791 3476 gesta.
821 3402 1005 3473 Ncque
1024 3403 1075 3457 id
1102 3403 1342 3473 implicat
1363 3407 1506 3457 aetati
1526 3395 1858 3473 mcaé,quam

280 3516 414 3571 ago;
442 3514 619 3569 neque
650 3497 882 3569 tempori
916 3513 1025 3568 quo
1051 3497 1168 3551 haec
1200 3496 1400 3550 scribo.
1434 3494 1612 3560 Quare
1639 3511 1740 3551 nec
1777 3503 1863 3550 est

278 3593 416 3647 alius
472 3590 678 3647 Psellus
711 3590 898 3660 junior
951 3588 1298 3659 quaerendus,
1357 3589 1448 3658 qui
1498 3588 1857 3643 laudationem

279 3686 423 3739 illam
446 3684 746 3755 scripserit.
774 3682 913 3749 Quid
944 3685 1011 3737 de
1052 3681 1229 3736 Psello
1253 3681 1517 3751 praefante.
1548 3681 1600 3734 in
1642 3680 1862 3750 Dioptra

280 3774 517 3846 Philippi
571 3774 915 3830 sentiendum
970 3774 1057 3839 sit,
1107 3774 1328 3829 abunde
1361 3772 1471 3827 dixi
1512 3772 1566 3826 in
1619 3772 1861 3827 Diatriba

282 3868 403 3924 mea
426 3869 495 3923 de
522 3868 736 3923 Psellis.

352 3960 527 4014 Nimis
552 3960 767 4014 tandem
798 3958 1077 4014 subtiliter
1101 3957 1442 4028 explicantur
1465 3956 1631 4011 verba
1663 3955 1823 4011 Pselli
1847 3974 1862 4022 ;

284 4050 413 4104 dum
446 4050 812 4105 narrationem
843 4064 941 4105 ore
960 4049 1157 4104 factam
1210 4064 1334 4102 cum
1384 4064 1469 4115 ea,
1510 4063 1631 4118 quae
1660 4052 1865 4117 scripto

287 4141 953 4197 traditur‘conl‘nndimus.
1006 4140 1092 4196 Ita
1127 4141 1411 4211 loquimur,
1457 4142 1629 4195 dicere
1661 4142 1868 4212 aliquid

286 4232 603 4299 Ciceronem,
673 4233 898 4299 Livium,
972 4232 1244 4294 Tacitum,
1302 4248 1402 4285 non
1462 4233 1613 4295 quasi
1645 4233 1683 4285 ii
1745 4243 1868 4286 tunc

287 4324 485 4389 vivant,
545 4326 635 4379 sed
706 4327 834 4397 quia
878 4325 1045 4379 omnis
1097 4324 1273 4379 celatis
1321 4323 1615 4377 hominibus
1654 4324 1864 4377 illorum

287 4418 485 4488 scripta
549 4416 852 4489 loquuntur.
878 4416 948 4472 Ut
983 4424 1190 4470 taceam
1225 4415 1370 4487 cogit
1418 4417 1722 4471 reverentia
1740 4416 1868 4479 viri,

1958 3218 2204 3285 ejusdem
2246 3218 2448 3288 scripta
2484 3234 2596 3273 non
2627 3221 2986 3285 recensuerit,
3024 3235 3127 3276 nec
3182 3220 3540 3275 monachatus

1961 3312 2309 3378 meminerit;
2360 3327 2489 3367 nam
2520 3311 2732 3367 Psellus
2761 3313 2896 3368 satis
2918 3313 3109 3369 habuit
3133 3313 3386 3369 historica
3413 3330 3541 3368 san-

1961 3414 2174 3460 ctorum
2237 3405 2512 3460 volumina
2565 3406 2857 3477 attingere,
2912 3415 2968 3461 et
3015 3407 3263 3462 brevitati
3315 3405 3542 3461 studens

1962 3512 2072 3551 non
2110 3496 2291 3552 omnia
2322 3497 2390 3554 de
2416 3512 2503 3558 eo.
2534 3514 2656 3568 qua:
2696 3507 2925 3569 poterat,
2980 3502 3071 3552 sed
3093 3499 3337 3569 quaedam
3364 3498 3542 3553 addu-

1964 3606 2089 3647 cere
2118 3590 2332 3657 voluit;
2369 3592 2668 3662 testarique
2688 3592 2923 3662 idipsum
2955 3592 3264 3647 cncomium
3303 3590 3459 3646 valde
3488 3599 3545 3644 et

1966 3683 2151 3746 rebus,
2183 3692 2237 3737 et
2263 3683 2443 3738 verbis
2463 3683 2764 3739 concisum.
2792 3683 3016 3739 Poterat
3051 3682 3233 3752 plures
3258 3682 3393 3735 alios
3428 3697 3547 3736 ma-

1968 3780 2278 3846 nuscriptos
2318 3777 2536 3831 codices
2583 3792 2712 3831 cum
2739 3791 2807 3831 ex
2836 3775 3116 3840 Vaticana,
3146 3782 3261 3828 tum
3312 3789 3378 3829 ex
3424 3773 3546 3827 aliis

1969 3867 2315 3923 bibliothecis
2354 3867 2622 3922 adducere
2652 3908 2667 3933 ,
2716 3866 2809 3936 qui
2861 3866 3281 3936 Metaphrastem
3338 3880 3543 3919 novum

1971 3959 2305 4032 Thcologum
2368 3961 2673 4015 nominant.
2736 3959 2961 4031 Συμεὼν
2991 3958 3085 4013 τοῦ
3143 3956 3545 4029 Μεταφροίστοῦ

1971 4054 2068 4107 καὶ
2098 4054 2219 4106 νέου
2259 4052 2522 4121 Θεολόγου
2567 4052 2838 4121 κεφάλαια
2868 4053 3051 4123 ἔτερα.
3074 4052 3346 4121 Symeonis
3376 4056 3546 4105 Meta-

1970 4146 2222 4216 pltrasta',
2259 4155 2306 4198 et
2319 4145 2554 4215 junioris
2583 4144 2824 4216 Tlteologi
2855 4146 3033 4212 capita
3063 4145 3196 4199 alia.
3227 4144 3334 4198 Τοῦ
3359 4144 3547 4197 Μετα-

1974 4232 2237 4304 φραστοῦ,
2274 4235 2305 4306 ἢ
2338 4234 2459 4287 νέου
2506 4233 2767 4301 Θεολόγου
2831 4234 2958 4307 περὶ
3013 4236 3187 4306 ἀρχῆς
3252 4233 3368 4305 βίου
3433 4235 3548 4297 τοῖς

1971 4327 2255 4398 ἀρχαρίοις
2315 4330 2585 4399 μοναχοῖς.
2641 4327 3036 4397 Μειαρὴναειω,
3067 4330 3174 4382 sive
3226 4328 3343 4382 noui
3386 4327 3549 4382 Theo-

1973 4419 2077 4490 logi
2092 4421 2155 4473 de
2192 4422 2450 4490 principio
2490 4423 2610 4477 vita:
2629 4421 2894 4475 Are/rariis
2923 4424 3210 4476 monachis.
3245 4422 3385 4477 Ante
3413 4420 3550 4477 Gre-

288 4525 449 4579 quem
475 4510 546 4563 ob
575 4508 873 4564 doctrinam
906 4508 1259 4575 singularem,
1282 4515 1338 4560 et
1366 4505 1603 4561 laborem
1633 4507 1863 4561 immeno
1889 4519 1942 4579 ι)
1973 4526 2178 4569 [serum
2202 4555 2214 4577 ,
2272 4512 2694 4584 metaphrastem
2745 4529 2869 4568 cum
2926 4514 3031 4568 hoc
3090 4529 3234 4569 noro
3269 4513 3548 4584 Theologo

291 4612 412 4651 sum
447 4610 798 4664 summopere
820 4594 1078 4661 suspicio.
1110 4594 1268 4647 Plura
1301 4608 1461 4664 posse
1490 4596 1674 4650 dicere
1699 4596 1870 4650 satius

292 4695 400 4753 est,
429 4702 590 4758 quam
645 4687 847 4741 dicere.
894 4684 991 4739 His
1030 4701 1245 4755 quoque
1297 4686 1563 4742 refellitur
1603 4689 1875 4742 sententia

293 4780 439 4835 l’etri
506 4778 744 4833 Lanselii
792 4778 1156 4848 disputatione
1213 4778 1549 4848 apologetica
1578 4779 1645 4833 de
1686 4790 1875 4835 sancto

294 4868 569 4941 Dionysio,
595 4879 757 4938 atque
782 4870 900 4938 ejus
924 4869 1163 4938 scriptis,
1206 4878 1409 4924 temere
1438 4869 1650 4925 decimo
1673 4873 1874 4927 smculo

297 4960 623 5034 Symeoncm
672 4961 1095 5030 Metaphrastt-m
1132 4960 1430 5030 pouentis:
1468 4977 1703 5032 namque
1747 4978 1873 5018 cum

296 5057 457 5111 initio
488 5057 618 5111 noni
659 5053 1053 5125 Metaphrastes
1092 5063 1258 5120 esset,
1308 5064 1367 5108 ut
1421 5070 1583 5124 supra
1623 5056 1878 5126 probavi-

298 5166 441 5210 mus.
482 5157 642 5202 aetate
676 5147 1035 5216 provectiore,
1071 5161 1174 5200 non
1209 5147 1385 5215 potuit
1443 5148 1655 5202 decimo
1685 5164 1875 5218 super-

298 5239 501 5305 vivere,
535 5238 638 5291 nisi
669 5252 792 5290 eum
821 5235 1137 5291 centenario
1175 5238 1435 5305 majorem
1478 5238 1642 5293 vitam
1674 5239 1877 5295 ohiisse

295 5331 561 5386 dicamus.
610 5327 801 5381 Nullus
831 5327 1068 5392 interim,
1097 5337 1157 5381 ut
1188 5326 1243 5382 id
1273 5343 1491 5398 quoque
1519 5339 1704 5384 notem
1733 5331 1880 5387 inter

297 5419 597 5475 Hcereticos
616 5416 829 5471 cautius
868 5415 1081 5470 loeutus
1125 5424 1230 5481 est,
1261 5426 1318 5473 et
1374 5434 1487 5472 rem
1550 5435 1651 5474 acu
1679 5422 1877 5488 tetigit,

297 5524 358 5568 ut
384 5509 675 5582 proverbio
704 5507 899 5569 fertur,
946 5506 1060 5580 [72]
1092 5525 1256 5579 quam
1316 5510 1642 5567 Franciscus
1690 5510 1878 5568 Godu-

296 5605 458 5657 vinus
473 5601 542 5656 de
568 5598 904 5654 Praesulibus
928 5598 1135 5668 Anglia:
1175 5615 1300 5671 cap.
1344 5617 1384 5656 ι.
1420 5602 1487 5657 de
1504 5603 1879 5658 Conversione

298 5692 609 5748 Britannia.
636 5690 1050 5762 Metaphrastes,
1094 5693 1405 5763 octingentis
1434 5703 1483 5748 et
1512 5694 1742 5765 amplius
1772 5711 1873 5748 an-

299 5787 381 5845 nis
417 5796 533 5858 post
572 5785 768 5843 obitum
793 5783 860 5841 υ.
888 5782 1035 5840 Petri
1064 5785 1217 5853 vixit,
1240 5787 1380 5841 circa
1420 5802 1619 5841 annum
1646 5780 1882 5843 ridclt'cc‘

1972 4603 2286 4659 confudisse
2308 4606 2460 4660 visus
2488 4617 2573 4661 est
2603 4606 2875 4676 Iosephus
2901 4605 3272 4661 Methonensis
3292 4605 3550 4676 ApologEa

1974 4711 2073 4764 pro
2109 4697 2315 4767 synodo
2352 4696 2663 4751 Florentina
2693 4706 2881 4751 contra
2937 4696 3175 4752 Marcum
3230 4697 3549 4768 Ephesium,

1976 4788 2083 4840 Kal.
2124 4785 2344 4858 Συμεὼν
2371 4787 2427 4840 δὲ
2459 4789 2487 4839 ὁ
2515 4788 2630 4851 νέος
2657 4788 2940 4855 Θεολόγος,
2971 4789 2999 4841 ὁ
3023 4789 3117 4841 καὶ
3146 4790 3552 4861 Μεταφραστὴς

1972 4878 2327 4948 καλούμενος.
2351 4879 2418 4933 Et
2445 4878 2655 4934 Simcon
2682 4896 2843 4934 novus
2862 4879 3163 4953 Theologus,
3188 4883 3277 4952 qui
3301 4890 3349 4935 et
3382 4882 3554 4935 Meta-

1972 4969 2210 5036 phrastes
2257 4970 2470 5025 dicitur.
2515 4970 2622 5026 Sed
2661 4971 2975 5027 Gretserum
3036 4973 3432 5043 exscriptorum
3467 4973 3555 5028 in-

1976 5060 2127 5113 curia
2178 5059 2313 5114 nihil
2367 5061 2520 5131 juvat
2569 5080 2583 5116 :
2622 5077 2725 5118 nec
2779 5064 2987 5119 dictum
3025 5063 3397 5120 Methonensis
3432 5066 3556 5121 aliis

1975 5150 2173 5207 intenti
2223 5153 2490 5222 prolatum
2537 5162 2759 5210 temere.
2820 5154 3033 5221 Obstat,
3065 5173 3136 5211 ne
3168 5158 3221 5212 hi
3259 5157 3369 5213 duo
3412 5173 3557 5214 unus

1976 5243 2107 5308 sint,
2143 5254 2276 5298 tetas
2305 5246 2588 5314 utriusque
2622 5248 2777 5320 longe
2797 5248 3040 5310 diversa;
3091 5248 3218 5315 vita:
3242 5248 3557 5304 institutum

1976 5337 2208 5396 varium.
2258 5335 2416 5391 ofﬁcii
2449 5337 2685 5407 dignitas
2738 5357 2847 5396 non
2877 5342 3090 5397 eadem.
3128 5341 3358 5412 Impedit
3397 5342 3558 5397 deni-

1978 5440 2086 5495 que
2132 5426 2345 5481 dicendi
2407 5428 2602 5494 forma,
2671 5433 2887 5494 modus.
2928 5436 3195 5489 orationis
3256 5444 3559 5505 structura,

1980 5515 2211 5583 reliqua,
2244 5533 2366 5586 quae
2397 5533 2494 5573 nos
2526 5534 2650 5575 cum
2675 5521 2743 5582 de
2764 5521 3032 5594 Symeone
3064 5525 3169 5582 hoc
3193 5543 3338 5583 novo
3370 5528 3558 5584 Theo-

1978 5604 2102 5676 logo
2122 5622 2383 5693 agemus,
2401 5619 2523 5679 post
2559 5622 2803 5669 nostrum
2835 5616 3255 5688 Metaphrastem
3279 5623 3560 5677 examina-

1979 5696 2181 5753 bimus.

2057 5788 2172 5862 [75]
2197 5790 2424 5863 Scripsit
2452 5795 2847 5868 Hetaphrastes
2868 5802 3022 5861 Vitas
3042 5814 3376 5863 sanctorum.
3407 5805 3562 5863 Seri-
