3826 6486
325 360 397 426 69
972 364 1070 425 DE
1108 366 1452 430 SCRIPTIS
1493 368 1872 435 SYMEONIS

2001 373 2494 473 ΕΤΑΡῌΒΑὸΤιΕ
2530 380 2916 442 DIATRIBA.
3509 385 3581 447 70

325 478 543 548 ptiones
564 476 680 535 sive
702 477 772 534 ab
802 477 943 546 ipso,
971 480 1088 536 sive
1115 484 1186 540 ab
1203 483 1326 539 aliis
1345 494 1553 541 vocatae
1587 493 1716 542 sunt
1736 484 1894 541 Meta-

2006 487 2410 562 διορθώσωνται
2428 492 2658 548 ἔννοιαν.
2691 495 2766 548 Οὐ
2791 495 2900 575 γὰρ
2928 493 3055 566 ένῆν
3074 493 3225 567 αὐτῷ
3249 494 3336 551 διὰ
3358 496 3419 551 τὸ
3445 499 3589 570 πλῆ-

323 567 561 634 phrases.
610 568 822 624 I’sellus
858 569 914 624 in
942 571 1321 628 Acrostichide
1359 574 1590 631 canonis
1630 575 1686 630 in
1744 589 1905 631 eum-

324 662 445 716 dem
474 678 490 715 :
523 661 736 716 Μέλπω
782 678 843 716 σε
880 662 971 717 τὸν
1004 663 1435 735 γράψανταπάς
1494 667 1910 739 Μεταφράσεις.

322 749 470 805 Cano
546 760 637 817 te,
728 754 818 823 qui
873 753 1232 825 Metaphrases
1294 758 1572 827 scripsisti.
1649 759 1765 815 Ode
1817 759 1906 814 4:

319 841 563 912 Γραφαίς
605 843 895 914 ὲσχόλαζες
960 843 1154 910 θείαις,
1207 846 1343 912 ὃσιε,
1419 849 1515 902 καὶ⁹
1562 848 1739 918 ἁγίων
1805 848 1898 901 τοῦ

323 931 438 1003 βίου
467 933 776 1003 ίχνηλατῶν
851 936 1058 990 τούτων
1121 937 1189 991 τὰ
1253 939 1573 1009 παθήματα,
1631 941 1728 993 καὶ
1778 941 1906 1003 τοὺς

319 1023 535 1092 ἀγῶνας
598 1024 854 1095 ὲξύμνεις
903 1029 1024 1091 ταῖς
1073 1031 1265 1098 σοφαῖς
1323 1047 1417 1083 σου
1460 1031 1903 1102 Μεταφράσεσιν.

319 1112 610 1183 Scripturis
649 1116 925 1171 incubebas
970 1118 1161 1172 divinis
1191 1122 1471 1190 confessor,
1526 1131 1575 1175 et
1604 1131 1906 1176 sanctorum

318 1206 452 1259 citas
488 1208 773 1277 vestigans,
834 1209 1023 1263 horum
1063 1214 1353 1279 passiones,
1381 1222 1430 1266 et
1461 1215 1752 1268 certamina
1784 1214 1907 1267 lau-

318 1297 484 1351 dabas
514 1300 838 1368 sapientibus
867 1302 969 1354 tuis
1010 1300 1629 1373 Metaphrasibusﬁictze
1660 1306 1807 1375 quod
1839 1320 1904 1360 ex

319 1405 426 1443 una
451 1391 657 1460 phrasi,
681 1392 1007 1462 dicendique
1033 1396 1197 1449 modo
1223 1395 1277 1448 in
1305 1396 1472 1450 alium
1518 1396 1713 1451 delata:
1752 1405 1902 1451 sunt.

317 1480 461 1535 Hinc
488 1482 606 1551 ipse
638 1490 822 1550 postea
881 1486 984 1538 sub
1016 1484 1396 1556 Metaphrasta:
1444 1501 1644 1541 nomen
1676 1487 1909 1557 posteris

318 1572 577 1628 innotuit.
605 1574 697 1630 Sic
723 1578 958 1632 maxime
998 1577 1204 1633 lallitur
1233 1579 1605 1649 Lipomannus
1637 1580 1903 1652 scribens,

316 1660 742 1731 Metaplirastem
776 1674 1026 1720 nostrum
1056 1666 1213 1723 Vitas
1235 1680 1548 1725 sanctorum
1580 1685 1643 1724 ex
1667 1669 1903 1727 diversis

315 1764 600 1811 auctorum
647 1758 801 1813 libris
828 1759 886 1812 in
940 1775 1109 1815 unum
1141 1762 1397 1818 volumen
1448 1762 1753 1832 redegisse;
1784 1778 1905 1834 quas

314 1848 547 1917 alicujus
598 1849 695 1903 viri
740 1850 897 1927 titulo
960 1861 1114 1907 erant
1166 1852 1474 1923 inscriptae,
1526 1868 1620 1909 eas
1662 1853 1765 1908 sub
1802 1869 1902 1908 suo
1935 1839 1977 1897 Β

314 1939 473 1993 titulo
529 1941 845 2011 reliquisse;
897 1945 1017 1998 rudi
1049 1953 1104 1999 et
1149 1945 1355 2000 inculto
1408 1945 1546 2016 ston
1595 1945 1897 2012 descriptas

312 2030 499 2085 multis
524 2031 799 2088 laboribus
850 2042 901 2088 et
933 2034 1225 2091 sudoribus
1274 2051 1584 2115 exornasse,
1625 2046 1680 2091 et
1709 2037 1897 2091 erudi-

312 2124 461 2178 tioiae
482 2139 580 2178 sua
605 2126 930 2194 expoliisse;
970 2144 1090 2198 quae
1113 2145 1142 2182 a
1170 2129 1389 2184 nemine
1418 2131 1636 2201 scriptae
1651 2130 1892 2198 fuerant,

315 2216 412 2270 scd
440 2218 597 2286 quasi
643 2233 742 2288 per
794 2235 1014 2275 manum
1037 2262 1052 2286 ,
1084 2230 1139 2275 et
1177 2221 1523 2278 traditionem
1574 2237 1605 2277 ο
1640 2221 1896 2279 Patribus

312 2317 576 2377 acceptae,
608 2318 664 2364 et
693 2326 791 2379 pro
824 2311 971 2366 veris
1017 2312 1239 2380 habitae,
1289 2314 1389 2368 has
1420 2314 1598 2384 ipsum
1655 2315 1894 2385 eleganti

309 2402 451 2473 ston
476 2412 532 2457 et
558 2404 778 2459 condito
821 2405 1194 2476 descripsisse,
1230 2418 1288 2463 et
1333 2408 1588 2481 legendas
1636 2408 1893 2464 Ecclesiae

307 2495 679 2563 proposuisse.
729 2494 865 2552 Nam
912 2498 1145 2570 Symeon
1194 2500 1435 2555 laborem
1469 2517 1688 2557 omnem
1723 2502 1791 2557 ad
1831 2518 1892 2560 se

310 2586 626 2653 assumpsit,
659 2595 714 2640 et
737 2588 853 2643 sive
902 2587 1037 2642 Vita:
1069 2589 1172 2644 illa:
1218 2598 1499 2646 auctorem
1545 2594 1887 2664 preferrent,

308 2670 423 2724 sive
449 2674 568 2726 rudi
601 2675 738 2745 stylo
781 2687 1053 2748 congestae
1096 2678 1356 2735 lectorem
1388 2682 1748 2751 deterrerent,
1795 2699 1890 2739 eas

308 2774 367 2813 re
405 2775 620 2831 semper
646 2766 869 2819 immota
919 2778 1174 2823 manente
1218 2785 1318 2825 suo
1345 2772 1483 2842 ston
1511 2773 1887 2829 circumvesti-

306 2850 405 2917 vit,
429 2860 490 2907 ut
535 2855 726 2909 eodem
760 2872 950 2912 omnes
979 2858 1196 2925 decore,
1253 2878 1473 2932 unoque
1504 2865 1665 2935 genio
1705 2865 1891 2921 ﬁdeles

307 2943 374 2996 ad
396 2944 478 2997 sui
501 2944 793 3001 lectionem
829 2949 1135 3006 allicerent.
1163 2953 1448 3024 Symeonis
1477 2954 1681 3025 Stylitae
1713 2954 1888 3011 Vitam

307 3036 601 3106 scripserat
630 3041 754 3095 rudi
794 3057 1047 3098 sermone
1082 3046 1351 3102 Antonius
1379 3047 1525 3102 illius
1561 3048 1888 3120 discipulus,

306 3126 687 3184 Theodoretus
718 3132 1158 3204 elegantissimo;
1209 3152 1319 3192 non
1365 3149 1660 3194 contentus
1710 3151 1892 3195 tamen

306 3219 722 3290 Metaphrastcs,
757 3226 871 3281 suis
903 3243 1025 3282 eam
1077 3228 1375 3285 luminibus
1390 3231 1457 3285 de
1480 3246 1628 3287 novo
1661 3233 1895 3288 adorna-

308 3321 417 3366 tam
445 3313 497 3365 iu
538 3315 813 3383 publicum
850 3319 930 3374 ire
974 3320 1158 3390 jussit.
1217 3322 1531 3392 Stephanus
1565 3322 1897 3394 Byzantinus

302 3404 458 3474 jussu
479 3404 778 3481 Epiphanii
810 3410 986 3465 Vitam
1021 3413 1194 3467 sancti
1224 3415 1490 3484 Stephani
1523 3415 1763 3484 junioris
1784 3420 1897 3474 col-

307 3503 456 3575 legit,
482 3513 538 3559 et
565 3504 757 3570 edidit,
789 3514 844 3559 et
871 3504 1270 3575 Metapbrastes
1307 3507 1452 3560 illius
1486 3509 1896 3564 conscribendte

309 3597 489 3651 denuo
523 3597 763 3651 laborem
806 3598 1071 3668 suscepit.
1124 3597 1347 3653 Possem
1384 3598 1520 3655 alias
1573 3601 1895 3656 innumeras

310 3690 401 3746 hic
442 3690 680 3758 aﬂerre;
728 3690 931 3745 rudiori
973 3690 1110 3762 stylo
1134 3691 1473 3762 conscriptas
1505 3707 1614 3746 non
1637 3694 1892 3759 correxit,

308 3801 488 3854 neque
538 3784 592 3839 in
640 3783 913 3854 aliquibus
960 3792 1171 3839 mutato
1229 3783 1368 3856 stylo
1427 3784 1738 3855 perpolivit,
1800 3786 1898 3840 sed

309 3894 501 3933 omnes
526 3894 592 3933 ex
613 3879 846 3949 integro,
872 3889 932 3932 ut
950 3879 1016 3932 de
1047 3877 1169 3931 aliis
1204 3877 1428 3943 fecerat,
1455 3892 1556 3932 suo
1586 3878 1704 3948 ipse
1735 3878 1897 3932 modo

309 3970 551 4042 digessit.
577 3970 775 4025 Multas
791 3971 955 4025 etiam
986 3985 1054 4024 ex
1086 3969 1376 4025 traditione
1393 3978 1668 4040 acceptas,
1692 3979 1747 4024 et
1776 3985 1898 4039 quae

308 4063 424 4119 cola
481 4063 746 4118 memoria
809 4063 1094 4117 hominum
1156 4061 1531 4128 ﬂuctuarent,
1591 4061 1646 4115 in
1696 4062 1897 4115 seriem

309 4165 365 4210 ct
433 4156 682 4211 ordinem
748 4155 1053 4225 redegisse,
1115 4169 1226 4209 non
1307 4162 1393 4209 est
1471 4170 1503 4208 a
1594 4152 1899 4209 verosimili

311 4249 573 4304 aiienum.

382 4338 449 4392 Et
473 4354 543 4393 ne
571 4347 779 4393 tantum
819 4351 957 4408 opus
991 4346 1248 4407 tanquam
1294 4336 1398 4390 levi
1435 4336 1661 4392 brachio
1692 4345 1897 4400 actum,

311 4435 363 4481 et
392 4427 731 4498 negligenter
757 4435 1104 4496 procuratum
1133 4425 1466 4482 condemnes
1490 4427 1628 4497 ipse,
1679 4436 1773 4481 aut
1803 4443 1902 4482 ne-

308 4521 511 4591 gligas,
558 4520 684 4574 audi
736 4535 924 4574 curam
985 4532 1040 4574 et
1084 4521 1363 4587 studium;
1424 4531 1676 4591 sumptus
1726 4522 1974 4605 etiamD

308 4614 578 4668 immanes
630 4610 699 4666 ad
762 4612 814 4666 id
855 4612 1104 4676 collatos,
1157 4621 1213 4666 et
1246 4613 1449 4667 auxilia
1509 4614 1761 4677 aliorum,
1827 4629 1895 4670 ac

308 4705 549 4759 subsidia
601 4705 910 4774 implorata,
963 4713 1019 4758 et
1052 4705 1210 4759 tidem
1244 4705 1428 4769 etiam,
1470 4721 1591 4775 quae
1632 4707 1686 4759 in
1728 4707 1892 4761 rebus

308 4795 608 4864 majoribus
641 4795 1088 4849 administrandis
1132 4795 1395 4865 adjuvant
1442 4796 1774 4866 plurimum,
1835 4807 1895 4854 et

306 4888 424 4957 lege
473 4902 538 4941 ex
587 4885 766 4941 Psello
814 4887 869 4939 in
922 4887 1175 4940 eumdem
1230 4885 1556 4958 Symeoncm
1619 4888 1888 4943 oratione.

306 4977 447 5030 Φασί
477 4976 542 5045 γέ
598 4993 682 5030 τοι
717 4975 853 5046 μηδὲ
903 4978 969 5030 ὲκ
1025 4977 1305 5046 παρέργου
1360 4977 1550 5031 τοῦτον
1588 4972 1762 5049 ἧφθαι
1796 4977 1891 5030 τοῦ

308 5071 657 5140 πράγματος,
681 5068 814 5140 μηδὲ
846 5068 1007 5123 αὐτὸν
1027 5069 1360 5139 προθέμενον
1384 5071 1433 5122 εί
1461 5068 1536 5141 μὴ
1558 5071 1681 5123 ὅσον
1709 5069 1894 5141 βούλε-

308 5161 457 5214 σθαι.
496 5160 771 5213 Βασίλειοι
822 5160 879 5213 δὲ
928 5160 1121 5214 τοῦτον
1152 5161 1530 5233 παρακλήσεις
1582 5162 1677 5215 ἐπὶ
1730 5162 1891 5216 τοῦτο

307 5255 717 5325 προσήνεγκαν,
743 5253 841 5307 καὶ
869 5248 950 5317 οῖς
970 5254 1320 5323 ὲφροντίζετο
1340 5253 1519 5322 λόγος,
1539 5254 1632 5307 καὶ
1651 5256 1890 5319 σύνεσις.

312 5347 423 5400 Καὶ
448 5342 517 5419 ἦν
549 5344 700 5416 αὐτῷ
725 5348 759 5418 ἡ
799 5345 1126 5416 παρασκευὴ
1153 5347 1210 5412 ἐξ
1237 5345 1479 5417 ἑτοίμου,
1510 5345 1709 5410 κύκλος
1734 5363 1794 5399 τε
1825 5346 1888 5400 οὐ

310 5437 517 5511 βραχὺς
548 5437 645 5491 τοῦ
695 5453 755 5490 τε
798 5436 1030 5508 πρώτως
1058 5438 1537 5510 ἑνσημαινομένων
1576 5437 1674 5509 τὴν
1721 5437 1889 5503 λέξιν,

311 5534 405 5584 καὶ
432 5529 541 5585 τῶν
583 5530 722 5602 μετά
763 5530 938 5585 ταῦτα
968 5529 1245 5586 τιθέντων.
1278 5530 1390 5584 Καὶ
1422 5529 1583 5593 ἄλλος
1604 5529 1692 5583 ἐπ’
1720 5528 1887 5598 ἄλλῳ,

306 5626 336 5678 ὁ
371 5624 469 5693 μὲν
498 5625 566 5677 τὰ
610 5622 803 5694 πρῶτα
834 5623 1027 5689 ποιῶν,
1068 5625 1097 5678 b
1128 5624 1186 5677 δὲ
1229 5624 1299 5677 τὰ
1339 5622 1589 5695 δεύτερα,
1643 5623 1738 5677 καὶ
1795 5624 1893 5677 ἐπὶ

307 5715 519 5778 τούτοις
551 5716 604 5770 οι
633 5715 701 5769 τά
751 5715 1220 5788 συγγεγραμμένα
1275 5712 1730 5786 ὲξακριὸούμενοι
1754 5729 1770 5747 °
1825 5714 1893 5769 ἶν’

308 5809 389 5862 ὅτι
428 5808 554 5871 τοὺς
605 5807 961 5879 ὑπογραφέας
998 5807 1172 5876 λάθοι,
1210 5806 1348 5879 πρὸς
1386 5806 1486 5879 τὴν
1515 5804 1887 5878 ὑποκειμένην

2008 583 2100 649 θος
2128 584 2239 639 τῶν
2265 589 2752 657 συγγραμμάτων,
2783 586 3046 650 πολλάκις
3093 585 3163 640 τὰ
3196 587 3337 642 αὐτά
3379 589 3587 644 ἀνακυ-

2011 675 2161 730 κλεῖν
2197 692 2259 729 τε
2287 676 2382 729 καὶ
2409 679 2633 748 ὲφορᾷν.
2684 677 2828 730 Ἀλλ’
2860 678 2909 730 εί
2946 678 3043 731 καὶ
3074 678 3239 743 πολὺς
3272 679 3390 754 [⁸74]
3421 683 3449 735 ό
3480 681 3586 735 κά-

2014 784 2184 838 ματος
2228 770 2323 821 καὶ
2370 768 2404 839 η
2449 769 2672 840 φροντὶς
2699 769 3058 841 περιττοτέρα
3105 775 3200 823 τοῦ
3258 773 3469 835 δέοντος
3493 814 3507 839 ,
3548 770 3584 845 ἢ

2012 859 2213 928 μᾶλλον
2264 861 2404 932 πρὸς
2446 859 2604 914 τοῦτο
2648 860 2712 930 δὴ
2766 860 3049 932 ἀξιόχεως,
3090 863 3205 916 ἀλλ’
3249 865 3343 931 ὅγε
3395 866 3587 935 στάχις

2005 953 2310 1024 ἐνενικήκει
2367 955 2563 1024 μακρῷ
2594 954 2692 1023 τὴν
2724 955 2934 1026 σπορὰν
2960 996 2976 1019 ,
3023 957 3119 1010 καὶ
3164 956 3225 1009 τὸ
3259 956 3445 1026 λήϊον,
3472 952 3585 1012 οἷον

2009 1044 2224 1098 οὐδέπω
2255 1045 2351 1099 καὶ
2383 1046 2646 1116 τήμερον.
2676 1047 2798 1100 Εἴτε
2834 1048 2928 1100 καὶ
2967 1049 3134 1117 μηδὲν
3161 1049 3290 1103 ἄλλο
3318 1051 3394 1119 τῷ
3424 1050 3583 1118 ἀνδρὶ

2007 1137 2418 1204 διεσπούδαστο,
2456 1140 2590 1210 μηδὲ
2620 1139 2946 1210 ἀποχρῶντα
2987 1141 3054 1194 τὰ
3098 1141 3234 1196 ἄλλα
3269 1141 3583 1210 σύμπαντα,

2008 1231 2103 1282 καλ⁸
2159 1230 2499 1284 καθέκαστον
2546 1231 2684 1301 πρὸς
2714 1232 2969 1302 ἀφορμὴν
3022 1232 3298 1301 εὐφημίας
3337 1233 3574 1302 ἀρκοῦν*

2007 1320 2142 1375 ἀλλὰ
2172 1322 2299 1389 τόγε
2350 1321 2597 1376 τοιοῦτον
2650 1323 2868 1376 ἑλέσθαι
2910 1325 3255 1393 σπούδασμα,
3287 1325 3381 1378 καὶ
3412 1325 3588 1389 οὕτως

2009 1413 2465 1484 καταπράξασοαί
2494 1432 2553 1469 τε
2575 1416 2667 1468 καὶ
2691 1415 3125 1484 ἀκριϐώσασθαι,
3155 1417 3427 1486 αὔταρκες
3457 1416 3586 1470 ἀντὶ

2009 1503 2212 1565 παντὸς
2240 1503 2404 1557 ἄλλου
2442 1505 2578 1573 πρὸς
2604 1503 2880 1574 ἐγκώμιον
2918 1504 2995 1574 τῷ
3029 1504 3203 1574 ἀνδρί.
3230 1504 3397 1558 Porro
3410 1515 3587 1558 autem

2008 1594 2209 1660 dicunt,
2242 1610 2344 1649 non
2367 1595 2545 1649 leuiter
2566 1606 2613 1650 et
2651 1597 2802 1667 quasi
2822 1597 2972 1651 aliud
3009 1611 3270 1668 agentem,
3307 1598 3442 1651 hanc
3478 1613 3584 1651 rem

2008 1702 2120 1741 esse
2138 1704 2483 1757 aggressum;
2509 1704 2671 1757 neque
2705 1690 2874 1757 ipsum
2903 1690 2959 1744 id
2998 1690 3097 1743 sibi
3149 1692 3499 1760 proposuisse,
3528 1698 3586 1744 ut

2007 1779 2203 1848 faceret
2226 1790 2480 1849 quantum
2504 1780 2678 1843 uellet,
2710 1786 2802 1835 sed
2824 1782 3158 1850 imperatoris
3186 1784 3581 1836 adhortationes

2006 1884 2123 1922 eum
2173 1870 2245 1922 ad
2293 1870 2389 1923 Itoc
2443 1870 2799 1937 adduxerunt,
2854 1880 2904 1924 et
2952 1871 3010 1932 ii.
3056 1872 3242 1943 quibus
3286 1888 3413 1925 cura
3454 1884 3585 1926 esset

2007 1960 2258 2015 doctrina:
2280 1971 2327 2015 et
2360 1962 2752 2030 intelligentiaz:
2776 1971 2825 2016 et
2855 1972 3128 2032 promptus
3156 1966 3202 2017 ei
3224 1964 3323 2033 fuit
3347 1981 3584 2033 appara-

2005 2057 2108 2113 tus,
2132 2056 2224 2105 sed
2252 2067 2354 2104 non
2379 2067 2573 2121 parvus
2610 2052 2749 2107 orbis
2769 2069 2949 2106 eorum
2976 2051 3077 2122 qui
3102 2054 3273 2122 primo
3301 2054 3584 2108 dictionem

2005 2143 2141 2196 notis
2162 2144 2509 2213 excipiebant,
2535 2153 2584 2198 et
2601 2160 2779 2198 eorum
2797 2145 2886 2216 qui
2910 2154 3090 2213 postea
3117 2146 3528 2200 transcribcbunt
3566 2162 3581 2200 :

2002 2244 2051 2287 et
2095 2234 2235 2289 alius
2276 2245 2389 2306 post
2416 2235 2583 2290 alium
2606 2237 2812 2306 quidem
2838 2238 3010 2307 primo
3052 2237 3324 2308 faciebat;
3353 2238 3437 2291 hic
3462 2254 3584 2292 sero

1999 2329 2225 2383 secundo
2256 2328 2534 2392 scribebat,
2577 2338 2625 2383 et
2677 2339 2791 2398 post
2820 2330 2913 2385 hos
2954 2329 3071 2395 alii,
3107 2332 3197 2401 qui
3236 2347 3353 2403 qum
3388 2333 3583 2401 scripta

2000 2421 2211 2491 fuerant
2254 2418 2469 2488 pulchre
2498 2419 2895 2491 intelligebant;
2926 2432 2983 2475 ut
3025 2421 3163 2493 quod
3186 2422 3463 2489 scriptores
3499 2421 3586 2475 la-

2000 2519 2194 2574 tuerat,
2217 2508 2288 2562 ad
2341 2510 2663 2577 propositam
2707 2508 3024 2580 corrigerent
3056 2512 3389 2565 sententiam.
3440 2511 3584 2565 Nam

2000 2610 2212 2671 propter
2236 2600 2581 2669 scriptionum
2609 2598 3022 2665 multitudinem,
3048 2616 3150 2654 non
3164 2600 3352 2655 licebat
3379 2602 3427 2655 ei
3444 2617 3584 2673 swpe

1999 2693 2181 2746 eadem
2213 2689 2473 2745 revolvere
2506 2700 2555 2743 et
2579 2689 3005 2761 cidere:sed,etsi
3030 2690 3188 2762 fuerit
3212 2691 3390 2762 ingens
3411 2691 3579 2759 labor,

1998 2790 2048 2836 et
2082 2781 2256 2850 major
2285 2796 2444 2850 quam
2480 2796 2578 2849 par
2601 2787 2728 2833 esset
2759 2762 3073 2844 sollicitudo,
3116 2781 3220 2835 imo
3270 2798 3389 2835 vero
3420 2783 3580 2852 digna

2000 2885 2116 2940 quia
2144 2870 2201 2923 in
2226 2870 2321 2922 hoc
2360 2868 2671 2922 adhibeatur
2693 2906 2708 2930 ,
2736 2877 3017 2921 sementem
3065 2877 3238 2922 tamen
3266 2869 3417 2938 longe
3458 2870 3581 2923 uicit

1997 2964 2143 3032 spica
2160 2975 2209 3016 et
2237 2977 2400 3031 seges,
2431 2960 2601 3031 qualis
2616 2960 2843 3014 nondum
2873 2961 2972 3030 fuit
2996 2977 3158 3031 usque
3186 2962 3242 3014 in
3272 2961 3579 3017 hodiernum

1998 3055 2156 3108 diem.
2213 3051 2474 3117 Quoniam
2521 3051 2730 3104 etiamsi
2774 3050 2903 3104 nihil
2937 3050 3087 3104 aliud
3136 3053 3245 3105 viro
3272 3051 3353 3105 illi
3396 3052 3580 3122 fuisset

1996 3144 2350 3206 elaboratum,
2401 3151 2449 3195 et
2510 3157 2612 3194 non
2646 3141 2759 3195 alia
2815 3143 3015 3205 omnia,
3054 3157 3171 3212 quce
3200 3143 3347 3197 nobis
3369 3142 3579 3214 singula

1997 3236 2257 3306 suﬁiciunt
2293 3234 2364 3287 ad
2396 3233 2606 3287 laudem
2638 3231 3051 3298 conciliandam,
3100 3248 3230 3302 opus
3264 3242 3445 3288 tamen
3473 3233 3582 3289 tale

1997 3325 2287 3393 incepisse,
2326 3331 2374 3376 et
2396 3323 2451 3375 id
2472 3332 2581 3375 tam
2612 3321 2827 3391 pulchre
2870 3322 3107 3393 (ﬁcetum
3133 3323 3438 3385 reddidisse,
3468 3324 3581 3377 viro

1998 3418 2161 3471 cuivis
2218 3415 2290 3469 ad
2349 3414 2560 3468 laudem
2616 3414 2862 3482 sufficiat.
2925 3413 3041 3480 Qua
3072 3422 3256 3469 autem
3305 3415 3373 3467 de
3415 3430 3581 3469 causa

1998 3522 2114 3560 rem
2177 3513 2383 3558 tantam
2460 3504 2515 3557 in
2600 3518 2660 3557 se
2745 3504 3052 3572 susceperit
3146 3502 3577 3572 Metaphrastes,

1997 3615 2109 3655 non
2183 3598 2253 3653 ab
2327 3597 2472 3662 alio,
2556 3610 2716 3665 quam
2776 3594 2893 3664 ipso
2966 3594 3143 3649 Psello
3213 3595 3445 3663 petenda
3473 3602 3579 3650 est.

2013 3693 2076 3746 ΟΞ
2101 3691 2159 3745 δὲ
2192 3690 2299 3758 πρὸ
2336 3689 2432 3742 τοῦ
2463 3687 2769 3757 θαυμασίου
2799 3686 2953 3741 τοῦδε
2980 3687 3173 3759 ἀνδρὸς
3217 3687 3452 3741 ἐνταῦθα
3477 3690 3579 3750 τὰς

2000 3783 2230 3836 ἐκείνων
2267 3781 2497 3851 πράξεις
2526 3779 2997 3848 ἀναγραψάμενοι,
3027 3778 3294 3848 οὐμενουν
3326 3780 3427 3848 τῆς
3476 3796 3576 3849 με·

1997 3873 2404 3944 γαλοπρεπείας
2434 3872 2657 3925 ἐκείνων
2678 3871 2958 3938 ἀφίκοντο.
3000 3869 3162 3924 Ἀλλά
3180 3870 3248 3923 τὰ
3275 3871 3375 3940 μὲν
3398 3869 3577 3923 αὐτῶν

1998 3964 2430 4034 κατεψεύσαντο,
2449 3964 2518 4015 τὰ
2541 3962 2598 4015 δὲ
2618 3961 2692 4034 μὴ
2714 3962 3034 4030 δυνηθέντες
3053 3960 3365 4033 κατάλληλα
3382 3961 3574 4026 θεῖναι,

1997 4057 2244 4126 ἄκομψον
2292 4054 2520 4115 ἐκείνοις
2550 4053 2611 4106 τὸ
2637 4051 2844 4121 ἀγαθὸν
2877 4054 2971 4106 καὶ
3002 4052 3322 4123 ἀφιλότιμον
3375 4067 3576 4119 συγγε-

2001 4149 2304 4220 γράφασιν,
2333 4146 2458 4200 οὐτε
2485 4144 2656 4217 καλὴν
2693 4145 3021 4216 ὑποθέμενοι
3049 4144 3281 4208 ἔννοιαν,
3310 4141 3434 4196 οὔτε
3469 4144 3577 4213 μὴν

2000 4242 2305 4311 εὐπρεπέσι
2339 4239 2861 4308 κατακοσμήσαντες
2895 4237 3127 4302 λέξεσιν,
3189 4236 3297 4289 οὐδ’
3331 4236 3576 4306 ἀκριϐῶς

2002 4330 2444 4401 ὐπογράψαντες,
2481 4330 2605 4384 οὔτε
2627 4331 2726 4402 τὴν
2757 4331 2866 4383 τῶν
2901 4330 3247 4383 κολασάντων
3274 4328 3573 4399 βαρύτητα,

1997 4425 2124 4479 οὐτε
2151 4425 2252 4495 τὴν
2286 4425 2393 4479 τῶν
2424 4423 2720 4495 μαρτύρων
2745 4424 2881 4494 πρὸς
2906 4424 3004 4485 τὰς
3029 4424 3350 4493 ἀποκρίσεις
3381 4421 3578 4474 πυκνό-

1999 4533 2158 4586 τητα,
2192 4516 2328 4569 ἀλλὰ
2370 4517 2467 4569 καὶ
2512 4517 2623 4579 τοῖς
2649 4516 2917 4586 ἀσκηταῖς
2948 4513 3047 4583 τὴν
3081 4514 3315 4583 ἄσκησιν
3350 4511 3570 4581 ἐκιϐδή-

2000 4608 2200 4672 λωσαν,
2231 4607 2449 4674 ἀφελῶς
2481 4606 2687 4669 αὐτοῖς,
2724 4608 2818 4658 καὶ
2864 4603 3053 4673 ὥσπερ
3108 4606 3171 4656 ἐκ
3200 4601 3293 4657 τοῦ
3326 4619 3574 4673 παρατυ-

1997 4701 2183 4771 χόντος
2207 4699 2276 4752 τὰ
2306 4699 2718 4768 ἐσπουδασμένα
2743 4696 3056 4761 διεξιόντες.
3078 4694 3273 4749 Ἔνθεν
3299 4713 3381 4749 τοι
3406 4697 3455 4749 οἱ
3476 4696 3574 4767 μὲν

1997 4792 2118 4845 οὐδὲ
2151 4790 2310 4861 ψιλὴν
2336 4790 2675 4862 ἐκαρτέρουν
2706 4790 2804 4860 τὴν
2836 4788 2942 4842 τῶν
2978 4789 3575 4858 ὐπομνηματισθέντων

1999 4882 2329 4951 ἀνάγνωσιν,
2358 4884 2468 4944 τοῖς
2494 4881 2551 4935 δὲ
2584 4882 2676 4932 καὶ
2699 4881 2937 4948 γέλωτος
2965 4879 3190 4952 ἀφορμὴ
3211 4881 3281 4933 τά
3305 4880 3574 4951 λεγόμενα

1999 4973 2348 5045 ἐγνωρίζετο,
2381 4974 2473 5027 καὶ
2505 4972 2567 5025 τὸ
2589 4972 2691 5041 τῆς
2715 4973 2993 5043 συνθήκης
3016 4973 3073 5026 δὲ
3105 4972 3359 5039 ἀκαλλὲς,
3394 4972 3570 5026 καὶτὸ

1993 5066 2094 5136 τῆς
2127 5064 2358 5128 ἐννοίας,
2394 5063 2488 5119 καὶ
2538 5063 2600 5117 τὸ
2640 5064 2740 5134 τῆς
2788 5063 2986 5128 λέξεως
3036 5063 3273 5130 εὐτελὲς,
3325 5063 3571 5135 ἀγλευκῆ

1994 5160 2103 5220 τοῖς
2134 5157 2421 5212 ἀκούουσιν
2446 5152 2536 5228 ἦν,
2568 5158 2661 5211 καὶ
2691 5157 3066 5228 ἀπηχθάνοντο
3093 5157 3314 5227 μᾶλλον,
3347 5157 3381 5227 ἢ
3401 5174 3575 5226 προσ-

1997 5248 2159 5302 ίεντο.
2179 5250 2288 5302 Καὶ
2308 5249 2367 5302 τὸ
2396 5250 2489 5301 ἐπὶ
2511 5251 2625 5313 τοῖς
2655 5249 3136 5322 ἀναγραψαμένοις
3161 5249 3238 5302 διε
3248 5249 3568 5320 κωμῳδείτο

1996 5341 2128 5410 ἡμῖν
2179 5341 2247 5394 τὰ
2287 5340 2567 5410 θαυμάσια
2612 5343 2722 5397 τῶν
2773 5341 2869 5395 τοῦ
2926 5340 3164 5412 Χριστοῦ
3223 5342 3571 5413 θεραπόντων

1994 5434 2358 5504 ἀγωνίσματά
2395 5451 2457 5488 τε
2511 5435 2605 5488 καὶ
2652 5434 2908 5505 τρόπαια.
2965 5435 3074 5488 Καὶ
3104 5432 3417 5505 ξύμπαντες
3468 5433 3571 5504 μὲν

1993 5525 2414 5597 διελοιδοροῦντο
2443 5527 2633 5597 σαφῶς
2662 5531 2778 5591 τοῖς
2823 5527 3255 5598 συγγράμμασιν
3277 5541 3292 5556 ·
3354 5526 3570 5580 ἀντεισ-

1998 5624 2246 5690 ενεγκείν
2273 5620 2331 5675 δὲ
2390 5621 2597 5676 τούτων
2648 5622 2717 5677 τὰ
2746 5620 3056 5693 κρείττονα,
3080 5620 3130 5673 ol
3175 5620 3280 5691 μὲν
3302 5616 3371 5672 δι’
3412 5617 3571 5672 ὄκνον

1990 5712 2192 5783 ψυχῆς,
2219 5715 2269 5769 οι
2296 5714 2354 5768 δὲ
2386 5714 2461 5780 ὡς
2490 5715 2830 5771 τελειότατον
2853 5712 3196 5784 σπούδασμα,
3216 5710 3315 5767 καὶ
3331 5709 3407 5776 ὡς
3430 5709 3571 5782 μηδὲ

1992 5803 2107 5876 βίος
2124 5805 2190 5862 ἂν
2220 5805 2341 5874 ὅλος
2360 5806 2554 5880 ἀνδρὸς
2575 5806 2945 5879 ἐξαρκέσειεν,
2964 5803 3089 5862 οὔτε
3115 5803 3461 5878 βουλομένοις
3477 5802 3570 5860 δύο
