3826 6482
276 384 346 450 Ἠ

1509 385 1517 392 ’
1567 363 1844 428 LEONIS
1882 364 2186 429 ALLATII

3450 357 3525 419 72

277 495 442 568 ναμίς
460 508 544 556 τις
559 489 791 564 προσῆν.
806 485 925 542 οὔτε
945 482 1270 556 δυναμένοις
1287 478 1566 552 βούλησις.
1583 476 1866 548 πΔλλόὐχὶ

1982 481 2257 547 integrant,
2302 474 2442 530 nihil
2479 473 2547 530 de
2585 471 2856 530 sententia
2917 469 3214 527 immutans
3255 481 3355 523 suo
3413 481 3530 524 ser-

277 590 376 644 καὶ
405 589 434 640 ὁ
464 585 766 656 θαυμάσιος
799 579 1024 651 Συμεὼν
1053 575 1252 630 ταυτὸν
1289 571 1577 628 ἐπεπόνθει
1605 571 1845 634 τούτοις·

277 679 416 735 ἀλλὰ
457 679 618 749 μέχρι
641 673 734 727 τοῦ
764 668 1094 742 μέμψασθαι
1123 669 1236 729 τοῖς
1267 662 1678 735 γεγραμμένοις
1708 677 1851 732 θυμω

280 768 492 843 προῖὼν
536 768 742 828 αὐτοῖς,
796 763 988 816 ἔπειτα
1021 755 1331 830 περαιτέρω
1363 753 1726 828 προϐέϐηκεν,
1755 752 1852 804 καὶ

279 842 474 934 uappa:
503 876 557 912 τι
574 859 808 928 πρᾶγμα
828 852 1098 914 νεανικὸν,
1108 849 1306 920 μᾶλλον
1329 849 1385 900 δὲ
1411 846 1607 918 εὐτυχῆ
1629 842 1851 916 πρᾶξιν,

277 954 346 1026 ἢν
366 951 540 1012 οὐδεὶς
562 949 670 1002 τῶν
691 948 910 1000 πάντων
934 945 1224 1012 εὐτύχηκε.
1245 939 1322 993 Δι’
1350 935 1418 1010 ἧς
1440 938 1646 1000 ἐκεῖνός
1671 953 1729 988 τε
1757 951 1854 988 πε-

281 1043 672 1116 ριφανέστερος
707 1039 813 1091 τῶν
841 1035 1132 1104 ἁπανταχῆ
1154 1031 1456 1099 ἐλλογίμων
1488 1029 1729 1096 ἐγένετο,
1758 1027 1854 1080 καὶ

277 1135 358 1205 τῷ
381 1152 440 1187 τε
473 1133 592 1202 Θεῷ
618 1134 689 1184 τὰ
713 1129 981 1185 κάλλιστοι
1007 1129 1116 1181 τῶν
1155 1126 1323 1178 ὄντων
1347 1119 1728 1190 demutabo-ato,
1761 1119 1855 1170 καὶ

197 1225 206 1230 ’
277 1226 405 1288 τοὺς
425 1224 535 1276 τῶν
556 1220 852 1292 μαρτύρων
876 1217 1116 1286 ἀγῶνας,
1136 1216 1231 1268 καὶ
1248 1213 1505 1284 δρόμους.
1525 1210 1624 1271 τὰς
1656 1225 1714 1262 τε
1743 1207 1853 1260 τῶν

279 1315 542 1386 ἀσκητῶν
569 1311 922 1384 ἐγκρατείας,
947 1310 1042 1362 καὶ
1066 1305 1364 1377 καρτερίας
1389 1301 1651 1357 ἐκάλλυνέ
1675 1315 1735 1353 τε
1760 1297 1856 1350 καὶ

283 1407 692 1472 κατεκόσμησε,
766 1406 860 1454 καὶ
897 1399 999 1471 τὴν
1045 1398 1219 1466 αὐτὴν
1258 1394 1488 1458 ἐκείνοις
1533 1390 1647 1464 [75]
1694 1405 1865 1462 προσ-

285 1495 526 1564 ενεγκὼν
557 1494 793 1558 εὔνοιαν,
851 1493 926 1546 τὰ
963 1491 1117 1562 παρὰ
1144 1490 1360 1542 πάντων
1414 1487 1726 1556 ἀπείληφε.
1755 1481 1860 1548 Qui

285 1600 462 1644 autem
521 1599 643 1641 ante
687 1589 827 1640 hunc
859 1586 1063 1638 beatum
1109 1582 1280 1636 uirum
1313 1595 1394 1633 res
1419 1589 1590 1646 gestas
1646 1575 1858 1630 illorum

287 1687 630 1752 scripserunt,
667 1700 774 1737 non
818 1689 968 1736 erant
1003 1681 1212 1733 illorum
1243 1671 1476 1730 assecuti
1515 1673 1859 1742 magniﬁcen-

287 1775 457 1840 tiam;
495 1777 586 1828 sed
613 1773 805 1842 partim
827 1772 1032 1840 quidem
1059 1771 1124 1822 de
1147 1770 1214 1822 iis
1232 1774 1383 1822 erant
1409 1765 1637 1828 mentiti,
1665 1764 1860 1832 partim

1949 583 2111 623 mone
2164 575 2453 621 exornatas
2510 565 2736 638 digessit
2801 583 2814 619 :

2879 577 3000 635 quas
3071 561 3292 616 tandem
3375 568 3538 616 erant

1955 661 2161 730 optime
2199 660 2435 730 scriptae,
2477 673 2582 714 nec
2627 672 2724 712 sua
2778 671 2882 728 ope
2926 654 3261 730 indigebant.
3309 653 3383 708 ita
3442 667 3538 708 eas

1955 725 2098 806 inter
2145 765 2272 806 suas
2309 725 2561 813 elucere,
2603 747 2769 803 veluti
2817 725 3024 812 sidera,
3054 725 3380 816 lapidesque
3409 759 3539 815 pre-

1953 842 2118 896 tiosos
2164 841 2400 912 reliquit,
2451 841 2648 912 quibus
2701 849 2756 894 et
2800 854 2912 894 suae
2956 829 3284 894 celebriores
3343 835 3543 891 ﬁerent

1959 944 2016 989 et
2041 934 2143 1004 piis
2208 933 2541 997 hominibus,
2613 931 2922 1002 populoque
2993 930 3348 1000 acceptiores.
3399 927 3542 982 Hinc

1961 1025 2276 1095 frequenter
2329 1025 2472 1078 inter
2515 1025 2636 1094 ejus
2693 1023 2974 1077 volumina
3051 1027 3351 1074 occurrunt
3405 1033 3536 1072 ora-

1959 1119 2157 1180 tiones,
2215 1126 2269 1170 et
2302 1116 2548 1169 encomia
2585 1115 2639 1168 in
2685 1113 2865 1168 varias
2913 1111 3234 1167 festivitates
3276 1111 3542 1174 aliorum;

1959 1207 2102 1264 inter
2131 1222 2227 1262 eos
2253 1205 2506 1276 praecipui
2555 1205 2824 1260 habentur
2860 1204 3189 1258 Athanasius
3236 1202 3546 1272 patriarcha

1962 1302 2378 1365 Alexandrinus,
2416 1301 2644 1356 Basilius
2675 1299 2899 1370 Magnus
2923 1283 3297 1359 Ctesaricnsis.
3341 1295 3550 1365 Grego-

1965 1395 2080 1448 rius
2102 1392 2796 1463 Nazianzenusﬁrcgorius
2813 1391 3106 1463 Nyssenus,
3120 1389 3358 1444 Joannes
3373 1385 3548 1458 Chry-

1966 1494 2259 1549 sostomus,
2299 1483 2531 1538 Basilius
2575 1481 2958 1546 Seleuciensis,
2991 1474 3549 1548 Amphilochiuslco-

1967 1577 2196 1641 niensis,
2222 1575 2476 1646 Ephmm
2503 1575 2694 1647 Syrus,
2715 1575 2966 1644 Ephrecm
2986 1569 3100 1644 [76]
3125 1566 3545 1634 Chersonensis,

1967 1670 2257 1739 Antipater
2277 1669 2591 1724 Bostrorum
2623 1667 2932 1739 cpiscopus.
2964 1665 3196 1736 Cyrillus
3225 1660 3550 1716 Alexandri-

1966 1780 2094 1826 nus,
2125 1763 2461 1834 Epiphanius
2485 1763 2668 1833 Cypri,
2693 1761 2934 1815 Joannes
2963 1759 3344 1821 Damascenus,
3374 1753 3550 1810 Geor-

287 1875 464 1920 autem
501 1882 616 1919 cum
654 1879 754 1916 non
809 1873 1018 1930 possent
1059 1859 1214 1914 rebus
1241 1872 1426 1912 eorum
1467 1857 1864 1920 respondentem
1897 1844 1939 1898 Β
1965 1856 2084 1926 gius
2129 1853 2582 1917 Nicomediensis,
2622 1852 2880 1907 Pantaleo
2925 1850 3189 1906 diaconus
3235 1856 3289 1902 et
3323 1847 3547 1902 charto-

289 1958 473 2028 οπερ-τι
497 1958 806 2019 orationem,
827 1953 1019 2007 bonum
1049 1952 1132 2006 illi
1155 1948 1750 2019 conscripserunt,quod
1777 1960 1868 1998 nec

289 2061 418 2104 esset
455 2049 564 2102 ulla
583 2051 648 2102 de
667 2048 844 2118 gratia
865 2055 1132 2110 ornatum,
1158 2061 1250 2098 nec.
1276 2043 1436 2096 laude
1451 2039 1868 2112 prosequendum

291 2153 348 2196 ut
379 2142 470 2210 qui
511 2157 600 2194 nec
634 2140 910 2202 pulchram
957 2138 1236 2190 tribuerint
1257 2133 1591 2194 sententiam,
1636 2147 1728 2185 nec
1753 2145 1868 2183 cum

295 2234 465 2288 verbis
488 2233 716 2286 maxime
755 2231 1074 2291 decentibus,
1115 2243 1276 2298 neque
1309 2237 1557 2280 accurate
1583 2226 1872 2288 descripse-

295 2329 424 2391 rint,
448 2325 881 2395 nequestevitiam
906 2333 956 2377 et
991 2322 1324 2376 atrocitatem
1350 2335 1552 2383 eorum,
1575 2318 1666 2389 qui
1691 2317 1878 2388 punic-

294 2426 442 2479 runt,
473 2431 636 2486 neque
675 2424 974 2484 martyrum
1011 2412 1074 2466 .in
1115 2411 1306 2464 dandis
1349 2410 1612 2479 responsis
1645 2409 1873 2476 pruden-

295 2509 464 2573 tiam;
497 2508 626 2576 quin
653 2508 812 2560 etiam
845 2495 1222 2560 monachorum
1271 2499 1645 2555 adulterarum
1676 2499 1880 2552 exerci-

296 2600 570 2662 tationem,
609 2597 929 2666 simplicius,
970 2605 1018 2648 et
1045 2595 1198 2664 quasi
1225 2604 1437 2658 temere,
1477 2600 1526 2646 et
1555 2601 1611 2645 ut
1663 2590 1878 2652 accidit,

298 2691 600 2762 referentes,
626 2704 745 2760 qute
775 2686 1004 2742 studiose
1035 2685 1100 2739 ab
1127 2685 1236 2738 illis
1261 2685 1406 2755 facta
1456 2695 1596 2737 sunt.
1629 2679 1770 2734 Hinc
1796 2682 1879 2750 fa-

297 2793 440 2836 ctum
469 2790 544 2836 est
573 2793 627 2835 ut
659 2781 900 2834 nonnulli
935 2795 1000 2833 ne
1021 2777 1190 2847 legere
1209 2780 1421 2849 quidem
1443 2779 1761 2831 sustinerent
1794 2790 1879 2838 ea,

297 2889 416 2946 qua:
460 2881 612 2928 erant
667 2875 963 2928 litterarum
1011 2872 1265 2924 mandata
1313 2868 1662 2923 monumentis
1703 2885 1716 2920 :
1759 2865 1882 2920 aliis

301 2978 476 3020 autem
505 2983 564 3020 ea
613 2981 733 3036 qua:
763 2964 1094 3028 dicebantur,
1133 2961 1424 3032 pra-berem
1453 2960 1662 3014 ridendi
1711 2969 1886 3012 male-

301 3061 438 3112 riam
463 3073 480 3110 :
509 3057 959 3124 etcom‘positionis
993 3054 1334 3126 inelegantia,
1359 3052 1614 3106 sententia
1655 3050 1885 3104 absurda

301 3162 351 3206 ct
378 3153 524 3204 nulla
564 3149 954 3220 consequentia,
1003 3159 1049 3200 et
1073 3148 1232 3200 dictio
1255 3147 1373 3200 vilis
1403 3153 1452 3199 et
1481 3143 1706 3214 abjecta.
1733 3151 1885 3197 erant

303 3244 395 3307 iis,
425 3243 516 3312 qui
553 3243 856 3302 audiebant,
884 3239 1130 3293 insuavia
1156 3278 1172 3304 ,
1209 3249 1259 3292 et
1283 3238 1404 3290 odio
1439 3236 1766 3290 habebuntur
1795 3250 1886 3302 po-

303 3335 426 3400 tius,
451 3349 608 3399 quam
649 3333 1103 3398 admittebantur;
1139 3342 1184 3386 et
1228 3339 1456 3410 \propter
1485 3345 1570 3383 eos
1627 3327 1716 3398 qui
1762 3343 1888 3380 con-

1969 1948 2164 2025 phylax
2201 1948 2404 2019 Magna:
2445 1946 2704 2009 ecclesiae,
2753 1944 3076 2000 Theodorus
3111 1940 3374 2003 Studites,
3431 1939 3549 1992 An-

1973 2041 2131 2096 dreas
2159 2041 2459 2106 Cretensis,
2488 2037 2713 2094 Proclus
2741 2037 3046 2110 patriarcha
3080 2032 3550 2102 Constantinopo-

1971 2134 2194 2196 litanus,
2223 2133 2481 2190 Leontius
2520 2134 2828 2207 Byzantius,
2867 2131 3126 2186 Leontius
3161 2123 3548 2196 Hierosolymi-

1975 2236 2154 2290 tanus,
2189 2227 2486 2298 Proc0pius
2518 2229 2779 2284 diaconus
2800 2235 2855 2282 ct
2900 2221 3308 2292 chartOphylax,
3340 2217 3550 2288 Grego-

1975 2316 2090 2371 rius
2120 2317 2591 2382 Neocmsariensis,
2623 2317 2929 2373 Germanus
2953 2313 3258 2385 patriarcha
3285 2310 3553 2364 Constan-

1977 2408 2388 2478 tinopolitanus,
2406 2409 2652 2465 Asterius
2671 2408 2932 2470 Amaseze,
2957 2403 3302 2476 Sophronias
3323 2399 3556 2470 patriar-

1979 2501 2081 2555 cha
2105 2500 2488 2572 llicrosolym.,
2511 2500 2832 2557 Timotheus
2857 2499 3256 2572 Hierosolymit.
3294 2505 3348 2552 et
3367 2495 3479 2550 alii.

2052 2595 2160 2650 Sed
2227 2611 2491 2665 quasnam
2557 2595 2948 2666 Metaphrastes
3021 2593 3174 2650 Vitas
3239 2602 3555 2648 sanctorum

1983 2688 2343 2758 conscripsit?
2389 2687 2500 2744 Hoc
2522 2705 2651 2744 vero
2677 2687 3051 2744 diliicillimum
3085 2696 3171 2742 est
3216 2686 3551 2740 discernere.

1987 2777 2098 2834 Nec
2154 2779 2293 2834 alius
2343 2781 2564 2850 poterit,
2617 2779 2718 2833 nisi
2759 2780 2852 2850 qui
2904 2777 3109 2832 similes
3163 2774 3314 2830 Vitas
3361 2774 3553 2830 Grece

1986 2872 2342 2942 percurrerit,
2403 2880 2458 2926 et
2510 2871 2832 2936 orationem,
2879 2877 2934 2924 et
2977 2867 3183 2922 lumina
3241 2869 3297 2920 in
3324 2864 3560 2922 dicendo

1983 2963 2266 3036 Symeonis
2297 2964 2500 3034 Optime
2549 2963 2812 3018 calluerit.
2870 2959 3005 3015 Nam
3035 2961 3088 3016 id
3125 2976 3194 3014 ex
3224 2959 3432 3013 Latinis
3454 2972 3557 3010 ex-

1987 3055 2186 3127 piscari
2217 3056 2594 3110 stultissimum
2625 3054 2804 3118 fuerit,
2836 3054 2980 3124 quod
3019 3052 3297 3124 continget
3362 3048 3561 3105 didici-

1997 3149 2120 3211 lius.
2151 3151 2294 3220 quod
2325 3149 2565 3203 nondum
2599 3148 2754 3219 capio
2800 3164 2905 3218 qua
2931 3163 3094 3202 causa
3125 3146 3179 3201 id
3229 3144 3432 3204 factum
3463 3142 3559 3208 sit,

1991 3257 2115 3296 cum
2142 3243 2197 3295 in
2227 3241 2348 3296 aliis
2381 3241 2720 3296 orationibus
2745 3239 2964 3303 ctVitis,
2986 3249 3267 3294 auctorum
3300 3246 3358 3290 ut
3387 3234 3562 3306 pluri-

1987 3350 2136 3388 mum
2196 3336 2417 3389 nomina
2467 3334 2861 3406 praeligantur;
2897 3333 2954 3387 in
2984 3333 3089 3396 his,
3137 3346 3276 3402 quas
3322 3329 3559 3400 Symeon

303 3428 628 3496 scripserant
685 3425 849 3486 nobis,
897 3423 1122 3478 ludibrio
1165 3423 1494 3476 habebantur
1548 3419 1891 3472 admirabilia
1992 3423 2326 3492 descrispsit,
2386 3439 2666 3492 nunquam
2713 3435 2804 3477 aut
2839 3437 2962 3477 raro
3011 3429 3370 3493 praenotalum
3410 3421 3564 3474 inre-

291 3517 734 3573 Christionorum
765 3517 1054 3570 certamina
1115 3524 1273 3584 atque
1331 3525 1534 3580 tropa'a
1577 3527 1595 3564 ἔ
1631 3523 1676 3564 el
1719 3527 1894 3565 omnes
1993 3515 2198 3570 niatur.
2233 3515 2371 3571 llinc
2401 3515 2503 3572 viri
2533 3516 2602 3570 de
2638 3515 2960 3586 antiquitate
3009 3515 3375 3572 ecclesiastica
3416 3514 3562 3570 bene

306 3609 516 3679 quidem
533 3617 711 3674 aperte
737 3622 941 3675 semper
963 3605 1360 3660 insectabantur
1387 3603 1896 3662 maledictis.eorum
1991 3610 2171 3666 meriti
2214 3610 2362 3664 Vitas
2395 3619 2730 3676 sanctorum,
2772 3625 2893 3680 qua;
2925 3618 3204 3664 auctorem
3256 3607 3360 3662 sibi
3414 3621 3562 3678 pra-

305 3711 483 3754 autem
517 3701 627 3753 loco
647 3699 834 3768 aﬂ‘erre
851 3697 1095 3760 meliora,
1120 3695 1242 3749 aliis
1263 3696 1471 3766 quidem
1495 3702 1704 3762 propter
1719 3709 1898 3746 eorum

304 3790 626 3852 socordiam,
668 3788 790 3841 aliis
831 3797 1030 3849 autem,
1057 3793 1113 3839 ut
1141 3785 1279 3853 quod
1303 3795 1376 3838 est
1405 3799 1532 3849 apus
1587 3781 1902 3852 perfectissi-

307 3896 449 3934 mum
473 3888 532 3934 et
579 3877 803 3932 maximi
847 3877 1030 3941 studii,
1070 3885 1120 3930 et
1173 3876 1256 3928 cui
1291 3892 1383 3928 nec
1411 3884 1522 3928 tota
1564 3873 1771 3944 quidem
1800 3873 1900 3928 viri

307 3973 414 4026 vita
438 3971 734 4040 snﬁ'ecerit:
758 3985 922 4038 neque
965 3969 1100 4022 vires
1131 3969 1352 4022 aderant
1375 3965 1686 4028 uolentibus,
1709 3981 1804 4019 nec
1835 3967 1899 4020 iis

303 4064 688 4130 quipoterant,
739 4061 983 4114 uoluntas
1017 4077 1030 4112 :
1077 4058 1167 4112 sed
1206 4074 1310 4111 non
1361 4058 1524 4112 etiam
1565 4057 1897 4110 admirabilis

306 4152 534 4223 Symeon
572 4158 752 4207 eodem
792 4153 946 4204 modo
973 4152 1153 4220 quoii,
1177 4152 1274 4220 fuit
1317 4153 1562 4222 allectus;
1582 4151 1671 4206 sed
1691 4167 1802 4204 cum
1822 4153 1898 4206 eis

305 4246 594 4317 procedens
627 4245 695 4298 ad
732 4247 1194 4312 reprehensionem,
1250 4243 1436 4298 deinde
1479 4245 1732 4312 processit
1761 4243 1898 4298 ulte-

269 4357 274 4362 ί
309 4339 450 4400 rius,
481 4346 532 4390 et
547 4333 780 4405 juvenile
797 4334 1110 4404 aggrediens
1141 4334 1372 4398 facinus,
1405 4334 1486 4387 vel
1508 4335 1708 4406 felicem
1724 4335 1897 4403 potius

308 4434 595 4492 actionem,
641 4439 802 4497 quam
833 4426 1008 4480 nullus
1060 4427 1291 4480 omnium
1343 4431 1492 4498 gessit
1537 4427 1772 4498 feliciter,
1804 4442 1898 4496 per

1998 3701 2260 3771 scriptum
2303 3715 2415 3754 non
2473 3699 2792 3771 praeferunt,
2825 3714 3017 3754 omnes
3063 3714 3172 3752 non
3207 3697 3326 3752 sine
3359 3697 3562 3752 erroris

1993 3802 2154 3862 atque
2189 3792 2415 3846 inscitia:
2442 3801 2568 3846 nota
2612 3791 2865 3862 Symeoni
2891 3790 3256 3857 vindicarunt,
3287 3807 3408 3862 quas
3433 3805 3562 3846 vere

1996 3883 2282 3956 Symconis
2329 3900 2436 3938 non
2469 3891 2616 3940 sunt.
2663 3882 3016 3938 Vindicantur
3058 3892 3235 3938 tamen
3281 3883 3562 3954 Symeoni,

1993 3983 2047 4028 et
2077 3975 2237 4028 veluti
2291 3974 2574 4044 Symeonis
2618 3989 2888 4046 germanae
2940 3975 3316 4046 evulgantura
3374 3974 3560 4038 Surio.

1993 4072 2047 4118 et
2092 4063 2450 4133 Lippomano,
2474 4073 2530 4118 et
2552 4064 2670 4118 aliis
2713 4064 2904 4120 Latine
2959 4073 3190 4128 tantum,
3236 4065 3412 4120 Mense
3460 4066 3564 4121 Jac

1994 4159 2182 4243 nuario
2209 4174 2246 4220 t,
2279 4159 2462 4213 Sancti
2513 4158 2716 4223 Basilii,
2749 4159 3133 4230 Euphrosynes
3163 4159 3562 4214 Alexandrinae.

1994 4250 2048 4312 5,
2117 4251 2446 4320 Apollinaris
2503 4251 2745 4323 virginis.
2805 4252 2860 4318 7,
2895 4251 3117 4308 Luciani
3179 4252 3450 4326 martyris.
3503 4251 3561 4316 9,

1992 4340 2262 4413 Polyeucti
2315 4344 2586 4412 martyris,
2637 4341 2836 4398 Juliani
2876 4344 3152 4415 martyris,
3189 4332 3562 4401 etsbeiorum.

1993 4435 2082 4500 lO,
2107 4435 2358 4489 Marciani
2390 4436 2706 4506 presbyteri.
2732 4437 2820 4502 Η,
2837 4433 3126 4490 Theodosii
3143 4436 3564 4493 coenobiarchae.

223 4597 230 4604 _
305 4539 464 4591 quam
515 4521 602 4575 ille
644 4521 810 4616 evasit
853 4519 1055 4573 clarior
1091 4521 1328 4574 omnibus
1380 4521 1470 4591 qui
1521 4533 1672 4575 erant
1707 4523 1893 4590 ubique
1921 4561 1966 4616 Β
1998 4529 2086 4593 15,
2121 4529 2354 4600 "amyli
2385 4538 2440 4584 ει
2475 4526 2762 4584 διηιιοηίοῖ
2830 4538 3146 4599 martyrum,
3181 4529 3266 4593 ιδ,
3333 4528 3562 4584 Joannis

307 4616 550 4677 eruditis,
591 4624 644 4667 et
700 4613 808 4666 Deo
865 4613 1183 4667 consecrarit
1245 4630 1304 4667 ea
1335 4627 1449 4683 qua?
1503 4624 1624 4668 sunt
1658 4616 1873 4667 omnium

1991 4620 2266 4692 Calybitte.
2298 4623 2388 4688 2'2,
2423 4623 2694 4677 Timothei
2721 4623 2970 4692 apostoli,
3005 4623 3271 4678 Viucentii
3297 4623 3473 4678 levita:
3507 4632 3564 4678 et

305 4707 705 4775 pulcherrima;
730 4714 1020 4774 martyrum
1057 4707 1352 4758 certamina
1385 4718 1432 4758 et
1463 4722 1666 4769 cursus,
1704 4714 1751 4760 et
1777 4722 1892 4760 mo-

310 4799 606 4854 nachorum
647 4798 1020 4852 abstinentiam
1070 4813 1116 4854 et
1151 4801 1462 4871 patientiam
1491 4803 1693 4856 ornavit
1724 4813 1770 4854 et
1795 4804 1892 4857 de-

309 4893 508 4947 corauit
561 4902 610 4945 et
650 4896 892 4946 eamdem
958 4910 1116 4960 quam
1159 4895 1244 4948 illi
1284 4895 1534 4948 adhibens
1589 4895 1888 4950 benevolen-

309 4985 480 5048 tiam,
520 4987 686 5038 etiam
752 4985 956 5054 gratias
1031 4986 1262 5040 vicissim
1338 4988 1534 5055 accepit
1604 4987 1669 5040 ab
1726 4990 1892 5043 omni-

309 5077 425 5131 bus.

383 5169 504 5224 Non
531 5169 604 5224 ita
643 5178 824 5224 tamen
853 5169 992 5225 adeo
1019 5184 1217 5226 severe
1265 5185 1326 5226 se
1359 5171 1544 5241 gessit,
1574 5181 1635 5228 ut
1682 5189 1878 5231 omnes

307 5260 552 5315 omnium
602 5269 920 5316 sanctorum
977 5260 1126 5314 Vitas
1167 5269 1223 5315 et
1280 5259 1468 5316 laudes
1522 5272 1648 5318 ante
1703 5281 1764 5320 se
1817 5267 1884 5322 ab

306 5353 432 5408 aliis
489 5353 886 5424 prohatissimia
965 5355 1280 5409 auctoribus
1329 5356 1559 5426 scriptas
1612 5359 1882 5428 rejecerit,

302 5454 365 5500 et
397 5444 575 5511 lactis,
633 5445 978 5515 decretisque
1019 5445 1378 5516 jugulaverit;
1421 5449 1516 5503 sed
1553 5449 1735 5513 falsas,
1793 5461 1889 5508 aut

307 5538 562 5609 nequiter
621 5538 972 5609 compositas,
1025 5539 1194 5594 veluti
1235 5540 1505 5613 indignas,
1551 5557 1672 5610 quae
1711 5560 1741 5598 a
1781 5543 1886 5614 piis

307 5632 618 5705 legerentur
671 5632 977 5688 voluntaria
1019 5633 1294 5690 oblivione
1335 5635 1612 5690 contrivit:
1652 5637 1721 5692 ab
1770 5637 1891 5694 aliis

311 5732 490 5780 errata
511 5724 777 5780 diem
806 5724 1078 5792 codicum,
1124 5725 1210 5781 vel
1245 5727 1578 5798 scriptorum
1633 5729 1739 5784 (ide
1770 5745 1891 5786 cor-

309 5818 469 5886 rexit,
489 5849 494 5854 ι
517 5833 728 5890 suoque
769 5819 912 5892 stylo
939 5828 1233 5878 exornatas
1262 5819 1730 5889 edidityaliarum
1773 5837 1888 5883 rem

652 5972 672 6000 \

1995 4719 2265 4787 martyris,
2299 4715 2569 4770 Anastasii
2612 4715 2810 4770 Persae.
2841 4715 2934 4780 23,
2960 4715 3255 4770 Clementis
3289 4714 3564 4786 Ancyrani

1989 4809 2500 4879 episcopi,Joannis
2525 4807 2960 4878 Eleemosyuarii.
2995 4807 3090 4872 25,
3129 4808 3396 4880 Eusebiae,
3441 4824 3564 4880 qua:

1987 4903 2365 4974 cognominata
2399 4910 2484 4956 est
2512 4901 2742 4970 hospita.
2775 4899 2867 4966 27,
2899 4899 3128 4955 Joannis
3167 4901 3562 4974 Chrysostomi.

1989 4994 2080 5058 28,
2139 4993 2326 5048 Jacobi
2367 4993 2636 5046 Ercmitae.
2680 4993 2770 5060 51,
2799 4993 2920 5064 Cyri
2963 5003 3019 5048 ct
3036 4993 3282 5059 Joannis,
3337 4993 3565 5050 Melana

1987 5087 2267 5142 Romanae.
2318 5085 2498 5141 Mense
2581 5085 2894 5140 Februario.
2927 5088 2981 5148 l.
3035 5087 3218 5158 Ignatii
3295 5092 3560 5160 cpisc0pi,

1985 5181 2260 5250 martyris,
2293 5176 2465 5233 Piunii
2514 5179 2696 5248 presb.
2727 5188 2892 5234 mart.
2930 5177 3199 5249 Ephraemi
3229 5179 3366 5253 Syri.
3423 5181 3562 5255 Try-

1985 5268 2202 5337 phonis.
2253 5269 2306 5332 ‘5,
2345 5267 2504 5320 Blasii
2537 5266 2806 5338 Episcopi,
2853 5259 3024 5322 sancti
3084 5268 3292 5336 Isidori,
3339 5274 3563 5342 Agatha

1991 5361 2230 5426 virginis.
2255 5359 2308 5422 6,
2335 5359 2566 5422 Faustte,
2605 5360 2858 5421 Euelasii.
2894 5372 2945 5416 et
2976 5361 3296 5419 Maximinus.
3327 5364 3378 5431 8,
3417 5367 3562 5422 Eva-

1991 5453 2091 5521 grii
2140 5462 2196 5508 et
2221 5452 2402 5509 Mariae
2443 5455 2563 5522 ejus
2603 5449 2752 5509 ﬁlias:
2774 5455 2830 5519 9,
2859 5453 3149 5526 Nicephori
3177 5459 3445 5530 martyris.
3470 5462 3559 5527 l3,

1990 5546 2297 5602 Martiniani
2350 5549 2712 5604 anachorctre.
2775 5549 2864 5607 14.
2901 5549 3154 5616 Auxentii
3183 5553 3417 5608 abbatis.
3467 5555 3558 5622 i6,

1991 5637 2234 5694 Onesimi
2257 5640 2599 5710 martyrium,
2621 5639 2866 5698 Julianaz.
2893 5641 3183 5707 18,Leonis
3211 5653 3268 5701 et
3287 5645 3562 5718 Paregoril

1993 5740 2310 5804 martyrum.
2369 5731 2456 5795 l9,
2491 5731 2706 5788 Auxibii
2749 5735 3137 5808 archiepiscopi
3167 5737 3426 5797 Selensis.
3465 5738 3560 5809 20,

1990 5823 2190 5880 Jadoth
2243 5825 2507 5896 episcopi,
2565 5835 2620 5881 et
2649 5827 2919 5885 sociorum
2959 5843 3278 5904 martyrum.
3307 5832 3398 5901 27,
3437 5837 3559 5888 An-
