3826 6518
265 376 327 444 73
588 378 596 385 ’
934 381 1032 442 DE
1073 381 1424 442 SCRIPTIS
1465 379 1843 440 SYMEONIS
1877 370 2456 437 METAPHRASTE
2492 371 2878 432 DIATRIBA.
3425 365 3493 430 74

257 487 486 553 dronici,
535 495 592 541 et
623 486 958 542 Athanasiae.
1009 492 1186 543 Mense
1242 487 1454 542 Martio.
1497 489 1554 543 9.
1585 485 1830 552 Quadra-
1861 495 1908 551 Α
1936 481 2127 554 Agapii
2155 489 2210 536 et
2239 480 2581 550 Theopistes.
2634 477 2922 550 Acindyni,
2951 477 3180 551 Pegasii,
3231 478 3504 550 Anempo-

256 581 392 654 ginta
419 585 737 650 martyrum.
769 577 854 633 10.
884 577 1123 642 Codrati,
1154 577 1427 650 Cypriani,
1449 588 1504 632 et
1529 579 1824 634 sociorum.
1931 571 2080 636 disti,
2121 569 2417 640 Aphthonii
2456 577 2508 624 et
2551 568 2903 639 Elpidophori
2937 579 3260 642 martyrum.
3291 572 3346 625 4.
3389 571 3511 626 lan-

257 671 335 726 12.
369 671 742 742 Theophanis,
773 670 864 739 qui
892 679 948 725 et
970 670 1210 724 lsaacius
1251 670 1430 725 dictus
1469 679 1571 724 est.
1601 668 1686 722 15.
1727 668 1826 722 Sa-
1929 663 2055 716 nicii
2083 663 2309 718 abbatis.
2333 663 2386 718 5.
2417 661 2747 743 Galactionis
2777 672 2831 718 et
2859 661 3160 732 Epistemes
3190 674 3510 735 martyrum.

255 764 380 819 bini.
454 765 543 819 15.
598 763 828 834 Longini
889 763 1241 819 centurionis.
1297 763 1384 818 16.
1460 761 1715 828 Abramii,
1775 769 1829 816 et
1930 755 2181 810 llieronis
2237 763 2291 808 et
2316 753 2732 837 socl;.mart.-8.
2800 754 3080 810 Matronae.
3112 755 3166 810 9.
3237 755 3512 812 Theodori

257 855 428 911 Maria:
459 857 640 926 neptis
671 856 811 926 ejus.
845 855 935 910 27.
972 855 1184 910 lsaacii.
1217 855 1394 910 Mense
1429 854 1595 925 Aprili
1625 872 1659 909 1.
1687 854 1827 924 Aga-

1948 847 2197 902 l'heronis
2257 854 2417 900 mart.
2459 845 2678 901 Aretha:
2719 848 2988 919 martyris.
3033 847 3119 902 10.
3167 847 3512 906 Theoctistes

257 965 364 1018 pes,
415 948 685 1011 Chionite,
736 959 792 1004 et
846 949 1051 1004 lrenes.
1086 950 1142 1004 4.
1198 947 1461 1004 Theoduli
1519 947 1738 1004 lectoris
1771 957 1828 1004 et
1926 937 2156 993 LBSbil’B-
2191 937 2280 992 “-
2314 936 2484 992 Μθηω
2528 935 2764 1008 Egypt“
2817 939 3201 1010 martyris-15.
3239 935 3509 1007 3811101138.

256 1043 634 1113 Agathopodis.
668 1043 722 1097 5.
792 1040 1118 1106 Theodore,
1152 1049 1209 1096 et
1240 1041 1446 1112 Didymi
1502 1049 1823 1111 martyrum,
1926 1029 2105 1086 Curia
2131 1040 2185 1086 et
2236 1029 2415 1086 Abibi.
2455 1029 2542 1085 18.
2572 1028 2796 1085 Joannis
2825 1029 3102 1103 Chrysost.
3134 1031 3225 1086 22.
3261 1029 3512 1100 Caeciliae,

258 1132 512 1196 'l‘hemes.
574 1142 629 1188 et
688 1132 1016 1188 Pherbatha:
1051 1132 1172 1203 ejus
1227 1131 1450 1186 sororis.
1493 1131 1544 1185 7.
1581 1129 1824 1200 Calliopii
1925 1121 2196 1179 Valeriani
2241 1132 2296 1178 et
2364 1123 2638 1180 sociorum
2713 1132 3031 1195 martyrum.
3057 1123 3149 1182 25.
3217 1126 3514 1182 Clementis

1926 1217 2178 1287 martyris
2231 1216 2473 1286 episc0pi
2535 1214 2790 1272 Romani.
2859 1215 3106 1286 Gregorii
3169 1216 3513 1290 Agrigentini

1925 1307 2184 1378 episcopi.
2200 1308 2290 1363 21.
2314 1307 2565 1364 Mercurii
2581 1308 2848 1380 martyris.
2861 1309 2953 1364 25.
2970 1309 3335 1366 .Ecatherinae
3353 1313 3517 1384 virgi-

1923 1399 2010 1453 nis
2027 1406 2083 1452 et
2099 1399 2367 1470 martyris.
2390 1399 2481 1454 26.
2504 1399 2700 1470 Alypii.
2719 1398 3091 1472 [78]Cionitaa.
3114 1401 3290 1457 Mense
3304 1403 3517 1458 Decem-

1925 1488 2085 1544 briJ.
2105 1490 2355 1546 Barbara:
2371 1492 2641 1562 martyris.
2663 1487 2847 1547 San'cti
2869 1491 3024 1548 Saba:
3037 1495 3264 1550 abbatis.
3286 1496 3341 1550 6.
3360 1495 3492 1552 Nico
3504 1530 3519 1537 -

1923 1578 1993 1634 lai
2018 1579 2279 1652 Myrensis
2299 1582 2561 1653 episcopi.
2591 1582 2641 1638 8.
2660 1582 2868 1652 Patapii
2901 1585 3173 1654 martyris.
3204 1585 3291 1639 10.
3324 1585 3516 1651 Mense,

254 1676 662 1749 GeorgiiMagni
687 1678 964 1749 martyris.
1014 1677 1180 1744 Marci
1205 1677 1569 1749 evangelista.
1597 1677 1688 1732 27.
1713 1676 1826 1729 An-
1925 1669 2280 1743 Hermogenis
2333 1682 2386 1728 et
2425 1674 2717 1744 Eugraphi.
2751 1675 2839 1728 11.
2871 1675 3111 1730 Danielis
3169 1677 3382 1748 stylitte.
3428 1679 3518 1732 12.

257 1773 418 1843 thymi
435 1773 679 1843 episcopi
696 1772 1148 1829 Nicomediensis.
1165 1774 1254 1828 28.
1272 1772 1565 1844 Paphnutii
1584 1772 1822 1828 anacho-

1948 1762 2264 1832 Spiridionis
2335 1765 2577 1835 episcopi
2637 1763 3174 1836 Trimythuntis.15.
3238 1770 3517 1833 Eustratii,

254 1873 456 1926 retae,et
476 1864 770 1918 sociorum.
789 1864 962 1919 Mense
977 1863 1136 1918 Maio.
1154 1864 1205 1919 1.
1228 1861 1467 1934 Philippi
1483 1862 1734 1933 apostoli.
1751 1861 1842 1919 Jao

1948 1854 2225 1922 Auxentii,
2261 1855 2508 1928 Eugenii,
2543 1856 2794 1914 Mardarii
2823 1869 2879 1914 et
2905 1858 3133 1914 Orestis.
3166 1861 3250 1917 19.
3301 1861 3519 1935 Thyrsi,

255 1224 521 1294 martyris.
562 1225 616 1278 8.
650 1221 873 1278 Bademi
921 1221 1389 1276 archimandritze.
1448 1221 1538 1276 10.
1579 1219 1824 1275 Terentii

253 1315 486 1368 Africani
539 1322 595 1368 et
642 1313 914 1368 sociorum
954 1321 1278 1382 martyrum.
1310 1311 1398 1365 11.
1433 1310 1661 1382 Antypa‘.
1695 1307 1824 1364 Per-

254 1403 520 1472 gamensis
562 1403 826 1473 episcopi.
854 1403 941 1458 15.
987 1403 1167 1472 Carpi.
1201 1401 1406 1472 Papyli,
1443 1410 1499 1457 et
1551 1400 1824 1456 sociorum

255 1505 568 1564 martyrum.
595 1493 679 1548 18.
699 1493 998 1549 Eleutherii
1027 1493 1142 1566 [77]
1162 1495 1423 1564 episcopi,
1454 1504 1509 1554 et
1536 1493 1824 1548 Euanthiae

254 1586 520 1656 martyris.
557 1587 647 1641 22.
680 1587 1002 1656 Acepsimae,
1059 1585 1307 1656 Josephi,
1343 1594 1400 1640 et
1427 1584 1676 1640 Aitbalae.
1729 1583 1822 1639 25.

252 1954 367 2010 cobi
385 1955 641 2024 apostoli.
654 1955 998 2010 2.Athanasii
1015 1954 1255 2025 episcopi
1276 1953 1649 2010 Alexandrini.
1667 1954 1843 2009 5.Ale-

253 2047 861 2110 sandraa,etAntonin:e
877 2046 1126 2117 virginis.
1148 2047 1443 2118 4.Pelagim
1465 2045 1772 2101 Tarsensis.
1787 2048 1842 2103 8.

251 2136 427 2190 Acacii
443 2137 797 2192 centurionis.
827 2136 909 2192 10.
927 2137 1206 2208 Glyceriaa,
1221 2145 1273 2192 et
1293 2136 1554 2204 Laodicii.
1576 2137 1660 2192 15.
1681 2138 1842 2192 Alex-

255 2228 409 2282 andri
434 2228 680 2283 alterius.
706 2227 930 2284 Joannis
946 2227 1260 2284 Silentiarii.
1291 2227 1378 2283 14.
1411 2227 1648 2283 Victoris
1666 2237 1718 2282 et
1737 2228 1841 2282 Co-

257 2336 428 2375 ronae.
468 2322 766 2385 Pacbomii,
798 2323 975 2376 Mense
1003 2322 1188 2379 Junio.
1225 2324 1277 2378 5.
1308 2321 1592 2378 Bonifacii.
1615 2322 1667 2378 7.
1692 2323 1842 2376 Pauli

252 2413 650 2483 archiepiscopi
684 2413 1291 2486 Coustantinopolitani.
1337 2415 1423 2471 12.
1444 2413 1643 2469 Justini
1663 2415 1842 2486 philo-

253 2507 432 2575 sophi,
462 2507 778 2562 Charitonis
796 2509 1159 2562 etsociorum.
1184 2507 1270 2562 15.
1297 2507 1564 2575 Aquilium
1593 2507 1838 2578 virginis.

255 2597 337 2652 15.
361 2596 512 2653 Dulaa
546 2600 816 2670 martyris.
844 2601 930 2656 16.
961 2601 1164 2666 Quirici
1183 2601 1476 2656 etJulittae.
1503 2602 1585 2654 l7.
1606 2599 1840 2665 Manucl,

253 2690 478 2746 Sabelet
504 2692 713 2748 lsmael.
737 2693 822 2748 19.
840 2693 1060 2757 Sozimi,
1079 2693 1314 2759 Nazarii,
1334 2691 1598 2758 Gervasii,
1613 2691 1842 2747 Protasii

254 2793 307 2838 et
331 2786 630 2839 sociorum.
656 2786 745 2849 27,
769 2785 1082 2855 Sampsonis
1111 2786 1387 2854 hospitum
1407 2785 1728 2854 exceploris.
1747 2787 1838 2841 29.

255 2876 327 2932 De
355 2879 882 2948 peregrinationibus
907 2887 964 2934 et
1003 2878 1279 2934 laboribus
1297 2887 1606 2933 sanctorum
1629 2877 1843 2946 Petriiet

254 2968 428 3023 l’auli.
460 2969 636 3024 Mense
676 2969 838 3024 Julia.
877 2969 931 3024 8.
955 2969 1205 3039 Procopii
1230 2968 1503 3040 martyris.
1546 2968 1633 3023 17.
1668 2968 1842 3023 Alexii

255 3062 606 3116 confessoris.
639 3062 1010 3135 Athenogenis
1063 3061 1336 3132 martyris.
1375 3061 1462 3116 18.
1494 3059 1730 3116 Mauritii
1787 3069 1843 3116 et

255 3154 597 3224 septuaginta
628 3155 882 3214 militum.
914 3155 1001 3211 19.
1032 3152 1245 3209 Arsenii
1272 3151 1501 3208 abbatis.
1545 3151 1634 3206 20.
1660 3151 1841 3207 Maria:

256 3249 529 3318 martyris.
573 3248 740 3303 Heliae
791 3247 1084 3304 Thesbitze.
1141 3249 1230 3302 21.
1277 3245 1513 3302 Danielis
1558 3255 1614 3302 et
1677 3246 1838 3300 trium

257 3355 575 3409 puerorum.
621 3339 710 3393 22.
741 3338 981 3394 Platonis
1033 3340 1309 3412 martyris.
1343 3339 1431 3392 27.
1465 3336 1685 3407 Septem
1715 3337 1840 3390 dor-

257 3429 566 3484 mientium.
647 3429 1084 3484 Panteleemonis
1126 3429 1400 3500 martyris.
1455 3429 1548 3483 29.
1593 3424 1841 3482 Callinici

257 3521 531 3591 martyris.
599 3517 886 3575 Eudocimi
942 3521 1216 3592 martyris.
1267 3522 1448 3574 Mense
1495 3519 1753 3588 Angusto.
1786 3517 1838 3570 1.

262 3611 485 3682 Sophim
524 3621 578 3666 et
617 3613 853 3667 liliarum
887 3613 1027 3683 ejus.
1051 3614 1106 3667 2.
1154 3612 1416 3684 Stephani
1451 3610 1678 3666 Romani
1706 3625 1842 3680 pon-

260 3705 439 3760 tilicis.
471 3706 558 3760 12.
596 3705 772 3776 Euplii
803 3709 1076 3778 martyris.
1130 3707 1218 3762 15.
1257 3706 1331 3761 De
1369 3714 1496 3760 ortu
1531 3711 1588 3759 et
1638 3703 1840 3758 educa-

260 3799 409 3852 tione
472 3795 730 3868 Virginis.
774 3799 861 3852 17.
899 3798 1188 3852 Mamantis
1261 3796 1534 3869 martyris.
1580 3795 1731 3849 Pauli
1788 3802 1844 3848 et

261 3885 510 3942 Julianm.
578 3890 660 3943 19.
703 3889 934 3944 Andreae
993 3890 1148 3944 ducis
1178 3889 1470 3951 exercitus,
1529 3885 1842 3950 etesocioa

261 3995 402 4032 rum.
461 3978 556 4034 29.
607 3978 685 4034 De
755 3979 964 4034 Joanne
1031 3979 1289 4050 Baptista.
1346 3979 1419 4034 De
1461 3977 1844 4048 exportatione

262 4072 516 4141 pretiosa:
589 4087 782 4127 manus
808 4071 1035 4127 Joannis
1090 4072 1367 4142 Baptistae.
1401 4071 1574 4126 Mense
1602 4069 1845 4138 Septem-

262 4164 360 4218 bri.
399 4163 452 4216 5.
520 4163 776 4225 Eudoxii.
852 4164 1093 4228 Romuli,
1144 4164 1382 4218 Zenonis
1441 4169 1498 4217 et
1527 4160 1842 4216 Macarii.7.

261 4255 536 4312 Suzontis.
563 4259 619 4313 9.
670 4257 974 4313 Severiani.
1023 4258 1109 4312 10.
1149 4256 1474 4320 Menodoraz,
1527 4253 1846 4309 Metrodora‘.

263 4365 320 4410 et
368 4356 788 4426 Nymphodorae.
825 4356 912 4409 11.
967 4354 1266 4410 Thcodorae
1320 4351 1723 4408 Alexandriam.
1755 4350 1842 4403 12.

263 4447 582 4502 Autonomi.
627 4450 713 4502 13.
764 4447 1001 4502 Cornelii
1066 4446 1450 4502 centurionis.
1482 4445 1572 4500 15.
1641 4443 1846 4498 Nicette

1944 1944 2118 2018 Lycii,
2151 1945 2418 2015 Callinici,
2474 1948 2830 2014 Philemonis,
2875 1949 3166 2020 Apollonii,
3200 1962 3253 2008 et
3285 1956 3522 2026 reliquo-

1943 2053 2088 2093 rum.
2141 2040 2231 2094 21.
2279 2038 2504 2095 Thomte
2548 2041 2796 2110 apostoli.
2847 2041 2935 2095 23.
2972 2043 3167 2099 Decem
3223 2058 3521 2119 martyrum

1943 2131 2036 2202 qui
2063 2130 2115 2185 in
2142 2130 2301 2187 Creta
2324 2133 2541 2188 subiere
2572 2134 2912 2205 martyrium.
2940 2135 3031 2191 25.
3056 2135 3356 2195 Anastasiae
3377 2157 3522 2197 mar-

1945 2224 2094 2295 tyris.
2139 2224 2396 2296 Eugeniae
2457 2227 2728 2298 martyris.
2760 2227 2852 2282 26.
2895 2228 3201 2296 Theodori,
3251 2241 3304 2288 et
3343 2236 3523 2290 'l’heo-

1943 2316 2140 2386 phanis
2181 2318 2528 2388 scriptorum.
2570 2319 2714 2375 Indae
2741 2329 2796 2376 et
2847 2319 3090 2389 Domnze,
3123 2334 3179 2379 et
3219 2325 3516 2384 sociorum.

1942 2409 2033 2464 27.
2065 2408 2308 2466 -Joannis
2369 2412 2596 2482 apostoli
2632 2422 2685 2468 et
2742 2415 3110 2486 evangelistae.
3149 2417 3238 2472 29.
3284 2419 3521 2476 Marcelli

1943 2503 2381 2558 archimandritze
2405 2503 2714 2560 monasterii
2739 2503 3146 2562 Acmmitorum.
3171 2509 3262 2568 ³50.
3286 2510 3522 2584 Anysiae,

1944 2608 2064 2664 quae
2096 2602 2178 2649 est
2221 2595 2642 2651 Thessalonicae.
2680 2597 2769 2652 5|.
2817 2597 3235 2671 Silvestripapae
3261 2603 3518 2660 Romani.

1948 2690 2010 2742 Et
2048 2688 2165 2743 haec
2197 2689 2417 2758 quidem
2453 2692 2568 2744 sive
2596 2690 2768 2760 ipsius
2809 2692 3114 2764 Symeonis,
3151 2697 3263 2752 sive
3299 2699 3523 2756 alterius

1944 2775 2135 2842 Latine
2195 2781 2340 2835 edita
2403 2789 2572 2847 sunt;
2643 2781 2830 2838 Graece
2895 2801 3046 2853 vero,
3108 2787 3192 2842 vel
3231 2790 3418 2846 Graece
3470 2803 3526 2848 et

1943 2872 2152 2934 Latine,
2169 2886 2289 2942 quae
2308 2873 2422 2941 ipse
2441 2872 2688 2937 viderim,
2714 2874 3060 2942 paucissima:
3081 2893 3315 2949 namque
3337 2881 3525 2939 Grzecc

1944 2975 2069 3036 post
2109 2965 2366 3018 Aretham
2403 2965 2455 3020 in
2514 2966 2918 3037 Apocalypsim,
2963 2967 3080 3023 Vita
3105 2969 3333 3027 Joannis
3393 2990 3524 3044 apo-

1948 3061 2071 3114 stoli
2107 3069 2163 3114 et
2202 3059 2570 3131 evangelistae.
2623 3061 2808 3116 Grazce
2829 3069 2884 3116 et
2912 3062 3101 3119 Latine
3131 3063 3251 3119 Vita
3285 3067 3523 3141 Dionysii

1949 3153 2288 3226 Areopagitae
2327 3169 2359 3207 a
2413 3153 2715 3210 Baltassare
2790 3154 3050 3211 Corderio
3117 3161 3386 3216 recensita
3466 3164 3522 3218 in

1948 3245 2139 3299 eodem
2193 3241 2468 3316 Dionysio.
2499 3245 2632 3299 Acta
2681 3248 2852 3301 sancti
2900 3249 3156 3304 Demetrii
3194 3252 3522 3326 Myroblytze,

1942 3337 2253 3408 Antuerpiae
2278 3338 2332 3391 in
2377 3347 2572 3407 quarto
2607 3337 2765 3406 1635,
2817 3342 2958 3412 typis
3015 3341 3241 3400 Joannis
3282 3345 3523 3403 Meursii.

1944 3431 2065 3486 Vita
2118 3440 2172 3485 et
2214 3431 2530 3502 martyrium
2598 3442 2798 3487 sanctae
2870 3433 3087 3491 Thecla;
3135 3453 3234 3507 per
3302 3439 3525 3496 Petrum

1943 3523 2251 3577 Plantinum
2289 3538 2411 3578 cum
2458 3521 2654 3578 Basilio
2685 3524 3040 3594 Seleucensif;
3074 3531 3150 3584 Dc
3183 3530 3304 3585 Vita
3337 3542 3392 3588 et
3423 3537 3528 3590 mi-

1943 3617 2140 3671 raculis
2157 3617 2402 3687 ejusdem
2430 3625 2630 3672 sanetae
2650 3618 2884 3686 Theclae,
2903 3619 3216 3694 Antucrpiae
3241 3625 3295 3678 in
3310 3635 3524 3696 quarto.

1944 3707 2070 3763 Vita
2115 3709 2288 3762 sancti
2320 3707 2603 3763 Athanasii
2635 3725 2760 3765 cum
2796 3711 3041 3782 ejusdem
3070 3716 3351 3772 Athanasii
3406 3735 3529 3789 ope-

1944 3802 2115 3858 ribus.
2154 3800 2276 3856 Vita
2303 3799 2533 3858 Joannis
2559 3802 2928 3876 Chrysostomi
2993 3823 3116 3863 cum
3152 3810 3526 3883 Chrysostomi

1945 3895 2224 3966 operibus.
2272 3893 2394 3948 Vita
2447 3895 2620 3950 sancti
2669 3897 3037 3968 Amphilochii
3088 3899 3232 3956 inter
3281 3903 3526 3974 ejusdem

1946 3988 2119 4042 sancti
2166 3985 2442 4042 orationes
2511 3987 2655 4042 edita
2721 3997 2806 4044 cst
2845 4004 2875 4044 a
2907 3991 3197 4048 Francisco
3231 3991 3524 4052 Combetis.

1945 4079 2077 4134 Eam
2137 4095 2298 4150 porro
2351 4078 2738 4150 Mctaphrasta:
2788 4097 2900 4137 non
2949 4099 3071 4139 esse
3117 4086 3287 4158 stylus
3318 4087 3435 4158 ipse
3475 4101 3533 4145 et

1947 4173 2142 4228 modus
2197 4172 2330 4229 satis
2419 4174 2617 4244 arguit.
2672 4174 3074 4245 {Metaphrastaa
3144 4187 3324 4235 autem
3399 4181 3530 4238 illud

1946 4266 2276 4337 principium
2350 4274 2469 4321 est:
2528 4267 2640 4321 Καὶ
2689 4268 2742 4320 τί
2775 4268 2884 4323 τῶν
2933 4271 3114 4324 καλῶν
3148 4271 3300 4326 ἔσται
3342 4275 3424 4338 τις
3465 4281 3530 4348 τῇ

1953 4361 2143 4433 μνήμῃ
2186 4358 2538 4430 παραδιδούς;
2589 4359 2703 4416 Sub
2738 4361 3118 4433 Metaphrasta:
3171 4368 3391 4424 nomine
3438 4385 3534 4425 seu

1949 4451 2214 4522 genuinos
2265 4451 2427 4508 laetus
2480 4453 2724 4520 laudant,
2782 4455 2935 4512 Vitas
2981 4467 3036 4512 et
3088 4462 3350 4532 martyria
3409 4480 3535 4520 san--

263 4539 635 4609 martyris.16.
689 4539 1002 4608 Euphemite
1053 4539 1325 4609 martyris.
1378 4537 1466 4593 19.
1540 4534 1843 4606 Tr0phimi,

1955 4555 2188 4601 ctorum.
2255 4543 2453 4601 Suidas
2530 4547 2586 4602 in
2648 4549 2902 4614 'A6actv,
2974 4549 3289 4624 Martyrium
3333 4568 3535 4614 sanctae

263 4633 536 4697 Sabbatii,
578 4642 631 4686 et
698 4630 1131 4703 Dorymedontis.
1172 4631 1262 4684 2|.
1322 4628 1558 4682 Matthtei
1615 4643 1849 4698 evange-

266 4727 429 4781 lisue.
447 4728 540 4781 26.
574 4725 824 4795 Cypriani
852 4722 1146 4778 etJustinae
1165 4731 1480 4793 martyrum.
1518 4720 1610 4775 27.
1639 4719 1850 4775 Cosmze

263 4826 321 4872 et
356 4817 604 4870 Damiani
664 4815 941 4870 miracula.
1018 4813 1308 4868 Callistrati
1343 4825 1398 4867 et
1436 4813 1728 4867 sociorum.
1759 4810 1850 4864 28.

263 4906 582 4963 Cbaritonis
631 4905 861 4960 abbatis.
911 4905 1001 4961 29.
1058 4903 1267 4975 Cyriaci
1349 4903 1728 4958 'anachoretze.
1760 4901 1850 4954 50.

264 4998 515 5069 Gregorii
550 4997 753 5066 Magna:
775 4997 1064 5064 Armeniae.
1089 4996 1259 5051 Mense
1282 4995 1515 5051 Octobri.
1547 5011 1584 5049 ι.
1607 4993 1850 5054 Ananize.

267 5093 323 5147 5.
357 5091 693 5146 Charitines.
734 5090 784 5143 7.
810 5089 982 5161 Sergii
1015 5098 1070 5144 et
1102 5087 1315 5142 Bacchi.
1344 5088 1398 5143 9.
1423 5087 1659 5159 Dionysii
1683 5089 1854 5142 Areo-

266 5185 469 5256 pagitae
497 5191 552 5237 et
573 5182 871 5237 sociorum.
912 5184 998 5238 10.
1035 5181 1304 5250 Eulampii
1337 5190 1393 5235 et
1422 5180 1736 5251 Eulampite.
1764 5181 1852 5236 12.

271 5277 514 5339 Taracti,
535 5275 710 5330 Procli
745 5284 800 5329 et
833 5275 1150 5330 Andronici.
1180 5275 1264 5327 17.
1301 5273 1553 5338 Andreae,
1581 5273 1671 5342 qui
1698 5275 1855 5328 estin

269 5369 442 5425 Caisi.
485 5368 571 5423 18.
622 5368 782 5422 Luca:
807 5367 1176 5437 evangelista.
1209 5367 1296 5420 19.
1331 5365 1456 5420 Vari
1487 5373 1542 5420 et
1581 5365 1855 5420 sociorum

271 5460 416 5530 ejus.
450 5459 541 5515 20.
601 5457 831 5512 Artemii
873 5458 1143 5529 martyris.
1212 5457 1303 5510 22.
1353 5455 1569 5511 Abercii
1614 5459 1856 5528 episc0pi

275 5550 810 5622 Hieropolitani.24.
846 5551 1065 5604 Aretba:
1097 5559 1152 5604 et
1187 5549 1482 5604 sociorum.
1515 5549 1605 5603 25.
1640 5550 1853 5605 Martia-

275 5645 339 5700 ni
365 5654 422 5700 ct
448 5643 716 5716 Martyrii.
753 5643 844 5698 28.
876 5642 1172 5700 Anastasiac
1207 5641 1484 5696 Romanae.
1518 5643 1605 5696 50.
1633 5642 1858 5698 Zenobii

277 5747 338 5792 et
357 5737 614 5792 Zenobiae
659 5736 780 5805 ejus
829 5735 1048 5791 sororis.
1089 5735 1176 5789 51.
1221 5735 1520 5804 Epimacbii
1584 5737 1855 5807 martyris.

277 5833 460 5888 Mense
473 5829 774 5884 Novembri.
797 5829 851 5882 2.
872 5827 1171 5894 Eustachii,
1204 5829 1532 5900 Theopistaa,
1558 5838 1612 5883 et
1627 5830 1857 5886 liliarum

485 5926 757 5986 PATllOL.
805 5922 922 5987 Gn.
971 5919 1190 5990 CXIV.

1952 4639 2188 4706 Theclte,
2256 4637 2318 4692 In
2421 4640 2763 4712 Ἀναὶμονες,
2843 4641 2966 4697 Vita
3029 4649 3199 4700 sancti
3299 4649 3536 4708 Danielis

1953 4732 2181 4804 Stylitte.
2256 4732 2313 4787 In
2366 4732 2455 4787 Ἐν
2493 4735 2715 4802 ἀμφοῖν,
2761 4731 2880 4788 Vita
2933 4736 3104 4790 sancti
3138 4736 3425 4810 Euthymii.
3478 4742 3536 4798 In

1965 4821 2212 4889 Ἀλκαία,
2242 4827 2362 4882 Vita
2390 4824 2559 4880 sancti
2606 4823 2860 4878 Marcelli.
2899 4823 3083 4880 Sancti
3127 4827 3434 4885 Calliceladi
3480 4834 3532 4888 in

1965 4914 2261 4988 Ἐξαπάτη.
2280 4917 2338 4971 In
2354 4915 2600 4980 Νοθεύει,
2628 4915 2796 4970 sancti
2817 4913 3059 4970 Luciani.
3082 4915 3542 4992 1ηΚαταπέλτης,

1957 5010 2131 5065 sancti
2160 5009 2468 5081 Agathyrsi.
2500 5008 2558 5063 In
2601 5007 3028 5078 Ὑπαγορεῦσαι,
3054 5013 3222 5066 sancti
3258 5012 3542 5084 Symeonis

1958 5101 2183 5172 Stylitae.
2213 5101 2527 5156 Gennadius
2562 5099 2869 5170 patriarcha
2904 5099 3543 5173 Constantinopolitanus

1954 5208 2055 5263 pro
2120 5193 2354 5248 concilio
2406 5191 2707 5247 Florentin.
2775 5207 2895 5261 cap.
2969 5209 3008 5256 ι,
3077 5195 3252 5250 saneti
3306 5195 3543 5271 Dionysii

1957 5287 2329 5357 Areopagitae;
2356 5302 2473 5355 cap.
2512 5287 2565 5350 4,
2597 5284 3082 5355 sanctiJ'oannicii;
3107 5306 3226 5360 cap.
3260 5293 3346 5358 50,
3371 5297 3543 5351 sancti

1961 5379 2221 5449 Stephani
2263 5378 2526 5445 Junioris,
2577 5388 2632 5434 et
2671 5377 2900 5435 Joannis
2945 5380 3344 5454 Chrysostomi.
3393 5388 3548 5444 Jose-

1957 5473 2101 5542 phus
2129 5471 2505 5526 Methonensis
2545 5473 2802 5541 Apologia
2830 5489 2935 5542 pro
2965 5476 3198 5530 concilio
3233 5477 3548 5537 Florentino

1946 5571 2149 5627 contra
2175 5558 2410 5615 Marcum
2444 5560 2778 5630 Ephesium,
2819 5559 2994 5614 sancti
3031 5561 3268 5634 Dionysii
3305 5566 3548 5638 Areopa-

1961 5654 2082 5723 gitae
2113 5670 2126 5705 :
2158 5655 2296 5707 hanc
2330 5653 2575 5707 eamdem
2611 5652 2784 5706 Vitam
2820 5655 2984 5708 ve‘luti
3033 5653 3408 5727 Mctaphrastte
3456 5680 3552 5732 pro

1965 5743 2276 5797 testimonio
2344 5746 2494 5798 citat.
2539 5745 2784 5800 Andreas
2835 5745 3030 5814 praesul
3083 5747 3258 5801 llbodi
3309 5750 3364 5804 in
3412 5752 3554 5809 Con-

1965 5834 2074 5890 cilii
2106 5832 2403 5890 Florentini
2441 5850 2578 5890 sess.
2617 5836 2670 5894 7.
2702 5833 2941 5890 Joannes
2996 5835 3202 5895 Vcccus
3231 5841 3283 5894 in
3326 5858 3550 5903 senten-

3156 5931 3194 5992 3
