3826 6484
295 279 368 345 75
1599 277 1790 338 LEUN
1811 279 1863 338 lE

1974 282 2221 342 LLATII
3485 298 3557 361 το

289 419 378 476 tiis
423 415 643 472 Patrum
701 431 800 487 pro
848 414 1195 486 processione
1237 415 1471 486 Spiritus
1517 433 1546 472 a
1599 418 1772 482 Filio,
1815 427 1867 472 ει
1896 399 1946 458 Α
1973 414 2224 472 nomine:
2255 429 2312 476 et
2347 435 2470 491 quae
2514 422 2804 493 aliquando
2857 439 3053 478 nomen
3103 427 3396 494 praeferunt
3453 448 3558 486 au-

285 509 674 566 Constantiuus
723 507 1066 564 Melitiuiotes
1109 506 1260 564 Orat.
1297 510 1352 573 2,
1399 511 1466 566 de
1514 511 1864 581 pTOCt'SSiODC

287 601 524 673 Spiritus
556 601 756 656 sancti.
801 601 911 655 Καὶ
945 601 974 655 ὁ
1009 599 1108 665 τὰς
1159 600 1270 655 τῶν
1330 601 1498 670 ἁγίων
1565 601 1859 664 πολιτείας,

285 692 382 746 καὶ
421 693 520 756 τὰς
568 693 748 746 αὐτῶν
803 692 1059 762 ἁθλήσεις
1102 693 1528 765 ἀφηγησάμενος
1583 710 1866 764 μεταφρα-

291 768 518 848 οτίκῶς,
538 785 618 846 εἰς
635 780 804 834 τὸτοῦ
835 781 1227 852 Ἀρεοπαγίτου
1253 783 1554 855 μαρτύριον
1586 784 1861 836 Διονυσίου

285 873 440 946 φησὶ,
474 872 568 926 τοῦ
587 872 693 926 τῶν
721 873 1048 945 ἁπυρῤἡτων
1069 873 1426 943 ἑκφάντορος,
1463 875 1671 943 δεήσων
1689 875 1865 927 εἰπεῖν

283 965 414 1034 περὶ
463 965 564 1034 τῆς
601 965 915 1035 οἰκονομίας
964 967 1232 1037 Χριστοῦ,
1285 967 1426 1038 πρὸς
1469 967 1530 1022 τὸ
1577 967 1727 1030 τέλος
1773 967 1866 1020 ἐπὶ

282 1054 478 1121 λέξεως
497 1054 670 1119 οὕτως
687 1055 1008 1126 ὲφθέγξαιτο.
1033 1057 1140 1110 Καὶ
1155 1060 1233 1122 εἰς
1255 1059 1514 1129 οὐρανοὺς
1537 1059 1566 1111 ὁ
1585 1059 1716 1128 ἐμὸς
1735 1059 1869 1130 Χρι-

285 1148 406 1212 στὸς
429 1147 788 1218 ἀναφέρεται,
819 1149 912 1202 καὶ
959 1148 1026 1200 τὰ
1053 1149 1202 1216 ἑξῆς.
1226 1148 1292 1204 Et
1329 1152 1420 1218 qui
1453 1158 1757 1202 δανείου-ατη
1787 1164 1869 1202 res

283 1253 454 1314 gestas
471 1260 534 1298 ac
558 1245 878 1308 certamina,
916 1253 972 1298 ut
993 1245 1365 1312 metapltrasta:
1379 1244 1564 1310 solent,
1582 1243 1866 1305 enarravit,

283 1335 345 1388 in
379 1333 613 1406 Dionysii
643 1335 974 1405 Areopagitaz
992 1334 1268 1404 martyrio,
1300 1335 1468 1399 illius,
1503 1335 1743 1404 inquam,
1777 1335 1869 1403 qui

286 1442 366 1482 res
396 1443 512 1497 qua:
559 1427 782 1498 exprimi
836 1439 1116 1498 nequeant,
1147 1427 1424 1490 reuelauit,
1451 1426 1649 1481 eumde
1670 1426 1866 1482 Christi

284 1515 569 1592 oeconomia
595 1512 712 1588 [79]
743 1518 789 1570 ei
810 1517 1169 1571 disserendum
1185 1526 1339 1582 esset,
1358 1517 1471 1586 ipso
1484 1516 1538 1570 in
1551 1515 1656 1584 ﬁne
1672 1517 1750 1568 his
1766 1531 1874 1570 ver-

283 1609 360 1664 bis
375 1607 670 1678 complexus
693 1619 770 1663 est
788 1626 806 1664 :
821 1609 888 1663 Et
905 1625 959 1662 tn
979 1607 1378 1665 omlosCliristus
1397 1625 1542 1674 meus
1560 1608 1867 1672 assumitur,

281 1708 385 1755 etc.
433 1699 665 1756 Michael
712 1699 904 1771 Glycas
945 1701 1115 1770 Epist.
1149 1701 1242 1754 21.
1287 1699 1501 1757 Sancta:
1537 1698 1863 1754 Anastasiae.

281 1789 621 1862 Nicephorus
646 1790 900 1846 Callistus
927 1792 1024 1846 lib.
1047 1809 1158 1858 xiv,
1187 1807 1307 1863 cap.
1340 1793 1428 1848 51.
1474 1790 1867 1848 Ecclesiasticue

280 1883 538 1948 historiaa,
563 1885 736 1940 sancti
753 1883 1028 1940 Simeonis
1049 1885 1255 1957 Stylitae
1271 1885 1523 1950 senioris,
1543 1895 1598 1940 et
1615 1885 1710 1939 lib.
1731 1899 1870 1939 xvm

277 1990 398 2046 cap.
424 1977 512 2032 24.
549 1975 736 2032 Sancti
765 1975 1034 2031 Simeonis
1061 1975 1265 2048 Stylitze
1305 1975 1542 2048 iunioris
1585 1975 1716 2042 Quae
1746 1990 1875 2030 vero

281 2067 546 2122 hactenus
577 2068 830 2135 ineditce,
871 2069 1112 2123 tenebris
1135 2069 1406 2139 tineisque
1429 2067 1656 2124 addicta:
1677 2067 1872 2122 biblio-

281 2162 570 2217 thecarum
643 2160 852 2216 loculos
890 2169 1180 2230 occupant,
1222 2161 1425 2215 frustra
1456 2167 1673 2229 tempus
1717 2159 1873 2214 insu-

280 2269 483 2309 merem
519 2253 565 2308 si
595 2267 786 2308 omnes
807 2252 896 2308 hic
939 2267 1224 2308 recensere
1248 2265 1497 2307 conarer.
1525 2248 1682 2304 Nulla
1730 2249 1874 2305 enim

279 2345 395 2401 fere
423 2343 750 2400 bibliotheca
783 2341 968 2410 fuerit,
995 2356 1120 2398 cum
1154 2341 1506 2413 manuscripti
1533 2341 1749 2397 codices
1777 2339 1877 2394 ad-

284 2435 420 2502 sint,
452 2437 506 2491 in
529 2451 636 2508 qua
662 2435 918 2492 volumen
942 2434 1160 2505 aliquod
1182 2434 1374 2490 barum
1397 2432 1628 2488 vitai-um
1647 2447 1752 2486 non
1793 2447 1880 2486 re-

286 2525 551 2598 periatur.
583 2525 786 2582 Verum
816 2526 933 2596 ipse
957 2523 1358 2580 soliusAntonii
1383 2524 1670 2596 Augustini
1690 2539 1880 2580 receu~

281 2619 406 2676 suis
427 2620 498 2675 ad
531 2621 737 2690 reliqua
768 2620 996 2693 gradum
1015 2617 1227 2676 iaciam.
1247 2617 1306 2672 lu
1324 2618 1653 2672 bibliotheca
1694 2618 1877 2687 itaque

285 2708 518 2765 Antonii
540 2709 829 2781 Augustini
847 2710 948 2794 spb
965 2708 1239 2764 Simeonis
1255 2706 1632 2778 Metaphrasta:
1653 2709 1877 2762 nomine

291 2801 378 2858 lia:
399 2801 742 2872 legebantur.
767 2801 1233 2858 MenseJannario.
1257 2800 1541 2856 Athanasii
1557 2801 1880 2856 Alexandri-

291 2894 374 2951 ni.
397 2892 695 2966 Eutbymii.
718 2893 993 2952 Timothei
1006 2893 1260 2966 apostoli.
1279 2893 1552 2948 Anastasii
1565 2891 1880 2949 .Clementis

293 2987 598 3060 Ancyrani.
622 2986 872 3043 Eusebiae
899 2994 1266 3060 cognomento
1296 2984 1486 3042 Xeuaa.
1507 2985 1878 3057 GregoriiNa-

1977 508 2166 575 ctoris,
2192 509 2245 562 in
2275 511 2392 566 aliis
2413 514 2692 568 codicibus
2711 514 2829 568 sine
2851 524 3075 568 auctore
3087 515 3272 584 jaccnt
3292 519 3557 589 inglorius.

1967 594 2090 651 Illas
2149 600 2394 668 profecto
2449 618 2640 658 omnes
2696 603 3075 675 Metaphrasta:
3099 607 3143 661 si
3190 609 3561 664 ~vindicavet'is

1965 687 2319 744 acerbissime
2380 691 2725 757 iusaniveris;
2777 696 2821 748 si
2897 695 3098 764 nullas,
3157 698 3324 752 multa
3393 700 3561 769 impie

1968 778 2340 849 scelerateque
2360 785 2718 839 commiseris.
2739 785 3148 842 Observandum
3180 804 3310 842 vero
3325 799 3409 844 est
3435 801 3562 846 ante

1967 868 2094 934 alia,
2146 872 2286 924 male
2320 886 2350 925 a
2411 873 2690 929 uoanullis
2731 876 2860 939 dici,
2916 892 3041 932 cum
3077 877 3308 946 alicujus
3361 879 3550 936 Sancti

1972 959 2105 1015 Vita:
2136 977 2336 1015 nomen
2365 965 2645 1033 prmﬁxum
2674 983 2780 1022 non
2813 968 3059 1033 habetur,
3090 984 3211 1022 eam
3238 970 3412 1026 Vitam
3445 972 3550 1041 legi

1965 1052 2112 1121 apud
2149 1053 2590 1126 Metaphrastem,
2642 1060 2794 1128 quasi
2827 1077 2954 1116 vero
2989 1061 3340 1118 collectiones
3363 1079 3561 1118 omnes

1978 1145 2218 1200 \‘itarum
2263 1148 2332 1201 ab
2352 1151 2541 1204 eodem
2569 1146 2936 1221 Metaphraste
2965 1153 3228 1208 confectae
3262 1155 3392 1222 sint;
3414 1157 3562 1225 quod

1970 1252 2070 1306 ego
2089 1239 2344 1294 existimo
2363 1241 2730 1296 falsissimum.
2750 1243 2884 1298 Cum
2903 1243 3020 1317 180]
3032 1247 3176 1299 enim
3197 1246 3565 1302 Collectioncs

1969 1328 2198 1390 similes,
2233 1345 2354 1399 qua:
2382 1331 2492 1386 fere
2520 1331 2818 1388 immunem
2851 1345 2998 1402 sunt,
3023 1351 3142 1392 raro
3162 1345 3256 1390 aut
3279 1353 3562 1408 nunquam

1985 1419 2129 1475 inter
2153 1437 2211 1477 se
2259 1425 2606 1490 conveniant,
2636 1427 2729 1481 sed
2761 1428 2846 1482 lue
2887 1429 3073 1498 plures
3111 1429 3214 1483 ille
3275 1432 3564 1499 pauciores

1974 1510 2126 1568 Vitas
2178 1513 2518 1579 contineant,
2555 1527 2610 1569 et
2635 1518 2743 1571 alio
2791 1528 2954 1588 atque
2983 1520 3094 1574 alio
3123 1520 3340 1574 dicendi
3397 1522 3562 1576 modo

1971 1603 2337 1673 nietbodoque
2354 1609 2694 1678 conscriptae,
2723 1611 2814 1680 qui
2845 1611 2895 1665 id
2923 1612 3036 1666 ﬁeri
3069 1613 3267 1684 potuit,
3289 1613 3430 1669 utab
3451 1629 3564 1669 uno

1974 1692 2242 1752 inchoatae
2273 1699 2382 1751 sint
2413 1699 2804 1770 absolutisque,
2846 1704 2950 1758 nisi
2975 1721 3098 1759 eum
3130 1705 3357 1778 singulis
3398 1706 3554 1762 boris

1975 1795 2138 1857 atque
2165 1790 2458 1846 momentis
2486 1792 2592 1846 alia
2623 1803 2785 1862 atque
2807 1797 2911 1849 alia
2948 1807 3130 1852 mente
3157 1813 3264 1852 uua
3287 1813 3560 1862 versasse,

1979 1889 2036 1934 et
2067 1879 2230 1936 modo
2265 1881 2364 1936 has
2395 1883 2556 1938 modo
2587 1884 2705 1940 illas
2741 1887 3072 1957 approbasse
3123 1891 3559 1960 reprobasseque

1979 1970 2157 2026 dicere
2179 1973 2425 2027 velimus.
2449 1973 2504 2028 Si
2525 1990 2664 2030 unus
2680 1992 2774 2032 eas
2823 1978 3082 2042 absolvis,
3113 1981 3314 2035 eadem
3341 1997 3564 2052 semper

1979 2063 2036 2121 in
2063 2065 2186 2122 codi
2221 2067 2345 2120 ibus
2364 2069 2749 2139 manuscriptis
2765 2086 2956 2142 magna
2987 2088 3052 2127 ex
3081 2083 3233 2142 parte
3251 2073 3562 2145 objiceren-

1981 2164 2091 2210 tur:
2137 2167 2193 2211 at
2237 2159 2398 2213 modo
2427 2159 2586 2214 aliter
2619 2160 2696 2214 ﬁt.
2733 2160 2912 2228 Quare
2941 2163 3233 2220 dicendum
3252 2175 3359 2232 est,
3387 2165 3562 2220 Meta-

1979 2248 2261 2317 phrastem
2302 2251 2586 2320 scripsisse
2633 2253 2780 2309 Vitas
2832 2253 3179 2324 Sanctorum,
3234 2273 3344 2314 non
3390 2260 3562 2314 colle-

1977 2340 2138 2411 gisse;
2186 2350 2241 2396 et
2268 2359 2404 2411 quas
2441 2343 2558 2414 ipse
2593 2345 2830 2415 scripsit,
2857 2349 3047 2404 eodem
3101 2365 3318 2421 semper
3342 2362 3565 2408 servato

1977 2432 2170 2487 ordine
2226 2434 2463 2502 cudisse,
2498 2445 2552 2491 ut
2597 2439 2793 2494 asserit
2836 2439 3119 2508 Baronius;
3165 2443 3232 2498 iis
3259 2444 3421 2498 etiam
3456 2444 3562 2497 ali-

1977 2526 2196 2595 quando
2219 2527 2448 2582 anuexis
2477 2545 2601 2584 cum
2632 2531 2790 2600 primi
2825 2533 3110 2602 scriptoris
3146 2537 3392 2602 nomine,
3416 2551 3558 2606 quas

1979 2615 2094 2686 ipse
2126 2620 2553 2688 comprobasset,
2591 2639 2693 2678 nec
2715 2623 3081 2682 immutasset.
3119 2629 3188 2682 Et
3219 2629 3348 2684 hinc
3395 2631 3559 2700 plane

1979 2707 2232 2766 videatur
2264 2710 2508 2768 Vitasita
2538 2730 2571 2769 a
2607 2714 2970 2786 Metaphraste
2996 2718 3234 2790 digestas
3269 2721 3382 2776 fere
3407 2738 3560 2778 sem-

1978 2818 2078 2872 per
2144 2807 2398 2861 enmdem
2460 2808 2766 2864 modumin
2796 2811 2920 2867 aliis
2970 2811 3252 2868 codicibus
3309 2829 3556 2872 servare.

1979 2894 2116 2950 Male
2158 2912 2286 2968 ergo
2341 2897 2661 2965 allirmatur,
2715 2917 2838 2957 cum
2877 2901 3000 2972 quis
3055 2904 3216 2958 nobis
3264 2907 3318 2958 in
3359 2921 3558 2961 manus

1979 2989 2149 3044 codex
2188 2991 2521 3058 pervenerit,
2565 3002 2620 3048 et
2651 2993 2706 3047 in
2748 3011 2815 3048 eo
2845 2995 3120 3052 habentur
3153 2996 3290 3053 Viue
3319 2998 3557 3054 Sancto-

286 3077 537 3135 zianzeni
564 3077 950 3150 Xenophontis
974 3089 1030 3136 et
1051 3079 1305 3136 ﬁliorum.
1328 3076 1406 3132 De
1425 3077 1668 3149 reliquiis
1695 3077 1872 3134 sancti
1898 3095 1944 3160 ρ
1983 3095 2124 3144 rum,
2176 3081 2328 3137 nullo
2385 3083 2609 3152 praefixo
2643 3085 2929 3156 scriptoris
2979 3089 3223 3155 nomine,
3256 3090 3372 3144 illas
3409 3090 3559 3148 Vitas

281 3170 510 3227 Joannis
523 3173 916 3244 Cbrysostomi.
936 3171 1371 3244 EphramiSyri.
1397 3169 1522 3242 Cyri
1543 3179 1600 3226 et
1616 3169 1864 3225 Joannis.

281 3261 458 3319 Mense
499 3264 808 3320 Februario.
883 3262 1215 3335 Tryphonis.
1282 3261 1561 3319 Parthenii
1629 3262 1870 3332 episcopi

289 3354 596 3427 Lampsaci.
626 3355 898 3412 Theodori
927 3355 1239 3413 Stratilataa.
1269 3354 1429 3411 Lucae
1459 3353 1868 3426 Thaumaturgi.

295 3445 612 3520 Nicephori.
645 3448 826 3506 Blasii.
858 3448 1382 3506 Martiuiani.Menu
1405 3447 1617 3503 Martio.
1645 3447 1872 3502 Sancto-

285 3555 407 3596 rum
451 3541 808 3612 quadraginta
879 3541 1114 3598 duorum
1180 3549 1504 3612 martyrum.
1545 3538 1870 3596 Sanctorum

282 3631 638 3706 quadraginta
662 3633 912 3690 Narratio
927 3633 993 3688 de
1007 3633 1298 3689 obsidione
1313 3631 1868 3704 Constantinopolitao

285 3739 378 3779 na.
394 3723 565 3780 Mense
582 3726 776 3796 Aprili.
812 3725 1030 3796 Georgii
1054 3723 1328 3796 martyris.
1358 3720 1534 3778 Mense
1553 3723 1868 3778 Junio.Ma-

285 3815 488 3881 nuelis,
506 3815 1048 3871 Sabeliietlsmaelis.
1071 3815 1388 3886 Sampsonis
1402 3813 1742 3870 Xenodochi.
1769 3813 1868 3870 Pe-

283 3907 678 3978 regrinationes
729 3907 874 3962 Petri
906 3917 962 3961 et
995 3905 1166 3961 Pauli.
1190 3905 1362 3962 Mense
1401 3904 1565 3960 Julia.
1593 3904 1865 3976 Proc0pii.

282 3999 646 4057 Pantaleonis.
663 3997 935 4054 Callinici.
966 3996 1272 4054 Eudocimi.
1295 3997 1480 4054 Hense
1498 3999 1756 4068 Augusto.
1789 3997 1866 4054 De

284 4099 404 4148 ortu
423 4097 477 4145 et
493 4089 842 4146 educatione.
864 4089 1124 4161 Deiparaa.
1147 4091 1222 4146 De
1236 4090 1436 4148 Christi
1452 4090 1686 4162 imagine
1701 4091 1866 4146 missa

287 4182 355 4238 ad
376 4181 673 4256 Agbarum.
718 4181 797 4237 De
837 4179 1047 4238 Joanne
1075 4181 1336 4254 Baptista.
1364 4183 1536 4239 Mense
1563 4182 1864 4259 Novembri.

283 4270 556 4336 Samonaa,
623 4269 806 4326 Curia:
881 4279 938 4326 et
997 4270 1178 4326 Abibi.
1231 4269 1383 4327 Pauli
1467 4268 1866 4343 archiepiscopi

283 4362 892 4434 ConstantinOpolitani.
931 4361 1184 4420 Hieronis
1229 4377 1282 4419 et
1308 4365 1400 4436 qui
1438 4381 1561 4421 cum
1606 4380 1673 4422 eo
1716 4364 1862 4436 passi

1977 3174 2168 3230 haberi
2207 3175 2352 3244 apud
2386 3175 2834 3247 Metapbrastem,
2881 3195 3004 3235 cum
3040 3183 3288 3237 collectio
3319 3183 3405 3238 illa
3456 3184 3555 3238 Vi-

1977 3273 2152 3318 tarum
2203 3261 2585 3332 Metaphrastis
2611 3282 2720 3322 non
2747 3271 2839 3334 s‘t;
2871 3277 2928 3324 et
2983 3281 3386 3340 consequenter
3432 3272 3557 3328 illas

1972 3354 2418 3425 Metaphrastcm,
2441 3365 2497 3411 et
2529 3357 2572 3411 si
2622 3373 2731 3412 non
2762 3361 3066 3430 scripserit,
3099 3363 3446 3432 approbasse,
3465 3364 3556 3418 vel

1973 3446 2163 3502 saltem
2209 3446 2398 3517 dignas
2437 3449 2798 3514 existimasse,
2843 3467 2965 3521 quae
3010 3467 3110 3522 per
3134 3469 3329 3508 manus
3372 3456 3555 3510 homi-

1972 3553 2104 3594 num
2137 3538 2450 3595 volitarent.
2494 3540 2611 3596 Dixi
2644 3542 2811 3613 supra
2853 3543 3083 3598 arduum
3117 3544 3263 3600 hunc
3303 3561 3424 3601 esse
3469 3547 3554 3601 la-

1970 3632 2156 3688 borem
2188 3644 2244 3689 et
2269 3632 2602 3704 improbum,
2643 3645 2699 3690 et
2730 3651 2890 3706 quem
2947 3636 3064 3707 ipse
3105 3639 3557 3708 prudentioribus

1970 3721 2359 3796 relinquerem.
2401 3727 2689 3782 Conferant
2759 3738 2942 3784 tamen
3015 3730 3214 3800 aliquid
3283 3734 3448 3788 studii
3497 3743 3556 3790 et

1968 3833 2166 3887 operae,
2196 3827 2252 3874 et
2280 3819 2420 3873 viam
2449 3819 2569 3875 aliis
2609 3821 2867 3891 aperiam,
2904 3829 2964 3876 ut
3003 3829 3238 3893 potero;
3279 3835 3334 3880 et
3355 3840 3554 3895 quem-

1969 3909 2266 3965 admodum
2351 3911 2590 3980 prudens
2659 3911 2898 3984 agricola
2948 3922 3071 3983 post
3125 3915 3269 3985 jacta
3301 3915 3354 3969 in
3406 3927 3552 3970 terra

1967 4005 2197 4068 supina,
2269 4014 2558 4073 enataque,
2603 4019 2674 4059 ne
2705 4006 2939 4076 genuina
2967 4021 2996 4060 a
3029 4007 3254 4077 spuriis,
3303 4009 3553 4078 aliusque

1966 4094 2180 4166 generis
2215 4095 2578 4161 suﬂ‘ocentur,
2619 4095 2964 4166 fructumque
3007 4097 3279 4154 sincerum
3329 4099 3553 4168 habeat,

1966 4187 2202 4258 primum
2243 4188 2498 4244 herbulas
2529 4187 2650 4246 illas
2683 4204 2892 4252 omnes,
2917 4203 3056 4258 quas
3086 4189 3177 4244 ille
3219 4205 3329 4244 non
3377 4205 3554 4261 agno-

1965 4278 2088 4346 scit,
2123 4280 2386 4335 sementis
2412 4279 2721 4351 colligendl,
2755 4297 3063 4352 germanas,
3091 4284 3302 4339 etiamsi
3331 4285 3555 4354 optima:

1966 4370 2190 4434 fuerint,
2231 4387 2422 4426 severa
2468 4373 2748 4444 diligentia
2794 4374 3077 4444 exstirpat,
3122 4376 3353 4445 reliquas
3403 4376 3555 4432 fovet

284 4465 432 4511 sunt.
486 4455 763 4510 Matronae.
797 4453 1140 4512 Thcoctistcs
1157 4454 1384 4512 Lesbiai.
1412 4455 1581 4511 Mena:
1599 4456 1858 4528 :Egyptii.
1887 4475 1942 4536 ι)
1969 4471 2026 4517 et
2050 4463 2199 4529 colit;
2233 4463 2312 4518 sic
2357 4472 2414 4518 et
2448 4465 2562 4534 ipse
2587 4481 2654 4519 ex
2689 4466 3028 4536 amplissimo
3075 4467 3202 4533 isto,
3233 4468 3324 4536 qui
3377 4467 3551 4524 Meta-

281 4546 508 4604 Joaunis
521 4546 994 4618 EleemosynariiJ
1003 4547 1596 4620 oannisChrysostomi.
1615 4549 1852 4619 Philippi

283 4639 532 4708 apostoli.
554 4639 722 4692 Mense
738 4637 1029 4692 Decembri.
1046 4636 1312 4694 Bonifacii
1327 4638 1856 4695 Romani.Sebastia-

282 4731 364 4787 ni.
392 4730 770 4800 Tranquillini,
789 4729 1101 4799 Nicostrati,
1119 4731 1349 4800 Claudii,
1372 4733 1631 4799 Castoris,
1651 4743 1704 4789 et
1718 4735 1857 4790 alio-

286 4838 428 4878 rum.
463 4822 668 4892 lgnatii.
703 4821 952 4878 Julianae.
985 4822 1306 4880 Anastasite.
1338 4823 1532 4879 Decem
1563 4835 1856 4894 martyrum

251 4907 264 4986 ξ
283 4914 646 4972 Cretensium.
665 4914 918 4985 Eugeniae
931 4923 988 4970 et
1001 4925 1310 4986 parentum.
1330 4914 1599 4970 Theodori
1611 4925 1666 4971 et
1681 4915 1858 4972 Theo-

283 5008 481 5080 phanis
529 5007 878 5078 Graptorum.
922 5005 1040 5062 Indi
1085 5016 1140 5062 et
1180 5008 1422 5073 Domnce,
1453 5017 1509 5063 et
1562 5009 1852 5064 sociorum.

284 5097 542 5154 Marcelli.
578 5097 821 5153 Melaniae
866 5097 1150 5154 Romanae.
1193 5098 1516 5154 Eleutherii.
1556 5101 1615 5154 ln
1663 5100 1855 5155 Danie-

281 5187 394 5243 iem
417 5187 762 5260 prophetam,
781 5195 836 5243 et
857 5195 974 5243 tres
994 5203 1215 5258 pueros.
1259 5186 1376 5242 Non
1405 5189 1630 5244 aliarum
1663 5190 1856 5246 biblio-

286 5279 571 5334 thecarum
625 5277 834 5334 indices
891 5279 1194 5346 conferam,
1229 5295 1351 5334 cum
1407 5281 1517 5336 rari
1563 5283 1856 5338 admodum

285 5369 418 5436 sint,
457 5369 554 5441 qui
581 5369 772 5426 eadem
804 5370 1138 5426 contineant.
1187 5369 1387 5430 Omnes
1418 5375 1562 5430 enim
1623 5375 1736 5430 fere
1788 5375 1856 5430 ad

283 5477 456 5518 unum
503 5477 690 5518 eorum
733 5461 790 5516 in
815 5462 1010 5518 iisdem
1063 5465 1360 5528 mensibus,
1409 5475 1465 5522 et
1517 5465 1854 5523 diversorum

282 5565 596 5612 sanctorum
619 5553 772 5612 Vitas
787 5566 842 5611 et
859 5555 1050 5626 elogia,
1072 5557 1500 5629 eorumdemque
1540 5570 1855 5627 sanctorum

285 5645 436 5704 Vitas
487 5649 662 5704 varias
711 5658 1042 5721 proponunt;
1077 5658 1134 5706 et
1163 5650 1308 5722 quod
1363 5653 1602 5708 maximo
1642 5653 1720 5708 rei
1752 5652 1854 5709 Ec-

277 5737 604 5796 clesiastit‘te
659 5739 988 5799 detrimento
1055 5740 1256 5798 factum
1303 5731 1404 5810 est,
1453 5742 1571 5800 sine
1619 5745 1862 5834 auctoris

1956 4562 2154 4626 prastae
2168 4557 2391 4614 nomine
2415 4559 2640 4613 invaluit
2659 4574 2873 4629 campo,
2891 4561 3102 4629 primus
3131 4561 3372 4614 omnium
3398 4559 3552 4619 Vitas

1956 4661 2066 4713 eas,
2103 4648 2227 4718 quis
2270 4658 2453 4720 posset
2485 4650 2712 4704 omnes?
2740 4651 2988 4718 evellam,
3038 4661 3098 4707 ut
3125 4653 3196 4708 ita
3239 4654 3442 4718 dicam,
3493 4664 3552 4708 et

1957 4739 2252 4796 eradicabo
2317 4741 2573 4812 (quarum
2616 4741 2722 4796 sub
2771 4743 2994 4798 nomine
3049 4753 3105 4800 et
3157 4747 3434 4816 martyris,
3493 4758 3550 4802 et

1963 4832 2310 4903 elogia,sive
2355 4834 2634 4900 eucomia,
2681 4833 2798 4889 sive
2848 4835 3036 4890 laudes
3064 4844 3177 4890 tum
3206 4837 3260 4890 in
3302 4847 3544 4902 sanctos,

1959 4931 2076 4977 tum
2129 4923 2186 4978 in
2237 4921 2537 4988 Christum,
2585 4936 2640 4980 et
2665 4925 2956 4996 Dciparam
3004 4926 3306 4982 intellectas
3357 4927 3548 4998 velim)

1956 5013 2302 5082 propriisque
2349 5015 2692 5081 auctoribus,
2747 5018 3248 5087 manuscripturum
3299 5033 3403 5086 ope
3445 5034 3548 5072 co-

1955 5104 2138 5159 dicum
2209 5105 2496 5160 restituam
2527 5123 2540 5161 :
2577 5115 2693 5162 tum
2720 5110 2792 5164 de
2835 5109 2979 5174 aliis,
3007 5125 3130 5179 quae
3161 5109 3280 5164 sine
3321 5109 3547 5166 nomine

1956 5206 2106 5264 sunt,
2134 5197 2525 5267 iudicabimus.
2551 5200 2626 5257 Ut
2659 5217 2787 5257 vero
2815 5201 3028 5257 facilius
3050 5202 3320 5257 intentum
3345 5217 3545 5258 conse-

1955 5305 2208 5358 quamur,
2233 5290 2475 5360 primum
2499 5303 2838 5362 apponetur,
2861 5293 3195 5365 principium
3236 5295 3438 5364 operis.
3458 5310 3548 5351 se-

1955 5380 2134 5434 cundo
2150 5379 2271 5436 loco
2295 5396 2494 5437 nomen
2527 5383 2785 5446 auctoris,
2814 5383 2974 5438 tertio
2996 5382 3317 5453 titulusipse
3334 5383 3544 5452 operis.

1954 5477 2017 5524 ut
2068 5469 2328 5534 uuoictu,
2375 5471 2615 5526 velutiin
2633 5471 2853 5538 tabella,
2901 5473 3030 5542 quis
3053 5472 3162 5528 sibi
3203 5472 3548 5528 interMeta—

1961 5561 2198 5630 phrasta:
2213 5561 2427 5618 labores
2440 5561 2619 5618 locum
2631 5564 3116 5633 occupaverit,sive
3133 5565 3205 5619 ita
3221 5564 3550 5635 disponente

1958 5653 2344 5724 Metaphraste,
2363 5653 2477 5710 sive
2494 5669 2561 5710 ex
2578 5655 2937 5725 scriptoribus
2957 5656 3206 5727 ipsis,qui
3223 5664 3284 5710 ut
3305 5669 3551 5710 commo-

1954 5748 2085 5806 dum
2102 5757 2185 5806 est
2195 5757 2248 5804 et
2261 5748 2431 5820 lubet,
2442 5747 2624 5806 omnia
2642 5749 2868 5821 audent,
2887 5749 3188 5806 referamus
3201 5750 3256 5806 in
3269 5749 3548 5808 codicem.
