  <div class='ocr_page' id='page_1' title='image "/cluster/home/n/w/nwhite01/storage/ocr_20150623/114/hvd.32044019208123/044.png"; bbox 0 0 3826 6468; ppageno 0'>
   <div class='ocr_carea' id='block_1_1' title="bbox 213 290 3472 387">
    <p class='ocr_par' dir='ltr' id='par_1_1' title="bbox 213 290 3472 387">
     <span class='ocr_line' id='line_1_1' title="bbox 213 290 3472 387; baseline -0.002 0"><span class='ocrx_word' id='word_1_1' title='bbox 213 320 284 387; x_wconf 80' lang='grc' dir='ltr'>’Π</span> <span class='ocrx_word' id='word_1_2' title='bbox 896 322 997 384; x_wconf 87' lang='lat' dir='ltr'>DE</span> <span class='ocrx_word' id='word_1_3' title='bbox 1037 323 1384 385; x_wconf 80' lang='lat' dir='ltr'>SCRIPTIS</span> <span class='ocrx_word' id='word_1_4' title='bbox 1424 290 1799 385; x_wconf 64' lang='lat' dir='ltr'>SYbiEONlS</span> <span class='ocrx_word' id='word_1_5' title='bbox 1833 321 2417 383; x_wconf 83' lang='lat' dir='ltr'>METAPHRAST/E</span> <span class='ocrx_word' id='word_1_6' title='bbox 2458 318 2846 381; x_wconf 79' lang='lat' dir='ltr'>DIATRIBA.</span> <span class='ocrx_word' id='word_1_7' title='bbox 3397 316 3472 381; x_wconf 85' lang='lat'><strong>78</strong></span> 
     </span>
    </p>
   </div>
   <div class='ocr_carea' id='block_1_2' title="bbox 982 439 1027 490">
    <p class='ocr_par' dir='ltr' id='par_1_2' title="bbox 982 439 1027 490">
     <span class='ocr_line' id='line_1_2' title="bbox 982 439 1027 490; baseline 0 0"><span class='ocrx_word' id='word_1_8' title='bbox 982 439 1027 490; x_wconf 82' lang='lat' dir='ltr'><strong>A</strong></span> 
     </span>
    </p>
   </div>
   <div class='ocr_carea' id='block_1_3' title="bbox 295 573 1794 647">
    <p class='ocr_par' dir='ltr' id='par_1_3' title="bbox 295 573 1794 647">
     <span class='ocr_line' id='line_1_3' title="bbox 295 573 1794 647; baseline 0.001 -17"><span class='ocrx_word' id='word_1_9' title='bbox 295 573 537 647; x_wconf 77' lang='grc' dir='ltr'>’Δγαθήν</span> <span class='ocrx_word' id='word_1_10' title='bbox 562 574 799 646; x_wconf 74' lang='grc' dir='ltr'>ἅμιλλαν</span> <span class='ocrx_word' id='word_1_11' title='bbox 823 574 1216 647; x_wconf 83' lang='grc' dir='ltr'>ἁνεστήσασθε.</span> <span class='ocrx_word' id='word_1_12' title='bbox 1268 575 1548 631; x_wconf 77' lang='lat' dir='ltr'><strong>Athanasii</strong></span> <span class='ocrx_word' id='word_1_13' title='bbox 1578 576 1794 631; x_wconf 81' lang='lat' dir='ltr'><strong>archie-</strong></span> 
     </span>
    </p>
   </div>
   <div class='ocr_carea' id='block_1_4' title="bbox 212 665 1793 741">
    <p class='ocr_par' dir='ltr' id='par_1_4' title="bbox 212 665 1793 741">
     <span class='ocr_line' id='line_1_4' title="bbox 212 665 1793 741; baseline 0.001 -20"><span class='ocrx_word' id='word_1_14' title='bbox 212 665 421 738; x_wconf 82' lang='lat' dir='ltr'><strong>piscopi</strong></span> <span class='ocrx_word' id='word_1_15' title='bbox 448 666 825 735; x_wconf 76' lang='lat' dir='ltr'>Alexandrini,</span> <span class='ocrx_word' id='word_1_16' title='bbox 865 667 981 738; x_wconf 78' lang='grc' dir='ltr'>βίος</span> <span class='ocrx_word' id='word_1_17' title='bbox 1023 667 1117 723; x_wconf 89' lang='grc' dir='ltr'>τοῦ</span> <span class='ocrx_word' id='word_1_18' title='bbox 1148 668 1300 722; x_wconf 80' lang='grc' dir='ltr'>ὁσίου</span> <span class='ocrx_word' id='word_1_19' title='bbox 1335 669 1553 741; x_wconf 67' lang='grc' dir='ltr'>Πατρός</span> <span class='ocrx_word' id='word_1_20' title='bbox 1592 668 1793 722; x_wconf 84' lang='grc' dir='ltr'>Ἀντω-</span> 
     </span>
    </p>
   </div>
   <div class='ocr_carea' id='block_1_5' title="bbox 211 757 345 812">
    <p class='ocr_par' dir='ltr' id='par_1_5' title="bbox 211 757 345 812">
     <span class='ocr_line' id='line_1_5' title="bbox 211 757 345 812; baseline 0 0"><span class='ocrx_word' id='word_1_21' title='bbox 211 757 345 812; x_wconf 79' lang='grc' dir='ltr'>νίου.</span> 
     </span>
    </p>
   </div>
   <div class='ocr_carea' id='block_1_6' title="bbox 293 850 1795 919">
    <p class='ocr_par' dir='ltr' id='par_1_6' title="bbox 293 850 1795 919">
     <span class='ocr_line' id='line_1_6' title="bbox 293 850 1795 919; baseline 0.003 -14"><span class='ocrx_word' id='word_1_22' title='bbox 293 850 528 919; x_wconf 80' lang='grc' dir='ltr'>Ἀγαθὸν</span> <span class='ocrx_word' id='word_1_23' title='bbox 550 850 646 905; x_wconf 63' lang='grc' dir='ltr'>καὶ⁸</span> <span class='ocrx_word' id='word_1_24' title='bbox 673 851 901 917; x_wconf 89' lang='grc' dir='ltr'>δίκαιον,</span> <span class='ocrx_word' id='word_1_25' title='bbox 925 852 1022 905; x_wconf 76' lang='grc' dir='ltr'>καὶ</span> <span class='ocrx_word' id='word_1_26' title='bbox 1054 852 1189 907; x_wconf 75' lang='grc' dir='ltr'>πᾶσι</span> <span class='ocrx_word' id='word_1_27' title='bbox 1233 854 1347 917; x_wconf 81' lang='grc' dir='ltr'>τοῖς</span> <span class='ocrx_word' id='word_1_28' title='bbox 1370 852 1635 908; x_wconf 77' lang='grc' dir='ltr'>εὐσεϐεῖν.</span> <span class='ocrx_word' id='word_1_29' title='bbox 1669 853 1795 909; x_wconf 85' lang='lat' dir='ltr'><strong>Ste—</strong></span> 
     </span>
    </p>
   </div>
   <div class='ocr_carea' id='block_1_7' title="bbox 210 943 1794 1019">
    <p class='ocr_par' dir='ltr' id='par_1_7' title="bbox 210 943 1794 1019">
     <span class='ocr_line' id='line_1_7' title="bbox 210 943 1794 1019; baseline 0.002 -22"><span class='ocrx_word' id='word_1_30' title='bbox 210 944 377 1014; x_wconf 83' lang='lat' dir='ltr'><strong>phani</strong></span> <span class='ocrx_word' id='word_1_31' title='bbox 412 943 717 1015; x_wconf 74' lang='lat' dir='ltr'>Byzantini,</span> <span class='ocrx_word' id='word_1_32' title='bbox 760 945 1002 1016; x_wconf 72' lang='grc' dir='ltr'>περὶτοῦ</span> <span class='ocrx_word' id='word_1_33' title='bbox 1041 946 1155 1018; x_wconf 88' lang='grc' dir='ltr'>βίου</span> <span class='ocrx_word' id='word_1_34' title='bbox 1206 949 1301 1003; x_wconf 76' lang='grc' dir='ltr'>καὶ</span> <span class='ocrx_word' id='word_1_35' title='bbox 1349 949 1654 1019; x_wconf 76' lang='grc' dir='ltr'>μαρτυρίου</span> <span class='ocrx_word' id='word_1_36' title='bbox 1700 946 1794 1001; x_wconf 88' lang='grc' dir='ltr'>τοῦ</span> 
     </span>
    </p>
   </div>
   <div class='ocr_carea' id='block_1_8' title="bbox 210 1035 1793 1109">
    <p class='ocr_par' dir='ltr' id='par_1_8' title="bbox 210 1035 1793 1109">
     <span class='ocr_line' id='line_1_8' title="bbox 210 1035 1793 1109; baseline 0.002 -19"><span class='ocrx_word' id='word_1_37' title='bbox 210 1035 368 1102; x_wconf 92' lang='grc' dir='ltr'>ἁγίου</span> <span class='ocrx_word' id='word_1_38' title='bbox 390 1038 793 1108; x_wconf 81' lang='grc' dir='ltr'>όσιομάρτυρος</span> <span class='ocrx_word' id='word_1_39' title='bbox 815 1036 1093 1105; x_wconf 84' lang='grc' dir='ltr'>Στεφάνου</span> <span class='ocrx_word' id='word_1_40' title='bbox 1119 1038 1214 1091; x_wconf 88' lang='grc' dir='ltr'>τοῦ</span> <span class='ocrx_word' id='word_1_41' title='bbox 1242 1039 1385 1095; x_wconf 82' lang='grc' dir='ltr'>νέου.</span> <span class='ocrx_word' id='word_1_42' title='bbox 1413 1037 1656 1109; x_wconf 75' lang='lat' dir='ltr'>Scriptor</span> <span class='ocrx_word' id='word_1_43' title='bbox 1686 1054 1793 1093; x_wconf 91' lang='lat' dir='ltr'>non</span> 
     </span>
    </p>
   </div>
   <div class='ocr_carea' id='block_1_9' title="bbox 211 1126 1795 1200">
    <p class='ocr_par' dir='ltr' id='par_1_9' title="bbox 211 1126 1795 1200">
     <span class='ocr_line' id='line_1_9' title="bbox 211 1126 1795 1200; baseline 0.001 -18"><span class='ocrx_word' id='word_1_44' title='bbox 211 1126 325 1200; x_wconf 77' lang='lat' dir='ltr'>[8i]</span> <span class='ocrx_word' id='word_1_45' title='bbox 356 1129 560 1182; x_wconf 83' lang='lat' dir='ltr'><strong>multos</strong></span> <span class='ocrx_word' id='word_1_46' title='bbox 590 1135 712 1197; x_wconf 84' lang='lat' dir='ltr'><strong>post</strong></span> <span class='ocrx_word' id='word_1_47' title='bbox 744 1142 918 1182; x_wconf 90' lang='lat' dir='ltr'><strong>annos</strong></span> <span class='ocrx_word' id='word_1_48' title='bbox 945 1126 1181 1193; x_wconf 80' lang='lat' dir='ltr'><strong>vivebat,</strong></span> <span class='ocrx_word' id='word_1_49' title='bbox 1215 1137 1275 1183; x_wconf 87' lang='lat' dir='ltr'>ut</span> <span class='ocrx_word' id='word_1_50' title='bbox 1309 1145 1375 1184; x_wconf 80' lang='lat' dir='ltr'>ex</span> <span class='ocrx_word' id='word_1_51' title='bbox 1415 1131 1606 1184; x_wconf 86' lang='lat' dir='ltr'><strong>eodem</strong></span> <span class='ocrx_word' id='word_1_52' title='bbox 1638 1130 1795 1184; x_wconf 87' lang='lat' dir='ltr'><strong>colli-</strong></span> 
     </span>
    </p>
   </div>
   <div class='ocr_carea' id='block_1_10' title="bbox 210 1212 1795 1291">
    <p class='ocr_par' dir='ltr' id='par_1_10' title="bbox 210 1212 1795 1291">
     <span class='ocr_line' id='line_1_10' title="bbox 210 1212 1795 1291; baseline 0.002 -19"><span class='ocrx_word' id='word_1_53' title='bbox 210 1220 374 1291; x_wconf 78' lang='lat' dir='ltr'><strong>gitur.</strong></span> <span class='ocrx_word' id='word_1_54' title='bbox 414 1212 536 1270; x_wconf 73' lang='grc' dir='ltr'>Οἶδε</span> <span class='ocrx_word' id='word_1_55' title='bbox 562 1217 672 1288; x_wconf 83' lang='grc' dir='ltr'>γὰρ</span> <span class='ocrx_word' id='word_1_56' title='bbox 701 1215 892 1286; x_wconf 82' lang='grc' dir='ltr'>ὥσπερ</span> <span class='ocrx_word' id='word_1_57' title='bbox 926 1217 1128 1289; x_wconf 77' lang='grc' dir='ltr'>νεφέλη</span> <span class='ocrx_word' id='word_1_58' title='bbox 1158 1218 1251 1271; x_wconf 78' lang='grc' dir='ltr'>τὸν</span> <span class='ocrx_word' id='word_1_59' title='bbox 1288 1219 1463 1288; x_wconf 81' lang='grc' dir='ltr'>ἣλιον,</span> <span class='ocrx_word' id='word_1_60' title='bbox 1509 1218 1654 1274; x_wconf 80' lang='grc' dir='ltr'>οὕτω</span> <span class='ocrx_word' id='word_1_61' title='bbox 1698 1221 1795 1276; x_wconf 78' lang='grc' dir='ltr'>καὶ</span> 
     </span>
    </p>
   </div>
   <div class='ocr_carea' id='block_1_11' title="bbox 210 1307 1796 1383">
    <p class='ocr_par' dir='ltr' id='par_1_11' title="bbox 210 1307 1796 1383">
     <span class='ocr_line' id='line_1_11' title="bbox 210 1307 1796 1383; baseline 0.003 -20"><span class='ocrx_word' id='word_1_62' title='bbox 210 1309 405 1382; x_wconf 80' lang='grc' dir='ltr'>χρόνος</span> <span class='ocrx_word' id='word_1_63' title='bbox 434 1309 700 1377; x_wconf 84' lang='grc' dir='ltr'>κρύπτειν</span> <span class='ocrx_word' id='word_1_64' title='bbox 731 1308 800 1362; x_wconf 80' lang='grc' dir='ltr'>τὰ</span> <span class='ocrx_word' id='word_1_65' title='bbox 831 1307 905 1379; x_wconf 77' lang='grc' dir='ltr'>μὴ</span> <span class='ocrx_word' id='word_1_66' title='bbox 934 1309 1263 1381; x_wconf 80' lang='grc' dir='ltr'>λαλούμενα,</span> <span class='ocrx_word' id='word_1_67' title='bbox 1297 1311 1504 1382; x_wconf 87' lang='grc' dir='ltr'>καίπερ</span> <span class='ocrx_word' id='word_1_68' title='bbox 1525 1329 1796 1383; x_wconf 86' lang='grc' dir='ltr'>τεσσαρα-</span> 
     </span>
    </p>
   </div>
   <div class='ocr_carea' id='block_1_12' title="bbox 209 1383 1795 1477">
    <p class='ocr_par' dir='ltr' id='par_1_12' title="bbox 209 1383 1795 1477">
     <span class='ocr_line' id='line_1_12' title="bbox 209 1383 1795 1477; baseline 0.002 -22"><span class='ocrx_word' id='word_1_69' title='bbox 209 1400 407 1455; x_wconf 83' lang='grc' dir='ltr'>κοστοῦ</span> <span class='ocrx_word' id='word_1_70' title='bbox 430 1401 686 1472; x_wconf 78' lang='grc' dir='ltr'>δευτέρου</span> <span class='ocrx_word' id='word_1_71' title='bbox 717 1400 870 1465; x_wconf 77' lang='grc' dir='ltr'>ἔτους</span> <span class='ocrx_word' id='word_1_72' title='bbox 892 1401 1468 1474; x_wconf 88' lang='grc' dir='ltr'>παραδεδραμηκότος,</span> <span class='ocrx_word' id='word_1_73' title='bbox 1505 1383 1598 1474; x_wconf 53' lang='grc' dir='ltr'>ἀφ’</span> <span class='ocrx_word' id='word_1_74' title='bbox 1620 1397 1795 1477; x_wconf 72' lang='grc' dir='ltr'>οὗπερ</span> 
     </span>
    </p>
   </div>
   <div class='ocr_carea' id='block_1_13' title="bbox 206 1492 1795 1567">
    <p class='ocr_par' dir='ltr' id='par_1_13' title="bbox 206 1492 1795 1567">
     <span class='ocr_line' id='line_1_13' title="bbox 206 1492 1795 1567; baseline 0.001 -21"><span class='ocrx_word' id='word_1_75' title='bbox 206 1493 309 1565; x_wconf 74' lang='grc' dir='ltr'>τὴν</span> <span class='ocrx_word' id='word_1_76' title='bbox 330 1493 421 1547; x_wconf 85' lang='grc' dir='ltr'>διὰ</span> <span class='ocrx_word' id='word_1_77' title='bbox 449 1494 754 1565; x_wconf 73' lang='grc' dir='ltr'>μαρτυρίου</span> <span class='ocrx_word' id='word_1_78' title='bbox 780 1493 933 1562; x_wconf 73' lang='grc' dir='ltr'>ἱερὰν</span> <span class='ocrx_word' id='word_1_79' title='bbox 965 1492 1224 1566; x_wconf 81' lang='grc' dir='ltr'>τελευτὴν</span> <span class='ocrx_word' id='word_1_80' title='bbox 1260 1495 1293 1547; x_wconf 85' lang='grc' dir='ltr'>ό</span> <span class='ocrx_word' id='word_1_81' title='bbox 1331 1494 1648 1567; x_wconf 84' lang='grc' dir='ltr'>παμμὰκαρ</span> <span class='ocrx_word' id='word_1_82' title='bbox 1684 1494 1795 1548; x_wconf 86' lang='grc' dir='ltr'>Πα-</span> 
     </span>
    </p>
   </div>
   <div class='ocr_carea' id='block_1_14' title="bbox 207 1582 1795 1660">
    <p class='ocr_par' dir='ltr' id='par_1_14' title="bbox 207 1582 1795 1660">
     <span class='ocr_line' id='line_1_14' title="bbox 207 1582 1795 1660; baseline 0.003 -23"><span class='ocrx_word' id='word_1_83' title='bbox 207 1587 312 1655; x_wconf 76' lang='grc' dir='ltr'>τὴρ</span> <span class='ocrx_word' id='word_1_84' title='bbox 340 1586 501 1657; x_wconf 73' lang='grc' dir='ltr'>ήμῶν</span> <span class='ocrx_word' id='word_1_85' title='bbox 544 1586 764 1657; x_wconf 80' lang='grc' dir='ltr'>’ὑπέστη</span> <span class='ocrx_word' id='word_1_86' title='bbox 826 1586 1103 1656; x_wconf 77' lang='grc' dir='ltr'>Στέφανος</span> <span class='ocrx_word' id='word_1_87' title='bbox 1164 1586 1331 1660; x_wconf 80' lang='grc' dir='ltr'>μέχρι</span> <span class='ocrx_word' id='word_1_88' title='bbox 1356 1588 1454 1659; x_wconf 83' lang='grc' dir='ltr'>τῆς</span> <span class='ocrx_word' id='word_1_89' title='bbox 1513 1588 1650 1644; x_wconf 87' lang='grc' dir='ltr'>νυνί.</span> <span class='ocrx_word' id='word_1_90' title='bbox 1699 1582 1795 1653; x_wconf 70' lang='grc' dir='ltr'>Οίς</span> 
     </span>
    </p>
   </div>
   <div class='ocr_carea' id='block_1_15' title="bbox 209 1677 1790 1751">
    <p class='ocr_par' dir='ltr' id='par_1_15' title="bbox 209 1677 1790 1751">
     <span class='ocr_line' id='line_1_15' title="bbox 209 1677 1790 1751; baseline 0.001 -20"><span class='ocrx_word' id='word_1_91' title='bbox 209 1680 555 1749; x_wconf 65' lang='grc' dir='ltr'>προτραπεὶς</span> <span class='ocrx_word' id='word_1_92' title='bbox 608 1677 948 1748; x_wconf 75' lang='grc' dir='ltr'>ἀνελεξάμην</span> <span class='ocrx_word' id='word_1_93' title='bbox 976 1678 1127 1749; x_wconf 87' lang='grc' dir='ltr'>παρὰ</span> <span class='ocrx_word' id='word_1_94' title='bbox 1155 1680 1534 1749; x_wconf 84' lang='grc' dir='ltr'>ἀληθευόντων</span> <span class='ocrx_word' id='word_1_95' title='bbox 1560 1678 1790 1751; x_wconf 85' lang='grc' dir='ltr'>ἀνδρῶν,</span> 
     </span>
    </p>
   </div>
   <div class='ocr_carea' id='block_1_16' title="bbox 207 1766 1793 1844">
    <p class='ocr_par' dir='ltr' id='par_1_16' title="bbox 207 1766 1793 1844">
     <span class='ocr_line' id='line_1_16' title="bbox 207 1766 1793 1844; baseline -0.001 -17"><span class='ocrx_word' id='word_1_96' title='bbox 207 1772 302 1827; x_wconf 74' lang='grc' dir='ltr'>καὶ</span> <span class='ocrx_word' id='word_1_97' title='bbox 330 1770 441 1825; x_wconf 82' lang='grc' dir='ltr'>τῶν</span> <span class='ocrx_word' id='word_1_98' title='bbox 473 1770 639 1826; x_wconf 73' lang='grc' dir='ltr'>αὑτοῦ</span> <span class='ocrx_word' id='word_1_99' title='bbox 676 1772 946 1843; x_wconf 82' lang='grc' dir='ltr'>φοιτητῶν</span> <span class='ocrx_word' id='word_1_100' title='bbox 989 1766 1090 1827; x_wconf 81' lang='grc' dir='ltr'>ὧδε</span> <span class='ocrx_word' id='word_1_101' title='bbox 1138 1775 1361 1826; x_wconf 73' lang='grc' dir='ltr'>κὰκεὶσε</span> <span class='ocrx_word' id='word_1_102' title='bbox 1398 1771 1669 1844; x_wconf 79' lang='grc' dir='ltr'>περιθέων</span> <span class='ocrx_word' id='word_1_103' title='bbox 1698 1773 1793 1826; x_wconf 79' lang='grc' dir='ltr'>καὶ</span> 
     </span>
    </p>
   </div>
   <div class='ocr_carea' id='block_1_17' title="bbox 206 1858 1793 1933">
    <p class='ocr_par' dir='ltr' id='par_1_17' title="bbox 206 1858 1793 1933">
     <span class='ocr_line' id='line_1_17' title="bbox 206 1858 1793 1933; baseline -0.002 -18"><span class='ocrx_word' id='word_1_104' title='bbox 206 1863 586 1933; x_wconf 79' lang='grc' dir='ltr'>περιαθρίζων</span> <span class='ocrx_word' id='word_1_105' title='bbox 616 1862 771 1929; x_wconf 80' lang='grc' dir='ltr'>λέξαι</span> <span class='ocrx_word' id='word_1_106' title='bbox 801 1865 867 1917; x_wconf 72' lang='grc' dir='ltr'>τά</span> <span class='ocrx_word' id='word_1_107' title='bbox 896 1861 955 1927; x_wconf 79' lang='grc' dir='ltr'>ἐξ</span> <span class='ocrx_word' id='word_1_108' title='bbox 989 1860 1217 1915; x_wconf 79' lang='grc' dir='ltr'>ἁπαλῶν</span> <span class='ocrx_word' id='word_1_109' title='bbox 1264 1861 1470 1931; x_wconf 80' lang='grc' dir='ltr'>ὀνύχων</span> <span class='ocrx_word' id='word_1_110' title='bbox 1500 1859 1667 1914; x_wconf 81' lang='grc' dir='ltr'>αὐτοῦ</span> <span class='ocrx_word' id='word_1_111' title='bbox 1696 1858 1793 1915; x_wconf 69' lang='grc' dir='ltr'>κα)⁸</span> 
     </span>
    </p>
   </div>
   <div class='ocr_carea' id='block_1_18' title="bbox 211 1951 1791 2025">
    <p class='ocr_par' dir='ltr' id='par_1_18' title="bbox 211 1951 1791 2025">
     <span class='ocr_line' id='line_1_18' title="bbox 211 1951 1791 2025; baseline -0.002 -19"><span class='ocrx_word' id='word_1_112' title='bbox 211 1953 371 2025; x_wconf 84' lang='grc' dir='ltr'>μέχρι</span> <span class='ocrx_word' id='word_1_113' title='bbox 398 1955 609 2025; x_wconf 80' lang='grc' dir='ltr'>γήρως,</span> <span class='ocrx_word' id='word_1_114' title='bbox 634 1955 703 2008; x_wconf 85' lang='grc' dir='ltr'>τά</span> <span class='ocrx_word' id='word_1_115' title='bbox 730 1970 790 2006; x_wconf 90' lang='grc' dir='ltr'>τε</span> <span class='ocrx_word' id='word_1_116' title='bbox 817 1956 916 2024; x_wconf 76' lang='grc' dir='ltr'>τῆς</span> <span class='ocrx_word' id='word_1_117' title='bbox 963 1954 1272 2024; x_wconf 83' lang='grc' dir='ltr'>γεννήσεως</span> <span class='ocrx_word' id='word_1_118' title='bbox 1304 1955 1398 2007; x_wconf 66' lang='grc' dir='ltr'>καὶ</span> <span class='ocrx_word' id='word_1_119' title='bbox 1426 1951 1522 2006; x_wconf 90' lang='grc' dir='ltr'>τοῦ</span> <span class='ocrx_word' id='word_1_120' title='bbox 1558 1952 1791 2006; x_wconf 87' lang='grc' dir='ltr'>θανάτου</span> 
     </span>
    </p>
   </div>
   <div class='ocr_carea' id='block_1_19' title="bbox 208 2042 1792 2116">
    <p class='ocr_par' dir='ltr' id='par_1_19' title="bbox 208 2042 1792 2116">
     <span class='ocr_line' id='line_1_19' title="bbox 208 2042 1792 2116; baseline 0.002 -20"><span class='ocrx_word' id='word_1_121' title='bbox 208 2043 529 2114; x_wconf 85' lang='grc' dir='ltr'>πάντερπνα</span> <span class='ocrx_word' id='word_1_122' title='bbox 555 2045 651 2097; x_wconf 72' lang='grc' dir='ltr'>καὶ</span> <span class='ocrx_word' id='word_1_123' title='bbox 679 2044 968 2114; x_wconf 75' lang='grc' dir='ltr'>Θαυμαστὰ</span> <span class='ocrx_word' id='word_1_124' title='bbox 991 2044 1330 2115; x_wconf 85' lang='grc' dir='ltr'>διηγήματα.</span> <span class='ocrx_word' id='word_1_125' title='bbox 1354 2042 1499 2099; x_wconf 87' lang='lat' dir='ltr'><strong>Solet</strong></span> <span class='ocrx_word' id='word_1_126' title='bbox 1531 2046 1792 2116; x_wconf 78' lang='lat' dir='ltr'>siquidem</span> 
     </span>
    </p>
   </div>
   <div class='ocr_carea' id='block_1_20' title="bbox 207 2135 1793 2208">
    <p class='ocr_par' dir='ltr' id='par_1_20' title="bbox 207 2135 1793 2208">
     <span class='ocr_line' id='line_1_20' title="bbox 207 2135 1793 2208; baseline 0.001 -18"><span class='ocrx_word' id='word_1_127' title='bbox 207 2138 648 2205; x_wconf 76' lang='lat' dir='ltr'>quemadmodum</span> <span class='ocrx_word' id='word_1_128' title='bbox 710 2135 897 2191; x_wconf 85' lang='lat' dir='ltr'><strong>nebula</strong></span> <span class='ocrx_word' id='word_1_129' title='bbox 935 2136 1116 2202; x_wconf 86' lang='lat' dir='ltr'><strong>solem,</strong></span> <span class='ocrx_word' id='word_1_130' title='bbox 1166 2145 1367 2206; x_wconf 80' lang='lat' dir='ltr'>tempus</span> <span class='ocrx_word' id='word_1_131' title='bbox 1416 2153 1477 2191; x_wconf 89' lang='lat' dir='ltr'>ea</span> <span class='ocrx_word' id='word_1_132' title='bbox 1518 2153 1636 2208; x_wconf 69' lang='lat' dir='ltr'><strong>qua:</strong></span> <span class='ocrx_word' id='word_1_133' title='bbox 1689 2153 1793 2191; x_wconf 78' lang='lat' dir='ltr'>non</span> 
     </span>
    </p>
   </div>
   <div class='ocr_carea' id='block_1_21' title="bbox 205 2229 1792 2300">
    <p class='ocr_par' dir='ltr' id='par_1_21' title="bbox 205 2229 1792 2300">
     <span class='ocr_line' id='line_1_21' title="bbox 205 2229 1792 2300; baseline -0.001 -16"><span class='ocrx_word' id='word_1_134' title='bbox 205 2239 709 2296; x_wconf 74' lang='lat' dir='ltr'>commemorantur,</span> <span class='ocrx_word' id='word_1_135' title='bbox 747 2229 1016 2296; x_wconf 83' lang='lat' dir='ltr'>occulere;</span> <span class='ocrx_word' id='word_1_136' title='bbox 1066 2230 1162 2284; x_wconf 87' lang='lat' dir='ltr'><strong>etsi</strong></span> <span class='ocrx_word' id='word_1_137' title='bbox 1204 2231 1308 2283; x_wconf 90' lang='lat' dir='ltr'>duo</span> <span class='ocrx_word' id='word_1_138' title='bbox 1339 2239 1388 2283; x_wconf 89' lang='lat' dir='ltr'>et</span> <span class='ocrx_word' id='word_1_139' title='bbox 1434 2230 1792 2300; x_wconf 80' lang='lat' dir='ltr'>quadraginta</span> 
     </span>
    </p>
   </div>
   <div class='ocr_carea' id='block_1_22' title="bbox 206 2323 1794 2394">
    <p class='ocr_par' dir='ltr' id='par_1_22' title="bbox 206 2323 1794 2394">
     <span class='ocr_line' id='line_1_22' title="bbox 206 2323 1794 2394; baseline 0.001 -18"><span class='ocrx_word' id='word_1_140' title='bbox 206 2323 337 2376; x_wconf 85' lang='lat' dir='ltr'><strong>anni</strong></span> <span class='ocrx_word' id='word_1_141' title='bbox 364 2324 724 2393; x_wconf 55' lang='lat' dir='ltr'><strong>pra’tergressi</strong></span> <span class='ocrx_word' id='word_1_142' title='bbox 752 2334 896 2387; x_wconf 85' lang='lat' dir='ltr'><strong>sunt,</strong></span> <span class='ocrx_word' id='word_1_143' title='bbox 930 2339 994 2377; x_wconf 73' lang='lat' dir='ltr'><strong>ex</strong></span> <span class='ocrx_word' id='word_1_144' title='bbox 1042 2338 1143 2393; x_wconf 83' lang='lat' dir='ltr'>quo</span> <span class='ocrx_word' id='word_1_145' title='bbox 1176 2323 1433 2394; x_wconf 82' lang='lat' dir='ltr'><strong>martyrio</strong></span> <span class='ocrx_word' id='word_1_146' title='bbox 1463 2323 1794 2377; x_wconf 77' lang='lat' dir='ltr'><strong>beatissimus</strong></span> 
     </span>
    </p>
   </div>
   <div class='ocr_carea' id='block_1_23' title="bbox 205 2413 1794 2470">
    <p class='ocr_par' dir='ltr' id='par_1_23' title="bbox 205 2413 1794 2470">
     <span class='ocr_line' id='line_1_23' title="bbox 205 2413 1794 2470; baseline 0.002 -3"><span class='ocrx_word' id='word_1_147' title='bbox 205 2415 289 2469; x_wconf 81' lang='lat' dir='ltr'><strong>hic</strong></span> <span class='ocrx_word' id='word_1_148' title='bbox 308 2413 476 2469; x_wconf 86' lang='lat' dir='ltr'><strong>Pater</strong></span> <span class='ocrx_word' id='word_1_149' title='bbox 502 2424 679 2469; x_wconf 88' lang='lat' dir='ltr'><strong>noster</strong></span> <span class='ocrx_word' id='word_1_150' title='bbox 708 2432 917 2469; x_wconf 88' lang='lat' dir='ltr'><strong>sacrum</strong></span> <span class='ocrx_word' id='word_1_151' title='bbox 965 2416 1089 2469; x_wconf 71' lang='lat' dir='ltr'><strong>vita:</strong></span> <span class='ocrx_word' id='word_1_152' title='bbox 1121 2417 1321 2470; x_wconf 75' lang='lat' dir='ltr'><strong>exitum</strong></span> <span class='ocrx_word' id='word_1_153' title='bbox 1380 2424 1682 2470; x_wconf 84' lang='lat' dir='ltr'><strong>consecutus</strong></span> <span class='ocrx_word' id='word_1_154' title='bbox 1717 2424 1794 2470; x_wconf 89' lang='lat' dir='ltr'>est</span> 
     </span>
    </p>
   </div>
   <div class='ocr_carea' id='block_1_24' title="bbox 205 2506 1793 2580">
    <p class='ocr_par' dir='ltr' id='par_1_24' title="bbox 205 2506 1793 2580">
     <span class='ocr_line' id='line_1_24' title="bbox 205 2506 1793 2580; baseline -0.001 -15"><span class='ocrx_word' id='word_1_155' title='bbox 205 2506 511 2578; x_wconf 80' lang='lat' dir='ltr'><strong>Stephanus</strong></span> <span class='ocrx_word' id='word_1_156' title='bbox 530 2509 601 2563; x_wconf 89' lang='lat' dir='ltr'>ad</span> <span class='ocrx_word' id='word_1_157' title='bbox 629 2509 765 2562; x_wconf 84' lang='lat' dir='ltr'><strong>hunc</strong></span> <span class='ocrx_word' id='word_1_158' title='bbox 792 2509 931 2563; x_wconf 88' lang='lat' dir='ltr'><strong>diem</strong></span> <span class='ocrx_word' id='word_1_159' title='bbox 964 2525 983 2563; x_wconf 92' lang='lat'><strong><em>:</em></strong></span> <span class='ocrx_word' id='word_1_160' title='bbox 1010 2526 1110 2580; x_wconf 90' lang='lat' dir='ltr'>quo</span> <span class='ocrx_word' id='word_1_161' title='bbox 1140 2510 1443 2563; x_wconf 83' lang='lat' dir='ltr'><strong>admonitus</strong></span> <span class='ocrx_word' id='word_1_162' title='bbox 1462 2526 1493 2562; x_wconf 91' lang='lat' dir='ltr'>a</span> <span class='ocrx_word' id='word_1_163' title='bbox 1524 2510 1793 2564; x_wconf 74' lang='lat' dir='ltr'><strong>ueracibus</strong></span> 
     </span>
    </p>
   </div>
   <div class='ocr_carea' id='block_1_25' title="bbox 206 2600 1795 2673">
    <p class='ocr_par' dir='ltr' id='par_1_25' title="bbox 206 2600 1795 2673">
     <span class='ocr_line' id='line_1_25' title="bbox 206 2600 1795 2673; baseline 0.001 -19"><span class='ocrx_word' id='word_1_164' title='bbox 206 2601 503 2655; x_wconf 79' lang='lat' dir='ltr'><strong>hominibus</strong></span> <span class='ocrx_word' id='word_1_165' title='bbox 528 2600 776 2673; x_wconf 80' lang='lat' dir='ltr'><strong>illiusque</strong></span> <span class='ocrx_word' id='word_1_166' title='bbox 810 2602 1083 2671; x_wconf 85' lang='lat' dir='ltr'><strong>discipulis</strong></span> <span class='ocrx_word' id='word_1_167' title='bbox 1116 2601 1276 2673; x_wconf 81' lang='lat' dir='ltr'><strong>selegi</strong></span> <span class='ocrx_word' id='word_1_168' title='bbox 1317 2603 1417 2655; x_wconf 81' lang='lat' dir='ltr'><strong>huc</strong></span> <span class='ocrx_word' id='word_1_169' title='bbox 1465 2612 1625 2673; x_wconf 85' lang='lat' dir='ltr'><strong>atque</strong></span> <span class='ocrx_word' id='word_1_170' title='bbox 1662 2602 1795 2656; x_wconf 87' lang='lat' dir='ltr'><strong>illuc</strong></span> 
     </span>
    </p>
   </div>
   <div class='ocr_carea' id='block_1_26' title="bbox 207 2695 1794 2769">
    <p class='ocr_par' dir='ltr' id='par_1_26' title="bbox 207 2695 1794 2769">
     <span class='ocr_line' id='line_1_26' title="bbox 207 2695 1794 2769; baseline 0.003 -20"><span class='ocrx_word' id='word_1_171' title='bbox 207 2696 522 2749; x_wconf 85' lang='lat' dir='ltr'><strong>circumiens</strong></span> <span class='ocrx_word' id='word_1_172' title='bbox 572 2706 621 2750; x_wconf 93' lang='lat' dir='ltr'>et</span> <span class='ocrx_word' id='word_1_173' title='bbox 658 2695 925 2767; x_wconf 85' lang='lat' dir='ltr'><strong>colligens,</strong></span> <span class='ocrx_word' id='word_1_174' title='bbox 980 2705 1038 2750; x_wconf 91' lang='lat' dir='ltr'>ut</span> <span class='ocrx_word' id='word_1_175' title='bbox 1088 2697 1283 2767; x_wconf 82' lang='lat' dir='ltr'><strong>scripto</strong></span> <span class='ocrx_word' id='word_1_176' title='bbox 1313 2699 1643 2763; x_wconf 88' lang='lat' dir='ltr'><strong>mandarem,</strong></span> <span class='ocrx_word' id='word_1_177' title='bbox 1676 2714 1794 2769; x_wconf 78' lang='lat' dir='ltr'><strong>qua:</strong></span> 
     </span>
    </p>
   </div>
   <div class='ocr_carea' id='block_1_27' title="bbox 206 2772 1790 2860">
    <p class='ocr_par' dir='ltr' id='par_1_27' title="bbox 206 2772 1790 2860">
     <span class='ocr_line' id='line_1_27' title="bbox 206 2772 1790 2860; baseline 0.003 -19"><span class='ocrx_word' id='word_1_178' title='bbox 206 2786 295 2842; x_wconf 83' lang='lat' dir='ltr'><strong>ille</strong></span> <span class='ocrx_word' id='word_1_179' title='bbox 328 2804 395 2842; x_wconf 77' lang='lat' dir='ltr'><strong>ex</strong></span> <span class='ocrx_word' id='word_1_180' title='bbox 432 2788 623 2842; x_wconf 85' lang='lat' dir='ltr'><strong>teneris</strong></span> <span class='ocrx_word' id='word_1_181' title='bbox 656 2772 956 2859; x_wconf 78' lang='lat' dir='ltr'><strong>unguiculis</strong></span> <span class='ocrx_word' id='word_1_182' title='bbox 1010 2806 1170 2860; x_wconf 85' lang='lat' dir='ltr'><strong>usque</strong></span> <span class='ocrx_word' id='word_1_183' title='bbox 1210 2790 1280 2842; x_wconf 88' lang='lat' dir='ltr'>ad</span> <span class='ocrx_word' id='word_1_184' title='bbox 1326 2799 1589 2844; x_wconf 85' lang='lat' dir='ltr'><strong>senectam</strong></span> <span class='ocrx_word' id='word_1_185' title='bbox 1650 2807 1790 2860; x_wconf 81' lang='lat' dir='ltr'><strong>pra:-</strong></span> 
     </span>
    </p>
   </div>
   <div class='ocr_carea' id='block_1_28' title="bbox 206 2882 1794 2955">
    <p class='ocr_par' dir='ltr' id='par_1_28' title="bbox 206 2882 1794 2955">
     <span class='ocr_line' id='line_1_28' title="bbox 206 2882 1794 2955; baseline 0.002 -20"><span class='ocrx_word' id='word_1_186' title='bbox 206 2882 415 2936; x_wconf 84' lang='lat' dir='ltr'><strong>stiterat</strong></span> <span class='ocrx_word' id='word_1_187' title='bbox 443 2892 495 2935; x_wconf 88' lang='lat' dir='ltr'>et</span> <span class='ocrx_word' id='word_1_188' title='bbox 530 2883 595 2936; x_wconf 87' lang='lat' dir='ltr'>ab</span> <span class='ocrx_word' id='word_1_189' title='bbox 620 2883 762 2936; x_wconf 85' lang='lat' dir='ltr'><strong>illius</strong></span> <span class='ocrx_word' id='word_1_190' title='bbox 790 2893 908 2937; x_wconf 86' lang='lat' dir='ltr'><strong>ortu</strong></span> <span class='ocrx_word' id='word_1_191' title='bbox 943 2901 1107 2955; x_wconf 86' lang='lat' dir='ltr'><strong>usque</strong></span> <span class='ocrx_word' id='word_1_192' title='bbox 1136 2884 1208 2937; x_wconf 87' lang='lat' dir='ltr'>ad</span> <span class='ocrx_word' id='word_1_193' title='bbox 1253 2885 1472 2950; x_wconf 87' lang='lat' dir='ltr'><strong>obitum,</strong></span> <span class='ocrx_word' id='word_1_194' title='bbox 1513 2884 1794 2954; x_wconf 88' lang='lat' dir='ltr'><strong>jucundis-</strong></span> 
     </span>
    </p>
   </div>
   <div class='ocr_carea' id='block_1_29' title="bbox 204 2975 1792 3044">
    <p class='ocr_par' dir='ltr' id='par_1_29' title="bbox 204 2975 1792 3044">
     <span class='ocr_line' id='line_1_29' title="bbox 204 2975 1792 3044; baseline 0.004 -15"><span class='ocrx_word' id='word_1_195' title='bbox 204 2975 370 3029; x_wconf 82' lang='lat' dir='ltr'><strong>simas</strong></span> <span class='ocrx_word' id='word_1_196' title='bbox 412 2983 459 3028; x_wconf 89' lang='lat' dir='ltr'>et</span> <span class='ocrx_word' id='word_1_197' title='bbox 484 2976 822 3030; x_wconf 81' lang='lat' dir='ltr'><strong>admirabiles</strong></span> <span class='ocrx_word' id='word_1_198' title='bbox 852 2979 1209 3032; x_wconf 82' lang='lat' dir='ltr'><strong>narrationes.</strong></span> <span class='ocrx_word' id='word_1_199' title='bbox 1233 2976 1387 3044; x_wconf 85' lang='lat' dir='ltr'><strong>Quod</strong></span> <span class='ocrx_word' id='word_1_200' title='bbox 1418 2993 1527 3032; x_wconf 91' lang='lat' dir='ltr'>non</span> <span class='ocrx_word' id='word_1_201' title='bbox 1562 2978 1792 3035; x_wconf 86' lang='lat' dir='ltr'><strong>arduum</strong></span> 
     </span>
    </p>
   </div>
   <div class='ocr_carea' id='block_1_30' title="bbox 207 3066 1790 3143">
    <p class='ocr_par' dir='ltr' id='par_1_30' title="bbox 207 3066 1790 3143">
     <span class='ocr_line' id='line_1_30' title="bbox 207 3066 1790 3143; baseline 0.003 -21"><span class='ocrx_word' id='word_1_202' title='bbox 207 3066 328 3134; x_wconf 82' lang='lat' dir='ltr'><strong>iuit,</strong></span> <span class='ocrx_word' id='word_1_203' title='bbox 363 3084 494 3124; x_wconf 91' lang='lat' dir='ltr'>cum</span> <span class='ocrx_word' id='word_1_204' title='bbox 537 3067 803 3139; x_wconf 85' lang='lat' dir='ltr'><strong>Stephani</strong></span> <span class='ocrx_word' id='word_1_205' title='bbox 837 3069 1093 3140; x_wconf 67' lang='lat' dir='ltr'><strong>mquales,</strong></span> <span class='ocrx_word' id='word_1_206' title='bbox 1121 3070 1283 3125; x_wconf 85' lang='lat' dir='ltr'><strong>amici</strong></span> <span class='ocrx_word' id='word_1_207' title='bbox 1316 3079 1371 3125; x_wconf 88' lang='lat' dir='ltr'>et</span> <span class='ocrx_word' id='word_1_208' title='bbox 1397 3071 1790 3143; x_wconf 81' lang='lat' dir='ltr'><strong>consanguinei</strong></span> 
     </span>
    </p>
   </div>
   <div class='ocr_carea' id='block_1_31' title="bbox 1825 428 3484 505">
    <p class='ocr_par' dir='ltr' id='par_1_31' title="bbox 1825 428 3484 505">
     <span class='ocr_line' id='line_1_31' title="bbox 1825 428 3484 505; baseline -0.004 -15"><span class='ocrx_word' id='word_1_209' title='bbox 1825 442 1874 502; x_wconf 77' lang='grc' dir='ltr'><strong>Α</strong></span> <span class='ocrx_word' id='word_1_210' title='bbox 1902 434 2057 490; x_wconf 86' lang='lat' dir='ltr'><strong>litani</strong></span> <span class='ocrx_word' id='word_1_211' title='bbox 2101 434 2258 505; x_wconf 80' lang='grc' dir='ltr'>λόγος</span> <span class='ocrx_word' id='word_1_212' title='bbox 2305 436 2386 498; x_wconf 80' lang='grc' dir='ltr'>είς</span> <span class='ocrx_word' id='word_1_213' title='bbox 2440 433 2528 489; x_wconf 78' lang='grc' dir='ltr'>τὸν</span> <span class='ocrx_word' id='word_1_214' title='bbox 2566 432 2686 487; x_wconf 78' lang='grc' dir='ltr'>Ἰὼϐ</span> <span class='ocrx_word' id='word_1_215' title='bbox 2715 433 2781 502; x_wconf 84' lang='grc' dir='ltr'>τῇ</span> <span class='ocrx_word' id='word_1_216' title='bbox 2815 430 2951 502; x_wconf 81' lang='grc' dir='ltr'>ἁγίᾳ</span> <span class='ocrx_word' id='word_1_217' title='bbox 2983 430 3078 484; x_wconf 75' lang='grc' dir='ltr'>καὶ</span> <span class='ocrx_word' id='word_1_218' title='bbox 3119 428 3334 502; x_wconf 79' lang='grc' dir='ltr'>μεγάλῃ</span> <span class='ocrx_word' id='word_1_219' title='bbox 3358 430 3484 485; x_wconf 85' lang='grc' dir='ltr'>δευ-</span> 
     </span>
    </p>
   </div>
   <div class='ocr_carea' id='block_1_32' title="bbox 1904 528 3483 689">
    <p class='ocr_par' dir='ltr' id='par_1_32' title="bbox 1904 528 3483 689">
     <span class='ocr_line' id='line_1_32' title="bbox 1904 528 3483 689; baseline -0.002 -15"><span class='ocrx_word' id='word_1_220' title='bbox 1904 528 2196 689; x_wconf 50' lang='grc' dir='ltr'>τέῗιίηδόνι</span> <span class='ocrx_word' id='word_1_221' title='bbox 2217 618 2324 672; x_wconf 76' lang='grc' dir='ltr'>τινὶ</span> <span class='ocrx_word' id='word_1_222' title='bbox 2364 617 2685 688; x_wconf 80' lang='grc' dir='ltr'>πολυφώνῳ.</span> <span class='ocrx_word' id='word_1_223' title='bbox 2728 613 3001 671; x_wconf 84' lang='lat' dir='ltr'><strong>Theodori</strong></span> <span class='ocrx_word' id='word_1_224' title='bbox 3031 611 3281 681; x_wconf 65' lang='lat' dir='ltr'><strong>Studitae,</strong></span> <span class='ocrx_word' id='word_1_225' title='bbox 3315 617 3395 681; x_wconf 86' lang='grc' dir='ltr'>εἰς</span> <span class='ocrx_word' id='word_1_226' title='bbox 3420 616 3483 671; x_wconf 74' lang='grc' dir='ltr'>τὸ</span> 
     </span>
    </p>
   </div>
   <div class='ocr_carea' id='block_1_33' title="bbox 1906 706 2932 780">
    <p class='ocr_par' dir='ltr' id='par_1_33' title="bbox 1906 706 2932 780">
     <span class='ocr_line' id='line_1_33' title="bbox 1906 706 2932 780; baseline -0.006 -15"><span class='ocrx_word' id='word_1_227' title='bbox 1906 711 2147 780; x_wconf 79' lang='grc' dir='ltr'>γενέσιον</span> <span class='ocrx_word' id='word_1_228' title='bbox 2187 710 2437 763; x_wconf 78' lang='grc' dir='ltr'>Ἰωάννου</span> <span class='ocrx_word' id='word_1_229' title='bbox 2466 707 2558 760; x_wconf 88' lang='grc' dir='ltr'>τοῦ</span> <span class='ocrx_word' id='word_1_230' title='bbox 2590 706 2932 779; x_wconf 79' lang='grc' dir='ltr'>Προδρόμου.</span> 
     </span>
    </p>
   </div>
   <div class='ocr_carea' id='block_1_34' title="bbox 1988 798 3483 887">
    <p class='ocr_par' dir='ltr' id='par_1_34' title="bbox 1988 798 3483 887">
     <span class='ocr_line' id='line_1_34' title="bbox 1988 798 3483 887; baseline 0 -31"><span class='ocrx_word' id='word_1_231' title='bbox 1988 802 2338 872; x_wconf 78' lang='grc' dir='ltr'>Ἀθλητικοὺς</span> <span class='ocrx_word' id='word_1_232' title='bbox 2361 801 2578 869; x_wconf 76' lang='grc' dir='ltr'>ἀγῶνας</span> <span class='ocrx_word' id='word_1_233' title='bbox 2600 800 2874 887; x_wconf 63' lang='grc' dir='ltr'>εὐφημεῖν</span> <span class='ocrx_word' id='word_1_234' title='bbox 2907 798 3099 853; x_wconf 80' lang='grc' dir='ltr'>θέλων.</span> <span class='ocrx_word' id='word_1_235' title='bbox 3148 800 3351 856; x_wconf 87' lang='lat' dir='ltr'><strong>Leonis</strong></span> <span class='ocrx_word' id='word_1_236' title='bbox 3378 800 3483 856; x_wconf 88' lang='lat' dir='ltr'><strong>im-</strong></span> 
     </span>
    </p>
   </div>
   <div class='ocr_carea' id='block_1_35' title="bbox 1904 890 2969 965">
    <p class='ocr_par' dir='ltr' id='par_1_35' title="bbox 1904 890 2969 965">
     <span class='ocr_line' id='line_1_35' title="bbox 1904 890 2969 965; baseline -0.005 -15"><span class='ocrx_word' id='word_1_237' title='bbox 1904 894 2195 965; x_wconf 83' lang='lat' dir='ltr'><strong>peratoris,</strong></span> <span class='ocrx_word' id='word_1_238' title='bbox 2230 895 2310 957; x_wconf 88' lang='grc' dir='ltr'>είς</span> <span class='ocrx_word' id='word_1_239' title='bbox 2339 892 2430 945; x_wconf 82' lang='grc' dir='ltr'>τὸν</span> <span class='ocrx_word' id='word_1_240' title='bbox 2466 891 2624 961; x_wconf 76' lang='grc' dir='ltr'>ἅγιον</span> <span class='ocrx_word' id='word_1_241' title='bbox 2646 890 2765 962; x_wconf 82' lang='grc' dir='ltr'>Κλή</span> <span class='ocrx_word' id='word_1_242' title='bbox 2778 907 2969 961; x_wconf 86' lang='grc' dir='ltr'>μεντα.</span> 
     </span>
    </p>
   </div>
   <div class='ocr_carea' id='block_1_36' title="bbox 1973 983 3487 1058">
    <p class='ocr_par' dir='ltr' id='par_1_36' title="bbox 1973 983 3487 1058">
     <span class='ocr_line' id='line_1_36' title="bbox 1973 983 3487 1058; baseline -0.001 -16"><span class='ocrx_word' id='word_1_243' title='bbox 1973 986 2043 1042; x_wconf 79' lang='grc' dir='ltr'>Δί</span> <span class='ocrx_word' id='word_1_244' title='bbox 2076 986 2177 1057; x_wconf 77' lang='grc' dir='ltr'>μὲν</span> <span class='ocrx_word' id='word_1_245' title='bbox 2199 983 2440 1057; x_wconf 79' lang='grc' dir='ltr'>Χριστοῦ</span> <span class='ocrx_word' id='word_1_246' title='bbox 2466 983 2830 1055; x_wconf 76' lang='grc' dir='ltr'>πανηγύρεις,</span> <span class='ocrx_word' id='word_1_247' title='bbox 2861 983 2986 1037; x_wconf 81' lang='grc' dir='ltr'>ὅσαι</span> <span class='ocrx_word' id='word_1_248' title='bbox 3007 984 3069 1038; x_wconf 79' lang='grc' dir='ltr'>τὸ</span> <span class='ocrx_word' id='word_1_249' title='bbox 3088 984 3204 1053; x_wconf 80' lang='grc' dir='ltr'>φῶς</span> <span class='ocrx_word' id='word_1_250' title='bbox 3232 986 3332 1055; x_wconf 82' lang='grc' dir='ltr'>τῆς</span> <span class='ocrx_word' id='word_1_251' title='bbox 3356 990 3487 1058; x_wconf 73' lang='grc' dir='ltr'>περὶ</span> 
     </span>
    </p>
   </div>
   <div class='ocr_carea' id='block_1_37' title="bbox 1904 1076 3490 1149">
    <p class='ocr_par' dir='ltr' id='par_1_37' title="bbox 1904 1076 3490 1149">
     <span class='ocr_line' id='line_1_37' title="bbox 1904 1076 3490 1149; baseline -0.007 -16"><span class='ocrx_word' id='word_1_252' title='bbox 1904 1078 2054 1148; x_wconf 80' lang='grc' dir='ltr'>ἡμᾶς</span> <span class='ocrx_word' id='word_1_253' title='bbox 2080 1078 2414 1148; x_wconf 77' lang='grc' dir='ltr'>οἰκονομίας.</span> <span class='ocrx_word' id='word_1_254' title='bbox 2440 1076 2786 1132; x_wconf 83' lang='lat' dir='ltr'><strong>Constantini</strong></span> <span class='ocrx_word' id='word_1_255' title='bbox 2817 1076 3032 1132; x_wconf 84' lang='lat' dir='ltr'><strong>diaconi</strong></span> <span class='ocrx_word' id='word_1_256' title='bbox 3063 1084 3122 1131; x_wconf 85' lang='lat' dir='ltr'>et</span> <span class='ocrx_word' id='word_1_257' title='bbox 3155 1077 3490 1149; x_wconf 69' lang='lat' dir='ltr'><strong>chartOphy.</strong></span> 
     </span>
    </p>
   </div>
   <div class='ocr_carea' id='block_1_38' title="bbox 1904 1167 3488 1240">
    <p class='ocr_par' dir='ltr' id='par_1_38' title="bbox 1904 1167 3488 1240">
     <span class='ocr_line' id='line_1_38' title="bbox 1904 1167 3488 1240; baseline 0.001 -16"><span class='ocrx_word' id='word_1_258' title='bbox 1904 1168 2059 1235; x_wconf 87' lang='lat' dir='ltr'><strong>lacis,</strong></span> <span class='ocrx_word' id='word_1_259' title='bbox 2080 1170 2295 1226; x_wconf 86' lang='lat' dir='ltr'><strong>diaconi</strong></span> <span class='ocrx_word' id='word_1_260' title='bbox 2321 1169 2527 1240; x_wconf 79' lang='lat' dir='ltr'><strong>Magnae</strong></span> <span class='ocrx_word' id='word_1_261' title='bbox 2546 1168 2810 1224; x_wconf 64' lang='lat' dir='ltr'><strong>Ecclesiae</strong></span> <span class='ocrx_word' id='word_1_262' title='bbox 2837 1167 3488 1239; x_wconf 62' lang='lat' dir='ltr'><strong>Constantinopolitanae,</strong></span> 
     </span>
    </p>
   </div>
   <div class='ocr_carea' id='block_1_39' title="bbox 1902 1258 3491 1331">
    <p class='ocr_par' dir='ltr' id='par_1_39' title="bbox 1902 1258 3491 1331">
     <span class='ocr_line' id='line_1_39' title="bbox 1902 1258 3491 1331; baseline -0.002 -12"><span class='ocrx_word' id='word_1_263' title='bbox 1902 1259 2128 1319; x_wconf 82' lang='lat' dir='ltr'><strong>alterius</strong></span> <span class='ocrx_word' id='word_1_264' title='bbox 2153 1260 2222 1316; x_wconf 81' lang='lat' dir='ltr'>ab</span> <span class='ocrx_word' id='word_1_265' title='bbox 2247 1259 2582 1330; x_wconf 83' lang='lat' dir='ltr'><strong>Acropolila,</strong></span> <span class='ocrx_word' id='word_1_266' title='bbox 2617 1268 2674 1315; x_wconf 89' lang='lat' dir='ltr'>et</span> <span class='ocrx_word' id='word_1_267' title='bbox 2701 1258 2821 1325; x_wconf 91' lang='lat' dir='ltr'><strong>Tio,</strong></span> <span class='ocrx_word' id='word_1_268' title='bbox 2854 1258 3130 1331; x_wconf 74' lang='grc' dir='ltr'>ἐγκώμιον</span> <span class='ocrx_word' id='word_1_269' title='bbox 3169 1260 3252 1324; x_wconf 85' lang='grc' dir='ltr'>είς</span> <span class='ocrx_word' id='word_1_270' title='bbox 3280 1261 3491 1327; x_wconf 74' lang='grc' dir='ltr'>πάντας</span> 
     </span>
    </p>
   </div>
   <div class='ocr_carea' id='block_1_40' title="bbox 1901 1350 3490 1425">
    <p class='ocr_par' dir='ltr' id='par_1_40' title="bbox 1901 1350 3490 1425">
     <span class='ocr_line' id='line_1_40' title="bbox 1901 1350 3490 1425; baseline 0.004 -20"><span class='ocrx_word' id='word_1_271' title='bbox 1901 1353 2027 1416; x_wconf 76' lang='grc' dir='ltr'>τοὺς</span> <span class='ocrx_word' id='word_1_272' title='bbox 2062 1350 2175 1425; x_wconf 74' lang='grc'>[82]</span> <span class='ocrx_word' id='word_1_273' title='bbox 2209 1351 2399 1422; x_wconf 88' lang='grc' dir='ltr'>ἁγίους</span> <span class='ocrx_word' id='word_1_274' title='bbox 2425 1352 2735 1423; x_wconf 88' lang='grc' dir='ltr'>μάρτυρας.</span> <span class='ocrx_word' id='word_1_275' title='bbox 2758 1351 3025 1413; x_wconf 78' lang='lat' dir='ltr'><strong>.Meminlt</strong></span> <span class='ocrx_word' id='word_1_276' title='bbox 3056 1352 3206 1408; x_wconf 83' lang='lat' dir='ltr'><strong>illius</strong></span> <span class='ocrx_word' id='word_1_277' title='bbox 3242 1354 3490 1424; x_wconf 65' lang='lat' dir='ltr'><strong>septimae</strong></span> 
     </span>
    </p>
   </div>
   <div class='ocr_carea' id='block_1_41' title="bbox 1902 1447 3488 1517">
    <p class='ocr_par' dir='ltr' id='par_1_41' title="bbox 1902 1447 3488 1517">
     <span class='ocr_line' id='line_1_41' title="bbox 1902 1447 3488 1517; baseline 0.001 -15"><span class='ocrx_word' id='word_1_278' title='bbox 1902 1447 2144 1517; x_wconf 77' lang='lat' dir='ltr'><strong>synodus</strong></span> <span class='ocrx_word' id='word_1_279' title='bbox 2167 1447 2439 1517; x_wconf 73' lang='lat' dir='ltr'><strong>generalis</strong></span> <span class='ocrx_word' id='word_1_280' title='bbox 2466 1447 2587 1503; x_wconf 76' lang='lat' dir='ltr'><strong>Act.</strong></span> <span class='ocrx_word' id='word_1_281' title='bbox 2620 1448 2676 1503; x_wconf 84' lang='lat'><strong>5.</strong></span> <span class='ocrx_word' id='word_1_282' title='bbox 2936 1490 2939 1497; x_wconf 89' lang='lat'>.</span> <span class='ocrx_word' id='word_1_283' title='bbox 3481 1506 3488 1513; x_wconf 78' lang='grc'>,</span> 
     </span>
    </p>
   </div>
   <div class='ocr_carea' id='block_1_42' title="bbox 1970 1537 3487 1611">
    <p class='ocr_par' dir='ltr' id='par_1_42' title="bbox 1970 1537 3487 1611">
     <span class='ocr_line' id='line_1_42' title="bbox 1970 1537 3487 1611; baseline 0.003 -17"><span class='ocrx_word' id='word_1_284' title='bbox 1970 1540 2041 1594; x_wconf 81' lang='grc' dir='ltr'>Δί</span> <span class='ocrx_word' id='word_1_285' title='bbox 2071 1540 2295 1611; x_wconf 85' lang='grc' dir='ltr'>χάριτες</span> <span class='ocrx_word' id='word_1_286' title='bbox 2326 1538 2426 1611; x_wconf 79' lang='grc' dir='ltr'>μὲν</span> <span class='ocrx_word' id='word_1_287' title='bbox 2459 1539 2551 1592; x_wconf 75' lang='grc' dir='ltr'>ἐπὶ</span> <span class='ocrx_word' id='word_1_288' title='bbox 2581 1537 2690 1593; x_wconf 85' lang='grc' dir='ltr'>τῶν</span> <span class='ocrx_word' id='word_1_289' title='bbox 2714 1538 2998 1610; x_wconf 75' lang='grc' dir='ltr'>προτέρων</span> <span class='ocrx_word' id='word_1_290' title='bbox 3027 1539 3260 1611; x_wconf 78' lang='grc' dir='ltr'>χρόνων.</span> <span class='ocrx_word' id='word_1_291' title='bbox 3280 1541 3487 1599; x_wconf 79' lang='lat' dir='ltr'><strong>Nicolai</strong></span> 
     </span>
    </p>
   </div>
   <div class='ocr_carea' id='block_1_43' title="bbox 1901 1629 3345 1707">
    <p class='ocr_par' dir='ltr' id='par_1_43' title="bbox 1901 1629 3345 1707">
     <span class='ocr_line' id='line_1_43' title="bbox 1901 1629 3345 1707; baseline 0.002 -19"><span class='ocrx_word' id='word_1_292' title='bbox 1901 1629 2185 1698; x_wconf 69' lang='lat' dir='ltr'><strong>Cabasilte,</strong></span> <span class='ocrx_word' id='word_1_293' title='bbox 2217 1632 2375 1701; x_wconf 82' lang='grc' dir='ltr'>λόγος</span> <span class='ocrx_word' id='word_1_294' title='bbox 2399 1633 2476 1696; x_wconf 87' lang='grc' dir='ltr'>είς</span> <span class='ocrx_word' id='word_1_295' title='bbox 2504 1632 2604 1704; x_wconf 82' lang='grc' dir='ltr'>τὴν</span> <span class='ocrx_word' id='word_1_296' title='bbox 2633 1631 2905 1704; x_wconf 78' lang='grc' dir='ltr'>ἀνάληψιν</span> <span class='ocrx_word' id='word_1_297' title='bbox 2935 1631 3030 1685; x_wconf 87' lang='grc' dir='ltr'>τοῦ</span> <span class='ocrx_word' id='word_1_298' title='bbox 3066 1635 3345 1707; x_wconf 79' lang='grc' dir='ltr'>Σωτῆρος.</span> 
     </span>
    </p>
   </div>
   <div class='ocr_carea' id='block_1_44' title="bbox 1979 1722 3487 1794">
    <p class='ocr_par' dir='ltr' id='par_1_44' title="bbox 1979 1722 3487 1794">
     <span class='ocr_line' id='line_1_44' title="bbox 1979 1722 3487 1794; baseline 0.005 -18"><span class='ocrx_word' id='word_1_299' title='bbox 1979 1724 2209 1788; x_wconf 69' lang='grc' dir='ltr'>Ἄκουε,</span> <span class='ocrx_word' id='word_1_300' title='bbox 2240 1723 2460 1794; x_wconf 79' lang='grc' dir='ltr'>ούρανὲ,</span> <span class='ocrx_word' id='word_1_301' title='bbox 2494 1724 2590 1777; x_wconf 71' lang='lat' dir='ltr'>nat</span> <span class='ocrx_word' id='word_1_302' title='bbox 2618 1723 2777 1777; x_wconf 82' lang='grc' dir='ltr'>ότῶν</span> <span class='ocrx_word' id='word_1_303' title='bbox 2808 1722 3057 1791; x_wconf 82' lang='grc' dir='ltr'>ἀγγέλων</span> <span class='ocrx_word' id='word_1_304' title='bbox 3089 1724 3236 1788; x_wconf 74' lang='grc' dir='ltr'>ἄπας</span> <span class='ocrx_word' id='word_1_305' title='bbox 3266 1726 3487 1792; x_wconf 80' lang='grc' dir='ltr'>κύκλος.</span> 
     </span>
    </p>
   </div>
   <div class='ocr_carea' id='block_1_45' title="bbox 1825 1809 3488 1891">
    <p class='ocr_par' dir='ltr' id='par_1_45' title="bbox 1825 1809 3488 1891">
     <span class='ocr_line' id='line_1_45' title="bbox 1825 1809 3488 1891; baseline 0.007 -25"><span class='ocrx_word' id='word_1_306' title='bbox 1825 1809 1868 1866; x_wconf 85' lang='grc' dir='ltr'><strong>Β</strong></span> <span class='ocrx_word' id='word_1_307' title='bbox 1896 1815 2107 1871; x_wconf 79' lang='lat' dir='ltr'><strong>Nicolai</strong></span> <span class='ocrx_word' id='word_1_308' title='bbox 2137 1816 2421 1882; x_wconf 66' lang='lat' dir='ltr'><strong>Cabasilaa,</strong></span> <span class='ocrx_word' id='word_1_309' title='bbox 2459 1817 2541 1881; x_wconf 83' lang='grc' dir='ltr'>είς</span> <span class='ocrx_word' id='word_1_310' title='bbox 2572 1815 2641 1870; x_wconf 82' lang='grc' dir='ltr'>τὰ</span> <span class='ocrx_word' id='word_1_311' title='bbox 2673 1816 2917 1888; x_wconf 84' lang='grc' dir='ltr'>σωτήρια</span> <span class='ocrx_word' id='word_1_312' title='bbox 2951 1815 3099 1889; x_wconf 85' lang='grc' dir='ltr'>πάθη</span> <span class='ocrx_word' id='word_1_313' title='bbox 3131 1818 3225 1872; x_wconf 85' lang='grc' dir='ltr'>τοῦ</span> <span class='ocrx_word' id='word_1_314' title='bbox 3278 1821 3488 1891; x_wconf 81' lang='grc' dir='ltr'>Κυρίου</span> 
     </span>
    </p>
   </div>
   <div class='ocr_carea' id='block_1_46' title="bbox 1896 1907 2561 1981">
    <p class='ocr_par' dir='ltr' id='par_1_46' title="bbox 1896 1907 2561 1981">
     <span class='ocr_line' id='line_1_46' title="bbox 1896 1907 2561 1981; baseline 0.002 -19"><span class='ocrx_word' id='word_1_315' title='bbox 1896 1910 1929 1981; x_wconf 76' lang='grc' dir='ltr'>ἡ</span> <span class='ocrx_word' id='word_1_316' title='bbox 1938 1908 2056 1980; x_wconf 84' lang='grc' dir='ltr'>μῶν</span> <span class='ocrx_word' id='word_1_317' title='bbox 2096 1909 2273 1981; x_wconf 81' lang='grc' dir='ltr'>Ἰησοῦ</span> <span class='ocrx_word' id='word_1_318' title='bbox 2296 1907 2561 1980; x_wconf 79' lang='grc' dir='ltr'>Χριστοῦ.</span> 
     </span>
    </p>
   </div>
   <div class='ocr_carea' id='block_1_47' title="bbox 1979 2021 3492 2097">
    <p class='ocr_par' dir='ltr' id='par_1_47' title="bbox 1979 2021 3492 2097">
     <span class='ocr_line' id='line_1_47' title="bbox 1979 2021 3492 2097; baseline 0.003 -20"><span class='ocrx_word' id='word_1_319' title='bbox 1979 2022 2188 2077; x_wconf 87' lang='grc' dir='ltr'>Ἀκούω</span> <span class='ocrx_word' id='word_1_320' title='bbox 2215 2021 2419 2078; x_wconf 83' lang='grc' dir='ltr'>Μωσέα</span> <span class='ocrx_word' id='word_1_321' title='bbox 2451 2021 2546 2077; x_wconf 81' lang='grc' dir='ltr'>τὸν</span> <span class='ocrx_word' id='word_1_322' title='bbox 2576 2023 2753 2093; x_wconf 80' lang='grc' dir='ltr'>μέγαν</span> <span class='ocrx_word' id='word_1_323' title='bbox 2783 2024 2846 2078; x_wconf 75' lang='grc' dir='ltr'>τὸ</span> <span class='ocrx_word' id='word_1_324' title='bbox 2892 2025 3043 2094; x_wconf 82' lang='grc' dir='ltr'>ξένον</span> <span class='ocrx_word' id='word_1_325' title='bbox 3079 2027 3256 2081; x_wconf 73' lang='grc' dir='ltr'>ἐκεῖνο</span> <span class='ocrx_word' id='word_1_326' title='bbox 3302 2024 3492 2097; x_wconf 90' lang='grc' dir='ltr'>θαῦμα</span> 
     </span>
    </p>
   </div>
   <div class='ocr_carea' id='block_1_48' title="bbox 1894 2112 3492 2188">
    <p class='ocr_par' dir='ltr' id='par_1_48' title="bbox 1894 2112 3492 2188">
     <span class='ocr_line' id='line_1_48' title="bbox 1894 2112 3492 2188; baseline 0.001 -18"><span class='ocrx_word' id='word_1_327' title='bbox 1894 2115 1996 2187; x_wconf 80' lang='grc' dir='ltr'>τῆς</span> <span class='ocrx_word' id='word_1_328' title='bbox 2021 2114 2208 2186; x_wconf 82' lang='grc' dir='ltr'>βάτου.</span> <span class='ocrx_word' id='word_1_329' title='bbox 2243 2112 2541 2184; x_wconf 86' lang='lat' dir='ltr'><strong>Nicephori</strong></span> <span class='ocrx_word' id='word_1_330' title='bbox 2566 2113 2844 2186; x_wconf 69' lang='lat' dir='ltr'><strong>Gregorm,</strong></span> <span class='ocrx_word' id='word_1_331' title='bbox 2870 2115 3031 2185; x_wconf 85' lang='grc' dir='ltr'>λόγος</span> <span class='ocrx_word' id='word_1_332' title='bbox 3061 2119 3143 2181; x_wconf 85' lang='grc' dir='ltr'>είς</span> <span class='ocrx_word' id='word_1_333' title='bbox 3184 2116 3286 2188; x_wconf 81' lang='grc' dir='ltr'>τὴν</span> <span class='ocrx_word' id='word_1_334' title='bbox 3319 2117 3492 2188; x_wconf 77' lang='grc' dir='ltr'>ὑπερ-</span> 
     </span>
    </p>
   </div>
   <div class='ocr_carea' id='block_1_49' title="bbox 1896 2204 3494 2282">
    <p class='ocr_par' dir='ltr' id='par_1_49' title="bbox 1896 2204 3494 2282">
     <span class='ocr_line' id='line_1_49' title="bbox 1896 2204 3494 2282; baseline 0.001 -19"><span class='ocrx_word' id='word_1_335' title='bbox 1896 2208 2060 2278; x_wconf 90' lang='grc' dir='ltr'>αγίαν</span> <span class='ocrx_word' id='word_1_336' title='bbox 2090 2206 2354 2261; x_wconf 80' lang='grc' dir='ltr'>Θεοτόκον</span> <span class='ocrx_word' id='word_1_337' title='bbox 2410 2204 2796 2278; x_wconf 77' lang='grc' dir='ltr'>διαλαμϐάνων</span> <span class='ocrx_word' id='word_1_338' title='bbox 2843 2210 2942 2281; x_wconf 86' lang='grc' dir='ltr'>τήν</span> <span class='ocrx_word' id='word_1_339' title='bbox 2969 2226 3031 2264; x_wconf 79' lang='grc' dir='ltr'>τε</span> <span class='ocrx_word' id='word_1_340' title='bbox 3079 2209 3357 2282; x_wconf 77' lang='grc' dir='ltr'>γέννησιν,</span> <span class='ocrx_word' id='word_1_341' title='bbox 3392 2210 3494 2265; x_wconf 73' lang='grc' dir='ltr'>καὶ</span> 
     </span>
    </p>
   </div>
   <div class='ocr_carea' id='block_1_50' title="bbox 1894 2298 3488 2377">
    <p class='ocr_par' dir='ltr' id='par_1_50' title="bbox 1894 2298 3488 2377">
     <span class='ocr_line' id='line_1_50' title="bbox 1894 2298 3488 2377; baseline 0.001 -20"><span class='ocrx_word' id='word_1_342' title='bbox 1894 2303 1995 2374; x_wconf 82' lang='grc' dir='ltr'>τὴν</span> <span class='ocrx_word' id='word_1_343' title='bbox 2025 2304 2105 2366; x_wconf 78' lang='grc' dir='ltr'>εἰς</span> <span class='ocrx_word' id='word_1_344' title='bbox 2137 2298 2206 2354; x_wconf 82' lang='grc' dir='ltr'>τὰ</span> <span class='ocrx_word' id='word_1_345' title='bbox 2230 2298 2364 2369; x_wconf 79' lang='grc' dir='ltr'>ἆγια</span> <span class='ocrx_word' id='word_1_346' title='bbox 2412 2300 2523 2355; x_wconf 82' lang='grc' dir='ltr'>τῶν</span> <span class='ocrx_word' id='word_1_347' title='bbox 2555 2300 2731 2370; x_wconf 83' lang='grc' dir='ltr'>ἁγίων</span> <span class='ocrx_word' id='word_1_348' title='bbox 2766 2301 2997 2373; x_wconf 70' lang='grc' dir='ltr'>εἴσοδον,</span> <span class='ocrx_word' id='word_1_349' title='bbox 3046 2305 3143 2358; x_wconf 74' lang='grc' dir='ltr'>καὶ</span> <span class='ocrx_word' id='word_1_350' title='bbox 3171 2305 3488 2377; x_wconf 79' lang='grc' dir='ltr'>ἀνατροφὴν</span> 
     </span>
    </p>
   </div>
   <div class='ocr_carea' id='block_1_51' title="bbox 1896 2397 2091 2467">
    <p class='ocr_par' dir='ltr' id='par_1_51' title="bbox 1896 2397 2091 2467">
     <span class='ocr_line' id='line_1_51' title="bbox 1896 2397 2091 2467; baseline 0.015 -18"><span class='ocrx_word' id='word_1_351' title='bbox 1896 2397 2091 2467; x_wconf 77' lang='grc' dir='ltr'>αὐτῆς.</span> 
     </span>
    </p>
   </div>
   <div class='ocr_carea' id='block_1_52' title="bbox 1979 2486 3492 2563">
    <p class='ocr_par' dir='ltr' id='par_1_52' title="bbox 1979 2486 3492 2563">
     <span class='ocr_line' id='line_1_52' title="bbox 1979 2486 3492 2563; baseline 0.003 -20"><span class='ocrx_word' id='word_1_352' title='bbox 1979 2489 2121 2543; x_wconf 81' lang='grc' dir='ltr'>Ἀλλ’</span> <span class='ocrx_word' id='word_1_353' title='bbox 2167 2490 2356 2563; x_wconf 83' lang='grc' dir='ltr'>ἔμοιγε</span> <span class='ocrx_word' id='word_1_354' title='bbox 2403 2492 2517 2555; x_wconf 75' lang='grc' dir='ltr'>τοῖς</span> <span class='ocrx_word' id='word_1_355' title='bbox 2576 2491 2688 2555; x_wconf 81' lang='grc' dir='ltr'>σοῖς</span> <span class='ocrx_word' id='word_1_356' title='bbox 2753 2489 3039 2545; x_wconf 75' lang='grc' dir='ltr'>ἐπιϐαλεῖν</span> <span class='ocrx_word' id='word_1_357' title='bbox 3095 2492 3416 2562; x_wconf 72' lang='grc' dir='ltr'>ἐγκωμίοις,</span> <span class='ocrx_word' id='word_1_358' title='bbox 3446 2486 3492 2547; x_wconf 79' lang='grc' dir='ltr'>ὦ</span> 
     </span>
    </p>
   </div>
   <div class='ocr_carea' id='block_1_53' title="bbox 1896 2572 3492 2655">
    <p class='ocr_par' dir='ltr' id='par_1_53' title="bbox 1896 2572 3492 2655">
     <span class='ocr_line' id='line_1_53' title="bbox 1896 2572 3492 2655; baseline 0.004 -21"><span class='ocrx_word' id='word_1_359' title='bbox 1896 2580 2135 2652; x_wconf 85' lang='grc' dir='ltr'>Χριστοῦ</span> <span class='ocrx_word' id='word_1_360' title='bbox 2170 2582 2466 2654; x_wconf 84' lang='grc' dir='ltr'>βαπτιστὰ,</span> <span class='ocrx_word' id='word_1_361' title='bbox 2503 2572 2796 2655; x_wconf 79' lang='grc' dir='ltr'>πόρρωθεν</span> <span class='ocrx_word' id='word_1_362' title='bbox 2830 2583 3187 2655; x_wconf 80' lang='grc' dir='ltr'>πειρωμένῳ.</span> <span class='ocrx_word' id='word_1_363' title='bbox 3222 2585 3492 2641; x_wconf 87' lang='lat' dir='ltr'><strong>Thcoduli</strong></span> 
     </span>
    </p>
   </div>
   <div class='ocr_carea' id='block_1_54' title="bbox 1895 2674 3494 2749">
    <p class='ocr_par' dir='ltr' id='par_1_54' title="bbox 1895 2674 3494 2749">
     <span class='ocr_line' id='line_1_54' title="bbox 1895 2674 3494 2749; baseline 0.001 -20"><span class='ocrx_word' id='word_1_364' title='bbox 1895 2674 2129 2741; x_wconf 81' lang='lat' dir='ltr'><strong>abbatis,</strong></span> <span class='ocrx_word' id='word_1_365' title='bbox 2155 2674 2437 2747; x_wconf 80' lang='grc' dir='ltr'>ἐγκώμιον</span> <span class='ocrx_word' id='word_1_366' title='bbox 2464 2679 2543 2741; x_wconf 73' lang='grc' dir='ltr'>τίς</span> <span class='ocrx_word' id='word_1_367' title='bbox 2583 2677 2677 2730; x_wconf 76' lang='grc' dir='ltr'>τὸν</span> <span class='ocrx_word' id='word_1_368' title='bbox 2701 2678 2878 2747; x_wconf 78' lang='grc' dir='ltr'>μέγαν</span> <span class='ocrx_word' id='word_1_369' title='bbox 2909 2677 3004 2730; x_wconf 86' lang='grc' dir='ltr'>τοῦ</span> <span class='ocrx_word' id='word_1_370' title='bbox 3028 2677 3269 2748; x_wconf 82' lang='grc' dir='ltr'>Χριστοῦ</span> <span class='ocrx_word' id='word_1_371' title='bbox 3296 2678 3494 2749; x_wconf 83' lang='grc' dir='ltr'>βαπτι-</span> 
     </span>
    </p>
   </div>
   <div class='ocr_carea' id='block_1_55' title="bbox 1897 2767 3012 2851">
    <p class='ocr_par' dir='ltr' id='par_1_55' title="bbox 1897 2767 3012 2851">
     <span class='ocr_line' id='line_1_55' title="bbox 1897 2767 3012 2851; baseline 0.004 -30"><span class='ocrx_word' id='word_1_372' title='bbox 1897 2767 2028 2840; x_wconf 78' lang='grc' dir='ltr'>στήν</span> <span class='ocrx_word' id='word_1_373' title='bbox 2056 2769 2152 2822; x_wconf 76' lang='grc' dir='ltr'>καὶ</span> <span class='ocrx_word' id='word_1_374' title='bbox 2182 2770 2490 2842; x_wconf 83' lang='grc' dir='ltr'>πρόδρομον</span> <span class='ocrx_word' id='word_1_375' title='bbox 2524 2770 2800 2840; x_wconf 82' lang='grc' dir='ltr'>Ἰωάννην.</span> <span class='ocrx_word' id='word_1_376' title='bbox 3000 2840 3012 2851; x_wconf 40' lang='grc'><em>,</em></span> 
     </span>
    </p>
   </div>
   <div class='ocr_carea' id='block_1_56' title="bbox 1968 2861 3490 2933">
    <p class='ocr_par' dir='ltr' id='par_1_56' title="bbox 1968 2861 3490 2933">
     <span class='ocr_line' id='line_1_56' title="bbox 1968 2861 3490 2933; baseline 0.002 -16"><span class='ocrx_word' id='word_1_377' title='bbox 1968 2861 2173 2917; x_wconf 80' lang='grc' dir='ltr'>Ἀλλοι”</span> <span class='ocrx_word' id='word_1_378' title='bbox 2208 2862 2308 2933; x_wconf 81' lang='grc' dir='ltr'>μὲν</span> <span class='ocrx_word' id='word_1_379' title='bbox 2363 2863 2539 2926; x_wconf 80' lang='grc' dir='ltr'>ἄλλως</span> <span class='ocrx_word' id='word_1_380' title='bbox 2590 2863 2718 2926; x_wconf 71' lang='grc' dir='ltr'>τοὺς</span> <span class='ocrx_word' id='word_1_381' title='bbox 2747 2862 2938 2932; x_wconf 90' lang='grc' dir='ltr'>ἁγίους</span> <span class='ocrx_word' id='word_1_382' title='bbox 2990 2864 3348 2932; x_wconf 84' lang='grc' dir='ltr'>τιμείτωσαν.</span> <span class='ocrx_word' id='word_1_383' title='bbox 3386 2862 3490 2920; x_wconf 85' lang='lat' dir='ltr'><strong>So-</strong></span> 
     </span>
    </p>
   </div>
   <div class='ocr_carea' id='block_1_57' title="bbox 1895 2953 3491 3027">
    <p class='ocr_par' dir='ltr' id='par_1_57' title="bbox 1895 2953 3491 3027">
     <span class='ocr_line' id='line_1_57' title="bbox 1895 2953 3491 3027; baseline 0.004 -19"><span class='ocrx_word' id='word_1_384' title='bbox 1895 2953 2116 3025; x_wconf 86' lang='lat' dir='ltr'><strong>phronii</strong></span> <span class='ocrx_word' id='word_1_385' title='bbox 2150 2956 2405 3013; x_wconf 81' lang='lat' dir='ltr'><strong>monachi</strong></span> <span class='ocrx_word' id='word_1_386' title='bbox 2433 2955 2707 3027; x_wconf 68' lang='lat' dir='ltr'><strong>Sophistze</strong></span> <span class='ocrx_word' id='word_1_387' title='bbox 2737 2957 3056 3013; x_wconf 84' lang='lat' dir='ltr'><strong>monasterii</strong></span> <span class='ocrx_word' id='word_1_388' title='bbox 3083 2958 3270 3014; x_wconf 86' lang='lat' dir='ltr'><strong>Sancti</strong></span> <span class='ocrx_word' id='word_1_389' title='bbox 3304 2957 3491 3015; x_wconf 90' lang='lat' dir='ltr'><strong>Theo-</strong></span> 
     </span>
    </p>
   </div>
   <div class='ocr_carea' id='block_1_58' title="bbox 1895 3048 3565 3122">
    <p class='ocr_par' dir='ltr' id='par_1_58' title="bbox 1895 3048 3565 3122">
     <span class='ocr_line' id='line_1_58' title="bbox 1895 3048 3565 3122; baseline 0.002 -19"><span class='ocrx_word' id='word_1_390' title='bbox 1895 3048 2057 3114; x_wconf 89' lang='lat' dir='ltr'><strong>dosii,</strong></span> <span class='ocrx_word' id='word_1_391' title='bbox 2091 3049 2235 3119; x_wconf 87' lang='lat' dir='ltr'><strong>quod</strong></span> <span class='ocrx_word' id='word_1_392' title='bbox 2267 3058 2353 3105; x_wconf 87' lang='lat' dir='ltr'>est</span> <span class='ocrx_word' id='word_1_393' title='bbox 2385 3049 2441 3105; x_wconf 91' lang='lat' dir='ltr'>in</span> <span class='ocrx_word' id='word_1_394' title='bbox 2472 3050 2669 3105; x_wconf 85' lang='lat' dir='ltr'><strong>Eremo</strong></span> <span class='ocrx_word' id='word_1_395' title='bbox 2696 3066 2867 3121; x_wconf 84' lang='lat' dir='ltr'><strong>prope</strong></span> <span class='ocrx_word' id='word_1_396' title='bbox 2899 3048 3157 3106; x_wconf 85' lang='lat' dir='ltr'><strong>Sanctam</strong></span> <span class='ocrx_word' id='word_1_397' title='bbox 3186 3051 3489 3116; x_wconf 78' lang='lat' dir='ltr'><strong>civitatem,</strong></span> <span class='ocrx_word' id='word_1_398' title='bbox 3556 3109 3565 3122; x_wconf 63' lang='grc'><strong><em>,</em></strong></span> 
     </span>
    </p>
   </div>
   <div class='ocr_carea' id='block_1_59' title="bbox 204 3142 1792 3241">
    <p class='ocr_par' dir='ltr' id='par_1_59' title="bbox 204 3142 1791 3241">
     <span class='ocr_line' id='line_1_59' title="bbox 204 3142 1791 3241; baseline 0.001 -22"><span class='ocrx_word' id='word_1_399' title='bbox 204 3164 532 3235; x_wconf 83' lang='lat' dir='ltr'><strong>superstites</strong></span> <span class='ocrx_word' id='word_1_400' title='bbox 569 3174 775 3220; x_wconf 85' lang='lat' dir='ltr'><strong>essent.</strong></span> <span class='ocrx_word' id='word_1_401' title='bbox 805 3165 938 3221; x_wconf 84' lang='lat' dir='ltr'><strong>Ibid.</strong></span> <span class='ocrx_word' id='word_1_402' title='bbox 971 3164 1158 3221; x_wconf 88' lang='grc' dir='ltr'>Ταῦτά</span> <span class='ocrx_word' id='word_1_403' title='bbox 1210 3184 1311 3239; x_wconf 89' lang='grc' dir='ltr'>μου</span> <span class='ocrx_word' id='word_1_404' title='bbox 1359 3167 1453 3221; x_wconf 80' lang='grc' dir='ltr'>τοῦ</span> <span class='ocrx_word' id='word_1_405' title='bbox 1507 3167 1791 3241; x_wconf 78' lang='grc' dir='ltr'>ἐλαχίστου</span> 
     </span>
    </p>
   </div>
   <div class='ocr_carea' id='block_1_60' title="bbox 1948 3142 3492 3241">
    <p class='ocr_par' dir='ltr' id='par_1_60' title="bbox 1948 3142 3492 3227">
     <span class='ocr_line' id='line_1_60' title="bbox 1948 3142 3492 3227; baseline 0.001 -32"><span class='ocrx_word' id='word_1_406' title='bbox 1948 3148 2084 3195; x_wconf 64' lang='grc' dir='ltr'>ιειοα</span> <span class='ocrx_word' id='word_1_407' title='bbox 2114 3142 2516 3214; x_wconf 81' lang='lat' dir='ltr'><strong>archiepiscopi</strong></span> <span class='ocrx_word' id='word_1_408' title='bbox 2543 3142 3046 3227; x_wconf 76' lang='lat' dir='ltr'><strong>llierosolymitani,</strong></span> <span class='ocrx_word' id='word_1_409' title='bbox 3100 3143 3379 3215; x_wconf 72' lang='grc' dir='ltr'>ἐγκώμιον</span> <span class='ocrx_word' id='word_1_410' title='bbox 3410 3144 3492 3208; x_wconf 80' lang='grc' dir='ltr'>εἰς</span> 
     </span>
    </p>
   </div>
   <div class='ocr_carea' id='block_1_61' title="bbox 204 3256 1790 3333">
    <p class='ocr_par' dir='ltr' id='par_1_61' title="bbox 204 3256 1790 3333">
     <span class='ocr_line' id='line_1_61' title="bbox 204 3256 1790 3333; baseline 0.003 -22"><span class='ocrx_word' id='word_1_411' title='bbox 204 3256 357 3312; x_wconf 86' lang='grc' dir='ltr'>τοῦδε</span> <span class='ocrx_word' id='word_1_412' title='bbox 394 3260 711 3331; x_wconf 82' lang='grc' dir='ltr'>πονήματος</span> <span class='ocrx_word' id='word_1_413' title='bbox 732 3259 802 3312; x_wconf 76' lang='grc' dir='ltr'>τὰ</span> <span class='ocrx_word' id='word_1_414' title='bbox 834 3259 1159 3331; x_wconf 83' lang='grc' dir='ltr'>ὲκλεχθέντα</span> <span class='ocrx_word' id='word_1_415' title='bbox 1184 3262 1335 3333; x_wconf 68' lang='grc' dir='ltr'>παρὰ</span> <span class='ocrx_word' id='word_1_416' title='bbox 1364 3260 1472 3313; x_wconf 86' lang='grc' dir='ltr'>τῶν</span> <span class='ocrx_word' id='word_1_417' title='bbox 1513 3260 1608 3315; x_wconf 89' lang='grc' dir='ltr'>τοῦ</span> <span class='ocrx_word' id='word_1_418' title='bbox 1643 3260 1790 3316; x_wconf 77' lang='grc' dir='ltr'>ὁσίου</span> 
     </span>
    </p>
   </div>
   <div class='ocr_carea' id='block_1_62' title="bbox 206 3351 1792 3426">
    <p class='ocr_par' dir='ltr' id='par_1_62' title="bbox 206 3351 1792 3426">
     <span class='ocr_line' id='line_1_62' title="bbox 206 3351 1792 3426; baseline 0.002 -22"><span class='ocrx_word' id='word_1_419' title='bbox 206 3351 536 3421; x_wconf 83' lang='grc' dir='ltr'>ἁγχιστέων,</span> <span class='ocrx_word' id='word_1_420' title='bbox 566 3351 880 3423; x_wconf 85' lang='grc' dir='ltr'>γνωρίμων,</span> <span class='ocrx_word' id='word_1_421' title='bbox 906 3353 1207 3424; x_wconf 80' lang='grc' dir='ltr'>συγγενῶν,</span> <span class='ocrx_word' id='word_1_422' title='bbox 1240 3353 1509 3407; x_wconf 84' lang='grc' dir='ltr'>συσσίτων</span> <span class='ocrx_word' id='word_1_423' title='bbox 1535 3396 1549 3421; x_wconf 90' lang='grc'>,</span> <span class='ocrx_word' id='word_1_424' title='bbox 1590 3355 1792 3426; x_wconf 88' lang='grc' dir='ltr'>ὁμορό-</span> 
     </span>
    </p>
   </div>
   <div class='ocr_carea' id='block_1_63' title="bbox 208 3442 1790 3515">
    <p class='ocr_par' dir='ltr' id='par_1_63' title="bbox 208 3442 1790 3515">
     <span class='ocr_line' id='line_1_63' title="bbox 208 3442 1790 3515; baseline 0.001 -21"><span class='ocrx_word' id='word_1_425' title='bbox 208 3459 321 3510; x_wconf 74' lang='grc' dir='ltr'>φων</span> <span class='ocrx_word' id='word_1_426' title='bbox 350 3443 445 3495; x_wconf 69' lang='grc' dir='ltr'>καὶ</span> <span class='ocrx_word' id='word_1_427' title='bbox 476 3442 752 3515; x_wconf 72' lang='grc' dir='ltr'>φοιτητῶν</span> <span class='ocrx_word' id='word_1_428' title='bbox 773 3459 787 3475; x_wconf 74' lang='grc'><strong><em>⁸</em></strong></span> <span class='ocrx_word' id='word_1_429' title='bbox 829 3443 889 3496; x_wconf 82' lang='grc' dir='ltr'>οὐ</span> <span class='ocrx_word' id='word_1_430' title='bbox 919 3443 1024 3515; x_wconf 80' lang='grc' dir='ltr'>μὴν</span> <span class='ocrx_word' id='word_1_431' title='bbox 1058 3442 1195 3497; x_wconf 83' lang='grc' dir='ltr'>ἀλλὰ</span> <span class='ocrx_word' id='word_1_432' title='bbox 1233 3443 1329 3497; x_wconf 75' lang='grc' dir='ltr'>καὶ</span> <span class='ocrx_word' id='word_1_433' title='bbox 1379 3442 1535 3513; x_wconf 84' lang='grc' dir='ltr'>παρὰ</span> <span class='ocrx_word' id='word_1_434' title='bbox 1558 3442 1668 3495; x_wconf 83' lang='grc' dir='ltr'>τῶν</span> <span class='ocrx_word' id='word_1_435' title='bbox 1694 3462 1790 3496; x_wconf 92' lang='grc' dir='ltr'>τυ-</span> 
     </span>
    </p>
   </div>
   <div class='ocr_carea' id='block_1_64' title="bbox 209 3534 1792 3609">
    <p class='ocr_par' dir='ltr' id='par_1_64' title="bbox 209 3534 1792 3609">
     <span class='ocr_line' id='line_1_64' title="bbox 209 3534 1792 3609; baseline -0.001 -19"><span class='ocrx_word' id='word_1_436' title='bbox 209 3535 402 3608; x_wconf 79' lang='grc' dir='ltr'>ράννου</span> <span class='ocrx_word' id='word_1_437' title='bbox 440 3535 779 3607; x_wconf 88' lang='grc' dir='ltr'>συμμυστῶν</span> <span class='ocrx_word' id='word_1_438' title='bbox 811 3536 919 3590; x_wconf 85' lang='grc' dir='ltr'>τῶν</span> <span class='ocrx_word' id='word_1_439' title='bbox 950 3536 1137 3608; x_wconf 80' lang='grc' dir='ltr'>ἀκμὴν</span> <span class='ocrx_word' id='word_1_440' title='bbox 1182 3536 1319 3608; x_wconf 79' lang='grc' dir='ltr'>τῷδε</span> <span class='ocrx_word' id='word_1_441' title='bbox 1350 3535 1428 3609; x_wconf 79' lang='grc' dir='ltr'>τῷ</span> <span class='ocrx_word' id='word_1_442' title='bbox 1463 3535 1560 3607; x_wconf 78' lang='grc' dir='ltr'>βίῳ</span> <span class='ocrx_word' id='word_1_443' title='bbox 1587 3534 1792 3600; x_wconf 75' lang='grc' dir='ltr'>συζών-</span> 
     </span>
    </p>
   </div>
   <div class='ocr_carea' id='block_1_65' title="bbox 206 3626 1791 3699">
    <p class='ocr_par' dir='ltr' id='par_1_65' title="bbox 206 3626 1791 3699">
     <span class='ocr_line' id='line_1_65' title="bbox 206 3626 1791 3699; baseline -0.001 -19"><span class='ocrx_word' id='word_1_444' title='bbox 206 3644 309 3681; x_wconf 90' lang='grc' dir='ltr'>των</span> <span class='ocrx_word' id='word_1_445' title='bbox 328 3627 565 3698; x_wconf 81' lang='grc' dir='ltr'>ἀληθινὰ</span> <span class='ocrx_word' id='word_1_446' title='bbox 588 3627 925 3699; x_wconf 83' lang='grc' dir='ltr'>διηγήματα.</span> <span class='ocrx_word' id='word_1_447' title='bbox 960 3629 1028 3682; x_wconf 86' lang='lat' dir='ltr'><strong>Et</strong></span> <span class='ocrx_word' id='word_1_448' title='bbox 1063 3627 1173 3682; x_wconf 66' lang='lat' dir='ltr'><strong>lucc</strong></span> <span class='ocrx_word' id='word_1_449' title='bbox 1205 3628 1414 3699; x_wconf 81' lang='lat' dir='ltr'><strong>quidem</strong></span> <span class='ocrx_word' id='word_1_450' title='bbox 1451 3626 1656 3680; x_wconf 86' lang='lat' dir='ltr'><strong>minimi</strong></span> <span class='ocrx_word' id='word_1_451' title='bbox 1693 3627 1791 3679; x_wconf 84' lang='lat' dir='ltr'><strong>lm-</strong></span> 
     </span>
    </p>
   </div>
   <div class='ocr_carea' id='block_1_66' title="bbox 202 3719 1791 3792">
    <p class='ocr_par' dir='ltr' id='par_1_66' title="bbox 202 3719 1791 3792">
     <span class='ocr_line' id='line_1_66' title="bbox 202 3719 1791 3792; baseline -0.001 -19"><span class='ocrx_word' id='word_1_452' title='bbox 202 3721 350 3790; x_wconf 77' lang='lat' dir='ltr'><strong>jusce</strong></span> <span class='ocrx_word' id='word_1_453' title='bbox 381 3719 580 3775; x_wconf 87' lang='lat' dir='ltr'><strong>laboris</strong></span> <span class='ocrx_word' id='word_1_454' title='bbox 629 3739 662 3774; x_wconf 88' lang='lat' dir='ltr'>a</span> <span class='ocrx_word' id='word_1_455' title='bbox 723 3722 897 3777; x_wconf 83' lang='lat' dir='ltr'><strong>sancti</strong></span> <span class='ocrx_word' id='word_1_456' title='bbox 922 3721 1247 3792; x_wconf 83' lang='lat' dir='ltr'><strong>parentibus,</strong></span> <span class='ocrx_word' id='word_1_457' title='bbox 1299 3720 1509 3783; x_wconf 86' lang='lat' dir='ltr'><strong>amicis,</strong></span> <span class='ocrx_word' id='word_1_458' title='bbox 1563 3736 1791 3773; x_wconf 84' lang='lat' dir='ltr'><strong>consan-</strong></span> 
     </span>
    </p>
   </div>
   <div class='ocr_carea' id='block_1_67' title="bbox 208 3804 1792 3885">
    <p class='ocr_par' dir='ltr' id='par_1_67' title="bbox 208 3804 1792 3885">
     <span class='ocr_line' id='line_1_67' title="bbox 208 3804 1792 3885; baseline -0.001 -17"><span class='ocrx_word' id='word_1_459' title='bbox 208 3814 434 3885; x_wconf 83' lang='lat' dir='ltr'><strong>guineis,</strong></span> <span class='ocrx_word' id='word_1_460' title='bbox 489 3816 740 3879; x_wconf 70' lang='lat' dir='ltr'><strong>convivis,</strong></span> <span class='ocrx_word' id='word_1_461' title='bbox 774 3814 1233 3869; x_wconf 85' lang='lat' dir='ltr'><strong>contubernalibus</strong></span> <span class='ocrx_word' id='word_1_462' title='bbox 1276 3822 1325 3869; x_wconf 91' lang='lat' dir='ltr'>et</span> <span class='ocrx_word' id='word_1_463' title='bbox 1359 3804 1654 3884; x_wconf 80' lang='lat' dir='ltr'><strong>discipulis,</strong></span> <span class='ocrx_word' id='word_1_464' title='bbox 1687 3812 1792 3867; x_wconf 83' lang='lat' dir='ltr'><strong>into</strong></span> 
     </span>
    </p>
   </div>
   <div class='ocr_carea' id='block_1_68' title="bbox 207 3908 1791 3978">
    <p class='ocr_par' dir='ltr' id='par_1_68' title="bbox 207 3908 1791 3978">
     <span class='ocr_line' id='line_1_68' title="bbox 207 3908 1791 3978; baseline -0.003 -16"><span class='ocrx_word' id='word_1_465' title='bbox 207 3917 256 3962; x_wconf 85' lang='lat' dir='ltr'>ct</span> <span class='ocrx_word' id='word_1_466' title='bbox 285 3924 318 3961; x_wconf 84' lang='grc' dir='ltr'>α</span> <span class='ocrx_word' id='word_1_467' title='bbox 371 3909 590 3977; x_wconf 82' lang='lat' dir='ltr'><strong>tyranni</strong></span> <span class='ocrx_word' id='word_1_468' title='bbox 620 3908 675 3961; x_wconf 87' lang='lat' dir='ltr'>in</span> <span class='ocrx_word' id='word_1_469' title='bbox 709 3909 944 3978; x_wconf 77' lang='lat' dir='ltr'><strong>facinore</strong></span> <span class='ocrx_word' id='word_1_470' title='bbox 973 3908 1317 3972; x_wconf 85' lang='lat' dir='ltr'><strong>consortibus,</strong></span> <span class='ocrx_word' id='word_1_471' title='bbox 1358 3908 1447 3978; x_wconf 87' lang='lat' dir='ltr'>qui</span> <span class='ocrx_word' id='word_1_472' title='bbox 1478 3923 1637 3975; x_wconf 82' lang='lat' dir='ltr'><strong>usque</strong></span> <span class='ocrx_word' id='word_1_473' title='bbox 1666 3908 1791 3959; x_wconf 90' lang='lat' dir='ltr'>dum</span> 
     </span>
    </p>
   </div>
   <div class='ocr_carea' id='block_1_69' title="bbox 207 3996 1791 4069">
    <p class='ocr_par' dir='ltr' id='par_1_69' title="bbox 207 3996 1791 4069">
     <span class='ocr_line' id='line_1_69' title="bbox 207 3996 1791 4069; baseline -0.001 -17"><span class='ocrx_word' id='word_1_474' title='bbox 207 3997 261 4052; x_wconf 84' lang='lat' dir='ltr'>in</span> <span class='ocrx_word' id='word_1_475' title='bbox 284 4000 393 4053; x_wconf 79' lang='lat' dir='ltr'><strong>vita</strong></span> <span class='ocrx_word' id='word_1_476' title='bbox 427 4008 708 4069; x_wconf 83' lang='lat' dir='ltr'><strong>supersunt</strong></span> <span class='ocrx_word' id='word_1_477' title='bbox 739 4016 874 4053; x_wconf 73' lang='lat' dir='ltr'><strong>verto</strong></span> <span class='ocrx_word' id='word_1_478' title='bbox 904 4000 1236 4053; x_wconf 86' lang='lat' dir='ltr'><strong>narrationes</strong></span> <span class='ocrx_word' id='word_1_479' title='bbox 1267 4007 1409 4052; x_wconf 90' lang='lat' dir='ltr'><strong>sunt.</strong></span> <span class='ocrx_word' id='word_1_480' title='bbox 1438 3996 1573 4052; x_wconf 77' lang='lat' dir='ltr'><strong>Vide</strong></span> <span class='ocrx_word' id='word_1_481' title='bbox 1598 3998 1665 4052; x_wconf 87' lang='lat' dir='ltr'>de</span> <span class='ocrx_word' id='word_1_482' title='bbox 1688 3996 1791 4053; x_wconf 78' lang='lat' dir='ltr'>hcc</span> 
     </span>
    </p>
   </div>
   <div class='ocr_carea' id='block_1_70' title="bbox 206 4089 1788 4162">
    <p class='ocr_par' dir='ltr' id='par_1_70' title="bbox 206 4089 1788 4162">
     <span class='ocr_line' id='line_1_70' title="bbox 206 4089 1788 4162; baseline 0.001 -20"><span class='ocrx_word' id='word_1_483' title='bbox 206 4100 433 4146; x_wconf 85' lang='lat' dir='ltr'><strong>auctore</strong></span> <span class='ocrx_word' id='word_1_484' title='bbox 496 4092 651 4162; x_wconf 88' lang='lat' dir='ltr'><strong>plura</strong></span> <span class='ocrx_word' id='word_1_485' title='bbox 710 4090 765 4145; x_wconf 91' lang='lat' dir='ltr'>in</span> <span class='ocrx_word' id='word_1_486' title='bbox 816 4091 993 4162; x_wconf 82' lang='lat' dir='ltr'><strong>capite</strong></span> <span class='ocrx_word' id='word_1_487' title='bbox 1051 4091 1119 4145; x_wconf 86' lang='lat' dir='ltr'>de</span> <span class='ocrx_word' id='word_1_488' title='bbox 1158 4089 1372 4146; x_wconf 83' lang='lat' dir='ltr'><strong>Joanne</strong></span> <span class='ocrx_word' id='word_1_489' title='bbox 1429 4090 1788 4155; x_wconf 82' lang='lat' dir='ltr'><strong>Damasceno,</strong></span> 
     </span>
    </p>
   </div>
   <div class='ocr_carea' id='block_1_71' title="bbox 208 4182 1302 4255">
    <p class='ocr_par' dir='ltr' id='par_1_71' title="bbox 208 4182 1302 4255">
     <span class='ocr_line' id='line_1_71' title="bbox 208 4182 1302 4255; baseline -0.003 -17"><span class='ocrx_word' id='word_1_490' title='bbox 208 4182 349 4253; x_wconf 86' lang='lat' dir='ltr'><strong>quod</strong></span> <span class='ocrx_word' id='word_1_491' title='bbox 382 4191 505 4253; x_wconf 87' lang='lat' dir='ltr'><strong>post</strong></span> <span class='ocrx_word' id='word_1_492' title='bbox 523 4183 622 4239; x_wconf 88' lang='lat' dir='ltr'>has</span> <span class='ocrx_word' id='word_1_493' title='bbox 653 4182 922 4238; x_wconf 86' lang='lat' dir='ltr'><strong>Diatribas</strong></span> <span class='ocrx_word' id='word_1_494' title='bbox 943 4183 1302 4255; x_wconf 85' lang='lat' dir='ltr'><strong>publicamus.</strong></span> 
     </span>
    </p>
   </div>
   <div class='ocr_carea' id='block_1_72' title="bbox 286 4293 1786 4369">
    <p class='ocr_par' dir='ltr' id='par_1_72' title="bbox 286 4293 1786 4369">
     <span class='ocr_line' id='line_1_72' title="bbox 286 4293 1786 4369; baseline -0.001 -19"><span class='ocrx_word' id='word_1_495' title='bbox 286 4295 613 4367; x_wconf 66' lang='grc' dir='ltr'>Ἀγαπητοί.</span> <span class='ocrx_word' id='word_1_496' title='bbox 689 4296 953 4369; x_wconf 68' lang='grc' dir='ltr'>Ἀψευδὴς</span> <span class='ocrx_word' id='word_1_497' title='bbox 992 4299 1018 4349; x_wconf 81' lang='grc' dir='ltr'>ό</span> <span class='ocrx_word' id='word_1_498' title='bbox 1048 4295 1181 4360; x_wconf 79' lang='grc' dir='ltr'>Θεὸς</span> <span class='ocrx_word' id='word_1_499' title='bbox 1220 4294 1310 4348; x_wconf 77' lang='grc' dir='ltr'>διὰ</span> <span class='ocrx_word' id='word_1_500' title='bbox 1357 4293 1453 4348; x_wconf 90' lang='grc' dir='ltr'>τοῦ</span> <span class='ocrx_word' id='word_1_501' title='bbox 1503 4295 1786 4366; x_wconf 70' lang='grc' dir='ltr'>προφήτου</span> 
     </span>
    </p>
   </div>
   <div class='ocr_carea' id='block_1_73' title="bbox 208 4385 1815 4459">
    <p class='ocr_par' dir='ltr' id='par_1_73' title="bbox 208 4385 1815 4459">
     <span class='ocr_line' id='line_1_73' title="bbox 208 4385 1815 4459; baseline -0.001 -19"><span class='ocrx_word' id='word_1_502' title='bbox 208 4386 702 4459; x_wconf 74' lang='grc' dir='ltr'>ἐπαγγειλάμενος.</span> <span class='ocrx_word' id='word_1_503' title='bbox 760 4388 1032 4444; x_wconf 79' lang='lat' dir='ltr'><strong>Theodori</strong></span> <span class='ocrx_word' id='word_1_504' title='bbox 1085 4386 1324 4458; x_wconf 85' lang='lat' dir='ltr'><strong>episcopi</strong></span> <span class='ocrx_word' id='word_1_505' title='bbox 1380 4385 1815 4450; x_wconf 83' lang='lat' dir='ltr'><strong>Trimitbuntis,.</strong></span> 
     </span>
    </p>
   </div>
   <div class='ocr_carea' id='block_1_74' title="bbox 208 4477 1788 4552">
    <p class='ocr_par' dir='ltr' id='par_1_74' title="bbox 208 4477 1788 4552">
     <span class='ocr_line' id='line_1_74' title="bbox 208 4477 1788 4552; baseline 0 -20"><span class='ocrx_word' id='word_1_506' title='bbox 208 4478 335 4551; x_wconf 76' lang='grc' dir='ltr'>περὶ</span> <span class='ocrx_word' id='word_1_507' title='bbox 370 4477 471 4533; x_wconf 92' lang='grc' dir='ltr'>τοῦ</span> <span class='ocrx_word' id='word_1_508' title='bbox 501 4479 643 4551; x_wconf 81' lang='grc' dir='ltr'>βίου,</span> <span class='ocrx_word' id='word_1_509' title='bbox 676 4480 768 4534; x_wconf 72' lang='grc' dir='ltr'>καὶ</span> <span class='ocrx_word' id='word_1_510' title='bbox 786 4481 886 4552; x_wconf 73' lang='grc' dir='ltr'>τῆς</span> <span class='ocrx_word' id='word_1_511' title='bbox 949 4479 1187 4551; x_wconf 76' lang='grc' dir='ltr'>ὲξορίας,</span> <span class='ocrx_word' id='word_1_512' title='bbox 1245 4479 1337 4533; x_wconf 75' lang='grc' dir='ltr'>καὶ</span> <span class='ocrx_word' id='word_1_513' title='bbox 1390 4479 1499 4532; x_wconf 81' lang='grc' dir='ltr'>τῶν</span> <span class='ocrx_word' id='word_1_514' title='bbox 1554 4478 1788 4550; x_wconf 68' lang='grc' dir='ltr'>θλίψεων</span> 
     </span>
    </p>
   </div>
   <div class='ocr_carea' id='block_1_75' title="bbox 220 4572 1043 4645">
    <p class='ocr_par' dir='ltr' id='par_1_75' title="bbox 220 4572 1043 4645">
     <span class='ocr_line' id='line_1_75' title="bbox 220 4572 1043 4645; baseline 0.002 -18"><span class='ocrx_word' id='word_1_515' title='bbox 220 4572 469 4627; x_wconf 74' lang='grc' dir='ltr'>Ἰωάννου</span> <span class='ocrx_word' id='word_1_516' title='bbox 506 4574 601 4627; x_wconf 86' lang='grc' dir='ltr'>τοῦ</span> <span class='ocrx_word' id='word_1_517' title='bbox 628 4574 1043 4645; x_wconf 85' lang='grc' dir='ltr'>Χρυσοστόμου.</span> 
     </span>
    </p>
   </div>
   <div class='ocr_carea' id='block_1_76' title="bbox 285 4661 1791 4737">
    <p class='ocr_par' dir='ltr' id='par_1_76' title="bbox 285 4661 1791 4737">
     <span class='ocr_line' id='line_1_76' title="bbox 285 4661 1791 4737; baseline 0 -18"><span class='ocrx_word' id='word_1_518' title='bbox 285 4665 615 4737; x_wconf 70' lang='grc' dir='ltr'>Ἀγαπητοί.</span> <span class='ocrx_word' id='word_1_519' title='bbox 639 4666 753 4721; x_wconf 83' lang='grc' dir='ltr'>Οὐκ</span> <span class='ocrx_word' id='word_1_520' title='bbox 781 4661 849 4737; x_wconf 75' lang='grc' dir='ltr'>ἦν</span> <span class='ocrx_word' id='word_1_521' title='bbox 872 4665 1100 4730; x_wconf 80' lang='grc' dir='ltr'>ἀπεικὸς</span> <span class='ocrx_word' id='word_1_522' title='bbox 1139 4666 1512 4736; x_wconf 76' lang='grc' dir='ltr'>εὐγνώμονας.</span> <span class='ocrx_word' id='word_1_523' title='bbox 1560 4665 1791 4736; x_wconf 83' lang='lat' dir='ltr'><strong>Amphi-</strong></span> 
     </span>
    </p>
   </div>
   <div class='ocr_carea' id='block_1_77' title="bbox 206 4744 1793 4829">
    <p class='ocr_par' dir='ltr' id='par_1_77' title="bbox 206 4744 1793 4829">
     <span class='ocr_line' id='line_1_77' title="bbox 206 4744 1793 4829; baseline -0.001 -17"><span class='ocrx_word' id='word_1_524' title='bbox 206 4756 369 4812; x_wconf 77' lang='lat' dir='ltr'><strong>lochii</strong></span> <span class='ocrx_word' id='word_1_525' title='bbox 396 4757 720 4824; x_wconf 84' lang='lat' dir='ltr'><strong>lconiensis,</strong></span> <span class='ocrx_word' id='word_1_526' title='bbox 750 4761 832 4823; x_wconf 83' lang='grc' dir='ltr'>είς</span> <span class='ocrx_word' id='word_1_527' title='bbox 863 4758 955 4812; x_wconf 84' lang='grc' dir='ltr'>τὸν</span> <span class='ocrx_word' id='word_1_528' title='bbox 990 4758 1106 4829; x_wconf 83' lang='grc' dir='ltr'>βίον</span> <span class='ocrx_word' id='word_1_529' title='bbox 1164 4758 1258 4813; x_wconf 76' lang='grc' dir='ltr'>καὶ</span> <span class='ocrx_word' id='word_1_530' title='bbox 1304 4760 1373 4812; x_wconf 73' lang='grc' dir='ltr'>τὰ</span> <span class='ocrx_word' id='word_1_531' title='bbox 1417 4744 1672 4829; x_wconf 79' lang='grc' dir='ltr'>θαύματα</span> <span class='ocrx_word' id='word_1_532' title='bbox 1697 4757 1793 4811; x_wconf 90' lang='grc' dir='ltr'>τοῦ</span> 
     </span>
    </p>
   </div>
   <div class='ocr_carea' id='block_1_78' title="bbox 208 4850 1789 4923">
    <p class='ocr_par' dir='ltr' id='par_1_78' title="bbox 208 4850 1789 4923">
     <span class='ocr_line' id='line_1_78' title="bbox 208 4850 1789 4923; baseline 0.001 -21"><span class='ocrx_word' id='word_1_533' title='bbox 208 4850 353 4905; x_wconf 78' lang='grc' dir='ltr'>ὁσίου</span> <span class='ocrx_word' id='word_1_534' title='bbox 405 4851 620 4923; x_wconf 65' lang='grc' dir='ltr'>[ἰατρὸς</span> <span class='ocrx_word' id='word_1_535' title='bbox 668 4850 828 4922; x_wconf 78' lang='grc' dir='ltr'>ήμῶν</span> <span class='ocrx_word' id='word_1_536' title='bbox 885 4851 1168 4906; x_wconf 83' lang='grc' dir='ltr'>Βασιλείου</span> <span class='ocrx_word' id='word_1_537' title='bbox 1231 4850 1534 4905; x_wconf 76' lang='grc' dir='ltr'>ἐπισκόπου</span> <span class='ocrx_word' id='word_1_538' title='bbox 1579 4851 1789 4904; x_wconf 87' lang='grc' dir='ltr'>Καισα-</span> 
     </span>
    </p>
   </div>
   <div class='ocr_carea' id='block_1_79' title="bbox 211 4944 385 5015">
    <p class='ocr_par' dir='ltr' id='par_1_79' title="bbox 211 4944 385 5015">
     <span class='ocr_line' id='line_1_79' title="bbox 211 4944 385 5015; baseline -0.006 -15"><span class='ocrx_word' id='word_1_539' title='bbox 211 4944 385 5015; x_wconf 83' lang='grc' dir='ltr'>ρείας.</span> 
     </span>
    </p>
   </div>
   <div class='ocr_carea' id='block_1_80' title="bbox 288 5016 1791 5108">
    <p class='ocr_par' dir='ltr' id='par_1_80' title="bbox 288 5016 1791 5108">
     <span class='ocr_line' id='line_1_80' title="bbox 288 5016 1791 5108; baseline -0.001 -18"><span class='ocrx_word' id='word_1_540' title='bbox 288 5016 698 5105; x_wconf 76' lang='grc' dir='ltr'>’Δγαλλιάσεως</span> <span class='ocrx_word' id='word_1_541' title='bbox 745 5036 844 5091; x_wconf 77' lang='grc' dir='ltr'>καὶ</span> <span class='ocrx_word' id='word_1_542' title='bbox 870 5036 1212 5107; x_wconf 78' lang='grc' dir='ltr'>εὐφροσύνης</span> <span class='ocrx_word' id='word_1_543' title='bbox 1253 5034 1459 5108; x_wconf 75' lang='grc' dir='ltr'>ἡμέρα.</span> <span class='ocrx_word' id='word_1_544' title='bbox 1517 5034 1791 5090; x_wconf 75' lang='lat' dir='ltr'><strong>Theodori</strong></span> 
     </span>
    </p>
   </div>
   <div class='ocr_carea' id='block_1_81' title="bbox 211 5127 1793 5203">
    <p class='ocr_par' dir='ltr' id='par_1_81' title="bbox 211 5127 1793 5203">
     <span class='ocr_line' id='line_1_81' title="bbox 211 5127 1793 5203; baseline -0.003 -19"><span class='ocrx_word' id='word_1_545' title='bbox 211 5127 440 5186; x_wconf 68' lang='lat' dir='ltr'><strong>Stutlila:</strong></span> <span class='ocrx_word' id='word_1_546' title='bbox 486 5128 646 5199; x_wconf 85' lang='grc' dir='ltr'>λόγος</span> <span class='ocrx_word' id='word_1_547' title='bbox 673 5131 753 5194; x_wconf 85' lang='grc' dir='ltr'>είς</span> <span class='ocrx_word' id='word_1_548' title='bbox 778 5130 877 5201; x_wconf 83' lang='grc' dir='ltr'>τὴν</span> <span class='ocrx_word' id='word_1_549' title='bbox 910 5129 1283 5203; x_wconf 76' lang='grc' dir='ltr'>προσκύνησιν</span> <span class='ocrx_word' id='word_1_550' title='bbox 1328 5128 1423 5182; x_wconf 89' lang='grc' dir='ltr'>τοῦ</span> <span class='ocrx_word' id='word_1_551' title='bbox 1476 5127 1657 5200; x_wconf 84' lang='grc' dir='ltr'>τιμίου</span> <span class='ocrx_word' id='word_1_552' title='bbox 1698 5128 1793 5183; x_wconf 77' lang='grc' dir='ltr'>καὶ</span> 
     </span>
    </p>
   </div>
   <div class='ocr_carea' id='block_1_82' title="bbox 210 5220 1306 5295">
    <p class='ocr_par' dir='ltr' id='par_1_82' title="bbox 210 5220 1306 5295">
     <span class='ocr_line' id='line_1_82' title="bbox 210 5220 1306 5295; baseline 0 -19"><span class='ocrx_word' id='word_1_553' title='bbox 210 5220 477 5287; x_wconf 79' lang='grc' dir='ltr'>ζωοποιοῦ</span> <span class='ocrx_word' id='word_1_554' title='bbox 503 5221 771 5293; x_wconf 87' lang='grc' dir='ltr'>Σταυροῦ,</span> <span class='ocrx_word' id='word_1_555' title='bbox 802 5224 858 5276; x_wconf 76' lang='grc' dir='ltr'>ὲν</span> <span class='ocrx_word' id='word_1_556' title='bbox 882 5222 1306 5295; x_wconf 81' lang='grc' dir='ltr'>Μεσονηστίμῳ.</span> 
     </span>
    </p>
   </div>
   <div class='ocr_carea' id='block_1_83' title="bbox 291 5335 1794 5410">
    <p class='ocr_par' dir='ltr' id='par_1_83' title="bbox 291 5335 1794 5410">
     <span class='ocr_line' id='line_1_83' title="bbox 291 5335 1794 5410; baseline -0.001 -19"><span class='ocrx_word' id='word_1_557' title='bbox 291 5335 625 5408; x_wconf 72' lang='grc' dir='ltr'>’Δγγελικῆς</span> <span class='ocrx_word' id='word_1_558' title='bbox 656 5339 1022 5410; x_wconf 83' lang='grc' dir='ltr'>πανηγύρεως</span> <span class='ocrx_word' id='word_1_559' title='bbox 1053 5338 1089 5408; x_wconf 87' lang='grc' dir='ltr'>ή</span> <span class='ocrx_word' id='word_1_560' title='bbox 1126 5336 1579 5409; x_wconf 78' lang='grc' dir='ltr'>προαφορισμένη</span> <span class='ocrx_word' id='word_1_561' title='bbox 1629 5335 1794 5406; x_wconf 88' lang='grc' dir='ltr'>κυρία</span> 
     </span>
    </p>
   </div>
   <div class='ocr_carea' id='block_1_84' title="bbox 208 5414 1794 5503">
    <p class='ocr_par' dir='ltr' id='par_1_84' title="bbox 208 5414 1794 5503">
     <span class='ocr_line' id='line_1_84' title="bbox 208 5414 1794 5503; baseline -0.002 -19"><span class='ocrx_word' id='word_1_562' title='bbox 208 5428 464 5503; x_wconf 65' lang='grc' dir='ltr'>παροῦσα</span> <span class='ocrx_word' id='word_1_563' title='bbox 483 5428 847 5501; x_wconf 77' lang='grc' dir='ltr'>συναθροίζει.</span> <span class='ocrx_word' id='word_1_564' title='bbox 881 5429 1131 5501; x_wconf 83' lang='lat' dir='ltr'><strong>ProcOpii</strong></span> <span class='ocrx_word' id='word_1_565' title='bbox 1153 5428 1366 5485; x_wconf 87' lang='lat' dir='ltr'><strong>diaconi</strong></span> <span class='ocrx_word' id='word_1_566' title='bbox 1388 5438 1444 5483; x_wconf 90' lang='lat' dir='ltr'>et</span> <span class='ocrx_word' id='word_1_567' title='bbox 1467 5414 1794 5497; x_wconf 77' lang='lat' dir='ltr'><strong>chartophy-</strong></span> 
     </span>
    </p>
   </div>
   <div class='ocr_carea' id='block_1_85' title="bbox 208 5520 1793 5594">
    <p class='ocr_par' dir='ltr' id='par_1_85' title="bbox 208 5520 1793 5594">
     <span class='ocr_line' id='line_1_85' title="bbox 208 5520 1793 5594; baseline -0.005 -16"><span class='ocrx_word' id='word_1_568' title='bbox 208 5520 362 5590; x_wconf 81' lang='lat' dir='ltr'><strong>lacis,</strong></span> <span class='ocrx_word' id='word_1_569' title='bbox 396 5523 677 5594; x_wconf 68' lang='grc' dir='ltr'>ἐγκώμιον</span> <span class='ocrx_word' id='word_1_570' title='bbox 707 5522 816 5577; x_wconf 85' lang='grc' dir='ltr'>τῶν</span> <span class='ocrx_word' id='word_1_571' title='bbox 845 5522 1006 5576; x_wconf 86' lang='grc' dir='ltr'>θείων</span> <span class='ocrx_word' id='word_1_572' title='bbox 1054 5522 1148 5575; x_wconf 81' lang='grc' dir='ltr'>καὶ</span> <span class='ocrx_word' id='word_1_573' title='bbox 1179 5520 1433 5593; x_wconf 78' lang='grc' dir='ltr'>μεγάλων</span> <span class='ocrx_word' id='word_1_574' title='bbox 1462 5520 1793 5590; x_wconf 85' lang='grc' dir='ltr'>ἀρχιστρατ-</span> 
     </span>
    </p>
   </div>
   <div class='ocr_carea' id='block_1_86' title="bbox 208 5615 1043 5689">
    <p class='ocr_par' dir='ltr' id='par_1_86' title="bbox 208 5615 1043 5689">
     <span class='ocr_line' id='line_1_86' title="bbox 208 5615 1043 5689; baseline 0 -20"><span class='ocrx_word' id='word_1_575' title='bbox 208 5615 359 5689; x_wconf 79' lang='grc' dir='ltr'>ήγων</span> <span class='ocrx_word' id='word_1_576' title='bbox 388 5616 629 5689; x_wconf 82' lang='grc' dir='ltr'>Μιχαὴλ,</span> <span class='ocrx_word' id='word_1_577' title='bbox 658 5615 754 5670; x_wconf 77' lang='grc' dir='ltr'>καὶ</span> <span class='ocrx_word' id='word_1_578' title='bbox 778 5615 1043 5688; x_wconf 76' lang='grc' dir='ltr'>Γαϐριὴλ.</span> 
     </span>
    </p>
   </div>
   <div class='ocr_carea' id='block_1_87' title="bbox 283 5696 1791 5783">
    <p class='ocr_par' dir='ltr' id='par_1_87' title="bbox 283 5696 1791 5783">
     <span class='ocr_line' id='line_1_87' title="bbox 283 5696 1791 5783; baseline -0.005 -17"><span class='ocrx_word' id='word_1_579' title='bbox 283 5712 420 5781; x_wconf 82' lang='grc' dir='ltr'>Ἀγε</span> <span class='ocrx_word' id='word_1_580' title='bbox 442 5712 507 5783; x_wconf 75' lang='grc' dir='ltr'>δὴ</span> <span class='ocrx_word' id='word_1_581' title='bbox 537 5711 637 5764; x_wconf 74' lang='grc' dir='ltr'>καὶ</span> <span class='ocrx_word' id='word_1_582' title='bbox 668 5712 932 5782; x_wconf 84' lang='grc' dir='ltr'>σήμερον,</span> <span class='ocrx_word' id='word_1_583' title='bbox 964 5696 1108 5779; x_wconf 80' lang='grc' dir='ltr'>φίλε,</span> <span class='ocrx_word' id='word_1_584' title='bbox 1143 5708 1515 5781; x_wconf 82' lang='grc' dir='ltr'>γνησιώτερον</span> <span class='ocrx_word' id='word_1_585' title='bbox 1544 5706 1638 5760; x_wconf 87' lang='grc' dir='ltr'>τοῦ</span> <span class='ocrx_word' id='word_1_586' title='bbox 1668 5723 1791 5776; x_wconf 88' lang='grc' dir='ltr'>γεν-</span> 
     </span>
    </p>
   </div>
   <div class='ocr_carea' id='block_1_88' title="bbox 208 5801 1792 5876">
    <p class='ocr_par' dir='ltr' id='par_1_88' title="bbox 208 5801 1792 5876">
     <span class='ocr_line' id='line_1_88' title="bbox 208 5801 1792 5876; baseline -0.004 -15"><span class='ocrx_word' id='word_1_587' title='bbox 208 5804 510 5861; x_wconf 63' lang='grc' dir='ltr'>ναιωτάτου</span> <span class='ocrx_word' id='word_1_588' title='bbox 553 5803 696 5861; x_wconf 83' lang='grc' dir='ltr'>Ἰώό.</span> <span class='ocrx_word' id='word_1_589' title='bbox 721 5804 934 5861; x_wconf 85' lang='lat' dir='ltr'><strong>Leontii</strong></span> <span class='ocrx_word' id='word_1_590' title='bbox 971 5803 1273 5876; x_wconf 76' lang='lat' dir='ltr'><strong>presbyteri</strong></span> <span class='ocrx_word' id='word_1_591' title='bbox 1330 5801 1792 5871; x_wconf 52' lang='lat' dir='ltr'><strong>Constantinoyo-</strong></span> 
     </span>
    </p>
   </div>
   <div class='ocr_carea' id='block_1_89' title="bbox 1900 3236 3489 3309">
    <p class='ocr_par' dir='ltr' id='par_1_89' title="bbox 1900 3236 3489 3309">
     <span class='ocr_line' id='line_1_89' title="bbox 1900 3236 3489 3309; baseline 0.003 -20"><span class='ocrx_word' id='word_1_592' title='bbox 1900 3236 2027 3298; x_wconf 76' lang='grc' dir='ltr'>τοὺς</span> <span class='ocrx_word' id='word_1_593' title='bbox 2061 3236 2254 3305; x_wconf 85' lang='grc' dir='ltr'>ἁγίους</span> <span class='ocrx_word' id='word_1_594' title='bbox 2291 3237 2476 3309; x_wconf 88' lang='grc' dir='ltr'>Κύρον</span> <span class='ocrx_word' id='word_1_595' title='bbox 2532 3237 2629 3291; x_wconf 80' lang='grc' dir='ltr'>καὶ</span> <span class='ocrx_word' id='word_1_596' title='bbox 2693 3236 2951 3307; x_wconf 84' lang='grc' dir='ltr'>Ἰωάννην</span> <span class='ocrx_word' id='word_1_597' title='bbox 2994 3236 3124 3301; x_wconf 79' lang='grc' dir='ltr'>τοὺς</span> <span class='ocrx_word' id='word_1_598' title='bbox 3182 3237 3489 3309; x_wconf 86' lang='grc' dir='ltr'>μάρτυρας.</span> 
     </span>
    </p>
   </div>
   <div class='ocr_carea' id='block_1_90' title="bbox 1900 3326 3490 3403">
    <p class='ocr_par' dir='ltr' id='par_1_90' title="bbox 1900 3326 3490 3403">
     <span class='ocr_line' id='line_1_90' title="bbox 1900 3326 3490 3403; baseline 0.003 -23"><span class='ocrx_word' id='word_1_599' title='bbox 1900 3326 2015 3398; x_wconf 81' lang='grc' dir='ltr'>Τῆς</span> <span class='ocrx_word' id='word_1_600' title='bbox 2070 3327 2481 3401; x_wconf 79' lang='grc' dir='ltr'>προθεωρίαςὴ</span> <span class='ocrx_word' id='word_1_601' title='bbox 2531 3328 2697 3401; x_wconf 79' lang='grc' dir='ltr'>ἁρχὴ,</span> <span class='ocrx_word' id='word_1_602' title='bbox 2780 3328 3109 3399; x_wconf 81' lang='grc' dir='ltr'>Ὀφθαλμῶν</span> <span class='ocrx_word' id='word_1_603' title='bbox 3167 3329 3490 3403; x_wconf 74' lang='grc' dir='ltr'>ἀρρωστίας</span> 
     </span>
    </p>
   </div>
   <div class='ocr_carea' id='block_1_91' title="bbox 1900 3422 3488 3498">
    <p class='ocr_par' dir='ltr' id='par_1_91' title="bbox 1900 3422 3488 3498">
     <span class='ocr_line' id='line_1_91' title="bbox 1900 3422 3488 3498; baseline 0.004 -22"><span class='ocrx_word' id='word_1_604' title='bbox 1900 3422 2065 3478; x_wconf 78' lang='grc' dir='ltr'>ἓνεκα</span> <span class='ocrx_word' id='word_1_605' title='bbox 2090 3425 2259 3496; x_wconf 78' lang='grc' dir='ltr'>Κύρῳ</span> <span class='ocrx_word' id='word_1_606' title='bbox 2288 3426 2382 3479; x_wconf 69' lang='grc' dir='ltr'>καὶ</span> <span class='ocrx_word' id='word_1_607' title='bbox 2424 3425 2668 3498; x_wconf 78' lang='grc' dir='ltr'>Ἰωάννῃ.</span> <span class='ocrx_word' id='word_1_608' title='bbox 2709 3425 2886 3495; x_wconf 81' lang='lat' dir='ltr'><strong>Hujus</strong></span> <span class='ocrx_word' id='word_1_609' title='bbox 2918 3424 3130 3481; x_wconf 82' lang='lat' dir='ltr'><strong>mentio</strong></span> <span class='ocrx_word' id='word_1_610' title='bbox 3163 3425 3404 3482; x_wconf 85' lang='lat' dir='ltr'><strong>habetur</strong></span> <span class='ocrx_word' id='word_1_611' title='bbox 3432 3427 3488 3483; x_wconf 86' lang='lat' dir='ltr'>in</span> 
     </span>
    </p>
   </div>
   <div class='ocr_carea' id='block_1_92' title="bbox 1901 3515 2874 3587">
    <p class='ocr_par' dir='ltr' id='par_1_92' title="bbox 1901 3515 2874 3587">
     <span class='ocr_line' id='line_1_92' title="bbox 1901 3515 2874 3587; baseline 0 -18"><span class='ocrx_word' id='word_1_612' title='bbox 1901 3515 2135 3585; x_wconf 85' lang='lat' dir='ltr'><strong>septima</strong></span> <span class='ocrx_word' id='word_1_613' title='bbox 2162 3515 2369 3587; x_wconf 85' lang='lat' dir='ltr'><strong>synodo</strong></span> <span class='ocrx_word' id='word_1_614' title='bbox 2398 3515 2639 3587; x_wconf 76' lang='lat' dir='ltr'><strong>generali</strong></span> <span class='ocrx_word' id='word_1_615' title='bbox 2667 3516 2788 3570; x_wconf 83' lang='lat' dir='ltr'><strong>Act.</strong></span> <span class='ocrx_word' id='word_1_616' title='bbox 2821 3516 2874 3569; x_wconf 74' lang='grc'>4.</span> 
     </span>
    </p>
   </div>
   <div class='ocr_carea' id='block_1_93' title="bbox 1988 3603 3492 3676">
    <p class='ocr_par' dir='ltr' id='par_1_93' title="bbox 1988 3603 3492 3676">
     <span class='ocr_line' id='line_1_93' title="bbox 1988 3603 3492 3676; baseline 0.002 -18"><span class='ocrx_word' id='word_1_617' title='bbox 1988 3603 2130 3658; x_wconf 85' lang='grc' dir='ltr'>Ἀλλ’</span> <span class='ocrx_word' id='word_1_618' title='bbox 2161 3606 2222 3659; x_wconf 79' lang='grc' dir='ltr'>οὐ</span> <span class='ocrx_word' id='word_1_619' title='bbox 2270 3606 2535 3675; x_wconf 81' lang='grc' dir='ltr'>πένθιμος</span> <span class='ocrx_word' id='word_1_620' title='bbox 2588 3606 2721 3676; x_wconf 84' lang='grc' dir='ltr'>ήμῖν</span> <span class='ocrx_word' id='word_1_621' title='bbox 2756 3606 2783 3657; x_wconf 89' lang='grc' dir='ltr'>ό</span> <span class='ocrx_word' id='word_1_622' title='bbox 2813 3605 3026 3676; x_wconf 88' lang='grc' dir='ltr'>καιρός.</span> <span class='ocrx_word' id='word_1_623' title='bbox 3081 3604 3286 3660; x_wconf 86' lang='grc' dir='ltr'>Τούτου</span> <span class='ocrx_word' id='word_1_624' title='bbox 3317 3605 3383 3676; x_wconf 73' lang='grc' dir='ltr'>γέ</span> <span class='ocrx_word' id='word_1_625' title='bbox 3407 3623 3492 3661; x_wconf 83' lang='grc' dir='ltr'>τοι</span> 
     </span>
    </p>
   </div>
   <div class='ocr_carea' id='block_1_94' title="bbox 1904 3696 3490 3771">
    <p class='ocr_par' dir='ltr' id='par_1_94' title="bbox 1904 3696 3490 3771">
     <span class='ocr_line' id='line_1_94' title="bbox 1904 3696 3490 3771; baseline 0.001 -20"><span class='ocrx_word' id='word_1_626' title='bbox 1904 3697 2208 3771; x_wconf 85' lang='grc' dir='ltr'>μαρτύριον</span> <span class='ocrx_word' id='word_1_627' title='bbox 2264 3697 2436 3769; x_wconf 79' lang='grc' dir='ltr'>σαφὲς</span> <span class='ocrx_word' id='word_1_628' title='bbox 2466 3698 2500 3767; x_wconf 81' lang='grc' dir='ltr'>ἡ</span> <span class='ocrx_word' id='word_1_629' title='bbox 2530 3697 2775 3769; x_wconf 88' lang='grc' dir='ltr'>νηστεία.</span> <span class='ocrx_word' id='word_1_630' title='bbox 2808 3696 3039 3753; x_wconf 81' lang='lat' dir='ltr'><strong>Joannis</strong></span> <span class='ocrx_word' id='word_1_631' title='bbox 3097 3697 3490 3753; x_wconf 75' lang='lat' dir='ltr'><strong>Eucbaitarum</strong></span> 
     </span>
    </p>
   </div>
   <div class='ocr_carea' id='block_1_95' title="bbox 1900 3788 3491 3863">
    <p class='ocr_par' dir='ltr' id='par_1_95' title="bbox 1900 3788 3491 3863">
     <span class='ocr_line' id='line_1_95' title="bbox 1900 3788 3491 3863; baseline 0.001 -19"><span class='ocrx_word' id='word_1_632' title='bbox 1900 3789 2278 3861; x_wconf 60' lang='lat' dir='ltr'><strong>Metropolitae,</strong></span> <span class='ocrx_word' id='word_1_633' title='bbox 2315 3791 2399 3855; x_wconf 86' lang='grc' dir='ltr'>είς</span> <span class='ocrx_word' id='word_1_634' title='bbox 2425 3790 2527 3862; x_wconf 80' lang='grc' dir='ltr'>τὴν</span> <span class='ocrx_word' id='word_1_635' title='bbox 2558 3790 2785 3861; x_wconf 79' lang='grc' dir='ltr'>μνήμην</span> <span class='ocrx_word' id='word_1_636' title='bbox 2812 3788 2906 3843; x_wconf 88' lang='grc' dir='ltr'>τοῦ</span> <span class='ocrx_word' id='word_1_637' title='bbox 2941 3789 3097 3859; x_wconf 80' lang='grc' dir='ltr'>ἁγίου</span> <span class='ocrx_word' id='word_1_638' title='bbox 3136 3788 3491 3863; x_wconf 89' lang='grc' dir='ltr'>μεγαλομάρ-</span> 
     </span>
    </p>
   </div>
   <div class='ocr_carea' id='block_1_96' title="bbox 1900 3880 3489 3954">
    <p class='ocr_par' dir='ltr' id='par_1_96' title="bbox 1900 3880 3489 3954">
     <span class='ocr_line' id='line_1_96' title="bbox 1900 3880 3489 3954; baseline 0 -19"><span class='ocrx_word' id='word_1_639' title='bbox 1900 3899 2061 3952; x_wconf 86' lang='grc' dir='ltr'>τυρος</span> <span class='ocrx_word' id='word_1_640' title='bbox 2092 3881 2394 3954; x_wconf 84' lang='grc' dir='ltr'>Θεοδώρου,</span> <span class='ocrx_word' id='word_1_641' title='bbox 2419 3880 2515 3936; x_wconf 77' lang='grc' dir='ltr'>καὶ</span> <span class='ocrx_word' id='word_1_642' title='bbox 2536 3881 2633 3951; x_wconf 83' lang='grc' dir='ltr'>τὴν</span> <span class='ocrx_word' id='word_1_643' title='bbox 2657 3880 2752 3935; x_wconf 90' lang='grc' dir='ltr'>τοῦ</span> <span class='ocrx_word' id='word_1_644' title='bbox 2782 3880 3245 3954; x_wconf 77' lang='grc' dir='ltr'>πρωτοσαόόάτου</span> <span class='ocrx_word' id='word_1_645' title='bbox 3274 3880 3489 3953; x_wconf 77' lang='grc' dir='ltr'>ἡμέραν</span> 
     </span>
    </p>
   </div>
   <div class='ocr_carea' id='block_1_97' title="bbox 1900 3977 2297 4048">
    <p class='ocr_par' dir='ltr' id='par_1_97' title="bbox 1900 3977 2297 4048">
     <span class='ocr_line' id='line_1_97' title="bbox 1900 3977 2297 4048; baseline 0.005 -18"><span class='ocrx_word' id='word_1_646' title='bbox 1900 3978 1958 4030; x_wconf 78' lang='grc' dir='ltr'>ὲν</span> <span class='ocrx_word' id='word_1_647' title='bbox 1991 3977 2297 4048; x_wconf 82' lang='grc' dir='ltr'>Εὐχαῖτοις.</span> 
     </span>
    </p>
   </div>
   <div class='ocr_carea' id='block_1_98' title="bbox 1997 4068 3487 4144">
    <p class='ocr_par' dir='ltr' id='par_1_98' title="bbox 1997 4068 3487 4144">
     <span class='ocr_line' id='line_1_98' title="bbox 1997 4068 3487 4144; baseline 0.003 -21"><span class='ocrx_word' id='word_1_648' title='bbox 1997 4068 2303 4142; x_wconf 85' lang='grc' dir='ltr'>’Δλώμενος</span> <span class='ocrx_word' id='word_1_649' title='bbox 2331 4068 2444 4139; x_wconf 76' lang='grc' dir='ltr'>ἐγὼ</span> <span class='ocrx_word' id='word_1_650' title='bbox 2474 4070 2618 4125; x_wconf 83' lang='grc' dir='ltr'>κατὰ</span> <span class='ocrx_word' id='word_1_651' title='bbox 2654 4070 2755 4141; x_wconf 77' lang='grc' dir='ltr'>τὴν</span> <span class='ocrx_word' id='word_1_652' title='bbox 2785 4069 2971 4140; x_wconf 75' lang='grc' dir='ltr'>ἔφοδον</span> <span class='ocrx_word' id='word_1_653' title='bbox 3016 4071 3126 4124; x_wconf 85' lang='grc' dir='ltr'>τῶν</span> <span class='ocrx_word' id='word_1_654' title='bbox 3159 4071 3487 4144; x_wconf 80' lang='grc' dir='ltr'>Βαρϐάρων.</span> 
     </span>
    </p>
   </div>
   <div class='ocr_carea' id='block_1_99' title="bbox 1898 4160 3490 4234">
    <p class='ocr_par' dir='ltr' id='par_1_99' title="bbox 1898 4160 3490 4234">
     <span class='ocr_line' id='line_1_99' title="bbox 1898 4160 3490 4234; baseline 0.002 -19"><span class='ocrx_word' id='word_1_655' title='bbox 1898 4160 2004 4218; x_wconf 78' lang='lat' dir='ltr'><strong>Nili</strong></span> <span class='ocrx_word' id='word_1_656' title='bbox 2064 4161 2342 4230; x_wconf 87' lang='lat' dir='ltr'><strong>monachi,</strong></span> <span class='ocrx_word' id='word_1_657' title='bbox 2394 4164 2475 4227; x_wconf 87' lang='grc' dir='ltr'>είς</span> <span class='ocrx_word' id='word_1_658' title='bbox 2532 4162 2630 4234; x_wconf 82' lang='grc' dir='ltr'>τὴν</span> <span class='ocrx_word' id='word_1_659' title='bbox 2677 4162 2961 4233; x_wconf 79' lang='grc' dir='ltr'>ἀναίρεσιν</span> <span class='ocrx_word' id='word_1_660' title='bbox 3010 4163 3122 4216; x_wconf 84' lang='grc' dir='ltr'>τῶν</span> <span class='ocrx_word' id='word_1_661' title='bbox 3146 4165 3204 4217; x_wconf 76' lang='grc' dir='ltr'>ὲν</span> <span class='ocrx_word' id='word_1_662' title='bbox 3235 4164 3366 4218; x_wconf 83' lang='grc' dir='ltr'>Σινδ.</span> <span class='ocrx_word' id='word_1_663' title='bbox 3393 4167 3490 4220; x_wconf 76' lang='grc' dir='ltr'>καὶ</span> 
     </span>
    </p>
   </div>
   <div class='ocr_carea' id='block_1_100' title="bbox 1907 4251 2630 4325">
    <p class='ocr_par' dir='ltr' id='par_1_100' title="bbox 1907 4251 2630 4325">
     <span class='ocr_line' id='line_1_100' title="bbox 1907 4251 2630 4325; baseline 0.001 -19"><span class='ocrx_word' id='word_1_664' title='bbox 1907 4251 2130 4307; x_wconf 82' lang='grc' dir='ltr'>Ῥαϊθοῦ</span> <span class='ocrx_word' id='word_1_665' title='bbox 2152 4254 2323 4322; x_wconf 87' lang='grc' dir='ltr'>ἁγίων</span> <span class='ocrx_word' id='word_1_666' title='bbox 2348 4253 2493 4307; x_wconf 83' lang='grc' dir='ltr'>Πατέ</span> <span class='ocrx_word' id='word_1_667' title='bbox 2501 4271 2630 4325; x_wconf 88' lang='grc' dir='ltr'>ρων.</span> 
     </span>
    </p>
   </div>
   <div class='ocr_carea' id='block_1_101' title="bbox 1974 4365 3487 4439">
    <p class='ocr_par' dir='ltr' id='par_1_101' title="bbox 1974 4365 3487 4439">
     <span class='ocr_line' id='line_1_101' title="bbox 1974 4365 3487 4439; baseline 0.002 -20"><span class='ocrx_word' id='word_1_668' title='bbox 1974 4368 2040 4419; x_wconf 78' lang='grc' dir='ltr'>Ἃ</span> <span class='ocrx_word' id='word_1_669' title='bbox 2071 4366 2170 4437; x_wconf 81' lang='grc' dir='ltr'>μὲν</span> <span class='ocrx_word' id='word_1_670' title='bbox 2204 4365 2272 4420; x_wconf 77' lang='grc' dir='ltr'>ἄν</span> <span class='ocrx_word' id='word_1_671' title='bbox 2312 4383 2396 4429; x_wconf 89' lang='grc' dir='ltr'>τις</span> <span class='ocrx_word' id='word_1_672' title='bbox 2432 4366 2628 4438; x_wconf 76' lang='grc' dir='ltr'>εἰκάσῃ</span> <span class='ocrx_word' id='word_1_673' title='bbox 2687 4366 2991 4438; x_wconf 84' lang='grc' dir='ltr'>τεκμήριον</span> <span class='ocrx_word' id='word_1_674' title='bbox 3042 4365 3144 4437; x_wconf 81' lang='grc' dir='ltr'>τὴν</span> <span class='ocrx_word' id='word_1_675' title='bbox 3200 4368 3487 4439; x_wconf 87' lang='grc' dir='ltr'>παροῦσαν</span> 
     </span>
    </p>
   </div>
   <div class='ocr_carea' id='block_1_102' title="bbox 1898 4457 3486 4532">
    <p class='ocr_par' dir='ltr' id='par_1_102' title="bbox 1898 4457 3486 4532">
     <span class='ocr_line' id='line_1_102' title="bbox 1898 4457 3486 4532; baseline -0.001 -21"><span class='ocrx_word' id='word_1_676' title='bbox 1898 4460 2038 4532; x_wconf 80' lang='grc' dir='ltr'>ἔχων</span> <span class='ocrx_word' id='word_1_677' title='bbox 2074 4459 2433 4515; x_wconf 88' lang='grc' dir='ltr'>κατάστασιν.</span> <span class='ocrx_word' id='word_1_678' title='bbox 2464 4457 2683 4514; x_wconf 80' lang='lat' dir='ltr'><strong>Maximi</strong></span> <span class='ocrx_word' id='word_1_679' title='bbox 2709 4457 2972 4514; x_wconf 76' lang='lat' dir='ltr'><strong>Planudae</strong></span> <span class='ocrx_word' id='word_1_680' title='bbox 3014 4458 3293 4525; x_wconf 86' lang='lat' dir='ltr'><strong>monachi,</strong></span> <span class='ocrx_word' id='word_1_681' title='bbox 3329 4459 3486 4528; x_wconf 77' lang='grc' dir='ltr'>λόγος</span> 
     </span>
    </p>
   </div>
   <div class='ocr_carea' id='block_1_103' title="bbox 1798 4523 2995 4623">
    <p class='ocr_par' dir='ltr' id='par_1_103' title="bbox 1798 4523 2995 4623">
     <span class='ocr_line' id='line_1_103' title="bbox 1798 4523 2995 4623; baseline -0.004 -17"><span class='ocrx_word' id='word_1_682' title='bbox 1798 4523 1873 4623; x_wconf 26' lang='grc' dir='ltr'><strong>ιθ</strong></span> <span class='ocrx_word' id='word_1_683' title='bbox 1998 4549 2097 4623; x_wconf 75' lang='grc' dir='ltr'>τήν</span> <span class='ocrx_word' id='word_1_684' title='bbox 2124 4551 2403 4621; x_wconf 88' lang='grc' dir='ltr'>θεόσωμον</span> <span class='ocrx_word' id='word_1_685' title='bbox 2432 4550 2611 4623; x_wconf 80' lang='grc' dir='ltr'>ταφὴν</span> <span class='ocrx_word' id='word_1_686' title='bbox 2637 4548 2732 4615; x_wconf 88' lang='grc' dir='ltr'>τοῦ</span> <span class='ocrx_word' id='word_1_687' title='bbox 2766 4548 2995 4620; x_wconf 89' lang='grc' dir='ltr'>Κυρίου.</span> 
     </span>
    </p>
   </div>
   <div class='ocr_carea' id='block_1_104' title="bbox 1980 4640 3487 4715">
    <p class='ocr_par' dir='ltr' id='par_1_104' title="bbox 1980 4640 3487 4715">
     <span class='ocr_line' id='line_1_104' title="bbox 1980 4640 3487 4715; baseline 0.001 -18"><span class='ocrx_word' id='word_1_688' title='bbox 1980 4642 2368 4697; x_wconf 77' lang='grc' dir='ltr'>Ἀναὸάλλεται</span> <span class='ocrx_word' id='word_1_689' title='bbox 2399 4642 2502 4715; x_wconf 80' lang='grc' dir='ltr'>μὲν</span> <span class='ocrx_word' id='word_1_690' title='bbox 2524 4646 2553 4696; x_wconf 88' lang='grc' dir='ltr'>ό</span> <span class='ocrx_word' id='word_1_691' title='bbox 2594 4641 2825 4713; x_wconf 86' lang='grc' dir='ltr'>Ἰησοῦς,</span> <span class='ocrx_word' id='word_1_692' title='bbox 2876 4642 2970 4695; x_wconf 69' lang='grc' dir='ltr'>καὶ</span> <span class='ocrx_word' id='word_1_693' title='bbox 3019 4640 3135 4710; x_wconf 73' lang='grc' dir='ltr'>φῶς</span> <span class='ocrx_word' id='word_1_694' title='bbox 3162 4641 3237 4706; x_wconf 84' lang='grc' dir='ltr'>ὡς</span> <span class='ocrx_word' id='word_1_695' title='bbox 3271 4643 3487 4715; x_wconf 80' lang='grc' dir='ltr'>ἱμάτιον</span> 
     </span>
    </p>
   </div>
   <div class='ocr_carea' id='block_1_105' title="bbox 1899 4734 3486 4807">
    <p class='ocr_par' dir='ltr' id='par_1_105' title="bbox 1899 4734 3486 4807">
     <span class='ocr_line' id='line_1_105' title="bbox 1899 4734 3486 4807; baseline 0.003 -19"><span class='ocrx_word' id='word_1_696' title='bbox 1899 4736 2107 4807; x_wconf 86' lang='grc' dir='ltr'>πηνίκα</span> <span class='ocrx_word' id='word_1_697' title='bbox 2130 4736 2244 4798; x_wconf 88' lang='grc' dir='ltr'>τοῖς</span> <span class='ocrx_word' id='word_1_698' title='bbox 2278 4734 2551 4807; x_wconf 86' lang='grc' dir='ltr'>μαθηταῖς</span> <span class='ocrx_word' id='word_1_699' title='bbox 2582 4735 2919 4806; x_wconf 76' lang='grc' dir='ltr'>ἀστράπτων</span> <span class='ocrx_word' id='word_1_700' title='bbox 2952 4736 3044 4788; x_wconf 74' lang='grc' dir='ltr'>ἐπὶ</span> <span class='ocrx_word' id='word_1_701' title='bbox 3072 4735 3168 4791; x_wconf 82' lang='grc' dir='ltr'>τοῦ</span> <span class='ocrx_word' id='word_1_702' title='bbox 3194 4736 3359 4807; x_wconf 78' lang='grc' dir='ltr'>ὅρους</span> <span class='ocrx_word' id='word_1_703' title='bbox 3379 4738 3486 4792; x_wconf 74' lang='grc' dir='ltr'>Θα-</span> 
     </span>
    </p>
   </div>
   <div class='ocr_carea' id='block_1_106' title="bbox 1896 4824 3486 4899">
    <p class='ocr_par' dir='ltr' id='par_1_106' title="bbox 1896 4824 3486 4899">
     <span class='ocr_line' id='line_1_106' title="bbox 1896 4824 3486 4899; baseline 0.004 -21"><span class='ocrx_word' id='word_1_704' title='bbox 1896 4824 2035 4895; x_wconf 82' lang='grc' dir='ltr'>όὼρ.</span> <span class='ocrx_word' id='word_1_705' title='bbox 2068 4825 2343 4881; x_wconf 86' lang='lat' dir='ltr'><strong>Theodori</strong></span> <span class='ocrx_word' id='word_1_706' title='bbox 2374 4826 2581 4880; x_wconf 68' lang='lat' dir='ltr'><strong>Alanis:</strong></span> <span class='ocrx_word' id='word_1_707' title='bbox 2632 4827 2900 4898; x_wconf 84' lang='lat' dir='ltr'><strong>episc0pi,</strong></span> <span class='ocrx_word' id='word_1_708' title='bbox 2939 4827 3097 4897; x_wconf 89' lang='grc' dir='ltr'>λόγος</span> <span class='ocrx_word' id='word_1_709' title='bbox 3145 4829 3486 4899; x_wconf 75' lang='grc' dir='ltr'>σχεδιασθεὶς</span> 
     </span>
    </p>
   </div>
   <div class='ocr_carea' id='block_1_107' title="bbox 1897 4919 3481 4993">
    <p class='ocr_par' dir='ltr' id='par_1_107' title="bbox 1897 4919 3481 4993">
     <span class='ocr_line' id='line_1_107' title="bbox 1897 4919 3481 4993; baseline 0.001 -21"><span class='ocrx_word' id='word_1_710' title='bbox 1897 4920 1978 4982; x_wconf 89' lang='grc' dir='ltr'>είς</span> <span class='ocrx_word' id='word_1_711' title='bbox 2004 4919 2104 4988; x_wconf 78' lang='grc' dir='ltr'>τὴν</span> <span class='ocrx_word' id='word_1_712' title='bbox 2136 4919 2317 4991; x_wconf 79' lang='grc' dir='ltr'>ταφὴν</span> <span class='ocrx_word' id='word_1_713' title='bbox 2338 4920 2433 4973; x_wconf 89' lang='grc' dir='ltr'>τοῦ</span> <span class='ocrx_word' id='word_1_714' title='bbox 2464 4919 2720 4990; x_wconf 80' lang='grc' dir='ltr'>Σωτῆρος</span> <span class='ocrx_word' id='word_1_715' title='bbox 2744 4920 2983 4991; x_wconf 85' lang='grc' dir='ltr'>Χριστοῦ</span> <span class='ocrx_word' id='word_1_716' title='bbox 3014 4920 3110 4973; x_wconf 89' lang='grc' dir='ltr'>τοῦ</span> <span class='ocrx_word' id='word_1_717' title='bbox 3138 4920 3276 4975; x_wconf 87' lang='grc' dir='ltr'>Θεοῦ</span> <span class='ocrx_word' id='word_1_718' title='bbox 3302 4923 3481 4993; x_wconf 80' lang='grc' dir='ltr'>ἡμῶν,</span> 
     </span>
    </p>
   </div>
   <div class='ocr_carea' id='block_1_108' title="bbox 1981 5034 3488 5107">
    <p class='ocr_par' dir='ltr' id='par_1_108' title="bbox 1981 5034 3488 5107">
     <span class='ocr_line' id='line_1_108' title="bbox 1981 5034 3488 5107; baseline 0.002 -20"><span class='ocrx_word' id='word_1_719' title='bbox 1981 5035 2303 5102; x_wconf 80' lang='grc' dir='ltr'>Ἀναγκαῖόν</span> <span class='ocrx_word' id='word_1_720' title='bbox 2361 5037 2479 5089; x_wconf 73' lang='grc' dir='ltr'>ἐστι</span> <span class='ocrx_word' id='word_1_721' title='bbox 2511 5034 2676 5090; x_wconf 83' lang='grc' dir='ltr'>πάλιν</span> <span class='ocrx_word' id='word_1_722' title='bbox 2718 5037 2962 5107; x_wconf 81' lang='grc' dir='ltr'>σήμερον</span> <span class='ocrx_word' id='word_1_723' title='bbox 2996 5034 3075 5105; x_wconf 81' lang='grc' dir='ltr'>τῷ</span> <span class='ocrx_word' id='word_1_724' title='bbox 3104 5035 3249 5107; x_wconf 77' lang='grc' dir='ltr'>πρωῒ</span> <span class='ocrx_word' id='word_1_725' title='bbox 3283 5036 3378 5090; x_wconf 89' lang='grc' dir='ltr'>τοῦ</span> <span class='ocrx_word' id='word_1_726' title='bbox 3410 5037 3488 5090; x_wconf 82' lang='grc' dir='ltr'>λό-</span> 
     </span>
    </p>
   </div>
   <div class='ocr_carea' id='block_1_109' title="bbox 1897 5125 3490 5198">
    <p class='ocr_par' dir='ltr' id='par_1_109' title="bbox 1897 5125 3490 5198">
     <span class='ocr_line' id='line_1_109' title="bbox 1897 5125 3490 5198; baseline 0.003 -20"><span class='ocrx_word' id='word_1_727' title='bbox 1897 5144 2017 5195; x_wconf 92' lang='grc' dir='ltr'>γου.</span> <span class='ocrx_word' id='word_1_728' title='bbox 2043 5125 2261 5181; x_wconf 84' lang='lat' dir='ltr'><strong>Eusebii</strong></span> <span class='ocrx_word' id='word_1_729' title='bbox 2290 5126 2669 5191; x_wconf 72' lang='lat' dir='ltr'><strong>Alexandrini,</strong></span> <span class='ocrx_word' id='word_1_730' title='bbox 2705 5128 2949 5198; x_wconf 70' lang='grc' dir='ltr'>περὶτῆς</span> <span class='ocrx_word' id='word_1_731' title='bbox 2973 5128 3280 5198; x_wconf 82' lang='grc' dir='ltr'>παρουσίας</span> <span class='ocrx_word' id='word_1_732' title='bbox 3302 5128 3490 5182; x_wconf 67' lang='grc' dir='ltr'>Ἰωάνα</span> 
     </span>
    </p>
   </div>
   <div class='ocr_carea' id='block_1_110' title="bbox 1897 5220 2407 5293">
    <p class='ocr_par' dir='ltr' id='par_1_110' title="bbox 1897 5220 2407 5293">
     <span class='ocr_line' id='line_1_110' title="bbox 1897 5220 2407 5293; baseline 0 -19"><span class='ocrx_word' id='word_1_733' title='bbox 1897 5238 1991 5274; x_wconf 87' lang='grc' dir='ltr'>νου</span> <span class='ocrx_word' id='word_1_734' title='bbox 2018 5222 2097 5285; x_wconf 87' lang='grc' dir='ltr'>είς</span> <span class='ocrx_word' id='word_1_735' title='bbox 2123 5221 2214 5274; x_wconf 79' lang='grc' dir='ltr'>τὸν</span> <span class='ocrx_word' id='word_1_736' title='bbox 2253 5220 2407 5293; x_wconf 73' lang='grc' dir='ltr'>ᾅδην.</span> 
     </span>
    </p>
   </div>
   <div class='ocr_carea' id='block_1_111' title="bbox 1979 5332 3482 5407">
    <p class='ocr_par' dir='ltr' id='par_1_111' title="bbox 1979 5332 3482 5407">
     <span class='ocr_line' id='line_1_111' title="bbox 1979 5332 3482 5407; baseline 0.002 -20"><span class='ocrx_word' id='word_1_737' title='bbox 1979 5333 2304 5398; x_wconf 79' lang='grc' dir='ltr'>’Δνάστασις</span> <span class='ocrx_word' id='word_1_738' title='bbox 2362 5332 2459 5388; x_wconf 90' lang='grc' dir='ltr'>τοῦ</span> <span class='ocrx_word' id='word_1_739' title='bbox 2517 5334 2652 5406; x_wconf 74' lang='grc' dir='ltr'>ἐμοῦ</span> <span class='ocrx_word' id='word_1_740' title='bbox 2717 5333 2896 5407; x_wconf 87' lang='grc' dir='ltr'>Ἰησοῦ</span> <span class='ocrx_word' id='word_1_741' title='bbox 2950 5335 3045 5389; x_wconf 74' lang='grc' dir='ltr'>καὶ</span> <span class='ocrx_word' id='word_1_742' title='bbox 3075 5334 3356 5401; x_wconf 63' lang='grc' dir='ltr'>Θεοῦ,καῖ</span> <span class='ocrx_word' id='word_1_743' title='bbox 3385 5337 3482 5390; x_wconf 79' lang='grc' dir='ltr'>τοῦ</span> 
     </span>
    </p>
   </div>
   <div class='ocr_carea' id='block_1_112' title="bbox 1897 5427 3485 5501">
    <p class='ocr_par' dir='ltr' id='par_1_112' title="bbox 1897 5427 3485 5501">
     <span class='ocr_line' id='line_1_112' title="bbox 1897 5427 3485 5501; baseline -0.001 -18"><span class='ocrx_word' id='word_1_744' title='bbox 1897 5427 2287 5499; x_wconf 80' lang='grc' dir='ltr'>νεκρωθέντος.</span> <span class='ocrx_word' id='word_1_745' title='bbox 2311 5427 2511 5485; x_wconf 86' lang='lat' dir='ltr'><strong>Leonis</strong></span> <span class='ocrx_word' id='word_1_746' title='bbox 2532 5427 2901 5501; x_wconf 85' lang='lat' dir='ltr'><strong>imperatoris,</strong></span> <span class='ocrx_word' id='word_1_747' title='bbox 2921 5427 3079 5499; x_wconf 88' lang='grc' dir='ltr'>λόγος</span> <span class='ocrx_word' id='word_1_748' title='bbox 3101 5430 3183 5494; x_wconf 76' lang='grc' dir='ltr'>εἰς</span> <span class='ocrx_word' id='word_1_749' title='bbox 3208 5428 3305 5499; x_wconf 79' lang='grc' dir='ltr'>τήν</span> <span class='ocrx_word' id='word_1_750' title='bbox 3321 5429 3485 5498; x_wconf 87' lang='grc' dir='ltr'>ἁγίαν</span> 
     </span>
    </p>
   </div>
   <div class='ocr_carea' id='block_1_113' title="bbox 1909 5520 2251 5574">
    <p class='ocr_par' dir='ltr' id='par_1_113' title="bbox 1909 5520 2251 5574">
     <span class='ocr_line' id='line_1_113' title="bbox 1909 5520 2251 5574; baseline 0 -1"><span class='ocrx_word' id='word_1_751' title='bbox 1909 5520 2251 5574; x_wconf 80' lang='grc' dir='ltr'>’Δνάστασιν.</span> 
     </span>
    </p>
   </div>
   <div class='ocr_carea' id='block_1_114' title="bbox 1973 5596 3488 5699">
    <p class='ocr_par' dir='ltr' id='par_1_114' title="bbox 1973 5596 3488 5699">
     <span class='ocr_line' id='line_1_114' title="bbox 1973 5596 3488 5699; baseline -0.002 -32"><span class='ocrx_word' id='word_1_752' title='bbox 1973 5612 2202 5684; x_wconf 75' lang='grc' dir='ltr'>’Ἄνδρες</span> <span class='ocrx_word' id='word_1_753' title='bbox 2228 5596 2520 5684; x_wconf 77' lang='grc' dir='ltr'>φιλόξενοι,</span> <span class='ocrx_word' id='word_1_754' title='bbox 2574 5613 2669 5699; x_wconf 61' lang='grc' dir='ltr'>καὶ</span> <span class='ocrx_word' id='word_1_755' title='bbox 2713 5612 3071 5686; x_wconf 84' lang='grc' dir='ltr'>φιλόχριστοι,</span> <span class='ocrx_word' id='word_1_756' title='bbox 3113 5612 3206 5665; x_wconf 70' lang='grc' dir='ltr'>καὶ</span> <span class='ocrx_word' id='word_1_757' title='bbox 3239 5610 3488 5681; x_wconf 74' lang='grc' dir='ltr'>φιλάδελ-</span> 
     </span>
    </p>
   </div>
   <div class='ocr_carea' id='block_1_115' title="bbox 1900 5702 3486 5777">
    <p class='ocr_par' dir='ltr' id='par_1_115' title="bbox 1900 5702 3486 5777">
     <span class='ocr_line' id='line_1_115' title="bbox 1900 5702 3486 5777; baseline -0.001 -17"><span class='ocrx_word' id='word_1_758' title='bbox 1900 5725 2010 5777; x_wconf 81' lang='grc' dir='ltr'>φοι.</span> <span class='ocrx_word' id='word_1_759' title='bbox 2039 5704 2289 5777; x_wconf 79' lang='lat' dir='ltr'><strong>Gregorii</strong></span> <span class='ocrx_word' id='word_1_760' title='bbox 2314 5704 2794 5771; x_wconf 71' lang='lat' dir='ltr'><strong>Neocazsariensis,</strong></span> <span class='ocrx_word' id='word_1_761' title='bbox 2818 5706 2976 5776; x_wconf 89' lang='grc' dir='ltr'>λόγος</span> <span class='ocrx_word' id='word_1_762' title='bbox 2999 5706 3075 5770; x_wconf 81' lang='grc' dir='ltr'>εἰς</span> <span class='ocrx_word' id='word_1_763' title='bbox 3104 5703 3173 5758; x_wconf 79' lang='grc' dir='ltr'>τὰ</span> <span class='ocrx_word' id='word_1_764' title='bbox 3202 5702 3332 5773; x_wconf 69' lang='lat' dir='ltr'>am</span> <span class='ocrx_word' id='word_1_765' title='bbox 3352 5704 3486 5759; x_wconf 79' lang='grc' dir='ltr'>Θιοο</span> 
     </span>
    </p>
   </div>
   <div class='ocr_carea' id='block_1_116' title="bbox 1901 5798 2782 5871">
    <p class='ocr_par' dir='ltr' id='par_1_116' title="bbox 1901 5798 2782 5871">
     <span class='ocr_line' id='line_1_116' title="bbox 1901 5798 2782 5871; baseline -0.002 -14"><span class='ocrx_word' id='word_1_766' title='bbox 1901 5801 2120 5871; x_wconf 77' lang='grc' dir='ltr'>φάνεια,</span> <span class='ocrx_word' id='word_1_767' title='bbox 2160 5801 2192 5871; x_wconf 83' lang='grc' dir='ltr'>ἣ</span> <span class='ocrx_word' id='word_1_768' title='bbox 2229 5802 2307 5864; x_wconf 79' lang='grc' dir='ltr'>εἰς</span> <span class='ocrx_word' id='word_1_769' title='bbox 2339 5800 2407 5855; x_wconf 76' lang='grc' dir='ltr'>τὰ</span> <span class='ocrx_word' id='word_1_770' title='bbox 2441 5798 2572 5870; x_wconf 75' lang='grc' dir='ltr'>ἅγια</span> <span class='ocrx_word' id='word_1_771' title='bbox 2603 5800 2782 5855; x_wconf 64' lang='lat' dir='ltr'><strong>duim.</strong></span> 
     </span>
    </p>
   </div>
  </div>
