3826 6484
296 318 371 388 79
1606 328 1805 392 LEON
1812 331 1883 392 IS
1922 332 2229 394 ALLATII
3477 339 3547 405 80

382 434 611 507 Ἀνέστη
644 437 711 507 τῇ
743 434 904 508 τρίτῃ
933 435 1115 508 ἡμέρᾳ
1135 437 1165 491 ό
1196 436 1420 508 Κύριος.
1452 440 1675 498 Eusebii
1711 442 1871 499 Aiex-
1897 444 1946 507 Α
1973 445 2079 500 νῶν
2104 446 2215 503 άπὸ
2240 446 2521 521 προγόνων
2554 447 2750 521 ᾤκησα
2806 449 2979 505 πόλιν.
3028 451 3117 507 Ἐν
3146 454 3211 525 τῇ
3251 451 3414 527 κέλλῃ
3444 473 3546 525 μου

294 531 533 595 andrini,
568 533 648 596 είς
678 530 778 600 τὴν
812 530 1131 584 Ἀνάστασιν
1153 531 1247 585 τοῦ
1282 533 1509 606 Κυρίου.

376 623 642 678 Ἀνέτειλε
702 622 843 694 μετὰ
884 623 986 695 τὴν
1010 612 1306 694 ’ἀνάληψιν
1352 624 1447 678 τοῦ
1476 626 1686 699 Κυρίου
1711 627 1871 698 ἡμῶν

306 718 482 788 Ἰησοῦ
537 715 775 789 Χριστοῦ
807 715 944 787 πρὸς
991 715 1084 770 τὸν
1110 715 1242 771 ἴδιον
1267 718 1508 787 Πατέρα.
1534 718 1868 791 Βετεαρίιιω,

295 808 597 881 μαρτύριον
646 807 740 863 τοῦ
804 808 965 877 άγίου
1014 806 1316 861 ἀποστόλου
1367 807 1630 864 Ἀνανίου.
1679 808 1871 864 inﬂue

291 904 437 956 enim
470 901 670 973 legitur
702 915 716 952 :
758 900 899 969 Ἐγὼ
928 898 987 953 δὲ
1019 898 1354 971 Βαρσαφθᾶς
1388 900 1604 971 ἔγραψα
1636 901 1705 955 τὰ
1736 902 1869 955 ὑπο-

292 997 552 1067 μνήματα
591 995 780 1060 αὐτοῦ,
830 994 926 1047 καὶ
975 993 1150 1065 ἔθηκα
1198 994 1337 1067 πρὸς
1387 994 1450 1049 τδ
1495 994 1749 1066 λείψανον
1773 995 1869 1051 τοῦ

288 1085 539 1153 γενναίου
563 1083 797 1155 ἀθλητοῦ
821 1084 1086 1150 Ἀνανίου,
1119 1084 1208 1138 ἴνα
1230 1085 1457 1155 γένηται
1482 1086 1563 1149 είς
1588 1086 1869 1158 ἐπιγραμ-

291 1177 414 1248 μὸν,
441 1177 538 1229 καὶ
565 1177 651 1242 είς,
674 1175 847 1229 τύπον
877 1175 1145 1245 ὠφελείας
1176 1178 1287 1240 τοῖς
1303 1175 1616 1241 ἐλπίζουσιν
1650 1177 1871 1249 επΥτῆς

286 1268 627 1338 ἐπαγγελίας
656 1266 751 1322 τοῦ
781 1266 1037 1340 Σωτῆρος
1059 1268 1219 1339 ἡμῶν
1260 1266 1437 1339 Ἰησοῦ
1469 1268 1730 1341 Χριστοῦ.
1756 1267 1870 1341 Ego

287 1377 409 1415 vero
440 1361 741 1432 Barsaphta
765 1360 952 1431 scripsi
1003 1362 1383 1416 commentaria
1419 1362 1605 1433 ipsius,
1633 1362 1870 1432 reposui-

288 1469 390 1524 que
418 1453 577 1523 juxta
626 1453 852 1507 cadaver
880 1454 1115 1523 generosi
1172 1451 1384 1508 athleta
1412 1452 1658 1518 Ananiae,
1681 1463 1740 1509 ut
1767 1455 1871 1509 sint

288 1547 344 1599 in
377 1544 670 1616 exemplum
712 1553 765 1600 st
814 1554 995 1615 typum
1042 1543 1301 1600 utilitatis
1323 1549 1641 1618 eorum,qui
1658 1555 1871 1618 sperant

248 1633 252 1639 ’
287 1654 446 1708 super
481 1639 825 1707 promissione
846 1637 1149 1694 Saluatoris
1174 1640 1342 1693 nostri
1367 1638 1492 1693 Iesu
1514 1637 1727 1695 Christi.

364 1732 547 1795 Ἅπας
584 1731 684 1802 μὲν
727 1730 1026 1801 ὲγκωμίων
1084 1730 1259 1800 λόγος.
1291 1729 1564 1787 Theodori
1622 1731 1871 1803 Daphno-

286 1835 447 1898 βείω,
482 1826 759 1896 ἐγκώμιον
791 1827 872 1891 είς
892 1825 985 1880 τδν
1014 1824 1129 1899 [85]
1158 1826 1313 1896 ἆγιον
1346 1826 1579 1890 Παῦλον,
1608 1828 1869 1899 συλλεγὲν

289 1920 396 1974 ἀπὸ
430 1919 705 1990 διαφόρων
734 1917 909 1986 λόγων
934 1917 1031 1971 τοῦ
1059 1918 1476 1989 Χρυσοστόμου.

368 2007 761 2080 Ἀποστολικὴν
812 2008 1110 2078 ἐπιδημίαν
1161 2009 1484 2079 εὐφημῆσαι
1535 2008 1870 2080 προθέμενος

288 2104 385 2159 νῦν
408 2107 437 2159 ὁ
465 2104 643 2173 λόγος.
703 2104 919 2161 Macarii
980 2104 1418 2176 Chrysocephari
1470 2106 1868 2179 archiepiscopi

288 2195 807 2267 Philadelphiensis,
839 2198 925 2261 είς
951 2196 1042 2250 τὸν
1062 2197 1221 2265 ἅγιον
1243 2196 1544 2251 ἀπόστολον
1581 2198 1679 2253 καὶ
1700 2199 1860 2269 εὐαγ-

286 2285 541 2358 γελιστὴν
574 2286 851 2359 Ἰωάννην,
885 2286 980 2340 καὶ
1008 2286 1291 2356 Θεολόγον.

369 2378 694 2443 Ἀπόστολος
726 2379 755 2431 ὁ
808 2378 906 2449 τὴν
958 2378 1195 2450 φαιδρὰν
1232 2380 1441 2449 ταύτην
1489 2380 1867 2453 συγκροτήσας

288 2471 620 2543 πανήγυριν.
677 2470 923 2540 Procopii
973 2469 1441 2545 Chartophyiaeis.
1472 2471 1755 2544 ἐγκώμιον
1784 2473 1867 2536 είς

196 2584 200 2589 ·
285 2564 380 2620 τὸν
413 2563 569 2633 ἅγιον
611 2563 910 2618 ἀπόστολον
946 2563 1044 2618 καὶ
1082 2564 1476 2637 εὐαγγελιστὴν
1516 2566 1791 2637 Ἰωάννην.

379 2655 607 2726 ’Δρετὴν
630 2655 826 2725 ἀνδρὸς
845 2656 1091 2710 ἐπαινεῖν
1124 2654 1506 2727 κελευόμενον.
1534 2654 1736 2711 Leonis
1764 2656 1869 2711 im-

286 2748 576 2819 peratoris,
611 2746 768 2817 λόγος
801 2749 882 2811 είς
904 2747 998 2804 τὸν
1033 2746 1212 2820 μέγαν
1251 2748 1508 2818 Ἰωάννην
1536 2747 1627 2801 τὸν
1654 2747 1867 2818 Χρυσό-

287 2854 508 2894 στομον.

370 2856 384 2892 ι
430 2856 508 2893 ον.

370 2856 592 3004 ’Κρίστη
627 2932 727 3003 μὲν
753 2932 849 2987 καὶ
879 2933 914 3004 ὴ
951 2931 1061 2987 τῶν
1097 2933 1392 3005 ὁρωμένων
1409 2932 1736 3005 εὐπρέπεια.
1760 2932 1868 2989 Ila-

283 3029 418 3084 carii
444 3026 895 3100 Chrysocepbali,
919 3025 1077 3096 λόγος
1105 3028 1186 3090 είς
1203 3025 1273 3080 τὰ
1294 3024 1452 3080 έννέα
1472 3026 1725 3097 τάγματα
1755 3024 1864 3081 τῶν

1971 541 2150 595 τοίνυν
2175 539 2379 610 διάγων
2402 541 2540 613 μετὰ
2563 540 2774 598 πολλῶν
2794 543 2887 598 καὶ
2904 543 3082 603 ἄλλων
3104 547 3549 617 μαρτυρολογίων

1971 628 2115 703 εἶχον
2150 632 2334 687 καὶτὰ
2352 635 2722 707 ὑπομνήματα
2754 634 2849 690 τοῦ
2882 636 3042 705 ἁγίου
3070 636 3263 693 τούτου
3292 640 3352 692 ἐν
3378 639 3551 709 γλωσ-

1974 724 2212 795 σοκόμῳ,
2254 723 2349 777 καὶ
2378 723 2465 779 διά
2499 727 2561 779 τὸ
2622 724 2698 797 μὴ
2721 721 2861 781 εῖναι
2890 727 2959 781 τὰ
3002 727 3228 798 λείψανα
3262 728 3355 782 τοῦ
3389 729 3546 799 άγίου

1971 816 2307 888 Εὑστρατίου
2337 817 2528 871 τούτου
2552 819 2610 872 ὲν
2632 820 2699 889 τῇ
2738 819 2893 874 πόλει
2914 819 3111 892 ταύτῃ,
3139 821 3279 893 μήτε
3309 821 3552 891 ἀκηκοέ-

1971 926 2060 962 ναι
2095 926 2161 978 με
2197 910 2347 981 παρά
2376 926 2540 974 τινος,
2569 910 2651 963 ὅτι
2682 911 3097 981 πεφανέρωνται
3127 914 3186 966 έν
3218 915 3285 984 τῇ
3346 914 3550 986 Ἀραυ-

1974 998 2238 1073 ρακτωῶν
2284 998 2355 1054 τά
2396 997 2530 1068 άγια
2580 1000 2810 1071 λείψανα
2841 1000 3029 1067 αὑτοῦ,
3064 1000 3189 1056 οὔτε
3228 999 3340 1072 ἐγὼ
3387 1002 3550 1066 αὐτὸς

1971 1090 2337 1163 ἐδημοσίευσα
2356 1090 2424 1145 τὰ
2452 1091 2844 1163 ὑπομνήματα,
2875 1089 3001 1145 οὔτε
3048 1092 3283 1163 ἐξῄτησέ
3320 1109 3426 1159 τις,
3459 1092 3551 1146 ἵνα

1970 1184 2261 1256 παράσχω.
2296 1183 2385 1237 Ἐν
2414 1183 2472 1237 δὲ
2493 1182 2571 1253 τῷ
2591 1184 2768 1256 χρόνῳ
2791 1183 2967 1255 τούτῳ
2989 1184 3255 1256 νεώτερός
3284 1203 3372 1249 τις
3428 1184 3552 1253 φιλ-

1973 1278 2170 1352 άρετος
2201 1277 2463 1351 ὑπάρχων
2494 1276 2841 1349 καθεκάστην
2871 1276 3233 1349 συνετύγχανε
3261 1280 3329 1351 τῇ
3361 1294 3555 1333 ταπει-

1970 1369 2134 1428 νώσει
2166 1387 2292 1440 μου,
2337 1368 2517 1433 πάσας
2565 1368 2622 1423 δὲ
2660 1368 2761 1435 τὰς
2822 1369 3175 1442 ὑπαρχούσας
3210 1387 3301 1442 μοι
3332 1370 3551 1441 βίσλους

1970 1461 2320 1531 ἀνεγνωκὼς.
2361 1462 2575 1531 ἀνέγνω
2610 1460 2795 1516 καὶτὰ
2820 1462 3193 1535 ὑπομνήματα
3216 1463 3412 1528 ταῦτα,
3452 1463 3553 1516 καὶ

1972 1554 2314 1610 ἑπιστώσατό
2350 1572 2440 1628 με,
2470 1556 2555 1611 ὅτι
2580 1555 2677 1610 καὶ
2725 1555 3026 1627 μαρτύριον
3079 1553 3247 1610 αὐτοῦ
3295 1557 3446 1610 ἔστιν
3466 1553 3552 1618 είς

1970 1646 2069 1719 τὴν
2112 1645 2572 1719 ’Δραυρακτωῶν,
2600 1644 2697 1701 καὶ⁵
2741 1645 3002 1715 δυνάμεις
3029 1644 3278 1716 ίαμάτων
3305 1646 3553 1713 γίνονται
3591 1700 3611 1715 ⁸

1973 1739 2041 1793 δι’
2070 1739 2257 1794 αὑτοῦ.
2316 1739 2398 1793 Τὰ
2446 1737 2504 1792 δὲ
2561 1738 2931 1809 ὑπομνήματα
2974 1736 3084 1790 τῶν
3141 1735 3314 1805 ἀγίων
3340 1751 3552 1789 τουτων

1974 1831 2151 1893 οὐδεὶς
2180 1830 2292 1885 τῶν
2320 1832 2500 1884 ἐκεῖσε
2529 1829 2664 1901 ἔχει,
2683 1828 2760 1892 ὡς
2781 1828 3031 1884 ἐντεῦθεν
3073 1827 3308 1899 ἀθυμεῖν
3340 1827 3552 1891 πάντας

1970 1921 2097 1985 τοὺς
2120 1920 2221 1991 τῆς
2251 1919 2449 1991 κώμης
2478 1919 2716 1989 ἐκείνης,
2750 1917 2986 1989 μάλιστα
3014 1916 3071 1970 δὲ
3096 1918 3156 1970 έν
3184 1917 3306 1980 ταῖς
3335 1915 3553 1986 μνείαις

1970 2009 2171 2066 αὐτῶν.
2220 2009 2346 2063 Ἐπὶ
2374 2007 2508 2062 πολὺ
2537 2002 2633 2064 οῦν
2664 2004 3114 2078 παρακαλοῦντος
3145 2022 3235 2078 με,
3273 2002 3551 2060 ἑκδέδωκα

1970 2100 2141 2173 αὐτῷ,
2198 2101 2292 2154 καὶ
2332 2099 2470 2165 ἀξιῶ
2507 2099 2716 2165 πάντας
2744 2098 2873 2163 τοὺς
2918 2097 3417 2168 ἀναγινώσκοντας,
3453 2095 3552 2152 καὶ

1967 2194 2096 2257 τοὺς
2126 2192 2517 2264 ἀκροωμένους
2552 2190 2808 2263 εὔχεσθαι
2831 2174 2985 2264 ὑπὲρ
3006 2190 3165 2262 ἐμοῦ.
3220 2189 3335 2261 Ego
3370 2197 3552 2243 autent

1969 2296 2215 2356 peccator
2271 2285 2558 2340 monachus
2622 2283 2879 2340 Eusebius
2942 2302 2976 2339 a
3047 2284 3224 2355 pueris
3286 2281 3550 2337 monasti-

1968 2397 2086 2435 cam
2116 2378 2230 2452 [84]
2268 2380 2431 2433 vitam
2460 2387 2689 2445 secutus,
2725 2376 3067 2434 Sebestanam
3125 2376 3305 2432 urbem
3346 2393 3379 2430 a
3419 2391 3551 2443 pro-

1968 2473 2291 2544 genitoribus
2314 2471 2581 2538 habitans,
2615 2471 2671 2525 in
2698 2470 2832 2525 cella
2865 2486 2980 2526 mea
3013 2471 3222 2542 degens,
3256 2486 3372 2523 cum
3422 2467 3552 2522 aliis

1967 2565 2153 2620 multis
2207 2563 2602 2635 martyrologiis
2661 2564 3035 2617 conservabam
3079 2570 3130 2616 et
3178 2560 3335 2630 hujus
3371 2559 3550 2615 sancti

1916 2678 1921 2683 ·
1965 2657 2099 2712 Acta
2124 2657 2177 2711 in
2209 2656 2415 2710 arcula.
2444 2654 2512 2710 Et
2542 2671 2659 2709 cum
2690 2655 2905 2724 hujusce
2943 2653 3115 2707 sancti
3141 2651 3394 2707 Eustratii
3416 2649 3549 2711 relig-

1966 2748 2104 2821 quite
2136 2749 2193 2801 in
2226 2747 2326 2801 hac
2348 2746 2475 2801 urbe
2496 2763 2598 2800 non
2625 2755 2815 2809 essent,
2842 2762 2933 2800 nec
2956 2745 3066 2814 ipse
3094 2760 3126 2797 a
3144 2759 3406 2814 quoquam
3440 2760 3548 2798 au-

1965 2842 2155 2897 dissem
2180 2841 2237 2895 in
2268 2840 2610 2894 Arauracena
2645 2841 2805 2912 fuisse
2836 2839 3118 2909 revelatus,
3162 2840 3545 2894 commentaria

1967 2951 2072 2990 non
2100 2933 2494 2999 revelaveram;
2549 2948 2713 3003 neque
2758 2932 3026 3003 quispiam
3049 2948 3082 2985 a
3130 2948 3212 2986 me
3239 2931 3334 2985 illa
3368 2931 3545 3001 petiit.

1969 3022 2086 3079 Hoc
2117 3039 2238 3079 vero
2277 3031 2507 3091 tempore
2536 3020 2739 3086 iuvenis
2772 3019 2988 3090 quidam
3035 3018 3319 3072 admodum
3343 3018 3551 3071 studio-

286 3120 472 3176 άΰλων
498 3120 802 3190 δυνάμεων,
834 3118 931 3172 καὶ
970 3119 1053 3183 είς
1093 3117 1183 3173 τὸν
1227 3119 1529 3190 πάμμεγαν
1558 3116 1861 3190 ταξιάρχην

1971 3135 2058 3173 sus
2108 3116 2341 3187 quotidie
2388 3130 2590 3169 mecum
2647 3111 2834 3167 humili
2890 3127 3182 3167 sermonem
3237 3111 3544 3182 conferens,

288 3212 510 3285 Μιχαὴλ
527 3213 617 3266 τὸν
645 3209 1105 3283 ἀρχιστράτηγον.

364 3304 613 3377 ’Δῤῥητα
648 3303 749 3373 τῆς
770 3302 864 3356 τοῦ
895 3301 1029 3356 Θεοῦ
1073 3300 1481 3373 φιλανθρωπίας
1516 3300 1657 3371 ὑπὲρ
1682 3299 1862 3372 ἡμῶν.

288 3396 479 3454 lsidori
507 3393 901 3465 archiepiscopi
937 3392 1459 3460 Thessalonicensis,
1483 3392 1641 3461 λόγος
1658 3393 1739 3454 εἰς
1766 3391 1866 3463 τὴν

287 3491 555 3560 σωτήριον
604 3486 747 3542 κατὰ
790 3487 970 3557 σάρκα
1010 3485 1107 3541 καὶ
1144 3484 1296 3541 θείαν
1332 3485 1585 3558 γέννησιν
1607 3484 1702 3539 τοῦ
1730 3485 1867 3555 Χρι-

284 3595 440 3635 στου.

370 3667 541 3740 Ἀρχὴ
576 3667 678 3739 μὲν
714 3667 845 3738 ἡμῖν
875 3664 977 3735 τῆς
1015 3666 1155 3739 πρὸς
1196 3667 1258 3721 τδ
1306 3667 1514 3737 ἀγαθὸν
1546 3669 1613 3722 ὲκ
1640 3667 1734 3739 τοῦ
1766 3684 1866 3723 πα-

282 3756 437 3812 λαιοῦ
470 3760 784 3826 πτώματος.
843 3752 1122 3811 Ηὶοιιοειὶε
1173 3752 1360 3825 Pselli,
1407 3754 1525 3829 βίος
1581 3756 1675 3811 τοῦ
1715 3757 1865 3811 ὁσίου

283 3848 497 3922 Πατρδς
529 3848 838 3913 Λύξεντίου.

368 3940 536 4012 Ἀρχὴ
570 3939 669 4010 μὲν
690 3938 799 3992 τῶν
827 3938 996 3993 ὄντων
1023 3937 1177 4007 Θεὸς,
1205 3940 1305 4012 οὐχ
1334 3940 1411 4006 ὡς
1433 3941 1867 4011 συντεταγμένος

282 4029 494 4095 τούτοις
530 4028 626 4086 ὥν.
662 4028 940 4085 Michaelis
969 4029 1157 4097 Pselli,
1187 4029 1346 4099 λόγος
1379 4029 1459 4094 είς
1482 4029 1576 4084 τὸν
1614 4030 1868 4101 Εὐάγγε-

281 4122 501 4195 λισμόν.

365 4215 535 4289 Ἀρχὴ
559 4215 636 4288 τῷ
669 4216 882 4291 κόσμῳ.
906 4218 1109 4276 Leonis
1133 4218 1497 4291 imperatoris,
1523 4218 1604 4283 είς
1627 4216 1689 4271 τὸ
1716 4216 1866 4287 γενέ-

283 4325 397 4365 σιον
425 4310 521 4364 τοῦ
551 4310 893 4389 Προδρόμου.

368 4402 629 4476 ’Δστέρες
665 4403 763 4475 μὲν
784 4403 1032 4476 αἰσθητοὶ
1061 4403 1141 4475 τῷ
1168 4401 1512 4476 στερεώματι
1540 4400 1861 4475 προδεικνύ-

1970 3224 2249 3280 omnesque
2281 3208 2443 3262 libros
2476 3206 2567 3275 qui
2599 3216 2752 3260 erant
2783 3206 2929 3275 apud
2954 3222 3035 3259 me
3067 3220 3395 3273 percurrens,
3422 3202 3548 3275 legit

1968 3312 2017 3359 et
2041 3304 2155 3373 ipsa
2197 3301 2609 3363 Commentaria,
2638 3299 2995 3370 etaﬂirmavit
3029 3301 3155 3353 mihi
3183 3300 3341 3353 etiam
3364 3313 3550 3352 eorum

1967 3390 2283 3468 martyrium
2315 3411 2425 3450 esse
2454 3395 2510 3449 in
2543 3396 2909 3456 Arouracena,
2937 3402 2986 3447 et
3021 3392 3320 3446 morborum
3351 3391 3545 3445 ibidem

1965 3491 2245 3544 sanitatem
2278 3487 2602 3557 comparari.
2642 3486 2827 3541 Verum
2868 3494 2987 3538 acta
3008 3486 3194 3538 horum
3243 3493 3545 3554 martyrum

1967 3579 2170 3636 nullum
2215 3579 2320 3633 illis
2344 3580 2401 3632 in
2438 3578 2561 3632 locis
2587 3577 2871 3647 possidere,
2916 3575 3049 3629 adeo
3086 3584 3144 3629 ut
3175 3574 3317 3628 tristi
3373 3580 3548 3628 essent
3582 3641 3585 3643 _

1966 3674 2143 3727 animo
2173 3672 2317 3725 illius
2346 3670 2448 3725 vici
2479 3668 2695 3735 accola,
2727 3676 2777 3724 et
2830 3668 3161 3738 potissimum
3193 3683 3311 3720 cum
3358 3682 3545 3720 eorum

1965 3766 2218 3820 memoria
2247 3762 2667 3817 recoleretur:is
2700 3760 2881 3815 multis
2901 3758 3141 3830 precibus
3178 3775 3240 3812 ea
3277 3774 3310 3812 a
3344 3774 3426 3812 me
3452 3774 3548 3812 ea:-

1965 3855 2137 3910 torsit.
2167 3853 2310 3925 Rogo
2338 3854 2551 3907 interim
2573 3868 2751 3907 omnes
2779 3861 2890 3904 tum
2927 3850 3185 3916 Lectores,
3223 3866 3340 3903 cum
3370 3849 3547 3903 Audi-

1965 3954 2121 4011 tores,
2146 3956 2202 3999 ut
2233 3960 2328 4013 pro
2353 3958 2435 3996 me
2470 3941 2573 3997 Deo
2599 3958 2773 4012 preces
2797 3941 3045 4013 fundant.

2030 4034 2422 4099 Βασιλεύοντος
2471 4033 2855 4106 Διοκλητιανοῦ
2884 4032 2997 4103 ίτοῦ
3032 4031 3296 4105 βασιλέως
3323 4031 3548 4102 ἐγένετο

1960 4130 2202 4204 διωγμὸς
2232 4127 2406 4201 μέγας
2433 4127 2543 4181 τῶν
2574 4126 2944 4199 Χριστιανῶν.
2979 4123 3297 4197 Martyrium
3328 4124 3385 4180 S.
3415 4125 3548 4180 Dre-

1962 4233 2060 4279 stas
2089 4240 2103 4277 :
2148 4222 2412 4293 scriptum
2447 4235 2477 4275 a
2499 4228 2771 4290 praesente
2796 4228 2853 4274 et
2893 4218 3134 4274 vidente.
3172 4217 3438 4281 Ἀκούσας
3481 4216 3544 4272 δὲ

1958 4314 2133 4370 ταῦτα
2165 4315 2195 4368 ό
2244 4310 2490 4384 ἡγεμὼν,
2521 4310 2777 4366 ἐκέλευσε
2805 4311 2866 4365 τὸ
2895 4310 3148 4382 λείψανον
3174 4309 3340 4364 αὑτοῦ
3373 4312 3543 4382 ῥιφῆ-

1960 4422 2049 4460 ναι
2083 4388 2144 4458 ὲν
2166 4402 2314 4474 Φίσῳ
2342 4402 2423 4473 τῷ
2476 4401 2709 4473 ποταμῷ
2743 4399 3004 4471 ἄντικρυς
3032 4399 3127 4454 τοῦ
3174 4399 3357 4470 ὅρους.
3406 4401 3542 4455 Ἀν-

287 4509 463 4565 μενοι,
487 4494 624 4567 πρὸς
654 4494 833 4566 θέαμα
862 4494 1073 4549 κινοῦσι
1120 4493 1286 4566 μέγα.
1320 4492 1461 4549 Petri
1495 4492 1734 4564 episcopi
1762 4492 1861 4548 Ar-
1882 4490 1940 4552 D
1964 4496 2183 4568 θρωπον
2205 4493 2265 4550 δέ
2303 4510 2427 4548 τινα
2456 4491 2824 4561 ἐθεασάμεθα,
2873 4490 2932 4553 ὃς
2951 4492 3054 4561 τὴν
3085 4490 3231 4544 ίδέαν
3255 4487 3370 4560 εἶχε
3399 4490 3547 4562 λαμ-

283 4584 553 4657 givorum,
578 4588 656 4650 είς
670 4587 796 4651 τοὺς
828 4585 1037 4656 ἁγίους,
1072 4586 1169 4640 καὶ
1195 4584 1458 4652 ἐνδόξους,
1488 4585 1584 4639 καὶ
1606 4585 1857 4657 θαυματο

280 4676 514 4747 ουργοὺς
578 4678 920 4748 ἁναργύρους
940 4676 1167 4745 Κοσμᾶν
1194 4673 1289 4727 καὶ
1319 4673 1609 4743 Δαμιανόν.

352 4770 499 4841 Αὕτη
529 4769 713 4842 ἡμέρα
752 4769 980 4839 Κυρίου.
1016 4762 1218 4823 Leonis
1249 4764 1614 4836 imperatoris,
1647 4764 1728 4829 είς
1756 4764 1880 4850 τὴν.

278 4860 530 4932 γέννησιν
556 4861 654 4930 τῆς
685 4859 973 4914 Θεοτὸκου.

348 5039 740 5103 Βασιλεύοντος
805 5037 1107 5110 Ἀρηνάτου
1162 5037 1261 5107 τῆς
1310 5036 1587 5107 Περσικῆς
1642 5035 1850 5108 χώρας,

276 5133 469 5204 γέγονε
510 5130 830 5203 φιλονεικία.
859 5128 1129 5184 Anastasii
1166 5129 1408 5199 episcopi
1447 5126 1850 5200 Theopolitani,

277 5226 404 5297 περὶ
428 5224 539 5278 τῶν
567 5226 623 5276 ὲν
650 5220 871 5293 Περσίδι
900 5220 1272 5290 πραχθέντων.

344 5315 728 5378 Βασιλεύοντος
760 5311 1151 5383 Διοκλητιανοῦ
1198 5312 1292 5366 καὶ
1317 5312 1667 5381 Μαξιμιανοῦ
1702 5315 1853 5370 πᾶσα

280 5413 315 5481 ἡ
353 5408 644 5479 Ῥωμαίων
698 5405 842 5479 ἀρχὴ
890 5405 992 5476 τῆς
1015 5405 1174 5461 ἀθέου
1212 5405 1324 5461 τῶν
1356 5406 1591 5462 εἰδώλων
1618 5410 1852 5482 ἐπεπλή-

280 5518 420 5573 ρωτο
443 5498 720 5570 λατρείας.
744 5497 1060 5569 Martyrium
1085 5500 1259 5553 sancti
1284 5499 1568 5564 Eustratii,
1596 5508 1653 5556 et
1681 5503 1853 5557 ει)ρὶοο

276 5615 420 5664 rum,
475 5597 750 5663 Auxentii,
817 5596 1089 5664 Mardarii,
1146 5598 1374 5669 Eugenii
1410 5606 1466 5653 et
1494 5596 1719 5653 Orestae.
1752 5598 1854 5651 i‘u-

276 5693 499 5749 blicavit
525 5689 791 5748 Eusebius
816 5693 1118 5748 monachus
1147 5692 1205 5747 in
1230 5692 1357 5747 ﬁne.
1395 5689 1537 5759 Ἐγὼ
1552 5689 1607 5742 δὲ
1632 5693 1659 5742 ὀ
1679 5691 1852 5759 apag-

277 5787 450 5850 τωλδς
478 5786 736 5852 Εὐσέϐιος
774 5789 837 5842 ὲκ
871 5787 1122 5844 παιδόθεν
1156 5786 1407 5860 μονάζων
1452 5785 1551 5854 τὴν
1586 5782 1852 5851 Σεϐαστη-

1963 4586 2129 4658 πράν,
2183 4584 2260 4652 ὡς
2314 4585 2486 4657 ἥλιος,
2519 4582 2820 4653 λαϐόμενον
2846 4582 2908 4635 τὸ
2935 4581 3189 4650 λείψανον
3230 4581 3325 4635 τοῦ
3378 4582 3541 4651 ἁγίου

1966 4677 2266 4755 μάρτυρος,
2308 4677 2458 4739 ὅστις
2486 4673 2582 4730 καὶ
2631 4672 2894 4729 κατέθετο
2916 4673 3048 4727 αὐτὸ
3070 4675 3128 4727 ἐν
3153 4673 3229 4744 τῷ
3264 4689 3542 4744 παρακει-

1966 4770 2115 4842 μένῳ
2145 4769 2262 4839 6ρει
2282 4769 2349 4838 τῇ
2390 4766 2543 4820 πόλει
2568 4764 2816 4820 Τυάνων.
2852 4763 2978 4820 ch
3008 4781 3127 4819 cum
3161 4765 3394 4823 audisset
3427 4767 3544 4821 dux

1965 4862 2265 4923 mandavit,
2294 4859 2528 4913 cadaver
2560 4856 2708 4911 illius
2739 4856 2891 4925 injici
2912 4858 2967 4909 in
2990 4855 3211 4910 Phibum
3230 4858 3452 4926 ﬂuvium
3483 4858 3542 4910 in

1960 4963 2240 5024 conspectu
2279 4951 2489 5005 montis.
2527 4946 2641 5004 Nos
2693 4964 2813 5004 vero
2841 4949 3063 5003 vidimus
3120 4947 3411 5019 quemdam
3442 4949 3544 5002 Im-

1962 5045 2176 5108 minem,
2217 5042 2374 5097 veluti
2400 5040 2562 5096 solem
2587 5040 2862 5110 splendore
2903 5039 3239 5110 pellucidum,
3274 5039 3366 5109 qui
3386 5054 3544 5092 accc-

1961 5147 2109 5206 ptum
2142 5136 2371 5190 cadaver
2413 5135 2583 5188 sancti
2633 5134 2884 5204 martyris
2913 5133 3146 5202 reposuit
3176 5134 3231 5185 in
3256 5130 3545 5201 adjacente

1959 5238 2135 5284 monte
2168 5227 2371 5282 civitati
2407 5225 2766 5296 Thyanorum.

2030 5322 2263 5377 Βλάσιον
2287 5319 2380 5373 τὸν
2413 5320 2587 5390 μέγαν
2613 5319 2671 5371 ὲν
2702 5316 2984 5388 ίεράρχαις
3012 5315 3109 5370 καὶ
3138 5316 3395 5386 μάρτυσι,
3413 5317 3541 5383 πῶς

1959 5412 2025 5467 ἂν
2060 5414 2227 5478 ἀξίως
2275 5411 2671 5481 θαυμάσωμεν.
2713 5408 2989 5464 Theodori
3045 5408 3404 5480 metropolits
3436 5408 3545 5467 Ci-

1960 5506 2095 5578 zyci,
2119 5506 2200 5567 είς
2227 5504 2319 5557 τὸν
2354 5503 2512 5572 άγιον
2537 5502 2909 5572 ίερομάρτυρα
2929 5500 3178 5556 Βλάσιον.

2661 5579 2758 5647 Τ

2031 5687 2273 5740 Γυναῖκα
2305 5684 2406 5755 μὲν
2431 5684 2680 5756 ἀνδρείαν
2707 5685 2811 5741 ποῦ
2841 5703 2924 5748 τις
2959 5685 3046 5749 ἂν,
3076 5686 3193 5740 καί
3214 5686 3364 5748 ὅπως
3392 5684 3541 5761 εὕρῃ

1960 5782 1989 5833 ό
2016 5775 2178 5849 σοφὸς
2232 5777 2462 5849 ὴπόρισε
2492 5778 2767 5853 Σολομὼν.
2808 5777 3155 5836 Constantini
3206 5779 3544 5850 Acropolitas
