3826 6460
203 446 270 513 81

887 449 987 511 DE
1027 449 1375 513 SCRIPTIS
1415 449 1797 513 SYMEONIS
1834 449 2415 517 METAPHRASTIE
2464 456 2851 518 DlATRlBA.

3380 456 3451 519 82

197 569 253 617 et
289 557 466 630 Magni
514 557 848 630 Logothetaa,
880 557 1040 630 λόγος
1069 561 1153 625 είς
1191 561 1295 631 τὴν
1322 560 1484 630 ἁγίαν
1514 559 1779 634 όσιομὰρι

1954 563 2332 634 Διοκλητιανδς
2353 566 2383 620 6
2406 566 2687 639 Ῥωμαίων
2715 564 3074 639 αὐτοκράτωρ
3094 564 3326 632 ἀναξίως
3345 568 3452 621 τῶν

198 669 338 724 τυρα
363 651 675 709 Θεοδοσίαν.

980 746 1020 798 Δ

268 832 649 905 Δεδοξασμένα
680 834 914 907 ἐλαλήθη
946 834 1077 906 περὶ
1104 835 1273 906 σοῦ,ἠ
1305 836 1460 900 πόλις
1486 835 1582 891 τοῦ
1607 835 1777 906 ⁸Θεοῦ.

201 924 461 982 Germani
508 926 835 997 patriarchae
862 926 1473 999 Constantinopolitani,
1503 929 1664 997 λόγος
1700 929 1780 994 είς

198 1014 270 1072 τά
300 1017 554 1086 ἐγκαίνια
593 1019 689 1073 τοῦ
720 1019 849 1073 ναοῦ
899 1020 1000 1092 τῆς
1040 1022 1313 1090 παναγίας
1359 1020 1624 1076 Θεοτόκου
1672 1021 1781 1077 τῶν

126 1175 153 1185 η
202 1110 691 1181 Χαλκοπρατείων,
732 1112 830 1165 καὶ
875 1113 956 1175 είς
1003 1112 1105 1183 τὴν
1154 1112 1449 1168 κατάθεσιν
1488 1114 1586 1185 τῆς
1621 1113 1784 1184 ἁγίας

173 1198 177 1243 ἶ
212 1200 372 1270 Ζώης
401 1200 498 1255 καὶ
530 1201 639 1256 τῶν
688 1202 999 1274 σεϐασμίων
1042 1203 1377 1275 σπαργάνων
1397 1203 1492 1260 τοῦ
1528 1205 1784 1279 Σωτῆρος

159 1388 184 1461 l

164 1478 182 1514 ἱ

203 1292 386 1347 ἡμῶν.

224 1310 234 1325 ~
289 1310 386 1347 ων.

224 1310 529 1435 ΔμΔεῖπνον
550 1383 681 1452 ἡμῖν
708 1381 997 1446 πολυτελὲς
1022 1382 1272 1454 Λάζαρος
1321 1383 1499 1450 αὖθις.
1530 1382 1786 1460 Hesychii

205 1473 516 1545 presbyteri
542 1473 1037 1546 Hierosolymitanl,
1059 1478 1140 1541 είς
1161 1477 1254 1530 τὸν
1275 1480 1649 1551 τετραημιρον
1676 1479 1788 1535 Λά-

241 1585 397 1623 αοον.

241 1585 273 1619 α
377 1605 397 1623 ο

206 1565 240 1631 ζ
274 1583 449 1731 Ξῖῦρο
467 1659 678 1726 λοιπον.
714 1661 799 1716 υίὲ
836 1678 962 1733 μου,
1006 1662 1104 1718 καὶ
1155 1662 1283 1735 περὶ
1306 1663 1408 1734 τῆς
1470 1662 1785 1735 προδοσίας.

209 1748 433 1806 Eusebii
462 1750 837 1814 Alexandrini.
871 1753 952 1816 είς
970 1752 1068 1821 τὴν
1091 1752 1383 1825 προδοσίαν
1418 1752 1612 1813 Ἰούδα.

281 1844 470 1913 Δεῦτε,
490 1845 653 1915 φίλοι,
668 1846 765 1900 καὶ
782 1846 1024 1918 τήμερον
1035 1845 1143 1900 τῶν
1166 1844 1540 1914 εὐαγγελικῶν
1555 1845 1787 1908 ἀόκνως.

212 1935 391 1992 Procli
416 1938 737 2008 patriarcha:
763 1936 1373 2007 Constantinopolitani,
1411 1938 1489 2000 είς
1509 1936 1606 2008 τὴν
1627 1936 1790 2006 ἁγίαν
1823 1922 1866 1982 Β

217 2030 647 2101 μεταμόρφωσιν
697 2028 792 2083 τοῦ
853 2027 1059 2101 Κυρίου
1087 2029 1180 2083 καὶ
1226 2027 1364 2083 Θεοῦ
1409 2029 1507 2082 καὶ
1537 2024 1790 2101 Σωτῆρος

215 2124 249 2191 ἡ
256 2122 400 2192 μῶν.

286 2214 605 2285 Δημήτριος
631 2216 768 2288 ημῖν
814 2212 911 2268 τοῦ
948 2232 1010 2268 τε
1045 2214 1325 2285 συλλόγου,
1358 2213 1584 2270 καὶτῶν
1616 2214 1793 2285 λόγων

216 2305 441 2375 ἀφορμὴ
471 2305 761 2375 πρόκειται
788 2304 1046 2376 σήμερον.
1236 2303 1511 2359 Philothei
1562 2304 1793 2374 patriar-

216 2396 338 2450 cha
384 2395 1005 2467 Constantinopolitani,
1040 2396 1320 2467 ἐγκώμιον
1374 2397 1453 2461 είς
1496 2395 1587 2449 τὸν
1638 2394 1795 2465 ἁγιον

219 2489 557 2558 Δημήτριον.
1700 2468 1705 2473 ’

289 2581 603 2652 Δημήτριος
645 2581 707 2636 τὺ
742 2580 917 2651 γλυκὺ
962 2582 1216 2653 πρᾶγμα.
1249 2581 1509 2637 Demetrii
1555 2581 1797 2654 Chrysc-

221 2674 375 2739 lem,
402 2675 562 2744 λόγος
587 2678 666 2741 είς
704 2677 882 2746 μέγαν
910 2678 1222 2747 Δημήτριον
1259 2675 1349 2729 τὸν
1380 2674 1761 2746 Μυροϐλύτην.

292 2766 448 2821 Δίδου
471 2769 628 2838 ἡμῖν,
651 2768 687 2838 ἠ
710 2768 860 2838 φωνὴ
898 2767 993 2821 τοῦ
1026 2769 1225 2838 Λόγου,
1254 2767 1461 2837 φωνήν.
1502 2765 1799 2845 Sophronii

222 2860 625 2932 archiepiscopi
677 2860 1179 2933 Hierosolymitani,
1244 2859 1523 2931 ἐγκώμιον
1571 2862 1653 2924 είς
1706 2858 1800 2914 τὸν

227 2954 386 3022 ἅγιον
417 2952 672 3025 Ἰωάννην
698 2953 790 3008 τὸν
817 2954 1153 3025 Πρόδρομον.

292 3046 566 3118 Διήγησιν
596 3044 756 3116 ξένην
780 3046 876 3100 καὶ
901 3043 1203 3117 παράδοξον
1234 3044 1504 3100 ἀκούσατε
1563 3044 1802 3115 σήμερον

226 3135 359 3206 παρ’
379 3131 542 3207 ἐμοῦ,
576 3134 874 3206 ἀγαπητοὶ,
897 3135 1020 3206 ἥτις
1065 3134 1186 3188 ἐστὶ
1206 3136 1497 3206 χρήσιμος.
1541 3133 1661 3189 Vita
1688 3149 1804 3188 san-

226 3238 441 3285 ctorum
484 3224 816 3283 Galactionis
870 3236 925 3284 et
959 3226 1267 3298 Epistemes
1303 3242 1319 3279 :
1359 3227 1577 3298 scripsit
1612 3225 1804 3281 Eutol-

226 3322 370 3376 mins
400 3335 595 3377 eorum
619 3320 878 3376 famulus.
913 3322 1084 3390 Κάγὼ
1109 3321 1219 3393 γὰρ
1254 3321 1283 3374 6
1322 3319 1581 3381 ταπεινὸς
1610 3318 1805 3374 Εὑτόλ-

231 3432 376 3485 μιος,
407 3418 437 3469 6
463 3414 673 3485 ταύτην
705 3416 837 3485 ἡμῖν
864 3414 962 3487 τὴν
992 3413 1290 3485 ψυχωφελῆ
1322 3414 1565 3485 ἱστορίαν
1615 3411 1805 3485 προθέ-

234 3526 416 3579 μενος,
467 3509 518 3562 εί
551 3509 646 3562 καὶ
697 3508 976 3581 αὐτόπτης
1007 3509 1226 3577 γέγονα,
1258 3509 1353 3561 καὶ
1381 3506 1665 3577 ὑπηρέτης
1694 3504 1806 3559 τῶν

230 3602 323 3655 τοῦ
358 3602 497 3671 ἐμοῦ
532 3602 800 3656 Δεσπότου
861 3602 1256 3672 ἀγωνισμάτων
1293 3599 1389 3654 καὶ
1452 3599 1801 3671 ἀθλημάτων,

234 3694 346 3749 ἁλλ’
378 3695 482 3748 οῦκ
515 3694 767 3765 ἐζήλωσα
795 3695 887 3747 τὸν
918 3694 1109 3747 τούτου
1157 3691 1452 3762 ἁγγελικδν
1483 3691 1596 3763 βίον
1626 3694 1807 3763 ἐμπα-

235 3789 343 3853 θῶς
372 3789 856 3859 πολιτευσάμενος,
884 3789 979 3842 καὶ
1000 3786 1099 3858 τὴν
1132 3787 1314 3859 σάρκα
1339 3783 1541 3857 μᾶλλον
1563 3785 1807 3857 ποθήσας

234 3881 374 3952 ὑπὲρ
398 3881 462 3934 τὸ
485 3882 721 3951 πνεῦμα.
763 3878 847 3947 Εῑ,
886 3878 1195 3949 Παρακαλῶ
1223 3874 1336 3942 οὖν,
1371 3879 1667 3947 ἀγαπητοὶ,
1706 3878 1810 3949 μη-

237 3991 351 4036 πως
396 3973 477 4037 είς
533 3973 635 4042 τὴν
666 3970 764 4027 τοῦ
815 3971 977 4041 λόγου
1012 3988 1113 4041 μου
1160 3968 1394 4043 βλέψητε
1450 3967 1805 4040 βεϐηλότητα.

249 4063 496 4136 ’Δμαθης
527 4063 638 4135 γάρ
687 4064 825 4132 εἰμι,
859 4062 952 4115 καὶ
983 4061 1211 4125 εἰκότως
1242 4061 1342 4115 οὐκ
1367 4058 1572 4129 ίσχύσω
1599 4058 1700 4132 τὴν
1734 4058 1811 4111 δι-

242 4159 441 4229 ᾑγησιν
466 4158 598 4226 ὑμῖν
618 4158 676 4210 ἐν
706 4155 871 4226 πείρᾳ
906 4153 1257 4228 ποιήσασθαι.
1329 4152 1468 4206 Ἀλλ’
1492 4147 1609 4205 οῖδα
1641 4150 1809 4220 ὑμᾶς,

243 4253 320 4304 ὅτι
344 4251 409 4304 οὐ
443 4251 581 4321 προς
604 4251 665 4303 τὸ
695 4249 920 4320 ἀκριϐὲς
943 4249 1038 4302 τοῦ
1068 4248 1229 4317 λόγου
1260 4245 1547 4319 βλέποντες
1574 4242 1813 4300 ἀναϐάλ-

242 4344 400 4398 λεσθε
438 4345 538 4413 τὴν
565 4344 835 4414 διήγησιν,
871 4341 1009 4396 ἁλλὰ
1043 4341 1181 4411 πρὸς
1228 4341 1290 4395 τδ
1320 4341 1418 4412 τῆς
1448 4341 1687 4405 πίστεως
1715 4355 1814 4393 τα-

245 4437 426 4491 πεινόν
456 4452 558 4507 μου
592 4434 920 4505 ἀπόφθεγμα
949 4433 1373 4507 εὐπειθησαντες
1403 4433 1494 4487 τδν
1523 4434 1656 4505 παρ’
1679 4429 1815 4502 ἐμοῦ

250 4529 584 4601 ἱστορεῖσθαι
640 4528 900 4601 μέλλοντα
928 4527 1129 4599 τίμιον.
1192 4526 1300 4598 Ego
1354 4528 1543 4582 etenim
1600 4524 1818 4580 humilis

1881 653 2179 725 σκήπτρων
2201 655 2612 727 ἐπιλαϐόμενος.
2655 654 2838 714 Sancti
2888 653 3103 728 Georgii
3132 657 3450 727 martyrium

1878 743 2098 800 videtur
2130 745 2392 817 scriptum
2427 747 2496 802 ab
2526 748 2646 817 ejus
2669 745 2893 803 famulo.
2950 746 3452 816 Ἐπινεύσαντοςβὲ

1878 835 1976 890 τοῦ
2010 837 2418 908 δεσμοφύλακος
2447 838 2693 909 εἰσῆλθεν
2726 841 2754 893 6
2778 840 2994 913 οἰκέτης
3018 840 3120 908 ἔξεο·
3150 843 3249 912 τῆς
3282 839 3457 909 φυλαο

1882 925 1990 998 κῆς
2038 928 2392 1000 παραμένων,
2448 930 2600 995 ὅστις
2627 931 2722 985 καὶ⁸
2751 931 2820 985 τὰ
2846 931 2988 985 κατά
3014 932 3107 986 τὸν
3134 934 3291 1001 άγιον
3321 932 3453 985 ὐπο-

1886 1019 2149 1091 μνήματα
2196 1020 2293 1075 σὺν
2326 1020 2583 1095 ἀκριϐείᾳ
2631 1022 2780 1096 πάσῃ
2841 1023 3121 1090 συνέταξε.
3182 1022 3456 1077 Annuente

1882 1112 2111 1166 carceris
2164 1112 2377 1167 custode
2422 1113 2703 1184 ingressus
2743 1123 2817 1169 est
2875 1114 3128 1187 famulus,
3162 1112 3251 1185 qui
3304 1122 3455 1167 extra

1883 1219 2143 1258 carcerem
2169 1207 2500 1273 morabatur,
2531 1208 2622 1280 qui
2651 1215 2700 1263 et
2731 1206 2796 1264 de
2813 1214 2993 1263 sancto
3020 1206 3458 1262 commentarium

1884 1293 2166 1364 diligenter
2196 1297 2508 1366 composuit.
3411 1292 3418 1299 ’

1962 1477 2229 1548 Ἐγγιστα
2246 1480 2348 1553 τῆς
2370 1480 2575 1545 πόλεως
2595 1482 2930 1556 Καισαρείας
2948 1480 3046 1552 τῆς
3070 1480 3458 1548 Παλαιστινης.

1889 1566 2010 1624 Vita
2034 1577 2091 1625 et
2139 1585 2227 1625 res
2272 1578 2439 1643 gestae
2466 1572 2639 1627 sancti
2669 1570 2979 1627 Martiniani
3008 1587 3023 1625 :
3052 1570 3253 1641 scripta
3279 1577 3365 1625 est
3392 1567 3461 1625 ab

1888 1659 2132 1730 ejusdem
2151 1660 2481 1733 synchrono,
2502 1646 2770 1733 utlegitur
2790 1662 2844 1716 in
2865 1662 3156 1733 principio.
3182 1660 3270 1714 'Ev
3287 1658 3464 1729 τούτῳ

1889 1751 1968 1823 τῷ
1996 1751 2113 1824 δρει
2143 1752 2291 1806 ἐστὶν
2336 1753 2544 1825 ἔρημος
2596 1752 3002 1825 παρακειμένη.
3035 1754 3095 1805 ἐν
3127 1744 3172 1820 ᾧ
3225 1748 3465 1804 οἰκοῦσιν

1891 1843 2084 1913 ἄνδρες
2112 1844 2299 1898 πολλοὶ
2321 1844 2624 1915 ἀσκητικὸν
2655 1843 2767 1915 βίον
2796 1844 3095 1912 διάγοντες,
3117 1844 3174 1895 ἐν
3192 1837 3274 1905 οἷς
3294 1839 3467 1908 ἔγνων

1894 1938 1988 1989 καὶ
2009 1936 2102 1989 τὸν
2142 1937 2413 2009 μακάριον
2444 1937 2541 1992 καὶ
2569 1938 2822 2008 ἐνάρετον
2852 1935 3240 2009 Μαρτινιανδν,
3259 1932 3468 1987 οἰκοῦν-

1892 2044 1960 2081 τα
1980 2028 2038 2081 ἐν
2068 2027 2147 2097 τῷ
2171 2027 2287 2098 δρει
2315 2027 2505 2101 τοότῳ.
2537 2028 2602 2083 In
2636 2028 2732 2083 hoc
2778 2039 2952 2083 monte
2995 2042 3197 2081 eremus
3232 2023 3466 2094 adjacet,

1895 2124 1951 2177 in
2014 2139 2120 2194 qua
2158 2123 2399 2177 habitant
2459 2122 2636 2193 plures
2682 2122 2916 2177 homines
2975 2119 3256 2176 asceticam
3304 2118 3470 2172 vitam

1894 2223 2126 2285 agentes,
2159 2215 2297 2269 inter
2316 2231 2442 2286 quos
2476 2214 2689 2286 cognovi
2711 2215 2921 2270 beatum
2948 2222 2996 2268 et
3034 2210 3313 2267 virtutibus
3337 2208 3471 2264 cele-

1897 2306 2040 2361 brem
2078 2307 2483 2374 Martinianum,
2508 2307 2723 2378 hujusce
2743 2308 2933 2362 montis
2955 2305 3211 2361 accolam.

1969 2398 2084 2473 [86]
2134 2398 2378 2469 Ἐγένετο
2407 2401 2464 2453 ἐν
2487 2402 2609 2464 ταῖς
2666 2398 2901 2470 ἡμέραις
2947 2391 3330 2468 Διοκλητιανοῦ
3376 2392 3470 2447 τοῦ

1899 2491 2166 2562 βασιλέως
2200 2490 2463 2561 ’Λνθιμον
2494 2490 2584 2544 τὸν
2629 2488 2871 2561 ἔπαρχον
2921 2474 3227 2560 ἀρρωστίᾳ.
3275 2484 3474 2556 Marty-

1898 2586 2040 2640 rium
2071 2594 2275 2641 sanctaa
2302 2582 2610 2641 Febronias.
2646 2582 2921 2655 Scriptum
2967 2592 3052 2638 est
3087 2596 3117 2635 a
3149 2578 3472 2645 Thomaidc,

1900 2686 1960 2732 ut
1982 2677 2037 2732 in
2065 2675 2191 2732 line.
2230 2675 2372 2745 Ἐγὼ
2394 2676 2451 2730 δέ
2477 2677 2701 2748 Θωμαῒς
2744 2676 2883 2748 μετὰ
2902 2673 3001 2749 τὴν
3033 2676 3287 2746 κοίμησιν
3308 2672 3478 2745 Βρυέ-

1899 2788 1997 2843 νης
2025 2769 2298 2842 ἐδεξάμην
2327 2769 2500 2841 αὐτῆς
2553 2768 2651 2841 τὴν
2701 2767 3009 2823 διακονίαν⁹
3055 2768 3151 2821 καὶ
3194 2766 3373 2820 πάντα
3415 2763 3478 2829 ἐξ

1902 2862 2076 2934 ἀρχῆς
2112 2860 2453 2932 ἐπισταμένη
2514 2859 2584 2914 τά
2634 2859 3018 2930 συμϐεϐηκότα
3059 2861 3125 2932 τῇ
3172 2857 3475 2931 Φευρωνίαο

1902 2954 2093 3011 ἔπειτα
2116 2953 2173 3007 δέ
2200 2954 2296 3008 καὶ
2324 2954 2395 3009 τά
2420 2952 2583 3008 λοιπὰ
2617 2952 2934 3024 διδαχθεῖσα
2969 2952 3121 3024 παρὰ
3163 2949 3259 3005 τοῦ
3304 2947 3475 3019 κυροῦ

1902 3047 2244 3120 Λυσιμάχου,
2332 3046 2548 3101 ἅπαντα
2619 3045 2712 3099 τὸν
2761 3046 2871 3117 βίον
2945 3047 3038 3101 καὶ
3106 3046 3175 3099 τὰ
3235 3041 3480 3113 ὑπομνὴ-

1908 3155 2053 3209 ματα
2094 3138 2262 3209 αὐτῆς
2308 3135 2739 3208 συνεγραψάμην
2795 3136 2875 3199 είς
2920 3134 3144 3190 ἔπαινον
3186 3135 3280 3188 καὶ
3320 3131 3479 3198 δόξαν

1904 3229 2005 3301 τῆς
2036 3228 2336 3304 ἀθλοφόρου
2367 3230 2460 3285 καὶ
2501 3229 2780 3304 μάρτυρος
2815 3227 3145 3300 Φευρωνίας,
3198 3222 3480 3297 προθυμίᾳ

1904 3326 1962 3380 δέ
1986 3325 2096 3381 τῶν
2120 3324 2554 3392 ἁκουόντων,τοῦ
2587 3324 2872 3395 διεγείρειν
2898 3321 3095 3385 αὐτοὺς
3130 3323 3209 3384 είς
3240 3317 3482 3389 προσκύ-

1906 3434 2063 3491 νησιν
2109 3418 2203 3471 καὶ
2248 3415 2408 3484 δόξαν
2440 3414 2533 3469 τοῦ
2575 3413 2823 3486 Πατρδς,
2868 3413 2963 3465 καὶ
3017 3410 3113 3464 τοῦ
3177 3408 3305 3463 Υίοῦ
3332 3449 3347 3474 ,
3389 3410 3483 3461 καὶ

1905 3508 2003 3564 τοῦ
2071 3510 2229 3579 ἁγίου
2290 3507 2632 3579 Πνεύματος.
2700 3504 2812 3576 Ego
2863 3518 3019 3572 porro
3076 3501 3320 3555 Thomais
3368 3507 3484 3568 post

1905 3603 2163 3676 Bryenna:
2183 3602 2404 3666 obitum,
2442 3600 2498 3656 in
2534 3615 2613 3655 me
2646 3598 2790 3654 illius
2828 3596 3177 3651 ministerium
3206 3591 3401 3661 accepi,
3433 3599 3482 3645 et

1909 3710 2026 3750 cum
2055 3702 2235 3749 exacte
2262 3701 2488 3746 tenerem
2511 3704 2831 3762 quacunque
2859 3683 3128 3741 Febroniw
3155 3681 3482 3741 acciderunt;

1910 3801 2029 3843 cum
2082 3786 2245 3840 etiam
2303 3782 2507 3854 reliqua
2559 3798 2591 3836 a
2653 3779 2868 3834 domino
2932 3774 3243 3846 Lysimacho
3303 3770 3485 3825 edocto

1910 3895 2092 3943 essent,
2118 3877 2415 3931 universam
2440 3873 2585 3928 illius
2608 3873 2774 3927 vitam
2800 3881 2848 3925 et
2874 3887 2953 3925 res
2975 3876 3266 3923 memoratu
3296 3865 3486 3935 dignas

1912 3972 1968 4026 in
1991 3970 2199 4025 laudem
2238 3977 2287 4023 et
2329 3966 2556 4038 gloriam
2599 3964 2813 4036 virginis
2854 3971 2901 4017 et
2935 3960 3188 4037 martyris
3217 3956 3487 4012 Febr-cnice

1912 4065 2105 4134 scripto
2133 4062 2457 4133 consignavi,
2511 4060 2725 4130 cupiens
2777 4073 2896 4113 vero
2924 4055 3251 4111 audientium
3282 4052 3488 4104 animos

1915 4160 2145 4215 excitare
2176 4156 2232 4211 in
2258 4155 2629 4210 adorationem
2680 4160 2730 4206 et
2766 4149 2993 4222 gloriam
3022 4146 3223 4208 Patris,
3254 4153 3302 4198 et
3335 4139 3487 4205 Filii,

1916 4261 1964 4308 et
2002 4251 2233 4323 Spiritus
2261 4248 2451 4305 sancti.

1999 4344 2247 4415 Ἐγένετο
2306 4341 2447 4397 κατὰ
2505 4339 2605 4411 τὴν
2654 4335 2911 4408 τελευτὴν
2959 4331 3054 4388 τοῦ
3104 4328 3488 4386 ἁσεϐεστάτου.

1919 4437 2196 4494 Timothei
2243 4434 2484 4507 episcopi
2524 4428 2902 4496 Alexandrini,
2935 4426 3188 4497 διήγησις
3227 4422 3335 4474 τῶν
3361 4421 3491 4473 θαυ-

1925 4526 2112 4598 μάτων
2168 4524 2264 4579 τοῦ
2324 4523 2483 4593 ἁγίου
2558 4517 3042 4593 μεγαλομὰρτυρος
3111 4511 3207 4566 τοῦ
3251 4508 3494 4581 Χριστοῦ

245 4624 570 4689 Eutolmius,
598 4623 689 4695 qui
737 4622 879 4678 vobis
921 4622 1058 4675 hanc
1083 4621 1279 4675 anhnis
1323 4618 1606 4690 perutilem
1656 4618 1820 4673 histoo
1844 4634 1896 4698 ο
1921 4618 2109 4691 Μηνᾶ.

246 4721 382 4773 riam
434 4734 690 4789 propono,
725 4717 843 4773 licet
880 4716 1044 4772 oculis
1069 4717 1197 4771 meis
1228 4715 1468 4780 viderim,
1495 4723 1549 4770 et
1576 4714 1818 4769 minister

246 4815 343 4868 mei
400 4810 619 4866 Domini
654 4810 1026 4874 certaminum,
1060 4819 1113 4864 et
1167 4817 1430 4879 gestorum
1460 4809 1636 4881 factus
1692 4810 1816 4875 sim,

249 4907 592 4962 nihilominus
633 4904 775 4959 illius
821 4903 1115 4973 angelicam
1153 4903 1321 4956 vitam
1380 4901 1663 4957 aemulatus
1716 4917 1821 4956 non

248 5021 360 5056 sum
388 5000 663 5072 aﬂ'ectibus
685 4999 975 5063 obnoxius;
1002 5005 1050 5050 et
1073 4996 1128 5049 in
1151 5010 1364 5048 carnem
1384 5010 1542 5066 quam
1582 4994 1636 5047 in
1662 4993 1822 5063 spiri-

170 5148 175 5153 .
252 5108 356 5149 tum
410 5095 581 5164 magis
629 5107 934 5161 propensus.
973 5090 1062 5154 Et,
1110 5084 1215 5143 Oro
1245 5087 1443 5158 itaque,
1476 5086 1820 5152 dilectissimi,

253 5210 310 5247 ne
346 5195 404 5246 in
429 5190 686 5245 sermonis
733 5187 835 5241 mei
903 5185 1186 5256 profanum
1245 5182 1604 5253 prospiciatis.
1642 5180 1822 5236 Idiota

253 5284 388 5336 enim
411 5296 531 5334 sum
565 5291 584 5330 :
615 5278 834 5347 ideoque
867 5275 1055 5329 merito
1077 5289 1181 5328 non
1218 5282 1399 5343 potero
1426 5272 1526 5325 hac
1547 5288 1662 5325 mea
1694 5287 1823 5325 nar-

254 5376 459 5429 ratione
494 5370 639 5427 vobis
672 5370 1000 5440 satisfacere.
1052 5365 1424 5422 Verumtamen
1458 5366 1566 5420 scio
1588 5382 1676 5420 vos
1724 5380 1826 5418 non

253 5478 531 5534 propterea
558 5461 698 5533 quod
725 5459 980 5530 exquisite
1007 5457 1063 5511 in
1089 5472 1351 5512 sermones
1375 5471 1513 5509 meos
1538 5455 1824 5525 inquiritis,

257 5557 622 5612 narrationem
638 5553 869 5624 diﬁ'erre,
900 5551 991 5607 sed
1018 5550 1089 5604 ad
1117 5549 1237 5619 ﬁdei
1271 5546 1518 5601 humilem
1547 5547 1827 5601 dictionem

256 5647 587 5716 respicientes
625 5643 771 5698 illius
800 5641 1079 5696 venerandi
1112 5640 1304 5705 Vitam,
1333 5654 1491 5709 quam
1518 5654 1610 5707 ego
1640 5653 1830 5691 narra-

260 5740 397 5792 tione
421 5736 522 5790 hac
562 5732 678 5789 mea
715 5740 1082 5803 prosecuturus
1130 5745 1265 5796 sum,
1294 5736 1399 5783 etc.
1431 5726 1689 5803 Eutolmii
1722 5726 1829 5781 hu-

258 5831 407 5901 iusce
438 5826 690 5884 meminit
711 5824 944 5897 Symcon
980 5821 1365 5891 Metaphrastcs
1393 5822 1448 5876 in
1477 5820 1595 5877 Vita
1620 5831 1831 5879 sancto-

262 5934 382 5975 rum
403 5915 737 5976 Galactionis
763 5923 819 5972 et
850 5914 1171 5997 Epistentes.

2005 4705 2253 4776 Ἐγένετο
2284 4702 2422 4777 μετά
2447 4700 2509 4758 τό
2549 4698 2922 4772 ἀναληφθῆναι
2945 4694 3038 4751 τδν
3069 4694 3297 4769 Κύριον.
3345 4690 3490 4747 Eva-

1923 4800 2022 4872 grii
2050 4798 2322 4865 monachi,
2355 4796 2469 4869 βίος
2494 4796 2589 4852 καὶ
2617 4792 2861 4850 πολιτεία
2880 4788 2978 4847 τοῦ
3000 4778 3059 4845 ἐν
3085 4789 3262 4861 ἁγίοις
3280 4784 3497 4858 ῐῐατρδς

1922 4891 2082 4965 ἡμῶν
2117 4889 2486 4962 Παγκρατίου.

2009 4983 2254 5054 Ἐγένετο
2298 4980 2435 5053 μετὰ
2460 4978 2520 5034 τὸ
2563 4975 2979 5049 είσκομισθῆναι
3015 4975 3077 5029 τὸ
3114 4972 3379 5043 λείψανον
3400 4968 3495 5024 τοῦ

1926 5076 2083 5147 ἁγίου
2132 5073 2602 5146 πρωτομάρτυρος
2647 5069 2945 5140 Στεφάνου.
3002 5066 3259 5122 Narratio
3306 5064 3494 5132 depor-

1928 5171 2140 5224 tationis
2178 5167 2524 5238 reliquiarum
2564 5164 2733 5219 sancti
2774 5161 3181 5231 protomartyris
3218 5155 3495 5225 Stephani.

1925 5262 2134 5317 Auctor
2178 5260 2399 5315 vivebat
2438 5266 2598 5314 aetate
2646 5255 2830 5328 Cyrilli
2894 5247 3411 5322 Hierosolymitani,
3442 5254 3499 5301 et

1928 5353 2147 5411 Eusebii
2188 5348 2782 5422 Conslantinopolitani
2857 5344 3142 5418 episcopi,
3209 5340 3496 5398 consulatu

1927 5445 2270 5503 Constantini
2300 5444 2644 5516 imperatoris
2677 5441 2949 5498 decimum
2985 5447 3263 5503 octavum,
3313 5442 3375 5489 ut
3432 5448 3499 5487 ex

1930 5540 2087 5597 titulo
2118 5537 2446 5593 narrationis
2477 5534 2768 5607 colligitur.
2818 5533 2887 5588 Et
2918 5529 3225 5587 instituitur
3259 5518 3501 5581 nari'atio

1931 5642 2189 5704 tanquam
2217 5645 2248 5685 a
2276 5638 2551 5702 praesente
2579 5636 2633 5683 et
2657 5626 2875 5683 vidente
2903 5642 2917 5680 :
2956 5637 3175 5694 nempe,
3230 5619 3319 5673 Ἐν
3360 5615 3498 5686 αὐτῇ

1929 5726 1986 5780 δὲ
2014 5728 2080 5797 τῇ
2120 5724 2277 5778 νυκτὶ
2314 5722 2548 5796 ἦλθομεν
2597 5719 2769 5792 νομάς
2817 5719 2966 5789 τρεῖς
2992 5732 3007 5747 ·
3045 5716 3144 5785 τὴν
3186 5711 3244 5765 δέ
3288 5708 3502 5782 ἡμέραν

1934 5817 2307 5888 ἡσυχάσαντες
2333 5856 2347 5881 ,
2396 5817 2466 5885 τῇ
2519 5813 2728 5883 ἑσπέρᾳ
2771 5809 3067 5864 ὁδευόντων
3114 5804 3269 5875 ἡμῶν
3314 5801 3508 5875 βαθείᾳ

1934 5911 2093 5966 νυκτὶ
2144 5909 2213 5964 τὰ
2266 5906 2551 5978 πνεύματα
2594 5904 2844 5976 ἔκραζον.
2894 5899 2977 5969 Et,
3032 5895 3382 5969 Ἒφθάσαμεν
3426 5895 3510 5956 εἰς
