3826 6514
308 508 380 570 83

1617 505 1898 567 LEONIS
1937 505 2245 567 ALLATII

3518 501 3594 566 81

319 613 640 670 Ἀσκάλωνα
669 613 768 686 τὴν
805 613 1280 685 παραθαλασσίαν.
1301 611 1386 675 Et,
1414 611 1634 684 Πρωῖας
1667 611 1724 668 δὲ
1753 629 1902 684 γενο-
1930 617 1978 676 Α
2007 611 2634 678 Κωνσταντινουπόλεως
2688 611 3118 680 ’Δντωνίου,’τοῦ
3157 610 3257 685 τὴν
3291 611 3464 684 μονὴν
3493 601 3588 666 τοῦ

312 709 482 781 μένης
531 707 767 779 ἢλθομεν
825 707 919 762 ἐπὶ
971 707 1040 761 τὰ
1089 708 1278 762 στενὰ.
1341 705 1440 772 Ει,
1487 705 1765 776 Ἥλθομεν
1814 707 1896 772 είς

305 800 647 870 Χαλκηδόνα.
716 800 844 872 Ipsa
921 811 1100 856 autem
1158 809 1328 869 nocte,
1389 801 1730 872 prrefecturas
1789 809 1894 856 tres

305 893 662 966 praetergressi
719 907 924 960 sumus,
986 894 1072 948 die
1141 903 1318 948 autem
1367 893 1532 964 quieti
1590 891 1896 962 corporibus

304 987 536 1052 traditis,
565 987 636 1041 ad
668 1003 966 1057 vesperam,
1013 1003 1132 1042 cum
1179 987 1280 1041 iter
1303 1001 1739 1056 prosequeremur
1767 1003 1894 1056 pro-

303 1081 470 1152 funda
532 1092 702 1147 nocte,
753 1082 973 1152 spiritus
1022 1080 1347 1136 clamabant.
1415 1077 1518 1146 Et,
1581 1079 1893 1134 Ascalonem

301 1173 634 1227 maritimam
687 1173 1038 1243 pervenimus.
1107 1170 1215 1237 Et,
1267 1171 1336 1225 Et
1391 1187 1596 1226 summa
1637 1187 1792 1226 mane
1820 1170 1893 1225 ad

303 1265 581 1334 angustias
611 1263 936 1336 appulimus.
983 1263 1068 1332 Et,
1101 1261 1478 1319 Chalcedonem
1510 1263 1766 1317 venimus.
1824 1262 1892 1318 Et

303 1356 532 1413 similia.

386 1449 636 1520 Ἐγένετό
663 1451 756 1522 μοί
787 1468 919 1506 ποτε
952 1449 1328 1523 καθεζομένῳ.
1375 1449 1651 1506 Ammonii
1701 1465 1892 1506 mona-

303 1543 440 1611 chi,
503 1542 755 1616 διήγησις
819 1543 951 1616 περὶ
994 1544 1104 1597 τῶν
1165 1541 1565 1614 ἀναιρεθέντων
1625 1543 1730 1597 ὑπὸ
1782 1541 1892 1598 τῶν

304 1633 609 1722 ιξαρὸἀρων
633 1637 692 1690 ὲν
724 1635 805 1709 τῷ
854 1635 1136 1710 Σινᾷ“δρει
1166 1635 1259 1690 καὶ
1279 1636 1340 1690 ὲν
1373 1639 1441 1708 τῇ
1487 1633 1693 1691 Ῥαῖθοῖ
1716 1633 1892 1705 ἁγίων

302 1727 449 1782 Πατέ
453 1745 584 1800 ρων.
1499 1795 1510 1808 _

387 1815 711 1886 Ἐγκαινίων
738 1816 1320 1889 πακθήγυριςμὰδελφοί.
1355 1817 1564 1894 Leonis
1589 1819 1892 1890 imperato-

302 1908 398 1975 ris,
447 1908 608 1978 λόγος
640 1911 721 1976 είς
748 1907 848 1979 τὴν
891 1909 1108 1980 ίέρωσιν
1137 1909 1230 1964 τοῦ
1258 1909 1410 1968 ναοῦ.

380 2003 531 2058 Ἔδει
566 2001 666 2072 μὲν
710 2003 860 2074 ἡμᾶς
894 2003 1030 2076 πρὸς
1064 2005 1262 2074 πεῖραν
1306 2001 1519 2056 πολλῶν
1555 2000 1890 2074 εὐεργεσιῶν

301 2099 617 2170 εἰληφότας.
679 2095 996 2170 Martyrium
1048 2098 1221 2153 sancti
1276 2097 1543 2152 Theodoti
1591 2095 1889 2169 Ancyrani.

306 2193 584 2263 Seritum
608 2201 693 2248 est
715 2207 746 2247 a
771 2188 893 2250 Nilo
918 2191 974 2246 in
997 2191 1254 2263 martyrio
1282 2193 1517 2250 comite:
1543 2191 1768 2262 Λεγέτω
1797 2190 1891 2246 οὖν

303 2297 390 2345 τις
422 2281 562 2352 ὅπερ
598 2273 882 2354 βούλεται(
925 2283 1088 2354 ἡμεῖς
1135 2279 1279 2355 ἀπέρ
1331 2283 1428 2336 καὶ
1474 2281 1742 2353 ἔγνωμεν,
1797 2281 1893 2336 καὶ

305 2373 496 2444 ὄψεσιν
539 2373 734 2440 αὐταῖς
775 2371 1150 2444 ἐθεασάμεθα,
1186 2371 1283 2443 τὴν
1325 2371 1628 2444 καρτερίαν
1668 2369 1764 2426 τοῦ
1799 2369 1894 2426 ἁν-

301 2463 450 2534 δρὺς,
486 2462 564 2528 ὡς
612 2465 708 2518 καὶ
769 2463 1151 2536 συμπαρόντες
1199 2462 1375 2534 αὐτῷ,
1419 2461 1518 2517 καὶ
1561 2461 1891 2528 ἀξιωθέντες

302 2557 438 2628 παρ’
483 2543 650 2613 αὑτοῦ
699 2557 868 2628 ἁγίων
905 2557 1081 2628 λόγων
1118 2555 1400 2620 νουθεσίας
1441 2556 1625 2628 χάριν,
1658 2573 1712 2610 κ.
1755 2573 1808 2610 τ.
1839 2555 1889 2610 ὲ.

304 2650 440 2704 Τότε
501 2649 748 2723 ἔγνωμεν
795 2651 889 2706 τὸν
945 2649 1212 2722 προδότην
1268 2644 1414 2706 εἶναι
1470 2649 1564 2704 τὸν
1617 2647 1892 2722 Πολυχρό-

305 2759 444 2800 νιον.
473 2743 631 2798 hicat
659 2743 841 2812 itaque
873 2758 1196 2814 quwcunque
1229 2741 1338 2797 vult
1375 2740 1616 2813 quilibet,
1649 2757 1741 2796 nos
1773 2756 1891 2812 qua:

303 2835 661 2907 cognovimus,
713 2844 762 2889 et
805 2835 970 2890 oculis
1024 2836 1152 2908 ipsis
1197 2834 1466 2902 vidimus,
1527 2831 1890 2905 fortitudinem

300 2931 426 2996 uiri,
479 2939 736 3001 tauquam
766 2930 856 3001 qui
898 2939 1179 3001 prmsentes
1223 2929 1302 2983 illi
1334 2929 1612 3000 fuerimus,
1645 2925 1892 2996 dignique

301 3023 468 3094 effecti
488 3039 669 3077 sumus
699 3022 764 3076 ab
799 3021 978 3077 eodem
1006 3033 1310 3078 sanctorum
1339 3019 1741 3092 colloquiorum,
1774 3013 1891 3092 [87]

302 3115 376 3169 ad
407 3121 644 3168 nostram
674 3113 1070 3167 instructionem
1102 3112 1368 3167 memoria:
1391 3109 1888 3172 commendabimus,

302 3215 412 3262 etc.
442 3205 567 3260 1am
596 3205 928 3276 cognovimus
955 3204 1277 3274 proditorem
1315 3219 1424 3258 esse
1456 3199 1888 3272 Polychronium.

301 3297 374 3354 Et
415 3296 470 3352 in
509 3296 655 3363 line;
710 3297 752 3348 Τ
755 3293 897 3349 αὔτα
929 3295 1107 3348 πάντα
1134 3293 1246 3364 ἐγὼ
1274 3293 1468 3357 Νεῖλος
1519 3290 1775 3356 ταπεινὸς
1805 3289 1892 3358 £5-

303 3389 488 3445 ἐδωκα
531 3387 661 3460 ὑμῖν
691 3388 832 3460 μετά
883 3389 1066 3458 πάσης
1111 3385 1398 3458 ἀκριὸείας
1431 3386 1544 3448 τοῖς
1583 3380 1890 3453 θεοφιλέων

301 3483 592 3554 ἀδελφοῖς,
637 3483 698 3546 ὃς
740 3483 835 3537 καὶ
874 3483 933 3538 ὲν
976 3481 1044 3554 τῇ
1079 3479 1296 3553 φυλακῇ
1353 3475 1530 3540 συνὼν
1571 3475 1720 3548 αὐτῷ
1743 3515 1758 3543 ,
1795 3474 1890 3529 καὶ

299 3577 510 3632 ἕκαστα
539 3577 704 3647 γνοὺς
749 3574 786 3631 ἁ
833 3577 918 3640 είς
942 3575 1144 3646 γνῶσιν
1177 3574 1420 3646 ἤγαγον,
1457 3567 1739 3640 πανταχοῦ
1787 3566 1891 3636 τῆς

300 3669 565 3742 ἀληθείας
616 3669 957 3740 φροντίζωνο
999 3669 1148 3731 ὅπως
1177 3665 1274 3720 καὶ
1316 3663 1478 3737 ἡμεῖς
1524 3661 1664 3734 μετὰ
1709 3658 1890 3732 πάσης

301 3762 544 3827 πίστεως
571 3764 670 3818 καὶ
709 3759 1082 3834 πληροφορίας
1126 3759 1418 3822 ἀκούοντες
1460 3755 1678 3828 σχοίητε
1721 3754 1888 3826 μέρος

305 3855 446 3926 μετὰ
511 3855 608 3912 τοῦ
666 3856 823 3926 ἁγίου
892 3855 991 3910 καὶ
1071 3853 1284 3918 ἐνδόξου
1368 3852 1646 3923 μάρτυρος
1699 3847 1890 3902 Θεοδό-

300 3963 419 4002 του.
472 3944 602 4002 Ηωο
648 3949 824 4002 omnia
881 3963 974 4021 ego
1025 3945 1239 4002 humilis
1268 3943 1430 4000 Nilus
1467 3941 1728 4013 exquisita
1762 3939 1888 3996 dili-

301 4040 480 4111 gentia
509 4040 650 4096 vobis
685 4040 905 4108 credidi,
937 4039 1035 4094 Dei
1065 4038 1365 4094 amantibus
1396 4025 1673 4107 fratribus,
1708 4035 1799 4106 qui
1831 4035 1890 4088 in

303 4135 419 4204 ipso
445 4149 656 4189 carcere
707 4149 826 4188 cum
856 4150 914 4188 eo
966 4133 1066 4208 fui,
1097 4131 1410 4206 singulaque
1437 4129 1653 4201 cognovi
1685 4143 1802 4200 qua:
1831 4128 1888 4182 in

301 4227 736 4282 commentarium
766 4227 943 4294 retuli,
975 4227 1032 4280 in
1065 4225 1305 4280 omnibus
1343 4225 1618 4279 veritatem
1646 4232 1886 4286 secutus;

301 4325 358 4370 ut
387 4333 476 4372 vos
504 4333 705 4390 quoque
734 4333 853 4371 cum
880 4317 1024 4372 omni
1043 4315 1149 4385 ﬁde
1179 4327 1225 4370 et
1251 4315 1562 4370 certitudine
1587 4315 1885 4380 audientes,

302 4418 510 4479 partem
565 4427 682 4466 cum
728 4418 910 4466 sancto
973 4418 1022 4465 et
1079 4407 1307 4482 glorioso
1348 4416 1585 4480 martyre
1627 4405 1886 4464 Theodoto

303 4504 563 4559 habeatis.

376 4596 526 4650 Ἔδει
557 4596 766 4660 πάντας
793 4593 1120 4668 ἀνθρώπους
1149 4593 1259 4648 τῶν
1289 4592 1472 4649 καλῶν
1491 4595 1567 4668 μὴ
1603 4595 1883 4667 ἀμυήτους

1925 1973 1964 2030 Β

1916 3337 1960 3398 C

2000 705 2231 770 Καλέως
2263 705 2700 778 συστησαμένου.

2071 799 2134 853 Ei
2170 799 2229 854 δὲ
2258 799 2488 872 οὐρανοῦ
2561 800 2786 866 κάλλος,
2830 800 2925 854 καὶ
2964 799 3142 872 αὐγὴν
3172 797 3324 871 ἡλίου
3353 797 3592 870 φαιδρὰν

1995 891 2122 948 οὔτε
2180 891 2456 964 ἐσίγησεν.
2507 893 2702 949 Isidori
2775 892 3174 964 archiepiscopi
3228 890 3591 948 Thessaloni-

1997 982 2203 1054 censis,
2255 984 2412 1055 λόγος
2443 987 2522 1050 είς
2548 985 2648 1057 τὴν
2689 985 2948 1058 κοίμησιν
2978 985 3076 1058 τῆς
3099 982 3410 1056 ὑπεραγίας
3457 981 3592 1036 Θεο-

1997 1077 2184 1133 τόκου.

2069 1171 2132 1224 El
2181 1171 2248 1225 ἐκ
2277 1168 2370 1224 τοῦ
2407 1167 2621 1242 καρποῦ
2658 1169 2718 1224 τδ
2761 1167 2980 1240 δένδρον
3007 1165 3335 1239 γνὼσκεται,
3383 1167 3480 1220 καὶ
3523 1163 3635 1246 τὸ)

1997 1262 2162 1316 καλὸν
2199 1261 2432 1334 δένδρον.
2479 1259 2725 1335 Gregorii
2783 1261 3016 1317 Falerna:
3045 1259 3293 1330 cpisc0pi
3340 1258 3610 1318 Thcssa-.

1995 1354 2314 1423 lonicensis,
2377 1351 2566 1427 ὁμιλία
2617 1355 3000 1430 ὲκφωνηθεῖσα
3044 1354 3188 1410 κατά
3229 1351 3328 1425 τὴν
3379 1353 3462 1417 εις
3517 1351 3588 1406 τὰ

1996 1443 2165 1514 ’Δγια
2193 1445 2301 1499 τῶν
2331 1446 2503 1517 ἁγίων
2533 1443 2736 1501 εἴσοδον
2764 1446 2958 1519 ἑορτὴν
2987 1445 3086 1516 τῆς
3109 1445 3397 1500 Θεοτόκου.

2065 1538 2266 1593 Εἰκόνα
2309 1539 2653 1612 μαρτυρικὴν
2679 1539 2980 1610 διαγράψαι
3016 1537 3298 1610 βούλομαι.
3341 1535 3587 1610 Ephrem

1993 1631 2133 1704 Syri,
2161 1629 2435 1702 ἐγκώμιον
2460 1633 2540 1698 εἰς
2569 1635 2696 1697 τοὺς
2731 1632 2920 1702 ἁγίους
2979 1628 3406 1704 Τεσσαράκοντα
3436 1627 3586 1700 μάρ-

1994 1741 2189 1794 τυρας.

2064 1815 2128 1869 Εἰ
2160 1811 2260 1886 μὲν
2287 1815 2518 1889 λαμπρά
2542 1815 2637 1872 καὶ
2657 1813 2992 1888 πανεύφημα
3021 1812 3092 1872 τὰ
3109 1812 3218 1869 τῶν
3233 1813 3412 1882 ἁγίων
3441 1829 3588 1884 μαρ-

1994 1907 2178 1979 τύρων
2211 1909 2555 1980 μνημόσυνα.
2595 1908 2830 1964 Andreae
2857 1907 3161 1969 Cretensis,
3195 1905 3476 1978 ἐγκώμιον
3501 1907 3587 1970 είς

1993 2000 2083 2055 τὸν
2108 2001 2262 2070 ἅγιον
2293 1999 2756 2072 μεγαλομάρτυρα
2788 1999 3086 2074 Γεὼργιον.

2066 2095 2130 2148 El
2158 2095 2256 2166 μὲν
2289 2098 2317 2149 ὁ
2348 2095 2442 2149 τοῦ
2479 2095 2638 2166 λόγου
2669 2091 2848 2167 κήρυξ
2909 2095 3004 2148 καὶ
3029 2093 3358 2166 πρόδρομος.
3394 2087 3586 2147 Theo-

1993 2188 2114 2244 dori
2169 2187 2562 2260 Daphnopatte,
2597 2190 2688 2253 ,είς
2717 2187 2776 2244 τδ
2806 2187 3052 2258 γενέσιον
3083 2187 3176 2242 τοῦ
3223 2189 3408 2259 τιμίου
3439 2187 3587 2258 Προ-

1991 2279 2215 2352 δρόμου.
2252 2279 2312 2334 lu
2337 2281 2526 2336 codice
2557 2279 2698 2335 1074
2757 2278 3021 2337 Vaticano
3053 2279 3311 2336 tribuitur
3327 2279 3588 2334 Theodo-

1995 2375 2100 2430 rito
2161 2373 2286 2446 Cyri
2316 2373 2575 2444 episcopo
2599 2415 2614 2440 ,
2647 2372 2985 2446 Θεοδωρίτου
3037 2374 3340 2430 ἐπισκόπου
3371 2373 3585 2446 Κύρου.

2061 2468 2126 2522 Εἰ
2165 2468 2442 2538 μετρεῖται
2465 2465 2538 2537 γῆ
2582 2463 2855 2537 σπιθαμῇ,
2895 2464 2991 2520 καὶ
3020 2464 3270 2537 σπαρτίῳ
3309 2463 3585 2537 περιγράο

1994 2579 2154 2632 φεται
2205 2561 2471 2616 θάλασσα.
2537 2559 2759 2635 Georgii
2817 2559 3296 2628 Nicomediensis,
3350 2561 3433 2624 εἰς
3480 2557 3588 2629 τὴν

1992 2655 2207 2725 γένεσιν
2232 2655 2333 2728 τῆς
2367 2655 2656 2711 Θεοτόκου.

2009 2815 2018 2820 _
2065 2743 2233 2802 Εἶπεν
2263 2749 2293 2803 ό
2329 2747 2554 2818 Κύριος,
2596 2745 2787 2814 Οὐδεὶς
2836 2747 3145 2820 ἁναὸἐϐηκε
3185 2747 3266 2814 είς
3302 2747 3394 2802 τὸν
3415 2744 3587 2820 οὖρα-

1992 2841 2106 2896 νόν.
2163 2841 2393 2900 Joannis
2417 2843 2652 2909 Calecae,
2691 2842 2849 2913 λόγος
2884 2845 2953 2915 τῇ
3003 2843 3262 2914 Κυριακῇ
3313 2840 3419 2913 πρὸ
3473 2838 3582 2908 τῆς

1993 2935 2256 3006 ὕψώσεως
2287 2935 2382 2990 τοῦ
2434 2935 2702 3000 ζωοποιοῦ
2736 2934 3006 3006 Σταυροῦ.
3081 2933 3373 3006 Gretserus
3419 2941 3584 2987 nota-

1993 3030 2144 3084 tione
2181 3029 2237 3082 in
2263 3029 2407 3084 hanc
2432 3029 2764 3102 orationem,
2786 3038 2848 3084 ut
2865 3028 2924 3081 ὲν
2952 3027 3176 3098 παρόδῳ
3214 3027 3336 3098 ipse
3358 3037 3583 3098 quoque

1991 3121 2044 3177 id
2071 3131 2257 3178 notem
2286 3139 2300 3189 ;
2339 3121 2464 3176 llam
2495 3122 2690 3187 oratio,
2729 3120 2928 3192 inquit,
2957 3137 3144 3176 nomen
3168 3121 3382 3192 praefert
3405 3117 3583 3172 Joan~

1993 3211 2075 3265 nis
2101 3209 2307 3268 Calecte
2350 3209 2675 3281 patriarcha:
2714 3207 3218 3278 Constantinopolit.
3275 3204 3381 3262 Sed
3459 3205 3583 3277 quis

1993 3313 2040 3356 et
2085 3310 2274 3375 quotus
2299 3310 2373 3356 est
2405 3298 2670 3357 Calecas?
2712 3297 2885 3366 Quis?
2909 3298 3035 3354 Fuit
3058 3297 3320 3363 Joannes,
3343 3295 3436 3368 qui
3472 3295 3582 3352 sub

1993 3392 2204 3448 Joanne
2258 3392 2302 3448 V
2349 3391 2653 3465 Palatologo
2703 3407 2767 3448 ac
2813 3390 3028 3447 Joanne
3071 3391 3142 3448 Vi
3189 3389 3582 3446 Cantacuzeno

1993 3495 2118 3558 post
2147 3483 2364 3541 Esaiam
2390 3483 2744 3556 Byzantinam
2769 3479 3072 3540 Ecclesium
3115 3479 3274 3537 rexit.
3328 3479 3582 3548 Namque

1993 3577 2069 3634 illi
2108 3593 2412 3651 cognomen
2433 3576 2644 3633 Calecae
2669 3574 2792 3630 fuit.
2835 3573 2998 3630 Disco
3033 3588 3102 3630 ex
3144 3573 3340 3630 eodem
3372 3567 3582 3626 Canta-

1991 3687 2201 3728 cuzeno
2267 3670 2322 3726 in
2396 3669 2672 3742 prooemio
2756 3666 3241 3724 antirrbeticorum
3313 3663 3582 3718 adversus

1999 3764 2332 3837 procborum
2363 3761 2692 3834 Cydonium.
2751 3759 3052 3832 Signentur
3096 3756 3288 3814 verba.
3348 3753 3578 3808 Συνόδου

1989 3856 2170 3914 τοίνυν
2188 3854 2657 3928 συγκροτηθείσης
2675 3853 2940 3924 (loquitur
2967 3852 3032 3908 de
3048 3848 3164 3925 [88]
3191 3847 3492 3912 Barlaamo,
3522 3851 3581 3900 et

1991 3948 2276 4020 Acyudino
2313 3936 2884 4002 et'Tbessalonicensi
2922 3939 3182 4014 Gregorio
3229 3937 3472 4008 Palarna)
3518 3935 3580 3989 ἐν

1989 4046 2057 4116 τῇ
2141 4041 2713 4098 Κωνσταντινουπόλει
2765 4037 2918 4111 παρὰ
2970 4035 3066 4092 τοῦ
3116 4033 3424 4108 μακαρίτου
3477 4032 3578 4086 καὶ

1991 4137 2238 4208 ἀοιδίμου
2272 4133 2539 4207 βασιλέως
2581 4133 2923 4209 ’Δνδρονίλου
2944 4130 3042 4186 τοῦ
3085 4127 3456 4197 Παλαιολόγου
3479 4123 3578 4181 τοῦ

1991 4230 2224 4300 ἀδελφοῦ
2267 4247 2395 4302 μου,
2439 4230 2689 4286 Ἰωάννου
2722 4227 2819 4282 τοῦ
2847 4225 3074 4282 Καλέκα
3113 4222 3208 4279 τδν
3237 4237 3578 4292 πατριαρχι-

1990 4322 2086 4374 κδν
2145 4318 2470 4390 κατέχοντος
2522 4317 2744 4392 θρόνον,
2812 4317 3084 4388 παρόντος
3137 4313 3232 4366 καὶ
3292 4308 3458 4366 αὑτοῦ
3509 4308 3578 4380 δὴ

1987 4415 2082 4470 τοῦ
2128 4415 2552 4487 Θεσσαλονίκης,
2579 4411 2948 4482 κατεδικάσθη
2987 4409 3085 4464 καὶ
3123 4405 3462 4478 ἀπεπέμφθη
3499 4407 3580 4471 ὡς

1989 4509 2244 4584 αἱρετικά
2273 4508 2497 4582 ,φρονῶν
2527 4508 2555 4562 ὁ
2597 4505 2760 4570 αὐτὸς
2787 4503 3078 4576 Βαρλαάμ.
3136 4499 3352 4576 δῃιιοάο
3392 4500 3580 4572 itaque

1988 4602 2444 4674 Constantinopoli
2497 4609 2682 4657 coacta
2729 4616 2764 4652 a
2809 4597 2976 4654 beata!
3018 4593 3288 4650 memoria:
3316 4602 3363 4648 et
3395 4607 3579 4663 perce-

301 4689 588 4762 ὐπάρχειν.
611 4687 896 4763 Polycarpi
937 4701 1153 4766 asoewa,
1181 4688 1294 4760 βίος
1319 4691 1421 4760 τῆς
1445 4690 1607 4764 ἁγίας
1631 4687 1884 4762 Συγκληοο

2018 4698 2123 4754 ebri
2173 4698 2494 4770 imperatore
2543 4691 2846 4748 Andronico
2892 4687 3198 4758 Palwalogo
3237 4685 3404 4758 fratre
3436 4699 3576 4750 meo,

297 4800 479 4854 τικης.

371 4873 541 4940 Ἔδει,
572 4867 618 4928 ὧ
646 4873 866 4945 Ἰωάννη
884 4872 1192 4945 πάγχρυσε,
1229 4874 1356 4938 τοὺς
1384 4871 1493 4930 τῶν
1545 4875 1658 4929 σῶν
1706 4875 1884 4944 ἐγκωο

304 4971 445 5040 μίων
479 4968 860 5041 πειρωμένους
895 4968 1222 5036 ὲφάπτεθαι.
1269 4967 1498 5026 Joannis
1541 4967 1882 5036 Damasceni,

295 5060 574 5134 ἐγκώμιον
631 5063 714 5126 είς
778 5061 870 5114 τὸν
923 5058 1078 5130 ἁγιον
1113 5061 1368 5134 Ἰωάννην
1423 5061 1513 5116 τὸν
1573 5061 1883 5134 Χρυσόποη

297 5174 420 5230 μον.

376 5246 586 5302 Ἐδόκει
623 5264 714 5318 μοι
736 5245 916 5316 λέγειν
936 5264 990 5301 τι
1035 5247 1166 5320 περὶ
1195 5247 1304 5302 τῶν
1333 5249 1645 5305 ἀποστόλων
1671 5245 1878 5320 προθυο

299 5335 578 5408 μουμένῳ.
633 5335 852 5391 Maximi
903 5335 1159 5395 Planudae
1191 5338 1348 5407 λόγος
1398 5342 1479 5404 εἰς
1529 5341 1653 5402 τοὺς
1687 5339 1880 5407 ἁγίους

293 5429 650 5492 ἀποστόλους.

261 5547 284 5574 κ
370 5523 531 5590 Ἕθος
577 5525 738 5580 τοῦτο
769 5524 879 5581 τῶν
919 5525 1102 5596 λόγοις
1133 5525 1575 5598 ἀγωνιζομένων.
1629 5529 1878 5602 Gregorii

294 5615 478 5688 Cyprii
521 5618 845 5688 patriarcha:
892 5619 1490 5692 Constantinopolitani
1544 5622 1740 5688 oratio,
1797 5623 1876 5686 είς

294 5709 389 5764 τὸν
421 5711 676 5784 μάρτυρα
709 5713 748 5766 Γ
750 5713 1004 5784 εὼργιον.

369 5805 435 5858 El
485 5804 541 5858 δὲ
600 5805 697 5859 καὶ
743 5805 944 5880 θνητὴν
987 5807 1150 5880 φύσιν
1200 5812 1227 5864 ὁ
1259 5809 1476 5882 χρόνος,
1527 5809 1624 5864 καὶ
1653 5809 1876 5864 πάντων

295 5899 414 5954 ἐστὶ
439 5900 640 5970 πατὴρ,
660 5901 830 5956 ὁπόσα
853 5902 1029 5973 φθορὰ
1061 5905 1156 5958 καὶ
1187 5905 1402 5974 γένεσις
1431 5903 1636 5973 βόσκει.
1706 5901 1871 5956 Nico-

293 5992 451 6066 phori
501 5989 799 6066 Gregorm,
863 5996 978 6068 βίος
1030 5997 1124 6052 τοῦ
1178 5999 1232 6054 ἐν
1281 5995 1460 6067 ἁγίοις
1534 5993 1870 6068 πατριάρχου

1988 4791 2193 4846 Joanne
2243 4788 2433 4845 Caleca
2474 4797 2588 4842 tum
2635 4781 3051 4855 patriarchalcm
3114 4779 3292 4836 sedem
3343 4785 3576 4842 tenente,

1989 4891 2246 4954 prazsente
2296 4890 2344 4936 et
2389 4881 2501 4950 ipso
2554 4876 3024 4940 Thessalonicensi,
3077 4877 3458 4930 condemnatus
3496 4879 3578 4924 est

1990 4973 2388 5046 atquegejectus,
2405 4971 2568 5027 veluti
2582 4971 2823 5032 heeretice
2835 4971 3084 5035 sentiens,
3097 4969 3206 5040 ipse
3222 4963 3426 5020 Barlaa
3435 4979 3573 5020 mus.

1988 5067 2248 5124 Obscuris
2281 5059 2424 5137 apud
2461 5063 2625 5120 Afros
2666 5063 2940 5120 natalibus
2973 5071 3127 5117 ortus
3149 5075 3276 5116 cum
3305 5065 3476 5120 esset,
3515 5056 3574 5111 in

1987 5161 2309 5218 sacerdotali
2362 5158 2670 5216 ministerio
2721 5156 3088 5212 dexterrimus
3126 5169 3322 5224 magno
3377 5151 3577 5206 dome-

1986 5254 2124 5312 Stico
2155 5261 2325 5309 erata
2355 5252 2525 5308 sacris
2555 5269 2568 5305 :
2609 5249 2961 5320 postmodum
2995 5248 3050 5302 in
3089 5247 3298 5302 clerum
3327 5245 3576 5314 impera-

1986 5347 2118 5404 toris
2151 5353 2460 5418 cooptatus,
2493 5360 2560 5400 ac
2602 5343 2959 5414 pensionibus
3003 5341 3334 5404 cumulatus,
3366 5353 3575 5409 appro-

1983 5441 2148 5498 bante
2199 5439 2553 5510 imperatore,
2605 5435 2817 5492 artibus
2845 5444 2900 5490 et
2929 5433 3068 5489 dolis
3099 5432 3346 5504 ejusdem
3381 5431 3572 5502 ungui

1981 5532 2292 5596 domestici.
2326 5531 2457 5588 licet
2489 5531 2798 5588 abnuerent
2843 5528 3372 5598 adversarenturque
3425 5525 3562 5580 reli-

1979 5624 2070 5694 qui
2105 5623 2385 5694 pratsules,
2417 5621 2562 5692 quod
2613 5621 2738 5676 vita:
2767 5619 2918 5676 curis
2946 5617 3242 5688 implicitus
3267 5659 3282 5683 ,
3323 5617 3479 5672 uxori
3515 5627 3576 5674 et

1981 5717 2106 5774 [illis
2143 5716 2502 5780 cobabitarct,
2551 5714 2606 5768 in
2631 5711 3109 5784 opulentissimam
3144 5709 3569 5782 patriarchulcm

1981 5807 2168 5862 sedem
2213 5805 2484 5862 evehitur.
2533 5803 2664 5860 Vide
2719 5804 3168 5859 Cantacuzenum
3200 5797 3566 5855 Historiarum

1981 5903 2074 5956 lb.
2103 5903 2158 5966 2,
2203 5914 2324 5970 cap.
2357 5899 2443 5954 Ἡ.
2503 5896 2750 5968 Hincque
2803 5897 3023 5967 planum
3084 5894 3176 5956 ﬁt,
3225 5903 3568 5965 postremam

1982 5995 2143 6067 hujus
2175 5993 2434 6050 orationis
2481 6003 2711 6066 partem,
2788 5988 3172 6063 Xipltilinusne
3244 5987 3484 6044 Joannes
3535 6003 3569 6045 ει
