3826 6492
248 428 314 489 87

1552 424 1833 489 LEONIS
1868 424 2176 486 ALLATII

3434 415 3517 489 88

249 558 367 593 cum
406 540 683 608 paululum
715 543 1147 606 convenissemus,
1178 542 1522 611 processimus
1550 541 1622 593 ad
1650 538 1820 610 proxi-

1994 539 2026 591 εὶ
2046 539 2248 611 τρόμον
2279 539 2633 612 ἐμποιοῦντες
2665 540 2817 612 ἡμῖν.
2881 531 3256 611 Ὀμοθυμαδὸν
3276 530 3334 589 δὲ
3374 529 3520 586 πάν-

249 648 392 685 mum
413 641 636 686 montem
656 633 876 687 sollicite
899 651 920 699 ,°
949 642 997 687 et
1025 635 1260 688 sedentes
1284 634 1422 687 inter
1452 649 1562 699 nos,
1591 630 1830 703 precibus

250 735 299 777 et
331 723 574 791 lacrymis
625 736 674 779 et
722 725 1013 790 eiulatibus
1044 727 1183 779 inter
1207 735 1385 795 petras
1415 723 1830 797 quiescebamus,

250 826 347 869 etc.
379 814 493 887 Ego
530 802 706 872 autem
730 816 937 872 Marcio
959 827 1008 872 et
1039 816 1217 882 Felix,
1238 826 1286 871 et
1323 815 1601 871 Barnabas
1625 831 1833 869 eorum-
1856 842 1862 847 -

247 911 365 963 dem
401 911 750 981 assumptioni
800 912 1227 981 per-duravimus.
1302 907 1512 980 Reliqui
1563 924 1682 962 vero
1724 905 1830 960 Deo

248 1001 487 1067 laudato,
528 1004 589 1056 ob
634 1019 695 1057 ea
728 1004 913 1074 quibus
957 1020 1048 1059 nos
1081 1002 1333 1074 dignavit,
1368 1009 1492 1054 ante
1521 1016 1552 1053 a
1584 997 1729 1054 nobis
1760 997 1832 1052 ad

248 1109 335 1167 vos
361 1093 506 1147 missi
536 1095 717 1164 pedem
751 1102 1044 1161 moverunt,
1078 1109 1205 1166 quos
1239 1092 1460 1162 accipite
1499 1106 1615 1144 cum
1646 1090 1833 1143 timore

247 1198 295 1244 et
324 1191 491 1245 multa
522 1192 836 1257 reverentia,
870 1207 986 1246 cum
1010 1180 1208 1247 Christi
1239 1188 1471 1258 operarii
1499 1187 1624 1247 sint.
1675 1183 1742 1238 Et
1775 1183 1832 1238 in

247 1284 432 1339 medio
471 1283 732 1355 martyrio
757 1284 1076 1354 loquuntur.
1135 1281 1216 1341 Τά
1254 1280 1525 1335 ἀκόλουθα
1578 1278 1676 1348 τῆς
1710 1278 1832 1332 ἑπι-

254 1372 451 1445 στολῆς
493 1373 602 1428 τῶν
650 1374 846 1428 ἕνδεκα
893 1372 1139 1443 ἀδελφῶν
1190 1370 1320 1443 περὶ
1367 1370 1466 1441 τῆς
1498 1368 1831 1433 τελειώσεως

246 1463 355 1539 τῶν
384 1463 575 1532 ἁγίων.
609 1462 740 1530 Qum
761 1473 1050 1536 sequuntur
1070 1460 1303 1532 epistola:
1332 1459 1574 1527 undecim
1599 1457 1832 1528 fratrum

171 1548 179 1557 ’
244 1559 310 1612 de
337 1566 505 1612 morte
524 1554 861 1629 Sanctorum.

330 1648 671 1716 Ἐξελθόντος
724 1650 993 1704 Φιλίππου
1045 1648 1141 1704 τοῦ
1195 1646 1497 1721 ἀποστόλου
1530 1644 1630 1715 τῆς
1671 1640 1833 1721 Γαλι-

245 1743 425 1806 λαίας.
484 1741 777 1813 Ephraamii
819 1740 1137 1808 Chersonis,
1189 1738 1318 1812 περὶ
1358 1718 1483 1794 τῶν
1534 1716 1832 1807 θαυμάτων

242 1833 338 1887 τοῦ
373 1831 529 1901 ἁγίου
564 1833 904 1904 Κλήμεντος.

1935 650 2023 696 τες
2054 633 2274 703 ἀχανεῖς
2301 633 2559 704 ἔστημεν.
2606 633 2771 688 Αὐτοὶ
2812 631 2871 685 δὲ
2906 627 3412 702 προσομιλήσαντες
3440 621 3524 694 τῷ

1934 723 2075 795 ἁγίῳ
2111 726 2298 797 Φωκᾷ,
2354 728 2433 789 εἰς
2466 725 2729 799 οὐρανοὺς
2765 723 2990 794 ᾤχοντο.
3047 718 3280 791 Denique
3327 716 3523 771 cadens

1931 814 2214 887 Africanus
2272 818 2327 872 in
2367 818 2725 889 pavimentum
2748 816 2965 886 jacebat
3007 812 3269 889 stupidus,
3311 817 3362 863 et
3396 807 3523 864 uni—

1931 924 2107 969 versus
2143 910 2284 964 circa
2312 925 2429 963 eum
2460 909 2737 964 exercitus.
2774 906 2984 963 Interea
3011 904 3112 973 ipsi
3141 918 3232 958 nos
3271 899 3523 964 vidimus,

1933 1000 2117 1070 quibus
2144 1000 2398 1055 Dominus
2440 1001 2708 1055 ostendere
2748 1000 2996 1071 dignatus
3035 1004 3134 1062 est,
3184 1012 3303 1071 cum
3333 1011 3361 1048 e
3391 986 3561 1074 creto;

1934 1091 2110 1146 lumen
2167 1094 2350 1164 ingens
2401 1093 2511 1147 sole
2578 1092 2797 1163 decuplo
2854 1090 3029 1160 majus
3081 1089 3366 1151 illuxisset,
3418 1097 3527 1140 tres

1933 1182 2149 1255 angelos
2176 1185 2322 1257 equis
2348 1185 2654 1251 insidentes,
2686 1185 2887 1256 igneos,
2919 1184 3232 1239 immensum
3279 1180 3523 1235 timorem

1933 1286 2313 1349 tremoremque
2338 1279 2486 1333 nobis
2523 1278 2851 1333 incutientes.
2895 1274 3173 1345 Simulque
3202 1288 3379 1327 omnes
3428 1271 3524 1326 ob-

1931 1368 2231 1434 stupuimus
2261 1382 2282 1422 :
2366 1368 2447 1423 illi
2506 1385 2628 1423 vero
2675 1377 2953 1439 postquam
2992 1374 3235 1419 sanetum
3286 1362 3522 1418 Phocum

1933 1459 2153 1515 allocuti
2205 1471 2395 1528 essent,
2432 1462 2489 1515 in
2521 1462 2708 1519 caelum
2757 1461 3129 1518 ascenderunt.
3186 1458 3255 1514 Et
3295 1456 3352 1511 in
3387 1456 3522 1512 (ine.

1945 1551 2109 1625 Ἀνὴρ
2142 1552 2503 1619 ἀποστολικὸς
2541 1553 2652 1609 τῶν
2708 1552 2834 1611 καθ’
2878 1553 3028 1627 ἡμᾶς
3074 1550 3167 1604 τὸν
3205 1549 3368 1622 χορὸν
3408 1547 3526 1605 τῶν

1931 1643 2102 1713 ἁγίων
2128 1644 2473 1713 ἀπειληφὼς,
2502 1645 2599 1700 καὶ
2624 1646 2684 1700 τὸ
2713 1644 2969 1718 βραὸείον
2992 1643 3086 1699 τοῦ
3114 1641 3359 1715 Χριστοῦ,
3381 1641 3525 1713 κλη-

1933 1738 2264 1809 ρονομήσας.
2328 1737 2416 1792 Vir
2458 1738 2554 1791 hoc
2603 1746 2778 1793 nostra
2815 1752 2913 1792 avo
2979 1735 3301 1809 apostolicus
3337 1743 3387 1788 et
3430 1733 3529 1804 qui

1931 1839 2237 1884 sanctorum
2301 1829 2461 1884 choro
2506 1829 2801 1886 associatus
2857 1837 2978 1903 est,
3033 1826 3273 1893 brauium
3322 1823 3526 1882 Christi

328 1924 644 1991 Ἐπαινετδς
671 1901 772 1979 καὶ
797 1917 951 1988 οὗτος
971 1923 1070 1993 τῆς
1092 1920 1461 1991 Ἐκκλησίαςὸ
1489 1917 1674 1989 νόμοςο
1699 1914 1833 1970 Gre-
1860 1901 1911 1962 Β
1935 1922 2285 1977 luereditavit.

245 2017 382 2089 gnrii
424 2017 669 2089 episc0pi
711 2016 1068 2079 Antiocheni,
1100 2015 1182 2080 είς
1209 2013 1309 2085 τὴν
1342 2010 1621 2081 θεόσωμον
1653 2006 1834 2078 ταφὴν

242 2109 338 2163 τοῦ
391 2110 620 2180 Κυρίου,
656 2108 753 2171 καὶ
801 2110 884 2175 είς
917 2108 1009 2163 τὸν
1050 2107 1280 2179 Ἰωσὴφ,
1320 2103 1416 2160 καὶ
1446 2104 1528 2169 είς
1590 2100 1689 2174 τὴν
1716 2116 1835 2172 τρι·

246 2204 279 2273 ὴ
290 2219 355 2273 με
362 2219 456 2271 ρον
485 2201 831 2261 Ἀνάστασιν.

329 2292 551 2366 Ἐπειδὴ
613 2297 647 2366 ή
694 2295 793 2367 τῆς
848 2293 1126 2368 μάρτυρος
1179 2290 1589 2361 πανσεϐἀσμιος
1639 2289 1830 2360 μνήμη

243 2390 365 2452 ταῖς
399 2388 818 2461 αἱγληφορικαῖς
847 2387 1054 2445 ἄνωθεν
1084 2384 1533 2455 καταυγασθεῖσα
1555 2380 1830 2453 lin-5‘94“

247 2466 353 2537 σιν.
418 2478 637 2552 Georgii
692 2479 1070 2545 Grammatici,
1102 2478 1379 2550 ἐγκώμιον
1406 2479 1507 2549 τῆς
1540 2474 1702 2545 ἁγίας
1731 2471 1827 2527 τοῦ

242 2570 482 2642 Χριστοῦ
512 2571 1000 2644 μεγαλομάρτυρος
1032 2568 1349 2641 Βαρϐάρας.

288 2663 549 2737 γἘπειδὴ
594 2663 878 2737 μάρτυρος
933 2662 1177 2735 σήμερον
1234 2660 1442 2731 ἐπέστη
1491 2660 1824 2732 πανήγυρις,

244 2756 340 2810 καὶ
381 2756 616 2826 τοσαύτη
644 2755 869 2826 γέγονεν
893 2757 926 2827 ή
975 2753 1345 2826 συνάθροισις.
1375 2751 1595 2809 Arsenii
1625 2751 1829 2824 Corcy-

242 2850 421 2907 rcnsis
448 2850 768 2923 martyrium
796 2857 999 2905 sanctae
1027 2847 1281 2903 Barbarae
1310 2845 1538 2920 virginis
1580 2855 1637 2901 et
1675 2861 1825 2902 mar-

243 2943 405 3015 tyris.
1480 2982 1487 2989 .

326 3034 660 3108 Ἐπειδήπερ
699 3033 984 3099 πολλάκις,
1026 3034 1122 3089 καὶ
1164 3035 1275 3088 ἀπὸ
1315 3034 1416 3104 τῆς
1460 3030 1688 3088 καθόδου
1724 3030 1825 3101 τῆς

239 3129 335 3182 τοῦ
384 3129 637 3200 Σωτῆρος
680 3128 841 3200 ὴμῶν
863 3128 1105 3200 Χριστοῦ
1138 3127 1465 3199 παρουσίας.
1508 3124 1823 3197 Martyrium

2019 2014 2238 2083 Ἐπειδὴ
2294 2013 2397 2081 τῆς
2464 2013 2689 2086 πρώτης
2742 2013 2837 2067 καὶ
2878 2011 3051 2083 θείας,
3100 2009 3194 2065 καὶ
3243 2007 3525 2081 μακαρίας

1935 2107 2079 2179 ζωῆς
2106 2108 2528 2181 ἀπερράγημεν.
2578 2106 2857 2162 Philothei
2894 2105 3226 2177 patriarcha:
3245 2102 3525 2159 Constan-

1933 2201 2301 2273 tinopolitani,
2328 2204 2409 2265 είς
2440 2200 2540 2273 τὴν
2570 2199 2777 2271 ὕψωσιν
2808 2200 2903 2254 τοῦ
2930 2198 3115 2267 τιμίου
3142 2193 3413 2265 Σταυροῦ.

2017 2293 2236 2366 Ἐπειδὴ
2263 2293 2465 2366 φαιδρά
2496 2293 2592 2349 καὶ
2632 2291 2758 2347 θεία
2794 2291 3124 2364 πανήγυρις.
3161 2288 3364 2353 Leonis
3419 2286 3529 2340 im-

1931 2386 2223 2457 peratoris,
2285 2387 2442 2456 λόγος
2492 2388 2574 2451 είς
2617 2385 2716 2459 τὴν
2769 2384 3218 2457 Μεταμόρφωσιν
3265 2378 3363 2435 τοῦ
3403 2380 3527 2434 Σω-

1928 2494 2000 2548 τη
2009 2496 2122 2549 ρος.

2015 2572 2231 2638 Ἐπειδὴ
2304 2572 2489 2644 χάριτι
2572 2571 2668 2626 τοῦ
2735 2570 2946 2643 Κυρίου
3015 2569 3200 2640 ἡμῶν.
3289 2565 3528 2629 Eusebii

1928 2664 2305 2729 Alexandrini,
2343 2666 2424 2729 είς
2447 2666 2547 2735 τὴν
2589 2662 2883 2734 Ἀνάληψιν
2915 2661 3012 2723 τοῦ
3039 2662 3271 2734 Κυρίου.

2013 2756 2230 2829 Ἐπειδὴ
2264 2757 2393 2828 χθὲς
2442 2758 2542 2829 τῆς
2591 2740 2912 2827 Γεννήσεως
2964 2753 3059 2811 τοῦ
3084 2752 3313 2825 Κυρίου.
3345 2751 3530 2813 Euse-

1932 2850 2011 2909 bii
2045 2850 2420 2917 Alexandrini,
2451 2851 2611 2921 λόγος
2666 2850 2797 2922 περὶ
2855 2847 2953 2905 τοῦ
2996 2848 3386 2919 Βαπτίσματος
3423 2845 3527 2901 τοῦ

1928 2943 2157 3016 Κυρίου.

1997 3038 2267 3109 Ἐπείπερ
2303 3036 2398 3092 καὶ
2434 3034 2530 3090 νῦν
2564 3034 2689 3090 θεία
2736 3035 2938 3107 ἐπέστη
2987 3035 3323 3106 πανήγυρις.
3378 3031 3529 3088 Leo-

1928 3130 2017 3189 nis
2062 3129 2443 3203 imperatoris,
2509 3127 2668 3200 λόγος
2732 3131 2801 3200 τῇ
2847 3130 3100 3199 κυριακῇ
3156 3126 3258 3197 τῆς
3312 3128 3529 3197 Πεντη-

241 3222 418 3277 sancti
451 3222 672 3278 Phocea.
702 3222 979 3293 Scriptum
1005 3229 1090 3277 est
1121 3237 1150 3276 a
1187 3230 1457 3293 praesente
1483 3235 1549 3276 ac
1578 3218 1817 3274 vidente.
1852 3258 1899 3321 Ο
1929 3226 2152 3293 κοστῆς,

253 3314 475 3385 ’Λμέλει
501 3313 831 3369 καταπεσὼν
881 3313 1207 3385 ’Λφρικανὸς
1256 3313 1531 3385 ἡμιθανὴς
1599 3312 1693 3367 ἐπὶ
1762 3309 1826 3365 τὸ

240 3405 439 3475 ἔδαφος
473 3407 570 3461 καὶ
601 3406 809 3479 ἀχανὴς
839 3407 1038 3473 ἔκειτο,
1100 3408 1195 3461 καὶ
1243 3408 1354 3472 πᾶς
1416 3409 1444 3461 6
1486 3405 1616 3476 napi.
1657 3402 1824 3458 αὑτὸν

241 3499 491 3572 στρατὸς,
520 3501 578 3553 ἐν
597 3494 679 3565 οἷς
702 3501 906 3573 ῐδομεν,
934 3495 1016 3564 οἷς
1042 3500 1317 3572 ἠϐουλήθη
1348 3502 1376 3554 6
1399 3498 1604 3569 Κύριος
1628 3497 1822 3564 δεῖξαι;

163 3584 170 3591 ’
237 3589 618 3661 ἐκλάμψαντος
695 3590 806 3665 γὰρ
876 3593 1053 3662 φωτὸς
1141 3591 1381 3663 μεγάλου
1455 3588 1823 3644 δεκαπλάσιον

236 3683 412 3757 ἡλίου,
457 3685 752 3754 οὐρανόθεν
786 3685 1176 3758 προεφάνησαν
1203 3684 1426 3754 ἄγγελοι
1465 3686 1615 3751 τρεῖς
1656 3682 1823 3751 ἔφιπ-

236 3797 327 3834 ποι
356 3780 594 3853 πύρινοι,
629 3782 726 3837 καὶ
758 3782 926 3837 πολὺν
960 3782 1124 3853 φόϐον
1167 3780 1264 3837 καὶ
1296 3780 1497 3851 τρόμον
1530 3775 1822 3848 ἐμποιοῦν-

233 3891 325 3939 τες
352 3875 507 3946 ἡμῖν.
555 3876 935 3946 Ὀμοθυμαδδν
982 3876 1038 3929 δὲ
1074 3874 1279 3937 πάντες
1309 3873 1528 3943 ἀχανεῖς
1559 3869 1818 3940 ἔστημεν.

233 3959 480 4028 Namque
512 3964 785 4017 concidens
839 3963 1122 4035 Africanus
1142 3964 1196 4016 in
1220 3972 1420 4017 terram
1449 3959 1823 4015 semimortuus

232 4069 299 4106 ac
329 4054 571 4124 stupidus
586 4053 823 4125 jacebat,
846 4065 894 4109 et
918 4059 1188 4111 universus
1216 4055 1357 4109 circa
1388 4069 1508 4108 eum
1539 4052 1817 4106 exercitus.

232 4146 379 4201 Inter
410 4148 521 4202 hwc
551 4163 645 4203 nos
671 4148 918 4213 uidimus,
955 4150 1139 4221 quibus
1172 4164 1354 4220 nempe
1380 4147 1521 4202 Deus
1550 4145 1820 4200 ostendere

230 4235 419 4294 uoluit.
459 4237 705 4311 Namque
729 4258 848 4296 cum
886 4240 1064 4296 lumen
1096 4242 1279 4312 ingens
1318 4238 1427 4295 sole
1454 4237 1676 4307 decuplo
1703 4254 1819 4291 ma-

230 4330 321 4399 ius
351 4330 628 4400 illuxisset,
663 4333 728 4386 de
751 4332 876 4386 caelo
898 4339 1265 4401 apparuerunt
1304 4339 1410 4383 tres
1448 4327 1645 4399 angeli,
1672 4328 1818 4399 equis

231 4424 516 4480 insidentes
558 4425 745 4497 igneis,
773 4441 1023 4497 magnum
1062 4425 1304 4501 timorem
1331 4431 1381 4477 et
1413 4430 1690 4477 tremorem
1721 4437 1818 4475 no-

228 4517 305 4570 bis
351 4516 711 4572 immittentes.
785 4515 964 4582 Quare
1017 4532 1111 4570 nos
1144 4531 1322 4571 omnes
1362 4513 1524 4568 simul
1568 4512 1784 4583 obstupe

225 4610 357 4680 facti
379 4610 730 4665 constitimus.

312 4699 645 4770 Ἐπειδήπερ
671 4697 858 4752 πολλοὶ
899 4695 1283 4768 ἁνεγράψαντο
1315 4694 1484 4768 βίους.
1513 4694 1812 4767 Epiphanii

115 4802 127 4813 ”
225 4793 481 4848 monachi
507 4803 562 4850 et
595 4792 923 4866 presbyteri,
967 4791 1098 4864 περὶ
1126 4790 1223 4845 τοῦ
1278 4790 1398 4863 βίου
1426 4789 1523 4843 καὶ
1556 4789 1816 4861 πράξεων

225 4890 320 4945 καὶ
340 4889 532 4956 τέλους
556 4890 651 4944 τοῦ
682 4888 839 4961 ἀγίου
869 4887 1170 4943 ἀποστόλου
1216 4886 1491 4960 Ἀνδρέου.

297 4982 631 5056 Ἐπειδήπερ
657 4982 837 5054 χαίρει
879 4981 1016 5047 Θεὸς
1053 4984 1175 5046 ταῖς
1222 4980 1332 5036 τῶν
1378 4978 1598 5037 οἰκείων
1648 4979 1812 5053 θερα-

222 5076 436 5132 πόντων
487 5080 697 5145 τιμαῖς.
753 5073 954 5132 Leonis
1010 5073 1378 5148 imperatoris,
1415 5074 1577 5144 λόγος
1606 5073 1689 5139 είς
1721 5074 1813 5129 τὸν

221 5169 382 5237 ἅγιον
420 5168 714 5224 Νικόλαον.

291 5261 410 5334 [91]
466 5261 687 5333 Ἐπειδὴ
726 5260 989 5327 πολλάκις
1032 5263 1129 5317 καὶ
1165 5263 1274 5317 ἀπὸ
1299 5261 1401 5334 τῆς
1449 5261 1680 5317 καθόδου
1709 5263 1809 5334 τῆς

217 5354 314 5408 τοῦ
354 5355 607 5426 Σωτῆρος
636 5355 964 5429 παρουσίας.
1012 5356 1331 5431 Martyrium
1370 5358 1542 5414 sancti
1578 5356 1804 5412 Phocm.

218 5448 499 5519 Scriptum
548 5456 633 5504 est
679 5465 711 5505 a
750 5459 1021 5520 prmsente
1063 5460 1119 5508 et
1158 5451 1396 5507 vidente.
1448 5450 1673 5522 ’Λμέλει
1711 5451 1808 5503 καὶ

220 5541 408 5595 πεσὼν
465 5541 793 5612 Ἀφρικανὸς
841 5545 936 5600 ἐπὶ
982 5546 1042 5600 τὸ
1086 5546 1282 5618 ἔδαφος
1340 5545 1522 5601 ἔκειτο
1572 5543 1804 5615 ἀχανὴς,

219 5635 317 5689 καὶ
344 5636 453 5699 πᾶς
495 5635 525 5689 6
554 5637 680 5710 περὶ
731 5640 893 5695 αὑτὸν
940 5642 1197 5711 στρατὸς,
1247 5643 1306 5694 ὲν
1349 5635 1430 5703 οἷς
1467 5638 1674 5708 ἴδομεν,
1721 5635 1804 5701 οἷς

219 5725 496 5797 ἠϐουλήθη
526 5729 553 5782 6
578 5729 779 5801 Κύριος
803 5730 997 5799 δεῖξαι.
1031 5731 1449 5801 Ἑκλάμψαντος
1489 5730 1601 5799 γὰρ
1623 5726 1803 5798 φωτὸς

224 5818 461 5885 μεγάλου
510 5818 871 5876 δεκαπλάσιον
939 5821 1091 5895 ἡλίου
1163 5819 1456 5892 οὐρανόθεν
1519 5817 1801 5888 ἐφάνησαν

221 5910 439 5987 ἄγγελοι
489 5916 637 5991 τρεῖς
691 5915 919 5991 ἔφιπποι
991 5914 1228 5988 πύρινοι,
1280 5913 1371 5969 καὶ
1424 5912 1587 5967 πολὺν
1634 5910 1798 5981 φόϐον

2013 3317 2275 3390 Ἐπείπερ
2325 3316 2405 3388 τῷ
2445 3316 2597 3388 καλῷ
2626 3313 2901 3386 σπέρματι
2935 3312 3128 3367 εἴωθεν
3161 3310 3518 3379 ὲπισπείρειν

1927 3413 1956 3467 6
1986 3411 2086 3482 τῆς
2112 3409 2462 3484 ἀνθρωπίνης
2491 3410 2708 3481 φύσεως
2735 3407 2927 3480 ἐχθρὸς
2958 3405 3026 3461 τά
3048 3406 3290 3472 ζιζάνια.
3338 3403 3521 3460 Theo-

1927 3503 2047 3560 dori
2082 3504 2346 3575 episcopi,
2386 3504 2466 3568 είς
2495 3502 2558 3557 τὸ
2592 3503 2891 3576 μαρτύριον
2920 3503 3029 3557 τῶν
3059 3500 3235 3571 ἁγίων
3276 3498 3525 3556 καλλινίο

1927 3614 2040 3653 κων
2078 3596 2371 3669 μαρτύρων
2410 3595 2667 3669 Κηρύκου
2693 3596 2788 3649 καὶ
2827 3594 3140 3665 ’ἰουλίττης.

1998 3688 2235 3759 Ἐπέστη
2296 3689 2536 3759 σήμερον
2581 3690 2614 3759 ὴ
2666 3687 2885 3741 πάντων
2942 3688 3090 3759 χαρά
3161 3686 3371 3741 λύουσα
3415 3685 3523 3755 τὴν
3569 3704 3577 3713 '

1928 3780 2159 3856 πρώτην
2217 3782 2381 3853 ἀράν.
2413 3780 2645 3838 Andreae
2675 3781 2975 3850 Cretensis,
3020 3783 3101 3846 εἰς
3134 3779 3228 3835 τὸν
3262 3779 3523 3850 Εὐαγγε-

1924 3874 2119 3946 λισμὸν
2150 3873 2252 3944 τῆς
2284 3873 2572 3928 Θεοτόκου.

1996 3965 2234 4035 Ἐπέστη
2259 3964 2367 4021 τῶν
2412 3966 2572 4041 ἱερῶν
2636 3965 2954 4038 μυστηρίων
2987 3968 3021 4037 ή
3059 3969 3372 4040 πανήγυρις
3417 3965 3526 4019 ἐπα

1923 4057 2185 4132 ἐλαμψεν.
2199 4058 2373 4117 Procli
2392 4058 3335 4131 patriarchaeConstantinopolitani,
3355 4059 3519 4130 λόγος

1922 4151 2003 4213 είς
2030 4148 2132 4221 τὴν
2159 4149 2323 4220 ἁγίαν
2355 4148 2651 4222 Πέμπτην.

1996 4240 2260 4311 Ἐπῄνεσε
2317 4241 2411 4295 καὶ
2451 4240 2641 4297 ἄλλοτέ
2686 4258 2819 4296 ποτε
2865 4239 3130 4311 βασιλέως
3158 4239 3381 4311 γλῶσσα
3410 4239 3520 4312 τὴν

1923 4333 2210 4402 παροῦσαν
2259 4336 2592 4405 πανήγυριν.
2638 4332 2844 4389 Leonis
2879 4332 3252 4405 imperatoris,
3299 4335 3369 4403 τῇ
3398 4333 3521 4387 Κυ-

1923 4427 2090 4498 ριακῇ
2111 4423 2222 4479 τῶν
2245 4424 2445 4481 Βαῖων.

1992 4520 2118 4573 Ἐπὶ
2163 4517 2263 4588 μὲν
2305 4516 2415 4574 τῶν
2465 4515 2666 4582 ἔξωθεν
2696 4514 2925 4586 ἀγώνων
2976 4516 3168 4588 ἄνδρες
3217 4514 3370 4587 μόνοι
3404 4534 3518 4571 κα-

1836 4616 1893 4677 Ῑ)
1919 4580 2176 4681 λούμενοι
2190 4580 2579 4679 ἀγωνίζονται.
2634 4580 2758 4662 Vita
2788 4618 2844 4663 et
2868 4622 2956 4663 res
2976 4580 3362 4680 gessisti-aria).
3416 4608 3519 4679 ju-

1918 4701 2113 4759 nioris.
2147 4701 2363 4772 Scripta
2391 4707 2475 4757 est
2506 4700 2576 4757 ab
2608 4700 2819 4770 aequali.
2868 4699 3025 4756 Οὕτω
3054 4700 3151 4755 καὶ
3194 4701 3295 4771 τὴν
3329 4718 3519 4772 μακαο

1920 4796 2043 4867 ρίαν
2089 4795 2311 4868 Μαρίαν
2347 4793 2409 4847 τὸ
2443 4792 2629 4864 θαῦμα
2653 4796 2752 4864 τῆς
2786 4792 2907 4846 καθ’
2949 4795 3098 4865 ἡμᾶς
3130 4794 3350 4861 γενεᾶς,
3380 4794 3452 4866 ἣν
3483 4795 3518 4849 6

1914 4891 2073 4961 λόγος
2103 4892 2238 4963 ἡμῖν
2266 4888 2525 4943 ὑπόθεσιν
2547 4890 2895 4961 ὲνεστήσατο,
2927 4891 3022 4944 καὶ
3051 4893 3288 4959 γυναῖκα
3307 4887 3511 4948 οὖσαν*

1915 4985 2010 5040 καὶ
2056 4984 2126 5038 τὰ
2157 4981 2308 5054 ἑξῆς.
2354 4981 2476 5037 Non
2513 4982 2624 5037 alia
2669 4984 2876 5039 ratione
2920 4991 2968 5038 et
3000 4983 3209 5039 beatam
3248 4989 3512 5052 Mariam,

1912 5086 2107 5134 nostra:
2144 5077 2317 5132 (etatis
2370 5076 2709 5143 miraculum,
2764 5085 2813 5132 et
2855 5093 2972 5149 qua
3008 5090 3204 5151 nostra:
3243 5084 3516 5140 orationis

1914 5177 2289 5241 argumentum
2346 5176 2442 5233 est,
2482 5167 2600 5223 licet
2661 5169 2961 5236 mulierem,
2999 5181 3108 5229 etc.
3136 5174 3373 5232 Vivebat
3401 5179 3515 5235 sub

1913 5262 2117 5317 Basilio
2162 5259 2481 5318 Macedone.
2531 5257 2662 5335 Εἶχε
2692 5262 2790 5335 μὲν
2826 5264 2894 5320 τὰ
2929 5268 3187 5342 σκῆπτρα
3212 5254 3314 5341 τῆς
3346 5273 3514 5343 βασι..

1912 5355 2079 5422 λείας,
2108 5353 2411 5419 Βασίλειος,
2443 5355 2543 5429 οὐχ
2570 5358 2599 5410 6
2627 5357 2727 5427 τῆς
2758 5360 3052 5431 Πορφύρας
3086 5362 3343 5433 βλαστός·
3385 5365 3511 5422 ἀλλ’

1909 5450 1938 5502 ό
1984 5445 2273 5513 Μακεδὼν,
2308 5450 2337 5502 6
2383 5447 2442 5515 ἐξ
2478 5448 2784 5520 ἱπποκόμου
2837 5452 3100 5523 βασιλεὺς
3133 5460 3446 5525 καταστὰς,
3481 5464 3513 5517 6

1907 5539 2000 5594 τὸν
2012 5538 2231 5609 Μιχαὴλ
2252 5539 2457 5594 ἐκεῖνον
2473 5539 2805 5605 ἀπεκτονώς.
2840 5541 3146 5601 I’ossidehat
3162 5560 3375 5621 sceptra
3393 5553 3508 5608 im-

1906 5631 2042 5703 perii
2056 5629 2311 5694 Basilius,
2335 5646 2439 5685 non
2460 5646 2711 5700 purpurat
2742 5636 3005 5703 surculus,
3032 5640 3124 5693 sed
3143 5643 3386 5706 Macedo,
3408 5647 3509 5715 qui

1907 5742 1972 5781 ea:
1999 5725 2243 5797 equisone
2263 5722 2379 5796 [92]
2398 5724 2678 5792 imperium
2703 5740 3070 5799 occupauerat,
3106 5743 3156 5787 et
3186 5734 3505 5792 Michaelem

1904 5820 2058 5876 illum
2090 5817 2467 5873 trucidaverat.
2511 5818 2737 5876 Mortem
2765 5822 2897 5878 obiit
2929 5823 3221 5898 Euthymio
3249 5830 3501 5898 patriar-

1905 5914 2007 5973 cha
2078 5909 2327 5968 Romano
2382 5909 2669 5986 imperium
2749 5922 2988 5975 tenente.
3074 5920 3230 5979 Ἐπεὶ
3285 5920 3330 5979 δ’
3401 5924 3506 5981 ἐπὶ
