3826 6464
180 415 248 477 89
859 412 959 472 DE
1001 408 1348 472 SCRIPTIS
1384 405 1764 470 SYMEONIS
1805 404 2391 468 METAPHRAST/E
2433 407 2820 469 DIATRIBA.
3385 404 3454 463 $0

181 531 365 603 κλίνης
415 530 581 602 ἐτέθη
624 528 687 584 τὸ
733 526 877 600 ίερὸν
931 529 1110 582 έκεῖνο
1155 524 1339 596 σῶμα,
1395 524 1580 594 παρῆν
1609 521 1766 594 μὲνό

1897 521 2133 586 iaptistw
2182 531 2232 576 et
2284 520 2656 584 Prwcursnris.
2717 517 2907 575 Mensis
2948 514 3168 588 Augusti
3208 515 3454 586 vigesimo

177 622 470 693 ἀρχιερεὺς
501 619 798 691 Εὐθύμιος·
817 619 999 690 παρῆν
1014 619 1070 673 δὲ
1087 620 1113 671 ὁ
1137 617 1434 688 Οίκονόμος
1459 615 1724 686 Ἂνθιμος
1747 653 1764 678 ,

180 715 268 766 καὶ
329 713 534 784 μικροῦ
569 713 678 765 δεῖν
727 713 834 765 πᾶν
884 711 946 764 τὸ
991 709 1195 779 πλῆθος
1252 707 1349 775 τῆς
1394 705 1622 767 πόλεως.
1677 703 1765 767 Et,

188 805 472 876 Ῥωμανοῦ
507 805 565 858 δὲ
599 805 709 859 τῶν
749 801 1072 874 Ῥωμαϊκῶν
1093 802 1389 872 σκήπτρων
1414 797 1758 868 ἐπειλημμέ-

181 915 287 951 νου.
333 896 468 952 Cum
525 907 704 956 autem
754 912 911 964 super
959 895 1150 949 lectum
1201 909 1355 950 suum
1399 891 1532 946 illud
1583 905 1768 958 corpus

178 993 467 1060 expositum
532 1000 642 1056 est,
693 991 881 1045 aderat
942 987 1138 1059 prwsul
1191 987 1522 1055 Eat/ignitis,
1577 983 1766 1044 aderat

178 1099 474 1138 temnamus
534 1083 830 1146 Ant/timus,
855 1091 904 1136 et
939 1089 1148 1136 tantum
1179 1096 1281 1134 non
1319 1081 1574 1134 universa:
1623 1076 1768 1140 urbis

179 1174 482 1230 multitudo.
514 1175 598 1241 Et,
621 1174 755 1230 Cum
785 1173 1061 1230 Romanus
1084 1173 1325 1228 Romana
1352 1179 1560 1241 sceptra
1581 1185 1767 1238 rapes-

177 1271 400 1324 sivisset.

241 1356 371 1409 Ἐπὶ
422 1355 493 1410 τά
544 1355 858 1427 μαρτυρικά
911 1353 1121 1409 ἔπαθλα
1156 1351 1252 1408 νῦν
1280 1354 1329 1405 οἱ
1363 1350 1767 1422 φιλομάρτυρες

178 1445 231 1499 τὸ
273 1443 370 1509 οὓς
423 1445 788 1516 ὲπιτείνομεν.
847 1442 1144 1513 Sophronii
1182 1439 1588 1510 archiepiscopi
1635 1439 1766 1494 llic-

180 1538 577 1609 rosolymitani,
611 1538 692 1602 είς
719 1541 844 1601 τοὺς
877 1536 1068 1605 ἁγίους
1101 1534 1444 1598 καλλινίκους
1481 1534 1768 1605 μάρτυρας

177 1634 602 1703 Τεσσαράκοντα
632 1631 749 1687 δύο.

241 1725 569 1792 Ἐπιτάφιον
594 1723 786 1796 ἑορτὴν
811 1721 906 1778 τοῦ
936 1722 1189 1792 Σωτῆρος
1217 1719 1376 1791 ήμῶν
1410 1718 1763 1790 ἑορτάζομεν.

181 1816 545 1886 Amphilochii
579 1816 825 1886 episcopi
861 1815 1186 1881 lconiensis,
1235 1813 1398 1882 λόγος
1433 1811 1514 1884 τῷ
1547 1811 1764 1882 μεγάλῳ

181 1910 469 1980 Σαϐϐάτῳ.

244 2000 374 2055 Ἐπὶ
429 2001 533 2073 τὴν
575 2002 790 2074 μητέρα
841 2001 935 2055 τοῦ
969 2001 1147 2069 Λόγου
1208 1999 1344 2070 μετά
1387 1997 1478 2052 τὸν
1522 1997 1696 2066 Λόγον
1739 1997 1768 2050 ὁ

179 2095 358 2163 λόγος.
424 2094 652 2152 Joannis
695 2095 1060 2165 metropolitaa
1099 2091 1511 2159 Euchaitarum,
1559 2091 1637 2154 είς
1670 2087 1768 2160 τὴν

183 2189 342 2256 ἁγίαν
365 2188 647 2256 Κοίμησιν
667 2188 766 2258 τῆς
800 2186 1106 2259 ὐπεραγίας
1127 2184 1415 2239 Θεοτόκου.

244 2281 545 2351 Ἐπιτιμᾷν
593 2280 820 2345 δικαίως
862 2282 996 2351 ἡμῖν
1043 2275 1197 2351 οἶμαι
1248 2279 1356 2333 τῶν
1391 2275 1650 2331 ἁπάντων
1676 2273 1769 2328 οὐ·

178 2373 320 2437 δένα,
365 2375 414 2427 εί
446 2373 700 2444 καθάπερ
727 2372 906 2436 τινές.
959 2370 1207 2444 Gregorii
1237 2371 1446 2442 Cyprii,
1494 2366 1770 2438 ἐγκώμιον

177 2469 255 2530 εἰς
281 2467 375 2520 τὸν
402 2465 558 2534 ἅγιον
583 2464 852 2536 Εὐθύμιον
879 2467 1181 2519 ἐπίσκοπον
1214 2462 1483 2518 Μαδύτων
1521 2461 1614 2515 τὸν
1638 2459 1771 2514 θαυ-

181 2577 350 2630 ματου
360 2559 460 2629 ργό
474 2577 503 2613 ν

245 2652 375 2707 Ἐπὶ
396 2652 510 2706 τῶν
540 2651 824 2722 μειζόνων,
863 2651 897 2720 ἢ
928 2651 1072 2705 κατά
1115 2648 1466 2720 ἀνθρωπίνην
1517 2645 1770 2717 δύναμιν,

181 2747 283 2800 είτε
316 2745 489 2816 βάρος
520 2744 815 2799 ἀναθέσθαι
841 2744 971 2798 δέοι.
999 2734 1510 2814 θεοεοῐίἰίδειειηω
1553 2738 1772 2794 archie-

183 2839 387 2909 piscopi
441 2837 972 2902 Thessalonicensis,
1037 2837 1198 2904 λόγος
1241 2837 1321 2898 εἰς
1365 2833 1465 2903 τὴν
1518 2832 1654 2902 πρὸς
1704 2829 1773 2884 τά

181 2933 350 3000 Ἅγια
382 2931 496 2989 τῶν
525 2931 698 3000 ἁγίων
746 2931 972 2997 είσοδον,
1005 2931 1099 2985 καὶ
1137 2930 1227 2984 τὸν
1275 2929 1332 2983 έν
1372 2928 1511 2998 αὐτῇ
1561 2924 1771 2997 θεοειδῆ

183 3025 292 3094 βίον
352 3024 457 3095 τῆς
529 3025 950 3097 πανυπεράγνου
991 3023 1290 3094 Δεσποίνης
1351 3021 1510 3094 ήμῶν
1570 3017 1772 3073 Θεοτό-

184 3135 301 3172 κου.

245 3210 570 3280 Ἐπιφάνιος
600 3210 756 3280 γένος
793 3208 891 3280 μὲν
919 3204 1010 3280 ἦν.
1046 3208 1276 3264 Joannis
1303 3205 1558 3276 discipuli
1594 3200 1768 3259 sancti

183 3303 479 3374 Epiphanii
518 3302 723 3374 Cyprii,
772 3303 899 3375 περὶ
937 3300 1030 3356 τοῦ
1071 3301 1187 3372 βίου
1217 3302 1313 3356 τοῦ
1352 3299 1507 3370 ἁγίου
1526 3297 1764 3368 Ἐπιφα-

181 3397 290 3452 νίου
317 3398 625 3451 ἐπισκόπου
655 3397 1040 3460 Κωνσταντίας
1070 3397 1320 3468 Κύπρου.

247 3491 352 3544 ‘Er:
368 3493 382 3511 ‘
411 3491 539 3562 ὅρος
565 3490 769 3560 ὑψηλὸν
791 3488 1023 3557 ἀνάϐηθι
1051 3491 1080 3542 6
1097 3489 1583 3558 εὐαγγελιζόμενος
1606 3483 1765 3538 Σιών.

185 3585 452 3639 Germani
489 3585 893 3654 archiepiscopi
925 3581 1539 3653 Constantinopolitani,
1569 3579 1649 3642 είς
1676 3577 1768 3632 τὸν

188 3677 600 3747 Εὐαγγελισμὸν
626 3679 723 3747 τῆς
760 3678 1062 3749 Παρθένου.

262 3767 494 3840 Ἐορτὰς
532 3769 631 3838 μὲν
650 3771 867 3834 ἁπάσας
915 3771 1009 3823 καὶ
1037 3768 1330 3838 ἑμνῳδίας.
1370 3763 1614 3837 Gregorii
1652 3763 1770 3834 epi-

187 3863 336 3926 scopi
377 3861 866 3924 Neocaasariensis,
921 3862 1197 3932 ἐγκώμιον
1229 3862 1310 3926 είς
1337 3860 1430 3914 τὸν
1463 3856 1794 3928 Εὐαγγελι-’

188 3957 320 4026 σμὸν
345 3955 448 4023 τῆς
481 3958 755 4023 παναγίας
773 3955 1059 4010 Θεοτόκου.

266 4044 429 4098 Ἐστι
462 4046 560 4114 μὲν
585 4048 698 4109 τοῖς
735 4046 838 4098 οὐκ
886 4046 1058 4113 ἀξίοις
1108 4043 1414 4114 ἐπισφαλὲς
1462 4041 1572 4096 τῶν
1625 4039 1768 4112 ὑπὲρ

187 4138 338 4204 ἀξίαν
374 4137 745 4207 ἐφάπτεσθαι.
799 4137 1015 4210 Georgii
1069 4136 1443 4203 Grammatici,
1492 4133 1769 4206 ἐγκώμιον

188 4233 263 4296 είς
295 4232 396 4304 τὴν
424 4232 588 4300 ἀγίαν
613 4231 1080 4304 μεγαλοδιάρτυρα
1105 4232 1418 4302 Βαρϐάραν.

257 4325 474 4389 Ἔστιν,
498 4323 574 4387 ώς
604 4323 776 4387 ἔοικε,
795 4326 890 4378 καὶ
920 4325 1072 4399 παρά
1091 4325 1198 4379 τῶν
1223 4323 1432 4396 σφόδρα
1461 4322 1768 4394 δυσμενῶν,

191 4417 279 4471 καὶ
302 4417 682 4472 ἀδιαλλάκτων
711 4417 942 4489 ἐχθρῶν.
978 4417 1181 4472 Asterii
1228 4417 1473 4488 episcopi
1500 4417 1767 4482 Amasem,

190 4509 464 4579 ἐγκώμιον
493 4509 576 4572 είς
595 4510 720 4574 τούς
750 4510 938 4578 ἁγίους
965 4510 1269 4582 μάρτυρας.

1877 638 2035 675 ηοιιο.

1951 715 2145 778 Ἔτους
2169 713 2494 786 τριακοστοῦ
2521 714 2772 784 πέμπτου
2797 707 3172 782 βασιλεύοντος
3199 703 3293 758 τοῦ
3327 704 3458 758 ἀσε-

1876 809 2004 873 6οὖς
2064 809 2160 864 καὶ
2231 809 2554 880 παρανόμου
2622 805 2886 876 βασιλέως
2954 800 3281 867 Μαξεντίου.
3339 797 3456 869 [93]

1873 902 2155 960 Athanasii
2187 903 2401 966 scribae,
2438 899 2737 971 μαρτύριον
2768 897 2865 966 τῆς
2894 895 3056 963 ἁγίας
3093 892 3187 946 τοῦ
3216 889 3456 960 Χριστοῦ

1873 995 2256 1066 Αίκατερίνης.
2306 994 2382 1056 Ita
2439 993 2584 1048 enim
2641 991 2696 1046 in
2747 989 2854 1044 line
2908 989 3034 1045 vitae
3095 984 3453 1055 concipitur:

1875 1087 2061 1142 Ταῦτα
2132 1087 2244 1155 ἐγὼ
2314 1087 2638 1150 Ἀθανάσιος
2693 1081 3047 1155 ταχυγράφος
3109 1080 3225 1148 ἅμα
3274 1077 3458 1139 δοῦλος

1875 1180 2138 1250 ὑπάρχων
2165 1178 2266 1248 τῆς
2302 1178 2497 1250 κυρίας
2528 1175 2893 1247 Αἰκατερίνης
2936 1170 3366 1242 συνεγραψάμην
3388 1166 3458 1220 τά

1875 1272 2244 1343 ὑπομνήματα
2269 1272 2437 1342 αὐτῆς
2468 1271 2526 1322 ὲν
2554 1268 2704 1339 πάσῃ
2759 1265 2943 1334 σοφίᾳ.
2991 1267 3118 1316 Hac
3164 1276 3256 1330 ego
3292 1259 3459 1311 Atha-

1875 1366 2055 1420 nasius
2075 1363 2243 1424 scriba
2265 1362 2498 1435 famulus
2515 1363 2741 1416 domina:
2758 1374 2886 1412 meta
2899 1355 3225 1410 Αῗεαιενίιιω
3247 1368 3459 1420 compo-

1873 1457 1956 1511 sui
1990 1457 2368 1520 commentaria
2399 1456 2563 1525 ipsius
2599 1455 2656 1508 in
2681 1452 2823 1507 omni
2845 1448 3130 1519 sapientia.

1947 1549 2324 1618 Εὐαγγελιστῇ
2357 1547 2606 1614 Θεολόγῳ
2663 1545 2930 1615 προσήκει
2974 1541 3040 1593 ἂν
3079 1536 3248 1600 αἶνος.
3289 1536 3448 1590 Nice-

1874 1641 2034 1714 phori
2058 1641 2395 1706 Blammitle,
2432 1639 2588 1708 λόγος
2614 1632 3054 1706 ὲγκωμιαστικὸς
3077 1632 3159 1694 είς
3184 1631 3272 1684 τὸν
3305 1629 3458 1698 ἆγιον

1875 1733 2129 1804 Ἰωνανὴν
2157 1733 2248 1787 τὸν
2292 1730 2710 1800 εὐαγγελιστήν.

1947 1826 2220 1895 Εὔκαιρον
2250 1827 2308 1878 ὲν
2360 1823 2440 1896 τῷ
2466 1823 2697 1894 παρόντι
2742 1819 2834 1873 τὸν
2867 1819 3143 1886 ἀήττητον
3174 1813 3316 1875 Ἰὼϐ,
3363 1811 3456 1865 τὸν

1794 1900 1840 1956 Β
1866 1921 1962 1975 τοῦ
1991 1919 2126 1975 Θεοῦ
2151 1917 2514 1990 στρατιώτην.
2561 1913 2776 1969 Leontii
2837 1909 3138 1980 presbyteri
3180 1908 3456 1962 Constan-

1872 2015 2237 2086 tinopolitani,
2297 2014 2456 2082 λόγος
2499 2013 2579 2077 είς
2638 2011 2730 2064 τὸν
2781 2007 2901 2062 Ἰὼϐ
2950 2008 3017 2078 τῇ
3089 2003 3299 2074 μεγάλῃ
3353 2003 3458 2056 Τε-

1867 2110 2050 2182 τράδμ

1942 2203 2218 2272 Εὐκαιρον
2258 2199 2354 2256 καὶ
2409 2195 2785 2266 παναρμόνιον
2825 2193 2917 2247 καὶ
2951 2191 3162 2263 πρέπον
3195 2188 3274 2260 τῷ
3312 2204 3458 2256 παρ-

1869 2295 1982 2354 όντι
2012 2291 2211 2365 καιρῷ.
2243 2289 2458 2346 Leontii
2500 2284 2805 2358 presbyteri
2838 2278 3461 2352 ConstantinOpolitani,

1871 2389 1954 2451 είς
1977 2385 2080 2457 τὴν
2103 2385 2196 2439 τοῦ
2232 2382 2441 2454 Κυρίου
2470 2379 2817 2434 Ἀνάστασιν.

1943 2477 2252 2548 Εὐλογητὸς
2275 2478 2303 2531 6
2331 2474 2485 2538 Θεός.
2514 2472 2714 2527 Leonis
2767 2467 3139 2540 imperatoris,
3178 2465 3340 2535 λόγος
3382 2463 3462 2526 είς

1870 2572 1974 2644 τὴν
2003 2572 2184 2643 ἀρχὴν
2214 2570 2322 2623 τῶν
2353 2565 2667 2638 Νηστειῶν.

1946 2663 2252 2735 Εὐλογητὸς
2283 2663 2311 2716 ό
2335 2660 2469 2724 Θεὸς
2514 2661 2570 2713 ὲν
2599 2659 2714 2720 τοῖς
2763 2655 2941 2724 ἁγίοις
2968 2653 3157 2717 αὐτοῦ,
3203 2651 3458 2723 εὐκαιρον

1877 2758 2016 2830 μετά
2045 2756 2138 2811 τοῦ
2174 2754 2450 2828 προφήτου
2479 2748 2640 2804 Δαυῒδ
2687 2749 2864 2801 εἰπεῖν
2889 2748 3150 2816 σήμερον.
3189 2741 3462 2813 Ephru'mi

1872 2851 2112 2920 episcopi
2147 2847 2444 2905 Chersonis
2465 2845 2542 2900 De
2564 2841 2826 2897 miraculo
2847 2839 3022 2894 saneti
3069 2835 3373 2894 Clementis
3405 2837 3459 2889 in

1875 2958 2129 3014 puerum.
2299 2982 2313 2995 .

1945 3034 2252 3106 Εὐλογητὸς
2293 3036 2322 3089 ό
2349 3032 2480 3095 Θεὸς
2511 3031 2607 3084 καὶ
2653 3027 2845 3098 Πατὴρ
2882 3022 2980 3079 τοῦ
3052 3021 3260 3093 Κυρίου
3292 3016 3454 3087 ἡμῶν

1874 3129 2053 3200 Ἰησοῦ
2082 3126 2339 3200 Χριστοῦ.
2373 3125 2498 3188 Βίος
2523 3122 2616 3177 τοῦ
2649 3121 2796 3175 ὁσίου
2820 3116 3038 3185 Πατρὸς
3067 3113 3226 3186 ἡμῶν
3251 3109 3462 3165 Θεοδώο

1876 3240 1970 3294 ρου
2015 3219 2445 3293 ἀρχιμανδρίτου
2495 3213 2737 3270 Συκεών.
2813 3209 3060 3266 Meminit
3098 3205 3328 3277 septima
3376 3218 3463 3274 sy-

1871 3316 2049 3372 nodus
2095 3311 2368 3384 generalis
2402 3319 2510 3366 act.
2540 3311 2594 3365 4.

1943 3407 2246 3478 Εὐλογητὸς
2283 3405 2312 3458 ὁ
2363 3403 2497 3467 Θεὸς
2534 3403 2629 3456 καὶ
2656 3400 2848 3472 Πατὴρ
2896 3398 2990 3454 τοῦ
3031 3394 3239 3465 Κυρίου
3279 3390 3460 3462 ἡμῶν.

1869 3503 2056 3576 Cyrilli
2088 3498 2344 3555 monachi
2383 3506 2440 3552 et
2495 3494 2803 3566 presbyteri
2839 3486 3294 3562 Scythopolitani,
3328 3481 3465 3576 πρὸς

1869 3574 2143 3664 Γεώργιον
2166 3590 2472 3662 ἡγούμενον
2498 3587 2628 3654 περὶ
2646 3584 2742 3638 τοῦ
2775 3583 2892 3654 βίου
2917 3582 3011 3636 τοῦ
3045 3581 3198 3634 όσίου
3242 3574 3461 3646 Πατρὸς

1871 3686 2031 3758 ἡμῶν
2060 3684 2235 3746 Σάὸα,
2263 3683 2323 3735 ὲν
2355 3679 2678 3749 κεφαλαίοις
2708 3677 3085 3744 ἐννενήκοντα.

1938 3775 2246 3844 Εὐλογητὸς
2275 3774 2304 3826 ὁ
2319 3775 2470 3837 Θεὸς,
2493 3773 2521 3825 6
2548 3769 2823 3840 διεγείρας
2841 3767 2938 3839 τὴν
2963 3766 3061 3836 σὴν
3078 3763 3267 3833 τιμίαν
3285 3777 3462 3830 κεφα-

1869 3871 1990 3943 λὴν,
2018 3868 2164 3940 ίερεῦ
2190 3868 2324 3921 ὃσιε.
2356 3865 2477 3920 Vita
2506 3873 2710 3920 sancta:
2731 3860 2995 3917 Melania.
3017 3859 3222 3914 Auctor
3244 3854 3465 3910 vivebat

1869 3981 1995 4022 cum
2027 3964 2142 4033 ipsa
2190 3959 2440 4016 Melania.
2501 3955 2809 4027 Εὐλογητὸς
2858 3954 2886 4006 6
2945 3951 3100 4015 Θεὸς,
3133 3950 3160 4002 6
3192 3945 3464 4016 διεγείρας

1869 4058 1970 4130 τὴν
1995 4056 2093 4124 σὴν
2117 4055 2307 4124 τιμίαν
2342 4051 2613 4122 κεφαλὴν,
2647 4048 2793 4120 ἱερεῦ
2826 4047 2966 4111 δσιε,
3006 4041 3342 4111 ἐπιζητῆσαι
3373 4038 3462 4091 λόο

1871 4167 1969 4219 γον
1996 4148 2095 4220 τὴν
2150 4147 2292 4218 ἐμὴν
2321 4143 2656 4199 ταπείνωσιν
2687 4142 2817 4212 περὶ
2840 4139 2937 4193 τοῦ
2986 4137 3104 4207 βίου
3149 4138 3248 4205 τῆς
3297 4131 3465 4200 ἁγίας

1870 4239 1968 4294 καὶ
2010 4239 2108 4294 σὺν
2182 4237 2436 4306 ἀγγέλοις
2483 4234 2584 4305 τὴν
2627 4230 2910 4290 κατοικίαν
2964 4226 3196 4302 ἐχούσης
3242 4221 3466 4293 Μητρὸς

1875 4331 2030 4403 ἡμῶν
2072 4330 2326 4400 Μελάνης
2377 4328 2476 4398 τῆς
2519 4325 2824 4396 Ῥωμαίας,
2871 4322 2947 4388 ὡς
2994 4320 3184 4392 χρόνον
3247 4333 3313 4388 με
3361 4315 3468 4369 οὐκ

1871 4425 2052 4496 ὀλίγον
2079 4425 2178 4478 σὺν
2201 4423 2340 4494 αὐτῇ
2363 4418 2752 4490 διατρίψαντα,
2794 4417 2892 4472 καὶ
2924 4414 3292 4483 ἐπιστάμενον
3315 4409 3460 4480 ἀμυο
3573 4423 3576 4428 ·

1871 4517 2014 4588 δρῶς
2040 4517 2143 4588 τήν
2159 4534 2218 4571 τε
2247 4514 2343 4570 τοῦ
2368 4512 2737 4584 συγκλητικοῦ
2763 4510 2960 4579 γένους
2980 4507 3157 4573 αὐτῆς
3180 4505 3467 4574 διήγησιν,

260 4603 384 4656 Ἔτι
422 4619 526 4672 μου
571 4605 638 4673 τῇ
691 4603 883 4675 μνήμῃ
929 4602 1001 4656 τά
1037 4602 1132 4656 τοῦ
1191 4601 1497 4656 Βαπτιστοῦ
1551 4603 1766 4674 κρατεῖ.
1799 4615 1845 4672 ι)
1875 4611 1971 4666 καὶ
2009 4610 2127 4675 πῶς
2174 4607 2268 4662 τοῦ
2327 4605 2628 4676 ἀγγελικοῦ
2685 4603 2803 4676 βίου
2855 4598 3124 4670 ἐνήρξατο
3154 4595 3332 4650 πάντα
3363 4591 3457 4646 τὸν

192 4695 430 4752 Anatolii
478 4695 723 4766 episcopi
778 4693 1308 4762 Thessalonicensis,
1361 4695 1520 4764 λόγος
1555 4697 1635 4760 εἰς
1667 4697 1768 4768 τὴν

192 4789 478 4858 ἀποτομὴν
505 4788 601 4841 τού
632 4787 972 4858 Προδρόμου.

266 4884 464 4945 Ἐτους
485 4881 921 4952 τεσσαρακοστού
948 4880 1203 4952 δευτέρου
1227 4882 1325 4950 τῆς
1354 4879 1630 4950 βασιλείας
1656 4880 1767 4934 Δύο

195 4972 448 5041 γούστου.
529 4972 591 5026 ln
655 4980 898 5028 sanctam
930 4971 1294 5026 Praecursoris
1347 4971 1766 5027 decollationem

190 5076 472 5122 auctorem
495 5062 724 5120 Joannis
743 5063 912 5134 ipsius
931 5063 1260 5132 discipulum
1284 5063 1587 5133 Eurippum
1616 5078 1773 5119 reco-

193 5158 426 5227 gnoscit,
473 5157 528 5210 in
563 5157 691 5212 ﬁne.
737 5154 923 5210 Ταῦτα
968 5156 1142 5209 πάντα
1171 5155 1388 5226 ἔγραψα
1416 5154 1528 5224 ἐγὼ
1558 5155 1770 5227 Εὐριπ-

191 5269 312 5319 πος,
367 5249 618 5322 μαθητὴς
647 5249 920 5314 Ἰωάννου,
970 5250 998 5303 ό
1046 5247 1298 5320 δεύτερος
1347 5249 1458 5304 τῶν
1509 5249 1771 5320 μαθητῶν

185 5345 353 5398 αὐτοῦ
383 5345 506 5397 κατ’
535 5341 843 5414 ἀκρίϐειαν,
875 5342 962 5397 ἴνα
992 5343 1191 5408 πάντες
1222 5345 1270 5398 οἱ
1299 5344 1522 5413 ἀδελφοὶ
1553 5345 1611 5398 ἐν
1638 5345 1770 5416 Χρι-

185 5437 294 5507 στῷ
338 5437 646 5506 ἑορτάσωσι
723 5435 823 5508 τὴν
876 5434 1098 5507 μνήμην
1170 5437 1267 5490 καὶ
1323 5436 1635 5491 ἀνάπαυσιν
1672 5434 1766 5490 τοῦ

183 5530 534 5600 φιλοχρὶστου
569 5529 820 5583 Ἰωάννου
844 5529 938 5583 τοῦ
976 5529 1292 5602 Προδρόμου
1319 5533 1414 5585 καὶ
1435 5531 1764 5598 Βαπτιστοῦ,

183 5621 314 5690 μηνὶ
336 5618 640 5690 Αὐγούστῳ
667 5619 767 5676 κθ’.
791 5620 916 5674 Πιεσ
944 5622 1120 5674 omnia
1148 5621 1333 5690 scripsi
1361 5639 1454 5693 ego
1476 5621 1764 5693 Eurippus,

182 5712 408 5767 Ioannis
447 5713 755 5780 discipulus,
793 5714 1051 5767 secundus
1092 5730 1156 5766 ea:
1185 5714 1299 5782 ejus
1328 5714 1600 5783 discipulis
1644 5716 1767 5770 dilié

184 5815 386 5874 genter,
443 5815 498 5859 ut
530 5823 706 5860 omnes
739 5807 932 5875 fratres
987 5808 1041 5860 in
1096 5807 1300 5861 Christo
1344 5809 1595 5862 celebrent
1623 5809 1765 5863 illius

185 5899 547 5963 memoriam,
609 5908 658 5954 et
712 5909 927 5955 mortem
989 5900 1184 5956 Christi
1251 5902 1480 5958 amantis
1536 5900 1762 5958 Joannis

1871 4704 2040 4774 τύφον
2085 4701 2186 4770 τῆς
2225 4700 2498 4770 κοσμικῆς
2522 4698 2682 4764 δόξης
2727 4694 3043 4763 πατήσασα.
3095 4690 3182 4756 Et,
3216 4685 3459 4748 Ταύταις

1877 4796 1976 4850 καὶ
2017 4793 2154 4864 μετά
2175 4791 2275 4862 τὴν
2303 4789 2568 4859 κοίμησιν
2600 4787 2773 4855 αὐτῆς
2802 4783 3140 4851 έπιόοῶμαι,
3184 4782 3334 4844 ὅπως
3362 4797 3461 4852 με·

1878 4887 2153 4958 μνημένος
2186 4884 2296 4938 τῶν
2335 4885 2509 4952 ἀγίων
2546 4881 2715 4952 αὐτῆς
2747 4878 2981 4932 ἐντολῶν
3010 4873 3227 4944 δυνηθῶ
3279 4873 3460 4927 πάντα

1873 4981 2054 5043 δκνον,
2091 4981 2187 5033 καὶ
2218 4978 2410 5049 λήθην,
2440 4976 2534 5031 καὶ
2567 4973 2886 5044 δισταγμὸν,
2924 4970 3019 5024 καὶ
3061 4967 3338 5038 διψυχίαν,
3369 4967 3465 5020 καὶ

1873 5071 2132 5127 ἀπιστίαν
2167 5071 2531 5139 ἀπωσάμενος
2558 5069 2622 5121 ὲκ
2656 5065 2856 5133 μέρους
2885 5061 3162 5133 ἐκφράσαι
3205 5059 3272 5112 τά
3304 5058 3464 5129 μέγι-

1873 5182 1977 5220 στα
2004 5164 2174 5234 αὐτῆς
2215 5160 2641 5234 κατορθώματα,
2695 5157 2841 5229 άπερ
2887 5153 3034 5226 αὐτὴ
3086 5149 3464 5222 εὐαγγελικιῗκ

1875 5251 2142 5324 κρύπτειν
2166 5250 2520 5312 ἐσπούδαζεν.
2555 5250 2646 5312 Ει,
2675 5247 2868 5316 Ὀλίγα
2898 5241 2991 5298 οὖν
3015 5245 3079 5298 ὲκ
3110 5241 3344 5301 πολλῶν.
3365 5241 3466 5294 ὅσα

1870 5363 1934 5399 τε
1962 5344 2123 5407 αὐτὸς
2141 5341 2582 5413 αὐτοπροσώπως
2610 5340 2853 5410 ἑώρακα,
2877 5338 3078 5392 καὶὸσα
3093 5334 3220 5406 παρ’
3259 5332 3346 5386 eri
3353 5347 3464 5403 ρων

1869 5437 2114 5507 ἀκριϐῶς
2141 5435 2436 5507 μεμάθηκα
2454 5435 2692 5505 γράψας,
2709 5433 2777 5486 τά
2798 5431 2962 5484 λοιπά
2980 5432 3045 5500 τῇ
3064 5431 3129 5500 σῇ
3163 5423 3462 5496 φιλομαθίᾳ

1874 5529 2183 5600 καταλείψω
2205 5531 2453 5601 ὲρευνᾷν.
2504 5529 2593 5592 Ει,
2631 5527 2785 5580 Ἐπεὶ
2819 5525 2876 5579 δὲ
2927 5522 3132 5594 σφόδρα
3179 5518 3462 5588 ὠφέλιμον

1876 5621 2207 5694 ἡγησάμεθα
2238 5621 2396 5690 ὀλίγα
2428 5622 2560 5691 περὶ
2594 5620 2690 5688 τῆς
2721 5616 3013 5688 συντυχίας
3045 5611 3224 5668 αὐτῶν
3267 5609 3460 5678 διηγή-

1874 5716 2093 5781 σασθαι,
2126 5715 2271 5786 ειπερ
2297 5714 2439 5785 αὐτὴ
2469 5713 2558 5767 διὰ
2582 5713 2680 5782 τὴν
2699 5711 2988 5779 οἰκοδομὴν
3014 5705 3172 5776 ἡμῶν
3198 5700 3459 5754 πλειστά-

1871 5828 1956 5873 κις
1982 5808 2342 5880 ἀπήγγειλεν,
2377 5806 2548 5860 ταῦτα
2610 5802 2764 5871 κάγὼ
2807 5800 2946 5870 μετά
2973 5799 3159 5868 πάσης
3188 5792 3453 5864 ἀληθείας

1869 5900 2064 5961 γράψω
2092 5899 2228 5964 πρὸς
2263 5901 2358 5956 τὴν
2389 5898 2496 5953 τῶν
2533 5894 2986 5962 ἐντυγχανόντων
3040 5888 3326 5960 ώιξέλειαν.
3354 5885 3442 5956 Et,
