3826 6534
259 404 333 469 95
516 438 521 451 ι
1561 400 1836 468 ιΕΟΝΙΞ
1871 398 2179 471 ΑιιΑΉι
3448 408 3528 474 Θϐ

264 520 424 592 μένα,
476 516 573 572 καὶ
624 515 730 571 ὑπὸ
785 516 950 588 μόνου
998 515 1134 575 Θεοῦ
1199 515 1687 584 διασκεδασθέντα,
1748 514 1843 575 καὶ

1989 521 2281 589 ιὶάενειιιιιι,
2311 523 2670 578 audiebantur
2695 538 2727 578 a
2770 520 2921 577 nobis
2944 534 3094 576 voces
3124 518 3528 579 innumerorum

190 634 193 635 ν
259 613 435 666 ταῦτα
489 610 729 682 μερικῶς
771 610 1120 681 διηγήσομαι.
1144 606 1419 666 Maximus
1445 610 1530 665 hic
1585 612 1843 665 exercitus

178 724 185 731 ’
261 707 361 777 fuit
384 706 636 769 omnium,
671 704 757 774 qui
787 704 977 765 nostris
996 705 1134 761 hisce
1161 704 1476 773 temporibus
1510 704 1841 768 exstiterunt,

262 807 364 852 etc.
386 796 462 850 Ea
486 795 758 853 velocitate
777 812 884 849 rem
900 796 1296 867 conﬁcerejussi
1309 804 1450 860 sunt,
1474 805 1530 851 ut
1556 813 1649 851 nos
1665 811 1847 851 eorum

264 891 570 951 adventum,
607 888 815 942 nonnisi
842 905 946 943 uno
972 889 1057 943 die
1087 896 1232 954 ante,
1268 889 1659 959 cognoverimus
1690 904 1711 943 :
1751 887 1843 951 Et,

263 981 392 1048 Quae
422 999 513 1052 ego
535 981 698 1036 oculis
736 981 864 1035 meis
887 981 993 1035 vidi
1022 990 1072 1035 et
1100 982 1341 1037 manibus
1370 981 1516 1054 tetigi
1554 981 1617 1036 in
1665 980 1846 1035 orien-

265 1074 364 1128 tali
415 1074 644 1129 civitatis
674 1081 848 1144 parte,
893 1089 1010 1131 cum
1062 1073 1128 1128 ab
1183 1073 1419 1135 hostibus
1461 1075 1628 1145 facta,
1662 1082 1776 1129 tum
1807 1089 1842 1127 a

265 1168 373 1221 Deo
400 1165 511 1221 solo
548 1165 832 1233 dissipata,
871 1182 931 1219 ea
964 1164 1278 1237 singillatim
1331 1165 1613 1222 enarrabo.

341 1260 453 1312 Kal
476 1259 574 1329 τὴν
610 1256 943 1327 Ἐκκλησίαν
958 1258 1063 1330 ἄρα
1095 1252 1162 1330 ἧς
1186 1259 1214 1311 ό
1241 1257 1476 1329 Χριστὸς
1495 1255 1727 1329 κεφαλὴ,
1747 1273 1850 1311 πα·

270 1353 519 1421 ράδεισον
560 1350 962 1419 κατανοοῦμεν.
997 1351 1245 1424 Gregorii
1288 1350 1477 1423 Cyprii
1524 1350 1850 1421 patriarchae

267 1441 711 1511 Constantinop.,
747 1443 828 1506 είς
853 1442 951 1514 τὴν
992 1444 1154 1515 ἁγίαν
1178 1440 1644 1516 μεγαλομὰρτυρα
1673 1439 1851 1514 Μαρί-

270 1557 389 1609 νην.

342 1632 451 1691 Καὶ
475 1631 536 1684 τδ
566 1631 752 1698 λόγοις
794 1630 894 1702 μὲν
924 1629 1101 1696 ἄλλως
1130 1630 1202 1686 τὰ
1243 1630 1354 1687 τῶν
1402 1631 1574 1703 ἁγίων
1610 1633 1850 1690 ἑκάστου

270 1723 547 1789 διεξιέναι.
612 1721 883 1779 Philothei
934 1721 1263 1792 patriarcha:
1348 1723 1854 1799 Constantinopoli-

1945 616 2266 673 exercituum
2285 615 2595 687 angelorum
2614 615 2938 669 dicentium:

2020 706 2180 763 Κατὰ
2208 708 2337 770 τοὺς
2365 706 2594 778 καιροὺς
2648 706 2891 768 ἐκείνους
2930 701 3250 757 ἐϐασίλευσε
3296 702 3533 775 Διοκλη-

1945 798 2126 864 τιανδς
2156 800 2184 853 ὁ
2220 798 2506 872 τύραννος.
2541 798 2859 872 Martyrium
2892 796 3067 853 sancti
3113 795 3387 869 Procopii.
3410 796 3533 853 Me-

1948 894 2108 949 minit
2137 893 2368 964 septima
2406 892 2650 966 synodus
2684 890 2952 964 generalis
2976 898 3085 946 act.
3111 890 3167 945 ι.
3543 880 3565 900 ⁸

2018 987 2177 1042 Κινεῖ
2220 1003 2286 1058 με
2315 985 2455 1057 πρὸς
2484 985 2588 1057 τὴν
2622 984 2908 1055 παροῦσαν
2964 984 3221 1039 ὑπόθεσιν
3267 985 3300 1056 ἡ
3329 986 3386 1040 ἐν
3410 986 3533 1049 τοῖς

1949 1075 2118 1143 θείοις
2154 1076 2513 1149 Εὑαγγελίοις
2538 1076 2849 1151 παραϐολή.
2875 1075 3121 1149 Gregorii
3159 1075 3407 1148 Nysseni,
3437 1079 3533 1146 ἐγ-

1948 1169 2158 1243 κώμιον
2211 1172 2292 1235 είς
2326 1171 2417 1226 τὸν
2461 1171 2608 1226 ὅσιον
2668 1170 2765 1226 καὶ
2812 1168 3069 1240 θεοφόρον
3110 1171 3331 1242 Πατέρα
3373 1173 3536 1243 ἡμῶν

1951 1262 2149 1333 Ἐφραὶ
2155 1281 2195 1334 μ
2226 1263 2317 1317 τὸν
2344 1262 2538 1337 Σύρον.

2027 1359 2376 1431 Κινήσωμεν,
2425 1359 2724 1429 ἀγαπητοὶ,
2772 1359 3014 1431 σήμερον
3057 1346 3133 1425 ὡς
3184 1359 3413 1432 κινύραν
3458 1360 3535 1415 τὰ

1951 1450 2127 1524 χείλη.
2145 1452 2376 1508 Andreas
2423 1450 2708 1508 Cretensis
2727 1450 2886 1521 λόγος
2915 1454 2996 1518 εἰς
3018 1452 3118 1525 τὴν
3153 1453 3404 1524 ’Υψωσιν
3430 1452 3532 1508 τοῦ

1950 1541 2136 1612 τιμίου
2165 1542 2263 1596 καὶ
2314 1540 2583 1608 ζωοποιοῦ
2619 1539 2891 1614 Σταυροῦ.

2023 1633 2267 1689 Κλὲπτει
2321 1633 2448 1697 τοὺς
2507 1632 2705 1701 πόνους
2760 1632 2866 1687 τῶν
2912 1633 3171 1705 ἐμπόρων
3202 1635 3236 1705 ἰι
3299 1634 3537 1705 συνεχὴς

1954 1725 2258 1797 προσδοκία
2301 1724 2410 1780 τῶν
2441 1723 2652 1796 πόρων.
2683 1723 2860 1779 Procli
2898 1725 3219 1794 patriarchae
3261 1723 3540 1780 Constan—

275 1817 407 1884 tani,
455 1814 730 1885 ἐγκὼμιον
759 1815 840 1878 είς
884 1814 1011 1877 τοὺς
1047 1815 1239 1883 ἁγίους
1266 1816 1536 1887 ἅπαντας,
1584 1820 1644 1874 ἐν
1675 1814 1721 1890 ᾧ
1757 1820 1851 1876 καὶ

1989 1818 2326 1890 inopolitani,
2362 1818 2640 1889 ἐγκώμιον
2670 1820 2752 1883 είς
2777 1817 2876 1889 τὴν
2898 1816 3158 1872 Θεοτόκον
3186 1818 3421 1889 Μαρίαν.

271 1909 372 1978 τῆς
398 1908 529 1980 περὶ
558 1906 649 1965 τὸν
670 1905 958 1979 ἄνθρωπον
977 1906 1070 1961 τοῦ
1104 1909 1345 1981 Χριστοῦ
1376 1913 1694 1984 οἰκονομίας
1725 1917 1820 1971 ἐπι
1880 1905 1903 1929 "

271 2017 437 2054 toan.

342 2017 378 2053 υ.
420 2036 437 2054 .
1372 2007 1378 2013 ’

340 2000 458 2144 ⁸Κήαὶ
478 2087 636 2142 τοῦτο
658 2089 758 2156 τῆς
785 2089 962 2161 ἄκρας
987 2089 1327 2161 ἀγαθότητος
1354 2094 1666 2168 γνώρισμα,
1718 2098 1855 2153 ἁπόο

273 2181 440 2248 δειξις
494 2182 589 2235 καὶ
654 2180 793 2251 αῦτη
860 2182 1119 2256 μεγίστη.
1177 2183 1406 2243 Joannis
1462 2186 1854 2248 Euchuitarum

273 2277 540 2348 episcopi,
576 2274 734 2344 λόγος
791 2278 872 2341 είς
902 2277 1001 2350 τὴν
1057 2277 1276 2345 σύναξιν
1303 2281 1412 2339 τῶν
1448 2282 1621 2353 ἁγίων
1680 2284 1854 2355 ἁγγέ-

273 2374 406 2428 λων.

350 2466 462 2540 [98]
520 2470 708 2534 Καλὰς
758 2470 890 2539 ἡμῖν
936 2465 1245 2520 ὑποθέσεων
1288 2465 1467 2537 αρχὰς
1515 2468 1549 2539 ἡ
1605 2468 1857 2540 παροῦσα

277 2562 585 2635 πανήγυρις
611 2562 903 2616 δείκνυσιν.
926 2558 1143 2639 Georgii
1160 2557 1630 2631 Chartophylacis,
1657 2563 1738 2624 είς
1758 2562 1857 2633 τὴν
1882 2596 1893 2605 ο

277 2652 583 2725 ύπεραγίαν
612 2651 896 2718 Θεοτόκον,
927 2650 1015 2706 ὅτε
1046 2649 1284 2723 ἀπεδόθη
1324 2650 1382 2704 ἐν
1407 2649 1488 2722 τῷ
1514 2651 1629 2724 ναῷ
1653 2652 1857 2726 τριετί-

312 2759 468 2798 ουσα.

312 2759 468 2798 ουσα.

279 2743 313 2809 ζ
353 2837 509 2908 Καλὴ
534 2835 688 2907 μὲνὴ
717 2836 826 2890 τῶν
861 2834 1093 2906 ψαλμῶν
1115 2834 1274 2908 λύρα,
1307 2835 1668 2927 θεόπνευστος
1693 2837 1728 2907 ἡ
1759 2834 1855 2891 τοῦ

279 2932 621 3001 Πνεύματος.
656 2928 833 2985 Procli
874 2927 1197 3000 patriarcha:
1235 2927 1853 3002 ConstantinOpolitani,

279 3023 358 3087 είς
378 3022 476 3095 τὴν
508 3021 927 3094 ἐνανθρώπησιν
957 3019 1051 3074 τοῦ
1080 3018 1312 3092 Κυρίου,
1361 3023 1457 3076 καὶ
1491 3025 1572 3087 είς
1599 3021 1699 3087 τὰς
1725 3024 1859 3079 ἐπαο

282 3115 594 3186 ρυστρίδας.

2028 1911 2264 1968 Κλίνατέ
2283 1908 2501 1983 μοιοῦς.
2526 1912 2767 1983 ἀδελφοὶ,
2787 1911 2883 1965 καὶ
2897 1909 3251 1981 διηγήσομαι.
3276 1911 3538 1981 Ephrem

1957 2004 2099 2077 Syri,
2149 2004 2307 2072 λόγος
2336 2004 2623 2074 ἐπιτάφιος
2657 2006 2738 2068 είς
2762 2005 2853 2058 τὸν
2911 2006 3089 2076 μέγαν
3121 2004 3401 2058 Βασίλειον
3437 2006 3542 2077 ἁρ-

1955 2100 2314 2174 χιεπίσκοπον
2343 2100 2687 2171 Καισαρείας
2717 2101 2816 2171 τῆς
2847 2100 3263 2164 Καππαδοκίας.

2029 2194 2204 2264 Κρίνα
2230 2194 2288 2260 ἐξ
2320 2193 2491 2264 ἀγροῦ
2521 2193 2616 2247 καὶ
2643 2192 2896 2263 ῥεύματα
2924 2196 2986 2246 ἐκ
3020 2194 3226 2264 πηγῆς.
3256 2186 3539 2249 Theodori

1957 2287 2207 2343 Lascaris
2228 2286 2405 2354 Ducat,
2426 2285 2704 2357 ἐγκώμιον
2725 2288 2808 2351 εἰς
2830 2286 2920 2341 τὸν
2942 2287 3098 2356 ἅγιον
3126 2287 3378 2360 μάρτυρα
3393 2282 3541 2357 Τρύ-

1959 2395 2134 2447 φωνα.

2721 2473 2767 2528 Δ

2028 2562 2279 2635 Λάζαρος
2317 2562 2408 2618 τὸν
2459 2564 2705 2636 παρόντα
2741 2563 3204 2636 συγκεκροτηκὼς
3254 2563 3542 2633 σύλλογον.

1954 2652 2188 2712 Andreae
2229 2654 2527 2719 Cretensis,
2588 2657 2668 2721 είς
2696 2656 2789 2710 τὸν
2821 2658 3207 2728 τετραήμερον
3265 2656 3541 2728 Λάζαρον.

2030 2745 2144 2819 [99]
2180 2744 2421 2817 Λαμπρὰ
2441 2745 2537 2800 καὶ
2568 2746 2873 2818 παράδοξος
2897 2748 3003 2817 τῆς
3030 2747 3314 2818 παρούσης
3343 2748 3546 2817 ἑορτῆς

1955 2841 1991 2911 η
2028 2837 2305 2901 ὑπόθεσις.
2332 2837 2507 2892 Procli
2560 2838 2881 2909 patriarcha
2915 2838 3543 2909 Constantinopolitani,

1958 2934 2037 2996 είς
2087 2930 2150 2985 τὸ
2212 2929 2489 2999 γενέθλιον
2538 2929 2634 2984 τοῦ
2699 2931 2907 3003 Κυρίου
2953 2931 3115 3003 ἡμῶν
3162 2930 3342 3001 Ἰησοῦ
3405 2931 3546 3002 Χρι-

1960 3040 2112 3077 στου.

2023 3112 2269 3184 Λαμπρᾶι
2301 3110 2399 3183 μὲν
2427 3112 2578 3184 ἡτοῦ
2606 3112 2797 3183 Πάσχα
2841 3112 3181 3184 πανήγυρις.
3230 3112 3408 3169 Procli
3440 3126 3546 3181 pa-

352 3208 532 3263 Καλδν
559 3209 658 3280 μὲν
692 3208 755 3262 τδ
787 3209 937 3280 ῥόδον
965 3211 1064 3280 τῆς
1098 3210 1338 3283 ἐαρινῆς.
1368 3208 1616 3281 llesychii
1636 3209 1858 3279 presby-

1989 3207 2214 3262 riarchae
2256 3205 2867 3276 Constantinopolitani,
2904 3210 2984 3272 είς
3009 3211 3101 3262 τον
3132 3208 3289 3278 ἁγιον
3322 3208 3542 3277 Πάσχα.

278 3302 381 3357 teri
418 3300 910 3374 llierosolymitani,
939 3305 1214 3373 ἐγκώμιον
1234 3305 1312 3368 εἰς
1342 3303 1470 3367 τοὺς
1509 3302 1694 3372 ἁγίους
1723 3303 1855 3356 ἁποο

216 3408 220 3413 ‘
282 3394 505 3459 στόλους
545 3395 755 3467 Πέτρον
780 3396 875 3449 καὶ
914 3395 1149 3451 Παῦλον.

351 3482 529 3549 Καλὸς
563 3486 662 3557 μὲν
693 3489 721 3549 ὁ
753 3488 851 3558 τῆς
875 3487 1191 3551 εὐπειθείας
1245 3487 1432 3558 νόμος.
1462 3484 1678 3557 Georgii
1701 3484 1863 3542 Nico-

280 3579 599 3645 mediensis,
639 3579 719 3642 είς
751 3580 850 3652 τὴν
874 3579 1199 3652 διαπόρησιν
1230 3579 1456 3651 Ἰωσὴφ,
1484 3579 1579 3632 καλ⁵
1604 3578 1739 3651 πρὸς
1760 3578 1860 3650 τὴν

281 3670 559 3737 Παρθένον
583 3671 846 3737 διάλεξις.

354 3761 462 3816 Καὶ
487 3761 579 3816 τδν
612 3763 805 3831 καιρὸν
842 3764 1051 3818 ἐκεῖνον
1111 3761 1496 3833 βασιλεύοντος
1542 3764 1634 3818 τοῦ
1665 3763 1865 3818 ἁσεόε-

283 3852 481 3907 στὰτου
510 3852 824 3918 Ἰουλιανοῦ,
885 3854 981 3907 καὶ
1014 3853 1116 3925 τῆς
1167 3853 1587 3924 είδωλολατρίας
1627 3855 1863 3925 ἐπικρα-

283 3944 504 4014 τούσης.
553 3943 866 4016 Martyrium
905 3945 1005 4001 SS.
1050 3946 1312 4011 Ismaelis,
1377 3945 1606 4002 Sabellis
1662 3957 1717 4003 et
1747 3948 1861 4003 Ma—

267 4036 480 4091 .uuelis.
519 4034 720 4091 Auctor
769 4045 887 4091 erat
922 4036 1118 4092 iisdem
1168 4036 1486 4107 σύγχρονος.
1523 4038 1737 4109 Ὠσπερ
1764 4040 1862 4093 καὶ

286 4126 343 4178 αἱ
377 4126 486 4179 τῶν
515 4125 927 4196 ὑπομνημάτων
962 4125 1188 4197 πράξεις
1220 4128 1277 4180 al
1330 4127 1622 4199 γενόμεναι
1647 4131 1735 4184 ἐπ’
1765 4131 1864 4184 αύ-

286 4218 399 4280 τοϊς
420 4216 761 4271 διδάσκουσιν
791 4218 941 4288 ἡμᾶς
974 4217 1327 4289 περιέχουσαι
1353 4217 1551 4283 οῦτωςο
1584 4218 1862 4276 Βαλτανοῦ

288 4306 669 4380 βασιλεύοντος
701 4309 760 4362 ἐν
782 4311 848 4380 τῇ
876 4307 1034 4383 χώρα
1060 4309 1309 4380 Περσῶν.
1338 4308 1791 4376 Quemadmodum
1812 4321 1862 4369 et

285 4402 661 4455 commentaria
684 4405 748 4455 de
761 4417 940 4456 eorum
964 4403 1116 4457 rebus
1131 4401 1309 4475 gestis,
1334 4419 1449 4474 qua:
1474 4420 1536 4458 ea
1566 4404 1681 4476 ipsa
1706 4414 1865 4461 (etate

218 4492 231 4503 '
286 4491 579 4560 conscripta
601 4500 744 4556 sunt,
770 4508 864 4547 nos
888 4492 1092 4561 docent,
1121 4492 1202 4548 his
1226 4493 1414 4550 verbis.
1436 4490 1663 4551 Peltano
1689 4496 1860 4568 impe-

287 4594 463 4640 ratore
488 4585 546 4639 in
574 4586 783 4656 regione
812 4583 1120 4641 Persarum.

360 4676 518 4730 Κατὰ
546 4678 673 4742 τοὺς
704 4678 933 4748 καιροὺς
987 4677 1232 4741 ἐκείνους
1288 4677 1665 4750 βασιλεύοντος
1718 4681 1865 4736 κατὰ

288 4769 638 4841 συγχώρησιν
673 4770 768 4825 τοῦ
801 4771 1042 4842 Χριστοῦ
1075 4769 1358 4843 Σωῦαρίου
1389 4771 1534 4838 τινὸς
1572 4773 1683 4829 τῶν
1723 4775 1867 4848 Περ-

288 4862 418 4917 σῶν.
447 4862 758 4934 Martyrium
809 4864 907 4919 SS.
948 4864 1223 4931 Acindini,
1258 4864 1468 4934 Pegatii
1504 4874 1559 4920 et
1589 4868 1864 4939 Anempo-

287 4957 435 5012 disti.
472 4954 747 5028 Scriptum
771 4965 855 5012 est
883 4972 913 5011 a
935 4966 1221 5026 prasrnte.
1244 4957 1355 5011 Kal.
1384 4956 1554 5010 ταῦτα
1581 4958 1746 5011 αὑτοῦ
1774 4960 1867 5013 εύ-

289 5048 545 5119 ξαμένου,
586 5048 773 5118 ὼρὰθη
810 5049 996 5112 αὐτοῖς
1027 5047 1257 5119 στρατὸς
1325 5049 1572 5118 ἀγγέλων
1622 5050 1867 5122 ὑπερμε-

289 5141 458 5210 γέθης
512 5135 588 5196 ὧν
620 5140 679 5194 τδ
709 5141 907 5205 κάλλος
933 5142 1080 5212 ἡμᾶς
1105 5141 1233 5205 τοὺς
1261 5140 1499 5211 ὁρῶντας
1521 5144 1614 5196 ἐπὶ
1646 5142 1747 5213 τῆς
1765 5144 1865 5216 γῆς

288 5234 535 5307 ἔρριψεν.
564 5234 852 5305 Κειμένων
880 5233 937 5288 δὲ
985 5234 1143 5305 ἡμῶν
1188 5235 1471 5303 ἐπιπλέον,
1528 5236 1766 5308 ἔστησαν
1816 5238 1864 5290 οί

290 5327 437 5395 ἅγιοι
486 5328 566 5390 είς
619 5327 948 5398 προσευχήν.
985 5327 1071 5383 Et.
1136 5329 1245 5382 Καὶ
1277 5327 1526 5384 ἑστώτων
1582 5330 1742 5402 ἡμῶν
1773 5332 1868 5384 καὶ

289 5419 679 5492 θεωρούντων,
739 5420 1001 5491 ἠκούοντο
1058 5423 1192 5495 ἡμῖν
1250 5423 1424 5494 φωναὶ
1471 5424 1866 5495 ἀναριθμήτων

290 5511 540 5582 στρατῶν
568 5510 821 5581 ἁγγέλων
870 5513 1165 5582 λεγόντων.
1194 5515 1263 5569 Et
1301 5523 1412 5569 Iuec
1446 5531 1568 5569 cum
1599 5514 1690 5570 ille
1715 5532 1868 5569 oras-

291 5615 388 5670 set,
416 5606 668 5675 apparuit
696 5604 804 5659 illis
849 5608 1107 5661 exercitus
1142 5608 1325 5680 ingens
1368 5607 1700 5680 angelorum,
1738 5624 1869 5676 quo-

291 5712 410 5752 rum
453 5697 803 5767 pulchritudo,
870 5715 984 5765 nos,
1041 5701 1131 5772 qui
1184 5701 1505 5765 videbamus,
1554 5700 1612 5752 in
1668 5708 1869 5753 terram

294 5789 502 5859 dcjecit.
560 5788 691 5843 Cum
732 5807 881 5845 ,uero
919 5807 1010 5846 nos
1051 5792 1143 5846 diu
1189 5791 1661 5860 procumberemus,
1698 5791 1871 5844 sancti

290 5885 346 5946 in
406 5885 643 5942 oratione
671 5896 943 5952 steterunt,
980 5896 1086 5943 etc.
1123 5884 1206 5953 Et,
1240 5884 1370 5942 Cum
1404 5900 1495 5938 nos
1521 5892 1786 5937 staremus
1815 5892 1865 5938 et

2032 3297 2314 3370 Λαμπρῶς
2336 3299 2701 3370 πανηγυρίζει
2729 3301 2761 3367 ὴ
2787 3299 2965 3365 κτίσις
2987 3301 3249 3372 σήμερον.
3266 3298 3545 3355 Theodori

1963 3389 2202 3461 iunioris
2222 3388 2612 3461 Homologetae,
2635 3392 2715 3457 είς
2749 3390 2811 3445 τὸ
2845 3390 3090 3462 γενέσιον
3110 3392 3208 3463 τῆς
3233 3390 3543 3461 Παρθένου.

1963 3479 2402 3538 Est'l‘heodorus
2432 3480 2666 3538 Studita.

2728 3574 2784 3627 M

2033 3648 2373 3736 Μαξιμιανδς
2399 3665 2495 3720 καὶ
2525 3664 2836 3736 Μαξιμῖνος
2877 3665 3117 3738 βασιλεῖς
3145 3667 3545 3734 ἐξαπέστειλαν

1962 3758 2308 3828 διατάγματα
2340 3759 2421 3820 είς
2460 3758 2642 3810 πᾶσαν
2670 3756 2771 3826 τὴν
2816 3755 3164 3827 οίκουμένην.
3230 3756 3544 3827 Martyrium

1964 3847 2023 3905 S.
2057 3846 2333 3903 Theodori
2367 3846 2617 3902 Teronis.
2669 3845 2942 3917 Scriptum
3000 3862 3031 3901 a
3063 3854 3332 3918 praesente
3377 3857 3433 3902 et
3463 3847 3549 3901 vi-

1965 3941 2149 3995 dente.
2176 3937 2232 3995 ln
2263 3938 2391 3993 line.
2421 3937 2533 3993 Kal
2569 3936 2725 4002 τέλος
2750 3937 3213 4009 προσευξάμενος,
3246 3940 3340 3992 καὶ
3370 3938 3547 3992 εἰπὼν

1964 4030 2026 4084 τὸ
2064 4029 2256 4100 Ἀμὴν,
2281 4027 2472 4099 ὥσπερ
2496 4027 2856 4100 ἐρευγόμενος
2896 4028 3181 4100 παρέδωκε
3211 4028 3310 4100 τὴν
3338 4030 3542 4100 ψυχήν.

1965 4123 2077 4177 Καὶ
2106 4121 2296 4194 ὥσπερ
2347 4120 2633 4193 ἀστραπὴν
2671 4120 2856 4192 ίδομεν
2891 4119 3417 4194 ἀναλαμϐανομένην
3445 4123 3549 4194 τὴν

1963 4215 2143 4288 ψυχὴν
2172 4213 2339 4269 αὐτοῦ
2375 4215 2455 4276 είς
2503 4212 2595 4266 τδν
2627 4214 2877 4284 οὐρανόν.
2925 4211 2993 4267 Et
3039 4215 3252 4269 tandem
3304 4216 3547 4285 precibus

1965 4308 2161 4380 effusis,
2197 4308 2437 4379 dictoque
2462 4305 2650 4370 Amen,
2676 4305 2839 4360 ueluti
2862 4317 3110 4362 eructans
3131 4307 3369 4361 animam
3424 4311 3548 4362 red-

1964 4402 2122 4469 didit,
2164 4410 2212 4455 et
2237 4399 2395 4455 veluti
2417 4397 2597 4469 fulgur
2618 4398 2844 4454 vidimus
2874 4398 3019 4454 illius
3066 4399 3304 4455 animam
3345 4401 3401 4455 in
3442 4418 3549 4456 ca:-

1967 4495 2078 4551 lum
2100 4493 2410 4558 admissam,
2455 4500 2839 4561 receptamque.

1893 4574 1939 4630 Ῑ)
2038 4586 2365 4660 Μαρτυρικὴ
2398 4586 2700 4656 πανήγυρις
2731 4586 2991 4657 σήμερον.
3017 4585 3242 4642 Joannis
3268 4594 3548 4657 metropo-

1964 4682 2075 4738 lilre
2108 4679 2523 4742 Euchaitarum,
2550 4679 2631 4741 είς
2662 4676 2760 4749 τὴν
2782 4679 3007 4747 μνήμην
3035 4676 3130 4733 τοῦ
3156 4677 3314 4745 ἁγίου
3338 4677 3548 4748 μάρτυ-

1968 4790 2059 4845 ρος
2093 4769 2368 4841 Θεοδώρου
2406 4767 2499 4822 τοῦ
2530 4766 2804 4838 Τήρωνος,
2840 4767 2959 4839 ἦτοι
2984 4768 3078 4821 τὸν
3107 4766 3393 4845 ἁνθισμόν.

2035 4864 2333 4934 Μάρτυρος
2361 4859 2703 4931 παραγέγονε
2736 4860 2945 4929 μνήμη.
2978 4859 3173 4915 Leonis
3201 4860 3544 4930 imperatoris

1965 4956 2124 5025 λόγος
2150 4958 2229 5020 είς
2258 4954 2348 5008 τὸν
2374 4953 2630 5023 μάρτυρα
2660 4950 2964 5024 Τρύφωνα.

2035 5048 2231 5117 Μάτην
2264 5047 2312 5099 οἱ
2348 5045 2532 5099 πολλοὶ
2561 5044 2653 5098 τὸν
2677 5044 2869 5117 χρόνον
2895 5045 3075 5100 αἴτιον
3101 5048 3348 5115 ἀξιοῦσιν
3379 5044 3541 5104 εἶναι.

1987 5139 2310 5210 Nicephoris
2368 5136 2702 5204 Blemmidm,
2729 5135 2843 5209 βίος
2870 5139 2965 5191 καὶ
2996 5138 3246 5194 πολιτεία
3274 5140 3365 5194 τοῦ
3393 5140 3543 5196 ὁσίου

1969 5231 2062 5284 καὶ
2092 5229 2350 5299 θεοφόρου
2377 5227 2595 5300 Πατρδς
2649 5228 2808 5300 ἡμῶν
2834 5228 3049 5282 Παύλου
3084 5228 3177 5284 τοῦ
3231 5234 3290 5285 ἐν
3320 5231 3397 5304 τῷ
3435 5234 3547 5287 Λά-

1967 5342 2104 5396 τρῳ.
3532 5382 3549 5399 .

2041 5414 2270 5484 Μεγάλαι
2312 5414 2411 5483 τῆς
2448 5410 2759 5482 προσευχῆς
2822 5410 2892 5464 τὰ
2942 5413 3277 5485 χαρίσματα.
3327 5413 3543 5470 Lcoulii

1969 5510 2271 5583 presbyteri
2327 5506 2942 5576 Constantinopolitani,
2974 5509 3131 5580 λόγος
3184 5512 3265 5575 είς
3314 5512 3414 5582 τὴν
3448 5528 3549 5579 με-

1970 5601 2145 5674 γάλην
2195 5599 2580 5672 Παρασκευήν.
2606 5595 2716 5648 Καὶ
2744 5597 2826 5661 είς
2869 5598 2928 5651 τό
2963 5600 3133 5666 πάθος
3159 5601 3253 5655 τοῦ
3279 5599 3541 5674 Χριστοῦ.

1971 5695 2085 5749 Καὶ
2110 5694 2190 5757 είς
2212 5692 2303 5745 τὸν
2335 5689 2480 5744 nos.

2005 5785 2291 5855 »Μεγάλαι
2331 5800 2390 5837 τε
2432 5784 2529 5838 καὶ
2568 5782 2762 5836 πολλαὶ
2795 5784 2888 5837 καὶ
2910 5784 3147 5837 ποικίλαι
3185 5786 3283 5853 τῆς
3309 5783 3539 5853 domita-

1973 5896 2066 5934 του
2140 5878 2234 5934 καὶ
2292 5873 2767 5948 μεγαλοπρεποῦς.
2823 5876 3163 5932 Pantalernis
3217 5876 3432 5935 diaconi
3486 5886 3544 5933 et
