3826 6460
166 310 234 372 91
854 305 953 366 DE
995 304 1263 365 SCRIPT
1273 305 1340 363 IS
1381 302 1769 363 SYMEONIS
1813 301 2393 362 METAPHRASTAE
2446 304 2835 365 DIATHIBA.
3369 308 3440 369 98

165 420 616 494 chartophylacis
633 420 840 492 Magnae
871 421 1152 480 Ecclesiae.
1187 419 1438 489 διήγησις
1467 419 1758 488 θαυμάτων

1907 422 2072 475 κείνου
2115 419 2327 490 καιρῷο
2365 423 2630 492 πρότερον
2665 419 3029 491 μὲνἝλληνες
3059 422 3438 491 τυγχάνοντες,

163 515 258 569 τοῦ
291 515 688 585 παμμεγίστου
717 513 810 565 καὶ
836 511 1162 575 πανενδόξου
1188 511 1406 581 Μιχαὴλ
1435 510 1528 564 τοῦ
1593 512 1753 581 ἁρχι-

168 608 509 678 στρατήγου,
570 605 663 658 καὶ
715 603 828 657 τῶν
889 602 1145 673 ἀγγέλων
1193 602 1434 674 Γαϐριὴλ
1477 603 1569 655 καὶ
1633 601 1756 656 Ῥα-

168 697 340 767 φαήλ.

239 789 475 856 Μεγάλη
507 788 606 857 μὲν
627 789 662 858 ἡ
690 786 940 858 παροῦσα
963 786 1169 859 ἡμέρα.
1204 785 1421 842 Macarii
1452 788 1756 859 Chrysoce-

168 882 342 952 phali,
374 881 535 949 λόγος
560 883 640 943 εἰς
671 881 772 950 τὴν
792 880 983 950 τρίτην
1005 879 1298 949 Κυριακὴν
1318 880 1424 932 τῶν
1447 879 1754 950 Νηστειῶν,

169 977 226 1026 ὲν
329 973 453 1025 κατ’
487 971 762 1043 ἐξαίρετον
792 974 824 1043 η
882 970 975 1024 τοῦ
1005 971 1188 1042 τιμίου
1241 971 1485 1043 Σταυροῦ
1518 971 1755 1024 τελεῖται

170 1081 276 1135 προ
287 1063 572 1134 σκύνησις.

243 1158 476 1226 Μεγάλη
494 1156 593 1226 τῆς
615 1157 826 1226 ἡμέρας
861 1156 894 1215 ή
925 1153 1178 1225 δύναμις.
1215 1155 1757 1226 MacariiChrysoce-

139 1237 157 1264 “’
171 1250 344 1320 pbali,
374 1248 536 1316 λόγος
564 1249 644 1310 εἰς
666 1251 762 1316 την
776 1247 938 1315 ἀγίαν
960 1247 1054 1300 καὶ
1075 1247 1400 1314 πανένδοξον
1433 1248 1758 1300 Ἀνάστασιν

173 1344 265 1397 τοῦ
299 1345 509 1415 Κυρίου
543 1346 636 1397 καὶ
658 1342 794 1397 Θεοῦ
827 1343 923 1396 καὶ
973 1344 1230 1415 Σωτῆρος
1254 1345 1411 1418 ημῶν
1429 1343 1608 1416 Ἰησοῦ
1627 1345 1760 1416 Χρι-

176 1435 327 1490 στοῦ.

244 1529 534 1600 Μεγίστην
557 1527 731 1596 λόγων
763 1529 1022 1583 ὑπόθεσιν
1052 1529 1318 1599 προέθετο
1377 1531 1492 1594 τοῖς
1538 1547 1758 1600 πτωχο-

175 1621 358 1684 τάτοις
388 1624 545 1692 ημῐι.
574 1621 863 1675 Alexandri
914 1621 1194 1689 monachi,
1223 1620 1503 1694 ἐγκώμιον
1541 1624 1622 1687 εἰς
1663 1622 1757 1677 τὸν

181 1713 481 1766 ἀπόστολον
530 1713 836 1782 Βαρνάϐαν.

1865 514 2162 590 μετέπειτα
2183 511 2238 565 δὲ
2260 513 2650 575 πιστεύσαντες
2671 517 2736 584 τῇ
2754 514 2964 567 ἐκείνου
2989 519 3295 586 προτροπῇ.
3320 515 3442 569 Ηιῑνε

1863 622 1985 660 vero
2034 621 2124 660 nos
2155 607 2608 675 transcripsimus,
2639 623 2755 660 cum
2791 625 2849 660 eo
2875 617 3104 677 tempore
3137 609 3439 671 viveremus,

1863 699 2010 767 prius
2055 701 2264 769 quidem
2311 699 2566 766 inﬁdeles,
2589 703 2918 768 postmodum
2945 701 3088 754 illius
3118 701 3445 754 adhortatio-

1865 792 2015 844 nibus
2039 791 2194 860 ﬁdem
2224 791 2533 859 amplexati.

1935 883 2159 937 Νικάτω
2177 884 2273 937 καὶ
2303 883 2479 952 λόγων
2513 882 2735 954 εὔροιαν
2761 885 2857 954 τῆς
2895 887 3165 958 σωτηρίου
3191 887 3440 957 πανηγύ-

1867 996 2006 1050 ρεως
2035 979 2096 1031 τὸ
2119 976 2326 1045 θαῦμα.
2369 978 2550 1034 Procli
2607 979 2931 1050 patriarcha:
2977 979 3442 1051 Constantinopo-

1865 1074 2044 1138 litani,
2070 1074 2150 1136 είς
2185 1073 2245 1126 τὸ
2267 1073 2422 1141 ἅγιον
2446 1074 2658 1144 Πάσχα.

1937 1167 2122 1236 Νόμος
2148 1165 2355 1219 ἄνωθεν
2379 1165 2689 1236 ἀθλητικός.
2718 1165 2917 1220 Leonis
2951 1165 3318 1235 imperatoris,
3353 1165 3444 1218 λό-

1864 1275 1957 1326 γος
1991 1260 2070 1322 είς
2094 1259 2184 1312 τὸν
2207 1260 2364 1326 ἅγιον
2390 1259 2835 1330 πρωτομάρτυρα
2865 1259 3159 1327 Στέφανον.

1941 1350 2126 1421 Νόμος
2158 1351 2276 1403 ἐστὶ
2337 1351 2553 1419 φύσεως
2581 1353 2700 1413 ταῖς
2761 1350 3048 1420 μελίσσαις
3078 1349 3152 1420 μὴ
3184 1349 3442 1419 ἀπαίρειν

1863 1443 1975 1496 τῶν
2009 1441 2274 1512 σίμϐλων.
2329 1441 2516 1497 Basilii
2549 1440 2924 1507 Cmsariensis,
2985 1441 3065 1504 είς
3091 1441 3312 1512 Γόρδιον
3352 1442 3444 1496 τὸν

1869 1533 1949 1604 μά
1962 1551 2057 1605 ρτυ
2067 1550 2154 1604 ρα.

1936 1626 2120 1697 Νόμος
2147 1618 2302 1688 οὗτος
2331 1623 2534 1696 ἧνθησε
2562 1623 2730 1679 πάλαι
2754 1625 2884 1694 παρ’
2906 1623 3156 1695 Ἕλλησι,
3186 1622 3281 1679 καὶ
3301 1625 3443 1695 μέγα

1866 1717 1946 1790 τῷ
1973 1717 2153 1790 χρόνῳ
2199 1716 2262 1771 τὸ
2295 1717 2498 1788 κράτος
2533 1715 2766 1786 εἰλήφει.
2804 1716 3098 1787 Nicephori
3159 1715 3440 1788 Gregorae,

243 1809 399 1862 Μετά
420 1810 521 1876 τὴν
559 1808 852 1878 Ἀνάληψιν
873 1807 968 1862 τοῦ
1001 1809 1232 1881 Κυρίου.
1274 1810 1497 1867 Eusebii
1520 1810 1758 1866 Alexan-
1785 1787 1833 1849 Β
1863 1787 2093 1883 βίοςνκαὶ
2121 1787 2364 1864 πολιτεία
2391 1811 2485 1864 καὶ
2510 1809 2734 1881 ἄθλησις
2757 1808 2850 1863 τοῦ
2874 1809 3019 1863 όσίου
3045 1810 3256 1881 Πατρὸς
3283 1787 3442 1880 ἡμῶν

180 1897 343 1962 drini,
382 1900 464 1962 είς
488 1900 583 1970 τὴν
604 1900 862 1970 δευτέραν
883 1902 1191 1972 παρουσίαν
1223 1901 1316 1956 τοῦ
1349 1903 1578 1974 Κυρίου.

247 1991 407 2045 Μετά
428 1991 525 2062 τὴν
545 1993 817 2063 μακαρίαν
831 1995 925 2047 καὶ
947 1994 1300 2065 ὲνδοξοτάτην
1329 1994 1759 2050 Ἀνάστασιντοῦ

183 2085 390 2154 Κυρίου
421 2085 518 2138 καὶ
569 2084 706 2138 Θεοῦ
758 2086 936 2156 ημῶν.
970 2087 1249 2153 Melhodii,
1278 2087 1380 2151 vel,
1417 2097 1476 2144 ut
1505 2089 1617 2154 alii,
1651 2087 1763 2144 Me-

184 2177 412 2243 trodori,
445 2177 746 2250 μαρτύριον
795 2179 888 2234 τοῦ
947 2183 1102 2252 ἁγίου
1135 2183 1414 2236 Διονυσίου
1447 2182 1539 2237 τοῦ
1575 2183 1631 2237 Ἀ
1645 2201 1763 2256 ρεο-

185 2271 441 2335 παγίτου.

249 2362 342 2432 Μὴ
375 2361 668 2437 θαυμάσῃς
694 2366 721 2418 ὁ
752 2366 883 2436 ἐμὸς
917 2369 1287 2440 μουσηγέτης,
1325 2371 1374 2424 εί
1401 2371 1564 2443 τορόν
1594 2388 1647 2425 τι
1670 2373 1764 2425 καὶ

184 2452 438 2526 λαμπρὸν
471 2457 797 2528 φθέγξομαι.
855 2460 1006 2532 [100]
1053 2460 1334 2518 Michaelis
1397 2462 1582 2531 Pselli,
1630 2464 1767 2534 πρὸς

183 2546 273 2599 τὸν
315 2549 805 2618 πρωτοσὺγγελλον
846 2552 977 2624 περὶ
1025 2553 1120 2607 τοῦ
1145 2554 1302 2623 ἁγίου
1331 2555 1635 2628 Γρηγορίου
1667 2555 1764 2609 τοῦ

187 2637 489 2709 Θαυματου
501 2640 657 2709 ργοῦ.

250 2733 479 2804 Μητρὸς
509 2733 644 2788 Θεοῦ
666 2736 856 2807 ἑορτὴν
879 2735 1150 2807 τιμῶμεν.
1170 2737 1370 2794 Leonis
1395 2738 1766 2808 imperatoris,

185 2823 343 2893 λόγος
377 2827 458 2889 είς
484 2829 587 2898 τὴν
615 2829 888 2898 Κοίμησιν
913 2831 1012 2898 τῆς
1041 2830 1342 2901 Παρθένου.

257 2916 486 2987 Μιχαὴλ
510 2920 537 2970 ὁ
568 2917 676 2971 τῶν
724 2920 970 2987 ἀγγέλων
1020 2922 1468 2993 ἀρχιστράτηγος
1494 2920 1587 2974 τοῦ
1607 2922 1767 2992 λόγου

187 3025 280 3078 μοι
326 3009 426 3062 τοῦ
487 3011 754 3082 παρόντος
806 3012 1083 3076 ὑπόθεσις.
1135 3014 1420 3088 Chrysippi
1469 3016 1768 3087 presbyteri

194 3099 680 3173 liierosolymitani
696 3113 750 3158 et
771 3105 1202 3176 cbartophylacis
1254 3105 1468 3160 Sancta:
1503 3105 1770 3161 Resnrre-
1799 3145 1843 3205 ο

189 3196 412 3262 ctiouis,
449 3200 531 3259 είς
559 3196 650 3250 τὸν
676 3197 830 3266 ἅγιον
855 3199 1297 3270 ἀρχιστράτηγον
1317 3199 1558 3271 Μιχαὴλ.

255 3288 477 3362 Μικροῦ
505 3290 790 3360 Μακάριος
809 3291 1069 3362 διέφυγεν
1121 3294 1151 3346 ό
1185 3292 1509 3362 Αίγύπτιος.
1542 3289 1771 3348 Joannis

192 3377 569 3452 liagiopolitzn,
601 3383 876 3452 ἐγκώμιον
906 3385 971 3438 ὲκ
1013 3385 1213 3455 μέρους
1241 3386 1323 3449 είς
1355 3385 1450 3439 τὸν
1487 3386 1645 3456 ἅγιον
1675 3387 1774 3440 ἀσ-

193 3472 362 3544 κητὴν
387 3475 674 3544 Μακάριον
698 3475 790 3530 τὸν
811 3475 1127 3545 Αίγύπτιον.

263 3569 512 3640 Μοναχοὶ
549 3569 644 3621 δύο
673 3569 735 3620 ὲκ
765 3569 864 3638 τῆς
891 3568 1032 3640 ἑῴας
1064 3567 1377 3640 ὁρμώμενοι
1405 3569 1648 3641 Σταυροῦ
1680 3570 1772 3623 τὸν

193 3661 384 3718 τόπον.
421 3661 660 3716 Marcelli
693 3663 1154 3728 archimandritas,
1187 3662 1318 3732 περὶ
1366 3665 1464 3734 τῆς
1501 3662 1774 3733 εὑρέσεως

190 3755 289 3824 τῆς
337 3757 531 3827 τιμίας
591 3755 834 3826 κεφαλῆς
886 3756 981 3808 τοῦ
1027 3756 1346 3828 Προδρόμου
1400 3755 1497 3809 καὶ
1559 3756 1772 3808 Βαπτι-

195 3848 342 3902 στοῦ.
369 3849 575 3904 Auctor
603 3848 934 3903 narrationis
964 3848 1234 3921 colligitur
1267 3864 1334 3903 ex
1362 3849 1554 3904 eadem
1586 3863 1774 3902 narra-

195 3941 362 3996 tione.

259 4035 441 4097 Μόνος
473 4034 529 4086 ὲν
565 4032 872 4104 ἀνθρώποις
905 4032 1112 4098 τέλειος
1173 4034 1459 4106 ἄνθρωπος
1486 4037 1513 4088 ὁ
1566 4033 1666 4104 τῆς
1697 4033 1776 4088 δι-

192 4125 773 4196 καιοσύνηςΜειΙιοάίἰ
796 4128 1094 4198 presbyteri
1114 4126 1774 4199 llierosolymitaniﬂoyog

193 4225 270 4286 είς
295 4223 395 4292 τὴν
435 4219 787 4287 ’Υπαπαντῂν
804 4219 897 4272 τοῦ
919 4221 1120 4291 Κυρίου
1147 4220 1302 4291 ἡμῶν
1319 4219 1496 4291 Ἰησοῦ
1514 4221 1788 4296 Χριστοῦ,

195 4317 287 4371 καὶ
317 4317 399 4378 είς
425 4314 526 4386 τὴν
573 4313 856 4379 Θεοτόκον,
901 4313 995 4366 καὶ
1027 4315 1108 4376 είς
1140 4314 1363 4378 Ἀνναν,
1399 4312 1494 4367 καὶ
1541 4315 1623 4376 εἰς
1679 4312 1774 4366 τὸν

196 4408 443 4480 Συμεών.
473 4406 530 4460 In
558 4405 682 4460 aliis
740 4411 824 4459 est
875 4403 1146 4459 Timothei
1188 4403 1488 4475 presbyteri
1521 4403 1776 4458 Hieroso-

196 4503 462 4577 lymilani.

261 4600 464 4654 Μύστα
490 4598 598 4650 τῶν
617 4597 872 4670 ἀρρήτων
887 4591 1342 4663 ἱερουργημάτων
1365 4589 1629 4660 Ζαχαρία.
1645 4588 1780 4643 Cos-

197 4704 296 4746 me
315 4688 619 4753 vestituris,
639 4689 794 4757 λόγος
813 4683 1254 4756 ὲγκωμιαστικὸς
1279 4682 1360 4746 είς
1376 4681 1468 4734 τὸν
1491 4681 1779 4752 προφήτην

198 4784 290 4836 καὶ
317 4783 586 4854 ἀρχιερέα
619 4781 918 4852 Ζαχαρίαν.

266 4875 593 4945 Μυστήριον
622 4873 891 4942 βασιλέως
950 4870 1224 4942 κρύπτειν
1255 4866 1442 4922 καλόν.
1483 4865 1778 4938 Sophronii

196 4964 524 5035 patriarcha:
569 4963 1068 5037 ilierosolymitani,
1105 4961 1219 5033 βίος
1270 4961 1366 5014 καὶ
1407 4960 1652 5014 πολιτεία
1681 4961 1780 5032 τῆς

197 5060 351 5122 ὁσίας
383 5056 604 5128 Μαρίας
637 5057 740 5127 τῆς
771 5057 1104 5125 Αἰγυπτίας.

262 5151 472 5218 Μωσῆς
503 5150 732 5211 ἐκεῖνος,
869 5145 1115 5202 θάλασσα
1149 5145 1245 5216 μὲν
1270 5142 1566 5215 ὑπεχώρει,
1603 5140 1676 5213 γῆ
1721 5141 1780 5195 δὲ

197 5243 519 5311 παραδόξως
573 5240 906 5313 ἐλειτούργει
945 5242 1150 5310 πηγάς.
1208 5237 1400 5293 lsidori
1427 5234 1782 5291 Thessaloni-

197 5333 402 5395 censis,
424 5334 592 5400 λόγος
619 5332 700 5395 είς
722 5333 818 5400 τὴν
845 5330 1103 5400 Γέννησιν
1129 5328 1228 5399 τῆς
1259 5327 1542 5381 Θεοτόκου.

961 5423 1012 5477 Ν

262 5517 546 5587 Νεόφυτός
573 5535 656 5581 τις
678 5517 860 5580 δοῦλος
891 5516 1029 5570 Θεοῦ
1063 5514 1156 5568 τοῦ
1189 5515 1392 5586 Κυρίου
1420 5515 1452 5583 ἡ
1463 5511 1579 5582 μῶν
1597 5510 1780 5581 Ἰησοῦ

195 5611 434 5683 Χριστοῦ
452 5617 515 5665 ἐκ
529 5613 719 5680 γένους
735 5613 776 5664 Χ
788 5611 1075 5682 ριστιανῶν
1089 5610 1299 5679 ὑπῆρχε
1310 5608 1640 5679 .Martyrium
1658 5622 1784 5662 san-

198 5705 267 5758 cti
293 5703 590 5773 Neophyti.
617 5702 894 5772 Scriptum
919 5710 1003 5755 est
1029 5716 1058 5754 a
1087 5708 1354 5770 praisente
1371 5707 1424 5752 et
1451 5697 1688 5751 vidente.
1719 5697 1780 5750 in

197 5794 330 5852 ﬁne:
353 5796 546 5853 Ταῦτα
575 5793 631 5850 δὲ
665 5795 1092 5867 μετεγράψαμεν
1123 5791 1533 5864 παρατυχόντες
1553 5789 1630 5860 τῷ
1660 5791 1780 5843 κατ’

1862 1905 2148 1977 Μιχαήλου
2184 1902 2281 1957 τοῦ
2311 1901 2630 1972 συγγέλλου.

1933 1997 2048 2052 Νῦν
2089 1997 2272 2070 ἡμέρα
2327 1995 2622 2066 φωταυγὴς
2689 1994 2783 2048 καὶ
2816 1995 3104 2064 σωτήριος.
3136 1994 3250 2050 Νῦν
3294 1996 3442 2066 ἡλιο-

1863 2089 2090 2160 λαμπὴς
2116 2091 2148 2158 ἠ
2182 2088 2435 2160 παροῦσα
2464 2089 2795 2158 πανήγυρις.
2829 2085 3025 2140 lsidori
3048 2086 3443 2158 archiepiscopi

1864 2171 2395 2246 Thessalonicensis,
2454 2179 2613 2249 λόγος
2674 2181 2754 2242 είς
2781 2178 2880 2248 τὴν
2936 2179 3130 2251 ἑορτὴν
3176 2179 3284 2234 τῶν
3325 2178 3445 2232 Gub-

1865 2286 1992 2324 των.

2566 2361 2712 2436 μοι]
2744 2364 2784 2417 ε

1938 2453 2102 2508 Ξένον
2135 2455 2229 2509 καὶ
2279 2453 2583 2528 παράδοξον
2632 2457 2928 2528 μυστήριον
2977 2456 3193 2525 ἐγένετο
3223 2457 3282 2510 ὲν
3329 2460 3449 2520 ταῖς

1868 2549 2110 2619 ἡμέραις
2139 2549 2318 2620 ἡμῶν.
2354 2549 2577 2603 Antonii
2613 2551 2890 2616 monachi,
2925 2550 3036 2620 βίος
3065 2551 3159 2604 καὶ
3205 2549 3450 2604 πολιτεία

1866 2641 1962 2696 τοῦ
1995 2642 2145 2696 ὁσίου
2171 2641 2384 2714 Πατρὸς
2413 2641 2571 2713 ἡμῶν
2607 2642 2891 2712 Συμεῶνος
2918 2643 3012 2696 τοῦ
3046 2643 3323 2699 Στυλίτου.

2621 2736 2663 2790 Ο

1950 2829 2008 2882 '0
2064 2828 2195 2893 Θεὸς
2249 2829 2340 2883 καὶ
2394 2830 2583 2900 Πατὴρ
2638 2829 2731 2883 τοῦ
2792 2830 2998 2898 Κυρίου
3057 2831 3214 2902 ἡμῶν
3277 2831 3453 2900 Ἰησοῦ

1873 2921 2136 2988 Χριστοῦ.
2200 2919 2410 2977 Callisti
2462 2921 2785 2991 patriarchae
2831 2921 3452 2994 Constantinopolitani,

1871 3009 2030 3078 λόγος
2063 3011 2139 3074 είς
2165 3010 2264 3082 τὴν
2303 3010 2552 3079 Ὕψωσιν
2579 3011 2670 3064 τοῦ
2700 3011 2881 3082 τιμίου
2911 3013 3175 3081 Σταυροῦ.

1957 3101 2015 3157 '0
2042 3102 2173 3166 Θεὸς
2197 3105 2305 3156 τῶν
2341 3104 2600 3176 Πατέρων
2640 3103 2937 3176 ἐπιλάμψοι
2973 3121 3063 3176 μοι
3093 3105 3154 3158 τὸ
3211 3104 3455 3159 πολυπό-

1827 3183 1844 3204 ’
1877 3196 2039 3266 θητον
2085 3193 2223 3264 φῶς.
2271 3193 2440 3250 Heliae
2496 3196 2772 3261 monachi,
2815 3195 2970 3264 λόγος
3017 3197 3332 3267 προεόρτιος
3379 3198 3459 3262 είς

1871 3289 1970 3359 τὴν
2000 3288 2235 3361 Χριστοῦ
2261 3290 2478 3358 γένναν,
2504 3290 2598 3343 καὶ
2630 3291 2710 3354 εἰς
2737 3290 2864 3354 τοὺς
2895 3291 3087 3358 ἀγίους
3112 3291 3382 3361 Πατέρας.

1945 3376 2075 3435 Οἶδα
2101 3383 2182 3434 ὅτι
2209 3382 2493 3452 ἀγαπητὸν
2523 3384 2682 3453 ημῖν,
2717 3377 2762 3437 ὦ
2792 3382 2920 3447 λαὸς
2947 3383 3042 3437 τοῦ
3079 3383 3236 3438 Θεοῦ.
3263 3382 3464 3442 Leonis

1873 3475 2248 3545 imperatoris,
2279 3475 2436 3544 λόγος
2464 3477 2542 3540 εἰς
2568 3477 2668 3546 τὴν
2699 3477 2916 3546 ίέρωσιν
2939 3476 3032 3530 τοῦ
3061 3476 3213 3533 ναοῦ.

1947 3572 2008 3622 Οἱ
2039 3569 2138 3639 μὲν
2192 3569 2342 3625 ἄλλοι
2394 3570 2778 3638 εὖαγγελισταὶ
2826 3570 2925 3642 τὴν
2974 3571 3115 3625 κατὰ
3153 3572 3332 3643 σάρκα
3365 3589 3458 3640 γε-

1872 3663 2152 3731 νεαλογίαν
2188 3661 2280 3715 τοῦ
2308 3662 2536 3732 Κυρίου.
2589 3661 2764 3718 Procli
2798 3663 3118 3733 patriarchae
3151 3662 3462 3718 Constanti-

1873 3755 2196 3826 nopolitani,
2223 3757 2304 3819 είς
2329 3755 2388 3808 τὸ
2419 3754 2570 3824 ἆγιον
2593 3755 2804 3826 Πάσχα.
2831 3757 2939 3810 Kal
2958 3757 3037 3819 είς
3070 3757 3152 3823 τὸ,
3199 3757 3286 3809 Ἐν
3317 3758 3462 3828 ἀρχῇ

1871 3842 1940 3918 ἦν
1973 3848 2002 3900 ὁ
2031 3848 2222 3917 Λόγος.
2271 3847 2381 3901 Καὶ
2409 3848 2490 3912 είς
2543 3848 2637 3903 τὸν
2682 3847 2839 3918 ἅγιον
2904 3847 3160 3912 Ἰωάννην
3203 3849 3292 3902 τὸν
3325 3849 3460 3904 Θεο-

1873 3936 2052 4005 λόγον.

1947 4034 2010 4086 Οἱ
2043 4035 2144 4103 μὲν
2178 4029 2238 4087 εὗ
2271 4033 2477 4098 εἰδότες
2505 4031 2711 4100 ἀθλεῖν,
2745 4032 2857 4096 τοῖς
2885 4030 2996 4088 τῶν
3033 4030 3324 4102 θεωμένων
3357 4030 3462 4102 ἐφ-

1873 4125 2093 4196 ήδονται
2126 4125 2364 4196 κρότοις.
2423 4125 2607 4197 Cyrilli
2651 4124 3006 4180 Alexandrini
3041 4124 3464 4196 archiepisc0pi,

1872 4221 2028 4290 λόγος
2057 4235 2136 4285 εις
2161 4219 2260 4291 τὴν
2291 4219 2732 4289 Μεταμόρφωσιν
2753 4215 2847 4269 τοῦ
2878 4215 3150 4288 Σωτῆρος.

1945 4313 2010 4365 Oi
2060 4312 2162 4384 μὲν
2204 4311 2424 4365 ὁπλῖται
2467 4308 2758 4380 Ῥωμαίων
2801 4308 2943 4379 μετὰ
2984 4306 3168 4378 νόμον.
3219 4306 3463 4378 Gregorii

1875 4401 2128 4476 Nysseni,
2171 4403 2450 4476 ἐγκώμιον
2503 4403 2584 4467 είς
2634 4401 2763 4464 τοὺς
2816 4399 3004 4469 ἁγίους
3039 4399 3463 4473 Τεσσαράκοντα

1807 4497 1855 4556 Ι)
1886 4496 2065 4566 μάρτυ
2075 4507 2190 4564 ρας.

1951 4589 2014 4643 Ol
2049 4588 2149 4659 μὲν
2181 4588 2370 4641 σεπτοῖ
2434 4589 2530 4642 καὶ
2591 4587 2820 4641 θεόπται
2875 4585 3182 4642 ἀπόστολοι.
3240 4583 3468 4640 Joannis

1880 4680 2128 4745 Zonaras,
2166 4678 2281 4750 βίος
2303 4679 2397 4732 τοῦ
2431 4681 2588 4748 ἁγίου
2615 4678 2964 4748 Σιλὸέστρου.

1953 4775 2018 4827 Οί
2069 4772 2146 4844 μὴ
2193 4773 2322 4836 τοὺς
2379 4773 2664 4842 γενναίους
2710 4769 3019 4840 ἀγωνιστὰς
3077 4768 3363 4832 εἰσιόντες,
3397 4767 3464 4822 ἂν

1883 4864 1959 4936 μὴ
1988 4863 2124 4917 πολὺ
2158 4864 2286 4927 τοὺς
2317 4861 2652 4932 φθάσαντας.
2687 4859 2942 4916 Demetrii
2971 4858 3217 4930 Cydonii,
3255 4859 3333 4921 ei;
3369 4859 3468 4930 τὴν

1882 4956 2042 5026 άγίαν
2069 4955 2469 5027 Πεντηκοστὴν,
2504 4955 2616 5026 ἠως
2637 4956 2715 5017 είς
2739 4953 2798 5007 τὸ
2829 4953 2982 5021 ἆγιον
3006 4949 3252 5019 Πνεῦμα.

1953 5049 2018 5103 Οἱ
2043 5047 2248 5120 σφόδρα
2278 5047 2387 5101 τῶν
2416 5045 2707 5117 ἐρωμένων
2738 5045 2920 5107 αὐτοῖς
2944 5042 3244 5113 ἐφιέμενοι,
3281 5040 3374 5095 καὶ
3399 5045 3464 5114 τῇ

1880 5143 2086 5195 τούτων
2114 5141 2306 5211 μνήμῃ
2370 5140 2609 5193 συνεῖναι
2639 5138 2904 5209 διηνεκῶς
2935 5132 3249 5196 ποθοῦντες.
3277 5130 3467 5188 Jacobi

1882 5231 2135 5287 monachi
2169 5246 2234 5287 ex
2273 5231 2605 5284 monasterio
2634 5227 3051 5296 Corcinohaphi,
3101 5227 3180 5290 είς
3225 5223 3321 5296 τὴν
3371 5224 3471 5293 τῆς

1885 5324 2175 5394 πορφύρας
2200 5322 2315 5386 τοῖς
2347 5321 2582 5394 ἱερεῦσιν
2605 5321 2881 5376 ἀπόδοσιν.
2915 5318 3025 5372 Καὶ
3078 5318 3158 5381 είς
3191 5318 3272 5381 τὸ,
3315 5313 3473 5384 Ἐμε-

1885 5418 2087 5486 γάλυνε
2165 5418 2372 5486 Κύριος
2421 5417 2450 5468 ό
2500 5414 2632 5478 Θεὸς
2681 5413 2742 5467 τὸ
2798 5412 2972 5483 ὄνομά
3022 5427 3138 5466 σου.
3194 5411 3303 5464 Καὶ
3336 5406 3470 5464 ἄλλα

1887 5509 2018 5580 περὶ
2055 5509 2152 5579 τῆς
2180 5507 2570 5578 Ἀειπαρθένου
2603 5505 2844 5577 Μαρίας.

1957 5603 2020 5656 Oi
2051 5603 2147 5670 τῆς
2181 5601 2463 5672 ἀθλήσεως
2523 5599 2766 5670 νικηταὶ,
2823 5596 3069 5669 οὐράνιοι
3120 5597 3179 5651 δὲ
3229 5594 3467 5660 πολῖται,

1885 5699 1934 5750 οἱ
1961 5695 2054 5750 τοῦ
2087 5693 2324 5766 Χριστοῦ
2361 5693 2710 5766 στρατιῶται.
2761 5692 3073 5764 Martyrium
3117 5688 3287 5744 sancti
3323 5686 3473 5741 Lon-

1885 5789 1996 5862 gini
2027 5787 2387 5846 centurionis.
2427 5786 2704 5857 Scriptum
2755 5795 2838 5840 est
2887 5799 2918 5839 a
2965 5787 3238 5855 praesente
3288 5788 3343 5836 et
3389 5779 3471 5837 vi.
