3826 6482
288 318 391 383 105

968 319 1066 378 DE
1102 318 1268 378 SCRl
1278 319 1368 378 PT
1380 318 1452 377 IS
1494 317 1791 377 SYMEON
1801 320 1870 378 lS

2015 316 2482 376 TAPHRASTIE
2527 318 2913 377 DIATRIBA.

3428 301 3526 376 100

277 435 617 498 comparata,
648 427 811 481 multo
852 428 955 497 [ide
983 430 1224 499 digniora
1269 441 1407 493 sunt,
1438 437 1494 481 ut
1544 430 1703 482 tradit
1735 433 1856 484 Ma-

2011 429 2274 481 ισκόντων
2316 429 2388 498 μὴ
2417 427 2674 482 δύνασθαι
2707 428 2802 482 νῦν
2836 427 3059 482 τοιαῦτα
3106 428 3526 499 κατορθοῦσθαι,

279 535 413 590 gnus
463 517 718 574 Basilius.
781 517 850 571 Et
916 520 1250 573 admirabilis
1307 519 1532 589 Cyrillus
1589 521 1857 589 episcopus

282 610 678 663 Alexandrinus
713 609 808 662 hoc
837 609 972 662 idem
1002 611 1240 680 perfecit,
1265 611 1332 663 ab
1364 609 1662 662 Abrahamo
1696 627 1859 680 usque

281 702 353 755 ad
380 701 637 755 Davidem
674 699 887 772 Iosephi
928 703 1102 770 sponsi
1137 701 1644 756 immaculatissima:
1667 711 1714 756 et
1738 701 1857 754 Dei-

278 807 428 859 ραι-ιε
454 791 645 846 Marica
671 792 1050 863 genealogiam,
1082 801 1190 847 etc.

351 883 546 947 ιΙίστις
593 884 942 954 προηγείσθω
975 885 1103 954 περὶ
1126 885 1421 956 Εὑθυμίου.
1476 883 1537 939 Ρ.
1581 883 1856 954 Epistulae.

283 974 519 1039 γήρει)
552 975 848 1046 μονογενὴς
883 975 1009 1040 Υἱὸς
1043 975 1139 1029 καὶ
1166 977 1336 1044 Λόγος
1359 976 1454 1029 τοῦ
1485 975 1650 1028 Θεοῦ.
1678 974 1861 1046 Cyrilli

284 1065 561 1130 monachi,
607 1074 662 1120 et
717 1066 1017 1136 presbyteri
1061 1065 1525 1138 Scythopolitani,
1585 1063 1716 1136 περὶ
1767 1062 1861 1116 τοῦ

287 1154 404 1224 βίου
461 1154 556 1208 τοῦ
603 1156 664 1207 ὲν
714 1155 890 1223 ἁγίοις
926 1155 1139 1226 Πατρός
1187 1155 1345 1227 ἡμῶν
1401 1154 1678 1226 Εὐθυμίου
1725 1153 1863 1224 πρὸς

297 1244 501 1299 Ἀὁὸᾶν
559 1244 834 1318 Γεώργιον
883 1247 980 1302 καὶ
1024 1247 1327 1320 ἡγούμενον
1355 1290 1370 1315 ,
1427 1249 1485 1302 ὲν
1543 1245 1863 1317 κεφαλαίοις

286 1336 384 1394 νθ’.

357 1428 560 1482 Πολλαὶ
606 1428 699 1482 καὶ
738 1429 986 1501 διάφοροι
1023 1428 1361 1502 πανηγύρεις
1399 1428 1491 1482 τὸν
1524 1427 1862 1500 ἀνθρώπινον

289 1521 646 1591 φαιδρύνουσι
682 1522 812 1592 βίον.
843 1522 1019 1577 Procli
1048 1522 1378 1577 Patriarcha:
1404 1519 1862 1589 Constantinopo-

289 1613 465 1676 litani,
491 1615 572 1676 είς
603 1613 699 1685 τὴν
723 1613 1136 1686 ὲνανθρώπησιν
1157 1613 1252 1667 τοῦ
1277 1614 1484 1684 Κυρίου
1512 1612 1668 1683 ἡμῶν
1685 1610 1863 1682 Ἰησοῦ

289 1704 553 1776 Χριστοῦ.

1966 515 2055 574 οἷα
2077 523 2135 573 ὲν
2152 523 2262 583 τοῖς
2294 519 2545 584 παλαιοῖς
2563 521 2775 591 χρόνοις
2793 537 2808 552 ’
2834 521 2923 575 ἵνα
2940 521 3141 590 γνῶσιν
3164 523 3384 585 πάντες,
3416 521 3532 584 πῶς

1965 611 2088 664 οὔτε
2127 611 2333 682 καιρῶν
2356 611 2686 682 δυσχέρειαι,
2732 611 2852 666 οὐδὲ
2888 613 3204 685 ἀναστροφὴ
3234 615 3535 685 ἀπηγορευ-

1969 703 2130 772 μένου
2164 702 2279 772 βίου
2304 702 2560 773 ἐμπόδιον
2576 702 2786 772 γίνεται
2817 705 2954 776 πρὸς
2971 703 3312 777 κατόρθωσιν
3334 704 3532 777 ἔργων.

1967 791 2098 845 Pari
2130 793 2309 863 itaque
2363 793 2568 847 ratione
2622 793 2748 846 mihi
2805 795 3151 863 propositum,
3198 795 3537 866 antiquorum

1967 884 2235 937 hominum
2276 893 2412 938 recte
2468 885 2624 954 gestis
2681 886 3016 956 facinoribus
3048 897 3094 940 et
3135 888 3411 956 scriptioni
3445 888 3541 942 de-

1967 975 2248 1036 mandatis.
2271 983 2320 1027 et
2351 988 2466 1045 qua:
2496 989 2633 1028 nunc
2657 985 2832 1029 nostra
2863 976 2962 1028 hac
2975 985 3130 1031 (etate
3154 986 3292 1030 recte
3311 977 3540 1047 perfecta

1969 1074 2088 1119 sunt
2121 1066 2335 1131 addere,
2368 1074 2424 1119 ut
2455 1067 2579 1120 bene
2605 1067 2700 1135 ﬁat
2725 1067 2791 1121 iis
2835 1067 2926 1137 qui
2963 1068 3224 1133 audiunt;
3256 1079 3302 1122 et
3329 1085 3542 1123 conver-

1971 1165 2152 1209 tamur
2179 1155 2279 1222 illi,
2308 1157 2396 1226 qui
2428 1164 2687 1224 asserunt,
2716 1173 2820 1210 non
2851 1173 3002 1224 posse
3024 1157 3119 1211 hoc
3145 1166 3374 1226 tempore
3424 1158 3567 1235 ίιιιι-⁸

1971 1248 2218 1302 dabililer
2258 1249 2439 1318 perﬁci
2473 1266 2589 1320 qua:
2634 1251 2852 1321 antiquo
2885 1236 3462 1318 wvo'absolvebantur,‘
3493 1263 3542 1307 et

1971 1349 2256 1413 agnoscant
2291 1357 2487 1410 omnes,
2521 1358 2683 1412 neque
2706 1359 2894 1406 annos,
2929 1359 3090 1413 neque
3117 1352 3404 1412 temporum
3441 1343 3545 1414 dif-

1970 1434 2270 1504 ﬁcultates,
2330 1451 2492 1499 neque
2555 1435 2680 1489 vita:
2738 1435 3059 1489 detestanda
3120 1436 3545 1489 consuetudinem

1970 1527 2340 1596 impedimento
2391 1544 2500 1584 esse
2544 1545 2722 1584 rerum
2774 1530 3097 1598 optimarum
3129 1545 3192 1582 ac
3248 1528 3543 1599 [acinorum

1973 1621 2311 1675 absolutioni.

2050 1717 2346 1787 Προκοπίῳ
2402 1715 2502 1788 τὴν
2550 1715 2740 1771 θυσίαν
2789 1718 2818 1770 ὁ
2865 1715 3098 1789 Χριστὸς
3174 1714 3546 1785 ἐστεφάνωσεν

361 1797 563 1850 Πολλαὶ
604 1798 700 1851 καὶ
748 1797 981 1868 μεγάλαι
1027 1797 1128 1868 τῆς
1161 1796 1478 1867 ἀσωμάτου,
1519 1794 1613 1849 καλ⁴
1637 1793 1868 1864 μεγαλο-

2011 1808 2172 1879 αῦρον
2202 1795 2364 1862 αὐτὸν
2408 1808 2551 1863 ἰδών.
2611 1809 2861 1879 Hesychii
2894 1807 3193 1879 presbyteri
3236 1809 3546 1878 Hierosoly-

291 1887 541 1957 πρεποῦς
591 1887 1022 1958 Ἀρχαγγελικῆς
1053 1903 1170 1942 σου.
1225 1885 1501 1940 Michaelis
1531 1883 1872 1955 Synadorum

291 1980 560 2049 episcopi,
581 1979 834 2049 διήγησις
864 1978 973 2033 τῶν
1005 1976 1407 2049 παμμεγίστων
1437 1974 1733 2046 θαυμάτων
1763 1973 1872 2026 τῶν

295 2070 466 2138 ἁγίων
516 2069 571 2122 Ἀ
583 2069 918 2140 ρχαγγέλων.

369 2160 565 2214 Πολλοὶ
599 2163 696 2230 μὲν
713 2161 812 2232 ῆδη
850 2159 1132 2225 πολλάκις,
1157 2161 1460 2230 ἀγαπητοὶ,
1481 2158 1728 2224 ποικίλας
1743 2159 1875 2228 ἡμῖν

292 2252 644 2315 διδασκαλίας
738 2251 1174 2321 προτεθείκασιν.
1272 2248 1486 2304 Leontii
1569 2247 1877 2319 Presbyteri

293 2344 909 2416 Constantinopolitani,
938 2346 1020 2408 είς
1052 2344 1142 2397 τὸν
1177 2341 1490 2412 Βαπτιστὴν
1524 2341 1803 2411 Ἰωάννην.

370 2439 562 2489 Πολλοὶ
617 2441 716 2507 μὲν
766 2439 873 2490 τῶν
923 2437 1094 2506 ἁγίων
1151 2436 1290 2489 κατὰ
1336 2435 1628 2506 διαφόρους
1673 2433 1879 2504 χώρας.

297 2528 580 2584 Michaelis
625 2529 908 2594 Monachi,
975 2529 1106 2600 περὶ
1137 2527 1232 2582 τοῦ
1271 2527 1387 2596 βίου
1419 2524 1696 2597 Θεοδώρου
1728 2525 1882 2594 ἡγου-

303 2620 466 2690 μένου
507 2624 678 2691 μονῆς
708 2622 816 2674 τῶν
856 2621 1140 2674 Στουδίων.

375 2711 570 2764 Πολλοὶ
599 2729 687 2781 μοι
715 2711 974 2774 πολλάκις
999 2711 1107 2763 τῶν
1132 2711 1298 2782 ἀρετῇ
1335 2709 1430 2763 καὶ
1458 2708 1668 2761 συνέσει
1697 2708 1884 2774 διαφε-

305 2801 512 2870 ρόντων
552 2801 842 2871 προσίασιν
877 2800 1065 2854 ἄλλοτε
1092 2800 1241 2854 ἄλλοι
1274 2797 1690 2868 παραινοῦντες.
1723 2795 1882 2852 Nice-

306 2893 464 2960 phori
503 2892 788 2964 Gregorae,
842 2893 923 2955 είς
960 2891 1058 2964 τὴν
1098 2891 1260 2958 ἁγίαν
1293 2889 1555 2958 Θεοφανὼ
1583 2889 1680 2959 τὴν
1715 2889 1882 2940 Βασι-

309 2983 451 3038 λίδα.

274 3098 292 3122 ι
381 3075 578 3128 Πολλοὶ
637 3075 898 3139 πολλάκις
951 3076 1052 3147 τὴν
1125 3076 1322 3146 πεῖραν
1386 3073 1494 3127 τῶν
1567 3073 1884 3144 πολυτίμοις

309 3170 665 3239 ἑνιμωμένων
703 3171 1044 3240 μαργαρίτας
1082 3168 1380 3239 δοκιμασίᾳ
1416 3185 1477 3220 τε
1527 3168 1734 3220 πλείονι
1786 3164 1882 3236 τὴν

307 3261 586 3330 τοιαύτην.
619 3260 808 3316 Jacobi
857 3261 1102 3316 Monachi
1142 3277 1210 3316 ex
1242 3260 1576 3315 monasterio
1631 3258 1890 3314 Coccino-

311 3349 478 3418 baphi
529 3337 685 3417 λόγος
738 3351 867 3420 περὶ
907 3353 1008 3422 τῆς
1060 3351 1274 3403 Εἰσόδου
1307 3350 1399 3403 τοῦ
1436 3348 1562 3403 ναοῦ
1593 3349 1691 3418 τῆς
1722 3349 1889 3419 ὑπερ-

311 3443 472 3508 αγίας
502 3443 786 3497 Θεοτόκου.

383 3535 578 3587 Πολλοὶ
632 3536 742 3588 τῶν
795 3534 1050 3605 μεγάλων
1111 3533 1416 3606 ἀνθρώπων
1450 3532 1548 3603 τὴν
1597 3529 1892 3601 παρθενίαν

315 3627 682 3696 θαυμάζουσι.
704 3627 1072 3698 Amphilochii
1091 3626 1329 3696 episcopi
1353 3623 1670 3686 lconiensis,
1687 3623 1768 3685 εἰς
1793 3622 1891 3690 τὴν

315 3718 601 3784 Θεοτόκον,
632 3723 726 3772 καὶ
765 3721 844 3782 είς
883 3720 980 3790 τὴν
1008 3720 1229 3783 Ἀνναν,
1260 3719 1355 3772 καὶ
1379 3719 1461 3780 είς
1481 3717 1574 3768 τὸν
1604 3713 1890 3784 Συμεῶνα,

317 3815 412 3864 καὶ
443 3813 523 3874 εἰς
551 3813 649 3881 τὴν
688 3811 1042 3883 ’Υπαπαντὴν
1079 3811 1173 3864 τοῦ
1197 3810 1425 3880 Κυρίου.

391 3901 610 3966 Πολλοῖς
654 3905 747 3956 καὶ
797 3904 1076 3975 διαφόροις
1118 3903 1302 3966 ὅπλοις
1352 3904 1380 3955 ό
1419 3899 1890 3971 γεγυμνασμένος.

319 3993 598 4049 Timothei
644 3997 949 4067 presbyteri
1001 3995 1353 4061 Antiocheni,
1403 3998 1481 4060 είς
1521 3996 1611 4050 τὸν
1654 3995 1893 4066 Σταυρὸν

319 4090 415 4138 καὶ
453 4089 532 4148 εἰς
566 4089 664 4156 τὴν
694 4089 1133 4159 Μεταμόρφωσιν
1169 4089 1259 4143 τοῦ
1293 4090 1567 4159 Σωτῆρος.

390 4176 611 4229 Πολλῶν
625 4177 794 4230 ὄντων
815 4178 907 4230 καὶ
941 4178 1211 4248 μεγάλων,
1229 4179 1493 4248 οὐμενοῦν
1518 4179 1640 4232 οὐδὲ
1660 4179 1891 4232 συνιδεῖν

325 4270 530 4342 ῥᾴδιον.
564 4271 774 4326 Nicolai
795 4271 1060 4326 Cabasila:
1091 4272 1249 4341 λόγος
1302 4274 1380 4336 εἰς
1414 4273 1504 4326 τὸν
1533 4273 1686 4342 άγιον
1731 4291 1892 4345 μεγασ

319 4363 641 4434 λομάρτυρα
680 4365 1008 4435 Δημήτριον.

1976 1903 2165 1957 mitani
2200 1900 2497 1973 ἐγκώμιον,
2527 1904 2607 1961 είς
2633 1902 2941 1973 Προκόπιον
2965 1901 3057 1956 τὸν
3085 1901 3358 1972 μάρτυρα.

2048 1995 2189 2067 Πρὸς
2215 1994 2554 2064 ὑψηλοτάτην
2587 1995 2869 2067 περιωπήν
2908 1997 3041 2064 ἡμῖν
3072 1997 3099 2048 ό
3127 1995 3283 2063 λόγος
3318 1994 3549 2065 ἀναδρα-

1982 2084 2118 2155 μών.
2175 2083 2390 2155 Georgii
2444 2085 3001 2150 Nicomediensis,elq
3025 2087 3086 2140 τὺ
3129 2103 3148 2138 ι
3187 2086 3550 2155 Είστήκειςαν

1980 2176 2130 2248 παρὰ
2154 2176 2230 2247 τῷ
2265 2177 2489 2247 Σταυρῷ
2514 2175 2607 2229 τοῦ
2638 2176 2814 2247 Ἰησοῦ
2831 2178 3061 2248 ή’μήτηρ
3098 2177 3284 2230 αὐτοῦ’
3311 2195 3329 2229 ι
3359 2177 3452 2230 καὶ
3474 2179 3553 2240 είς

1979 2268 2077 2340 τὴν
2103 2268 2379 2338 θεόσωμον
2409 2266 2587 2338 ταφὴν
2609 2266 2700 2320 τοῦ
2737 2269 2968 2338 Κυρίου.

2053 2361 2321 2431 Πρότερον
2360 2361 2418 2413 ἐν
2471 2361 2592 2431 ἱερᾷ.
2632 2359 2926 2427 διαγόντων
2959 2357 3264 2430 ἀνθρώπων
3291 2357 3553 2426 ἀγαλλιάο

1983 2471 2084 2506 σει.
2133 2452 2331 2507 Leonis
2368 2451 2716 2522 imperatoris
2753 2451 2930 2520 λόγος,
2973 2452 3053 2515 εἰς
3085 2451 3183 2522 τὴν
3223 2448 3430 2520 ὕψωσιν
3462 2449 3556 2502 τοῦ

1984 2537 2122 2600 Σταν
2134 2545 2250 2616 ροῦ.

2055 2639 2326 2710 Πρότερον
2358 2640 2388 2708 ἡ
2421 2639 2514 2692 τοῦ
2551 2637 2818 2706 παναγίου
2855 2637 3174 2707 Πνεύματος
3222 2637 3556 2706 ὲπανηγυρί-

1983 2727 2107 2794 ζετο
2143 2729 2278 2796 πρὸς
2310 2727 2629 2799 ἀνθρώπους
2661 2727 2942 2797 ἐπιδημία.
2974 2728 3171 2783 Leonis
3215 2728 3559 2799 imperatoris

1982 2821 2136 2890 λόγος
2161 2823 2225 2890 τῇ
2255 2822 2503 2890 Κυριακῇ
2533 2819 2641 2872 τῶν
2682 2819 2881 2887 Ἀγίων
2907 2819 3144 2874 πάντων.

2056 2910 2431 2984 Προτρὲπουσί
2488 2928 2588 2981 μου
2631 2910 2769 2980 πρὸς
2815 2910 3087 2981 εὐφημίαν
3138 2910 3238 2982 τὴν
3287 2911 3556 2980 γλῶτταν.

1986 3003 2256 3059 Theodori
2298 3002 2584 3071 qumstoris
2649 3001 2924 3072 ἐγκώμιον
2972 3000 3246 3070 Γεωργίου
3289 2999 3384 3054 τοῦ
3419 2999 3560 3071 μάρ-

1987 3115 2166 3168 τυρος.

2059 3188 2360 3259 Προτυπῶν
2389 3188 2484 3242 καὶ
2522 3187 2946 3260 προδιαγράφων
2975 3188 3003 3241 ό
3039 3187 3308 3258 μακάριος
3334 3187 3558 3254 Μωσῆς.

1990 3279 2263 3335 Philothei
2296 3279 2623 3335 Patriarchze
2654 3278 3246 3350 Constantinopolitani
3277 3278 3434 3348 λόγος
3481 3278 3562 3338 είς

1990 3369 2090 3440 τὴν
2129 3370 2319 3440 τρίτην
2349 3369 2458 3423 τῶν
2501 3368 2768 3441 νηστειῶν
2802 3370 3094 3441 Κυριακήν
3118 3385 3130 3400 '
3169 3369 3204 3442 ἢ
3253 3369 3353 3438 τῆς
3393 3368 3564 3420 Σταυ-

1995 3462 2502 3532 ροπροσκυνὴσεως.

2065 3552 2428 3623 Προφητικῶς
2455 3552 2603 3622 ἡμᾶς
2622 3553 2714 3604 καὶ
2743 3551 3005 3621 τήμερον.
3043 3546 3411 3618 Amphilochii
3442 3547 3564 3614 epi-

1993 3645 2143 3714 scopi
2183 3643 2482 3698 lcouiensis
2514 3644 2596 3706 είς
2622 3642 2712 3696 τὸν
2735 3641 3020 3712 Συμεῶνα.

2063 3735 2260 3807 Πρὼην
2293 3735 2389 3806 μὲν
2416 3736 2478 3788 ἐκ
2523 3733 2866 3805 παρθενικῶν
2909 3733 3153 3802 λαγόνων
3186 3732 3564 3798 ἀνατείλαντος

1993 3827 2085 3882 τοῦ
2110 3827 2260 3898 ἡλίου
2277 3830 2376 3900 τῆς
2401 3826 2768 3898 δικαιοσύνης.
2793 3825 2992 3881 Leonis
3041 3826 3383 3896 imperatoris
3409 3825 3563 3896 λόγος

1995 3923 2072 3984 είς
2099 3921 2169 3975 τά
2200 3921 2332 3990 ἆγια
2363 3920 2681 3989 Θεοφάνεια.

2065 4011 2264 4082 Πρώην
2303 4010 2400 4080 μὲν
2440 4011 2589 4079 ἡμᾶς
2618 4011 2650 4080 ἠ
2681 4007 2834 4072 ζῶσα
2868 4009 2965 4077 τῆς
2995 4005 3257 4077 ἀληθινῆς
3289 4005 3568 4072 θεολογίας

1997 4102 2172 4172 πηγή.
2207 4100 2408 4155 Nicetae
2438 4099 2673 4154 rhetoris
2723 4100 2803 4162 είς
2833 4098 2924 4152 τὸν
2965 4096 3120 4166 ἅγιον
3153 4097 3246 4156 καὶ
3284 4097 3565 4166 πανεύφη-

1999 4212 2097 4266 μον
2134 4192 2456 4245 Ἀπόστολον
2478 4189 2756 4246 Ἰάκωϐον.

2068 4281 2252 4338 Πυκνὰ
2304 4282 2400 4352 μὲν
2434 4282 2587 4351 ἡμῖν,
2631 4280 2747 4334 ἀλλ’
2791 4280 3050 4350 ὲπωφελῆ
3100 4280 3196 4350 τῆς
3242 4280 3568 4350 Ἐκκλησίας

1994 4376 2064 4429 τὰ
2099 4372 2443 4443 πνευματικὰ
2464 4371 2685 4443 θέατρα.
2705 4371 2888 4427 Basilii
2918 4372 3162 4442 episcopi
3204 4371 3570 4427 Seleuciensis

391 4456 687 4526 Πρόκειται
761 4458 892 4525 ἡμῖν
958 4456 1223 4526 μεγίστης
1288 4456 1556 4525 ὠφελείας
1614 4457 1887 4522 ὑπόθεσις.
1925 4491 1973 4548 D
1997 4466 2077 4529 εἰς
2111 4463 2206 4531 τὴν
2240 4465 2400 4532 ἁγίαν
2432 4465 2836 4535 Πεντηκοστήν.

322 4547 691 4603 Theostericti
718 4547 968 4603 Monachi
1005 4549 1287 4617 ἐπιτάφιος
1307 4551 1384 4611 είς
1401 4550 1493 4602 τὸν
1513 4551 1657 4602 ὅσιον
1680 4551 1894 4622 Πατέρα

324 4641 422 4694 καὶ
444 4639 791 4710 ὁμολογητὴν
828 4641 1098 4711 Νικήταν.

395 4730 550 4804 [108]
571 4733 865 4804 Πρόκειται
885 4734 1122 4805 σήμερον
1137 4734 1267 4802 ἡμῖν
1295 4733 1374 4796 είς
1391 4730 1782 4804 προσκύνησιν,
1806 4736 1900 4786 καὶ

323 4826 704 4896 πνευματικὴν
739 4825 1001 4880 ἑστίασιν.
1054 4824 1328 4895 Euthymii
1384 4823 1632 4878 Monachi
1685 4827 1764 4889 είς
1802 4826 1899 4898 τὴν

325 4917 702 4990 προσκύνησιν
723 4916 823 4986 τῆς
855 4918 1012 4985 ἁγίας
1035 4917 1321 4982 Θεοτόκου,
1345 4917 1438 4971 καὶ
1467 4917 1547 4979 είς
1559 4916 1628 4970 τὰ
1649 4917 1900 4985 ὲγκαίνια

320 5013 421 5082 τῆς
447 5011 612 5080 ἁγίας
647 5011 814 5080 αὐτῆς
849 5011 1040 5082 Σοροῦ,
1075 5011 1174 5080 τῆς
1196 5012 1254 5062 ὲν
1273 5009 1758 5079 Χαλκοπρατείοις.

397 5105 696 5176 Πρόκειται
749 5105 846 5174 μὲν
879 5107 993 5167 τοῖς
1028 5103 1336 5174 ἀνθρώποις
1388 5103 1482 5156 καὶ
1527 5103 1620 5156 ἐπὶ
1665 5102 1898 5172 φύσεως.

323 5195 518 5251 Sancti
574 5195 848 5250 Eustathii
896 5205 950 5250 et
986 5195 1221 5250 ﬁliorum
1249 5195 1392 5260 Vita,
1435 5195 1636 5264 scripta
1669 5204 1796 5248 anle
1825 5194 1906 5249 Si-

324 5306 580 5345 meonem
633 5289 1097 5360 lletaphrastem,
1150 5299 1204 5344 et
1275 5303 1307 5342 a
1361 5287 1683 5358 Synchrono
1731 5287 1905 5341 sancti

229 5411 234 5415 ε
324 5382 622 5445 Eustathii,
658 5391 718 5436 ut
782 5382 1052 5452 colligitur
1096 5397 1162 5434 ex
1205 5380 1324 5450 ejus
1375 5379 1657 5450 prouemio,
1701 5379 1754 5432 in
1797 5395 1904 5448 quo

325 5475 527 5546 legitur
552 5493 566 5529 :
598 5475 763 5528 Οὐδὲν
796 5470 888 5527 οῦν
916 5469 1076 5545 ἦττον
1101 5472 1412 5542 προεθέμην
1443 5470 1744 5541 προσϐῆναι
1784 5475 1903 5535 ταῖς

290 5567 434 5621 -τῶν
486 5565 731 5638 ἀρχαίων
782 5565 992 5635 ἀνδρῶν
1033 5564 1334 5633 ἐγγράφοις
1367 5561 1774 5631 ἀνδραγαθίαις,
1812 5563 1905 5614 καὶ

325 5659 397 5713 τά
435 5660 531 5713 νῦν
571 5661 629 5713 ὲν
663 5662 774 5722 τοῖς
809 5661 1020 5728 καιροῖς
1069 5659 1224 5730 ἡμῶν
1275 5656 1722 5726 κατορθωθέντα,
1769 5657 1906 5729 πρὸς

323 5753 648 5826 εὐεργεσίαν
696 5755 796 5823 μὲν
825 5755 936 5807 τῶν
975 5753 1302 5814 ἀκουόντων,
1337 5751 1672 5821 ἐπιστροφὴν
1711 5751 1764 5802 δὲ
1797 5751 1905 5803 τῶν

647 5853 920 5912 ΡΑτιιοι..
957 5851 1072 5912 Gn.
1109 5851 1326 5913 CXIV.

2661 4556 2809 4628 [ιον]
2846 4557 2888 4611 p

2083 4647 2336 4716 Ῥήτορσι
2365 4646 2460 4715 μὲν
2483 4645 2576 4698 καὶ
2594 4647 2874 4714 σοφισταῖς
2901 4644 2932 4712 ἠ
2975 4645 3122 4697 πᾶσα
3150 4644 3377 4718 σπουδή.
3399 4646 3572 4700 Theo-

2003 4738 2120 4793 dori
2159 4738 2392 4792 Studita:
2439 4737 2722 4805 ἐπιτάφιος
2772 4738 2852 4798 είς
2910 4735 3173 4813 Πλάτωνα
3224 4737 3315 4802 τὸν
3374 4738 3568 4790 ἑαυτοῦ

2003 4830 2371 4900 πνευματικὸν
2400 4828 2632 4900 πατέρα.

2772 4921 2810 4972 Σ

2075 5015 2317 5083 Σάλπιγξ
2335 5015 2479 5084 ἡμᾶς
2496 5012 2826 5083 ἁποστολικὴ
2849 5013 2983 5083 πρὸς
3002 5013 3306 5084 πανήγυριν
3328 5012 3544 5083 ἦθροισε
3557 5054 3568 5065 .

2006 5107 2260 5178 Hesychii
2302 5104 2602 5175 presbyteri
2631 5102 3120 5174 'llierosolymitani
3166 5102 3462 5173 ἐγκώμιον,
3492 5105 3573 5165 εἰς

2009 5198 2095 5250 τὸν
2125 5197 2280 5263 ἅγιον
2317 5195 2572 5264 Ἀνδρέαν
2591 5194 2681 5247 τὸν
2719 5192 3036 5247 ἀπόστολον.

2077 5289 2402 5348 Σαλπίσατε,
2437 5289 2624 5358 φησιν,
2660 5287 2717 5339 ἐν
2744 5285 3006 5354 νεομηνία
3037 5284 3360 5352 σάλπιγγος,
3397 5287 3454 5338 ὲν
3485 5286 3572 5336 εὑ-

2009 5379 2166 5448 σήμῳ
2191 5378 2375 5448 ἡμέρᾳ
2405 5377 2616 5446 ἑορτῆς.
2663 5376 2922 5430 Prochori
2975 5374 3224 5444 περίοδος
3273 5374 3369 5428 τοῦ
3416 5376 3573 5444 ἁγίου

2009 5473 2311 5527 ἀποστόλου
2343 5473 2435 5523 καὶ
2468 5469 2872 5538 Εὑαγγελιστοῦ
2918 5470 3190 5523 Ἰωάννου.

2082 5567 2330 5634 Σήμερον
2363 5565 2516 5633 ἡμῖν,
2544 5560 2588 5615 ὦ
2618 5563 2829 5633 ἄριστοι
2853 5562 2981 5615 πιῖδ
3003 5579 3082 5625 ες,
3119 5561 3576 5629 λόγονὲρῶΑιιε-

2009 5658 2159 5712 stasii
2193 5656 2521 5710 Antiocheni
2572 5654 2752 5722 λόγος,
2786 5655 2866 5718 είς
2900 5653 2990 5708 τὸν
3026 5652 3438 5721 lion-5's)“:pr
3476 5668 3574 5713 ταῖς

2011 5752 2387 5822 παναχράντου
2416 5747 2676 5800 Θεοτόκου

3088 5843 3120 5900 ιι-
