3826 6464
287 283 387 348 107

1588 272 1864 331 LEONIS
1904 269 2215 328 ALLATII

3442 255 3543 325 103

352 396 602 464 Σήμερον
629 392 656 443 ὁ
710 388 911 460 Κύριος
960 385 1117 458 ἡμῶν
1163 381 1369 454 Ἰησοῦς
1421 381 1654 451 Χριστὸς
1689 380 1745 432 ὲν
1780 378 1859 448 τῷ
1890 385 1934 442 Α
1969 393 2072 448 ριοι
2106 379 2218 431 ὅσοι
2269 376 2377 430 ῐδον
2413 376 2506 430 καὶ
2556 375 2883 428 ἐπίστευσαν
2905 389 2919 402 ο
2950 370 3354 446 μακαριώτεροι
3395 374 3453 428 δὶ
3497 377 3547 429 oi

278 485 525 557 Σταυρῷ.
553 482 798 555 Gregorii
824 476 1107 552 Mityiaenei
1140 475 1294 545 λόγος
1346 476 1424 537 είς
1452 473 1520 526 τὰ
1549 472 1679 541 am
1709 470 1854 540 πάθη

277 578 372 632 τοῦ
393 576 602 649 Κυρίου
631 573 788 648 ἡμῶν
837 569 1012 642 Ἰησοῦ
1042 566 1303 641 Χριστοῦ.

349 668 558 732 Σκοπὸς
594 665 694 736 μὲν
723 663 817 717 καὶ
845 661 999 724 τέλος
1027 658 1382 730 ἐναγομένοις
1400 656 1531 728 ἡμῖν
1561 652 1718 724 πρός.
1763 650 1857 706 Mi-

277 761 484 817 r-haelis
531 755 711 824 Pseili,
747 756 828 816 είς
875 754 944 810 τά
986 751 1243 823 θαύματα
1273 747 1366 802 τοῦ
1412 743 1856 818 ἀρχιστρατήγου

277 857 329 907 Μ
340 851 520 924 ·.χαήλ.
1715 883 1729 906 ε

353 945 522 1014 Σοφὸν
547 943 642 997 καὶ⁸
675 938 1060 1008 ἀκατάληπτον
1094 935 1306 1007 χρῆμα,
1331 933 1424 986 καὶ
1466 933 1532 1003 τῇ
1563 927 1856 999 οἰκουμένῃ

272 1037 570 1106 ὼρέλιμον.
608 1031 778 1088 Marci
807 1028 1059 1086 monachi
1093 1035 1150 1081 et
1180 1025 1485 1097 IIegument
1529 1020 1704 1077 sancti
1753 1019 1856 1073 Pa-

276 1129 374 1184 tris
414 1126 586 1183 nostri
621 1125 798 1189 Sabae,
833 1121 912 1185 είς
942 1120 1032 1174 τὸν
1074 1118 1211 1190 βίον,
1240 1118 1336 1172 καὶ
1360 1116 1429 1170 τὰ
1474 1113 1729 1184 θαύματα
1762 1109 1855 1164 τοῦ

236 1220 240 1224 ’
273 1225 330 1274 ὲν
359 1221 536 1290 ἁγίοις
567 1217 783 1290 Πατρὺς
813 1213 969 1287 ἡμῶν
999 1210 1302 1284 Γρηγορίου
1334 1209 1432 1280 τῆς
1473 1205 1856 1278 Ἀκραγὰντων

288 1311 635 1384 Ἐκκλησίας.

345 1392 854 1472 Σπουδαιότερος,ὧ
874 1396 1040 1468 φίλοι,
1067 1393 1279 1463 καιρός.
1314 1389 1493 1446 Procli
1532 1386 1859 1459 patriarcha!

275 1490 868 1564 (lonstantinopolitani
901 1489 1056 1559 λόγος
1080 1487 1159 1550 είς
1183 1484 1253 1538 τά
1291 1483 1448 1536 Buta.

348 1587 590 1661 Σταυροῦ
621 1585 783 1661 ἑορτὴ
806 1584 1091 1655 πρόκειται
1112 1581 1370 1651 σήμερον.
1398 1573 1623 1645 Josepbi
1675 1570 1854 1626 archi-

275 1683 517 1754 episcopi
547 1675 1053 1736 Thessalonicensis
1104 1673 1264 1741 λόγος
1294 1670 1374 1732 είς
1408 1667 1499 1721 τὸν
1551 1666 1730 1736 τίμιον
1761 1663 1855 1717 καὶ

277 1774 542 1838 ζωοποιὸν
569 1769 835 1842 Σταυρόν.

344 1862 588 1936 Σταυροῦ
621 1863 935 1933 πανήγυριν
957 1857 1188 1928 ἄγομεν,
1229 1851 1325 1908 καὶ
1363 1851 1425 1904 τὸ
1476 1849 1579 1920 τῆς
1628 1847 1858 1918 Ἐκκλη-

277 1957 397 2021 σίας
427 1957 598 2012 ἁπαν.
635 1954 868 2010 Andreae
911 1949 1194 2007 Cretensis
1222 1946 1380 2014 λόγος
1412 1943 1491 2005 είς
1519 1939 1615 2012 τὴν
1651 1940 1862 2010 ὕψωσιν

273 2050 367 2103 τοῦ
396 2051 580 2119 τιμίου
609 2049 706 2102 καὶ
727 2043 994 2113 ζωοποιοῢ
1032 2041 1298 2114 Σταυροῦ.

342 2141 588 2214 Σταυροῦ
641 2141 950 2212 πανήγυρις
981 2137 1076 2191 καὶ
1122 2135 1208 2198 τίς
1236 2133 1299 2188 οὐ
1353 2132 1723 2204 σκιρτήσειεν.
1761 2126 1860 2184 So-

267 2234 494 2304 phronii
557 2231 880 2303 patriarcha:
937 2223 1414 2296 Hierosolymitani
1462 2218 1739 2291 ἐγκώμιον
1780 2220 1860 2283 είς

275 2328 373 2396 τὴν
401 2325 608 2396 ὕψωσιν
645 2323 738 2377 τοῦ
768 2321 955 2393 τιμίου
1007 2319 1106 2374 καὶ
1130 2316 1398 2383 ζωοποιοῦ
1449 2311 1714 2384 Σταυροῦ,
1767 2311 1860 2365 καὶ

274 2419 351 2477 εἰς
370 2413 472 2486 τὴν
504 2414 668 2482 ἁγίαν
714 2411 1060 2465 Ἀνάστασιν.

347 2503 590 2574 Σταυροῦ
638 2501 927 2572 πρόκειται
967 2501 1211 2570 σήμερον
1264 2497 1449 2566 ἐορτὴ.
1497 2491 1720 2564 Iosephi
1766 2505 1859 2562 pa-

277 2597 528 2654 πίοι-(ειη
554 2592 1090 2657 Thessalonicensis,
1116 2600 1178 2646 ut
1209 2605 1397 2660 supra.

351 2690 620 2762 Συγκαλεῖ
649 2690 819 2761 ἡμᾶς,
852 2681 897 2742 ὦ
918 2686 1135 2757 ἄνδρες,
1164 2682 1506 2756 Γρηγόριοςό
1533 2680 1696 2734 πάνυ.
1723 2677 1858 2734 Gre-

276 2785 410 2856 gorii
432 2783 739 2855 presbyteri
766 2779 1039 2851 ἐγκώμιον
1086 2778 1168 2842 είς
1196 2777 1289 2830 τὸν
1317 2775 1432 2846 βίον
1466 2773 1558 2827 τοῦ
1587 2776 1646 2827 ἐν
1684 2771 1859 2842 ἁγίοις

278 2877 495 2947 Πατρὸς
522 2875 681 2946 ἡμῶν
712 2873 1018 2945 Γρηγορίου
1044 2870 1139 2924 τοῦ
1159 2865 1564 2938 Ναζιανζηνοῦ.
1594 2865 1860 2933 Λέγουσιν

275 2971 357 3023 ὃτι
383 2967 626 3033 τοιοῦτος
660 2966 1017 3038 συγγραφεὺς
1050 2961 1356 3035 Γρηγόριος
1389 2959 1642 3031 μαθητὴς
1676 2953 1744 3029 ἦν
1765 2954 1858 3010 τοῦ

276 3059 565 3128 Θεολόγου.
593 3056 684 3112 Sic
717 3062 944 3111 notatur
972 3054 1029 3108 in
1056 3050 1301 3122 margine
1342 3046 1724 3116 manuscripti.

349 3151 622 3222 Συγκαλεῖ
655 3148 866 3211 πάντας
892 3147 1042 3216 ἡμᾶς
1084 3144 1165 3207 είς
1185 3142 1285 3213 τὴν
1316 3139 1522 3194 οἰκείαν
1557 3137 1798 3190 ἑστίασιν
1825 3135 1860 3204 ἡ

278 3243 575 3315 πολυτελὴς
591 3242 694 3313 τῆς
715 3241 891 3313 χαρᾶς
920 3237 1137 3292 εὐωδία.
1159 3234 1348 3290 Jacobi
1372 3231 1623 3288 monachi
1651 3245 1716 3285 ex
1741 3243 1861 3283 mo-

276 3339 519 3396 nasterio
567 3333 973 3406 Coccinobaphi
1011 3331 1191 3402 λόγος,
1243 3330 1324 3393 είς
1360 3327 1422 3382 τὸ
1479 3325 1722 3396 γενέσιον
1765 3322 1865 3393 τῆς

279 3429 584 3502 ὑπεραγίας
618 3428 776 3500 ἡμῶν
799 3424 1090 3480 Θεοτόκου.

348 3520 603 3592 Σύμσολα
621 3521 721 3590 τῆς
739 3515 1064 3586 δεσποτικῆς
1101 3511 1479 3574 Ἀναστάσεως
1501 3510 1568 3580 τῇ
1595 3525 1654 3560 τε
1677 3524 1863 3577 σωμα-

277 3617 404 3684 τικῇ
435 3613 664 3683 εὐωχίᾳ.
693 3610 909 3666 Leontii
937 3605 1244 3679 presbyteri
1271 3598 1863 3670 Constantinqpolitani

279 3708 436 3775 λόγος
466 3709 548 3770 είς
576 3706 639 3759 τὸ
664 3705 822 3773 ἅγιον
854 3702 1072 3772 Πάσχα.

354 3801 425 3853 Σὺ
451 3799 551 3870 μὲν
580 3791 626 3852 ὦ
653 3795 825 3866 ἁγαθέ
847 3793 943 3848 τοῦ
967 3791 1318 3865 ὑπεραγὰθου
1345 3787 1500 3843 δοῦλε
1525 3783 1681 3839 Θεοῦ.
1714 3783 1863 3838 Con-

281 3892 508 3946 stantini
563 3888 892 3960 Acropolitaa
950 3886 1072 3940 νέου
1100 3878 1528 3953 Μεταφραστοῦ,
1573 3877 1652 3940 είς
1683 3875 1774 3930 τὸν
1807 3879 1864 3929 ἐν

284 3986 459 4054 ἁγίοις
489 3983 765 4053 Θεόδωρον
797 3981 888 4033 τὸν
916 3979 1174 4051 Τὴρωνα.

354 4075 505 4148 [HO]
541 4074 840 4146 Συμεὼνην
877 4071 968 4126 τὸν
1011 4069 1176 4136 πάνυ,
1224 4068 1286 4122 τὸ
1349 4066 1494 4138 μέγα
1535 4063 1719 4135 θαῦμα
1766 4061 1864 4132 τῆς

279 4170 630 4242 οἰκουμένης.
664 4165 996 4223 Theodoreti
1030 4162 1271 4233 episcopi
1301 4160 1426 4232 Cyri
1487 4159 1601 4230 βίος
1641 4155 1865 4227 Συμεὼν

280 4263 376 4318 τοῦ
418 4262 696 4317 Στυλίτου.
754 4259 960 4316 Mentio
1013 4257 1250 4315 habetur
1296 4257 1353 4312 in
1388 4252 1619 4324 septima
1657 4249 1866 4322 synodo

277 4356 523 4427 generali
557 4357 678 4411 Act.
710 4355 767 4410 4.
1293 4361 1297 4364 ’

1885 3093 1934 3156 C

1975 469 2050 540 μὴ
2085 469 2390 540 ἑωρακότες
2446 469 2539 521 καὶ
2592 465 3005 530 πιστεύσαντες.
3090 465 3280 536 Ἡμεῖς
3329 466 3385 519 δέ
3425 465 3548 520 ἐπεὶ

1973 562 2175 633 ίδομεν,
2201 565 2312 626 τοῖς
2333 561 2622 632 ἡμετέροις
2639 559 2960 630 ὀφθαλμοῖς,
2989 558 3086 622 τὰς
3108 558 3218 612 τῶν
3247 558 3542 628 μαρτύρων

1971 655 2199 726 πράξεις
2225 655 2528 726 γράφομεν.
2565 653 2729 707 Ὅθεν
2759 654 2890 723 ἡμῖν
2926 650 3124 723 μικρὸν
3157 651 3322 721 μέρος
3365 666 3549 720 μακα-

1974 746 2220 817 ριότητος
2261 744 2588 815 πιστεύομεν
2648 743 2890 797 ἔσεσθαι.
2962 741 3116 797 Beati
3159 741 3250 810 qui
3305 741 3549 794 uiderunt

1970 845 2018 890 et
2053 836 2386 890 crediderunt
2414 851 2431 891 :
2467 836 2725 891 beatiores
2757 836 2846 906 qui
2875 851 2977 889 non
3030 833 3272 888 uiderunt
3301 841 3350 886 et
3381 831 3553 884 credi-

1969 927 2180 982 derunt.
2205 927 2313 982 Nos
2335 944 2514 996 porro,
2536 929 2627 998 qui
2652 929 2843 982 nostris
2886 928 3025 980 hisce
3055 925 3221 980 oculis
3250 933 3549 994 martyrum

1967 1028 2114 1090 gesta
2153 1019 2530 1089 perspeximus,
2558 1034 2622 1072 ac
2651 1019 2846 1088 scripto
2887 1016 3228 1080 mandamus,
3260 1015 3381 1069 hinc
3405 1013 3552 1067 nobis

1970 1112 2213 1182 exiguam
2240 1111 2510 1166 beatitalis
2562 1120 2770 1183 partem
2803 1111 3066 1164 credimus
3087 1108 3421 1180 adfuturam.

2040 1202 2123 1255 Τά
2155 1201 2450 1274 ψυχωφελῆ
2483 1205 2576 1256 καὶ
2605 1202 2877 1276 θεάρεστα
2907 1201 3016 1255 τῶν
3068 1199 3242 1270 ἁγίων
3289 1197 3549 1268 Πατέρων

1969 1293 2452 1365 ἀνδραγαθήματα.
2502 1295 2658 1350 Saba:
2698 1294 2977 1359 monachi,
3026 1293 3107 1356 είς
3149 1290 3241 1346 τὸν
3292 1291 3405 1362 βίον
3453 1287 3549 1343 τοῦ

1968 1386 2126 1456 ἁγίου
2159 1388 2370 1459 Πατρὸς
2405 1389 2559 1459 ἡμῶν
2602 1387 2953 1442 ’1ωαννικίου.

2041 1480 2120 1550 Τῇ
2149 1480 2436 1550 θαυμαστῇ
2488 1480 2581 1535 καὶ
2634 1478 2974 1550 ὑπερενδόξῳ
3021 1475 3293 1547 Παναγίᾳ.
3319 1474 3550 1530 Joannis

1972 1573 2211 1644 episcopi
2246 1572 2754 1628 Thessalonicensis
2779 1571 3064 1641 προοίμιον
3092 1571 3171 1633 είς
3217 1567 3316 1638 τὴν
3347 1565 3546 1636 κοίμη-

1973 1680 2058 1717 σιν
2086 1665 2183 1736 τῆς
2215 1665 2517 1736 ὑπεραγίας
2544 1663 2830 1717 Θεοτόκου.

1894 1755 1937 1811 Β
2039 1756 2153 1827 Τὴν
2216 1756 2456 1828 ἱστορίαν
2510 1755 2608 1824 τῆς
2661 1753 2942 1825 ἀθλήσεως
2995 1751 3103 1806 τῶν
3134 1749 3547 1823 προγεγονότων

1962 1849 2100 1920 πρὸς
2131 1849 2406 1920 ἡμετέραν
2435 1847 2724 1918 οἰκοδομὴν
2775 1849 2868 1901 καὶ
2905 1845 3196 1916 ὠφέλειαν.
3227 1841 3544 1915 Martyrium

1962 1949 2277 1996 sanctorum
2345 1938 2675 2011 Chrysanthi
2714 1946 2770 1993 et
2823 1936 3018 1992 Dari-.e.
3073 1935 3351 2004 Scriptum
3403 1940 3545 1987 esta

1961 2031 2323 2104 praesentibus
2363 2038 2420 2085 el
2463 2029 2800 2085 videntibus.
2859 2025 3132 2096 Ἠκούσθη
3169 2026 3225 2078 δὲ
3251 2024 3412 2078 τοῦτο
3439 2024 3548 2076 πᾶ-

1961 2138 2046 2176 σιν
2068 2124 2199 2194 ἡμῖν
2229 2122 2324 2176 καὶ
2346 2119 2609 2175 ἐλαλεῖτο.
2638 2119 2749 2174 Καί
2774 2135 2859 2180 τις
2883 2117 2991 2172 τῶν
3016 2117 3366 2172 ἀκουσάντων
3394 2113 3547 2182 λέγει

1960 2215 2038 2286 τῷ
2073 2217 2240 2286 πατρὶ
2263 2213 2450 2268 αὑτοῦ.
2507 2213 2576 2268 Id
2611 2229 2733 2267 vero
2766 2229 2798 2266 a
2828 2211 2976 2266 nobis
3021 2209 3263 2264 omnibus
3304 2207 3545 2261 auditum

1961 2320 2057 2376 est,
2109 2320 2158 2364 et
2187 2311 2692 2382 circumferebatur;
2746 2317 2794 2362 et
2845 2322 2982 2360 unus
3029 2304 3203 2368 exiis,
3237 2303 3327 2368 qui
3354 2302 3546 2356 audie-

1961 2412 2103 2466 rant,
2129 2403 2254 2456 dicit
2283 2402 2426 2471 patri
2453 2416 2570 2457 suo.

2031 2491 2142 2562 Τὴν
2177 2491 2424 2544 κέλευσεν
2460 2493 2561 2561 τῆς
2591 2488 2870 2560 ἡμετέρας
2912 2485 3192 2557 ὁσιότητος
3224 2483 3539 2555 δεξάμενος.

1959 2583 2255 2639 Alexandri
2290 2583 2544 2639 monachi
2573 2583 2730 2652 λόγος
2776 2579 3050 2652 ἱστορικὸς
3087 2578 3218 2650 περὶ
3257 2578 3356 2649 τῆς
3384 2578 3546 2648 εὐρέ-

1963 2687 2100 2734 σεως
2136 2671 2229 2724 τοῦ
2263 2671 2447 2742 τιμίου
2479 2671 2573 2724 καὶ
2595 2670 2861 2736 ζωοποιοῢ
2892 2669 3158 2741 Σταυροῦ.

2031 2760 2108 2829 Τῇ
2141 2760 2238 2829 μὲν
2259 2761 2558 2814 ἀναστάσει
2579 2761 2642 2815 τὸ
2667 2761 2860 2833 θνητὸν
2892 2761 3192 2830 κατεπόθη.
3217 2759 3416 2815 Leonis
3437 2759 3546 2814 im-

1961 2852 2229 2923 peratoris
2258 2852 2415 2922 λόγος
2441 2857 2522 2919 ei;
2550 2855 2650 2930 τὴν
2688 2854 2982 2925 Ἀνάληψιν
3018 2853 3112 2908 τοῦ
3136 2852 3408 2924 Σωτῆρος.

2031 2943 2143 3013 Τὴν
2203 2943 2302 3012 μὲν
2334 2943 2426 2996 οὖν
2457 2944 2586 3014 χθὲς
2645 2943 2822 2997 ἐποίει
2852 2944 3163 3014 πανήγυριν
3197 2941 3488 3012 ἐπιδημῶν
3517 2944 3547 2995 ὁ

1963 3033 2345 3105 Παράκλητος.
2385 3034 2585 3091 Leonis
2621 3034 2988 3106 imperatoris,
3018 3035 3098 3099 εἰς
3135 3036 3233 3106 τὴν
3257 3034 3549 3106 Κυριακὴν

1965 3127 2064 3198 τῆς
2090 3127 2493 3198 Πεντηκοστῆς.

2040 3218 2151 3288 Τὴν
2174 3219 2312 3291 πρὸς
2333 3221 2461 3282 τοὺς
2483 3219 2722 3288 ἀγαθοὺς
2759 3220 2871 3275 τῶν
2906 3221 3210 3293 ὁμοδούλων
3245 3220 3414 3293 τιμὴν
3447 3237 3546 3292 με·

1965 3308 2134 3378 γάλου
2170 3311 2336 3372 τινός.
2398 3310 2673 3368 Simeonis
2719 3310 2951 3368 Humilis
2996 3312 3278 3384 ἐγκώμιον
3327 3315 3409 3374 είς
3451 3310 3548 3364 τὸν

1966 3399 2210 3472 θεοδόχον
2248 3403 2496 3473 Συμεών.

2037 3497 2148 3570 Τὴν
2173 3500 2293 3570 σὴν,
2345 3493 2390 3555 ὦ
2431 3501 2540 3555 τῶν
2593 3503 2776 3556 καλῶν
2813 3500 3039 3574 ἐραστὰ,
3090 3497 3394 3570 θαυμάζειν
3425 3495 3549 3568 μετ’

1967 3590 2066 3662 ἐμὲ
2093 3592 2222 3663 περί
2244 3594 2345 3663 τὴν
2377 3592 2686 3650 εὐσέϐειαν.
2729 3593 2948 3666 Georgii
2985 3593 3349 3664 metropolita
3380 3589 3547 3646 Nico-

1966 3682 2264 3740 mediensis
2317 3684 2595 3755 ἐγκώμιον
2648 3687 2730 3750 είς
2778 3687 2906 3749 τοὺς
2964 3684 3154 3754 ἁγίους
3205 3687 3299 3738 καὶ
3333 3684 3550 3756 θαυμα-

1968 3777 2234 3846 τουργοὺς
2265 3779 2498 3847 Κοσμᾶν
2527 3776 2623 3832 καὶ
2656 3779 2948 3849 Δαμιανόν.

2039 3871 2119 3942 Τῇ
2161 3872 2406 3942 προτέρα
2427 3873 2684 3944 κυριακῇ
2713 3872 2811 3944 τὴν
2857 3871 3138 3944 ὀρθόδοξον
3174 3871 3381 3944 ταύτην
3419 3873 3548 3926 Ἐκ-

1964 3961 2220 4034 κλησίαν.
2257 3963 2488 4020 Joannis
2512 3965 2786 4036 discipuli,
2817 3967 3071 4037 περὶτῆς
3101 3965 3412 4030 τελεὼσεως
3446 3967 3548 4038 τῆς

1970 4055 2134 4125 ἁγίας
2157 4055 2371 4122 ἐνδόξου
2393 4057 2659 4112 Θεοτόκου
2693 4057 2786 4110 καὶ
2807 4057 3173 4128 ἀειπαρθένου
3198 4057 3436 4130 Μαρίας.

2041 4145 2190 4220 [111]
2227 4147 2339 4217 Τῆς
2367 4147 2491 4218 ἴσης
2510 4147 2740 4212 ἀτοπίας
2776 4144 2914 4202 εἶναι
2945 4149 3170 4220 νομίζω,
3193 4149 3256 4202 τό
3283 4166 3340 4201 τε
3374 4147 3548 4218 φθέγ-

1968 4241 2162 4310 γεσθαι
2190 4242 2260 4296 τὰ
2300 4241 2374 4314 μὴ
2403 4242 2610 4298 δέοντα.
2643 4242 2957 4314 Martyrium
3004 4242 3180 4297 sancti
3228 4241 3544 4296 Antonomi.

1971 4333 2244 4405 Scriptum
2281 4343 2365 4389 est
2393 4349 2421 4388 a
2455 4335 2628 4389 multo
2659 4333 2987 4404 antiquiore,
3027 4349 3188 4403 quam
3230 4333 3348 4404 ipse
3379 4333 3548 4386 Meta-

355 4449 618 4520 Συμφυὴς
663 4445 742 4518 τῷ
792 4444 985 4516 κόσμῳ
1039 4443 1135 4497 καὶ
1171 4439 1502 4512 σύγχρονος,
1538 4438 1633 4490 καὶ
1663 4438 1777 4499 τοῖς
1806 4435 1853 4487 ἐκ

1988 4426 2222 4496 ιίιταειρε
2252 4425 2372 4492 fuit,
2407 4436 2467 4481 ut
2486 4442 2647 4497 supra
2666 4442 2734 4480 ex
2763 4426 2847 4492 iis,
2877 4442 2997 4496 quae
3022 4426 3089 4481 de
3117 4425 3262 4479 illius
3281 4424 3548 4479 cadavere

283 4543 434 4615 αὐτῷ
485 4540 791 4612 κρείττοσιν
838 4536 1066 4593 ἀνωθεν.
1114 4533 1338 4603 Iosephi
1387 4531 1638 4603 Bryennii
1688 4529 1865 4598 λόγος,

283 4637 422 4693 κατὰ
479 4636 581 4707 τὴν
613 4633 832 4705 ἡμέραν
861 4631 963 4701 τῆς
1013 4627 1177 4698 ἁγίας
1234 4627 1331 4680 καὶ
1380 4624 1622 4696 μεγάλης
1677 4623 1866 4690 Παρα-

285 4732 484 4798 σκευῆς
516 4727 647 4798 περὶ
679 4725 776 4796 τῆς
805 4722 899 4779 τοῦ
923 4722 1132 4779 Κυοίου
1153 4717 1561 4790 ’Σταυρώσεως.

1040 4857 1084 4909 Τ

357 5001 440 5053 Τὰ
465 4997 558 5052 τοῦ
600 4995 838 5068 μεγάλου
886 4992 980 5046 καὶ
1008 4989 1220 5054 ἐνδόξου
1255 4987 1534 5056 μάρτυρος
1557 4981 1864 5052 διηγεῖσθαι

289 5094 498 5167 μέλλων
533 5089 1024 5162 ἁνδραγαθὴματα.
1076 5081 1302 5138 Joannis
1328 5076 1580 5133 monachi
1620 5073 1866 5144 ὑπόμνηο

288 5164 386 5259 μα,
417 5188 584 5258 ἤγουν
614 5183 876 5253 ἐξήγησις
911 5176 1006 5232 τοῦ
1037 5175 1197 5244 ἁγίου
1239 5173 1334 5227 καὶ
1365 5169 1577 5235 ἐνδόξου
1626 5164 1862 5259 μεγαλο-

289 5257 566 5350 μάρτυρος
615 5271 929 5344 Ἀρτεμίου,
962 5264 1250 5335 συλλεχθέν
1298 5261 1408 5316 ἁπδ
1437 5263 1536 5332 τῆς
1565 5257 1863 5329 ἐκκλησια-

286 5349 479 5440 στικῆς
504 5364 746 5437 ἱστορίας
767 5357 1148 5428 Φιλοστοργίου
1189 5353 1284 5408 καὶ
1307 5352 1482 5408 ἄλλων
1510 5349 1695 5404 τινῶν.

355 5462 538 5517 Ταῦτά
602 5462 719 5513 ἐστι
775 5457 844 5509 τὰ
873 5451 1021 5523 πάθη
1071 5449 1180 5504 τῶν
1216 5446 1509 5520 μαρτύρων
1551 5440 1862 5508 Ἰουλιανοῦ,

286 5557 636 5625 Βασιλίσσης,
677 5552 774 5605 καὶ
805 5548 914 5603 τῶν
947 5545 1173 5600 λοιπῶν.
1210 5544 1271 5596 Oi
1302 5541 1439 5595 ὅσιοι
1487 5538 1764 5610 μάρτυρες
1803 5533 1865 5589 τὸ

285 5652 527 5706 αιὼνιον.
563 5641 880 5715 Martyrium
909 5641 1084 5695 sancti
1117 5633 1338 5700 Juliani,
1391 5631 1658 5688 Basilissae
1687 5639 1742 5686 et
1771 5643 1863 5685 so-

285 5747 516 5802 ciorum.
538 5739 810 5812 Scriptum
835 5744 916 5792 est
947 5750 975 5788 a
1002 5739 1272 5804 praesente
1302 5737 1356 5784 et
1381 5725 1620 5784 vidente.
1666 5727 1865 5785 Μακά-

1972 4520 2141 4576 refert
2169 4529 2378 4586 auctor,
2421 4519 2540 4576 fuse
2569 4520 2941 4592 probavimus.

2041 4611 2154 4682 Τῆς
2189 4611 2287 4683 μὲν
2337 4612 2651 4682 ἐπιγραφῆς
2700 4611 2810 4664 τῶν
2860 4608 3235 4664 ἁποστολικῶν
3274 4606 3548 4678 πράξεων.

1971 4705 2243 4762 Theodori
2271 4704 2513 4776 magistri
2535 4701 2812 4773 ἐγκώμιον
2834 4702 2941 4756 ἀπὸ
2965 4702 3235 4772 διαφόρων
3256 4700 3430 4769 λόγων
3454 4700 3550 4752 τοῦ

1967 4801 2380 4871 Χρυσοστόμου,
2413 4799 2491 4861 είς
2514 4797 2604 4851 τὸν
2627 4799 2781 4867 ἅγιον
2808 4796 3104 4851 ἀπόστολον
3135 4794 3368 4850 Παῦλον.

2039 4892 2152 4963 Τῆς
2178 4869 2770 4962 παρούσης-ἡμέραςτὰ
2790 4889 3103 4958 εὐαγγέλια.
3133 4887 3349 4943 Macarii
3375 4869 3554 4957 ϐίη-γέ

1968 4983 2266 5053 socephali,
2304 4985 2384 5046 είς
2427 4982 2527 5046 τὰς
2557 4982 2719 5051 ἁγίας
2753 4982 3099 5052 μυροφόρους
3138 4981 3426 5050 γυναῖκας,
3453 4980 3552 5032 καὶ

1965 5074 2165 5146 Ἰωσὴφ
2186 5075 2276 5128 τὸν
2299 5073 2407 5127 ἀπὸ
2442 5075 2820 5146 Ἀριματθίας,
2844 5072 3083 5144 καὶπερὶ
3107 5072 3205 5142 τῆς
3231 5069 3325 5124 τοῦ
3343 5069 3553 5142 Κυρίου

1981 5165 2378 5232 Ἀναστάσεως,
2413 5164 2510 5218 καὶ
2541 5167 2642 5236 τῆς
2699 5164 2767 5218 δι’
2809 5164 2982 5233 αὐτῆς
3041 5162 3310 5234 ἐσομένης
3341 5177 3554 5230 παγκο-

1968 5261 2129 5330 σμίου
2149 5258 2257 5314 τῶν
2288 5259 2537 5330 γηγενῶν
2561 5257 2993 5323 ὲξαναστάσεως.

2035 5352 2100 5406 Τί
2125 5351 2213 5405 δαὶ
2252 5351 2415 5421 ἡμεῖς
2469 5349 2562 5402 ἐπὶ
2591 5348 2668 5418 τῷ
2706 5349 3056 5420 προκειμένῳ
3088 5345 3551 5420 σιγήσομενθαΰ-

1970 5462 2128 5518 ματι.
2168 5441 2564 5514 Theophylacti
2613 5441 2878 5513 Bulgaria:
2925 5440 3324 5511 archiepiscopi
3389 5439 3548 5507 λόγος

1966 5539 2047 5602 είς
2067 5536 2168 5609 τὴν
2196 5534 2568 5608 προσκύνησιν
2598 5534 2694 5588 τοῦ
2733 5533 2914 5605 τιμίου
2947 5531 3212 5606 Σταυροῦ.
3243 5534 3324 5606 Τῇ
3363 5533 3552 5588 Μεσο-

1967 5631 2237 5703 νηστίμῳ.
2257 5684 2270 5697 ,

2039 5725 2192 5781 Τίδέ
2226 5724 2512 5798 Τιμόθεος
2571 5722 2744 5779 Τοῦτο
2793 5722 2901 5794 γὰρ
2957 5723 3095 5795 μετὰ
3117 5723 3242 5787 τοὺς
3286 5724 3553 5776 Ἀποστο-
