3826 6464
325 318 429 386 109

1068 314 1551 386 ΒΕῙΞΟΒΙΡΤῙΒ
1594 319 1918 381 SYMEONI

2049 317 2595 388 IETAPHRASTE
2633 323 3019 390 DIATRIBA.

3472 331 3574 399 11‘)

321 435 468 496 λους.
493 431 698 488 Nicetze
718 430 951 486 rhetoris
977 439 1033 486 et
1057 432 1394 503 philosophi,
1425 434 1504 496 είς
1529 432 1792 503 Τιμόθεον
1811 435 1902 488 τὸν

2079 436 2152 488 Τὸ
2187 437 2285 508 μὲν
2314 434 2452 503 εἶδος
2481 439 2576 494 τοῦ
2631 439 2856 512 βιϐλίου.
2903 440 3146 511 Gregorii
3204 442 3466 513 Nysseni,
3498 447 3577 512 είς

322 519 648 574 ἀπόστολον.

393 613 461 665 Τί
493 613 632 684 καλὴ
667 615 996 686 Ἐκκλησίας
1043 617 1076 686 ὴ
1112 614 1301 682 τάξιςς
1354 615 1408 667 τί
1444 618 1650 688 τερπνὴ
1677 618 1784 672 τῶν
1817 617 1902 669 ἐπ’

325 703 536 772 αὐτῆςς
565 704 770 761 Niceta:
789 706 1047 772 rhetoris,
1075 707 1156 770 εἰς
1171 707 1297 770 τοὺς
1322 707 1510 777 ἁγίους
1538 709 1782 775 ἐνδόξους
1812 709 1905 762 καὶ

323 795 721 866 πανευφήμους
747 797 958 852 δώδεκα
989 797 1341 862 ἀποστόλους.

398 886 464 938 Τί
489 886 720 958 λαμπρά
754 888 849 942 καὶ
883 888 1112 959 διαυγὴς
1141 891 1174 960 ή
1225 890 1324 962 τῆς
1349 889 1562 962 ¹ἡμέρας
1595 893 1774 963 χάρις;
1813 893 1909 948 Ni-

325 983 462 1032 cetz
484 978 729 1050 episcopi
786 980 1166 1053 Paphlagoniae
1195 981 1474 1052 ἐγκώμιον
1526 985 1608 1048 είς
1640 984 1730 1038 τὸν
1755 985 1907 1054 ἅγιον

332 1067 620 1138 μεγαλομά
629 1087 799 1141 ρτυρα
828 1071 1127 1144 Θεόδωρον.

400 1159 466 1214 Τί
499 1161 659 1215 πάλιν
689 1163 782 1218 ἐπὶ
805 1165 907 1234 γῆς
932 1167 960 1218 6
997 1164 1171 1235 μέγας
1195 1165 1449 1236 βούλεται
1478 1165 1718 1238 Γαϐριὴλ
1748 1169 1906 1238 ήμῖν;

327 1254 598 1309 Anastasii
651 1256 978 1311 Antiocheni
1030 1256 1184 1325 λόγος
1240 1259 1321 1323 είς
1350 1259 1440 1313 τὸν
1499 1258 1912 1330 Εύαγγελισμδν

326 1345 426 1415 τῆς
453 1348 811 1418 πανυμνήτου
838 1347 1130 1403 Θεοτόκου.

399 1436 465 1490 Τί
491 1438 854 1510 τερπνότερον
878 1438 975 1492 τοῦ
1000 1438 1097 1492 νῦν
1131 1439 1413 1510 ὁρωμένου
1468 1439 1764 1510 θεάματος,
1789 1440 1824 1512 ἢ
1855 1441 1908 1493 τί

330 1528 712 1600 λαμπρότερον
759 1531 858 1600 τῆς
931 1531 1219 1603 παρούσης
1277 1533 1514 1603 ἡμέρας
1571 1532 1912 1588 Constantini

331 1615 866 1692 Porphyrogenneta:
900 1621 1078 1691 λόγος,
1105 1623 1271 1693 ἡνίκα
1302 1623 1362 1677 τὸ
1393 1622 1488 1677 τοῦ
1528 1625 1913 1696 Χρυσοστόμου

2004 529 2096 582 τὸν
2127 527 2241 598 βίον
2271 530 2371 601 τῆς
2404 533 2682 604 μακαρίας
2713 533 3006 606 Μακρίνης
3051 533 3152 604 τῆς
3189 535 3386 590 ἑαυτοῦ
3432 537 3584 592 ἀδελ-

2007 640 2133 694 φης.

2082 717 2155 770 Τὸ
2217 719 2314 787 μὲν
2364 720 2423 772 ἐν
2459 722 2525 792 τῇ
2569 720 2750 774 πίστει
2812 724 3040 794 στερῤόν
3080 741 3140 778 τε
3189 725 3282 778 καὶ
3340 724 3576 796 βέϐαιον.

2010 805 2274 862 Theodoti
2325 809 2565 880 episcopi
2613 809 2909 882 Ancyrani,
2963 815 3044 875 είς
3086 813 3148 867 τὸ
3185 813 3451 885 σύμϐολον
3474 817 3582 872 τῶν

2010 893 2179 966 ἁγπων
2210 901 2266 952 ὲν
2292 901 2496 973 Νικχίᾳ
2521 902 2780 974 Πατέρων
2805 902 2913 957 τῶν
2944 901 3070 974 τιη’.

2083 990 2156 1043 Τὸ
2196 991 2298 1062 μὲν
2351 993 2499 1065 τίςή
2549 994 2892 1066 ὲνεγκαμένη
2943 995 3033 1050 τὸν
3065 999 3315 1066 γεννάδα.
3349 998 3588 1058 Danielis

2012 1081 2267 1136 monachi
2327 1081 2639 1151 Rhaitheni,
2696 1084 2811 1156 βίος
2879 1085 3125 1143 Ἰωάννου
3159 1089 3253 1144 τοῦ
3278 1092 3585 1164 ἡγουμένου

2013 1172 2106 1226 τοῦ
2131 1174 2342 1227 Σιναίου
2367 1175 2546 1246 ὅρους.

2085 1263 2189 1318 Τδν
2221 1266 2395 1334 μέγαν
2428 1267 2485 1319 ὲν
2513 1266 2613 1338 βίῳ
2635 1267 2729 1321 καὶ
2755 1266 2896 1341 λόγῳ
2933 1269 3158 1339 Συμεὼν
3195 1272 3436 1331 ἐπαινεῖν
3463 1296 3591 1350 προ·

2016 1353 2284 1426 ελόμενος.
2307 1354 2581 1412 Michaelis
2609 1355 2772 1414 Pselli
2826 1359 2987 1428 λόγος
3035 1361 3475 1434 ὲγκωμιαστικὸς
3510 1370 3590 1433 είς

2018 1444 2280 1514 Συμεῶνα
2305 1445 2397 1500 τὸν
2420 1447 2849 1521 Μεταφραστήν.

2087 1535 2191 1588 Τὸν
2220 1536 2318 1605 μὲν
2361 1536 2520 1604 λόγον
2547 1540 2580 1608 ή
2629 1539 2909 1611 προθυμία
2937 1545 3097 1598 κινεῖ.
3152 1545 3432 1604 Michaelis
3463 1547 3594 1620 Syn-

2018 1625 2159 1693 celli,
2198 1627 2472 1699 ἐγκώμιον
2501 1632 2582 1694 είς
2605 1631 2734 1695 τοὺς
2757 1633 3133 1706 ἀρχαγγέλους
3153 1640 3248 1695 καὶ
3277 1640 3456 1706 πάσας
3495 1642 3593 1706 τὰς

333 1712 477 1782 ἱερὸν
507 1713 704 1782 σκῆνος
751 1715 815 1766 ἐκ
865 1714 965 1785 τῆς
996 1715 1298 1786 ὑπερορίας
1351 1716 1409 1768 ὲν
1441 1718 1508 1787 τῇ
1542 1717 1787 1770 Βασιλίδι
1806 1716 1917 1771 τῶν
1948 1785 1982 1792 _
2018 1719 2302 1787 οὐρανίους
2330 1719 2606 1792 δυνάμεις.

334 1803 546 1856 πόλεων
575 1804 838 1876 ἀπετέθη.

406 1894 474 1947 Τί
511 1896 897 1967 τερπνότερον,
935 1896 969 1967 ῆ
1003 1897 1056 1950 τί
1113 1897 1374 1969 ήδύτερον
1440 1901 1553 1963 τοῖς
1612 1898 1908 1968 φιλοθέοιςς

334 1985 628 2058 Theophili
667 1988 1066 2060 archiepiscopi
1115 1990 1472 2047 Alexandrini
1527 1991 1683 2061 λόγος
1717 1993 1799 2056 είς
1855 1991 1916 2044 τὸ

333 2084 600 2150 μυστικὸν
627 2082 862 2148 δεῖπνον,
913 2082 1012 2138 καὶ
1041 2083 1121 2148 είς
1147 2083 1239 2138 τὸν
1283 2085 1521 2157 νιπτῆρα
1549 2088 1616 2156 τῇ
1654 2085 1788 2156 ἀγίᾳ.
1820 2084 1915 2138 καὶ

333 2173 550 2245 μεγάλῃ
576 2174 834 2246 Πέμπτῃ.

405 2265 471 2317 Τί
499 2264 662 2319 τοῦτο
685 2268 945 2338 σήμερον,
975 2268 1104 2338 σιγὴ
1133 2268 1303 2342 πολλὴ
1328 2271 1387 2322 ὲν
1411 2271 1477 2341 τῇ
1501 2271 1593 2340 γῇ.
1623 2267 1915 2341 Epiphanii

330 2355 516 2428 Cyprii
555 2358 715 2426 λόγος
773 2361 853 2423 είς
898 2361 1000 2432 τὴν
1047 2361 1324 2432 θεόσωμον
1359 2361 1536 2434 ταφὴν
1559 2362 1654 2416 τοῦ
1685 2364 1914 2436 Κυρίου,

332 2448 428 2502 καὶ
450 2452 532 2512 είς
557 2450 651 2503 τὸν
693 2451 892 2522 Ἰωσὴφ
928 2452 1020 2504 τὸν
1049 2452 1160 2506 ἀπὸ
1203 2453 1561 2525 Ἀριμαθίας.

396 2540 463 2593 Τί
493 2542 654 2596 τοῦτο
701 2545 942 2613 σήμερον
1003 2545 1322 2615 ἀγαπητοί;
1353 2545 1666 2601 σπουδαίων
1693 2546 1828 2616 ὁμοῦ
1860 2563 1918 2600 τε

334 2633 429 2685 καὶ
460 2633 649 2698 ὀξέως.
682 2634 951 2691 Anasmsii
1014 2636 1239 2694 Sinaitae
1264 2637 1421 2709 λόγος
1455 2639 1538 2702 είς
1563 2638 1688 2702 τοὺς
1724 2654 1920 2709 κοιμη-

335 2721 526 2784 θέντας
548 2725 606 2777 ὲν
630 2725 842 2796 Κυρίῳ.

406 2813 502 2876 Τίς
529 2815 596 2869 ἁν
633 2833 700 2884 με
727 2817 862 2888 πρὸς
888 2817 1023 2888 ὕψος
1054 2819 1160 2874 τῶν
1203 2819 1381 2891 Ἰησοῦ
1433 2824 1751 2892 μυστηρίων
1787 2820 1921 2890 ἁγά⁶

347 2921 471 2974 γοι;
509 2905 712 2963 Leonis
749 2909 1096 2980 imperatoris
1123 2911 1281 2983 λόγος
1306 2914 1386 2978 είς
1417 2913 1518 2986 τήν
1546 2912 1923 2984 Μεταμόρφω-

229 3017 232 3019 λ
339 3013 427 3050 σιν
454 2997 550 3051 τοῦ
581 3000 858 3072 Σωτῆρος.

1948 1785 1988 1838 Β
2087 1785 2190 1862 Τὸν
2227 1811 2322 1862 τοῦ
2379 1785 2622 1883 Σταυροῦ
2671 1812 2828 1882 λόγον
2878 1817 2907 1870 6
2963 1817 3062 1886 μὲν
3097 1818 3238 1884 θεῖος
3273 1821 3594 1887 Ἀπόστολος

2015 1902 2128 1963 τοῖς
2180 1901 2278 1971 μὲν
2313 1902 2731 1974 ἀπολλυμένοις.
2781 1906 3060 1966 Michaelis
3087 1911 3251 1967 Pselli
3299 1913 3458 1982 λόγος
3511 1917 3592 1981 είς

2017 1990 2113 2061 τὴν
2143 1991 2448 2064 σταύρωσιν
2475 1995 2568 2048 τοῦ
2593 1997 2801 2068 Κυρίου
2833 2000 2992 2070 ήμῶν
3035 2001 3213 2073 Ἰησοῦ
3255 2005 3520 2076 Χριστοῦ.

2091 2086 2163 2139 Τὸ
2190 2085 2364 2157 στόμα
2397 2105 2498 2157 μου
2526 2088 2736 2161 ήνοιξα,
2793 2093 2888 2147 καὶ
2921 2094 3149 2177 εἵλκυσα
3181 2097 3424 2169 πνεῦμα,
3457 2101 3594 2172 φησὶ

2019 2178 2196 2232 Δαυτδ.
2239 2180 2412 2249 Κάγὼ
2443 2183 2686 2254 τήμερον
2711 2186 2833 2254 μετ’
2869 2187 3058 2244 αὐτοῦ.
3095 2189 3376 2247 Michaelis
3403 2208 3596 2248 mona-

2019 2268 2106 2322 chi
2138 2269 2414 2341 ἐγκώμιον
2467 2275 2545 2337 είς
2571 2274 2697 2338 τοὺς
2747 2275 3049 2348 ταξιάρχας
3081 2279 3190 2334 τῶν
3216 2281 3462 2352 ἀγγέλων
3487 2284 3596 2338 Mt-

2019 2361 2158 2433 χαὴλ
2189 2364 2282 2417 καὶ
2318 2365 2584 2438 Γαϐριήλ.

2091 2453 2199 2507 Τοῦ
2255 2457 2536 2512 κατελθεῖν
2585 2457 2790 2530 Κύριον
2835 2461 2994 2533 ήμῶν
3070 2461 3276 2534 Ἰησοῦν
3337 2465 3596 2536 Χριστόν.

2021 2543 2241 2598 Eusebii
2265 2545 2614 2603 Alexandrini
2641 2547 2799 2620 λόγος
2844 2552 2925 2615 είς
2946 2551 3044 2623 τὴν
3073 2554 3483 2626 ὲνανθρώπησιν
3502 2557 3597 2612 τοῦ

2018 2635 2250 2706 Κυρίου,
2276 2637 2370 2691 καὶ
2391 2639 2549 2694 τίνων
2572 2641 2758 2696 ἕνεκεν
2786 2643 3232 2716 ὲνηνθρώπησεν.

2093 2729 2135 2780 Τ
2137 2727 2198 2782 οῦ
2229 2732 2503 2800 μακαρίου
2537 2733 2750 2787 Παύλου
2781 2734 2934 2800 ὄντος
2960 2737 3022 2792 ὲν
3053 2741 3118 2810 τῇ
3163 2739 3352 2814 Ῥώμῃ
3397 2742 3486 2797 διὰ
3509 2743 3601 2798 τὸν

2019 2816 2178 2886 λόγον
2208 2818 2302 2872 τοῦ
2348 2820 2575 2892 Κυρίου.
2615 2821 2861 2879 Onesimi
2893 2826 3126 2896 apostoli
3155 2836 3213 2884 et
3256 2829 3505 2899 discipuli
3534 2834 3598 2888 D.

2021 2907 2192 2975 Pauli,
2225 2911 2354 2981 περὶ
2381 2913 2477 2964 τοῦ
2514 2911 2632 2982 βίου
2662 2913 2770 2969 τῶν
2798 2914 2971 2984 ἁγίων
3002 2916 3346 2990 Ξανθίππης,
3377 2921 3602 2990 Πολυξέ-

2020 3017 2117 3070 νης
2154 3001 2246 3054 καί⁵
2290 3001 2608 3068 Ῥεϐέκκας.

409 3091 505 3155 Τίς
533 3091 676 3164 αὕτη
706 3096 739 3166 ή
769 3096 1138 3151 ἀνατέλλουσα
1166 3098 1243 3163 ὡς
1267 3097 1480 3170 κρίνον;
1515 3097 1718 3154 Leonis
1754 3097 1918 3170 impe-

2090 3090 2231 3155 Τοὺς
2263 3092 2616 3160 διδασκάλους
2658 3097 2818 3168 ήμῶν
2855 3100 3264 3173 ὲπαινέσωμεν.
3318 3105 3601 3164 Philothci

339 3184 536 3240 ratoris
572 3185 732 3256 λόγος
759 3189 842 3251 είς
869 3189 938 3242 τὰ
961 3190 1184 3246 Είσόδια
1207 3191 1307 3261 τῆς
1335 3190 1627 3247 Θεοτόκου.

405 3273 502 3338 Τίς
528 3273 687 3329 δώσει
718 3276 894 3332 λαϐίδι
925 3284 1239 3353 προφητικῇ
1261 3281 1690 3352 διεστομῶσθαι;
1725 3279 1925 3336 Leonis

339 3363 682 3434 imperatoris
707 3367 862 3438 λόγος
887 3372 965 3435 είς
996 3372 1096 3444 τὴν
1119 3374 1405 3445 ἀποτομήν
1445 3374 1545 3446 τῆς
1589 3373 1781 3445 τιμίας
1833 3389 1924 3426 κε-

343 3455 516 3524 φαλῆς
543 3457 638 3511 τοῦ
667 3460 1008 3533 Προδρόμου.

415 3543 509 3609 Τίς
539 3549 567 3600 6
595 3545 728 3620 ἦχος
760 3551 869 3606 τῶν
919 3553 1327 3625 ἑορταζόντων;
1383 3555 1598 3611 Macarii
1621 3556 1928 3630 Chrysoce-

346 3636 487 3703 phali
526 3639 682 3708 λόγος
709 3643 788 3707 είς
823 3643 921 3716 τήν
962 3646 1304 3716 πανκόσμιον
1331 3646 1524 3718 ἑορτὴν
1547 3648 1648 3717 τῆς
1680 3649 1926 3718 Ὀρθοδο-

345 3727 487 3793 ξίας.

415 3819 510 3882 Τίς
547 3821 575 3874 6
603 3824 836 3893 τερπνὸς
882 3818 1039 3890 οὗτος
1068 3822 1236 3900 ἦχοςς
1267 3828 1352 3893 τίς
1382 3830 1490 3884 τῶν
1533 3831 1921 3902 ἑορταζόντων.

344 3910 546 3968 Niceta:
578 3915 838 3984 rhetoris,
871 3921 952 3983 είς
990 3920 1118 3985 τοὺς
1153 3921 1344 3990 ἁγίους
1365 3923 1613 3990 ἐνδόξους
1641 3926 1736 3980 καὶ
1762 3943 1928 3999 κορυ-

347 4003 538 4069 φαίους
570 4007 678 4060 τῶν
709 4009 1028 4065 ἀποστόλων
1057 4012 1261 4084 Πέτρον
1301 4013 1396 4067 καὶ
1429 4013 1662 4072 Παῦλον.

413 4091 507 4154 Τίς
527 4093 556 4144 6
583 4095 807 4166 φαιδρὸς
840 4097 1100 4167 σύλλογος
1122 4095 1298 4165 οὗτος.
1321 4101 1578 4158 Germani
1606 4105 1928 4176 patriarcha:

344 4182 962 4256 Constantinopolitani,
1002 4191 1082 4256 είς
1131 4192 1234 4265 τὴν
1287 4194 1578 4248 κατάθεσιν
1611 4195 1712 4265 τῆς
1739 4197 1928 4268 τιμίας

345 4276 382 4328 Ζ
395 4273 532 4346 Evn;
557 4279 656 4349 τῆς
685 4279 976 4337 Θεοτόκου.

2025 3181 2346 3252 patriarchae
2369 3184 2977 3260 Constantinopolitani,
2997 3195 3076 3257 είς
3099 3195 3223 3260 τοὺς
3244 3197 3431 3265 ἁγίους
3455 3201 3603 3269 τρεῖς

2025 3274 2275 3346 Πατέρας
2300 3278 2582 3336 Βασίλειον
2596 3281 2687 3336 τὸν
2728 3281 2923 3352 μέγαν,
2959 3285 3260 3359 Γρηγόριον
3295 3289 3386 3342 τὸν
3408 3289 3604 3344 Θεολό-

2027 3383 2143 3437 γον,
2177 3371 2271 3422 καὶ
2325 3370 2582 3444 Ἰωάννην
2609 3374 2703 3428 τὸν
2738 3375 3152 3449 Χρυσόστομον.

2096 3457 2235 3522 Τοὺς
2259 3459 2356 3529 τῆς
2385 3461 2668 3526 εὐσεϐείας
2693 3464 2928 3536 καθήκει
2965 3466 3178 3537 μύστας
3211 3469 3286 3540 μὴ
3317 3467 3416 3541 τὴν
3445 3469 3605 3544 χάριν

2029 3550 2192 3618 μόνον
2217 3553 2584 3617 ἀσπάζεσθαι.
2610 3556 2825 3612 Leontii
2868 3559 3170 3632 presbyteri
3211 3561 3606 3622 Constantino-

2027 3641 2255 3711 politani
2285 3643 2441 3713 λόγος
2471 3648 2552 3710 εἰς
2573 3646 2642 3700 τὰ
2671 3649 2833 3705 Buta.

2100 3735 2262 3806 Τρεῖς
2293 3754 2360 3804 με
2393 3739 2529 3810 πρὸς
2576 3741 2883 3814 τριώνυμον
2918 3745 3321 3818 παροτρύνουσι
3364 3747 3601 3821 κίνησιν.

2027 3825 2252 3884 Joannis
2312 3831 2669 3902 Metropolitae
2733 3834 3121 3891 Euchaitarum
3171 3837 3472 3910 ἐγκώμιον,
3524 3845 3606 3906 εἰς

2028 3916 2157 3980 τοὺς
2188 3923 2338 3989 τρεῖς
2381 3919 2572 3989 ἁγίους
2627 3921 2890 3995 ίεράρχας
2947 3925 3230 3980 Βασίλειον
3264 3927 3355 3982 τὸν
3412 3928 3606 3999 μέγαν,

2032 4007 2338 4079 Γρηγόριον
2368 4011 2460 4064 τὸν
2508 4012 2792 4083 Θεολόγον,
2843 4017 2937 4070 καὶ
2987 4016 3243 4090 Ἰωάννην
3275 4019 3368 4074 τὸν
3398 4021 3608 4094 Χρυσό-

2033 4115 2251 4170 στομον.

2102 4193 2297 4261 Τρίτος
2326 4194 2434 4247 ἀπὸ
2471 4197 2679 4268 Πέτρου
2706 4199 2802 4252 τοῦ
2829 4202 3132 4272 κορυφαίου
3158 4203 3266 4258 τῶν
3299 4205 3610 4262 ἀποστόλων

2030 4283 2131 4354 τῆς
2171 4284 2460 4358 Ῥωμαίων
2503 4287 2835 4360 Ἐκκλησίας
2869 4291 3280 4366 ἀριθμούμενος
3326 4299 3609 4371 πρόεδρος.

419 4365 546 4430 Τοῖς
569 4370 712 4421 κατὰ
741 4373 924 4426 πᾶσαν
951 4374 1108 4430 πόλιν
1137 4377 1234 4430 καὶ
1265 4377 1450 4450 χώραν
1476 4381 1803 4448 ἁγιωτάτοις
1833 4384 1918 4439 καὶ

2049 4375 2347 4447 llartyrium
2376 4380 2549 4434 sancti
2582 4380 2886 4440 Clementis
2908 4400 3062 4456 papae
3084 4365 3334 4445 Romani.
3366 4365 3610 4465 Scriptor

347 4457 793 4526 θεοσεϐεστάτοις
832 4467 1180 4533 ἐπισκόποις.
1234 4470 1383 4544 [112]
1432 4472 1657 4529 Luciani
1713 4476 1918 4548 presby-

2049 4466 2137 4522 'uit
2160 4467 2273 4523 fere
2304 4470 2621 4542 σύγχρονος.

345 4551 470 4615 teri,
510 4553 877 4626 Ἀποκάλυψις
908 4561 1036 4630 περὶ
1083 4560 1178 4615 τοῦ
1219 4562 1473 4633 λειψάνου
1503 4565 1597 4619 τοῦ
1649 4567 1920 4639 Στεφάνου

345 4655 529 4710 πρωτο
536 4640 712 4712 μάρτυ
721 4661 832 4712 ρος.

417 4731 542 4794 Τοῖς
573 4736 907 4807 τετηρηκόσι
939 4739 1000 4793 τὸ
1023 4740 1144 4794 κατ’
1175 4742 1362 4797 εἰκόνα
1407 4744 1543 4798 Θεοῦ
1573 4745 1919 4818 ἀρῤύπωτον,

347 4820 442 4874 καὶ
465 4822 856 4895 ἀδιαλώϐητον.
904 4827 1134 4887 Joannis
1186 4833 1508 4903 patriarchae
1551 4835 1923 4910 Hierosolymi-

345 4911 481 4977 tani,
513 4911 628 4983 βίος
659 4915 751 4968 τοῦ
784 4917 932 4971 ὁσίου
961 4921 1178 4992 Πατρὸς
1217 4923 1378 4994 ήμῶν
1417 4925 1670 4980 Ἰωάννου
1687 4926 1780 4980 τοῦ
1824 4927 1923 4980 Aa-

349 5005 652 5075 μασκηνοῦ,

415 5093 541 5158 Τοῖς
574 5097 789 5165 φιλοῦσι
812 5099 903 5154 τὸν
934 5103 1144 5174 Κύριον
1176 5107 1370 5178 ἑορτῆς
1392 5108 1462 5160 οὐ⁹
1483 5107 1659 5163 λείπει
1707 5115 1919 5183 καιρός.

348 5187 560 5244 Leontii
600 5193 906 5264 presbyteri
963 5195 1575 5271 Constantinopolitani,
1611 5204 1692 5268 είς
1741 5205 1832 5259 τὸν
1859 5207 1922 5259 ὲκ

346 5285 573 5352 γενετῆς
598 5285 818 5354 τυφλὸν,
854 5289 950 5342 καὶ
981 5289 1059 5354 είς
1090 5290 1181 5345 τὸν
1211 5293 1438 5364 Πέτρον.

420 5394 546 5456 Τοῖς
568 5396 785 5464 φιλοῦσι
833 5398 925 5453 τὸν
950 5401 1153 5469 Κύριον
1183 5405 1377 5476 ἑορτῆς
1413 5407 1474 5461 οὐ
1506 5408 1679 5463 λείπει
1709 5415 1920 5483 καιρός.

351 5483 566 5541 Leontii
624 5489 1020 5564 archiepisc0pi
1081 5495 1441 5567 Neapolitani,
1501 5501 1582 5565 είς
1633 5502 1731 5573 τὴν
1764 5504 1924 5573 ἁγίαν

345 5579 906 5656 Μεσοπεντηκοστήν.
961 5586 1019 5640 In
1063 5588 1248 5644 codice
1287 5589 1389 5645 564
1411 5588 1676 5648 Vaticano
1698 5593 1921 5666 legitur,

345 5671 448 5727 scd
480 5675 763 5744 mendose,
805 5678 1034 5744 Διοντος
1063 5681 1433 5755 πρεσϐυτέρου
1491 5685 1925 5756 Κωνσταντινου-

347 5784 381 5820 π
393 5765 579 5832 ὄλεως.

2101 4561 2192 4632 Τῷ
2234 4561 2453 4636 Ἰωάννῃ
2485 4565 2576 4619 τὸν
2601 4566 2760 4636 λόγον
2786 4569 2864 4640 τῷ
2893 4569 2957 4623 ἐκ
2997 4571 3291 4642 Δαμασκοῦ
3319 4573 3387 4628 τὰ
3436 4577 3611 4646 ἐγκώ-

2032 4670 2152 4723 μια.
2183 4651 2526 4710 Constantini
2573 4656 2889 4728 Logotheta:
2920 4662 3264 4734 .Acropolitae
3303 4667 3461 4737 λόγος
3485 4709 3500 4736 ,
3532 4671 3611 4734 είς

2030 4745 2122 4799 τὸν
2157 4745 2312 4815 ἅγιον
2352 4745 2605 4820 Ἰωάννην
2633 4751 2726 4803 τὸν
2758 4753 3144 4826 Δαμασκηνόν.

2105 4834 2195 4906 Τῷ
2222 4836 2400 4908 καιρῷ
2425 4838 2619 4910 ἐκείνῳ
2643 4840 2995 4913 ἐπλήσθησαν
3017 4847 3073 4900 αί
3097 4848 3325 4920 ήμέραι.
3349 4850 3612 4908 Manuelis

2030 4927 2239 4984 Calecze
2264 4931 2458 4996 oratio,
2490 4931 2570 4994 είς
2596 4931 2696 5003 τὴν
2724 4934 3035 5008 Περιτομήν
3072 4938 3170 4993 τοῦ
3204 4942 3436 5013 Κυρίου.

2101 5020 2249 5094 [115]
2280 5022 2402 5077 Τῶν
2440 5022 2732 5095 θαυμάτων
2782 5030 2875 5082 καὶ
2911 5029 3152 5101 δωρεῶν,
3200 5034 3296 5088 καὶ
3337 5037 3610 5107 χαρισμά-

2030 5130 2140 5166 των
2190 5113 2300 5166 τῶν
2345 5113 2605 5169 δοθέντων
2659 5118 2790 5191 ήμῖν
2835 5120 2942 5174 ἀπὸ
2989 5122 3084 5177 τοῦ
3133 5123 3292 5179 Θεοῦ.
3350 5127 3610 5198 Archippi

2031 5203 2421 5271 l’rosmonarii,
2452 5207 2580 5278 περὶ
2623 5212 2720 5281 τῆς
2754 5211 3177 5286 Ἀποκαλύψεως
3205 5216 3300 5272 τοῦ
3333 5219 3610 5290 ἀρχαγγέο

2031 5296 2122 5349 λου
2145 5297 2382 5369 Μιχαήλ.
2814 5315 2820 5318 ’

2806 5422 2842 5474 Υ

2116 5506 2306 5577 ’Υλικὴ
2338 5507 2436 5578 μὲν
2469 5507 2724 5581 αἴσθησις
2752 5511 2939 5581 ἥδεται
2969 5517 3080 5580 τοῖς
3109 5508 3184 5571 ὧν
3213 5516 3610 5586 ἀντιλαμϐάνε-

2035 5597 2159 5649 σθαι
2189 5597 2458 5668 πέφυκεν.
2486 5599 2687 5657 Leonis
2717 5601 3061 5678 Ccnturipini
3107 5608 3286 5678 λόγος,
3319 5609 3443 5664 καθ’
3476 5610 3611 5664 ὑπό-

2039 5706 2228 5760 μνημα
2258 5692 2316 5743 ὲν
2337 5693 2467 5746 είδει
2491 5695 2850 5768 πανηγυρικῷ
2880 5700 2960 5763 είς
2993 5700 3084 5753 τὸν
3113 5702 3288 5772 μέγαν
3313 5704 3608 5761 ἀπόστολον

2048 5782 2306 5839 Ἰάκωϐον
2339 5785 2429 5839 τὸν
2461 5786 2555 5841 τοῦ
2579 5787 2866 5842 Ζεϐεδαίου
2901 5791 3036 5846 υίόν.

2477 6015 2509 6039 /
