3826 6468
238 302 334 367 ill

1528 289 1725 350 LEON
1735 290 1805 349 IS
1845 287 2151 349 ALLATll

3371 290 3478 357 112

311 412 669 486 ’Υπέρκειται
724 409 824 480 μὲν
874 404 1319 477 ὁμολογουμένως
1377 402 1596 457 ἃπασαν
1630 404 1805 471 ἑγκω-
1831 408 1881 468 Α
1911 402 2217 474 προοίμιον.
2242 399 2470 455 Joannis
2489 398 2794 456 Geometras
2820 399 3266 471 προσφωνητικδς
3296 401 3477 473 λόγος,

228 507 367 579 μίων
400 502 673 560 σύνθεσιν.
704 501 933 557 Joannis
963 497 1264 570 presbyteri
1323 495 1644 551 Damasceni
1675 494 1795 550 lau—

222 598 392 665 datio,
420 597 501 663 είς
532 597 630 669 τὴν
664 593 873 659 ἔνδοξον
905 592 999 646 τοῦ
1029 589 1268 662 Χριστοῦ
1307 589 1558 661 μάρτυρα
1585 586 1797 659 81966-

226 710 350 765 ραν.

994 825 1038 877 Φ

287 942 493 1015 ⁴Ιιοιιδρά
518 940 610 997 καὶ
634 937 943 1011 παράδοξος
980 938 1013 1008 ἠ
1059 934 1308 1010 παροῦσα
1338 933 1671 1005 πανήγυρις,
1700 931 1798 985 καὶ

215 1035 326 1089 τῶν
356 1034 676 1105 φιλεόρτων.
698 1031 913 1086 Tarasii
942 1029 1265 1101 patriarchas
1289 1022 1798 1096 Constantinopoli-

215 1126 329 1181 taui
358 1126 514 1194 λόγος
575 1125 655 1187 είς
684 1123 786 1194 τὴν
836 1120 1147 1192 ὑπεραγίαν
1188 1118 1474 1180 Θεοτόκον,
1501 1117 1591 1172 ὅτε
1624 1133 1793 1170 ’προσ⁴

216 1218 417 1289 ηνέχθη
450 1216 530 1288 τῷ
559 1215 674 1287 ναῷ
704 1212 1070 1286 τριετίζουσα.

280 1307 488 1380 Φαιδρά
520 1307 620 1378 μὲν
651 1305 750 1376 τῆς
783 1302 1066 1377 παρούσης
1100 1302 1295 1375 ἑορτῆς
1324 1299 1603 1363 ὑπόθεσις.
1663 1297 1795 1355 Evo-

213 1400 290 1455 dii
320 1398 619 1471 μαρτύριον
671 1396 783 1451 τῶν
832 1394 1006 1465 ἁγίων
1052 1395 1147 1449 καὶ
1169 1391 1397 1459 ἐνδόξων
1433 1391 1527 1447 τοῦ
1555 1391 1793 1465 Χριστοῦ

212 1492 625 1564 τεσσαράκοντα
650 1489 746 1544 δύο
781 1486 1101 1562 μαρτύρων.

284 1585 492 1657 Φαιδρά
517 1584 618 1652 τῆς
646 1581 842 1653 ἑορτῆς
886 1580 960 1634 τά
997 1577 1334 1651 προπύλαια.
1366 1575 1582 1632 Macarii
1618 1574 1792 1646 Chry-

212 1674 491 1745 socephali
538 1671 1054 1743 Philadelphiensis,
1113 1673 1193 1735 et;
1238 1669 1334 1742 τὴν
1388 1669 1793 1739 πανσεόάσμιον

213 1767 410 1838 ἑορτὴν
441 1767 540 1837 τῆς
580 1763 963 1834 ’Υπαπιιντῆς.

283 1856 491 1928 Φαιδρά
518 1854 811 1928 τοιγαροῦν
862 1852 955 1906 τοῦ
990 1850 1295 1923 τριημέρου
1324 1850 1497 1922 τάνρου
1530 1852 1598 1904 τά
1632 1849 1790 1920 ἀνθη.

214 1950 388 2007 Procli
422 1948 740 2020 patriarchae
770 1944 1359 2015 Constantinopolitani
1389 1944 1546 2012 λόγος
1594 1943 1673 2005 είς
1696 1942 1794 2012 τὴν

226 2043 546 2097 Ἀνάστασιν
573 2039 665 2093 τοῦ
687 2038 930 2110 Κυρίου.

280 2135 510 2207 Φαιδρδν
535 2135 596 2188 τὸ
614 2135 713 2205 τῆς
734 2133 1017 2205 παρούσης
1038 2131 1233 2204 ἑορτῆς
1252 2130 1313 2184 τὸ
1336 2129 1604 2200 σύνθημα.
1626 2127 1797 2185 Geor-

214 2228 284 2299 gii
319 2225 571 2283 monachi
612 2235 669 2282 et
689 2225 1143 2297 Chartophylacis
1174 2223 1377 2294 Magna:
1413 2222 1667 2276 Ecclesia:
1703 2221 1796 2288 ἑγ-

213 2319 445 2390 κώμιον,
474 2319 555 2382 εἰς
575 2317 673 2389 τὴν
708 2318 964 2373 ἀπόδοσιν
989 2319 1087 2389 τῆς
1118 2315 1423 2389 ύπεραγίας
1449 2314 1715 2369 Θεοτόκου
1738 2315 1796 2368 ἐν

213 2409 291 2482 τῷ
322 2409 461 2480 ναῷ,
495 2410 591 2463 καὶ
615 2409 918 2480 ἀφιέρωσιν
944 2407 1023 2479 τῷ
1051 2406 1171 2478 Θεῷ
1201 2406 1343 2461 κατά
1375 2408 1473 2476 τὴν
1506 2404 1766 2475 ἱστορίαν.

284 2500 423 2572 Φέρε
463 2517 555 2570 μοι
601 2498 697 2554 νῦν
744 2499 871 2563 τοὺς
927 2498 1235 2569 ίερατικοὺς
1268 2490 1455 2568 ἱερεῖς.
1513 2495 1653 2567 Ὥρα
1687 2496 1796 2565 γὰρ

217 2592 498 2647 ἐπινικίων
520 2590 715 2660 λόγων.
750 2590 1013 2647 Diadoéhi
1043 2591 1284 2662 episcopi
1337 2589 1593 2645 Photices
1621 2588 1793 2659 Epiri,

215 2689 297 2752 είς
316 2689 417 2756 τὴν
461 2687 753 2757 ’Δνάληψιν
774 2687 870 2741 τοῦ
903 2688 1109 2759 Κυρίου
1137 2690 1167 2759 ἠ
1178 2688 1292 2757 μῶν
1317 2687 1495 2757 Ἰησοῦ
1535 2682 1791 2756 Χριστοῦ.

278 2778 415 2850 Φέρε
452 2776 613 2832 πάλιν
638 2780 720 2841 είς
746 2778 913 2848 μέσον
941 2778 1033 2831 τὸν
1073 2775 1481 2848 Εὐαγγελιστὴν
1520 2775 1791 2845 Ἰωάννην.

216 2870 583 2941 Amphilochii
604 2869 846 2942 episcopi
860 2867 1190 2935 1couiensis,
1208 2869 1286 2931 εἰς
1311 2866 1398 2920 τὸν
1419 2866 1795 2937 τετραήμερον

216 2962 491 3030 Λάζαρον.

285 3052 514 3109 mea
542 3054 641 3125 τῆς
692 3052 1020 3124 Ἐκκλησίας
1053 3052 1272 3123 χωρίον,
1317 3050 1379 3104 τὸ
1422 3046 1796 3118 πνευματικόν

222 3160 313 3214 μοι
345 3143 525 3200 τοῦτο.

217 3252 313 3304 γος
340 3236 420 3302 είς
442 3238 535 3291 τὸν
563 3239 940 3310 τετραήμερον
973 3235 1224 3309 Λάζαρον

287 3326 498 3400 Φοὸερά
531 3329 630 3400 τῆς
662 3329 966 3400 σημερινῆς
996 3327 1356 3398 παρατάξεως
1400 3328 1470 3382 τά
1502 3329 1793 3398 μυστήρια.

218 3418 393 3476 Procli
427 3421 747 3491 patriarchae
768 3420 1382 3491 Constantinopolitani,
1418 3422 1497 3484 είς
1530 3420 1590 3474 τό
1625 3418 1798 3480 πάθος

217 3511 313 3565 τοῦ
344 3513 573 3584 Κυρίου,
600 3515 668 3585 τῇ
702 3513 833 3584 ἁγίᾳ
856 3514 948 3567 καὶ
975 3514 1188 3585 μεγάλη
1219 3514 1575 3584 Παρασκευῇ.

286 3605 518 3676 Φοόερὸν
537 3606 629 3659 καὶ
648 3607 1032 3676 ἀκατάληπτον
1050 3605 1259 3677 θαῦμα,
1286 3607 1380 3660 καὶ
1412 3608 1478 3676 τῇ
1500 3604 1795 3677 οἰκουμένῃ

218 3695 511 3767 ὠφέλιμον.
537 3696 748 3754 Leontii
779 3698 1079 3770 presbyteri
1108 3707 1162 3753 et
1192 3698 1489 3770 Hegumeni
1518 3707 1796 3753 monaste-

219 3788 286 3842 rii
317 3789 491 3843 sancti
524 3787 679 3845 Sabte
711 3788 967 3846 Romana:
1002 3789 1174 3856 urbis,
1219 3792 1301 3853 εἰς
1341 3790 1431 3843 τὸν
1456 3790 1570 3859 βίον
1605 3790 1702 3844 καὶ
1729 3788 1797 3842 τά

219 3880 476 3952 θαύματα
504 3880 810 3954 Γρηγορίου
853 3881 1297 3954 Ἀκραγαντίνων
1328 3882 1536 3946 πόλεως
1568 3883 1665 3953 τῆς
1706 3883 1797 3935 Σι-

218 3974 393 4028 κελῶν
412 3974 706 4048 ἐπαρχίας.

286 4065 444 4136 Φωνὴ
472 4064 849 4135 ἀγαλλιάσεως
884 4063 1293 4137 προοιμιαζέτω
1329 4064 1590 4137 σήμερον.
1627 4061 1797 4118 Geor-

219 4154 292 4226 gii
323 4154 754 4212 Nicomediensis
780 4156 937 4224 λόγος
969 4157 1048 4219 είς
1095 4155 1194 4227 τὴν
1217 4155 1317 4225 τῆς
1366 4154 1634 4225 ἀχράντου
1669 4151 1799 4206 Θεο-

219 4244 381 4298 τόκου
432 4246 490 4300 ἑν
518 4245 595 4317 τῷ
628 4244 786 4317 τάφῳ
823 4246 1175 4318 παρεδρείαν,
1231 4245 1326 4299 καὶ
1381 4243 1797 4315 εὐχαριστήριος

219 4337 319 4409 τῆς
342 4336 739 4410 ύπερλάμπρου
794 4336 1188 4400 Ἀναστάσεως.

292 4427 812 4497 Φωτίζου,φωτίζου
861 4428 1217 4502 Ἰερουσαλήμ
1239 4445 1254 4461 ο
1306 4429 1431 4498 ἣκει
1462 4426 1570 4498 γάρ
1605 4443 1697 4480 σου
1736 4425 1798 4481 τδ

221 4520 356 4592 φῶς.
381 4520 637 4577 Germani
659 4522 982 4593 patriarcha
1008 4519 1599 4590 Constantiuopolitani
1641 4519 1768 4587 λόγο

221 4616 302 4678 είς
328 4614 428 4688 τὴν
458 4614 832 4692 προσκύνησιν
855 4616 950 4670 τοῦ
982 4616 1250 4682 ζωοποιοῦ
1294 4613 1562 4686 Σταυροῦ,
1596 4614 1664 4685 τῇ
1690 4613 1803 4668 Με-

223 4708 557 4780 σονηστίμῳ.

894 4824 1045 4899 [ιιι]
1078 4826 1126 4879 x

285 4940 477 5012 Xapi;
523 4940 778 5005 ὑπόθεσις
816 4943 853 5013 ἡ
905 4941 1160 5013 παροῦσα
1193 4942 1522 5013 πανήγυρις.
1582 4940 1800 4996 Macarii

218 5031 644 5104 Chrysocephali
692 5032 849 5101 λόγος
890 5035 971 5097 εἰς
1017 5035 1115 5105 τὴν
1142 5033 1307 5102 ἁγίαν
1337 5033 1429 5087 καὶ
1478 5032 1800 5097 πανένδοξον

218 5122 315 5177 τοῦ
346 5123 585 5195 Χριστοῦ
634 5124 978 5181 ’Λνάστασιν.

290 5217 463 5287 Χαῖρε
491 5218 697 5288 σφόδρα
754 5216 992 5289 θύγατερ
1031 5218 1208 5272 Σιώνο
1262 5208 1510 5292 κήρυττε
1560 5219 1801 5291 θύγατερ

230 5307 609 5381 Ἰερουσαλήμ.
640 5311 865 5364 Macarii
890 5310 1335 5384 Chrysoccphali,
1360 5316 1441 5378 είς
1467 5315 1565 5385 τὴν
1595 5313 1803 5384 παγκό-

222 5418 384 5474 σμιον
413 5401 608 5471 ἑορτὴν
644 5401 751 5455 τῶν
784 5402 977 5457 Βαῖων.

290 5494 465 5564 Χαῖρε
496 5492 726 5565 σφόδρα,
774 5496 1193 5570 κεχαριτωμένη
1225 5497 1466 5572 θύγατερ
1487 5500 1644 5555 Σιών.
1676 5501 1805 5572 Epi-

220 5588 405 5658 phanii
434 5587 837 5660 archiepiscopi
859 5590 1190 5647 Constantia:
1216 5590 1376 5664 Cypri
1409 5593 1567 5664 λόγος
1607 5594 1687 5659 είς
1735 5594 1804 5649 τὰ

219 5683 379 5738 Βτῖα.

286 5772 524 5846 Χαίρετε
576 5772 733 5830 τοῦτό
772 5793 863 5849 μοι
906 5778 968 5833 τὸ
998 5776 1174 5854 βραχὺ
1209 5780 1304 5837 καὶ
1337 5783 1484 5854 μέγα
1510 5780 1604 5839 τοῦ
1637 5782 1798 5853 λόγου

1899 496 1931 561 ἢ
1961 492 2312 564 χαριστήριος
2336 491 2415 555 είς
2448 490 2548 561 τὴν
2581 490 2888 563 ὑπεραγίαν
2908 491 3192 546 Θεοτόκον.

1970 585 2161 656 Χαίρω
2192 587 2431 658 σήμερον
2485 587 2587 658 τὴν
2628 585 2772 658 ἐμὴν
2820 584 3211 657 πανηγυρίζων
3266 586 3477 657 χιιρόιν⁹

1897 678 2074 749 χαίρω
2100 678 2200 748 τὴν
2229 678 2368 750 ἐμὴν
2391 679 2665 750 ἑορτάζων
2691 678 3057 751 εὐφροσύνην.
3075 677 3264 734 Jacobi
3289 694 3483 735 mona—

1898 770 1988 825 chi
2016 786 2082 825 ει
2102 771 2437 826 monasterio
2456 768 2859 839 Corciuobaphi
2883 771 3063 840 λόγος,
3083 770 3163 836 si;
3178 770 3274 825 τδν
3299 769 3480 839 Εὐαγ-

1900 860 2159 932 γελισμδν
2192 863 2291 933 τῆς
2317 863 2628 935 ὑπεραγίας
2657 863 2949 918 Θεοτόκου.

1970 954 2114 1018 Χθὲς
2148 956 2300 1025 ἡμᾶς
2332 956 2472 1026 μετά
2501 955 2597 1010 τοῦ
2627 956 2893 1010 δεσπότου
2920 954 3173 1025 Λάζαρος
3192 952 3483 1008 ἑστιάσατο

1897 1046 1958 1100 τὸ
1988 1046 2111 1102 καθ’
2143 1047 2308 1101 αὑτὸν
2343 1049 2477 1119 ἡμῖν
2528 1048 2770 1120 προθείς.
2826 1049 3060 1105 Andreas
3085 1048 3365 1107 Cretensis
3391 1047 3482 1102 λό-

1897 1155 2015 1207 γος.
2051 1140 2132 1204 είς
2158 1141 2227 1194 τὰ
2255 1140 2414 1195 Buta.

1967 1231 2109 1294 Χθὲς
2141 1232 2275 1301 ἡμῖν
2304 1232 2332 1283 ό
2361 1230 2520 1299 λόγος
2553 1231 2689 1302 πρός
2712 1247 2770 1285 τε
2811 1229 2909 1302 τὴν
2943 1229 3229 1302 αίρετικὴν
3277 1231 3476 1301 πάλην.

1901 1323 2183 1380 Severiani
2214 1323 2533 1380 Galialensis
2560 1323 2719 1392 λόγος
2776 1325 2907 1393 περὶ
2929 1323 3025 1377 τοῦ
3059 1325 3203 1380 κατὰ
3238 1325 3480 1393 Μωῦσῆν

1897 1419 2097 1487 ὄφεως,
2124 1418 2185 1472 ὃν
2207 1417 2552 1487 ἐσταύρωσεν
2583 1418 2642 1471 ἑν
2674 1419 2741 1489 τῇ
2769 1419 2991 1489 ἐρήμῳ,
3014 1417 3129 1488 ζκαὶ
3154 1416 3256 1488 τῆς
3279 1418 3484 1488 ἀχράν·

1895 1529 1990 1566 του
2016 1510 2112 1565 καὶ
2148 1508 2425 1578 παναγίας
2452 1508 2709 1580 Τριάδος.
3395 1529 3406 1538 ·

1969 1604 2113 1669 Χθὲς
2146 1604 2276 1673 ἡμῖν
2302 1601 2402 1673 τὴν
2429 1600 2616 1672 κοινὴν
2647 1600 2950 1656 ἀνάστασιν
2993 1600 3247 1672 Λάζαρος
3279 1617 3484 1655 πιστω-

1898 1690 2151 1760 σάμενος.
2211 1688 2439 1759 Josephi
2508 1689 2907 1759 archiepiscopi
2976 1688 3484 1761 Thessalonicensis

1823 1768 1864 1823 Β
1892 1780 2050 1849 λόγος
2110 1782 2192 1842 είς
2244 1780 2335 1832 τὸν
2386 1781 2658 1852 μακάριον
2688 1778 2965 1850 Λάζαρον,
2994 1785 3090 1834 καὶ
3114 1784 3197 1846 εἰς
3228 1782 3327 1854 τὴν
3360 1784 3484 1855 ἑορ-

1894 1871 1994 1944 τὴν
2022 1872 2128 1926 τῶν
2158 1872 2359 1925 Βαῖων.

1969 1966 2201 2037 Χριστὸς
2229 1967 2306 2037 τῷ
2329 1966 2520 2037 κόσμῳ
2551 1967 2823 2038 ἐπεφάνη,
2854 1968 2949 2022 καὶ
2976 1968 3070 2022 τὸν
3114 1968 3357 2040 ἀκοσμον
3388 1970 3484 2023 κό-

1899 2075 2036 2129 σμον
2075 2060 2386 2131 κοσμήσας.
2443 2057 2622 2115 Procli
2654 2062 2982 2131 patriarcha:
3015 2062 3483 2134 Constantinopo-

1898 2152 2052 2207 litani
2073 2192 2086 2217 ,
2120 2153 2202 2215 είς
2233 2153 2302 2206 τὰ
2328 2151 2461 2220 ἀγια
2482 2152 2803 2223 Θεοφάνεια.

1969 2244 2206 2316 Χριστοῦ
2233 2246 2428 2318 ἑορτὴν
2455 2246 2731 2316 τιμῶμεν.
2766 2247 2968 2305 Leonis
3013 2248 3360 2319 imperatoris
3396 2249 3485 2302 λό-

1897 2353 1993 2404 γος
2024 2339 2103 2401 είς
2123 2336 2221 2408 τὴν
2259 2336 2643 2408 Ὑπαπαντήν.

2673 2497 2716 2550 Ω

1972 2631 2044 2690 Ὦ
2073 2634 2210 2689 Θεοῦ
2240 2638 2435 2707 μῆτερ,
2459 2634 2624 2689 καλὸν
2652 2634 2763 2707 γὰρ
2794 2629 2949 2705 οίμαι
2974 2637 3070 2689 καλ⁵
3102 2634 3249 2706 μάλα
3271 2635 3478 2708 χαρίεν.

1896 2726 2468 2799 ManuelisJ’alaeologi
2502 2726 2659 2795 λόγος
2691 2728 2772 2790 εἰς
2810 2728 2909 2798 την
2946 2727 3255 2782 πάνσεπτον
3288 2728 3487 2799 κοίμη-

1900 2834 1986 2873 σιν
2016 2821 2113 2889 τῆς
2142 2819 2448 2891 ύπεραγίας
2474 2818 2774 2889 Δεσποίνης
2798 2819 2955 2889 ἡμῶν
2986 2818 3271 2873 Θεοτόκου.

1983 2910 2071 2975 Ὧς
2097 2910 2361 2981 ἀγαπητά
2387 2912 2457 2966 τά
2480 2911 2816 2982 σκηνώματά
2842 2927 2959 2976 σου,
2987 2910 3163 2982 Κύριε
3204 2910 3311 2964 τῶν
3329 2909 3489 2964 δυνά-

1900 3022 2065 3076 μεων,
2098 3006 2265 3077 φησὶν
2288 3008 2345 3059 ἑν
2370 3006 2450 3078 τῷ
2482 3006 2770 3077 Πνεύματι
2809 3008 2837 3059 ό
2870 3005 3138 3076 μακάριος
3181 3005 3362 3060 Δαυῖδ.
3395 3005 3488 3059 Νί-

562 3095 814 3217 llesychii
855 3095 1166 3216 presbyteri
1199 3095 1679 3212 llierosolymifani
1709 3139 1795 3193 λό-

1931 3105 2031 3151 etae
2055 3096 2363 3168 philosophi
2383 3096 2527 3152 servi
2552 3097 2684 3151 Jesu
2701 3095 2907 3152 Christi
2935 3096 3215 3167 ἐγκώμιον
3258 3097 3338 3160 είς
3360 3097 3488 3161 τοὺς

1931 3188 2093 3217 παίω.-
2123 3190 2212 3217 ...Α
2265 3189 2716 3217 Ω-....--λ........ἓ.-
2747 3189 2845 3217 1...-
2860 3187 3092 3217 -...'.-....-
3139 3189 3367 3217 ιτ--..ι..
3393 3193 3482 3217 ναι

1904 3188 2093 3257 ἁγίους
2123 3190 2217 3244 καὶ
2265 3189 2716 3262 θαυματουργοὺς
2746 3187 3092 3262 ἀναργύρους
3139 3189 3367 3261 Κοσμᾶν
3393 3193 3489 3243 καὶ

1903 3281 2201 3353 Δαμιανόν.
3142 3278 3149 3281 ν

1988 3374 2074 3438 Ὠς
2096 3375 2356 3445 ἀγαπητά
2381 3373 2451 3428 τὰ
2467 3373 2805 3446 σκηνώματά
2835 3391 2953 3441 σου,
2975 3373 3149 3446 Κύριε
3197 3374 3307 3430 τῶν
3328 3374 3487 3431 δυνά-

1905 3482 2073 3538 μεων.
2108 3465 2361 3520 Germani
2389 3465 2712 3535 patriarchae
2747 3465 3340 3538 Constantinopolitani
3365 3508 3381 3534 ,
3406 3469 3485 3530 st;

1898 3559 2001 3630 τὴν
2056 3558 2282 3631 πρώτην
2340 3558 2624 3631 Κυριακὴν
2655 3560 2763 3614 τῶν
2816 3560 3122 3630 Νηστειῶν,
3161 3561 3256 3615 καὶ
3279 3563 3360 3625 είς
3386 3562 3486 3632 τὴν

1901 3650 2010 3705 τῶν
2037 3650 2211 3719 ἁγίων
2239 3650 2335 3703 καὶ
2360 3650 2575 3704 σεπτῶν
2607 3651 2834 3705 εἰκόνων
2873 3652 3271 3723 ἁναστήλωσιν.

1982 3744 2068 3808 Ὧς
2098 3743 2164 3798 ἂν
2202 3743 2279 3815 μὴ
2302 3746 2393 3797 τὸν
2422 3744 2580 3812 λόγον
2609 3743 2956 3816 ἀνάρμοστον
2987 3745 3125 3817 πρὸς
3173 3745 3272 3818 τὴν
3297 3746 3487 3817 διήγη-

1906 3854 1991 3891 σιν
2020 3836 2301 3907 ἐσόμενον,
2326 3836 2398 3888 τά
2436 3835 2537 3905 τῆς
2574 3837 2767 3905 σοφίας
2796 3837 3120 3907 μυστήρια.
3166 3837 3484 3910 Martyrium

1904 3929 2077 3985 sancti
2102 3928 2285 3999 Cyrilli
2312 3928 2598 3984 Cretensis
2626 3927 2892 3998 episcopi.
2954 3929 3163 3984 Auctor
3197 3938 3314 3985 erat
3367 3931 3487 4000 ipse

1905 4022 2067 4079 etiam
2121 4020 2421 4087 Cretensis,
2473 4029 2533 4075 ut
2584 4019 2858 4093 colligitur
2888 4036 2954 4076 ex
2995 4022 3103 4077 illis
3133 4039 3147 4077 :
3175 4022 3362 4087 Ὅπως
3390 4023 3482 4075 τοῦ

1907 4114 2280 4186 ίσχυρωτάτου
2330 4113 2565 4187 ἀθλητοῦ
2607 4115 2701 4173 καὶ
2754 4114 3003 4182 γενναίου
3053 4113 3385 4184 στρατιώτου
3404 4114 3482 4167 τὰ

1904 4202 2043 4261 ἆθλα
2074 4204 2167 4258 τοῦ
2189 4205 2400 4275 ἀγῶνος
2431 4204 2699 4277 Κυρίλλου
2722 4205 2816 4259 τοῦ
2848 4203 3005 4271 ἁγίου
3028 4205 3305 4277 μάρτυρος
3326 4204 3482 4277 ἡμῶν

1904 4297 2199 4368 γενομένου
2234 4297 2567 4368 διασαφῆσαι
2618 4296 2834 4369 δυνηθῶ
2870 4300 2986 4362 τοῖς
3034 4298 3276 4370 ἀπείρως
3301 4295 3483 4366 ἔχουσι

1903 4392 2004 4462 τὴν
2030 4389 2259 4463 ἄθλησιν
2304 4392 2405 4463 τῆς
2465 4390 2641 4463 νίκης.
2709 4391 2773 4448 Ut
2806 4390 3154 4445 robustissimi
3193 4388 3402 4443 athleta:
3435 4399 3483 4442 et

1772 4497 1875 4582 ςι)
1906 4483 2141 4554 generosi
2205 4482 2391 4538 militis
2455 4484 2657 4538 labores
2711 4483 3014 4537 certaminis
3070 4479 3258 4551 Cyrilli
3315 4483 3483 4533 sancti

1902 4576 2157 4645 martyris
2190 4577 2378 4639 nostri,
2409 4577 2605 4647 possim
2642 4575 2770 4642 illis,
2802 4576 2892 4646 qui
2949 4582 3212 4629 certamen
3254 4572 3483 4627 victoria:

1906 4669 2136 4723 nondum
2175 4668 2392 4735 callent,
2436 4679 2583 4723 notos
2623 4670 2815 4739 facere.

1988 4760 2076 4823 Ὠς
2108 4760 2205 4831 ἡδύ
2228 4778 2279 4812 τι
2313 4760 2410 4814 καὶ
2438 4759 2602 4815 θεῖον.
2627 4760 2828 4815 Leonis
2850 4755 3196 4831 imperatoris
3214 4755 3374 4827 λόγος
3404 4757 3484 4819 είς

1904 4853 2002 4923 τὴν
2035 4851 2240 4906 εἴσοδον
2261 4850 2373 4906 τῶν
2405 4852 2709 4921 Νηστειῶν.

1974 4942 2229 5018 [115]Ὠς
2270 4948 2413 5019 ἱερὸς
2451 4947 2665 5017 ἀληθῶς
2706 4945 2803 5001 καὶ
2830 4945 2991 5010 καλὸς
3018 4943 3129 4998 τῶν
3160 4934 3485 5016 εὐφραινόν-

1904 5056 2034 5093 των.
2092 5038 2270 5094 Procli
2312 5040 2632 5110 patriarcha:
2679 5036 3268 5108 Constantinopolitaui
3331 5036 3486 5106 λόγος

1907 5134 1985 5195 εἰς
2020 5132 2110 5185 τὸν
2143 5133 2296 5200 ἆγιον
2326 5133 2769 5204 πρωωμάρτυρα
2803 5130 3094 5199 Στέφανον.

1991 5222 2081 5287 Ὠς
2115 5223 2253 5292 καλὴ
2287 5223 2396 5276 τῶν
2426 5221 2646 5290 ἀγαθῶν
2678 5223 2710 5293 ἡ
2742 5218 3053 5275 ἀκολουθία.
3073 5216 3320 5289 Gregorii
3347 5216 3487 5288 Nys-

1906 5316 2027 5371 seni
2068 5316 2365 5387 ἑγκώμιον,
2423 5317 2504 5379 είς
2535 5315 2627 5368 τὸν
2664 5314 2821 5383 ἅγιον
2866 5312 3319 5385 πρωτομάρτυρα
3361 5306 3486 5362 Στέ-

1907 5427 2096 5480 φανον.
3014 5450 3029 5459 .

1993 5502 2082 5566 Ὠς
2114 5503 2252 5556 πολὺ
2279 5502 2342 5555 τὸ
2375 5500 2580 5570 πλῆθος
2606 5499 2705 5569 τῆς
2732 5499 3107 5571 χρηστότητός
3138 5513 3254 5563 σου,
3286 5497 3485 5567 Κυριε.

1909 5597 2151 5655 Nectarii
2197 5595 2595 5666 archiepiscopi
2635 5590 3225 5662 ConstantinOpolitani
3254 5629 3269 5654 ,
3311 5588 3377 5642 δι’
3419 5589 3487 5662 ἣν

1910 5691 2090 5745 αἰτίαν
2126 5688 2205 5761 τῷ
2264 5690 2468 5761 πρώτῳ
2522 5687 2791 5760 Σαϐϐάτῳ
2837 5686 2946 5740 τῶν
2994 5682 3164 5754 ἁγίων
3206 5681 3488 5753 Νηστειῶν

1911 5784 2244 5856 ἑορτάζομεν
2274 5784 2371 5855 τὴν
2421 5784 2641 5855 μνήμην
2674 5781 2767 5838 τοῦ
2801 5780 2958 5851 ἁγίου
2998 5774 3487 5850 μεγαλομάρτυρος
