3826 6468
330 431 440 499 113

1086 446 1187 511 DE
1226 451 1571 518 SCRIPTIS
1607 459 1988 525 SYMEONIS
2026 464 2611 527 METAPHRASTE
2652 465 3044 529 DIATRIBA.

3486 466 3587 531 114

326 546 617 621 Θεοδώρου
650 547 746 606 τοῦ
773 550 1049 626 Τήρωνος.
1076 558 1190 613 Καὶ
1209 562 1341 635 περὶ
1370 565 1626 636 νηστείας
1653 571 1747 623 καὶ
1768 571 1891 643 ἐλεη

2021 573 2180 643 κάγὼ
2208 574 2286 646 τῷ
2320 576 2638 650 πατριάρχῃ
2668 575 2884 631 Ἰακώϐ.
2915 576 3185 631 Anastasii
3212 561 3461 633 monachi
3493 577 3595 650 Sy-

331 657 602 710 μοσυνης.

403 731 622 804 Ὠσπερ
662 736 696 806 ή
741 736 1052 808 ἀμέτρητος
1082 739 1316 806 ἄϐυσσος
1347 744 1499 817 βρύει
1536 749 1784 818 ἀφθόνως
1815 752 1917 817 τάς

328 825 525 893 πηγὰς
547 827 660 881 τῶν
689 828 924 886 ύδάτων.
951 831 1059 888 Titi
1098 835 1339 908 episc0pi
1369 839 1697 913 Bostrensis,
1739 849 1821 910 είς
1846 848 1914 902 τὰ

327 916 495 972 Batti.

403 1010 622 1082 Ὥσπερ
673 1015 899 1081 κανόνος
944 1020 1347 1089 παρατεθέντος
1396 1025 1460 1078 τὸ
1508 1030 1768 1097 στρεϐλὸν
1805 1032 1913 1087 τῶν

324 1099 510 1166 ξύλων
535 1103 839 1177 ἐλέγχεται.
870 1108 1081 1166 Leontii
1119 1115 1418 1188 presbyteri
1450 1119 1912 1198 Constantinopo-

327 1192 512 1259 litani,
566 1198 647 1261 εἰς
707 1197 807 1270 τὴν
870 1203 1163 1272 προδοσίαν
1213 1210 1310 1263 τοῦ
1360 1212 1599 1282 Χριστοῦ
1656 1220 1723 1288 τῇ
1781 1192 1912 1291 ἁγία

326 1283 590 1359 Πέμπτῃ.

401 1401 616 1478 Ὠσπερ
640 1408 669 1460 δ
696 1406 848 1479 ἥλιος
871 1411 1146 1484 πανταχοῦ
1176 1414 1275 1485 μὲν
1298 1416 1397 1488 τῆς
1424 1418 1528 1490 γῆς
1557 1420 1657 1487 τάς
1685 1423 1910 1490 ἀκτῖνας

323 1494 423 1549 τοῦ
454 1500 633 1566 φωτὸς
661 1500 990 1574 ἐπιπέμπει.
1022 1506 1287 1566 Manuelis
1322 1509 1532 1569 Calecae
1576 1513 1737 1588 λόγος
1759 1556 1775 1585 ,
1828 1519 1911 1584 είς

322 1588 420 1641 τὸν
449 1589 605 1660 ἅγιον
636 1593 931 1665 Στέφανον.

398 1680 617 1755 Ὠσπερ
639 1687 687 1738 oi
710 1689 854 1743 κατά
875 1693 981 1762 γῆν
1007 1691 1385 1763 βασιλεύοντες
1402 1698 1697 1772 τοὺς-ὑπὲρ
1728 1703 1909 1759 αὐτῶν

322 1774 385 1827 ἐν
422 1775 793 1846 παρατάξεσιν
816 1780 1270 1851 ἀριστεύσαντας.
1309 1787 1495 1844 Basilii
1510 1789 1885 1851 Seleuciensis

321 1867 405 1930 ei;
434 1868 531 1922 τὸν
558 1870 827 1941 μακάριον
851 1873 993 1930 Ίώϐ.

398 1975 614 2050 Ὠσπερ
633 1980 735 2035 ούκ
765 1981 880 2039 ἔστι
913 1988 1273 2060 συνεχόμενον
1304 1992 1382 2064 τῷ
1413 1995 1605 2070 Κυρίῳ
1627 1997 1901 2058 Ἰουδαῖον.

319 2061 529 2122 Nicetze
577 2067 835 2139 rhetoris,
886 2076 966 2139 εἰς
1002 2079 1128 2143 τοὺς
1178 2061 1368 2150 ἀγίους
1414 2061 1515 2141 καί
1558 2061 1904 2160 καλλινίκους

323 2160 825 2237 μεγαλομάρτυρας
853 2168 1113 2239 Κήρυκον
1141 2174 1236 2228 καὶ
1261 2176 1576 2235 Ἰουλίτταν.

397 2251 609 2324 Ὥσπερ
641 2255 740 2326 ούχ
769 2256 948 2327 ὅμοιαι
979 2259 1087 2314 τῶν
1119 2266 1391 2335 σωμάτων
1420 2269 1639 2326 πάντων
1669 2274 1725 2328 αἱ
1763 2291 1902 2348 μορ-

320 2342 442 2409 φαί.
472 2343 683 2402 Nicettc
705 2348 965 2417 rhetoris,
1001 2352 1083 2417 είς
1118 2353 1210 2411 τὸν
1231 2355 1389 2428 ἅγιον
1417 2361 1512 2416 καὶ
1540 2342 1903 2441 πανεύφημον

323 2435 628 2490 ἀπόστολον
657 2440 909 2513 Μάρκον.

396 2545 608 2619 Ὠσπερ
664 2566 750 2614 τις
791 2549 940 2643 ,ἀνὴρ
986 2555 1313 2629 φιλέρημος.
1358 2561 1597 2620 Anatolii
1654 2569 1900 2643 episcopi

321 2634 831 2701 Thessalonicensis
863 2644 1044 2716 λόγος,
1092 2650 1172 2715 είς
1195 2649 1295 2724 τήν
1323 2653 1605 2731 ἀποτομὴν
1631 2634 1727 2716 τοῦ
1755 2634 1898 2736 ηρό.

319 2726 546 2798 δρόμου.

391 2841 606 2914 Ὠσπερ
630 2847 815 2914 φαίνει
859 2853 889 2906 ὁ
914 2852 1070 2922 ήλιος
1091 2859 1207 2922 τοῖς
1237 2860 1470 2931 ὁρῶσιν,
1503 2865 1677 2932 οὕτως
1705 2869 1735 2923 ό
1766 2873 1899 2943 περὶ

314 2930 427 2985 τῶν
458 2935 727 3006 μακάρων
755 2939 914 3009 λόγος
950 2947 1066 3010 τοῖς
1097 2948 1380 3007 ἀκούουσι.
1411 2930 1733 3028 Martyrium
1762 2930 1898 3018 sati-

315 3023 391 3078 cti
424 3023 699 3084 Theodori
754 3032 990 3094 militum
1028 3039 1291 3108 praefecti.
1338 3043 1396 3099 Id
1451 3023 1672 3119 scripsit
1721 3051 1896 3111 Varus

315 3130 562 3184 pmsens
590 3137 605 3175 :
634 3121 778 3191 Ἐγὼ
828 3125 886 3178 δέ
938 3130 1207 3202 παρήμην
1235 3133 1265 3185 ὁ
1285 3139 1642 3210 ταχυγράφος
1684 3142 1899 3218 Οὔαρος

2019 667 2202 733 naitae,
2225 668 2305 730 είς
2328 666 2428 738 τὴν
2458 666 2618 736 ἀγίαν
2651 667 3077 739 μεταμόρφωσιν
3103 666 3194 722 τοῦ
3216 668 3488 741 Σωτῆρος.

2088 753 2158 810 Ὦ
2200 757 2431 830 φρικτοῦ
2486 758 2785 830 μυστηρίου
2837 760 2986 831 πάσῃ
3041 760 3107 831 τῇ
3154 760 3352 814 κτίσει.
3397 760 3597 816 Leonis

2018 851 2366 920 imperatoris
2397 850 2556 920 λόγος
2581 892 2595 916 ,
2629 851 2708 922 τῷ
2739 851 2880 922 ἀγίῳ
2922 852 3017 906 καὶ
3054 853 3275 925 μεγάλῳ
3306 853 3590 925 Σαϐϐάτῳ.

2085 941 2190 997 Tot
2212 958 2342 1014 ergo
2375 944 2653 1013 tantisque
2682 959 2747 999 ex
2776 944 3046 999 immenso
3072 944 3164 1000 illo
3204 945 3453 1002 codicum
3483 963 3591 1001 nu-

2016 1049 2189 1098 mero,
2232 1034 2326 1104 qui
2370 1034 2753 1105 Metaplirasta:
2788 1035 2877 1089 vel
2911 1045 3038 1090 sunt
3082 1036 3167 1092 vel
3206 1038 3594 1093 existimantur

2015 1141 2162 1194 esse,
2205 1127 2480 1199 segetibus
2541 1127 2878 1194 intervulsis,
2912 1137 2966 1183 et
2997 1129 3232 1199 propriis
3274 1130 3593 1200 parentibus

2015 1218 2305 1283 restitutis,
2357 1234 2490 1274 sane
2532 1219 2727 1274 fertilis
2772 1220 2859 1275 liic
2892 1236 3020 1290 ager
3048 1221 3244 1277 alienis
3275 1222 3460 1277 herbis
3486 1223 3591 1277 oli-

2012 1311 2210 1367 ductus
2247 1310 2462 1369 facilius
2521 1312 2934 1383 praevidebitur,
2980 1322 3036 1369 et
3068 1314 3492 1385 dijudicabitur;
3532 1325 3591 1370 ut

2013 1412 2194 1457 tamen
2224 1403 2437 1459 facilius
2460 1402 2804 1461 discernatur
2837 1422 2903 1462 ex
2944 1407 3136 1461 eodem
3185 1407 3301 1477 ipso
3343 1407 3589 1477 quaedam

2011 1494 2116 1550 alia
2152 1495 2360 1550 incerta
2392 1503 2557 1565 atque
2601 1496 2769 1553 dubia
2798 1498 3103 1553 truncanda
3143 1507 3448 1569 sun.t,_quae
3478 1498 3590 1577 Mc.-

2012 1587 2306 1657 taphrastae
2346 1603 2455 1642 non
2489 1603 2610 1644 esse
2654 1588 2826 1661 stylus
2882 1589 2999 1660 ipse
3038 1588 3341 1660 modusque
3370 1588 3590 1645 dicendi

2009 1679 2419 1736 evidentissime
2445 1689 2716 1753 arguunt;
2748 1681 2819 1737 ab
2853 1682 2922 1737 iis
2958 1688 3140 1739 tamen
3174 1681 3344 1737 veluti
3393 1696 3424 1736 e
3466 1681 3562 1736 fon

2011 1771 2158 1826 tibus
2200 1773 2476 1843 corruptis
2521 1773 2691 1828 multa
2735 1772 3146 1849 Mrtaplirastaea
3187 1789 3443 1829 manasse
3477 1790 3590 1830 non

2010 1864 2222 1920 dubito.
2255 1865 2401 1921 Ante
2424 1866 2608 1923 omnia
2629 1882 2933 1942 proponam
2966 1866 3346 1937 Metaphrastai
3368 1866 3587 1922 dicendi

1937 1927 1979 1982 Β
2006 1951 2296 2009 formulam
2317 1997 2333 2022 ,
2374 1965 2429 2010 et
2460 1927 2682 2011 modum
2724 1927 2790 2011 ex
2820 1957 3233 2021 accuratissimo
3260 1957 3436 2013 Psello
3467 1958 3588 2013 ele-

2004 2046 2321 2118 gantissime
2355 2047 2846 2120 depingeute._Kat
2884 2049 2973 2103 ἵνα
3003 2066 3056 2104 τι
3086 2048 3219 2122 περὶ
3261 2049 3454 2103 τούτου
3490 2049 3586 2103 τοῦ

2007 2135 2208 2210 μέρους
2259 2139 2398 2194 εῐπω
2430 2142 2521 2195 καὶ
2552 2141 3121 2215 παρεκϐατικώτερον
3152 2142 3231 2215 τῷ
3273 2144 3418 2216 λόγῳ
3449 2144 3586 2216 χρή-

2006 2246 2209 2303 σωμαι,
2260 2232 2362 2288 οὐκ
2392 2234 2572 2303 ἀγνοῶ
2601 2235 2685 2290 ὅτι
2714 2239 2828 2302 τοῖς
2864 2236 3079 2303 πολλοῖς
3118 2237 3229 2292 τῶν
3256 2233 3586 2307 σοφιστικῶ-

2003 2340 2161 2396 τερον
2186 2327 2254 2401 τῇ
2289 2327 2552 2400 περιϐολῇ
2582 2330 2681 2401 τῆς
2723 2328 2969 2402 γλώττης
3014 2330 3397 2402 κεχρημένων,
3431 2329 3585 2384 οὐδὲν

2001 2416 2058 2471 δέ
2088 2411 2252 2490 ἦττον
2281 2420 2379 2473 καὶ
2411 2423 2524 2485 τοῖς
2554 2422 2686 2493 περὶ
2716 2422 2785 2477 τά
2818 2422 3121 2494 μαθήματα
3167 2421 3583 2487 ἐσπουδακόσιν,

2002 2508 2139 2564 ἀλλά
2169 2510 2264 2565 καὶ
2284 2505 2365 2576 οἷς
2391 2511 2461 2566 τά
2493 2511 2703 2581 φυσικά
2756 2513 3061 2586 μαθήματα
3111 2512 3583 2586 περισπούδαστα,

2001 2599 2063 2654 οὐ
2088 2600 2234 2655 πάνυ
2266 2617 2319 2655 τι
2351 2601 2713 2668 σπουδάζεται
2742 2604 2836 2658 τοῦ
2855 2603 3049 2677 ἀνδρὸς
3074 2602 3144 2658 τὰ
3163 2601 3579 2673 σπουδάσματα·

2000 2691 2082 2747 ὅτι
2117 2693 2256 2764 μήτε
2301 2692 2373 2747 τὰ
2403 2693 2505 2764 τῆς
2552 2693 2753 2765 μίξεως
2799 2694 2910 2751 τῶν
2944 2694 3098 2749 ἰδεῶν
3146 2695 3400 2770 εὐπρεπῆ
3448 2696 3580 2767 παρ’

2001 2784 2224 2851 αὐτοῖς,
2267 2785 2409 2858 μήτε
2456 2788 2505 2840 oi
2552 2787 2930 2860 σχηματισμοὶ
2974 2787 3083 2842 τῶν
3127 2786 3300 2858 λόγων
3335 2805 3582 2856 καταφαε

1999 2880 2131 2944 νεῖς,
2181 2879 2320 2951 μήτε
2370 2895 2455 2943 τις
2485 2878 2692 2950 ἀπορία
2736 2877 2950 2949 φύσεως
2996 2878 3093 2933 καὶ
3133 2878 3407 2943 ἐπίλυσις,
3442 2879 3581 2949 μήτε

1999 2971 2321 3043 γραμμικαὶ
2350 2970 2654 3039 ὑποδείξεις
2684 2971 2822 3043 μετά
2843 2971 2952 3027 τῶν
2973 2969 3247 3049 φορτικῶν
3275 2969 3578 3042 ὀνομάτων,

2001 3063 2141 3135 μήτε
2190 3062 2471 3134 φιλόσοφοι
2521 3063 2735 3119 ἔννοιαν
2775 3062 3147 3137 ύψηλογοῦσαι
3178 3061 3239 3116 τδ
3287 3061 3582 3132 ὑποκείμε-

1998 3170 2109 3207 νον.
2164 3152 2458 3209 Βούλονται
2509 3154 2617 3226 γάρ
2662 3155 2712 3208 οἱ
2765 3155 3010 3227 περιττοὶ
3058 3154 3158 3225 τὴν
3204 3153 3397 3223 σοφίαν
3441 3151 3581 3224 πρὸς

312 3208 584 3319 Νοτέριος
631 3215 727 3269 καὶ
778 3218 1219 3279 ἀποκοδικέλλων
1266 3228 1410 3299 δρῶν
1451 3208 1563 3297 έὰςτ
1609 3208 1893 3304 κολάσέιέ
1923 3270 1966 3329 ρ
1999 3246 2261 3312 ἐπίδειξιν
2307 3208 2486 3303 πάντα
2519 3208 2860 3319 γεγράφθαι,
2913 3248 2974 3303 οὐ
3001 3208 3137 3320 πρὸς
3161 3208 3449 3318 ὠφέλειαν,
3485 3208 3581 3302 καὶ

314 3303 530 3359 ἀκούων
561 3306 621 3361 δὲ
652 3310 863 3366 καὶτὸν
898 3315 1199 3388 ὲγκρύφιον
1218 3321 1389 3377 αὐτοῦ
1438 3330 1770 3400 στεναγμὸν,
1802 3333 1893 3404 ρί-

311 3396 422 3464 ψας
450 3398 578 3464 τοὺς
601 3402 944 3472 κοδικέλλους
984 3411 1381 3487 ἐκαλινδούμην
1407 3396 1733 3492 ὀδυρόμενος
1755 3396 1893 3498 πρὸς

311 3491 425 3553 τοῖς
454 3493 614 3547 ποσὶν
636 3496 825 3553 αὐτοῦ.
872 3499 932 3554 '0
963 3501 1020 3556 δὲ
1061 3504 1253 3576 κύριός
1284 3525 1387 3578 μου
1406 3511 1435 3563 ὁ
1467 3514 1767 3587 συνήγορος
1794 3491 1891 3572 τοῦ

313 3582 556 3653 Χριστοῦ
578 3586 856 3661 Θεόδωρος
892 3595 1097 3666 μικρὰν
1122 3599 1308 3671 φωνὴν
1330 3602 1563 3669 ἀποδούς
1588 3582 1689 3675 μοι
1713 3609 1891 3680 λέγει’

312 3674 515 3746 Οὔαρε,
569 3678 647 3750 μὴ
669 3680 1042 3758 ἐγκαταλίπῃς
1065 3688 1127 3742 τὸ
1150 3690 1310 3762 ἔργον
1333 3710 1448 3760 σου,
1482 3698 1619 3770 μηδὲ
1649 3674 1891 3777 ἐκκόῷῃς

311 3767 412 3830 τὰς
460 3771 764 3839 μελλούσας
812 3777 893 3841 είς
938 3780 1043 3850 ἐμὲ
1087 3782 1391 3854 διηγήσεις.
1434 3767 1760 3863 ’Υπόμεινον
1796 3767 1893 3856 ἰζᾴ

313 3861 411 3914 καὶ
448 3864 552 3934 τὴν
583 3867 768 3938 ἄφιξίν
814 3888 917 3945 μου
970 3878 1317 3953 συγγράψῃς,
1360 3884 1455 3937 καὶ
1504 3861 1628 3951 τοῦς
1670 3890 1891 3959 ἀγῶνας

258 4012 265 4019 _
315 3955 410 4008 καὶ
454 3958 557 4027 τὴν
602 3961 820 4033 ἡμέραν
866 3965 967 4036 τῆς
1020 3969 1354 4038 τελειώσεώς
1402 3993 1527 4046 μου.
1571 3977 1684 4050 Ego
1717 3955 1891 4052 ’νοντα

311 4045 533 4102 aderam
565 4049 728 4106 Varus
742 4055 912 4110 scriba
932 4057 1189 4116 Notarius
1236 4045 1595 4133 apocodicillis
1621 4045 1891 4130 iorntenta

310 4142 653 4209 conspiciens.
671 4145 803 4200 Cum
832 4164 953 4204 vero
968 4152 1215 4210 intimum
1243 4156 1389 4213 illius
1416 4159 1677 4227 eiulatum
1704 4169 1889 4223 audis-

310 4247 442 4297 sem,
479 4235 735 4292 codicillis
773 4240 994 4311 abjectis
1022 4246 1163 4300 circa
1202 4249 1359 4317 pedes
1396 4250 1542 4307 illius
1584 4252 1887 4327 lacrymans

311 4326 611 4385 volutabar.
657 4332 728 4386 At
766 4333 1010 4392 dominus
1051 4355 1196 4394 meus
1233 4340 1430 4398 Christi
1457 4326 1891 4419 defensorrTlieo-

309 4420 470 4475 dorus
483 4423 743 4480 submissa
758 4443 878 4483 voce
908 4429 1038 4485 mihi
1080 4433 1248 4489 dicit:
1273 4435 1429 4503 Vare,
1458 4453 1525 4493 ne
1553 4441 1889 4515 derelinquas

311 4528 438 4583 opus
460 4525 609 4572 tuum
636 4534 656 4572 :
683 4535 848 4584 neque
873 4526 1208 4582 narrationes
1235 4536 1355 4583 tuas
1383 4529 1449 4585 de
1470 4549 1549 4588 me
1574 4533 1883 4605 abrumpas.

2001 3339 2168 3410 ἤθους
2201 3339 2565 3413 κατόρθωσιν.
2613 3338 2759 3409 Ἐγὼ
2784 3339 2843 3393 δὲ
2880 3338 3005 3394 οὐδέ
3028 3355 3175 3404 τινος
3205 3337 3413 3393 τούτων
3434 3334 3583 3409 φημὶ

1999 3429 2071 3484 τὰ
2114 3429 2209 3484 τοῦ
2256 3431 2447 3503 ἀνδρὸς
2493 3429 2916 3502 ἀποστερεῖσθαι
2961 3431 3410 3501 συγγράμματαθ
3462 3427 3564 3483 ἀλλ

1999 3517 2187 3591 ἐπειδὴ
2223 3519 2298 3591 μὴ
2333 3521 2680 3592 ἐπιδεικτική
2711 3537 2797 3584 τις
2823 3519 2973 3591 αύτῷ
2998 3522 3030 3592 ἡ
3058 3521 3275 3592 χρῆσις,
3301 3521 3361 3574 ού
3397 3519 3580 3574 πυκνὰ

2000 3610 2171 3667 ταῦτα
2203 3612 2353 3684 αὐτῷ
2380 3613 2610 3680 τίθεται,
2643 3614 2765 3668 οὐδὲ
2792 3616 2857 3670 ἐκ
2890 3613 3195 3687 προοιμίων
3227 3612 3411 3680 εὐθὺς,
3455 3612 3580 3667 οὐδὲ

2001 3708 2272 3779 πανταχῆ,
2298 3707 2419 3762 οὐδὲ
2458 3709 2645 3773 πᾶσιν,
2677 3707 2815 3775 ἀλλ’,
2862 3709 2970 3778 ὅπη
3019 3705 3181 3786 αὐτῷ.
3225 3707 3483 3778 ἀφορμὴν
3516 3707 3579 3761 τὸ

1998 3802 2233 3871 πρᾶγμα
2262 3800 2503 3869 δίδωσιν,
2547 3802 2719 3856 ὁπόσα
2747 3801 2867 3856 δέον
2891 3802 2970 3874 τῷ
3010 3800 3156 3875 λόγῳ
3205 3799 3575 3873 χρησάμενος.

1997 3889 2091 3943 ἐπὶ
2123 3890 2216 3943 τὸν
2254 3891 2685 3965 προτεθειμένον
2733 3896 2937 3948 σκοπδν
2981 3891 3145 3958 εὐθὺς
3169 3892 3472 3951 ἐπάνεισιν.
3517 3889 3579 3943 '0

2001 3983 2100 4054 μὲν
2130 3984 2289 4054 λόγος
2323 3985 2471 4058 αὐτῷ
2495 3984 2618 4043 οὔτε
2644 3986 2781 4058 πρὸς
2806 3986 3121 4057 σοφιστείαν
3145 3986 3274 4058 δρᾷ,
3318 3985 3415 4040 καὶ
3441 3985 3576 4055 ἀγο-

2000 4075 2160 4146 ραίαν
2203 4077 2545 4149 κομψότητα,
2575 4077 2702 4134 οὔτε
2760 4082 2841 4145 εἰς
2873 4079 3245 4152 τεχνολογίαν,
3275 4078 3373 4135 καὶ
3401 4095 3577 4135 κατα-

1997 4165 2184 4236 νόησιν
2211 4165 2450 4235 φύσεως,
2483 4167 2607 4222 οὔτε
2643 4169 2751 4241 μὴν
2777 4172 2859 4235 είς
2891 4171 3221 4244 γραμμικὴν
3246 4170 3506 4244 θεωρίαν,
3541 4170 3576 4244 ἢ

1995 4257 2094 4331 τὴν
2124 4260 2516 4333 περιττοτέραν
2540 4263 2598 4316 ἐν
2622 4265 2737 4326 τοῖς
2763 4263 3019 4337 ἀριθμοῖς
3044 4264 3283 4323 σύνεσιν*
3307 4264 3423 4319 ἀλλ’
3456 4262 3577 4318 οὐδὲ

1997 4351 2357 4417 σπουδάζεται
2378 4354 2554 4427 τούτῳ
2586 4355 2620 4427 ή
2648 4355 2742 4410 τοῦ
2772 4356 3006 4429 ούρανοῦ
3040 4357 3273 4429 κίνησις,
3310 4357 3343 4429 ἢ
3373 4359 3521 4422 ὅπως
3549 4359 3577 4411 ὁ

1994 4442 2234 4510 ἄπλανος
2263 4444 2469 4516 κόσμος
2493 4447 2632 4518 πρὸς
2651 4448 2779 4514 τοὺς
2802 4448 3085 4521 πλάνητας
3111 4450 3363 4525 ἀπαντᾷ·
3391 4451 3576 4520 μέλλει

1994 4535 2050 4590 δὲ
2079 4536 2229 4604 αύτῷ
2261 4537 2593 4608 συμφώνων,
2630 4539 2665 4612 ἢ
2708 4538 3009 4611 ὁμοφώνων
3060 4540 3249 4596 οὐδέν’
3293 4541 3412 4596 ἀλλ’
3453 4542 3575 4596 οὐδὲ

309 4605 524 4664 Sustine
553 4619 604 4665 et
632 4619 914 4669 adventum
942 4633 1115 4672 meum
1159 4622 1454 4689 scripturus
1485 4634 1532 4678 et
1563 4631 1879 4697 certamina,

2003 4629 2098 4684 τῶν
2128 4630 2233 4684 ἐπὶ
2251 4605 2467 4701 τούτοις
2497 4605 2837 4704 ὲμμελειῶν.⁷
2859 4632 2960 4687 Διά
2980 4632 3141 4688 τοῦτο
3169 4633 3344 4689 ταῦτα
3372 4634 3470 4706 μὲν
3498 4635 3574 4694 ὡς

309 4700 552 4772 diemque
585 4704 755 4760 obitus
782 4709 906 4763 mei.
935 4709 1005 4764 Et
1031 4711 1175 4766 circa
1210 4712 1413 4769 ﬁnem:
1446 4717 1557 4771 Καὶ
1579 4718 1728 4788 λέγει
1751 4723 1888 4794 πρὸς

308 4790 400 4846 τὸν
442 4792 677 4867 Οὔαρον,
732 4798 825 4869 Μὴ
859 4801 1151 4878 ἀμελήσῃς
1196 4804 1289 4860 τοῦ
1337 4809 1597 4875 συντάξαι
1641 4831 1743 4884 μου
1788 4790 1889 4888 τὴν

310 4886 526 4959 ἡμέραν
550 4889 654 4961 τῆς
684 4892 1039 4960 τελειώσεως.
1073 4897 1235 4955 Τὸ.δέ
1262 4897 1510 4970 λείψανόν
1548 4920 1650 4974 μου
1681 4886 1886 4961 ἀπόθου

310 4980 369 5033 ἐν
390 4980 692 5052 Εὕχαϊταις
723 4985 781 5038 ἐν
807 4984 889 5057 τῷ
933 4989 1244 5063 προγονικῷ
1274 4995 1669 5066 μου“κτήματι.
1714 4998 1805 5051 Ἐν
1830 4999 1887 5052 δέ

308 5073 376 5143 τῇ
433 5073 715 5130 τελειώσει
768 5095 900 5146 σου,
951 5080 1236 5153 εύώνυμός
1284 5102 1387 5156 μου
1445 5086 1766 5162 κοιμήθητι.
1817 5090 1889 5146 Ει

306 5161 434 5215 dicit
468 5162 626 5229 Varo,
653 5164 738 5220 Ne
754 5168 986 5238 negligas
1007 5171 1232 5227 scribere
1267 5174 1407 5229 diem
1430 5176 1601 5233 obitus
1626 5161 1765 5235 mei:
1796 5198 1887 5236 ca-

307 5255 471 5310 dauer
496 5272 617 5311 vero
638 5273 812 5314 meum
839 5276 1031 5332 repone
1049 5263 1103 5317 in
1130 5265 1272 5319 auita
1302 5282 1418 5322 mea
1447 5272 1786 5339 possessione.
1816 5273 1891 5328 Et

308 5358 365 5401 tu
394 5365 514 5403 eum
552 5351 713 5419 ﬁnem
742 5354 866 5409 vitae
894 5357 1151 5423 posueris,
1193 5359 1249 5413 in
1276 5361 1506 5417 sinistris
1538 5364 1667 5419 meis
1698 5364 1888 5421 obdor-

307 5441 485 5496 misce.
523 5441 584 5497 In
623 5443 745 5500 aliis
772 5446 1052 5505 codicibus
1087 5453 1476 5524 manuscriptis
1505 5456 1775 5527 Augarus.

390 5533 480 5598 Ὦς
503 5535 760 5609 εὐτυχὴς,
775 5539 871 5593 καὶ
896 5541 1074 5596 πάντα
1102 5545 1396 5618 μακάριος.
1419 5546 1643 5605 Joannis
1675 5558 1885 5608 metro-

309 5625 493 5694 polita:
540 5626 966 5701 Euchaitarum,
1009 5636 1088 5699 είς
1124 5636 1222 5707 τὴν
1267 5637 1483 5709 ἡμέραν
1516 5638 1614 5710 τῆς
1662 5645 1886 5714 μνήμης

309 5717 406 5772 τοῦ
450 5721 685 5790 μεγάλου
723 5727 1148 5799 τροπαιοφόρου,
1194 5729 1290 5783 καὶ
1315 5730 1413 5804 τὴν
1459 5731 1555 5786 νῦν
1588 5735 1886 5807 γενομένην

310 5811 405 5865 ἐπὶ
431 5816 543 5880 τοῖς
567 5815 863 5890 βαρϐάροις
898 5818 1365 5894 θαυματουργίαν.

381 5902 537 5981 [H6]
576 5907 665 5975 Ὠς
705 5910 934 5984 φοϐερὸς
961 5913 1172 5980 ὁτόπος
1214 5910 1393 5986 οὗτος,
1428 5918 1879 5992 συνεξιστάμενος

1992 4720 2224 4794 περιττὰ
2257 4721 2712 4793 παραπέμπεται.
2757 4723 2950 4778 Ἔστιν
2977 4723 3113 4778 ὅπου
3147 4722 3245 4778 καὶ
3273 4726 3416 4781 κατά
3446 4743 3572 4780 και-

1995 4814 2086 4888 ρὸν
2117 4813 2422 4885 χρώμενος.
2466 4815 2579 4887 Τῆς
2628 4813 2689 4867 δὲ
2739 4813 2997 4886 ἀληθείας
3038 4814 3328 4888 ἅπανταχῆ
3364 4816 3571 4888 ἔχεται,

1992 4908 2203 4980 καὶτῆς
2250 4907 2522 4978 ἀψευδοῦς
2557 4907 2885 4979 διηγήσεως.
2930 4909 3191 4981 Φράσεως
3234 4909 3294 4964 δέ
3343 4911 3572 4976 πολλοὺς
3616 4924 3619 4928 ·

1994 5000 2093 5071 μὲν
2120 4998 2393 5070 ἠπίστατο
2420 4998 2679 5070 τρόπους.
2732 4999 3015 5072 Κέχρηται
3061 5001 3118 5055 δὲ
3141 5001 3225 5071 τῷ,
3258 5002 3571 5074 ἀποχρῶντι

1990 5090 2127 5161 πρὸς
2150 5090 2250 5162 τήν
2267 5107 2327 5144 τε
2344 5089 2454 5145 τῶν
2472 5090 2780 5146 σπουδαίων
2808 5091 3031 5148 καὶτῶν
3050 5092 3263 5148 πολλῶν
3276 5094 3570 5164 ἀκρόασιν,

1990 5182 2085 5237 καὶ
2109 5181 2311 5254 ἤρκεσέ
2355 5198 2418 5251 γε
2450 5181 2592 5238 κατὰ
2630 5184 2798 5238 ταύτὸ
2826 5185 3162 5259 ἀμφοτέροις
3191 5189 3305 5250 τοῖς
3351 5187 3566 5257 μέρεσι.

1989 5272 2080 5345 Τῷ
2109 5273 2207 5345 μὲν
2231 5274 2340 5345 γὰρ
2373 5271 2587 5346 ῥυθμῷ,
2636 5276 2733 5331 καὶ
2761 5275 2839 5349 τῷ
2874 5277 3062 5333 κάλλει
3102 5280 3202 5351 τῆς
3245 5278 3445 5343 λέξεως
3477 5278 3569 5331 τὸν

1988 5367 2273 5439 ἐλλόγιμον
2300 5368 2581 5439 ἀκροατὴν
2623 5367 3008 5438 ἐφειλκύσατο,
3066 5371 3166 5426 καὶ
3208 5368 3558 5437 έθελξενίκα·

1989 5459 2094 5523 νῶς
2123 5462 2251 5524 τοῖς,
2280 5460 2388 5515 τῶν
2422 5460 2665 5533 χαρίτων
2717 5460 3014 5535 θηράτροις
3042 5480 3055 5493 ·
3104 5461 3184 5533 τῷ
3216 5462 3274 5516 δέ
3309 5479 3373 5532 γε
3405 5462 3568 5530 σαφεῖ

1988 5550 2083 5605 καὶ
2110 5550 2346 5622 ποτίμῳ,
2378 5552 2480 5616 τὰς
2509 5551 2781 5617 ίδιώτιδας
2802 5554 2973 5617 ἀκοὰς
3003 5554 3102 5625 τῆς
3144 5553 3340 5608 ἑαυτοῦ
3377 5552 3564 5622 φωνῆς
3666 5610 3675 5617 ,

1987 5642 2352 5713 ἀνηρτήσατο.
2377 5642 2753 5716 Ἀμφοτέρους
2790 5661 2863 5704 τε,
2891 5641 2958 5700 αὖ
2988 5646 3304 5717 ὑπηγάγετο
3333 5643 3412 5715 τῷ
3439 5662 3565 5698 συνι

1987 5735 2139 5805 τόμῳ
2170 5735 2264 5789 καὶ
2304 5735 2534 5808 πιθανῷ.
2572 5736 2716 5805 Ἐγὼ
2776 5738 2887 5810 γὰρ
2935 5740 3021 5794 ἵνα
3073 5738 3242 5809 μηδὲν
3296 5738 3410 5809 ἐρῶ
3468 5736 3563 5792 τοῦ

1988 5827 2218 5898 ἀληθοῦς
2251 5828 2471 5884 ἔλαττον
2524 5831 2989 5903 ἐπικρυψάμενος,
3047 5832 3414 5904 χαρακτήρων
3462 5827 3569 5899 μὲν

1988 5920 2162 5991 λόγων
2193 5920 2419 5986 πολλοὺς
2448 5917 2563 5977 οῖδα
2600 5921 2881 5988 καλλίονας
2901 5940 2913 5954 ο
2949 5922 3089 5994 λέγω
3125 5923 3190 5997 δὴ
3223 5926 3332 5983 τῶν
3355 5926 3552 5983 τελεω-
