3826 6464
236 402 336 466 1.15

1551 415 1826 475 LEONIS
1861 417 2170 478 ALLATlI

3387 429 3489 491 116

224 521 402 612 τέρων
437 520 707 592 ρητόρων,
738 523 830 575 καὶ
874 512 1089 595 σι’μηδὲ
1122 526 1256 596 πρὸς
1290 527 1645 600 παράδειγμα
1690 534 1803 595 τοῖς
1833 532 1875 586 Α
1905 531 2144 586 δείκνυσι
2205 533 2269 586 τὰ
2316 533 2433 586 τότε
2502 535 2692 604 καιροῦ
2753 537 3124 608 πραττόμενα.
3175 541 3330 612 Ζηλῶ
3389 553 3491 612 μὲν

227 609 442 674 πολλοῖς
476 612 686 676 ἑστᾶσι,
717 613 792 682 τῷ
831 616 1194 687 ὑπερηχοῦντι
1240 620 1332 674 τοῦ
1369 621 1578 692 ῥυθμοῦ
1603 641 1616 653 ο
1645 625 1805 696 ἀκρι-

229 703 492 775 ϐεστέραν
523 703 577 758 δὲ
608 705 772 772 ίδέαν,
805 700 885 768 οἷς
915 708 1087 762 είλετο
1123 712 1412 768 συνθέσθαι
1437 715 1804 786 συγγράμμα·

228 812 334 860 σιν,
367 797 467 848 ούκ
497 792 634 859 οῖδα,
669 797 724 850 εί
747 815 830 860 τις
862 799 971 852 τῶν
994 801 1216 856 πάντων
1249 807 1610 876 συνήρμοσεν.
1639 807 1799 861 Ἀλλά

227 889 321 940 καὶ
349 888 404 939 εί
431 906 513 950 τις
543 889 608 942 ἂν
635 890 743 942 τῶν
778 891 1052 961 περιττῶν
1103 893 1331 950 ἐκείνων
1362 898 1458 968 τήν
1486 915 1545 952 τε
1576 899 1800 970 φράσιν,

227 982 323 1033 καὶ
353 980 452 1050 τὴν
481 980 783 1053 ἐνθύμησιν
809 984 1094 1056 προείλετο
1115 986 1216 1058 τὴν
1235 989 1493 1060 τοιαύτην
1523 991 1802 1057 ὑπόθεσιν,

226 1072 644 1144 περιεργότερον
678 1075 776 1145 μὲν
811 1078 948 1150 αὐτῇ
994 1079 1086 1133 τὸν
1151 1080 1308 1149 λόγον
1362 1083 1696 1154 είργάσατο⁶
1741 1085 1802 1139 οὔ

227 1181 372 1232 φημι
406 1165 460 1218 δὲ
487 1165 771 1234 σύμπασιν
797 1169 1098 1240 ἀκροαταῖς
1129 1174 1470 1243 κατάλληλόν
1500 1194 1558 1229 τε
1583 1177 1676 1230 καὶ
1700 1179 1803 1248 ἀρ-

230 1257 578 1329 μοδιὼτερον.
615 1259 696 1314 Τά
737 1259 887 1333 [ειη
939 1280 1000 1316 τε
1045 1265 1154 1336 γὰρ
1204 1267 1466 1337 προοίμια
1495 1269 1604 1322 τῶν
1631 1269 1804 1338 λόγων

227 1346 394 1400 αὐτοῦ
433 1350 715 1422 ἁπτόμενα
772 1354 934 1416 εὐθὺς
960 1353 1053 1407 τοῦ
1088 1357 1474 1428 ὑποκειμένου,
1505 1360 1597 1412 καὶ
1629 1359 1802 1430 βραχύ

227 1456 279 1492 τι
303 1442 532 1512 προῖὼν,
561 1444 652 1498 τὸν
677 1445 769 1498 τοῦ
797 1449 1229 1519 συγγράμματος
1256 1452 1542 1521 ἀναφαίνει
1571 1454 1802 1506 σκοπόνο

229 1530 324 1582 καὶ
353 1533 454 1602 τὴν
486 1535 665 1586 πᾶσαν
719 1536 805 1588 ἐπ’
863 1537 1026 1602 ἐνίοις
1077 1539 1186 1591 τῶν
1220 1540 1395 1609 λόγων
1420 1543 1678 1595 ὑπόθεσιν
1712 1561 1803 1596 κε-

231 1622 700 1696 φαλαιῶσάμενος,
725 1629 886 1692 εὐθὺς
911 1631 1056 1684 κατά
1084 1633 1223 1703 μέρη
1259 1633 1464 1703 τέμνει,
1484 1637 1617 1707 πρός
1651 1654 1707 1690 τε
1739 1638 1804 1690 τά

231 1717 501 1785 πρόσωπα
533 1721 625 1772 καὶ
665 1723 791 1786 τοὺς
841 1725 1072 1794 καιροὺς
1115 1726 1547 1796 μεθαρμόζεται,
1606 1732 1700 1783 καὶ
1744 1731 1805 1784 τὸ

231 1808 331 1878 μὲν
369 1810 564 1880 χρῶμα
589 1812 684 1865 τοῦ
713 1813 870 1882 λόγου
905 1816 966 1869 τὸ
989 1816 1120 1870 αὐτὸ
1147 1820 1302 1886 πᾶσι,
1361 1821 1456 1875 καὶ
1495 1823 1528 1898 ή
1583 1823 1806 1894 ποιότης

231 1901 329 1971 μία
361 1903 461 1974 τῆς
487 1905 763 1976 φράσεως,
797 1908 831 1978 ή
859 1907 915 1960 δέ
938 1925 1001 1978 γε
1051 1908 1144 1962 τοῦ
1180 1882 1344 1981 ήθους
1377 1882 1650 1984 μεταθολὴ
1842 1882 1884 1942 Β

229 1990 374 2062 κίλη,
400 1991 495 2046 καὶ
535 1994 634 2059 ὠς,
669 1995 800 2068 εἴπῃ
830 2013 914 2060 τις
937 2037 952 2062 ,
997 1999 1224 2068 τεχνικὴ
1253 1999 1320 2054 ἂν
1349 2001 1409 2054 ού
1441 2003 1530 2054 διὰ
1576 2003 1676 2074 τὴν
1719 2006 1804 2056 τέο

229 2101 364 2154 χνην
392 2087 462 2140 τά
490 2087 791 2156 πράγματα
831 2089 1268 2160 μεταϐάλλουσα,
1318 2093 1454 2146 ἀλλά
1482 2095 1558 2166 τῷ
1592 2097 1806 2166 ἑκάστῳ

228 2174 337 2229 τῶν
368 2179 833 2248 παραπιπτόντων
878 2181 1221 2252 πραγμάτων
1269 2201 1329 2236 τε
1361 2184 1452 2237 καὶ
1499 2187 1806 2256 προσώπων

228 2269 444 2321 οίκείων
472 2269 927 2341 διερμηνεύουσα.
965 2271 1053 2338 ὀς
1108 2275 1244 2345 πρὸς
1286 2276 1573 2347 ἀρχέτυπα
1619 2279 1676 2332 δὲ
1737 2279 1806 2332 τά

233 2360 570 2434 ἀρχαιότερα
599 2362 709 2417 τῶν
731 2366 1083 2438 πραγμάτων
1113 2369 1458 2436 ὲνατενίζων,
1491 2372 1715 2426 ἐκείνων
1745 2391 1805 2427 τε

231 2451 332 2507 οὑκ
359 2451 674 2522 ἀφίσταται,
704 2455 791 2509 ἵνα
810 2457 884 2528 μὴ
914 2457 1036 2531 δόξῃ
1063 2459 1192 2514 ἀλλο
1207 2478 1262 2514 τι
1292 2462 1492 2529 ποιῶν;
1526 2465 1622 2518 καὶ
1649 2465 1802 2537 παρά

229 2542 292 2595 τὸ
322 2543 697 2614 παράδειγμα,
723 2549 816 2602 καὶ
845 2549 943 2620 τὴν
989 2551 1117 2620 ὃλην
1170 2554 1314 2607 ἰδέαν
1357 2559 1678 2624 μετατυποϊ,
1707 2560 1806 2612 οὐκ

229 2637 572 2693 ἐναλλάττων
603 2641 702 2712 τὴν
735 2641 890 2712 ὕλην,
944 2645 1080 2699 ἀλλά
1138 2647 1198 2700 τὸ
1249 2651 1642 2720 ἡμαρτημένον
1694 2651 1804 2706 τῶν

229 2727 387 2781 εἰδῶν
421 2730 802 2801 διορθούμενος
826 2774 844 2802 ,
876 2736 999 2790 οὐδὲ
1028 2739 1367 2810 καινοτομῶν
1395 2743 1516 2805 ταῖς
1545 2742 1799 2810 ἐννοίαις,

227 2818 366 2872 άλλά
387 2821 448 2874 τὸ
472 2821 573 2892 τῆς
604 2821 803 2889 λέξεως
835 2825 1024 2897 σχῆμα
1067 2829 1406 2898 μετατιθείς.
1435 2831 1804 2903 ’Λνωμαλίαις

227 2929 287 2964 τε
315 2913 666 2984 περιπίπτων
693 2917 1054 2988 διηγημάτων
1083 2923 1111 2974 ὀ
1139 2919 1298 2990 λόγος
1329 2923 1504 2995 αύτῷ,
1534 2926 1631 2978 καί
1677 2944 1806 2997 μετ-

229 3005 496 3074 αλλαγαῖς
520 3007 852 3075 ὑποθέσεων,
881 3010 943 3063 ού
975 3011 1285 3080 σύγκειται,
1311 3015 1433 3069 οὐδὲ
1459 3019 1803 3090 ταράττεται*

230 3095 346 3150 ἀλλ’
411 3096 603 3170 ῶσπερ
656 3099 880 3172 ἄριστος
931 3102 1275 3180 κυϐερνήτης
1337 3111 1806 3182 περικλυζομένης

1907 621 2000 678 οὖν
2029 625 2139 694 ἐγὼ
2195 627 2284 678 τὸν
2325 625 2493 694 ἄνδρα
2530 630 2620 680 καὶ
2649 626 2748 697 τῆς
2782 630 3039 700 τοιαύτης
3062 631 3363 702 εὐστομίας
3396 640 3492 688 καὶ

1905 718 2307 789 χάριτος,ούδέν
2324 735 2383 771 τε
2396 713 2559 790 ἦττον
2570 719 2670 790 τῆς
2693 723 3022 792 εὐχρηστίας
3035 724 3141 777 τῶν
3158 725 3491 782 ὑποθέσεων.

1909 810 1976 865 Et
2003 821 2060 864 ut
2083 811 2148 866 de
2170 812 2270 866 hac
2302 823 2456 882 parte
2483 815 2682 876 dicam,
2715 824 2765 869 et
2790 815 2973 888 aliqua
3003 825 3128 870 utar
3147 818 3488 889 digressione,

1909 922 2011 958 non
2043 906 2224 976 ignoro
2256 907 2414 976 hujus
2465 909 2562 961 viri
2597 925 2757 978 opera
2789 926 2892 962 non
2926 926 3034 963 esse
3063 926 3253 980 magno
3293 912 3490 977 studio,

1909 1015 2001 1053 nec
2038 1001 2126 1063 iis,
2167 1001 2258 1070 qui
2287 1001 2480 1071 lingua:
2531 1010 2840 1054 ornamento
2879 1010 3099 1054 utuntur
3159 1002 3314 1055 nimis
3368 1002 3493 1056 rhe-

1909 1089 2087 1154 torice,
2135 1107 2226 1142 nec
2280 1093 2344 1142 iis
2375 1091 2465 1160 qui
2494 1106 2652 1144 suum
2672 1090 2906 1144 studium
2932 1099 3219 1158 posuerunt
3244 1091 3298 1143 in
3329 1091 3488 1144 disci-

1907 1181 2088 1251 plinis,
2111 1183 2200 1234 sed
2233 1197 2326 1234 nec
2363 1182 2450 1244 iis,
2476 1182 2565 1251 qui
2601 1182 2914 1235 studuerunt
2943 1189 3148 1234 natura:
3177 1181 3496 1250 contempla-

1911 1273 2060 1336 tioni,
2093 1273 2229 1342 quod
2261 1288 2351 1325 nec
2391 1273 2454 1325 iis
2484 1272 2693 1324 dicendi
2739 1287 2987 1341 generum
3019 1271 3196 1323 mislio
3240 1269 3488 1333 eluceret,

1910 1380 2001 1416 nec
2029 1362 2213 1432 ﬁgura:
2239 1363 2446 1415 dicendi
2489 1363 2593 1415 sint
2627 1377 2876 1432 aspersw,
2931 1379 3096 1432 neque
3134 1361 3248 1415 ulla
3283 1370 3492 1415 naturw

1907 1457 2166 1512 dubitatio
2188 1473 2253 1512 ac
2285 1456 2496 1525 solutio,
2533 1443 2708 1528 neque,
2729 1457 2992 1511 linearum
3023 1457 3492 1511 demonstrationes

1908 1567 2024 1604 cum
2081 1551 2394 1620 importunis
2447 1550 2777 1614 nominibus,
2835 1565 2998 1620 neque
3057 1549 3493 1619 Philosophorum

1907 1644 2178 1698 sententia:
2212 1659 2326 1714 qua:
2359 1643 2652 1714 subjectum
2688 1644 2856 1699 verbis
2904 1645 2960 1698 in
3013 1642 3179 1698 altum
3219 1641 3488 1697 attollant.

1915 1734 2106 1789 Volunt
2129 1737 2269 1790 enim
2295 1737 2385 1806 qui
2407 1745 2528 1790 sunt
2570 1737 2848 1807 sapientia:
2876 1753 3037 1806 supra
3066 1737 3276 1790 modum
3306 1735 3490 1793 dediti,

1909 1828 2090 1881 omnia
2112 1828 2271 1882 scribi
2294 1830 2364 1882 ad
2386 1829 2812 1890 ostentationem,
2844 1845 2946 1882 non
2996 1828 3067 1881 ad
3094 1843 3296 1881 morum
3329 1842 3495 1879 corre-

1911 1922 2156 1975 ctionem.
2205 1920 2320 1992 Ego
2368 1931 2545 1974 autem
2593 1921 2708 1975 dico
2753 1921 2913 1990 hujus
2965 1921 3064 1974 viri
3121 1920 3316 1988 scripta
3347 1917 3491 1972 nullo

1909 2015 2096 2066 horum
2126 2029 2232 2068 esse
2275 2014 2522 2082 privata;
2551 2013 2642 2067 sed
2673 2014 2922 2083 quoniam
2955 2030 3057 2066 non
3088 2013 3156 2065 ad
3184 2012 3495 2065 ostentatio-

1909 2124 2028 2161 nem
2057 2109 2470 2176 comparabatur
2513 2106 2628 2176 ejus
2659 2107 2899 2174 scriptio,
2927 2107 3043 2159 ideo
3076 2123 3178 2158 non
3225 2115 3495 2171 ponuntur

1909 2202 2223 2270 frequenter,
2271 2215 2433 2270 neque
2461 2201 2646 2252 statim
2681 2215 2712 2251 α
2745 2199 3029 2270 principio,
3073 2214 3240 2269 neque
3275 2195 3490 2266 ubique,

1909 2310 2073 2364 neque
2101 2293 2244 2362 apud
2263 2309 2441 2346 omnes
2472 2289 2645 2363 [H8],
2680 2293 2772 2347 sed
2795 2292 3006 2356 quando
3032 2307 3111 2346 res
3138 2292 3230 2344 dat
3259 2292 3490 2344 occasio-

1909 2401 2048 2450 nem,
2079 2401 2203 2439 usus
2236 2386 2324 2450 iis,
2364 2401 2480 2456 qua:
2508 2385 2744 2455 postulat
2789 2386 2983 2452 oratio,
3026 2385 3161 2438 redit
3193 2386 3376 2437 statim
3419 2382 3490 2435 ad

1909 2493 2124 2545 scopum
2153 2479 2494 2548 propositum.
2527 2477 2660 2546 Ejus
2690 2478 2831 2531 enim
2879 2477 3050 2530 oratio
3090 2492 3254 2547 neque
3285 2475 3356 2528 ad
3389 2490 3494 2526 so-

1907 2572 2189 2642 phisticam
2241 2571 2475 2622 intuetur
2501 2569 2825 2639 jactantiam
2854 2585 2918 2622 ac
2951 2569 3207 2639 forensem
3236 2583 3489 2636 appara-

1910 2674 2040 2722 tum,
2077 2679 2240 2734 neque
2272 2663 2344 2716 ad
2370 2661 2715 2732 artiﬁciosam
2756 2661 3088 2714 naturalium
3137 2675 3313 2713 rerum
3337 2674 3489 2711 exco-

1908 2753 2239 2824 gitationem,
2268 2769 2430 2823 neque
2458 2753 2528 2806 ad
2559 2752 2821 2806 linearum
2851 2750 3372 2820 contemplationem,
3395 2757 3489 2801 aut

1909 2841 2250 2896 curiosiorem
2298 2857 2640 2895 numerorum
2685 2840 3113 2909 intelligentiam.
3163 2839 3268 2893 Sed
3325 2853 3491 2907 neque

1909 2939 1984 2986 est
2016 2931 2064 2985 ei
2099 2931 2276 2984 studio
2323 2931 2462 2984 orbis
2514 2938 2707 2991 motus,
2743 2939 2834 2984 aut
2882 2929 3320 3000 quemadmodum
3349 2932 3491 2984 iner-

1910 3039 2035 3076 rans
2084 3023 2310 3076 mundus
2353 3024 2604 3090 procedat
2652 3025 2792 3076 circa
2851 3021 3034 3076 stellas
3071 3031 3309 3076 errantes
3340 3037 3359 3074 :
3402 3023 3491 3074 sed

1911 3129 2072 3184 neque
2115 3124 2234 3167 sunt
2289 3115 2334 3166 ei
2383 3129 2522 3168 cura!
2573 3123 2916 3166 consonantes
2975 3123 3070 3166 aut
3121 3112 3485 3176 semivocales,

230 3190 382 3261 αὐτῷ
407 3191 509 3262 τῆς
534 3192 671 3254 νεὼς
700 3196 951 3267 ἀτρέμας
983 3200 1231 3269 εἱστήκει
1262 3201 1338 3272 τῷ
1369 3203 1518 3258 οῐακι
1539 3205 1804 3276 τεχνικώ-

1914 3221 2073 3270 neque
2101 3206 2190 3268 qui
2221 3221 2312 3273 per
2341 3220 2429 3258 eas
2457 3204 2514 3272 ﬁt
2562 3218 2856 3256 concen'us.
2891 3200 3178 3271 Propterea
3205 3203 3315 3256 ha'c
3359 3203 3492 3273 qui-
3587 3273 3596 3280 .

229 3299 367 3336 τατα
391 3283 694 3356 χρώμενος,
725 3287 883 3342 Ἔστι
908 3289 962 3343 δὲ
995 3284 1056 3344 οὗ
1088 3291 1197 3346 τῶν
1225 3292 1400 3362 λόγων
1425 3294 1518 3349 καὶ
1557 3313 1807 3367 γεωγρα-

232 3379 325 3448 ipsi
350 3377 449 3442 τὰς
479 3378 588 3432 τῶν
615 3379 1028 3452 ἐπαινουμένων
1071 3385 1338 3456 πατρίδας
1372 3391 1479 3460 ,τῆς
1510 3391 1807 3464 συμπάσης

233 3477 678 3548 ἀποτεμνόμενος
713 3480 840 3549 γῆς,
883 3481 978 3535 καὶ
1011 3480 1230 3550 ἀνάγων
1259 3484 1337 3545 εἰς
1363 3482 1422 3536 ἒν
1451 3483 1560 3537 τῶν
1586 3486 1808 3555 τμημά-

230 3585 360 3623 των.
391 3562 525 3623 Εἶτα
572 3570 628 3623 δὲ
657 3571 753 3624 κα)⁵
785 3573 915 3642 περὶ
961 3571 1225 3643 ποταμῶν
1251 3589 1306 3626 τι
1338 3572 1662 3642 φθέγγεται,
1715 3576 1808 3628 καὶ

233 3659 547 3730 φυσιολογεῖ
595 3662 776 3716 αὐτῶν
828 3664 927 3728 τὰς
980 3667 1177 3736 ἀρχὰς,
1208 3664 1304 3718 καὶ
1355 3666 1484 3736 περὶ
1525 3667 1808 3737 εὐκαιρίας

232 3751 464 3819 πόλεων,
502 3753 597 3807 καὶ
627 3754 879 3826 κράσεως
909 3755 1106 3828 ἀέρων,
1141 3756 1236 3810 καὶ
1261 3755 1422 3826 ὡρῶν
1450 3757 1740 3828 ἁρμονίας,
1759 3760 1808 3811 εί

233 3843 331 3898 καὶ
355 3845 454 3913 τὴν
479 3844 648 3916 ἀκοὴν
671 3845 750 3916 τῷ
779 3846 893 3900 δντι
927 3847 1184 3916 δυσήκοοι
1213 3847 1308 3901 τοῦ
1337 3847 1447 3904 τῶν
1498 3848 1808 3918 λεγομένων

234 3934 336 3988 οὐκ
357 3935 664 3992 ἐπαΐουσιν.
698 3938 968 3992 ’Δπτεται
1013 3941 1071 3994 δὲ
1100 3941 1196 3993 καὶ
1243 3939 1540 4004 πολυειδῶς
1573 3941 1682 3996 τῶν
1715 3941 1808 3995 τοῦ

234 4025 394 4097 λόγου
433 4028 652 4098 μερῶνο
698 4029 765 4083 τά
813 4031 911 4101 μὲν
969 4030 1403 4104 ἀγωνικὼτερον,
1436 4033 1506 4087 τὰ
1534 4033 1590 4088 δὲ
1635 4035 1810 4105 πραό-

235 4136 414 4188 τερον.
461 4121 570 4190 Τῆς
614 4121 671 4175 δὲ
709 4121 817 4175 τῶν
849 4122 1155 4195 διηγήσεων
1186 4125 1407 4195 χάριτος
1447 4125 1530 4189 τίς
1561 4125 1626 4178 ἂν
1661 4126 1810 4195 αὐτῷ

236 4211 348 4265 τῶν
375 4211 596 4266 πάντων
635 4213 1110 4287 ἀμφισϐητήσειε;
1155 4216 1256 4280 τῆς
1283 4215 1341 4270 δὲ
1384 4216 1678 4288 συνθήκης,
1710 4217 1810 4288 τῆς

236 4303 294 4357 δὲ
337 4304 443 4358 τῶν
482 4303 706 4377 ῥυθμῶν
752 4307 1141 4374 ἀναπαύσεως,
1171 4308 1270 4378 τῆς
1328 4308 1384 4362 δὲ
1441 4309 1578 4378 πρὸς
1631 4308 1810 4364 πάντα

240 4396 573 4468 καταλλήλου
618 4399 1011 4471 εύαρμοστίας.
1059 4401 1329 4472 Βούλομαι
1363 4401 1464 4470 μὲν
1494 4397 1588 4454 οὖν
1612 4403 1695 4455 ὅτι
1730 4401 1806 4476 μὴ

243 4487 525 4557 στωμύλος
551 4488 691 4559 ὑπὲρ
726 4490 937 4544 ἐκείνου
983 4491 1426 4559 διαγωνίσεσθαι.
1456 4490 1715 4562 Εὑρίσκω
1752 4493 1808 4546 δὲ

239 4580 364 4643 τοὺς
396 4581 591 4650 λόγους
619 4581 769 4652 αύτῷ
806 4581 942 4654 μηδὲ
973 4581 1177 4654 ταύτης
1205 4584 1427 4654 χάριτος
1458 4584 1810 4650 ἀποδέοντας,
1847 4576 1888 4630 Ι)

241 4672 356 4725 ἀλλ’
389 4674 522 4726 ὃπου
554 4675 654 4740 μὲν
683 4676 778 4729 καὶ
800 4675 863 4728 τὸ
891 4675 1145 4744 περιττὸν
1173 4675 1417 4746 ἔχοντας,
1446 4677 1503 4728 ὲν
1531 4677 1586 4730 δέ
1612 4693 1672 4744 γε
1703 4681 1814 4740 τοῖς

242 4763 450 4817 πλείοσι
476 4763 536 4818 τὸ
567 4765 764 4836 σεμνὸν
806 4765 897 4819 καὶ
949 4766 1010 4818 τὸ
1060 4765 1307 4836 κόσμιον.
1360 4766 1462 4819 Δύο
1506 4766 1561 4819 δὲ
1611 4766 1815 4830 ταύτας

243 4855 394 4920 ὁδοὺς
426 4856 575 4926 αὐτῷ
604 4856 831 4926 θέμενος
865 4857 1214 4928 μαρτυρικὴν
1237 4856 1508 4922 ἔνστασιν,
1526 4857 1620 4910 καὶ
1646 4859 1818 4928 ἀσκηο

243 4945 402 5014 τικὴν
435 4945 755 5016 καρτερίαν,
784 4945 967 5017 τρέχει
1023 4947 1123 5016 μὲν
1162 4944 1248 4998 ἐπ’
1293 4946 1495 5017 ἀμφοῖν
1544 4949 1655 5002 τοῖν
1684 4964 1814 5002 στα-

243 5036 416 5102 δίοιν,
469 5039 530 5091 οὐ
587 5037 766 5091 ποδῶν
812 5035 1094 5106 ὠκύτητι,
1156 5037 1291 5092 ἀλλὰ
1351 5038 1487 5106 μετά
1539 5038 1818 5109 λογισμῶν

243 5128 524 5199 ὀξύτητος.
568 5127 821 5181 Μάλιστα
865 5127 920 5179 δὲ
979 5127 1070 5180 τὸν
1123 5114 1420 5197 ἀσκητικὸν
1467 5129 1693 5183 διαθέων
1742 5129 1818 5182 δί-

246 5222 407 5275 αυλον
460 5217 820 5291 εὐτονώτερος
880 5218 1077 5273 ἑαυτοῦ
1155 5219 1246 5273 καὶ
1311 5221 1818 5292 ἀγωνοστικὼτερος

245 5318 476 5382 γίνεται.
528 5314 739 5371 Πιαίνει
795 5311 928 5378 γοῦν
982 5329 1072 5382 μοι
1129 5311 1229 5383 τὴν
1285 5311 1454 5384 ἀκοὴν
1499 5313 1736 5383 ὁπηνίκα
1790 5314 1819 5366 ὁ

246 5409 400 5476 λόγος
439 5405 588 5475 αύτῷ
639 5405 812 5459 ἄνεισι
864 5405 963 5476 μὲν
1009 5403 1134 5475 ὅρη,
1191 5403 1378 5457 ὕπεισι
1431 5405 1486 5457 δὲ
1539 5405 1814 5474 σπήλαια·

247 5503 350 5557 ὑπό
397 5517 456 5552 τε
486 5498 666 5562 πίτυν,
810 5497 940 5570 δρῦν
999 5515 1118 5551 τινα
1162 5496 1371 5562 καθίζει
1418 5498 1509 5551 τὸν
1549 5497 1815 5569 ἀσκητὴν,

141 5606 152 5615 ·
250 5599 345 5648 καὶ
393 5593 664 5664 σχεδιάζει
699 5591 847 5661 αύτῷ
880 5592 1088 5661 τροφὴν
1140 5590 1238 5660 τήν
1288 5591 1353 5644 ὲκ
1401 5587 1665 5660 βοτανῶν,
1724 5590 1819 5642 καὶ

247 5688 400 5757 πόμα
429 5686 490 5740 τὸ
537 5687 602 5739 ἐκ
653 5686 868 5756 πηγῶν.
924 5684 1268 5755 Περιανθίζει
1316 5682 1424 5754 γὰρ
1479 5681 1580 5746 τὰς
1633 5682 1817 5736 τοιαύ-

245 5798 345 5844 τας
375 5779 656 5850 διηγήσεις
700 5777 880 5844 λέξεσι
910 5795 1022 5833 τισι
1061 5777 1124 5831 τὸ
1165 5776 1330 5831 καλὸν
1377 5777 1692 5842 ἀνθούσαις,
1721 5781 1816 5831 καὶ

249 5873 545 5950 ﬁtnisi.th
593 5873 854 5929 ποικίλλει
924 5872 1238 5934 ροδωνιαῖς.
1290 5870 1384 5924 καδσ
1437 5868 1511 5932 ὡς
1566 5869 1816 5940 δρώμενλ

1915 3299 2030 3352 dem
2068 3298 2321 3351 amandat
2356 3307 2614 3367 tanquam
2639 3311 3078 3365 supervacanea;
3114 3311 3492 3366 nonnunquam

1917 3400 2093 3444 tamen
2123 3391 2195 3444 eis
2239 3391 2425 3452 utitur,
2460 3405 2524 3442 ac
2551 3389 2606 3442 in
2634 3397 2884 3456 tempore.
2940 3387 3159 3441 Veritati
3189 3396 3366 3440 autem
3394 3386 3493 3439 ud—

1915 3485 2097 3549 hazret,
2134 3494 2180 3536 et
2219 3499 2252 3536 a
2283 3481 2422 3554 [also
2445 3481 2633 3536 aliena:
2669 3480 2985 3535 narrationi.
3027 3476 3280 3532 Dietionis
3313 3486 3490 3531 autem

1915 3575 2108 3629 sciebat
2146 3574 2338 3629 multos
2366 3580 2544 3629 modos
2569 3589 2587 3627 :
2614 3589 2740 3628 usus
2766 3580 2842 3627 est
2871 3580 3048 3626 autem
3071 3586 3131 3625 eo
3163 3571 3252 3641 qui
3275 3570 3494 3639 sufficie-

1917 3667 2005 3721 bat
2029 3667 2098 3720 ad
2130 3667 2455 3722 auditionem
2501 3664 2728 3720 simulet
2757 3665 3008 3719 bonorum
3037 3673 3087 3718 et
3125 3663 3406 3727 malorum,
3441 3672 3491 3716 et

1917 3759 2153 3828 utrisque
2173 3753 2414 3828 partibus
2448 3757 2611 3812 simul
2646 3757 2982 3828 satisfaciens
3011 3771 3032 3812 :
3073 3773 3199 3810 nam
3247 3755 3492 3809 dictionis

1917 3855 2125 3924 quidem
2154 3869 2371 3906 numero
2397 3863 2444 3906 et
2473 3852 2864 3920 pulchritudine
2893 3852 3154 3906 eruditum
3174 3853 3250 3907 sic
3265 3853 3490 3906 attraxit

1917 3945 2236 4009 auditorem,
2278 3953 2326 3997 et
2382 3944 2514 3998 satis
2548 3944 2737 3998 deliuit
2768 3946 3069 4014 gratiarum
3096 3944 3350 3999 illecebris
3384 3961 3403 3998 :
3433 3961 3492 3999 eo
3545 3992 3561 4008 ,

1918 4047 2116 4097 autem,
2150 4036 2289 4106 quod
2337 4046 2466 4089 esset
2494 4035 2644 4089 clara
2674 4044 2724 4089 et
2775 4035 3038 4090 luculenta
3068 4035 3260 4101 oratio,
3303 4037 3488 4106 effecit,

1919 4137 1974 4180 ut
2003 4143 2158 4181 aures
2185 4128 2546 4196 imperitorum
2585 4127 2652 4181 ab
2679 4127 2794 4197 ejus
2825 4142 2944 4182 voce
2970 4128 3273 4197 penderent.
3299 4127 3492 4181 Ambos

1919 4229 2095 4272 autem
2127 4219 2330 4272 induxit
2359 4218 2580 4273 breviter
2605 4227 2655 4272 et
2689 4217 3045 4287 probabiliter.
3082 4215 3194 4288 Ego
3222 4226 3401 4271 autem
3431 4233 3495 4270 ne

1917 4312 2051 4365 nihil
2077 4310 2276 4373 dicam,
2312 4309 2489 4364 celans
2521 4309 2661 4379 quod
2685 4310 2754 4363 sit
2787 4325 2908 4363 vero
2935 4309 3128 4375 minus,
3157 4311 3265 4363 scio
3285 4309 3491 4378 quidem

1917 4419 2026 4457 esse
2074 4401 2242 4455 multa
2285 4399 2493 4454 dicendi
2519 4417 2712 4471 genera
2760 4400 3167 4468 pulcherrimas;
3219 4400 3492 4470 perfectio-

1918 4509 2058 4556 rum,
2092 4493 2329 4562 inquam,
2365 4489 2677 4555 Oratorum,
2731 4498 2781 4544 et
2814 4505 3037 4560 quorum
3081 4490 3351 4559 exemplar
3391 4507 3494 4544 non

1918 4595 1991 4640 est
2021 4584 2174 4656 vulgo
2203 4584 2528 4654 propositum
2563 4587 2634 4636 ad
2682 4583 3002 4636 imitandum
3047 4593 3260 4653 propter
3308 4600 3493 4637 sonum

1919 4687 1967 4731 et
1997 4693 2272 4731 numerum
2305 4675 2563 4729 orationis
2594 4690 2612 4727 :
2640 4675 3058 4743 praestantiorem
3082 4682 3259 4728 autem
3289 4675 3492 4728 dicendi

1920 4769 2149 4840 formam
2180 4769 2244 4823 iis
2272 4768 2482 4836 scriptis
2511 4781 2628 4836 qua:
2661 4752 2969 4840 componere
2995 4773 3278 4832 statuerat,
3325 4767 3496 4819 nescio

1919 4837 1990 4916 an
2019 4864 2298 4934 quisquam
2347 4876 2412 4914 ex
2447 4859 2688 4914 omnibus
2733 4837 2966 4930 unquam
3003 4856 3334 4927 adaptaverit
3359 4873 3377 4911 :
3406 4858 3496 4910 sed

1920 4965 1969 5010 et
2019 4956 2066 5008 si
2096 4955 2212 5024 quis
2262 4969 2326 5007 ex
2354 4952 2482 5017 illis,
2525 4952 2616 5023 qui
2643 4961 2694 5006 et
2733 4951 2961 5006 dictione
2991 4949 3248 5004 excellunt
3281 4957 3332 5004 et
3362 4966 3497 5003 sen—

1921 5050 2107 5113 tentia,
2139 5045 2400 5116 ejusmodi
2423 5053 2733 5116 argumenta
2754 5042 3080 5112 suscepisset,
3109 5042 3497 5096 accuratiorem

1922 5141 2128 5212 quidem
2152 5150 2196 5192 et
2219 5137 2628 5194 elaboratiorem
2651 5136 2898 5207 effecisset
2931 5135 3246 5198 orationem,
3279 5135 3371 5190 sed
3393 5149 3496 5188 non

1921 5233 2102 5285 itidem
2128 5230 2245 5284 dico
2267 5227 2595 5282 auditoribus
2616 5235 2981 5297 congruentem
3010 5235 3056 5280 et
3085 5225 3492 5280 conuenientem.

1921 5323 2063 5378 Nam
2101 5333 2147 5377 et
2181 5321 2498 5391 principium
2528 5318 2662 5390 {ejus
2700 5317 3000 5370 orationum
3046 5317 3231 5371 statim
3281 5317 3496 5387 attingit

1921 5416 2234 5483 subjectum,
2271 5421 2319 5465 et
2370 5427 2560 5480 parum
2609 5409 2887 5478 procedens
2937 5409 3158 5463 ostendit
3203 5413 3287 5462 sui
3315 5409 3498 5477 scripti

1921 5520 2156 5573 scopum,
2182 5511 2228 5556 et
2253 5503 2310 5555 in
2335 5499 2602 5555 nonnullis
2631 5499 2953 5553 orationibus
2991 5515 3108 5552 cum
3135 5509 3301 5552 totum
3335 5516 3500 5570 argu-

1922 5603 2154 5649 mentum
2193 5589 2503 5658 recapitulet
2527 5590 2581 5641 in
2628 5603 2911 5650 summam,
2939 5588 2994 5639 id
3013 5587 3197 5640 statim
3239 5586 3296 5640 in
3319 5595 3498 5656 partes

1922 5683 2124 5738 diuidit.
2146 5680 2213 5736 Se
2240 5689 2414 5733 autem
2435 5679 2795 5732 accommodat
2819 5679 3050 5746 personis
3067 5685 3116 5730 et
3142 5677 3496 5744 temporibus:

1921 5786 1969 5829 et
2002 5785 2075 5828 est
2102 5773 2312 5843 quidem
2344 5770 2582 5826 omnibus
2625 5771 2758 5824 idem
2803 5767 2944 5823 color
2988 5768 3264 5833 orationis,
3295 5778 3342 5821 et
3391 5785 3495 5820 una

1927 5868 2154 5946 qualitas
2187 5863 2460 5929 dictionis;
2511 5879 2711 5918 morum
2745 5871 2920 5916 autem
2959 5860 3105 5916 varia
3141 5869 3213 5916 est
3249 5861 3491 5921 mutatio.
