3826 6462
300 447 403 512 11⁸1

1052 447 1150 507 DE
1193 445 1536 507 SCRIPTIS
1569 441 1949 504 SYMEONIS
1987 436 2562 504 METAPHRAST/E
2603 434 2986 497 DIATRIBA.

3418 429 3533 494 118-

295 571 371 622 et,
396 567 452 614 ut
473 560 668 615 dixerit
700 559 982 631 quispiam,
1012 560 1321 629 artiﬁciosa,
1360 576 1461 614 non
1484 576 1578 629 per
1596 570 1765 614 artem
1799 577 1877 614 res

2047 549 2608 622 Ἀγαπητοὶ,ὲγένετο
2634 551 2692 603 ὲν
2730 548 2843 611 τοῖς
2875 546 3050 600 ἔτεσιν
3091 543 3248 616 ἡμῶν
3295 545 3432 616 ἀνήρ
3462 561 3552 607 τις

299 661 537 715 mutans,
577 651 668 706 sed
695 652 834 721 quod
862 651 1140 722 unicuique
1177 652 1252 705 rei
1278 658 1328 706 et
1357 666 1589 720 personis
1627 651 1875 704 incidenti

297 740 659 803 conveniebat,
691 741 1063 807 interpretans.
1096 744 1369 810 Tanquam
1401 749 1579 793 autem
1600 741 1670 793 ad
1696 738 1879 792 arche-

299 843 430 902 typa
461 831 786 898 exemplaria
814 831 884 884 ad
926 846 1007 884 res
1055 831 1378 899 antiquiores
1422 831 1652 893 intuens,
1694 845 1784 882 nec
1812 828 1876 881 ab

300 922 412 976 illis
446 923 662 987 recedit,
693 939 757 976 ne
787 923 1033 976 uideatur
1083 921 1289 990 aliquid
1327 921 1476 974 aliud
1504 922 1698 992 facere,
1729 931 1776 973 et
1807 920 1878 973 ad

302 1014 576 1078 exemplar
593 1029 796 1084 quoque
826 1023 992 1067 totam
1025 1021 1347 1066 transmutat
1395 1013 1601 1066 dicendi
1627 1014 1876 1082 formam,

303 1121 411 1157 non
441 1105 700 1156 diuersam
726 1105 924 1174 faciens
963 1102 1266 1167 materiam,
1297 1102 1387 1154 sed
1417 1101 1554 1170 quod
1592 1100 1648 1152 in
1673 1100 1878 1154 dicendi

303 1209 490 1264 genere
518 1202 790 1260 peccatum
841 1201 974 1257 erat,
1034 1193 1334 1262 corrigens;
1389 1207 1552 1260 neque
1596 1192 1880 1244 sententias

303 1287 584 1346 innovans,
619 1283 711 1337 sed
754 1295 1050 1337 convertens
1080 1282 1308 1351 ﬁguram
1337 1282 1578 1334 dictionis
1607 1293 1626 1332 :
1656 1289 1703 1334 et
1724 1280 1771 1333 ei
1794 1280 1880 1332 in-

306 1377 488 1430 cidens
518 1375 692 1429 oratio
722 1375 777 1427 in
799 1374 1150 1428 diversitatem
1183 1374 1552 1426 narrationum
1574 1379 1622 1424 et
1651 1373 1882 1425 varieta-

305 1478 411 1521 tem
439 1475 894 1536 argumentorum,
939 1482 1042 1519 non
1068 1466 1427 1535 confunditur,
1477 1481 1581 1518 non
1609 1465 1880 1533 perturba-

307 1568 418 1620 tur,
438 1558 531 1611 sed
568 1567 821 1626 tanquam
849 1558 1077 1624 optimus
1123 1556 1460 1626 gubernator,
1493 1573 1610 1610 cum
1655 1557 1702 1610 ei
1736 1556 1883 1609 nauis

307 1649 618 1719 agitabatur
659 1649 926 1719 ﬂuctibus,
978 1649 1154 1702 stabat
1199 1649 1408 1719 quietus
1456 1647 1662 1702 clauum
1708 1657 1882 1702 tenens

306 1741 758 1809 artiﬁdosissime.
779 1740 946 1795 Porro
969 1750 1146 1795 autem
1172 1745 1228 1795 in
1250 1740 1514 1796 nonnullis
1536 1757 1738 1812 quoque
1769 1758 1885 1794 ora-

309 1833 540 1887 tionibus
571 1833 816 1887 describit
856 1834 1090 1901 patriam
1113 1831 1294 1888 eorum
1331 1835 1420 1898 qui
1475 1834 1783 1899 laudantur,
1814 1834 1881 1887 ab

1979 647 2036 698 έν
2070 647 2134 714 τῇ
2162 639 2554 708 Ἀλεξανδρέων
2587 635 2966 708 μεγαλοπόλει.
3010 633 3132 690 Vita
3172 642 3228 688 et
3266 649 3354 689 res
3379 643 3541 705 geste

1978 748 2149 790 servae
2175 731 2270 786 Dei
2289 729 2681 800 Euphrosynae.

2049 822 2330 892 Ἀδριανοῦ
2385 818 2760 891 βασιλεύοντος
2802 816 2956 880 ἔτους
3001 815 3249 870 εἰκοστοῦ
3301 814 3542 885 πρώτου,

1978 911 2343 974 ἀναλύσαντός
2399 927 2460 963 τε
2529 907 2636 962 ἀπὸ
2682 907 2783 976 τῆς
2832 908 3095 976 ἀνατολῆς
3144 907 3240 959 ἐπὶ
3282 906 3380 969 τὴν
3415 903 3546 957 Ῥώ-

1983 1022 2111 1076 μην.
2144 1001 2462 1074 Martyrium
2482 998 2655 1055 sancti
2679 997 2975 1052 Eleutherii
3003 997 3245 1067 episcopi
3268 1005 3323 1051 et
3345 993 3545 1050 Auchze

1981 1096 2172 1150 matris
2201 1095 2343 1163 ejus.

2051 1183 2464 1244 Ἀναόαινοντος
2491 1180 2706 1234 Παύλου
2741 1181 2821 1243 εἰς
2860 1177 3083 1232 Ἰκόνιον
3134 1178 3269 1250 μετὰ
3306 1178 3404 1252 τὴν
3447 1195 3558 1248 φυς

1979 1278 2083 1348 γὴν
2144 1277 2243 1344 τὴν
2301 1274 2600 1345 γενομένην
2665 1272 2774 1326 ἀπὸ
2817 1269 3167 1342 Ἀντιοχείας.
3233 1270 3547 1341 Martyrium

1982 1373 2183 1422 sanctae
2207 1365 2442 1420 Theclze.

2055 1457 2232 1526 Ἀπερ
2283 1456 2398 1518 τοῖς
2449 1455 2747 1526 ὀφθαλμοῖς
2799 1454 2958 1527 ἡμῶν
3020 1450 3363 1523 ἐθεασάμεθα
3417 1451 3547 1506 πάν-

1981 1565 2092 1611 τες.
2120 1547 2434 1618 Martyrium
2456 1547 2628 1602 sancti
2655 1547 2886 1618 apostoli
2920 1545 3171 1600 Andreae.

2054 1636 2428 1707 Ἀρχαγγέλου
2459 1639 2814 1708 πανήγυρις,”
2846 1638 2944 1692 καὶ
2989 1635 3099 1690 τῶν
3149 1633 3356 1688 πιστῶν
3406 1635 3553 1697 ἄπας

1984 1727 2326 1799 εὐφροσύνης
2358 1727 2636 1796 σύλλογος.
2672 1727 2991 1784 Encomium
3036 1727 3090 1781 in
3133 1727 3555 1799 archistrategos

1985 1820 2302 1876 Michaelcm
2333 1828 2390 1876 et
2414 1819 2742 1876 Gabrielem.

309 1929 556 1980 uniuersa
587 1935 729 1980 terra
759 1941 1036 1993 separans,
1066 1942 1130 1979 ac
1148 1926 1404 1979 deducens
1433 1926 1503 1979 ad
1550 1941 1711 1978 unam
1758 1941 1883 1994 par-

2059 1911 2450 1977 Βασιλεύοντος
2480 1912 2818 1984 Λύρηλιανοῦ
2842 1908 2910 1983 ἦν
2931 1911 3230 1984 ἁθροισμδς
3257 1910 3428 1980 μέγας
3446 1909 3556 1963 τῶν

311 2026 419 2071 tem
447 2033 467 2072 :
494 2018 680 2071 deinde
721 2018 954 2087 loquitur
987 2017 1147 2071 etiam
1175 2017 1377 2088 aliquid
1404 2018 1468 2072 de
1492 2015 1801 2082 ﬂuminibus
1825 2033 1893 2070 aa

307 2126 490 2165 eorum
521 2109 794 2176 principiis
825 2111 1083 2166 disserens
1103 2109 1446 2176 naturaliter,
1465 2117 1514 2164 et
1542 2111 1606 2164 de
1627 2119 1888 2180 opportu-

313 2203 480 2255 nitate
505 2202 796 2266 civitatum,
821 2210 868 2254 et
895 2201 957 2254 de
981 2202 1353 2267 temperatione
1375 2201 1536 2266 aeris,
1554 2209 1602 2254 et
1639 2202 1702 2254 de
1744 2210 1890 2254 tem—

309 2309 502 2361 porum
533 2294 886 2360 conversione,
909 2293 1118 2347 etiamsi
1147 2294 1206 2361 ii,
1238 2294 1328 2364 qui
1356 2303 1479 2347 sunt
1515 2291 1533 2364 ἶ
1545 2293 1665 2364 H9]
1710 2310 1889 2348 revera

311 2384 536 2438 auribus
589 2383 750 2454 paulo
799 2386 1141 2450 tardioribus,
1183 2402 1268 2452 ea,
1323 2402 1441 2456 quas
1485 2387 1753 2450 dicuntur,
1786 2396 1890 2440 non

312 2478 626 2532 exaudiunt.
675 2476 1034 2548 Multifariam
1066 2495 1268 2550 quoque
1324 2487 1520 2533 tractat
1549 2490 1728 2548 partes
1768 2495 1891 2532 ora-

313 2568 492 2633 tionis,
525 2569 665 2624 alias
709 2570 924 2641 quidem
971 2571 1168 2640 majori
1221 2571 1567 2636 contentione,
1602 2571 1741 2624 alias
1771 2587 1890 2625 vero

314 2659 524 2715 breuius
556 2669 606 2715 et
654 2663 901 2717 sedatius.
949 2661 1015 2716 In
1064 2661 1241 2732 gratia
1296 2669 1471 2716 autem
1523 2664 1891 2717 narrationum

315 2751 434 2820 quis
467 2767 532 2804 ea:
569 2752 806 2806 omnibus
835 2768 952 2806 cum
984 2768 1042 2806 eo
1071 2753 1434 2807 contenderit?
1458 2753 1574 2822 quis
1606 2753 1661 2805 in
1687 2769 1893 2822 compo-

315 2844 546 2897 sitione?
571 2845 687 2914 quis
724 2845 780 2898 in
810 2860 1147 2899 numerarum
1176 2845 1475 2898 suavitate?
1507 2845 1620 2911 quis
1657 2845 1713 2898 in
1770 2861 1892 2898 con-

319 2937 573 2991 cinnitate
601 2938 657 2990 in
679 2937 919 2992 omnibus
946 2937 1296 3008 congruente?
1321 2935 1492 3007 Atque
1519 2935 1639 2990 nolo
1684 2938 1892 3008 quidem

317 3030 651 3094 contendere,
713 3031 849 3100 quod
901 3045 1004 3084 non
1047 3029 1117 3084 sit
1181 3028 1362 3098 ampla
1412 3038 1460 3083 et
1509 3030 1726 3100 grandis
1781 3030 1893 3098 ejus

319 3123 493 3175 oratio
513 3135 532 3174 :
565 3121 770 3176 invenio
803 3129 978 3176 tamen
995 3121 1111 3191 ejus
1141 3120 1487 3184 orationibus,
1519 3137 1584 3174 ne
1607 3121 1743 3178 hanc
1762 3122 1894 3192 qui—

1988 2002 2331 2070 Χριστιανῶν
2377 2005 2436 2057 έν
2485 2005 2551 2074 τῇ
2605 2003 2962 2073 Νικομηδέων
3006 2001 3178 2056 πόλει.
3241 2000 3555 2074 Martyrium

1988 2093 2162 2148 sancti
2195 2093 2482 2148 Lucilliani
2518 2103 2572 2148 et
2598 2094 2890 2149 sociorum.

2058 2185 2444 2250 Βασιλεύοντος
2501 2184 2597 2239 τοῦ
2675 2187 2994 2258 παρανόμου
3043 2185 3140 2240 καὶ
3191 2183 3555 2240 άσεϐεστάτου

1990 2277 2329 2349 Δύρηλιανοῦ
2355 2279 2412 2330 ἰν
2441 2279 2506 2348 τῇ
2555 2276 2907 2348 πρεσϐυτέρᾳ
2940 2277 3051 2330 τῶν
3095 2276 3306 2330 πόλεων
3344 2273 3555 2347 Ῥώμῃ.

1977 2369 2177 2424 Sancti
2214 2369 2499 2440 Porphyrii
2529 2369 2868 2440 martyrium,
2906 2368 2997 2438 qui
3037 2383 3228 2439 passus
3262 2376 3346 2424 est
3377 2366 3560 2424 Caesa-

1990 2473 2096 2514 rea:
2135 2457 2512 2528 Cappadociae.

2061 2548 2186 2604 Blov
2215 2550 2403 2618 καλὸν,
2460 2551 2680 2619 ἀδελφοί
2718 2567 2844 2621 μου,
2897 2548 3161 2620 βούλομαι
3196 2548 3562 2619 διηγήσασθαι

1992 2641 2088 2695 καὶ
2128 2641 2386 2714 ἐνάρετον
2429 2645 2496 2714 τῇ
2531 2642 2692 2714 ἡμῶν
2725 2641 2966 2713 ὁμονοίᾳ.
3000 2639 3122 2695 Vita
3177 2638 3325 2712 [12οῙ
3389 2640 3568 2694 sancti.

1991 2731 2215 2788 Joannis
2237 2733 2516 2805 Calybitas.
2540 2734 2597 2788 In
2625 2735 2732 2788 alio
2748 2733 2933 2789 codice
2956 2732 3276 2802 principium
3307 2740 3420 2785 est:
3441 2731 3563 2784 Βξον

1993 2825 2088 2877 καὶ
2135 2824 2289 2894 ἆγιον
2338 2826 2432 2878 καὶ
2469 2825 2769 2895 ἀμόλυντον
2812 2827 2908 2879 καὶ
2953 2824 3206 2896 ἐνάρετον
3247 2824 3442 2893 ἀνδρὸς
3481 2826 3562 2878 δι-

1995 2916 2150 2968 καίου
2180 2915 2442 2986 βούλομαι
2471 2915 2860 2986 διηγήσασθαι.

2066 3006 2338 3078 Βούλομαι
2357 3007 2558 3072 τοίνυν,
2582 3008 2881 3077 ἀγαπητοὶ,
2916 3007 3190 3076 ὑφήγησιν
3225 3006 3434 3076 ἀγαθὴν
3469 3005 3564 3060 καὶ

1996 3101 2253 3171 ἐνάρετον
2289 3099 2656 3172 διηγήσασθαι
2711 3101 2834 3163 ταῖς
2868 3098 2964 3153 τοῦ
3012 3099 3150 3154 Θεοῦ
3187 3097 3561 3168 Ἐκκλησίαις.

317 3213 438 3268 dem
458 3214 633 3268 deesse
666 3214 920 3283 gratiam,
946 3213 1036 3267 sed
1065 3211 1259 3266 alicubi
1296 3212 1504 3282 quidem
1527 3228 1615 3266 eas
1647 3229 1756 3267 esse
1780 3229 1892 3266 am-
1922 3231 1966 3292 ρ
1998 3195 2350 3292 Ῑῖθίξηοῖδξ-θι
2373 3203 2650 3292 Certima“
2683 3203 3000 3248 εθηεῐοτυηὶ
3053 3192 3217 3248 "ium
3272 3205 3584 3261 Puerorum-

318 3305 434 3374 plas
479 3315 527 3359 et
577 3306 952 3368 redundantes,
1004 3305 1058 3358 in
1105 3304 1339 3374 pluribus
1389 3315 1568 3359 autem
1597 3321 1780 3376 graues
1841 3316 1890 3360 et
1932 3287 1965 3292 ⁷
1997 3297 2053 3342 εί
2085 3287 2326 3342 Danielis
2347 3287 2650 3358 Propheta?-

319 3399 656 3468 compositas.
690 3396 820 3453 Cum
853 3398 948 3452 lias
977 3407 1152 3451 autem
1171 3398 1304 3452 duas
1324 3398 1436 3451 vias
1453 3398 1548 3452 sibi
1578 3398 1892 3468 proposuis-

317 3499 414 3554 set,
454 3500 750 3560 martyrum
779 3491 1149 3562 constantiam,
1176 3498 1224 3543 et
1259 3491 1604 3543 monasticam
1635 3491 1691 3542 in
1729 3504 1893 3544 exer-

321 3582 574 3634 citatione
605 3581 962 3645 tolerantiam,
992 3581 1156 3634 currit
1179 3581 1387 3651 quidem
1437 3591 1658 3651 utroque
1692 3582 1888 3648 stadio,

322 3690 424 3726 non
451 3690 569 3726 cum
611 3673 798 3741 pedum
834 3673 1162 3740 pernicitate,
1197 3672 1288 3726 sed
1314 3689 1433 3726 cum
1475 3673 1741 3726 celeritate
1771 3688 1896 3726 ora-

323 3767 500 3820 tionis.
539 3765 774 3819 Haxime
799 3776 975 3819 autem
1005 3767 1347 3820 monasticam
1372 3783 1676 3836 percurrens
1720 3767 1894 3821 curri-

322 3859 518 3923 culum,
583 3858 754 3912 evadit
807 3858 975 3926 seipso
1035 3858 1293 3912 robustior
1337 3867 1382 3911 et
1428 3859 1613 3930 fortior
1664 3875 1684 3912 :
1736 3875 1894 3914 aures

320 3951 528 4019 quidem
567 3960 702 4003 certe
729 3950 1044 4020 impingunt,
1075 3950 1286 4020 quando
1325 3950 1438 4018 ejus
1463 3951 1634 4004 oratio
1658 3951 1896 4004 ascendit

323 4042 528 4111 quidem
594 4050 812 4107 montes,
869 4041 1003 4095 subit
1059 4050 1234 4094 autem
1272 4040 1566 4111 speluncas,
1621 4041 1715 4096 sub
1767 4043 1895 4112 pinu

323 4140 502 4185 autem
549 4141 642 4184 aut
672 4147 863 4202 quercu
901 4132 1083 4202 aliqua
1111 4129 1330 4185 collocat
1378 4130 1814 4196 Exercitatorem,
1845 4142 1896 4187 et

325 4220 423 4274 vile
453 4221 765 4274 alimentum
815 4229 863 4275 et
915 4220 1278 4288 illaboratum,
1314 4223 1361 4276 ei
1391 4223 1537 4293 offert
1558 4239 1620 4278 ea:
1649 4222 1817 4278 herbis
1847 4232 1896 4279 et

325 4324 504 4381 potum
533 4330 597 4367 ea:
625 4313 880 4382 fontibus.
914 4313 1187 4383 Ejusmodi
1216 4315 1475 4370 orationes
1504 4327 1659 4370 ornat
1689 4318 1897 4386 ﬂoren~

325 4406 461 4460 tibus
487 4405 702 4476 pulchre
722 4407 1099 4473 auditionibus,
1136 4417 1185 4462 et
1206 4408 1369 4464 variis
1399 4409 1530 4462 rosis
1561 4408 1896 4479 ﬁgurarum;

325 4508 371 4551 et
406 4515 469 4551 ea
495 4513 612 4568 quia
651 4507 772 4552 tunc
800 4499 1012 4567 ﬁebant,
1057 4500 1207 4568 quasi
1235 4499 1443 4568 subjicit
1484 4499 1665 4553 oculis.
1712 4497 1897 4553 Virum

2069 3379 2379 3451 Διηγήσατό
2437 3397 2521 3444 τις
2565 3380 2748 3450 γέρων
2782 3378 2978 3449 μέγας,
3027 3378 3082 3430 εἰ
3117 3394 3170 3430 τι
3206 3376 3456 3447 Ξενοφῶν
3485 3394 3568 3440 τις

1999 3470 2360 3538 συγκλητικὸς
2391 3469 2532 3540 ὑπὲρ
2561 3470 2742 3522 πᾶσαν
2777 3467 3117 3539 εὐπρέπειαν
3149 3465 3588 3537 ύπάρχωνΝἰια.

1999 3563 2170 3618 sancti
2200 3561 2586 3632 Xenophontis
2622 3570 2678 3616 et
2701 3560 2994 3616 sociorum.

2070 3656 2377 3727 Διηγήσατό
2407 3672 2492 3719 τις
2543 3653 2718 3717 ἁὸὂᾶς
2765 3653 3052 3724 Σεραπίων
3101 3651 3363 3722 ὑπάρχων
3411 3651 3469 3704 ὲν
3501 3653 3568 3722 τῇ

2001 3750 2246 3822 έσωτέρᾳ
2301 3749 2517 3821 ἐρήμῳ,
2583 3745 2703 3802 Vita
2761 3745 2934 3802 sancti
2990 3744 3155 3801 Marci
3192 3743 3568 3811 Atheniensis,

2001 3842 2094 3914 qui
2121 3841 2176 3897 in
2199 3851 2386 3896 monte
2406 3839 2652 3896 Thracia:
2673 3854 2732 3894 se
2755 3838 3021 3894 exercuit.

2071 3931 2456 4004 Διοκλητιανοῧ
2509 3931 2605 3986 καὶ
2660 3928 3011 4002 Μαξιμιανοῦ
3044 3929 3146 4002 τὴν
3194 3929 3577 4001 αὐτοκράτορα

2009 4023 2309 4096 Ῥωμαίοις
2338 4023 2634 4080 διεπόντων
2664 4025 2864 4096 ἀρχὴν.
2894 4023 3213 4095 Martyrium
3243 4022 3418 4080 sancti
3438 4021 3570 4078 Pro—

2003 4134 2170 4190 c0pu.

2072 4199 2320 4281 Ἐγένετο
2350 4210 2493 4266 κατὰ
2516 4209 2612 4266 τδν
2635 4210 2827 4281 καιρὸν
2855 4211 3062 4265 ἐκεῖνον
3096 4210 3237 4280 μετὰ
3274 4210 3572 4274 ἑπταετοῦς

2001 4304 2216 4378 χρόνου.
2240 4304 2552 4376 Martyrium
2575 4304 2748 4360 sancti
2781 4303 3062 4375 Stephani.

2072 4393 2324 4462 Ἐγένετό
2352 4411 2437 4458 τις
2465 4393 2606 4465 ἀνὴρ
2646 4395 2705 4448 ὲν
2731 4395 2799 4464 τῇ
2840 4391 3234 4464 Ἀλεξανδρέων
3267 4393 3572 4466 μεγαλοπό-

2001 4487 2084 4544 λει
2109 4488 2248 4559 ἀνὴρ
2271 4487 2498 4555 ἔνδοξος.
2520 4487 2640 4551 Vita
2669 4497 2869 4543 sanctae
2891 4487 3280 4559 Euphrosynaz.

325 4602 419 4656 ego
468 4585 631 4640 laudo
674 4587 884 4658 quidem
927 4597 1139 4658 propter
1187 4588 1444 4658 ejusmodi
1492 4588 1798 4659 facundiam
1850 4598 1891 4643 et

2073 4579 2324 4649 Ἐγένετο
2354 4581 2411 4633 έν
2441 4580 2561 4642 ταῖς
2596 4579 2834 4650 ἡμέραις
2872 4579 3260 4649 Διοκλητιανοῦ
3287 4579 3382 4632 τοῦ
3416 4581 3573 4652 βασι-

325 4677 595 4747 gratiam;
630 4693 731 4730 non
786 4679 958 4732 minus
1011 4687 1189 4732 autem
1224 4678 1362 4749 quod
1395 4677 1607 4744 pulchre
1651 4680 1898 4732 tractarit

330 4776 722 4838 argumentum.
757 4769 1030 4825 Tenemus
1078 4770 1187 4840 jam
1239 4769 1661 4840 Metaphrastem
1697 4788 1710 4825 :
1747 4771 1901 4825 audi-

332 4874 455 4914 mus
493 4858 826 4928 loquentem,
855 4861 1148 4931 rejicienda
1183 4861 1366 4932 itaque
1392 4869 1519 4916 sunt
1547 4877 1612 4916 ex
1662 4861 1783 4932 ejus
1813 4877 1900 4918 se-

333 4959 476 5019 gete,
520 4967 645 5020 quae
697 4952 786 5007 ille
835 4953 1084 5008 elocutus
1149 4968 1263 5009 non
1314 4964 1417 5021 est,
1473 4954 1665 5009 saltem
1694 4955 1896 5026 aliqua.

327 5043 483 5107 Quod
519 5043 668 5098 facili
701 5045 922 5115 negotio
968 5045 1244 5110 succedet,
1282 5046 1327 5101 si
1374 5061 1495 5116 quae
1524 5045 1732 5102 Psetlus
1762 5049 1901 5102 scri-

331 5136 459 5202 psit,
509 5135 695 5190 animo
742 5136 1160 5206 perpendamus,
1219 5146 1275 5193 et
1332 5153 1456 5194 cum
1495 5138 1613 5195 aliis
1655 5139 1899 5210 ejusdem

333 5227 711 5298 Metaphraslse
766 5231 1039 5294 germanis
1102 5232 1491 5302 scriptionibus
1531 5233 1897 5289 conferamus.

331 5315 459 5371 Esto
514 5332 644 5388 ergo
709 5320 946 5374 secunda
983 5320 1175 5375 tabella
1215 5335 1426 5384 eorum,
1465 5337 1584 5391 qua:
1624 5323 1901 5379 dissimilis

328 5409 523 5472 oratio,
572 5419 628 5464 et
679 5411 847 5482 stylus
906 5411 1323 5483 Metaplirastem
1377 5423 1658 5484 parentem
1711 5416 1904 5468 nolunt

328 5508 646 5564 agnoscere,
676 5505 732 5553 et
775 5499 822 5554 si
874 5501 1048 5567 stylus
1083 5502 1269 5565 vellet,
1295 5511 1427 5558 astas
1471 5503 1585 5574 ipsa
1621 5504 1902 5574 scriptoris

331 5600 441 5640 non
475 5588 702 5656 patitur,
742 5596 802 5644 ut
849 5589 1086 5645 breviter
1125 5593 1178 5646 in
1229 5594 1304 5647 tui
1353 5594 1600 5664 gratiam,
1629 5595 1718 5649 ubi
1753 5611 1902 5650 com-

333 5678 492 5732 mode
548 5678 662 5734 εἰει-ἰ
726 5681 928 5751 poterit
973 5683 1265 5739 adnotabo.
1320 5687 1445 5742 Haec
1499 5697 1553 5742 tu
1605 5696 1790 5758 postea
1849 5697 1904 5744 et

332 5767 621 5839 industria,
671 5781 724 5829 et
782 5775 952 5846 magis
995 5775 1184 5831 scdulo
1237 5778 1417 5836 studio
1466 5781 1659 5836 melius
1698 5779 1902 5837 discer-

329 5875 427 5922 D.“
436 5900 456 5920 ο.

1999 4672 2138 4736 λέως
2168 4671 2432 4744 Ἀνθιμος
2486 4671 2755 4762 ὕπαρχος.
2787 4671 3101 4743 Martyrium
3131 4682 3333 4730 sanctae
3367 4672 3575 4729 Febru-

2001 4782 2126 4821 mae.
3152 4806 3160 4810 .

2071 4855 2323 4925 Ἐγένετο
2377 4855 2518 4926 μετὰ
2570 4854 2633 4909 τὸ
2677 4855 2978 4926 ἀναστῆναι
3028 4855 3120 4909 τὸν
3165 4855 3371 4930 Κύριον
3415 4859 3572 4929 ήμῶν

2015 4947 2222 5016 Ἰησοῦν
2261 4946 2496 5018 Χριστὸν
2543 4947 2609 4999 ἐκ
2655 4945 2868 5016 νεκρῶν
2915 4946 3238 5020 συνήθροισε
3294 4950 3422 5012 τοὺς
3463 4949 3571 5005 ὃώρ

2001 5035 2150 5095 δεκα.
2175 5040 2309 5094 Acta
2343 5038 2515 5094 sancti
2538 5039 2767 5108 apostoli
2797 5037 3044 5096 Thomas.

2071 5131 2136 5186 Ei
2165 5133 2227 5185 ού
2256 5132 2408 5202 τόπῳ
2437 5131 2470 5202 ἢ
2501 5132 2675 5202 χρόνῳ
2695 5171 2710 5196 ,
2765 5131 2962 5204 γνώμῃ
3011 5132 3069 5187 δὲ
3123 5132 3323 5204 μᾶλλον
3372 5139 3573 5208 cnspr

2003 5224 2098 5278 καὶ
2137 5223 2458 5294 προαιρέσει
2499 5223 2571 5277 τά
2591 5239 2651 5277 τε
2678 5223 2912 5294 μέγιστα
2960 5224 3067 5277 τῶν
3108 5225 3570 5298 κατορθωμάτων.

2003 5315 2127 5370 Vita
2149 5325 2204 5370 et
2226 5316 2490 5370 miracula
2522 5316 2694 5372 sancti
2731 5317 3090 5387 thaumaturgi
3120 5317 3570 5392 Niconis,cogno.

2003 5416 2209 5471 mento,
2239 5407 2615 5462 Panitentiam
2644 5409 2784 5478 agite

2086 5503 2240 5572 Ἐμοί
2271 5518 2335 5571 γε
2368 5503 2488 5556 λίαν
2526 5503 2624 5573 ηδὺ
2657 5502 2750 5556 καὶ
2787 5502 2850 5556 τὸ
2885 5504 3008 5575 περὶ
3039 5504 3225 5574 λόγους
3258 5509 3461 5570 πονεῖν,
3489 5503 3572 5572 οἷς

2003 5593 2054 5646 ol
2111 5592 2324 5660 ἀγῶνες
2366 5593 2476 5647 τῶν
2539 5592 2680 5662 ὑπὲρ
2728 5590 2825 5644 τοῦ
2874 5592 3065 5655 καλοῦ,
3095 5595 3188 5646 καὶ
3239 5595 3340 5663 τῆς
3371 5593 3572 5664 ἀρετῆς

2006 5687 2444 5742 σπουδασάντων.
2493 5686 2754 5742 Laudatio
2791 5697 2846 5741 et
2903 5687 3290 5741 miraculorum
3328 5689 3579 5744 narratio

2006 5778 2178 5835 sancti
2207 5777 2355 5832 Pauli
2398 5775 2694 5833 LatrenSis.

2075 5871 2166 5927 Ἐν
2200 5873 2317 5934 ταῖς
2344 5870 2580 5942 ἡμέραις
2619 5870 2855 5934 indvat;
2882 5869 3259 5941 βασιλεύοντος
3290 5870 3382 5927 τοῦ
3417 5873 3574 5927 siis:-
