  <div class='ocr_page' id='page_1' title='image "/cluster/home/n/w/nwhite01/storage/ocr_20150623/114/hvd.32044019208123/065.png"; bbox 0 0 3826 6464; ppageno 0'>
   <div class='ocr_carea' id='block_1_1' title="bbox 281 387 382 450">
    <p class='ocr_par' dir='ltr' id='par_1_1' title="bbox 281 387 382 450">
     <span class='ocr_line' id='line_1_1' title="bbox 281 387 382 450; baseline 0.03 -4"><span class='ocrx_word' id='word_1_1' title='bbox 281 387 382 450; x_wconf 76' lang='lat'>119</span> 
     </span>
    </p>
   </div>
   <div class='ocr_carea' id='block_1_2' title="bbox 278 575 857 660">
    <p class='ocr_par' dir='ltr' id='par_1_2' title="bbox 278 575 857 660">
     <span class='ocr_line' id='line_1_2' title="bbox 278 575 857 660; baseline 0.014 -21"><span class='ocrx_word' id='word_1_2' title='bbox 278 590 442 642; x_wconf 77' lang='lat' dir='ltr'>nostri</span> <span class='ocrx_word' id='word_1_3' title='bbox 472 575 857 660; x_wconf 72' lang='lat' dir='ltr'><strong>Amphilocliii.</strong></span> 
     </span>
    </p>
   </div>
   <div class='ocr_carea' id='block_1_3' title="bbox 347 681 1832 771">
    <p class='ocr_par' dir='ltr' id='par_1_3' title="bbox 347 681 1832 771">
     <span class='ocr_line' id='line_1_3' title="bbox 347 681 1832 771; baseline 0.017 -40"><span class='ocrx_word' id='word_1_4' title='bbox 347 681 435 733; x_wconf 85' lang='grc' dir='ltr'>Ἐν</span> <span class='ocrx_word' id='word_1_5' title='bbox 480 683 599 745; x_wconf 83' lang='grc' dir='ltr'>ταῖς</span> <span class='ocrx_word' id='word_1_6' title='bbox 653 685 888 755; x_wconf 82' lang='grc' dir='ltr'>ἡμέραις</span> <span class='ocrx_word' id='word_1_7' title='bbox 942 688 1178 754; x_wconf 81' lang='grc' dir='ltr'>ἐκείναις</span> <span class='ocrx_word' id='word_1_8' title='bbox 1236 697 1531 766; x_wconf 83' lang='grc' dir='ltr'>γενομένου</span> <span class='ocrx_word' id='word_1_9' title='bbox 1568 696 1832 771; x_wconf 78' lang='grc' dir='ltr'>διωγμοῦ,</span> 
     </span>
    </p>
   </div>
   <div class='ocr_carea' id='block_1_4' title="bbox 273 771 1835 862">
    <p class='ocr_par' dir='ltr' id='par_1_4' title="bbox 273 771 1835 862">
     <span class='ocr_line' id='line_1_4' title="bbox 273 771 1835 862; baseline 0.017 -41"><span class='ocrx_word' id='word_1_10' title='bbox 273 772 366 822; x_wconf 71' lang='grc' dir='ltr'>καὶ</span> <span class='ocrx_word' id='word_1_11' title='bbox 400 771 608 826; x_wconf 83' lang='grc' dir='ltr'>πολλῶν</span> <span class='ocrx_word' id='word_1_12' title='bbox 653 774 899 844; x_wconf 78' lang='grc' dir='ltr'>ἀδελφῶν</span> <span class='ocrx_word' id='word_1_13' title='bbox 941 783 1467 852; x_wconf 82' lang='grc' dir='ltr'>προαναιρεοέντων.</span> <span class='ocrx_word' id='word_1_14' title='bbox 1521 789 1835 862; x_wconf 76' lang='lat' dir='ltr'><strong>Martyrium</strong></span> 
     </span>
    </p>
   </div>
   <div class='ocr_carea' id='block_1_5' title="bbox 271 865 1327 935">
    <p class='ocr_par' dir='ltr' id='par_1_5' title="bbox 271 865 1327 935">
     <span class='ocr_line' id='line_1_5' title="bbox 271 865 1327 935; baseline 0.013 -20"><span class='ocrx_word' id='word_1_15' title='bbox 271 872 580 918; x_wconf 87' lang='lat' dir='ltr'><strong>sanctorum</strong></span> <span class='ocrx_word' id='word_1_16' title='bbox 606 865 897 922; x_wconf 84' lang='lat' dir='ltr'>Alexandri</span> <span class='ocrx_word' id='word_1_17' title='bbox 931 878 985 924; x_wconf 93' lang='lat' dir='ltr'>et</span> <span class='ocrx_word' id='word_1_18' title='bbox 1013 871 1327 935; x_wconf 68' lang='lat' dir='ltr'><strong>Antoninus.</strong></span> 
     </span>
    </p>
   </div>
   <div class='ocr_carea' id='block_1_6' title="bbox 340 955 1833 1041">
    <p class='ocr_par' dir='ltr' id='par_1_6' title="bbox 340 955 1833 1041">
     <span class='ocr_line' id='line_1_6' title="bbox 340 955 1833 1041; baseline 0.018 -36"><span class='ocrx_word' id='word_1_19' title='bbox 340 955 429 1007; x_wconf 87' lang='grc' dir='ltr'>Ἐν</span> <span class='ocrx_word' id='word_1_20' title='bbox 458 958 578 1020; x_wconf 78' lang='grc' dir='ltr'>ταῖς</span> <span class='ocrx_word' id='word_1_21' title='bbox 617 959 853 1030; x_wconf 79' lang='grc' dir='ltr'>ἡμέραις</span> <span class='ocrx_word' id='word_1_22' title='bbox 886 963 944 1014; x_wconf 85' lang='grc' dir='ltr'>ἐν</span> <span class='ocrx_word' id='word_1_23' title='bbox 991 959 1082 1028; x_wconf 74' lang='grc' dir='ltr'>αἷς</span> <span class='ocrx_word' id='word_1_24' title='bbox 1131 966 1159 1018; x_wconf 91' lang='lat'>6</span> <span class='ocrx_word' id='word_1_25' title='bbox 1201 966 1333 1032; x_wconf 84' lang='grc' dir='ltr'>Θεὸς</span> <span class='ocrx_word' id='word_1_26' title='bbox 1380 971 1408 1023; x_wconf 88' lang='grc' dir='ltr'>ὁ</span> <span class='ocrx_word' id='word_1_27' title='bbox 1457 972 1676 1041; x_wconf 80' lang='grc' dir='ltr'>ἀγαθός.</span> <span class='ocrx_word' id='word_1_28' title='bbox 1715 975 1833 1032; x_wconf 71' lang='lat' dir='ltr'><strong>Vita</strong></span> 
     </span>
    </p>
   </div>
   <div class='ocr_carea' id='block_1_7' title="bbox 267 1046 1077 1108">
    <p class='ocr_par' dir='ltr' id='par_1_7' title="bbox 267 1046 1077 1108">
     <span class='ocr_line' id='line_1_7' title="bbox 267 1046 1077 1108; baseline 0.01 -8"><span class='ocrx_word' id='word_1_29' title='bbox 267 1046 439 1100; x_wconf 84' lang='lat' dir='ltr'><strong>sancti</strong></span> <span class='ocrx_word' id='word_1_30' title='bbox 480 1047 690 1102; x_wconf 87' lang='lat' dir='ltr'><strong>Arsenii</strong></span> <span class='ocrx_word' id='word_1_31' title='bbox 716 1052 1077 1108; x_wconf 71' lang='lat' dir='ltr'><strong>anachoretaa.</strong></span> 
     </span>
    </p>
   </div>
   <div class='ocr_carea' id='block_1_8' title="bbox 339 1138 1834 1224">
    <p class='ocr_par' dir='ltr' id='par_1_8' title="bbox 339 1138 1834 1224">
     <span class='ocr_line' id='line_1_8' title="bbox 339 1138 1834 1224; baseline 0.015 -35"><span class='ocrx_word' id='word_1_32' title='bbox 339 1138 430 1190; x_wconf 86' lang='lat' dir='ltr'>’Ev</span> <span class='ocrx_word' id='word_1_33' title='bbox 456 1142 577 1202; x_wconf 87' lang='grc' dir='ltr'>ταῖς</span> <span class='ocrx_word' id='word_1_34' title='bbox 608 1142 849 1213; x_wconf 76' lang='grc' dir='ltr'>ἡμέραις</span> <span class='ocrx_word' id='word_1_35' title='bbox 889 1147 1129 1212; x_wconf 80' lang='grc' dir='ltr'>ἐκείναις</span> <span class='ocrx_word' id='word_1_36' title='bbox 1163 1150 1413 1220; x_wconf 82' lang='grc' dir='ltr'>Ζήνωνος</span> <span class='ocrx_word' id='word_1_37' title='bbox 1439 1153 1532 1207; x_wconf 86' lang='grc' dir='ltr'>τοῦ</span> <span class='ocrx_word' id='word_1_38' title='bbox 1565 1155 1834 1224; x_wconf 90' lang='grc' dir='ltr'>βασιλέως</span> 
     </span>
    </p>
   </div>
   <div class='ocr_carea' id='block_1_9' title="bbox 266 1225 1832 1321">
    <p class='ocr_par' dir='ltr' id='par_1_9' title="bbox 266 1225 1832 1321">
     <span class='ocr_line' id='line_1_9' title="bbox 266 1225 1832 1321; baseline 0.017 -44"><span class='ocrx_word' id='word_1_39' title='bbox 266 1225 362 1321; x_wconf 64' lang='grc' dir='ltr'>καὶ</span> <span class='ocrx_word' id='word_1_40' title='bbox 416 1227 720 1300; x_wconf 85' lang='grc' dir='ltr'>Γρηγορίου</span> <span class='ocrx_word' id='word_1_41' title='bbox 788 1234 1029 1306; x_wconf 76' lang='grc' dir='ltr'>ἐπάρχου</span> <span class='ocrx_word' id='word_1_42' title='bbox 1081 1237 1252 1294; x_wconf 74' lang='grc' dir='ltr'>ὄντων</span> <span class='ocrx_word' id='word_1_43' title='bbox 1317 1243 1374 1296; x_wconf 87' lang='grc' dir='ltr'>ἐν</span> <span class='ocrx_word' id='word_1_44' title='bbox 1432 1243 1832 1321; x_wconf 72' lang='grc' dir='ltr'>Ἀλεξανδρείᾳ.</span> 
     </span>
    </p>
   </div>
   <div class='ocr_carea' id='block_1_10' title="bbox 266 1313 1769 1391">
    <p class='ocr_par' dir='ltr' id='par_1_10' title="bbox 266 1313 1769 1391">
     <span class='ocr_line' id='line_1_10' title="bbox 266 1313 1769 1391; baseline 0.016 -24"><span class='ocrx_word' id='word_1_45' title='bbox 266 1313 389 1370; x_wconf 84' lang='lat' dir='ltr'><strong>Vita</strong></span> <span class='ocrx_word' id='word_1_46' title='bbox 419 1327 473 1371; x_wconf 88' lang='lat' dir='ltr'>et</span> <span class='ocrx_word' id='word_1_47' title='bbox 503 1333 590 1374; x_wconf 90' lang='lat' dir='ltr'>res</span> <span class='ocrx_word' id='word_1_48' title='bbox 612 1331 776 1390; x_wconf 68' lang='lat' dir='ltr'><strong>gesta:</strong></span> <span class='ocrx_word' id='word_1_49' title='bbox 807 1335 1009 1379; x_wconf 78' lang='lat' dir='ltr'><strong>sanctae</strong></span> <span class='ocrx_word' id='word_1_50' title='bbox 1033 1326 1336 1386; x_wconf 66' lang='lat' dir='ltr'><strong>Theodoraa</strong></span> <span class='ocrx_word' id='word_1_51' title='bbox 1368 1313 1769 1391; x_wconf 74' lang='lat' dir='ltr'><strong>Alexandrinae.</strong></span> 
     </span>
    </p>
   </div>
   <div class='ocr_carea' id='block_1_11' title="bbox 343 1409 1834 1497">
    <p class='ocr_par' dir='ltr' id='par_1_11' title="bbox 343 1409 1834 1497">
     <span class='ocr_line' id='line_1_11' title="bbox 343 1409 1834 1497; baseline 0.016 -38"><span class='ocrx_word' id='word_1_52' title='bbox 343 1409 433 1460; x_wconf 86' lang='lat' dir='ltr'>&#39;Ev</span> <span class='ocrx_word' id='word_1_53' title='bbox 483 1413 550 1482; x_wconf 78' lang='grc' dir='ltr'>τῇ</span> <span class='ocrx_word' id='word_1_54' title='bbox 606 1413 993 1484; x_wconf 85' lang='grc' dir='ltr'>Χαλκηδονέων</span> <span class='ocrx_word' id='word_1_55' title='bbox 1039 1420 1194 1474; x_wconf 82' lang='grc' dir='ltr'>πόλει</span> <span class='ocrx_word' id='word_1_56' title='bbox 1250 1418 1317 1494; x_wconf 80' lang='grc' dir='ltr'>ἦν</span> <span class='ocrx_word' id='word_1_57' title='bbox 1367 1426 1664 1497; x_wconf 70' lang='grc' dir='ltr'>ὰθροισμὸς</span> <span class='ocrx_word' id='word_1_58' title='bbox 1724 1430 1834 1483; x_wconf 88' lang='grc' dir='ltr'>τῶν</span> 
     </span>
    </p>
   </div>
   <div class='ocr_carea' id='block_1_12' title="bbox 271 1498 1835 1589">
    <p class='ocr_par' dir='ltr' id='par_1_12' title="bbox 271 1498 1835 1589">
     <span class='ocr_line' id='line_1_12' title="bbox 271 1498 1835 1589; baseline 0.019 -41"><span class='ocrx_word' id='word_1_59' title='bbox 271 1498 636 1568; x_wconf 83' lang='grc' dir='ltr'>Χριστιανῶν.</span> <span class='ocrx_word' id='word_1_60' title='bbox 671 1502 910 1574; x_wconf 82' lang='grc' dir='ltr'>Πρισκὸς</span> <span class='ocrx_word' id='word_1_61' title='bbox 943 1507 972 1560; x_wconf 92' lang='lat'>6</span> <span class='ocrx_word' id='word_1_62' title='bbox 1002 1508 1331 1578; x_wconf 79' lang='grc' dir='ltr'>ἀνθύπατος.</span> <span class='ocrx_word' id='word_1_63' title='bbox 1361 1515 1678 1589; x_wconf 77' lang='lat' dir='ltr'><strong>Martyrium</strong></span> <span class='ocrx_word' id='word_1_64' title='bbox 1709 1536 1835 1576; x_wconf 90' lang='lat' dir='ltr'><strong>san-</strong></span> 
     </span>
    </p>
   </div>
   <div class='ocr_carea' id='block_1_13' title="bbox 263 1590 722 1662">
    <p class='ocr_par' dir='ltr' id='par_1_13' title="bbox 263 1590 722 1662">
     <span class='ocr_line' id='line_1_13' title="bbox 263 1590 722 1662; baseline 0.017 -20"><span class='ocrx_word' id='word_1_65' title='bbox 263 1598 364 1644; x_wconf 73' lang='lat' dir='ltr'><strong>cta:</strong></span> <span class='ocrx_word' id='word_1_66' title='bbox 390 1590 722 1662; x_wconf 67' lang='lat' dir='ltr'><strong>Euphemize.</strong></span> 
     </span>
    </p>
   </div>
   <div class='ocr_carea' id='block_1_14' title="bbox 337 1682 1831 1771">
    <p class='ocr_par' dir='ltr' id='par_1_14' title="bbox 337 1682 1831 1771">
     <span class='ocr_line' id='line_1_14' title="bbox 337 1682 1831 1771; baseline 0.016 -36"><span class='ocrx_word' id='word_1_67' title='bbox 337 1682 429 1736; x_wconf 88' lang='grc' dir='ltr'>Ἐν</span> <span class='ocrx_word' id='word_1_68' title='bbox 491 1686 604 1748; x_wconf 86' lang='grc' dir='ltr'>τοῖς</span> <span class='ocrx_word' id='word_1_69' title='bbox 664 1689 881 1759; x_wconf 87' lang='grc' dir='ltr'>καιροῖς</span> <span class='ocrx_word' id='word_1_70' title='bbox 927 1689 1339 1750; x_wconf 87' lang='grc' dir='ltr'>Κωνσταντίνου</span> <span class='ocrx_word' id='word_1_71' title='bbox 1407 1699 1502 1752; x_wconf 92' lang='grc' dir='ltr'>τοῦ</span> <span class='ocrx_word' id='word_1_72' title='bbox 1567 1701 1831 1771; x_wconf 85' lang='grc' dir='ltr'>βασιλέως</span> 
     </span>
    </p>
   </div>
   <div class='ocr_carea' id='block_1_15' title="bbox 262 1773 1830 1863">
    <p class='ocr_par' dir='ltr' id='par_1_15' title="bbox 262 1773 1830 1863">
     <span class='ocr_line' id='line_1_15' title="bbox 262 1773 1830 1863; baseline 0.019 -40"><span class='ocrx_word' id='word_1_73' title='bbox 262 1773 645 1829; x_wconf 83' lang='grc' dir='ltr'>ἀκαταστασία</span> <span class='ocrx_word' id='word_1_74' title='bbox 700 1779 923 1847; x_wconf 80' lang='grc' dir='ltr'>ἐγένετο</span> <span class='ocrx_word' id='word_1_75' title='bbox 972 1783 1032 1837; x_wconf 86' lang='grc' dir='ltr'>ὲν</span> <span class='ocrx_word' id='word_1_76' title='bbox 1069 1787 1137 1858; x_wconf 75' lang='grc' dir='ltr'>τῇ</span> <span class='ocrx_word' id='word_1_77' title='bbox 1171 1789 1399 1863; x_wconf 78' lang='grc' dir='ltr'>Φρυγίᾳ.</span> <span class='ocrx_word' id='word_1_78' title='bbox 1445 1792 1604 1850; x_wconf 86' lang='lat' dir='ltr'><strong>Actio</strong></span> <span class='ocrx_word' id='word_1_79' title='bbox 1654 1798 1830 1853; x_wconf 88' lang='lat' dir='ltr'><strong>sancti</strong></span> 
     </span>
    </p>
   </div>
   <div class='ocr_carea' id='block_1_16' title="bbox 258 1863 486 1920">
    <p class='ocr_par' dir='ltr' id='par_1_16' title="bbox 258 1863 486 1920">
     <span class='ocr_line' id='line_1_16' title="bbox 258 1863 486 1920; baseline 0.018 -4"><span class='ocrx_word' id='word_1_80' title='bbox 258 1863 486 1920; x_wconf 84' lang='lat' dir='ltr'><strong>Nicolai.</strong></span> 
     </span>
    </p>
   </div>
   <div class='ocr_carea' id='block_1_17' title="bbox 330 1956 1824 2052">
    <p class='ocr_par' dir='ltr' id='par_1_17' title="bbox 330 1956 1824 2052">
     <span class='ocr_line' id='line_1_17' title="bbox 330 1956 1824 2052; baseline 0.006 -28"><span class='ocrx_word' id='word_1_81' title='bbox 330 1956 423 2012; x_wconf 81' lang='grc' dir='ltr'>Ἐν</span> <span class='ocrx_word' id='word_1_82' title='bbox 448 1961 566 2024; x_wconf 73' lang='grc' dir='ltr'>τοῖς.</span> <span class='ocrx_word' id='word_1_83' title='bbox 585 1964 810 2052; x_wconf 57' lang='lat' dir='ltr'><strong>ulmi:</strong></span> <span class='ocrx_word' id='word_1_84' title='bbox 823 1963 925 2020; x_wconf 87' lang='grc' dir='ltr'>τσῦ·</span> <span class='ocrx_word' id='word_1_85' title='bbox 942 1966 1208 2026; x_wconf 74' lang='grc' dir='ltr'>εἰκοστοῦ·</span> <span class='ocrx_word' id='word_1_86' title='bbox 1219 1972 1469 2045; x_wconf 80' lang='grc' dir='ltr'>πέμπτου</span> <span class='ocrx_word' id='word_1_87' title='bbox 1497 1975 1650 2042; x_wconf 73' lang='grc' dir='ltr'>ἔτους</span> <span class='ocrx_word' id='word_1_88' title='bbox 1681 1979 1738 2033; x_wconf 76' lang='grc' dir='ltr'>ἐν</span> <span class='ocrx_word' id='word_1_89' title='bbox 1759 1983 1824 2052; x_wconf 78' lang='grc' dir='ltr'>τῇ</span> 
     </span>
    </p>
   </div>
   <div class='ocr_carea' id='block_1_18' title="bbox 257 2051 1825 2134">
    <p class='ocr_par' dir='ltr' id='par_1_18' title="bbox 257 2051 1825 2134">
     <span class='ocr_line' id='line_1_18' title="bbox 257 2051 1825 2134; baseline 0.016 -34"><span class='ocrx_word' id='word_1_90' title='bbox 257 2051 666 2122; x_wconf 80' lang='grc' dir='ltr'>εὐκαταστασίᾳ</span> <span class='ocrx_word' id='word_1_91' title='bbox 719 2054 828 2110; x_wconf 83' lang='grc' dir='ltr'>τῶν</span> <span class='ocrx_word' id='word_1_92' title='bbox 878 2058 1119 2116; x_wconf 78' lang='grc' dir='ltr'>εὐσεϐῶν</span> <span class='ocrx_word' id='word_1_93' title='bbox 1169 2065 1398 2134; x_wconf 85' lang='grc' dir='ltr'>καιρῶν.</span> <span class='ocrx_word' id='word_1_94' title='bbox 1455 2067 1575 2124; x_wconf 91' lang='lat' dir='ltr'><strong>Vita</strong></span> <span class='ocrx_word' id='word_1_95' title='bbox 1651 2071 1825 2127; x_wconf 88' lang='lat' dir='ltr'><strong>sancti</strong></span> 
     </span>
    </p>
   </div>
   <div class='ocr_carea' id='block_1_19' title="bbox 256 2140 472 2202">
    <p class='ocr_par' dir='ltr' id='par_1_19' title="bbox 256 2140 472 2202">
     <span class='ocr_line' id='line_1_19' title="bbox 256 2140 472 2202; baseline 0.032 -8"><span class='ocrx_word' id='word_1_96' title='bbox 256 2140 472 2202; x_wconf 70' lang='lat' dir='ltr'><strong>Phocm.</strong></span> 
     </span>
    </p>
   </div>
   <div class='ocr_carea' id='block_1_20' title="bbox 326 2232 1826 2314">
    <p class='ocr_par' dir='ltr' id='par_1_20' title="bbox 326 2232 1826 2314">
     <span class='ocr_line' id='line_1_20' title="bbox 326 2232 1826 2314; baseline 0.017 -31"><span class='ocrx_word' id='word_1_97' title='bbox 326 2233 417 2288; x_wconf 87' lang='grc' dir='ltr'>Ἐν</span> <span class='ocrx_word' id='word_1_98' title='bbox 465 2232 544 2304; x_wconf 85' lang='grc' dir='ltr'>τῷ</span> <span class='ocrx_word' id='word_1_99' title='bbox 597 2238 776 2310; x_wconf 85' lang='grc' dir='ltr'>καιρῷ</span> <span class='ocrx_word' id='word_1_100' title='bbox 824 2239 1018 2312; x_wconf 86' lang='grc' dir='ltr'>ἐκείνῳ</span> <span class='ocrx_word' id='word_1_101' title='bbox 1074 2242 1454 2314; x_wconf 82' lang='grc' dir='ltr'>βασιλεύοντος</span> <span class='ocrx_word' id='word_1_102' title='bbox 1505 2252 1696 2306; x_wconf 86' lang='grc' dir='ltr'>Δεκίου</span> <span class='ocrx_word' id='word_1_103' title='bbox 1732 2256 1826 2308; x_wconf 76' lang='grc' dir='ltr'>καὶ</span> 
     </span>
    </p>
   </div>
   <div class='ocr_carea' id='block_1_21' title="bbox 254 2326 1829 2417">
    <p class='ocr_par' dir='ltr' id='par_1_21' title="bbox 254 2326 1829 2417">
     <span class='ocr_line' id='line_1_21' title="bbox 254 2326 1829 2417; baseline 0.015 -40"><span class='ocrx_word' id='word_1_104' title='bbox 254 2326 619 2398; x_wconf 82' lang='grc' dir='ltr'>Βαλλεριανοῦ</span> <span class='ocrx_word' id='word_1_105' title='bbox 646 2330 754 2384; x_wconf 87' lang='grc' dir='ltr'>τῶν</span> <span class='ocrx_word' id='word_1_106' title='bbox 780 2331 1196 2407; x_wconf 82' lang='grc' dir='ltr'>αὐτοκρατόρων</span> <span class='ocrx_word' id='word_1_107' title='bbox 1236 2340 1296 2392; x_wconf 88' lang='grc' dir='ltr'>ἐν</span> <span class='ocrx_word' id='word_1_108' title='bbox 1325 2344 1390 2412; x_wconf 85' lang='grc' dir='ltr'>τῇ</span> <span class='ocrx_word' id='word_1_109' title='bbox 1425 2344 1639 2417; x_wconf 83' lang='grc' dir='ltr'>μεγάλῃ</span> <span class='ocrx_word' id='word_1_110' title='bbox 1669 2346 1829 2402; x_wconf 72' lang='grc' dir='ltr'>πόλει</span> 
     </span>
    </p>
   </div>
   <div class='ocr_carea' id='block_1_22' title="bbox 269 2419 1822 2509">
    <p class='ocr_par' dir='ltr' id='par_1_22' title="bbox 269 2419 1822 2509">
     <span class='ocr_line' id='line_1_22' title="bbox 269 2419 1822 2509; baseline 0.014 -37"><span class='ocrx_word' id='word_1_111' title='bbox 269 2419 809 2493; x_wconf 56' lang='grc' dir='ltr'>ῬώμῃζΜαιᾙτῐυηι</span> <span class='ocrx_word' id='word_1_112' title='bbox 837 2427 1012 2483; x_wconf 89' lang='lat' dir='ltr'><strong>sancti</strong></span> <span class='ocrx_word' id='word_1_113' title='bbox 1043 2429 1300 2486; x_wconf 87' lang='lat' dir='ltr'><strong>Mercurii</strong></span> <span class='ocrx_word' id='word_1_114' title='bbox 1321 2430 1587 2491; x_wconf 66' lang='lat' dir='ltr'><strong>Caesareae</strong></span> <span class='ocrx_word' id='word_1_115' title='bbox 1612 2436 1822 2509; x_wconf 81' lang='lat' dir='ltr'><strong>Cappa-</strong></span> 
     </span>
    </p>
   </div>
   <div class='ocr_carea' id='block_1_23' title="bbox 251 2513 1410 2588">
    <p class='ocr_par' dir='ltr' id='par_1_23' title="bbox 251 2513 1410 2588">
     <span class='ocr_line' id='line_1_23' title="bbox 251 2513 1410 2588; baseline 0.01 -23"><span class='ocrx_word' id='word_1_116' title='bbox 251 2513 444 2568; x_wconf 66' lang='lat' dir='ltr'><strong>decim.</strong></span> <span class='ocrx_word' id='word_1_117' title='bbox 1405 2579 1410 2588; x_wconf 83' lang='lat'><strong><em>_</em></strong></span> 
     </span>
    </p>
   </div>
   <div class='ocr_carea' id='block_1_24' title="bbox 324 2604 1819 2688">
    <p class='ocr_par' dir='ltr' id='par_1_24' title="bbox 324 2604 1819 2688">
     <span class='ocr_line' id='line_1_24' title="bbox 324 2604 1819 2688; baseline 0.012 -28"><span class='ocrx_word' id='word_1_118' title='bbox 324 2604 422 2662; x_wconf 83' lang='lat' dir='ltr'>’Ev</span> <span class='ocrx_word' id='word_1_119' title='bbox 449 2607 527 2678; x_wconf 84' lang='grc' dir='ltr'>τῷ</span> <span class='ocrx_word' id='word_1_120' title='bbox 557 2611 734 2682; x_wconf 88' lang='grc' dir='ltr'>καιρῷ</span> <span class='ocrx_word' id='word_1_121' title='bbox 763 2611 958 2683; x_wconf 84' lang='grc' dir='ltr'>ἐκείνῳ</span> <span class='ocrx_word' id='word_1_122' title='bbox 990 2611 1079 2666; x_wconf 77' lang='grc' dir='ltr'>ὅτε</span> <span class='ocrx_word' id='word_1_123' title='bbox 1111 2613 1354 2679; x_wconf 80' lang='grc' dir='ltr'>Σατανᾶς</span> <span class='ocrx_word' id='word_1_124' title='bbox 1380 2617 1485 2672; x_wconf 84' lang='grc' dir='ltr'>ὐπὸ</span> <span class='ocrx_word' id='word_1_125' title='bbox 1512 2620 1623 2674; x_wconf 86' lang='grc' dir='ltr'>τῶν</span> <span class='ocrx_word' id='word_1_126' title='bbox 1655 2620 1819 2688; x_wconf 79' lang='grc' dir='ltr'>ἀξίων</span> 
     </span>
    </p>
   </div>
   <div class='ocr_carea' id='block_1_25' title="bbox 252 2700 1465 2776">
    <p class='ocr_par' dir='ltr' id='par_1_25' title="bbox 252 2700 1465 2776">
     <span class='ocr_line' id='line_1_25' title="bbox 252 2700 1465 2776; baseline 0.013 -25"><span class='ocrx_word' id='word_1_127' title='bbox 252 2700 417 2753; x_wconf 80' lang='grc' dir='ltr'>αὐτοῦ</span> <span class='ocrx_word' id='word_1_128' title='bbox 453 2702 730 2774; x_wconf 83' lang='grc' dir='ltr'>εὐωχεῖτο.</span> <span class='ocrx_word' id='word_1_129' title='bbox 762 2704 1074 2776; x_wconf 78' lang='lat' dir='ltr'><strong>Martyrium</strong></span> <span class='ocrx_word' id='word_1_130' title='bbox 1097 2708 1270 2763; x_wconf 85' lang='lat' dir='ltr'><strong>sancti</strong></span> <span class='ocrx_word' id='word_1_131' title='bbox 1300 2708 1465 2767; x_wconf 63' lang='lat' dir='ltr'><strong>Dnlm.</strong></span> 
     </span>
    </p>
   </div>
   <div class='ocr_carea' id='block_1_26' title="bbox 322 2790 1821 2879">
    <p class='ocr_par' dir='ltr' id='par_1_26' title="bbox 322 2790 1821 2879">
     <span class='ocr_line' id='line_1_26' title="bbox 322 2790 1821 2879; baseline 0.013 -36"><span class='ocrx_word' id='word_1_132' title='bbox 322 2790 469 2863; x_wconf 72' lang='grc'><strong>[121]</strong></span> <span class='ocrx_word' id='word_1_133' title='bbox 501 2794 591 2847; x_wconf 82' lang='grc' dir='ltr'>Ἐν</span> <span class='ocrx_word' id='word_1_134' title='bbox 617 2793 692 2864; x_wconf 86' lang='grc' dir='ltr'>τῷ</span> <span class='ocrx_word' id='word_1_135' title='bbox 713 2793 888 2864; x_wconf 85' lang='grc' dir='ltr'>καιρῷ</span> <span class='ocrx_word' id='word_1_136' title='bbox 908 2793 1003 2846; x_wconf 90' lang='grc' dir='ltr'>τοῦ</span> <span class='ocrx_word' id='word_1_137' title='bbox 1031 2794 1268 2866; x_wconf 82' lang='grc' dir='ltr'>διωγμοῦ</span> <span class='ocrx_word' id='word_1_138' title='bbox 1288 2800 1380 2852; x_wconf 85' lang='grc' dir='ltr'>τοῦ</span> <span class='ocrx_word' id='word_1_139' title='bbox 1404 2802 1545 2856; x_wconf 88' lang='grc' dir='ltr'>κατὰ</span> <span class='ocrx_word' id='word_1_140' title='bbox 1561 2803 1671 2859; x_wconf 87' lang='grc' dir='ltr'>τῶν</span> <span class='ocrx_word' id='word_1_141' title='bbox 1687 2808 1821 2879; x_wconf 90' lang='grc' dir='ltr'>Χρι-</span> 
     </span>
    </p>
   </div>
   <div class='ocr_carea' id='block_1_27' title="bbox 251 2881 1820 2966">
    <p class='ocr_par' dir='ltr' id='par_1_27' title="bbox 251 2881 1820 2966">
     <span class='ocr_line' id='line_1_27' title="bbox 251 2881 1820 2966; baseline 0.015 -34"><span class='ocrx_word' id='word_1_142' title='bbox 251 2883 483 2936; x_wconf 84' lang='grc' dir='ltr'>στιανῶν</span> <span class='ocrx_word' id='word_1_143' title='bbox 514 2881 586 2955; x_wconf 79' lang='grc' dir='ltr'>ἦν</span> <span class='ocrx_word' id='word_1_144' title='bbox 618 2903 701 2950; x_wconf 92' lang='grc' dir='ltr'>τις</span> <span class='ocrx_word' id='word_1_145' title='bbox 727 2886 984 2952; x_wconf 76' lang='grc' dir='ltr'>Ἰάκωϐος</span> <span class='ocrx_word' id='word_1_146' title='bbox 1011 2887 1255 2958; x_wconf 86' lang='grc' dir='ltr'>ὀνόματι.</span> <span class='ocrx_word' id='word_1_147' title='bbox 1283 2891 1599 2966; x_wconf 77' lang='lat' dir='ltr'><strong>Martyrium</strong></span> <span class='ocrx_word' id='word_1_148' title='bbox 1633 2896 1691 2954; x_wconf 92' lang='lat' dir='ltr'><strong>S.</strong></span> <span class='ocrx_word' id='word_1_149' title='bbox 1727 2899 1820 2955; x_wconf 80' lang='lat' dir='ltr'>Ja-</span> 
     </span>
    </p>
   </div>
   <div class='ocr_carea' id='block_1_28' title="bbox 247 2975 589 3032">
    <p class='ocr_par' dir='ltr' id='par_1_28' title="bbox 247 2975 589 3032">
     <span class='ocr_line' id='line_1_28' title="bbox 247 2975 589 3032; baseline 0.012 -4"><span class='ocrx_word' id='word_1_150' title='bbox 247 2975 368 3028; x_wconf 91' lang='lat' dir='ltr'><strong>cobi</strong></span> <span class='ocrx_word' id='word_1_151' title='bbox 393 2975 589 3032; x_wconf 63' lang='lat' dir='ltr'><strong>Persae.</strong></span> 
     </span>
    </p>
   </div>
   <div class='ocr_carea' id='block_1_29' title="bbox 317 3068 1816 3156">
    <p class='ocr_par' dir='ltr' id='par_1_29' title="bbox 317 3068 1816 3156">
     <span class='ocr_line' id='line_1_29' title="bbox 317 3068 1816 3156; baseline 0.012 -35"><span class='ocrx_word' id='word_1_152' title='bbox 317 3068 407 3122; x_wconf 89' lang='grc' dir='ltr'>Ἐν</span> <span class='ocrx_word' id='word_1_153' title='bbox 437 3070 515 3142; x_wconf 88' lang='grc' dir='ltr'>τῷ</span> <span class='ocrx_word' id='word_1_154' title='bbox 543 3073 718 3144; x_wconf 83' lang='grc' dir='ltr'>καιρῷ</span> <span class='ocrx_word' id='word_1_155' title='bbox 745 3076 853 3130; x_wconf 84' lang='grc' dir='ltr'>τῶν</span> <span class='ocrx_word' id='word_1_156' title='bbox 874 3077 1091 3150; x_wconf 84' lang='grc' dir='ltr'>ἀνόμων</span> <span class='ocrx_word' id='word_1_157' title='bbox 1139 3081 1473 3152; x_wconf 86' lang='grc' dir='ltr'>ὐπερμόιχων</span> <span class='ocrx_word' id='word_1_158' title='bbox 1524 3083 1624 3156; x_wconf 81' lang='grc' dir='ltr'>τῆς</span> <span class='ocrx_word' id='word_1_159' title='bbox 1660 3085 1816 3138; x_wconf 76' lang='grc' dir='ltr'>εἰδω-</span> 
     </span>
    </p>
   </div>
   <div class='ocr_carea' id='block_1_30' title="bbox 245 3159 1816 3239">
    <p class='ocr_par' dir='ltr' id='par_1_30' title="bbox 245 3159 1816 3239">
     <span class='ocr_line' id='line_1_30' title="bbox 245 3159 1816 3239; baseline 0.014 -30"><span class='ocrx_word' id='word_1_160' title='bbox 245 3159 579 3230; x_wconf 76' lang='grc' dir='ltr'>λολατρείας.</span> <span class='ocrx_word' id='word_1_161' title='bbox 622 3164 935 3238; x_wconf 81' lang='lat' dir='ltr'><strong>Martyrium</strong></span> <span class='ocrx_word' id='word_1_162' title='bbox 990 3177 1306 3227; x_wconf 87' lang='lat' dir='ltr'><strong>sanctorum</strong></span> <span class='ocrx_word' id='word_1_163' title='bbox 1343 3172 1568 3239; x_wconf 84' lang='lat' dir='ltr'><strong>Justini,</strong></span> <span class='ocrx_word' id='word_1_164' title='bbox 1617 3175 1816 3231; x_wconf 85' lang='lat' dir='ltr'><strong>Chari-</strong></span> 
     </span>
    </p>
   </div>
   <div class='ocr_carea' id='block_1_31' title="bbox 247 3251 800 3314">
    <p class='ocr_par' dir='ltr' id='par_1_31' title="bbox 247 3251 800 3314">
     <span class='ocr_line' id='line_1_31' title="bbox 247 3251 800 3314; baseline 0.014 -9"><span class='ocrx_word' id='word_1_165' title='bbox 247 3251 390 3307; x_wconf 87' lang='lat' dir='ltr'><strong>tonis</strong></span> <span class='ocrx_word' id='word_1_166' title='bbox 423 3263 478 3309; x_wconf 89' lang='lat' dir='ltr'>ct</span> <span class='ocrx_word' id='word_1_167' title='bbox 507 3257 800 3314; x_wconf 88' lang='lat' dir='ltr'><strong>sociorum.</strong></span> 
     </span>
    </p>
   </div>
   <div class='ocr_carea' id='block_1_32' title="bbox 304 3343 1816 3433">
    <p class='ocr_par' dir='ltr' id='par_1_32' title="bbox 304 3343 1816 3433">
     <span class='ocr_line' id='line_1_32' title="bbox 304 3343 1816 3433; baseline 0.013 -37"><span class='ocrx_word' id='word_1_168' title='bbox 304 3343 397 3397; x_wconf 86' lang='grc' dir='ltr'>Ἐν</span> <span class='ocrx_word' id='word_1_169' title='bbox 426 3346 502 3416; x_wconf 85' lang='grc' dir='ltr'>τῷ</span> <span class='ocrx_word' id='word_1_170' title='bbox 539 3351 844 3423; x_wconf 81' lang='grc' dir='ltr'>τριακοστῷ</span> <span class='ocrx_word' id='word_1_171' title='bbox 871 3353 1084 3427; x_wconf 78' lang='grc' dir='ltr'>ἑϐδόμῳ</span> <span class='ocrx_word' id='word_1_172' title='bbox 1105 3356 1214 3411; x_wconf 78' lang='grc' dir='ltr'>ἔτει</span> <span class='ocrx_word' id='word_1_173' title='bbox 1241 3357 1336 3412; x_wconf 90' lang='grc' dir='ltr'>τοῦ</span> <span class='ocrx_word' id='word_1_174' title='bbox 1389 3359 1632 3430; x_wconf 77' lang='grc' dir='ltr'>διωγμοῦ</span> <span class='ocrx_word' id='word_1_175' title='bbox 1655 3362 1816 3433; x_wconf 80' lang='grc' dir='ltr'>ἡμῶν</span> 
     </span>
    </p>
   </div>
   <div class='ocr_carea' id='block_1_33' title="bbox 244 3438 1815 3526">
    <p class='ocr_par' dir='ltr' id='par_1_33' title="bbox 244 3438 1815 3526">
     <span class='ocr_line' id='line_1_33' title="bbox 244 3438 1815 3526; baseline 0.015 -39"><span class='ocrx_word' id='word_1_176' title='bbox 244 3438 594 3511; x_wconf 82' lang='grc' dir='ltr'>ἀνεκαινίσθη</span> <span class='ocrx_word' id='word_1_177' title='bbox 622 3443 781 3499; x_wconf 82' lang='grc' dir='ltr'>πάλιν</span> <span class='ocrx_word' id='word_1_178' title='bbox 804 3447 872 3502; x_wconf 89' lang='grc' dir='ltr'>τὰ</span> <span class='ocrx_word' id='word_1_179' title='bbox 899 3447 1008 3504; x_wconf 85' lang='grc' dir='ltr'>τῶν</span> <span class='ocrx_word' id='word_1_180' title='bbox 1023 3451 1331 3522; x_wconf 77' lang='grc' dir='ltr'>συμφορῶν</span> <span class='ocrx_word' id='word_1_181' title='bbox 1382 3453 1559 3523; x_wconf 84' lang='grc' dir='ltr'>ἡμῶν.</span> <span class='ocrx_word' id='word_1_182' title='bbox 1616 3453 1815 3526; x_wconf 86' lang='lat' dir='ltr'><strong>Marty-</strong></span> 
     </span>
    </p>
   </div>
   <div class='ocr_carea' id='block_1_34' title="bbox 243 3528 1812 3617">
    <p class='ocr_par' dir='ltr' id='par_1_34' title="bbox 243 3528 1812 3617">
     <span class='ocr_line' id='line_1_34' title="bbox 243 3528 1812 3617; baseline 0.018 -38"><span class='ocrx_word' id='word_1_183' title='bbox 243 3528 383 3582; x_wconf 78' lang='lat' dir='ltr'><strong>lium</strong></span> <span class='ocrx_word' id='word_1_184' title='bbox 407 3540 717 3588; x_wconf 87' lang='lat' dir='ltr'><strong>sanctorum</strong></span> <span class='ocrx_word' id='word_1_185' title='bbox 749 3536 1052 3608; x_wconf 74' lang='lat' dir='ltr'><strong>Acepsimze</strong></span> <span class='ocrx_word' id='word_1_186' title='bbox 1097 3543 1360 3616; x_wconf 84' lang='lat' dir='ltr'><strong>episcopi,</strong></span> <span class='ocrx_word' id='word_1_187' title='bbox 1411 3544 1636 3603; x_wconf 74' lang='lat' dir='ltr'><strong>Joannis</strong></span> <span class='ocrx_word' id='word_1_188' title='bbox 1683 3562 1812 3617; x_wconf 45' lang='lat' dir='ltr'><strong>pre.</strong></span> 
     </span>
    </p>
   </div>
   <div class='ocr_carea' id='block_1_35' title="bbox 242 3621 1034 3691">
    <p class='ocr_par' dir='ltr' id='par_1_35' title="bbox 242 3621 1034 3691">
     <span class='ocr_line' id='line_1_35' title="bbox 242 3621 1034 3691; baseline 0.019 -18"><span class='ocrx_word' id='word_1_189' title='bbox 242 3621 519 3691; x_wconf 79' lang='lat' dir='ltr'><strong>sbyteciet</strong></span> <span class='ocrx_word' id='word_1_190' title='bbox 547 3625 772 3684; x_wconf 71' lang='lat' dir='ltr'><strong>Aithelan</strong></span> <span class='ocrx_word' id='word_1_191' title='bbox 799 3629 1034 3690; x_wconf 90' lang='lat' dir='ltr'><strong>diaconi.</strong></span> 
     </span>
    </p>
   </div>
   <div class='ocr_carea' id='block_1_36' title="bbox 312 3714 1814 3802">
    <p class='ocr_par' dir='ltr' id='par_1_36' title="bbox 312 3714 1814 3802">
     <span class='ocr_line' id='line_1_36' title="bbox 312 3714 1814 3802; baseline 0.013 -35"><span class='ocrx_word' id='word_1_192' title='bbox 312 3714 438 3769; x_wconf 76' lang='grc' dir='ltr'>Ἐπὶ</span> <span class='ocrx_word' id='word_1_193' title='bbox 468 3717 747 3787; x_wconf 83' lang='grc' dir='ltr'>βασιλείας</span> <span class='ocrx_word' id='word_1_194' title='bbox 785 3719 979 3778; x_wconf 85' lang='grc' dir='ltr'>Δεκίου</span> <span class='ocrx_word' id='word_1_195' title='bbox 1027 3726 1121 3780; x_wconf 88' lang='grc' dir='ltr'>τοῦ</span> <span class='ocrx_word' id='word_1_196' title='bbox 1184 3729 1450 3799; x_wconf 75' lang='grc' dir='ltr'>βασιλέως</span> <span class='ocrx_word' id='word_1_197' title='bbox 1503 3732 1814 3802; x_wconf 89' lang='grc' dir='ltr'>βασιλεύον-</span> 
     </span>
    </p>
   </div>
   <div class='ocr_carea' id='block_1_37' title="bbox 237 3807 1809 3894">
    <p class='ocr_par' dir='ltr' id='par_1_37' title="bbox 237 3807 1809 3894">
     <span class='ocr_line' id='line_1_37' title="bbox 237 3807 1809 3894; baseline 0.015 -38"><span class='ocrx_word' id='word_1_198' title='bbox 237 3821 330 3868; x_wconf 84' lang='grc' dir='ltr'>τος</span> <span class='ocrx_word' id='word_1_199' title='bbox 359 3807 460 3877; x_wconf 82' lang='grc' dir='ltr'>τῆς</span> <span class='ocrx_word' id='word_1_200' title='bbox 513 3808 752 3882; x_wconf 82' lang='grc' dir='ltr'>Ῥώμης,</span> <span class='ocrx_word' id='word_1_201' title='bbox 811 3813 1150 3887; x_wconf 86' lang='grc' dir='ltr'>θεραπευτοῦ</span> <span class='ocrx_word' id='word_1_202' title='bbox 1181 3821 1281 3890; x_wconf 87' lang='grc' dir='ltr'>μέν</span> <span class='ocrx_word' id='word_1_203' title='bbox 1349 3823 1457 3876; x_wconf 85' lang='grc' dir='ltr'>τῶν</span> <span class='ocrx_word' id='word_1_204' title='bbox 1515 3823 1809 3894; x_wconf 86' lang='grc' dir='ltr'>δαιμόνων.</span> 
     </span>
    </p>
   </div>
   <div class='ocr_carea' id='block_1_38' title="bbox 237 3897 1736 3985">
    <p class='ocr_par' dir='ltr' id='par_1_38' title="bbox 237 3897 1736 3985">
     <span class='ocr_line' id='line_1_38' title="bbox 237 3897 1736 3985; baseline 0.016 -37"><span class='ocrx_word' id='word_1_205' title='bbox 237 3897 546 3969; x_wconf 83' lang='lat' dir='ltr'><strong>Martyrium</strong></span> <span class='ocrx_word' id='word_1_206' title='bbox 571 3912 880 3960; x_wconf 80' lang='lat' dir='ltr'><strong>sanctorum</strong></span> <span class='ocrx_word' id='word_1_207' title='bbox 911 3907 1113 3980; x_wconf 87' lang='lat' dir='ltr'><strong>Papyli,</strong></span> <span class='ocrx_word' id='word_1_208' title='bbox 1139 3910 1298 3982; x_wconf 88' lang='lat' dir='ltr'><strong>Carpi</strong></span> <span class='ocrx_word' id='word_1_209' title='bbox 1328 3922 1382 3967; x_wconf 92' lang='lat' dir='ltr'>et</span> <span class='ocrx_word' id='word_1_210' title='bbox 1422 3914 1736 3985; x_wconf 79' lang='lat' dir='ltr'><strong>Agathodis.</strong></span> 
     </span>
    </p>
   </div>
   <div class='ocr_carea' id='block_1_39' title="bbox 316 3991 1808 4077">
    <p class='ocr_par' dir='ltr' id='par_1_39' title="bbox 316 3991 1808 4077">
     <span class='ocr_line' id='line_1_39' title="bbox 316 3991 1808 4077; baseline 0.013 -36"><span class='ocrx_word' id='word_1_211' title='bbox 316 3991 510 4055; x_wconf 82' lang='grc' dir='ltr'>Ἕτους</span> <span class='ocrx_word' id='word_1_212' title='bbox 549 3992 804 4067; x_wconf 83' lang='grc' dir='ltr'>δευτέρου</span> <span class='ocrx_word' id='word_1_213' title='bbox 825 3998 923 4067; x_wconf 80' lang='grc' dir='ltr'>τῆς</span> <span class='ocrx_word' id='word_1_214' title='bbox 968 3999 1248 4070; x_wconf 81' lang='grc' dir='ltr'>βασιλείας</span> <span class='ocrx_word' id='word_1_215' title='bbox 1298 4005 1460 4058; x_wconf 76' lang='grc' dir='ltr'>Γαΐου</span> <span class='ocrx_word' id='word_1_216' title='bbox 1516 4007 1808 4077; x_wconf 83' lang='grc' dir='ltr'>Ιάλλερίου</span> 
     </span>
    </p>
   </div>
   <div class='ocr_carea' id='block_1_40' title="bbox 237 4081 1807 4168">
    <p class='ocr_par' dir='ltr' id='par_1_40' title="bbox 237 4081 1807 4168">
     <span class='ocr_line' id='line_1_40' title="bbox 237 4081 1807 4168; baseline 0.013 -36"><span class='ocrx_word' id='word_1_217' title='bbox 237 4081 641 4152; x_wconf 75' lang='grc' dir='ltr'>Διοκλητιανοῢ.</span> <span class='ocrx_word' id='word_1_218' title='bbox 670 4087 984 4160; x_wconf 82' lang='lat' dir='ltr'><strong>Martyrium</strong></span> <span class='ocrx_word' id='word_1_219' title='bbox 1020 4094 1191 4148; x_wconf 87' lang='lat' dir='ltr'><strong>sancti</strong></span> <span class='ocrx_word' id='word_1_220' title='bbox 1244 4095 1415 4151; x_wconf 66' lang='lat' dir='ltr'><strong>Mense</strong></span> <span class='ocrx_word' id='word_1_221' title='bbox 1449 4096 1670 4168; x_wconf 69' lang='lat' dir='ltr'><strong>Egypti</strong></span> <span class='ocrx_word' id='word_1_222' title='bbox 1714 4099 1807 4168; x_wconf 86' lang='lat' dir='ltr'>qui</span> 
     </span>
    </p>
   </div>
   <div class='ocr_carea' id='block_1_41' title="bbox 235 4177 1533 4257">
    <p class='ocr_par' dir='ltr' id='par_1_41' title="bbox 235 4177 1533 4257">
     <span class='ocr_line' id='line_1_41' title="bbox 235 4177 1533 4257; baseline 0.012 -29"><span class='ocrx_word' id='word_1_223' title='bbox 235 4177 554 4247; x_wconf 83' lang='lat' dir='ltr'><strong>martyrium</strong></span> <span class='ocrx_word' id='word_1_224' title='bbox 613 4181 783 4236; x_wconf 84' lang='lat' dir='ltr'><strong>subiit</strong></span> <span class='ocrx_word' id='word_1_225' title='bbox 833 4183 887 4236; x_wconf 91' lang='lat' dir='ltr'>in</span> <span class='ocrx_word' id='word_1_226' title='bbox 929 4184 1062 4238; x_wconf 86' lang='lat' dir='ltr'><strong>urbe</strong></span> <span class='ocrx_word' id='word_1_227' title='bbox 1095 4185 1298 4257; x_wconf 84' lang='lat' dir='ltr'><strong>Cotyai.</strong></span> <span class='ocrx_word' id='word_1_228' title='bbox 1526 4186 1533 4192; x_wconf 85' lang='grc'><em>’</em></span> 
     </span>
    </p>
   </div>
   <div class='ocr_carea' id='block_1_42' title="bbox 309 4267 1805 4354">
    <p class='ocr_par' dir='ltr' id='par_1_42' title="bbox 309 4267 1805 4354">
     <span class='ocr_line' id='line_1_42' title="bbox 309 4267 1805 4354; baseline 0.011 -34"><span class='ocrx_word' id='word_1_229' title='bbox 309 4267 504 4333; x_wconf 86' lang='grc' dir='ltr'>Ἕτους</span> <span class='ocrx_word' id='word_1_230' title='bbox 536 4268 906 4327; x_wconf 89' lang='grc' dir='ltr'>διακοσιοστοῦ</span> <span class='ocrx_word' id='word_1_231' title='bbox 936 4275 1027 4329; x_wconf 83' lang='grc' dir='ltr'>τοῦ</span> <span class='ocrx_word' id='word_1_232' title='bbox 1055 4277 1304 4349; x_wconf 79' lang='grc' dir='ltr'>Σωτῆρος</span> <span class='ocrx_word' id='word_1_233' title='bbox 1331 4279 1509 4350; x_wconf 80' lang='grc' dir='ltr'>Ἰησοῦ</span> <span class='ocrx_word' id='word_1_234' title='bbox 1566 4281 1805 4354; x_wconf 86' lang='grc' dir='ltr'>Χριστοῦ</span> 
     </span>
    </p>
   </div>
   <div class='ocr_carea' id='block_1_43' title="bbox 245 4358 1804 4436">
    <p class='ocr_par' dir='ltr' id='par_1_43' title="bbox 245 4358 1804 4436">
     <span class='ocr_line' id='line_1_43' title="bbox 245 4358 1804 4436; baseline 0.009 -24"><span class='ocrx_word' id='word_1_235' title='bbox 245 4358 476 4431; x_wconf 83' lang='grc' dir='ltr'>ζήτησις</span> <span class='ocrx_word' id='word_1_236' title='bbox 531 4363 627 4418; x_wconf 76' lang='grc' dir='ltr'>καὶ</span> <span class='ocrx_word' id='word_1_237' title='bbox 676 4364 964 4436; x_wconf 82' lang='grc' dir='ltr'>ἀνεύρεσις</span> <span class='ocrx_word' id='word_1_238' title='bbox 1029 4367 1272 4435; x_wconf 81' lang='grc' dir='ltr'>γέγονεν.</span> <span class='ocrx_word' id='word_1_239' title='bbox 1318 4369 1563 4426; x_wconf 88' lang='lat' dir='ltr'><strong>lnventio</strong></span> <span class='ocrx_word' id='word_1_240' title='bbox 1603 4380 1804 4427; x_wconf 83' lang='lat' dir='ltr'><strong>sanctae</strong></span> 
     </span>
    </p>
   </div>
   <div class='ocr_carea' id='block_1_44' title="bbox 242 4469 444 4507">
    <p class='ocr_par' dir='ltr' id='par_1_44' title="bbox 242 4469 444 4507">
     <span class='ocr_line' id='line_1_44' title="bbox 242 4469 444 4507; baseline 0.015 -3"><span class='ocrx_word' id='word_1_241' title='bbox 242 4469 444 4507; x_wconf 73' lang='grc' dir='ltr'>ετυειε.</span> 
     </span>
    </p>
   </div>
   <div class='ocr_carea' id='block_1_45' title="bbox 1570 405 2189 475">
    <p class='ocr_par' dir='ltr' id='par_1_45' title="bbox 1570 405 2189 475">
     <span class='ocr_line' id='line_1_45' title="bbox 1570 405 2189 475; baseline 0.019 -12"><span class='ocrx_word' id='word_1_242' title='bbox 1570 405 1843 470; x_wconf 75' lang='lat' dir='ltr'>LEONIS</span> <span class='ocrx_word' id='word_1_243' title='bbox 1885 414 2189 475; x_wconf 83' lang='lat' dir='ltr'><strong>ALLATlI</strong></span> 
     </span>
    </p>
   </div>
   <div class='ocr_carea' id='block_1_46' title="bbox 273 497 1914 583">
    <p class='ocr_par' dir='ltr' id='par_1_46' title="bbox 273 497 1914 583">
     <span class='ocr_line' id='line_1_46' title="bbox 273 497 1914 583; baseline 0.018 -36"><span class='ocrx_word' id='word_1_244' title='bbox 273 497 533 552; x_wconf 75' lang='grc' dir='ltr'>εεστάτου</span> <span class='ocrx_word' id='word_1_245' title='bbox 565 501 656 554; x_wconf 69' lang='grc' dir='ltr'>καὶ</span> <span class='ocrx_word' id='word_1_246' title='bbox 689 503 926 583; x_wconf 72' lang='grc' dir='ltr'>μεγάλου</span> <span class='ocrx_word' id='word_1_247' title='bbox 971 505 1272 564; x_wconf 82' lang='grc' dir='ltr'>Θεοδοσίου.</span> <span class='ocrx_word' id='word_1_248' title='bbox 1307 511 1422 568; x_wconf 89' lang='lat' dir='ltr'><strong>Vita</strong></span> <span class='ocrx_word' id='word_1_249' title='bbox 1457 518 1630 571; x_wconf 86' lang='lat' dir='ltr'><strong>sancti</strong></span> <span class='ocrx_word' id='word_1_250' title='bbox 1663 517 1841 575; x_wconf 86' lang='lat' dir='ltr'><strong>Patris</strong></span> <span class='ocrx_word' id='word_1_251' title='bbox 1870 528 1914 583; x_wconf 83' lang='grc' dir='ltr'><strong>Α</strong></span> 
     </span>
    </p>
   </div>
   <div class='ocr_carea' id='block_1_47' title="bbox 3399 425 3506 489">
    <p class='ocr_par' dir='ltr' id='par_1_47' title="bbox 3399 425 3506 489">
     <span class='ocr_line' id='line_1_47' title="bbox 3399 425 3506 489; baseline 0.009 -1"><span class='ocrx_word' id='word_1_252' title='bbox 3399 425 3424 488; x_wconf 82' lang='grc'>’1</span> <span class='ocrx_word' id='word_1_253' title='bbox 3437 428 3506 489; x_wconf 81' lang='lat'><strong>20</strong></span> 
     </span>
    </p>
   </div>
   <div class='ocr_carea' id='block_1_48' title="bbox 2015 522 3503 608">
    <p class='ocr_par' dir='ltr' id='par_1_48' title="bbox 2015 522 3503 608">
     <span class='ocr_line' id='line_1_48' title="bbox 2015 522 3503 608; baseline 0.008 -28"><span class='ocrx_word' id='word_1_254' title='bbox 2015 522 2126 581; x_wconf 83' lang='grc' dir='ltr'>Ἦν</span> <span class='ocrx_word' id='word_1_255' title='bbox 2147 522 2300 593; x_wconf 76' lang='grc' dir='ltr'>οὗτος</span> <span class='ocrx_word' id='word_1_256' title='bbox 2326 533 2354 584; x_wconf 85' lang='lat'>6</span> <span class='ocrx_word' id='word_1_257' title='bbox 2399 532 2676 597; x_wconf 87' lang='grc' dir='ltr'>Βασίλειος</span> <span class='ocrx_word' id='word_1_258' title='bbox 2710 536 2963 605; x_wconf 82' lang='grc' dir='ltr'>κατηχῶν</span> <span class='ocrx_word' id='word_1_259' title='bbox 2998 536 3174 589; x_wconf 68' lang='grc' dir='ltr'>πάντα</span> <span class='ocrx_word' id='word_1_260' title='bbox 3219 538 3503 608; x_wconf 78' lang='grc' dir='ltr'>ἄνθρωπον</span> 
     </span>
    </p>
   </div>
   <div class='ocr_carea' id='block_1_49' title="bbox 1941 619 3501 701">
    <p class='ocr_par' dir='ltr' id='par_1_49' title="bbox 1941 619 3501 701">
     <span class='ocr_line' id='line_1_49' title="bbox 1941 619 3501 701; baseline 0.01 -31"><span class='ocrx_word' id='word_1_261' title='bbox 1941 619 2069 688; x_wconf 70' lang='grc' dir='ltr'>περὶ</span> <span class='ocrx_word' id='word_1_262' title='bbox 2098 621 2197 688; x_wconf 81' lang='grc' dir='ltr'>τῆς</span> <span class='ocrx_word' id='word_1_263' title='bbox 2219 622 2476 691; x_wconf 73' lang='grc' dir='ltr'>ἀληθείας</span> <span class='ocrx_word' id='word_1_264' title='bbox 2501 625 2602 694; x_wconf 81' lang='grc' dir='ltr'>τῆς</span> <span class='ocrx_word' id='word_1_265' title='bbox 2623 627 2704 689; x_wconf 86' lang='grc' dir='ltr'>είς</span> <span class='ocrx_word' id='word_1_266' title='bbox 2739 628 2994 696; x_wconf 83' lang='grc' dir='ltr'>Χριστόν.</span> <span class='ocrx_word' id='word_1_267' title='bbox 3028 629 3346 701; x_wconf 82' lang='lat' dir='ltr'><strong>Martyrium</strong></span> <span class='ocrx_word' id='word_1_268' title='bbox 3375 647 3501 685; x_wconf 70' lang='lat' dir='ltr'><strong>san~</strong></span> 
     </span>
    </p>
   </div>
   <div class='ocr_carea' id='block_1_50' title="bbox 1940 710 2569 785">
    <p class='ocr_par' dir='ltr' id='par_1_50' title="bbox 1940 710 2569 785">
     <span class='ocr_line' id='line_1_50' title="bbox 1940 710 2569 785; baseline 0.014 -23"><span class='ocrx_word' id='word_1_269' title='bbox 1940 711 2010 763; x_wconf 86' lang='lat' dir='ltr'>cti</span> <span class='ocrx_word' id='word_1_270' title='bbox 2037 710 2218 765; x_wconf 86' lang='lat' dir='ltr'><strong>Basilii</strong></span> <span class='ocrx_word' id='word_1_271' title='bbox 2249 715 2569 785; x_wconf 83' lang='lat' dir='ltr'><strong>presbyteri.</strong></span> 
     </span>
    </p>
   </div>
   <div class='ocr_carea' id='block_1_51' title="bbox 2009 798 3506 884">
    <p class='ocr_par' dir='ltr' id='par_1_51' title="bbox 2009 798 3506 884">
     <span class='ocr_line' id='line_1_51' title="bbox 2009 798 3506 884; baseline 0.009 -29"><span class='ocrx_word' id='word_1_272' title='bbox 2009 798 2119 856; x_wconf 78' lang='grc' dir='ltr'>Ἶ-ιν</span> <span class='ocrx_word' id='word_1_273' title='bbox 2149 823 2232 868; x_wconf 91' lang='grc' dir='ltr'>τις</span> <span class='ocrx_word' id='word_1_274' title='bbox 2271 809 2406 878; x_wconf 79' lang='grc' dir='ltr'>γυνὴ</span> <span class='ocrx_word' id='word_1_275' title='bbox 2433 809 2777 880; x_wconf 82' lang='grc' dir='ltr'>φιλόχριστος</span> <span class='ocrx_word' id='word_1_276' title='bbox 2834 813 3058 884; x_wconf 83' lang='grc' dir='ltr'>ὀνόματι</span> <span class='ocrx_word' id='word_1_277' title='bbox 3117 813 3334 868; x_wconf 81' lang='grc' dir='ltr'>Ἰουλία.</span> <span class='ocrx_word' id='word_1_278' title='bbox 3390 815 3506 869; x_wconf 84' lang='lat' dir='ltr'><strong>Vita</strong></span> 
     </span>
    </p>
   </div>
   <div class='ocr_carea' id='block_1_52' title="bbox 1936 896 3506 976">
    <p class='ocr_par' dir='ltr' id='par_1_52' title="bbox 1936 896 3506 976">
     <span class='ocr_line' id='line_1_52' title="bbox 1936 896 3506 976; baseline 0.009 -28"><span class='ocrx_word' id='word_1_279' title='bbox 1936 896 2354 954; x_wconf 81' lang='lat' dir='ltr'><strong>sanctiJoannis</strong></span> <span class='ocrx_word' id='word_1_280' title='bbox 2388 903 2664 968; x_wconf 89' lang='lat' dir='ltr'><strong>monachi,</strong></span> <span class='ocrx_word' id='word_1_281' title='bbox 2689 905 2782 974; x_wconf 90' lang='lat' dir='ltr'>qui</span> <span class='ocrx_word' id='word_1_282' title='bbox 2807 919 2930 961; x_wconf 89' lang='lat' dir='ltr'><strong>sese</strong></span> <span class='ocrx_word' id='word_1_283' title='bbox 2984 907 3040 960; x_wconf 87' lang='lat' dir='ltr'>in</span> <span class='ocrx_word' id='word_1_284' title='bbox 3099 915 3326 976; x_wconf 91' lang='lat' dir='ltr'><strong>puteum</strong></span> <span class='ocrx_word' id='word_1_285' title='bbox 3369 907 3506 975; x_wconf 85' lang='lat' dir='ltr'><strong>inje-</strong></span> 
     </span>
    </p>
   </div>
   <div class='ocr_carea' id='block_1_53' title="bbox 1938 997 2104 1042">
    <p class='ocr_par' dir='ltr' id='par_1_53' title="bbox 1938 997 2104 1042">
     <span class='ocr_line' id='line_1_53' title="bbox 1938 997 2104 1042; baseline -0.012 -1"><span class='ocrx_word' id='word_1_286' title='bbox 1938 997 2104 1042; x_wconf 88' lang='lat' dir='ltr'><strong>cerat.</strong></span> 
     </span>
    </p>
   </div>
   <div class='ocr_carea' id='block_1_54' title="bbox 2021 1080 3506 1161">
    <p class='ocr_par' dir='ltr' id='par_1_54' title="bbox 2021 1080 3506 1161">
     <span class='ocr_line' id='line_1_54' title="bbox 2021 1080 3506 1161; baseline 0.007 -29"><span class='ocrx_word' id='word_1_287' title='bbox 2021 1080 2088 1133; x_wconf 85' lang='grc' dir='ltr'>Ἡ</span> <span class='ocrx_word' id='word_1_288' title='bbox 2155 1084 2284 1152; x_wconf 72' lang='grc' dir='ltr'>περὶ</span> <span class='ocrx_word' id='word_1_289' title='bbox 2364 1085 2474 1138; x_wconf 81' lang='grc' dir='ltr'>τῶν</span> <span class='ocrx_word' id='word_1_290' title='bbox 2513 1088 2798 1159; x_wconf 87' lang='grc' dir='ltr'>μακαρίων</span> <span class='ocrx_word' id='word_1_291' title='bbox 2879 1090 3091 1160; x_wconf 82' lang='grc' dir='ltr'>ἀνδρῶν</span> <span class='ocrx_word' id='word_1_292' title='bbox 3172 1091 3302 1161; x_wconf 86' lang='grc' dir='ltr'>βίων</span> <span class='ocrx_word' id='word_1_293' title='bbox 3377 1091 3506 1144; x_wconf 82' lang='grc' dir='ltr'>ἀνα·</span> 
     </span>
    </p>
   </div>
   <div class='ocr_carea' id='block_1_55' title="bbox 1935 1173 2933 1251">
    <p class='ocr_par' dir='ltr' id='par_1_55' title="bbox 1935 1173 2933 1251">
     <span class='ocr_line' id='line_1_55' title="bbox 1935 1173 2933 1251; baseline 0.012 -26"><span class='ocrx_word' id='word_1_294' title='bbox 1935 1173 2144 1246; x_wconf 80' lang='grc' dir='ltr'>γραφή.</span> <span class='ocrx_word' id='word_1_295' title='bbox 2181 1175 2301 1230; x_wconf 85' lang='lat' dir='ltr'><strong>Vita</strong></span> <span class='ocrx_word' id='word_1_296' title='bbox 2325 1179 2496 1233; x_wconf 88' lang='lat' dir='ltr'><strong>sancti</strong></span> <span class='ocrx_word' id='word_1_297' title='bbox 2534 1177 2933 1251; x_wconf 82' lang='lat' dir='ltr'><strong>Xenophontis.</strong></span> 
     </span>
    </p>
   </div>
   <div class='ocr_carea' id='block_1_56' title="bbox 2022 1264 3502 1344">
    <p class='ocr_par' dir='ltr' id='par_1_56' title="bbox 2022 1264 3502 1344">
     <span class='ocr_line' id='line_1_56' title="bbox 2022 1264 3502 1344; baseline 0.008 -28"><span class='ocrx_word' id='word_1_298' title='bbox 2022 1264 2087 1317; x_wconf 85' lang='grc' dir='ltr'>Ἥ</span> <span class='ocrx_word' id='word_1_299' title='bbox 2164 1268 2335 1337; x_wconf 81' lang='grc' dir='ltr'>σεπτὴ</span> <span class='ocrx_word' id='word_1_300' title='bbox 2401 1270 2494 1323; x_wconf 78' lang='grc' dir='ltr'>καὶ</span> <span class='ocrx_word' id='word_1_301' title='bbox 2551 1271 2924 1343; x_wconf 88' lang='grc' dir='ltr'>μεγαλόδωρος</span> <span class='ocrx_word' id='word_1_302' title='bbox 2979 1274 3089 1327; x_wconf 84' lang='grc' dir='ltr'>τῶν</span> <span class='ocrx_word' id='word_1_303' title='bbox 3119 1273 3290 1342; x_wconf 85' lang='grc' dir='ltr'>ἁγίων</span> <span class='ocrx_word' id='word_1_304' title='bbox 3361 1275 3502 1344; x_wconf 75' lang='grc' dir='ltr'>αὕτη</span> 
     </span>
    </p>
   </div>
   <div class='ocr_carea' id='block_1_57' title="bbox 1939 1356 3391 1425">
    <p class='ocr_par' dir='ltr' id='par_1_57' title="bbox 1939 1356 3391 1425">
     <span class='ocr_line' id='line_1_57' title="bbox 1939 1356 3391 1425; baseline 0.009 -18"><span class='ocrx_word' id='word_1_305' title='bbox 1939 1357 2133 1425; x_wconf 86' lang='grc' dir='ltr'>σκηνή.</span> <span class='ocrx_word' id='word_1_306' title='bbox 2165 1356 2419 1414; x_wconf 86' lang='lat' dir='ltr'><strong>Miracula</strong></span> <span class='ocrx_word' id='word_1_307' title='bbox 2452 1372 2766 1418; x_wconf 88' lang='lat' dir='ltr'><strong>sanctorum</strong></span> <span class='ocrx_word' id='word_1_308' title='bbox 2796 1366 3004 1419; x_wconf 69' lang='lat' dir='ltr'><strong>Cosmze</strong></span> <span class='ocrx_word' id='word_1_309' title='bbox 3023 1374 3078 1420; x_wconf 93' lang='lat' dir='ltr'>et</span> <span class='ocrx_word' id='word_1_310' title='bbox 3128 1366 3391 1420; x_wconf 86' lang='lat' dir='ltr'><strong>Damiani.</strong></span> 
     </span>
    </p>
   </div>
   <div class='ocr_carea' id='block_1_58' title="bbox 2004 1443 3502 1524">
    <p class='ocr_par' dir='ltr' id='par_1_58' title="bbox 2004 1443 3502 1524">
     <span class='ocr_line' id='line_1_58' title="bbox 2004 1443 3502 1524; baseline 0.008 -28"><span class='ocrx_word' id='word_1_311' title='bbox 2004 1443 2308 1515; x_wconf 85' lang='grc' dir='ltr'>Θαυμάτων</span> <span class='ocrx_word' id='word_1_312' title='bbox 2339 1447 2591 1519; x_wconf 85' lang='grc' dir='ltr'>διήγησιν</span> <span class='ocrx_word' id='word_1_313' title='bbox 2639 1452 3038 1522; x_wconf 74' lang='grc' dir='ltr'>προϐάλλεσθαι</span> <span class='ocrx_word' id='word_1_314' title='bbox 3095 1454 3354 1524; x_wconf 80' lang='grc' dir='ltr'>σήμερον.</span> <span class='ocrx_word' id='word_1_315' title='bbox 3403 1453 3502 1507; x_wconf 76' lang='lat' dir='ltr'><strong>Mi-</strong></span> 
     </span>
    </p>
   </div>
   <div class='ocr_carea' id='block_1_59' title="bbox 1937 1535 3505 1600">
    <p class='ocr_par' dir='ltr' id='par_1_59' title="bbox 1937 1535 3505 1600">
     <span class='ocr_line' id='line_1_59' title="bbox 1937 1535 3505 1600; baseline 0.007 -11"><span class='ocrx_word' id='word_1_316' title='bbox 1937 1535 2119 1590; x_wconf 84' lang='lat' dir='ltr'><strong>racnla</strong></span> <span class='ocrx_word' id='word_1_317' title='bbox 2160 1538 2331 1592; x_wconf 85' lang='lat' dir='ltr'><strong>sancti</strong></span> <span class='ocrx_word' id='word_1_318' title='bbox 2358 1539 2632 1596; x_wconf 85' lang='lat' dir='ltr'><strong>Anastasii</strong></span> <span class='ocrx_word' id='word_1_319' title='bbox 2662 1540 2863 1598; x_wconf 62' lang='lat' dir='ltr'><strong>Persa.</strong></span> <span class='ocrx_word' id='word_1_320' title='bbox 2894 1543 3269 1599; x_wconf 83' lang='lat' dir='ltr'><strong>Memorantur</strong></span> <span class='ocrx_word' id='word_1_321' title='bbox 3313 1545 3370 1600; x_wconf 87' lang='lat' dir='ltr'>in</span> <span class='ocrx_word' id='word_1_322' title='bbox 3414 1559 3505 1600; x_wconf 84' lang='lat' dir='ltr'><strong>se-</strong></span> 
     </span>
    </p>
   </div>
   <div class='ocr_carea' id='block_1_60' title="bbox 1937 1629 2724 1700">
    <p class='ocr_par' dir='ltr' id='par_1_60' title="bbox 1937 1629 2724 1700">
     <span class='ocr_line' id='line_1_60' title="bbox 1937 1629 2724 1700; baseline 0.011 -19"><span class='ocrx_word' id='word_1_323' title='bbox 1937 1629 2103 1697; x_wconf 87' lang='lat' dir='ltr'><strong>ptima</strong></span> <span class='ocrx_word' id='word_1_324' title='bbox 2133 1631 2339 1700; x_wconf 87' lang='lat' dir='ltr'><strong>synodo</strong></span> <span class='ocrx_word' id='word_1_325' title='bbox 2365 1635 2724 1690; x_wconf 71' lang='lat' dir='ltr'><strong>mcumenica.</strong></span> 
     </span>
    </p>
   </div>
   <div class='ocr_carea' id='block_1_61' title="bbox 2020 1720 3502 1800">
    <p class='ocr_par' dir='ltr' id='par_1_61' title="bbox 2020 1720 3502 1800">
     <span class='ocr_line' id='line_1_61' title="bbox 2020 1720 3502 1800; baseline 0.005 -27"><span class='ocrx_word' id='word_1_326' title='bbox 2020 1720 2302 1792; x_wconf 85' lang='grc' dir='ltr'>Ἱεράρχην</span> <span class='ocrx_word' id='word_1_327' title='bbox 2339 1725 2433 1777; x_wconf 75' lang='grc' dir='ltr'>καὶ</span> <span class='ocrx_word' id='word_1_328' title='bbox 2477 1725 2721 1797; x_wconf 80' lang='grc' dir='ltr'>ἀσκητὴν</span> <span class='ocrx_word' id='word_1_329' title='bbox 2773 1727 2890 1798; x_wconf 74' lang='grc' dir='ltr'>ἅμα</span> <span class='ocrx_word' id='word_1_330' title='bbox 2911 1727 3008 1783; x_wconf 79' lang='grc' dir='ltr'>καὶ</span> <span class='ocrx_word' id='word_1_331' title='bbox 3067 1727 3302 1800; x_wconf 86' lang='grc' dir='ltr'>Χριστοῦ</span> <span class='ocrx_word' id='word_1_332' title='bbox 3361 1727 3502 1798; x_wconf 78' lang='grc' dir='ltr'>μάρ-</span> 
     </span>
    </p>
   </div>
   <div class='ocr_carea' id='block_1_62' title="bbox 1935 1813 3502 1890">
    <p class='ocr_par' dir='ltr' id='par_1_62' title="bbox 1935 1813 3502 1890">
     <span class='ocr_line' id='line_1_62' title="bbox 1935 1813 3502 1890; baseline 0.006 -26"><span class='ocrx_word' id='word_1_333' title='bbox 1935 1829 2074 1881; x_wconf 90' lang='grc' dir='ltr'>τυρα</span> <span class='ocrx_word' id='word_1_334' title='bbox 2109 1813 2290 1882; x_wconf 88' lang='grc' dir='ltr'>μόνοις</span> <span class='ocrx_word' id='word_1_335' title='bbox 2317 1815 2383 1867; x_wconf 83' lang='grc' dir='ltr'>ἂν</span> <span class='ocrx_word' id='word_1_336' title='bbox 2404 1815 2614 1884; x_wconf 88' lang='grc' dir='ltr'>γένοιτο</span> <span class='ocrx_word' id='word_1_337' title='bbox 2627 1817 2869 1872; x_wconf 87' lang='grc' dir='ltr'>δυνατόν.</span> <span class='ocrx_word' id='word_1_338' title='bbox 2896 1818 2953 1875; x_wconf 90' lang='lat' dir='ltr'><strong>S.</strong></span> <span class='ocrx_word' id='word_1_339' title='bbox 2982 1818 3241 1875; x_wconf 82' lang='lat' dir='ltr'><strong>Methodii</strong></span> <span class='ocrx_word' id='word_1_340' title='bbox 3266 1819 3502 1890; x_wconf 83' lang='lat' dir='ltr'><strong>patriar-</strong></span> 
     </span>
    </p>
   </div>
   <div class='ocr_carea' id='block_1_63' title="bbox 1858 1901 3219 1982">
    <p class='ocr_par' dir='ltr' id='par_1_63' title="bbox 1858 1901 3219 1982">
     <span class='ocr_line' id='line_1_63' title="bbox 1858 1901 3219 1982; baseline 0.008 -26"><span class='ocrx_word' id='word_1_341' title='bbox 1858 1901 1902 1956; x_wconf 85' lang='lat' dir='ltr'><strong>B</strong></span> <span class='ocrx_word' id='word_1_342' title='bbox 1930 1905 2048 1960; x_wconf 74' lang='lat' dir='ltr'><strong>clue</strong></span> <span class='ocrx_word' id='word_1_343' title='bbox 2065 1904 2659 1978; x_wconf 78' lang='lat' dir='ltr'><strong>Constantinopolitani</strong></span> <span class='ocrx_word' id='word_1_344' title='bbox 2686 1908 2807 1965; x_wconf 86' lang='lat' dir='ltr'><strong>Vita</strong></span> <span class='ocrx_word' id='word_1_345' title='bbox 2835 1920 2892 1966; x_wconf 87' lang='lat' dir='ltr'>et</span> <span class='ocrx_word' id='word_1_346' title='bbox 2917 1927 3005 1966; x_wconf 87' lang='lat' dir='ltr'>res</span> <span class='ocrx_word' id='word_1_347' title='bbox 3033 1920 3219 1982; x_wconf 58' lang='lat' dir='ltr'><strong>gestat.</strong></span> 
     </span>
    </p>
   </div>
   <div class='ocr_carea' id='block_1_64' title="bbox 2001 1996 3500 2071">
    <p class='ocr_par' dir='ltr' id='par_1_64' title="bbox 2001 1996 3500 2071">
     <span class='ocr_line' id='line_1_64' title="bbox 2001 1996 3500 2071; baseline 0.006 -24"><span class='ocrx_word' id='word_1_348' title='bbox 2001 1997 2110 2048; x_wconf 82' lang='grc' dir='ltr'>Καὶ</span> <span class='ocrx_word' id='word_1_349' title='bbox 2146 1996 2310 2050; x_wconf 88' lang='grc' dir='ltr'>πάλαι</span> <span class='ocrx_word' id='word_1_350' title='bbox 2342 1997 2438 2064; x_wconf 86' lang='grc' dir='ltr'>μὲν</span> <span class='ocrx_word' id='word_1_351' title='bbox 2483 1997 2591 2051; x_wconf 84' lang='grc' dir='ltr'>τῶν</span> <span class='ocrx_word' id='word_1_352' title='bbox 2637 2000 2780 2054; x_wconf 89' lang='grc' dir='ltr'>κατὰ</span> <span class='ocrx_word' id='word_1_353' title='bbox 2820 2000 2954 2054; x_wconf 67' lang='grc' dir='ltr'>Θεὸν</span> <span class='ocrx_word' id='word_1_354' title='bbox 3017 2001 3500 2071; x_wconf 81' lang='grc' dir='ltr'>πολιτευσαμένων</span> 
     </span>
    </p>
   </div>
   <div class='ocr_carea' id='block_1_65' title="bbox 1931 2083 3496 2162">
    <p class='ocr_par' dir='ltr' id='par_1_65' title="bbox 1931 2083 3496 2162">
     <span class='ocr_line' id='line_1_65' title="bbox 1931 2083 3496 2162; baseline 0.008 -26"><span class='ocrx_word' id='word_1_355' title='bbox 1931 2086 1959 2136; x_wconf 88' lang='grc' dir='ltr'>ὁ</span> <span class='ocrx_word' id='word_1_356' title='bbox 1999 2083 2110 2154; x_wconf 87' lang='grc' dir='ltr'>βίος</span> <span class='ocrx_word' id='word_1_357' title='bbox 2136 2083 2420 2156; x_wconf 83' lang='grc' dir='ltr'>λυσιτελὴς</span> <span class='ocrx_word' id='word_1_358' title='bbox 2444 2087 2538 2142; x_wconf 76' lang='grc' dir='ltr'>καὶ</span> <span class='ocrx_word' id='word_1_359' title='bbox 2551 2087 2845 2160; x_wconf 81' lang='grc' dir='ltr'>ὠφέλιμος.</span> <span class='ocrx_word' id='word_1_360' title='bbox 2879 2088 3101 2144; x_wconf 80' lang='lat' dir='ltr'><strong>Maximi</strong></span> <span class='ocrx_word' id='word_1_361' title='bbox 3121 2091 3496 2162; x_wconf 69' lang='lat' dir='ltr'><strong>Homologeta:</strong></span> 
     </span>
    </p>
   </div>
   <div class='ocr_carea' id='block_1_66' title="bbox 1926 2176 2066 2232">
    <p class='ocr_par' dir='ltr' id='par_1_66' title="bbox 1926 2176 2066 2232">
     <span class='ocr_line' id='line_1_66' title="bbox 1926 2176 2066 2232; baseline 0.014 -2"><span class='ocrx_word' id='word_1_362' title='bbox 1926 2176 2066 2232; x_wconf 90' lang='lat' dir='ltr'><strong>Vita.</strong></span> 
     </span>
    </p>
   </div>
   <div class='ocr_carea' id='block_1_67' title="bbox 1996 2266 3494 2347">
    <p class='ocr_par' dir='ltr' id='par_1_67' title="bbox 1996 2266 3494 2347">
     <span class='ocr_line' id='line_1_67' title="bbox 1996 2266 3494 2347; baseline 0.005 -25"><span class='ocrx_word' id='word_1_363' title='bbox 1996 2269 2192 2334; x_wconf 78' lang='grc' dir='ltr'>Καλῶς</span> <span class='ocrx_word' id='word_1_364' title='bbox 2218 2266 2334 2334; x_wconf 83' lang='grc' dir='ltr'>οῦν,</span> <span class='ocrx_word' id='word_1_365' title='bbox 2367 2273 2665 2344; x_wconf 76' lang='grc' dir='ltr'>ἀγαπητοὶ,</span> <span class='ocrx_word' id='word_1_366' title='bbox 2705 2275 2802 2328; x_wconf 76' lang='grc' dir='ltr'>καὶ</span> <span class='ocrx_word' id='word_1_367' title='bbox 2835 2275 2864 2328; x_wconf 96' lang='lat'>6</span> <span class='ocrx_word' id='word_1_368' title='bbox 2891 2274 3052 2346; x_wconf 82' lang='grc' dir='ltr'>χορὸς</span> <span class='ocrx_word' id='word_1_369' title='bbox 3080 2277 3108 2328; x_wconf 90' lang='lat'>6</span> <span class='ocrx_word' id='word_1_370' title='bbox 3143 2278 3200 2330; x_wconf 92' lang='grc' dir='ltr'>ἐν</span> <span class='ocrx_word' id='word_1_371' title='bbox 3233 2276 3494 2347; x_wconf 77' lang='grc' dir='ltr'>Αἰγύπτῳ</span> 
     </span>
    </p>
   </div>
   <div class='ocr_carea' id='block_1_68' title="bbox 1929 2363 3491 2440">
    <p class='ocr_par' dir='ltr' id='par_1_68' title="bbox 1929 2363 3491 2440">
     <span class='ocr_line' id='line_1_68' title="bbox 1929 2363 3491 2440; baseline -0.008 -7"><span class='ocrx_word' id='word_1_372' title='bbox 1929 2363 2283 2434; x_wconf 78' lang='grc' dir='ltr'>μαρτυρήσας</span> <span class='ocrx_word' id='word_1_373' title='bbox 2307 2363 2444 2435; x_wconf 83' lang='grc' dir='ltr'>Θεῷ.</span> <span class='ocrx_word' id='word_1_374' title='bbox 2486 2364 2802 2438; x_wconf 85' lang='lat' dir='ltr'><strong>Martyrium</strong></span> <span class='ocrx_word' id='word_1_375' title='bbox 2834 2369 3007 2424; x_wconf 89' lang='lat' dir='ltr'><strong>sancti</strong></span> <span class='ocrx_word' id='word_1_376' title='bbox 3048 2367 3295 2424; x_wconf 83' lang='lat' dir='ltr'><strong>Martiani</strong></span> <span class='ocrx_word' id='word_1_377' title='bbox 3321 2369 3491 2440; x_wconf 65' lang='grc' dir='ltr'>λΕει.</span> 
     </span>
    </p>
   </div>
   <div class='ocr_carea' id='block_1_69' title="bbox 1924 2454 2436 2524">
    <p class='ocr_par' dir='ltr' id='par_1_69' title="bbox 1924 2454 2436 2524">
     <span class='ocr_line' id='line_1_69' title="bbox 1924 2454 2436 2524; baseline 0.01 -17"><span class='ocrx_word' id='word_1_378' title='bbox 1924 2454 2021 2524; x_wconf 90' lang='lat' dir='ltr'><strong>ptii</strong></span> <span class='ocrx_word' id='word_1_379' title='bbox 2057 2463 2113 2509; x_wconf 87' lang='lat' dir='ltr'>et</span> <span class='ocrx_word' id='word_1_380' title='bbox 2144 2456 2436 2512; x_wconf 87' lang='lat' dir='ltr'><strong>sociorum.</strong></span> 
     </span>
    </p>
   </div>
   <div class='ocr_carea' id='block_1_70' title="bbox 1996 2546 3493 2623">
    <p class='ocr_par' dir='ltr' id='par_1_70' title="bbox 1996 2546 3493 2623">
     <span class='ocr_line' id='line_1_70' title="bbox 1996 2546 3493 2623; baseline 0.004 -24"><span class='ocrx_word' id='word_1_381' title='bbox 1996 2547 2154 2600; x_wconf 84' lang='grc' dir='ltr'>Κατὰ</span> <span class='ocrx_word' id='word_1_382' title='bbox 2188 2549 2279 2603; x_wconf 80' lang='grc' dir='ltr'>τὸν</span> <span class='ocrx_word' id='word_1_383' title='bbox 2313 2550 2502 2621; x_wconf 72' lang='grc' dir='ltr'>καιρὸν</span> <span class='ocrx_word' id='word_1_384' title='bbox 2533 2552 2740 2604; x_wconf 81' lang='grc' dir='ltr'>ἐκεῖνον</span> <span class='ocrx_word' id='word_1_385' title='bbox 2759 2546 2828 2623; x_wconf 80' lang='grc' dir='ltr'>ἦν</span> <span class='ocrx_word' id='word_1_386' title='bbox 2870 2553 2899 2605; x_wconf 90' lang='lat'>6</span> <span class='ocrx_word' id='word_1_387' title='bbox 2929 2553 3198 2622; x_wconf 83' lang='grc' dir='ltr'>μακάριος</span> <span class='ocrx_word' id='word_1_388' title='bbox 3237 2551 3493 2614; x_wconf 76' lang='grc' dir='ltr'>Ἰάκωϐος</span> 
     </span>
    </p>
   </div>
   <div class='ocr_carea' id='block_1_71' title="bbox 1922 2636 3491 2710">
    <p class='ocr_par' dir='ltr' id='par_1_71' title="bbox 1922 2636 3491 2710">
     <span class='ocr_line' id='line_1_71' title="bbox 1922 2636 3491 2710; baseline 0.005 -22"><span class='ocrx_word' id='word_1_389' title='bbox 1922 2636 2087 2688; x_wconf 74' lang='grc' dir='ltr'>οἰκῶν</span> <span class='ocrx_word' id='word_1_390' title='bbox 2117 2637 2174 2690; x_wconf 85' lang='grc' dir='ltr'>ἐν</span> <span class='ocrx_word' id='word_1_391' title='bbox 2203 2639 2422 2710; x_wconf 75' lang='grc' dir='ltr'>Βηλαὸᾕ</span> <span class='ocrx_word' id='word_1_392' title='bbox 2451 2643 2516 2710; x_wconf 84' lang='grc' dir='ltr'>τῇ</span> <span class='ocrx_word' id='word_1_393' title='bbox 2544 2641 2712 2694; x_wconf 88' lang='grc' dir='ltr'>πόλει.</span> <span class='ocrx_word' id='word_1_394' title='bbox 2738 2640 3050 2710; x_wconf 83' lang='lat' dir='ltr'><strong>Martyrium</strong></span> <span class='ocrx_word' id='word_1_395' title='bbox 3082 2642 3254 2696; x_wconf 81' lang='lat' dir='ltr'><strong>sancti</strong></span> <span class='ocrx_word' id='word_1_396' title='bbox 3282 2641 3491 2708; x_wconf 77' lang='lat' dir='ltr'><strong>Jacobi,</strong></span> 
     </span>
    </p>
   </div>
   <div class='ocr_carea' id='block_1_72' title="bbox 1921 2730 2733 2800">
    <p class='ocr_par' dir='ltr' id='par_1_72' title="bbox 1921 2730 2733 2800">
     <span class='ocr_line' id='line_1_72' title="bbox 1921 2730 2733 2800; baseline 0.005 -16"><span class='ocrx_word' id='word_1_397' title='bbox 1921 2730 2068 2800; x_wconf 83' lang='lat' dir='ltr'><strong>quod</strong></span> <span class='ocrx_word' id='word_1_398' title='bbox 2103 2730 2189 2786; x_wconf 90' lang='lat' dir='ltr'><strong>ille</strong></span> <span class='ocrx_word' id='word_1_399' title='bbox 2213 2732 2377 2788; x_wconf 87' lang='lat' dir='ltr'><strong>subiit</strong></span> <span class='ocrx_word' id='word_1_400' title='bbox 2406 2733 2458 2787; x_wconf 92' lang='lat' dir='ltr'>in</span> <span class='ocrx_word' id='word_1_401' title='bbox 2482 2733 2733 2794; x_wconf 86' lang='lat' dir='ltr'><strong>Perside.</strong></span> 
     </span>
    </p>
   </div>
   <div class='ocr_carea' id='block_1_73' title="bbox 1991 2843 3490 2918">
    <p class='ocr_par' dir='ltr' id='par_1_73' title="bbox 1991 2843 3490 2918">
     <span class='ocr_line' id='line_1_73' title="bbox 1991 2843 3490 2918; baseline 0.005 -24"><span class='ocrx_word' id='word_1_402' title='bbox 1991 2843 2147 2896; x_wconf 93' lang='grc' dir='ltr'>Κατὰ</span> <span class='ocrx_word' id='word_1_403' title='bbox 2194 2844 2286 2898; x_wconf 81' lang='grc' dir='ltr'>τὸν</span> <span class='ocrx_word' id='word_1_404' title='bbox 2310 2846 2498 2916; x_wconf 77' lang='grc' dir='ltr'>καιρὸν</span> <span class='ocrx_word' id='word_1_405' title='bbox 2523 2847 2620 2917; x_wconf 80' lang='grc' dir='ltr'>τῆς</span> <span class='ocrx_word' id='word_1_406' title='bbox 2653 2848 2928 2918; x_wconf 86' lang='grc' dir='ltr'>βασιλείας</span> <span class='ocrx_word' id='word_1_407' title='bbox 2958 2851 3239 2904; x_wconf 81' lang='grc' dir='ltr'>Θεοδοσίου</span> <span class='ocrx_word' id='word_1_408' title='bbox 3272 2849 3362 2903; x_wconf 83' lang='grc' dir='ltr'>τοῦ</span> <span class='ocrx_word' id='word_1_409' title='bbox 3397 2848 3490 2918; x_wconf 88' lang='grc' dir='ltr'>βα-</span> 
     </span>
    </p>
   </div>
   <div class='ocr_carea' id='block_1_74' title="bbox 1921 2936 3488 3014">
    <p class='ocr_par' dir='ltr' id='par_1_74' title="bbox 1921 2936 3488 3014">
     <span class='ocr_line' id='line_1_74' title="bbox 1921 2936 3488 3014; baseline 0.006 -26"><span class='ocrx_word' id='word_1_410' title='bbox 1921 2936 2115 3000; x_wconf 86' lang='grc' dir='ltr'>σιλέως</span> <span class='ocrx_word' id='word_1_411' title='bbox 2140 2938 2234 2990; x_wconf 74' lang='grc' dir='ltr'>καὶ</span> <span class='ocrx_word' id='word_1_412' title='bbox 2259 2937 2545 3008; x_wconf 84' lang='grc' dir='ltr'>Ἀρκαδίου</span> <span class='ocrx_word' id='word_1_413' title='bbox 2592 2945 2685 2998; x_wconf 76' lang='grc' dir='ltr'>καὶ</span> <span class='ocrx_word' id='word_1_414' title='bbox 2715 2945 2972 3014; x_wconf 87' lang='grc' dir='ltr'>Ὀνωρίου</span> <span class='ocrx_word' id='word_1_415' title='bbox 3007 2945 3111 2998; x_wconf 85' lang='grc' dir='ltr'>τῶν</span> <span class='ocrx_word' id='word_1_416' title='bbox 3142 2944 3272 2998; x_wconf 79' lang='grc' dir='ltr'>υἱῶν</span> <span class='ocrx_word' id='word_1_417' title='bbox 3299 2943 3488 2998; x_wconf 86' lang='grc' dir='ltr'>αὐτοῦ.</span> 
     </span>
    </p>
   </div>
   <div class='ocr_carea' id='block_1_75' title="bbox 1919 3029 2888 3099">
    <p class='ocr_par' dir='ltr' id='par_1_75' title="bbox 1919 3029 2888 3099">
     <span class='ocr_line' id='line_1_75' title="bbox 1919 3029 2888 3099; baseline 0.008 -16"><span class='ocrx_word' id='word_1_418' title='bbox 1919 3029 2236 3099; x_wconf 85' lang='lat' dir='ltr'><strong>Martyrium</strong></span> <span class='ocrx_word' id='word_1_419' title='bbox 2265 3035 2438 3088; x_wconf 86' lang='lat' dir='ltr'><strong>sancti</strong></span> <span class='ocrx_word' id='word_1_420' title='bbox 2471 3034 2658 3090; x_wconf 88' lang='lat' dir='ltr'><strong>Jacobi</strong></span> <span class='ocrx_word' id='word_1_421' title='bbox 2689 3037 2888 3092; x_wconf 67' lang='lat' dir='ltr'><strong>Persae.</strong></span> 
     </span>
    </p>
   </div>
   <div class='ocr_carea' id='block_1_76' title="bbox 1991 3121 3488 3202">
    <p class='ocr_par' dir='ltr' id='par_1_76' title="bbox 1991 3121 3488 3202">
     <span class='ocr_line' id='line_1_76' title="bbox 1991 3121 3488 3202; baseline 0.005 -27"><span class='ocrx_word' id='word_1_422' title='bbox 1991 3121 2148 3177; x_wconf 85' lang='grc' dir='ltr'>Κατὰ</span> <span class='ocrx_word' id='word_1_423' title='bbox 2173 3124 2265 3178; x_wconf 75' lang='grc' dir='ltr'>τὸν</span> <span class='ocrx_word' id='word_1_424' title='bbox 2298 3126 2488 3196; x_wconf 78' lang='grc' dir='ltr'>καιρὸν</span> <span class='ocrx_word' id='word_1_425' title='bbox 2521 3129 2622 3197; x_wconf 81' lang='grc' dir='ltr'>τῆς</span> <span class='ocrx_word' id='word_1_426' title='bbox 2655 3129 2929 3198; x_wconf 86' lang='grc' dir='ltr'>βασιλείας</span> <span class='ocrx_word' id='word_1_427' title='bbox 2974 3129 3225 3199; x_wconf 79' lang='grc' dir='ltr'>Μαξίμου</span> <span class='ocrx_word' id='word_1_428' title='bbox 3280 3126 3348 3202; x_wconf 76' lang='grc' dir='ltr'>ἦν</span> <span class='ocrx_word' id='word_1_429' title='bbox 3403 3146 3488 3192; x_wconf 90' lang='grc' dir='ltr'>τις</span> 
     </span>
    </p>
   </div>
   <div class='ocr_carea' id='block_1_77' title="bbox 1842 3215 3344 3296">
    <p class='ocr_par' dir='ltr' id='par_1_77' title="bbox 1842 3215 3344 3296">
     <span class='ocr_line' id='line_1_77' title="bbox 1842 3215 3344 3296; baseline 0.005 -30"><span class='ocrx_word' id='word_1_430' title='bbox 1842 3238 1884 3296; x_wconf 74' lang='lat' dir='ltr'><strong><em>C</em></strong></span> <span class='ocrx_word' id='word_1_431' title='bbox 1922 3215 2102 3284; x_wconf 81' lang='grc' dir='ltr'>ἱερεὺς</span> <span class='ocrx_word' id='word_1_432' title='bbox 2150 3216 2259 3270; x_wconf 87' lang='grc' dir='ltr'>τῶν</span> <span class='ocrx_word' id='word_1_433' title='bbox 2293 3218 2583 3290; x_wconf 83' lang='grc' dir='ltr'>Ἑλλήνων.</span> <span class='ocrx_word' id='word_1_434' title='bbox 2619 3220 2931 3292; x_wconf 87' lang='lat' dir='ltr'><strong>Martyrium</strong></span> <span class='ocrx_word' id='word_1_435' title='bbox 2960 3221 3016 3276; x_wconf 94' lang='lat' dir='ltr'><strong>S.</strong></span> <span class='ocrx_word' id='word_1_436' title='bbox 3061 3221 3344 3276; x_wconf 59' lang='lat' dir='ltr'><strong>Susanna}.</strong></span> 
     </span>
    </p>
   </div>
   <div class='ocr_carea' id='block_1_78' title="bbox 1991 3307 3488 3384">
    <p class='ocr_par' dir='ltr' id='par_1_78' title="bbox 1991 3307 3488 3384">
     <span class='ocr_line' id='line_1_78' title="bbox 1991 3307 3488 3384; baseline 0.003 -24"><span class='ocrx_word' id='word_1_437' title='bbox 1991 3307 2142 3380; x_wconf 71' lang='lat'>[122]</span> <span class='ocrx_word' id='word_1_438' title='bbox 2159 3311 2312 3363; x_wconf 85' lang='grc' dir='ltr'>Κατὰ</span> <span class='ocrx_word' id='word_1_439' title='bbox 2328 3311 2454 3376; x_wconf 77' lang='grc' dir='ltr'>τοὺς</span> <span class='ocrx_word' id='word_1_440' title='bbox 2470 3313 2694 3382; x_wconf 82' lang='grc' dir='ltr'>καιροὺς</span> <span class='ocrx_word' id='word_1_441' title='bbox 2708 3313 2944 3376; x_wconf 81' lang='grc' dir='ltr'>ἐκείνους</span> <span class='ocrx_word' id='word_1_442' title='bbox 2970 3313 3244 3368; x_wconf 80' lang='grc' dir='ltr'>ἐϐασίλευε</span> <span class='ocrx_word' id='word_1_443' title='bbox 3265 3312 3488 3384; x_wconf 85' lang='grc' dir='ltr'>Διοκλη-</span> 
     </span>
    </p>
   </div>
   <div class='ocr_carea' id='block_1_79' title="bbox 1917 3400 3337 3476">
    <p class='ocr_par' dir='ltr' id='par_1_79' title="bbox 1917 3400 3337 3476">
     <span class='ocr_line' id='line_1_79' title="bbox 1917 3400 3337 3476; baseline 0.006 -24"><span class='ocrx_word' id='word_1_444' title='bbox 1917 3400 2100 3464; x_wconf 83' lang='grc' dir='ltr'>τιανδς</span> <span class='ocrx_word' id='word_1_445' title='bbox 2127 3405 2155 3455; x_wconf 86' lang='grc' dir='ltr'><strong>ὁ</strong></span> <span class='ocrx_word' id='word_1_446' title='bbox 2193 3401 2472 3473; x_wconf 82' lang='grc' dir='ltr'>τύραννος.</span> <span class='ocrx_word' id='word_1_447' title='bbox 2512 3403 2822 3475; x_wconf 87' lang='lat' dir='ltr'><strong>Martyrium</strong></span> <span class='ocrx_word' id='word_1_448' title='bbox 2853 3405 3027 3461; x_wconf 86' lang='lat' dir='ltr'><strong>sancti</strong></span> <span class='ocrx_word' id='word_1_449' title='bbox 3069 3406 3337 3476; x_wconf 85' lang='lat' dir='ltr'><strong>Proc0pii.</strong></span> 
     </span>
    </p>
   </div>
   <div class='ocr_carea' id='block_1_80' title="bbox 1991 3515 3485 3590">
    <p class='ocr_par' dir='ltr' id='par_1_80' title="bbox 1991 3515 3485 3590">
     <span class='ocr_line' id='line_1_80' title="bbox 1991 3515 3485 3590; baseline 0.003 -21"><span class='ocrx_word' id='word_1_450' title='bbox 1991 3515 2146 3569; x_wconf 84' lang='grc' dir='ltr'>Κατὰ</span> <span class='ocrx_word' id='word_1_451' title='bbox 2185 3517 2310 3581; x_wconf 74' lang='grc' dir='ltr'>τοὺς</span> <span class='ocrx_word' id='word_1_452' title='bbox 2345 3519 2566 3588; x_wconf 78' lang='grc' dir='ltr'>καιροὺς</span> <span class='ocrx_word' id='word_1_453' title='bbox 2607 3520 2902 3590; x_wconf 83' lang='grc' dir='ltr'>Γρατιανοῦ</span> <span class='ocrx_word' id='word_1_454' title='bbox 2937 3523 3030 3577; x_wconf 75' lang='grc' dir='ltr'>καὶ</span> <span class='ocrx_word' id='word_1_455' title='bbox 3091 3522 3485 3576; x_wconf 85' lang='grc' dir='ltr'>Οὐαλεντιανοῦ</span> 
     </span>
    </p>
   </div>
   <div class='ocr_carea' id='block_1_81' title="bbox 1918 3609 3487 3685">
    <p class='ocr_par' dir='ltr' id='par_1_81' title="bbox 1918 3609 3487 3685">
     <span class='ocr_line' id='line_1_81' title="bbox 1918 3609 3487 3685; baseline 0.004 -24"><span class='ocrx_word' id='word_1_456' title='bbox 1918 3609 2466 3682; x_wconf 73' lang='grc' dir='ltr'>τῷνΑὐτοκρατόρων</span> <span class='ocrx_word' id='word_1_457' title='bbox 2493 3612 2692 3683; x_wconf 66' lang='grc' dir='ltr'>συνέϐη</span> <span class='ocrx_word' id='word_1_458' title='bbox 2724 3614 3198 3685; x_wconf 80' lang='grc' dir='ltr'>συναθροισθῆναι.</span> <span class='ocrx_word' id='word_1_459' title='bbox 3220 3613 3336 3668; x_wconf 82' lang='lat' dir='ltr'><strong>Vita</strong></span> <span class='ocrx_word' id='word_1_460' title='bbox 3360 3630 3487 3668; x_wconf 89' lang='lat' dir='ltr'><strong>san-</strong></span> 
     </span>
    </p>
   </div>
   <div class='ocr_carea' id='block_1_82' title="bbox 1917 3700 2654 3758">
    <p class='ocr_par' dir='ltr' id='par_1_82' title="bbox 1917 3700 2654 3758">
     <span class='ocr_line' id='line_1_82' title="bbox 1917 3700 2654 3758; baseline 0.007 -5"><span class='ocrx_word' id='word_1_461' title='bbox 1917 3701 1989 3754; x_wconf 89' lang='lat' dir='ltr'>cti</span> <span class='ocrx_word' id='word_1_462' title='bbox 2015 3700 2189 3757; x_wconf 83' lang='lat' dir='ltr'><strong>Patris</strong></span> <span class='ocrx_word' id='word_1_463' title='bbox 2215 3703 2383 3756; x_wconf 86' lang='lat' dir='ltr'><strong>nostri</strong></span> <span class='ocrx_word' id='word_1_464' title='bbox 2412 3703 2654 3758; x_wconf 85' lang='lat' dir='ltr'><strong>Martini.</strong></span> 
     </span>
    </p>
   </div>
   <div class='ocr_carea' id='block_1_83' title="bbox 1989 3794 3484 3866">
    <p class='ocr_par' dir='ltr' id='par_1_83' title="bbox 1989 3794 3484 3866">
     <span class='ocr_line' id='line_1_83' title="bbox 1989 3794 3484 3866; baseline 0.002 -21"><span class='ocrx_word' id='word_1_465' title='bbox 1989 3795 2144 3847; x_wconf 85' lang='grc' dir='ltr'>Κατὰ</span> <span class='ocrx_word' id='word_1_466' title='bbox 2174 3795 2303 3858; x_wconf 77' lang='grc' dir='ltr'>τοὺς</span> <span class='ocrx_word' id='word_1_467' title='bbox 2346 3795 2569 3865; x_wconf 84' lang='grc' dir='ltr'>καιροὺς</span> <span class='ocrx_word' id='word_1_468' title='bbox 2647 3795 3029 3866; x_wconf 85' lang='grc' dir='ltr'>Διοκλητιανοῦ</span> <span class='ocrx_word' id='word_1_469' title='bbox 3079 3794 3172 3849; x_wconf 85' lang='grc' dir='ltr'>τοῦ</span> <span class='ocrx_word' id='word_1_470' title='bbox 3222 3795 3484 3866; x_wconf 80' lang='grc' dir='ltr'>βασιλέως</span> 
     </span>
    </p>
   </div>
   <div class='ocr_carea' id='block_1_84' title="bbox 1918 3879 3480 3957">
    <p class='ocr_par' dir='ltr' id='par_1_84' title="bbox 1918 3879 3480 3957">
     <span class='ocr_line' id='line_1_84' title="bbox 1918 3879 3480 3957; baseline 0.004 -24"><span class='ocrx_word' id='word_1_471' title='bbox 1918 3881 2010 3933; x_wconf 70' lang='grc' dir='ltr'>καὶ</span> <span class='ocrx_word' id='word_1_472' title='bbox 2031 3879 2126 3934; x_wconf 87' lang='grc' dir='ltr'>τοῦ</span> <span class='ocrx_word' id='word_1_473' title='bbox 2152 3882 2316 3934; x_wconf 85' lang='grc' dir='ltr'>αὐτοῦ</span> <span class='ocrx_word' id='word_1_474' title='bbox 2345 3883 2713 3956; x_wconf 87' lang='grc' dir='ltr'>συγκαθέδρου</span> <span class='ocrx_word' id='word_1_475' title='bbox 2741 3883 3123 3939; x_wconf 86' lang='grc' dir='ltr'>Γαλλεοιανοῦ.</span> <span class='ocrx_word' id='word_1_476' title='bbox 3167 3885 3480 3957; x_wconf 85' lang='lat' dir='ltr'><strong>Martyrium</strong></span> 
     </span>
    </p>
   </div>
   <div class='ocr_carea' id='block_1_85' title="bbox 1916 3972 2467 4029">
    <p class='ocr_par' dir='ltr' id='par_1_85' title="bbox 1916 3972 2467 4029">
     <span class='ocr_line' id='line_1_85' title="bbox 1916 3972 2467 4029; baseline 0.009 -5"><span class='ocrx_word' id='word_1_477' title='bbox 1916 3981 2118 4026; x_wconf 64' lang='lat' dir='ltr'><strong>sanctm</strong></span> <span class='ocrx_word' id='word_1_478' title='bbox 2149 3972 2467 4029; x_wconf 70' lang='lat' dir='ltr'><strong>Anastasiaz.</strong></span> 
     </span>
    </p>
   </div>
   <div class='ocr_carea' id='block_1_86' title="bbox 1985 4085 3483 4162">
    <p class='ocr_par' dir='ltr' id='par_1_86' title="bbox 1985 4085 3483 4162">
     <span class='ocr_line' id='line_1_86' title="bbox 1985 4085 3483 4162; baseline 0.007 -25"><span class='ocrx_word' id='word_1_479' title='bbox 1985 4085 2142 4138; x_wconf 85' lang='grc' dir='ltr'>Κατὰ</span> <span class='ocrx_word' id='word_1_480' title='bbox 2171 4087 2298 4151; x_wconf 80' lang='grc' dir='ltr'>τοὺς</span> <span class='ocrx_word' id='word_1_481' title='bbox 2327 4089 2554 4160; x_wconf 79' lang='grc' dir='ltr'>καιροὺς</span> <span class='ocrx_word' id='word_1_482' title='bbox 2595 4091 2836 4155; x_wconf 84' lang='grc' dir='ltr'>ἐκείνους</span> <span class='ocrx_word' id='word_1_483' title='bbox 2905 4091 3281 4162; x_wconf 80' lang='grc' dir='ltr'>βασιλεύοντος</span> <span class='ocrx_word' id='word_1_484' title='bbox 3342 4093 3483 4147; x_wconf 89' lang='grc' dir='ltr'>κατὰ</span> 
     </span>
    </p>
   </div>
   <div class='ocr_carea' id='block_1_87' title="bbox 1915 4175 3480 4255">
    <p class='ocr_par' dir='ltr' id='par_1_87' title="bbox 1915 4175 3480 4255">
     <span class='ocr_line' id='line_1_87' title="bbox 1915 4175 3480 4255; baseline 0.008 -28"><span class='ocrx_word' id='word_1_485' title='bbox 1915 4175 2262 4248; x_wconf 82' lang='grc' dir='ltr'>συγχώρησιν</span> <span class='ocrx_word' id='word_1_486' title='bbox 2312 4178 2405 4232; x_wconf 86' lang='grc' dir='ltr'>τοῦ</span> <span class='ocrx_word' id='word_1_487' title='bbox 2474 4181 2734 4250; x_wconf 76' lang='grc' dir='ltr'>Χριστοῦ.</span> <span class='ocrx_word' id='word_1_488' title='bbox 2788 4182 3106 4255; x_wconf 87' lang='lat' dir='ltr'><strong>Martyrium</strong></span> <span class='ocrx_word' id='word_1_489' title='bbox 3165 4192 3480 4240; x_wconf 84' lang='lat' dir='ltr'><strong>sanctorum</strong></span> 
     </span>
    </p>
   </div>
   <div class='ocr_carea' id='block_1_88' title="bbox 1911 4267 2914 4344">
    <p class='ocr_par' dir='ltr' id='par_1_88' title="bbox 1911 4267 2914 4344">
     <span class='ocr_line' id='line_1_88' title="bbox 1911 4267 2914 4344; baseline 0.01 -24"><span class='ocrx_word' id='word_1_490' title='bbox 1911 4267 2196 4340; x_wconf 83' lang='lat' dir='ltr'><strong>Acindyni,</strong></span> <span class='ocrx_word' id='word_1_491' title='bbox 2225 4269 2431 4342; x_wconf 80' lang='lat' dir='ltr'><strong>Pegasii</strong></span> <span class='ocrx_word' id='word_1_492' title='bbox 2451 4271 2914 4344; x_wconf 82' lang='lat' dir='ltr'><strong>etAnempodisti.</strong></span> 
     </span>
    </p>
   </div>
   <div class='ocr_carea' id='block_1_89' title="bbox 1983 4359 3480 4436">
    <p class='ocr_par' dir='ltr' id='par_1_89' title="bbox 1983 4359 3480 4436">
     <span class='ocr_line' id='line_1_89' title="bbox 1983 4359 3480 4436; baseline 0.005 -24"><span class='ocrx_word' id='word_1_493' title='bbox 1983 4359 2139 4414; x_wconf 84' lang='grc' dir='ltr'>Κατὰ</span> <span class='ocrx_word' id='word_1_494' title='bbox 2171 4363 2297 4425; x_wconf 74' lang='grc' dir='ltr'>τοὺς</span> <span class='ocrx_word' id='word_1_495' title='bbox 2336 4365 2562 4430; x_wconf 80' lang='grc' dir='ltr'>καιροὺς</span> <span class='ocrx_word' id='word_1_496' title='bbox 2585 4365 2831 4430; x_wconf 86' lang='grc' dir='ltr'>ἐκείνους</span> <span class='ocrx_word' id='word_1_497' title='bbox 2880 4366 3255 4436; x_wconf 87' lang='grc' dir='ltr'>βασιλεύοντος</span> <span class='ocrx_word' id='word_1_498' title='bbox 3303 4367 3480 4432; x_wconf 79' lang='grc' dir='ltr'>Μαξι-</span> 
     </span>
    </p>
   </div>
   <div class='ocr_carea' id='block_1_90' title="bbox 1912 4452 3476 4532">
    <p class='ocr_par' dir='ltr' id='par_1_90' title="bbox 1912 4452 3476 4532">
     <span class='ocr_line' id='line_1_90' title="bbox 1912 4452 3476 4532; baseline 0.007 -29"><span class='ocrx_word' id='word_1_499' title='bbox 1912 4453 2105 4520; x_wconf 82' lang='grc' dir='ltr'>μιανοῦ</span> <span class='ocrx_word' id='word_1_500' title='bbox 2132 4452 2224 4506; x_wconf 87' lang='grc' dir='ltr'>τοῦ</span> <span class='ocrx_word' id='word_1_501' title='bbox 2273 4457 2591 4529; x_wconf 84' lang='grc' dir='ltr'>παρανόμου</span> <span class='ocrx_word' id='word_1_502' title='bbox 2629 4459 2723 4513; x_wconf 68' lang='grc' dir='ltr'>καὶ</span> <span class='ocrx_word' id='word_1_503' title='bbox 2754 4459 3142 4516; x_wconf 80' lang='grc' dir='ltr'>ἀσεϐεστάτου.</span> <span class='ocrx_word' id='word_1_504' title='bbox 3165 4459 3476 4532; x_wconf 81' lang='lat' dir='ltr'><strong>Martyrium</strong></span> 
     </span>
    </p>
   </div>
   <div class='ocr_carea' id='block_1_91' title="bbox 306 4540 1812 4632">
    <p class='ocr_par' dir='ltr' id='par_1_91' title="bbox 306 4548 1805 4631">
     <span class='ocr_line' id='line_1_91' title="bbox 306 4548 1805 4631; baseline 0.009 -30"><span class='ocrx_word' id='word_1_505' title='bbox 306 4548 500 4614; x_wconf 87' lang='grc' dir='ltr'>Ἔτους</span> <span class='ocrx_word' id='word_1_506' title='bbox 527 4550 756 4622; x_wconf 70' lang='grc' dir='ltr'>ἑϐδόμου</span> <span class='ocrx_word' id='word_1_507' title='bbox 785 4553 885 4623; x_wconf 81' lang='grc' dir='ltr'>τῆς</span> <span class='ocrx_word' id='word_1_508' title='bbox 933 4552 1210 4623; x_wconf 88' lang='grc' dir='ltr'>βασιλείας</span> <span class='ocrx_word' id='word_1_509' title='bbox 1247 4556 1616 4629; x_wconf 80' lang='grc' dir='ltr'>Μαξιμιανοῦ.</span> <span class='ocrx_word' id='word_1_510' title='bbox 1677 4561 1805 4631; x_wconf 83' lang='grc' dir='ltr'>ἠγε-</span> 
     </span>
    </p>
   </div>
   <div class='ocr_carea' id='block_1_92' title="bbox 1958 4540 2429 4632">
    <p class='ocr_par' dir='ltr' id='par_1_92' title="bbox 1958 4540 2429 4603">
     <span class='ocr_line' id='line_1_92' title="bbox 1958 4540 2429 4603; baseline 0.019 -9"><span class='ocrx_word' id='word_1_511' title='bbox 1958 4551 2113 4598; x_wconf 70' lang='lat' dir='ltr'><strong>mcta:</strong></span> <span class='ocrx_word' id='word_1_512' title='bbox 2157 4545 2326 4600; x_wconf 83' lang='lat' dir='ltr'><strong>Barba</strong></span> <span class='ocrx_word' id='word_1_513' title='bbox 2337 4540 2429 4603; x_wconf 66' lang='lat' dir='ltr'><strong>rae.</strong></span> 
     </span>
    </p>
   </div>
   <div class='ocr_carea' id='block_1_93' title="bbox 235 4642 1802 4722">
    <p class='ocr_par' dir='ltr' id='par_1_93' title="bbox 235 4642 1802 4722">
     <span class='ocr_line' id='line_1_93' title="bbox 235 4642 1802 4722; baseline 0.009 -27"><span class='ocrx_word' id='word_1_514' title='bbox 235 4642 558 4712; x_wconf 77' lang='grc' dir='ltr'>μονεύοντος</span> <span class='ocrx_word' id='word_1_515' title='bbox 585 4647 856 4718; x_wconf 79' lang='grc' dir='ltr'>Μαξίμου.</span> <span class='ocrx_word' id='word_1_516' title='bbox 885 4648 1198 4722; x_wconf 77' lang='lat' dir='ltr'><strong>Martyrium</strong></span> <span class='ocrx_word' id='word_1_517' title='bbox 1236 4662 1548 4709; x_wconf 88' lang='lat' dir='ltr'><strong>sanctorum</strong></span> <span class='ocrx_word' id='word_1_518' title='bbox 1580 4656 1802 4710; x_wconf 86' lang='lat' dir='ltr'><strong>Eulam-</strong></span> 
     </span>
    </p>
   </div>
   <div class='ocr_carea' id='block_1_94' title="bbox 229 4734 743 4808">
    <p class='ocr_par' dir='ltr' id='par_1_94' title="bbox 229 4734 743 4808">
     <span class='ocr_line' id='line_1_94' title="bbox 229 4734 743 4808; baseline 0.012 -20"><span class='ocrx_word' id='word_1_519' title='bbox 229 4734 305 4804; x_wconf 86' lang='lat' dir='ltr'>pii</span> <span class='ocrx_word' id='word_1_520' title='bbox 336 4743 392 4789; x_wconf 89' lang='lat' dir='ltr'>et</span> <span class='ocrx_word' id='word_1_521' title='bbox 426 4734 743 4808; x_wconf 70' lang='lat' dir='ltr'><strong>Eulampite.</strong></span> 
     </span>
    </p>
   </div>
   <div class='ocr_carea' id='block_1_95' title="bbox 305 4827 1804 4909">
    <p class='ocr_par' dir='ltr' id='par_1_95' title="bbox 305 4827 1804 4909">
     <span class='ocr_line' id='line_1_95' title="bbox 305 4827 1804 4909; baseline 0.01 -30"><span class='ocrx_word' id='word_1_522' title='bbox 305 4827 498 4892; x_wconf 87' lang='grc' dir='ltr'>Ἐτους</span> <span class='ocrx_word' id='word_1_523' title='bbox 524 4831 774 4901; x_wconf 74' lang='grc' dir='ltr'>πέμπτου</span> <span class='ocrx_word' id='word_1_524' title='bbox 805 4833 903 4904; x_wconf 84' lang='grc' dir='ltr'>τῆς</span> <span class='ocrx_word' id='word_1_525' title='bbox 931 4834 1514 4904; x_wconf 82' lang='grc' dir='ltr'>βασιλείσςἾουστίνου</span> <span class='ocrx_word' id='word_1_526' title='bbox 1541 4838 1636 4893; x_wconf 89' lang='grc' dir='ltr'>τοῦ</span> <span class='ocrx_word' id='word_1_527' title='bbox 1655 4840 1804 4909; x_wconf 82' lang='grc' dir='ltr'>φιλο·</span> 
     </span>
    </p>
   </div>
   <div class='ocr_carea' id='block_1_96' title="bbox 228 4919 1802 5000">
    <p class='ocr_par' dir='ltr' id='par_1_96' title="bbox 228 4919 1802 5000">
     <span class='ocr_line' id='line_1_96' title="bbox 228 4919 1802 5000; baseline 0.012 -29"><span class='ocrx_word' id='word_1_528' title='bbox 228 4919 454 4990; x_wconf 86' lang='grc' dir='ltr'>χρίστου</span> <span class='ocrx_word' id='word_1_529' title='bbox 480 4920 877 4992; x_wconf 80' lang='grc' dir='ltr'>βασιλεύοντος.</span> <span class='ocrx_word' id='word_1_530' title='bbox 903 4926 1218 5000; x_wconf 85' lang='lat' dir='ltr'><strong>Martyrium</strong></span> <span class='ocrx_word' id='word_1_531' title='bbox 1249 4930 1425 4985; x_wconf 86' lang='lat' dir='ltr'><strong>sancti</strong></span> <span class='ocrx_word' id='word_1_532' title='bbox 1491 4932 1706 4988; x_wconf 67' lang='lat' dir='ltr'><strong>Aretha:</strong></span> <span class='ocrx_word' id='word_1_533' title='bbox 1746 4941 1802 4990; x_wconf 87' lang='lat' dir='ltr'>et</span> 
     </span>
    </p>
   </div>
   <div class='ocr_carea' id='block_1_97' title="bbox 226 5026 518 5080">
    <p class='ocr_par' dir='ltr' id='par_1_97' title="bbox 226 5026 518 5080">
     <span class='ocr_line' id='line_1_97' title="bbox 226 5026 518 5080; baseline 0.003 -14"><span class='ocrx_word' id='word_1_534' title='bbox 226 5026 518 5080; x_wconf 72' lang='lat' dir='ltr'><strong>socrorum,</strong></span> 
     </span>
    </p>
   </div>
   <div class='ocr_carea' id='block_1_98' title="bbox 297 5096 1800 5182">
    <p class='ocr_par' dir='ltr' id='par_1_98' title="bbox 297 5096 1800 5182">
     <span class='ocr_line' id='line_1_98' title="bbox 297 5096 1800 5182; baseline 0.014 -29"><span class='ocrx_word' id='word_1_535' title='bbox 297 5096 476 5155; x_wconf 85' lang='grc' dir='ltr'>Ἧκεν</span> <span class='ocrx_word' id='word_1_536' title='bbox 501 5105 634 5174; x_wconf 78' lang='grc' dir='ltr'>ἡμῖν</span> <span class='ocrx_word' id='word_1_537' title='bbox 666 5106 699 5176; x_wconf 82' lang='grc' dir='ltr'>ὴ</span> <span class='ocrx_word' id='word_1_538' title='bbox 731 5105 962 5179; x_wconf 77' lang='grc' dir='ltr'>λαμπρὰ</span> <span class='ocrx_word' id='word_1_539' title='bbox 983 5109 1079 5164; x_wconf 80' lang='grc' dir='ltr'>καὶ</span> <span class='ocrx_word' id='word_1_540' title='bbox 1097 5110 1445 5182; x_wconf 81' lang='grc' dir='ltr'>χαρμόσυνος</span> <span class='ocrx_word' id='word_1_541' title='bbox 1472 5116 1567 5169; x_wconf 73' lang='grc' dir='ltr'>καὶ</span> <span class='ocrx_word' id='word_1_542' title='bbox 1597 5117 1763 5173; x_wconf 86' lang='grc' dir='ltr'>ποθου</span> <span class='ocrx_word' id='word_1_543' title='bbox 1780 5143 1800 5160; x_wconf 84' lang='lat'><strong>-</strong></span> 
     </span>
    </p>
   </div>
   <div class='ocr_carea' id='block_1_99' title="bbox 1980 4636 3477 4720">
    <p class='ocr_par' dir='ltr' id='par_1_99' title="bbox 1980 4636 3477 4720">
     <span class='ocr_line' id='line_1_99' title="bbox 1980 4636 3477 4720; baseline 0.009 -32"><span class='ocrx_word' id='word_1_544' title='bbox 1980 4636 2137 4690; x_wconf 87' lang='grc' dir='ltr'>Κατὰ</span> <span class='ocrx_word' id='word_1_545' title='bbox 2164 4638 2292 4702; x_wconf 81' lang='grc' dir='ltr'>τοὺς</span> <span class='ocrx_word' id='word_1_546' title='bbox 2332 4639 2557 4708; x_wconf 77' lang='grc' dir='ltr'>καιροὺς</span> <span class='ocrx_word' id='word_1_547' title='bbox 2586 4641 2830 4704; x_wconf 88' lang='grc' dir='ltr'>ἐκείνους</span> <span class='ocrx_word' id='word_1_548' title='bbox 2865 4640 2932 4712; x_wconf 81' lang='grc' dir='ltr'>ἦν</span> <span class='ocrx_word' id='word_1_549' title='bbox 2973 4659 3058 4706; x_wconf 90' lang='grc' dir='ltr'>τις</span> <span class='ocrx_word' id='word_1_550' title='bbox 3119 4643 3258 4716; x_wconf 79' lang='grc' dir='ltr'>ἀνὴρ</span> <span class='ocrx_word' id='word_1_551' title='bbox 3300 4646 3358 4698; x_wconf 86' lang='grc' dir='ltr'>ἐν</span> <span class='ocrx_word' id='word_1_552' title='bbox 3409 4650 3477 4720; x_wconf 76' lang='grc' dir='ltr'>τῇ</span> 
     </span>
    </p>
   </div>
   <div class='ocr_carea' id='block_1_100' title="bbox 1907 4725 3474 4802">
    <p class='ocr_par' dir='ltr' id='par_1_100' title="bbox 1907 4725 3474 4802">
     <span class='ocr_line' id='line_1_100' title="bbox 1907 4725 3474 4802; baseline 0.01 -26"><span class='ocrx_word' id='word_1_553' title='bbox 1907 4725 2274 4795; x_wconf 81' lang='grc' dir='ltr'>Παφλαγόνων</span> <span class='ocrx_word' id='word_1_554' title='bbox 2332 4727 2507 4801; x_wconf 78' lang='grc' dir='ltr'>χώρᾳ.</span> <span class='ocrx_word' id='word_1_555' title='bbox 2553 4730 2870 4802; x_wconf 85' lang='lat' dir='ltr'><strong>Martyrium</strong></span> <span class='ocrx_word' id='word_1_556' title='bbox 2919 4733 3092 4787; x_wconf 89' lang='lat' dir='ltr'><strong>sancti</strong></span> <span class='ocrx_word' id='word_1_557' title='bbox 3165 4734 3474 4792; x_wconf 88' lang='lat' dir='ltr'><strong>Mamantis.</strong></span> 
     </span>
    </p>
   </div>
   <div class='ocr_carea' id='block_1_101' title="bbox 1978 4819 3476 4898">
    <p class='ocr_par' dir='ltr' id='par_1_101' title="bbox 1978 4819 3476 4898">
     <span class='ocr_line' id='line_1_101' title="bbox 1978 4819 3476 4898; baseline 0.007 -27"><span class='ocrx_word' id='word_1_558' title='bbox 1978 4819 2137 4873; x_wconf 90' lang='grc' dir='ltr'>Κατὰ</span> <span class='ocrx_word' id='word_1_559' title='bbox 2176 4820 2304 4884; x_wconf 78' lang='grc' dir='ltr'>τοὺς</span> <span class='ocrx_word' id='word_1_560' title='bbox 2363 4821 2586 4892; x_wconf 77' lang='grc' dir='ltr'>καιροὺς</span> <span class='ocrx_word' id='word_1_561' title='bbox 2641 4823 2880 4888; x_wconf 84' lang='grc' dir='ltr'>ἐκείνους</span> <span class='ocrx_word' id='word_1_562' title='bbox 2927 4825 3020 4878; x_wconf 79' lang='grc' dir='ltr'>ἐπὶ</span> <span class='ocrx_word' id='word_1_563' title='bbox 3077 4825 3476 4898; x_wconf 83' lang='grc' dir='ltr'>αὐτοκράτορος</span> 
     </span>
    </p>
   </div>
   <div class='ocr_carea' id='block_1_102' title="bbox 1905 4905 3474 4986">
    <p class='ocr_par' dir='ltr' id='par_1_102' title="bbox 1905 4905 3474 4986">
     <span class='ocr_line' id='line_1_102' title="bbox 1905 4905 3474 4986; baseline 0.008 -26"><span class='ocrx_word' id='word_1_564' title='bbox 1905 4909 2177 4980; x_wconf 84' lang='grc' dir='ltr'>Τραϊανοῦ</span> <span class='ocrx_word' id='word_1_565' title='bbox 2219 4905 2287 4981; x_wconf 81' lang='grc' dir='ltr'>ἦν</span> <span class='ocrx_word' id='word_1_566' title='bbox 2327 4910 2496 4983; x_wconf 83' lang='grc' dir='ltr'>πολλὴ</span> <span class='ocrx_word' id='word_1_567' title='bbox 2541 4913 2731 4984; x_wconf 81' lang='grc' dir='ltr'>μανία.</span> <span class='ocrx_word' id='word_1_568' title='bbox 2781 4912 3094 4986; x_wconf 87' lang='lat' dir='ltr'><strong>Martyrium</strong></span> <span class='ocrx_word' id='word_1_569' title='bbox 3145 4917 3317 4973; x_wconf 88' lang='lat' dir='ltr'><strong>sancti</strong></span> <span class='ocrx_word' id='word_1_570' title='bbox 3371 4917 3474 4973; x_wconf 86' lang='grc' dir='ltr'>Ζο-</span> 
     </span>
    </p>
   </div>
   <div class='ocr_carea' id='block_1_103' title="bbox 1903 4997 2042 5054">
    <p class='ocr_par' dir='ltr' id='par_1_103' title="bbox 1903 4997 2042 5054">
     <span class='ocr_line' id='line_1_103' title="bbox 1903 4997 2042 5054; baseline 0 0"><span class='ocrx_word' id='word_1_571' title='bbox 1903 4997 2042 5054; x_wconf 92' lang='lat' dir='ltr'><strong>simi.</strong></span> 
     </span>
    </p>
   </div>
   <div class='ocr_carea' id='block_1_104' title="bbox 1973 5112 3472 5196">
    <p class='ocr_par' dir='ltr' id='par_1_104' title="bbox 1973 5112 3472 5196">
     <span class='ocr_line' id='line_1_104' title="bbox 1973 5112 3472 5196; baseline 0.008 -30"><span class='ocrx_word' id='word_1_572' title='bbox 1973 5112 2131 5167; x_wconf 85' lang='grc' dir='ltr'>Κατὰ</span> <span class='ocrx_word' id='word_1_573' title='bbox 2182 5113 2307 5176; x_wconf 82' lang='grc' dir='ltr'>τοὺς</span> <span class='ocrx_word' id='word_1_574' title='bbox 2333 5115 2562 5184; x_wconf 77' lang='grc' dir='ltr'>καιροὺς</span> <span class='ocrx_word' id='word_1_575' title='bbox 2601 5117 2879 5172; x_wconf 81' lang='grc' dir='ltr'>Λικιννίου</span> <span class='ocrx_word' id='word_1_576' title='bbox 2935 5118 3029 5174; x_wconf 86' lang='grc' dir='ltr'>τοῦ</span> <span class='ocrx_word' id='word_1_577' title='bbox 3081 5120 3345 5192; x_wconf 81' lang='grc' dir='ltr'>βασιλέως</span> <span class='ocrx_word' id='word_1_578' title='bbox 3403 5120 3472 5196; x_wconf 79' lang='grc' dir='ltr'>ἦν</span> 
     </span>
    </p>
   </div>
   <div class='ocr_carea' id='block_1_105' title="bbox 230 5191 1812 5287">
    <p class='ocr_par' dir='ltr' id='par_1_105' title="bbox 230 5191 1796 5279">
     <span class='ocr_line' id='line_1_105' title="bbox 230 5191 1796 5279; baseline 0.017 -36"><span class='ocrx_word' id='word_1_579' title='bbox 230 5191 365 5262; x_wconf 82' lang='grc' dir='ltr'>μὲνη</span> <span class='ocrx_word' id='word_1_580' title='bbox 402 5196 728 5267; x_wconf 87' lang='grc' dir='ltr'>πανήγυρις.</span> <span class='ocrx_word' id='word_1_581' title='bbox 762 5195 821 5252; x_wconf 91' lang='lat' dir='ltr'>ln</span> <span class='ocrx_word' id='word_1_582' title='bbox 879 5203 1394 5271; x_wconf 89' lang='lat' dir='ltr'><strong>transportationem</strong></span> <span class='ocrx_word' id='word_1_583' title='bbox 1449 5208 1796 5279; x_wconf 87' lang='lat' dir='ltr'><strong>reliquiarum</strong></span> 
     </span>
    </p>
   </div>
   <div class='ocr_carea' id='block_1_106' title="bbox 1958 5191 3469 5287">
    <p class='ocr_par' dir='ltr' id='par_1_106' title="bbox 1958 5191 3469 5287">
     <span class='ocr_line' id='line_1_106' title="bbox 1958 5191 3469 5287; baseline 0.006 -26"><span class='ocrx_word' id='word_1_584' title='bbox 1958 5207 2142 5275; x_wconf 84' lang='grc' dir='ltr'>ωγμὸς</span> <span class='ocrx_word' id='word_1_585' title='bbox 2177 5207 2354 5276; x_wconf 82' lang='grc' dir='ltr'>μέγας</span> <span class='ocrx_word' id='word_1_586' title='bbox 2393 5208 2502 5262; x_wconf 85' lang='grc' dir='ltr'>τῶν</span> <span class='ocrx_word' id='word_1_587' title='bbox 2547 5209 2914 5280; x_wconf 82' lang='grc' dir='ltr'>Χριστιανῶν.</span> <span class='ocrx_word' id='word_1_588' title='bbox 2962 5213 3279 5287; x_wconf 81' lang='lat' dir='ltr'><strong>Martyrium</strong></span> <span class='ocrx_word' id='word_1_589' title='bbox 3340 5191 3469 5271; x_wconf 77' lang='lat' dir='ltr'><strong>san-</strong></span> 
     </span>
    </p>
   </div>
   <div class='ocr_carea' id='block_1_107' title="bbox 226 5281 1076 5360">
    <p class='ocr_par' dir='ltr' id='par_1_107' title="bbox 226 5281 1076 5360">
     <span class='ocr_line' id='line_1_107' title="bbox 226 5281 1076 5360; baseline 0.018 -26"><span class='ocrx_word' id='word_1_590' title='bbox 226 5284 395 5338; x_wconf 71' lang='lat' dir='ltr'><strong>sancti</strong></span> <span class='ocrx_word' id='word_1_591' title='bbox 418 5281 644 5341; x_wconf 82' lang='lat' dir='ltr'><strong>Joannis</strong></span> <span class='ocrx_word' id='word_1_592' title='bbox 683 5289 1076 5360; x_wconf 80' lang='lat' dir='ltr'><strong>Chrysostomi.</strong></span> 
     </span>
    </p>
   </div>
   <div class='ocr_carea' id='block_1_108' title="bbox 296 5370 1797 5453">
    <p class='ocr_par' dir='ltr' id='par_1_108' title="bbox 296 5370 1797 5453">
     <span class='ocr_line' id='line_1_108' title="bbox 296 5370 1797 5453; baseline 0.014 -26"><span class='ocrx_word' id='word_1_593' title='bbox 296 5370 471 5429; x_wconf 78' lang='grc' dir='ltr'>τΗκον</span> <span class='ocrx_word' id='word_1_594' title='bbox 488 5379 582 5429; x_wconf 79' lang='grc' dir='ltr'>ἐπὶ</span> <span class='ocrx_word' id='word_1_595' title='bbox 609 5379 677 5431; x_wconf 83' lang='grc' dir='ltr'>τὰ</span> <span class='ocrx_word' id='word_1_596' title='bbox 714 5383 1006 5453; x_wconf 82' lang='grc' dir='ltr'>νικητήρια</span> <span class='ocrx_word' id='word_1_597' title='bbox 1041 5384 1109 5440; x_wconf 84' lang='grc' dir='ltr'>τὰ</span> <span class='ocrx_word' id='word_1_598' title='bbox 1148 5387 1286 5440; x_wconf 79' lang='grc' dir='ltr'>κατὰ</span> <span class='ocrx_word' id='word_1_599' title='bbox 1315 5391 1406 5443; x_wconf 89' lang='grc' dir='ltr'>τοῦ</span> <span class='ocrx_word' id='word_1_600' title='bbox 1430 5392 1680 5446; x_wconf 74' lang='grc' dir='ltr'>διαϐόλου</span> <span class='ocrx_word' id='word_1_601' title='bbox 1701 5395 1797 5448; x_wconf 73' lang='grc' dir='ltr'>καὶ</span> 
     </span>
    </p>
   </div>
   <div class='ocr_carea' id='block_1_109' title="bbox 221 5467 1796 5554">
    <p class='ocr_par' dir='ltr' id='par_1_109' title="bbox 221 5467 1796 5554">
     <span class='ocr_line' id='line_1_109' title="bbox 221 5467 1796 5554; baseline 0.014 -36"><span class='ocrx_word' id='word_1_602' title='bbox 221 5469 270 5519; x_wconf 73' lang='grc' dir='ltr'>οἱ</span> <span class='ocrx_word' id='word_1_603' title='bbox 297 5467 440 5535; x_wconf 80' lang='grc' dir='ltr'>ἆγιοι</span> <span class='ocrx_word' id='word_1_604' title='bbox 467 5470 741 5542; x_wconf 82' lang='grc' dir='ltr'>μάρτυρες</span> <span class='ocrx_word' id='word_1_605' title='bbox 764 5471 1086 5544; x_wconf 68' lang='grc' dir='ltr'>Νίκανδρος,</span> <span class='ocrx_word' id='word_1_606' title='bbox 1116 5479 1210 5531; x_wconf 74' lang='grc' dir='ltr'>καὶ</span> <span class='ocrx_word' id='word_1_607' title='bbox 1230 5480 1568 5551; x_wconf 77' lang='grc' dir='ltr'>Μαρκιανὸς.</span> <span class='ocrx_word' id='word_1_608' title='bbox 1599 5483 1796 5554; x_wconf 85' lang='lat' dir='ltr'><strong>Marty-</strong></span> 
     </span>
    </p>
   </div>
   <div class='ocr_carea' id='block_1_110' title="bbox 225 5560 1402 5626">
    <p class='ocr_par' dir='ltr' id='par_1_110' title="bbox 225 5560 1402 5626">
     <span class='ocr_line' id='line_1_110' title="bbox 225 5560 1402 5626; baseline 0.012 -15"><span class='ocrx_word' id='word_1_609' title='bbox 225 5560 364 5614; x_wconf 78' lang='lat' dir='ltr'><strong>rium</strong></span> <span class='ocrx_word' id='word_1_610' title='bbox 395 5569 710 5616; x_wconf 88' lang='lat' dir='ltr'><strong>sanctorum</strong></span> <span class='ocrx_word' id='word_1_611' title='bbox 745 5562 1000 5620; x_wconf 86' lang='lat' dir='ltr'><strong>Nicandri</strong></span> <span class='ocrx_word' id='word_1_612' title='bbox 1041 5577 1097 5622; x_wconf 89' lang='lat' dir='ltr'>et</span> <span class='ocrx_word' id='word_1_613' title='bbox 1128 5569 1402 5626; x_wconf 86' lang='lat' dir='ltr'><strong>Marciani.</strong></span> 
     </span>
    </p>
   </div>
   <div class='ocr_carea' id='block_1_111' title="bbox 291 5643 1791 5733">
    <p class='ocr_par' dir='ltr' id='par_1_111' title="bbox 291 5643 1791 5733">
     <span class='ocr_line' id='line_1_111' title="bbox 291 5643 1791 5733; baseline 0.009 -30"><span class='ocrx_word' id='word_1_614' title='bbox 291 5643 402 5703; x_wconf 81' lang='grc' dir='ltr'>Ἶίν</span> <span class='ocrx_word' id='word_1_615' title='bbox 431 5669 514 5715; x_wconf 89' lang='grc' dir='ltr'>τις</span> <span class='ocrx_word' id='word_1_616' title='bbox 545 5653 684 5722; x_wconf 76' lang='grc' dir='ltr'>ἀνὴρ</span> <span class='ocrx_word' id='word_1_617' title='bbox 718 5656 946 5726; x_wconf 81' lang='grc' dir='ltr'>μοναχὸς</span> <span class='ocrx_word' id='word_1_618' title='bbox 976 5657 1196 5730; x_wconf 80' lang='grc' dir='ltr'>ὀνόματι</span> <span class='ocrx_word' id='word_1_619' title='bbox 1227 5661 1594 5733; x_wconf 78' lang='grc' dir='ltr'>Ἀμφιλόχιος.</span> <span class='ocrx_word' id='word_1_620' title='bbox 1625 5659 1791 5728; x_wconf 74' lang='grc' dir='ltr'>Οὗτος</span> 
     </span>
    </p>
   </div>
   <div class='ocr_carea' id='block_1_112' title="bbox 222 5741 1790 5824">
    <p class='ocr_par' dir='ltr' id='par_1_112' title="bbox 222 5741 1790 5824">
     <span class='ocr_line' id='line_1_112' title="bbox 222 5741 1790 5824; baseline 0.011 -32"><span class='ocrx_word' id='word_1_621' title='bbox 222 5741 433 5804; x_wconf 81' lang='grc' dir='ltr'>δίκαιος</span> <span class='ocrx_word' id='word_1_622' title='bbox 456 5744 546 5795; x_wconf 69' lang='grc' dir='ltr'>καὶ</span> <span class='ocrx_word' id='word_1_623' title='bbox 572 5743 832 5816; x_wconf 80' lang='grc' dir='ltr'>Θεοσεόὴς</span> <span class='ocrx_word' id='word_1_624' title='bbox 865 5747 1131 5820; x_wconf 82' lang='grc' dir='ltr'>ὑπῆρχεν.</span> <span class='ocrx_word' id='word_1_625' title='bbox 1170 5751 1289 5805; x_wconf 87' lang='lat' dir='ltr'><strong>Vita</strong></span> <span class='ocrx_word' id='word_1_626' title='bbox 1340 5754 1514 5808; x_wconf 79' lang='lat' dir='ltr'><strong>sancti</strong></span> <span class='ocrx_word' id='word_1_627' title='bbox 1563 5755 1790 5824; x_wconf 83' lang='lat' dir='ltr'><strong>Amphi-</strong></span> 
     </span>
    </p>
   </div>
   <div class='ocr_carea' id='block_1_113' title="bbox 225 5833 1013 5906">
    <p class='ocr_par' dir='ltr' id='par_1_113' title="bbox 225 5833 1013 5906">
     <span class='ocr_line' id='line_1_113' title="bbox 225 5833 1013 5906; baseline 0.01 -20"><span class='ocrx_word' id='word_1_628' title='bbox 225 5834 380 5890; x_wconf 83' lang='lat' dir='ltr'><strong>lochii</strong></span> <span class='ocrx_word' id='word_1_629' title='bbox 422 5833 656 5906; x_wconf 85' lang='lat' dir='ltr'><strong>episcopi</strong></span> <span class='ocrx_word' id='word_1_630' title='bbox 698 5837 1013 5894; x_wconf 88' lang='lat' dir='ltr'><strong>lconiensis.</strong></span> 
     </span>
    </p>
   </div>
   <div class='ocr_carea' id='block_1_114' title="bbox 1901 5297 2866 5376">
    <p class='ocr_par' dir='ltr' id='par_1_114' title="bbox 1901 5297 2866 5376">
     <span class='ocr_line' id='line_1_114' title="bbox 1901 5297 2866 5376; baseline 0.007 -23"><span class='ocrx_word' id='word_1_631' title='bbox 1901 5308 2114 5353; x_wconf 88' lang='lat' dir='ltr'><strong>ctorum</strong></span> <span class='ocrx_word' id='word_1_632' title='bbox 2147 5297 2518 5371; x_wconf 84' lang='lat' dir='ltr'><strong>Quadraginta</strong></span> <span class='ocrx_word' id='word_1_633' title='bbox 2550 5303 2866 5376; x_wconf 85' lang='lat' dir='ltr'><strong>Martyrum.</strong></span> 
     </span>
    </p>
   </div>
   <div class='ocr_carea' id='block_1_115' title="bbox 1970 5389 3468 5470">
    <p class='ocr_par' dir='ltr' id='par_1_115' title="bbox 1970 5389 3468 5470">
     <span class='ocr_line' id='line_1_115' title="bbox 1970 5389 3468 5470; baseline 0.007 -25"><span class='ocrx_word' id='word_1_634' title='bbox 1970 5389 2128 5445; x_wconf 87' lang='grc' dir='ltr'>Κατὰ</span> <span class='ocrx_word' id='word_1_635' title='bbox 2157 5390 2285 5453; x_wconf 81' lang='grc' dir='ltr'>τοὺς</span> <span class='ocrx_word' id='word_1_636' title='bbox 2322 5394 2550 5465; x_wconf 84' lang='grc' dir='ltr'>χρόνους</span> <span class='ocrx_word' id='word_1_637' title='bbox 2570 5396 2840 5465; x_wconf 84' lang='grc' dir='ltr'>Τραϊανοῦ</span> <span class='ocrx_word' id='word_1_638' title='bbox 2859 5396 2954 5451; x_wconf 85' lang='grc' dir='ltr'>τοῦ</span> <span class='ocrx_word' id='word_1_639' title='bbox 2985 5397 3248 5468; x_wconf 83' lang='grc' dir='ltr'>βασιλέως</span> <span class='ocrx_word' id='word_1_640' title='bbox 3277 5401 3468 5470; x_wconf 86' lang='grc' dir='ltr'>γέγονέ</span> 
     </span>
    </p>
   </div>
   <div class='ocr_carea' id='block_1_116' title="bbox 1898 5485 3471 5561">
    <p class='ocr_par' dir='ltr' id='par_1_116' title="bbox 1898 5485 3471 5561">
     <span class='ocr_line' id='line_1_116' title="bbox 1898 5485 3471 5561; baseline 0.01 -27"><span class='ocrx_word' id='word_1_641' title='bbox 1898 5499 1980 5545; x_wconf 80' lang='grc' dir='ltr'>τις</span> <span class='ocrx_word' id='word_1_642' title='bbox 2012 5485 2170 5556; x_wconf 80' lang='grc' dir='ltr'>κόρη.</span> <span class='ocrx_word' id='word_1_643' title='bbox 2215 5489 2331 5544; x_wconf 83' lang='lat' dir='ltr'><strong>Vita</strong></span> <span class='ocrx_word' id='word_1_644' title='bbox 2381 5499 2436 5545; x_wconf 91' lang='lat' dir='ltr'>et</span> <span class='ocrx_word' id='word_1_645' title='bbox 2480 5491 2800 5561; x_wconf 86' lang='lat' dir='ltr'><strong>martyrium</strong></span> <span class='ocrx_word' id='word_1_646' title='bbox 2847 5501 3049 5548; x_wconf 63' lang='lat' dir='ltr'><strong>sanctae</strong></span> <span class='ocrx_word' id='word_1_647' title='bbox 3086 5490 3342 5549; x_wconf 71' lang='lat' dir='ltr'><strong>Eudocite</strong></span> <span class='ocrx_word' id='word_1_648' title='bbox 3371 5494 3471 5549; x_wconf 83' lang='lat' dir='ltr'>Sa-</span> 
     </span>
    </p>
   </div>
   <div class='ocr_carea' id='block_1_117' title="bbox 1899 5577 2200 5634">
    <p class='ocr_par' dir='ltr' id='par_1_117' title="bbox 1899 5577 2200 5634">
     <span class='ocr_line' id='line_1_117' title="bbox 1899 5577 2200 5634; baseline 0.013 -6"><span class='ocrx_word' id='word_1_649' title='bbox 1899 5577 2200 5634; x_wconf 73' lang='lat' dir='ltr'><strong>maritume.</strong></span> 
     </span>
    </p>
   </div>
   <div class='ocr_carea' id='block_1_118' title="bbox 1973 5667 3469 5742">
    <p class='ocr_par' dir='ltr' id='par_1_118' title="bbox 1973 5667 3469 5742">
     <span class='ocr_line' id='line_1_118' title="bbox 1973 5667 3469 5742; baseline 0.008 -25"><span class='ocrx_word' id='word_1_650' title='bbox 1973 5667 2108 5719; x_wconf 78' lang='grc' dir='ltr'>Κατ’</span> <span class='ocrx_word' id='word_1_651' title='bbox 2131 5668 2338 5722; x_wconf 80' lang='grc' dir='ltr'>ἐκεῖνον</span> <span class='ocrx_word' id='word_1_652' title='bbox 2372 5670 2462 5723; x_wconf 71' lang='grc' dir='ltr'>τὸν</span> <span class='ocrx_word' id='word_1_653' title='bbox 2489 5670 2679 5740; x_wconf 80' lang='grc' dir='ltr'>καιρὸν</span> <span class='ocrx_word' id='word_1_654' title='bbox 2733 5669 2874 5742; x_wconf 80' lang='grc' dir='ltr'>ἦμεν</span> <span class='ocrx_word' id='word_1_655' title='bbox 2925 5674 3122 5737; x_wconf 82' lang='grc' dir='ltr'>πάντες</span> <span class='ocrx_word' id='word_1_656' title='bbox 3153 5677 3201 5727; x_wconf 78' lang='lat' dir='ltr'>oi</span> <span class='ocrx_word' id='word_1_657' title='bbox 3230 5676 3469 5729; x_wconf 85' lang='grc' dir='ltr'>ἀπόστο-</span> 
     </span>
    </p>
   </div>
   <div class='ocr_carea' id='block_1_119' title="bbox 1896 5757 3459 5836">
    <p class='ocr_par' dir='ltr' id='par_1_119' title="bbox 1896 5757 3459 5836">
     <span class='ocr_line' id='line_1_119' title="bbox 1896 5757 3459 5836; baseline 0.01 -29"><span class='ocrx_word' id='word_1_658' title='bbox 1896 5757 1976 5809; x_wconf 90' lang='grc' dir='ltr'>λοι</span> <span class='ocrx_word' id='word_1_659' title='bbox 1996 5759 2053 5809; x_wconf 80' lang='grc' dir='ltr'>ὲν</span> <span class='ocrx_word' id='word_1_660' title='bbox 2091 5757 2500 5831; x_wconf 84' lang='grc' dir='ltr'>Ἱεροσολύμοις.</span> <span class='ocrx_word' id='word_1_661' title='bbox 2526 5761 2740 5819; x_wconf 83' lang='lat' dir='ltr'><strong>Pcriodi</strong></span> <span class='ocrx_word' id='word_1_662' title='bbox 2766 5765 2939 5820; x_wconf 78' lang='lat' dir='ltr'><strong>sancti</strong></span> <span class='ocrx_word' id='word_1_663' title='bbox 2965 5764 3186 5821; x_wconf 65' lang='lat' dir='ltr'><strong>Tbomaz</strong></span> <span class='ocrx_word' id='word_1_664' title='bbox 3210 5767 3459 5836; x_wconf 89' lang='lat' dir='ltr'><strong>apostoli.</strong></span> 
     </span>
    </p>
   </div>
   <div class='ocr_carea' id='block_1_120' title="bbox 1970 5851 3458 5926">
    <p class='ocr_par' dir='ltr' id='par_1_120' title="bbox 1970 5851 3458 5926">
     <span class='ocr_line' id='line_1_120' title="bbox 1970 5851 3458 5926; baseline 0.006 -25"><span class='ocrx_word' id='word_1_665' title='bbox 1970 5851 2106 5903; x_wconf 85' lang='grc' dir='ltr'>Κατ’</span> <span class='ocrx_word' id='word_1_666' title='bbox 2139 5853 2344 5908; x_wconf 86' lang='grc' dir='ltr'>ἐκεῖνον</span> <span class='ocrx_word' id='word_1_667' title='bbox 2396 5855 2485 5908; x_wconf 69' lang='grc' dir='ltr'>τὸν</span> <span class='ocrx_word' id='word_1_668' title='bbox 2521 5857 2710 5922; x_wconf 73' lang='grc' dir='ltr'>καιρὸν</span> <span class='ocrx_word' id='word_1_669' title='bbox 2758 5857 3024 5924; x_wconf 85' lang='grc' dir='ltr'>Τραϊανοῦ</span> <span class='ocrx_word' id='word_1_670' title='bbox 3065 5857 3157 5912; x_wconf 82' lang='grc' dir='ltr'>τοῦ</span> <span class='ocrx_word' id='word_1_671' title='bbox 3203 5859 3458 5926; x_wconf 76' lang='grc' dir='ltr'>βασιλέως</span> 
     </span>
    </p>
   </div>
  </div>
