3826 6454
320 434 419 496 121

1029 440 1128 500 DE
1171 439 1514 500 SCRIPTIS
1554 441 1934 503 SYMEONIS
1971 446 2550 510 METAPHRASTE
2593 452 2983 513 DIATRIBA.

3456 453 3558 516 12?.

315 545 732 617 περιειληφότος
753 546 852 617 τὴν
901 546 1190 618 Ῥωμαίων
1234 550 1431 620 ἀρχήν.
1474 549 1784 621 Martyrium
1822 561 1888 618 ,οι

2024 557 2168 610 θέλων
2199 559 2296 630 τὴν
2340 560 2612 631 σωτηρίαν
2638 562 2807 632 αὐτῷ.
2844 561 2963 616 Vita
2996 569 3051 617 et
3076 561 3394 634 martyrium
3429 579 3559 618 san-

316 651 438 693 acta
469 638 644 692 sancti
678 638 912 708 Philippi
947 639 1202 708 apostoli.

393 731 795 792 Κωνσταντϊνος
847 730 946 801 τὴν
1015 729 1331 800 Ῥωμαϊκὴν
1385 730 1580 801 ἀρχὴν,
1625 726 1746 784 εἶτα
1792 734 1892 801 τῆς

318 823 585 891 ἀνατολῆς
619 824 980 894 ἐνεχειρίζετο
1010 826 1280 894 σκῆπτρα.
1332 824 1453 878 Vita
1498 825 1670 880 sancti
1737 823 1892 880 Pauli

321 915 696 983 homologetan.

390 1006 735 1074 Μαξιμιανοῦ
765 1004 1186 1077 ἡγεμονεύοντος
1215 1006 1314 1074 τῆς
1351 1006 1626 1071 Κιλικίας,
1653 1007 1746 1061 καὶ
1791 1023 1890 1061 πο-

321 1099 674 1169 λιτευομένης
703 1099 800 1169 τῆς
834 1100 1038 1169 μιαρᾶς
1086 1099 1277 1161 θυσίας
1309 1100 1418 1152 τῶν
1460 1101 1718 1154 εἰδώλων.
1747 1101 1891 1155 Mar-

323 1190 524 1258 tyrium
581 1190 751 1244 sancti
785 1188 1024 1254 Jattesii,
1067 1190 1159 1258 qui
1186 1199 1242 1244 et
1271 1189 1446 1244 Sozon
1481 1191 1663 1246 dictus
1694 1199 1796 1246 est.

391 1279 666 1343 Ματθαῖος
725 1278 1025 1340 ἀπόστολος
1069 1281 1165 1332 καὶ
1213 1280 1318 1350 μὴν
1375 1282 1766 1352 εὐαγγελιστὴς
1823 1276 1889 1355 ἧν

319 1373 386 1424 ὲκ
447 1371 658 1434 πόλεως
725 1370 1102 1439 Ἰερουσαλήμ.
1147 1373 1282 1425 Acta
1338 1373 1510 1427 sancti
1545 1373 1776 1443 apostoli
1838 1382 1893 1428 et

319 1457 669 1524 evangelista:
701 1456 964 1512 Matthxi.

391 1550 545 1602 Μετά
574 1550 671 1618 τὴν
702 1550 842 1603 κατά
871 1550 1048 1619 σάρκα
1075 1549 1169 1603 τοῦ
1196 1551 1471 1604 Δεσπότου
1519 1551 1675 1621 ήμῶν
1714 1550 1891 1622 Ἰησοῦ

318 1641 561 1709 Χριστοῦ
585 1643 677 1695 ἐπὶ
706 1642 809 1712 γῆν
863 1642 1151 1713 ἐλλαμψιν.
1203 1643 1522 1715 Martyrium
1569 1655 1889 1699 sanctorum

317 1737 717 1806 Attat-gyrorum
745 1735 955 1791 Cosme
997 1746 1053 1792 et
1094 1737 1340 1791 Damiani
1389 1739 1781 1792 Romanorum.

389 1825 609 1897 Μιχαὴλ
637 1827 896 1890 ἐπαινῶν,
921 1828 1010 1880 τὸν
1027 1827 1264 1899 Γαϐριὴλ
1285 1829 1660 1898 ἐπαινέσομαι.
1681 1829 1888 1882 Ταυτδν

317 1915 430 1986 γὰρ
467 1893 748 1987 Μιχαὴλῆ
799 1917 1042 1988 Γαϐριὴλ
1088 1893 1351 1983 ἐπαινεῖν,
1383 1919 1466 1972 ὅτι
1507 1893 1626 1982 ὅλος
1671 1921 1728 1972 ἐν
1758 1921 1881 1991 ὅλῳ.
1923 1893 1966 1948 Β

316 2005 589 2060 Landatio
632 2005 689 2060 in
735 2015 956 2063 sanctos
979 2007 1405 2080 archistrategos
1457 2007 1780 2064 Michaelem
1835 2018 1891 2065 et

318 2101 651 2156 Gabrielem.

387 2193 502 2246 Νῦν
558 2193 748 2260 καιρὸς
809 2194 1064 2266 εὔκαιρος
1106 2197 1244 2268 μετὰ
1271 2196 1366 2251 τοῦ
1427 2197 1886 2270 πνευματοφόρου

317 2285 485 2339 Δαυῖδ
523 2285 817 2355 ψάλλοντος
842 2291 1038 2351 εἰπεῖν,
1114 2289 1311 2358 Ἐγγὺς
1352 2288 1557 2359 Κύριος
1587 2292 1704 2352 τοῖς
1750 2307 1880 2344 συνε-

317 2379 728 2450 τετριμμένοις.
785 2379 1043 2435 Miracula
1103 2378 1480 2436 confessorum
1531 2379 1780 2437 Sauiouze
1837 2391 1894 2437 et

318 2470 524 2525 Guﬁa.

403 2563 462 2614 '0
522 2562 654 2625 Θεὸς
703 2564 730 2616 ὁ
775 2561 991 2626 αἰώνιος
1017 2564 1046 2616 ὁ
1072 2562 1243 2631 μέγας
1277 2563 1384 2616 ’καὶ
1423 2563 1755 2634 θαυμαστὸς,
1800 2563 1893 2617 καὶ

318 2653 512 2720 Πατὴρ
540 2654 633 2706 τοῦ
657 2656 860 2724 Κυρίου
911 2655 1070 2726 ἡμῶν
1087 2656 1264 2724 Ἰησοῦ
1289 2658 1547 2726 Χριστοῦ.
1583 2657 1893 2728 Martyrium

318 2753 632 2798 sanctorum
667 2745 919 2807 Anatolii,
950 2747 1226 2802 Eustachii
1257 2755 1310 2801 et
1345 2747 1644 2817 ThCOpisti.

410 2833 466 2888 '0
522 2837 792 2907 ἡμέτερος
821 2838 1232 2910 ἱστοριογράφος
1267 2839 1526 2902 Εὐσέὅιος
1566 2841 1728 2910 ἡνίκα
1796 2839 1894 2911 τὴν

318 2928 786 2999 ἑκκλησιαστικὴν
808 2930 1046 3000 ἔγραφεν
1086 2929 1474 3002 ίστορίανΝἰιει
1511 2941 1566 2986 et
1595 2947 1683 2988 res
1729 2942 1894 3003 gestae

320 3019 587 3088 Sylvestri
621 3034 772 3087 papae
793 3019 1041 3072 Romani.

393 3112 456 3163 Οί
492 3111 637 3178 ἆγιοι
680 3110 772 3162 τοῦ
839 3111 973 3164 Θεοῦ
1016 3109 1303 3164 ἀπόστολοι
1366 3113 1458 3166 καὶ
1513 3111 1894 3181 εὐαγγελισταὶ

318 3203 415 3255 καὶ
445 3202 740 3272 μάρτυρες,
771 3204 818 3255 oi
849 3203 938 3256 τὸν
966 3204 1193 3274 Σωτῆρα
1245 3205 1338 3256 καὶ
1370 3203 1572 3273 Κύριον
1605 3205 1760 3275 ἡμῶν
1791 3203 1897 3272 Ἰη-

321 3267 724 3365 σοῦννΧριστόν.
759 3293 1023 3350 Dormitio
1056 3267 1230 3350 sancti
1248 3267 1474 3365 apostoli
1533 3305 1590 3349 et
1626 3267 1893 3365 "evange-
1921 3267 1966 3325 θ

320 3390 462 3444 listre
498 3387 681 3442 Lucae.

393 3484 452 3534 Οί
481 3482 604 3542 τοὺς
637 3480 876 3549 ἀγαθοὺς
915 3481 1009 3534 καὶ
1078 3483 1403 3548 σπουδαίους
1447 3483 1651 3554 ἄνδρας
1703 3483 1885 3549 ὲγκω-

321 3574 633 3644 μιάζοντες,
679 3575 881 3644 πρέπει
957 3575 1056 3646 μὲν
1114 3575 1290 3644 δήπου
1349 3574 1500 3648 [195]
1562 3573 1746 3642 σφίσιν
1793 3571 1892 3624 αὐ-

317 3670 450 3729 τοῖς.
481 3665 602 3720 Vita
632 3666 866 3722 Joannis
890 3665 1258 3738 imperatoris,
1292 3669 1385 3738 qui
1411 3676 1468 3722 et
1524 3665 1783 3722 Eleemon
1813 3663 1895 3719 di-

317 3771 441 3813 ClllS
476 3766 580 3813 est.

404 3851 464 3904 Ὀ
496 3851 701 3921 Κύριος
753 3851 909 3921 ἡμῶν
961 3851 1171 3922 Ἰησοῦς
1208 3852 1442 3924 Χριστὸς
1506 3852 1727 3925 ήπηγὴ
1799 3852 1897 3924 τῆς

323 3943 532 4009 σοφίας.
565 3943 684 3997 Vita
727 3942 898 3998 sancti
929 3942 1228 3999 Pachomii.

400 4039 462 4092 '0
494 4040 760 4110 μακάριος
792 4032 946 4102 οὗτος
983 4039 1184 4103 Ἀὄσᾶς
1235 4039 1508 4110 Δωρόθεος
1542 4038 1628 4092 τδν
1687 4036 1897 4108 μονηρῆ

320 4133 436 4202 βίον
465 4133 560 4185 σὺν
594 4131 714 4201 Θεῷ
746 4132 1156 4200 ἀσπασάμενος.
1211 4133 1335 4189 Vita
1389 4133 1564 4190 sancti
1627 4131 1894 4189 Dorotbei

320 4225 536 4279 abbatis
561 4234 617 4280 et
642 4224 878 4280 Dosithei
904 4224 1050 4278 illius
1088 4225 1358 4294 discipuli.

395 4320 550 4372 Ὅσοι
599 4320 712 4380 τοῖς
747 4317 842 4371 τοῦ
896 4318 1134 4390 Χριστοῦ
1199 4317 1517 4389 μυστηρίοις
1559 4317 1895 4388 προκόπτετε

319 4414 433 4474 τοῖς
468 4413 620 4479 ἐμοῖς
653 4410 914 4480 δάκρυσιν
947 4409 1297 4480 ἐπιϐλέψατε.
1331 4409 1440 4464 Res
1467 4417 1630 4478 gestae
1679 4416 1897 4464 sancto-

322 4518 445 4556 rum
475 4501 731 4573 Cypriani
760 4511 814 4556 et
840 4500 1092 4556 Justinze.

1994 647 2064 701 cti
2098 649 2359 704 Bonifacii
2394 653 2670 720 martyris.

2066 740 2334 808 Πάρεστιν
2361 742 2495 810 ἡμῖν
2517 739 2675 811 ἑορτὴ
2707 739 2940 812 σήμερον
2969 742 3158 813 ὥσπερ
3186 743 3414 814 ἀστέρος
3440 745 3564 796 ἐπι-

1992 831 2138 901 τολὴ,
2167 832 2259 884 καὶ
2288 832 2348 884 τὸ
2374 833 2577 902 ταύτης
2610 831 2828 901 φέγγος.
2870 834 3186 888 Encomium
3219 835 3272 888 in
3345 844 3566 890 sanctos

1995 924 2408 994 thanmatnrgos
2443 925 2780 994 Anargyros,
2815 924 3068 979 Cosmam
3096 935 3152 980 et
3182 926 3528 980 Damianum.

2064 1014 2216 1066 Πᾶσα
2242 1014 2383 1076 δόσις
2410 1013 2586 1083 ἀγαθὴ
2637 1015 2730 1065 καὶ
2757 1015 2862 1067 πᾶν
2890 1015 3137 1086 δώρημα.
3206 1013 3326 1070 Vita
3389 1015 3563 1070 sancti

1994 1105 2322 1173 Baripsabzn,
2354 1106 2444 1174 qui
2486 1106 2804 1170 sanguinem
2849 1121 2914 1160 ex
2958 1106 3129 1161 latere
3181 1105 3382 1161 Christi
3423 1105 3564 1160 etfu-

1993 1211 2112 1251 sum
2140 1197 2418 1251 cucurbita
2460 1198 2687 1266 accepit.
3041 1233 3048 1239 -

2063 1285 2198 1354 Περὶ
2224 1287 2320 1354 τῆς
2346 1286 2402 1336 ὲν
2423 1285 2598 1355 χρόνῳ
2643 1285 2739 1355 μὲν
2765 1286 3066 1356 γενομένης
3093 1283 3355 1354 ἀκεραίας
3383 1281 3564 1336 διαλῦ-

1995 1392 2152 1438 σεως,
2184 1375 2401 1427 αἰωνίου
2434 1375 2488 1427 δὲ
2518 1376 2595 1438 είς
2625 1376 2886 1443 οὐρανοὺς
2937 1374 3283 1444 ἀναλήψεως.
3340 1372 3411 1427 De
3439 1388 3563 1426 cor-

1989 1480 2127 1536 pore
2161 1481 2376 1535 semper
2413 1465 2645 1536 Virginis
2667 1465 2868 1530 Mariae,
2900 1474 2955 1520 et
2980 1480 3149 1520 sacra:
3189 1464 3334 1518 illius
3364 1463 3564 1518 animae

1993 1557 2386 1623 assumptione.

2063 1646 2277 1699 Πολλῶν
2313 1645 2532 1713 ἀγαθῶν
2561 1644 2656 1698 καὶ
2683 1645 3016 1716 ψυχωφελῶν
3044 1644 3375 1716 εὐεργεσιῶν
3433 1646 3549 1708 τοῖς

1993 1737 2276 1808 φιλοθὲοις.
2301 1737 2425 1791 Vita
2455 1739 2627 1792 sancti
2655 1737 2844 1792 Jacobi
2892 1739 3169 1791 monachi.

2065 1830 2285 1900 Πρῶτον
2309 1830 2495 1900 τίθημι
2521 1829 2597 1899 τῷ
2629 1831 2769 1899 λόγῳ
2800 1830 2893 1882 τὸν
2929 1829 3132 1883 ’A66c‘iv
3147 1829 3420 1898 Ἰωάννην.
3441 1827 3563 1882 Vita

1993 1922 2165 1976 sancti
2193 1921 2417 1976 Joannis
2446 1905 2684 1991 episeopi
2715 1929 2771 1976 et
2807 1917 3150 1996 Hesychastze
3216 1920 3408 1974 Laurus
3439 1935 3565 1974 san-

1991 2016 2066 2071 cti
2105 2017 2282 2070 Sabae.

2063 2109 2270 2179 Τέρπει
2330 2107 2428 2178 μὲν
2457 2107 2551 2160 καὶ
2603 2104 2805 2175 λειμὼν
2839 2102 3168 2174 πολυανθὴς,
3206 2103 3305 2156 καὶ
3357 2101 3564 2170 εὐώδης

1993 2202 2152 2256 ὕδασί
2179 2218 2239 2254 τε
2289 2198 2507 2254 διειδέσι
2573 2198 2934 2269 κατάρρυτος.
2994 2194 3260 2250 Laudatio
3313 2192 3565 2264 Procopii

1992 2294 2268 2366 martyris.

2065 2387 2177 2455 Τῆς
2206 2385 2577 2448 Ἀναστάσεως
2620 2382 2712 2438 τοῦ
2755 2380 2960 2454 Κυρίου
2983 2379 3141 2451 ἡμῶν
3197 2376 3372 2449 Ἰησοῦ
3427 2378 3565 2448 Χρι-

1994 2481 2141 2545 στοῦ,
2171 2482 2263 2534 καὶ
2309 2479 2412 2549 τῆς
2440 2478 2646 2544 ἐνδόξου
2674 2475 2838 2530 αὐτοῦ
2877 2475 3221 2545 ἀναλήψεως.
3251 2469 3565 2541 Martyrium

1994 2581 2195 2627 sanctae
2248 2570 2490 2623 Mai-inae.

2063 2661 2173 2729 Τῆς
2195 2659 2478 2728 εἰδωλικῆς
2508 2657 2668 2719 ἀλύος
2694 2657 2836 2711 κατὰ
2866 2657 3047 2725 πάσης
3075 2649 3566 2719 διασκεδασθείσης

1993 2753 2093 2823 τῆς
2121 2751 2465 2822 οἰκουμένης.
2496 2750 2808 2820 Martyrium
2838 2748 2894 2802 S.
2923 2745 3379 2802 Panteleemonis.

2064 2846 2173 2916 Τῆς
2197 2843 2291 2896 τοῦ
2343 2844 2594 2912 Σωτῆρος
2623 2842 2778 2913 ἡμῶν
2831 2841 3007 2910 Ἰησοῦ
3065 2836 3299 2908 Χριστοῦ
3340 2834 3568 2902 οὐρανό-

1995 2937 2085 2990 θεν
2153 2934 2613 3004 ὲνανθρωπήσεως
2671 2934 2765 2985 καὶ
2820 2933 2919 3002 τῆς
2968 2931 3180 2996 ἐνδόξου
3230 2925 3394 2980 αὐτοῦ
3442 2927 3566 2978 ἐπι-

1997 3027 2243 3098 φανείας.
2277 3025 2592 3096 Martyrium
2619 3024 2790 3079 sancti
2828 3021 3089 3092 Aquilini.

2066 3119 2175 3186 Τῆς
2193 3118 2302 3171 τῶν
2342 3116 2625 3184 Ῥωμαίων
2649 3113 3124 3183 καταυγασθείσης
3147 3111 3252 3164 ὐπὸ
3285 3108 3438 3179 ἡλίου
3466 3106 3567 3177 τῆς

1998 3208 2371 3276 δικαιοσύνης,
2433 3207 2750 3277 Martyrium
2801 3205 2976 3259 sancti
3005 3203 3189 3258 Jacobi
3222 3201 3424 3255 Persaz.

2071 3303 2246 3371 Τιμᾷν
2273 3303 2420 3353 ἐστιν
2447 3299 2596 3364 ἄξιον
2633 3301 2758 3362 τοὺς
2781 3297 3155 3369 ὲφευρηκότας
3180 3293 3249 3346 τὰ
3271 3293 3556 3354 κάλλιστα,

1998 3394 2090 3446 καί
2123 3392 2472 3463 περικαλλέσι
2512 3392 2604 3444 καὶ
2625 3391 2886 3454 ποικίλοις
2916 3391 3217 3460 στεφάνοις.
3245 3384 3368 3440 Vita
3397 3381 3568 3438 sancti

1997 3485 2206 3540 Cosmae
2231 3484 2450 3538 melodi.

2070 3573 2218 3646 [124]
2252 3572 2356 3626 Τοῦ
2389 3569 2761 3642 ἀναχωρητοῦ,
2816 3571 2911 3624 καὶ
2947 3571 3164 3625 πάντων
3199 3570 3569 3642 ἀναχωρητῶν

1997 3667 2219 3738 ἀρίστου
2269 3662 2571 3735 Κυριακοῦ.
2629 3663 2751 3718 Vita
2783 3662 2958 3718 sancti
3025 3660 3236 3734 Cyriaci
3275 3661 3469 3716 Laurai
3504 3659 3564 3714 S.

1997 3756 2176 3814 εδοξε.

2068 3851 2176 3904 Τοῦ
2226 3848 2434 3922 Κυρίου
2457 3849 2614 3920 ἡμῶν
2640 3846 2822 3916 Ἰησοῦ
2891 3845 3130 3916 Χριστοῦ
3198 3845 3570 3914 βασιλεὺοντος

1999 3946 2146 3998 πᾶσα
2179 3943 2377 4013 πλάνη.
2426 3945 2522 3997 καὶ
2571 3939 2857 4010 δαιμονικὴ
2901 3939 3124 4010 λατρεία
3175 3938 3360 4010 ἐλύθη.
3411 3938 3572 3992 Mira

1989 4036 2117 4092 .cula
2147 4045 2459 4092 sanctorum
2492 4033 2703 4090 Cosmae
2730 4041 2786 4088 et
2812 4030 3078 4086 Damiani.

2068 4129 2176 4183 Τοῦ
2228 4126 2645 4198 μακαριωτάτου
2681 4127 2774 4178 καὶ
2830 4123 2984 4192 φίλου
3045 4122 3181 4176 Θεοῦ
3244 4121 3567 4196 Ἰλαρίωνος.

1999 4222 2117 4278 Vita
2144 4220 2318 4276 sancti
2350 4219 2665 4274 Hilarionis.

2065 4313 2172 4366 Τοῦ
2196 4313 2511 4386 παρανόμου
2542 4310 2633 4364 καὶ
2663 4307 3024 4363 ἁσεϐεστάτου
3045 4306 3344 4371 Μαξεντιου
3373 4320 3573 4374 τυραν-

1996 4404 2214 4469 νοῦντος
2244 4405 2343 4475 τὴν
2391 4401 2691 4474 βασιλειαν.
2728 4399 3046 4472 Martyrium
3099 4405 3305 4454 sanctae
3367 4395 3571 4451 Catha-

1998 4499 2153 4554 rinae.

393 4594 654 4666 Ὅσοιτῷ
714 4594 810 4648 τοῦ
863 4596 1164 4664 κορυφαίου
1224 4595 1334 4648 τῶν
1395 4594 1707 4648 ἀποστόλων
1767 4593 1896 4665 θείῳ
1927 4610 1973 4668 ο
2072 4588 2209 4652 Τοὺς
2237 4586 2556 4652 δοξάζοντας
2584 4603 2652 4656 με
2703 4583 2932 4650 δοξάσω,
2981 4581 3142 4652 φησὶν
3175 4581 3203 4633 ό
3233 4580 3366 4642 Θεὸς
3429 4580 3569 4632 ὐπο-

322 4689 487 4759 ερωτι
521 4687 794 4759 γινόμενοι
823 4688 1062 4757 κάτοχοι.
1089 4688 1143 4742 In
1169 4687 1548 4742 adorationem
1570 4687 1898 4743 venerandae

321 4780 548 4836 Catenae
576 4779 842 4850 principis
879 4781 1255 4850 apostolorum
1287 4778 1455 4836 Petri.

397 4873 528 4926 Ὅτε
549 4872 855 4943 Μάξιμῖνος
882 4875 911 4926 ό
940 4872 1203 4943 βασιλεὺς
1248 4872 1308 4925 ὲν
1361 4873 1426 4942 τῇ
1463 4868 1900 4923 Θεσσαλονικέων

321 4964 478 5034 διῆγε
493 4963 983 5036 πόλειΜειτιγιιίυω
1005 4963 1177 5020 sancti
1200 4962 1460 5020 Demetrii
1477 4959 1899 5018 Thessalonicae.

401 5056 466 5111 Ὀ
489 5057 581 5110 τδν
621 5057 795 5128 μέγαν
816 5059 916 5129 τῆς
976 5055 1206 5129 βροντῆς
1252 5054 1408 5125 γόνον
1464 5053 1902 5125 προτρεπόμενος

325 5150 587 5211 ἐπαινεῖν,
623 5148 756 5201 αὐτό
781 5165 870 5218 μοι
900 5144 1134 5201 δοκεῖτὸ
1159 5147 1302 5215 μέγα
1354 5145 1446 5198 τοῦ
1498 5143 1634 5198 Θεοῦ
1677 5143 1901 5212 Πνεῦμα

326 5243 616 5312 παραινεῖν
649 5243 910 5294 ἐπαινεῖν.
948 5238 1213 5294 Laudatio
1254 5236 1428 5293 sancti
1475 5235 1704 5292 Joannis
1760 5249 1898 5305 apo-

325 5333 450 5389 stoli
481 5342 537 5388 et
567 5332 930 5402 evangelista.

399 5418 569 5487 Οῦτος
597 5424 626 5476 ὁ
655 5424 847 5494 Πατὴρ
891 5421 1052 5492 ἡμῶν
1078 5420 1332 5492 Ἰωάννης
1389 5418 1612 5490 ὡρμᾶτο
1639 5417 1738 5488 μὲν
1792 5416 1901 5470 ἀπὸ

327 5515 426 5583 τῆς
451 5513 1012 5568 ΚωνσταντίνουΝίιο
1035 5513 1089 5567 in
1113 5511 1438 5582 compendio
1467 5508 1640 5565 sancti
1673 5507 1900 5564 Joannis

330 5609 370 5657 Α
382 5605 556 5660 ratzii.
1334 5662 1339 5665 χ

398 5692 569 5762 Οὗτος
608 5699 800 5761 όὸσιος
833 5696 1019 5767 Πατὴρ
1065 5693 1222 5766 ἡμῶν
1287 5692 1540 5764 Ἰωάννης
1601 5692 1898 5758 ἐπίσκοπος

329 5785 396 5858 ῆν
427 5789 668 5852 Γοτθίας.
709 5788 829 5842 Vita
860 5786 1030 5844 sancti
1054 5784 1280 5841 Joannis
1307 5784 1546 5854 episcopi
1571 5783 1753 5840 Gothi.

399 5879 782 5954 Φιλάνθρωπος
803 5880 895 5936 καὶ
929 5879 1171 5951 ἐλεήμων
1202 5877 1331 5942 Θεὸς
1359 5876 1491 5930 δάε).
1521 5877 1763 5949 προνοῶν
1806 5880 1897 5934 καὶ

1985 4683 2176 4754 ,φήτου
2204 4679 2418 4751 γλώττῃ
2447 4679 2813 4749 χρησάμενος.
2846 4675 2968 4730 Vita
3016 4675 3188 4729 sancti
3227 4672 3456 4729 Joannis
3475 4687 3571 4727 co-

2000 4780 2294 4846 gnomento
2331 4771 2561 4826 Acatzii.

2073 4865 2181 4921 Sed
2211 4879 2463 4934 quaenam
2524 4861 2744 4918 tandem
2795 4866 2959 4917 erunt
3021 4856 3400 4928 Metaphrasm
3450 4870 3572 4927 ger-

1999 4957 2208 5013 mana?
2241 4955 2564 5010 Examinent
2596 4953 2685 5008 alii
2727 4968 2792 5007 ac
2835 4951 3159 5022 diiudicent,
3215 4949 3412 5020 quibus
3448 4948 3570 5018 plus

2000 5048 2098 5104 otii
2129 5055 2232 5111 est,
2297 5055 2354 5100 et
2404 5045 2557 5099 labor
2605 5043 2798 5100 similis
2850 5041 3142 5105 incumbit,
3185 5040 3384 5110 quibus
3431 5053 3571 5108 opus

2000 5138 2141 5194 bene
2188 5149 2554 5206 prospereque
2587 5132 2867 5204 procedet.
2903 5131 3024 5201 Ipse
3043 5131 3166 5185 aliis
3206 5131 3368 5185 etiam
3403 5144 3571 5184 occu-

1999 5227 2311 5300 pationibus
2339 5226 2634 5280 distractus
2661 5240 2774 5279 non
2807 5223 3013 5292 recipio
3059 5222 3236 5277 simile
3263 5220 3567 5291 negotium;

2001 5321 2327 5390 coniungam
2362 5326 2546 5372 tamen
2580 5318 2806 5387 aliquot,
2835 5324 2896 5370 ut
2929 5314 3202 5384 quomodo
3273 5314 3375 5366 hoc
3443 5327 3570 5366 exa-

2001 5428 2128 5468 men
2177 5410 2396 5465 tractari
2437 5409 2748 5471 conveniat,
2793 5408 3120 5470 ostendam;
3176 5413 3374 5475 praster
3423 5402 3568 5457 enim

1977 5510 2300 5576 'prazsentes
2364 5500 2498 5554 duas
2552 5497 2775 5554 tabellas
2821 5497 3016 5551 addam
3065 5497 3301 5560 tertiam,
3359 5493 3413 5547 in
3463 5507 3570 5561 qua

2003 5594 2195 5652 ordine
2228 5607 2328 5648 suo
2369 5592 2685 5662 digerentur
2706 5589 2980 5644 nonnullae
3009 5588 3148 5644 Vitae
3177 5588 3245 5641 ab
3301 5585 3419 5655 ipso
3457 5583 3570 5638 Me-

2000 5689 2278 5760 taphraste
2307 5684 2652 5752 conscriptae,
2694 5681 2762 5737 de
2785 5681 2982 5751 quibus
3021 5693 3152 5733 sane
3213 5691 3374 5730 nemo
3398 5673 3564 5730 dubi~

2000 5780 2214 5846 taverit,
2257 5786 2316 5833 ut
2355 5793 2544 5833 earum
2577 5791 2702 5830 cum
2749 5775 2889 5838 aliis,
2972 5787 3094 5842 qum
3156 5768 3567 5840 quomodocun-

1998 5890 2103 5944 que
2133 5878 2450 5939 occurrunt,
2485 5868 2794 5934 collatione,
2827 5864 3092 5933 legitimas
3128 5877 3158 5918 a
3197 5859 3419 5927 spuriis,
3445 5857 3565 5914 cui-
