3826 6472
283 395 386 464 123

1593 415 1794 479 LEON
1800 417 1873 479 IS
1914 418 2222 480 ALLATII

3435 437 3539 501 ιει

281 523 519 579 cunque,
553 509 849 572 dummodo
877 512 1058 574 infans
1087 521 1312 579 omnino
1353 539 1463 580 non
1500 536 1604 594 est,
1649 530 1853 586 discer-

2006 532 2259 604 Ρωμαίων
2287 533 2430 608 ἀρχὴ
2459 537 2556 608 τῆς
2591 539 2876 613 βὰλυρᾶς.
2898 542 3213 618 Martyrium
3251 547 3308 604 S.
3345 549 3548 607 Catha-

281 616 412 656 ncre
441 603 622 660 liceat.
657 607 838 666 Habes
867 614 1163 684 suprajam
1195 631 1675 691 commemoratas,
1737 639 1859 696 qua:

282 693 352 748 ab
382 694 503 751 aliis
526 693 715 754 Grazce
751 709 805 755 ct
838 700 1032 760 Latine
1059 705 1222 764 editae
1265 718 1396 765 sunt
1434 729 1448 767 :
1501 729 1717 771 nccnon
1755 693 1768 696 ⁷
1805 728 1860 774 et

280 785 437 849 alias.
480 804 616 857 quas
649 794 949 864 scriptores
977 797 1092 864 alii,
1125 799 1255 856 dum
1283 818 1315 857 a
1342 803 1712 876 Metaphraste
1772 811 1854 865 sui

278 875 407 932 dicti
443 880 816 938 testimonium
847 895 1064 956 petunt,
1107 893 1431 949 nominatim
1479 875 1747 966 laudant;
1804 911 1861 957 et

278 970 477 1028 habeto
502 991 644 1031 nunc
681 979 801 1044 tibi,
844 990 900 1036 et
928 998 1130 1052 paucas
1165 987 1328 1044 hasce
1386 1005 1417 1044 a
1451 1007 1539 1048 me
1603 1002 1859 1065 tanquam

278 1060 667 1134 Metaphrastze
719 1073 973 1142 praprias
1028 1078 1166 1147 stylo
1211 1081 1470 1151 signatas.

344 1155 509 1224 Αἰγαὶ
543 1160 698 1224 πόλις
723 1163 815 1217 ἐπὶ
843 1165 1029 1237 κόλπῳ
1058 1169 1155 1238 μὲν
1177 1169 1256 1240 τῷ
1282 1171 1428 1242 ίονίῳ
1447 1174 1695 1248 κειμένη.
1717 1175 1860 1232 Mar-

274 1247 476 1317 tyrium
505 1248 606 1304 SS.
650 1251 874 1310 Zenohii
902 1266 956 1311 et
987 1256 1241 1316 Zenobiaz
1270 1261 1416 1319 illius
1455 1247 1680 1321 sororis.

345 1340 530 1394 Αίλίου
571 1343 852 1416 Ἀδριανοῦ
885 1346 1172 1418 Ῥωμαίων
1197 1354 1296 1423 μὲν
1324 1353 1725 1426 βασιλεύοντος,
1747 1360 1863 1415 δαί-

277 1449 406 1502 μοει
435 1434 491 1487 δὲ
537 1438 632 1490 καὶ
685 1440 927 1505 εἰδώλοις
983 1445 1262 1517 ἐπιμελῶς
1298 1449 1664 1516 δουλεύοντος.
1715 1453 1859 1509 Mar-

283 1530 480 1598 tyrium
512 1531 682 1585 sancti
708 1531 1033 1589 Eleutherii.

344 1619 508 1675 Ἀλλὰ
541 1623 660 1688 πῶς
689 1624 758 1679 ἀν
788 1644 874 1689 τις
901 1629 1051 1698 ἡμᾶς
1077 1629 1380 1698 ἀπαλλάξει
1408 1635 1593 1699 αίτίας
1617 1639 1715 1690 καὶ
1745 1639 1858 1708 μώ-

278 1725 416 1776 μων.
506 1709 762 1770 Narratio
822 1716 890 1770 de
967 1721 1432 1791 transportatione
1509 1726 1858 1796 reliquiarum

273 1796 500 1855 Joannis
527 1802 930 1875 Chrysostomi.

1964 621 2120 678 rinae.

2030 715 2259 783 Βλάσιος
2301 721 2330 774 6
2390 722 2600 793 μάρτυς
2652 724 2802 792 ἀξιον
2829 728 2925 785 τοῦ
2976 732 3182 786 τοιοῦδε
3224 733 3416 800 τέλους
3442 737 3545 806 τῆς

1963 807 2288 881 μαρτυρίας.
2347 810 2466 869 Vita
2491 823 2548 870 et
2590 819 2908 890 martyrium
2977 824 3150 879 sancti
3214 823 3377 882 Blasii
3428 827 3548 897 cpi--

1962 913 2141 970 scopi.
2979 948 2984 954 .

2031 991 2354 1050 Γυναικείαν
2392 997 2596 1070 ἀρετὴν
2645 999 2746 1070 τῆς
2787 1004 2898 1056 τῶν
2939 1005 3151 1077 ἀνδρῶν
3203 1008 3356 1062 οὐδὲν
3410 1009 3547 1062 ἀποο

1962 1087 2274 1157 λιιφθεῖσαν
2351 1091 2485 1143 πᾶσι
2549 1090 2804 1156 διεξιέναι
2857 1093 3154 1162 λυσιτελές.
3190 1099 3314 1155 Vita
3365 1110 3422 1156 et
3455 1117 3547 1156 res

1965 1188 2132 1251 gesta:
2159 1180 2216 1235 S.
2244 1180 2470 1253 Pelagine
2491 1183 2872 1242 Antiochenaa.

2033 1273 2222 1338 Δέκιος
2260 1275 2426 1345 ἡνίκα
2477 1277 2574 1331 καὶ
2604 1278 2959 1351 Βαλεριανός.
2985 1281 3299 1355 Martyrium
3326 1283 3386 1339 S.
3410 1285 3551 1339 Mer-

1963 1379 2123 1422 curti.

2033 1457 2453 1528 Διοκλητιανοςὸ
2493 1460 2784 1532 Ῥωμαίων
2811 1463 3178 1535 αὐτοκράτωρ
3194 1465 3430 1533 ἀναξίως
3440 1469 3550 1523 τῶν

1964 1548 2262 1620 σκήπτρων
2291 1549 2704 1621 ἐπιλαϐόμενος.
2763 1553 3177 1626 Martyriumls.
3231 1557 3472 1631 Georgii.

2031 1639 2412 1710 Διοκλητιανδς
2439 1641 2537 1713 τὴν
2600 1645 2980 1718 αὐτοκράτορα
3021 1631 3314 1718 Ῥωμαίοις
3346 1651 3550 1706 διέπων

1961 1731 2162 1803 ἀρχήν.
2201 1732 2515 1806 Martyrium
2538 1736 2636 1792 SS.
2689 1735 2874 1802 Probi,
2919 1739 3092 1795 laradi
3119 1749 3182 1796 et
3229 1742 3547 1799 Andronici.

2035 1826 2424 1898 Διοκλητιανοῦ
2455 1829 2550 1883 κοιλ⁷
2572 1831 2922 1902 Μαξιμιανοῦ
2945 1833 3055 1886 τῶν
3101 1833 3404 1898 δυσσεϐῶν,
3456 1839 3550 1892 καὶ

349 1893 542 1957 Ἀλλος
571 1895 670 1964 μὲν
700 1898 831 1953 ἀλλο
881 1918 936 1955 τι
989 1903 1089 1974 τῆς
1159 1905 1568 1980 θρυλλουμένης
1616 1911 1857 1977 διεξιέτω
1893 1893 2138 1972 Βάθέων
2191 1893 2291 1990 τὴν
2358 1920 2468 1975 τῶν
2507 1893 2802 1992 Ῥωμαίων
2852 1923 3148 1979 διεπόντων
3182 1893 3548 1999 ἀρχήνίηετ-

272 1985 519 2056 Κρήτης,
549 1992 576 2043 6
615 1991 714 2061 μὲν
763 1994 826 2047 τὸ
871 1995 1086 2064 κάλλος,
1142 2002 1172 2054 6
1219 2001 1276 2054 δὲ
1297 2003 1359 2055 τὸ
1421 2005 1674 2074 μέγεθος.
1711 2007 1857 2062 Mar-

274 2082 474 2150 tyrium
515 2095 828 2148 sanctorum
857 2090 1048 2148 decem
1080 2093 1135 2148 in
1159 2093 1320 2151 Creta
1346 2097 1542 2154 insula.

354 2175 684 2231 ’Δναστασία
729 2183 1002 2249 γυναικῶν
1051 2187 1085 2257 ἠ
1155 2187 1440 2261 καλλίστη,
1488 2191 1709 2264 Ῥώμης
1761 2195 1862 2266 μὲν

270 2265 374 2334 τῆς
424 2271 704 2341 περιδόξου
742 2275 928 2341 φυτὸν,
981 2278 1177 2346 γένους
1219 2281 1278 2334 δὲ
1318 2285 1670 2356 περιφανείᾳ.
1701 2285 1851 2342 Mar-

276 2357 471 2426 tyrium
519 2371 721 2419 sancta;
741 2366 1071 2425 Anastasia.

353 2449 590 2523 Ἀνδρῶν
627 2456 935 2532 φιλαρέτων
961 2462 1094 2532 βίος,
1128 2466 1226 2520 καὶ
1276 2469 1309 2538 ἡ
1344 2470 1447 2538 τῆς
1477 2470 1661 2525 αὐτῶν
1703 2469 1860 2526 πολι-

271 2540 421 2605 τείας
464 2544 719 2618 διήγησις
779 2553 876 2604 καὶ
926 2555 1064 2608 πᾶσι
1107 2556 1209 2624 μὲν
1253 2562 1367 2623 τοῖς
1409 2561 1672 2628 εὐσεϐῶς.
1741 2561 1857 2620 Vita

271 2641 324 2688 ct
350 2649 436 2691 res
465 2648 630 2708 gesta:
671 2640 730 2696 S.
754 2642 934 2702 Patris
957 2650 1134 2704 nostri
1160 2650 1427 2707 Abramii.

343 2728 631 2800 Ἀρκαδίου
667 2733 740 2790 τὰ
788 2736 1079 2809 Ῥωμαίων
1131 2742 1858 2822 διέποντοςσκῆπτρα.Μειι·-

272 2818 472 2889 tyrium
507 2825 678 2880 sancti
708 2827 898 2886 Jacobi
924 2831 1130 2890 Persae.

348 2911 508 2983 ’Δρτι
558 2916 908 2992 Μαξιμιανοῦ
980 2925 1234 3000 δεύτερον
1263 2929 1384 2995 ἔτος
1409 2933 1638 3001 ἄγοντος
1672 2937 1730 2989 ὲν
1781 2941 1852 3010 τῇ

269 3006 274 3031 ⁴
305 3001 574 3100 ξ’ωμαίων
609 3011 774 3083 ἀρχῃ,
825 3015 1042 3071 καὶτοῦ
1068 3020 1168 3092 τῆς
1244 3023 1498 3090 ἀσεϐείας
1557 3001 1850 3100 χειμῶνοέξ

272 3094 586 3166 Martyrium
621 3115 936 3163 sanctorum
977 3110 1110 3179 Indi,
1149 3115 1373 3173 Domnaa
1433 3129 1490 3174 et
1548 3094 1847 3180 sociorum.

345 3190 506 3287 Ἀρτι
536 3194 636 3264 μὲν
663 3199 697 3268 ἡ
726 3199 824 3269 τῆς
853 3201 1109 3268 ἀσεϐείας
1130 3207 1298 3279 ἀχλὺς
1345 3209 1568 3268 ἃπασαν
1623 3215 1851 3287 διεχεῖτο

271 3282 374 3352 τὴν
395 3285 746 3356 οἰκουμένην.
778 3291 1098 3367 Martyrium
1122 3302 1296 3356 sancti
1330 3301 1644 3374 Epimachi.

344 3376 408 3471 Ἄ
421 3393 504 3448 ρτι
517 3380 614 3452 τῆς
645 3383 924 3454 εὐσεϐείας
944 3391 1417 3466 ἀνελλαμπούσης,
1441 3400 1536 3452 καὶ
1559 3398 1654 3454 τοῦ
1683 3399 1861 3471 Εὐαγ-

270 3468 489 3536 γελικοῦ
551 3476 907 3549 κηρύγματος
933 3482 1024 3536 τὸν
1053 3486 1232 3541 πάντα
1259 3489 1484 3560 κόσμον.
1518 3490 1637 3547 Vita
1666 3503 1723 3550 et
1773 3468 1861 3553 res

275 3576 442 3640 gestae
463 3579 774 3628 sanctorum
803 3573 1015 3632 Cosmae
1040 3588 1095 3634 et
1113 3580 1384 3640 Damiani.

344 3655 996 3740 ’ΔρτιΝαϐουχοδονὸσορ
1041 3671 1070 3723 6
1101 3670 1356 3741 βασιλεὺς
1392 3675 1706 3749 Ἀσσυρίων
1755 3678 1858 3750 τὴν

286 3746 651 3823 Ἰερουσαλὴμ
682 3757 906 3830 πολέμῳ
950 3765 1464 3836 καταστησάμενος.
1499 3746 1860 3826 Commenta-

269 3839 388 3896 rius
408 3842 461 3896 in
488 3844 768 3902 Danielem
793 3853 1118 3922 prolibetam
1143 3865 1199 3911 et
1228 3868 1473 3914 sanctos.
1507 3868 1619 3917 tres
1653 3878 1853 3933 pueros

274 3930 424 4005 [ηε]
454 3938 736 4007 Ananiam,
770 3942 1019 4000 Azariam
1057 3956 1112 4002 ct
1140 3947 1442 4006 Mizaelem.

347 4023 508 4094 Ἀρι-ι
541 4026 642 4097 τῆς
670 4028 1003 4100 θεογνωσίας
1031 4037 1113 4100 είς
1150 4039 1328 4094 πάντα
1382 4042 1474 4097 τὸν
1512 4043 1858 4112 κοσμόννδια-

270 4115 615 4187 τρεχούσης.ῒ
645 4119 963 4194 Martyrium
998 4125 1098 4182 SS.
1127 4128 1398 4201 Eulampii
1455 4142 1511 4188 et
1539 4133 1852 4205 Eulampie.

344 4205 504 4275 ΙἈρτι
533 4208 601 4263 τὰ
669 4209 961 4284 Ῥωμαίων
1001 4217 1260 4291 σκῆπτρα
1293 4221 1574 4278 Θεοδοσίου
1608 4225 1702 4280 τοῦ
1729 4243 1860 4281 παιο

267 4295 356 4360 δἰς
385 4297 669 4367 Ἀρκαδίου
684 4304 924 4372 εὐσεϐῶς
950 4308 1297 4378 διιθύνοντος.
1331 4313 1451 4373 Vita
1479 4325 1536 4373 et
1574 4333 1664 4374 res
1689 4328 1858 4392 gestae

272 4389 328 4451 ὃ.
351 4388 724 4466 Euphrosynaa
746 4399 1148 4458 Alexandrinae.

343 4486 502 4556 Ἀρτι
549 4487 642 4540 τοῦ
703 4492 896 4557 παιδὸς
944 4496 1242 4568 Ζαχαρίου.
1302 4498 1751 4562 Commentarius
1799 4506 1858 4562 in

269 4588 522 4635 sanctum
554 4581 827 4640 Andream
891 4589 1222 4657 apostolum.

339 4673 500 4744 Ἀρτι
524 4675 619 4729 τοῦ
654 4680 755 4748 τῆς
816 4680 1204 4752 είδωλομανίας
1238 4683 1434 4753 νέφους
1485 4687 1586 4760 τὴν
1607 4690 1865 4764 οἰκουμέ-

272 4781 374 4836 νην
425 4766 558 4834 ὃλην
603 4768 972 4837 διαλαϐόντος.
1026 4773 1340 4848 Martyrium
1363 4777 1421 4834 S.
1475 4781 1717 4854 Georgii.

342 4861 505 4930 Ἀρτι
535 4861 813 4930 Τραϊανοῦ
847 4865 919 4919 τὰ
943 4868 1044 4939 τῆς
1072 4869 1364 4941 Ῥωμαίων
1411 4873 1694 4944 βασιλείας
1727 4879 1863 4950 σκῆο

265 4968 413 5023 πτρα
441 4954 868 5024 παραλαϐόντος,
892 4959 992 5031 τῆς
1029 4962 1351 5034 Ἀντιοχέων
1396 4968 1699 5040 ἐκκλησίας
1727 4971 1858 5026 ὲπί-

270 5062 495 5108 σκοπος.
536 5047 853 5119 Martyrium
893 5051 953 5106 S.
981 5052 1171 5125 lgnatii
1196 5057 1441 5130 episcopi
1504 5060 1857 5120 Antiocheni.

335 5137 726 5205 Βασιλεύοντος
791 5145 1179 5216 Διοκλητιανοῦ
1245 5151 1341 5204 καὶ
1381 5152 1729 5223 Μαξιμιανοῦ
1751 5157 1858 5211 τῶν

265 5228 357 5283 τοῦ
375 5231 609 5303 ἀληθοῦς
629 5235 902 5301 Βασιλέως
919 5240 1216 5309 πολεμίων.
1233 5240 1549 5316 Mar-tyrium
1573 5246 1632 5303 S.
1647 5249 1858 5306 Menum

267 5320 530 5393 Egyptii,
578 5327 672 5396 qui
747 5329 802 5383 in
879 5331 1104 5404 Cotyaio
1156 5339 1483 5408 martyrium
1528 5355 1728 5410 passus
1748 5351 1852 5398 est.

336 5418 729 5486 Βασιλεύοντος
762 5425 1152 5498 Διοκλητιανοῦ
1187 5433 1282 5484 καὶ
1302 5433 1672 5503 Μαξιμιανοῦ,
1704 5437 1858 5490 πᾶσα

268 5509 296 5579 ίι
348 5509 460 5562 τῶν
517 5509 805 5584 Ῥωμαίων
830 5516 993 5588 ἀρχή.
1018 5519 1140 5575 Vita
1179 5531 1490 5577 sanctorum
1558 5534 1857 5596 martyrum

269 5601 846 5675 Eustratii,Auxentii.
893 5609 1142 5683 Engenii,
1215 5612 1469 5670 Mardarii
1523 5623 1579 5672 et
1619 5617 1852 5674 Orestae.

331 5691 717 5763 Βασιλεύοντος
763 5699 860 5755 τοῦ
922 5702 1293 5760 ἀσεϐεστά-του
1353 5708 1448 5760 καὶ
1509 5707 1852 5780 παρανόμου.

264 5780 583 5857 Martyrium
647 5789 704 5846 S.
733 5790 1205 5852 Pantcieemonis.

338 5870 728 5950 Βασιλιύοντος
782 5887 875 5944 τοῦ
908 5889 1280 5948 ἀσεϐεστάτου
1312 5891 1620 5961 Μαξιντίου
1649 5895 1682 5965 ἡ
1745 5896 1854 5952 τῶν

1965 2008 2165 2078 tyrium
2216 2020 2530 2068 sanctorum
2573 2013 2999 2088 Anargyrorum,
3035 2019 3269 2087 Cosmw,
3306 2020 3550 2076 Damiati

1965 2111 2021 2155 et
2085 2102 2362 2157 sociorum
2402 2115 2724 2177 martyrum.

2035 2191 2422 2264 Διοκλητιανοῦ
2476 2196 2548 2250 τὰ
2608 2197 2899 2269 Ῥωμαίων
2955 2200 3212 2273 σκῆπτρα
3245 2202 3547 2268 διέποντος.

1962 2285 2205 2354 Πρίσκου
2234 2304 2295 2340 τε
2352 2289 2486 2361 περὶ
2537 2289 2640 2362 τὴν
2703 2292 2914 2348 Ἀσίαν.
2973 2293 3287 2368 Martyrium
3326 2296 3384 2352 S.
3438 2297 3548 2352 Eii-

1963 2377 2221 2448 phcmirc.

2033 2471 2227 2536 Διττάς
2295 2475 2429 2544 ἡμῖν
2496 2475 2862 2542 Ἀναστασίας
2902 2472 3008 2532 εἶδε
3065 2495 3359 2547 γνωριςειν
3415 2495 3553 2534 επι-

1960 2564 2151 2633 φανεῖς
2203 2565 2305 2634 μὲν
2351 2567 2519 2636 ἄμφω
2559 2567 2621 2620 τὸ
2640 2568 2784 2622 κατά
2815 2571 2993 2640 σάρκα
3025 2570 3201 2639 γένος.
3235 2569 3356 2627 Vita
3375 2581 3432 2628 et
3461 2587 3550 2627 res

1959 2667 2125 2728 gestas
2154 2668 2355 2714 sancta;
2403 2661 3018 2718 Athanasiaz'Romante.

2041 2772 2290 2841 Ἐγένετο
2339 2773 2478 2844 μετά
2545 2775 2605 2828 τὸ
2656 2777 2898 2844 πατάξαι
2947 2777 3174 2850 Κύρῦν.
3229 2777 3548 2849 Martyrium

1959 2861 2016 2918 S.
2089 2864 2283 2921 Basilei
2306 2866 2550 2937 episcopi
2582 2868 2837 2923 Amasim.
3309 2914 3334 2926 ,

2031 2957 2180 3011 Ἔδει
2239 2957 2366 3028 μὲν,
2410 2952 2455 3012 ὦ
2500 2960 2794 3031 ίερωτάτη,
2831 2961 2926 3014 καὶ
2955 2959 3338 3026 θεοσύλλεκτος
3363 2961 3548 3034 ἄθροι-

1954 3065 2038 3112 σις
2091 3049 2182 3103 τὸν
2215 3050 2314 3104 νῦν
2375 3052 2646 3122 σήμερον.
2709 3052 2833 3107 Vita
2865 3054 3039 3109 sancti
3085 3054 3284 3108 Alexii.

2024 3141 2086 3194 El
2137 3141 2231 3195 καὶ
2287 3142 2495 3197 δικαίου
2549 3144 2679 3213 μετ’
2714 3144 3004 3217 ἐγκωμίων
3057 3145 3344 3201 τελεῖσθαι.
3395 3144 3555 3201 Com-

1886 3251 1930 3309 ε
1964 3233 2266 3290 mentarius
2302 3235 2356 3290 in
2388 3246 2639 3292 sanctum
2681 3237 2883 3294 Lucam
2905 3242 3236 3311 apostolum.

2048 3326 2111 3379 El
2136 3327 2231 3380 καὶ
2263 3328 2474 3400 πρῶτοι
2513 3329 2722 3398 Πέρσαι
2754 3332 2987 3403 Χριστὸν
3047 3336 3110 3387 ἐκ
3142 3333 3416 3404 Παρθένου
3438 3351 3554 3402 γενο

1965 3416 2210 3488 νώμενον
2239 3422 2678 3492 προσεκύνησαν.
2707 3423 2996 3479 Certamen
3018 3435 3326 3480 sanctorum
3353 3426 3554 3481 Christi

1968 3519 2266 3581 martyrum
2305 3511 2596 3583 Acindyni,
2624 3512 3266 3586 Pelagii,Ancmpodisti,
3299 3515 3554 3584 Aphtho-

1966 3598 2041 3654 nii
2073 3610 2127 3655 et
2156 3601 2514 3674 Elpidiphori.

2039 3714 2191 3789 [-126]
2221 3717 2444 3784 Εἰκόνες
2503 3721 2599 3774 καὶ
2688 3720 2857 3775 πάλαι
2917 3724 3012 3776 καὶ
3080 3722 3403 3795 ἀνδριάντες
3463 3723 3553 3778 διὰ

1966 3805 2127 3860 τοῦτο
2169 3808 2390 3874 πάντως
2437 3813 2520 3875 είς
2568 3813 2661 3866 τὸν
2701 3813 2972 3885 ἡμέτερον
3025 3813 3140 3886 βίον
3195 3816 3550 3888 εἰσήχθησαν.

1972 3898 2094 3954 Vita
2140 3911 2195 3956 et
2227 3917 2313 3957 res
2337 3912 2504 3974 gestas
2537 3905 2595 3958 S.
2629 3903 2960 3960 Tlicoctistae
2993 3906 3228 3962 Lcsbize.

2037 3988 2168 4064 Εἶχε
2249 3996 2347 4065 μὲν
2403 3999 2436 4067 ἡ
2502 3998 2773 4067 ἐπιφανὴς
2817 3997 3180 4069 Νικομήδεια.
3234 3999 3550 4073 Martyrium

1967 4086 2144 4140 sancti
2181 4085 2329 4143 Petri
2366 4089 2766 4159 archiepiscopi
2810 4089 3194 4145 Alexandrini.

2039 4175 2168 4249 Εἶχε
2222 4181 2320 4251 μὲν
2341 4181 2408 4234 τὰ
2477 4181 2765 4253 Ῥωμαίων
2819 4182 3078 4254 σκῆπτρα
3131 4184 3392 4251 Λικίνιος,
3457 4188 3553 4240 καὶ

1969 4267 2234 4341 βασιλέων
2285 4271 2395 4326 τῶν
2421 4267 2610 4328 πάλαι.
2665 4273 2981 4346 Martyrium
3034 4275 3136 4330 SS.
3185 4274 3553 4348 Quadraginta

1967 4373 2290 4436 martyrum.

2037 4475 2166 4549 Εἶχε
2213 4480 2313 4551 μὲν
2361 4482 2433 4534 τὰ
2482 4481 2772 4552 Ῥωμαίων
2804 4485 3066 4556 σκῆπτρα
3103 4488 3451 4558 Μαξιμιανδς
3515 4492 3545 4543 6

1980 4569 2311 4642 Ἐρκούλιος.
2350 4572 2663 4644 Martyrium
2706 4576 2882 4630 sancti
2907 4577 3192 4634 Demetrii.

2036 4666 2292 4738 Ἐκράτει
2350 4667 2482 4721 ποτε
2525 4666 2597 4721 τά
2623 4669 2724 4738 τῆς
2751 4668 3029 4737 ἀσεϐείας,
3062 4672 3160 4726 καὶ
3181 4673 3422 4744 βασιλεῖς
3457 4678 3552 4732 ἐπὶ

1963 4758 2089 4822 τοὺς
2134 4759 2204 4812 τὰ
2230 4759 2576 4828 Χριστιανῶν
2630 4760 2963 4833 φρονοῦντας
3025 4763 3318 4835 ὲξέμηναν.
3349 4765 3547 4840 Marty-

1964 4851 2105 4906 rium
2142 4850 2199 4907 S.
2234 4850 2555 4908 Charitinas.

2048 4965 2280 5022 Ἐλύττα
2341 4966 2490 5021 κατὰ
2541 4969 2891 5040 Χριστιανῶν
2908 4970 3190 5042 Σαϐὡριος
3239 4976 3268 5026 6
3316 4973 3545 5044 Περσῶν

1964 5058 2244 5128 βασιλεύς.
2322 5059 2610 5116 Certamen
2667 5071 2982 5117 sanctorum
3042 5071 3340 5135 martyrum
3413 5067 3550 5122 Acc-

1962 5151 2171 5219 psimaz,
2202 5147 2426 5221 Iosephi
2458 5160 2512 5207 et
2534 5151 2806 5208 Aitltialae.

2035 5243 2255 5296 Ἔννοιά
2281 5261 2370 5313 μοι
2397 5244 2658 5309 πολλάκις
2690 5245 2933 5315 ςγέγονε,
2995 5246 3049 5300 τί
3091 5245 3299 5317 δήποτε
3345 5249 3536 5318 μυρίοι.

1963 5335 2204 5406 ποιηταὶ,
2246 5335 2296 5388 οἱ
2356 5335 2454 5406 μὲν
2483 5335 2757 5408 πολέμους
2816 5340 2910 5391 καὶ
2976 5337 3203 5409 ἔχθρας.
3272 5341 3374 5393 καὶ
3445 5344 3548 5404 τὰς

1961 5431 2264 5486 ἀπἀὐτῶν
2321 5434 2630 5508 συνέθηκαν
2669 5437 2979 5508 συμφοράς.
3033 5435 3156 5492 Vita
3194 5438 3368 5493 sancti
3402 5436 3549 5492 Mar—

1959 5528 2079 5583 cclli
2105 5528 2544 5582 archimandritas
2572 5530 2744 5584 sancti
2785 5531 3100 5585 monasterii
3126 5531 3544 5586 Acmmitarum.

2029 5619 2122 5672 Ἐν
2155 5618 2484 5692 Παλαιστίνῃ
2535 5621 2690 5685 πόλις
2712 5622 2861 5675 ἐστὶν
2897 5622 2999 5676 οὐκ
3034 5621 3259 5677 ἔλαττον
3312 5623 3347 5698 ἦ
3379 5622 3546 5676 πέντε

1962 5712 2055 5765 καὶ
2117 5712 2526 5781 τεσσαράκοντα
2575 5713 2825 5778 σταδίους
2868 5713 3145 5785 ἀπέχουσα
3175 5714 3375 5786 Γάζης.
3419 5713 3547 5770 Vit!

1959 5811 2011 5858 c;
2045 5819 2132 5859 res
2180 5813 2343 5876 gesta:
2391 5805 2561 5860 sancti
2594 5804 2898 5864 Hilarionis.

2047 5896 2401 5966 Επεχωρίαζε
2435 5897 2532 5966 μὲν
2553 5899 2644 5952 καλ
2679 5898 2941 5968 πρότερον
2969 5899 3067 5968 ἤδη
3091 5899 3149 5954 τὸ
3183 5899 3290 5953 τῶν
3315 5897 3542 5969 Ἄρεω-
