3826 6458
269 435 376 499 125

958 433 1054 493 DE
1091 429 1437 494 SCRIPTIS
1477 430 1858 492 SYMEONIS
1893 430 2476 496 METAPHRASTE
2519 437 2909 504 DIATRIBA.

3420 438 3528 503 126

272 543 381 595 νῶν
452 541 630 613 δόγμα
698 541 764 612 τῇ
809 539 1095 610 Ῥωμαίων
1120 538 1467 610 ἐπικρατείᾳ,
1532 537 1841 609 Martyrium
1869 542 1920 602 Α
2013 542 2356 612 Μαξιμιανοῦ
2373 543 2744 613 βασιλεύοντος
2765 548 2859 602 τοῦ
2877 549 3164 616 τυράννου,
3205 549 3421 619 καὶτῆς
3452 554 3535 603 οἱ⁴

272 641 590 685 sanctorum
633 627 892 683 Marciani
930 634 988 681 et
1032 627 1277 698 martyrii
1309 625 1576 681 Noceriae.

345 723 507 785 Ἔτος
552 721 652 792 μὲν
704 720 804 793 ήδη
855 719 1106 789 πέμπτον
1151 719 1460 790 ἐνειστήκει
1507 717 1588 787 τῷ
1635 718 1858 772 εὐσεϐεῖ

275 813 556 883 ἰουστίνῳ
603 812 705 882 τῆς
755 811 864 865 τῶν
891 811 1181 882 Ῥωμαίων
1207 810 1385 880 ἀρχῆς
1410 810 1520 863 τῶν
1560 810 1858 880 σκήπτρων

273 903 685 975 ἐπειλημμένῳ.
743 903 1054 974 Martyrium
1098 901 1153 956 S.
1184 901 1398 958 Arethae
1457 912 1513 958 et
1562 903 1855 958 sociorum.

343 998 530 1065 Ζήνων
573 995 672 1066 ήδη
722 996 824 1064 τὴν
880 994 1258 1066 αὐτοκράτορα
1321 994 1618 1064 Ῥωμαίοις
1651 994 1857 1048 διεῖπεν

273 1087 476 1156 ἀρχὴν.
513 1084 636 1141 Vita
683 1095 739 1140 et
789 1101 878 1142 res
959 1095 1124 1156 gestae
1155 1086 1214 1140 S.
1269 1085 1572 1142 Theodorae
1625 1085 1858 1140 Alexan-

276 1178 471 1234 tirinaa.

348 1271 489 1340 Ἤδη
554 1269 654 1340 μὲν
710 1269 810 1340 τὴν
869 1269 1022 1340 παρὰ
1069 1268 1162 1322 τοῦ
1227 1267 1534 1331 πλάσαντος
1578 1268 1726 1336 ἡμᾶς
1768 1267 1853 1320 δο-

273 1362 461 1414 Οεῖσαν
521 1361 879 1431 φυλάττοντες
901 1361 1144 1431 ἐντολήν.
1170 1359 1611 1418 Commentarius
1637 1360 1693 1414 in
1723 1374 1856 1415 san-

275 1458 421 1504 ctum
473 1449 780 1520 apostolum
812 1448 1156 1504 Matthaeum.

344 1538 455 1595 Ἦν
515 1543 622 1613 ἄρα
683 1542 779 1596 καὶ
826 1543 985 1595 τοῦτο
1019 1545 1120 1612 τῆς
1185 1541 1450 1612 μεγίστης
1515 1541 1705 1606 πάλαι,
1762 1541 1857 1593 καὶ

275 1637 752 1706 περιφανεστάτης
799 1637 860 1688 ὲν
919 1635 1076 1688 πόλει
1142 1635 1384 1705 Ῥώμης,
1440 1634 1513 1705 μὴ
1547 1635 1708 1704 μόνον
1777 1633 1856 1704 τῷ

276 1729 470 1783 κάλλει
521 1729 719 1798 κομᾷν.
777 1727 1112 1782 Vitasanctze
1130 1727 1376 1782 Melaniae
1411 1728 1696 1782 Romanae.

356 1819 555 1874 Ἦνίκα
593 1821 996 1884 Κωνσταντῐνος
1035 1821 1063 1874 ό
1099 1820 1195 1874 τοῦ
1248 1818 1488 1890 μεγάλου
1559 1819 1852 1871 Κωνσταν-

273 1913 424 1968 τίνου
461 1912 648 1984 τρίτος
679 1914 813 1977 υίός.
845 1912 1154 1969 Vitasancti
1181 1913 1328 1968 Pauli
1359 1912 1746 1982 liomologetaa.

345 2005 501 2058 Θείόν
552 2023 608 2059 τι
646 2005 835 2076 χρῆμα
909 2007 943 2076 ἠ
971 2004 1144 2076 ἁρετὴ
1169 2005 1264 2060 καὶ
1293 2005 1503 2059 πολλῶν
1547 2002 1695 2070 ἀξία.
1736 2000 1855 2059 Vita

280 2097 454 2152 sancti
485 2095 752 2166 Stephani
773 2096 1028 2166 junioris.

359 2177 650 2257 Ἰδουμαῖοι
716 2188 980 2260 πρόγονον
1039 2186 1255 2257 ἔχοντες
1289 2187 1383 2240 τὸν
1457 2185 1632 2241 Ἠσαῦ
1693 2187 1753 2254 ἐξ
1794 2180 1856 2242 οὗ

279 2280 374 2332 καὶ
397 2278 498 2350 τήν
519 2279 894 2351 προσηγρρίαν
942 2279 1265 2349 ἐσχήκασιν.
1307 2277 1748 2334 Commentarios
1789 2278 1848 2332 in

278 2370 512 2425 Abdiam
533 2371 874 2441 prophetam.

358 2460 658 2535 Ἱέρωνιτῷ
672 2463 902 2534 γενναίῳ
928 2461 1124 2532 πατρὶς
1153 2461 1254 2534 μὲν
1277 2460 1552 2533 ήδευτέρα
1566 2461 1676 2515 τῶν
1699 2463 1856 2515 Καπ-

280 2555 558 2618 παδοκῶν,
603 2556 759 2619 πόλις
787 2555 844 2610 δὲ
874 2555 1081 2611 Τύανα.
1108 2555 1420 2628 Martyrium
1481 2555 1540 2610 S.
1603 2554 1859 2610 Hieronis

281 2655 337 2700 et
391 2647 686 2714 sociorum,
737 2646 831 2718 qui
891 2646 947 2701 in
1019 2645 1278 2702 Melitene
1331 2645 1653 2717 martyrium
1699 2643 1850 2716 passi

281 2747 432 2794 sunt.

353 2831 545 2900 Ἴσμεν
578 2829 806 2893 πολλοὺς
830 2829 1067 2902 ἱστορίας
1110 2846 1169 2884 τε
1217 2829 1312 2884 καὶ
1342 2828 1512 2901 βίους.
1547 2829 1858 2903 Martyrium

281 2920 458 2974 sancti
487 2921 716 2992 apostoli
773 2920 1065 2977 Timothei.

352 3013 465 3066 Καὶ
513 3015 547 3084 ἡ
582 3013 839 3086 καλλίστη
871 3013 981 3067 τῶν
1011 3014 1218 3068 πόλεων
1243 3015 1276 3081 ἡ
1311 3013 1660 3085 Νικομήδους
1719 3016 1862 3086 φημὶ

281 3105 632 3176 Μαξιμιανοῦ
692 3104 786 3158 τοῦ
843 3104 1138 3165 δυσσεϐοῦς
1193 3102 1477 3173 ἄρξαντος.
1550 3102 1861 3176 Martyrium

283 3208 487 3254 sancta:
510 3198 740 3254 Julianaa
770 3198 826 3252 in
855 3199 992 3252 urbe
1030 3196 1383 3251 Nicomediae.

356 3294 472 3346 Καὶ
530 3292 750 3346 πάντων
803 3291 901 3362 μὲν
935 3290 1044 3344 τῶν
1095 3288 1239 3344 κατὰ
1279 3288 1414 3343 Θεὸν
1455 3288 1854 3360 πολιτευσαμέ-

283 3402 393 3438 νων
441 3385 470 3436 ό
525 3383 638 3454 βίος
693 3385 805 3446 τοῖς
856 3380 1139 3435 εύσεϐἐσιν
1191 3379 1626 3453 ὠφελιμότατος.
1659 3380 1779 3437 Vita
1810 3391 1865 3436 et

285 3492 378 3531 res
399 3485 567 3547 gesta:
587 3472 815 3530 Joannis
844 3474 1238 3544 Cbrysostomi.

357 3571 469 3622 Καὶ
516 3569 626 3622 τῶν
654 3568 828 3624 ἄλλων
872 3568 973 3639 μὲν
997 3568 1107 3623 τῶν
1127 3567 1367 3642 Χριστοῦ
1403 3563 1696 3636 μαρτύρων
1726 3563 1865 3620 ἆθλα

285 3659 424 3713 πολύ
445 3678 496 3713 τι
522 3661 616 3714 καὶ
645 3660 787 3732 μέγα
811 3664 920 3725 τοῖς
937 3661 1268 3724 σπουδαίοις.
1287 3658 1608 3732 Martyrium
1631 3654 1687 3712 S.
1703 3655 1866 3713 Boni-

289 3753 413 3808 facii
456 3752 712 3809 Romani.

358 3841 472 3896 Καὶ
516 3841 572 3895 τί
623 3843 732 3895 τῶν
790 3841 972 3895 καλῶν
1023 3841 1177 3896 ἔσται
1227 3844 1294 3913 τῇ
1351 3841 1562 3914 μνήμῃ,
1603 3842 1651 3895 εἰ
1684 3856 1865 3910 παραυ

287 3931 468 3994 διδοὺς
503 3931 596 3985 τὸν
629 3931 978 4003 ’Λμφιλοχίου
1020 3931 1130 4000 βίον
1176 3932 1458 4002 παρῆλθον
1491 3930 1644 4004 [127]
1713 3933 1865 4002 σιγῇ.

293 4023 414 4080 Vita
443 4023 505 4079 S.
535 4025 902 4096 Amphilochii
920 4025 1161 4096 episcopi
1193 4025 1516 4081 lconiensis.

363 4117 477 4170 Καὶ
499 4117 560 4171 τὸ
577 4119 704 4188 περὶ
748 4118 858 4172 τῶν
893 4117 1066 4172 ἄλλων
1099 4117 1270 4187 ἁγίων
1311 4115 1590 4182 διεξιέναι,
1623 4115 1721 4169 καὶ
1776 4114 1868 4168 διὰ

294 4209 540 4278 μνήμης.
609 4208 854 4264 Narratio
904 4209 972 4264 de
1023 4208 1288 4264 miraculo
1341 4206 1486 4261 facto
1525 4221 1556 4260 a
1607 4204 1882 4267 Michaéla

291 4300 634 4372 Archangelo
662 4301 806 4372 apud
833 4301 1070 4357 Cbonas.

368 4391 673 4446 Κάλλιστόν
726 4410 779 4446 τι
809 4392 1070 4464 χρῆμαή
1119 4392 1312 4463 ἀρετὴ,
1363 4390 1461 4446 καὶ
1509 4389 1668 4455 δόξαν
1735 4391 1869 4462 ὅσην

295 4483 572 4555 ὲγκώμιόν
601 4502 654 4538 τι
701 4485 796 4540 καὶ
830 4485 1224 4560 ὑπερκόσμιον.
1250 4483 1372 4541 Vita
1399 4485 1455 4540 S.
1482 4483 1730 4552 Gregorii
1752 4485 1867 4556 epi-

296 4574 450 4645 scopi
475 4575 837 4646 Agrigentini.

371 4665 547 4720 Καλολ.
598 4667 701 4738 μὲν
768 4667 864 4722 καὶ
898 4667 949 4721 ot
995 4666 1105 4720 τῶν
1165 4666 1459 4739 μαρτύρων
1521 4663 1694 4722 ἆθλοι.
1751 4665 1870 4721 Vita

298 4757 359 4814 s.
391 4758 560 4829 Alipii
584 4758 814 4831 suum.

370 4851 655 4923 Κομμόδου
727 4851 864 4922 μετὰ
917 4851 1142 4924 Μάρκον
1178 4851 1270 4905 τὸν
1341 4851 1510 4905 αὑτοῦ
1545 4849 1761 4921 πατέρα
1813 4849 1874 4903 τὸ

309 4943 603 5015 Ῥωμαίων
657 4943 936 5014 σκῆπτρον
996 4945 1236 5016 ἔχοντος.
1271 4945 1386 5000 Vita
1443 4952 1499 4999 et
1551 4946 1874 5014 martyrium

299 5048 505 5094 sanctae
526 5037 782 5108 Eugenia:
806 5047 862 5094 et
889 5039 1033 5094 illius
1067 5047 1377 5108 parentum.

374 5129 621 5187 Λικινίου
677 5127 772 5183 τοῦ
815 5129 1106 5193 δυσσεϐοῦς
1141 5127 1537 5199 βασιλεύοντος,
1573 5128 1781 5190 Λυσίας
1811 5127 1873 5180 τὸ

302 5222 603 5296 τηνικαῦτα
647 5220 772 5286 δοὺξ
795 5219 891 5275 ὢν.
924 5221 1236 5292 Martyrium
1265 5222 1322 5276 S.
1361 5220 1664 5280 Severiani.

374 5313 675 5371 Λουκιανοῦ
741 5313 837 5368 τοῦ
886 5313 1179 5377 δυσσεϐοῦς
1245 5315 1388 5368 κατὰ
1437 5314 1510 5368 τὰ
1570 5315 1670 5385 τῆς
1731 5315 1872 5387 ἑῴας

305 5409 448 5480 μέρη
509 5409 568 5462 ἐν
623 5405 915 5478 Βηθαγαϐῇ
983 5408 1086 5478 τῆς
1127 5406 1500 5477 Ἰεραπόλεως.
1565 5407 1875 5480 Martyrium.

303 5500 632 5570 S.Apostoli
690 5508 746 5554 et
785 5500 1038 5570 martyris
1089 5499 1333 5554 Ananiae.

372 5593 579 5663 Μάμας
616 5592 646 5644 ό
679 5591 851 5661 μέγας
897 5585 1052 5656 οὗτος
1087 5592 1180 5646 τοῦ
1211 5591 1449 5663 Χριστοῦ
1515 5593 1748 5664 μάρτυς,
1775 5593 1872 5647 καὶ

310 5684 646 5754 περιϐόητος.
705 5682 1015 5755 Martyrium
1067 5685 1236 5739 sancti
1268 5685 1570 5739 Mamantis.

371 5774 716 5845 Μαξιμιανδς
762 5777 792 5828 ό
841 5775 1094 5846 βασιλεὺς
1160 5777 1359 5848 πολλὴν
1411 5780 1540 5848 περὶ
1611 5779 1708 5851 τὴν
1765 5779 1873 5834 τῶν

309 5867 538 5930 εἰδώλων
609 5866 840 5932 πλάνην.
890 5867 1200 5933 Martyrium
1242 5869 1295 5924 S.
1347 5868 1616 5927 Barbarae.

1963 633 2235 704 κουμένης
2265 635 2449 705 σχεδὸν
2469 637 2710 709 ἀπάσης.
2737 637 3050 710 Martyrium
3080 649 3391 696 sanctorum
3417 641 3544 696 Ser-

1961 724 2032 796 gii
2053 734 2108 780 et
2140 725 2362 782 Bacchi.

2029 816 2371 886 Μαξιμιανοῦ
2393 819 2495 888 τῆς
2534 819 2813 890 βασιλείας
2857 821 3304 893 ἡγεμονεύοντος,
3337 824 3434 878 καὶ
3473 827 3539 878 τὰ

1967 907 2065 978 τῆς
2114 907 2391 972 ἀσεϐείας.
2432 909 2744 980 Martyrium
2777 913 2835 967 S.
2877 913 3154 968 Sosontis.

2029 1001 2374 1071 Μαξιμιανοῦ
2415 1002 2509 1055 τοῦ
2547 1003 2810 1074 τυράννου
2829 1004 2886 1057 τὸ
2917 1005 3172 1070 δυσσεϐὲς
3205 1006 3308 1060 ἀνὰ
3353 1010 3534 1061 πᾶσαν

1959 1093 2146 1161 σχεδόν
2173 1093 2272 1164 τὴν
2289 1095 2614 1165 οἰκουμένην
2642 1095 2887 1158 ἐκδόντος
2906 1096 3206 1166 διάταγμα.
3230 1094 3557 1170 Martyrium

1961 1186 2136 1240 sancti
2193 1184 2319 1240 Vari
2373 1187 2739 1241 etsociorum.

2029 1277 2359 1347 Μαξιμιανῷ
2423 1279 2517 1330 καὶ
2547 1278 2838 1349 Μαξιμίνῳ
2859 1281 2972 1341 τοῖς
3033 1277 3312 1348 βασιλεῦσι
3373 1281 3539 1351 πολῦή

1958 1383 2044 1430 τις
2099 1370 2192 1420 καὶ
2231 1367 2459 1436 ἄσχετος
2512 1368 2546 1438 ἡ
2585 1368 2750 1439 ὁρμή.
2786 1368 3105 1439 Martyrium
3159 1367 3217 1423 S.
3270 1367 3541 1423 Theodori

1973 1457 2226 1512 Teronis.

2032 1551 2308 1618 Μέγιστον
2338 1552 2417 1615 είς
2433 1552 2606 1622 ψυχῆς
2643 1552 2936 1622 ὠφέλειαν.
2971 1550 3092 1606 Vita
3123 1550 3180 1606 S.
3215 1549 3529 1621 Spiridonis

1963 1646 2245 1700 thaumatu
2255 1645 2354 1715 rgi.

2029 1739 2358 1808 Μεμνῆσθαι
2416 1738 2526 1790 τῶν
2591 1737 2730 1808 ὑπὲρ
2781 1736 3019 1808 Χριστοῦ
3043 1737 3342 1803 παθόντων,
3383 1738 3536 1804 εἴπερ

1959 1829 2084 1885 ἄλλο
2127 1847 2179 1882 τι
2251 1829 2524 1890 λυσιτελὲς
2581 1830 2674 1880 καὶ
2703 1827 3001 1896 ὠφέλιμον.
3075 1827 3387 1898 Martyrium
3415 1841 3533 1881 san-

1889 1900 1929 1954 Β
1960 1928 2173 1973 ctorum
2229 1918 2411 1988 Carpi.
2468 1917 2647 1990 Papyli
2677 1926 2730 1973 ει
2761 1919 3056 1973 sociorum.

2034 2011 2190 2066 Μετά
2238 2009 2611 2064 διακοσιοστὸν
2657 2011 2750 2064 καὶ
2782 2012 3152 2080 πεντηκοστὸν
3170 2011 3289 2073 ἔτος
3330 2009 3428 2077 τῆς
3450 2007 3545 2060 τοῦ

1963 2102 2165 2174 Κυρίου
2197 2103 2355 2174 ἡμῶν
2385 2101 2557 2174 Ἰησοῦ
2582 2101 2820 2172 Χριστοῦ
2854 2102 3197 2172 ἀναλήψεως.
3228 2100 3545 2172 Martyrium

1960 2195 2018 2253 S.
2045 2196 2340 2252 Clementis
2363 2194 2632 2266 Ancyrani
2663 2193 2928 2264 episcopi.

2038 2310 2194 2368 Μετὰ
2225 2311 2325 2384 τὴν
2350 2311 2620 2382 σωτήριον
2675 2310 2770 2363 ἐπὶ
2803 2310 2906 2379 γῆς
2960 2307 3055 2362 τοῦ
3112 2307 3287 2376 Λόγου
3358 2307 3547 2376 ἐπιδη-

1971 2405 2122 2478 μίαν.
2155 2405 2265 2460 Res
2298 2414 2462 2477 gestae
2485 2403 2726 2459 Cornelii
2784 2401 3170 2457 Centurionis.

2035 2495 2192 2550 Μετὰ
2219 2497 2318 2564 τὴν
2357 2494 2449 2548 τοῦ
2475 2494 2676 2565 Κυρίου
2707 2493 2803 2548 καὶ
2831 2491 3079 2561 Σωτῆρος
3112 2491 3270 2561 ήμῶν
3311 2490 3392 2554 είς
3455 2490 3546 2544 οὑ-

1967 2589 2128 2662 ρανδν
2177 2587 2466 2658 ἀνάληψιν.
2491 2587 2805 2658 Martyrium
2838 2585 3010 2640 sancti
3036 2583 3288 2639 Artemii.

2031 2680 2188 2736 Μετὰ
2247 2680 2345 2750 τήν
2385 2681 2480 2733 ἐπὶ
2552 2679 2657 2748 γῆς
2675 2677 2766 2731 τοῦ
2798 2677 3050 2746 Σωτῆρος
3110 2673 3352 2746 Χριστοῦ
3394 2691 3538 2746 παρ-

1960 2771 2167 2824 ουσίαν.
2233 2767 2548 2838 Martyrium
2597 2775 2906 2822 sanctorum
2959 2763 3155 2830 Menas,
3191 2763 3548 2833 Hermogenis

1965 2872 2022 2918 et
2070 2860 2368 2932 Eugraphi.

2040 2974 2376 3046 Νικητικοὺς
2420 2973 2639 3041 ἀγῶνας
2699 2968 2792 3025 τοῦ
2854 2970 3133 3042 μάρτυρος
3173 2968 3388 3038 Νικήτα
3416 2984 3542 3020 παν.

1963 3066 2298 3141 ηγυρίζομεν
2336 3069 2600 3138 σήμερον.
2631 3063 2944 3136 Martyrium
2985 3060 3265 3128 S.,Nicetae
3294 3060 3503 3118 Gotthi.

2039 3160 2147 3213 Τοῦ
2202 3159 2336 3213 Θεοῦ
2387 3159 2563 3228 Λόγου
2603 3156 2692 3212 διὰ
2717 3159 2822 3228 τὴν
2866 3158 2929 3210 ὲκ
2955 3157 3054 3225 τῆς
3084 3153 3368 3226 παρακοῆς
3399 3153 3548 3204 ἐπεν-

1901 3246 1942 3303 C
1982 3252 2236 3326 εχθεῖσαν
2275 3254 2408 3324 ἡμῖν
2439 3251 2550 3305 τῶν
2583 3247 2822 3320 -ἀγαοῶν
2879 3247 3174 3301 ἔκπτωσιν.
3233 3241 3548 3314 Martyrium

1966 3347 2141 3405 sancti
2175 3345 2402 3416 Longini
2471 3343 2826 3398 centurionis.

2038 3435 2416 3507 Νουμεριανοῦ
2471 3435 2540 3487 τὰ
2575 3434 2866 3502 Ῥωμαίων
2899 3431 3156 3501 σκῆπτρα
3203 3425 3352 3497 παρὰ
3393 3425 3541 3478 πατέ-

1967 3548 2079 3602 ρων
2137 3527 2516 3599 ὲνδεξαμένου.
2564 3523 2878 3596 Martyrium
2911 3521 2971 3576 S.
3022 3519 3236 3590 Babylaa
3309 3516 3548 3586 episc0pi

1965 3619 2301 3676 Antiocheni

2030 3729 2189 3787 Μετὰ
2217 3728 2278 3784 τὸ
2307 3725 2690 3797 διαγγελοῆναι
2715 3719 2990 3789 πανταχοῦ
3023 3719 3084 3771 τὸ
3113 3716 3384 3784 σωτήριον
3448 3715 3544 3780 κήο

1974 3841 2179 3898 ρυγμα.
2234 3819 2548 3891 Martyrium
2581 3817 2636 3870 S.
2689 3815 2906 3886 Sophim
2932 3821 2989 3868 et
3021 3810 3168 3865 illius
3209 3805 3445 3862 ﬁliorum
3477 3804 3531 3858 l’i

1968 3926 2142 3980 steos,
2175 3912 2380 3983 Elpidis
2397 3919 2452 3966 et
2483 3911 2714 3980 Agapes.
3366 3973 3374 3980 ο

2037 4004 2188 4079 1ιῖ8]
2214 4002 2464 4073 Ξενοφῶν
2505 4002 2533 4054 ὁ
2581 3999 2885 4070 Θαυμάσιος
2931 3995 3030 4073 ἔφυ
3079 4009 3176 4064 μεν
3225 3992 3288 4044 ὲκ
3340 3985 3553 4079 ταύτης.

1966 4078 2074 4151 τῶν
2096 4095 2328 4149 πόλεων.
2358 4091 2673 4162 Martyrium
2701 4088 2875 4144 sancti
2903 4081 3282 4156 Xenophontis
3312 4089 3370 4136 et
3403 4078 3549 4133 illius

1969 4189 2206 4244 ﬁliorum
2231 4184 2452 4241 Arcadii
2481 4191 2538 4240 et
2575 4181 2821 4238 Joannis.

2037 4306 2100 4358 0t
2155 4301 2297 4358 κατὰ
2324 4301 2414 4356 τὸν
2479 4298 2670 4370 καιρὸν
2694 4281 3098 4366 Πεντήκοστῆς.
3141 4293 3214 4346 De
3259 4295 3434 4346 morte
3491 4295 3554 4349 οι,

1967 4391 2353 4462 Assumptione
2404 4389 2464 4442 Β.
2485 4387 2666 4442 Mariae
2716 4384 2974 4456 Virginis.

2039 4487 2102 4539 Οἱ
2144 4484 2206 4539 τὸ
2264 4483 2512 4551 ἐπίγειον
2551 4479 2754 4552 κράτος
2785 4477 3068 4547 λαχόντες,
3123 4471 3219 4526 καὶ
3273 4470 3382 4524 τῶν
3451 4474 3551 4537 βασ,

1902 4586 1946 4642 ι)
1977 4575 2202 4632 σιλικῶν
2295 4573 2463 4645 ἡνιῶν
2516 4574 2615 4626 καὶ
2673 4571 2989 4639 σκήπτρων.
3063 4561 3328 4617 Laudatio
3380 4561 3559 4613 sancti

1981 4667 2231 4739 martyris
2260 4664 2455 4720 Basilei
2476 4660 2870 4732 archiepiscopi
2910 4656 3164 4713 Amasite.

2039 4758 2287 4822 Ὀκαινὸς
2343 4756 2436 4810 καὶ
2499 4755 2649 4822 ξένος
2710 4753 2808 4822 τῆς
2847 4747 3159 4820 Θαυμασίας
3182 4743 3352 4816 Ξένης
3403 4742 3544 4813 βίος.

1977 4853 2114 4908 Vita:
2162 4862 2218 4908 et
2266 4866 2355 4904 res
2419 4856 2585 4920 gesta:
2631 4854 2834 4903 sancta:
2869 4841 3140 4911 Eusebia,
3197 4855 3319 4910 qua:
3370 4836 3428 4890 in
3445 4835 3551 4890 XC!

1975 4959 2100 4999 nem
2125 4958 2324 4998 nomen
2359 4941 2668 4994 immutavit
2697 4953 2880 4993 suum.

2051 5055 2148 5108 Ὃν
2207 5053 2409 5123 τρόπον
2459 5049 2645 5102 αἰτῶν
2681 5047 3060 5119 προλαϐόντων
3115 5044 3288 5097 νόσων
3333 5039 3596 5108 σώματιρ

1976 5145 2072 5199 καὶ
2123 5143 2399 5214 πηρώσεις
2454 5140 2514 5194 ού
2550 5137 2806 5210 σμικρόν.
2865 5135 3004 5190 Vitae
3032 5131 3203 5189 sancti
3231 5125 3532 5184 Martiniani

2043 5234 2112 5286 '0
2170 5249 2222 5286 τι
2289 5231 2364 5301 μὴ
2404 5229 2538 5284 πολὺ
2589 5226 2700 5282 τῶν
2779 5225 3030 5294 ἀγγέλων
3096 5221 3405 5290 ἀφέστηκεν
3464 5218 3543 5270 ἄν·

1979 5323 2215 5395 θρωπος,
2265 5316 2488 5396 ᾖφησιν
2539 5324 2566 5376 ό
2623 5321 2768 5384 θεῖος
2821 5318 3002 5372 Δαυῖδ.
3038 5311 3560 5372 Commentariusin.

1977 5416 2034 5471 S.
2075 5415 2338 5470 Joannem
2369 5415 2673 5484 apostolum
2712 5411 3133 5481 Evangelistam.

2076 5508 2118 5560 Ο
2146 5506 2238 5560 τοῦ
2293 5506 2427 5560 Θεοῦ
2456 5506 2626 5574 Λόγος
2652 5505 2838 5566 ἁῖδίως
2865 5502 3037 5556 συνὼν
3085 5498 3164 5571 τῷ
3192 5496 3389 5566 Πατρί.
3417 5493 3551 5548 Mar-

1981 5597 2181 5670 tyrium
2240 5608 2554 5652 sanctorum
2610 5595 2812 5655 Guriae,
2879 5593 3187 5648 Sammonte
3235 5597 3292 5642 et
3320 5583 3497 5640 Abibi.

2048 5689 2432 5750 Οὐαλεντιανὸς
2481 5687 2620 5756 μετὰ
2648 5686 2744 5755 τὴν
2763 5683 3019 5753 τελευτὴν
3036 5676 3370 5734 ἰοϐινιανοῦ.
3418 5673 3542 5728 Vita

1979 5778 2149 5834 sancti
2183 5777 2463 5831 Ambrosii
2495 5773 2736 5844 epismpi
2765 5769 3176 5827 Mediolanenis.

2051 5869 2144 5933 Τίς
2179 5869 2276 5923 οὐκ
2335 5863 2442 5921 οἶδε
2483 5865 2580 5944 τὴν
2632 5863 2974 5940 Νικομήδους
3006 5860 3154 5924 ὅπως
3209 5859 3308 5941 μὶν
3340 5853 3552 5928 etuti);
