  <div class='ocr_page' id='page_1' title='image "/cluster/home/n/w/nwhite01/storage/ocr_20150623/114/hvd.32044019208123/069.png"; bbox 0 0 3826 6534; ppageno 0'>
   <div class='ocr_carea' id='block_1_1' title="bbox 270 446 371 513">
    <p class='ocr_par' dir='ltr' id='par_1_1' title="bbox 270 446 371 513">
     <span class='ocr_line' id='line_1_1' title="bbox 270 446 371 513; baseline -0.02 0"><span class='ocrx_word' id='word_1_1' title='bbox 270 446 371 513; x_wconf 76' lang='lat'><strong>127</strong></span> 
     </span>
    </p>
   </div>
   <div class='ocr_carea' id='block_1_2' title="bbox 1569 441 2185 505">
    <p class='ocr_par' dir='ltr' id='par_1_2' title="bbox 1569 441 2185 505">
     <span class='ocr_line' id='line_1_2' title="bbox 1569 441 2185 505; baseline 0.005 -3"><span class='ocrx_word' id='word_1_2' title='bbox 1569 441 1841 504; x_wconf 85' lang='lat' dir='ltr'><strong>LEONIS</strong></span> <span class='ocrx_word' id='word_1_3' title='bbox 1876 442 2185 505; x_wconf 83' lang='lat' dir='ltr'><strong>ALLATII</strong></span> 
     </span>
    </p>
   </div>
   <div class='ocr_carea' id='block_1_3' title="bbox 3423 399 3528 506">
    <p class='ocr_par' dir='ltr' id='par_1_3' title="bbox 3423 399 3528 506">
     <span class='ocr_line' id='line_1_3' title="bbox 3423 399 3528 506; baseline 0.01 -1"><span class='ocrx_word' id='word_1_4' title='bbox 3423 399 3528 506; x_wconf 71' lang='lat' dir='ltr'><strong>12&#39;s</strong></span> 
     </span>
    </p>
   </div>
   <div class='ocr_carea' id='block_1_4' title="bbox 264 549 1850 630">
    <p class='ocr_par' dir='ltr' id='par_1_4' title="bbox 264 549 1850 629">
     <span class='ocr_line' id='line_1_4' title="bbox 264 549 1850 629; baseline -0.007 -13"><span class='ocrx_word' id='word_1_5' title='bbox 264 579 323 616; x_wconf 85' lang='grc' dir='ltr'><strong>τε</strong></span> <span class='ocrx_word' id='word_1_6' title='bbox 353 558 446 613; x_wconf 71' lang='grc' dir='ltr'><strong>καὶ</strong></span> <span class='ocrx_word' id='word_1_7' title='bbox 474 555 756 629; x_wconf 82' lang='grc' dir='ltr'>μεγέθους.</span> <span class='ocrx_word' id='word_1_8' title='bbox 783 550 1097 624; x_wconf 71' lang='lat' dir='ltr'><strong>Martyrium</strong></span> <span class='ocrx_word' id='word_1_9' title='bbox 1123 549 1182 606; x_wconf 93' lang='lat' dir='ltr'><strong>S.</strong></span> <span class='ocrx_word' id='word_1_10' title='bbox 1212 550 1454 606; x_wconf 75' lang='grc' dir='ltr'><strong>Λιιιὶιὶιηί</strong></span> <span class='ocrx_word' id='word_1_11' title='bbox 1490 551 1732 622; x_wconf 80' lang='lat' dir='ltr'><strong>episcopi</strong></span> <span class='ocrx_word' id='word_1_12' title='bbox 1759 551 1850 605; x_wconf 89' lang='lat' dir='ltr'><strong>Ni-</strong></span> 
     </span>
    </p>
   </div>
   <div class='ocr_carea' id='block_1_5' title="bbox 1990 549 3549 630">
    <p class='ocr_par' dir='ltr' id='par_1_5' title="bbox 1990 552 3549 630">
     <span class='ocr_line' id='line_1_5' title="bbox 1990 552 3549 630; baseline 0.001 -23"><span class='ocrx_word' id='word_1_13' title='bbox 1990 568 2077 622; x_wconf 83' lang='grc' dir='ltr'><strong>ης.</strong></span> <span class='ocrx_word' id='word_1_14' title='bbox 2139 552 2457 627; x_wconf 76' lang='lat' dir='ltr'><strong>Martyrium</strong></span> <span class='ocrx_word' id='word_1_15' title='bbox 2506 555 2563 612; x_wconf 90' lang='lat' dir='ltr'><strong>S.</strong></span> <span class='ocrx_word' id='word_1_16' title='bbox 2611 557 2856 629; x_wconf 75' lang='lat' dir='ltr'><strong>Gregorii</strong></span> <span class='ocrx_word' id='word_1_17' title='bbox 2920 557 3123 630; x_wconf 77' lang='lat' dir='ltr'><strong>Magnae</strong></span> <span class='ocrx_word' id='word_1_18' title='bbox 3179 556 3452 612; x_wconf 70' lang='lat' dir='ltr'><strong>Armeniae</strong></span> <span class='ocrx_word' id='word_1_19' title='bbox 3493 563 3549 610; x_wconf 87' lang='lat' dir='ltr'><strong>et</strong></span> 
     </span>
    </p>
   </div>
   <div class='ocr_carea' id='block_1_6' title="bbox 266 649 651 707">
    <p class='ocr_par' dir='ltr' id='par_1_6' title="bbox 266 649 651 707">
     <span class='ocr_line' id='line_1_6' title="bbox 266 649 651 707; baseline -0.013 0"><span class='ocrx_word' id='word_1_20' title='bbox 266 649 651 707; x_wconf 87' lang='lat' dir='ltr'><strong>comediensis.</strong></span> 
     </span>
    </p>
   </div>
   <div class='ocr_carea' id='block_1_7' title="bbox 342 734 1853 815">
    <p class='ocr_par' dir='ltr' id='par_1_7' title="bbox 342 734 1853 815">
     <span class='ocr_line' id='line_1_7' title="bbox 342 734 1853 815; baseline -0.008 -19"><span class='ocrx_word' id='word_1_21' title='bbox 342 744 416 796; x_wconf 82' lang='grc' dir='ltr'><strong>Οὐ</strong></span> <span class='ocrx_word' id='word_1_22' title='bbox 472 741 597 807; x_wconf 84' lang='grc' dir='ltr'>ξένα</span> <span class='ocrx_word' id='word_1_23' title='bbox 647 737 905 790; x_wconf 80' lang='grc' dir='ltr'>Γαλατῶν</span> <span class='ocrx_word' id='word_1_24' title='bbox 931 734 1001 789; x_wconf 86' lang='grc' dir='ltr'><strong>τὰ</strong></span> <span class='ocrx_word' id='word_1_25' title='bbox 1029 736 1298 807; x_wconf 83' lang='grc' dir='ltr'>παρόντα,</span> <span class='ocrx_word' id='word_1_26' title='bbox 1353 735 1478 788; x_wconf 73' lang='grc' dir='ltr'>οὐδὲ</span> <span class='ocrx_word' id='word_1_27' title='bbox 1517 736 1853 815; x_wconf 80' lang='grc' dir='ltr'>όμολογητοῦ</span> 
     </span>
    </p>
   </div>
   <div class='ocr_carea' id='block_1_8' title="bbox 263 827 1852 902">
    <p class='ocr_par' dir='ltr' id='par_1_8' title="bbox 263 827 1852 902">
     <span class='ocr_line' id='line_1_8' title="bbox 263 827 1852 902; baseline -0.002 -15"><span class='ocrx_word' id='word_1_28' title='bbox 263 837 361 902; x_wconf 79' lang='grc' dir='ltr'>τῆς</span> <span class='ocrx_word' id='word_1_29' title='bbox 400 830 656 902; x_wconf 82' lang='grc' dir='ltr'>ἀληθείας</span> <span class='ocrx_word' id='word_1_30' title='bbox 689 830 965 898; x_wconf 84' lang='grc' dir='ltr'>ἀλλότρια.</span> <span class='ocrx_word' id='word_1_31' title='bbox 1004 827 1318 899; x_wconf 78' lang='lat' dir='ltr'><strong>Martyrium</strong></span> <span class='ocrx_word' id='word_1_32' title='bbox 1373 828 1546 882; x_wconf 88' lang='lat' dir='ltr'><strong>sancti</strong></span> <span class='ocrx_word' id='word_1_33' title='bbox 1589 828 1852 884; x_wconf 76' lang='lat' dir='ltr'><strong>Platonis.</strong></span> 
     </span>
    </p>
   </div>
   <div class='ocr_carea' id='block_1_9' title="bbox 339 918 1855 992">
    <p class='ocr_par' dir='ltr' id='par_1_9' title="bbox 339 918 1855 992">
     <span class='ocr_line' id='line_1_9' title="bbox 339 918 1855 992; baseline -0.002 -15"><span class='ocrx_word' id='word_1_34' title='bbox 339 926 412 978; x_wconf 90' lang='grc' dir='ltr'>Οὐ</span> <span class='ocrx_word' id='word_1_35' title='bbox 475 923 706 987; x_wconf 80' lang='grc' dir='ltr'>πολλοὺς</span> <span class='ocrx_word' id='word_1_36' title='bbox 755 924 1026 992; x_wconf 72' lang='grc' dir='ltr'>Αἴγυπτος</span> <span class='ocrx_word' id='word_1_37' title='bbox 1054 920 1191 973; x_wconf 76' lang='grc' dir='ltr'>ἐπὰν</span> <span class='ocrx_word' id='word_1_38' title='bbox 1221 920 1278 974; x_wconf 76' lang='grc' dir='ltr'>δὲ</span> <span class='ocrx_word' id='word_1_39' title='bbox 1320 919 1456 992; x_wconf 85' lang='grc' dir='ltr'>τέκῃ</span> <span class='ocrx_word' id='word_1_40' title='bbox 1479 957 1492 972; x_wconf 92' lang='grc'>.</span> <span class='ocrx_word' id='word_1_41' title='bbox 1531 918 1653 973; x_wconf 89' lang='lat' dir='ltr'><strong>Vita</strong></span> <span class='ocrx_word' id='word_1_42' title='bbox 1681 920 1855 974; x_wconf 88' lang='lat' dir='ltr'><strong>sancti</strong></span> 
     </span>
    </p>
   </div>
   <div class='ocr_carea' id='block_1_10' title="bbox 266 1013 503 1083">
    <p class='ocr_par' dir='ltr' id='par_1_10' title="bbox 266 1013 503 1083">
     <span class='ocr_line' id='line_1_10' title="bbox 266 1013 503 1083; baseline 0.008 -17"><span class='ocrx_word' id='word_1_43' title='bbox 266 1013 503 1083; x_wconf 75' lang='lat' dir='ltr'><strong>Parapii.</strong></span> 
     </span>
    </p>
   </div>
   <div class='ocr_carea' id='block_1_11' title="bbox 349 1101 1848 1177">
    <p class='ocr_par' dir='ltr' id='par_1_11' title="bbox 349 1101 1848 1177">
     <span class='ocr_line' id='line_1_11' title="bbox 349 1101 1848 1177; baseline -0.002 -18"><span class='ocrx_word' id='word_1_44' title='bbox 349 1107 464 1176; x_wconf 83' lang='grc' dir='ltr'><strong>Οὐχ</strong></span> <span class='ocrx_word' id='word_1_45' title='bbox 503 1105 676 1170; x_wconf 74' lang='grc' dir='ltr'>οὕτως</span> <span class='ocrx_word' id='word_1_46' title='bbox 733 1105 831 1177; x_wconf 76' lang='grc' dir='ltr'><strong>ἡδὺ</strong></span> <span class='ocrx_word' id='word_1_47' title='bbox 878 1103 956 1172; x_wconf 87' lang='grc' dir='ltr'>τῷ</span> <span class='ocrx_word' id='word_1_48' title='bbox 992 1103 1292 1174; x_wconf 84' lang='grc' dir='ltr'>φιλαρέτῳ.</span> <span class='ocrx_word' id='word_1_49' title='bbox 1320 1101 1760 1158; x_wconf 87' lang='lat' dir='ltr'><strong>Commentarius</strong></span> <span class='ocrx_word' id='word_1_50' title='bbox 1791 1102 1848 1156; x_wconf 90' lang='lat' dir='ltr'><strong>in</strong></span> 
     </span>
    </p>
   </div>
   <div class='ocr_carea' id='block_1_12' title="bbox 267 1193 1384 1264">
    <p class='ocr_par' dir='ltr' id='par_1_12' title="bbox 267 1193 1384 1264">
     <span class='ocr_line' id='line_1_12' title="bbox 267 1193 1384 1264; baseline -0.005 -12"><span class='ocrx_word' id='word_1_51' title='bbox 267 1206 523 1252; x_wconf 83' lang='lat' dir='ltr'><strong>sanctum</strong></span> <span class='ocrx_word' id='word_1_52' title='bbox 563 1195 834 1251; x_wconf 82' lang='lat' dir='ltr'><strong>Jacobum</strong></span> <span class='ocrx_word' id='word_1_53' title='bbox 922 1193 1384 1264; x_wconf 82' lang='lat' dir='ltr'><strong>Adelphotheum.</strong></span> 
     </span>
    </p>
   </div>
   <div class='ocr_carea' id='block_1_13' title="bbox 340 1285 1858 1364">
    <p class='ocr_par' dir='ltr' id='par_1_13' title="bbox 340 1285 1858 1364">
     <span class='ocr_line' id='line_1_13' title="bbox 340 1285 1858 1364; baseline -0.002 -20"><span class='ocrx_word' id='word_1_54' title='bbox 340 1293 514 1346; x_wconf 82' lang='grc' dir='ltr'><strong>Πάλαι</strong></span> <span class='ocrx_word' id='word_1_55' title='bbox 579 1292 678 1364; x_wconf 81' lang='grc' dir='ltr'>μὲν</span> <span class='ocrx_word' id='word_1_56' title='bbox 715 1293 774 1344; x_wconf 73' lang='grc' dir='ltr'><strong>ἐν</strong></span> <span class='ocrx_word' id='word_1_57' title='bbox 821 1290 1013 1354; x_wconf 80' lang='grc' dir='ltr'><strong>τύποις</strong></span> <span class='ocrx_word' id='word_1_58' title='bbox 1063 1285 1132 1361; x_wconf 78' lang='grc' dir='ltr'>ἦν</span> <span class='ocrx_word' id='word_1_59' title='bbox 1179 1289 1248 1344; x_wconf 83' lang='grc' dir='ltr'>τὰ</span> <span class='ocrx_word' id='word_1_60' title='bbox 1293 1289 1391 1358; x_wconf 85' lang='grc' dir='ltr'>τῆς</span> <span class='ocrx_word' id='word_1_61' title='bbox 1459 1287 1695 1350; x_wconf 81' lang='grc' dir='ltr'>πίστεως</span> <span class='ocrx_word' id='word_1_62' title='bbox 1762 1287 1858 1342; x_wconf 74' lang='grc' dir='ltr'>καὶ</span> 
     </span>
    </p>
   </div>
   <div class='ocr_carea' id='block_1_14' title="bbox 266 1377 1853 1456">
    <p class='ocr_par' dir='ltr' id='par_1_14' title="bbox 266 1377 1853 1456">
     <span class='ocr_line' id='line_1_14' title="bbox 266 1377 1853 1456; baseline -0.004 -16"><span class='ocrx_word' id='word_1_63' title='bbox 266 1386 608 1456; x_wconf 77' lang='grc' dir='ltr'><strong>αἰνίγμασιν,</strong></span> <span class='ocrx_word' id='word_1_64' title='bbox 639 1384 824 1439; x_wconf 84' lang='lat' dir='ltr'><strong>Sancti</strong></span> <span class='ocrx_word' id='word_1_65' title='bbox 857 1381 1096 1453; x_wconf 88' lang='lat' dir='ltr'><strong>Dionysii</strong></span> <span class='ocrx_word' id='word_1_66' title='bbox 1117 1380 1460 1451; x_wconf 73' lang='lat' dir='ltr'><strong>Areopagiue</strong></span> <span class='ocrx_word' id='word_1_67' title='bbox 1501 1377 1853 1449; x_wconf 81' lang='lat' dir='ltr'><strong>martyrium.</strong></span> 
     </span>
    </p>
   </div>
   <div class='ocr_carea' id='block_1_15' title="bbox 327 1463 1856 1545">
    <p class='ocr_par' dir='ltr' id='par_1_15' title="bbox 327 1463 1856 1545">
     <span class='ocr_line' id='line_1_15' title="bbox 327 1463 1856 1545; baseline -0.008 -15"><span class='ocrx_word' id='word_1_68' title='bbox 327 1476 502 1530; x_wconf 85' lang='grc' dir='ltr'>Πάλαι</span> <span class='ocrx_word' id='word_1_69' title='bbox 553 1474 653 1545; x_wconf 84' lang='grc' dir='ltr'>μὲν</span> <span class='ocrx_word' id='word_1_70' title='bbox 695 1476 796 1537; x_wconf 77' lang='grc' dir='ltr'><strong>τὰς</strong></span> <span class='ocrx_word' id='word_1_71' title='bbox 845 1463 986 1527; x_wconf 82' lang='grc' dir='ltr'>κατὰ</span> <span class='ocrx_word' id='word_1_72' title='bbox 1034 1472 1140 1541; x_wconf 85' lang='grc' dir='ltr'>γῆν</span> <span class='ocrx_word' id='word_1_73' title='bbox 1181 1468 1470 1539; x_wconf 86' lang='grc' dir='ltr'>διατριϐὰς</span> <span class='ocrx_word' id='word_1_74' title='bbox 1517 1466 1773 1530; x_wconf 80' lang='grc' dir='ltr'>ἀνύοντες</span> <span class='ocrx_word' id='word_1_75' title='bbox 1806 1467 1856 1519; x_wconf 81' lang='lat' dir='ltr'><strong>oi</strong></span> 
     </span>
    </p>
   </div>
   <div class='ocr_carea' id='block_1_16' title="bbox 266 1556 1856 1633">
    <p class='ocr_par' dir='ltr' id='par_1_16' title="bbox 266 1556 1856 1633">
     <span class='ocr_line' id='line_1_16' title="bbox 266 1556 1856 1633; baseline -0.006 -13"><span class='ocrx_word' id='word_1_76' title='bbox 266 1566 576 1621; x_wconf 69' lang='grc' dir='ltr'>ἀπόστολοι.</span> <span class='ocrx_word' id='word_1_77' title='bbox 641 1563 704 1621; x_wconf 89' lang='lat' dir='ltr'><strong>in</strong></span> <span class='ocrx_word' id='word_1_78' title='bbox 739 1572 988 1620; x_wconf 87' lang='lat' dir='ltr'><strong>sanctum</strong></span> <span class='ocrx_word' id='word_1_79' title='bbox 1017 1561 1325 1633; x_wconf 85' lang='lat' dir='ltr'><strong>apostolum</strong></span> <span class='ocrx_word' id='word_1_80' title='bbox 1382 1556 1649 1613; x_wconf 81' lang='lat' dir='ltr'><strong>Thomam</strong></span> <span class='ocrx_word' id='word_1_81' title='bbox 1706 1572 1856 1612; x_wconf 91' lang='lat' dir='ltr'><strong>com-</strong></span> 
     </span>
    </p>
   </div>
   <div class='ocr_carea' id='block_1_17' title="bbox 267 1660 957 1734">
    <p class='ocr_par' dir='ltr' id='par_1_17' title="bbox 267 1660 957 1734">
     <span class='ocr_line' id='line_1_17' title="bbox 267 1660 957 1734; baseline 0.003 -21"><span class='ocrx_word' id='word_1_82' title='bbox 267 1660 594 1715; x_wconf 87' lang='lat' dir='ltr'><strong>mentarius.</strong></span> <span class='ocrx_word' id='word_1_83' title='bbox 953 1731 957 1734; x_wconf 10' lang='lat' dir='ltr'><strong><em>ﬁ</em></strong></span> 
     </span>
    </p>
   </div>
   <div class='ocr_carea' id='block_1_18' title="bbox 343 1744 1856 1824">
    <p class='ocr_par' dir='ltr' id='par_1_18' title="bbox 343 1744 1856 1824">
     <span class='ocr_line' id='line_1_18' title="bbox 343 1744 1856 1824; baseline -0.006 -18"><span class='ocrx_word' id='word_1_84' title='bbox 343 1753 515 1806; x_wconf 82' lang='grc' dir='ltr'>Πάλιν</span> <span class='ocrx_word' id='word_1_85' title='bbox 549 1753 723 1824; x_wconf 74' lang='grc' dir='ltr'><strong>ήμῖνὸ</strong></span> <span class='ocrx_word' id='word_1_86' title='bbox 754 1752 898 1814; x_wconf 89' lang='grc' dir='ltr'>θεῖος</span> <span class='ocrx_word' id='word_1_87' title='bbox 920 1750 1193 1821; x_wconf 79' lang='grc' dir='ltr'><strong>ἐφέστηκε</strong></span> <span class='ocrx_word' id='word_1_88' title='bbox 1233 1749 1518 1821; x_wconf 73' lang='grc' dir='ltr'>πρόεδρος,</span> <span class='ocrx_word' id='word_1_89' title='bbox 1553 1746 1650 1800; x_wconf 70' lang='grc' dir='ltr'>καὶ</span> <span class='ocrx_word' id='word_1_90' title='bbox 1694 1744 1856 1798; x_wconf 88' lang='grc' dir='ltr'>πάλιν</span> 
     </span>
    </p>
   </div>
   <div class='ocr_carea' id='block_1_19' title="bbox 266 1835 1847 1915">
    <p class='ocr_par' dir='ltr' id='par_1_19' title="bbox 266 1835 1847 1915">
     <span class='ocr_line' id='line_1_19' title="bbox 266 1835 1847 1915; baseline -0.007 -16"><span class='ocrx_word' id='word_1_91' title='bbox 266 1847 295 1899; x_wconf 84' lang='grc' dir='ltr'>ὁ</span> <span class='ocrx_word' id='word_1_92' title='bbox 324 1844 481 1911; x_wconf 83' lang='grc' dir='ltr'><strong>λόγος</strong></span> <span class='ocrx_word' id='word_1_93' title='bbox 518 1845 642 1915; x_wconf 76' lang='grc' dir='ltr'>ἥκει</span> <span class='ocrx_word' id='word_1_94' title='bbox 674 1843 1088 1914; x_wconf 86' lang='grc' dir='ltr'>πανηγυρίσων.</span> <span class='ocrx_word' id='word_1_95' title='bbox 1130 1843 1204 1897; x_wconf 89' lang='lat' dir='ltr'><strong>De</strong></span> <span class='ocrx_word' id='word_1_96' title='bbox 1231 1841 1405 1896; x_wconf 81' lang='lat' dir='ltr'><strong>tribus</strong></span> <span class='ocrx_word' id='word_1_97' title='bbox 1433 1835 1847 1894; x_wconf 85' lang='lat' dir='ltr'><strong>inventionibus</strong></span> 
     </span>
    </p>
   </div>
   <div class='ocr_carea' id='block_1_20' title="bbox 267 1934 1256 2007">
    <p class='ocr_par' dir='ltr' id='par_1_20' title="bbox 267 1934 1256 2007">
     <span class='ocr_line' id='line_1_20' title="bbox 267 1934 1256 2007; baseline -0.001 -17"><span class='ocrx_word' id='word_1_98' title='bbox 267 1937 466 2007; x_wconf 79' lang='lat' dir='ltr'><strong>capitis</strong></span> <span class='ocrx_word' id='word_1_99' title='bbox 518 1937 690 1992; x_wconf 84' lang='lat' dir='ltr'><strong>sancti</strong></span> <span class='ocrx_word' id='word_1_100' title='bbox 720 1936 951 1991; x_wconf 84' lang='lat' dir='ltr'><strong>Joannis</strong></span> <span class='ocrx_word' id='word_1_101' title='bbox 978 1934 1256 2005; x_wconf 67' lang='lat' dir='ltr'><strong>Baptistae.</strong></span> 
     </span>
    </p>
   </div>
   <div class='ocr_carea' id='block_1_21' title="bbox 333 2023 1850 2103">
    <p class='ocr_par' dir='ltr' id='par_1_21' title="bbox 333 2023 1850 2103">
     <span class='ocr_line' id='line_1_21' title="bbox 333 2023 1850 2103; baseline -0.004 -19"><span class='ocrx_word' id='word_1_102' title='bbox 333 2033 375 2084; x_wconf 87' lang='grc' dir='ltr'><strong>Τ</strong></span> <span class='ocrx_word' id='word_1_103' title='bbox 381 2031 670 2103; x_wconf 82' lang='grc' dir='ltr'>υραννικόν</span> <span class='ocrx_word' id='word_1_104' title='bbox 697 2048 749 2084; x_wconf 84' lang='grc' dir='ltr'><strong>τι</strong></span> <span class='ocrx_word' id='word_1_105' title='bbox 781 2031 970 2101; x_wconf 80' lang='grc' dir='ltr'>χρῆμα</span> <span class='ocrx_word' id='word_1_106' title='bbox 997 2029 1268 2083; x_wconf 80' lang='grc' dir='ltr'>τεκόντων</span> <span class='ocrx_word' id='word_1_107' title='bbox 1297 2028 1523 2098; x_wconf 85' lang='grc' dir='ltr'>στοργὴ,</span> <span class='ocrx_word' id='word_1_108' title='bbox 1554 2027 1648 2082; x_wconf 71' lang='grc' dir='ltr'>καὶ</span> <span class='ocrx_word' id='word_1_109' title='bbox 1673 2023 1850 2094; x_wconf 80' lang='grc' dir='ltr'>δεσμὰ</span> 
     </span>
    </p>
   </div>
   <div class='ocr_carea' id='block_1_22' title="bbox 270 2119 1857 2191">
    <p class='ocr_par' dir='ltr' id='par_1_22' title="bbox 270 2119 1857 2191">
     <span class='ocr_line' id='line_1_22' title="bbox 270 2119 1857 2191; baseline -0.002 -16"><span class='ocrx_word' id='word_1_110' title='bbox 270 2125 509 2191; x_wconf 66' lang='grc' dir='ltr'>φύσεως.</span> <span class='ocrx_word' id='word_1_111' title='bbox 558 2121 682 2177; x_wconf 89' lang='lat' dir='ltr'><strong>Vita</strong></span> <span class='ocrx_word' id='word_1_112' title='bbox 743 2121 974 2177; x_wconf 80' lang='lat' dir='ltr'><strong>Joannis</strong></span> <span class='ocrx_word' id='word_1_113' title='bbox 1032 2128 1256 2191; x_wconf 87' lang='lat' dir='ltr'><strong>propter</strong></span> <span class='ocrx_word' id='word_1_114' title='bbox 1317 2119 1596 2176; x_wconf 85' lang='lat' dir='ltr'><strong>Christum</strong></span> <span class='ocrx_word' id='word_1_115' title='bbox 1653 2130 1857 2190; x_wconf 84' lang='lat' dir='ltr'><strong>paupe-</strong></span> 
     </span>
    </p>
   </div>
   <div class='ocr_carea' id='block_1_23' title="bbox 270 2232 368 2270">
    <p class='ocr_par' dir='ltr' id='par_1_23' title="bbox 270 2232 368 2270">
     <span class='ocr_line' id='line_1_23' title="bbox 270 2232 368 2270; baseline 0.01 -1"><span class='ocrx_word' id='word_1_116' title='bbox 270 2232 368 2270; x_wconf 69' lang='lat' dir='ltr'><strong>TIS.</strong></span> 
     </span>
    </p>
   </div>
   <div class='ocr_carea' id='block_1_24' title="bbox 345 2300 1856 2375">
    <p class='ocr_par' dir='ltr' id='par_1_24' title="bbox 345 2300 1856 2375">
     <span class='ocr_line' id='line_1_24' title="bbox 345 2300 1856 2375; baseline -0.005 -15"><span class='ocrx_word' id='word_1_117' title='bbox 345 2303 524 2360; x_wconf 80' lang='grc' dir='ltr'>Πολλά</span> <span class='ocrx_word' id='word_1_118' title='bbox 580 2302 683 2375; x_wconf 84' lang='grc' dir='ltr'>τῆς</span> <span class='ocrx_word' id='word_1_119' title='bbox 744 2302 1093 2368; x_wconf 80' lang='grc' dir='ltr'><strong>διδασκαλίας</strong></span> <span class='ocrx_word' id='word_1_120' title='bbox 1137 2303 1247 2357; x_wconf 85' lang='grc' dir='ltr'><strong>τῶν</strong></span> <span class='ocrx_word' id='word_1_121' title='bbox 1278 2301 1338 2358; x_wconf 85' lang='grc' dir='ltr'><strong>εῦ</strong></span> <span class='ocrx_word' id='word_1_122' title='bbox 1371 2303 1465 2358; x_wconf 73' lang='grc' dir='ltr'>καὶ</span> <span class='ocrx_word' id='word_1_123' title='bbox 1509 2303 1586 2366; x_wconf 86' lang='grc' dir='ltr'><strong>ὡς</strong></span> <span class='ocrx_word' id='word_1_124' title='bbox 1620 2300 1740 2372; x_wconf 85' lang='grc' dir='ltr'><strong>Θεῷ</strong></span> <span class='ocrx_word' id='word_1_125' title='bbox 1766 2300 1856 2370; x_wconf 85' lang='grc' dir='ltr'>φί-</span> 
     </span>
    </p>
   </div>
   <div class='ocr_carea' id='block_1_25' title="bbox 267 2394 1851 2467">
    <p class='ocr_par' dir='ltr' id='par_1_25' title="bbox 267 2394 1851 2467">
     <span class='ocr_line' id='line_1_25' title="bbox 267 2394 1851 2467; baseline -0.001 -19"><span class='ocrx_word' id='word_1_126' title='bbox 267 2397 356 2450; x_wconf 86' lang='grc' dir='ltr'>λον</span> <span class='ocrx_word' id='word_1_127' title='bbox 388 2396 750 2467; x_wconf 83' lang='grc' dir='ltr'>βεϐιωκότων.</span> <span class='ocrx_word' id='word_1_128' title='bbox 785 2394 908 2450; x_wconf 85' lang='lat' dir='ltr'><strong>Vita</strong></span> <span class='ocrx_word' id='word_1_129' title='bbox 925 2395 1100 2451; x_wconf 86' lang='lat' dir='ltr'><strong>sancti</strong></span> <span class='ocrx_word' id='word_1_130' title='bbox 1130 2395 1442 2450; x_wconf 89' lang='lat' dir='ltr'><strong>Charitonis</strong></span> <span class='ocrx_word' id='word_1_131' title='bbox 1462 2394 1851 2465; x_wconf 70' lang='lat' dir='ltr'><strong>Homologetze.</strong></span> 
     </span>
    </p>
   </div>
   <div class='ocr_carea' id='block_1_26' title="bbox 360 2484 1839 2561">
    <p class='ocr_par' dir='ltr' id='par_1_26' title="bbox 360 2484 1839 2561">
     <span class='ocr_line' id='line_1_26' title="bbox 360 2484 1839 2561; baseline -0.002 -19"><span class='ocrx_word' id='word_1_132' title='bbox 360 2489 535 2561; x_wconf 82' lang='grc' dir='ltr'>Πολλὴ</span> <span class='ocrx_word' id='word_1_133' title='bbox 595 2490 735 2544; x_wconf 87' lang='grc' dir='ltr'>κατὰ</span> <span class='ocrx_word' id='word_1_134' title='bbox 788 2489 895 2543; x_wconf 83' lang='grc' dir='ltr'>τῶν</span> <span class='ocrx_word' id='word_1_135' title='bbox 935 2488 1029 2544; x_wconf 91' lang='grc' dir='ltr'><strong>τοῦ</strong></span> <span class='ocrx_word' id='word_1_136' title='bbox 1091 2487 1333 2558; x_wconf 80' lang='grc' dir='ltr'><strong>Χριστοῦ</strong></span> <span class='ocrx_word' id='word_1_137' title='bbox 1390 2487 1688 2559; x_wconf 83' lang='grc' dir='ltr'>μαρτύρων</span> <span class='ocrx_word' id='word_1_138' title='bbox 1744 2484 1839 2539; x_wconf 88' lang='grc' dir='ltr'><strong>τοῦ</strong></span> 
     </span>
    </p>
   </div>
   <div class='ocr_carea' id='block_1_27' title="bbox 269 2578 1850 2651">
    <p class='ocr_par' dir='ltr' id='par_1_27' title="bbox 269 2578 1850 2651">
     <span class='ocr_line' id='line_1_27' title="bbox 269 2578 1850 2651; baseline 0 -18"><span class='ocrx_word' id='word_1_139' title='bbox 269 2580 516 2633; x_wconf 82' lang='grc' dir='ltr'>διαϐόλου</span> <span class='ocrx_word' id='word_1_140' title='bbox 555 2581 586 2651; x_wconf 76' lang='grc' dir='ltr'>ἡ</span> <span class='ocrx_word' id='word_1_141' title='bbox 625 2579 952 2651; x_wconf 74' lang='grc' dir='ltr'><strong>κακουργία.</strong></span> <span class='ocrx_word' id='word_1_142' title='bbox 993 2579 1304 2651; x_wconf 85' lang='lat' dir='ltr'><strong>Martyrium</strong></span> <span class='ocrx_word' id='word_1_143' title='bbox 1360 2578 1534 2634; x_wconf 86' lang='lat' dir='ltr'><strong>sancti</strong></span> <span class='ocrx_word' id='word_1_144' title='bbox 1592 2578 1850 2643; x_wconf 71' lang='lat' dir='ltr'><strong>Andreae,</strong></span> 
     </span>
    </p>
   </div>
   <div class='ocr_carea' id='block_1_28' title="bbox 268 2671 819 2742">
    <p class='ocr_par' dir='ltr' id='par_1_28' title="bbox 268 2671 819 2742">
     <span class='ocr_line' id='line_1_28' title="bbox 268 2671 819 2742; baseline 0 -17"><span class='ocrx_word' id='word_1_145' title='bbox 268 2673 360 2742; x_wconf 80' lang='lat' dir='ltr'><strong>qui</strong></span> <span class='ocrx_word' id='word_1_146' title='bbox 424 2674 476 2726; x_wconf 90' lang='lat' dir='ltr'><strong>in</strong></span> <span class='ocrx_word' id='word_1_147' title='bbox 527 2671 665 2727; x_wconf 86' lang='lat' dir='ltr'><strong>Crisi</strong></span> <span class='ocrx_word' id='word_1_148' title='bbox 717 2684 819 2727; x_wconf 85' lang='lat' dir='ltr'><strong>est.</strong></span> 
     </span>
    </p>
   </div>
   <div class='ocr_carea' id='block_1_29' title="bbox 343 2760 1852 2835">
    <p class='ocr_par' dir='ltr' id='par_1_29' title="bbox 343 2760 1852 2835">
     <span class='ocr_line' id='line_1_29' title="bbox 343 2760 1852 2835; baseline -0.002 -17"><span class='ocrx_word' id='word_1_149' title='bbox 343 2765 559 2819; x_wconf 77' lang='grc' dir='ltr'>Πολλῶν</span> <span class='ocrx_word' id='word_1_150' title='bbox 596 2766 738 2820; x_wconf 75' lang='grc' dir='ltr'>κατὰ</span> <span class='ocrx_word' id='word_1_151' title='bbox 777 2765 1069 2835; x_wconf 85' lang='grc' dir='ltr'>διαφόρους</span> <span class='ocrx_word' id='word_1_152' title='bbox 1127 2765 1352 2835; x_wconf 66' lang='grc' dir='ltr'>καιροὺς</span> <span class='ocrx_word' id='word_1_153' title='bbox 1417 2764 1560 2817; x_wconf 76' lang='grc' dir='ltr'>κατὰ</span> <span class='ocrx_word' id='word_1_154' title='bbox 1615 2760 1852 2834; x_wconf 75' lang='grc' dir='ltr'>Χριστοῦ</span> 
     </span>
    </p>
   </div>
   <div class='ocr_carea' id='block_1_30' title="bbox 272 2857 1852 2930">
    <p class='ocr_par' dir='ltr' id='par_1_30' title="bbox 272 2857 1852 2930">
     <span class='ocr_line' id='line_1_30' title="bbox 272 2857 1852 2930; baseline -0.002 -18"><span class='ocrx_word' id='word_1_155' title='bbox 272 2861 368 2912; x_wconf 79' lang='grc' dir='ltr'><strong>καὶ</strong></span> <span class='ocrx_word' id='word_1_156' title='bbox 417 2857 525 2911; x_wconf 85' lang='grc' dir='ltr'>τῶν</span> <span class='ocrx_word' id='word_1_157' title='bbox 578 2858 786 2930; x_wconf 75' lang='grc' dir='ltr'>ἐκείνου</span> <span class='ocrx_word' id='word_1_158' title='bbox 849 2859 1128 2928; x_wconf 79' lang='grc' dir='ltr'><strong>μανέντων</strong></span> <span class='ocrx_word' id='word_1_159' title='bbox 1147 2857 1502 2928; x_wconf 87' lang='grc' dir='ltr'>θεραπευτῶν</span> <span class='ocrx_word' id='word_1_160' title='bbox 1529 2857 1852 2926; x_wconf 85' lang='grc' dir='ltr'>Διοκλητια-</span> 
     </span>
    </p>
   </div>
   <div class='ocr_carea' id='block_1_31' title="bbox 274 2949 1845 3021">
    <p class='ocr_par' dir='ltr' id='par_1_31' title="bbox 274 2949 1845 3021">
     <span class='ocr_line' id='line_1_31' title="bbox 274 2949 1845 3021; baseline 0.001 -20"><span class='ocrx_word' id='word_1_161' title='bbox 274 2951 384 3012; x_wconf 74' lang='grc' dir='ltr'>νός.</span> <span class='ocrx_word' id='word_1_162' title='bbox 422 2950 739 3021; x_wconf 81' lang='lat' dir='ltr'><strong>Martyrium</strong></span> <span class='ocrx_word' id='word_1_163' title='bbox 771 2961 1089 3005; x_wconf 88' lang='lat' dir='ltr'><strong>sanctorum</strong></span> <span class='ocrx_word' id='word_1_164' title='bbox 1115 2949 1422 3005; x_wconf 83' lang='lat' dir='ltr'><strong>Sebastiani</strong></span> <span class='ocrx_word' id='word_1_165' title='bbox 1453 2958 1509 3004; x_wconf 89' lang='lat' dir='ltr'><strong>et</strong></span> <span class='ocrx_word' id='word_1_166' title='bbox 1549 2950 1845 3016; x_wconf 91' lang='lat' dir='ltr'><strong>sociorum,</strong></span> 
     </span>
    </p>
   </div>
   <div class='ocr_carea' id='block_1_32' title="bbox 270 3040 1855 3113">
    <p class='ocr_par' dir='ltr' id='par_1_32' title="bbox 270 3040 1855 3113">
     <span class='ocr_line' id='line_1_32' title="bbox 270 3040 1855 3113; baseline -0.002 -16"><span class='ocrx_word' id='word_1_167' title='bbox 270 3045 431 3109; x_wconf 80' lang='lat' dir='ltr'><strong>Zoés,</strong></span> <span class='ocrx_word' id='word_1_168' title='bbox 465 3043 856 3113; x_wconf 79' lang='lat' dir='ltr'><strong>Tranquillini,</strong></span> <span class='ocrx_word' id='word_1_169' title='bbox 889 3043 1200 3109; x_wconf 86' lang='lat' dir='ltr'><strong>Nicostrati,</strong></span> <span class='ocrx_word' id='word_1_170' title='bbox 1231 3043 1442 3099; x_wconf 91' lang='lat' dir='ltr'><strong>Claudii</strong></span> <span class='ocrx_word' id='word_1_171' title='bbox 1460 3042 1722 3108; x_wconf 88' lang='lat' dir='ltr'><strong>Castoris,</strong></span> <span class='ocrx_word' id='word_1_172' title='bbox 1769 3040 1855 3095; x_wconf 83' lang='lat' dir='ltr'><strong>Ti-</strong></span> 
     </span>
    </p>
   </div>
   <div class='ocr_carea' id='block_1_33' title="bbox 272 3135 1352 3202">
    <p class='ocr_par' dir='ltr' id='par_1_33' title="bbox 272 3135 1352 3202">
     <span class='ocr_line' id='line_1_33' title="bbox 272 3135 1352 3202; baseline -0.001 -10"><span class='ocrx_word' id='word_1_173' title='bbox 272 3138 462 3200; x_wconf 84' lang='lat' dir='ltr'><strong>hurtii,</strong></span> <span class='ocrx_word' id='word_1_174' title='bbox 489 3136 732 3202; x_wconf 85' lang='lat' dir='ltr'><strong>Castalii,</strong></span> <span class='ocrx_word' id='word_1_175' title='bbox 764 3136 1062 3192; x_wconf 82' lang='lat' dir='ltr'><strong>Marcellini</strong></span> <span class='ocrx_word' id='word_1_176' title='bbox 1093 3146 1149 3192; x_wconf 91' lang='lat' dir='ltr'><strong>et</strong></span> <span class='ocrx_word' id='word_1_177' title='bbox 1166 3135 1352 3191; x_wconf 84' lang='lat' dir='ltr'><strong>Marci.</strong></span> 
     </span>
    </p>
   </div>
   <div class='ocr_carea' id='block_1_34' title="bbox 350 3229 1841 3306">
    <p class='ocr_par' dir='ltr' id='par_1_34' title="bbox 350 3229 1841 3306">
     <span class='ocr_line' id='line_1_34' title="bbox 350 3229 1841 3306; baseline 0.001 -24"><span class='ocrx_word' id='word_1_178' title='bbox 350 3229 570 3306; x_wconf 64' lang='lat' dir='ltr'><strong>Ilpd6ou_</strong></span> <span class='ocrx_word' id='word_1_179' title='bbox 600 3231 695 3284; x_wconf 87' lang='grc' dir='ltr'><strong>τοῦ</strong></span> <span class='ocrx_word' id='word_1_180' title='bbox 744 3230 1040 3296; x_wconf 87' lang='grc' dir='ltr'>δυσσεϐοῦς</span> <span class='ocrx_word' id='word_1_181' title='bbox 1113 3229 1174 3283; x_wconf 80' lang='grc' dir='ltr'>τὸ</span> <span class='ocrx_word' id='word_1_182' title='bbox 1219 3229 1489 3301; x_wconf 86' lang='grc' dir='ltr'>βασίλειον</span> <span class='ocrx_word' id='word_1_183' title='bbox 1537 3230 1841 3301; x_wconf 82' lang='grc' dir='ltr'>σκῆπτρον,</span> 
     </span>
    </p>
   </div>
   <div class='ocr_carea' id='block_1_35' title="bbox 271 3321 1852 3394">
    <p class='ocr_par' dir='ltr' id='par_1_35' title="bbox 271 3321 1852 3394">
     <span class='ocr_line' id='line_1_35' title="bbox 271 3321 1852 3394; baseline 0.003 -23"><span class='ocrx_word' id='word_1_184' title='bbox 271 3321 381 3372; x_wconf 77' lang='grc' dir='ltr'><strong>τῶν</strong></span> <span class='ocrx_word' id='word_1_185' title='bbox 433 3322 721 3392; x_wconf 84' lang='grc' dir='ltr'>Ῥωμαίων</span> <span class='ocrx_word' id='word_1_186' title='bbox 743 3321 1036 3386; x_wconf 78' lang='grc' dir='ltr'><strong>διέποντος.</strong></span> <span class='ocrx_word' id='word_1_187' title='bbox 1066 3321 1380 3394; x_wconf 79' lang='lat' dir='ltr'><strong>Martyrium</strong></span> <span class='ocrx_word' id='word_1_188' title='bbox 1410 3321 1509 3377; x_wconf 89' lang='lat' dir='ltr'><strong>SS.</strong></span> <span class='ocrx_word' id='word_1_189' title='bbox 1548 3321 1852 3393; x_wconf 89' lang='lat' dir='ltr'><strong>Trophimi,</strong></span> 
     </span>
    </p>
   </div>
   <div class='ocr_carea' id='block_1_36' title="bbox 273 3411 1724 3488">
    <p class='ocr_par' dir='ltr' id='par_1_36' title="bbox 273 3411 1724 3488">
     <span class='ocr_line' id='line_1_36' title="bbox 273 3411 1724 3488; baseline 0.006 -21"><span class='ocrx_word' id='word_1_190' title='bbox 273 3414 514 3468; x_wconf 83' lang='lat' dir='ltr'><strong>Sabbatii</strong></span> <span class='ocrx_word' id='word_1_191' title='bbox 545 3424 601 3470; x_wconf 90' lang='lat' dir='ltr'><strong>et</strong></span> <span class='ocrx_word' id='word_1_192' title='bbox 633 3417 973 3488; x_wconf 87' lang='lat' dir='ltr'><strong>Dorymedon</strong></span> <span class='ocrx_word' id='word_1_193' title='bbox 983 3416 1073 3472; x_wconf 89' lang='lat' dir='ltr'><strong>tis.</strong></span> <span class='ocrx_word' id='word_1_194' title='bbox 1718 3411 1724 3416; x_wconf 63' lang='grc'><strong>’</strong></span> 
     </span>
    </p>
   </div>
   <div class='ocr_carea' id='block_1_37' title="bbox 346 3505 1855 3578">
    <p class='ocr_par' dir='ltr' id='par_1_37' title="bbox 346 3505 1855 3578">
     <span class='ocr_line' id='line_1_37' title="bbox 346 3505 1855 3578; baseline 0.003 -22"><span class='ocrx_word' id='word_1_195' title='bbox 346 3505 640 3574; x_wconf 84' lang='grc' dir='ltr'>Σαμόσατα</span> <span class='ocrx_word' id='word_1_196' title='bbox 666 3507 819 3570; x_wconf 88' lang='grc' dir='ltr'>πόλις</span> <span class='ocrx_word' id='word_1_197' title='bbox 862 3508 960 3576; x_wconf 79' lang='grc' dir='ltr'>τῆς</span> <span class='ocrx_word' id='word_1_198' title='bbox 1020 3507 1217 3578; x_wconf 77' lang='grc' dir='ltr'>Συρίας</span> <span class='ocrx_word' id='word_1_199' title='bbox 1265 3507 1433 3561; x_wconf 77' lang='grc' dir='ltr'>ἐστίν·</span> <span class='ocrx_word' id='word_1_200' title='bbox 1468 3507 1760 3578; x_wconf 81' lang='grc' dir='ltr'>Εὐφράτης</span> <span class='ocrx_word' id='word_1_201' title='bbox 1789 3509 1855 3578; x_wconf 77' lang='grc' dir='ltr'>τῇ</span> 
     </span>
    </p>
   </div>
   <div class='ocr_carea' id='block_1_38' title="bbox 276 3593 1850 3671">
    <p class='ocr_par' dir='ltr' id='par_1_38' title="bbox 276 3593 1850 3671">
     <span class='ocr_line' id='line_1_38' title="bbox 276 3593 1850 3671; baseline 0.005 -25"><span class='ocrx_word' id='word_1_202' title='bbox 276 3593 427 3646; x_wconf 85' lang='grc' dir='ltr'>πόλει</span> <span class='ocrx_word' id='word_1_203' title='bbox 454 3598 753 3668; x_wconf 72' lang='grc' dir='ltr'>παραρρεῖ.</span> <span class='ocrx_word' id='word_1_204' title='bbox 797 3597 916 3652; x_wconf 88' lang='lat' dir='ltr'><strong>Vita</strong></span> <span class='ocrx_word' id='word_1_205' title='bbox 949 3608 1005 3652; x_wconf 91' lang='lat' dir='ltr'><strong>et</strong></span> <span class='ocrx_word' id='word_1_206' title='bbox 1031 3600 1350 3671; x_wconf 87' lang='lat' dir='ltr'><strong>martyrium</strong></span> <span class='ocrx_word' id='word_1_207' title='bbox 1375 3599 1550 3653; x_wconf 88' lang='lat' dir='ltr'><strong>sancti</strong></span> <span class='ocrx_word' id='word_1_208' title='bbox 1600 3597 1850 3654; x_wconf 84' lang='lat' dir='ltr'><strong>Luciani.</strong></span> 
     </span>
    </p>
   </div>
   <div class='ocr_carea' id='block_1_39' title="bbox 353 3686 1857 3763">
    <p class='ocr_par' dir='ltr' id='par_1_39' title="bbox 353 3686 1857 3763">
     <span class='ocr_line' id='line_1_39' title="bbox 353 3686 1857 3763; baseline 0.002 -24"><span class='ocrx_word' id='word_1_209' title='bbox 353 3686 524 3753; x_wconf 86' lang='grc' dir='ltr'>Σοφόν</span> <span class='ocrx_word' id='word_1_210' title='bbox 563 3705 616 3740; x_wconf 88' lang='grc' dir='ltr'><strong>τι</strong></span> <span class='ocrx_word' id='word_1_211' title='bbox 680 3690 872 3758; x_wconf 82' lang='grc' dir='ltr'>χρῆμα</span> <span class='ocrx_word' id='word_1_212' title='bbox 929 3690 1225 3760; x_wconf 76' lang='grc' dir='ltr'>ζωγράφον</span> <span class='ocrx_word' id='word_1_213' title='bbox 1267 3691 1412 3763; x_wconf 76' lang='grc' dir='ltr'>χεὶρ,</span> <span class='ocrx_word' id='word_1_214' title='bbox 1446 3691 1542 3744; x_wconf 70' lang='grc' dir='ltr'><strong>καὶ</strong></span> <span class='ocrx_word' id='word_1_215' title='bbox 1569 3691 1715 3761; x_wconf 84' lang='grc' dir='ltr'>δεινὴ</span> <span class='ocrx_word' id='word_1_216' title='bbox 1757 3690 1857 3762; x_wconf 85' lang='grc' dir='ltr'><strong>μὲν</strong></span> 
     </span>
    </p>
   </div>
   <div class='ocr_carea' id='block_1_40' title="bbox 279 3780 1847 3858">
    <p class='ocr_par' dir='ltr' id='par_1_40' title="bbox 279 3780 1847 3858">
     <span class='ocr_line' id='line_1_40' title="bbox 279 3780 1847 3858; baseline 0.008 -28"><span class='ocrx_word' id='word_1_217' title='bbox 279 3780 619 3848; x_wconf 85' lang='grc' dir='ltr'>μιμήσασθαι</span> <span class='ocrx_word' id='word_1_218' title='bbox 648 3780 748 3850; x_wconf 82' lang='grc' dir='ltr'>τὴν</span> <span class='ocrx_word' id='word_1_219' title='bbox 774 3780 1049 3853; x_wconf 83' lang='grc' dir='ltr'>ἀλήθειαν.</span> <span class='ocrx_word' id='word_1_220' title='bbox 1109 3782 1226 3839; x_wconf 88' lang='lat' dir='ltr'><strong>Vita</strong></span> <span class='ocrx_word' id='word_1_221' title='bbox 1276 3794 1330 3841; x_wconf 87' lang='lat' dir='ltr'><strong>et</strong></span> <span class='ocrx_word' id='word_1_222' title='bbox 1361 3784 1512 3858; x_wconf 69' lang='grc'><strong>[129]</strong></span> <span class='ocrx_word' id='word_1_223' title='bbox 1555 3801 1643 3841; x_wconf 88' lang='lat' dir='ltr'><strong>res</strong></span> <span class='ocrx_word' id='word_1_224' title='bbox 1679 3795 1847 3858; x_wconf 62' lang='lat' dir='ltr'><strong>gesta:</strong></span> 
     </span>
    </p>
   </div>
   <div class='ocr_carea' id='block_1_41' title="bbox 276 3872 1266 3948">
    <p class='ocr_par' dir='ltr' id='par_1_41' title="bbox 276 3872 1266 3948">
     <span class='ocr_line' id='line_1_41' title="bbox 276 3872 1266 3948; baseline 0.008 -24"><span class='ocrx_word' id='word_1_225' title='bbox 276 3872 447 3927; x_wconf 88' lang='lat' dir='ltr'><strong>sancti</strong></span> <span class='ocrx_word' id='word_1_226' title='bbox 480 3873 686 3928; x_wconf 89' lang='lat' dir='ltr'><strong>Nicolai</strong></span> <span class='ocrx_word' id='word_1_227' title='bbox 710 3872 973 3945; x_wconf 84' lang='lat' dir='ltr'><strong>Myrensis</strong></span> <span class='ocrx_word' id='word_1_228' title='bbox 1001 3877 1266 3948; x_wconf 88' lang='lat' dir='ltr'><strong>episcopi.</strong></span> 
     </span>
    </p>
   </div>
   <div class='ocr_carea' id='block_1_42' title="bbox 348 3966 1857 4042">
    <p class='ocr_par' dir='ltr' id='par_1_42' title="bbox 348 3966 1857 4042">
     <span class='ocr_line' id='line_1_42' title="bbox 348 3966 1857 4042; baseline 0.003 -23"><span class='ocrx_word' id='word_1_229' title='bbox 348 3966 460 4031; x_wconf 84' lang='grc' dir='ltr'>Τὰς</span> <span class='ocrx_word' id='word_1_230' title='bbox 515 3967 624 4020; x_wconf 85' lang='grc' dir='ltr'>τῶν</span> <span class='ocrx_word' id='word_1_231' title='bbox 671 3968 891 4037; x_wconf 82' lang='grc' dir='ltr'><strong>ἀγαθῶν</strong></span> <span class='ocrx_word' id='word_1_232' title='bbox 943 3971 1152 4042; x_wconf 82' lang='grc' dir='ltr'>ἀνδρῶν</span> <span class='ocrx_word' id='word_1_233' title='bbox 1191 3971 1576 4042; x_wconf 85' lang='grc' dir='ltr'>ἁναγράπτους</span> <span class='ocrx_word' id='word_1_234' title='bbox 1613 3969 1857 4024; x_wconf 86' lang='grc' dir='ltr'>τίθεσθαι</span> 
     </span>
    </p>
   </div>
   <div class='ocr_carea' id='block_1_43' title="bbox 278 4057 1859 4135">
    <p class='ocr_par' dir='ltr' id='par_1_43' title="bbox 278 4057 1859 4135">
     <span class='ocr_line' id='line_1_43' title="bbox 278 4057 1859 4135; baseline 0.005 -25"><span class='ocrx_word' id='word_1_235' title='bbox 278 4057 528 4128; x_wconf 75' lang='grc' dir='ltr'>πράξεις,</span> <span class='ocrx_word' id='word_1_236' title='bbox 563 4062 657 4113; x_wconf 77' lang='grc' dir='ltr'>καὶ</span> <span class='ocrx_word' id='word_1_237' title='bbox 691 4060 788 4130; x_wconf 78' lang='grc' dir='ltr'>τὴν</span> <span class='ocrx_word' id='word_1_238' title='bbox 814 4061 1017 4116; x_wconf 85' lang='grc' dir='ltr'>τούτων</span> <span class='ocrx_word' id='word_1_239' title='bbox 1044 4066 1288 4135; x_wconf 84' lang='grc' dir='ltr'><strong>μνήμην.</strong></span> <span class='ocrx_word' id='word_1_240' title='bbox 1326 4066 1444 4119; x_wconf 89' lang='lat' dir='ltr'><strong>Vita</strong></span> <span class='ocrx_word' id='word_1_241' title='bbox 1483 4065 1656 4120; x_wconf 89' lang='lat' dir='ltr'><strong>sancti</strong></span> <span class='ocrx_word' id='word_1_242' title='bbox 1689 4062 1859 4120; x_wconf 78' lang='lat' dir='ltr'><strong>Joan-</strong></span> 
     </span>
    </p>
   </div>
   <div class='ocr_carea' id='block_1_44' title="bbox 281 4152 1452 4224">
    <p class='ocr_par' dir='ltr' id='par_1_44' title="bbox 281 4152 1452 4224">
     <span class='ocr_line' id='line_1_44' title="bbox 281 4152 1452 4224; baseline 0.005 -18"><span class='ocrx_word' id='word_1_243' title='bbox 281 4153 364 4206; x_wconf 89' lang='lat' dir='ltr'><strong>nis</strong></span> <span class='ocrx_word' id='word_1_244' title='bbox 389 4152 698 4208; x_wconf 87' lang='lat' dir='ltr'><strong>Eleemonis</strong></span> <span class='ocrx_word' id='word_1_245' title='bbox 730 4157 1053 4224; x_wconf 60' lang='lat' dir='ltr'><strong>patriarchae</strong></span> <span class='ocrx_word' id='word_1_246' title='bbox 1076 4158 1452 4212; x_wconf 80' lang='lat' dir='ltr'><strong>Alexandrini.</strong></span> 
     </span>
    </p>
   </div>
   <div class='ocr_carea' id='block_1_45' title="bbox 352 4244 1860 4322">
    <p class='ocr_par' dir='ltr' id='par_1_45' title="bbox 352 4244 1860 4322">
     <span class='ocr_line' id='line_1_45' title="bbox 352 4244 1860 4322; baseline 0.005 -25"><span class='ocrx_word' id='word_1_247' title='bbox 352 4245 431 4316; x_wconf 78' lang='grc' dir='ltr'><strong>Τῇ</strong></span> <span class='ocrx_word' id='word_1_248' title='bbox 461 4244 752 4318; x_wconf 78' lang='grc' dir='ltr'>θαυμαστῇ</span> <span class='ocrx_word' id='word_1_249' title='bbox 796 4247 947 4302; x_wconf 81' lang='grc' dir='ltr'>δυάδι</span> <span class='ocrx_word' id='word_1_250' title='bbox 991 4249 1101 4304; x_wconf 84' lang='grc' dir='ltr'>τῶν</span> <span class='ocrx_word' id='word_1_251' title='bbox 1141 4249 1322 4320; x_wconf 84' lang='grc' dir='ltr'>σοφῶν</span> <span class='ocrx_word' id='word_1_252' title='bbox 1363 4250 1720 4322; x_wconf 79' lang='grc' dir='ltr'>Ἀναργύρων</span> <span class='ocrx_word' id='word_1_253' title='bbox 1752 4268 1860 4306; x_wconf 73' lang='grc' dir='ltr'><strong>πα⁴</strong></span> 
     </span>
    </p>
   </div>
   <div class='ocr_carea' id='block_1_46' title="bbox 279 4335 1859 4413">
    <p class='ocr_par' dir='ltr' id='par_1_46' title="bbox 279 4335 1859 4413">
     <span class='ocr_line' id='line_1_46' title="bbox 279 4335 1859 4413; baseline 0.006 -25"><span class='ocrx_word' id='word_1_254' title='bbox 279 4335 400 4406; x_wconf 64' lang='grc' dir='ltr'>τρὶς</span> <span class='ocrx_word' id='word_1_255' title='bbox 439 4336 560 4406; x_wconf 86' lang='grc' dir='ltr'>μέν.</span> <span class='ocrx_word' id='word_1_256' title='bbox 619 4338 738 4394; x_wconf 85' lang='lat' dir='ltr'><strong>Vita</strong></span> <span class='ocrx_word' id='word_1_257' title='bbox 777 4350 1090 4395; x_wconf 87' lang='lat' dir='ltr'><strong>sanctorum</strong></span> <span class='ocrx_word' id='word_1_258' title='bbox 1127 4342 1532 4413; x_wconf 79' lang='lat' dir='ltr'><strong>Anargyrorum</strong></span> <span class='ocrx_word' id='word_1_259' title='bbox 1567 4342 1778 4399; x_wconf 71' lang='lat' dir='ltr'><strong>Cosmm</strong></span> <span class='ocrx_word' id='word_1_260' title='bbox 1804 4350 1859 4400; x_wconf 87' lang='lat' dir='ltr'><strong>et</strong></span> 
     </span>
    </p>
   </div>
   <div class='ocr_carea' id='block_1_47' title="bbox 281 4433 547 4490">
    <p class='ocr_par' dir='ltr' id='par_1_47' title="bbox 281 4433 547 4490">
     <span class='ocr_line' id='line_1_47' title="bbox 281 4433 547 4490; baseline 0.011 -4"><span class='ocrx_word' id='word_1_261' title='bbox 281 4433 547 4490; x_wconf 88' lang='lat' dir='ltr'><strong>Damiani.</strong></span> 
     </span>
    </p>
   </div>
   <div class='ocr_carea' id='block_1_48' title="bbox 350 4527 1855 4604">
    <p class='ocr_par' dir='ltr' id='par_1_48' title="bbox 350 4527 1855 4604">
     <span class='ocr_line' id='line_1_48' title="bbox 350 4527 1855 4604; baseline 0.003 -24"><span class='ocrx_word' id='word_1_262' title='bbox 350 4527 463 4598; x_wconf 84' lang='grc' dir='ltr'><strong>Τὴν</strong></span> <span class='ocrx_word' id='word_1_263' title='bbox 491 4529 629 4599; x_wconf 85' lang='grc' dir='ltr'>πρὸς</span> <span class='ocrx_word' id='word_1_264' title='bbox 673 4529 875 4604; x_wconf 74' lang='grc' dir='ltr'>ἀρετὴν</span> <span class='ocrx_word' id='word_1_265' title='bbox 911 4530 1028 4585; x_wconf 78' lang='grc' dir='ltr'>ὁδὸν</span> <span class='ocrx_word' id='word_1_266' title='bbox 1081 4529 1356 4602; x_wconf 79' lang='grc' dir='ltr'>φέρουσαν</span> <span class='ocrx_word' id='word_1_267' title='bbox 1393 4533 1660 4602; x_wconf 83' lang='grc' dir='ltr'>τραχεῖαν</span> <span class='ocrx_word' id='word_1_268' title='bbox 1693 4527 1855 4599; x_wconf 75' lang='grc' dir='ltr'>εἴναι,</span> 
     </span>
    </p>
   </div>
   <div class='ocr_carea' id='block_1_49' title="bbox 1959 644 2258 701">
    <p class='ocr_par' dir='ltr' id='par_1_49' title="bbox 1959 644 2258 701">
     <span class='ocr_line' id='line_1_49' title="bbox 1959 644 2258 701; baseline 0.017 -5"><span class='ocrx_word' id='word_1_269' title='bbox 1959 644 2258 701; x_wconf 90' lang='lat' dir='ltr'><strong>sociorum.</strong></span> 
     </span>
    </p>
   </div>
   <div class='ocr_carea' id='block_1_50' title="bbox 2030 738 3540 816">
    <p class='ocr_par' dir='ltr' id='par_1_50' title="bbox 2030 738 3540 816">
     <span class='ocr_line' id='line_1_50' title="bbox 2030 738 3540 816; baseline 0.005 -26"><span class='ocrx_word' id='word_1_270' title='bbox 2030 738 2296 809; x_wconf 89' lang='grc' dir='ltr'>Τιμόθεον</span> <span class='ocrx_word' id='word_1_271' title='bbox 2347 741 2442 796; x_wconf 68' lang='grc' dir='ltr'>τὸν</span> <span class='ocrx_word' id='word_1_272' title='bbox 2492 742 2665 814; x_wconf 86' lang='grc' dir='ltr'>μέγαν</span> <span class='ocrx_word' id='word_1_273' title='bbox 2722 745 2926 816; x_wconf 71' lang='grc' dir='ltr'>ἤνεγκε</span> <span class='ocrx_word' id='word_1_274' title='bbox 2981 743 3080 816; x_wconf 70' lang='grc' dir='ltr'><strong>μὶν</strong></span> <span class='ocrx_word' id='word_1_275' title='bbox 3137 744 3172 815; x_wconf 83' lang='grc' dir='ltr'><strong>ὴ</strong></span> <span class='ocrx_word' id='word_1_276' title='bbox 3218 742 3540 798; x_wconf 85' lang='grc' dir='ltr'>Λυκαόνων.</span> 
     </span>
    </p>
   </div>
   <div class='ocr_carea' id='block_1_51' title="bbox 1957 828 3544 906">
    <p class='ocr_par' dir='ltr' id='par_1_51' title="bbox 1957 828 3544 906">
     <span class='ocr_line' id='line_1_51' title="bbox 1957 828 3544 906; baseline 0.003 -22"><span class='ocrx_word' id='word_1_277' title='bbox 1957 828 2392 890; x_wconf 84' lang='lat' dir='ltr'><strong>Commentarius</strong></span> <span class='ocrx_word' id='word_1_278' title='bbox 2447 836 2502 890; x_wconf 92' lang='lat' dir='ltr'><strong>in</strong></span> <span class='ocrx_word' id='word_1_279' title='bbox 2549 847 2800 894; x_wconf 89' lang='lat' dir='ltr'><strong>sanctum</strong></span> <span class='ocrx_word' id='word_1_280' title='bbox 2843 837 3045 893; x_wconf 87' lang='lat' dir='ltr'><strong>Christi</strong></span> <span class='ocrx_word' id='word_1_281' title='bbox 3091 835 3397 906; x_wconf 90' lang='lat' dir='ltr'><strong>apostolum</strong></span> <span class='ocrx_word' id='word_1_282' title='bbox 3447 829 3544 888; x_wconf 86' lang='lat' dir='ltr'><strong>Ti-</strong></span> 
     </span>
    </p>
   </div>
   <div class='ocr_carea' id='block_1_52' title="bbox 1959 922 2266 977">
    <p class='ocr_par' dir='ltr' id='par_1_52' title="bbox 1959 922 2266 977">
     <span class='ocr_line' id='line_1_52' title="bbox 1959 922 2266 977; baseline 0.013 -4"><span class='ocrx_word' id='word_1_283' title='bbox 1959 922 2266 977; x_wconf 87' lang='lat' dir='ltr'><strong>motheum.</strong></span> 
     </span>
    </p>
   </div>
   <div class='ocr_carea' id='block_1_53' title="bbox 2029 1012 3545 1091">
    <p class='ocr_par' dir='ltr' id='par_1_53' title="bbox 2029 1012 3545 1091">
     <span class='ocr_line' id='line_1_53' title="bbox 2029 1012 3545 1091; baseline 0.004 -26"><span class='ocrx_word' id='word_1_284' title='bbox 2029 1012 2135 1066; x_wconf 86' lang='grc' dir='ltr'>Τοῦ</span> <span class='ocrx_word' id='word_1_285' title='bbox 2166 1015 2370 1086; x_wconf 77' lang='grc' dir='ltr'>Κυρίου</span> <span class='ocrx_word' id='word_1_286' title='bbox 2415 1018 2571 1088; x_wconf 82' lang='grc' dir='ltr'>ήμῶν</span> <span class='ocrx_word' id='word_1_287' title='bbox 2602 1017 2780 1089; x_wconf 87' lang='grc' dir='ltr'>Ἰησοῦ</span> <span class='ocrx_word' id='word_1_288' title='bbox 2824 1018 3062 1091; x_wconf 87' lang='grc' dir='ltr'>Χριστοῦ</span> <span class='ocrx_word' id='word_1_289' title='bbox 3110 1016 3366 1087; x_wconf 73' lang='grc' dir='ltr'>κοινωνίᾳ</span> <span class='ocrx_word' id='word_1_290' title='bbox 3407 1032 3545 1084; x_wconf 82' lang='grc' dir='ltr'>σαρ·</span> 
     </span>
    </p>
   </div>
   <div class='ocr_carea' id='block_1_54' title="bbox 1958 1104 3543 1184">
    <p class='ocr_par' dir='ltr' id='par_1_54' title="bbox 1958 1104 3543 1184">
     <span class='ocr_line' id='line_1_54' title="bbox 1958 1104 3543 1184; baseline 0.003 -26"><span class='ocrx_word' id='word_1_291' title='bbox 1958 1104 2072 1169; x_wconf 79' lang='grc' dir='ltr'>κὸς,</span> <span class='ocrx_word' id='word_1_292' title='bbox 2126 1106 2154 1159; x_wconf 84' lang='grc' dir='ltr'><strong>ὃ</strong></span> <span class='ocrx_word' id='word_1_293' title='bbox 2194 1125 2326 1178; x_wconf 85' lang='grc' dir='ltr'>φησι</span> <span class='ocrx_word' id='word_1_294' title='bbox 2367 1109 2599 1175; x_wconf 80' lang='grc' dir='ltr'>Παῦλος,</span> <span class='ocrx_word' id='word_1_295' title='bbox 2639 1113 2734 1166; x_wconf 66' lang='grc' dir='ltr'><strong>ἐπὶ</strong></span> <span class='ocrx_word' id='word_1_296' title='bbox 2767 1114 2872 1184; x_wconf 78' lang='grc' dir='ltr'>γῆς</span> <span class='ocrx_word' id='word_1_297' title='bbox 2912 1109 3338 1183; x_wconf 80' lang='grc' dir='ltr'>φιλανθρώπως.</span> <span class='ocrx_word' id='word_1_298' title='bbox 3391 1107 3543 1162; x_wconf 83' lang='lat' dir='ltr'><strong>Mar-</strong></span> 
     </span>
    </p>
   </div>
   <div class='ocr_carea' id='block_1_55' title="bbox 1960 1196 3545 1274">
    <p class='ocr_par' dir='ltr' id='par_1_55' title="bbox 1960 1196 3545 1274">
     <span class='ocr_line' id='line_1_55' title="bbox 1960 1196 3545 1274; baseline 0.003 -26"><span class='ocrx_word' id='word_1_299' title='bbox 1960 1196 2154 1266; x_wconf 86' lang='lat' dir='ltr'><strong>tyrium</strong></span> <span class='ocrx_word' id='word_1_300' title='bbox 2211 1207 2525 1255; x_wconf 88' lang='lat' dir='ltr'><strong>sanctorum</strong></span> <span class='ocrx_word' id='word_1_301' title='bbox 2579 1200 2799 1274; x_wconf 86' lang='lat' dir='ltr'><strong>Thyrsi,</strong></span> <span class='ocrx_word' id='word_1_302' title='bbox 2847 1201 3056 1270; x_wconf 87' lang='lat' dir='ltr'><strong>Leucii,</strong></span> <span class='ocrx_word' id='word_1_303' title='bbox 3111 1199 3448 1257; x_wconf 83' lang='lat' dir='ltr'><strong>Philemonis</strong></span> <span class='ocrx_word' id='word_1_304' title='bbox 3486 1207 3545 1254; x_wconf 89' lang='lat' dir='ltr'><strong>et</strong></span> 
     </span>
    </p>
   </div>
   <div class='ocr_carea' id='block_1_56' title="bbox 1957 1285 2254 1356">
    <p class='ocr_par' dir='ltr' id='par_1_56' title="bbox 1957 1285 2254 1356">
     <span class='ocr_line' id='line_1_56' title="bbox 1957 1285 2254 1356; baseline 0.013 -14"><span class='ocrx_word' id='word_1_305' title='bbox 1957 1285 2254 1356; x_wconf 85' lang='lat' dir='ltr'><strong>Apollonii.</strong></span> 
     </span>
    </p>
   </div>
   <div class='ocr_carea' id='block_1_57' title="bbox 2029 1382 3544 1457">
    <p class='ocr_par' dir='ltr' id='par_1_57' title="bbox 2029 1382 3544 1457">
     <span class='ocr_line' id='line_1_57' title="bbox 2029 1382 3544 1457; baseline 0 -23"><span class='ocrx_word' id='word_1_306' title='bbox 2029 1382 2167 1445; x_wconf 84' lang='grc' dir='ltr'>Τοὺς</span> <span class='ocrx_word' id='word_1_307' title='bbox 2215 1382 2572 1452; x_wconf 88' lang='grc' dir='ltr'>εὐλογοῦντάς</span> <span class='ocrx_word' id='word_1_308' title='bbox 2604 1402 2688 1449; x_wconf 90' lang='grc' dir='ltr'>σε,</span> <span class='ocrx_word' id='word_1_309' title='bbox 2725 1386 2859 1457; x_wconf 75' lang='grc' dir='ltr'>φησὶ</span> <span class='ocrx_word' id='word_1_310' title='bbox 2888 1385 3026 1456; x_wconf 74' lang='grc' dir='ltr'>πρὸς</span> <span class='ocrx_word' id='word_1_311' title='bbox 3074 1385 3169 1438; x_wconf 85' lang='grc' dir='ltr'><strong>τὸν</strong></span> <span class='ocrx_word' id='word_1_312' title='bbox 3207 1383 3461 1456; x_wconf 80' lang='grc' dir='ltr'>Ἀϐραάμ</span> <span class='ocrx_word' id='word_1_313' title='bbox 3513 1382 3544 1434; x_wconf 85' lang='grc' dir='ltr'><strong>δ</strong></span> 
     </span>
    </p>
   </div>
   <div class='ocr_carea' id='block_1_58' title="bbox 1958 1471 3470 1549">
    <p class='ocr_par' dir='ltr' id='par_1_58' title="bbox 1958 1471 3470 1549">
     <span class='ocr_line' id='line_1_58' title="bbox 1958 1471 3470 1549; baseline 0.003 -24"><span class='ocrx_word' id='word_1_314' title='bbox 1958 1471 2114 1536; x_wconf 70' lang='grc' dir='ltr'>Θεὸς,</span> <span class='ocrx_word' id='word_1_315' title='bbox 2145 1475 2447 1546; x_wconf 82' lang='grc' dir='ltr'>εὐλογήσω.</span> <span class='ocrx_word' id='word_1_316' title='bbox 2482 1477 2602 1532; x_wconf 89' lang='lat' dir='ltr'><strong>Vita</strong></span> <span class='ocrx_word' id='word_1_317' title='bbox 2633 1478 2809 1533; x_wconf 86' lang='lat' dir='ltr'><strong>sancti</strong></span> <span class='ocrx_word' id='word_1_318' title='bbox 2842 1477 3054 1549; x_wconf 89' lang='lat' dir='ltr'><strong>Cyriaci</strong></span> <span class='ocrx_word' id='word_1_319' title='bbox 3087 1476 3470 1531; x_wconf 59' lang='lat' dir='ltr'><strong>Anachoreta.</strong></span> 
     </span>
    </p>
   </div>
   <div class='ocr_carea' id='block_1_59' title="bbox 2028 1564 3548 1640">
    <p class='ocr_par' dir='ltr' id='par_1_59' title="bbox 2028 1564 3548 1640">
     <span class='ocr_line' id='line_1_59' title="bbox 2028 1564 3548 1640; baseline 0.001 -24"><span class='ocrx_word' id='word_1_320' title='bbox 2028 1564 2168 1629; x_wconf 83' lang='grc' dir='ltr'>Τοὺς</span> <span class='ocrx_word' id='word_1_321' title='bbox 2219 1565 2506 1637; x_wconf 87' lang='grc' dir='ltr'>σώφρονας</span> <span class='ocrx_word' id='word_1_322' title='bbox 2548 1568 2641 1621; x_wconf 78' lang='grc' dir='ltr'>τὸν</span> <span class='ocrx_word' id='word_1_323' title='bbox 2687 1567 2802 1639; x_wconf 86' lang='grc' dir='ltr'>βίον</span> <span class='ocrx_word' id='word_1_324' title='bbox 2868 1569 2966 1622; x_wconf 79' lang='grc' dir='ltr'>καὶ</span> <span class='ocrx_word' id='word_1_325' title='bbox 3029 1568 3355 1640; x_wconf 80' lang='grc' dir='ltr'>φιλαρέτους</span> <span class='ocrx_word' id='word_1_326' title='bbox 3400 1564 3548 1619; x_wconf 78' lang='grc' dir='ltr'>κατὰ</span> 
     </span>
    </p>
   </div>
   <div class='ocr_carea' id='block_1_60' title="bbox 1956 1654 3546 1730">
    <p class='ocr_par' dir='ltr' id='par_1_60' title="bbox 1956 1654 3546 1730">
     <span class='ocr_line' id='line_1_60' title="bbox 1956 1654 3546 1730; baseline 0 -20"><span class='ocrx_word' id='word_1_327' title='bbox 1956 1654 2187 1726; x_wconf 86' lang='grc' dir='ltr'>δύναμιν</span> <span class='ocrx_word' id='word_1_328' title='bbox 2236 1659 2480 1712; x_wconf 80' lang='grc' dir='ltr'>ἐπαινεῖν</span> <span class='ocrx_word' id='word_1_329' title='bbox 2529 1661 2677 1714; x_wconf 84' lang='grc' dir='ltr'>ὅσιόν</span> <span class='ocrx_word' id='word_1_330' title='bbox 2727 1674 2786 1712; x_wconf 87' lang='grc' dir='ltr'><strong>τε</strong></span> <span class='ocrx_word' id='word_1_331' title='bbox 2835 1661 2971 1730; x_wconf 82' lang='grc' dir='ltr'>ὁμοῦ</span> <span class='ocrx_word' id='word_1_332' title='bbox 3030 1659 3125 1714; x_wconf 80' lang='grc' dir='ltr'><strong>καὶ</strong></span> <span class='ocrx_word' id='word_1_333' title='bbox 3174 1655 3546 1729; x_wconf 85' lang='grc' dir='ltr'>ὠφελιμώτα-</span> 
     </span>
    </p>
   </div>
   <div class='ocr_carea' id='block_1_61' title="bbox 1957 1748 3038 1822">
    <p class='ocr_par' dir='ltr' id='par_1_61' title="bbox 1957 1748 3038 1822">
     <span class='ocr_line' id='line_1_61' title="bbox 1957 1748 3038 1822; baseline 0.006 -21"><span class='ocrx_word' id='word_1_334' title='bbox 1957 1765 2070 1804; x_wconf 86' lang='grc' dir='ltr'>τον.</span> <span class='ocrx_word' id='word_1_335' title='bbox 2099 1748 2220 1804; x_wconf 88' lang='lat' dir='ltr'><strong>Vita</strong></span> <span class='ocrx_word' id='word_1_336' title='bbox 2250 1761 2304 1804; x_wconf 86' lang='lat' dir='ltr'><strong>et</strong></span> <span class='ocrx_word' id='word_1_337' title='bbox 2337 1767 2425 1807; x_wconf 90' lang='lat' dir='ltr'><strong>res</strong></span> <span class='ocrx_word' id='word_1_338' title='bbox 2452 1761 2619 1822; x_wconf 79' lang='lat' dir='ltr'><strong>gestae</strong></span> <span class='ocrx_word' id='word_1_339' title='bbox 2657 1751 2716 1807; x_wconf 89' lang='lat' dir='ltr'><strong>S.</strong></span> <span class='ocrx_word' id='word_1_340' title='bbox 2755 1753 3038 1807; x_wconf 73' lang='lat' dir='ltr'><strong>Matronae.</strong></span> 
     </span>
    </p>
   </div>
   <div class='ocr_carea' id='block_1_62' title="bbox 2033 1839 3547 1913">
    <p class='ocr_par' dir='ltr' id='par_1_62' title="bbox 2033 1839 3547 1913">
     <span class='ocr_line' id='line_1_62' title="bbox 2033 1839 3547 1913; baseline 0.002 -21"><span class='ocrx_word' id='word_1_341' title='bbox 2033 1839 2304 1911; x_wconf 86' lang='grc' dir='ltr'>Τραῖανοῦ</span> <span class='ocrx_word' id='word_1_342' title='bbox 2331 1841 2400 1895; x_wconf 81' lang='grc' dir='ltr'>τὰ</span> <span class='ocrx_word' id='word_1_343' title='bbox 2456 1842 2744 1913; x_wconf 80' lang='grc' dir='ltr'>Ῥωμαίων</span> <span class='ocrx_word' id='word_1_344' title='bbox 2780 1843 3034 1913; x_wconf 82' lang='grc' dir='ltr'>σκῆπτρα</span> <span class='ocrx_word' id='word_1_345' title='bbox 3071 1841 3366 1905; x_wconf 83' lang='grc' dir='ltr'>διέποντος.</span> <span class='ocrx_word' id='word_1_346' title='bbox 3423 1839 3547 1895; x_wconf 77' lang='lat' dir='ltr'><strong>Vita</strong></span> 
     </span>
    </p>
   </div>
   <div class='ocr_carea' id='block_1_63' title="bbox 1891 1911 3549 2003">
    <p class='ocr_par' dir='ltr' id='par_1_63' title="bbox 1891 1911 3549 2003">
     <span class='ocr_line' id='line_1_63' title="bbox 1891 1911 3549 2003; baseline 0.002 -17"><span class='ocrx_word' id='word_1_347' title='bbox 1891 1911 1935 1969; x_wconf 74' lang='grc' dir='ltr'><strong><em>Β</em></strong></span> <span class='ocrx_word' id='word_1_348' title='bbox 1967 1939 2021 1986; x_wconf 85' lang='lat' dir='ltr'><strong>et</strong></span> <span class='ocrx_word' id='word_1_349' title='bbox 2051 1933 2364 2003; x_wconf 83' lang='lat' dir='ltr'><strong>martyrium</strong></span> <span class='ocrx_word' id='word_1_350' title='bbox 2414 1943 2729 1990; x_wconf 91' lang='lat' dir='ltr'><strong>sanctorum</strong></span> <span class='ocrx_word' id='word_1_351' title='bbox 2778 1933 3073 1999; x_wconf 89' lang='lat' dir='ltr'><strong>Eustathii,</strong></span> <span class='ocrx_word' id='word_1_352' title='bbox 3115 1942 3171 1989; x_wconf 90' lang='lat' dir='ltr'><strong>et</strong></span> <span class='ocrx_word' id='word_1_353' title='bbox 3199 1933 3322 2003; x_wconf 82' lang='lat' dir='ltr'><strong>ejus</strong></span> <span class='ocrx_word' id='word_1_354' title='bbox 3357 1933 3549 1990; x_wconf 79' lang='lat' dir='ltr'><strong>uxoris</strong></span> 
     </span>
    </p>
   </div>
   <div class='ocr_carea' id='block_1_64' title="bbox 1968 2022 3547 2099">
    <p class='ocr_par' dir='ltr' id='par_1_64' title="bbox 1968 2022 3547 2099">
     <span class='ocr_line' id='line_1_64' title="bbox 1968 2022 3547 2099; baseline 0.003 -22"><span class='ocrx_word' id='word_1_355' title='bbox 1968 2022 2326 2092; x_wconf 80' lang='lat' dir='ltr'><strong>TheOpistes,</strong></span> <span class='ocrx_word' id='word_1_356' title='bbox 2377 2035 2430 2080; x_wconf 87' lang='lat' dir='ltr'><strong>et</strong></span> <span class='ocrx_word' id='word_1_357' title='bbox 2471 2041 2662 2082; x_wconf 86' lang='lat' dir='ltr'><strong>eorum</strong></span> <span class='ocrx_word' id='word_1_358' title='bbox 2718 2026 2952 2084; x_wconf 80' lang='lat' dir='ltr'><strong>ﬁliorum</strong></span> <span class='ocrx_word' id='word_1_359' title='bbox 3001 2026 3191 2099; x_wconf 79' lang='lat' dir='ltr'><strong>Agapii</strong></span> <span class='ocrx_word' id='word_1_360' title='bbox 3247 2033 3303 2082; x_wconf 89' lang='lat' dir='ltr'><strong>et</strong></span> <span class='ocrx_word' id='word_1_361' title='bbox 3359 2024 3547 2082; x_wconf 79' lang='lat' dir='ltr'><strong>Theo-</strong></span> 
     </span>
    </p>
   </div>
   <div class='ocr_carea' id='block_1_65' title="bbox 1965 2113 2112 2184">
    <p class='ocr_par' dir='ltr' id='par_1_65' title="bbox 1965 2113 2112 2184">
     <span class='ocr_line' id='line_1_65' title="bbox 1965 2113 2112 2184; baseline 0 -16"><span class='ocrx_word' id='word_1_362' title='bbox 1965 2113 2112 2184; x_wconf 90' lang='lat' dir='ltr'><strong>pisti.</strong></span> 
     </span>
    </p>
   </div>
   <div class='ocr_carea' id='block_1_66' title="bbox 2036 2206 3550 2282">
    <p class='ocr_par' dir='ltr' id='par_1_66' title="bbox 2036 2206 3550 2282">
     <span class='ocr_line' id='line_1_66' title="bbox 2036 2206 3550 2282; baseline 0.004 -24"><span class='ocrx_word' id='word_1_363' title='bbox 2036 2206 2308 2278; x_wconf 84' lang='grc' dir='ltr'>Τραϊανοῦ</span> <span class='ocrx_word' id='word_1_364' title='bbox 2367 2209 2462 2262; x_wconf 86' lang='grc' dir='ltr'><strong>τοῦ</strong></span> <span class='ocrx_word' id='word_1_365' title='bbox 2514 2208 2808 2276; x_wconf 86' lang='grc' dir='ltr'>δυσσεϐοῦς</span> <span class='ocrx_word' id='word_1_366' title='bbox 2860 2209 3125 2281; x_wconf 84' lang='grc' dir='ltr'>βασιλέως</span> <span class='ocrx_word' id='word_1_367' title='bbox 3188 2208 3388 2282; x_wconf 74' lang='grc' dir='ltr'>πολλὴν</span> <span class='ocrx_word' id='word_1_368' title='bbox 3445 2209 3550 2279; x_wconf 78' lang='grc' dir='ltr'><strong>μὲν</strong></span> 
     </span>
    </p>
   </div>
   <div class='ocr_carea' id='block_1_67' title="bbox 1965 2299 3548 2376">
    <p class='ocr_par' dir='ltr' id='par_1_67' title="bbox 1965 2299 3548 2376">
     <span class='ocr_line' id='line_1_67' title="bbox 1965 2299 3548 2376; baseline 0.003 -24"><span class='ocrx_word' id='word_1_369' title='bbox 1965 2299 2225 2370; x_wconf 82' lang='grc' dir='ltr'>πρόνοιαν</span> <span class='ocrx_word' id='word_1_370' title='bbox 2289 2301 2383 2354; x_wconf 67' lang='grc' dir='ltr'><strong>καὶ</strong></span> <span class='ocrx_word' id='word_1_371' title='bbox 2439 2304 2698 2374; x_wconf 81' lang='grc' dir='ltr'>σπουδήν.</span> <span class='ocrx_word' id='word_1_372' title='bbox 2773 2302 3089 2376; x_wconf 81' lang='lat' dir='ltr'><strong>Martyrium</strong></span> <span class='ocrx_word' id='word_1_373' title='bbox 3138 2303 3240 2359; x_wconf 89' lang='lat' dir='ltr'><strong>SS.</strong></span> <span class='ocrx_word' id='word_1_374' title='bbox 3292 2303 3548 2367; x_wconf 78' lang='lat' dir='ltr'><strong>Eudoxii.</strong></span> 
     </span>
    </p>
   </div>
   <div class='ocr_carea' id='block_1_68' title="bbox 1963 2387 2819 2456">
    <p class='ocr_par' dir='ltr' id='par_1_68' title="bbox 1963 2387 2819 2456">
     <span class='ocr_line' id='line_1_68' title="bbox 1963 2387 2819 2456; baseline 0.008 -13"><span class='ocrx_word' id='word_1_375' title='bbox 1963 2387 2200 2456; x_wconf 82' lang='lat' dir='ltr'><strong>Romuli,</strong></span> <span class='ocrx_word' id='word_1_376' title='bbox 2225 2394 2458 2448; x_wconf 80' lang='lat' dir='ltr'><strong>Zenonis</strong></span> <span class='ocrx_word' id='word_1_377' title='bbox 2489 2403 2544 2449; x_wconf 88' lang='lat' dir='ltr'><strong>et</strong></span> <span class='ocrx_word' id='word_1_378' title='bbox 2580 2394 2819 2450; x_wconf 84' lang='lat' dir='ltr'><strong>Macarii.</strong></span> 
     </span>
    </p>
   </div>
   <div class='ocr_carea' id='block_1_69' title="bbox 2033 2483 3548 2561">
    <p class='ocr_par' dir='ltr' id='par_1_69' title="bbox 2033 2483 3548 2561">
     <span class='ocr_line' id='line_1_69' title="bbox 2033 2483 3548 2561; baseline 0.003 -24"><span class='ocrx_word' id='word_1_379' title='bbox 2033 2483 2124 2539; x_wconf 74' lang='lat'><strong>26.</strong></span> <span class='ocrx_word' id='word_1_380' title='bbox 2181 2483 2238 2538; x_wconf 86' lang='lat'><strong>&#39;0</strong></span> <span class='ocrx_word' id='word_1_381' title='bbox 2276 2486 2369 2539; x_wconf 84' lang='grc' dir='ltr'><strong>τοῦ</strong></span> <span class='ocrx_word' id='word_1_382' title='bbox 2417 2486 2554 2541; x_wconf 88' lang='grc' dir='ltr'>Θεοῦ</span> <span class='ocrx_word' id='word_1_383' title='bbox 2613 2487 2744 2552; x_wconf 83' lang='grc' dir='ltr'><strong>Θεὸς</strong></span> <span class='ocrx_word' id='word_1_384' title='bbox 2775 2489 2946 2553; x_wconf 86' lang='grc' dir='ltr'>Λόγος</span> <span class='ocrx_word' id='word_1_385' title='bbox 3007 2489 3194 2552; x_wconf 78' lang='grc' dir='ltr'>ἀϊδίως</span> <span class='ocrx_word' id='word_1_386' title='bbox 3241 2487 3420 2544; x_wconf 87' lang='grc' dir='ltr'>συνὼν</span> <span class='ocrx_word' id='word_1_387' title='bbox 3465 2489 3548 2561; x_wconf 82' lang='grc' dir='ltr'>τῷ</span> 
     </span>
    </p>
   </div>
   <div class='ocr_carea' id='block_1_70' title="bbox 1964 2577 3544 2651">
    <p class='ocr_par' dir='ltr' id='par_1_70' title="bbox 1964 2577 3544 2651">
     <span class='ocr_line' id='line_1_70' title="bbox 1964 2577 3544 2651; baseline 0.003 -22"><span class='ocrx_word' id='word_1_388' title='bbox 1964 2577 2141 2649; x_wconf 71' lang='grc' dir='ltr'>Πατρὶ</span> <span class='ocrx_word' id='word_1_389' title='bbox 2191 2579 2287 2632; x_wconf 73' lang='grc' dir='ltr'>καὶ</span> <span class='ocrx_word' id='word_1_390' title='bbox 2335 2580 2564 2651; x_wconf 79' lang='grc' dir='ltr'>ἇχρονος</span> <span class='ocrx_word' id='word_1_391' title='bbox 2611 2580 2689 2633; x_wconf 87' lang='grc' dir='ltr'>ὣν</span> <span class='ocrx_word' id='word_1_392' title='bbox 2736 2581 2930 2635; x_wconf 77' lang='grc' dir='ltr'>είλετο.</span> <span class='ocrx_word' id='word_1_393' title='bbox 2993 2582 3432 2637; x_wconf 82' lang='lat' dir='ltr'><strong>Commentarios</strong></span> <span class='ocrx_word' id='word_1_394' title='bbox 3489 2580 3544 2635; x_wconf 84' lang='lat' dir='ltr'><strong>in</strong></span> 
     </span>
    </p>
   </div>
   <div class='ocr_carea' id='block_1_71' title="bbox 1962 2672 2932 2742">
    <p class='ocr_par' dir='ltr' id='par_1_71' title="bbox 1962 2672 2932 2742">
     <span class='ocr_line' id='line_1_71' title="bbox 1962 2672 2932 2742; baseline 0.003 -17"><span class='ocrx_word' id='word_1_395' title='bbox 1962 2679 2214 2725; x_wconf 84' lang='lat' dir='ltr'><strong>sanctum</strong></span> <span class='ocrx_word' id='word_1_396' title='bbox 2249 2673 2556 2740; x_wconf 87' lang='lat' dir='ltr'><strong>apostolum</strong></span> <span class='ocrx_word' id='word_1_397' title='bbox 2594 2672 2932 2742; x_wconf 87' lang='lat' dir='ltr'><strong>Philippum.</strong></span> 
     </span>
    </p>
   </div>
   <div class='ocr_carea' id='block_1_72' title="bbox 2036 2761 3548 2835">
    <p class='ocr_par' dir='ltr' id='par_1_72' title="bbox 2036 2761 3548 2835">
     <span class='ocr_line' id='line_1_72' title="bbox 2036 2761 3548 2835; baseline 0.003 -20"><span class='ocrx_word' id='word_1_398' title='bbox 2036 2762 2158 2815; x_wconf 80' lang='grc' dir='ltr'><strong>Τῶν</strong></span> <span class='ocrx_word' id='word_1_399' title='bbox 2190 2761 2296 2816; x_wconf 85' lang='grc' dir='ltr'>ὐπὸ</span> <span class='ocrx_word' id='word_1_400' title='bbox 2345 2761 2584 2832; x_wconf 87' lang='grc' dir='ltr'>Χριστοῦ</span> <span class='ocrx_word' id='word_1_401' title='bbox 2629 2762 2729 2834; x_wconf 80' lang='grc' dir='ltr'>τὴν</span> <span class='ocrx_word' id='word_1_402' title='bbox 2761 2763 2986 2835; x_wconf 81' lang='grc' dir='ltr'>ἄθλησιν</span> <span class='ocrx_word' id='word_1_403' title='bbox 3031 2763 3325 2835; x_wconf 79' lang='grc' dir='ltr'>ἑλομένων,</span> <span class='ocrx_word' id='word_1_404' title='bbox 3361 2764 3409 2818; x_wconf 91' lang='grc' dir='ltr'>οί</span> <span class='ocrx_word' id='word_1_405' title='bbox 3445 2764 3548 2834; x_wconf 74' lang='grc' dir='ltr'><strong>μὲν</strong></span> 
     </span>
    </p>
   </div>
   <div class='ocr_carea' id='block_1_73' title="bbox 1965 2854 3546 2928">
    <p class='ocr_par' dir='ltr' id='par_1_73' title="bbox 1965 2854 3546 2928">
     <span class='ocr_line' id='line_1_73' title="bbox 1965 2854 3546 2928; baseline 0.001 -20"><span class='ocrx_word' id='word_1_406' title='bbox 1965 2854 2105 2926; x_wconf 83' lang='grc' dir='ltr'>ὑπὲρ</span> <span class='ocrx_word' id='word_1_407' title='bbox 2161 2855 2445 2918; x_wconf 85' lang='grc' dir='ltr'>εὐσεϐείας</span> <span class='ocrx_word' id='word_1_408' title='bbox 2492 2855 2680 2919; x_wconf 82' lang='grc' dir='ltr'>ἁπλῶς</span> <span class='ocrx_word' id='word_1_409' title='bbox 2727 2856 2865 2926; x_wconf 79' lang='grc' dir='ltr'>πρὸς</span> <span class='ocrx_word' id='word_1_410' title='bbox 2923 2857 3193 2928; x_wconf 86' lang='grc' dir='ltr'>Ἕλληνας</span> <span class='ocrx_word' id='word_1_411' title='bbox 3234 2857 3546 2926; x_wconf 74' lang='grc' dir='ltr'>ἠγωνίσαν-</span> 
     </span>
    </p>
   </div>
   <div class='ocr_carea' id='block_1_74' title="bbox 1961 2949 3544 3022">
    <p class='ocr_par' dir='ltr' id='par_1_74' title="bbox 1961 2949 3544 3022">
     <span class='ocr_line' id='line_1_74' title="bbox 1961 2949 3544 3022; baseline 0.001 -18"><span class='ocrx_word' id='word_1_412' title='bbox 1961 2968 2041 3004; x_wconf 92' lang='grc' dir='ltr'>το.</span> <span class='ocrx_word' id='word_1_413' title='bbox 2080 2952 2200 3007; x_wconf 90' lang='lat' dir='ltr'><strong>Vita</strong></span> <span class='ocrx_word' id='word_1_414' title='bbox 2225 2951 2401 3005; x_wconf 90' lang='lat' dir='ltr'><strong>sancti</strong></span> <span class='ocrx_word' id='word_1_415' title='bbox 2433 2949 2703 3006; x_wconf 88' lang='lat' dir='ltr'><strong>Theodori</strong></span> <span class='ocrx_word' id='word_1_416' title='bbox 2734 2950 2925 3022; x_wconf 88' lang='lat' dir='ltr'><strong>Grapti</strong></span> <span class='ocrx_word' id='word_1_417' title='bbox 2952 2962 3006 3006; x_wconf 83' lang='lat' dir='ltr'><strong>et</strong></span> <span class='ocrx_word' id='word_1_418' title='bbox 3033 2951 3208 3006; x_wconf 88' lang='lat' dir='ltr'><strong>sancti</strong></span> <span class='ocrx_word' id='word_1_419' title='bbox 3251 2949 3544 3020; x_wconf 84' lang='lat' dir='ltr'><strong>Theopha-</strong></span> 
     </span>
    </p>
   </div>
   <div class='ocr_carea' id='block_1_75' title="bbox 1962 3042 2457 3098">
    <p class='ocr_par' dir='ltr' id='par_1_75' title="bbox 1962 3042 2457 3098">
     <span class='ocr_line' id='line_1_75' title="bbox 1962 3042 2457 3098; baseline 0.002 -1"><span class='ocrx_word' id='word_1_420' title='bbox 1962 3043 2046 3097; x_wconf 90' lang='lat' dir='ltr'><strong>nis</strong></span> <span class='ocrx_word' id='word_1_421' title='bbox 2083 3043 2224 3098; x_wconf 92' lang='lat' dir='ltr'><strong>illius</strong></span> <span class='ocrx_word' id='word_1_422' title='bbox 2254 3042 2457 3098; x_wconf 81' lang='lat' dir='ltr'><strong>fratris.</strong></span> 
     </span>
    </p>
   </div>
   <div class='ocr_carea' id='block_1_76' title="bbox 2034 3133 3545 3209">
    <p class='ocr_par' dir='ltr' id='par_1_76' title="bbox 2034 3133 3545 3209">
     <span class='ocr_line' id='line_1_76' title="bbox 2034 3133 3545 3209; baseline 0.003 -21"><span class='ocrx_word' id='word_1_423' title='bbox 2034 3137 2245 3209; x_wconf 84' lang='grc' dir='ltr'>’Ὠσπερ</span> <span class='ocrx_word' id='word_1_424' title='bbox 2287 3137 2380 3190; x_wconf 77' lang='grc' dir='ltr'><strong>ἐπὶ</strong></span> <span class='ocrx_word' id='word_1_425' title='bbox 2419 3135 2530 3191; x_wconf 84' lang='grc' dir='ltr'>τῶν</span> <span class='ocrx_word' id='word_1_426' title='bbox 2575 3137 2864 3208; x_wconf 88' lang='grc' dir='ltr'>ἀριστέων,</span> <span class='ocrx_word' id='word_1_427' title='bbox 2940 3136 3058 3192; x_wconf 86' lang='lat' dir='ltr'><strong>Vita</strong></span> <span class='ocrx_word' id='word_1_428' title='bbox 3095 3133 3545 3205; x_wconf 83' lang='lat' dir='ltr'><strong>sanctiDanielis</strong></span> 
     </span>
    </p>
   </div>
   <div class='ocr_carea' id='block_1_77' title="bbox 1963 3231 2186 3304">
    <p class='ocr_par' dir='ltr' id='par_1_77' title="bbox 1963 3231 2186 3304">
     <span class='ocr_line' id='line_1_77' title="bbox 1963 3231 2186 3304; baseline 0.004 -18"><span class='ocrx_word' id='word_1_429' title='bbox 1963 3231 2186 3304; x_wconf 68' lang='lat' dir='ltr'><strong>Stylitaz.</strong></span> 
     </span>
    </p>
   </div>
   <div class='ocr_carea' id='block_1_78' title="bbox 2033 3323 3547 3396">
    <p class='ocr_par' dir='ltr' id='par_1_78' title="bbox 2033 3323 3547 3396">
     <span class='ocr_line' id='line_1_78' title="bbox 2033 3323 3547 3396; baseline 0.004 -18"><span class='ocrx_word' id='word_1_430' title='bbox 2033 3327 2245 3394; x_wconf 85' lang='grc' dir='ltr'>Ὠσπερ</span> <span class='ocrx_word' id='word_1_431' title='bbox 2275 3323 2480 3395; x_wconf 86' lang='grc' dir='ltr'>λειμὼν</span> <span class='ocrx_word' id='word_1_432' title='bbox 2515 3326 2746 3396; x_wconf 80' lang='grc' dir='ltr'>εὐανθὴς</span> <span class='ocrx_word' id='word_1_433' title='bbox 2773 3327 3042 3392; x_wconf 80' lang='grc' dir='ltr'>ποικίλοις</span> <span class='ocrx_word' id='word_1_434' title='bbox 3071 3328 3257 3383; x_wconf 77' lang='grc' dir='ltr'>ἄνθεσι</span> <span class='ocrx_word' id='word_1_435' title='bbox 3305 3329 3547 3394; x_wconf 77' lang='grc' dir='ltr'>πυκαζό-</span> 
     </span>
    </p>
   </div>
   <div class='ocr_carea' id='block_1_79' title="bbox 1963 3415 3543 3487">
    <p class='ocr_par' dir='ltr' id='par_1_79' title="bbox 1963 3415 3543 3487">
     <span class='ocr_line' id='line_1_79' title="bbox 1963 3415 3543 3487; baseline 0.006 -19"><span class='ocrx_word' id='word_1_436' title='bbox 1963 3433 2122 3487; x_wconf 88' lang='grc' dir='ltr'>μενος</span> <span class='ocrx_word' id='word_1_437' title='bbox 2157 3415 2383 3487; x_wconf 74' lang='grc' dir='ltr'>ὠραῖζει</span> <span class='ocrx_word' id='word_1_438' title='bbox 2414 3421 2532 3481; x_wconf 80' lang='grc' dir='ltr'>ταῖς</span> <span class='ocrx_word' id='word_1_439' title='bbox 2562 3419 2774 3487; x_wconf 76' lang='grc' dir='ltr'>ὀδμαῖς.</span> <span class='ocrx_word' id='word_1_440' title='bbox 2831 3419 2952 3475; x_wconf 89' lang='lat' dir='ltr'><strong>Vita</strong></span> <span class='ocrx_word' id='word_1_441' title='bbox 3002 3431 3058 3475; x_wconf 90' lang='lat' dir='ltr'><strong>et</strong></span> <span class='ocrx_word' id='word_1_442' title='bbox 3090 3421 3328 3476; x_wconf 88' lang='lat' dir='ltr'><strong>laudatio</strong></span> <span class='ocrx_word' id='word_1_443' title='bbox 3366 3424 3543 3478; x_wconf 68' lang='lat' dir='ltr'><strong>sancti</strong></span> 
     </span>
    </p>
   </div>
   <div class='ocr_carea' id='block_1_80' title="bbox 1959 3505 3016 3581">
    <p class='ocr_par' dir='ltr' id='par_1_80' title="bbox 1959 3505 3016 3581">
     <span class='ocr_line' id='line_1_80' title="bbox 1959 3505 3016 3581; baseline 0.005 -21"><span class='ocrx_word' id='word_1_444' title='bbox 1959 3505 2136 3561; x_wconf 90' lang='lat' dir='ltr'><strong>Patris</strong></span> <span class='ocrx_word' id='word_1_445' title='bbox 2164 3508 2336 3562; x_wconf 89' lang='lat' dir='ltr'><strong>nostri</strong></span> <span class='ocrx_word' id='word_1_446' title='bbox 2361 3507 2714 3579; x_wconf 86' lang='lat' dir='ltr'><strong>Theophanis</strong></span> <span class='ocrx_word' id='word_1_447' title='bbox 2745 3509 3016 3581; x_wconf 82' lang='lat' dir='ltr'><strong>Siagreni.</strong></span> 
     </span>
    </p>
   </div>
   <div class='ocr_carea' id='block_1_81' title="bbox 2034 3600 3544 3676">
    <p class='ocr_par' dir='ltr' id='par_1_81' title="bbox 2034 3600 3544 3676">
     <span class='ocr_line' id='line_1_81' title="bbox 2034 3600 3544 3676; baseline 0.005 -24"><span class='ocrx_word' id='word_1_448' title='bbox 2034 3600 2198 3664; x_wconf 84' lang='grc' dir='ltr'>Ἔτος</span> <span class='ocrx_word' id='word_1_449' title='bbox 2243 3602 2342 3671; x_wconf 84' lang='grc' dir='ltr'><strong>μὲν</strong></span> <span class='ocrx_word' id='word_1_450' title='bbox 2382 3603 2488 3656; x_wconf 85' lang='grc' dir='ltr'><strong>ἀπὸ</strong></span> <span class='ocrx_word' id='word_1_451' title='bbox 2540 3602 2639 3673; x_wconf 81' lang='grc' dir='ltr'>τῆς</span> <span class='ocrx_word' id='word_1_452' title='bbox 2681 3603 3031 3676; x_wconf 83' lang='grc' dir='ltr'>Ἀλεξάνδρου</span> <span class='ocrx_word' id='word_1_453' title='bbox 3090 3605 3184 3659; x_wconf 83' lang='grc' dir='ltr'><strong>τοῦ</strong></span> <span class='ocrx_word' id='word_1_454' title='bbox 3234 3607 3544 3669; x_wconf 84' lang='grc' dir='ltr'>Μακεδόνος</span> 
     </span>
    </p>
   </div>
   <div class='ocr_carea' id='block_1_82' title="bbox 1961 3693 3543 3770">
    <p class='ocr_par' dir='ltr' id='par_1_82' title="bbox 1961 3693 3543 3770">
     <span class='ocr_line' id='line_1_82' title="bbox 1961 3693 3543 3770; baseline 0.003 -21"><span class='ocrx_word' id='word_1_455' title='bbox 1961 3694 2134 3766; x_wconf 83' lang='grc' dir='ltr'>ἀρχῆς</span> <span class='ocrx_word' id='word_1_456' title='bbox 2158 3695 2535 3760; x_wconf 80' lang='grc' dir='ltr'><strong>ἑξακοσιοστὸν</strong></span> <span class='ocrx_word' id='word_1_457' title='bbox 2557 3693 2645 3768; x_wconf 77' lang='grc' dir='ltr'><strong>ἦν.</strong></span> <span class='ocrx_word' id='word_1_458' title='bbox 2668 3696 2983 3770; x_wconf 82' lang='lat' dir='ltr'><strong>Martyrium</strong></span> <span class='ocrx_word' id='word_1_459' title='bbox 3000 3708 3312 3755; x_wconf 86' lang='lat' dir='ltr'><strong>sanctorum</strong></span> <span class='ocrx_word' id='word_1_460' title='bbox 3337 3700 3543 3764; x_wconf 74' lang='lat' dir='ltr'><strong>Gurize.</strong></span> 
     </span>
    </p>
   </div>
   <div class='ocr_carea' id='block_1_83' title="bbox 1963 3786 3542 3861">
    <p class='ocr_par' dir='ltr' id='par_1_83' title="bbox 1963 3786 3542 3861">
     <span class='ocr_line' id='line_1_83' title="bbox 1963 3786 3542 3861; baseline 0.004 -21"><span class='ocrx_word' id='word_1_461' title='bbox 1963 3786 2215 3841; x_wconf 69' lang='lat' dir='ltr'><strong>Samona:</strong></span> <span class='ocrx_word' id='word_1_462' title='bbox 2243 3796 2298 3841; x_wconf 86' lang='lat' dir='ltr'><strong>et</strong></span> <span class='ocrx_word' id='word_1_463' title='bbox 2327 3788 2506 3846; x_wconf 85' lang='lat' dir='ltr'><strong>Abibi.</strong></span> <span class='ocrx_word' id='word_1_464' title='bbox 2545 3797 2600 3842; x_wconf 89' lang='lat' dir='ltr'><strong>et</strong></span> <span class='ocrx_word' id='word_1_465' title='bbox 2627 3789 2694 3843; x_wconf 89' lang='lat' dir='ltr'><strong>de</strong></span> <span class='ocrx_word' id='word_1_466' title='bbox 2720 3804 2909 3844; x_wconf 80' lang='lat' dir='ltr'><strong>eorum</strong></span> <span class='ocrx_word' id='word_1_467' title='bbox 2943 3791 3207 3846; x_wconf 90' lang='lat' dir='ltr'><strong>miraculo</strong></span> <span class='ocrx_word' id='word_1_468' title='bbox 3247 3801 3459 3861; x_wconf 87' lang='lat' dir='ltr'><strong>patrato</strong></span> <span class='ocrx_word' id='word_1_469' title='bbox 3488 3793 3542 3846; x_wconf 92' lang='lat' dir='ltr'><strong>in</strong></span> 
     </span>
    </p>
   </div>
   <div class='ocr_carea' id='block_1_84' title="bbox 1958 3879 2607 3948">
    <p class='ocr_par' dir='ltr' id='par_1_84' title="bbox 1958 3879 2607 3948">
     <span class='ocr_line' id='line_1_84' title="bbox 1958 3879 2607 3948; baseline 0 -16"><span class='ocrx_word' id='word_1_470' title='bbox 1958 3879 2193 3948; x_wconf 85' lang='lat' dir='ltr'><strong>puellam</strong></span> <span class='ocrx_word' id='word_1_471' title='bbox 2227 3879 2607 3947; x_wconf 84' lang='lat' dir='ltr'><strong>Euphemiam.</strong></span> 
     </span>
    </p>
   </div>
   <div class='ocr_carea' id='block_1_85' title="bbox 2034 3965 3543 4044">
    <p class='ocr_par' dir='ltr' id='par_1_85' title="bbox 2034 3965 3543 4044">
     <span class='ocr_line' id='line_1_85' title="bbox 2034 3965 3543 4044; baseline 0.005 -26"><span class='ocrx_word' id='word_1_472' title='bbox 2034 3965 2185 4038; x_wconf 81' lang='grc'><strong>[150]</strong></span> <span class='ocrx_word' id='word_1_473' title='bbox 2236 3965 2491 4037; x_wconf 77' lang='grc' dir='ltr'>Νέρωνος</span> <span class='ocrx_word' id='word_1_474' title='bbox 2551 3966 2710 4031; x_wconf 88' lang='grc' dir='ltr'>αὐθις</span> <span class='ocrx_word' id='word_1_475' title='bbox 2768 3968 2838 4021; x_wconf 73' lang='grc' dir='ltr'>τὰ</span> <span class='ocrx_word' id='word_1_476' title='bbox 2914 3969 3205 4040; x_wconf 89' lang='grc' dir='ltr'>Ῥωμαίων</span> <span class='ocrx_word' id='word_1_477' title='bbox 3283 3971 3543 4044; x_wconf 85' lang='grc' dir='ltr'>σκῆπτρα</span> 
     </span>
    </p>
   </div>
   <div class='ocr_carea' id='block_1_86' title="bbox 1959 4058 3543 4133">
    <p class='ocr_par' dir='ltr' id='par_1_86' title="bbox 1959 4058 3543 4133">
     <span class='ocr_line' id='line_1_86' title="bbox 1959 4058 3543 4133; baseline 0.006 -23"><span class='ocrx_word' id='word_1_478' title='bbox 1959 4058 2239 4121; x_wconf 83' lang='grc' dir='ltr'>διέποντος</span> <span class='ocrx_word' id='word_1_479' title='bbox 2281 4059 2310 4111; x_wconf 88' lang='grc' dir='ltr'><strong>ὁ</strong></span> <span class='ocrx_word' id='word_1_480' title='bbox 2365 4059 2682 4130; x_wconf 74' lang='grc' dir='ltr'>θαυμαστὸς</span> <span class='ocrx_word' id='word_1_481' title='bbox 2735 4060 3033 4133; x_wconf 78' lang='grc' dir='ltr'>Ναζάριος.</span> <span class='ocrx_word' id='word_1_482' title='bbox 3089 4060 3211 4118; x_wconf 88' lang='lat' dir='ltr'><strong>Vita</strong></span> <span class='ocrx_word' id='word_1_483' title='bbox 3258 4074 3314 4118; x_wconf 90' lang='lat' dir='ltr'><strong>et</strong></span> <span class='ocrx_word' id='word_1_484' title='bbox 3362 4074 3543 4120; x_wconf 84' lang='lat' dir='ltr'><strong>certa-</strong></span> 
     </span>
    </p>
   </div>
   <div class='ocr_carea' id='block_1_87' title="bbox 1961 4153 3541 4224">
    <p class='ocr_par' dir='ltr' id='par_1_87' title="bbox 1961 4153 3541 4224">
     <span class='ocr_line' id='line_1_87' title="bbox 1961 4153 3541 4224; baseline 0.004 -16"><span class='ocrx_word' id='word_1_485' title='bbox 1961 4169 2087 4209; x_wconf 89' lang='lat' dir='ltr'><strong>men</strong></span> <span class='ocrx_word' id='word_1_486' title='bbox 2165 4162 2481 4209; x_wconf 88' lang='lat' dir='ltr'><strong>sanctorum</strong></span> <span class='ocrx_word' id='word_1_487' title='bbox 2549 4153 2804 4224; x_wconf 87' lang='lat' dir='ltr'><strong>Nazarii,</strong></span> <span class='ocrx_word' id='word_1_488' title='bbox 2863 4156 3108 4213; x_wconf 87' lang='lat' dir='ltr'><strong>Gcrvasii</strong></span> <span class='ocrx_word' id='word_1_489' title='bbox 3184 4158 3417 4214; x_wconf 91' lang='lat' dir='ltr'><strong>Protasii</strong></span> <span class='ocrx_word' id='word_1_490' title='bbox 3485 4170 3541 4214; x_wconf 87' lang='lat' dir='ltr'><strong>et</strong></span> 
     </span>
    </p>
   </div>
   <div class='ocr_carea' id='block_1_88' title="bbox 1937 4245 2126 4301">
    <p class='ocr_par' dir='ltr' id='par_1_88' title="bbox 1937 4245 2126 4301">
     <span class='ocr_line' id='line_1_88' title="bbox 1937 4245 2126 4301; baseline -0.005 0"><span class='ocrx_word' id='word_1_491' title='bbox 1937 4245 2126 4301; x_wconf 76' lang='lat' dir='ltr'><strong>~Celsi.</strong></span> 
     </span>
    </p>
   </div>
   <div class='ocr_carea' id='block_1_89' title="bbox 2031 4339 3543 4414">
    <p class='ocr_par' dir='ltr' id='par_1_89' title="bbox 2031 4339 3543 4414">
     <span class='ocr_line' id='line_1_89' title="bbox 2031 4339 3543 4414; baseline 0.001 -18"><span class='ocrx_word' id='word_1_492' title='bbox 2031 4339 2262 4412; x_wconf 86' lang='grc' dir='ltr'>Μάρκου</span> <span class='ocrx_word' id='word_1_493' title='bbox 2291 4339 2588 4393; x_wconf 80' lang='grc' dir='ltr'>Ἀντωνίου</span> <span class='ocrx_word' id='word_1_494' title='bbox 2622 4339 2717 4394; x_wconf 70' lang='grc' dir='ltr'><strong>καὶ</strong></span> <span class='ocrx_word' id='word_1_495' title='bbox 2744 4340 2976 4395; x_wconf 78' lang='grc' dir='ltr'>Λουκίου</span> <span class='ocrx_word' id='word_1_496' title='bbox 3014 4342 3194 4413; x_wconf 83' lang='grc' dir='ltr'>Βήρου</span> <span class='ocrx_word' id='word_1_497' title='bbox 3233 4343 3335 4414; x_wconf 76' lang='grc' dir='ltr'>τὴν</span> <span class='ocrx_word' id='word_1_498' title='bbox 3381 4342 3543 4397; x_wconf 81' lang='grc' dir='ltr'>αὐτο-</span> 
     </span>
    </p>
   </div>
   <div class='ocr_carea' id='block_1_90' title="bbox 1961 4432 3544 4506">
    <p class='ocr_par' dir='ltr' id='par_1_90' title="bbox 1961 4432 3544 4506">
     <span class='ocr_line' id='line_1_90' title="bbox 1961 4432 3544 4506; baseline 0.001 -17"><span class='ocrx_word' id='word_1_499' title='bbox 1961 4435 2205 4506; x_wconf 81' lang='grc' dir='ltr'>κράτορα</span> <span class='ocrx_word' id='word_1_500' title='bbox 2265 4432 2560 4502; x_wconf 87' lang='grc' dir='ltr'>Ῥωμαίοις</span> <span class='ocrx_word' id='word_1_501' title='bbox 2604 4432 2901 4488; x_wconf 86' lang='grc' dir='ltr'>διεπόντων</span> <span class='ocrx_word' id='word_1_502' title='bbox 2937 4435 3138 4506; x_wconf 84' lang='grc' dir='ltr'>ἀρχήν.</span> <span class='ocrx_word' id='word_1_503' title='bbox 3199 4435 3320 4491; x_wconf 85' lang='lat' dir='ltr'><strong>Vita</strong></span> <span class='ocrx_word' id='word_1_504' title='bbox 3351 4443 3408 4491; x_wconf 87' lang='lat' dir='ltr'><strong>et</strong></span> <span class='ocrx_word' id='word_1_505' title='bbox 3452 4452 3544 4491; x_wconf 87' lang='lat' dir='ltr'><strong>res</strong></span> 
     </span>
    </p>
   </div>
   <div class='ocr_carea' id='block_1_91' title="bbox 1962 4523 3206 4598">
    <p class='ocr_par' dir='ltr' id='par_1_91' title="bbox 1962 4523 3206 4598">
     <span class='ocr_line' id='line_1_91' title="bbox 1962 4523 3206 4598; baseline -0.001 -17"><span class='ocrx_word' id='word_1_506' title='bbox 1962 4537 2127 4598; x_wconf 64' lang='lat' dir='ltr'><strong>gesta</strong></span> <span class='ocrx_word' id='word_1_507' title='bbox 2163 4524 2220 4580; x_wconf 93' lang='lat' dir='ltr'><strong>S.</strong></span> <span class='ocrx_word' id='word_1_508' title='bbox 2255 4523 2473 4580; x_wconf 86' lang='lat' dir='ltr'><strong>Abercii</strong></span> <span class='ocrx_word' id='word_1_509' title='bbox 2505 4523 2754 4594; x_wconf 84' lang='lat' dir='ltr'><strong>Episcopi</strong></span> <span class='ocrx_word' id='word_1_510' title='bbox 2790 4525 3206 4594; x_wconf 86' lang='lat' dir='ltr'><strong>Hieropoiitani.</strong></span> 
     </span>
    </p>
   </div>
   <div class='ocr_carea' id='block_1_92' title="bbox 281 4615 1850 4696">
    <p class='ocr_par' dir='ltr' id='par_1_92' title="bbox 281 4621 1850 4696">
     <span class='ocr_line' id='line_1_92' title="bbox 281 4621 1850 4696; baseline 0.004 -23"><span class='ocrx_word' id='word_1_511' title='bbox 281 4621 375 4674; x_wconf 76' lang='grc' dir='ltr'><strong>καὶ</strong></span> <span class='ocrx_word' id='word_1_512' title='bbox 404 4622 606 4693; x_wconf 80' lang='grc' dir='ltr'>ἀνάντη</span> <span class='ocrx_word' id='word_1_513' title='bbox 635 4624 729 4677; x_wconf 79' lang='grc' dir='ltr'>καὶ</span> <span class='ocrx_word' id='word_1_514' title='bbox 763 4624 985 4696; x_wconf 83' lang='grc' dir='ltr'>εὐχερῆ.</span> <span class='ocrx_word' id='word_1_515' title='bbox 1018 4622 1140 4678; x_wconf 87' lang='lat' dir='ltr'><strong>Vita</strong></span> <span class='ocrx_word' id='word_1_516' title='bbox 1179 4631 1234 4678; x_wconf 88' lang='lat' dir='ltr'><strong>et</strong></span> <span class='ocrx_word' id='word_1_517' title='bbox 1263 4638 1350 4679; x_wconf 85' lang='lat' dir='ltr'><strong>res</strong></span> <span class='ocrx_word' id='word_1_518' title='bbox 1386 4633 1552 4694; x_wconf 79' lang='lat' dir='ltr'><strong>gestae</strong></span> <span class='ocrx_word' id='word_1_519' title='bbox 1579 4623 1636 4678; x_wconf 89' lang='lat' dir='ltr'><strong>S.</strong></span> <span class='ocrx_word' id='word_1_520' title='bbox 1679 4622 1850 4680; x_wconf 80' lang='lat' dir='ltr'><strong>Patris</strong></span> 
     </span>
    </p>
   </div>
   <div class='ocr_carea' id='block_1_93' title="bbox 1990 4615 3543 4696">
    <p class='ocr_par' dir='ltr' id='par_1_93' title="bbox 2037 4615 3543 4690">
     <span class='ocr_line' id='line_1_93' title="bbox 2037 4615 3543 4690; baseline 0.003 -20"><span class='ocrx_word' id='word_1_521' title='bbox 2037 4615 2170 4670; x_wconf 82' lang='grc' dir='ltr'>Οὐδὲ</span> <span class='ocrx_word' id='word_1_522' title='bbox 2198 4616 2441 4685; x_wconf 75' lang='grc' dir='ltr'><strong>γυναξὶν,</strong></span> <span class='ocrx_word' id='word_1_523' title='bbox 2471 4616 2591 4670; x_wconf 82' lang='grc' dir='ltr'>οὐδὲ</span> <span class='ocrx_word' id='word_1_524' title='bbox 2613 4617 2805 4687; x_wconf 89' lang='grc' dir='ltr'>κόραις</span> <span class='ocrx_word' id='word_1_525' title='bbox 2836 4617 2897 4670; x_wconf 84' lang='grc' dir='ltr'>τὸ</span> <span class='ocrx_word' id='word_1_526' title='bbox 2936 4617 3037 4688; x_wconf 81' lang='grc' dir='ltr'>τῆς</span> <span class='ocrx_word' id='word_1_527' title='bbox 3068 4619 3376 4690; x_wconf 82' lang='grc' dir='ltr'>μαρτυρίας</span> <span class='ocrx_word' id='word_1_528' title='bbox 3407 4622 3543 4675; x_wconf 85' lang='grc' dir='ltr'><strong>ἀπο-</strong></span> 
     </span>
    </p>
   </div>
   <div class='ocr_carea' id='block_1_94' title="bbox 283 4716 1395 4773">
    <p class='ocr_par' dir='ltr' id='par_1_94' title="bbox 283 4716 1395 4773">
     <span class='ocr_line' id='line_1_94' title="bbox 283 4716 1395 4773; baseline 0.002 -5"><span class='ocrx_word' id='word_1_529' title='bbox 283 4717 450 4770; x_wconf 89' lang='lat' dir='ltr'><strong>nostri</strong></span> <span class='ocrx_word' id='word_1_530' title='bbox 483 4716 761 4773; x_wconf 78' lang='lat' dir='ltr'><strong>Joannitii.</strong></span> <span class='ocrx_word' id='word_1_531' title='bbox 1391 4767 1395 4770; x_wconf 91' lang='lat'><strong>.</strong></span> 
     </span>
    </p>
   </div>
   <div class='ocr_carea' id='block_1_95' title="bbox 353 4803 1858 4880">
    <p class='ocr_par' dir='ltr' id='par_1_95' title="bbox 353 4803 1858 4880">
     <span class='ocr_line' id='line_1_95' title="bbox 353 4803 1858 4880; baseline 0 -21"><span class='ocrx_word' id='word_1_532' title='bbox 353 4804 462 4876; x_wconf 77' lang='grc' dir='ltr'>Τὴν</span> <span class='ocrx_word' id='word_1_533' title='bbox 486 4805 582 4859; x_wconf 91' lang='grc' dir='ltr'><strong>τοῦ</strong></span> <span class='ocrx_word' id='word_1_534' title='bbox 610 4807 846 4880; x_wconf 86' lang='grc' dir='ltr'>Χριστοῦ</span> <span class='ocrx_word' id='word_1_535' title='bbox 884 4806 1120 4877; x_wconf 84' lang='grc' dir='ltr'>ποίμνην</span> <span class='ocrx_word' id='word_1_536' title='bbox 1142 4805 1415 4877; x_wconf 82' lang='grc' dir='ltr'>ὁσημέραι</span> <span class='ocrx_word' id='word_1_537' title='bbox 1443 4803 1858 4877; x_wconf 87' lang='grc' dir='ltr'>πληθυνομένην</span> 
     </span>
    </p>
   </div>
   <div class='ocr_carea' id='block_1_96' title="bbox 281 4896 1858 4971">
    <p class='ocr_par' dir='ltr' id='par_1_96' title="bbox 281 4896 1858 4971">
     <span class='ocr_line' id='line_1_96' title="bbox 281 4896 1858 4971; baseline 0.003 -22"><span class='ocrx_word' id='word_1_538' title='bbox 281 4897 310 4949; x_wconf 85' lang='grc' dir='ltr'>ὁ</span> <span class='ocrx_word' id='word_1_539' title='bbox 341 4897 609 4968; x_wconf 82' lang='grc' dir='ltr'>δυσμενὴς</span> <span class='ocrx_word' id='word_1_540' title='bbox 642 4898 916 4971; x_wconf 83' lang='grc' dir='ltr'>καθορῶν.</span> <span class='ocrx_word' id='word_1_541' title='bbox 969 4898 1287 4970; x_wconf 82' lang='lat' dir='ltr'><strong>Martyrium</strong></span> <span class='ocrx_word' id='word_1_542' title='bbox 1337 4897 1510 4954; x_wconf 89' lang='lat' dir='ltr'><strong>sancti</strong></span> <span class='ocrx_word' id='word_1_543' title='bbox 1560 4896 1858 4953; x_wconf 89' lang='lat' dir='ltr'><strong>Callistrati</strong></span> 
     </span>
    </p>
   </div>
   <div class='ocr_carea' id='block_1_97' title="bbox 279 4987 1516 5052">
    <p class='ocr_par' dir='ltr' id='par_1_97' title="bbox 279 4987 1516 5052">
     <span class='ocr_line' id='line_1_97' title="bbox 279 4987 1516 5052; baseline 0.002 -5"><span class='ocrx_word' id='word_1_544' title='bbox 279 5000 336 5047; x_wconf 88' lang='lat' dir='ltr'><strong>et</strong></span> <span class='ocrx_word' id='word_1_545' title='bbox 364 4993 660 5052; x_wconf 78' lang='lat' dir='ltr'><strong>sociorum.</strong></span> <span class='ocrx_word' id='word_1_546' title='bbox 1509 4987 1516 4989; x_wconf 57' lang='grc'><em>”</em></span> 
     </span>
    </p>
   </div>
   <div class='ocr_carea' id='block_1_98' title="bbox 351 5079 1858 5155">
    <p class='ocr_par' dir='ltr' id='par_1_98' title="bbox 351 5079 1858 5155">
     <span class='ocr_line' id='line_1_98' title="bbox 351 5079 1858 5155; baseline -0.003 -17"><span class='ocrx_word' id='word_1_547' title='bbox 351 5085 462 5155; x_wconf 86' lang='grc' dir='ltr'>Τῆς</span> <span class='ocrx_word' id='word_1_548' title='bbox 501 5084 624 5154; x_wconf 82' lang='grc' dir='ltr'>ῐσης</span> <span class='ocrx_word' id='word_1_549' title='bbox 672 5082 902 5146; x_wconf 83' lang='grc' dir='ltr'>ἀτοπίας</span> <span class='ocrx_word' id='word_1_550' title='bbox 925 5081 1133 5152; x_wconf 82' lang='grc' dir='ltr'>νομίζω</span> <span class='ocrx_word' id='word_1_551' title='bbox 1181 5080 1305 5135; x_wconf 84' lang='grc' dir='ltr'>τότε</span> <span class='ocrx_word' id='word_1_552' title='bbox 1333 5079 1666 5151; x_wconf 70' lang='grc' dir='ltr'>φθέγγεσθαι</span> <span class='ocrx_word' id='word_1_553' title='bbox 1687 5081 1753 5135; x_wconf 75' lang='grc' dir='ltr'><strong>τὰ</strong></span> <span class='ocrx_word' id='word_1_554' title='bbox 1783 5081 1858 5154; x_wconf 78' lang='grc' dir='ltr'><strong>μὴ</strong></span> 
     </span>
    </p>
   </div>
   <div class='ocr_carea' id='block_1_99' title="bbox 282 5172 1270 5248">
    <p class='ocr_par' dir='ltr' id='par_1_99' title="bbox 282 5172 1270 5248">
     <span class='ocr_line' id='line_1_99' title="bbox 282 5172 1270 5248; baseline -0.003 -16"><span class='ocrx_word' id='word_1_555' title='bbox 282 5177 490 5234; x_wconf 86' lang='grc' dir='ltr'>δέοντα.</span> <span class='ocrx_word' id='word_1_556' title='bbox 523 5176 837 5248; x_wconf 85' lang='lat' dir='ltr'><strong>Martyrium</strong></span> <span class='ocrx_word' id='word_1_557' title='bbox 867 5173 926 5228; x_wconf 90' lang='lat' dir='ltr'><strong>S.</strong></span> <span class='ocrx_word' id='word_1_558' title='bbox 951 5172 1270 5229; x_wconf 84' lang='lat' dir='ltr'><strong>Autonomi.</strong></span> 
     </span>
    </p>
   </div>
   <div class='ocr_carea' id='block_1_100' title="bbox 353 5262 1857 5340">
    <p class='ocr_par' dir='ltr' id='par_1_100' title="bbox 353 5262 1857 5340">
     <span class='ocr_line' id='line_1_100' title="bbox 353 5262 1857 5340; baseline -0.003 -17"><span class='ocrx_word' id='word_1_559' title='bbox 353 5269 467 5338; x_wconf 85' lang='grc' dir='ltr'>Τῆς</span> <span class='ocrx_word' id='word_1_560' title='bbox 500 5267 742 5340; x_wconf 82' lang='grc' dir='ltr'>μεγάλης</span> <span class='ocrx_word' id='word_1_561' title='bbox 768 5267 978 5329; x_wconf 89' lang='grc' dir='ltr'>πόλεως</span> <span class='ocrx_word' id='word_1_562' title='bbox 1023 5262 1412 5335; x_wconf 83' lang='grc' dir='ltr'>Ἰεροσολύμων</span> <span class='ocrx_word' id='word_1_563' title='bbox 1449 5263 1555 5318; x_wconf 79' lang='grc' dir='ltr'>ὐπὸ</span> <span class='ocrx_word' id='word_1_564' title='bbox 1586 5265 1683 5318; x_wconf 88' lang='grc' dir='ltr'><strong>τοῦ</strong></span> <span class='ocrx_word' id='word_1_565' title='bbox 1713 5267 1857 5338; x_wconf 90' lang='grc' dir='ltr'>Περ-</span> 
     </span>
    </p>
   </div>
   <div class='ocr_carea' id='block_1_101' title="bbox 284 5356 1856 5430">
    <p class='ocr_par' dir='ltr' id='par_1_101' title="bbox 284 5356 1856 5430">
     <span class='ocr_line' id='line_1_101' title="bbox 284 5356 1856 5430; baseline 0.002 -17"><span class='ocrx_word' id='word_1_566' title='bbox 284 5359 394 5413; x_wconf 84' lang='grc' dir='ltr'>σῶν</span> <span class='ocrx_word' id='word_1_567' title='bbox 434 5359 700 5430; x_wconf 80' lang='grc' dir='ltr'>βασιλέως</span> <span class='ocrx_word' id='word_1_568' title='bbox 725 5357 985 5428; x_wconf 83' lang='grc' dir='ltr'>ἁλούσης.</span> <span class='ocrx_word' id='word_1_569' title='bbox 1027 5356 1340 5429; x_wconf 84' lang='lat' dir='ltr'><strong>Martyrium</strong></span> <span class='ocrx_word' id='word_1_570' title='bbox 1385 5359 1558 5414; x_wconf 89' lang='lat' dir='ltr'><strong>sancti</strong></span> <span class='ocrx_word' id='word_1_571' title='bbox 1585 5359 1856 5416; x_wconf 81' lang='lat' dir='ltr'><strong>Anastasii</strong></span> 
     </span>
    </p>
   </div>
   <div class='ocr_carea' id='block_1_102' title="bbox 281 5453 480 5510">
    <p class='ocr_par' dir='ltr' id='par_1_102' title="bbox 281 5453 480 5510">
     <span class='ocr_line' id='line_1_102' title="bbox 281 5453 480 5510; baseline 0 -2"><span class='ocrx_word' id='word_1_572' title='bbox 281 5453 480 5510; x_wconf 67' lang='lat' dir='ltr'><strong>Persae.</strong></span> 
     </span>
    </p>
   </div>
   <div class='ocr_carea' id='block_1_103' title="bbox 351 5543 1858 5620">
    <p class='ocr_par' dir='ltr' id='par_1_103' title="bbox 351 5543 1858 5620">
     <span class='ocr_line' id='line_1_103' title="bbox 351 5543 1858 5620; baseline 0.001 -21"><span class='ocrx_word' id='word_1_573' title='bbox 351 5546 464 5614; x_wconf 84' lang='grc' dir='ltr'>Τῆς</span> <span class='ocrx_word' id='word_1_574' title='bbox 502 5544 640 5617; x_wconf 80' lang='grc' dir='ltr'>πρὸς</span> <span class='ocrx_word' id='word_1_575' title='bbox 678 5544 757 5615; x_wconf 83' lang='grc' dir='ltr'><strong>τῷ</strong></span> <span class='ocrx_word' id='word_1_576' title='bbox 797 5543 1014 5615; x_wconf 85' lang='grc' dir='ltr'>Λιϐάνῳ</span> <span class='ocrx_word' id='word_1_577' title='bbox 1043 5543 1159 5617; x_wconf 79' lang='grc' dir='ltr'>ὄρει</span> <span class='ocrx_word' id='word_1_578' title='bbox 1207 5548 1463 5620; x_wconf 84' lang='grc' dir='ltr'>Φοινίκης</span> <span class='ocrx_word' id='word_1_579' title='bbox 1514 5548 1706 5603; x_wconf 57' lang='grc' dir='ltr'><strong>πολλαὶ⁵</strong></span> <span class='ocrx_word' id='word_1_580' title='bbox 1758 5547 1858 5618; x_wconf 82' lang='grc' dir='ltr'><strong>μὲν</strong></span> 
     </span>
    </p>
   </div>
   <div class='ocr_carea' id='block_1_104' title="bbox 283 5639 1858 5714">
    <p class='ocr_par' dir='ltr' id='par_1_104' title="bbox 283 5639 1858 5714">
     <span class='ocr_line' id='line_1_104' title="bbox 283 5639 1858 5714; baseline -0.002 -18"><span class='ocrx_word' id='word_1_581' title='bbox 283 5643 468 5706; x_wconf 84' lang='grc' dir='ltr'>πόλεις</span> <span class='ocrx_word' id='word_1_582' title='bbox 494 5641 680 5711; x_wconf 72' lang='grc' dir='ltr'>ἕτεραι</span> <span class='ocrx_word' id='word_1_583' title='bbox 709 5640 1028 5709; x_wconf 87' lang='grc' dir='ltr'>νοτιώτεραι</span> <span class='ocrx_word' id='word_1_584' title='bbox 1053 5677 1068 5704; x_wconf 87' lang='grc'><strong><em>,</em></strong></span> <span class='ocrx_word' id='word_1_585' title='bbox 1108 5640 1206 5693; x_wconf 76' lang='grc' dir='ltr'><strong>καὶ</strong></span> <span class='ocrx_word' id='word_1_586' title='bbox 1235 5641 1579 5714; x_wconf 86' lang='grc' dir='ltr'>προσάρτιοι.</span> <span class='ocrx_word' id='word_1_587' title='bbox 1636 5639 1759 5693; x_wconf 91' lang='lat' dir='ltr'><strong>Vita</strong></span> <span class='ocrx_word' id='word_1_588' title='bbox 1805 5649 1858 5693; x_wconf 90' lang='lat' dir='ltr'><strong>et</strong></span> 
     </span>
    </p>
   </div>
   <div class='ocr_carea' id='block_1_105' title="bbox 283 5733 1857 5804">
    <p class='ocr_par' dir='ltr' id='par_1_105' title="bbox 283 5733 1857 5804">
     <span class='ocr_line' id='line_1_105' title="bbox 283 5733 1857 5804; baseline -0.002 -15"><span class='ocrx_word' id='word_1_589' title='bbox 283 5751 372 5790; x_wconf 84' lang='lat' dir='ltr'><strong>res</strong></span> <span class='ocrx_word' id='word_1_590' title='bbox 417 5741 583 5804; x_wconf 77' lang='lat' dir='ltr'><strong>gesta:</strong></span> <span class='ocrx_word' id='word_1_591' title='bbox 610 5741 665 5787; x_wconf 87' lang='lat' dir='ltr'><strong>et</strong></span> <span class='ocrx_word' id='word_1_592' title='bbox 705 5733 1023 5802; x_wconf 85' lang='lat' dir='ltr'><strong>martyrium</strong></span> <span class='ocrx_word' id='word_1_593' title='bbox 1074 5742 1386 5791; x_wconf 88' lang='lat' dir='ltr'><strong>sanctorum</strong></span> <span class='ocrx_word' id='word_1_594' title='bbox 1439 5733 1770 5790; x_wconf 75' lang='lat' dir='ltr'><strong>Galactioiiis</strong></span> <span class='ocrx_word' id='word_1_595' title='bbox 1804 5742 1857 5788; x_wconf 86' lang='lat' dir='ltr'><strong>et</strong></span> 
     </span>
    </p>
   </div>
   <div class='ocr_carea' id='block_1_106' title="bbox 285 5823 611 5896">
    <p class='ocr_par' dir='ltr' id='par_1_106' title="bbox 285 5823 611 5896">
     <span class='ocr_line' id='line_1_106' title="bbox 285 5823 611 5896; baseline -0.006 -16"><span class='ocrx_word' id='word_1_596' title='bbox 285 5823 611 5896; x_wconf 86' lang='lat' dir='ltr'><strong>Epistemcs.</strong></span> 
     </span>
    </p>
   </div>
   <div class='ocr_carea' id='block_1_107' title="bbox 355 5915 1856 5994">
    <p class='ocr_par' dir='ltr' id='par_1_107' title="bbox 355 5915 1856 5994">
     <span class='ocr_line' id='line_1_107' title="bbox 355 5915 1856 5994; baseline 0 -23"><span class='ocrx_word' id='word_1_597' title='bbox 355 5915 470 5987; x_wconf 84' lang='grc' dir='ltr'>Τῆς</span> <span class='ocrx_word' id='word_1_598' title='bbox 517 5916 624 5972; x_wconf 84' lang='grc' dir='ltr'><strong>τῶν</strong></span> <span class='ocrx_word' id='word_1_599' title='bbox 674 5919 898 5990; x_wconf 84' lang='grc' dir='ltr'>Περσῶν</span> <span class='ocrx_word' id='word_1_600' title='bbox 959 5920 1131 5994; x_wconf 79' lang='grc' dir='ltr'>ἀρχῆς</span> <span class='ocrx_word' id='word_1_601' title='bbox 1178 5922 1256 5986; x_wconf 84' lang='grc' dir='ltr'><strong>εἰς</strong></span> <span class='ocrx_word' id='word_1_602' title='bbox 1317 5919 1532 5991; x_wconf 79' lang='grc' dir='ltr'>Πέρσας</span> <span class='ocrx_word' id='word_1_603' title='bbox 1587 5917 1856 5973; x_wconf 76' lang='grc' dir='ltr'>διαλυθεί-</span> 
     </span>
    </p>
   </div>
   <div class='ocr_carea' id='block_1_108' title="bbox 1962 4708 3541 4786">
    <p class='ocr_par' dir='ltr' id='par_1_108' title="bbox 1962 4708 3541 4786">
     <span class='ocr_line' id='line_1_108' title="bbox 1962 4708 3541 4786; baseline 0.003 -21"><span class='ocrx_word' id='word_1_604' title='bbox 1962 4710 2272 4765; x_wconf 86' lang='grc' dir='ltr'>κέκλεισται</span> <span class='ocrx_word' id='word_1_605' title='bbox 2306 4711 2537 4766; x_wconf 80' lang='grc' dir='ltr'>στάδιον.</span> <span class='ocrx_word' id='word_1_606' title='bbox 2598 4708 2914 4780; x_wconf 83' lang='lat' dir='ltr'><strong>Martyrium</strong></span> <span class='ocrx_word' id='word_1_607' title='bbox 2945 4711 3042 4766; x_wconf 88' lang='lat' dir='ltr'><strong>SS.</strong></span> <span class='ocrx_word' id='word_1_608' title='bbox 3078 4712 3374 4786; x_wconf 89' lang='lat' dir='ltr'><strong>Martyrum</strong></span> <span class='ocrx_word' id='word_1_609' title='bbox 3425 4715 3541 4771; x_wconf 85' lang='lat' dir='ltr'><strong>Me-</strong></span> 
     </span>
    </p>
   </div>
   <div class='ocr_carea' id='block_1_109' title="bbox 1961 4800 3078 4873">
    <p class='ocr_par' dir='ltr' id='par_1_109' title="bbox 1961 4800 3078 4873">
     <span class='ocr_line' id='line_1_109' title="bbox 1961 4800 3078 4873; baseline 0.002 -15"><span class='ocrx_word' id='word_1_610' title='bbox 1961 4803 2215 4868; x_wconf 83' lang='lat' dir='ltr'><strong>trodorae,</strong></span> <span class='ocrx_word' id='word_1_611' title='bbox 2245 4800 2641 4873; x_wconf 73' lang='lat' dir='ltr'><strong>Nympliotlorae</strong></span> <span class='ocrx_word' id='word_1_612' title='bbox 2664 4811 2719 4857; x_wconf 88' lang='lat' dir='ltr'><strong>et</strong></span> <span class='ocrx_word' id='word_1_613' title='bbox 2751 4802 3078 4860; x_wconf 69' lang='lat' dir='ltr'><strong>Menodorzr.</strong></span> 
     </span>
    </p>
   </div>
   <div class='ocr_carea' id='block_1_110' title="bbox 2034 4893 3541 4966">
    <p class='ocr_par' dir='ltr' id='par_1_110' title="bbox 2034 4893 3541 4966">
     <span class='ocr_line' id='line_1_110' title="bbox 2034 4893 3541 4966; baseline 0.003 -19"><span class='ocrx_word' id='word_1_614' title='bbox 2034 4897 2194 4965; x_wconf 79' lang='grc' dir='ltr'>Ἀρτι</span> <span class='ocrx_word' id='word_1_615' title='bbox 2213 4893 2307 4947; x_wconf 81' lang='grc' dir='ltr'><strong>τοῦ</strong></span> <span class='ocrx_word' id='word_1_616' title='bbox 2345 4894 2582 4964; x_wconf 78' lang='grc' dir='ltr'>μεγάλου</span> <span class='ocrx_word' id='word_1_617' title='bbox 2617 4894 2718 4961; x_wconf 80' lang='grc' dir='ltr'>τῆς</span> <span class='ocrx_word' id='word_1_618' title='bbox 2755 4893 3014 4965; x_wconf 81' lang='grc' dir='ltr'>ἀληθείας</span> <span class='ocrx_word' id='word_1_619' title='bbox 3053 4895 3445 4966; x_wconf 81' lang='grc' dir='ltr'>εὐαγγελιστοῦ</span> <span class='ocrx_word' id='word_1_620' title='bbox 3481 4917 3541 4954; x_wconf 86' lang='grc' dir='ltr'><strong>τε</strong></span> 
     </span>
    </p>
   </div>
   <div class='ocr_carea' id='block_1_111' title="bbox 1958 4984 3036 5058">
    <p class='ocr_par' dir='ltr' id='par_1_111' title="bbox 1958 4984 3036 5058">
     <span class='ocr_line' id='line_1_111' title="bbox 1958 4984 3036 5058; baseline -0.001 -15"><span class='ocrx_word' id='word_1_621' title='bbox 1958 4987 2053 5043; x_wconf 72' lang='grc' dir='ltr'><strong>καὶ</strong></span> <span class='ocrx_word' id='word_1_622' title='bbox 2080 4989 2343 5058; x_wconf 77' lang='grc' dir='ltr'>κήρυκος.</span> <span class='ocrx_word' id='word_1_623' title='bbox 2374 4984 2688 5057; x_wconf 84' lang='lat' dir='ltr'><strong>Martyrium</strong></span> <span class='ocrx_word' id='word_1_624' title='bbox 2714 4985 2774 5041; x_wconf 93' lang='lat' dir='ltr'><strong>S.</strong></span> <span class='ocrx_word' id='word_1_625' title='bbox 2797 4985 3036 5042; x_wconf 79' lang='lat' dir='ltr'><strong>Theclae.</strong></span> 
     </span>
    </p>
   </div>
   <div class='ocr_carea' id='block_1_112' title="bbox 2031 5078 3543 5152">
    <p class='ocr_par' dir='ltr' id='par_1_112' title="bbox 2031 5078 3543 5152">
     <span class='ocr_line' id='line_1_112' title="bbox 2031 5078 3543 5152; baseline 0.001 -18"><span class='ocrx_word' id='word_1_626' title='bbox 2031 5081 2207 5135; x_wconf 85' lang='grc' dir='ltr'>Πολλὰ</span> <span class='ocrx_word' id='word_1_627' title='bbox 2252 5079 2348 5135; x_wconf 69' lang='grc' dir='ltr'>καὶ</span> <span class='ocrx_word' id='word_1_628' title='bbox 2400 5078 2615 5150; x_wconf 86' lang='grc' dir='ltr'>μεγάλα</span> <span class='ocrx_word' id='word_1_629' title='bbox 2666 5096 2733 5150; x_wconf 84' lang='grc' dir='ltr'><strong>με</strong></span> <span class='ocrx_word' id='word_1_630' title='bbox 2780 5079 2878 5152; x_wconf 80' lang='grc' dir='ltr'>τὴν</span> <span class='ocrx_word' id='word_1_631' title='bbox 2929 5081 3202 5152; x_wconf 80' lang='grc' dir='ltr'>Ἀντιόχου</span> <span class='ocrx_word' id='word_1_632' title='bbox 3237 5080 3543 5152; x_wconf 78' lang='grc' dir='ltr'>θαυμάζειν</span> 
     </span>
    </p>
   </div>
   <div class='ocr_carea' id='block_1_113' title="bbox 1959 5169 3540 5246">
    <p class='ocr_par' dir='ltr' id='par_1_113' title="bbox 1959 5169 3540 5246">
     <span class='ocr_line' id='line_1_113' title="bbox 1959 5169 3540 5246; baseline 0.001 -19"><span class='ocrx_word' id='word_1_633' title='bbox 1959 5171 2389 5245; x_wconf 84' lang='grc' dir='ltr'>παρακαλοῦσιν.</span> <span class='ocrx_word' id='word_1_634' title='bbox 2461 5169 2587 5226; x_wconf 85' lang='lat' dir='ltr'><strong>Vita</strong></span> <span class='ocrx_word' id='word_1_635' title='bbox 2631 5180 2689 5226; x_wconf 90' lang='lat' dir='ltr'><strong>et</strong></span> <span class='ocrx_word' id='word_1_636' title='bbox 2745 5186 2836 5227; x_wconf 89' lang='lat' dir='ltr'><strong>res</strong></span> <span class='ocrx_word' id='word_1_637' title='bbox 2897 5181 3062 5242; x_wconf 79' lang='lat' dir='ltr'><strong>gestae</strong></span> <span class='ocrx_word' id='word_1_638' title='bbox 3107 5181 3164 5228; x_wconf 89' lang='lat' dir='ltr'><strong>et</strong></span> <span class='ocrx_word' id='word_1_639' title='bbox 3217 5173 3540 5246; x_wconf 87' lang='lat' dir='ltr'><strong>martyrium</strong></span> 
     </span>
    </p>
   </div>
   <div class='ocr_carea' id='block_1_114' title="bbox 1960 5259 2916 5335">
    <p class='ocr_par' dir='ltr' id='par_1_114' title="bbox 1960 5259 2916 5335">
     <span class='ocr_line' id='line_1_114' title="bbox 1960 5259 2916 5335; baseline -0.004 -15"><span class='ocrx_word' id='word_1_640' title='bbox 1960 5275 2272 5321; x_wconf 89' lang='lat' dir='ltr'><strong>sanctorum</strong></span> <span class='ocrx_word' id='word_1_641' title='bbox 2305 5259 2559 5335; x_wconf 88' lang='lat' dir='ltr'><strong>Cypriani</strong></span> <span class='ocrx_word' id='word_1_642' title='bbox 2589 5270 2644 5318; x_wconf 90' lang='lat' dir='ltr'><strong>et</strong></span> <span class='ocrx_word' id='word_1_643' title='bbox 2667 5261 2916 5319; x_wconf 75' lang='lat' dir='ltr'><strong>Justinae.</strong></span> 
     </span>
    </p>
   </div>
   <div class='ocr_carea' id='block_1_115' title="bbox 2032 5355 3534 5427">
    <p class='ocr_par' dir='ltr' id='par_1_115' title="bbox 2032 5355 3534 5427">
     <span class='ocr_line' id='line_1_115' title="bbox 2032 5355 3534 5427; baseline 0.003 -16"><span class='ocrx_word' id='word_1_644' title='bbox 2032 5358 2098 5412; x_wconf 89' lang='lat' dir='ltr'><strong>Et</strong></span> <span class='ocrx_word' id='word_1_645' title='bbox 2138 5359 2255 5413; x_wconf 59' lang='lat' dir='ltr'><strong>haec</strong></span> <span class='ocrx_word' id='word_1_646' title='bbox 2299 5356 2520 5427; x_wconf 87' lang='lat' dir='ltr'><strong>quidem</strong></span> <span class='ocrx_word' id='word_1_647' title='bbox 2558 5369 2660 5425; x_wconf 89' lang='lat' dir='ltr'><strong>pro</strong></span> <span class='ocrx_word' id='word_1_648' title='bbox 2689 5355 2829 5410; x_wconf 87' lang='lat' dir='ltr'><strong>Vitis</strong></span> <span class='ocrx_word' id='word_1_649' title='bbox 2868 5365 3182 5410; x_wconf 89' lang='lat' dir='ltr'><strong>sanctorum</strong></span> <span class='ocrx_word' id='word_1_650' title='bbox 3227 5358 3361 5412; x_wconf 88' lang='lat' dir='ltr'><strong>satis</strong></span> <span class='ocrx_word' id='word_1_651' title='bbox 3401 5359 3534 5415; x_wconf 91' lang='lat' dir='ltr'><strong>sint.</strong></span> 
     </span>
    </p>
   </div>
   <div class='ocr_carea' id='block_1_116' title="bbox 1958 5447 3539 5520">
    <p class='ocr_par' dir='ltr' id='par_1_116' title="bbox 1958 5447 3539 5520">
     <span class='ocr_line' id='line_1_116' title="bbox 1958 5447 3539 5520; baseline 0.001 -14"><span class='ocrx_word' id='word_1_652' title='bbox 1958 5450 2162 5506; x_wconf 88' lang='lat' dir='ltr'><strong>Verum</strong></span> <span class='ocrx_word' id='word_1_653' title='bbox 2192 5447 2612 5518; x_wconf 88' lang='lat' dir='ltr'><strong>Mclaphrastem</strong></span> <span class='ocrx_word' id='word_1_654' title='bbox 2641 5454 2837 5515; x_wconf 83' lang='lat' dir='ltr'><strong>praeter</strong></span> <span class='ocrx_word' id='word_1_655' title='bbox 2879 5447 2978 5500; x_wconf 89' lang='lat' dir='ltr'><strong>has</strong></span> <span class='ocrx_word' id='word_1_656' title='bbox 3015 5457 3328 5502; x_wconf 86' lang='lat' dir='ltr'><strong>sanctorum</strong></span> <span class='ocrx_word' id='word_1_657' title='bbox 3364 5451 3539 5520; x_wconf 81' lang='lat' dir='ltr'><strong>Vitas,</strong></span> 
     </span>
    </p>
   </div>
   <div class='ocr_carea' id='block_1_117' title="bbox 1959 5537 3541 5612">
    <p class='ocr_par' dir='ltr' id='par_1_117' title="bbox 1959 5537 3541 5612">
     <span class='ocr_line' id='line_1_117' title="bbox 1959 5537 3541 5612; baseline 0.003 -16"><span class='ocrx_word' id='word_1_658' title='bbox 1959 5543 2061 5597; x_wconf 89' lang='lat' dir='ltr'><strong>alia</strong></span> <span class='ocrx_word' id='word_1_659' title='bbox 2093 5557 2309 5612; x_wconf 88' lang='lat' dir='ltr'><strong>quoque</strong></span> <span class='ocrx_word' id='word_1_660' title='bbox 2333 5539 2618 5609; x_wconf 88' lang='lat' dir='ltr'><strong>scripsisse</strong></span> <span class='ocrx_word' id='word_1_661' title='bbox 2648 5546 2845 5607; x_wconf 65' lang='lat' dir='ltr'><strong>praeter</strong></span> <span class='ocrx_word' id='word_1_662' title='bbox 2869 5537 2919 5591; x_wconf 85' lang='lat' dir='ltr'><strong>id</strong></span> <span class='ocrx_word' id='word_1_663' title='bbox 2949 5541 3092 5608; x_wconf 86' lang='lat' dir='ltr'><strong>quod</strong></span> <span class='ocrx_word' id='word_1_664' title='bbox 3124 5541 3304 5595; x_wconf 88' lang='lat' dir='ltr'><strong>innuit</strong></span> <span class='ocrx_word' id='word_1_665' title='bbox 3324 5543 3541 5600; x_wconf 87' lang='lat' dir='ltr'><strong>Psellus</strong></span> 
     </span>
    </p>
   </div>
   <div class='ocr_carea' id='block_1_118' title="bbox 1961 5631 3540 5712">
    <p class='ocr_par' dir='ltr' id='par_1_118' title="bbox 1961 5631 3540 5712">
     <span class='ocr_line' id='line_1_118' title="bbox 1961 5631 3540 5712; baseline 0.002 -21"><span class='ocrx_word' id='word_1_666' title='bbox 1961 5636 2018 5691; x_wconf 88' lang='lat' dir='ltr'><strong>in</strong></span> <span class='ocrx_word' id='word_1_667' title='bbox 2057 5636 2180 5705; x_wconf 86' lang='lat' dir='ltr'><strong>ejus</strong></span> <span class='ocrx_word' id='word_1_668' title='bbox 2219 5634 2552 5688; x_wconf 88' lang='lat' dir='ltr'><strong>laudatione.</strong></span> <span class='ocrx_word' id='word_1_669' title='bbox 2589 5631 2680 5695; x_wconf 85' lang='grc' dir='ltr'>Ὠς</span> <span class='ocrx_word' id='word_1_670' title='bbox 2705 5633 2754 5686; x_wconf 86' lang='grc' dir='ltr'><strong>εί</strong></span> <span class='ocrx_word' id='word_1_671' title='bbox 2791 5634 2886 5688; x_wconf 76' lang='grc' dir='ltr'>καὶ</span> <span class='ocrx_word' id='word_1_672' title='bbox 2921 5635 3088 5707; x_wconf 85' lang='grc' dir='ltr'>μηδὲν</span> <span class='ocrx_word' id='word_1_673' title='bbox 3117 5636 3245 5690; x_wconf 83' lang='grc' dir='ltr'>ἄλλο</span> <span class='ocrx_word' id='word_1_674' title='bbox 3274 5637 3351 5709; x_wconf 83' lang='grc' dir='ltr'>τῷ</span> <span class='ocrx_word' id='word_1_675' title='bbox 3383 5640 3540 5712; x_wconf 83' lang='grc' dir='ltr'>ἀνδρὶ</span> 
     </span>
    </p>
   </div>
   <div class='ocr_carea' id='block_1_119' title="bbox 1961 5725 3538 5802">
    <p class='ocr_par' dir='ltr' id='par_1_119' title="bbox 1961 5725 3538 5802">
     <span class='ocr_line' id='line_1_119' title="bbox 1961 5725 3538 5802; baseline 0.003 -19"><span class='ocrx_word' id='word_1_676' title='bbox 1961 5727 2371 5791; x_wconf 83' lang='grc' dir='ltr'>διεσπούδαστο,</span> <span class='ocrx_word' id='word_1_677' title='bbox 2429 5725 2552 5798; x_wconf 88' lang='grc' dir='ltr'>μηδ’</span> <span class='ocrx_word' id='word_1_678' title='bbox 2591 5727 2914 5798; x_wconf 81' lang='grc' dir='ltr'>ἀποχρῶντα</span> <span class='ocrx_word' id='word_1_679' title='bbox 2958 5726 3027 5781; x_wconf 79' lang='grc' dir='ltr'><strong>τὰ</strong></span> <span class='ocrx_word' id='word_1_680' title='bbox 3055 5727 3188 5784; x_wconf 75' lang='grc' dir='ltr'>ἄλλα</span> <span class='ocrx_word' id='word_1_681' title='bbox 3220 5731 3538 5802; x_wconf 77' lang='grc' dir='ltr'>σύμπαντα,</span> 
     </span>
    </p>
   </div>
   <div class='ocr_carea' id='block_1_120' title="bbox 1963 5819 3538 5897">
    <p class='ocr_par' dir='ltr' id='par_1_120' title="bbox 1963 5819 3538 5897">
     <span class='ocr_line' id='line_1_120' title="bbox 1963 5819 3538 5897; baseline 0.003 -21"><span class='ocrx_word' id='word_1_682' title='bbox 1963 5823 2059 5877; x_wconf 62' lang='grc' dir='ltr'><strong>κοιλ⁸</strong></span> <span class='ocrx_word' id='word_1_683' title='bbox 2097 5820 2434 5875; x_wconf 84' lang='grc' dir='ltr'>καθέκαστον</span> <span class='ocrx_word' id='word_1_684' title='bbox 2467 5819 2602 5892; x_wconf 79' lang='grc' dir='ltr'>πρὸς</span> <span class='ocrx_word' id='word_1_685' title='bbox 2641 5819 2897 5893; x_wconf 76' lang='grc' dir='ltr'>ἀφορμὴν</span> <span class='ocrx_word' id='word_1_686' title='bbox 2927 5821 3203 5894; x_wconf 86' lang='grc' dir='ltr'>εὐφημίας</span> <span class='ocrx_word' id='word_1_687' title='bbox 3238 5825 3538 5897; x_wconf 79' lang='grc' dir='ltr'>ἀρκοῦντα·</span> 
     </span>
    </p>
   </div>
   <div class='ocr_carea' id='block_1_121' title="bbox 1964 5911 3542 5984">
    <p class='ocr_par' dir='ltr' id='par_1_121' title="bbox 1964 5911 3542 5984">
     <span class='ocr_line' id='line_1_121' title="bbox 1964 5911 3542 5984; baseline 0.005 -16"><span class='ocrx_word' id='word_1_688' title='bbox 1964 5915 2098 5973; x_wconf 79' lang='grc' dir='ltr'>ἀλλὰ</span> <span class='ocrx_word' id='word_1_689' title='bbox 2135 5915 2194 5968; x_wconf 89' lang='grc' dir='ltr'><strong>τό</strong></span> <span class='ocrx_word' id='word_1_690' title='bbox 2222 5931 2283 5983; x_wconf 88' lang='grc' dir='ltr'><strong>γε</strong></span> <span class='ocrx_word' id='word_1_691' title='bbox 2323 5913 2559 5967; x_wconf 83' lang='grc' dir='ltr'>τοιοῦτον</span> <span class='ocrx_word' id='word_1_692' title='bbox 2588 5911 2804 5970; x_wconf 80' lang='grc' dir='ltr'>ἑλέσθαι</span> <span class='ocrx_word' id='word_1_693' title='bbox 2839 5915 3182 5983; x_wconf 76' lang='grc' dir='ltr'>σπούδασαα,</span> <span class='ocrx_word' id='word_1_694' title='bbox 3233 5919 3328 5976; x_wconf 67' lang='grc' dir='ltr'>καὶ</span> <span class='ocrx_word' id='word_1_695' title='bbox 3364 5917 3542 5984; x_wconf 75' lang='grc' dir='ltr'>οὕτως</span> 
     </span>
    </p>
   </div>
  </div>
