3826 6456
188 343 294 410 129

876 339 973 402 DE
1019 341 1364 401 SCRlP’l‘lS
1401 338 1781 399 SYMEONIS
1821 338 2402 399 M’ETAPHRASTIE
2445 338 2836 400 DIATREBA.

3346 338 3448 402 130

175 450 643 524 καταπράξασθαί
677 466 735 504 τε.
767 451 863 503 καὶ
897 449 1336 520 άκριϐώσασθαι,
1360 449 1630 519 αὐταρκὲς
1653 450 1774 503 ἀντὶ

1886 450 2206 519 composuit,
2234 465 2466 520 quarum
2502 450 2788 504 nonnulla:
2828 449 2972 504 inter
3001 447 3247 505 Rituales
3301 451 3455 507 Grai-

184 546 389 608 παντδς
444 543 605 598 ἄλλου
658 542 794 613 πρὸς
841 541 1116 611 ἐγκώμιον
1157 541 1234 611 τῷ
1283 542 1459 611 ἀνδρί.
1509 540 1765 605 Quocirca

181 642 394 696 etiamsi
447 639 584 694 nihil
621 639 774 692 aliud
823 638 932 691 viro
979 636 1058 689 illi
1096 637 1275 707 fuisset
1318 634 1672 698 elaboratum,
1703 651 1766 687 ac

185 747 290 784 non
321 730 433 783 alia
454 730 652 793 omnia,
685 743 801 798 qua:
829 727 904 780 uel
924 725 1135 796 singula
1163 725 1434 796 sufﬁciunt
1459 724 1529 777 ad
1558 722 1768 778 laudem

115 825 136 836 '
184 819 598 883 conciliandam,
644 833 773 886 Opus
814 825 989 869 tamen
1034 814 1140 868 tale
1179 814 1465 882 incepisse,
1501 823 1548 866 et
1575 813 1627 865 id
1659 822 1768 866 tam

184 911 443 982 prtcclare
470 911 702 980 eﬂectum
730 908 1034 970 reddidisse,
1077 907 1187 960 viro
1214 922 1426 976 prorsus
1455 906 1526 960 ad
1561 905 1769 959 laudem

186 1003 469 1073 suﬂ'ecerit.
514 1000 660 1056 Nulli
700 999 926 1054 dubium
951 1013 1071 1054 esse
1103 997 1284 1065 debet,
1327 997 1415 1053 cui
1462 996 1771 1053 manum-ri-

188 1107 282 1168 pta
339 1104 580 1152 veterum
628 1093 884 1149 evolvere
935 1092 1230 1161 aliquando
1279 1091 1450 1146 licuit.
1511 1090 1590 1144 Ex
1630 1090 1772 1144 illius

189 1189 338 1244 enim
381 1185 721 1242 orationibus
755 1184 814 1238 in
854 1184 988 1238 alias
1027 1198 1244 1253 quoque
1272 1174 1499 1252 Christi,
1531 1181 1773 1252 Deiparte

190 1288 250 1334 et
297 1278 529 1333 aliorum
579 1284 891 1332 sanctorum
924 1272 1248 1329 festivitates
1277 1273 1457 1328 adhuc
1485 1282 1770 1343 superant,

190 1383 332 1441 quas
363 1369 478 1439 ipse
526 1367 778 1422 viderim.
830 1367 880 1419 l.
923 1363 1126 1430 Oratio,
1170 1365 1265 1427 Εἰς
1305 1364 1395 1417 τὸν
1445 1364 1641 1436 θρῆνον
1671 1367 1772 1437 τῆς

189 1461 502 1532 ὑπεραγίας
528 1461 817 1528 Θεοτόκου,
854 1459 942 1512 ὅτε
985 1457 1330 1529 περιεπλάκη
1363 1457 1426 1510 τὸ
1468 1458 1626 1526 σῶμα
1674 1461 1770 1512 τοῦ

188 1553 398 1624 Κυρίου
426 1552 582 1622 ἡμῶν
621 1549 798 1622 Ἰησοῦ
828 1549 1091 1621 Χριστοῦ.
1142 1548 1208 1603 In
1259 1549 1530 1619 lugubrem
1575 1549 1773 1604 lamen-

190 1647 445 1698 tationem
491 1644 834 1698 sanctissimtz
867 1642 1131 1710 Deiparce,
1173 1657 1290 1694 cum
1331 1658 1518 1710 corpus
1558 1642 1772 1698 Domini

189 1737 359 1790 nostri
397 1736 522 1790 Jesu
566 1735 760 1791 Christi
798 1734 1070 1802 complexa
1126 1743 1220 1787 est.
1251 1731 1312 1785 P.
1362 1733 1534 1788 Τοῦτο
1563 1737 1767 1802 έκεῖνο,

1871 559 2060 597 eorum
2073 544 2238 598 libros
2253 552 2612 614 reponuntur.
2640 544 2688 597 1.
2706 543 2853 613 Εὐχὴ
2879 543 2983 613 πρὸ
3001 543 3097 612 τῆς
3115 544 3268 615 ἱερᾶς
3285 562 3457 615 μετα-

1869 633 2106 706 λήψεως.
2175 635 2363 689 Preces
2415 646 2539 689 ante
2583 648 2826 688 sanctam
2873 633 3330 691 Communionem.
3389 638 3452 693 Ρ.

1881 726 1943 779 '0
1967 727 2128 797 μόνος
2156 726 2398 797 καθαρὸς
2431 728 2523 779 καὶ
2549 728 2850 798 ἀκήρατος,
2878 727 3072 796 Κύριε,
3105 731 3131 780 ὁ
3158 728 3227 781 δι’
3267 725 3452 781 οἶκτον

1873 821 2310 894 φιλανθρωπίας.
2352 823 2407 876 2.
2463 821 2658 892 Ἑτέρα
2701 822 2836 892 εὐχὴ
2909 823 2998 876 διὰ
3048 823 3268 894 στίχων.
3323 823 3464 878 Alite

1871 936 2048 991 preces
2082 921 2336 973 carmine.
2361 918 2422 972 P.
2459 919 2731 990 Θεουργδν
2749 912 2888 985 αἷμα
2928 918 3138 989 φρέξον,
3173 918 3457 990 ἄνθρωπε,

1872 1012 2107 1083 βλέπων.
2151 1012 2204 1064 ὅ.
2261 1010 2458 1081 Ἑτέρα
2509 1010 2596 1062 διὰ
2653 1009 2871 1080 στίχων.
2913 1012 3041 1064 Alia:
3072 1013 3325 1066 carmine.
3386 1013 3449 1067 Ρ.

1874 1100 2041 1166 Αὖθις
2104 1104 2161 1156 δὲ
2196 1103 2331 1173 πρὸς
2366 1103 2583 1173 μέθεξιν
2618 1102 2682 1156 ἂν
2729 1103 2918 1173 καιρὸς
2950 1104 3124 1174 φέρει.
3179 1105 3233 1158 4.
3271 1105 3453 1175 Στίχοι

1879 1195 2017 1265 μετὰ
2047 1195 2146 1262 τὴν
2177 1193 2340 1260 ἁγίαν
2391 1192 2722 1262 μετάληψιν.
2759 1192 3011 1247 Carmina
3053 1203 3168 1263 post
3216 1205 3461 1248 sanctum

1873 1282 2323 1339 Communionem.
2357 1283 2418 1337 P.
2459 1279 2632 1346 Εἶδες,
2666 1282 2946 1353 ἄνθρωπε,
2979 1284 3086 1336 τῶν
3124 1284 3454 1366 σπλάγχνων

1873 1377 2039 1432 ἔνδον.
2071 1375 2124 1430 5.
2156 1376 2586 1447 Εὑχαριστήριοι
2615 1374 2787 1444 στίχοι
2817 1376 2897 1438 εἰς
2925 1375 2986 1428 τὸ
3031 1375 3184 1429 αὐτό.
3209 1375 3272 1430 1η
3309 1378 3451 1430 idem

1873 1478 2242 1537 argumentum
2313 1470 2604 1532 carmina,
2679 1467 2866 1538 quibus
2941 1469 3147 1538 gratias
3204 1469 3336 1539 agit.
3394 1469 3458 1526 P.

1872 1561 2069 1631 Κύριε,
2125 1561 2261 1629 ζωὴ,
2308 1561 2618 1631 εὐχαριστῶ
2652 1576 2733 1613 σοι
2760 1561 2998 1630 τρέμων.
3031 1559 3083 1615 6.
3125 1559 3318 1630 Ἑτέρα
3375 1563 3460 1624 είς

1869 1653 1932 1706 τὸ
1953 1653 2086 1705 αὐτὸ
2112 1651 2199 1705 διὰ
2219 1652 2440 1722 στίχων.
2472 1651 2610 1704 Alite
2660 1653 2894 1704 carmine
2923 1652 2976 1706 in
3006 1652 3141 1705 idem
3181 1669 3464 1722 argumenc

1875 1757 2006 1802 tum.
2046 1744 2108 1802 P.
2143 1746 2203 1800 '0
2233 1747 2356 1809 δοὺς
2411 1746 2620 1816 τροφήν
2659 1762 2748 1816 μοι
2784 1746 2962 1816 σάρκα
3012 1745 3111 1814 σὴν
3165 1746 3453 1810 ἑκουσίως.

191 1828 499 1898 γλυκύτατε
542 1827 749 1900 Ἰησοῦ,
787 1827 846 1880 τὸ
899 1826 1024 1888 τοὺς
1055 1827 1118 1879 ὲκ
1150 1826 1408 1898 Περσίδος
1434 1827 1771 1897 ἀφιγμένους
1808 1825 1846 1878 Β
1875 1842 1927 1897 7,
1971 1841 2116 1911 Εὺχὴ
2164 1839 2618 1910 ἐξομολογητικὴ,
2661 1839 2726 1908 ἣν
2780 1836 3016 1904 ὀφείλεις
3055 1835 3177 1889 καθ’
3238 1839 3455 1909 ἡμέραν

189 1927 271 1989 είς
315 1925 586 1995 Βηθλεέμ.
635 1922 818 1978 Oratio
845 1923 1076 1977 nimium
1108 1931 1296 1976 tenera
1325 1931 1408 1977 est
1438 1933 1601 1993 atque
1641 1924 1773 1979 alle-

187 2018 393 2086 ctibus,
441 2019 616 2087 iisque
657 2015 880 2082 divinis,
928 2015 1109 2086 plena,
1161 2031 1281 2084 qua:
1327 2016 1410 2070 vel
1443 2017 1616 2086 glacie
1657 2017 1773 2086 ipsa

189 2110 525 2181 frigidiorem
576 2119 632 2165 et
675 2109 863 2180 calybe
911 2107 1187 2162 duriorem
1215 2107 1581 2176 excall'ecerit,
1611 2119 1774 2179 atque

189 2202 539 2258 emolliverit.
596 2201 652 2257 2.
695 2200 832 2271 Περὶ
877 2202 974 2272 τῆς
1032 2199 1319 2271 ζωηφόρου
1377 2201 1636 2272 τελευτῆς
1679 2204 1774 2256 καὶ

193 2298 580 2367 μεταστάσεως
608 2297 706 2368 τῆς
734 2295 1020 2350 Θεοτόκου.
1090 2296 1167 2351 De
1206 2296 1487 2368 salutifero
1518 2299 1686 2364 obitu,
1725 2309 1774 2352 et

191 2391 423 2443 transitu
470 2389 731 2458 Deiparte.
768 2387 830 2443 P.
882 2389 986 2442 Τὸν
1038 2388 1232 2459 καιρὸν
1259 2389 1358 2459 τῆς
1392 2390 1774 2460 Πεντηκοστῆς

189 2483 241 2534 οἱ
298 2479 610 2536 ’Δπόστολοι
643 2479 742 2550 τῆς
781 2479 949 2542 θείας.
979 2478 1032 2534 5.
1077 2479 1249 2548 Λόγος
1277 2479 1666 2550 διαλαμϐάνων
1705 2483 1774 2535 τά

189 2574 301 2627 ἀπὸ
345 2573 447 2642 τῆς
487 2571 790 2643 σεϐασμίας
821 2573 1153 2644 γεννήσεως,
1181 2574 1276 2626 καὶ
1325 2575 1642 2644 ἀνατροφῆς
1673 2575 1772 2645 τῆς

191 2666 507 2737 ὕπεραγίας
543 2663 842 2737 Δεσποίνης
876 2665 1032 2736 ἡμῶν
1055 2664 1344 2731 Θεοτόκου,
1400 2666 1498 2736 τῆς
1550 2666 1774 2738 θεοπρεο

193 2759 332 2823 ποῦς
362 2776 423 2811 τε
453 2759 761 2829 γεννήσεως
800 2757 1038 2828 Χριστοῦ
1070 2758 1162 2811 τοῦ
1193 2757 1328 2812 Θεοῦ
1357 2759 1532 2828 ἡμῶν,
1560 2761 1654 2813 καὶ
1675 2762 1773 2813 ὅσα

196 2853 362 2922 μέχρι
412 2851 512 2919 τῆς
569 2849 854 2920 ςωηφόρου
906 2850 1076 2922 αὐτῆς
1131 2850 1435 2920 συνέδραμε
1492 2853 1770 2921 τελευτῆς,

193 2944 423 3014 προσέτι
472 2945 566 2996 καὶ
591 2942 719 3014 περὶ
745 2941 845 3012 τῆς
875 2941 1233 3013 φανερώσεως
1269 2942 1369 3012 τῆς
1396 2943 1583 3013 τιμίας
1605 2945 1774 3014 αὐτῆς

194 3036 446 3106 ἐσθῆτος,
481 3034 578 3087 καὶ
607 3035 753 3098 ὅπως
771 3037 798 3089 ὁ
821 3033 997 3105 μέγας
1027 3028 1179 3096 οὗτος
1207 3033 1480 3104 θησαυρὸς
1508 3035 1772 3105 Χριστια-

193 3129 302 3188 νοῖς
327 3123 772 3196 τεθησαυρισται.
808 3124 994 3179 Oratio
1023 3125 1288 3178 continens
1312 3141 1395 3188 ea,
1419 3141 1536 3194 qua’
1563 3142 1594 3178 a
1622 3141 1773 3178 vene-

196 3215 370 3269 randa
414 3215 713 3280 nativitate,
757 3224 805 3268 et
834 3215 1141 3268 educatione
1171 3215 1518 3269 sanctissime
1541 3214 1776 3271 Domina:

195 3319 388 3362 nostra
431 3307 674 3376 Deiparte
699 3349 715 3374 ,
770 3323 968 3361 necnon
1020 3307 1219 3362 Christi
1252 3307 1348 3361 Dei
1386 3308 1550 3362 nostri
1589 3307 1778 3362 divina:

196 3401 474 3455 nativitate
505 3417 666 3471 usque
697 3401 768 3454 ad
795 3400 953 3469 ﬁnem
985 3401 1104 3454 vita:
1131 3399 1355 3472 Virginis
1382 3402 1660 3472 contigere.
1695 3402 1780 3456 Ad

196 3495 308 3550 lucc
341 3495 405 3548 de
428 3493 740 3548 reuelatione
763 3493 1005 3563 pretiosa:
1044 3491 1186 3546 illius
1219 3493 1393 3559 vestis,
1432 3502 1480 3546 et
1522 3495 1780 3563 quomodo

199 3603 423 3660 magnus
475 3587 558 3640 hic
600 3586 873 3640 thesaurus
918 3583 1234 3640 Christianis
1296 3595 1631 3640 conservatus
1682 3594 1778 3641 est.

200 3679 260 3733 Ρ.
299 3677 506 3749 Ἐχρῆν
537 3677 750 3748 άληθῶς
786 3678 885 3748 τὴν
907 3677 1208 3749 Παρθένον,
1241 3677 1430 3749 ῶσπερ
1459 3677 1598 3749 αὐτὴ
1644 3677 1780 3730 Θεοῦ

202 3770 340 3840 πρὸς
392 3768 717 3841 ἀνθρώπους
769 3771 1056 3840 έπιφοιτᾷν
1119 3768 1428 3840 μέλλοντος.
1501 3769 1782 3824 Laudatur

199 3877 421 3932 quoque
461 3877 493 3915 a
545 3861 807 3916 Michaele
845 3861 1007 3932 Glyca
1039 3861 1268 3931 epistola
1296 3861 1366 3915 22
1395 3861 1452 3916 in
1482 3861 1662 3918 indice
1699 3861 1786 3916 Bi-

201 3953 495 4009 bliotheca:
521 3952 811 4009 Siortiana:
843 3954 900 4008 in
939 3955 1112 4010 classe
1156 3953 1506 4025 physicorum
1546 3955 1598 4008 1.
1643 3953 1780 4009 Cod.

201 4046 271 4101 28
316 4045 465 4100 inter
517 4046 622 4100 alia
673 4055 1031 4101 recensentur
1070 4047 1345 4102 orationes
1398 4046 1784 4103 ecclesiasticae

205 4138 495 4210 Symeonis
562 4139 955 4210 Metaphrastie.
1027 4138 1286 4205 Quaenam
1352 4139 1485 4210 ipsae
1553 4139 1782 4208 fuerint,

205 4227 392 4283 dicent
420 4226 537 4282 alii.
576 4226 687 4298 Ego
716 4243 810 4283 eas
837 4243 945 4282 non
977 4227 1106 4282 vidi.

275 4320 425 4394 ’15η
455 4320 569 4376 Nec
596 4321 745 4377 hisee
773 4330 1066 4378 contentus
1099 4323 1355 4396 pleraque
1401 4322 1506 4378 alia
1535 4321 1783 4393 scripsit,

205 4435 325 4489 qua:
357 4418 502 4471 inter
547 4415 679 4468 alias
708 4413 1104 4470 ecclesiasticas
1149 4417 1432 4472 cautiones
1479 4415 1780 4471 Christiani

1875 1934 2226 2005 ἀμεταθέτως
2256 1933 2434 2000 λέγειν
2478 1932 2613 2002 πρὸς
2657 1931 2755 2000 τὴν
2809 1930 3118 2000 ὑπεραγίαν
3167 1931 3454 1997 Θεοτόκον,

1875 2024 2163 2094 ὲάνξποθῇς
2183 2025 2239 2075 έν
2269 2026 2336 2094 τῇ
2360 2022 2480 2092 ὥρα
2500 2019 2592 2074 τοῦ
2620 2021 3120 2092 ψυχορραγήματός
3143 2038 3234 2073 σου
3257 2021 3460 2074 ἰδέσθαι

1875 2116 2067 2186 αὐτὴν,
2089 2115 2180 2168 καὶ
2200 2115 2455 2185 βοηθείας
2487 2113 2687 2184 πολλῆς
2720 2115 2815 2165 καὶ⁷
2871 2113 3220 2183 παρηγορίας
3248 2115 3455 2183 ,τυχεῖν

1875 2207 1936 2272 ἐξ
1964 2209 2152 2276 αὐτῆς.
2186 2208 2371 2262 Preces
2403 2209 2458 2261 in
2499 2208 2686 2278 quibus
2726 2207 3036 2260 delictorum
3067 2208 3318 2276 confessio
3367 2208 3458 2272 sit,

1875 2301 2096 2370 singulis
2153 2299 2332 2353 diebus
2366 2302 2478 2353 sine
2533 2299 2644 2353 ulla
2707 2298 3098 2352 intermissione
3148 2299 3457 2362 recitanda',

1874 2391 1920 2444 si
1943 2391 2040 2458 vis,
2062 2408 2180 2445 cum
2208 2391 2446 2445 animam
2475 2391 2612 2460 agis,
2634 2389 3024 2443 sanctissimam
3045 2389 3304 2459 Virginem
3335 2388 3460 2443 Dei-

1875 2500 2064 2553 param
2127 2484 2357 2547 intueri,
2417 2492 2463 2536 et
2491 2483 2780 2535 subsidium
2825 2481 3092 2544 multum,
3156 2497 3350 2534 necnon
3409 2490 3462 2534 et

1874 2576 2108 2630 solamen
2136 2576 2202 2628 ab
2233 2577 2414 2629 eadem
2447 2575 2700 2628 obtinere.
2727 2573 2790 2628 P.
2817 2573 2988 2643 Δέχου
3033 2572 3236 2635 τοίνυν,
3266 2573 3458 2642 εὐμεν-

1877 2666 2075 2736 εστάτη
2119 2666 2392 2719 Δέσποινα
2428 2665 2632 2736 ἀγαθὴ,
2672 2665 2773 2736 τὴν
2813 2664 3038 2734 οἰκτράν
3095 2681 3198 2732 μου
3246 2663 3462 2734 δέησιν.

1945 2754 2234 2826 Congessit
2282 2765 2545 2824 praeterea
2570 2771 2636 2810 ex
2685 2756 2944 2824 operibus
2991 2753 3054 2810 υ.
3091 2754 3275 2809 Basilii
3318 2754 3460 2810 Ora-

1880 2849 2055 2903 tiones
2098 2848 2287 2919 viginti
2323 2857 2558 2918 quatuor
2606 2849 2673 2903 de
2712 2848 2972 2904 Moribus.
3046 2848 3259 2902 Ἠθικοὶ
3311 2849 3463 2917 λόγοι

1875 2944 1951 2996 κδ’
1975 2943 2319 3014 ἐκλεχθέντες
2341 2944 2427 2997 διὰ
2444 2944 2732 3014 Συμεῶνος
2750 2943 2844 2997 τοῦ
2862 2944 3168 3014 μαγίστρου
3189 2945 3284 2997 καὶ
3301 2943 3457 3012 λογοο

1876 3031 2029 3084 θέτου
2069 3033 2133 3085 ἐκ
2187 3032 2379 3086 πασῶν
2417 3033 2527 3087 τῶν
2584 3033 2984 3104 πραγματειῶν
3019 3033 3116 3086 τοῦ
3170 3035 3227 3087 έν
3276 3035 3455 3102 ἁγίοις

1879 3124 2094 3195 Πατρδς
2135 3125 2291 3196 ήμῶν
2325 3125 2608 3179 Βασιλείου
2651 3125 3460 3198 ἀρχιεπισκόπουΚαισαρείας

1879 3217 1975 3283 τῆς
2000 3215 2413 3279 Καππαδοκίας.
2447 3215 2721 3272 Orationes
2746 3219 2810 3274 de
2835 3219 3068 3273 Moribus
3104 3218 3290 3288 uiginti
3322 3234 3460 3287 qua-

1883 3315 2020 3372 tuor,
2053 3306 2280 3362 collectae
2305 3325 2400 3379 per
2427 3307 2736 3378 Symeonem
2775 3310 3092 3381 Magistratu
3118 3322 3166 3364 et
3200 3308 3462 3377 Logothe-

1883 3409 1994 3452 tam
2025 3415 2089 3453 ex
2112 3399 2351 3454 ontnibus
2375 3403 2547 3455 sancti
2575 3401 2755 3456 Patris
2787 3403 2952 3456 nostri
2979 3401 3168 3456 Basilii
3195 3399 3461 3456 Caesarea:

1882 3489 2228 3561 Cappadocia:
2281 3493 2530 3562 episcopi.
2565 3493 2625 3547 lu
2666 3495 2787 3548 aliis
2824 3493 3212 3564 Manuscriptis
3241 3495 3462 3552 Codici-

1882 3583 1984 3638 bus
2015 3583 2270 3642 habelur.
2313 3585 2602 3656 Συμεῶνος
2640 3585 2928 3653 λογοθέτου
2957 3585 3051 3640 τοῦ
3091 3587 3318 3657 δρόμου,
3358 3589 3454 3641 τοῦ

1884 3669 1980 3723 καὶ
2022 3671 2445 3742 Μεταφραστοῦ.
2495 3672 2770 3742 Symeonis
2832 3672 3031 3729 Cursus
3100 3673 3402 3747 Logothetw
3442 3716 3461 3738 .

1885 3761 1975 3832 qui
2000 3770 2048 3816 et
2076 3761 2479 3832 Memphi-astes.
2505 3763 2788 3836 Leguntur
2818 3766 3026 3835 passim
3057 3776 3114 3822 et
3143 3767 3257 3823 lere
3301 3768 3462 3822 undi-

1884 3867 1992 3922 que
2032 3852 2088 3906 in
2139 3853 2490 3909 Bibliotliecis
2545 3853 2744 3910 Italicis
2791 3853 3178 3926 Manuscriptae
3231 3875 3246 3911 ι
3294 3857 3460 3911 editae

1886 3953 2014 4000 sunt
2043 3942 2230 3999 Grzece
2263 3943 2486 4001 Parisiis
2513 3944 2672 4011 1556,
2700 3943 2846 4014 apud
2878 3943 3233 4000 Guilielmum
3269 3945 3462 4000 Morel-

1886 4035 1997 4092 lum
2036 4035 2094 4090 in
2127 4035 2180 4103 8,
2214 4046 2271 4091 et
2301 4037 2492 4091 Latine
2509 4050 2636 4091 cum
2663 4035 2783 4090 aliis
2810 4035 2996 4091 Basilii
3015 4035 3284 4106 Operibus
3308 4037 3465 4092 Pari-

1887 4129 1985 4184 siis
2006 4128 2151 4199 apud
2184 4127 2503 4184 Michaelem
2531 4127 2800 4183 Sonuium
2829 4129 2988 4195 i605,
3020 4129 3075 4183 in
3103 4130 3255 4196 folio,
3285 4129 3467 4186 Stani-

1865 4220 2001 4274 slao
2047 4220 2232 4275 Floria
2269 4220 2593 4291 interprete,
2625 4231 2682 4278 et
2706 4221 2928 4276 tandem
2961 4223 3152 4280 Graece
3189 4232 3246 4278 et
3275 4222 3470 4277 Latine

1888 4310 2231 4370 Francofurti
2271 4312 2416 4381 apud
2453 4310 2734 4368 Nicolaum
2767 4312 3042 4368 Bassaeum
3081 4314 3136 4368 in
3187 4313 3241 4368 8.
3293 4313 3468 4384 Hujus

1889 4402 2137 4473 exemplo
2184 4400 2341 4468 alius,
2400 4403 2709 4474 quicunque
2736 4403 2826 4458 ille
2857 4403 3041 4468 fuerit,
3098 4417 3222 4458 cum
3259 4417 3468 4457 nomen

209 4511 465 4568 homines
529 4507 963 4564 modularentur.
1021 4507 1167 4563 Inter
1237 4523 1330 4563 eas
1386 4510 1624 4578 primum
1682 4508 1779 4562 erit

1893 4495 2046 4566 operi
2073 4511 2183 4551 non
2220 4495 2556 4566 praaﬁgatur,
2581 4511 2648 4552 ex
2679 4496 2941 4566 operibus
2977 4495 3352 4566 Cbrysostomi
3391 4496 3467 4549 si-

210 4601 560 4675 Troparium,
613 4600 771 4671 cujus
803 4600 1042 4665 initium,
1087 4600 1384 4672 Ἐξάρξατε
1424 4601 1586 4671 κόραι
1643 4615 1786 4670 παρ-

209 4697 442 4752 θενικαί.
498 4694 556 4749 2.
610 4693 814 4764 Ἕτερα
863 4693 1105 4764 Στιχηρά
1159 4693 1302 4746 κατὰ
1332 4693 1647 4762 άλφάϐητον
1692 4689 1786 4744 τοῦ

214 4791 454 4861 μεγάλου
500 4787 758 4849 Κανόνος.
797 4786 919 4840 Alia
977 4785 1220 4842 Stichera
1268 4789 1452 4842 ordine
1509 4784 1792 4855 Alphabeti

211 4885 506 4954 composita
540 4879 728 4953 Magni
755 4880 1004 4938 Cononis.
1037 4881 1091 4933 '5.
1129 4879 1326 4933 Κανὼν
1381 4881 1460 4942 εἰς
1505 4879 1604 4948 τὴν
1639 4877 1792 4931 ὁσίαν

211 4975 434 5048 Μαρίαν
490 4974 590 5044 τὴν
623 4972 947 5043 Αἰγυπτίαν.
983 4970 1165 5026 Canon
1188 4973 1241 5025 in
1266 4981 1508 5026 sanctam
1557 4969 1794 5024 Mariam

213 5066 614 5139 Egyptiacam.
679 5065 731 5120 1.
799 5063 1019 5134 Aprilis.
1088 5063 1151 5117 P.
1214 5062 1305 5134 Τῷ
1367 5063 1623 5133 μακαρίῳ
1699 5060 1796 5114 καὶ

217 5165 442 5236 πρώτῳ.
470 5163 523 5217 4.
574 5159 768 5214 Κανὼν
807 5157 1221 5231 παρακλητικὸς
1249 5160 1328 5221 εἰς
1357 5156 1455 5230 τὴν
1491 5159 1798 5230 ὐπεραγίαν

214 5258 482 5310 Θεοτόκον
527 5253 868 5324 ψαλλόμενος
917 5253 984 5323 τῇ
1019 5250 1231 5324 μεγάλῃ
1285 5251 1641 5320 Παρασκευῇ.
1691 5247 1800 5304 Ca-

216 5368 316 5404 non
378 5347 772 5404 denrecatorius
819 5347 873 5399 in
907 5345 1298 5410 sanctissimam
1328 5343 1616 5412 Deiparam
1643 5383 1659 5410 ,
1708 5343 1800 5414 qui

217 5446 429 5498 canitur
462 5459 656 5513 magna
674 5444 989 5496 Parasceue.
1017 5437 1079 5495 P.
1108 5437 1293 5491 Θέλων
1329 5455 1424 5490 σου
1452 5436 1516 5490 τὸ
1546 5437 1798 5508 πλάσμα,

216 5537 421 5606 Χριστέ
479 5552 606 5606 μου,
635 5531 877 5598 ζωῶσαι.
922 5532 984 5587 In
1007 5529 1342 5586 Bibliolheca
1371 5529 1594 5600 Collegii
1651 5528 1801 5585 Grae-

217 5643 431 5683 eorum.

290 5719 592 5786 Plerasque
642 5716 802 5772 etiam
836 5729 1050 5787 preces,
1088 5729 1209 5784 qua:
1240 5711 1297 5766 in
1354 5709 1600 5765 Ecclesia
1648 5707 1801 5764 Grae-

219 5820 408 5866 corum
442 5823 555 5864 non
587 5806 704 5865 sine
729 5805 946 5878 pietatis
976 5804 1157 5863 fructu
1189 5801 1405 5862 recitari
1427 5801 1627 5868 solent,
1683 5798 1800 5870 ipse

1896 4589 2079 4644 milcm
2111 4589 2354 4644 laborem
2384 4603 2485 4642 nec
2514 4588 2716 4642 frustra
2741 4587 3005 4656 suscepit.

1967 4679 2113 4754 [152]
2157 4681 2224 4735 Ει
2255 4688 2315 4733 ut
2343 4679 2512 4749 magis
2541 4693 2604 4732 ac
2651 4678 2824 4749 magis
2851 4678 3109 4749 pietatem
3163 4685 3220 4732 et
3249 4676 3467 4746 religio-

1895 4790 2020 4829 nem
2063 4774 2506 4829 Christianorum
2557 4770 2754 4827 animis
2778 4771 3064 4837 excitaret,
3089 4771 3270 4841 capita
3317 4786 3472 4841 qure-

1895 4865 2019 4920 dam
2074 4866 2362 4935 perbrevia
2411 4863 2700 4921 sententiis
2748 4879 2859 4918 non
2905 4874 3014 4919 tam
3068 4865 3353 4921 concinnis
3414 4874 3475 4920 et

1896 4957 2166 5019 venustis,
2200 4972 2362 5027 quam
2394 4956 2649 5027 gravibus
2686 4964 2742 5011 et
2775 4956 2981 5011 severis
3007 4955 3228 5023 referta,
3263 4965 3377 5010 tum
3407 4971 3475 5010 ex

1897 5063 1997 5103 suo
2029 5057 2144 5101 tum
2175 5063 2242 5101 ex
2264 5047 2495 5112 aliorum
2542 5063 2688 5117 penu
2737 5047 3110 5113 concinnavit,
3165 5062 3338 5117 eaque
3367 5049 3479 5103 ele-

1899 5139 2233 5211 gantissima.
2265 5140 2308 5193 E
2335 5153 2436 5194 suo
2454 5147 2583 5194 sunt
2600 5139 2860 5208 Γνωμικὰ
2888 5139 3162 5208 κεφάλαια
3189 5140 3323 5210 ρλαν,
3355 5155 3477 5194 sen-

1902 5237 2124 5290 tentiosa
2157 5238 2336 5306 capita
2358 5252 2540 5292 cxxxr.
2567 5233 2811 5302 Quorum
2838 5235 2972 5290 illud
2993 5245 3080 5291 est
3101 5235 3433 5306 principium
3458 5255 3474 5287 :

1911 5329 1970 5382 Ὀ
2023 5329 2129 5399 γὰρ
2161 5328 2378 5398 στύφων
2431 5329 2489 5382 ἐν
2543 5327 2720 5398 καιρῷ
2772 5327 2927 5395 λόγος
2984 5325 3078 5380 τοῦ
3118 5327 3478 5397 άπαλωτέρου

1903 5421 2094 5492 βελτίω
2143 5421 2283 5474 κατά
2330 5419 2490 5476 πολύ.
2537 5421 2619 5474 Ex
2650 5420 2882 5474 aliorqu
2917 5419 3034 5473 haec
3063 5435 3186 5489 qua:
3234 5435 3482 5488 sequuti-

1901 5521 1991 5568 tur
2050 5532 2066 5572 ;
2121 5515 2407 5584 Κειράλαια
2456 5512 2550 5566 τοῦ
2596 5513 2745 5566 ὁσίου
2799 5513 2894 5566 καὶ
2949 5512 3208 5583 θεοφόρου
3263 5512 3477 5581 Ιιατρὸς

1902 5607 2058 5680 ἡμῶν
2082 5608 2375 5680 Μακαρίου
2422 5607 2519 5661 τοῦ
2542 5607 2846 5676 Αἰγυπτίου
2878 5607 2943 5660 ἐκ
2975 5605 3082 5661 τῶν
3111 5605 3277 5660 αὐτοῦ
3307 5605 3482 5672 λόγων

1902 5702 2389 5773 παραφρασθέντα.
2443 5701 2575 5757 Vide
2628 5703 2866 5758 studium
2911 5712 2966 5756 et
2995 5710 3222 5757 conatus
3259 5700 3482 5770 Symeo~

1905 5797 1992 5852 nis
2022 5812 2036 5852 :
2079 5795 2218 5886 Tm
2247 5793 2338 5882 τοῦ
2366 5795 2654 5866 λογοθέτου
2687 5796 2780 5851 τοῦ
2809 5792 3209 5866 Μεταφραστοῦ
3244 5789 3340 5867 ρν’.
3379 5790 3485 5848 Ca-
