3826 6460
339 317 433 383 131
1638 304 1922 370 LEONIS
1960 303 2269 367 ALLATll

3504 290 3629 360 132

333 437 448 497 prta
481 425 647 482 sancti
668 433 716 480 et
758 423 954 496 Dciferi
990 417 1167 476 Patris
1198 420 1360 475 nostri
1389 419 1618 474 Macarii
1650 419 1909 490 Egyptii,
1949 427 1990 481 Α
2021 432 2130 470 cem
2179 429 2480 468 animarum
2540 409 2944 481 Hypotyposim,
2991 408 3274 479 Capitibus
3312 421 3416 463 cxx
3455 422 3625 464 com-

335 537 400 575 ατ
424 517 569 573 illius
597 515 921 571 sermonibus
943 514 1263 584 paraphrasi
1288 513 1526 583 exposita
1570 528 1601 565 a
1628 511 1918 582 Lugotheta

339 610 719 680 Metaphraste.
747 608 807 664 P.
857 607 1054 678 Χάριτι
1085 609 1182 678 μὲν
1206 607 1302 660 καὶ
1331 606 1511 678 δωρεᾷ
1543 603 1638 657 τοῦ
1669 605 1921 675 Πνεῦμα·

337 721 431 768 τος
476 703 596 776 θείᾳ
647 704 878 766 ἕκαστος
919 702 1080 773 ἡμῶν
1109 703 1209 773 τὴν
1271 701 1549 773 σωτηρίαν
1611 700 1919 772 πορίζεται,

340 795 522 849 πίστει
547 795 604 849 δὲ
633 795 725 848 καὶ
757 794 971 866 ἀγάπῃ,
1005 795 1251 864 άγῶνίτε
1273 795 1652 866 προαιρέσεως
1671 793 1925 860 αὐτεξου-

341 890 457 942 σίου
483 887 578 943 τοῦ
626 889 838 942 τελείου
876 889 1078 959 μέτρου
1136 887 1237 956 τῆς
1269 887 1649 958 πνευματικῆς
1704 885 1924 957 ἡλικίας

339 978 625 1048 ἐφικέσθαι
660 978 907 1033 δύναται.
944 976 1150 1032 Horum
1197 978 1439 1046 capitum
1485 977 1721 1030 Macariin
1751 992 1779 1029 a
1811 975 1925 1032 Me-

339 1073 620 1142 taphraste
683 1057 1022 1142 metaphrasi
1069 1080 1455 1127 exornatorum
1512 1069 1722 1124 mentio
1763 1069 1823 1122 [it
1871 1068 1926 1121 in

337 1164 542 1236 eclogis
604 1164 1041 1219 testimoniorum
1112 1162 1336 1218 Patrum
1393 1161 1657 1218 adversus
1702 1160 1928 1214 Barlaa-

339 1272 492 1312 mum
537 1265 592 1312 et
624 1257 965 1327 Acindynum
1014 1264 1070 1311 et
1120 1271 1314 1311 eorum
1363 1255 1626 1311 haereses.
1679 1253 1929 1310 Subnec-

343 1349 600 1402 tebautur
650 1346 703 1400 in
737 1347 929 1402 eodem
966 1345 1208 1401 Codice:
1253 1345 1362 1399 Τοῦ
1404 1344 1570 1398 αὑτοῦ
1598 1344 1757 1414 ἁγίου
1808 1345 1930 1398 M1-

343 1439 540 1508 καρίου
581 1437 855 1508 κεφάλαια
900 1436 1080 1508 ἕτερα.
1138 1437 1408 1504 ὡφελείας
1473 1437 1654 1505 πάσης
1721 1437 1932 1504 πεπλη-

345 1530 522 1600 σμένα
557 1537 658 1599 με’.
696 1531 950 1600 Ejusdem
1004 1531 1174 1583 sancti
1213 1529 1441 1584 Macarii
1462 1531 1572 1583 alia
1607 1530 1783 1598 capita
1810 1544 1930 1596 per-

345 1639 506 1692 quam
532 1621 687 1675 utilia
710 1622 1070 1693 quadraginta
1098 1623 1352 1692 quinque.
1383 1621 1446 1676 P.
1485 1622 1642 1675 Πᾶσα
1673 1622 1707 1690 ή
1742 1617 1933 1690 εὐαρέ-

349 1731 540 1783 στησις
589 1713 684 1767 τοῦ
736 1714 896 1780 Θεοῦ,
964 1715 1058 1767 κοιλ⁸
1107 1715 1140 1784 ἡ
1195 1713 1446 1767 διακονία
1492 1715 1591 1783 τῆς
1647 1711 1828 1782 ψυχῆς
1875 1711 1933 1764 ἐν

2022 511 2375 578 prehensum.

2096 637 2326 710 Scripsit
2379 638 2508 692 item
2543 635 2812 707 Epistolas
2862 636 2928 690 ad
2971 635 3242 700 diversos,
3284 649 3350 690 ex
3403 634 3624 704 quibus

2026 747 2197 804 penes
2240 746 2327 786 me
2380 740 2755 784 suntnovem.
2800 727 2861 784 Ρ.
2907 728 2994 790 Ὠς
3017 728 3311 798 εὐστόχως.
3357 725 3449 780 Em.
3483 735 3629 781 sunt

2026 824 2158 877 satis
2202 820 2520 890 composita:
2565 827 2621 874 et
2669 827 2962 882 accurata,
3000 817 3536 888 publicabunturque
3589 831 3626 870 a

2027 929 2136 976 me,
2180 913 2225 968 si
2268 911 2414 967 Deus
2467 910 2698 974 dederit,
2734 910 3052 981 aliquando,
3097 925 3204 963 una
3230 924 3358 964 cum
3401 907 3629 964 Nicolai

2029 1004 2352 1075 patriarchae
2393 1000 2982 1071 Constantinopolitani
3011 1039 3025 1065 ,
3086 999 3361 1054 Theodori
3411 999 3630 1054 Metro-

2029 1097 2211 1168 politze
2250 1095 2455 1151 Νίσαξηὶ
2489 1135 2504 1160 ,
2544 1093 2724 1150 Pbotii
2773 1093 3108 1150 Patriarchae
3146 1094 3630 1163 Constantinopo~

2033 1190 2206 1256 litani,
2237 1188 2497 1244 Demetrii
2552 1187 2804 1259 Cydonii,
2858 1186 3064 1242 Niceta:
3101 1187 3366 1258 Magistri,
3395 1185 3634 1240 Manne-

2032 1282 2099 1338 lis
2124 1281 2434 1352 Palaeologi,
2465 1290 2521 1336 et
2545 1279 2776 1334 aliorum
2812 1278 3090 1350 Epistolis.

2105 1415 2452 1472 Carminibus
2501 1430 2722 1485 quoque
2757 1430 2982 1484 operam
3013 1413 3303 1485 impendit,
3368 1411 3634 1468 iambicis

2035 1517 2092 1565 et
2130 1508 2371 1579 politicis
2421 1508 2804 1578 potissimum,
2851 1507 3052 1577 quibus
3107 1522 3289 1562 mores
3327 1506 3634 1562 hominum

2037 1604 2451 1674 componebat",
2495 1604 2870 1674 pietatemque
2903 1603 3227 1674 adaugebat.
3266 1602 3470 1657 Eorum
3500 1615 3638 1671 spes

2036 1697 2216 1751 cimen
2264 1711 2428 1766 supra
2476 1695 2645 1751 habes
2700 1695 2886 1761 exiis,
2931 1710 3054 1765 qua:
3083 1709 3248 1763 supra
3283 1693 3429 1747 inter
3476 1690 3636 1747 illius

346 1808 457 1868 τοῖς
492 1806 770 1876 λογισμοῖς
803 1809 972 1860 ἐστιν.
1029 1804 1342 1861 Σπούδασον
1373 1801 1467 1859 οὖν
1501 1805 1690 1858 ἕωθεν.
1726 1804 1809 1858 Ab
1835 1818 1934 1857 eo-
1968 1789 2008 1842 Β
2039 1804 2233 1860 Preces
2295 1789 2651 1860 εῖεηθνῖηιυε·
2703 1788 2860 1844 Nunc
2906 1787 3172 1842 Ῑ¹⁰¹¹¹¹¹¹ῙῙ³
3230 1799 3583 1857 δββοιιεηδυε
3617 1825 3635 1848 ο

346 1897 542 1950 (lemne
585 1896 951 1967 Metapliraste
987 1896 1308 1966 paraphrasi
1364 1904 1418 1950 et
1443 1895 1559 1966 ipsa
1624 1891 1935 1965 explicata?

349 1991 461 2058 Ego
508 1999 686 2058 puto:
750 1989 838 2042 alii
900 1990 1106 2043 certius
1137 1989 1532 2043 determinent.
1588 1987 1679 2041 Sic
1739 1985 1935 2040 eodem

346 2081 466 2150 ipso
496 2092 746 2150 tempore
797 2097 906 2136 non
941 2081 1047 2136 alio
1090 2096 1259 2151 scopo
1302 2080 1414 2135 Leo
1459 2081 1762 2151 imperator
1816 2076 1937 2132 edi-

349 2173 446 2237 dit,
507 2172 866 2245 ῡίακιστικὴν
915 2174 1104 2244 ψυχῶν
1149 2172 1520 2228 ὑποτύπωσιν.
1589 2170 1940 2227 Cubernatri-

351 2405 696 2475 Alphabetum
723 2405 926 2459 domini
950 2404 1224 2474 Symeouis
1257 2414 1304 2458 et
1328 2405 1604 2475 logothetw
1633 2421 1818 2458 cursus
1839 2402 1938 2475 (τι).

427 2590 508 2644 Ab
533 2589 706 2644 oculis
750 2589 857 2644 Deo
880 2587 1125 2644 Creatori
1169 2589 1458 2660 lacrynias,
1507 2590 1801 2659 cordistltte
1829 2605 1934 2644 una

355 2694 648 2746 aerumnas,
680 2680 875 2734 anima:
897 2689 1073 2733 autem
1109 2681 1480 2748 paenitentiam
1515 2681 1704 2736 oil'ero.

429 2773 559 2840 Qua:
581 2772 874 2842 voluptatis
896 2773 1070 2842 gratia
1099 2770 1225 2837 feci,
1253 2788 1396 2828 nunc
1421 2788 1520 2829 cor
1555 2774 1936 2840 transfodiunt,

350 2864 805 2934 siquidemcarnis
817 2866 1113 2935 voluptates
1125 2869 1398 2922 cruciatus
1410 2867 1588 2920 animo
1601 2877 1936 2938 pepererunt.

427 2958 672 3014 l‘roclive
696 2969 802 3024 est,
833 2961 1001 3029 probe
1019 2961 1153 3024 scio,
1185 2976 1354 3031 genus
1387 2962 1680 3015 lunnanum
1715 2961 1782 3014 ad
1806 2975 1903 3028 pec
1922 2993 1934 3001 -

355 3060 569 3117 catum;
621 3065 722 3120 ego
757 3061 960 3116 autem,
989 3053 1124 3121 proli
1163 3052 1350 3107 dolorl
1397 3053 1679 3108 brutorum
1709 3052 1939 3106 instinc-

356 3153 470 3196 tum
503 3158 624 3199 Sum
654 3151 1098 3211 praetergressns.

431 3236 649 3299 Adeste,
679 3234 874 3288 anima:
899 3234 1163 3305 benignas,
1185 3235 1547 3307 lacrymarum
1583 3235 1756 3290 fontes
1799 3235 1949 3291 vivos

359 3326 655 3393 elinndite;
688 3342 811 3380 nam
840 3327 1024 3397 gravia
1051 3328 1340 3383 commissa
1371 3337 1496 3384 sunt
1519 3326 1863 3383 olfendicula.

434 3420 542 3475 Sed
563 3419 824 3474 audacius
841 3419 1155 3489 proloquar.
1181 3419 1236 3475 Si
1256 3435 1422 3490 penes
1441 3429 1513 3483 te,
1547 3419 1784 3486 Christe,
1819 3434 1946 3473 sau-

361 3513 522 3565 ctitas
535 3519 878 3580 peccatorum
892 3511 1078 3566 sordes
1090 3521 1336 3582 superat,
1342 3512 1454 3583 jam
1471 3512 1602 3567 mihi
1617 3512 1949 3568 succurrite.

442 3602 512 3658 Ut
553 3613 640 3657 est
678 3602 870 3658 melius
901 3603 1038 3657 mori
1086 3618 1249 3673 quam
1299 3605 1379 3659 sic
1413 3605 1652 3674 peccatis
1694 3604 1951 3661 obrutum

364 3696 582 3750 viverel
616 3703 820 3762 quanto
857 3695 1049 3749 melius
1080 3704 1199 3750 erat
1226 3709 1334 3749 non
1369 3696 1553 3750 nascil

435 3784 637 3839 Levavi
687 3785 754 3838 ad
804 3794 878 3850 te,
930 3784 1177 3849 Domine,
1226 3785 1415 3840 oculos
1462 3786 1682 3853 mentis,
1717 3787 1947 3856 nequid-

365 3893 553 3946 quam,
589 3877 974 3931 misericordlae
1003 3892 1097 3946 spe
1134 3877 1248 3948 ipsa
1281 3879 1594 3936 destitutus.

2040 1897 2156 1942 tum
2213 1897 2277 1940 ut
2335 1885 2576 1940 hominis
2632 1884 2910 1955 ingenium
2964 1883 3118 1938 ferax
3155 1923 3169 1947 ,
3229 1890 3641 1952 expertumque

2040 1992 2346 2050 agnoscas,
2373 1985 2485 2032 tum
2541 1987 2602 2032 ut
2649 1977 2718 2032 ab
2765 1975 3006 2032 interitis
3035 1975 3244 2030 similes
3289 1973 3643 2042 antiquitatis

2041 2085 2174 2140 opcs
2198 2078 2423 2140 propter
2471 2069 2553 2123 sui
2578 2060 2775 2124 molem
2793 2068 3070 2138 exiguam,
3098 2065 3346 2121 interitui
3371 2063 3639 2121 obnoxia

2044 2178 2143 2234 per
2171 2177 2260 2218 me
2282 2171 2682 2218 conserventur
2711 2161 3044 2232 posteritati.

2785 2273 2865 2331 A’.

2648 2387 2837 2453 κυροῦ
2897 2385 3144 2456 Συμεὼν
3172 2386 3272 2439 καί
3302 2383 3646 2454 λογοοέτου

2055 2388 2434 2460 Ἀλςράϐητον
2483 2388 2592 2442 τοῦ

2258 2488 2270 2497 -
2313 2456 2316 2457 ⁷
2632 2457 2739 2511 τοῦ
2781 2456 3026 2526 δρόμου.

2057 2573 2190 2628 Ἀπὸ
2225 2571 2512 2643 βλεφάρων
2543 2569 2777 2643 δάκρυα,
2812 2571 2920 2624 ἀπὸ
2949 2570 3181 2642 καρδίας
3215 2570 3433 2632 πόνους,

2134 2665 2266 2718 ’Δπὸ
2300 2663 2482 2735 ψυχῆς
2514 2665 2807 2734 μετάνοιαν
2846 2662 3142 2733 προσφέρω
3169 2677 3251 2715 σοι
3281 2660 3360 2732 τῷ
3395 2661 3643 2731 Κτίστῃ.

2047 2757 2203 2834 [155]
2227 2759 2364 2830 Βέλη
2394 2776 2485 2828 μοι
2522 2757 2618 2812 νῦν
2646 2758 2938 2827 γεγόνασιν
2973 2759 3029 2812 αἱ
3055 2758 3332 2827 φιλήδονοι
3369 2757 3608 2830 πράξεις
3633 2769 3649 2789 ⁸

2133 2851 2351 2903 Ἦδοναὶ
2385 2849 2842 2920 μετεστράφησαν
2864 2853 2943 2913 εἰς
2978 2849 3222 2921 χαλεπάς
3255 2849 3476 2913 ὀδύνας.

2053 2941 2216 3003 Γένος
2241 2939 2450 3011 βροτῶν
2475 2940 2774 3005 εὑόλισθον,
2804 2935 2946 3006 οἶδα,
2980 2941 3115 3012 πρὸς
3137 2941 3418 3012 ἁμαρτίαν
3443 2955 3459 2970 ’

2123 3030 2264 3084 Ἀλλ’
2284 3032 2418 3100 ἐγὼ,
2441 3031 2542 3100 φεῦ
2565 3031 2578 3083 l
2606 3031 2958 3103 παρέδραμον
2983 3032 3077 3086 καὶ
3105 3033 3202 3103 τὴν
3231 3033 3428 3102 ἄλογον
3453 3031 3648 3101 φύσιν.

2055 3217 2245 3281 Δεῦτε,
2276 3216 2446 3288 ψυχαὶ
2483 3216 2879 3288 φιλάνθρωποι,
2915 3217 3069 3271 δεῦτε
3086 3217 3340 3289 δακρύων
3362 3219 3601 3292 ὄμϐρος,

2140 3310 2275 3362 Ἀπὸ
2307 3309 2498 3379 ψυχῶν
2533 3308 2836 3376 κενώσατε,
2862 3309 3074 3363 πολλῶν
3101 3311 3318 3382 θρήνων
3339 3312 3516 3378 ἄξιαι.

2066 3398 2210 3470 Ἐρῶ
2243 3417 2298 3453 τι
2326 3402 2421 3454 καὶ
2449 3401 2816 3473 Θρασύτεροψ
2843 3402 2906 3455 Εἰ
2934 3404 3062 3474 νικᾷ
3095 3421 3176 3456 σοι
3207 3405 3553 3476 χρηστότης,

2128 3494 2358 3564 Χριστὲ,
2393 3495 2593 3547 κακίαν
2620 3494 2882 3566 ἄμετρον,
2914 3494 3002 3548 ἐπ’
3030 3496 3158 3566 ἐμοὶ
3188 3496 3286 3551 νῦν
3321 3497 3592 3566 φανείτω.

2057 3589 2165 3657 Ζῇν
2198 3585 2372 3649 οὕτως
2393 3586 2766 3657 ἁμαρτάνοντι
2791 3588 2852 3640 τὸ
2879 3587 3061 3642 θανεῖν
3085 3591 3252 3643 πόσον
3284 3593 3541 3660 κρεῖττον
3563 3592 3579 3646 l

2130 3674 2200 3750 ᾯ
2239 3680 2336 3732 καὶ
2373 3679 2578 3747 μᾶλλον
2606 3680 2905 3752 συνέφερεν
2939 3682 3078 3746 ὅλως
3111 3684 3186 3754 μὴ
3223 3685 3580 3756 γεννηθῆναι.

2058 3765 2212 3842 Ἦρα
2237 3770 2378 3838 πρὸς
2401 3769 2460 3822 σὲ
2481 3770 2550 3822 τά
2573 3769 2822 3840 ὄμματα,
2860 3772 3130 3836 Δέσποτα,
3167 3774 3271 3842 τῆς
3305 3775 3542 3846 καρδίας
3563 3791 3577 3804 ·

2125 3863 2404 3936 Κράζοντι
2428 3863 2643 3934 πικρῶς
2673 3864 2842 3931 ἔλεον,
2871 3867 3122 3932 ἐξέλιπον
3151 3869 3388 3933 ἐλπίδες.

443 3967 635 4034 Mortis
695 3970 872 4036 imago
929 3975 1099 4022 terret
1153 3969 1445 4038 mortales;
1509 3985 1594 4025 me
1663 3986 1785 4040 quae
1836 3985 1933 4040 pos

2100 3957 2305 4010 ιανάτου
2345 3956 2407 4009 τὺ
2435 3957 2787 4027 μνημόσυνον
2827 3959 3023 4030 πικρόν
3067 3979 3121 4013 τι
3153 3963 3268 4025 τοῖς
3296 3961 3650 4034 ἀνθρώποις·

368 4069 597 4112 mortem
629 4067 810 4126 erunt,
845 4059 1034 4130 majori
1083 4061 1247 4115 etiam
1297 4062 1588 4118 formidine
1621 4063 1947 4132 percutiunt.

441 4146 692 4215 Respice,
719 4145 977 4216 Verbum,
1010 4149 1205 4206 anima:
1242 4165 1376 4206 mea:
1409 4152 1764 4222 pravitatem;
1797 4153 1953 4206 auxi-

370 4242 535 4294 liator
560 4239 691 4294 mihi
723 4241 799 4295 sis
826 4242 1117 4312 propitius.

439 4329 585 4385 Reos
619 4331 813 4400 punire
853 4332 945 4386 tibi
987 4333 1128 4388 baud
1180 4334 1410 4404 volupe;
1455 4334 1564 4390 imo
1611 4328 1824 4390 sali'are
1872 4345 1958 4386 me

371 4422 542 4493 magis
576 4432 808 4493 gratum.
840 4422 935 4480 llis
963 4439 1050 4480 me
1077 4426 1353 4483 consolor.

441 4513 557 4570 Leo
583 4516 820 4572 crudelis
852 4531 939 4572 me
981 4533 1270 4588 aggressus
1297 4527 1402 4584 est,
1433 4533 1680 4589 quaerens
1705 4517 1948 4572 animam

372 4625 550 4666 meam
575 4614 824 4681 perdere.
847 4613 988 4670 Ecce
1020 4629 1117 4671 ore
1147 4613 1396 4683 improbo
1428 4613 1556 4667 ruit.
1584 4611 1810 4682 Porrige
1841 4627 1956 4664 mu-

372 4724 501 4762 num
531 4718 677 4763 tuam
707 4709 1076 4766 salvatricem.

447 4800 526 4855 Tu
567 4801 716 4857 solus
770 4802 890 4858 sine
921 4812 1145 4872 peccato
1187 4799 1528 4872 es,:Cbriste
1556 4798 1734 4853 Patris
1775 4798 1963 4866 unige-

373 4892 505 4946 nite.
1229 4901 1237 4908 '

451 4982 560 5050 Ego
583 4993 757 5038 autem
789 4984 1031 5038 actiones
1051 4980 1367 5036 tenebrosas
1393 4979 1619 5047 patravi,
1638 4979 1776 5034 lucis
1802 4994 1962 5050 opera

374 5089 637 5145 perosus;
673 5089 843 5144 quare
881 5087 1084 5127 crassm
1108 5085 1196 5126 me
1224 5070 1519 5125 obvolvunt
1553 5072 1808 5126 tenebrat.

448 5164 527 5219 Tu
547 5167 765 5234 quidem
792 5164 937 5220 facta
951 5162 1224 5231 verbaque
1253 5174 1372 5215 mea
1393 5161 1681 5230 reprobas;
1707 5163 1749 5217 si
1785 5174 1964 5219 tamen

377 5275 463 5312 me
490 5258 842 5326 reprobatum
865 5256 1066 5321 salvas,
1100 5253 1274 5308 dicam
1300 5263 1353 5308 te
1375 5253 1636 5323 sospitem
1674 5269 1873 5310 meum.

447 5349 679 5415 Quando
711 5357 1060 5418 peccatorum
1095 5361 1341 5402 meorum
1391 5345 1796 5402 multitudinem
1837 5363 1965 5418 sup-

378 5455 529 5514 puto,
562 5442 634 5498 ob
663 5443 952 5498 instantem
986 5457 1203 5513 pinnam
1239 5449 1386 5496 metu
1413 5441 1737 5496 excrucior!

452 5537 648 5592 Multos
664 5550 762 5607 per
785 5537 984 5605 gradus
1001 5535 1168 5607 gloria
1187 5546 1274 5590 tua
1295 5533 1517 5596 incedit,
1534 5547 1630 5603 per
1655 5531 1852 5587 multos
1875 5548 1968 5587 ca-

377 5624 598 5696 stigatio
612 5623 779 5678 etiam
801 5633 888 5679 tua
908 5644 920 5680 :
939 5624 1209 5696 quomodo
1226 5622 1491 5695 supplicia
1509 5621 1696 5677 istliaec
1707 5619 1971 5692 portabo?

451 5740 529 5815 (α)
571 5741 1080 5814 lnterpretationem
1119 5743 1370 5800 Latinam
1403 5741 1733 5798 addidimus.
1789 5738 1950 5798 Emr.

1980 4451 2035 4511 D

2145 4047 2280 4117 Ἐμὲ
2303 4047 2396 4101 τοῦ
2431 4047 2621 4111 τέλους
2655 4048 2820 4103 πλέον
2849 4049 2928 4114 δὲ,
2963 4050 3030 4104 τὰ
3060 4052 3200 4122 μετὰ
3235 4053 3391 4117 τέλος
3425 4057 3614 4124 τήκει.

2072 4132 2220 4192 Ἰδὼν
2249 4136 2323 4190 ῐδε
2355 4137 2454 4208 τὴν
2481 4138 2732 4193 κάκωσιν
2764 4139 2865 4208 τῆς
2900 4140 3042 4210 ὲμῆς
3079 4141 3280 4212 ψυχῆς,
3312 4143 3481 4212 Λόγε,

2131 4230 2242 4284 Καὶ
2267 4230 2571 4300 συμπαθῶς
2601 4230 2882 4302 ἐπίστηθι,
2917 4234 3014 4287 καὶ
3041 4233 3116 4304 μὴ
3142 4235 3583 4308 άντιπαρέλθῃς.

2060 4320 2351 4386 Κολάζειν,
2377 4314 2520 4385 οῖδα,
2555 4319 2822 4382 Δέσποτα,
2851 4321 3078 4391 γνώμην
3108 4323 3210 4375 οὐκ
3237 4322 3383 4392 ἔχεις
3404 4324 3572 4391 ὅλως,

2131 4413 2356 4484 Χαίρεις
2368 4412 2424 4465 δὲ
2441 4413 2644 4483 μᾶλλον
2662 4411 2852 4476 σώζων
2868 4431 2956 4482 με.
2975 4414 3147 4467 Τοῦτό
3162 4433 3228 4486 με
3247 4416 3444 4470 θάλπει
3466 4419 3651 4488 μόνον.

2066 4507 2222 4561 Λέων
2250 4505 2449 4577 πικρὸς
2489 4508 2694 4577 ἐπέστη
2723 4522 2833 4575 μοι,
2879 4505 3016 4559 λέων
3042 4509 3070 4559 ὁ
3095 4507 3442 4580 ψυχοφθόρος

2141 4597 2362 4662 Ἤνοιεε
2382 4597 2578 4668 στόμα.
2599 4596 2924 4667 Πρόφθασον
2940 4613 2955 4629 ·
2973 4600 3133 4670 χεῖρα
3159 4599 3250 4663 δός
3271 4613 3285 4628 ·
3313 4599 3544 4672 ἥρπασέ
3567 4617 3652 4672 με.

2066 4780 2246 4843 Μόνος
2273 4779 2437 4842 αὐτὸς
2467 4779 2566 4849 οὐχ
2592 4779 2864 4850 ἥμαρτες.
2916 4779 3078 4835 Ἀλλὰ
3103 4782 3346 4837 τοσαῦτα
3381 4785 3572 4856 μόνος.

2137 4875 2210 4927 Σὺ
2249 4872 2406 4943 μόνος
2432 4870 2839 4942 ἀναμάρτητος,
2869 4872 2964 4926 καὶ
2995 4875 3232 4946 Χριστὸς
3270 4877 3439 4940 ὅντως
3469 4880 3653 4949 μόνος.

2066 4964 2283 5028 Νυκτὸς
2304 4960 2534 5035 πράξεις
2564 4961 2853 5034 ἠγάπησα,
2886 4967 3066 5034 φωτὸς
3090 4967 3228 5038 ἔργα
3261 4971 3509 5039 μισήσας
3534 4988 3552 5003 ·

2143 5057 2309 5110 Ὅθεν
2338 5056 2433 5110 καὶ
2468 5054 2758 5126 περιμένει
2789 5072 2859 5126 με
2882 5058 3070 5122 σκότος
3095 5060 3156 5114 τὸ
3179 5061 3552 5134 ψυχοφθόρον.

2070 5149 2214 5202 Ξένα
2253 5163 2336 5200 σοι
2373 5148 2468 5202 καὶ
2502 5145 2807 5220 παράδοξα,
2849 5148 3034 5204 πάντα
3068 5153 3307 5207 νικῶντα
3334 5155 3498 5225 λόγον
3521 5172 3539 5189 .

2147 5240 2279 5310 Ἐμὲ
2301 5240 2358 5292 δὲ
2383 5239 2476 5292 τὸν
2507 5241 2840 5311 κατάκριτον
2870 5242 2920 5294 εί
2945 5241 3164 5310 σώσεις,
3197 5247 3419 5300 πάντων
3446 5250 3652 5319 μεῖζον.

2073 5337 2244 5389 Ὅταν
2271 5331 2682 5400 ἁναλογίσωμαι
2716 5331 2826 5385 τῶν
2857 5335 3044 5391 κακῶν
3077 5356 3178 5409 μου
3209 5340 3278 5394 τὰ
3307 5341 3514 5413 πλήθη,

2142 5428 2303 5490 Ποϊος
2322 5424 2526 5495 τρόμος
2553 5423 2765 5494 συνέχει
2794 5443 2862 5496 με
2891 5429 2990 5500 τῆς
3018 5429 3140 5502 ίσης
3167 5435 3477 5506 τιμωρίαςῐ

2071 5521 2274 5578 nonat
2304 5519 2464 5592 μοναὶ
2484 5518 2584 5587 τῆς
2613 5517 2774 5589 δόξης
2802 5535 2918 5589 σου,
2954 5523 3149 5578 πολλαὶ
3191 5529 3286 5580 καὶ⁹
3317 5531 3605 5602 τιμωρίαι,

2127 5615 2323 5681 Τάξεις
2336 5610 2428 5665 καὶ
2445 5608 2642 5681 μέτρα,
2656 5609 2920 5669 Δέσποτα.
2937 5613 3042 5669 Φεῦ
3059 5618 3169 5686 per!
3187 5620 3279 5673 καὶ
3293 5621 3411 5687 πῶς
3424 5622 3453 5674 ὑ
3464 5621 3652 5688 totam;
