3826 6510
212 341 306 404 133
873 343 971 405 DE
1012 343 1277 405 SCRIP'I‘
1286 345 1356 406 IS
1398 345 1698 407 SYMEON
1710 346 1778 405 IS
1817 345 2396 407 METAPHRASTIE
2439 346 2828 408 DIATRIBA.
3327 345 3433 413 13ι

216 450 400 518 Ῥἧξον
429 453 576 522 ἐμοὶ,
607 450 976 524 φιλάνθρωπε,
1006 456 1369 526 χειρόγραφον
1394 456 1759 526 πταισμάτων,

1950 457 2094 521 Dele,
2122 472 2221 526 pro
2249 457 2584 512 humanitate
2631 466 2742 522 tua,
2783 455 3205 528 chirographum
3241 473 3440 531 pecca-

267 543 382 598 Καὶ
415 543 518 616 τῆς
547 545 763 615 μερίδος
791 546 942 612 ἄξιον
963 547 1072 599 τῶν
1103 547 1428 618 σωζομένων
1453 548 1647 612 δεῖξον.

1916 566 2053 605 πιιιιι
2071 564 2336 616 meorum,
2369 557 2423 605 et
2442 550 2496 604 in
2520 551 2802 606 beatorum
2823 565 3105 605 numerum
3136 563 3442 611 accenseto.

209 634 464 701 Σταγόνες
477 634 585 689 τῶν
596 635 844 706 δακρύων
859 653 959 708 μου
976 639 1109 709 πρὸς
1125 639 1226 709 τὴν
1239 637 1339 708 σὴν
1350 639 1408 691 εύ
1418 639 1759 710 σπλαγχνίαν,

1947 640 2056 695 Fac
2105 647 2162 696 ut
2212 641 2570 710 lacrymarum
2622 640 2775 696 rivnli
2815 642 2906 712 qui
2961 641 3055 697 tibi
3102 641 3305 711 linunt,
3347 645 3445 698 ﬂu-

268 725 515 796 Ποταμοῖ
543 726 942 798 γενηθήτωσαν
974 728 1056 792 είς
1095 729 1363 801 κάθαρσιν
1395 730 1581 783 κακῶν
1617 748 1741 801 μου.

1916 733 2018 786 tina
2053 732 2180 786 ﬁant
2209 746 2330 802 quae
2356 745 2454 786 cor
2481 746 2657 786 meum
2697 732 2954 786 mundum
2985 734 3230 788 reddant.

208 816 265 868 ΤΞ
287 817 399 870 τῶν
431 820 717 890 παρόντων
755 819 908 887 ἀξιον
939 821 1075 891 πρὸς
1108 820 1267 884 δόξαν
1293 821 1402 876 τῶν
1438 821 1759 892 μελλόντων;

1946 821 2085 889 Quid
2115 823 2331 877 tandem
2359 823 2411 877 in
2437 823 2597 877 terris
2634 839 2751 878 cum
2787 841 2963 879 rerum
2995 825 3292 882 futurarum
3327 845 3445 882 ma‘

277 904 343 958 Ti
372 907 615 979 Χριστοῦ
647 908 1061 976 ποθεινότερον;
1090 911 1134 963 ὣ
1153 910 1362 982 πλάνης
1390 911 1402 964 l
1444 911 1488 965 ὣ
1515 913 1741 983 μανίκςι

1917 915 2184 969 niiicentia
2213 913 2631 984 comparandum
2662 914 2802 970 erit?
2851 913 2987 982 Quid
3035 916 3252 973 Christo
3295 931 3450 988 opta-

1881 1007 2076 1062 bilius?
2103 1004 2148 1062 0
2170 1006 2449 1062 stultitiam
2485 1006 2665 1060 inania
2689 1007 3042 1061 sec‘tantium!

1953 1097 2053 1153 Fili
2081 1097 2176 1154 Dei
2205 1109 2432 1166 aeterne,
2456 1113 2525 1153 ne
2543 1113 2630 1153 me
2656 1098 2808 1152 sinas
2833 1113 2861 1152 a
2887 1115 3048 1170 grege
3075 1110 3165 1154 tuo
3187 1103 3448 1172 separari,

1881 1189 2267 1260 victimamque
2297 1188 2412 1244 ﬁeri
2453 1189 2880 1259 malignantium.

1950 1280 2121 1336 Parce
2161 1282 2317 1345 mihi,
2348 1280 2596 1348 Domine,
2629 1297 2792 1352 parce
2837 1281 2969 1337 mihi
3002 1281 3054 1336 in
3098 1280 3306 1351 iustitia
3337 1293 3448 1338 tua.

1882 1371 2113 1428 Oculum
2158 1374 2290 1428 mihi
2335 1383 2579 1430 monstra
2624 1372 2973 1445 propitium;‘
3005 1372 3288 1431 dexteram
3322 1373 3454 1429 mihi

1885 1466 2098 1537 porrige
2130 1475 2298 1520 tuam.

1953 1559 2280 1627 Angelorum
2311 1559 2510 1615 chorus
2536 1559 2730 1615 animae
2755 1572 2889 1614 mea!
2917 1573 3234 1614 aerumnosae
3259 1559 3454 1613 subve-

211 1085 302 1137 rte
333 1083 474 1139 Θεοῦ
497 1089 836 1160 προάναρχε,
871 1089 948 1161 μὴ
970 1091 1227 1164 χωρισθῶ
1257 1093 1358 1164 σῆς
1383 1093 1636 1166 ποίμνης,

274 1177 366 1248 Μὴ
396 1179 508 1232 τῶν
531 1180 762 1236 ὀδόντων
784 1183 1030 1254 γένωμαι
1059 1185 1156 1239 τοῦ
1186 1185 1532 1261 ψυχοφθόρου
1557 1188 1778 1259 βρῶσις,

209 1269 395 1323 Φεῖσαί
428 1288 532 1340 μου
560 1271 742 1342 μόνον,
769 1273 1038 1341 Δέσποτα,
1067 1277 1251 1344 φεῖσαί
1275 1296 1376 1347 μου
1401 1281 1496 1331 καὶ
1524 1280 1779 1347 δικάζων,

276 1361 526 1432 Ἦμερον
555 1362 714 1434 ὄμμα
741 1364 914 1430 δεῖξόν
948 1381 1064 1436 μοι.
1090 1367 1264 1439 Χεῖρα
1291 1367 1380 1431 δὸς
1413 1368 1594 1433 δεξιάν
1627 1385 1744 1424 σου.

210 1547 381 1617 Χορὸς
411 1547 682 1616 ἀγγέλων,
718 1547 986 1619 πρόστηθι
1014 1547 1197 1619 ψυχῆς
1227 1548 1588 1622 άθλιωτάτης,

281 1637 394 1690 Καὶ
429 1639 506 1708 μὴ
537 1639 771 1708 ὀφθῆναι
806 1638 1094 1710 θνήσκοντι
1141 1641 1409 1712 πρόσωπα
1433 1641 1503 1694 τὰ
1543 1641 1781 1712 ζοφώδη.

209 1728 369 1798 Ψυχὴ
400 1728 498 1782 τοῦ
531 1730 716 1793 τέλους
753 1730 1025 1800 μέμνησο,
1058 1733 1154 1785 καὶ
1197 1732 1382 1785 πένθει
1416 1731 1780 1804 καθεκάστην.

277 1823 353 1874 Τὸ
385 1821 528 1892 μετὰ
555 1821 710 1886 τέλος
736 1822 931 1886 πένθος
965 1824 1076 1894 γὰρ
1101 1823 1482 1887 πένθοςόὒδὲν
1505 1824 1678 1880 ἀνύει.

207 1913 359 1986 {IS-il
379 1907 455 1986 ’ᾨ
483 1913 569 1985 χοῒ
599 1917 946 1986 συναρμόσας
977 1933 1068 1987 με,
1089 1915 1268 1986 φύσει,
1298 1917 1456 1986 Λόγε,
1486 1916 1781 1988 πιπτούσῃ,

256 2007 536 2075 Μνησθεὶς
547 2007 630 2071 τίς
647 2024 746 2078 μου
760 2007 1079 2074 ὑπόστασις,
1095 2007 1303 2075 σώζων,
1316 2009 1390 2072 ὠς
1403 2004 1574 2076 οἶδας,
1589 2009 1783 2063 σῶσον.

1885 1651 2314 1716 niat,etavertat
2337 1651 2405 1706 ab
2425 1667 2484 1706 ea
2507 1651 2660 1719 signa
2689 1651 2876 1705 feralia
2900 1651 2954 1706 in
2984 1650 3214 1705 articulo
3243 1651 3456 1712 mortis.

1955 1744 2244 1809 Memento,
2293 1745 2499 1808 anima,
2541 1743 2661 1798 linis
2707 1742 2905 1808 ultimi,
2937 1751 2989 1796 et
3039 1743 3220 1811 lugere
3252 1755 3321 1794 ne
3359 1741 3455 1793 de-

1816 1810 1859 1870 B
1889 1836 2037 1903 sine;
2070 1846 2188 1905 post
2223 1836 2381 1890 linem
2408 1838 2548 1889 enim
2580 1833 2755 1888 nullus
2778 1833 2890 1904 jam
2927 1833 3091 1886 luctui
3117 1832 3288 1885 locus.

1959 1925 2159 1998 Fragili
2188 1943 2293 1991 me,
2319 1925 2576 1989 Verbum,
2604 1936 2791 1979 natura
2827 1923 3259 1987 circumdedisti;
3288 1930 3341 1974 tu
3374 1935 3458 1974 me

1886 2019 2042 2091 plane
2055 2019 2270 2085 novisti;
2286 2019 2506 2073 salutem
2523 2033 2652 2089 ergo
2671 2016 3088 2086 mihiimpertire
3102 2015 3458 2069 nedetrectes.

951 2100 1026 2153 B'.

2638 2108 2708 2162 Π.
3343 2100 3368 2129 ⁵

651 2191 896 2260 Ἕτερον
940 2191 1340 2260 Ἀλφὰὄητον.

2404 2200 2567 2253 Aliud
2595 2198 2950 2268 alphabetum.

218 2279 591 2349 Ἀναλογίζου,
617 2285 848 2354 ταπεινὴ
877 2282 1025 2354 ψυχή
1061 2300 1162 2354 μου
1194 2282 1488 2347 παναθλία,

1959 2289 2238 2358 Meditare,
2282 2290 2478 2346 misera
2530 2291 2735 2356 anima,
2774 2289 3026 2343 horrores
3055 2285 3461 2354 extremijudi-

207 2369 368 2440 Βῆμα
394 2374 457 2425 τὸ
487 2374 932 2442 φρικωδέστατον
961 2377 1197 2446 κρίσεως
1215 2375 1317 2445 τῆς
1347 2376 1611 2446 μεγάλης.

1923 2385 1980 2439 ii.
2028 2382 2180 2437 Nuda
2231 2383 2375 2437 enim
2407 2392 2461 2436 et
2504 2383 2652 2436 humi
2682 2381 2935 2450 depressa
2969 2379 3235 2433 rationem
3267 2378 3461 2431 reddes

207 2463 394 2534 Γυμνὴ
445 2463 562 2535 γὰρ
608 2465 826 2535 μέλλεις
879 2465 1130 2520 ἵστασθαι
1176 2465 1274 2520 καὶ
1304 2466 1759 2538 τετραχηλισμένι

1916 2472 2127 2526 ιῐηηὶιιιη
2150 2485 2269 2540 quae
2300 2485 2396 2539 per
2433 2470 2596 2522 vitam
2645 2467 2989 2531 fecistigsive
3023 2467 3162 2520 bona
3197 2474 3325 2526 sunt,
3350 2464 3464 2516 sive

210 2557 420 2610 Διδόναι
451 2557 610 2626 λόγον
639 2558 778 2630 ὑπὲρ
804 2552 878 2614 ὧν
907 2559 1226 2629 ἐπράξαμεν
1256 2562 1313 2612 ἐν
1347 2560 1468 2630 βίῳ,

1916 2562 2054 2625 nala,
2103 2561 2218 2617 sive
2259 2561 2431 2631 iusta,
2467 2560 2582 2614 sive
2629 2557 2850 2628 injusta.
2885 2557 3038 2624 Quod
3071 2556 3116 2609 si
3154 2554 3465 2608 misericors

210 2650 320 2702 Εἶτ’
347 2650 597 2719 ἀγαθῶν,
630 2652 741 2704 εἴτε
764 2650 974 2713 κακῶν,
1003 2651 1206 2705 ἀδίκων
1228 2651 1260 2724 ἢ
1285 2653 1532 2706 δικαίων.

1916 2655 2079 2720 ueris,
2111 2653 2545 2708 misericordiam
2573 2661 2627 2706 et
2654 2661 2708 2704 tu
2737 2649 3095 2714 nancisceris,
3127 2646 3465 2713 salutemque

209 2742 325 2794 Ζῶν
353 2742 456 2810 μὲν
481 2738 597 2808 οὖν,
624 2741 693 2797 ἂν
724 2742 965 2812 ἠλέησάς
994 2759 1116 2796 τινα
1137 2741 1440 2817 ἐλεηθήσῃ,

1916 2745 2131 2800 nvenies
2152 2747 2194 2800 si
2231 2745 2367 2798 alios
2402 2743 2585 2799 salvos
2616 2741 2917 2797 reddidisti.
2946 2738 3100 2792 Nulla
3135 2738 3274 2806 apud
3293 2737 3462 2791 Deum

212 2832 281 2882 Ἦ
319 2829 382 2896 ἐξ
417 2832 670 2900 ἀνάγκης
696 2832 930 2897 ἰσωσας,
965 2834 1232 2897 ὡσαύτως
1262 2835 1357 2888 καὶ
1385 2835 1631 2910 σωθήσῃ.

1916 2850 2241 2892 μοι-εοιιονιιιῐι
2293 2835 2571 2904 acceptio,
2624 2842 2674 2888 et
2733 2831 3100 2887 remuneratio
3153 2829 3268 2899 ejus
3315 2827 3462 2897 justa

209 2923 341 2986 Θεὸς
373 2923 890 2996 ἀπροσωπόληπτος
909 2941 925 2958 ο
953 2925 1213 2992 τάντάεια
1244 2927 1354 2995 γὰρ
1382 2927 1558 2998 νέμει.

1918 2941 2120 2996 emper.
2150 2925 2207 2980 Si
2250 2925 2414 2996 igitur
2453 2927 2656 2980 nudum
2704 2925 2933 2992 vestisti,
2967 2933 3058 2977 aut
3087 2923 3338 2993 pauperis
3363 2925 3465 2976 mi-

223 3014 432 3068 ’ἰδοῦσα
463 3015 530 3068 ἂν
561 3016 872 3080 έσκέπασάς
893 3034 1016 3071 τινα
1047 3016 1252 3088 γυμνὸν
1277 3019 1334 3072 ὲν
1364 3017 1484 3088 βίῳ,

1916 3031 2064 3076 ertus
2097 3035 2179 3083 es,
2222 3029 2313 3074 aut
2353 3028 2699 3090 aegrotantem
2719 3017 2945 3073 visitasti
2997 3017 3277 3072 satiastive
3324 3015 3466 3070 fame

208 3107 315 3158 Καὶ
347 3106 692 3176 πενομένους
721 3105 1012 3179 ᾧκτειρας,
1039 3110 1332 3172 νοσοῦντας
1365 3111 1410 3162 δ’
1436 3109 1747 3181 ἐπεσκέψω,

1916 3112 1976 3166 'el
2002 3112 2091 3166 siti
2115 3111 2552 3178 laborantem;si
2590 3110 2822 3179 denique
2861 3107 3198 3164 errabundus
3233 3105 3467 3176 hospitio

207 3197 596 3268 Λιμώττοντας
620 3200 666 3253 δ’
690 3201 1019 3272 ἐνέπλησας,
1052 3204 1316 3271 ἐκόρεσας
1346 3202 1638 3273 διψῶντας,

1916 3202 2174 3274 :xcepisti,
2207 3205 2368 3268 scias,
2393 3202 2680 3257 Dominum
2713 3199 2768 3255 id
2802 3199 3096 3254 multil’arie
3129 3198 3464 3252 redditurum

1893 3309 2034 3349 esse.
2061 3295 2303 3362 Quorum
2333 3294 2467 3348 nihil
2498 3293 2594 3348 tibi
2623 3290 2904 3359 continget
2933 3292 2978 3346 si
3017 3305 3312 3360 egenorum
3338 3304 3465 3358 pre-

1888 3401 1978 3442 ces
2007 3396 2324 3457 aspernatus
2355 3400 2436 3449 es,
2470 3385 2514 3439 si
2538 3383 2666 3438 fami
2690 3399 2753 3438 ac
2795 3383 2880 3438 siti
2919 3382 3106 3436 alienae
3137 3396 3244 3434 nor.
3267 3381 3466 3433 subve—

1890 3479 2018 3532 nisti
2059 3481 2295 3532 nndosve
2342 3477 2539 3532 fratres
2588 3476 2788 3532 vestire
2842 3474 3124 3528 recusasti.
3170 3472 3302 3526 Nam
3341 3487 3464 3526 cum

1889 3587 2074 3640 posses
2110 3572 2431 3626 miserorum
2454 3569 2686 3624 allevare
2708 3567 3085 3632 infortunium,
3116 3565 3267 3620 deses
3306 3578 3466 3618 man-

1891 3665 2030 3721 sisti.

208 3295 395 3366 Μονήν
421 3311 487 3346 τε
520 3293 947 3364 παρεσκεύασας
970 3296 1221 3363 ἀστέγοις
1255 3295 1347 3348 καὶ
1389 3295 1714 3364 πλανήταις,

208 3388 386 3456 ΝεμΞῖ
412 3402 498 3440 σοι
529 3386 895 3464 πολυπλάσιον
922 3388 1018 3440 καὶ
1047 3389 1075 3440 ὁ
1100 3385 1297 3459 κριτὴς
1324 3386 1424 3458 τὴν
1447 3389 1626 3459 χάριν.

209 3477 376 3548 Ξένην
411 3477 678 3541 ὡσαύτως
714 3477 760 3531 δ’
792 3477 1016 3546 ἀγαθῶν
1037 3478 1313 3532 παντοίων
1348 3495 1406 3530 σε
1437 3479 1676 3549 ποιήσει,

210 3572 390 3635 ὀλως
413 3570 483 3625 ἂν
508 3571 610 3624 οὐκ
641 3569 882 3641 ὴλέησάς
907 3587 1027 3623 τινα
1057 3571 1167 3623 τῶν
1197 3569 1487 3638 δεομένων.

212 3664 434 3734 Πτωχὸν
462 3661 532 3716 ἀν
561 3663 662 3715 οὐκ
688 3661 1016 3731 ἐνέπλησας,
1043 3661 1316 3716 πεινῶντα
1345 3661 1440 3714 καὶ
1478 3659 1738 3731 διψῶντα.

226 3753 490 3807 ἰνέυστοῦ
520 3752 589 3806 ἂν
623 3753 726 3806 οὐκ
747 3751 1036 3822 ὴμφίασας
1077 3755 1142 3806 ὲκ
1185 3751 1419 3806 πλούτου
1461 3752 1789 3824 άναμφίους.

209 3846 415 3910 Σώζειν
451 3845 711 3915 Ισχύουσά
739 3861 860 3898 τινα
886 3844 988 3898 οὐκ
1017 3844 1230 3908 ἔσωσας
1265 3843 1532 3915 ἀνάγκης.

211 3941 336 4003 Τοῖς
365 3940 446 4005 δὲ,
468 3938 638 4010 ψυχὴ,
664 3938 1012 4011 προσέχουσα
1050 3939 1146 3994 καὶ
1166 3938 1551 4010 διανοουμένη,

224 4032 557 4100 ’Υπάνοιξον
580 4032 652 4087 τὰ
680 4033 966 4103 σπλάγχνα
989 4048 1082 4085 σου
1113 4034 1226 4096 τοῖς
1259 4031 1650 4102 ὲπιδεομένοις.

211 4127 554 4199 Φθειρὸμενα
577 4127 848 4198 διάνειμε,
875 4126 1106 4196 μένοντα
1129 4125 1278 4187 ὅπως
1307 4125 1508 4196 κτήσῃ.

213 4221 436 4290 Χρῆσον
473 4220 698 4289 ἀγάπην
725 4217 976 4287 καθαρὰν
1000 4217 1138 4288 πρὸς
1163 4215 1255 4272 τὸν
1284 4215 1420 4270 Θεὸν
1462 4215 1556 4269 καὶ
1583 4214 1792 4281 πίστιν,

213 4311 398 4382 Ψυχὴ,
425 4310 524 4364 καὶ
549 4309 642 4362 τὸν
675 4308 906 4378 πλησίον
936 4325 1032 4361 σου
1067 4306 1144 4371 ὡς
1178 4305 1378 4378 ἑαυτὴν
1404 4306 1615 4375 ἀγάπα,

223 4403 311 4465 Ὠς
339 4403 408 4455 ἂν
435 4398 804 4470 ἀξιωθείημεν
832 4400 930 4470 τῆς
957 4400 1069 4453 ἀνω
1103 4397 1400 4469 βασιλείας.

971 4493 1046 4545 Γ’.

2642 4478 2735 4534 III.

2359 4572 2426 4632 In
2453 4574 2725 4644 propriam
2758 4569 3010 4624 animum.

1966 4671 2340 4734 Gemebunda,
2369 4667 2571 4730 anima,
2595 4674 2648 4718 et
2682 4659 2938 4730 lacrymis
2973 4651 3317 4710 manantibus
3343 4665 3474 4722 pec-

1899 4782 2144 4828 calorum
2171 4763 2488 4824 memoriam
2514 4758 2654 4826 dele,
2695 4764 2751 4813 et
2793 4768 2921 4810 cura
2950 4765 3019 4806 ne
3050 4763 3333 4814 novorum,
3363 4745 3475 4800 Deo

1899 4866 2071 4930 irato,
2097 4858 2393 4916 accuseris.

1971 4954 2247 5016 Christus,
2273 4950 2376 5004 hoc
2415 4943 2634 5015 quidem
2664 4946 2899 5004 constat,
2930 4934 3236 4991 misericors
3261 4941 3372 4997 est;
3414 4937 3474 4984 at

1899 5049 1946 5103 si
1976 5047 2116 5102 forte
2157 5045 2323 5097 vitam
2362 5051 2509 5094 tuam
2559 5047 2870 5107 perversam
2908 5045 2971 5084 ac
3010 5026 3260 5083 sordibus
3303 5022 3470 5077 mala-

1907 5153 2028 5191 rum
2055 5135 2327 5190 actionum
2347 5129 2684 5198 inquinatam
2703 5124 3022 5191 abrumpere
3040 5115 3289 5182 veluerit,
3308 5115 3471 5169 eheu!

1900 5231 2027 5300 quid
2079 5224 2283 5280 facies?
2325 5223 2414 5291 qui
2460 5219 2686 5276 calicem
2707 5207 3284 5282 amarumiaibomino
3323 5205 3475 5260 irato

1901 5320 2242 5392 propinatum
2275 5313 2468 5371 bibes?

1961 3823 2230 3893 Agedum,
2273 3819 2477 3881 anima.
2525 3817 2719 3873 horum
2765 3813 3006 3870 omnium
3043 3824 3270 3876 memor,
3316 3808 3466 3879 aperi

1885 3915 2280 3974 misericordiae
2318 3915 2608 3971 thesauros
2627 3919 2682 3968 et
2719 3911 2785 3965 da
2822 3907 3129 3980 egentibus.
3161 3904 3272 3960 Res
3293 3902 3469 3957 ﬂuxas

1892 4010 2194 4065 amittendo
2224 4021 2507 4062 mansuras
2531 4002 2861 4076 possidebis.

1963 4181 2296 4238 Charitatem
2325 4183 2381 4232 et
2404 4175 2564 4230 ﬁdem
2590 4173 2856 4243 integram
2887 4170 2996 4224 Deo
3017 4166 3236 4230 exhibe,
3260 4163 3468 4224 anima,

1891 4284 1945 4332 et
1967 4275 2272 4345 proximum
2304 4277 2453 4324 tuum
2497 4267 2664 4337 dilige
2707 4264 2854 4320 sient
2883 4270 2938 4317 te
2979 4261 3172 4331 ipsam.
3208 4256 3300 4313 Sic
3323 4254 3472 4310 enim

1894 4377 2062 4434 regno
2086 4359 2297 4418 cmlesti
2319 4357 2465 4428 digni
2485 4355 2872 4425 judicabimur.

658 4587 754 4650 Εἰς
795 4583 909 4651 τὴν
939 4583 1098 4637 ἰδίαν
1124 4585 1358 4652 ψυχήν.

216 4679 400 4749 Ψυχὴ,
437 4676 688 4740 στέναζε,
721 4675 814 4726 καὶ
853 4675 1186 4743 σταλαγμοῖς
1211 4672 1464 4744 δακρύων

217 4770 501 4824 Σπούδασε
538 4767 647 4821 τῶν
680 4767 790 4820 σῶν
818 4766 1120 4834 ἐξαλείφειν
1148 4766 1508 4835 πταισμάτων

216 4865 287 4916 Τὸ
311 4864 709 4934 γραμματεῖον
730 4876 744 4892 ·
777 4859 914 4913 ἀλλὰ
947 4861 1022 4929 μὴ
1056 4860 1221 4912 πάλιν
1250 4859 1378 4921 νέας

218 4956 463 5025 Γράφειν
493 4952 742 5023 ὀφειλάς,
774 4952 868 5004 καὶ
903 4949 1261 5021 παροργίζειν
1300 4948 1442 5002 θέλε.

229 5051 286 5101 Ὀ
309 5048 574 5120 Χριστὸς,
608 5043 747 5111 οῖδα,
781 5045 1048 5116 χρηστός⁶
1081 5043 1194 5096 ἀλλ’
1221 5043 1380 5115 εἰπερ
1411 5041 1611 5112 φθάσει

219 5143 292 5194 Τὸ
319 5141 508 5195 κοινὸν
534 5139 783 5210 ἁρπάσαι
811 5153 872 5189 σε
897 5135 996 5189 τοῦ
1023 5134 1139 5206 βίου
1169 5134 1325 5200 τέλος

219 5235 380 5287 ὓῦτω
405 5232 636 5303 ρυπῶδη
668 5231 764 5285 καὶ
795 5229 1304 5302 βεϐορόορωμένην,

219 5327 286 5379 Ol'
318 5327 442 5395 μοιί
467 5324 520 5378 τί
548 5324 809 5395 δράσεις;
841 5323 960 5387 πῶς
987 5325 1086 5394 πιῇ
1115 5320 1379 5392 ποτηρίου

220 5419 290 5471 Τὸ
330 5417 558 5488 πικρὸν,
586 5416 618 5469 δ
648 5416 863 5486 κίρνυσι
904 5413 1073 5485 θυμὸς
1099 5413 1338 5485 κυρίους

881 5505 1031 5580 [ισδ]
1053 5505 1128 5563 .v.

2313 5571 2316 5575 Δ
2661 5485 2752 5541 ιν.
3181 5567 3194 5582 ο

2076 5586 2141 5641 In
2173 5586 2442 5639 dominum
2477 5579 2772 5651 Stylianum
2795 5576 3303 5644 protosecretarium.

1976 5677 2158 5733 Amici
2208 5677 2558 5747 ejusdemque
2608 5663 3013 5724 familiarissimi
3071 5667 3298 5716 mortem
3341 5652 3466 5724 quis

1903 5770 2059 5826 facile
2084 5768 2302 5825 tulerit?
2327 5767 2415 5823 Sic
2445 5777 2618 5834 equus
2657 5762 2722 5816 ab
2747 5772 2886 5829 equo
2910 5756 3210 5827 [separatus
3237 5747 3471 5815 mordet,

256 5607 366 5670 Εις
391 5602 504 5657 τὸν
530 5601 707 5671 κῦριν
728 5598 1065 5654 Στυλιανὸν
1085 5597 1192 5652 τὸν
1216 5592 1738 5664 πρωτασηκρῆτιν.

218 5694 379 5749 Φίλου
408 5691 670 5756 θανόντος
698 5689 817 5755 πῶς
838 5705 924 5752 τις
947 5686 1086 5741 οῐσει
1114 5685 1306 5758 ῥᾳδίως
1329 5701 1346 5750 ;

220 5789 380 5843 Φίλου
405 5785 665 5872 θανόντος
698 5785 793 5839 καὶ
823 5779 1271 5854 συνῳκιιωμένου
1296 5796 1311 5846 ;
