3826 6460
313 299 417 364 135

1615 280 1892 344 LEONIS
1924 277 2235 340 ALLATII

3448 264 3554 331 136

311 426 365 467 et
413 417 507 466 hos
558 407 707 463 bovis
754 404 1009 461 societate
1065 401 1306 471 privatus
1363 398 1632 471 lacrymas
1692 398 1917 458 tundit“

2034 401 2191 458 Ιππος
2225 391 2444 456 διαστὰς
2473 389 2727 444 δάκνεται
2757 386 2850 441 τοῦ
2889 387 3174 458 συννόμου,

387 518 651 588 Equidem
695 516 871 568 amico
907 524 1079 581 eoque
1115 508 1455 564 nobilissimo
1482 506 1736 563 defuncto
1757 507 1888 578 quid

316 633 556 688 iaciam?
595 628 874 699 Lacrymis
909 624 1149 697 profecto
1187 621 1376 679 oﬂusis
1415 623 1530 678 haec
1573 623 1638 676 ad
1672 630 1745 688 te,
1775 621 1891 694 Sy-

314 745 477 805 liaue,
525 741 724 805 scribo,
769 738 833 792 ad
875 747 927 792 te
974 737 1065 805 qui
1118 734 1249 789 mihi
1292 748 1352 788 es
1409 733 1563 788 dulce
1612 733 1794 798 decus,
1834 732 1887 786 in

315 851 572 907 aerumnis
613 847 939 912 consolator,
979 845 1035 900 in
1070 859 1251 898 rerum
1298 843 1625 898 adversitate
1650 842 1880 897 auxilia-

315 965 429 1028 ris;
474 962 565 1028 qui
610 974 851 1015 mearum
893 958 946 1012 in
995 965 1044 1011 te
1080 964 1286 1025 partem
1336 969 1587 1008 curarum
1636 952 1891 1022 suscipis,

316 1076 574 1148 philtrum
624 1071 715 1142 qui
759 1085 820 1125 es
865 1067 1105 1124 omnium
1150 1065 1386 1131 dierum,
1430 1065 1620 1120 insons
1643 1079 1770 1135 erga
1809 1062 1895 1118 in-

320 1192 567 1245 sontem,
605 1196 727 1235 cum
769 1179 1018 1233 libertate
1039 1175 1203 1232 verba
1229 1173 1456 1239 faciens,
1496 1172 1663 1226 animi
1693 1188 1895 1242 nequa-

325 1307 488 1362 quam
515 1289 788 1358 ambigui;
823 1287 915 1356 qui
954 1301 1040 1341 me
1074 1299 1459 1353 nonnunquam
1500 1282 1896 1350 pusillanimem

332 1398 520 1467 erigis,
551 1397 640 1465 qui
679 1408 892 1463 semper
933 1393 987 1447 in
1018 1407 1195 1448 rerum
1220 1391 1532 1446 discrimine
1564 1399 1758 1460 praesto
1787 1404 1846 1445 es
1880 1407 1896 1444 :

325 1513 392 1565 ad
437 1522 512 1575 te,
555 1509 705 1564 chari
732 1506 928 1577 capitis
953 1506 1221 1562 desiderio
1259 1505 1596 1571 vulneratus,
1638 1519 1896 1569 accurro,

327 1624 418 1694 qui
447 1624 662 1679 unicum
690 1621 929 1678 solamen
953 1621 1006 1678 in
1032 1619 1320 1693 gemitibus
1346 1630 1400 1676 et
1421 1617 1679 1691 lacrymis
1702 1618 1895 1674 habeo.

395 2118 795 2175 Commentaria
848 2117 902 2171 in
960 2117 1158 2172 Lucam
1219 2117 1505 2187 scripsisse
1572 2119 1910 2190 Metaphras-

330 2219 461 2275 tem,
516 2225 626 2263 non
697 2222 860 2263 nemo
925 2209 1156 2278 probare
1231 2210 1516 2264 conabitur
1590 2213 1906 2267 testimonio

331 2301 682 2372 Theophanis
753 2298 998 2354 Ceramei
1059 2297 1289 2354 Homilia
1353 2301 1406 2354 in
1480 2301 1727 2369 quintum
1794 2306 1910 2358 Ma-

333 2395 571 2447 tutinum
631 2392 1052 2462 Evangelicum;
1115 2391 1195 2445 sic
1255 2391 1400 2444 enim
1469 2391 1556 2446 ille
1615 2394 1781 2447 :Kail
1835 2393 1910 2455 ὡς

333 2487 400 2539 ἂν
461 2486 537 2556 μὴ
587 2485 686 2538 καὶ
752 2484 1218 2556 ἡμεῖς’δόξωμεν
1279 2485 1576 2538 ἀπεοικότα
1645 2486 1908 2557 μαντεύε-

337 2572 482 2638 σθαι,
534 2573 825 2642 ἀξιόχρεων
866 2571 1097 2626 ἐνταῦθα
1144 2573 1480 2642 παράγωμεν
1523 2575 1775 2644 μάρτυρα
1817 2575 1919 2626 Συ-

338 2663 577 2736 μεώνην,
629 2664 728 2736 τὸν]
761 2665 860 2728 τὰς
905 2665 1278 2736 μεταφράσεις
1347 2663 1405 2720 εὖ
1455 2665 1599 2734 μάλα
1657 2665 1917 2734 συνθέμε-

335 2773 424 2808 νον
451 2771 464 2786 ’
495 2755 713 2827 ἀποχρὴ
743 2750 836 2809 οὖν
856 2755 934 2826 τῷ
963 2758 1042 2818 είς
1068 2756 1158 2808 τὸν
1222 2757 1364 2826 ἱερὸν
1395 2758 1608 2810 Λουκᾶν
1670 2757 1919 2828 ὑπομνήο

338 2867 469 2918 ματι
516 2849 672 2902 τοῦτο
713 2848 1055 2918 ποιούμενος.
1117 2851 1192 2903 Ac
1247 2867 1307 2904 ne
1338 2867 1429 2904 nos
1467 2852 1628 2904 etiam
1657 2853 1768 2903 sine
1799 2866 1920 2919 pro-

335 2941 495 2997 babili
536 2959 698 2996 causa
746 2943 982 2997 divinare
1029 2942 1158 2998 velle
1201 2945 1490 3008 rideamur,
1543 2944 1647 3013 fide
1703 2946 1918 3016 dignum

337 3041 516 3087 testem
552 3036 622 3088 ad
673 3035 809 3087 hanc
849 3052 956 3087 rem
1005 3038 1340 3105 producimus
1388 3035 1695 3106 Symeonem
1746 3038 1918 3101 illum,

338 3129 427 3196 qui
456 3127 826 3196 Metaplirases
855 3130 1112 3196 pra'clare
1143 3131 1428 3199 composuit
1458 3145 1474 3182 :
1515 3133 1646 3184 satis
1675 3132 1834 3200 igitur
1854 3132 1921 3184 sit

337 3218 440 3282 hic,
467 3220 557 3289 qui
587 3221 643 3272 in
672 3229 916 3272 sanctum
968 3219 1164 3274 Lucam
1195 3221 1583 3276 Commentario
1617 3224 1690 3275 ita
1742 3223 1924 3275 existi-

338 3315 524 3368 mavit.
544 3313 647 3380 Qui
678 3312 729 3366 id
758 3311 1050 3366 allirmaret
1069 3312 1329 3382 deceptus
1360 3313 1474 3382 ipse
1501 3313 1733 3383 primum
1758 3326 1925 3382 pravo

340 3407 627 3461 verborum
686 3405 985 3470 intellectu,
1040 3405 1173 3460 alios
1213 3419 1423 3476 postea,
1463 3407 1506 3460 si
1541 3407 1639 3477 ipsi
1676 3406 1924 3471 ﬁderent,

341 3497 642 3567 deciperet.
681 3499 881 3552 Verum
905 3499 1175 3568 siquidem
1229 3507 1331 3564 est,
1363 3499 1818 3568 quemadmodum
1869 3497 1926 3552 in

341 3587 662 3660 Prophetas,
691 3600 1018 3661 sanctosque
1049 3591 1186 3646 alios
1226 3593 1428 3646 veteris
1480 3590 1813 3644 Testamenti
1837 3589 1923 3642 γι.

342 3698 451 3748 ros,
481 3699 697 3738 necnon
719 3682 876 3748 Novi,
912 3699 1145 3753 quorum
1193 3685 1246 3738 in
1275 3684 1446 3738 sacris
1481 3682 1698 3738 Litteris
1723 3682 1928 3736 mentio

343 3783 542 3838 exstat,
562 3773 1003 3831 Commentarios
1030 3776 1271 3845 scripsit.
1314 3776 1387 3830 ita
1407 3785 1462 3830 et
1492 3776 1542 3828 in
1562 3774 1762 3829 Lucam
1793 3774 1930 3830 scri-

343 3863 538 3932 psisse,
562 3865 684 3932 quis
711 3864 763 3918 id
794 3866 1051 3934 negabit?
1080 3865 1224 3936 Ergo
1247 3875 1302 3920 et
1320 3866 1378 3920 in
1401 3865 1749 3936 Evangelium
1767 3864 1930 3920 Lucae

345 3953 876 4022 lnterpretationent.
944 3956 1023 4010 Ne
1084 3957 1308 4010 minima
1364 3955 1582 4024 quidem
1640 3969 1708 4010 ex
1755 3963 1928 4025 parte.

345 4044 695 4107 Sanctorum,
721 4061 954 4115 quorum
993 4045 1138 4102 Vitas
1168 4047 1472 4117 composuit
1512 4046 1926 4117 Hetapbrastes,

345 4152 516 4206 genus
543 4137 743 4206 duplex
769 4139 992 4192 invenio
1019 4156 1034 4192 :
1066 4139 1300 4194 alterum
1333 4141 1490 4210 cujus
1533 4141 1590 4194 in
1650 4140 1930 4209 Scriptura

347 4229 613 4286 memoria
643 4229 824 4299 aliqua
859 4240 1076 4296 exstat;
1111 4232 1365 4294 alterum,
1397 4232 1554 4301 cujus
1584 4231 1932 4300 nulla.Cujus

347 4322 496 4376 nulla
527 4331 634 4385 est,
685 4322 821 4392 ipse,
849 4338 970 4392 quae
997 4338 1067 4378 ex
1098 4324 1330 4378 aliorum
1368 4325 1590 4394 scriptis
1642 4324 1927 4390 habuerat,

1995 489 2106 544 Καὶ
2129 486 2257 558 βοῦς
2287 483 2570 555 στερηθεὶς
2592 479 2684 535 τοῦ
2717 478 2982 550 συνήθους
3007 477 3252 548 δακρύει.

2006 579 2149 650 Ἐγὼ
2177 579 2230 632 τί
2261 577 2447 648 δράσω
2485 573 2783 643 ζημιωθεὶς
2815 573 2908 626 τὸν
2938 571 3129 640 φίλον;

1991 673 2167 726 Φίλων
2207 669 2270 723 τὸ
2305 665 2694 735 καλλώπισμα,
2720 665 2820 734 τὴν
2854 664 3151 733 κορωνίδας

1996 763 2087 825 Σὲ,
2118 759 2398 823 Στυλιανὲ,
2427 757 2601 810 ταῦτα
2629 754 2882 826 δακρύων
2907 755 3128 824 γράφω,

1995 852 2367 924 Πρόσφθεγμα
2391 850 2645 920 τερπνὸν,
2676 849 2784 901 τῶν
2808 847 2958 920 ἐμῶν
2999 848 3176 901 πόνων
3197 846 3374 916 λύσις,

1994 946 2198 1000 Κόπων
2225 943 2404 1014 βοηθὲ,
2440 939 2793 1011 συμμεριστά
2821 939 3144 1010 φροντίδων,

1997 1035 2239 1090 Κοινωνδ
2279 1035 2517 1099 πάντων,
2550 1037 2645 1087 καὶ
2679 1033 2859 1087 πλέων
2883 1033 2992 1086 τῶν
3014 1031 3296 1102 χειρόνων,

1997 1131 2225 1200 Φίλτρον
2261 1128 2477 1198 βέϐαιον
2499 1128 2562 1180 ού
2595 1127 2730 1197 πρὸς
2757 1126 2968 1196 ἡμέραν
3000 1125 3218 1196 βλέπον,

1999 1221 2226 1289 Φίλτρον
2249 1220 2516 1288 φυλάξας,
2557 1217 2799 1287 οὐδαμοῦ
2835 1218 3002 1289 φέρον
3035 1217 3224 1288 ψόγον,

2013 1313 2330 1383 Ἐλεύθερον
2355 1313 2634 1383 φρόνημα,
2675 1311 2900 1380 διπλόης
2928 1308 3097 1377 ξένον,

2013 1407 2191 1476 Ἐμῆς
2212 1407 2593 1476 παρηγόρημα
2622 1404 3014 1475 μικροψυχίας,

2009 1498 2077 1552 Ὀ
2105 1498 2200 1550 καὶ
2227 1498 2387 1550 πλέον
2422 1514 2511 1567 μοι
2540 1496 2812 1559 συνδεθεὶς
2840 1497 3061 1568 δεσμοῖς
3094 1495 3285 1562 πόθου,

2007 1589 2242 1652 ’Λλυτος
2272 1585 2435 1658 ἦλθες
2463 1589 2602 1661 πρὸς
2625 1589 2794 1652 πνοὰς
2825 1589 2924 1652 τὰς
2960 1589 3218 1658 ἐσχάτας.

2013 1682 2124 1734 Καὶ
2155 1681 2249 1734 νῦν
2283 1679 2397 1748 ἐγώ
2433 1697 2528 1733 σου
2562 1681 2640 1750 τῷ
2665 1681 2817 1752 πόθῳ
2851 1682 3218 1752 τετρωμένος,

1945 1754 1985 1808 Β
2018 1774 2129 1828 Kal.
2162 1773 2331 1844 μηδὲν
2361 1772 2537 1841 εὑρὼν
2567 1775 2647 1836 είς
2678 1773 2959 1844 ἀναψυχὴν
2989 1773 3172 1839 πλέον,

2011 1867 2214 1929 Μόνοις
2243 1869 2570 1936 στεναγμοῖς
2602 1869 2696 1919 καὶ
2727 1867 3063 1935 σταλαγμοῖς
3094 1865 3370 1938 δακρύων,

2011 1957 2186 2028 Ψύχω
2213 1958 2275 2012 τὺ
2302 1958 2543 2029 πνεῦμα,
2577 1959 2877 2030 σπένδομαι
2906 1960 3004 2030 τὴν
3035 1960 3282 2032 καρδίαν.

2008 2122 2338 2176 Matt/(amni.
2389 2121 2720 2190 ’Υπόμνημα
2776 2122 2853 2183 είς
2887 2120 2977 2173 τὸν
3010 2121 3304 2189 Προφήτην
3351 2119 3584 2172 Ἀὄδιούο

2009 2211 2424 2268 Commentarius
2476 2214 2529 2264 in
2589 2211 2812 2264 Abdiam
2863 2210 3200 2278 Prop/ictam.
3255 2208 3592 2278 ’Υπόμνημα

2010 2307 2088 2366 είς
2148 2305 2237 2356 τὸν
2299 2304 2452 2371 ἆγιον
2482 2303 2776 2356 ἀπόστολον
2815 2302 3101 2359 Φίλιππον.
3171 2300 3593 2356 Commentarius

2009 2396 2061 2448 in
2089 2405 2328 2448 sanctum
2358 2393 2654 2463 apostolum
2689 2393 3015 2461 Philippum.
3035 2390 3366 2460 ’Υπόμνημα
3395 2394 3472 2452 εἰς
3499 2390 3594 2443 τὸν

2016 2483 2170 2550 ἆγιον
2233 2483 2534 2536 ἀπόστολον
2571 2482 2849 2552 Ἂνδρέαν.
2905 2481 3328 2536 Commentarius
3381 2481 3437 2535 in
3469 2499 3593 2534 sau-

2016 2584 2159 2625 ctum
2207 2571 2498 2640 apostolum
2525 2572 2806 2627 Andream.
2862 2571 3190 2641 Ὑπόμνημα
3212 2572 3288 2635 είς
3315 2571 3404 2626 τὸν
3438 2573 3596 2638 ἅγιον

2015 2665 2274 2718 Ἰάκωϐον
2326 2664 2416 2717 τὸν
2452 2665 2770 2718 ἀπόστολον.
2825 2663 3244 2718 Commentarius
3272 2666 3326 2716 in
3353 2680 3596 2718 sanctum

2017 2757 2275 2811 Iacobum
2305 2758 2621 2827 apostolum.
2657 2757 2988 2828 Ὑπόμνημα
3041 2760 3120 2820 εἰς
3145 2757 3234 2812 τὸν
3269 2757 3424 2826 ἅγιον
3456 2759 3596 2810 ἀπό-

2023 2851 2205 2904 στολον
2232 2849 2324 2903 τοῦ
2374 2850 2609 2920 Χριστοῦ
2642 2850 2868 2920 Θωμᾶν.
2909 2848 3326 2904 Commentarius
3377 2852 3434 2904 in
3466 2868 3599 2904 san-

2026 2954 2167 2996 ctum
2196 2942 2493 3010 apostolth
2551 2941 2745 2996 Christi
2779 2942 3045 2996 Thomam.
3089 2941 3322 3011 Parique
3363 2941 3598 3004 ratione,

2040 3037 2368 3105 ’Υπόμνημα
2386 3036 2463 3097 είς
2479 3035 2570 3086 τὸν
2590 3034 2742 3101 ἅγιον
2767 3034 3174 3104 Εὐαγγελιστὴν
3186 3035 3419 3088 Λουκᾶν.
3445 3031 3604 3088 Com-

2029 3129 2312 3180 mentarius
2346 3129 2399 3178 in
2429 3140 2669 3180 sanctum
2696 3125 3088 3196 Erangelistam
3117 3126 3338 3189 Lucam,
3363 3137 3418 3180 et
3457 3127 3601 3180 inci-

2028 3217 2133 3285 pit:
2171 3216 2230 3266 lii
2261 3217 2352 3267 καὶ
2376 3215 2580 3268 δικαίου
2617 3217 2804 3285 μνήμη
2839 3217 2955 3284 μετ’
2987 3215 3278 3284 ἐγκωμίων
3307 3216 3602 3278 τελεῖσθαι,

2026 3310 2168 3377 quod
2203 3306 2311 3360 Leo
2341 3307 2731 3376 Centuripinus
2751 3308 3062 3377 expressius
3083 3307 3242 3370 dixit,
3267 3307 3321 3361 in
3349 3315 3603 3362 sanctum

2027 3400 2288 3454 Jacobtttn
2347 3399 2653 3468 apostolum
2715 3399 2964 3454 Zebedaci
3017 3393 3210 3464 lilium,
3261 3399 3418 3468 λόγον
3478 3402 3604 3454 καθ’

2028 3490 2334 3560 ὑπόμνημα
2377 3491 2435 3542 ὲν
2490 3490 2619 3542 εῖδει
2675 3490 3056 3560 πανηγυρικῷ.
3111 3489 3294 3546 Oratio
3333 3508 3450 3560 qua:
3494 3493 3607 3546 vice

2028 3583 2403 3639 Commentarii
2473 3601 2582 3638 esse
2653 3585 2839 3652 poterit
2905 3585 2962 3638 in
3019 3601 3205 3657 genere
3268 3589 3606 3642 demonstra-

2029 3680 2152 3734 tivo.

2099 3771 2375 3826 Antonius
2405 3768 2696 3826 Verderius
2728 3769 2782 3823 in
2816 3769 3212 3840 Supplemento
3252 3768 3608 3824 Bibliotheca:

2031 3864 2384 3920 Gesneriane
2435 3863 2490 3917 in
2540 3862 2800 3933 Catalogo
2849 3861 3093 3919 exhibito
3149 3877 3180 3916 a
3236 3861 3608 3918 Grammatico

2031 3966 2302 4020 recenset,
2349 3954 2623 4026 Symeonis
2656 3954 3030 4022 Metaphrasm
3056 3952 3357 4022 Dioptram.
3395 3951 3471 4008 De
3496 3969 3608 4024 qua

2030 4047 2168 4102 nihil
2211 4047 2325 4117 ipse
2361 4047 2556 4101 habeo.
2588 4044 2772 4101 Potuit
2819 4046 2987 4111 illam,
3035 4048 3492 4118 quemadmodum
3550 4058 3610 4104 et

2031 4139 2136 4193 alia
2159 4138 2401 4192 scribere
2423 4136 2834 4207 Metaphrastes,
2852 4145 2909 4191 et
2935 4136 3075 4192 forte
3102 4137 3341 4208 scripsit,
3363 4147 3420 4192 et
3444 4139 3610 4194 modo

2031 4229 2230 4285 alicubi
2265 4229 2415 4286 latet.
2448 4228 2555 4283 Nos
2579 4243 2689 4283 non
2719 4227 2901 4284 omnia
2951 4228 3203 4284 vidimus.
3251 4227 3437 4298 Neque
3474 4229 3604 4300 quia

2033 4322 2193 4376 nobis
2229 4322 2495 4392 ignotum,
2524 4320 2645 4376 ideo
2673 4319 2837 4375 etiam
2885 4334 2994 4374 non
3019 4318 3185 4374 fuisse
3205 4320 3465 4389 scriptum
3489 4320 3608 4374 exi-

349 4415 658 4469 narratione
713 4431 831 4478 sua,
868 4416 1128 4485 temporis
1160 4417 1301 4472 serie
1336 4432 1444 4472 non
1488 4419 1722 4485 turbata,
1752 4419 1928 4489 diges-
1959 4420 2006 4481 ι)
2037 4413 2308 4467 stimatur.

348 4507 438 4572 sit,
472 4517 525 4561 et
583 4505 752 4571 Vitas,
809 4523 1006 4578 resque
1037 4517 1238 4579 gestas,
1286 4509 1398 4564 sive
1427 4508 1680 4580 Martyria
1713 4526 1926 4565 nuncu-

349 4599 497 4668 pavit
532 4617 546 4653 :
596 4600 754 4668 cujus
783 4601 1052 4663 exstabat,
1100 4600 1267 4655 verba
1315 4602 1426 4664 illa,
1458 4602 1512 4656 in
1545 4603 1746 4672 quibus
1779 4601 1927 4675 [136]

349 4691 798 4754 continebantur,
829 4693 1121 4761 arripiens,
1157 4701 1209 4746 et
1242 4708 1359 4756 sua,
1397 4694 1480 4750 vel
1531 4695 1757 4750 aliorum
1791 4695 1930 4750 anti-

349 4797 581 4850 quorum
634 4782 1085 4851 interpretatione
1137 4784 1419 4851 expoliens
1469 4795 1632 4854 atque
1699 4786 1931 4856 locuple-

353 4884 498 4940 tuns,
519 4889 604 4930 res
647 4873 790 4928 illius
818 4874 1004 4929 Sancti
1037 4873 1110 4928 ita
1145 4874 1525 4942 concinnabat,
1560 4886 1616 4931 ut
1638 4878 1927 4933 Commen-

352 4965 551 5018 tarium
600 4964 782 5032 potius
813 4963 1074 5025 scribere,
1107 4980 1268 5034 quam
1317 4982 1404 5019 res
1431 4977 1610 5031 gestas
1645 4967 1784 5021 illius
1812 4983 1929 5021 nar-

351 5069 472 5108 rare
503 5053 782 5106 videretur
816 5070 829 5106 :
859 5051 1084 5120 ideoque
1116 5069 1226 5106 non
1258 5055 1365 5108 alio
1407 5055 1563 5111 titulo
1594 5072 1744 5123 usus,
1768 5073 1930 5127 quam

349 5141 762 5197 Commentarii.
795 5140 934 5195 Hinc
987 5141 1126 5212 apud
1155 5143 1328 5211 illum,
1395 5145 1711 5216 ’Υπόμνηνα
1745 5151 1820 5209 ei;
1842 5148 1932 5199 τὸν

351 5223 506 5302 ἅγιον
559 5231 969 5302 Εὑαγγελιστὴν
1044 5235 1317 5306 Ἰωάννην.
1394 5235 1813 5307 Commentarius
1878 5241 1934 5294 in

352 5339 595 5382 sanctum
628 5323 1030 5398 Evangelistam
1053 5329 1334 5386 Joannem.
1384 5333 1714 5404 ’Υπόμνημα
1744 5333 1823 5396 εἰς
1843 5332 1934 5385 τὸν

357 5422 529 5490 μέγαν
572 5420 864 5489 Προφήτην
935 5421 1151 5492 Δανιήλ.
1219 5422 1638 5478 Commentarius
1695 5425 1749 5478 in
1809 5439 1936 5477 san-

352 5521 493 5567 ctum
549 5511 872 5579 Prophetam
943 5513 1232 5570 Danielem.
1303 5516 1636 5587 ’Υπόμνημα
1710 5518 1790 5576 εἰς
1847 5514 1937 5566 τὸν

352 5604 507 5670 ἆγιον
537 5602 835 5656 ἀπόστολον
877 5605 974 5658 καὶ
1024 5605 1424 5679 Εύαγγελιστὴν
1455 5607 1751 5660 Ματοαῖον.
1781 5603 1938 5659 Com-

357 5695 645 5749 mentarius
690 5695 746 5750 in
802 5706 1043 5752 sanctum
1103 5699 1391 5769 apostolum
1441 5712 1486 5753 et
1544 5698 1938 5768 Et'attgclis'am

2105 4503 2201 4558 His
2234 4517 2402 4572 prope
2446 4501 2638 4556 diebus
2678 4516 2803 4556 curn
2851 4515 2880 4555 a
2909 4515 2995 4556 me
3024 4499 3092 4555 de
3119 4509 3277 4557 aetate
3326 4500 3615 4572 Symeonis

2034 4595 2416 4665 Metaphrasta:
2465 4592 2818 4649 doctissimus
2880 4606 2946 4647 ac
2981 4593 3382 4649 eruditissimus
3419 4592 3612 4648 Simon

2034 4685 2464 4758 Wagnereckius
2523 4693 2874 4755 percontatus
2936 4685 3162 4753 fuisset,
3200 4688 3493 4756 respondi,
3553 4698 3617 4744 ut

2034 4781 2206 4851 potui,
2233 4780 2466 4848 misique
2495 4795 2614 4833 eam
2655 4777 2908 4835 Diatriba:
2935 4789 3168 4851 partem,
3199 4797 3304 4851 qua
3328 4780 3616 4855 Symeonis

2035 4881 2167 4928 mtas
2202 4872 2466 4927 asseritur
2513 4879 2569 4925 et
2600 4871 2893 4926 stabilitur.
2955 4871 3109 4943 Legit
3162 4874 3251 4928 ille
3305 4890 3451 4941 mea,
3481 4893 3611 4931 exa-

2038 4964 2284 5028 minavit,
2325 4963 2656 5032 tandemque
2694 4962 2749 5016 in
2802 4964 3086 5018 nonnullis
3123 4980 3233 5020 non
3285 4966 3491 5036 absque
3523 4983 3615 5022 ra-

2041 5057 2190 5110 tione
2227 5055 2486 5110 dubitans
2537 5055 2832 5126 rescripsit.
2887 5055 2964 5108 Ea
3007 5056 3158 5111 lubet
3197 5058 3285 5113 hic
3313 5075 3615 5129 apponere,

2040 5158 2100 5202 ut
2128 5163 2267 5218 pene
2293 5147 2596 5202 absolutam
2631 5148 2698 5201 de
2727 5147 3107 5216 Metaphrasta:
3154 5149 3319 5204 rebus
3349 5152 3621 5221 cognitio-

2039 5256 2162 5294 nem
2201 5240 2519 5304 habeamus,
2552 5239 2748 5308 quibus
2774 5239 2968 5293 addam
3017 5247 3072 5293 et
3117 5255 3258 5294 mea.
3289 5242 3372 5295 Si
3401 5243 3619 5298 dubita-

2043 5331 2282 5386 tionibus
2328 5331 2474 5384 illius
2508 5330 2765 5393 satisfeci,
2800 5331 2941 5386 bene
2968 5343 3094 5397 est;
3129 5333 3217 5387 sin
3253 5334 3459 5400 minus,
3482 5352 3620 5406 sup‘

2041 5423 2209 5493 plebit
2250 5423 2338 5476 ille
2369 5438 2488 5490 qum
2520 5422 2770 5475 deerunt.

2119 5513 2466 5566 Nobilissimo
2493 5524 2537 5566 et
2569 5513 2922 5568 eruditissima
2960 5516 3080 5570 Viro
3108 5516 3174 5571 Β.
3220 5517 3378 5571 Leoni
3417 5518 3622 5574 Allatio

2045 5623 2137 5658 suo
2161 5603 2341 5677 Simon
2379 5604 2781 5671 li’ugnereclcius
2823 5605 2956 5660 8.1.
2996 5607 3057 5660 In
3086 5609 3453 5679 Metaplirasta.’
3489 5623 3624 5665 tem.

2046 5694 2260 5764 poribus
2310 5695 2636 5764 pcrt'ideudis
2687 5695 2881 5751 miram
2925 5699 3050 5751 milii
3107 5698 3271 5755 lucem
3322 5702 3619 5760 attulerunt
