  <div class='ocr_page' id='page_1' title='image "/cluster/home/n/w/nwhite01/storage/ocr_20150623/114/hvd.32044019208123/074.png"; bbox 0 0 3826 6462; ppageno 0'>
   <div class='ocr_carea' id='block_1_1' title="bbox 225 351 330 417">
    <p class='ocr_par' dir='ltr' id='par_1_1' title="bbox 225 351 330 417">
     <span class='ocr_line' id='line_1_1' title="bbox 225 351 330 417; baseline 0 -1"><span class='ocrx_word' id='word_1_1' title='bbox 225 351 330 417; x_wconf 76' lang='grc'><strong><em>137</em></strong></span> 
     </span>
    </p>
   </div>
   <div class='ocr_carea' id='block_1_2' title="bbox 879 356 2833 430">
    <p class='ocr_par' dir='ltr' id='par_1_2' title="bbox 879 356 2833 430">
     <span class='ocr_line' id='line_1_2' title="bbox 879 356 2833 430; baseline 0.005 -11"><span class='ocrx_word' id='word_1_2' title='bbox 879 360 974 419; x_wconf 92' lang='lat' dir='ltr'><strong><em>DE</em></strong></span> <span class='ocrx_word' id='word_1_3' title='bbox 1017 356 1361 420; x_wconf 83' lang='lat' dir='ltr'><strong><em>SCRIPTIS</em></strong></span> <span class='ocrx_word' id='word_1_4' title='bbox 1400 358 1778 420; x_wconf 81' lang='lat' dir='ltr'><strong><em>SYMEONIS</em></strong></span> <span class='ocrx_word' id='word_1_5' title='bbox 1819 361 2400 424; x_wconf 68' lang='lat' dir='ltr'><strong><em>METAPIIRAST/E</em></strong></span> <span class='ocrx_word' id='word_1_6' title='bbox 2442 364 2833 430; x_wconf 84' lang='lat' dir='ltr'><strong><em>DIATRIBA.</em></strong></span> 
     </span>
    </p>
   </div>
   <div class='ocr_carea' id='block_1_3' title="bbox 3384 373 3481 439">
    <p class='ocr_par' dir='ltr' id='par_1_3' title="bbox 3384 373 3481 439">
     <span class='ocr_line' id='line_1_3' title="bbox 3384 373 3481 439; baseline 0.021 -2"><span class='ocrx_word' id='word_1_7' title='bbox 3384 373 3481 439; x_wconf 73' lang='lat'><strong><em>133</em></strong></span> 
     </span>
    </p>
   </div>
   <div class='ocr_carea' id='block_1_4' title="bbox 218 466 3486 560">
    <p class='ocr_par' dir='ltr' id='par_1_4' title="bbox 218 466 3486 560">
     <span class='ocr_line' id='line_1_4' title="bbox 218 466 3486 560; baseline 0.007 -36"><span class='ocrx_word' id='word_1_8' title='bbox 218 471 419 526; x_wconf 70' lang='lat' dir='ltr'><strong><em>littera:</em></strong></span> <span class='ocrx_word' id='word_1_9' title='bbox 446 480 552 527; x_wconf 74' lang='lat' dir='ltr'><strong><em>tute</em></strong></span> <span class='ocrx_word' id='word_1_10' title='bbox 581 487 600 526; x_wconf 89' lang='lat'><strong><em>:</em></strong></span> <span class='ocrx_word' id='word_1_11' title='bbox 627 470 702 526; x_wconf 88' lang='lat' dir='ltr'><strong><em>ila</em></strong></span> <span class='ocrx_word' id='word_1_12' title='bbox 733 471 985 525; x_wconf 77' lang='lat' dir='ltr'><strong><em>nimirum</em></strong></span> <span class='ocrx_word' id='word_1_13' title='bbox 1014 471 1244 542; x_wconf 73' lang='lat' dir='ltr'><strong><em>quotidie</em></strong></span> <span class='ocrx_word' id='word_1_14' title='bbox 1271 470 1591 524; x_wconf 81' lang='lat' dir='ltr'><strong><em>monimenta</em></strong></span> <span class='ocrx_word' id='word_1_15' title='bbox 1633 481 1803 525; x_wconf 86' lang='lat' dir='ltr'><strong><em>vetera</em></strong></span> <span class='ocrx_word' id='word_1_16' title='bbox 1835 483 1877 534; x_wconf 80' lang='grc' dir='ltr'><strong>Α</strong></span> <span class='ocrx_word' id='word_1_17' title='bbox 1911 466 2222 546; x_wconf 87' lang='lat' dir='ltr'><strong><em>Catalogum</em></strong></span> <span class='ocrx_word' id='word_1_18' title='bbox 2253 476 2316 529; x_wconf 87' lang='lat' dir='ltr'><strong><em>de</em></strong></span> <span class='ocrx_word' id='word_1_19' title='bbox 2345 493 2475 532; x_wconf 90' lang='lat' dir='ltr'><strong><em>novo</em></strong></span> <span class='ocrx_word' id='word_1_20' title='bbox 2501 477 2874 551; x_wconf 77' lang='lat' dir='ltr'><strong><em>Metaphrastce</em></strong></span> <span class='ocrx_word' id='word_1_21' title='bbox 2909 483 3221 552; x_wconf 87' lang='lat' dir='ltr'><strong><em>scriptorum</em></strong></span> <span class='ocrx_word' id='word_1_22' title='bbox 3282 489 3486 560; x_wconf 80' lang='lat' dir='ltr'><strong><em>syllabo</em></strong></span> 
     </span>
    </p>
   </div>
   <div class='ocr_carea' id='block_1_5' title="bbox 221 562 1809 633">
    <p class='ocr_par' dir='ltr' id='par_1_5' title="bbox 221 562 1809 633">
     <span class='ocr_line' id='line_1_5' title="bbox 221 562 1809 633; baseline 0 -17"><span class='ocrx_word' id='word_1_23' title='bbox 221 565 373 617; x_wconf 72' lang='lat' dir='ltr'><strong><em>novis</em></strong></span> <span class='ocrx_word' id='word_1_24' title='bbox 397 581 490 618; x_wconf 91' lang='lat' dir='ltr'><strong><em>nos</em></strong></span> <span class='ocrx_word' id='word_1_25' title='bbox 527 564 789 631; x_wconf 83' lang='lat' dir='ltr'><strong><em>beneﬁciis</em></strong></span> <span class='ocrx_word' id='word_1_26' title='bbox 811 563 986 629; x_wconf 90' lang='lat' dir='ltr'><strong><em>beant,</em></strong></span> <span class='ocrx_word' id='word_1_27' title='bbox 1018 563 1206 633; x_wconf 78' lang='lat' dir='ltr'><strong><em>quibus</em></strong></span> <span class='ocrx_word' id='word_1_28' title='bbox 1234 579 1313 617; x_wconf 88' lang='lat' dir='ltr'><strong><em>res</em></strong></span> <span class='ocrx_word' id='word_1_29' title='bbox 1349 562 1611 632; x_wconf 87' lang='lat' dir='ltr'><strong><em>plurimas</em></strong></span> <span class='ocrx_word' id='word_1_30' title='bbox 1649 564 1809 618; x_wconf 85' lang='lat' dir='ltr'><strong><em>disci-</em></strong></span> 
     </span>
    </p>
   </div>
   <div class='ocr_carea' id='block_1_6' title="bbox 221 654 1808 726">
    <p class='ocr_par' dir='ltr' id='par_1_6' title="bbox 221 654 1808 726">
     <span class='ocr_line' id='line_1_6' title="bbox 221 654 1808 726; baseline 0.001 -18"><span class='ocrx_word' id='word_1_31' title='bbox 221 671 364 720; x_wconf 87' lang='lat' dir='ltr'><strong><em>mus,</em></strong></span> <span class='ocrx_word' id='word_1_32' title='bbox 396 657 560 709; x_wconf 87' lang='lat' dir='ltr'><strong><em>etiam</em></strong></span> <span class='ocrx_word' id='word_1_33' title='bbox 600 655 832 709; x_wconf 88' lang='lat' dir='ltr'><strong><em>Baronio</em></strong></span> <span class='ocrx_word' id='word_1_34' title='bbox 863 671 926 708; x_wconf 92' lang='lat' dir='ltr'><strong><em>ac</em></strong></span> <span class='ocrx_word' id='word_1_35' title='bbox 953 654 1282 708; x_wconf 88' lang='lat' dir='ltr'><strong><em>Bellarmino</em></strong></span> <span class='ocrx_word' id='word_1_36' title='bbox 1312 655 1539 726; x_wconf 88' lang='lat' dir='ltr'><strong><em>ignotas.</em></strong></span> <span class='ocrx_word' id='word_1_37' title='bbox 1568 654 1642 708; x_wconf 80' lang='lat' dir='ltr'><strong><em>Ac</em></strong></span> <span class='ocrx_word' id='word_1_38' title='bbox 1672 665 1808 709; x_wconf 89' lang='lat' dir='ltr'><strong><em>certe</em></strong></span> 
     </span>
    </p>
   </div>
   <div class='ocr_carea' id='block_1_7' title="bbox 220 747 1808 816">
    <p class='ocr_par' dir='ltr' id='par_1_7' title="bbox 220 747 1808 816">
     <span class='ocr_line' id='line_1_7' title="bbox 220 747 1808 816; baseline 0.001 -17"><span class='ocrx_word' id='word_1_39' title='bbox 220 749 282 800; x_wconf 78' lang='lat' dir='ltr'><strong><em>in</em></strong></span> <span class='ocrx_word' id='word_1_40' title='bbox 319 748 418 800; x_wconf 82' lang='lat' dir='ltr'><strong><em>hoc</em></strong></span> <span class='ocrx_word' id='word_1_41' title='bbox 461 747 667 816; x_wconf 78' lang='lat' dir='ltr'><strong><em>iit/inito</em></strong></span> <span class='ocrx_word' id='word_1_42' title='bbox 714 765 880 803; x_wconf 71' lang='lat' dir='ltr'><strong><em>sacra:</em></strong></span> <span class='ocrx_word' id='word_1_43' title='bbox 922 747 1256 816; x_wconf 69' lang='lat' dir='ltr'><strong><em>antiquitatis</em></strong></span> <span class='ocrx_word' id='word_1_44' title='bbox 1303 763 1508 800; x_wconf 88' lang='lat' dir='ltr'><strong><em>recessu</em></strong></span> <span class='ocrx_word' id='word_1_45' title='bbox 1557 748 1661 800; x_wconf 88' lang='lat' dir='ltr'><strong><em>dici</em></strong></span> <span class='ocrx_word' id='word_1_46' title='bbox 1706 763 1808 800; x_wconf 90' lang='lat' dir='ltr'><strong><em>non</em></strong></span> 
     </span>
    </p>
   </div>
   <div class='ocr_carea' id='block_1_8' title="bbox 219 839 1807 909">
    <p class='ocr_par' dir='ltr' id='par_1_8' title="bbox 219 839 1807 909">
     <span class='ocr_line' id='line_1_8' title="bbox 219 839 1807 909; baseline 0 -17"><span class='ocrx_word' id='word_1_47' title='bbox 219 848 414 909; x_wconf 83' lang='lat' dir='ltr'><strong><em>potest,</em></strong></span> <span class='ocrx_word' id='word_1_48' title='bbox 466 856 627 909; x_wconf 89' lang='lat' dir='ltr'><strong><em>quam</em></strong></span> <span class='ocrx_word' id='word_1_49' title='bbox 661 840 848 909; x_wconf 84' lang='lat' dir='ltr'><strong><em>cupide</em></strong></span> <span class='ocrx_word' id='word_1_50' title='bbox 907 839 1198 909; x_wconf 88' lang='lat' dir='ltr'><strong><em>amplectar</em></strong></span> <span class='ocrx_word' id='word_1_51' title='bbox 1256 849 1403 893; x_wconf 89' lang='lat' dir='ltr'><strong><em>tuam</em></strong></span> <span class='ocrx_word' id='word_1_52' title='bbox 1468 841 1807 909; x_wconf 81' lang='grc' dir='ltr'><strong><em>πανεπιστή-</em></strong></span> 
     </span>
    </p>
   </div>
   <div class='ocr_carea' id='block_1_9' title="bbox 225 931 1804 1005">
    <p class='ocr_par' dir='ltr' id='par_1_9' title="bbox 225 931 1804 1005">
     <span class='ocr_line' id='line_1_9' title="bbox 225 931 1804 1005; baseline -0.001 -22"><span class='ocrx_word' id='word_1_53' title='bbox 225 948 393 1001; x_wconf 80' lang='grc' dir='ltr'>μονος</span> <span class='ocrx_word' id='word_1_54' title='bbox 424 931 731 1000; x_wconf 79' lang='grc' dir='ltr'><strong><em>εὐστοχίαν.</em></strong></span> <span class='ocrx_word' id='word_1_55' title='bbox 783 931 948 984; x_wconf 86' lang='lat' dir='ltr'><strong><em>I’orro</em></strong></span> <span class='ocrx_word' id='word_1_56' title='bbox 989 933 1126 984; x_wconf 92' lang='lat' dir='ltr'><strong><em>inter</em></strong></span> <span class='ocrx_word' id='word_1_57' title='bbox 1155 941 1340 984; x_wconf 73' lang='lat' dir='ltr'><strong><em>ca’tera</em></strong></span> <span class='ocrx_word' id='word_1_58' title='bbox 1385 947 1574 999; x_wconf 89' lang='lat' dir='ltr'><strong><em>parum</em></strong></span> <span class='ocrx_word' id='word_1_59' title='bbox 1598 931 1804 1005; x_wconf 82' lang='lat' dir='ltr'><strong><em>quidem</em></strong></span> 
     </span>
    </p>
   </div>
   <div class='ocr_carea' id='block_1_10' title="bbox 223 1024 1806 1080">
    <p class='ocr_par' dir='ltr' id='par_1_10' title="bbox 223 1024 1806 1080">
     <span class='ocr_line' id='line_1_10' title="bbox 223 1024 1806 1080; baseline 0.001 -4"><span class='ocrx_word' id='word_1_60' title='bbox 223 1026 326 1078; x_wconf 87' lang='lat' dir='ltr'><strong><em>rite</em></strong></span> <span class='ocrx_word' id='word_1_61' title='bbox 374 1024 512 1077; x_wconf 87' lang='lat' dir='ltr'><strong><em>illud</em></strong></span> <span class='ocrx_word' id='word_1_62' title='bbox 560 1025 752 1079; x_wconf 80' lang='lat' dir='ltr'><strong><em>evincis</em></strong></span> <span class='ocrx_word' id='word_1_63' title='bbox 786 1041 804 1077; x_wconf 91' lang='lat'><strong><em>:</em></strong></span> <span class='ocrx_word' id='word_1_64' title='bbox 853 1025 900 1080; x_wconf 88' lang='lat' dir='ltr'><strong><em>si</em></strong></span> <span class='ocrx_word' id='word_1_65' title='bbox 935 1034 1126 1079; x_wconf 84' lang='lat' dir='ltr'><strong><em>temere</em></strong></span> <span class='ocrx_word' id='word_1_66' title='bbox 1155 1041 1330 1078; x_wconf 90' lang='lat' dir='ltr'><strong><em>omnes</em></strong></span> <span class='ocrx_word' id='word_1_67' title='bbox 1367 1025 1472 1080; x_wconf 76' lang='lat' dir='ltr'><strong><em>illa:</em></strong></span> <span class='ocrx_word' id='word_1_68' title='bbox 1503 1034 1806 1079; x_wconf 89' lang='lat' dir='ltr'><strong><em>sanctorum</em></strong></span> 
     </span>
    </p>
   </div>
   <div class='ocr_carea' id='block_1_11' title="bbox 228 1105 1806 1188">
    <p class='ocr_par' dir='ltr' id='par_1_11' title="bbox 228 1105 1806 1188">
     <span class='ocr_line' id='line_1_11' title="bbox 228 1105 1806 1188; baseline 0.001 -20"><span class='ocrx_word' id='word_1_69' title='bbox 228 1115 358 1171; x_wconf 64' lang='lat' dir='ltr'><strong><em>Vita:</em></strong></span> <span class='ocrx_word' id='word_1_70' title='bbox 408 1124 526 1186; x_wconf 66' lang='lat' dir='ltr'><strong><em>qua?</em></strong></span> <span class='ocrx_word' id='word_1_71' title='bbox 578 1105 952 1185; x_wconf 79' lang='lat' dir='ltr'><strong><em>Metaphrasta:</em></strong></span> <span class='ocrx_word' id='word_1_72' title='bbox 999 1133 1182 1172; x_wconf 86' lang='lat' dir='ltr'><strong><em>nomen</em></strong></span> <span class='ocrx_word' id='word_1_73' title='bbox 1215 1118 1407 1172; x_wconf 82' lang='lat' dir='ltr'><strong><em>habent</em></strong></span> <span class='ocrx_word' id='word_1_74' title='bbox 1452 1119 1688 1188; x_wconf 71' lang='lat' dir='ltr'><strong><em>afﬁxum,</em></strong></span> <span class='ocrx_word' id='word_1_75' title='bbox 1734 1134 1806 1170; x_wconf 92' lang='lat' dir='ltr'><strong><em>an</em></strong></span> 
     </span>
    </p>
   </div>
   <div class='ocr_carea' id='block_1_12' title="bbox 221 1209 1803 1285">
    <p class='ocr_par' dir='ltr' id='par_1_12' title="bbox 221 1209 1803 1285">
     <span class='ocr_line' id='line_1_12' title="bbox 221 1209 1803 1285; baseline 0.002 -24"><span class='ocrx_word' id='word_1_76' title='bbox 221 1211 488 1278; x_wconf 83' lang='lat' dir='ltr'><strong><em>afﬁctum,</em></strong></span> <span class='ocrx_word' id='word_1_77' title='bbox 517 1228 550 1262; x_wconf 88' lang='lat' dir='ltr'><strong><em>a</em></strong></span> <span class='ocrx_word' id='word_1_78' title='bbox 592 1209 972 1278; x_wconf 75' lang='lat' dir='ltr'><strong><em>Metaphrasta:</em></strong></span> <span class='ocrx_word' id='word_1_79' title='bbox 1005 1211 1212 1265; x_wconf 87' lang='lat' dir='ltr'><strong><em>calamo</em></strong></span> <span class='ocrx_word' id='word_1_80' title='bbox 1229 1212 1457 1285; x_wconf 75' lang='lat' dir='ltr'><strong><em>ﬂuxisse</em></strong></span> <span class='ocrx_word' id='word_1_81' title='bbox 1506 1213 1803 1277; x_wconf 91' lang='lat' dir='ltr'><strong><em>videantur,</em></strong></span> 
     </span>
    </p>
   </div>
   <div class='ocr_carea' id='block_1_13' title="bbox 221 1301 1806 1376">
    <p class='ocr_par' dir='ltr' id='par_1_13' title="bbox 221 1301 1806 1376">
     <span class='ocr_line' id='line_1_13' title="bbox 221 1301 1806 1376; baseline 0.002 -21"><span class='ocrx_word' id='word_1_82' title='bbox 221 1320 338 1355; x_wconf 90' lang='lat' dir='ltr'><strong><em>eum</em></strong></span> <span class='ocrx_word' id='word_1_83' title='bbox 361 1301 680 1370; x_wconf 87' lang='lat' dir='ltr'><strong><em>perridicula</em></strong></span> <span class='ocrx_word' id='word_1_84' title='bbox 703 1303 929 1372; x_wconf 86' lang='lat' dir='ltr'><strong><em>quodam</em></strong></span> <span class='ocrx_word' id='word_1_85' title='bbox 961 1305 1253 1372; x_wconf 68' lang='lat' dir='ltr'><strong><em>paradox—0,</em></strong></span> <span class='ocrx_word' id='word_1_86' title='bbox 1282 1303 1430 1376; x_wconf 74' lang='lat'><strong><em>[157)</em></strong></span> <span class='ocrx_word' id='word_1_87' title='bbox 1461 1321 1620 1374; x_wconf 86' lang='lat' dir='ltr'><strong><em>pr0pe</em></strong></span> <span class='ocrx_word' id='word_1_88' title='bbox 1634 1306 1806 1358; x_wconf 90' lang='lat' dir='ltr'><strong><em>omni-</em></strong></span> 
     </span>
    </p>
   </div>
   <div class='ocr_carea' id='block_1_14' title="bbox 221 1392 1804 1452">
    <p class='ocr_par' dir='ltr' id='par_1_14' title="bbox 221 1392 1804 1452">
     <span class='ocr_line' id='line_1_14' title="bbox 221 1392 1804 1452; baseline 0.004 -7"><span class='ocrx_word' id='word_1_89' title='bbox 221 1393 316 1446; x_wconf 85' lang='lat' dir='ltr'><strong><em>bus</em></strong></span> <span class='ocrx_word' id='word_1_90' title='bbox 346 1392 544 1448; x_wconf 80' lang='lat' dir='ltr'><strong><em>Christi</em></strong></span> <span class='ocrx_word' id='word_1_91' title='bbox 576 1394 780 1448; x_wconf 76' lang='lat' dir='ltr'><strong><em>scrculis</em></strong></span> <span class='ocrx_word' id='word_1_92' title='bbox 815 1396 1005 1449; x_wconf 78' lang='lat' dir='ltr'><strong><em>vixisse</em></strong></span> <span class='ocrx_word' id='word_1_93' title='bbox 1039 1395 1219 1450; x_wconf 80' lang='lat' dir='ltr'><strong><em>debere</em></strong></span> <span class='ocrx_word' id='word_1_94' title='bbox 1253 1412 1271 1449; x_wconf 89' lang='lat'><strong><em>:</em></strong></span> <span class='ocrx_word' id='word_1_95' title='bbox 1301 1413 1418 1449; x_wconf 88' lang='lat' dir='ltr'><strong><em>cum</em></strong></span> <span class='ocrx_word' id='word_1_96' title='bbox 1449 1397 1528 1450; x_wconf 73' lang='lat' dir='ltr'><strong><em>hat</em></strong></span> <span class='ocrx_word' id='word_1_97' title='bbox 1581 1397 1713 1452; x_wconf 82' lang='lat' dir='ltr'><strong><em>Vita:</em></strong></span> <span class='ocrx_word' id='word_1_98' title='bbox 1741 1399 1804 1452; x_wconf 90' lang='lat' dir='ltr'><strong><em>de</em></strong></span> 
     </span>
    </p>
   </div>
   <div class='ocr_carea' id='block_1_15' title="bbox 223 1484 1804 1556">
    <p class='ocr_par' dir='ltr' id='par_1_15' title="bbox 223 1484 1804 1556">
     <span class='ocr_line' id='line_1_15' title="bbox 223 1484 1804 1556; baseline 0.001 -18"><span class='ocrx_word' id='word_1_99' title='bbox 223 1485 712 1539; x_wconf 82' lang='lat' dir='ltr'><strong><em>diversissimarum</em></strong></span> <span class='ocrx_word' id='word_1_100' title='bbox 750 1484 963 1539; x_wconf 75' lang='lat' dir='ltr'><strong><em>celatum</em></strong></span> <span class='ocrx_word' id='word_1_101' title='bbox 1015 1487 1210 1539; x_wconf 86' lang='lat' dir='ltr'><strong><em>sanctis</em></strong></span> <span class='ocrx_word' id='word_1_102' title='bbox 1266 1486 1594 1554; x_wconf 78' lang='lat' dir='ltr'><strong><em>conscriptw,</em></strong></span> <span class='ocrx_word' id='word_1_103' title='bbox 1621 1487 1804 1556; x_wconf 71' lang='lat' dir='ltr'><strong><em>saepis-</em></strong></span> 
     </span>
    </p>
   </div>
   <div class='ocr_carea' id='block_1_16' title="bbox 219 1576 1803 1648">
    <p class='ocr_par' dir='ltr' id='par_1_16' title="bbox 219 1576 1803 1648">
     <span class='ocr_line' id='line_1_16' title="bbox 219 1576 1803 1648; baseline 0 -18"><span class='ocrx_word' id='word_1_104' title='bbox 219 1579 350 1630; x_wconf 89' lang='lat' dir='ltr'><strong><em>sime</em></strong></span> <span class='ocrx_word' id='word_1_105' title='bbox 403 1578 718 1644; x_wconf 82' lang='lat' dir='ltr'><strong><em>scriptorem</em></strong></span> <span class='ocrx_word' id='word_1_106' title='bbox 775 1593 951 1643; x_wconf 86' lang='lat' dir='ltr'><strong><em>suum,</em></strong></span> <span class='ocrx_word' id='word_1_107' title='bbox 996 1587 1250 1648; x_wconf 89' lang='lat' dir='ltr'><strong><em>tanquam</em></strong></span> <span class='ocrx_word' id='word_1_108' title='bbox 1310 1576 1576 1632; x_wconf 86' lang='lat' dir='ltr'><strong><em>oculatum</em></strong></span> <span class='ocrx_word' id='word_1_109' title='bbox 1622 1578 1803 1632; x_wconf 82' lang='lat' dir='ltr'><strong><em>testem</em></strong></span> 
     </span>
    </p>
   </div>
   <div class='ocr_carea' id='block_1_17' title="bbox 221 1669 1804 1743">
    <p class='ocr_par' dir='ltr' id='par_1_17' title="bbox 221 1669 1804 1743">
     <span class='ocr_line' id='line_1_17' title="bbox 221 1669 1804 1743; baseline 0.002 -20"><span class='ocrx_word' id='word_1_110' title='bbox 221 1671 514 1725; x_wconf 84' lang='lat' dir='ltr'><strong><em>adducant.</em></strong></span> <span class='ocrx_word' id='word_1_111' title='bbox 556 1670 746 1724; x_wconf 90' lang='lat' dir='ltr'><strong><em>Verum</em></strong></span> <span class='ocrx_word' id='word_1_112' title='bbox 785 1679 858 1724; x_wconf 91' lang='lat' dir='ltr'><strong><em>est</em></strong></span> <span class='ocrx_word' id='word_1_113' title='bbox 893 1671 988 1724; x_wconf 87' lang='lat' dir='ltr'><strong><em>hos</em></strong></span> <span class='ocrx_word' id='word_1_114' title='bbox 1015 1669 1152 1736; x_wconf 71' lang='lat' dir='ltr'><strong><em>loco,</em></strong></span> <span class='ocrx_word' id='word_1_115' title='bbox 1176 1671 1313 1740; x_wconf 90' lang='lat' dir='ltr'><strong><em>quod</em></strong></span> <span class='ocrx_word' id='word_1_116' title='bbox 1356 1671 1642 1726; x_wconf 87' lang='lat' dir='ltr'><strong><em>etiamnum</em></strong></span> <span class='ocrx_word' id='word_1_117' title='bbox 1669 1674 1804 1743; x_wconf 88' lang='lat' dir='ltr'><strong><em>forte</em></strong></span> 
     </span>
    </p>
   </div>
   <div class='ocr_carea' id='block_1_18' title="bbox 221 1760 1801 1832">
    <p class='ocr_par' dir='ltr' id='par_1_18' title="bbox 221 1760 1801 1832">
     <span class='ocr_line' id='line_1_18' title="bbox 221 1760 1801 1832; baseline 0.001 -17"><span class='ocrx_word' id='word_1_118' title='bbox 221 1764 380 1828; x_wconf 80' lang='lat' dir='ltr'><strong><em>possit</em></strong></span> <span class='ocrx_word' id='word_1_119' title='bbox 437 1762 658 1832; x_wconf 74' lang='lat' dir='ltr'><strong><em>expendi</em></strong></span> <span class='ocrx_word' id='word_1_120' title='bbox 691 1777 710 1816; x_wconf 91' lang='lat'><strong><em>:</em></strong></span> <span class='ocrx_word' id='word_1_121' title='bbox 759 1762 885 1832; x_wconf 89' lang='lat' dir='ltr'><strong><em>quid</em></strong></span> <span class='ocrx_word' id='word_1_122' title='bbox 913 1763 958 1816; x_wconf 90' lang='lat' dir='ltr'><strong><em>si</em></strong></span> <span class='ocrx_word' id='word_1_123' title='bbox 981 1763 1118 1816; x_wconf 91' lang='lat' dir='ltr'><strong><em>enim</em></strong></span> <span class='ocrx_word' id='word_1_124' title='bbox 1151 1760 1537 1832; x_wconf 82' lang='lat' dir='ltr'><strong><em>Metaphrastes</em></strong></span> <span class='ocrx_word' id='word_1_125' title='bbox 1566 1763 1801 1816; x_wconf 89' lang='lat' dir='ltr'><strong><em>eumdem</em></strong></span> 
     </span>
    </p>
   </div>
   <div class='ocr_carea' id='block_1_19' title="bbox 1913 565 3490 643">
    <p class='ocr_par' dir='ltr' id='par_1_19' title="bbox 1913 565 3490 643">
     <span class='ocr_line' id='line_1_19' title="bbox 1913 565 3490 643; baseline 0.013 -27"><span class='ocrx_word' id='word_1_126' title='bbox 1913 565 2222 633; x_wconf 79' lang='lat' dir='ltr'><strong><em>adjunxeris</em></strong></span> <span class='ocrx_word' id='word_1_127' title='bbox 2252 567 2402 620; x_wconf 80' lang='lat' dir='ltr'><strong><em>nihil.</em></strong></span> <span class='ocrx_word' id='word_1_128' title='bbox 2434 567 2498 622; x_wconf 88' lang='lat' dir='ltr'><strong><em>In</em></strong></span> <span class='ocrx_word' id='word_1_129' title='bbox 2540 571 2726 639; x_wconf 85' lang='lat' dir='ltr'><strong><em>quibus</em></strong></span> <span class='ocrx_word' id='word_1_130' title='bbox 2756 580 2930 627; x_wconf 89' lang='lat' dir='ltr'><strong><em>tamen</em></strong></span> <span class='ocrx_word' id='word_1_131' title='bbox 2956 577 3081 643; x_wconf 84' lang='lat' dir='ltr'><strong><em>ipsis</em></strong></span> <span class='ocrx_word' id='word_1_132' title='bbox 3107 576 3490 636; x_wconf 82' lang='lat' dir='ltr'><strong><em>lucubrationi-</em></strong></span> 
     </span>
    </p>
   </div>
   <div class='ocr_carea' id='block_1_20' title="bbox 1909 657 3486 746">
    <p class='ocr_par' dir='ltr' id='par_1_20' title="bbox 1909 657 3486 746">
     <span class='ocr_line' id='line_1_20' title="bbox 1909 657 3486 746; baseline 0.015 -37"><span class='ocrx_word' id='word_1_133' title='bbox 1909 657 2002 710; x_wconf 90' lang='lat' dir='ltr'><strong><em>bus</em></strong></span> <span class='ocrx_word' id='word_1_134' title='bbox 2030 657 2212 724; x_wconf 84' lang='lat' dir='ltr'><strong><em>Pselli,</em></strong></span> <span class='ocrx_word' id='word_1_135' title='bbox 2239 677 2303 714; x_wconf 90' lang='lat' dir='ltr'><strong><em>ne</em></strong></span> <span class='ocrx_word' id='word_1_136' title='bbox 2333 661 2510 730; x_wconf 84' lang='lat' dir='ltr'><strong><em>utique</em></strong></span> <span class='ocrx_word' id='word_1_137' title='bbox 2534 679 2567 715; x_wconf 92' lang='lat' dir='ltr'><strong><em>a</em></strong></span> <span class='ocrx_word' id='word_1_138' title='bbox 2611 673 2660 717; x_wconf 89' lang='lat' dir='ltr'><strong><em>te</em></strong></span> <span class='ocrx_word' id='word_1_139' title='bbox 2687 667 2913 733; x_wconf 87' lang='lat' dir='ltr'><strong><em>positam</em></strong></span> <span class='ocrx_word' id='word_1_140' title='bbox 2958 670 3144 736; x_wconf 88' lang='lat' dir='ltr'><strong><em>miror,</em></strong></span> <span class='ocrx_word' id='word_1_141' title='bbox 3185 672 3335 728; x_wconf 91' lang='lat' dir='ltr'><strong><em>illam</em></strong></span> <span class='ocrx_word' id='word_1_142' title='bbox 3367 677 3486 746; x_wconf 85' lang='lat' dir='ltr'><strong><em>ejus</em></strong></span> 
     </span>
    </p>
   </div>
   <div class='ocr_carea' id='block_1_21' title="bbox 1907 749 3483 836">
    <p class='ocr_par' dir='ltr' id='par_1_21' title="bbox 1907 749 3483 836">
     <span class='ocr_line' id='line_1_21' title="bbox 1907 749 3483 836; baseline 0.015 -34"><span class='ocrx_word' id='word_1_143' title='bbox 1907 749 2035 804; x_wconf 88' lang='lat' dir='ltr'><strong><em>bene</em></strong></span> <span class='ocrx_word' id='word_1_144' title='bbox 2058 751 2271 823; x_wconf 88' lang='lat' dir='ltr'><strong><em>longam</em></strong></span> <span class='ocrx_word' id='word_1_145' title='bbox 2302 755 2372 808; x_wconf 89' lang='lat' dir='ltr'><strong><em>ad</em></strong></span> <span class='ocrx_word' id='word_1_146' title='bbox 2402 754 2731 823; x_wconf 82' lang='lat' dir='ltr'><strong><em>Xiphilinunt</em></strong></span> <span class='ocrx_word' id='word_1_147' title='bbox 2771 757 3086 828; x_wconf 87' lang='lat' dir='ltr'><strong><em>Epistolam,</em></strong></span> <span class='ocrx_word' id='word_1_148' title='bbox 3123 782 3226 836; x_wconf 89' lang='lat' dir='ltr'><strong><em>qua</em></strong></span> <span class='ocrx_word' id='word_1_149' title='bbox 3275 769 3354 821; x_wconf 86' lang='lat' dir='ltr'><strong><em>vir</em></strong></span> <span class='ocrx_word' id='word_1_150' title='bbox 3392 770 3483 824; x_wconf 86' lang='lat' dir='ltr'><strong><em>ille</em></strong></span> 
     </span>
    </p>
   </div>
   <div class='ocr_carea' id='block_1_22' title="bbox 1907 847 3487 928">
    <p class='ocr_par' dir='ltr' id='par_1_22' title="bbox 1907 847 3487 928">
     <span class='ocr_line' id='line_1_22' title="bbox 1907 847 3487 928; baseline 0.014 -36"><span class='ocrx_word' id='word_1_151' title='bbox 1907 857 2098 895; x_wconf 89' lang='lat' dir='ltr'><strong><em>aurum</em></strong></span> <span class='ocrx_word' id='word_1_152' title='bbox 2131 859 2312 896; x_wconf 88' lang='lat' dir='ltr'><strong><em>verum</em></strong></span> <span class='ocrx_word' id='word_1_153' title='bbox 2339 861 2370 897; x_wconf 93' lang='lat' dir='ltr'><strong><em>a</em></strong></span> <span class='ocrx_word' id='word_1_154' title='bbox 2399 861 2454 898; x_wconf 93' lang='lat' dir='ltr'><strong><em>se</em></strong></span> <span class='ocrx_word' id='word_1_155' title='bbox 2482 847 2771 916; x_wconf 87' lang='lat' dir='ltr'><strong><em>confectum</em></strong></span> <span class='ocrx_word' id='word_1_156' title='bbox 2801 850 3084 918; x_wconf 87' lang='lat' dir='ltr'><strong><em>gloriatur,</em></strong></span> <span class='ocrx_word' id='word_1_157' title='bbox 3113 855 3329 928; x_wconf 86' lang='lat' dir='ltr'><strong><em>ejusque</em></strong></span> <span class='ocrx_word' id='word_1_158' title='bbox 3351 862 3487 913; x_wconf 82' lang='lat' dir='ltr'><strong><em>arti-</em></strong></span> 
     </span>
    </p>
   </div>
   <div class='ocr_carea' id='block_1_23' title="bbox 1905 933 3484 1013">
    <p class='ocr_par' dir='ltr' id='par_1_23' title="bbox 1905 933 3484 1013">
     <span class='ocr_line' id='line_1_23' title="bbox 1905 933 3484 1013; baseline 0.013 -28"><span class='ocrx_word' id='word_1_159' title='bbox 1905 933 2015 1002; x_wconf 90' lang='lat' dir='ltr'><strong><em>ﬁcii</em></strong></span> <span class='ocrx_word' id='word_1_160' title='bbox 2058 935 2267 988; x_wconf 88' lang='lat' dir='ltr'><strong><em>modum</em></strong></span> <span class='ocrx_word' id='word_1_161' title='bbox 2299 938 2643 992; x_wconf 89' lang='lat' dir='ltr'><strong><em>arcanissime</em></strong></span> <span class='ocrx_word' id='word_1_162' title='bbox 2692 940 2892 994; x_wconf 88' lang='lat' dir='ltr'><strong><em>indicat</em></strong></span> <span class='ocrx_word' id='word_1_163' title='bbox 2919 946 3256 1013; x_wconf 68' lang='lat' dir='ltr'><strong><em>patriarchae.</em></strong></span> <span class='ocrx_word' id='word_1_164' title='bbox 3300 950 3484 1006; x_wconf 82' lang='lat' dir='ltr'><strong><em>Habeo</em></strong></span> 
     </span>
    </p>
   </div>
   <div class='ocr_carea' id='block_1_24' title="bbox 1907 1025 3486 1110">
    <p class='ocr_par' dir='ltr' id='par_1_24' title="bbox 1907 1025 3486 1110">
     <span class='ocr_line' id='line_1_24' title="bbox 1907 1025 3486 1110; baseline 0.015 -37"><span class='ocrx_word' id='word_1_165' title='bbox 1907 1037 2020 1074; x_wconf 90' lang='lat' dir='ltr'><strong><em>eam</em></strong></span> <span class='ocrx_word' id='word_1_166' title='bbox 2047 1025 2310 1094; x_wconf 85' lang='lat' dir='ltr'><strong><em>cognitam</em></strong></span> <span class='ocrx_word' id='word_1_167' title='bbox 2352 1027 2479 1079; x_wconf 89' lang='lat' dir='ltr'><strong><em>mihi</em></strong></span> <span class='ocrx_word' id='word_1_168' title='bbox 2508 1042 2572 1081; x_wconf 78' lang='lat' dir='ltr'><strong><em>ex</em></strong></span> <span class='ocrx_word' id='word_1_169' title='bbox 2609 1027 2703 1082; x_wconf 88' lang='lat' dir='ltr'><strong><em>illa</em></strong></span> <span class='ocrx_word' id='word_1_170' title='bbox 2737 1035 3094 1103; x_wconf 90' lang='lat' dir='ltr'><strong><em>manuscripta</em></strong></span> <span class='ocrx_word' id='word_1_171' title='bbox 3135 1037 3486 1110; x_wconf 72' lang='lat' dir='ltr'><strong><em>Chrysophae-</em></strong></span> 
     </span>
    </p>
   </div>
   <div class='ocr_carea' id='block_1_25' title="bbox 1908 1111 3484 1198">
    <p class='ocr_par' dir='ltr' id='par_1_25' title="bbox 1908 1111 3484 1198">
     <span class='ocr_line' id='line_1_25' title="bbox 1908 1111 3484 1198; baseline 0.015 -34"><span class='ocrx_word' id='word_1_172' title='bbox 1908 1127 2022 1166; x_wconf 90' lang='lat' dir='ltr'><strong><em>rum</em></strong></span> <span class='ocrx_word' id='word_1_173' title='bbox 2049 1111 2266 1168; x_wconf 71' lang='lat' dir='ltr'><strong><em>ercia:</em></strong></span> <span class='ocrx_word' id='word_1_174' title='bbox 2303 1116 2532 1185; x_wconf 90' lang='lat' dir='ltr'><strong><em>amplius</em></strong></span> <span class='ocrx_word' id='word_1_175' title='bbox 2565 1121 2748 1190; x_wconf 86' lang='lat' dir='ltr'><strong><em>viginti</em></strong></span> <span class='ocrx_word' id='word_1_176' title='bbox 2781 1121 3121 1191; x_wconf 86' lang='lat' dir='ltr'><strong><em>Bibliotheca,</em></strong></span> <span class='ocrx_word' id='word_1_177' title='bbox 3150 1146 3307 1198; x_wconf 85' lang='lat' dir='ltr'><strong><em>quam</em></strong></span> <span class='ocrx_word' id='word_1_178' title='bbox 3344 1132 3484 1186; x_wconf 91' lang='lat' dir='ltr'><strong><em>inter</em></strong></span> 
     </span>
    </p>
   </div>
   <div class='ocr_carea' id='block_1_26' title="bbox 1908 1204 3484 1278">
    <p class='ocr_par' dir='ltr' id='par_1_26' title="bbox 1908 1204 3484 1278">
     <span class='ocr_line' id='line_1_26' title="bbox 1908 1204 3484 1278; baseline 0.011 -18"><span class='ocrx_word' id='word_1_179' title='bbox 1908 1204 2208 1260; x_wconf 62' lang='lat' dir='ltr'><strong><em>Graecorum</em></strong></span> <span class='ocrx_word' id='word_1_180' title='bbox 2256 1209 2490 1262; x_wconf 87' lang='lat' dir='ltr'><strong><em>codicum</em></strong></span> <span class='ocrx_word' id='word_1_181' title='bbox 2519 1226 2735 1266; x_wconf 89' lang='lat' dir='ltr'><strong><em>suorum</em></strong></span> <span class='ocrx_word' id='word_1_182' title='bbox 2775 1212 2996 1269; x_wconf 88' lang='lat' dir='ltr'><strong><em>Cimelia</em></strong></span> <span class='ocrx_word' id='word_1_183' title='bbox 3039 1229 3215 1273; x_wconf 85' lang='lat' dir='ltr'><strong><em>noster</em></strong></span> <span class='ocrx_word' id='word_1_184' title='bbox 3247 1219 3484 1278; x_wconf 79' lang='lat' dir='ltr'><strong><em>Serenis-</em></strong></span> 
     </span>
    </p>
   </div>
   <div class='ocr_carea' id='block_1_27' title="bbox 1905 1299 3482 1385">
    <p class='ocr_par' dir='ltr' id='par_1_27' title="bbox 1905 1299 3482 1385">
     <span class='ocr_line' id='line_1_27' title="bbox 1905 1299 3482 1385; baseline 0.013 -35"><span class='ocrx_word' id='word_1_185' title='bbox 1905 1299 2067 1352; x_wconf 82' lang='lat' dir='ltr'><strong><em>simus</em></strong></span> <span class='ocrx_word' id='word_1_186' title='bbox 2097 1301 2344 1368; x_wconf 83' lang='lat' dir='ltr'><strong><em>possidet.</em></strong></span> <span class='ocrx_word' id='word_1_187' title='bbox 2375 1301 2522 1366; x_wconf 86' lang='lat' dir='ltr'><strong><em>Quod</em></strong></span> <span class='ocrx_word' id='word_1_188' title='bbox 2545 1313 2721 1358; x_wconf 88' lang='lat' dir='ltr'><strong><em>autem</em></strong></span> <span class='ocrx_word' id='word_1_189' title='bbox 2752 1317 2988 1363; x_wconf 89' lang='lat' dir='ltr'><strong><em>nostrum</em></strong></span> <span class='ocrx_word' id='word_1_190' title='bbox 3017 1311 3154 1364; x_wconf 87' lang='lat' dir='ltr'><strong><em>hunc</em></strong></span> <span class='ocrx_word' id='word_1_191' title='bbox 3175 1312 3482 1385; x_wconf 78' lang='lat' dir='ltr'><strong><em>Metaphra-</em></strong></span> 
     </span>
    </p>
   </div>
   <div class='ocr_carea' id='block_1_28' title="bbox 1905 1395 3477 1479">
    <p class='ocr_par' dir='ltr' id='par_1_28' title="bbox 1905 1395 3477 1479">
     <span class='ocr_line' id='line_1_28' title="bbox 1905 1395 3477 1479; baseline 0.012 -36"><span class='ocrx_word' id='word_1_192' title='bbox 1905 1399 2033 1444; x_wconf 87' lang='lat' dir='ltr'><strong><em>stem</em></strong></span> <span class='ocrx_word' id='word_1_193' title='bbox 2064 1407 2330 1462; x_wconf 86' lang='lat' dir='ltr'><strong><em>nunquam</em></strong></span> <span class='ocrx_word' id='word_1_194' title='bbox 2366 1395 2738 1449; x_wconf 85' lang='lat' dir='ltr'><strong><em>monachorum</em></strong></span> <span class='ocrx_word' id='word_1_195' title='bbox 2777 1397 2897 1452; x_wconf 92' lang='lat' dir='ltr'><strong><em>albo</em></strong></span> <span class='ocrx_word' id='word_1_196' title='bbox 2953 1401 3277 1471; x_wconf 87' lang='lat' dir='ltr'><strong><em>adscriptum</em></strong></span> <span class='ocrx_word' id='word_1_197' title='bbox 3326 1405 3477 1479; x_wconf 85' lang='grc'><strong><em>[158]</em></strong></span> 
     </span>
    </p>
   </div>
   <div class='ocr_carea' id='block_1_29' title="bbox 1904 1481 3482 1566">
    <p class='ocr_par' dir='ltr' id='par_1_29' title="bbox 1904 1481 3482 1566">
     <span class='ocr_line' id='line_1_29' title="bbox 1904 1481 3482 1566; baseline 0.014 -36"><span class='ocrx_word' id='word_1_198' title='bbox 1904 1481 2065 1548; x_wconf 86' lang='lat' dir='ltr'><strong><em>fuisse</em></strong></span> <span class='ocrx_word' id='word_1_199' title='bbox 2124 1483 2414 1550; x_wconf 87' lang='lat' dir='ltr'><strong><em>suspicaris</em></strong></span> <span class='ocrx_word' id='word_1_200' title='bbox 2447 1487 2481 1554; x_wconf 69' lang='grc' dir='ltr'><em>ξε</em></span> <span class='ocrx_word' id='word_1_201' title='bbox 2525 1486 2581 1539; x_wconf 91' lang='lat' dir='ltr'><strong><em>in</em></strong></span> <span class='ocrx_word' id='word_1_202' title='bbox 2629 1502 2687 1540; x_wconf 91' lang='lat' dir='ltr'><strong><em>eo</em></strong></span> <span class='ocrx_word' id='word_1_203' title='bbox 2734 1497 2803 1551; x_wconf 94' lang='lat' dir='ltr'><strong><em>te,</em></strong></span> <span class='ocrx_word' id='word_1_204' title='bbox 2860 1491 3178 1547; x_wconf 88' lang='lat' dir='ltr'><strong><em>amicissime</em></strong></span> <span class='ocrx_word' id='word_1_205' title='bbox 3235 1513 3380 1566; x_wconf 79' lang='lat' dir='ltr'><strong><em>rogo,</em></strong></span> <span class='ocrx_word' id='word_1_206' title='bbox 3425 1510 3482 1552; x_wconf 89' lang='lat' dir='ltr'><strong><em>ut</em></strong></span> 
     </span>
    </p>
   </div>
   <div class='ocr_carea' id='block_1_30' title="bbox 1906 1570 3478 1652">
    <p class='ocr_par' dir='ltr' id='par_1_30' title="bbox 1906 1570 3478 1652">
     <span class='ocr_line' id='line_1_30' title="bbox 1906 1570 3478 1652; baseline 0.013 -32"><span class='ocrx_word' id='word_1_207' title='bbox 1906 1570 2119 1623; x_wconf 88' lang='lat' dir='ltr'><strong><em>unicum</em></strong></span> <span class='ocrx_word' id='word_1_208' title='bbox 2149 1572 2408 1638; x_wconf 81' lang='lat' dir='ltr'><strong><em>Opinionis</em></strong></span> <span class='ocrx_word' id='word_1_209' title='bbox 2437 1577 2717 1630; x_wconf 77' lang='lat' dir='ltr'><strong><em>contraria:</em></strong></span> <span class='ocrx_word' id='word_1_210' title='bbox 2743 1577 3135 1643; x_wconf 87' lang='lat' dir='ltr'><strong><em>ﬁrmamentum</em></strong></span> <span class='ocrx_word' id='word_1_211' title='bbox 3168 1588 3478 1652; x_wconf 87' lang='lat' dir='ltr'><strong><em>perpendas.</em></strong></span> 
     </span>
    </p>
   </div>
   <div class='ocr_carea' id='block_1_31' title="bbox 1905 1662 3481 1746">
    <p class='ocr_par' dir='ltr' id='par_1_31' title="bbox 1905 1662 3481 1746">
     <span class='ocr_line' id='line_1_31' title="bbox 1905 1662 3481 1746; baseline 0.01 -30"><span class='ocrx_word' id='word_1_212' title='bbox 1905 1662 2047 1718; x_wconf 79' lang='lat' dir='ltr'><strong><em>Nam</em></strong></span> <span class='ocrx_word' id='word_1_213' title='bbox 2068 1664 2323 1737; x_wconf 73' lang='lat' dir='ltr'><strong><em>Iosephus</em></strong></span> <span class='ocrx_word' id='word_1_214' title='bbox 2357 1665 2710 1723; x_wconf 70' lang='lat' dir='ltr'><strong><em>Hemonensis</em></strong></span> <span class='ocrx_word' id='word_1_215' title='bbox 2756 1671 3028 1740; x_wconf 86' lang='lat' dir='ltr'><strong><em>episcopus</em></strong></span> <span class='ocrx_word' id='word_1_216' title='bbox 3078 1675 3132 1727; x_wconf 90' lang='lat' dir='ltr'><strong><em>in</em></strong></span> <span class='ocrx_word' id='word_1_217' title='bbox 3168 1673 3481 1746; x_wconf 88' lang='lat' dir='ltr'><strong><em>Defensione</em></strong></span> 
     </span>
    </p>
   </div>
   <div class='ocr_carea' id='block_1_32' title="bbox 1906 1758 3479 1836">
    <p class='ocr_par' dir='ltr' id='par_1_32' title="bbox 1906 1758 3479 1836">
     <span class='ocr_line' id='line_1_32' title="bbox 1906 1758 3479 1836; baseline 0.009 -26"><span class='ocrx_word' id='word_1_218' title='bbox 1906 1767 2088 1811; x_wconf 86' lang='lat' dir='ltr'><strong><em>contra</em></strong></span> <span class='ocrx_word' id='word_1_219' title='bbox 2138 1758 2381 1814; x_wconf 83' lang='lat' dir='ltr'><strong><em>Marcum</em></strong></span> <span class='ocrx_word' id='word_1_220' title='bbox 2420 1761 2811 1836; x_wconf 87' lang='lat' dir='ltr'><strong><em>metropolitam</em></strong></span> <span class='ocrx_word' id='word_1_221' title='bbox 2868 1764 3062 1834; x_wconf 74' lang='lat' dir='ltr'><strong><em>(exstat</em></strong></span> <span class='ocrx_word' id='word_1_222' title='bbox 3100 1767 3181 1820; x_wconf 90' lang='lat' dir='ltr'><strong><em>hic</em></strong></span> <span class='ocrx_word' id='word_1_223' title='bbox 3246 1768 3374 1823; x_wconf 90' lang='lat' dir='ltr'><strong><em>liber</em></strong></span> <span class='ocrx_word' id='word_1_224' title='bbox 3424 1771 3479 1824; x_wconf 90' lang='lat' dir='ltr'><strong><em>in</em></strong></span> 
     </span>
    </p>
   </div>
   <div class='ocr_carea' id='block_1_33' title="bbox 220 1849 3481 1935">
    <p class='ocr_par' dir='ltr' id='par_1_33' title="bbox 220 1849 3481 1935">
     <span class='ocr_line' id='line_1_33' title="bbox 220 1849 3481 1935; baseline 0.002 -27"><span class='ocrx_word' id='word_1_225' title='bbox 220 1854 346 1906; x_wconf 88' lang='lat' dir='ltr'><strong><em>olim</em></strong></span> <span class='ocrx_word' id='word_1_226' title='bbox 369 1870 567 1908; x_wconf 89' lang='lat' dir='ltr'><strong><em>morem</em></strong></span> <span class='ocrx_word' id='word_1_227' title='bbox 592 1854 1012 1935; x_wconf 31' lang='lat' dir='ltr'><strong><em>servavit,.quem</em></strong></span> <span class='ocrx_word' id='word_1_228' title='bbox 1047 1871 1212 1925; x_wconf 88' lang='lat' dir='ltr'><strong><em>nuper</em></strong></span> <span class='ocrx_word' id='word_1_229' title='bbox 1239 1854 1431 1910; x_wconf 88' lang='lat' dir='ltr'><strong><em>Surius</em></strong></span> <span class='ocrx_word' id='word_1_230' title='bbox 1457 1853 1680 1909; x_wconf 88' lang='lat' dir='ltr'><strong><em>Patrum</em></strong></span> <span class='ocrx_word' id='word_1_231' title='bbox 1703 1870 1800 1908; x_wconf 90' lang='lat' dir='ltr'><strong><em>no-</em></strong></span> <span class='ocrx_word' id='word_1_232' title='bbox 1835 1857 1878 1918; x_wconf 82' lang='grc' dir='ltr'><strong>Β</strong></span> <span class='ocrx_word' id='word_1_233' title='bbox 1907 1850 2145 1904; x_wconf 84' lang='lat' dir='ltr'><strong><em>conciliis</em></strong></span> <span class='ocrx_word' id='word_1_234' title='bbox 2178 1849 2632 1918; x_wconf 61' lang='lat' dir='ltr'><strong><em>Graeco-Latinis,</em></strong></span> <span class='ocrx_word' id='word_1_235' title='bbox 2667 1855 2910 1910; x_wconf 88' lang='lat' dir='ltr'><strong><em>editionis</em></strong></span> <span class='ocrx_word' id='word_1_236' title='bbox 2941 1855 3196 1913; x_wconf 67' lang='lat' dir='ltr'><strong><em>Romani:</em></strong></span> <span class='ocrx_word' id='word_1_237' title='bbox 3218 1862 3288 1913; x_wconf 91' lang='lat' dir='ltr'><strong><em>ad</em></strong></span> <span class='ocrx_word' id='word_1_238' title='bbox 3323 1861 3481 1930; x_wconf 81' lang='lat' dir='ltr'><strong><em>ﬁnem</em></strong></span> 
     </span>
    </p>
   </div>
   <div class='ocr_carea' id='block_1_34' title="bbox 220 1948 1801 2019">
    <p class='ocr_par' dir='ltr' id='par_1_34' title="bbox 220 1948 1801 2019">
     <span class='ocr_line' id='line_1_34' title="bbox 220 1948 1801 2019; baseline 0 -17"><span class='ocrx_word' id='word_1_239' title='bbox 220 1959 453 2002; x_wconf 87' lang='lat' dir='ltr'><strong><em>strorum</em></strong></span> <span class='ocrx_word' id='word_1_240' title='bbox 488 1949 740 2003; x_wconf 88' lang='lat' dir='ltr'><strong><em>memoria</em></strong></span> <span class='ocrx_word' id='word_1_241' title='bbox 759 1950 784 2002; x_wconf 84' lang='lat'><strong><em>?</em></strong></span> <span class='ocrx_word' id='word_1_242' title='bbox 808 1948 862 2002; x_wconf 89' lang='lat' dir='ltr'><strong><em>Is</em></strong></span> <span class='ocrx_word' id='word_1_243' title='bbox 887 1949 1076 2019; x_wconf 87' lang='lat' dir='ltr'><strong><em>quippe</em></strong></span> <span class='ocrx_word' id='word_1_244' title='bbox 1106 1949 1302 2003; x_wconf 90' lang='lat' dir='ltr'><strong><em>multas</em></strong></span> <span class='ocrx_word' id='word_1_245' title='bbox 1330 1957 1630 2004; x_wconf 91' lang='lat' dir='ltr'><strong><em>sanctorum</em></strong></span> <span class='ocrx_word' id='word_1_246' title='bbox 1659 1948 1801 2004; x_wconf 86' lang='lat' dir='ltr'><strong><em>Vitas</em></strong></span> 
     </span>
    </p>
   </div>
   <div class='ocr_carea' id='block_1_35' title="bbox 221 2039 1803 2111">
    <p class='ocr_par' dir='ltr' id='par_1_35' title="bbox 221 2039 1803 2111">
     <span class='ocr_line' id='line_1_35' title="bbox 221 2039 1803 2111; baseline 0.001 -19"><span class='ocrx_word' id='word_1_247' title='bbox 221 2057 253 2092; x_wconf 94' lang='lat' dir='ltr'><strong><em>a</em></strong></span> <span class='ocrx_word' id='word_1_248' title='bbox 273 2039 588 2094; x_wconf 87' lang='lat' dir='ltr'><strong><em>Latinorum</em></strong></span> <span class='ocrx_word' id='word_1_249' title='bbox 615 2040 869 2094; x_wconf 89' lang='lat' dir='ltr'><strong><em>veteribus</em></strong></span> <span class='ocrx_word' id='word_1_250' title='bbox 899 2040 1230 2110; x_wconf 89' lang='lat' dir='ltr'><strong><em>quibusdam,</em></strong></span> <span class='ocrx_word' id='word_1_251' title='bbox 1270 2050 1327 2094; x_wconf 89' lang='lat' dir='ltr'><strong><em>ut</em></strong></span> <span class='ocrx_word' id='word_1_252' title='bbox 1364 2041 1606 2111; x_wconf 90' lang='lat' dir='ltr'><strong><em>putabat,</em></strong></span> <span class='ocrx_word' id='word_1_253' title='bbox 1627 2041 1803 2094; x_wconf 85' lang='lat' dir='ltr'><strong><em>sordi-</em></strong></span> 
     </span>
    </p>
   </div>
   <div class='ocr_carea' id='block_1_36' title="bbox 221 2133 1802 2203">
    <p class='ocr_par' dir='ltr' id='par_1_36' title="bbox 221 2133 1802 2203">
     <span class='ocr_line' id='line_1_36' title="bbox 221 2133 1802 2203; baseline 0 -18"><span class='ocrx_word' id='word_1_254' title='bbox 221 2133 337 2185; x_wconf 87' lang='lat' dir='ltr'><strong><em>dius</em></strong></span> <span class='ocrx_word' id='word_1_255' title='bbox 383 2133 632 2202; x_wconf 90' lang='lat' dir='ltr'><strong><em>scriptas,</em></strong></span> <span class='ocrx_word' id='word_1_256' title='bbox 655 2133 945 2200; x_wconf 76' lang='lat' dir='ltr'><strong><em>prolixiore</em></strong></span> <span class='ocrx_word' id='word_1_257' title='bbox 972 2134 1169 2202; x_wconf 90' lang='lat' dir='ltr'><strong><em>passim</em></strong></span> <span class='ocrx_word' id='word_1_258' title='bbox 1201 2133 1335 2203; x_wconf 83' lang='lat' dir='ltr'><strong><em>ston</em></strong></span> <span class='ocrx_word' id='word_1_259' title='bbox 1379 2133 1612 2203; x_wconf 88' lang='lat' dir='ltr'><strong><em>digessit,</em></strong></span> <span class='ocrx_word' id='word_1_260' title='bbox 1647 2133 1802 2202; x_wconf 88' lang='lat' dir='ltr'><strong><em>idque</em></strong></span> 
     </span>
    </p>
   </div>
   <div class='ocr_carea' id='block_1_37' title="bbox 221 2225 1798 2297">
    <p class='ocr_par' dir='ltr' id='par_1_37' title="bbox 221 2225 1798 2297">
     <span class='ocr_line' id='line_1_37' title="bbox 221 2225 1798 2297; baseline -0.001 -19"><span class='ocrx_word' id='word_1_261' title='bbox 221 2242 324 2278; x_wconf 89' lang='lat' dir='ltr'><strong><em>non</em></strong></span> <span class='ocrx_word' id='word_1_262' title='bbox 353 2227 409 2279; x_wconf 89' lang='lat' dir='ltr'><strong><em>in</em></strong></span> <span class='ocrx_word' id='word_1_263' title='bbox 440 2243 558 2290; x_wconf 88' lang='lat' dir='ltr'><strong><em>sua,</em></strong></span> <span class='ocrx_word' id='word_1_264' title='bbox 586 2227 675 2280; x_wconf 90' lang='lat' dir='ltr'><strong><em>sed</em></strong></span> <span class='ocrx_word' id='word_1_265' title='bbox 701 2235 1000 2290; x_wconf 89' lang='lat' dir='ltr'><strong><em>auctorum,</em></strong></span> <span class='ocrx_word' id='word_1_266' title='bbox 1025 2243 1153 2297; x_wconf 91' lang='lat' dir='ltr'><strong><em>quos</em></strong></span> <span class='ocrx_word' id='word_1_267' title='bbox 1174 2225 1504 2290; x_wconf 89' lang='lat' dir='ltr'><strong><em>emendabat,</em></strong></span> <span class='ocrx_word' id='word_1_268' title='bbox 1528 2239 1749 2292; x_wconf 79' lang='lat' dir='ltr'><strong><em>persona</em></strong></span> <span class='ocrx_word' id='word_1_269' title='bbox 1779 2238 1798 2276; x_wconf 91' lang='lat'><strong><em>:</em></strong></span> 
     </span>
    </p>
   </div>
   <div class='ocr_carea' id='block_1_38' title="bbox 222 2315 1801 2393">
    <p class='ocr_par' dir='ltr' id='par_1_38' title="bbox 222 2315 1801 2393">
     <span class='ocr_line' id='line_1_38' title="bbox 222 2315 1801 2393; baseline -0.001 -24"><span class='ocrx_word' id='word_1_270' title='bbox 222 2319 360 2387; x_wconf 77' lang='lat' dir='ltr'><strong><em>quod</em></strong></span> <span class='ocrx_word' id='word_1_271' title='bbox 394 2318 608 2387; x_wconf 89' lang='lat' dir='ltr'><strong><em>quidem</em></strong></span> <span class='ocrx_word' id='word_1_272' title='bbox 645 2316 794 2384; x_wconf 88' lang='lat' dir='ltr'><strong><em>Surii</em></strong></span> <span class='ocrx_word' id='word_1_273' title='bbox 817 2319 1037 2393; x_wconf 78' lang='lat' dir='ltr'><strong><em>factum,</em></strong></span> <span class='ocrx_word' id='word_1_274' title='bbox 1093 2334 1164 2370; x_wconf 89' lang='lat' dir='ltr'><strong><em>an</em></strong></span> <span class='ocrx_word' id='word_1_275' title='bbox 1192 2318 1324 2371; x_wconf 91' lang='lat' dir='ltr'><strong><em>satis</em></strong></span> <span class='ocrx_word' id='word_1_276' title='bbox 1357 2317 1426 2369; x_wconf 90' lang='lat' dir='ltr'><strong><em>ad</em></strong></span> <span class='ocrx_word' id='word_1_277' title='bbox 1455 2315 1801 2370; x_wconf 87' lang='lat' dir='ltr'><strong><em>eruditionem</em></strong></span> 
     </span>
    </p>
   </div>
   <div class='ocr_carea' id='block_1_39' title="bbox 220 2407 1802 2479">
    <p class='ocr_par' dir='ltr' id='par_1_39' title="bbox 220 2407 1802 2479">
     <span class='ocr_line' id='line_1_39' title="bbox 220 2407 1802 2479; baseline -0.001 -17"><span class='ocrx_word' id='word_1_278' title='bbox 220 2410 592 2478; x_wconf 83' lang='lat' dir='ltr'><strong><em>antiquariam</em></strong></span> <span class='ocrx_word' id='word_1_279' title='bbox 617 2411 802 2479; x_wconf 88' lang='lat' dir='ltr'><strong><em>prosit,</em></strong></span> <span class='ocrx_word' id='word_1_280' title='bbox 837 2425 939 2462; x_wconf 91' lang='lat' dir='ltr'><strong><em>non</em></strong></span> <span class='ocrx_word' id='word_1_281' title='bbox 970 2411 1198 2479; x_wconf 90' lang='lat' dir='ltr'><strong><em>disputo.</em></strong></span> <span class='ocrx_word' id='word_1_282' title='bbox 1241 2407 1375 2462; x_wconf 79' lang='lat' dir='ltr'><strong><em>Mihi</em></strong></span> <span class='ocrx_word' id='word_1_283' title='bbox 1411 2417 1544 2462; x_wconf 87' lang='lat' dir='ltr'><strong><em>certe</em></strong></span> <span class='ocrx_word' id='word_1_284' title='bbox 1576 2407 1725 2461; x_wconf 89' lang='lat' dir='ltr'><strong><em>nulla</em></strong></span> <span class='ocrx_word' id='word_1_285' title='bbox 1747 2407 1802 2461; x_wconf 91' lang='lat' dir='ltr'><strong><em>in</em></strong></span> 
     </span>
    </p>
   </div>
   <div class='ocr_carea' id='block_1_40' title="bbox 218 2489 1801 2571">
    <p class='ocr_par' dir='ltr' id='par_1_40' title="bbox 218 2489 1801 2571">
     <span class='ocr_line' id='line_1_40' title="bbox 218 2489 1801 2571; baseline -0.001 -16"><span class='ocrx_word' id='word_1_286' title='bbox 218 2489 385 2556; x_wconf 81' lang='lat' dir='ltr'><strong><em>sacris</em></strong></span> <span class='ocrx_word' id='word_1_287' title='bbox 411 2497 706 2571; x_wconf 80' lang='lat' dir='ltr'><strong><em>antiquitas</em></strong></span> <span class='ocrx_word' id='word_1_288' title='bbox 731 2504 926 2568; x_wconf 88' lang='lat' dir='ltr'><strong><em>sordet,</em></strong></span> <span class='ocrx_word' id='word_1_289' title='bbox 957 2513 1010 2556; x_wconf 88' lang='lat' dir='ltr'><strong><em>ut</em></strong></span> <span class='ocrx_word' id='word_1_290' title='bbox 1036 2503 1388 2557; x_wconf 85' lang='lat' dir='ltr'><strong><em>venerandam</em></strong></span> <span class='ocrx_word' id='word_1_291' title='bbox 1416 2502 1529 2571; x_wconf 87' lang='lat' dir='ltr'><strong><em>ejus</em></strong></span> <span class='ocrx_word' id='word_1_292' title='bbox 1553 2501 1801 2554; x_wconf 85' lang='lat' dir='ltr'><strong><em>canitiem</em></strong></span> 
     </span>
    </p>
   </div>
   <div class='ocr_carea' id='block_1_41' title="bbox 222 2589 1802 2664">
    <p class='ocr_par' dir='ltr' id='par_1_41' title="bbox 222 2589 1802 2664">
     <span class='ocr_line' id='line_1_41' title="bbox 222 2589 1802 2664; baseline -0.002 -19"><span class='ocrx_word' id='word_1_293' title='bbox 222 2602 415 2646; x_wconf 87' lang='lat' dir='ltr'><strong><em>ornatu</em></strong></span> <span class='ocrx_word' id='word_1_294' title='bbox 446 2593 620 2662; x_wconf 69' lang='lat' dir='ltr'><strong><em>alicjto</em></strong></span> <span class='ocrx_word' id='word_1_295' title='bbox 674 2594 905 2664; x_wconf 89' lang='lat' dir='ltr'><strong><em>indigere</em></strong></span> <span class='ocrx_word' id='word_1_296' title='bbox 933 2602 1129 2662; x_wconf 89' lang='lat' dir='ltr'><strong><em>putem.</em></strong></span> <span class='ocrx_word' id='word_1_297' title='bbox 1161 2591 1304 2646; x_wconf 89' lang='lat' dir='ltr'><strong><em>Illud</em></strong></span> <span class='ocrx_word' id='word_1_298' title='bbox 1334 2592 1442 2656; x_wconf 91' lang='lat' dir='ltr'><strong><em>aio,</em></strong></span> <span class='ocrx_word' id='word_1_299' title='bbox 1473 2591 1518 2644; x_wconf 92' lang='lat' dir='ltr'><strong><em>si</em></strong></span> <span class='ocrx_word' id='word_1_300' title='bbox 1554 2591 1668 2660; x_wconf 90' lang='lat' dir='ltr'><strong><em>quis</em></strong></span> <span class='ocrx_word' id='word_1_301' title='bbox 1699 2589 1802 2642; x_wconf 88' lang='lat' dir='ltr'><strong><em>ali-</em></strong></span> 
     </span>
    </p>
   </div>
   <div class='ocr_carea' id='block_1_42' title="bbox 221 2683 1802 2755">
    <p class='ocr_par' dir='ltr' id='par_1_42' title="bbox 221 2683 1802 2755">
     <span class='ocr_line' id='line_1_42' title="bbox 221 2683 1802 2755; baseline -0.001 -19"><span class='ocrx_word' id='word_1_302' title='bbox 221 2689 432 2755; x_wconf 85' lang='lat' dir='ltr'><strong><em>quando</em></strong></span> <span class='ocrx_word' id='word_1_303' title='bbox 481 2702 506 2738; x_wconf 94' lang='lat' dir='ltr'><strong><em>e</em></strong></span> <span class='ocrx_word' id='word_1_304' title='bbox 554 2686 775 2754; x_wconf 88' lang='lat' dir='ltr'><strong><em>posteris</em></strong></span> <span class='ocrx_word' id='word_1_305' title='bbox 816 2685 964 2754; x_wconf 87' lang='lat' dir='ltr'><strong><em>longe</em></strong></span> <span class='ocrx_word' id='word_1_306' title='bbox 1005 2694 1118 2753; x_wconf 91' lang='lat' dir='ltr'><strong><em>post</em></strong></span> <span class='ocrx_word' id='word_1_307' title='bbox 1144 2699 1236 2738; x_wconf 92' lang='lat' dir='ltr'><strong><em>nos</em></strong></span> <span class='ocrx_word' id='word_1_308' title='bbox 1280 2684 1472 2754; x_wconf 91' lang='lat' dir='ltr'><strong><em>futuris</em></strong></span> <span class='ocrx_word' id='word_1_309' title='bbox 1533 2683 1802 2754; x_wconf 86' lang='lat' dir='ltr'><strong><em>ignoraret</em></strong></span> 
     </span>
    </p>
   </div>
   <div class='ocr_carea' id='block_1_43' title="bbox 221 2776 1802 2848">
    <p class='ocr_par' dir='ltr' id='par_1_43' title="bbox 221 2776 1802 2848">
     <span class='ocr_line' id='line_1_43' title="bbox 221 2776 1802 2848; baseline -0.001 -18"><span class='ocrx_word' id='word_1_310' title='bbox 221 2781 421 2848; x_wconf 81' lang='lat' dir='ltr'><strong><em>factum</em></strong></span> <span class='ocrx_word' id='word_1_311' title='bbox 449 2779 545 2831; x_wconf 82' lang='lat' dir='ltr'><strong><em>hoc</em></strong></span> <span class='ocrx_word' id='word_1_312' title='bbox 575 2776 738 2842; x_wconf 88' lang='lat' dir='ltr'><strong><em>Surii,</em></strong></span> <span class='ocrx_word' id='word_1_313' title='bbox 775 2787 822 2831; x_wconf 91' lang='lat' dir='ltr'><strong><em>et</em></strong></span> <span class='ocrx_word' id='word_1_314' title='bbox 843 2777 1246 2848; x_wconf 67' lang='lat' dir='ltr'><strong><em>pra’fationibus</em></strong></span> <span class='ocrx_word' id='word_1_315' title='bbox 1272 2776 1385 2846; x_wconf 83' lang='lat' dir='ltr'><strong><em>ejus</em></strong></span> <span class='ocrx_word' id='word_1_316' title='bbox 1405 2777 1632 2840; x_wconf 91' lang='lat' dir='ltr'><strong><em>amissis,</em></strong></span> <span class='ocrx_word' id='word_1_317' title='bbox 1660 2776 1802 2829; x_wconf 90' lang='lat' dir='ltr'><strong><em>solas</em></strong></span> 
     </span>
    </p>
   </div>
   <div class='ocr_carea' id='block_1_44' title="bbox 219 2865 1802 2936">
    <p class='ocr_par' dir='ltr' id='par_1_44' title="bbox 219 2865 1802 2936">
     <span class='ocr_line' id='line_1_44' title="bbox 219 2865 1802 2936; baseline -0.003 -13"><span class='ocrx_word' id='word_1_318' title='bbox 219 2872 461 2924; x_wconf 85' lang='lat' dir='ltr'><strong><em>divarum</em></strong></span> <span class='ocrx_word' id='word_1_319' title='bbox 505 2869 653 2924; x_wconf 81' lang='lat' dir='ltr'><strong><em>Vitas</em></strong></span> <span class='ocrx_word' id='word_1_320' title='bbox 685 2887 717 2924; x_wconf 91' lang='lat' dir='ltr'><strong><em>a</em></strong></span> <span class='ocrx_word' id='word_1_321' title='bbox 758 2867 914 2924; x_wconf 87' lang='lat' dir='ltr'><strong><em>Suria</em></strong></span> <span class='ocrx_word' id='word_1_322' title='bbox 949 2869 1118 2924; x_wconf 86' lang='lat' dir='ltr'><strong><em>editas</em></strong></span> <span class='ocrx_word' id='word_1_323' title='bbox 1153 2868 1403 2922; x_wconf 87' lang='lat' dir='ltr'><strong><em>inveniret</em></strong></span> <span class='ocrx_word' id='word_1_324' title='bbox 1447 2869 1526 2936; x_wconf 91' lang='lat' dir='ltr'><strong><em>(ut</em></strong></span> <span class='ocrx_word' id='word_1_325' title='bbox 1557 2867 1611 2920; x_wconf 91' lang='lat' dir='ltr'><strong><em>in</em></strong></span> <span class='ocrx_word' id='word_1_326' title='bbox 1634 2865 1802 2920; x_wconf 73' lang='lat' dir='ltr'><strong><em>Meta-</em></strong></span> 
     </span>
    </p>
   </div>
   <div class='ocr_carea' id='block_1_45' title="bbox 220 2959 1803 3031">
    <p class='ocr_par' dir='ltr' id='par_1_45' title="bbox 220 2959 1803 3031">
     <span class='ocr_line' id='line_1_45' title="bbox 220 2959 1803 3031; baseline -0.001 -19"><span class='ocrx_word' id='word_1_327' title='bbox 220 2962 436 3028; x_wconf 68' lang='lat' dir='ltr'><strong><em>rhraste</em></strong></span> <span class='ocrx_word' id='word_1_328' title='bbox 465 2962 696 3031; x_wconf 82' lang='lat' dir='ltr'><strong><em>scriptis,</em></strong></span> <span class='ocrx_word' id='word_1_329' title='bbox 745 2962 880 3014; x_wconf 89' lang='lat' dir='ltr'><strong><em>heu!</em></strong></span> <span class='ocrx_word' id='word_1_330' title='bbox 911 2960 1109 3029; x_wconf 89' lang='lat' dir='ltr'><strong><em>factum</em></strong></span> <span class='ocrx_word' id='word_1_331' title='bbox 1139 2976 1250 3014; x_wconf 90' lang='lat' dir='ltr'><strong><em>esse</em></strong></span> <span class='ocrx_word' id='word_1_332' title='bbox 1279 2959 1553 3028; x_wconf 83' lang='lat' dir='ltr'><strong><em>videmus),</em></strong></span> <span class='ocrx_word' id='word_1_333' title='bbox 1581 2975 1652 3012; x_wconf 88' lang='lat' dir='ltr'><strong><em>an</em></strong></span> <span class='ocrx_word' id='word_1_334' title='bbox 1699 2975 1803 3012; x_wconf 89' lang='lat' dir='ltr'><strong><em>non</em></strong></span> 
     </span>
    </p>
   </div>
   <div class='ocr_carea' id='block_1_46' title="bbox 222 3051 1802 3124">
    <p class='ocr_par' dir='ltr' id='par_1_46' title="bbox 222 3051 1802 3124">
     <span class='ocr_line' id='line_1_46' title="bbox 222 3051 1802 3124; baseline -0.002 -17"><span class='ocrx_word' id='word_1_335' title='bbox 222 3065 266 3107; x_wconf 89' lang='lat' dir='ltr'><strong><em>et</em></strong></span> <span class='ocrx_word' id='word_1_336' title='bbox 315 3055 406 3108; x_wconf 90' lang='lat' dir='ltr'><strong><em>ille</em></strong></span> <span class='ocrx_word' id='word_1_337' title='bbox 451 3055 656 3108; x_wconf 89' lang='lat' dir='ltr'><strong><em>demum</em></strong></span> <span class='ocrx_word' id='word_1_338' title='bbox 701 3053 1126 3124; x_wconf 69' lang='lat' dir='ltr'><strong><em>perplexissimus</em></strong></span> <span class='ocrx_word' id='word_1_339' title='bbox 1157 3053 1302 3122; x_wconf 88' lang='lat' dir='ltr'><strong><em>ﬁeret</em></strong></span> <span class='ocrx_word' id='word_1_340' title='bbox 1352 3051 1405 3104; x_wconf 90' lang='lat' dir='ltr'><strong><em>in</em></strong></span> <span class='ocrx_word' id='word_1_341' title='bbox 1441 3051 1802 3121; x_wconf 87' lang='lat' dir='ltr'><strong><em>cognoscendis</em></strong></span> 
     </span>
    </p>
   </div>
   <div class='ocr_carea' id='block_1_47' title="bbox 223 3142 1801 3214">
    <p class='ocr_par' dir='ltr' id='par_1_47' title="bbox 223 3142 1801 3214">
     <span class='ocr_line' id='line_1_47' title="bbox 223 3142 1801 3214; baseline -0.003 -16"><span class='ocrx_word' id='word_1_342' title='bbox 223 3147 543 3214; x_wconf 88' lang='lat' dir='ltr'><strong><em>temporibus</em></strong></span> <span class='ocrx_word' id='word_1_343' title='bbox 573 3145 745 3208; x_wconf 88' lang='lat' dir='ltr'><strong><em>Surii,</em></strong></span> <span class='ocrx_word' id='word_1_344' title='bbox 785 3161 900 3198; x_wconf 90' lang='lat' dir='ltr'><strong><em>cum</em></strong></span> <span class='ocrx_word' id='word_1_345' title='bbox 929 3161 1064 3214; x_wconf 68' lang='lat' dir='ltr'><strong><em>stupe</em></strong></span> <span class='ocrx_word' id='word_1_346' title='bbox 1101 3142 1291 3198; x_wconf 85' lang='lat' dir='ltr'><strong><em>Suriu&#39;s</em></strong></span> <span class='ocrx_word' id='word_1_347' title='bbox 1321 3145 1374 3197; x_wconf 88' lang='lat' dir='ltr'><strong><em>in</em></strong></span> <span class='ocrx_word' id='word_1_348' title='bbox 1409 3159 1590 3197; x_wconf 92' lang='lat' dir='ltr'><strong><em>eorum</em></strong></span> <span class='ocrx_word' id='word_1_349' title='bbox 1618 3152 1801 3196; x_wconf 83' lang='lat' dir='ltr'><strong><em>aucto-</em></strong></span> 
     </span>
    </p>
   </div>
   <div class='ocr_carea' id='block_1_48' title="bbox 1906 1940 3476 2019">
    <p class='ocr_par' dir='ltr' id='par_1_48' title="bbox 1906 1940 3476 2019">
     <span class='ocr_line' id='line_1_48' title="bbox 1906 1940 3476 2019; baseline 0.009 -26"><span class='ocrx_word' id='word_1_350' title='bbox 1906 1940 2118 1994; x_wconf 89' lang='lat' dir='ltr'><strong><em>concilii</em></strong></span> <span class='ocrx_word' id='word_1_351' title='bbox 2170 1941 2484 2013; x_wconf 85' lang='lat' dir='ltr'><strong><em>Florentini)</em></strong></span> <span class='ocrx_word' id='word_1_352' title='bbox 2517 1943 2825 2015; x_wconf 82' lang='lat' dir='ltr'><strong><em>Symeonem</em></strong></span> <span class='ocrx_word' id='word_1_353' title='bbox 2848 1951 2984 2001; x_wconf 86' lang='lat' dir='ltr'><strong><em>hunc</em></strong></span> <span class='ocrx_word' id='word_1_354' title='bbox 3008 1947 3410 2019; x_wconf 74' lang='lat' dir='ltr'><strong><em>Metaphrastem</em></strong></span> <span class='ocrx_word' id='word_1_355' title='bbox 3443 1971 3476 2007; x_wconf 91' lang='lat' dir='ltr'><strong><em>a</em></strong></span> 
     </span>
    </p>
   </div>
   <div class='ocr_carea' id='block_1_49' title="bbox 1904 2019 3480 2108">
    <p class='ocr_par' dir='ltr' id='par_1_49' title="bbox 1904 2019 3480 2108">
     <span class='ocr_line' id='line_1_49' title="bbox 1904 2019 3480 2108; baseline 0.008 -21"><span class='ocrx_word' id='word_1_356' title='bbox 1904 2019 2099 2088; x_wconf 55' lang='lat' dir='ltr'><strong><em>Griecis</em></strong></span> <span class='ocrx_word' id='word_1_357' title='bbox 2124 2035 2323 2088; x_wconf 87' lang='lat' dir='ltr'><strong><em>dictum</em></strong></span> <span class='ocrx_word' id='word_1_358' title='bbox 2353 2052 2460 2090; x_wconf 91' lang='lat' dir='ltr'><strong><em>esse</em></strong></span> <span class='ocrx_word' id='word_1_359' title='bbox 2494 2035 2806 2108; x_wconf 86' lang='lat' dir='ltr'><strong><em>Theologum</em></strong></span> <span class='ocrx_word' id='word_1_360' title='bbox 2831 2039 2922 2092; x_wconf 85' lang='grc' dir='ltr'><strong><em>τὸν</em></strong></span> <span class='ocrx_word' id='word_1_361' title='bbox 2951 2041 3092 2106; x_wconf 84' lang='grc' dir='ltr'>νέον,</span> <span class='ocrx_word' id='word_1_362' title='bbox 3113 2044 3211 2108; x_wconf 88' lang='lat' dir='ltr'><strong><em>ait,</em></strong></span> <span class='ocrx_word' id='word_1_363' title='bbox 3235 2061 3325 2098; x_wconf 89' lang='lat' dir='ltr'><strong><em>seu</em></strong></span> <span class='ocrx_word' id='word_1_364' title='bbox 3368 2046 3480 2099; x_wconf 81' lang='lat' dir='ltr'><strong><em>Ju-</em></strong></span> 
     </span>
    </p>
   </div>
   <div class='ocr_carea' id='block_1_50' title="bbox 1903 2126 3480 2204">
    <p class='ocr_par' dir='ltr' id='par_1_50' title="bbox 1903 2126 3480 2204">
     <span class='ocr_line' id='line_1_50' title="bbox 1903 2126 3480 2204; baseline 0.01 -26"><span class='ocrx_word' id='word_1_365' title='bbox 1903 2126 2100 2180; x_wconf 88' lang='lat' dir='ltr'><strong><em>niorem</em></strong></span> <span class='ocrx_word' id='word_1_366' title='bbox 2146 2142 2165 2180; x_wconf 91' lang='lat'><strong><em>:</em></strong></span> <span class='ocrx_word' id='word_1_367' title='bbox 2206 2136 2262 2180; x_wconf 88' lang='lat' dir='ltr'><strong><em>ut</em></strong></span> <span class='ocrx_word' id='word_1_368' title='bbox 2314 2128 2432 2197; x_wconf 89' lang='lat' dir='ltr'><strong><em>jam</em></strong></span> <span class='ocrx_word' id='word_1_369' title='bbox 2468 2130 2652 2183; x_wconf 88' lang='lat' dir='ltr'><strong><em>merito</em></strong></span> <span class='ocrx_word' id='word_1_370' title='bbox 2694 2133 2888 2186; x_wconf 84' lang='lat' dir='ltr'><strong><em>sentire</em></strong></span> <span class='ocrx_word' id='word_1_371' title='bbox 2925 2136 3041 2204; x_wconf 90' lang='lat' dir='ltr'><strong><em>quis</em></strong></span> <span class='ocrx_word' id='word_1_372' title='bbox 3096 2139 3280 2204; x_wconf 89' lang='lat' dir='ltr'><strong><em>possit,</em></strong></span> <span class='ocrx_word' id='word_1_373' title='bbox 3330 2139 3480 2193; x_wconf 87' lang='lat' dir='ltr'><strong><em>illum</em></strong></span> 
     </span>
    </p>
   </div>
   <div class='ocr_carea' id='block_1_51' title="bbox 1904 2216 3482 2300">
    <p class='ocr_par' dir='ltr' id='par_1_51' title="bbox 1904 2216 3482 2300">
     <span class='ocr_line' id='line_1_51' title="bbox 1904 2216 3482 2300; baseline 0.01 -31"><span class='ocrx_word' id='word_1_374' title='bbox 1904 2216 2210 2286; x_wconf 81' lang='lat' dir='ltr'><strong><em>Symeonem</em></strong></span> <span class='ocrx_word' id='word_1_375' title='bbox 2232 2219 2544 2292; x_wconf 85' lang='lat' dir='ltr'><strong><em>Theologum</em></strong></span> <span class='ocrx_word' id='word_1_376' title='bbox 2562 2222 2852 2291; x_wconf 86' lang='lat' dir='ltr'><strong><em>juniorem,</em></strong></span> <span class='ocrx_word' id='word_1_377' title='bbox 2876 2243 2968 2280; x_wconf 89' lang='lat' dir='ltr'><strong><em>seu</em></strong></span> <span class='ocrx_word' id='word_1_378' title='bbox 2988 2227 3106 2281; x_wconf 89' lang='grc' dir='ltr'><strong><em>νέον</em></strong></span> <span class='ocrx_word' id='word_1_379' title='bbox 3140 2230 3313 2300; x_wconf 87' lang='lat' dir='ltr'><strong><em>(cujus</em></strong></span> <span class='ocrx_word' id='word_1_380' title='bbox 3354 2248 3482 2285; x_wconf 87' lang='lat' dir='ltr'><strong><em>ora-</em></strong></span> 
     </span>
    </p>
   </div>
   <div class='ocr_carea' id='block_1_52' title="bbox 1904 2309 3478 2384">
    <p class='ocr_par' dir='ltr' id='par_1_52' title="bbox 1904 2309 3478 2384">
     <span class='ocr_line' id='line_1_52' title="bbox 1904 2309 3478 2384; baseline 0.01 -24"><span class='ocrx_word' id='word_1_381' title='bbox 1904 2309 2069 2362; x_wconf 87' lang='lat' dir='ltr'><strong><em>tiones</em></strong></span> <span class='ocrx_word' id='word_1_382' title='bbox 2096 2321 2198 2366; x_wconf 85' lang='lat' dir='ltr'><strong><em>tres</em></strong></span> <span class='ocrx_word' id='word_1_383' title='bbox 2229 2320 2279 2364; x_wconf 88' lang='lat' dir='ltr'><strong><em>et</em></strong></span> <span class='ocrx_word' id='word_1_384' title='bbox 2335 2313 2520 2384; x_wconf 88' lang='lat' dir='ltr'><strong><em>viginti</em></strong></span> <span class='ocrx_word' id='word_1_385' title='bbox 2572 2326 2744 2370; x_wconf 85' lang='lat' dir='ltr'><strong><em>noster</em></strong></span> <span class='ocrx_word' id='word_1_386' title='bbox 2769 2315 3000 2372; x_wconf 72' lang='lat' dir='ltr'><strong><em>Iacobus</em></strong></span> <span class='ocrx_word' id='word_1_387' title='bbox 3025 2320 3301 2374; x_wconf 87' lang='lat' dir='ltr'><strong><em>Pontanus</em></strong></span> <span class='ocrx_word' id='word_1_388' title='bbox 3330 2339 3357 2376; x_wconf 92' lang='lat' dir='ltr'><strong><em>e</em></strong></span> <span class='ocrx_word' id='word_1_389' title='bbox 3395 2339 3478 2376; x_wconf 85' lang='lat' dir='ltr'><strong><em>co—</em></strong></span> 
     </span>
    </p>
   </div>
   <div class='ocr_carea' id='block_1_53' title="bbox 1903 2400 3477 2482">
    <p class='ocr_par' dir='ltr' id='par_1_53' title="bbox 1903 2400 3477 2482">
     <span class='ocr_line' id='line_1_53' title="bbox 1903 2400 3477 2482; baseline 0.01 -30"><span class='ocrx_word' id='word_1_390' title='bbox 1903 2401 2016 2454; x_wconf 90' lang='lat' dir='ltr'><strong><em>dice</em></strong></span> <span class='ocrx_word' id='word_1_391' title='bbox 2049 2400 2308 2456; x_wconf 86' lang='lat' dir='ltr'><strong><em>Bavarico</em></strong></span> <span class='ocrx_word' id='word_1_392' title='bbox 2339 2406 2526 2476; x_wconf 84' lang='lat' dir='ltr'><strong><em>edidit)</em></strong></span> <span class='ocrx_word' id='word_1_393' title='bbox 2559 2422 2666 2462; x_wconf 87' lang='lat' dir='ltr'><strong><em>esse</em></strong></span> <span class='ocrx_word' id='word_1_394' title='bbox 2698 2406 3010 2478; x_wconf 86' lang='lat' dir='ltr'><strong><em>Symeonem</em></strong></span> <span class='ocrx_word' id='word_1_395' title='bbox 3041 2413 3477 2482; x_wconf 85' lang='lat' dir='ltr'><strong><em>Metaphrastem,</em></strong></span> 
     </span>
    </p>
   </div>
   <div class='ocr_carea' id='block_1_54' title="bbox 1902 2495 3480 2572">
    <p class='ocr_par' dir='ltr' id='par_1_54' title="bbox 1902 2495 3480 2572">
     <span class='ocr_line' id='line_1_54' title="bbox 1902 2495 3480 2572; baseline 0.009 -26"><span class='ocrx_word' id='word_1_396' title='bbox 1902 2495 1992 2563; x_wconf 90' lang='lat' dir='ltr'><strong><em>qui</em></strong></span> <span class='ocrx_word' id='word_1_397' title='bbox 2019 2495 2240 2566; x_wconf 88' lang='lat' dir='ltr'><strong><em>denique</em></strong></span> <span class='ocrx_word' id='word_1_398' title='bbox 2269 2499 2438 2567; x_wconf 82' lang='lat' dir='ltr'><strong><em>factus</em></strong></span> <span class='ocrx_word' id='word_1_399' title='bbox 2472 2499 2543 2552; x_wconf 86' lang='lat' dir='ltr'><strong><em>sit</em></strong></span> <span class='ocrx_word' id='word_1_400' title='bbox 2588 2501 2871 2555; x_wconf 89' lang='lat' dir='ltr'><strong><em>monachus</em></strong></span> <span class='ocrx_word' id='word_1_401' title='bbox 2921 2511 2969 2557; x_wconf 89' lang='lat' dir='ltr'><strong><em>et</em></strong></span> <span class='ocrx_word' id='word_1_402' title='bbox 3017 2507 3332 2572; x_wconf 79' lang='lat' dir='ltr'><strong><em>prwpositus</em></strong></span> <span class='ocrx_word' id='word_1_403' title='bbox 3364 2523 3480 2559; x_wconf 88' lang='lat' dir='ltr'><strong><em>mo-</em></strong></span> 
     </span>
    </p>
   </div>
   <div class='ocr_carea' id='block_1_55' title="bbox 1903 2585 3482 2662">
    <p class='ocr_par' dir='ltr' id='par_1_55' title="bbox 1903 2585 3482 2662">
     <span class='ocr_line' id='line_1_55' title="bbox 1903 2585 3482 2662; baseline 0.009 -23"><span class='ocrx_word' id='word_1_404' title='bbox 1903 2585 2121 2641; x_wconf 83' lang='lat' dir='ltr'><strong><em>nasterii</em></strong></span> <span class='ocrx_word' id='word_1_405' title='bbox 2149 2586 2209 2642; x_wconf 88' lang='lat' dir='ltr'><strong><em>S.</em></strong></span> <span class='ocrx_word' id='word_1_406' title='bbox 2233 2589 2538 2656; x_wconf 80' lang='lat' dir='ltr'><strong><em>Mamantis,</em></strong></span> <span class='ocrx_word' id='word_1_407' title='bbox 2582 2593 2805 2662; x_wconf 90' lang='lat' dir='ltr'><strong><em>fortasse</em></strong></span> <span class='ocrx_word' id='word_1_408' title='bbox 2850 2605 2921 2648; x_wconf 94' lang='lat' dir='ltr'><strong><em>tot</em></strong></span> <span class='ocrx_word' id='word_1_409' title='bbox 2953 2594 3270 2651; x_wconf 86' lang='lat' dir='ltr'><strong><em>Sanctorum</em></strong></span> <span class='ocrx_word' id='word_1_410' title='bbox 3312 2615 3482 2653; x_wconf 73' lang='lat' dir='ltr'><strong><em>exem-</em></strong></span> 
     </span>
    </p>
   </div>
   <div class='ocr_carea' id='block_1_56' title="bbox 1902 2678 3482 2770">
    <p class='ocr_par' dir='ltr' id='par_1_56' title="bbox 1902 2678 3482 2770">
     <span class='ocr_line' id='line_1_56' title="bbox 1902 2678 3482 2770; baseline 0.009 -38"><span class='ocrx_word' id='word_1_411' title='bbox 1902 2678 2002 2746; x_wconf 90' lang='lat' dir='ltr'><strong><em>plis</em></strong></span> <span class='ocrx_word' id='word_1_412' title='bbox 2047 2691 2330 2749; x_wconf 85' lang='lat' dir='ltr'><strong><em>permotus,</em></strong></span> <span class='ocrx_word' id='word_1_413' title='bbox 2366 2699 2588 2770; x_wconf 62' lang='lat' dir='ltr'><strong><em>quorum</em></strong></span> <span class='ocrx_word' id='word_1_414' title='bbox 2635 2685 2724 2738; x_wconf 91' lang='lat' dir='ltr'><strong><em>ille</em></strong></span> <span class='ocrx_word' id='word_1_415' title='bbox 2781 2686 2922 2740; x_wconf 85' lang='lat' dir='ltr'><strong><em>Vitas</em></strong></span> <span class='ocrx_word' id='word_1_416' title='bbox 2953 2689 3280 2758; x_wconf 85' lang='lat' dir='ltr'><strong><em>conscripsit.</em></strong></span> <span class='ocrx_word' id='word_1_417' title='bbox 3329 2689 3482 2746; x_wconf 88' lang='lat' dir='ltr'><strong><em>Certe</em></strong></span> 
     </span>
    </p>
   </div>
   <div class='ocr_carea' id='block_1_57' title="bbox 1901 2770 3481 2850">
    <p class='ocr_par' dir='ltr' id='par_1_57' title="bbox 1901 2770 3481 2850">
     <span class='ocr_line' id='line_1_57' title="bbox 1901 2770 3481 2850; baseline 0.009 -27"><span class='ocrx_word' id='word_1_418' title='bbox 1901 2771 2034 2824; x_wconf 91' lang='lat' dir='ltr'><strong><em>sicut</em></strong></span> <span class='ocrx_word' id='word_1_419' title='bbox 2064 2770 2232 2826; x_wconf 76' lang='grc' dir='ltr'><strong><em>ϐηεεί</em></strong></span> <span class='ocrx_word' id='word_1_420' title='bbox 2282 2773 2337 2825; x_wconf 92' lang='lat' dir='ltr'><strong><em>in</em></strong></span> <span class='ocrx_word' id='word_1_421' title='bbox 2364 2773 2572 2828; x_wconf 78' lang='lat' dir='ltr'><strong><em>Menceis</em></strong></span> <span class='ocrx_word' id='word_1_422' title='bbox 2606 2773 2749 2830; x_wconf 90' lang='lat' dir='ltr'><strong><em>Odas</em></strong></span> <span class='ocrx_word' id='word_1_423' title='bbox 2793 2777 3065 2847; x_wconf 79' lang='lat' dir='ltr'><strong><em>Symeonis</em></strong></span> <span class='ocrx_word' id='word_1_424' title='bbox 3108 2780 3481 2850; x_wconf 79' lang='lat' dir='ltr'><strong><em>Metaphrastce</em></strong></span> 
     </span>
    </p>
   </div>
   <div class='ocr_carea' id='block_1_58' title="bbox 1903 2863 3481 2941">
    <p class='ocr_par' dir='ltr' id='par_1_58' title="bbox 1903 2863 3481 2941">
     <span class='ocr_line' id='line_1_58' title="bbox 1903 2863 3481 2941; baseline 0.008 -25"><span class='ocrx_word' id='word_1_425' title='bbox 1903 2874 2086 2918; x_wconf 89' lang='lat' dir='ltr'><strong><em>vocant</em></strong></span> <span class='ocrx_word' id='word_1_426' title='bbox 2113 2865 2255 2920; x_wconf 86' lang='lat' dir='ltr'><strong><em>Odos</em></strong></span> <span class='ocrx_word' id='word_1_427' title='bbox 2290 2863 2564 2936; x_wconf 86' lang='lat' dir='ltr'><strong><em>Symconis</em></strong></span> <span class='ocrx_word' id='word_1_428' title='bbox 2593 2867 2914 2938; x_wconf 79' lang='lat' dir='ltr'><strong><em>Logothette,</em></strong></span> <span class='ocrx_word' id='word_1_429' title='bbox 2947 2872 3072 2941; x_wconf 89' lang='lat' dir='ltr'><strong><em>quia</em></strong></span> <span class='ocrx_word' id='word_1_430' title='bbox 3119 2889 3300 2940; x_wconf 86' lang='lat' dir='ltr'><strong><em>nempe</em></strong></span> <span class='ocrx_word' id='word_1_431' title='bbox 3349 2875 3481 2929; x_wconf 65' lang='lat' dir='ltr'><strong><em>lla-</em></strong></span> 
     </span>
    </p>
   </div>
   <div class='ocr_carea' id='block_1_59' title="bbox 1902 2954 3480 3030">
    <p class='ocr_par' dir='ltr' id='par_1_59' title="bbox 1902 2954 3480 3030">
     <span class='ocr_line' id='line_1_59' title="bbox 1902 2954 3480 3030; baseline 0.008 -25"><span class='ocrx_word' id='word_1_432' title='bbox 1902 2970 2033 3023; x_wconf 89' lang='lat' dir='ltr'><strong><em>gnus</em></strong></span> <span class='ocrx_word' id='word_1_433' title='bbox 2061 2954 2346 3024; x_wconf 88' lang='lat' dir='ltr'><strong><em>aliquando</em></strong></span> <span class='ocrx_word' id='word_1_434' title='bbox 2379 2955 2666 3026; x_wconf 86' lang='lat' dir='ltr'><strong><em>ngotheta</em></strong></span> <span class='ocrx_word' id='word_1_435' title='bbox 2709 2958 2831 3028; x_wconf 87' lang='lat' dir='ltr'><strong><em>fuit,</em></strong></span> <span class='ocrx_word' id='word_1_436' title='bbox 2861 2961 2915 3012; x_wconf 84' lang='lat' dir='ltr'><strong><em>id</em></strong></span> <span class='ocrx_word' id='word_1_437' title='bbox 2940 2969 3015 3014; x_wconf 87' lang='lat' dir='ltr'><strong><em>est</em></strong></span> <span class='ocrx_word' id='word_1_438' title='bbox 3043 2978 3318 3030; x_wconf 83' lang='lat' dir='ltr'><strong><em>supremus</em></strong></span> <span class='ocrx_word' id='word_1_439' title='bbox 3353 2963 3480 3017; x_wconf 88' lang='lat' dir='ltr'><strong><em>Im-</em></strong></span> 
     </span>
    </p>
   </div>
   <div class='ocr_carea' id='block_1_60' title="bbox 1902 3046 3475 3122">
    <p class='ocr_par' dir='ltr' id='par_1_60' title="bbox 1902 3046 3475 3122">
     <span class='ocr_line' id='line_1_60' title="bbox 1902 3046 3475 3122; baseline 0.006 -22"><span class='ocrx_word' id='word_1_440' title='bbox 1902 3056 2202 3116; x_wconf 85' lang='lat' dir='ltr'><strong><em>peratorum</em></strong></span> <span class='ocrx_word' id='word_1_441' title='bbox 2236 3046 2452 3104; x_wconf 76' lang='lat' dir='ltr'><strong><em>ercia:</em></strong></span> <span class='ocrx_word' id='word_1_442' title='bbox 2500 3049 2863 3106; x_wconf 87' lang='lat' dir='ltr'><strong><em>Cancellarius</em></strong></span> <span class='ocrx_word' id='word_1_443' title='bbox 2891 3069 2910 3106; x_wconf 91' lang='lat'><em>:</em></span> <span class='ocrx_word' id='word_1_444' title='bbox 2941 3070 3036 3107; x_wconf 91' lang='lat' dir='ltr'><strong><em>cur</em></strong></span> <span class='ocrx_word' id='word_1_445' title='bbox 3065 3071 3168 3108; x_wconf 89' lang='lat' dir='ltr'><strong><em>non</em></strong></span> <span class='ocrx_word' id='word_1_446' title='bbox 3211 3056 3475 3122; x_wconf 87' lang='lat' dir='ltr'><strong><em>similiter,</em></strong></span> 
     </span>
    </p>
   </div>
   <div class='ocr_carea' id='block_1_61' title="bbox 1904 3140 3480 3214">
    <p class='ocr_par' dir='ltr' id='par_1_61' title="bbox 1904 3140 3480 3214">
     <span class='ocr_line' id='line_1_61' title="bbox 1904 3140 3480 3214; baseline 0.006 -22"><span class='ocrx_word' id='word_1_447' title='bbox 1904 3140 2094 3193; x_wconf 90' lang='lat' dir='ltr'><strong><em>omisso</em></strong></span> <span class='ocrx_word' id='word_1_448' title='bbox 2123 3141 2494 3210; x_wconf 76' lang='lat' dir='ltr'><strong><em>Metaphrasta:</em></strong></span> <span class='ocrx_word' id='word_1_449' title='bbox 2538 3144 2746 3197; x_wconf 89' lang='lat' dir='ltr'><strong><em>nomine</em></strong></span> <span class='ocrx_word' id='word_1_450' title='bbox 2799 3145 2961 3214; x_wconf 90' lang='lat' dir='ltr'><strong><em>(quod</em></strong></span> <span class='ocrx_word' id='word_1_451' title='bbox 2988 3145 3078 3200; x_wconf 89' lang='lat' dir='ltr'><strong><em>ille</em></strong></span> <span class='ocrx_word' id='word_1_452' title='bbox 3126 3164 3158 3200; x_wconf 92' lang='lat' dir='ltr'><strong><em>a</em></strong></span> <span class='ocrx_word' id='word_1_453' title='bbox 3191 3147 3320 3202; x_wconf 88' lang='lat' dir='ltr'><strong><em>Vitis</em></strong></span> <span class='ocrx_word' id='word_1_454' title='bbox 3353 3165 3480 3203; x_wconf 90' lang='lat' dir='ltr'><strong><em>san-</em></strong></span> 
     </span>
    </p>
   </div>
   <div class='ocr_carea' id='block_1_62' title="bbox 199 3205 3478 3316">
    <p class='ocr_par' dir='ltr' id='par_1_62' title="bbox 225 3205 3478 3313">
     <span class='ocr_line' id='line_1_62' title="bbox 225 3205 3478 3313; baseline 0.002 -23"><span class='ocrx_word' id='word_1_455' title='bbox 225 3254 341 3291; x_wconf 87' lang='lat' dir='ltr'><strong><em>rum</em></strong></span> <span class='ocrx_word' id='word_1_456' title='bbox 372 3253 620 3306; x_wconf 88' lang='lat' dir='ltr'><strong><em>persona,</em></strong></span> <span class='ocrx_word' id='word_1_457' title='bbox 674 3252 897 3306; x_wconf 90' lang='lat' dir='ltr'><strong><em>quorum</em></strong></span> <span class='ocrx_word' id='word_1_458' title='bbox 925 3235 1118 3304; x_wconf 73' lang='lat' dir='ltr'><strong><em>stylum</em></strong></span> <span class='ocrx_word' id='word_1_459' title='bbox 1148 3235 1424 3289; x_wconf 90' lang='lat' dir='ltr'><strong><em>emendare</em></strong></span> <span class='ocrx_word' id='word_1_460' title='bbox 1455 3250 1510 3288; x_wconf 90' lang='lat' dir='ltr'><strong><em>se</em></strong></span> <span class='ocrx_word' id='word_1_461' title='bbox 1553 3233 1798 3298; x_wconf 90' lang='lat' dir='ltr'><strong><em>credidit,</em></strong></span> <span class='ocrx_word' id='word_1_462' title='bbox 1829 3205 1870 3262; x_wconf 65' lang='grc' dir='ltr'>ο</span> <span class='ocrx_word' id='word_1_463' title='bbox 1904 3242 2105 3288; x_wconf 76' lang='lat' dir='ltr'><strong><em>ciorum</em></strong></span> <span class='ocrx_word' id='word_1_464' title='bbox 2173 3237 2366 3304; x_wconf 88' lang='lat' dir='ltr'><strong><em>accepit</em></strong></span> <span class='ocrx_word' id='word_1_465' title='bbox 2394 3235 2412 3306; x_wconf 81' lang='lat'><strong><em>)</em></strong></span> <span class='ocrx_word' id='word_1_466' title='bbox 2481 3235 2804 3309; x_wconf 85' lang='lat' dir='ltr'><strong><em>Symeonem</em></strong></span> <span class='ocrx_word' id='word_1_467' title='bbox 2875 3249 3082 3293; x_wconf 88' lang='lat' dir='ltr'><strong><em>tantum</em></strong></span> <span class='ocrx_word' id='word_1_468' title='bbox 3143 3241 3478 3313; x_wconf 76' lang='lat' dir='ltr'><strong><em>Theologum</em></strong></span> 
     </span>
    </p>
   </div>
   <div class='ocr_carea' id='block_1_63' title="bbox 223 3324 1802 3396">
    <p class='ocr_par' dir='ltr' id='par_1_63' title="bbox 223 3324 1802 3396">
     <span class='ocr_line' id='line_1_63' title="bbox 223 3324 1802 3396; baseline -0.002 -14"><span class='ocrx_word' id='word_1_469' title='bbox 223 3330 285 3382; x_wconf 88' lang='lat' dir='ltr'><strong><em>de</em></strong></span> <span class='ocrx_word' id='word_1_470' title='bbox 307 3328 782 3383; x_wconf 81' lang='lat' dir='ltr'><strong><em>diuersissimorum</em></strong></span> <span class='ocrx_word' id='word_1_471' title='bbox 817 3338 1106 3396; x_wconf 90' lang='lat' dir='ltr'><strong><em>temporum</em></strong></span> <span class='ocrx_word' id='word_1_472' title='bbox 1131 3324 1339 3380; x_wconf 89' lang='lat' dir='ltr'><strong><em>Sanctis</em></strong></span> <span class='ocrx_word' id='word_1_473' title='bbox 1361 3325 1660 3379; x_wconf 88' lang='lat' dir='ltr'><strong><em>testimonia</em></strong></span> <span class='ocrx_word' id='word_1_474' title='bbox 1687 3341 1802 3394; x_wconf 88' lang='lat' dir='ltr'><strong><em>pas-</em></strong></span> 
     </span>
    </p>
   </div>
   <div class='ocr_carea' id='block_1_64' title="bbox 222 3418 1802 3488">
    <p class='ocr_par' dir='ltr' id='par_1_64' title="bbox 222 3418 1802 3488">
     <span class='ocr_line' id='line_1_64' title="bbox 222 3418 1802 3488; baseline -0.003 -13"><span class='ocrx_word' id='word_1_475' title='bbox 222 3423 322 3475; x_wconf 89' lang='lat' dir='ltr'><strong><em>sim</em></strong></span> <span class='ocrx_word' id='word_1_476' title='bbox 379 3421 742 3474; x_wconf 90' lang='lat' dir='ltr'><strong><em>oculatissima</em></strong></span> <span class='ocrx_word' id='word_1_477' title='bbox 797 3420 978 3472; x_wconf 88' lang='lat' dir='ltr'><strong><em>dicat?</em></strong></span> <span class='ocrx_word' id='word_1_478' title='bbox 1040 3418 1164 3472; x_wconf 89' lang='lat' dir='ltr'><strong><em>Vide</em></strong></span> <span class='ocrx_word' id='word_1_479' title='bbox 1217 3419 1398 3488; x_wconf 89' lang='lat' dir='ltr'><strong><em>igitur,</em></strong></span> <span class='ocrx_word' id='word_1_480' title='bbox 1441 3418 1802 3472; x_wconf 88' lang='lat' dir='ltr'><strong><em>amantissime</em></strong></span> 
     </span>
    </p>
   </div>
   <div class='ocr_carea' id='block_1_65' title="bbox 224 3509 1797 3580">
    <p class='ocr_par' dir='ltr' id='par_1_65' title="bbox 224 3509 1797 3580">
     <span class='ocr_line' id='line_1_65' title="bbox 224 3509 1797 3580; baseline -0.004 -13"><span class='ocrx_word' id='word_1_481' title='bbox 224 3513 327 3567; x_wconf 85' lang='lat' dir='ltr'><strong><em>Leo</em></strong></span> <span class='ocrx_word' id='word_1_482' title='bbox 356 3553 371 3578; x_wconf 96' lang='lat'><strong><em>,</em></strong></span> <span class='ocrx_word' id='word_1_483' title='bbox 418 3529 594 3566; x_wconf 88' lang='lat' dir='ltr'><strong><em>annon</em></strong></span> <span class='ocrx_word' id='word_1_484' title='bbox 657 3520 704 3565; x_wconf 92' lang='lat' dir='ltr'><strong><em>et</em></strong></span> <span class='ocrx_word' id='word_1_485' title='bbox 764 3513 1143 3580; x_wconf 84' lang='lat' dir='ltr'><strong><em>Metaphrastes</em></strong></span> <span class='ocrx_word' id='word_1_486' title='bbox 1198 3511 1326 3580; x_wconf 90' lang='lat' dir='ltr'><strong><em>quid</em></strong></span> <span class='ocrx_word' id='word_1_487' title='bbox 1379 3509 1550 3562; x_wconf 88' lang='lat' dir='ltr'><strong><em>simile</em></strong></span> <span class='ocrx_word' id='word_1_488' title='bbox 1597 3510 1797 3578; x_wconf 89' lang='lat' dir='ltr'><strong><em>fecerit,</em></strong></span> 
     </span>
    </p>
   </div>
   <div class='ocr_carea' id='block_1_66' title="bbox 224 3600 1801 3673">
    <p class='ocr_par' dir='ltr' id='par_1_66' title="bbox 224 3600 1801 3673">
     <span class='ocr_line' id='line_1_66' title="bbox 224 3600 1801 3673; baseline -0.003 -16"><span class='ocrx_word' id='word_1_489' title='bbox 224 3605 442 3673; x_wconf 83' lang='lat' dir='ltr'><strong><em>ideoque</em></strong></span> <span class='ocrx_word' id='word_1_490' title='bbox 477 3603 698 3659; x_wconf 76' lang='lat' dir='ltr'><strong><em>Cionitte</em></strong></span> <span class='ocrx_word' id='word_1_491' title='bbox 734 3603 910 3673; x_wconf 82' lang='lat' dir='ltr'><strong><em>Alypii</em></strong></span> <span class='ocrx_word' id='word_1_492' title='bbox 955 3602 1099 3668; x_wconf 87' lang='lat' dir='ltr'><strong><em>Vita,</em></strong></span> <span class='ocrx_word' id='word_1_493' title='bbox 1132 3613 1176 3656; x_wconf 92' lang='lat' dir='ltr'><strong><em>et</em></strong></span> <span class='ocrx_word' id='word_1_494' title='bbox 1211 3602 1334 3655; x_wconf 80' lang='lat' dir='ltr'><strong><em>alite</em></strong></span> <span class='ocrx_word' id='word_1_495' title='bbox 1387 3601 1606 3666; x_wconf 89' lang='lat' dir='ltr'><strong><em>similes,</em></strong></span> <span class='ocrx_word' id='word_1_496' title='bbox 1642 3600 1801 3653; x_wconf 89' lang='lat' dir='ltr'><strong><em>nihilo</em></strong></span> 
     </span>
    </p>
   </div>
   <div class='ocr_carea' id='block_1_67' title="bbox 225 3691 1793 3764">
    <p class='ocr_par' dir='ltr' id='par_1_67' title="bbox 225 3691 1793 3764">
     <span class='ocr_line' id='line_1_67' title="bbox 225 3691 1793 3764; baseline -0.003 -17"><span class='ocrx_word' id='word_1_497' title='bbox 225 3704 403 3756; x_wconf 85' lang='lat' dir='ltr'><strong><em>tamen</em></strong></span> <span class='ocrx_word' id='word_1_498' title='bbox 454 3697 620 3749; x_wconf 88' lang='lat' dir='ltr'><strong><em>secius</em></strong></span> <span class='ocrx_word' id='word_1_499' title='bbox 655 3696 724 3748; x_wconf 89' lang='lat' dir='ltr'><strong><em>ad</em></strong></span> <span class='ocrx_word' id='word_1_500' title='bbox 751 3695 1160 3764; x_wconf 85' lang='lat' dir='ltr'><strong><em>Metaphrastem</em></strong></span> <span class='ocrx_word' id='word_1_501' title='bbox 1196 3693 1514 3761; x_wconf 88' lang='lat' dir='ltr'><strong><em>pertineant,</em></strong></span> <span class='ocrx_word' id='word_1_502' title='bbox 1557 3693 1646 3762; x_wconf 89' lang='lat' dir='ltr'><strong><em>qui</em></strong></span> <span class='ocrx_word' id='word_1_503' title='bbox 1677 3691 1793 3760; x_wconf 87' lang='lat' dir='ltr'><strong><em>qui-</em></strong></span> 
     </span>
    </p>
   </div>
   <div class='ocr_carea' id='block_1_68' title="bbox 224 3771 1802 3841">
    <p class='ocr_par' dir='ltr' id='par_1_68' title="bbox 224 3771 1802 3841">
     <span class='ocr_line' id='line_1_68' title="bbox 224 3771 1802 3841; baseline -0.001 -3"><span class='ocrx_word' id='word_1_504' title='bbox 224 3791 341 3839; x_wconf 85' lang='lat' dir='ltr'><strong><em>dem</em></strong></span> <span class='ocrx_word' id='word_1_505' title='bbox 395 3788 877 3841; x_wconf 78' lang='lat' dir='ltr'><strong><em>diversissimarum</em></strong></span> <span class='ocrx_word' id='word_1_506' title='bbox 920 3794 1139 3840; x_wconf 72' lang='lat' dir='ltr'><strong><em>aztatum</em></strong></span> <span class='ocrx_word' id='word_1_507' title='bbox 1179 3771 1364 3839; x_wconf 86' lang='lat' dir='ltr'><strong><em>testem</em></strong></span> <span class='ocrx_word' id='word_1_508' title='bbox 1419 3783 1689 3838; x_wconf 89' lang='lat' dir='ltr'><strong><em>oculatum</em></strong></span> <span class='ocrx_word' id='word_1_509' title='bbox 1747 3798 1802 3836; x_wconf 89' lang='lat' dir='ltr'><strong><em>se</em></strong></span> 
     </span>
    </p>
   </div>
   <div class='ocr_carea' id='block_1_69' title="bbox 224 3871 1801 3951">
    <p class='ocr_par' dir='ltr' id='par_1_69' title="bbox 224 3871 1801 3951">
     <span class='ocr_line' id='line_1_69' title="bbox 224 3871 1801 3951; baseline -0.003 -18"><span class='ocrx_word' id='word_1_510' title='bbox 224 3882 398 3934; x_wconf 77' lang='lat' dir='ltr'><strong><em>dicere</em></strong></span> <span class='ocrx_word' id='word_1_511' title='bbox 424 3882 687 3944; x_wconf 86' lang='lat' dir='ltr'><strong><em>videatur,</em></strong></span> <span class='ocrx_word' id='word_1_512' title='bbox 725 3897 829 3933; x_wconf 92' lang='lat' dir='ltr'><strong><em>non</em></strong></span> <span class='ocrx_word' id='word_1_513' title='bbox 859 3871 1066 3951; x_wconf 85' lang='lat' dir='ltr'><strong><em>quidem</em></strong></span> <span class='ocrx_word' id='word_1_514' title='bbox 1090 3880 1146 3932; x_wconf 90' lang='lat' dir='ltr'><strong><em>in</em></strong></span> <span class='ocrx_word' id='word_1_515' title='bbox 1166 3895 1286 3942; x_wconf 90' lang='lat' dir='ltr'><strong><em>sua,</em></strong></span> <span class='ocrx_word' id='word_1_516' title='bbox 1319 3894 1496 3932; x_wconf 89' lang='lat' dir='ltr'><strong><em>verum</em></strong></span> <span class='ocrx_word' id='word_1_517' title='bbox 1527 3877 1583 3930; x_wconf 90' lang='lat' dir='ltr'><strong><em>in</em></strong></span> <span class='ocrx_word' id='word_1_518' title='bbox 1610 3879 1801 3930; x_wconf 79' lang='lat' dir='ltr'><strong><em>Aucto—</em></strong></span> 
     </span>
    </p>
   </div>
   <div class='ocr_carea' id='block_1_70' title="bbox 224 3968 1800 4043">
    <p class='ocr_par' dir='ltr' id='par_1_70' title="bbox 224 3968 1800 4043">
     <span class='ocr_line' id='line_1_70' title="bbox 224 3968 1800 4043; baseline -0.003 -18"><span class='ocrx_word' id='word_1_519' title='bbox 224 3991 342 4025; x_wconf 89' lang='lat' dir='ltr'><strong><em>rum</em></strong></span> <span class='ocrx_word' id='word_1_520' title='bbox 368 3989 611 4042; x_wconf 89' lang='lat' dir='ltr'><strong><em>persona,</em></strong></span> <span class='ocrx_word' id='word_1_521' title='bbox 633 3988 758 4043; x_wconf 87' lang='lat' dir='ltr'><strong><em>quos</em></strong></span> <span class='ocrx_word' id='word_1_522' title='bbox 787 3972 927 4042; x_wconf 89' lang='lat' dir='ltr'><strong><em>loqui</em></strong></span> <span class='ocrx_word' id='word_1_523' title='bbox 953 3971 1281 4025; x_wconf 87' lang='lat' dir='ltr'><strong><em>emendatius</em></strong></span> <span class='ocrx_word' id='word_1_524' title='bbox 1312 3969 1508 4024; x_wconf 89' lang='lat' dir='ltr'><strong><em>docuit.</em></strong></span> <span class='ocrx_word' id='word_1_525' title='bbox 1543 3968 1800 4038; x_wconf 68' lang='lat' dir='ltr'><strong><em>Exspecto</em></strong></span> 
     </span>
    </p>
   </div>
   <div class='ocr_carea' id='block_1_71' title="bbox 226 4063 1800 4136">
    <p class='ocr_par' dir='ltr' id='par_1_71' title="bbox 226 4063 1800 4136">
     <span class='ocr_line' id='line_1_71' title="bbox 226 4063 1800 4136; baseline 0.001 -20"><span class='ocrx_word' id='word_1_526' title='bbox 226 4067 362 4118; x_wconf 89' lang='lat' dir='ltr'><strong><em>mira</em></strong></span> <span class='ocrx_word' id='word_1_527' title='bbox 394 4067 699 4134; x_wconf 85' lang='lat' dir='ltr'><strong><em>cupiditate,</em></strong></span> <span class='ocrx_word' id='word_1_528' title='bbox 753 4065 876 4136; x_wconf 89' lang='lat' dir='ltr'><strong><em>quid</em></strong></span> <span class='ocrx_word' id='word_1_529' title='bbox 939 4066 1157 4119; x_wconf 88' lang='lat' dir='ltr'><strong><em>sentias.</em></strong></span> <span class='ocrx_word' id='word_1_530' title='bbox 1208 4064 1284 4119; x_wconf 89' lang='lat' dir='ltr'><strong><em>De</em></strong></span> <span class='ocrx_word' id='word_1_531' title='bbox 1317 4065 1410 4118; x_wconf 90' lang='lat' dir='ltr'><strong><em>illo</em></strong></span> <span class='ocrx_word' id='word_1_532' title='bbox 1460 4073 1636 4118; x_wconf 87' lang='lat' dir='ltr'><strong><em>autem</em></strong></span> <span class='ocrx_word' id='word_1_533' title='bbox 1691 4063 1800 4118; x_wconf 91' lang='lat' dir='ltr'><strong><em>loco</em></strong></span> 
     </span>
    </p>
   </div>
   <div class='ocr_carea' id='block_1_72' title="bbox 225 4153 1801 4227">
    <p class='ocr_par' dir='ltr' id='par_1_72' title="bbox 225 4153 1801 4227">
     <span class='ocr_line' id='line_1_72' title="bbox 225 4153 1801 4227; baseline -0.001 -19"><span class='ocrx_word' id='word_1_534' title='bbox 225 4154 634 4224; x_wconf 73' lang='lat' dir='ltr'><strong><em>Hetaphras&#39;w,</em></strong></span> <span class='ocrx_word' id='word_1_535' title='bbox 676 4173 779 4227; x_wconf 91' lang='lat' dir='ltr'><strong><em>quo</em></strong></span> <span class='ocrx_word' id='word_1_536' title='bbox 839 4173 892 4210; x_wconf 90' lang='lat' dir='ltr'><strong><em>se</em></strong></span> <span class='ocrx_word' id='word_1_537' title='bbox 928 4157 1207 4209; x_wconf 75' lang='lat' dir='ltr'><strong><em>adltwsisse</em></strong></span> <span class='ocrx_word' id='word_1_538' title='bbox 1252 4155 1374 4209; x_wconf 88' lang='lat' dir='ltr'><strong><em>dicit</em></strong></span> <span class='ocrx_word' id='word_1_539' title='bbox 1424 4153 1685 4218; x_wconf 82' lang='lat' dir='ltr'><strong><em>Himerio,</em></strong></span> <span class='ocrx_word' id='word_1_540' title='bbox 1744 4161 1801 4206; x_wconf 90' lang='lat' dir='ltr'><strong><em>ut</em></strong></span> 
     </span>
    </p>
   </div>
   <div class='ocr_carea' id='block_1_73' title="bbox 222 4246 1802 4320">
    <p class='ocr_par' dir='ltr' id='par_1_73' title="bbox 222 4246 1802 4320">
     <span class='ocr_line' id='line_1_73' title="bbox 222 4246 1802 4320; baseline -0.006 -14"><span class='ocrx_word' id='word_1_541' title='bbox 222 4253 388 4306; x_wconf 90' lang='lat' dir='ltr'><strong><em>solere</em></strong></span> <span class='ocrx_word' id='word_1_542' title='bbox 445 4251 677 4304; x_wconf 89' lang='lat' dir='ltr'><strong><em>videmus</em></strong></span> <span class='ocrx_word' id='word_1_543' title='bbox 730 4249 820 4302; x_wconf 81' lang='grc' dir='ltr'><strong><em>τὸν</em></strong></span> <span class='ocrx_word' id='word_1_544' title='bbox 859 4249 1038 4303; x_wconf 79' lang='grc' dir='ltr'>πῶλον</span> <span class='ocrx_word' id='word_1_545' title='bbox 1068 4247 1203 4320; x_wconf 75' lang='grc' dir='ltr'><strong><em>πρὸς</em></strong></span> <span class='ocrx_word' id='word_1_546' title='bbox 1235 4249 1423 4318; x_wconf 75' lang='grc' dir='ltr'><strong><em>μητρί,</em></strong></span> <span class='ocrx_word' id='word_1_547' title='bbox 1457 4247 1613 4315; x_wconf 90' lang='lat' dir='ltr'><strong><em>plane</em></strong></span> <span class='ocrx_word' id='word_1_548' title='bbox 1652 4246 1722 4298; x_wconf 91' lang='lat' dir='ltr'><strong><em>ad</em></strong></span> <span class='ocrx_word' id='word_1_549' title='bbox 1753 4256 1802 4298; x_wconf 94' lang='lat' dir='ltr'><strong><em>te</em></strong></span> 
     </span>
    </p>
   </div>
   <div class='ocr_carea' id='block_1_74' title="bbox 223 4338 1802 4410">
    <p class='ocr_par' dir='ltr' id='par_1_74' title="bbox 223 4338 1802 4410">
     <span class='ocr_line' id='line_1_74' title="bbox 223 4338 1802 4410; baseline -0.004 -16"><span class='ocrx_word' id='word_1_550' title='bbox 223 4343 324 4406; x_wconf 83' lang='lat' dir='ltr'><strong><em>hic,</em></strong></span> <span class='ocrx_word' id='word_1_551' title='bbox 361 4358 392 4392; x_wconf 91' lang='lat' dir='ltr'><strong><em>a</em></strong></span> <span class='ocrx_word' id='word_1_552' title='bbox 422 4340 661 4410; x_wconf 90' lang='lat' dir='ltr'><strong><em>partibus</em></strong></span> <span class='ocrx_word' id='word_1_553' title='bbox 706 4338 950 4392; x_wconf 86' lang='lat' dir='ltr'><strong><em>Bollandi</em></strong></span> <span class='ocrx_word' id='word_1_554' title='bbox 985 4339 1086 4392; x_wconf 88' lang='lat' dir='ltr'><strong><em>mei</em></strong></span> <span class='ocrx_word' id='word_1_555' title='bbox 1129 4339 1332 4393; x_wconf 81' lang='lat' dir='ltr'><strong><em>discedo</em></strong></span> <span class='ocrx_word' id='word_1_556' title='bbox 1364 4354 1382 4391; x_wconf 91' lang='lat'><strong><em>:</em></strong></span> <span class='ocrx_word' id='word_1_557' title='bbox 1433 4354 1559 4390; x_wconf 89' lang='lat' dir='ltr'><strong><em>nam</em></strong></span> <span class='ocrx_word' id='word_1_558' title='bbox 1599 4353 1652 4391; x_wconf 87' lang='lat' dir='ltr'><strong><em>re</em></strong></span> <span class='ocrx_word' id='word_1_559' title='bbox 1680 4352 1802 4389; x_wconf 90' lang='lat' dir='ltr'><strong><em>vera</em></strong></span> 
     </span>
    </p>
   </div>
   <div class='ocr_carea' id='block_1_75' title="bbox 226 4427 1800 4500">
    <p class='ocr_par' dir='ltr' id='par_1_75' title="bbox 226 4427 1800 4500">
     <span class='ocr_line' id='line_1_75' title="bbox 226 4427 1800 4500; baseline -0.001 -18"><span class='ocrx_word' id='word_1_560' title='bbox 226 4430 422 4483; x_wconf 78' lang='lat' dir='ltr'><strong><em>talibus</em></strong></span> <span class='ocrx_word' id='word_1_561' title='bbox 463 4430 896 4500; x_wconf 76' lang='grc' dir='ltr'><strong><em>ὑποκοριστικῶς</em></strong></span> <span class='ocrx_word' id='word_1_562' title='bbox 945 4431 1122 4491; x_wconf 90' lang='lat' dir='ltr'><strong><em>dictis,</em></strong></span> <span class='ocrx_word' id='word_1_563' title='bbox 1155 4427 1323 4485; x_wconf 67' lang='grc' dir='ltr'><strong><em>ϐπ·ωεί</em></strong></span> <span class='ocrx_word' id='word_1_564' title='bbox 1356 4429 1576 4498; x_wconf 85' lang='lat' dir='ltr'><strong><em>inﬁnitis</em></strong></span> <span class='ocrx_word' id='word_1_565' title='bbox 1633 4429 1800 4482; x_wconf 91' lang='lat' dir='ltr'><strong><em>modis</em></strong></span> 
     </span>
    </p>
   </div>
   <div class='ocr_carea' id='block_1_76' title="bbox 1901 3323 3481 3398">
    <p class='ocr_par' dir='ltr' id='par_1_76' title="bbox 1901 3323 3481 3398">
     <span class='ocr_line' id='line_1_76' title="bbox 1901 3323 3481 3398; baseline 0.006 -20"><span class='ocrx_word' id='word_1_566' title='bbox 1901 3323 2204 3386; x_wconf 84' lang='lat' dir='ltr'><strong><em>Juniorcm.</em></strong></span> <span class='ocrx_word' id='word_1_567' title='bbox 2230 3343 2418 3381; x_wconf 91' lang='lat' dir='ltr'><strong><em>vocare</em></strong></span> <span class='ocrx_word' id='word_1_568' title='bbox 2450 3328 2578 3380; x_wconf 77' lang='lat' dir='ltr'><strong><em>alibi</em></strong></span> <span class='ocrx_word' id='word_1_569' title='bbox 2606 3330 2804 3396; x_wconf 86' lang='lat' dir='ltr'><strong><em>possit?</em></strong></span> <span class='ocrx_word' id='word_1_570' title='bbox 2847 3328 2977 3384; x_wconf 87' lang='lat' dir='ltr'><strong><em>Cum</em></strong></span> <span class='ocrx_word' id='word_1_571' title='bbox 3011 3333 3299 3398; x_wconf 70' lang='lat' dir='ltr'><strong><em>praesertim</em></strong></span> <span class='ocrx_word' id='word_1_572' title='bbox 3328 3333 3481 3387; x_wconf 85' lang='lat' dir='ltr'><strong><em>Jose-</em></strong></span> 
     </span>
    </p>
   </div>
   <div class='ocr_carea' id='block_1_77' title="bbox 1901 3417 3482 3494">
    <p class='ocr_par' dir='ltr' id='par_1_77' title="bbox 1901 3417 3482 3494">
     <span class='ocr_line' id='line_1_77' title="bbox 1901 3417 3482 3494; baseline 0.006 -25"><span class='ocrx_word' id='word_1_573' title='bbox 1901 3417 2029 3482; x_wconf 88' lang='lat' dir='ltr'><strong><em>phus</em></strong></span> <span class='ocrx_word' id='word_1_574' title='bbox 2062 3417 2403 3473; x_wconf 80' lang='lat' dir='ltr'><strong><em>Methonensis</em></strong></span> <span class='ocrx_word' id='word_1_575' title='bbox 2468 3427 2684 3473; x_wconf 88' lang='lat' dir='ltr'><strong><em>testetur</em></strong></span> <span class='ocrx_word' id='word_1_576' title='bbox 2711 3436 2830 3474; x_wconf 89' lang='lat' dir='ltr'><strong><em>eum</em></strong></span> <span class='ocrx_word' id='word_1_577' title='bbox 2879 3423 3048 3489; x_wconf 88' lang='lat' dir='ltr'><strong><em>reipsa</em></strong></span> <span class='ocrx_word' id='word_1_578' title='bbox 3085 3423 3344 3494; x_wconf 81' lang='lat' dir='ltr'><strong><em>Theologi</em></strong></span> <span class='ocrx_word' id='word_1_579' title='bbox 3381 3423 3482 3478; x_wconf 82' lang='lat' dir='ltr'><strong><em>Ju-</em></strong></span> 
     </span>
    </p>
   </div>
   <div class='ocr_carea' id='block_1_78' title="bbox 1902 3509 3480 3582">
    <p class='ocr_par' dir='ltr' id='par_1_78' title="bbox 1902 3509 3480 3582">
     <span class='ocr_line' id='line_1_78' title="bbox 1902 3509 3480 3582; baseline 0.004 -19"><span class='ocrx_word' id='word_1_580' title='bbox 1902 3509 2073 3563; x_wconf 87' lang='lat' dir='ltr'><strong><em>nioris</em></strong></span> <span class='ocrx_word' id='word_1_581' title='bbox 2107 3511 2316 3564; x_wconf 88' lang='lat' dir='ltr'><strong><em>nomine</em></strong></span> <span class='ocrx_word' id='word_1_582' title='bbox 2364 3511 2703 3581; x_wconf 89' lang='lat' dir='ltr'><strong><em>indigitatum</em></strong></span> <span class='ocrx_word' id='word_1_583' title='bbox 2749 3513 2928 3582; x_wconf 90' lang='lat' dir='ltr'><strong><em>fuisse,</em></strong></span> <span class='ocrx_word' id='word_1_584' title='bbox 2977 3516 3046 3567; x_wconf 92' lang='lat' dir='ltr'><strong><em>ad</em></strong></span> <span class='ocrx_word' id='word_1_585' title='bbox 3089 3515 3480 3569; x_wconf 87' lang='lat' dir='ltr'><strong><em>distinctionem</em></strong></span> 
     </span>
    </p>
   </div>
   <div class='ocr_carea' id='block_1_79' title="bbox 1903 3599 3480 3673">
    <p class='ocr_par' dir='ltr' id='par_1_79' title="bbox 1903 3599 3480 3673">
     <span class='ocr_line' id='line_1_79' title="bbox 1903 3599 3480 3673; baseline 0.006 -20"><span class='ocrx_word' id='word_1_586' title='bbox 1903 3601 2009 3655; x_wconf 91' lang='lat' dir='ltr'><strong><em>divi</em></strong></span> <span class='ocrx_word' id='word_1_587' title='bbox 2035 3599 2355 3656; x_wconf 73' lang='lat' dir='ltr'><strong><em>Nazianzeni</em></strong></span> <span class='ocrx_word' id='word_1_588' title='bbox 2385 3618 2403 3656; x_wconf 89' lang='lat'><strong><em>:</em></strong></span> <span class='ocrx_word' id='word_1_589' title='bbox 2431 3603 2520 3672; x_wconf 89' lang='lat' dir='ltr'><strong><em>qui</em></strong></span> <span class='ocrx_word' id='word_1_590' title='bbox 2553 3614 2709 3657; x_wconf 77' lang='lat' dir='ltr'><strong><em>vetus</em></strong></span> <span class='ocrx_word' id='word_1_591' title='bbox 2732 3605 2943 3673; x_wconf 88' lang='lat' dir='ltr'><strong><em>quidem</em></strong></span> <span class='ocrx_word' id='word_1_592' title='bbox 2975 3605 3276 3661; x_wconf 77' lang='lat' dir='ltr'><strong><em>Gra&#39;corum</em></strong></span> <span class='ocrx_word' id='word_1_593' title='bbox 3302 3607 3436 3661; x_wconf 88' lang='lat' dir='ltr'><strong><em>Theo</em></strong></span> <span class='ocrx_word' id='word_1_594' title='bbox 3452 3639 3480 3650; x_wconf 86' lang='lat'><strong><em>--</em></strong></span> 
     </span>
    </p>
   </div>
   <div class='ocr_carea' id='block_1_80' title="bbox 1905 3694 3480 3770">
    <p class='ocr_par' dir='ltr' id='par_1_80' title="bbox 1905 3694 3480 3770">
     <span class='ocr_line' id='line_1_80' title="bbox 1905 3694 3480 3770; baseline 0.004 -23"><span class='ocrx_word' id='word_1_595' title='bbox 1905 3694 2050 3764; x_wconf 88' lang='lat' dir='ltr'><strong><em>logus</em></strong></span> <span class='ocrx_word' id='word_1_596' title='bbox 2079 3705 2153 3748; x_wconf 91' lang='lat' dir='ltr'><strong><em>est</em></strong></span> <span class='ocrx_word' id='word_1_597' title='bbox 2179 3711 2196 3748; x_wconf 90' lang='lat'><strong><em>:</em></strong></span> <span class='ocrx_word' id='word_1_598' title='bbox 2225 3696 2378 3766; x_wconf 90' lang='lat' dir='ltr'><strong><em>attigi</em></strong></span> <span class='ocrx_word' id='word_1_599' title='bbox 2402 3695 2538 3748; x_wconf 90' lang='lat' dir='ltr'><strong><em>hanc</em></strong></span> <span class='ocrx_word' id='word_1_600' title='bbox 2569 3712 2678 3749; x_wconf 90' lang='lat' dir='ltr'><strong><em>rem</em></strong></span> <span class='ocrx_word' id='word_1_601' title='bbox 2709 3696 2868 3766; x_wconf 86' lang='lat' dir='ltr'><strong><em>paulo</em></strong></span> <span class='ocrx_word' id='word_1_602' title='bbox 2894 3697 3128 3765; x_wconf 88' lang='lat' dir='ltr'><strong><em>pluribus</em></strong></span> <span class='ocrx_word' id='word_1_603' title='bbox 3149 3699 3202 3751; x_wconf 90' lang='lat' dir='ltr'><strong><em>in</em></strong></span> <span class='ocrx_word' id='word_1_604' title='bbox 3229 3698 3480 3770; x_wconf 79' lang='lat' dir='ltr'><strong><em>Protega-</em></strong></span> 
     </span>
    </p>
   </div>
   <div class='ocr_carea' id='block_1_81' title="bbox 1903 3786 3477 3857">
    <p class='ocr_par' dir='ltr' id='par_1_81' title="bbox 1903 3786 3477 3857">
     <span class='ocr_line' id='line_1_81' title="bbox 1903 3786 3477 3857; baseline 0.003 -18"><span class='ocrx_word' id='word_1_605' title='bbox 1903 3787 2068 3840; x_wconf 89' lang='lat' dir='ltr'><strong><em>menis</em></strong></span> <span class='ocrx_word' id='word_1_606' title='bbox 2099 3803 2241 3840; x_wconf 89' lang='lat' dir='ltr'><strong><em>num.</em></strong></span> <span class='ocrx_word' id='word_1_607' title='bbox 2277 3786 2370 3849; x_wconf 73' lang='lat'><strong><em>28,</em></strong></span> <span class='ocrx_word' id='word_1_608' title='bbox 2411 3786 2506 3857; x_wconf 93' lang='lat' dir='ltr'><strong><em>fol.</em></strong></span> <span class='ocrx_word' id='word_1_609' title='bbox 2541 3786 2662 3851; x_wconf 70' lang='lat'><strong><em>106,</em></strong></span> <span class='ocrx_word' id='word_1_610' title='bbox 2696 3789 2858 3840; x_wconf 89' lang='lat' dir='ltr'><strong><em>etiam</em></strong></span> <span class='ocrx_word' id='word_1_611' title='bbox 2905 3805 2968 3842; x_wconf 63' lang='lat' dir='ltr'><strong><em>ea:</em></strong></span> <span class='ocrx_word' id='word_1_612' title='bbox 3013 3799 3184 3843; x_wconf 89' lang='lat' dir='ltr'><strong><em>mente</em></strong></span> <span class='ocrx_word' id='word_1_613' title='bbox 3224 3790 3477 3846; x_wconf 85' lang='lat' dir='ltr'><strong><em>Cretseri.</em></strong></span> 
     </span>
    </p>
   </div>
   <div class='ocr_carea' id='block_1_82' title="bbox 1904 3877 3482 3950">
    <p class='ocr_par' dir='ltr' id='par_1_82' title="bbox 1904 3877 3482 3950">
     <span class='ocr_line' id='line_1_82' title="bbox 1904 3877 3482 3950; baseline 0.004 -19"><span class='ocrx_word' id='word_1_614' title='bbox 1904 3877 1981 3932; x_wconf 87' lang='lat' dir='ltr'><strong><em>De</em></strong></span> <span class='ocrx_word' id='word_1_615' title='bbox 2008 3880 2211 3932; x_wconf 91' lang='lat' dir='ltr'><strong><em>seniore</em></strong></span> <span class='ocrx_word' id='word_1_616' title='bbox 2248 3878 2442 3942; x_wconf 86' lang='lat' dir='ltr'><strong><em>Psello,</em></strong></span> <span class='ocrx_word' id='word_1_617' title='bbox 2465 3879 2544 3932; x_wconf 89' lang='lat' dir='ltr'><strong><em>vel</em></strong></span> <span class='ocrx_word' id='word_1_618' title='bbox 2574 3889 2856 3950; x_wconf 91' lang='lat' dir='ltr'><strong><em>antequam</em></strong></span> <span class='ocrx_word' id='word_1_619' title='bbox 2887 3882 3194 3936; x_wconf 81' lang='lat' dir='ltr'><strong><em>rescriberes</em></strong></span> <span class='ocrx_word' id='word_1_620' title='bbox 3221 3883 3367 3950; x_wconf 84' lang='lat' dir='ltr'><strong><em>mihi,</em></strong></span> <span class='ocrx_word' id='word_1_621' title='bbox 3394 3903 3482 3938; x_wconf 90' lang='lat' dir='ltr'><strong><em>co-</em></strong></span> 
     </span>
    </p>
   </div>
   <div class='ocr_carea' id='block_1_83' title="bbox 1901 3971 3482 4043">
    <p class='ocr_par' dir='ltr' id='par_1_83' title="bbox 1901 3971 3482 4043">
     <span class='ocr_line' id='line_1_83' title="bbox 1901 3971 3482 4043; baseline 0.004 -19"><span class='ocrx_word' id='word_1_622' title='bbox 1901 3972 2135 4043; x_wconf 85' lang='lat' dir='ltr'><strong><em>gitabam</em></strong></span> <span class='ocrx_word' id='word_1_623' title='bbox 2157 3972 2500 4041; x_wconf 87' lang='lat' dir='ltr'><strong><em>jamdudum,</em></strong></span> <span class='ocrx_word' id='word_1_624' title='bbox 2534 3981 2582 4026; x_wconf 93' lang='lat' dir='ltr'><strong><em>te</em></strong></span> <span class='ocrx_word' id='word_1_625' title='bbox 2629 3989 2660 4026; x_wconf 93' lang='lat' dir='ltr'><strong><em>a</em></strong></span> <span class='ocrx_word' id='word_1_626' title='bbox 2689 3971 2950 4026; x_wconf 90' lang='lat' dir='ltr'><strong><em>Bollando</em></strong></span> <span class='ocrx_word' id='word_1_627' title='bbox 2981 3984 3159 4028; x_wconf 88' lang='lat' dir='ltr'><strong><em>nostro</em></strong></span> <span class='ocrx_word' id='word_1_628' title='bbox 3205 3977 3482 4031; x_wconf 87' lang='lat' dir='ltr'><strong><em>dissentire</em></strong></span> 
     </span>
    </p>
   </div>
   <div class='ocr_carea' id='block_1_84' title="bbox 1904 4061 3483 4132">
    <p class='ocr_par' dir='ltr' id='par_1_84' title="bbox 1904 4061 3483 4132">
     <span class='ocr_line' id='line_1_84' title="bbox 1904 4061 3483 4132; baseline 0.003 -16"><span class='ocrx_word' id='word_1_629' title='bbox 1904 4079 2006 4116; x_wconf 91' lang='lat' dir='ltr'><strong><em>non</em></strong></span> <span class='ocrx_word' id='word_1_630' title='bbox 2034 4079 2202 4132; x_wconf 91' lang='lat' dir='ltr'><strong><em>posse.</em></strong></span> <span class='ocrx_word' id='word_1_631' title='bbox 2226 4061 2354 4117; x_wconf 90' lang='lat' dir='ltr'><strong><em>Cum</em></strong></span> <span class='ocrx_word' id='word_1_632' title='bbox 2388 4063 2526 4115; x_wconf 89' lang='lat' dir='ltr'><strong><em>enim</em></strong></span> <span class='ocrx_word' id='word_1_633' title='bbox 2554 4063 2785 4132; x_wconf 88' lang='lat' dir='ltr'><strong><em>seipsum</em></strong></span> <span class='ocrx_word' id='word_1_634' title='bbox 2829 4063 3216 4132; x_wconf 80' lang='lat' dir='ltr'><strong><em>Metaphrastes</em></strong></span> <span class='ocrx_word' id='word_1_635' title='bbox 3265 4070 3319 4118; x_wconf 86' lang='lat' dir='ltr'><strong><em>in</em></strong></span> <span class='ocrx_word' id='word_1_636' title='bbox 3361 4083 3483 4120; x_wconf 84' lang='lat' dir='ltr'><strong><em>sart-</em></strong></span> 
     </span>
    </p>
   </div>
   <div class='ocr_carea' id='block_1_85' title="bbox 1902 4151 3482 4225">
    <p class='ocr_par' dir='ltr' id='par_1_85' title="bbox 1902 4151 3482 4225">
     <span class='ocr_line' id='line_1_85' title="bbox 1902 4151 3482 4225; baseline 0.004 -19"><span class='ocrx_word' id='word_1_637' title='bbox 1902 4163 1999 4207; x_wconf 74' lang='grc' dir='ltr'><strong><em>σιω</em></strong></span> <span class='ocrx_word' id='word_1_638' title='bbox 2045 4153 2357 4207; x_wconf 84' lang='lat' dir='ltr'><strong><em>Theoctistes</em></strong></span> <span class='ocrx_word' id='word_1_639' title='bbox 2398 4151 2516 4207; x_wconf 88' lang='lat' dir='ltr'><strong><em>Vita</em></strong></span> <span class='ocrx_word' id='word_1_640' title='bbox 2557 4153 2737 4224; x_wconf 90' lang='lat' dir='ltr'><strong><em>(quam</em></strong></span> <span class='ocrx_word' id='word_1_641' title='bbox 2783 4153 2846 4207; x_wconf 90' lang='lat' dir='ltr'><strong><em>ab</em></strong></span> <span class='ocrx_word' id='word_1_642' title='bbox 2890 4171 2950 4209; x_wconf 89' lang='lat' dir='ltr'><strong><em>eo</em></strong></span> <span class='ocrx_word' id='word_1_643' title='bbox 2987 4158 3238 4225; x_wconf 88' lang='lat' dir='ltr'><strong><em>scriptam</em></strong></span> <span class='ocrx_word' id='word_1_644' title='bbox 3273 4174 3383 4211; x_wconf 87' lang='lat' dir='ltr'><strong><em>esse</em></strong></span> <span class='ocrx_word' id='word_1_645' title='bbox 3427 4175 3482 4212; x_wconf 89' lang='lat' dir='ltr'><strong><em>se</em></strong></span> 
     </span>
    </p>
   </div>
   <div class='ocr_carea' id='block_1_86' title="bbox 1899 4244 3482 4318">
    <p class='ocr_par' dir='ltr' id='par_1_86' title="bbox 1899 4244 3482 4318">
     <span class='ocr_line' id='line_1_86' title="bbox 1899 4244 3482 4318; baseline 0.003 -19"><span class='ocrx_word' id='word_1_646' title='bbox 1899 4248 2012 4313; x_wconf 87' lang='lat' dir='ltr'><strong><em>ipso</em></strong></span> <span class='ocrx_word' id='word_1_647' title='bbox 2045 4255 2394 4312; x_wconf 90' lang='lat' dir='ltr'><strong><em>monstrante,</em></strong></span> <span class='ocrx_word' id='word_1_648' title='bbox 2417 4244 2609 4298; x_wconf 85' lang='lat' dir='ltr'><strong><em>Junior</em></strong></span> <span class='ocrx_word' id='word_1_649' title='bbox 2641 4245 2844 4299; x_wconf 90' lang='lat' dir='ltr'><strong><em>Psellus</em></strong></span> <span class='ocrx_word' id='word_1_650' title='bbox 2883 4247 3140 4318; x_wconf 90' lang='lat' dir='ltr'><strong><em>afﬁrmat)</em></strong></span> <span class='ocrx_word' id='word_1_651' title='bbox 3187 4250 3280 4302; x_wconf 90' lang='lat' dir='ltr'><strong><em>sub</em></strong></span> <span class='ocrx_word' id='word_1_652' title='bbox 3311 4249 3482 4303; x_wconf 87' lang='lat' dir='ltr'><strong><em>Leone</em></strong></span> 
     </span>
    </p>
   </div>
   <div class='ocr_carea' id='block_1_87' title="bbox 1901 4336 3480 4410">
    <p class='ocr_par' dir='ltr' id='par_1_87' title="bbox 1901 4336 3480 4410">
     <span class='ocr_line' id='line_1_87' title="bbox 1901 4336 3480 4410; baseline 0.002 -19"><span class='ocrx_word' id='word_1_653' title='bbox 1901 4337 2092 4391; x_wconf 87' lang='lat' dir='ltr'><strong><em>Basilii</em></strong></span> <span class='ocrx_word' id='word_1_654' title='bbox 2129 4338 2426 4392; x_wconf 81' lang='lat' dir='ltr'><strong><em>Macedonis</em></strong></span> <span class='ocrx_word' id='word_1_655' title='bbox 2455 4337 2566 4406; x_wconf 83' lang='lat' dir='ltr'><strong><em>ﬁlio</em></strong></span> <span class='ocrx_word' id='word_1_656' title='bbox 2605 4336 2827 4406; x_wconf 89' lang='lat' dir='ltr'><strong><em>publicis</em></strong></span> <span class='ocrx_word' id='word_1_657' title='bbox 2871 4339 3170 4392; x_wconf 89' lang='lat' dir='ltr'><strong><em>muneribus</em></strong></span> <span class='ocrx_word' id='word_1_658' title='bbox 3213 4357 3324 4394; x_wconf 90' lang='lat' dir='ltr'><strong><em>esse</em></strong></span> <span class='ocrx_word' id='word_1_659' title='bbox 3355 4343 3480 4410; x_wconf 78' lang='lat' dir='ltr'><strong><em>fun-</em></strong></span> 
     </span>
    </p>
   </div>
   <div class='ocr_carea' id='block_1_88' title="bbox 1904 4427 3480 4498">
    <p class='ocr_par' dir='ltr' id='par_1_88' title="bbox 1904 4427 3480 4498">
     <span class='ocr_line' id='line_1_88' title="bbox 1904 4427 3480 4498; baseline 0.003 -16"><span class='ocrx_word' id='word_1_660' title='bbox 1904 4439 2040 4482; x_wconf 83' lang='lat' dir='ltr'><strong><em>ctum</em></strong></span> <span class='ocrx_word' id='word_1_661' title='bbox 2066 4431 2322 4492; x_wconf 93' lang='lat' dir='ltr'><strong><em>ostendat,</em></strong></span> <span class='ocrx_word' id='word_1_662' title='bbox 2361 4445 2514 4498; x_wconf 89' lang='lat' dir='ltr'><strong><em>quem</em></strong></span> <span class='ocrx_word' id='word_1_663' title='bbox 2558 4437 2734 4482; x_wconf 89' lang='lat' dir='ltr'><strong><em>tamen</em></strong></span> <span class='ocrx_word' id='word_1_664' title='bbox 2766 4427 3031 4483; x_wconf 70' lang='lat' dir='ltr'><strong><em>Caesarem</em></strong></span> <span class='ocrx_word' id='word_1_665' title='bbox 3063 4431 3238 4483; x_wconf 91' lang='lat' dir='ltr'><strong><em>senior</em></strong></span> <span class='ocrx_word' id='word_1_666' title='bbox 3276 4430 3480 4486; x_wconf 84' lang='lat' dir='ltr'><strong><em>Psellus</em></strong></span> 
     </span>
    </p>
   </div>
   <div class='ocr_carea' id='block_1_89' title="bbox 225 4512 3477 4596">
    <p class='ocr_par' dir='ltr' id='par_1_89' title="bbox 225 4512 3477 4596">
     <span class='ocr_line' id='line_1_89' title="bbox 225 4512 3477 4596; baseline 0 -20"><span class='ocrx_word' id='word_1_667' title='bbox 225 4512 521 4588; x_wconf 78' lang='lat' dir='ltr'><strong><em>abundant,</em></strong></span> <span class='ocrx_word' id='word_1_668' title='bbox 557 4523 717 4576; x_wconf 91' lang='lat' dir='ltr'><strong><em>etiam</em></strong></span> <span class='ocrx_word' id='word_1_669' title='bbox 746 4537 861 4575; x_wconf 89' lang='lat' dir='ltr'><strong><em>cum</em></strong></span> <span class='ocrx_word' id='word_1_670' title='bbox 899 4522 962 4576; x_wconf 87' lang='lat' dir='ltr'><strong><em>de</em></strong></span> <span class='ocrx_word' id='word_1_671' title='bbox 1013 4522 1210 4576; x_wconf 89' lang='lat' dir='ltr'><strong><em>adultis</em></strong></span> <span class='ocrx_word' id='word_1_672' title='bbox 1240 4521 1526 4593; x_wconf 83' lang='lat' dir='ltr'><strong><em>loquuntur</em></strong></span> <span class='ocrx_word' id='word_1_673' title='bbox 1549 4537 1568 4574; x_wconf 89' lang='lat'><strong><em>:</em></strong></span> <span class='ocrx_word' id='word_1_674' title='bbox 1593 4522 1725 4575; x_wconf 85' lang='lat' dir='ltr'><strong><em>sicut</em></strong></span> <span class='ocrx_word' id='word_1_675' title='bbox 1751 4529 1801 4574; x_wconf 92' lang='lat' dir='ltr'><strong><em>et</em></strong></span> <span class='ocrx_word' id='word_1_676' title='bbox 1835 4542 1876 4596; x_wconf 77' lang='grc' dir='ltr'><strong><em>ο</em></strong></span> <span class='ocrx_word' id='word_1_677' title='bbox 1906 4523 2056 4592; x_wconf 87' lang='lat' dir='ltr'><strong><em>longe</em></strong></span> <span class='ocrx_word' id='word_1_678' title='bbox 2080 4522 2363 4585; x_wconf 61' lang='lat' dir='ltr'><strong><em>praecessit,</em></strong></span> <span class='ocrx_word' id='word_1_679' title='bbox 2401 4537 2502 4574; x_wconf 91' lang='lat' dir='ltr'><strong><em>non</em></strong></span> <span class='ocrx_word' id='word_1_680' title='bbox 2545 4521 2724 4590; x_wconf 90' lang='lat' dir='ltr'><strong><em>utique</em></strong></span> <span class='ocrx_word' id='word_1_681' title='bbox 2757 4522 2926 4588; x_wconf 87' lang='lat' dir='ltr'><strong><em>potuit</em></strong></span> <span class='ocrx_word' id='word_1_682' title='bbox 2965 4521 3074 4588; x_wconf 89' lang='lat' dir='ltr'><strong><em>ipse</em></strong></span> <span class='ocrx_word' id='word_1_683' title='bbox 3107 4523 3281 4575; x_wconf 91' lang='lat' dir='ltr'><strong><em>senior</em></strong></span> <span class='ocrx_word' id='word_1_684' title='bbox 3324 4522 3442 4577; x_wconf 86' lang='lat' dir='ltr'><strong><em>Psel</em></strong></span> <span class='ocrx_word' id='word_1_685' title='bbox 3465 4555 3477 4562; x_wconf 92' lang='lat'><em>-</em></span> 
     </span>
    </p>
   </div>
   <div class='ocr_carea' id='block_1_90' title="bbox 225 4615 1801 4686">
    <p class='ocr_par' dir='ltr' id='par_1_90' title="bbox 225 4615 1801 4686">
     <span class='ocr_line' id='line_1_90' title="bbox 225 4615 1801 4686; baseline -0.004 -15"><span class='ocrx_word' id='word_1_686' title='bbox 225 4615 470 4671; x_wconf 89' lang='lat' dir='ltr'><strong><em>Christus</em></strong></span> <span class='ocrx_word' id='word_1_687' title='bbox 495 4617 780 4686; x_wconf 66' lang='lat' dir='ltr'><strong><em>discipulos</em></strong></span> <span class='ocrx_word' id='word_1_688' title='bbox 805 4633 926 4671; x_wconf 87' lang='lat' dir='ltr'><strong><em>suos</em></strong></span> <span class='ocrx_word' id='word_1_689' title='bbox 971 4632 1072 4670; x_wconf 88' lang='lat' dir='ltr'><strong><em>non</em></strong></span> <span class='ocrx_word' id='word_1_690' title='bbox 1105 4615 1281 4686; x_wconf 89' lang='lat' dir='ltr'><strong><em>utique</em></strong></span> <span class='ocrx_word' id='word_1_691' title='bbox 1317 4625 1427 4668; x_wconf 91' lang='lat' dir='ltr'><strong><em>tum</em></strong></span> <span class='ocrx_word' id='word_1_692' title='bbox 1463 4621 1618 4668; x_wconf 85' lang='lat' dir='ltr'><strong><em>cetate</em></strong></span> <span class='ocrx_word' id='word_1_693' title='bbox 1661 4628 1801 4681; x_wconf 85' lang='lat' dir='ltr'><strong><em>pue-</em></strong></span> 
     </span>
    </p>
   </div>
   <div class='ocr_carea' id='block_1_91' title="bbox 225 4701 1802 4774">
    <p class='ocr_par' dir='ltr' id='par_1_91' title="bbox 225 4701 1802 4774">
     <span class='ocr_line' id='line_1_91' title="bbox 225 4701 1802 4774; baseline -0.004 -14"><span class='ocrx_word' id='word_1_694' title='bbox 225 4708 389 4774; x_wconf 88' lang='lat' dir='ltr'><strong><em>rulos,</em></strong></span> <span class='ocrx_word' id='word_1_695' title='bbox 445 4706 636 4760; x_wconf 83' lang='grc' dir='ltr'>παιδίοι</span> <span class='ocrx_word' id='word_1_696' title='bbox 686 4717 863 4760; x_wconf 89' lang='lat' dir='ltr'><strong><em>tamen</em></strong></span> <span class='ocrx_word' id='word_1_697' title='bbox 919 4707 1138 4760; x_wconf 83' lang='lat' dir='ltr'><strong><em>vocavit.</em></strong></span> <span class='ocrx_word' id='word_1_698' title='bbox 1195 4705 1387 4772; x_wconf 85' lang='lat' dir='ltr'><strong><em>Itaque</em></strong></span> <span class='ocrx_word' id='word_1_699' title='bbox 1421 4712 1636 4774; x_wconf 88' lang='lat' dir='ltr'><strong><em>propter</em></strong></span> <span class='ocrx_word' id='word_1_700' title='bbox 1665 4701 1802 4755; x_wconf 90' lang='lat' dir='ltr'><strong><em>alias</em></strong></span> 
     </span>
    </p>
   </div>
   <div class='ocr_carea' id='block_1_92' title="bbox 226 4794 1802 4867">
    <p class='ocr_par' dir='ltr' id='par_1_92' title="bbox 226 4794 1802 4867">
     <span class='ocr_line' id='line_1_92' title="bbox 226 4794 1802 4867; baseline -0.003 -15"><span class='ocrx_word' id='word_1_701' title='bbox 226 4801 387 4853; x_wconf 90' lang='lat' dir='ltr'><strong><em>etiam</em></strong></span> <span class='ocrx_word' id='word_1_702' title='bbox 440 4800 672 4853; x_wconf 91' lang='lat' dir='ltr'><strong><em>rationes</em></strong></span> <span class='ocrx_word' id='word_1_703' title='bbox 719 4815 750 4852; x_wconf 94' lang='lat' dir='ltr'><strong><em>a</em></strong></span> <span class='ocrx_word' id='word_1_704' title='bbox 811 4798 877 4853; x_wconf 88' lang='lat' dir='ltr'><strong><em>Te</em></strong></span> <span class='ocrx_word' id='word_1_705' title='bbox 928 4798 1327 4867; x_wconf 65' lang='lat' dir='ltr'><strong><em>praeclarissime</em></strong></span> <span class='ocrx_word' id='word_1_706' title='bbox 1377 4797 1597 4866; x_wconf 89' lang='lat' dir='ltr'><strong><em>positas,</em></strong></span> <span class='ocrx_word' id='word_1_707' title='bbox 1629 4794 1802 4848; x_wconf 89' lang='lat' dir='ltr'><strong><em>nullus</em></strong></span> 
     </span>
    </p>
   </div>
   <div class='ocr_carea' id='block_1_93' title="bbox 228 4887 1803 4961">
    <p class='ocr_par' dir='ltr' id='par_1_93' title="bbox 228 4887 1803 4961">
     <span class='ocr_line' id='line_1_93' title="bbox 228 4887 1803 4961; baseline -0.005 -13"><span class='ocrx_word' id='word_1_708' title='bbox 228 4895 431 4956; x_wconf 83' lang='lat' dir='ltr'><strong><em>dubito,</em></strong></span> <span class='ocrx_word' id='word_1_709' title='bbox 463 4893 872 4961; x_wconf 74' lang='lat' dir='ltr'><strong><em>Metaphrastem</em></strong></span> <span class='ocrx_word' id='word_1_710' title='bbox 921 4891 1016 4945; x_wconf 90' lang='lat' dir='ltr'><strong><em>sub</em></strong></span> <span class='ocrx_word' id='word_1_711' title='bbox 1042 4891 1235 4945; x_wconf 68' lang='lat' dir='ltr'><strong><em>&#39;Leone</em></strong></span> <span class='ocrx_word' id='word_1_712' title='bbox 1282 4889 1469 4943; x_wconf 90' lang='lat' dir='ltr'><strong><em>Basilii</em></strong></span> <span class='ocrx_word' id='word_1_713' title='bbox 1502 4887 1803 4944; x_wconf 84' lang='lat' dir='ltr'><strong><em>Macedonis</em></strong></span> 
     </span>
    </p>
   </div>
   <div class='ocr_carea' id='block_1_94' title="bbox 227 4980 1802 5055">
    <p class='ocr_par' dir='ltr' id='par_1_94' title="bbox 227 4980 1802 5055">
     <span class='ocr_line' id='line_1_94' title="bbox 227 4980 1802 5055; baseline -0.005 -17"><span class='ocrx_word' id='word_1_714' title='bbox 227 4988 336 5055; x_wconf 79' lang='lat' dir='ltr'><strong><em>ﬁlio</em></strong></span> <span class='ocrx_word' id='word_1_715' title='bbox 364 4987 679 5054; x_wconf 85' lang='lat' dir='ltr'><strong><em>conﬁrmata</em></strong></span> <span class='ocrx_word' id='word_1_716' title='bbox 701 4985 820 5054; x_wconf 88' lang='lat' dir='ltr'><strong><em>jam</em></strong></span> <span class='ocrx_word' id='word_1_717' title='bbox 858 4993 1015 5039; x_wconf 72' lang='lat' dir='ltr'><strong><em>(etate</em></strong></span> <span class='ocrx_word' id='word_1_718' title='bbox 1059 4985 1228 5038; x_wconf 88' lang='lat' dir='ltr'><strong><em>virum</em></strong></span> <span class='ocrx_word' id='word_1_719' title='bbox 1259 4983 1438 5053; x_wconf 82' lang='lat' dir='ltr'><strong><em>fuisse.</em></strong></span> <span class='ocrx_word' id='word_1_720' title='bbox 1472 4980 1576 5034; x_wconf 92' lang='lat' dir='ltr'><strong><em>Illa</em></strong></span> <span class='ocrx_word' id='word_1_721' title='bbox 1627 4989 1802 5034; x_wconf 87' lang='lat' dir='ltr'><strong><em>tamen</em></strong></span> 
     </span>
    </p>
   </div>
   <div class='ocr_carea' id='block_1_95' title="bbox 231 5072 1801 5151">
    <p class='ocr_par' dir='ltr' id='par_1_95' title="bbox 231 5072 1801 5151">
     <span class='ocr_line' id='line_1_95' title="bbox 231 5072 1801 5151; baseline -0.006 -21"><span class='ocrx_word' id='word_1_722' title='bbox 231 5077 607 5147; x_wconf 73' lang='lat' dir='ltr'><strong><em>Netaphrasta:</em></strong></span> <span class='ocrx_word' id='word_1_723' title='bbox 641 5075 751 5151; x_wconf 84' lang='lat' dir='ltr'><strong><em>alia</em></strong></span> <span class='ocrx_word' id='word_1_724' title='bbox 797 5077 995 5144; x_wconf 90' lang='lat' dir='ltr'><strong><em>scripta</em></strong></span> <span class='ocrx_word' id='word_1_725' title='bbox 1029 5077 1167 5145; x_wconf 87' lang='lat' dir='ltr'><strong><em>(cum</em></strong></span> <span class='ocrx_word' id='word_1_726' title='bbox 1227 5090 1318 5142; x_wconf 87' lang='lat' dir='ltr'><strong><em>ego</em></strong></span> <span class='ocrx_word' id='word_1_727' title='bbox 1349 5081 1538 5141; x_wconf 64' lang='lat' dir='ltr'><strong><em>praeter</em></strong></span> <span class='ocrx_word' id='word_1_728' title='bbox 1564 5072 1801 5124; x_wconf 86' lang='lat' dir='ltr'><strong><em>divorum</em></strong></span> 
     </span>
    </p>
   </div>
   <div class='ocr_carea' id='block_1_96' title="bbox 239 5163 1804 5238">
    <p class='ocr_par' dir='ltr' id='par_1_96' title="bbox 239 5163 1804 5238">
     <span class='ocr_line' id='line_1_96' title="bbox 239 5163 1804 5238; baseline -0.004 -17"><span class='ocrx_word' id='word_1_729' title='bbox 239 5168 411 5234; x_wconf 86' lang='lat' dir='ltr'><strong><em>Vitas,</em></strong></span> <span class='ocrx_word' id='word_1_730' title='bbox 460 5177 510 5222; x_wconf 92' lang='lat' dir='ltr'><strong><em>et</em></strong></span> <span class='ocrx_word' id='word_1_731' title='bbox 564 5167 705 5224; x_wconf 89' lang='lat' dir='ltr'><strong><em>Odas</em></strong></span> <span class='ocrx_word' id='word_1_732' title='bbox 754 5167 1011 5238; x_wconf 87' lang='lat' dir='ltr'><strong><em>quasdam</em></strong></span> <span class='ocrx_word' id='word_1_733' title='bbox 1059 5167 1113 5219; x_wconf 92' lang='lat' dir='ltr'><strong><em>in</em></strong></span> <span class='ocrx_word' id='word_1_734' title='bbox 1152 5165 1366 5220; x_wconf 80' lang='lat' dir='ltr'><strong><em>Menteis</em></strong></span> <span class='ocrx_word' id='word_1_735' title='bbox 1409 5164 1500 5218; x_wconf 88' lang='lat' dir='ltr'><strong><em>sub</em></strong></span> <span class='ocrx_word' id='word_1_736' title='bbox 1535 5163 1804 5234; x_wconf 85' lang='lat' dir='ltr'><strong><em>Symeonis</em></strong></span> 
     </span>
    </p>
   </div>
   <div class='ocr_carea' id='block_1_97' title="bbox 228 5254 1804 5331">
    <p class='ocr_par' dir='ltr' id='par_1_97' title="bbox 228 5254 1804 5331">
     <span class='ocr_line' id='line_1_97' title="bbox 228 5254 1804 5331; baseline -0.004 -17"><span class='ocrx_word' id='word_1_737' title='bbox 228 5259 530 5331; x_wconf 80' lang='lat' dir='ltr'><strong><em>Logothetce</em></strong></span> <span class='ocrx_word' id='word_1_738' title='bbox 557 5261 764 5313; x_wconf 90' lang='lat' dir='ltr'><strong><em>nomine</em></strong></span> <span class='ocrx_word' id='word_1_739' title='bbox 799 5257 927 5312; x_wconf 88' lang='lat' dir='ltr'><strong><em>nihil</em></strong></span> <span class='ocrx_word' id='word_1_740' title='bbox 985 5274 1218 5328; x_wconf 89' lang='lat' dir='ltr'><strong><em>unquam</em></strong></span> <span class='ocrx_word' id='word_1_741' title='bbox 1246 5256 1394 5310; x_wconf 89' lang='lat' dir='ltr'><strong><em>aliud</em></strong></span> <span class='ocrx_word' id='word_1_742' title='bbox 1435 5254 1675 5326; x_wconf 88' lang='lat' dir='ltr'><strong><em>viderim)</em></strong></span> <span class='ocrx_word' id='word_1_743' title='bbox 1708 5255 1804 5308; x_wconf 89' lang='lat' dir='ltr'><strong><em>illa</em></strong></span> 
     </span>
    </p>
   </div>
   <div class='ocr_carea' id='block_1_98' title="bbox 228 5348 1803 5422">
    <p class='ocr_par' dir='ltr' id='par_1_98' title="bbox 228 5348 1803 5422">
     <span class='ocr_line' id='line_1_98' title="bbox 228 5348 1803 5422; baseline -0.003 -17"><span class='ocrx_word' id='word_1_744' title='bbox 228 5354 448 5422; x_wconf 90' lang='lat' dir='ltr'><strong><em>inquam</em></strong></span> <span class='ocrx_word' id='word_1_745' title='bbox 464 5354 577 5421; x_wconf 87' lang='lat' dir='ltr'><strong><em>ejus</em></strong></span> <span class='ocrx_word' id='word_1_746' title='bbox 607 5351 717 5404; x_wconf 90' lang='lat' dir='ltr'><strong><em>alia</em></strong></span> <span class='ocrx_word' id='word_1_747' title='bbox 743 5353 965 5420; x_wconf 90' lang='lat' dir='ltr'><strong><em>scripta,</em></strong></span> <span class='ocrx_word' id='word_1_748' title='bbox 998 5365 1113 5420; x_wconf 76' lang='lat' dir='ltr'><strong><em>quae</em></strong></span> <span class='ocrx_word' id='word_1_749' title='bbox 1139 5349 1306 5403; x_wconf 89' lang='lat' dir='ltr'><strong><em>multa</em></strong></span> <span class='ocrx_word' id='word_1_750' title='bbox 1342 5358 1389 5402; x_wconf 91' lang='lat' dir='ltr'><strong><em>et</em></strong></span> <span class='ocrx_word' id='word_1_751' title='bbox 1419 5348 1803 5419; x_wconf 89' lang='lat' dir='ltr'><strong><em>elegantissima</em></strong></span> 
     </span>
    </p>
   </div>
   <div class='ocr_carea' id='block_1_99' title="bbox 228 5446 1801 5518">
    <p class='ocr_par' dir='ltr' id='par_1_99' title="bbox 228 5446 1801 5518">
     <span class='ocr_line' id='line_1_99' title="bbox 228 5446 1801 5518; baseline -0.002 -17"><span class='ocrx_word' id='word_1_752' title='bbox 228 5467 320 5518; x_wconf 78' lang='lat' dir='ltr'><strong><em>per</em></strong></span> <span class='ocrx_word' id='word_1_753' title='bbox 358 5451 525 5502; x_wconf 88' lang='lat' dir='ltr'><strong><em>otium</em></strong></span> <span class='ocrx_word' id='word_1_754' title='bbox 566 5448 752 5502; x_wconf 85' lang='lat' dir='ltr'><strong><em>vidisse</em></strong></span> <span class='ocrx_word' id='word_1_755' title='bbox 783 5458 831 5502; x_wconf 92' lang='lat' dir='ltr'><strong><em>te</em></strong></span> <span class='ocrx_word' id='word_1_756' title='bbox 867 5449 1068 5512; x_wconf 87' lang='lat' dir='ltr'><strong><em>scribis,</em></strong></span> <span class='ocrx_word' id='word_1_757' title='bbox 1101 5446 1257 5516; x_wconf 88' lang='lat' dir='ltr'><strong><em>plane</em></strong></span> <span class='ocrx_word' id='word_1_758' title='bbox 1309 5461 1614 5516; x_wconf 86' lang='lat' dir='ltr'><strong><em>cognoscere</em></strong></span> <span class='ocrx_word' id='word_1_759' title='bbox 1656 5461 1801 5499; x_wconf 88' lang='lat' dir='ltr'><strong><em>aveo.</em></strong></span> 
     </span>
    </p>
   </div>
   <div class='ocr_carea' id='block_1_100' title="bbox 232 5536 1806 5592">
    <p class='ocr_par' dir='ltr' id='par_1_100' title="bbox 232 5536 1806 5592">
     <span class='ocr_line' id='line_1_100' title="bbox 232 5536 1806 5592; baseline -0.001 0"><span class='ocrx_word' id='word_1_760' title='bbox 232 5536 376 5592; x_wconf 77' lang='lat' dir='ltr'><strong><em>Nam</em></strong></span> <span class='ocrx_word' id='word_1_761' title='bbox 408 5540 466 5591; x_wconf 88' lang='lat' dir='ltr'><strong><em>in</em></strong></span> <span class='ocrx_word' id='word_1_762' title='bbox 491 5539 590 5591; x_wconf 91' lang='lat' dir='ltr'><strong><em>hac</em></strong></span> <span class='ocrx_word' id='word_1_763' title='bbox 619 5537 776 5591; x_wconf 90' lang='lat' dir='ltr'><strong><em>nobili</em></strong></span> <span class='ocrx_word' id='word_1_764' title='bbox 808 5537 1055 5590; x_wconf 89' lang='lat' dir='ltr'><strong><em>Diatriba</em></strong></span> <span class='ocrx_word' id='word_1_765' title='bbox 1093 5547 1186 5590; x_wconf 89' lang='lat' dir='ltr'><strong><em>tua</em></strong></span> <span class='ocrx_word' id='word_1_766' title='bbox 1229 5553 1434 5592; x_wconf 89' lang='lat' dir='ltr'><strong><em>summo</em></strong></span> <span class='ocrx_word' id='word_1_767' title='bbox 1484 5553 1598 5590; x_wconf 88' lang='lat' dir='ltr'><strong><em>cum</em></strong></span> <span class='ocrx_word' id='word_1_768' title='bbox 1626 5553 1806 5590; x_wconf 85' lang='lat' dir='ltr'><strong><em>amore</em></strong></span> 
     </span>
    </p>
   </div>
   <div class='ocr_carea' id='block_1_101' title="bbox 229 5627 1803 5698">
    <p class='ocr_par' dir='ltr' id='par_1_101' title="bbox 229 5627 1803 5698">
     <span class='ocr_line' id='line_1_101' title="bbox 229 5627 1803 5698; baseline -0.003 -14"><span class='ocrx_word' id='word_1_769' title='bbox 229 5632 356 5684; x_wconf 87' lang='lat' dir='ltr'><strong><em>mihi</em></strong></span> <span class='ocrx_word' id='word_1_770' title='bbox 389 5631 723 5693; x_wconf 90' lang='lat' dir='ltr'><strong><em>transmissa,</em></strong></span> <span class='ocrx_word' id='word_1_771' title='bbox 769 5629 863 5682; x_wconf 90' lang='lat' dir='ltr'><strong><em>etsi</em></strong></span> <span class='ocrx_word' id='word_1_772' title='bbox 895 5629 1307 5697; x_wconf 75' lang='lat' dir='ltr'><strong><em>Metaphrasttea</em></strong></span> <span class='ocrx_word' id='word_1_773' title='bbox 1343 5637 1390 5682; x_wconf 94' lang='lat' dir='ltr'><strong><em>te</em></strong></span> <span class='ocrx_word' id='word_1_774' title='bbox 1435 5628 1634 5696; x_wconf 90' lang='lat' dir='ltr'><strong><em>scripta</em></strong></span> <span class='ocrx_word' id='word_1_775' title='bbox 1665 5627 1803 5698; x_wconf 90' lang='lat' dir='ltr'><strong><em>infra</em></strong></span> 
     </span>
    </p>
   </div>
   <div class='ocr_carea' id='block_1_102' title="bbox 227 5718 1804 5790">
    <p class='ocr_par' dir='ltr' id='par_1_102' title="bbox 227 5718 1804 5790">
     <span class='ocr_line' id='line_1_102' title="bbox 227 5718 1804 5790; baseline -0.003 -14"><span class='ocrx_word' id='word_1_776' title='bbox 227 5729 664 5776; x_wconf 87' lang='lat' dir='ltr'><strong><em>enumeraturum</em></strong></span> <span class='ocrx_word' id='word_1_777' title='bbox 694 5718 954 5788; x_wconf 88' lang='lat' dir='ltr'><strong><em>pollicitus</em></strong></span> <span class='ocrx_word' id='word_1_778' title='bbox 985 5737 1058 5784; x_wconf 87' lang='lat' dir='ltr'><strong><em>es,</em></strong></span> <span class='ocrx_word' id='word_1_779' title='bbox 1105 5731 1282 5774; x_wconf 90' lang='lat' dir='ltr'><strong><em>tamen</em></strong></span> <span class='ocrx_word' id='word_1_780' title='bbox 1309 5719 1430 5774; x_wconf 89' lang='lat' dir='ltr'><strong><em>aliis</em></strong></span> <span class='ocrx_word' id='word_1_781' title='bbox 1468 5721 1602 5789; x_wconf 90' lang='lat' dir='ltr'><strong><em>forte</em></strong></span> <span class='ocrx_word' id='word_1_782' title='bbox 1648 5735 1804 5790; x_wconf 88' lang='lat' dir='ltr'><strong><em>nego-</em></strong></span> 
     </span>
    </p>
   </div>
   <div class='ocr_carea' id='block_1_103' title="bbox 231 5811 1805 5886">
    <p class='ocr_par' dir='ltr' id='par_1_103' title="bbox 231 5811 1805 5886">
     <span class='ocr_line' id='line_1_103' title="bbox 231 5811 1805 5886; baseline -0.004 -15"><span class='ocrx_word' id='word_1_783' title='bbox 231 5816 318 5871; x_wconf 88' lang='lat' dir='ltr'><strong><em>tiis</em></strong></span> <span class='ocrx_word' id='word_1_784' title='bbox 344 5814 550 5886; x_wconf 88' lang='lat' dir='ltr'><strong><em>factum</em></strong></span> <span class='ocrx_word' id='word_1_785' title='bbox 581 5813 908 5875; x_wconf 87' lang='lat' dir='ltr'><strong><em>crediderim,</em></strong></span> <span class='ocrx_word' id='word_1_786' title='bbox 938 5822 995 5865; x_wconf 90' lang='lat' dir='ltr'><strong><em>ut</em></strong></span> <span class='ocrx_word' id='word_1_787' title='bbox 1038 5823 1230 5880; x_wconf 77' lang='lat' dir='ltr'><strong><em>prazter</em></strong></span> <span class='ocrx_word' id='word_1_788' title='bbox 1266 5815 1609 5882; x_wconf 83' lang='lat' dir='ltr'><strong><em>scriptionum</em></strong></span> <span class='ocrx_word' id='word_1_789' title='bbox 1643 5811 1805 5866; x_wconf 83' lang='lat' dir='ltr'><strong><em>Pselli</em></strong></span> 
     </span>
    </p>
   </div>
   <div class='ocr_carea' id='block_1_104' title="bbox 475 5907 1188 5973">
    <p class='ocr_par' dir='ltr' id='par_1_104' title="bbox 475 5907 1188 5973">
     <span class='ocr_line' id='line_1_104' title="bbox 475 5907 1188 5973; baseline -0.007 0"><span class='ocrx_word' id='word_1_790' title='bbox 475 5913 755 5973; x_wconf 78' lang='grc' dir='ltr'><strong><em>ΡΔτιιοι..</em></strong></span> <span class='ocrx_word' id='word_1_791' title='bbox 803 5909 916 5970; x_wconf 78' lang='lat' dir='ltr'><strong><em>Gn.</em></strong></span> <span class='ocrx_word' id='word_1_792' title='bbox 971 5907 1188 5968; x_wconf 82' lang='lat' dir='ltr'><strong><em>CXIV.</em></strong></span> 
     </span>
    </p>
   </div>
   <div class='ocr_carea' id='block_1_105' title="bbox 1906 4613 3481 4684">
    <p class='ocr_par' dir='ltr' id='par_1_105' title="bbox 1906 4613 3481 4684">
     <span class='ocr_line' id='line_1_105' title="bbox 1906 4613 3481 4684; baseline -0.001 -16"><span class='ocrx_word' id='word_1_793' title='bbox 1906 4615 2006 4675; x_wconf 86' lang='lat' dir='ltr'><strong><em>lus.</em></strong></span> <span class='ocrx_word' id='word_1_794' title='bbox 2063 4613 2420 4684; x_wconf 85' lang='lat' dir='ltr'><strong><em>Metaphraste</em></strong></span> <span class='ocrx_word' id='word_1_795' title='bbox 2471 4613 2588 4681; x_wconf 88' lang='lat' dir='ltr'><strong><em>jam</em></strong></span> <span class='ocrx_word' id='word_1_796' title='bbox 2649 4613 2926 4683; x_wconf 86' lang='lat' dir='ltr'><strong><em>defuncto,</em></strong></span> <span class='ocrx_word' id='word_1_797' title='bbox 2990 4614 3285 4666; x_wconf 89' lang='lat' dir='ltr'><strong><em>encomium</em></strong></span> <span class='ocrx_word' id='word_1_798' title='bbox 3346 4615 3481 4668; x_wconf 87' lang='lat' dir='ltr'><strong><em>illud</em></strong></span> 
     </span>
    </p>
   </div>
   <div class='ocr_carea' id='block_1_106' title="bbox 1902 4690 3482 4776">
    <p class='ocr_par' dir='ltr' id='par_1_106' title="bbox 1902 4690 3482 4776">
     <span class='ocr_line' id='line_1_106' title="bbox 1902 4690 3482 4776; baseline 0.002 -17"><span class='ocrx_word' id='word_1_799' title='bbox 1902 4690 2189 4774; x_wconf 85' lang='lat' dir='ltr'><strong><em>scripsisse,</em></strong></span> <span class='ocrx_word' id='word_1_800' title='bbox 2218 4706 2354 4776; x_wconf 90' lang='lat' dir='ltr'><strong><em>quod</em></strong></span> <span class='ocrx_word' id='word_1_801' title='bbox 2380 4705 2524 4771; x_wconf 82' lang='lat' dir='ltr'><strong><em>apud</em></strong></span> <span class='ocrx_word' id='word_1_802' title='bbox 2547 4704 2785 4769; x_wconf 87' lang='lat' dir='ltr'><strong><em>Surium,</em></strong></span> <span class='ocrx_word' id='word_1_803' title='bbox 2819 4715 2865 4762; x_wconf 88' lang='lat' dir='ltr'><strong><em>et</em></strong></span> <span class='ocrx_word' id='word_1_804' title='bbox 2900 4705 3032 4762; x_wconf 89' lang='lat' dir='ltr'><strong><em>alios</em></strong></span> <span class='ocrx_word' id='word_1_805' title='bbox 3068 4707 3279 4760; x_wconf 91' lang='lat' dir='ltr'><strong><em>nomine</em></strong></span> <span class='ocrx_word' id='word_1_806' title='bbox 3321 4705 3482 4762; x_wconf 81' lang='lat' dir='ltr'><strong><em>Pseli</em></strong></span> 
     </span>
    </p>
   </div>
   <div class='ocr_carea' id='block_1_107' title="bbox 1905 4795 3483 4868">
    <p class='ocr_par' dir='ltr' id='par_1_107' title="bbox 1905 4795 3483 4868">
     <span class='ocr_line' id='line_1_107' title="bbox 1905 4795 3483 4868; baseline 0.003 -18"><span class='ocrx_word' id='word_1_807' title='bbox 1905 4798 2289 4868; x_wconf 86' lang='lat' dir='ltr'><strong><em>circumfertur.</em></strong></span> <span class='ocrx_word' id='word_1_808' title='bbox 2317 4795 2506 4868; x_wconf 89' lang='lat' dir='ltr'><strong><em>Itaque</em></strong></span> <span class='ocrx_word' id='word_1_809' title='bbox 2539 4797 2709 4850; x_wconf 88' lang='lat' dir='ltr'><strong><em>nescio</em></strong></span> <span class='ocrx_word' id='word_1_810' title='bbox 2743 4797 2871 4866; x_wconf 89' lang='lat' dir='ltr'><strong><em>quid</em></strong></span> <span class='ocrx_word' id='word_1_811' title='bbox 2899 4798 3196 4854; x_wconf 88' lang='lat' dir='ltr'><strong><em>doctissimo</em></strong></span> <span class='ocrx_word' id='word_1_812' title='bbox 3225 4798 3483 4855; x_wconf 86' lang='lat' dir='ltr'><strong><em>Bollando</em></strong></span> 
     </span>
    </p>
   </div>
   <div class='ocr_carea' id='block_1_108' title="bbox 1906 4888 3484 4953">
    <p class='ocr_par' dir='ltr' id='par_1_108' title="bbox 1906 4888 3484 4953">
     <span class='ocr_line' id='line_1_108' title="bbox 1906 4888 3484 4953; baseline 0.003 -11"><span class='ocrx_word' id='word_1_813' title='bbox 1906 4899 2082 4942; x_wconf 87' lang='lat' dir='ltr'><strong><em>nostro</em></strong></span> <span class='ocrx_word' id='word_1_814' title='bbox 2112 4889 2354 4953; x_wconf 90' lang='lat' dir='ltr'><strong><em>evenerit,</em></strong></span> <span class='ocrx_word' id='word_1_815' title='bbox 2385 4904 2500 4941; x_wconf 92' lang='lat' dir='ltr'><strong><em>cum</em></strong></span> <span class='ocrx_word' id='word_1_816' title='bbox 2525 4904 2642 4941; x_wconf 90' lang='lat' dir='ltr'><strong><em>eam</em></strong></span> <span class='ocrx_word' id='word_1_817' title='bbox 2666 4888 2729 4940; x_wconf 91' lang='lat' dir='ltr'><strong><em>de</em></strong></span> <span class='ocrx_word' id='word_1_818' title='bbox 2749 4889 2953 4942; x_wconf 88' lang='lat' dir='ltr'><strong><em>seniore</em></strong></span> <span class='ocrx_word' id='word_1_819' title='bbox 2966 4888 3142 4944; x_wconf 88' lang='lat' dir='ltr'><strong><em>Psello</em></strong></span> <span class='ocrx_word' id='word_1_820' title='bbox 3170 4893 3484 4947; x_wconf 83' lang='lat' dir='ltr'><strong><em>sententiam</em></strong></span> 
     </span>
    </p>
   </div>
   <div class='ocr_carea' id='block_1_109' title="bbox 1908 4981 3485 5052">
    <p class='ocr_par' dir='ltr' id='par_1_109' title="bbox 1908 4981 3485 5052">
     <span class='ocr_line' id='line_1_109' title="bbox 1908 4981 3485 5052; baseline 0.003 -17"><span class='ocrx_word' id='word_1_821' title='bbox 1908 4983 2000 5036; x_wconf 88' lang='lat' dir='ltr'><strong><em>tibi</em></strong></span> <span class='ocrx_word' id='word_1_822' title='bbox 2029 4982 2277 5037; x_wconf 89' lang='lat' dir='ltr'><strong><em>tribueret</em></strong></span> <span class='ocrx_word' id='word_1_823' title='bbox 2307 4999 2325 5036; x_wconf 89' lang='lat'><strong><em>:</em></strong></span> <span class='ocrx_word' id='word_1_824' title='bbox 2364 4998 2670 5052; x_wconf 86' lang='lat' dir='ltr'><strong><em>quanquam</em></strong></span> <span class='ocrx_word' id='word_1_825' title='bbox 2723 4981 2790 5036; x_wconf 86' lang='lat' dir='ltr'><strong><em>Te</em></strong></span> <span class='ocrx_word' id='word_1_826' title='bbox 2843 4983 2982 5037; x_wconf 89' lang='lat' dir='ltr'><strong><em>inter</em></strong></span> <span class='ocrx_word' id='word_1_827' title='bbox 3033 4983 3378 5042; x_wconf 80' lang='lat' dir='ltr'><strong><em>doctissimos</em></strong></span> <span class='ocrx_word' id='word_1_828' title='bbox 3428 4996 3485 5041; x_wconf 86' lang='lat' dir='ltr'><strong><em>et</em></strong></span> 
     </span>
    </p>
   </div>
   <div class='ocr_carea' id='block_1_110' title="bbox 1906 5073 3483 5150">
    <p class='ocr_par' dir='ltr' id='par_1_110' title="bbox 1906 5073 3483 5150">
     <span class='ocr_line' id='line_1_110' title="bbox 1906 5073 3483 5150; baseline 0.001 -20"><span class='ocrx_word' id='word_1_829' title='bbox 1906 5073 2056 5130; x_wconf 76' lang='lat' dir='ltr'><strong><em>viros</em></strong></span> <span class='ocrx_word' id='word_1_830' title='bbox 2089 5076 2301 5129; x_wconf 86' lang='lat' dir='ltr'><strong><em>omnino</em></strong></span> <span class='ocrx_word' id='word_1_831' title='bbox 2356 5084 2537 5130; x_wconf 78' lang='lat' dir='ltr'><strong><em>tantos</em></strong></span> <span class='ocrx_word' id='word_1_832' title='bbox 2580 5084 2806 5130; x_wconf 88' lang='lat' dir='ltr'><strong><em>recenset</em></strong></span> <span class='ocrx_word' id='word_1_833' title='bbox 2863 5075 2944 5147; x_wconf 91' lang='lat' dir='ltr'><strong><em>(ut</em></strong></span> <span class='ocrx_word' id='word_1_834' title='bbox 3000 5076 3192 5131; x_wconf 89' lang='lat' dir='ltr'><strong><em>ibidem</em></strong></span> <span class='ocrx_word' id='word_1_835' title='bbox 3229 5077 3483 5150; x_wconf 88' lang='lat' dir='ltr'><strong><em>loquitur)</em></strong></span> 
     </span>
    </p>
   </div>
   <div class='ocr_carea' id='block_1_111' title="bbox 1907 5166 3486 5240">
    <p class='ocr_par' dir='ltr' id='par_1_111' title="bbox 1907 5166 3486 5240">
     <span class='ocr_line' id='line_1_111' title="bbox 1907 5166 3486 5240; baseline 0.003 -20"><span class='ocrx_word' id='word_1_836' title='bbox 1907 5183 2035 5236; x_wconf 87' lang='lat' dir='ltr'><strong><em>quos</em></strong></span> <span class='ocrx_word' id='word_1_837' title='bbox 2065 5184 2160 5220; x_wconf 91' lang='lat' dir='ltr'><strong><em>suo</em></strong></span> <span class='ocrx_word' id='word_1_838' title='bbox 2192 5166 2348 5235; x_wconf 86' lang='lat' dir='ltr'><strong><em>plane</em></strong></span> <span class='ocrx_word' id='word_1_839' title='bbox 2381 5166 2568 5220; x_wconf 89' lang='lat' dir='ltr'><strong><em>merito</em></strong></span> <span class='ocrx_word' id='word_1_840' title='bbox 2615 5167 2774 5222; x_wconf 90' lang='lat' dir='ltr'><strong><em>colat.</em></strong></span> <span class='ocrx_word' id='word_1_841' title='bbox 2810 5167 2899 5222; x_wconf 78' lang='lat' dir='ltr'><strong><em>Est</em></strong></span> <span class='ocrx_word' id='word_1_842' title='bbox 2935 5177 3110 5222; x_wconf 78' lang='lat' dir='ltr'><strong><em>autem</em></strong></span> <span class='ocrx_word' id='word_1_843' title='bbox 3155 5169 3334 5240; x_wconf 82' lang='lat' dir='ltr'><strong><em>fragili</em></strong></span> <span class='ocrx_word' id='word_1_844' title='bbox 3364 5171 3486 5225; x_wconf 76' lang='lat' dir='ltr'><strong><em>vita:</em></strong></span> 
     </span>
    </p>
   </div>
   <div class='ocr_carea' id='block_1_112' title="bbox 1907 5256 3485 5330">
    <p class='ocr_par' dir='ltr' id='par_1_112' title="bbox 1907 5256 3485 5330">
     <span class='ocr_line' id='line_1_112' title="bbox 1907 5256 3485 5330; baseline 0.004 -21"><span class='ocrx_word' id='word_1_845' title='bbox 1907 5258 2001 5310; x_wconf 86' lang='lat' dir='ltr'><strong><em>hoc</em></strong></span> <span class='ocrx_word' id='word_1_846' title='bbox 2030 5257 2324 5327; x_wconf 85' lang='lat' dir='ltr'><strong><em>proprium,</em></strong></span> <span class='ocrx_word' id='word_1_847' title='bbox 2363 5266 2418 5309; x_wconf 89' lang='lat' dir='ltr'><strong><em>ut</em></strong></span> <span class='ocrx_word' id='word_1_848' title='bbox 2450 5256 2530 5310; x_wconf 90' lang='lat' dir='ltr'><strong><em>vel</em></strong></span> <span class='ocrx_word' id='word_1_849' title='bbox 2555 5258 2894 5326; x_wconf 90' lang='lat' dir='ltr'><strong><em>festinatione</em></strong></span> <span class='ocrx_word' id='word_1_850' title='bbox 2933 5259 3120 5325; x_wconf 89' lang='lat' dir='ltr'><strong><em>nintia,</em></strong></span> <span class='ocrx_word' id='word_1_851' title='bbox 3145 5259 3226 5313; x_wconf 84' lang='lat' dir='ltr'><strong><em>vel</em></strong></span> <span class='ocrx_word' id='word_1_852' title='bbox 3251 5261 3485 5330; x_wconf 82' lang='lat' dir='ltr'><strong><em>difﬁcul-</em></strong></span> 
     </span>
    </p>
   </div>
   <div class='ocr_carea' id='block_1_113' title="bbox 1909 5346 3482 5422">
    <p class='ocr_par' dir='ltr' id='par_1_113' title="bbox 1909 5346 3482 5422">
     <span class='ocr_line' id='line_1_113' title="bbox 1909 5346 3482 5422; baseline 0.004 -22"><span class='ocrx_word' id='word_1_853' title='bbox 1909 5348 2104 5402; x_wconf 85' lang='lat' dir='ltr'><strong><em>tatibus</em></strong></span> <span class='ocrx_word' id='word_1_854' title='bbox 2133 5346 2257 5401; x_wconf 89' lang='lat' dir='ltr'><strong><em>aliis</em></strong></span> <span class='ocrx_word' id='word_1_855' title='bbox 2308 5347 2563 5417; x_wconf 89' lang='lat' dir='ltr'><strong><em>absorpti,</em></strong></span> <span class='ocrx_word' id='word_1_856' title='bbox 2598 5365 2700 5402; x_wconf 87' lang='lat' dir='ltr'><strong><em>non</em></strong></span> <span class='ocrx_word' id='word_1_857' title='bbox 2749 5365 2951 5417; x_wconf 86' lang='lat' dir='ltr'><strong><em>semper</em></strong></span> <span class='ocrx_word' id='word_1_858' title='bbox 2980 5348 3079 5403; x_wconf 87' lang='lat' dir='ltr'><strong><em>rite</em></strong></span> <span class='ocrx_word' id='word_1_859' title='bbox 3116 5367 3482 5422; x_wconf 87' lang='lat' dir='ltr'><strong><em>assequamur,</em></strong></span> 
     </span>
    </p>
   </div>
   <div class='ocr_carea' id='block_1_114' title="bbox 1908 5438 3485 5510">
    <p class='ocr_par' dir='ltr' id='par_1_114' title="bbox 1908 5438 3485 5510">
     <span class='ocr_line' id='line_1_114' title="bbox 1908 5438 3485 5510; baseline 0.002 -16"><span class='ocrx_word' id='word_1_860' title='bbox 1908 5457 2024 5510; x_wconf 69' lang='lat' dir='ltr'><strong><em>quae</em></strong></span> <span class='ocrx_word' id='word_1_861' title='bbox 2054 5439 2148 5494; x_wconf 90' lang='lat' dir='ltr'><strong><em>alii</em></strong></span> <span class='ocrx_word' id='word_1_862' title='bbox 2176 5441 2428 5494; x_wconf 88' lang='lat' dir='ltr'><strong><em>sentiunt.</em></strong></span> <span class='ocrx_word' id='word_1_863' title='bbox 2478 5438 2627 5495; x_wconf 88' lang='lat' dir='ltr'><strong><em>Sicut</em></strong></span> <span class='ocrx_word' id='word_1_864' title='bbox 2667 5441 2828 5494; x_wconf 88' lang='lat' dir='ltr'><strong><em>etiam</em></strong></span> <span class='ocrx_word' id='word_1_865' title='bbox 2865 5441 3117 5507; x_wconf 82' lang='lat' dir='ltr'><strong><em>arbitror,</em></strong></span> <span class='ocrx_word' id='word_1_866' title='bbox 3157 5442 3485 5498; x_wconf 86' lang='lat' dir='ltr'><strong><em>Lansselium</em></strong></span> 
     </span>
    </p>
   </div>
   <div class='ocr_carea' id='block_1_115' title="bbox 1909 5531 3485 5596">
    <p class='ocr_par' dir='ltr' id='par_1_115' title="bbox 1909 5531 3485 5596">
     <span class='ocr_line' id='line_1_115' title="bbox 1909 5531 3485 5596; baseline 0.004 -14"><span class='ocrx_word' id='word_1_867' title='bbox 1909 5542 2144 5584; x_wconf 89' lang='lat' dir='ltr'><strong><em>nostrum</em></strong></span> <span class='ocrx_word' id='word_1_868' title='bbox 2176 5531 2318 5584; x_wconf 86' lang='lat' dir='ltr'><strong><em>nullo</em></strong></span> <span class='ocrx_word' id='word_1_869' title='bbox 2346 5532 2496 5585; x_wconf 91' lang='lat' dir='ltr'><strong><em>modo</em></strong></span> <span class='ocrx_word' id='word_1_870' title='bbox 2525 5549 2558 5584; x_wconf 93' lang='lat' dir='ltr'><strong><em>a</em></strong></span> <span class='ocrx_word' id='word_1_871' title='bbox 2616 5540 2666 5585; x_wconf 90' lang='lat' dir='ltr'><strong><em>te</em></strong></span> <span class='ocrx_word' id='word_1_872' title='bbox 2710 5531 3005 5596; x_wconf 87' lang='lat' dir='ltr'><strong><em>dissentire,</em></strong></span> <span class='ocrx_word' id='word_1_873' title='bbox 3044 5532 3162 5586; x_wconf 87' lang='lat' dir='ltr'><strong><em>licet</em></strong></span> <span class='ocrx_word' id='word_1_874' title='bbox 3213 5533 3266 5587; x_wconf 89' lang='lat' dir='ltr'><strong><em>in</em></strong></span> <span class='ocrx_word' id='word_1_875' title='bbox 3318 5535 3485 5588; x_wconf 86' lang='lat' dir='ltr'><strong><em>verbis</em></strong></span> 
     </span>
    </p>
   </div>
   <div class='ocr_carea' id='block_1_116' title="bbox 1909 5623 3482 5694">
    <p class='ocr_par' dir='ltr' id='par_1_116' title="bbox 1909 5623 3482 5694">
     <span class='ocr_line' id='line_1_116' title="bbox 1909 5623 3482 5694; baseline 0.002 -19"><span class='ocrx_word' id='word_1_876' title='bbox 1909 5623 2304 5694; x_wconf 79' lang='lat' dir='ltr'><strong><em>aliquantulum</em></strong></span> <span class='ocrx_word' id='word_1_877' title='bbox 2335 5625 2611 5693; x_wconf 90' lang='lat' dir='ltr'><strong><em>discrepet,</em></strong></span> <span class='ocrx_word' id='word_1_878' title='bbox 2663 5641 2782 5678; x_wconf 88' lang='lat' dir='ltr'><strong><em>cum</em></strong></span> <span class='ocrx_word' id='word_1_879' title='bbox 2810 5635 3044 5678; x_wconf 88' lang='lat' dir='ltr'><strong><em>nostrum</em></strong></span> <span class='ocrx_word' id='word_1_880' title='bbox 3073 5623 3482 5694; x_wconf 82' lang='lat' dir='ltr'><strong><em>Metaphrastem</em></strong></span> 
     </span>
    </p>
   </div>
   <div class='ocr_carea' id='block_1_117' title="bbox 1909 5712 3488 5786">
    <p class='ocr_par' dir='ltr' id='par_1_117' title="bbox 1909 5712 3488 5786">
     <span class='ocr_line' id='line_1_117' title="bbox 1909 5712 3488 5786; baseline 0.002 -18"><span class='ocrx_word' id='word_1_881' title='bbox 1909 5713 2101 5770; x_wconf 65' lang='lat' dir='ltr'><strong><em>saeculo</em></strong></span> <span class='ocrx_word' id='word_1_882' title='bbox 2127 5712 2322 5770; x_wconf 86' lang='lat' dir='ltr'><strong><em>Christi</em></strong></span> <span class='ocrx_word' id='word_1_883' title='bbox 2359 5715 2558 5768; x_wconf 91' lang='lat' dir='ltr'><strong><em>decimo</em></strong></span> <span class='ocrx_word' id='word_1_884' title='bbox 2587 5717 2779 5783; x_wconf 88' lang='lat' dir='ltr'><strong><em>posuit.</em></strong></span> <span class='ocrx_word' id='word_1_885' title='bbox 2814 5713 2956 5768; x_wconf 85' lang='lat' dir='ltr'><strong><em>Nam</em></strong></span> <span class='ocrx_word' id='word_1_886' title='bbox 2986 5715 3124 5784; x_wconf 87' lang='lat' dir='ltr'><strong><em>quod</em></strong></span> <span class='ocrx_word' id='word_1_887' title='bbox 3145 5724 3200 5768; x_wconf 89' lang='lat' dir='ltr'><strong><em>tu</em></strong></span> <span class='ocrx_word' id='word_1_888' title='bbox 3241 5719 3488 5786; x_wconf 84' lang='lat' dir='ltr'><strong><em>temporis</em></strong></span> 
     </span>
    </p>
   </div>
   <div class='ocr_carea' id='block_1_118' title="bbox 1909 5807 3485 5880">
    <p class='ocr_par' dir='ltr' id='par_1_118' title="bbox 1909 5807 3485 5880">
     <span class='ocr_line' id='line_1_118' title="bbox 1909 5807 3485 5880; baseline 0.001 -15"><span class='ocrx_word' id='word_1_889' title='bbox 1909 5813 2141 5880; x_wconf 81' lang='lat' dir='ltr'><strong><em>spatium</em></strong></span> <span class='ocrx_word' id='word_1_890' title='bbox 2173 5810 2238 5866; x_wconf 91' lang='lat' dir='ltr'><strong><em>ab</em></strong></span> <span class='ocrx_word' id='word_1_891' title='bbox 2269 5827 2406 5864; x_wconf 85' lang='lat' dir='ltr'><strong><em>anno</em></strong></span> <span class='ocrx_word' id='word_1_892' title='bbox 2437 5807 2634 5865; x_wconf 76' lang='lat' dir='ltr'><strong><em>Chr&#39;sti</em></strong></span> <span class='ocrx_word' id='word_1_893' title='bbox 2679 5807 3063 5878; x_wconf 88' lang='lat' dir='ltr'><strong><em>nongentesimo</em></strong></span> <span class='ocrx_word' id='word_1_894' title='bbox 3108 5822 3267 5876; x_wconf 88' lang='lat' dir='ltr'><strong><em>usque</em></strong></span> <span class='ocrx_word' id='word_1_895' title='bbox 3302 5809 3485 5866; x_wconf 83' lang='lat' dir='ltr'><strong><em>mille—</em></strong></span> 
     </span>
    </p>
   </div>
   <div class='ocr_carea' id='block_1_119' title="bbox 3134 5901 3171 5960">
    <p class='ocr_par' dir='ltr' id='par_1_119' title="bbox 3134 5901 3171 5960">
     <span class='ocr_line' id='line_1_119' title="bbox 3134 5901 3171 5960; baseline 0 0"><span class='ocrx_word' id='word_1_896' title='bbox 3134 5901 3171 5960; x_wconf 85' lang='lat'><strong>5</strong></span> 
     </span>
    </p>
   </div>
  </div>
