3826 6468
350 380 452 446 139
1421 406 1425 410 ’
1642 380 1896 442 LEONIE

1997 379 2261 440 .LLATII
3481 381 3587 447 140

340 500 556 562 simum,
617 492 868 549 swculum
924 488 1119 547 Christi
1177 507 1371 545 nonum
1427 493 1666 564 appellas
1717 497 1924 567 (nempe
1950 500 1994 554 A
2026 493 2187 547 tanda
2211 492 2369 547 etiam
2388 507 2491 547 non
2510 491 2790 564 requisitas
2809 493 3075 563 appellem
3094 495 3351 550 animum.
3373 496 3595 552 Factum

339 587 638 650 decursum,
678 600 743 638 ac
784 584 904 653 jam
956 584 1114 652 plane
1165 584 1527 656 completum),
1591 586 1646 648 id
1701 587 1914 641 omnino
2019 582 2167 639 Surii
2192 601 2293 638 non
2316 584 2529 655 probas,
2562 602 2655 640 nec
2676 599 2772 659 ego
2792 588 2989 641 laudo:
3022 603 3114 641 nec
3136 588 3598 659 putoalii,niside

338 679 590 747 temporis
618 680 849 750 spatium
879 678 1186 733 Lansselius
1224 688 1421 745 noster,
1458 680 1708 735 sa'culum
1764 679 1917 734 Chri-
2017 676 2140 746 faece
2154 676 2386 735 homines
2401 676 3169 747 laudabunt.Mutarestglum,
3185 689 3396 734 mutare
3418 696 3595 734 rerum

336 771 408 824 sti
447 771 706 825 decimum
760 782 943 835 υοεαι,
1008 788 1191 842 nempe
1253 774 1577 839 inchoatum,
1625 781 1675 828 ει
1739 773 1913 827 adhuc
2015 767 2642 836 etpersonarnmfaciem.
2672 767 2903 822 membra
2928 770 3088 822 etiam
3113 769 3228 839 ipsa
3256 770 3310 823 in
3327 769 3599 824 meliorem

336 878 551 917 currens
587 865 973 939 millesimoque
1002 863 1199 921 Christi
1230 882 1372 921 anno
1402 868 1631 936 perfecte
1654 866 1913 935 complen-

334 953 484 1008 dum.

402 1046 483 1101 De
525 1046 812 1117 Parallage
856 1056 1100 1103 tonorum
1135 1046 1356 1103 Joannis
1404 1047 1651 1102 Lascaris
1680 1049 1735 1103 in
1783 1066 1910 1119 gra-

331 1139 465 1191 tiam
485 1155 651 1193 meam
670 1140 950 1209 exscripta,
967 1135 1083 1193 οἶδα
1108 1139 1206 1210 μέν
1229 1156 1310 1191 σοι
1334 1138 1492 1210 χάριν
1512 1140 1610 1210 τὴν
1627 1140 1904 1210 πλείστην.

338 1229 540 1285 Vellem
566 1241 766 1297 tamen,
807 1242 862 1286 ut
893 1233 976 1285 hic
1009 1232 1234 1300 scriptor
1260 1231 1357 1285 has
1387 1232 1530 1302 ipsas
1556 1232 1725 1288 nudas
1759 1241 1910 1286 tono-

331 1338 451 1377 'stm
477 1324 800 1393 differentias
844 1323 1233 1392 deﬁnitionibus
1258 1323 1368 1376 suis
1404 1322 1733 1393 explicasset.
1775 1322 1909 1378 Amo

338 1414 538 1468 mirum
583 1415 638 1468 in
663 1415 875 1469 modum
922 1413 1281 1468 incredibilem
1311 1414 1507 1467 amoris
1550 1430 1674 1483 erga
1703 1431 1787 1469 me
1833 1415 1910 1469 tui

330 1503 742 1572 abundantiam,
797 1520 915 1558 cum
947 1514 1055 1558 res
1081 1513 1193 1557 tam
1249 1503 1466 1569 multas,
1506 1503 1737 1573 mihique
1781 1503 1910 1558 insi-

2014 866 2235 922 statum,
2267 867 2321 910 ut
2347 858 2573 923 videtur,
2611 873 2938 926 componere,
2967 868 3251 930 posteaque
3286 877 3383 929 pro
3409 862 3596 914 iisdem

2011 950 2198 1015 primis
2227 950 2505 1005 divendere
2525 967 2589 1003 ac
2609 950 2899 1021 publicare,
2929 953 3124 1006 astutia
3142 962 3235 1015 est,
3260 952 3479 1024 fallacia
3497 962 3596 1017 est,

2013 1041 2165 1111 fraus
2204 1051 2300 1106 est,
2333 1042 2630 1096 auctoribus
2660 1043 2762 1112 piis
2799 1058 3004 1096 sursum
3046 1060 3252 1098 versum
3283 1060 3354 1119 .os
3404 1046 3595 1115 offucia

2011 1132 2270 1186 sublinere
2313 1142 2408 1199 est,
2463 1142 2522 1188 ut
2561 1134 2696 1188 nihil
2723 1134 2789 1189 de
2820 1137 3076 1190 sententia
3105 1137 3300 1202 dicam,
3329 1154 3489 1203 quam
3523 1154 3599 1190 an

2010 1233 2211 1277 mutato
2234 1224 2388 1294 stylo,
2410 1225 2621 1294 ﬁrmam
2644 1226 2697 1280 in
2721 1227 2956 1298 omnibus
2973 1227 3056 1281 ille
3091 1230 3335 1293 tenuerit,
3360 1228 3599 1298 iudicem

2004 1319 2124 1373 alii.
2146 1318 2218 1373 Ni
2239 1321 2373 1391 forte
2396 1321 2537 1389 apud
2564 1318 2843 1375 nonnullos
2872 1321 3077 1375 veniam
3095 1320 3195 1374 sibi
3210 1306 3433 1375 inveniet
3446 1323 3602 1391 fraus

2008 1410 2073 1464 ab
2101 1412 2235 1479 ipso,
2258 1411 2348 1477 qui
2368 1428 2485 1466 eam
2504 1413 2933 1479 comminiscitur,
2952 1413 3207 1483 professa.
3238 1410 3341 1467 Sed
3360 1413 3478 1483 quis
3494 1413 3599 1480 tui-

2006 1502 2208 1555 nimum
2227 1502 2492 1557 excusabit
2512 1517 2627 1557 eam
2649 1513 2889 1573 apertam
2915 1504 3157 1574 fraudem
3186 1518 3290 1557 non
3320 1519 3455 1568 esse,
3474 1519 3598 1557 cum

328 1597 502 1667 gniter
558 1596 732 1661 utiles,
789 1612 854 1650 ac
912 1611 1073 1665 prope
1104 1595 1428 1649 necessarias
1462 1611 1489 1649 e
1536 1589 1907 1663 manuscriptii
2011 1576 2193 1647 Lector
2216 1592 2450 1649 Suriana
2478 1597 2546 1649 ab
2583 1597 2814 1650 auctoris
2839 1596 3057 1668 geminis
3083 1595 3251 1650 verbis
3287 1596 3601 1664 dignoscere

328 1687 594 1741 codicibus
646 1684 795 1759 [159]
842 1686 1029 1740 vestris
1075 1685 1462 1753 perliberaliter
1521 1686 1907 1739 communicare
2007 1705 2112 1742 non
2134 1687 2346 1743 valeat?
2372 1687 2592 1743 Poterat
2627 1689 2717 1744 ille
2737 1705 2836 1744 sua
2864 1690 3231 1744 characterum
3272 1689 3401 1756 alio,
3434 1702 3599 1759 atque

328 1779 562 1834 libuerit.
605 1782 773 1850 Agam
819 1795 912 1850 ego
950 1779 1007 1832 in
1061 1787 1214 1847 parte
1237 1778 1466 1832 secunda
1509 1793 1648 1840 mea,
1682 1780 1821 1849 quod
1850 1779 1904 1832 in
2007 1780 2116 1835 alio
2161 1797 2345 1853 genere
2389 1781 2447 1835 in
2496 1781 2616 1850 ipsa
2642 1780 2871 1836 editione
2913 1781 2979 1836 ab
3009 1782 3133 1836 aliis
3157 1782 3497 1853 distinguere,
3534 1791 3595 1834 ut

325 1871 500 1937 printa
517 1870 636 1940 jam
671 1870 848 1940 ccepi:
891 1877 1053 1941 atque
1090 1870 1443 1940 germanitate
1466 1885 1692 1935 summa,
1745 1878 1803 1923 ut
1830 1869 1913 1924 vel
1941 1855 1982 1912 Β
2012 1874 2184 1943 fecere
2227 1873 2284 1928 in
2328 1872 2767 1943 lnterpretatione
2812 1872 3123 1943 Thucydidis
3168 1891 3201 1928 a
3259 1873 3408 1929 Valla
3466 1890 3599 1929 con-

324 1964 506 2032 patria
548 1979 665 2017 mea
719 1962 964 2033 requirit,
1024 1963 1219 2016 iterato
1255 1960 1482 2031 fatebor,
1525 1976 1685 2031 quam
1715 1959 1905 2026 multa,
2009 1964 2203 2034 scripta
2255 1963 2548 2035 Stephanus
2605 1973 2653 2019 et
2709 1963 2925 2019 Portus.
2981 1964 3109 2020 Tum
3164 1964 3325 2020 Surio
3381 1969 3596 2036 gratias

327 2054 401 2108 uti
458 2052 584 2119 Leo,
633 2051 702 2107 ab
759 2051 1043 2106 excellenti
1097 2050 1390 2105 eruditione
1451 2057 1548 2104 tua
1607 2049 1906 2105 didicerim.

325 2144 600 2200 Francisci
659 2143 838 2200 Scorsi
869 2146 1035 2199 nostri
1077 2144 1456 2213 Theophanem,
1488 2158 1758 2214 nunquam
1810 2143 1909 2196 hac

325 2247 505 2290 etenus
555 2236 666 2290 vidi
699 2251 718 2291 :
752 2251 859 2291 non
880 2235 1063 2290 dubito
1090 2236 1355 2290 eruditum
1384 2235 1537 2291 valde
1565 2237 1907 2306 interpretem

325 2342 470 2391 esse;
500 2327 592 2381 sed
620 2327 688 2381 de
714 2326 831 2398 ejus
859 2325 1103 2383 Ceramei
1143 2336 1299 2382 atate
1326 2343 1534 2398 unaque
1582 2328 1647 2382 de
1695 2343 1905 2382 summa

325 2416 539 2489 Rogerii
563 2417 846 2491 φιλοτιμίᾳ
893 2420 949 2473 in
977 2419 1270 2489 appetendo
1320 2418 1476 2473 titulo
1527 2417 1705 2489 Regis,
1734 2427 1905 2472 tecum

323 2506 620 2577 plenissime
672 2507 842 2562 sentio
874 2523 941 2562 ex
966 2506 1204 2577 pluribus
1232 2509 1408 2562 causis
1465 2523 1485 2562 :
1531 2507 1755 2575 proinde
1758 2536 1778 2577 λ
1806 2506 1903 2562 illa

324 2597 392 2650 de
419 2596 631 2668 Rogerii
662 2598 873 2651 nomine
895 2597 1191 2663 subtilitas,
1222 2606 1479 2669 tanquam
1503 2599 1755 2653 mendosa
1783 2597 1905 2652 ἀντὶ

324 2688 426 2758 τῆς
451 2689 616 2760 pexa;
648 2688 822 2761 posita
847 2688 1033 2758 fuerit,
1063 2688 1182 2759 plus
1212 2705 1293 2744 me
1319 2689 1570 2757 delectat,
1606 2707 1764 2761 quam
1790 2706 1905 2745 mo-

328 2789 428 2837 vet.
473 2781 549 2836 De
580 2778 921 2836 Cenebrardo
970 2781 1098 2852 quid
1151 2782 1372 2839 dicam?
1408 2779 1702 2837 Tantumne
1731 2786 1903 2838 virum

324 2872 381 2934 in
414 2872 522 2927 illis
555 2871 739 2930 Suidte
777 2874 944 2930 verbis
996 2874 1372 2946 intelligendis,
1415 2891 1534 2947 qua:
1586 2877 1902 2935 mentionem

325 2965 391 3019 de
416 2964 669 3036 Symeone
697 2966 987 3039 Logothcta
1038 2967 1262 3037 faciunt,
1315 2974 1425 3022 tam
1476 2968 1700 3037 turpiter
1754 2967 1902 3022 labi?

326 3060 395 3112 At
426 3058 516 3113 ille
546 3058 879 3124 Caminiata,
914 3074 1066 3129 quem
1092 3058 1149 3113 in
1179 3067 1272 3113 tua
1316 3058 1545 3113 diatriba
1592 3058 1748 3123 citas,
1784 3059 1900 3129 quis

323 3152 436 3206 est?
470 3167 592 3206 nam
626 3160 675 3206 et
699 3151 835 3206 hunc
860 3167 1128 3222 nunquam
1160 3153 1359 3207 editum
1380 3160 1528 3222 puto,
1552 3161 1609 3205 ut
1631 3160 1681 3206 et
1702 3152 1899 3205 Cinna.
1923 3187 1968 3247 ϐ

324 3260 470 3299 mum
518 3243 690 3311 illum,
728 3245 882 3315 cujus
942 3260 1079 3299 nunc
1109 3253 1286 3299 tamen
1338 3244 1617 3299 editionem
1645 3243 1896 3300 Possinus

325 3347 501 3391 noster
524 3338 772 3391 adamat.
797 3336 882 3392 Ita
911 3338 1162 3391 nimirum
1186 3353 1299 3409 ego,
1336 3337 1426 3406 qui
1445 3337 1661 3408 jamdiu
1692 3335 1902 3393 Greece-

325 3445 446 3482 rum
478 3439 715 3485 auctores
749 3446 925 3485 omnes
961 3446 1265 3502 cognoscere
1288 3431 1491 3495 studeo,
1523 3431 1695 3485 adhuc
1721 3431 1902 3500 inﬁni-

323 3529 403 3577 tos
431 3537 697 3592 superesse
748 3539 924 3588 cerno,
970 3539 1100 3594 quos
1151 3523 1403 3577 nesciam.
1455 3520 1656 3578 Licebit
1708 3525 1793 3578 hic
1823 3525 1902 3579 vi-

320 3617 449 3668 deas
480 3653 497 3679 ,
565 3615 639 3668 mi
686 3614 827 3680 Leo,
892 3615 1258 3669 memar'triti
1315 3614 1461 3669 illius
1507 3615 1572 3669 de
1617 3615 1900 3670 Macedone

319 3714 534 3776 propter
587 3704 876 3761 Democriti
929 3707 1152 3761 mundos
1187 3706 1421 3776 infinitos
1480 3707 1651 3772 irato;
1702 3715 1758 3759 ut
1806 3708 1896 3774 qui

319 3799 549 3852 nondum
577 3797 658 3853 vel
695 3814 856 3853 unum
880 3798 1038 3868 probe
1066 3798 1372 3869 subegisset.
1394 3796 1544 3851 Mitto
1578 3813 1715 3851 nunc
1740 3797 1900 3851 simul

318 3905 365 3946 et
404 3894 568 3947 semel
614 3901 777 3948 totam
824 3902 1030 3963 portent
1083 3891 1220 3946 hanc
1249 3892 1513 3960 primam;
1545 3899 1702 3961 utque
1746 3889 1897 3945 illam

316 3986 371 4039 in
399 3986 585 4056 pignus
613 3986 864 4041 amicitiae
906 3994 1100 4040 nostra!
1154 3983 1462 4039 nominatio
1514 3982 1699 4037 Vestra
1749 3999 1901 4038 acce-

315 4090 466 4147 ptare
513 4080 777 4151 dignetur,
823 4078 1015 4150 δέομαι
1058 4076 1163 4148 τῆς
1214 4076 1318 4149 ,σῆς
1348 4073 1761 4148 φιλανθρωπίας
1797 4077 1896 4147 τῆς

315 4171 480 4224 πάνυ.
510 4167 777 4224 Monac/iii
805 4169 876 4225 29
902 4166 1039 4222 Maii
1064 4166 1223 4222 1648.

386 4261 810 4318 Ιηιυοιειιὶεειίωἰε
845 4262 933 4318 his
971 4259 1175 4316 litteris
1201 4257 1336 4314 mihi
1375 4258 1447 4312 ob
1507 4273 1678 4313 novas
1708 4260 1895 4316 turbas

313 4356 369 4410 in
411 4353 632 4409 Bavaria
690 4363 910 4410 exortas
960 4349 1236 4423 principio
1291 4349 1498 4405 mensis
1555 4350 1893 4419 Septembris

311 4442 559 4509 redditis,
591 4444 773 4499 statim
807 4442 883 4497 ita
911 4438 1169 4510 respondi
1201 4456 1215 4493 :
1242 4438 1541 4493 Admodum
1593 4439 1891 4497 Reverentia

2008 2072 2304 2128 ageremus,
2349 2057 2488 2127 quod
2532 2056 2681 2110 illius
2727 2072 2905 2126 opera,
2957 2066 3008 2112 et
3056 2068 3322 2114 auctorem
3362 2070 3594 2114 veterem

2009 2145 2161 2221 [MO]
2226 2134 2559 2214 haberemus,
2601 2156 2652 2203 et
2693 2147 2840 2202 illius
2867 2149 3040 2203 studio
3089 2149 3481 2221 elegantiorem,
3538 2158 3594 2204 et

2006 2238 2115 2294 ictu
2136 2239 2274 2293 oculi
2289 2251 2340 2294 et
2359 2237 2616 2306 Suriana,
2641 2250 2691 2295 et
2721 2238 2968 2296 Auctoris
2995 2241 3173 2308 verba,
3195 2243 3594 2313 sententiasque

2005 2332 2377 2409 conferremus.
2431 2332 2558 2389 Mihi
2590 2349 2718 2388 sane
2764 2350 2911 2405 teque
2945 2350 3007 2388 ac
3035 2334 3130 2388 tibi
3157 2334 3380 2403 simplex
3427 2333 3589 2399 illud,

2006 2426 2321 2496 minimeque
2357 2426 2593 2498 fucatam
2645 2428 2854 2482 dicendi
2914 2444 3096 2498 genus,
3134 2428 3273 2499 quod
3311 2436 3594 2495 tantopere

2007 2516 2273 2569 admirata
2309 2522 2385 2570 est
2438 2515 2745 2572 Christiana
2777 2518 3070 2589 antiquitas
3108 2533 3440 2586 summopere
3464 2532 3593 2585 per-

2003 2607 2193 2676 placet,
2231 2615 2282 2660 et
2303 2609 2496 2663 veritas
2518 2608 2583 2662 ab
2633 2609 2777 2663 omni
2806 2619 2997 2664 ornatu
3041 2609 3308 2663 deuudata
3340 2612 3589 2662 animum

1996 2699 2296 2763 acrioribus
2350 2700 2601 2755 stimulis
2630 2702 2701 2755 ad
2748 2702 2995 2771 pietatem
3042 2702 3236 2756 excitat
3275 2718 3296 2758 :
3351 2718 3453 2757 non
3507 2703 3589 2756 ita

2004 2801 2178 2847 tamen
2199 2802 2253 2846 ut
2285 2808 2366 2846 res
2394 2792 2503 2848 illm
2531 2793 2841 2865 elegantiori
2867 2795 3003 2867 stglo
3033 2796 3302 2865 expositaz,
3346 2806 3400 2850 et
3428 2811 3597 2849 amm-

2002 2884 2232 2938 nioribus
2288 2884 2521 2939 colorum
2571 2885 2804 2954 flosculis
2851 2888 3191 2943 interstincta:
3243 2888 3584 2958 rejiciantur.

1999 2973 2323 3045 Complector
2351 2993 2555 3055 summe
2590 2978 2867 3049 elegantes,
2901 2992 2948 3035 et
2990 2979 3214 3036 Latinas
3234 2981 3446 3035 dicendi
3468 2981 3592 3052 for—

1999 3069 2173 3122 mulas
2202 3055 2320 3121 cum
2345 3070 2562 3124 veritate
2584 3069 2913 3141 conjunctas,
2945 3073 3132 3143 quibus
3171 3075 3376 3128 doctior
3405 3074 3589 3143 factus

1998 3173 2106 3211 una
2140 3158 2390 3223 pietatem
2417 3160 2652 3215 addisco.
2683 3159 2786 3216 Sed
2825 3162 2956 3216 mihi
2986 3179 3155 3218 sermo
3193 3174 3267 3219 est
3289 3166 3353 3219 de
3375 3175 3587 3221 mutato

2002 3250 2054 3302 in
2098 3248 2325 3304 aliorum
2380 3252 2588 3322 scriptis
2623 3251 2778 3322 style,
2838 3264 3122 3325 posteaque
3172 3255 3277 3310 illis
3330 3258 3590 3313 Auctoris

1999 3340 2157 3407 primi
2199 3342 2409 3397 nomine
2467 3329 2582 3398 line
2609 3343 2718 3397 ulla
2749 3347 3060 3400 mutationis
3104 3357 3227 3400 uota
3273 3347 3585 3404 divenditis.

2002 3429 2291 3487 Videndum
2336 3442 2431 3500 est,
2460 3433 2544 3487 An
2587 3442 2643 3488 et
2694 3432 3094 3505 Metaphrsstes
3127 3437 3257 3508 quid
3289 3438 3467 3493 simile
3497 3439 3586 3493 τε·
3633 3456 3639 3460 ·

1997 3523 2151 3577 cerit.
2208 3522 2506 3579 Videamus.
2557 3524 2791 3589 Psellus,
2854 3528 2943 3597 qui
2980 3529 3158 3582 omnia
3204 3512 3599 3597 Metuphrastcu~

1997 3614 2174 3668 studia
2214 3615 2270 3669 in
2317 3616 2607 3671 scribendis
2655 3616 2785 3671 Vitis
2835 3629 3137 3674 sanctorum
3180 3623 3584 3679 accuratissime

1995 3716 2299 3774 prosecutus
2374 3716 2471 3772 est,
2522 3709 2760 3779 quamvis
2824 3710 3056 3777 dixerat,
3126 3713 3265 3768 male
3317 3729 3581 3787 comptas,

1997 3797 2357 3869 inurbaneque
2389 3800 2711 3868 conscriptas
2753 3801 3073 3871 elegantiore
3100 3804 3237 3874 stglo
3271 3822 3580 3873 enarrasse,

1997 3901 2266 3957 nunquam
2328 3898 2503 3943 tamen
2534 3892 2686 3954 dixit,
2718 3892 2774 3944 in
2822 3891 3083 3955 aliquibus
3130 3895 3325 3966 stylum
3382 3900 3587 3952 immu-

1999 3988 2178 4045 tasse;
2227 3981 2283 4034 in
2312 3982 2578 4053 aliquibus
2621 3984 2699 4037 ita
2738 3994 2793 4037 ut
2830 3996 2945 4040 erat
2991 3985 3264 4058 reliquisse
3295 4007 3314 4045 :
3344 4007 3585 4059 pos:mc-

1995 4072 2122 4125 dum
2158 4070 2329 4126 Viam
2369 4074 2522 4128 illam
2564 4077 2662 4129 sub
2708 4075 2870 4143 primi
2919 4079 3192 4147 scriptoris
3240 4084 3450 4136 nomine
3475 4100 3581 4150 pu-

1995 4161 2236 4218 blicum.
2275 4163 2421 4229 Quod
2471 4175 2518 4220 et
2576 4182 2756 4220 verum
2809 4177 2921 4231 est;
2965 4184 3091 4224 nam
3123 4169 3350 4241 ngeon
3405 4173 3576 4243 Vitas,

1994 4273 2127 4327 quas
2153 4259 2251 4313 sibi
2278 4259 2506 4313 scribere
2547 4271 2927 4329 propasuerut,
2969 4262 3048 4316 ita
3086 4263 3141 4317 in
3172 4265 3337 4320 alium
3372 4284 3580 4324 sermo-

1994 4366 2111 4406 nem
2149 4352 2355 4418 extulit,
2382 4362 2440 4407 ut
2484 4370 2647 4424 prope
2670 4355 2789 4424 jam
2822 4368 2985 4411 essent
3040 4359 3333 4417 elocutione
3381 4380 3413 4416 a
3459 4367 3580 4433 pri-

1994 4447 2093 4497 mis
2120 4443 2226 4498 illis
2248 4445 2485 4512 diversce,
2514 4445 2732 4517 ideoque
2782 4464 2906 4503 suas
2959 4450 3369 4524 Μεταφράσεις,
3402 4453 3580 4511 Meta-

311 4533 489 4601 I’atri,
525 4533 944 4604 Doctissimoque
972 4528 1180 4585 Simoni
1218 4526 1592 4597 Wagnereckio
1624 4529 1729 4585 Leo
1786 4530 1884 4585 Αι-
1917 4523 1961 4579 Ῑ)
1991 4535 2238 4607 phrases,
2262 4537 2324 4589 in
2354 4537 2518 4592 aliam
2560 4553 2742 4608 nempe
2768 4538 3003 4611 linguam
3031 4523 3308 4599 conversas
3343 4550 3574 4613 vocavit,

311 4628 469 4683 latius
540 4626 600 4682 S.
670 4626 738 4684 P.
791 4624 861 4680 Β.
924 4621 1049 4678 Mea
1091 4623 1156 4676 de
1207 4621 1466 4693 Symeone
1525 4621 1884 4693 Metaphraste

307 4724 447 4776 dicta
478 4722 695 4793 probari
724 4720 815 4775 abs
843 4727 910 4787 te,
957 4715 1221 4785 triumpho
1252 4724 1302 4769 et
1328 4716 1532 4786 gaudeo
1552 4731 1571 4769 :
1594 4718 1714 4787 jam
1744 4718 1882 4772 enim

306 4815 372 4870 ab
407 4816 835 4870 adversariorum
888 4811 1030 4874 telis,
1057 4824 1337 4880 morsuque
1394 4816 1537 4863 tutus
1581 4810 1671 4865 vix
1708 4827 1796 4865 ero
1849 4828 1883 4866 a

304 4908 638 4976 Doctissimo,
685 4916 735 4964 et
782 4921 961 4961 rerum
989 4903 1180 4957 harum
1211 4901 1585 4957 callentissimo
1611 4906 1879 4974 probatus.

309 5005 371 5060 Ut
401 5019 579 5059 verum
613 5003 811 5074 fatear,
840 4996 1103 5053 haerebam
1131 5005 1288 5051 antea
1320 5010 1424 5049 non
1454 4998 1667 5062 parum,
1692 5001 1884 5065 pende-

302 5096 525 5165 bamque
553 5092 745 5158 animi,
785 5091 1017 5168 mihique
1036 5086 1426 5160 quodammodo
1457 5089 1747 5144 metuebam
1798 5090 1884 5144 in-

302 5189 459 5252 scius,
512 5203 582 5241 an
633 5199 751 5256 quae
777 5185 888 5253 ipse
915 5182 982 5236 de
1027 5180 1403 5250 Metaphrastte
1434 5189 1610 5248 etate,
1652 5191 1704 5236 et
1760 5182 1884 5237 aliis

301 5283 716 5349 disputaveram,
754 5275 849 5329 tibi
880 5274 1148 5344 placitura
1192 5282 1382 5338 essent,
1419 5289 1586 5345 neque
1606 5274 1779 5345 potius
1798 5276 1883 5342 fad

302 5371 698 5432 correctionem,
718 5381 876 5438 quam
896 5366 965 5419 ad
985 5365 1209 5436 gloriam
1234 5375 1565 5438 comparata.
1589 5365 1729 5433 Quid
1743 5366 1882 5422 enim

299 5478 516 5531 sperare
551 5469 789 5532 poteram
816 5459 871 5513 in
894 5458 1044 5512 rebus
1078 5458 1471 5522 occultissimis,
1497 5469 1546 5514 et
1569 5476 1601 5513 a
1632 5459 1761 5514 viris
1782 5472 1884 5513 tute

300 5552 578 5607 Societntis
599 5550 846 5620 apprime
886 5549 1103 5604 eruditis
1146 5549 1279 5604 adeo
1325 5550 1492 5605 solide
1524 5550 1885 5616 'pertractatis

299 5643 550 5717 ingenioli
573 5643 676 5696 mei
693 5642 918 5697 tantillis
937 5642 1133 5697 viribus
1159 5644 1339 5698 nisus?
1369 5642 1508 5697 Dum
1535 5642 1746 5695 interim
1770 5642 1885 5694 lau-

302 5740 399 5793 dor
417 5737 506 5789 abs
522 5744 572 5789 te
594 5735 893 5806 placeoque,
913 5735 1474 5807 laborisjamfsusccpti
1497 5749 1589 5787 nec
1615 5733 1767 5785 modo
1778 5747 1886 5800 poe-

302 5831 428 5886 nitet
463 5846 554 5886 nec
578 5829 838 5902 paenitebit
861 5830 1204 5900 imposterum
1227 5845 1250 5884 τ
1274 5829 1379 5882 imo
1411 5828 1480 5880 ad
1509 5824 1711 5879 similia
1737 5840 1886 5877 scru-

1985 4638 2033 4683 et
2064 4627 2156 4682 sub
2178 4644 2273 4682 suo
2303 4630 2530 4694 nomine,
2572 4630 2768 4684 abolito
2797 4641 2969 4687 vetere
2995 4636 3269 4705 scriptore,
3293 4639 3378 4692 edi
3412 4657 3578 4695 cura-

1983 4720 2077 4773 vit.
2100 4719 2167 4773 Et
2198 4718 2318 4774 licet
2350 4720 2407 4773 in
2435 4720 2666 4790 antiquis
2689 4724 2961 4793 scriptoris
3012 4726 3162 4796 fieret
3188 4731 3411 4796 mentio,
3450 4734 3573 4795 Me—
3652 4742 3656 4791 ς

1984 4812 2286 4881 taphrastes
2316 4822 2494 4865 tamen
2526 4811 2669 4867 illius
2688 4830 2962 4883 suppresso
2989 4819 3221 4886 nomine,
3250 4832 3573 4891 netempora

1984 4903 2454 4974 confunderentur,
2508 4905 2714 4973 reliqua
2768 4897 2882 4963 sibi.
2929 4910 3153 4977 probata
3200 4914 3396 4983 scripto
3444 4932 3573 4970 con-

1982 4993 2229 5064 signavit.
2276 4994 2371 5049 Ubi
2399 5010 2519 5049 vero
2551 4996 2823 5064 scriptoris
2872 5002 3205 5073 Antiquiorfs
3253 5010 3571 5065 memoriam

1984 5086 2158 5155 facere
2201 5084 2386 5153 voluit,
2436 5087 2492 5139 id
2548 5087 2626 5141 ita
2673 5089 2814 5159 fecit,
2851 5099 2909 5144 ut
2967 5108 3071 5148 non
3103 5095 3371 5151 videretur
3420 5099 3570 5157 illius

1989 5176 2137 5238 Vites,
2188 5193 2343 5248 quam
2394 5179 2846 5235 commentabatur
2889 5182 3138 5253 ngeon.
3197 5198 3417 5256 auctor,
3468 5197 3563 5245 sed

1984 5268 2245 5334 alterius,
2312 5285 2429 5339 qua:
2489 5278 2610 5323 ante
2678 5272 2847 5338 ipsum
2921 5276 3410 5347 circumferebatur.
3479 5282 3571 5337 Vi-

1986 5370 2094 5415 tam
2179 5362 2317 5413 enim
2391 5360 2543 5415 illam
2606 5372 2731 5416 ante
2793 5380 2849 5417 se
2921 5369 3289 5436 conscripsisse
3355 5373 3570 5442 fateba-

1987 5465 2076 5508 tur
2116 5454 2272 5516 hunc,
2330 5454 2411 5507 vel
2463 5452 2611 5508 illum
2662 5458 2986 5523 scriptorem.
3042 5455 3106 5514 Id
3165 5465 3406 5533 exemplo
3468 5481 3569 5535 pa-

1988 5546 2181 5599 tentius
2221 5545 2330 5614 ﬁet.
2381 5543 2446 5599 In
2494 5542 2613 5599 Vita
2657 5545 2921 5618 Symeonis
2954 5548 3163 5622 Stylita:
3206 5557 3259 5608 in
3290 5550 3516 5612 Mandra
3541 5574 3564 5612 :

1988 5635 2282 5706 Συμεώνην
2302 5633 2394 5688 τὸν
2418 5635 2582 5701 πάνυ,
2610 5636 2672 5690 τὸ
2706 5639 2846 5709 μέγα
2887 5639 3069 5712 θαῦμα
3107 5645 3203 5714 τῆς
3231 5648 3563 5721 οἰκουμένης

1988 5729 2083 5782 καὶ
2117 5728 2238 5780 ὅσοι
2263 5727 2363 5796 τῆς
2407 5727 2510 5796 γῆς
2550 5727 2677 5781 ἄλλο
2724 5747 2781 5782 τι
2808 5733 2972 5802 μέρος
3012 5734 3197 5806 λαχεῖν
3250 5738 3466 5811 ἔλαχον.
3495 5743 3559 5795 0!

1993 5823 2093 5893 μὲν
2149 5820 2271 5890 ὕψει
2340 5820 2407 5874 τὰ
2450 5821 2685 5887 ἐκείνου,
2740 5823 2883 5875 οῑ-δὲ
2938 5826 3072 5897 ἀκοῇ
3121 5833 3592 5901 παραλαϐόντες,’
