3826 6466
167 411 267 476 lii

814 423 914 484 DE
953 423 1303 488 SCRIPTIS
1339 423 1722 487 SYMEONIS
1760 423 2339 487 METAPHRASTE
2378 421 2763 483 DIATRIBA.

3318 415 3422 480 H2

165 529 419 598 γλώττης
435 532 650 603 τρυφὴν
673 534 761 588 τὸν
784 537 954 610 ἄνδρα
976 539 1326 608 πεποίηνται.
1357 540 1549 609 Μέγας
1568 540 1747 594 τοίνυν

1872 535 2098 608 igricolae
2131 533 2381 588 industrii
2401 542 2455 587 et
2477 532 2780 603 diligentes,
2810 527 2900 598 qui
2921 525 3082 582 vitem
3119 527 3427 584 {iucundam

167 612 329 680 οὗτος
361 618 457 685 ὣν,
492 622 590 675 καὶ
618 624 785 689 πολὺς
815 625 912 697 τὴν
954 628 1145 698 φήμην
1185 627 1500 699 γενόμενος,
1542 629 1752 682 πολλῶν

170 711 334 780 ἔτυχε
359 714 458 767 καὶ
476 714 585 766 τῶν
614 717 980 789 συγγραφέων
999 736 1013 750 ·
1045 720 1160 773 ἀλλ’
1184 720 1360 782 οὐδεὶς
1384 720 1594 783 οὐδέπω
1614 721 1756 774 κατά

173 804 346 874 μέρος
370 804 437 858 τά
464 807 586 860 κατ’
618 807 780 862 αὐτὸν
809 809 1107 880 διεξῆλθεν,
1132 811 1252 864 οὐδὲ
1280 813 1359 875 είς
1387 810 1601 865 ἅπαντα
1625 811 1758 864 καθ’·

172 894 313 962 ἧκεν
363 897 576 963 ἑαυτὸν,
632 899 754 953 οὐδὲ
813 901 1076 970 ἀκριϐῶς,
1126 903 1275 965 ὅπως
1325 901 1533 955 ἕκαστα
1587 895 1757 971 εἶχον,

174 984 510 1054 ἀνέγραψεν.
558 986 722 1040 Ἀλλὰ
752 989 880 1052 τοὺς
909 990 1020 1043 ἄνω
1053 990 1275 1060 χρόνους
1302 990 1359 1042 ὲν
1389 989 1759 1056 κεφαλαιώδε-

180 1092 270 1126 σιν
305 1078 592 1146 ἐπι-τομαῖς
627 1079 897 1144 εἰπόντες,
931 1080 1050 1133 ἔνιά
1079 1097 1139 1133 τε
1181 1080 1288 1132 τῶν
1324 1081 1381 1132 ὲν
1436 1079 1586 1150 μέσῳ
1619 1095 1759 1151 παρ-

178 1167 444 1236 ἔδραμον,
478 1171 571 1222 καὶ
615 1171 734 1224 οὐδὲ
776 1171 909 1241 πρὸς
958 1172 1090 1225 αὐτὸ
1118 1173 1180 1226 τὸ
1227 1173 1380 1234 τέλος
1407 1173 1517 1226 τῶν
1565 1173 1758 1225 τούτου

182 1260 444 1328 πράξεων
467 1257 631 1331 ἦλθον
648 1277 662 1291 ·
689 1263 819 1333 ἡμῖν
843 1263 899 1316 δὲ
922 1264 1192 1334 χρήσιμος
1214 1266 1241 1317 ὁ
1270 1265 1396 1336 περὶ
1422 1265 1585 1318 αὐτοῦ
1608 1264 1760 1317 ἔσται

179 1351 364 1419 λόγος,
400 1353 608 1406 ἄνωθέν
637 1371 712 1407 τετ
741 1355 1088 1426 ἀρχομένοις,
1124 1358 1219 1409 καὶ
1252 1357 1344 1410 ἐπὶ
1381 1358 1449 1410 τὰ
1476 1357 1761 1410 τελευταῖα

177 1443 279 1496 τοῦ
331 1444 524 1513 ἀνδρὸς
581 1446 1009 1511 καταϐιϐάζουσι
1044 1447 1144 1516 τὴν
1193 1447 1464 1520 διήγησιν.
1505 1433 1786 1518 Magnum‘

183 1533 536 1605 Symeonem,
561 1536 751 1608 ingens
780 1539 927 1593 orbis
957 1547 1222 1594 terrarum
1250 1539 1594 1602 miraculum,
1619 1549 1674 1594 et
1696 1557 1764 1595 ex

183 1624 278 1685 iis.
318 1627 412 1696 qui
439 1639 594 1681 terra:
615 1632 866 1700 regiones
892 1629 1020 1684 alias
1044 1638 1205 1700 alque
1233 1631 1366 1685 alias
1394 1630 1759 1698 incoluerunt,

179 1717 413 1780 quidam
445 1733 532 1773 res
563 1728 742 1788 gestas
769 1720 912 1775 illius
949 1721 1142 1786 oculis,
1170 1720 1389 1790 quidam
1421 1721 1608 1775 auditu
1638 1737 1764 1792 per-

185 1811 480 1878 cipientes,
546 1814 724 1867 virum
760 1812 956 1885 lingua;
996 1829 1109 1869 suae
1135 1813 1362 1869 delicias
1417 1813 1616 1870 fecere.
1653 1813 1765 1869 Ma-

1854 638 1910 684 et
1944 627 2211 683 fructibus
2247 626 2468 681 uberem
2495 624 2913 690 vindemiantes,
2944 623 3168 677 omnino
3192 638 3255 677 ex
3284 623 3429 676 illius

1855 719 2066 776 fructus
2109 718 2510 792 benedictione,
2543 713 2709 772 etiam
2751 716 2999 771 nolentes
3022 715 3106 779 iis,
3152 715 3245 785 qui
3284 725 3430 768 retro

1855 825 1951 865 eos
2005 819 2331 879 sequuntur,
2367 807 2697 878 pauperibus
2734 807 2942 862 fructus
2990 805 3426 875 decerpentibus,

1836 900 2058 970 aliquid
2085 898 2526 969 praetermittunt.
2552 897 2631 952 Ex
2658 897 2856 968 quibus
2876 912 2975 951 nos
2998 912 3212 966 quoque
3243 911 3433 949 sumus

1858 991 2095 1048 minimi.
2144 991 2298 1044 Licet
2341 991 2487 1045 enim
2547 989 2675 1043 totis
2729 988 2936 1042 viribus
2999 987 3325 1042 sanctissimi
3376 987 3430 1040 bi

1858 1098 1988 1136 vere
2020 1082 2160 1136 hanc
2196 1082 2394 1136 olivam
2425 1079 2784 1143 lructiferam,
2837 1087 3059 1150 propter
3091 1078 3434 1132 abundantes

1861 1177 1916 1232 in
1957 1194 2020 1232 ea
2055 1178 2227 1232 olivas
2259 1178 2314 1232 in
2346 1177 2509 1232 domo
2551 1175 2668 1240 Dei,
2709 1185 2768 1230 ut
2799 1176 2873 1229 ait
2921 1175 3224 1245 hymnodus
3244 1173 3432 1231 David.

1859 1269 2158 1339 plantatam
2202 1269 2535 1324 vindemiare
2579 1265 2766 1322 divino
2795 1267 2913 1321 zelo
2958 1266 3306 1328 studuerunt,
3353 1265 3438 1318 ni-

1862 1361 2160 1416 hilominus
2219 1359 2355 1432 fugit
2403 1361 2549 1431 ipsos
2583 1361 2786 1424 multus
2824 1359 2982 1413 olivae
3035 1358 3265 1422 fruetus,
3327 1355 3436 1409 Deo

1860 1452 2178 1522 providente
2243 1460 2491 1506 nostrum
2572 1451 2813 1517 humile,
2868 1465 3142 1521 segneque
3200 1445 3436 1501 studium

1863 1545 2132 1614 accipere,
2167 1543 2626 1614 quemadmodum
2677 1544 2854 1598 viduae
2891 1557 2998 1596 aera
3052 1541 3261 1596 minuta
3305 1539 3436 1594 duo.

1864 1635 2052 1706 Neque
2123 1635 2269 1690 enim
2338 1649 2434 1690 eos
2503 1633 2882 1701 criminantes,
2939 1648 3117 1703 neque
3178 1641 3437 1702 tanquam

1864 1741 2054 1782 eorum
2109 1742 2138 1781 a
2192 1725 2302 1782 Deo
2363 1725 2620 1791 donatam
2661 1725 2986 1794 sapientiam
3046 1723 3290 1779 amtulari
3343 1738 3439 1778 vo-

1868 1815 2070 1882 lentes,
2135 1815 2274 1872 lusti
2351 1817 2591 1873 facinora
2687 1820 2893 1886 scripto
2970 1816 3183 1870 tradere
3251 1829 3440 1868 susce-

181 1919 324 1973 gnus
356 1904 539 1974 itaque
571 1905 660 1959 hic
713 1884 1032 1972 cumiesset,
1059 1917 1116 1962 et
1151 1907 1289 1962 fama
1323 1907 1464 1962 illius
1490 1918 1637 1963 esset
1663 1924 1767 1963 un-
1792 1884 1840 1942 Β
1868 1909 2080 1980 pimus:
2144 1907 2516 1978 Metaplzrastes
2589 1924 2652 1961 ex
2696 1884 2816 1971 his;
2879 1924 2971 1962 nec
3031 1924 3133 1960 non
3184 1915 3231 1960 et
3275 1906 3442 1960 Leon-

183 1996 352 2065 dique
411 1999 746 2068 pervulgata,
813 2001 1014 2055 multos
1075 2001 1264 2056 habuit
1317 2017 1537 2056 suarum
1580 2017 1762 2056 rerum

183 2089 520 2158 Scriptores;
582 2090 676 2146 sed
733 2108 894 2147 nemo
947 2109 1184 2163 unquam
1238 2093 1306 2148 ad
1355 2093 1472 2149 haec
1521 2102 1764 2164 tempora

183 2197 382 2236 omnes
440 2193 761 2252 persecutus
806 2192 910 2254 est,
964 2202 1067 2241 nec
1125 2187 1410 2241 universas
1477 2186 1765 2258 colligendi

183 2271 429 2325 studium
462 2273 778 2344 insumpsit,
806 2290 982 2345 neque
1012 2284 1286 2343 accurate,
1338 2287 1398 2332 ut
1439 2277 1649 2349 singula
1677 2294 1765 2332 ac—

182 2361 392 2425 cidere,
437 2364 644 2432 scripto
681 2364 949 2436 signavit;
975 2367 1070 2420 sed
1101 2367 1408 2437 superiores
1430 2383 1604 2422 annos
1627 2367 1768 2438 capi-

185 2453 334 2507 tibus
383 2454 710 2524 compendio
761 2456 982 2527 digestis
1035 2458 1432 2525 describentes,
1481 2460 1761 2524 nonnulla,

181 2561 310 2616 qua:
370 2547 549 2601 media
584 2547 760 2609 fuere,
803 2549 1019 2604 silentio
1051 2550 1399 2606 involverunt
1457 2549 1630 2624 [Ml],
1664 2567 1767 2606 nec

183 2638 255 2690 ad
311 2653 541 2692 suarum
599 2627 875 2695 actionum
935 2641 1139 2696 exitum
1204 2654 1588 2712 pervenerunt.
1652 2643 1762 2699 No-

187 2729 274 2782 bis
339 2745 473 2784 vero
534 2732 638 2786 erit
693 2747 873 2788 sermo
933 2733 1000 2789 de
1065 2750 1133 2790 eo
1192 2737 1485 2806 proﬁcuus,
1547 2735 1638 2806 qui
1698 2737 1765 2792 ab

186 2823 460 2876 anteactis
504 2823 819 2894 incipimus,
869 2834 925 2880 et
974 2827 1040 2881 ad
1091 2828 1193 2882 viri
1241 2838 1548 2899 postremas
1594 2830 1767 2885 aetio-

186 2927 288 2967 nes
345 2914 720 2969 narrationem
768 2916 1068 2988 dirigimus.
1137 2917 1310 2973 Vitam
1376 2921 1548 2974 sancti
1602 2921 1768 2976 Joan-

186 3006 270 3058 nis
326 3005 628 3061 Eleemonis
682 3011 954 3078 scripsisse
1006 3011 1356 3081 Sophronium
1403 3022 1452 3068 et
1507 3012 1767 3070 Joannem

186 3099 357 3152 habeo
377 3115 441 3152 ex
474 3099 693 3155 Leontio
723 3100 918 3172 Cyprio
944 3104 999 3157 iu
1036 3105 1409 3174 Supplementa
1436 3105 1568 3161 Vita:
1602 3108 1767 3178 illius:

191 3191 334 3261 Ἤδη
367 3191 468 3261 μὲν
498 3189 591 3246 οὖν
620 3198 714 3247 καὶ
747 3195 924 3268 ἕτεροι
952 3196 1264 3266 φθάσαντες
1301 3199 1406 3272 πρὸ
1436 3201 1604 3272 ἶἡμῶν
1635 3203 1767 3257 κάλ-

187 3282 352 3335 λιστά
375 3299 436 3334 τε
487 3285 581 3336 καὶ
614 3284 921 3358 ὑψηλότερα
955 3288 1083 3359 περὶ
1108 3287 1300 3342 τούτου
1340 3287 1434 3342 τοῦ
1465 3289 1768 3360 ἀρχιερέως

189 3374 285 3425 καὶ
335 3373 646 3444 θαυμασίου
681 3375 869 3447 ἀνδρὸς
919 3376 1338 3449 ἐφιλοσόφησαν,
1369 3375 1585 3430 δυνατοὶ¹
1617 3378 1770 3442 ὄντες

190 3466 342 3535 ἔργῳ
377 3467 474 3517 καί⁵
518 3465 684 3537 λόγῳ,
717 3467 860 3535 λέγω
904 3467 991 3539 δὴ,
1038 3468 1290 3542 Ἰωάννης
1327 3473 1420 3525 καὶ
1464 3473 1770 3542 Σωφρόνιος

189 3563 239 3612 oi
275 3559 554 3623 θεοσεϐεῖς
595 3561 689 3612 καὶ
716 3560 1019 3631 φιλάρετοι,
1055 3562 1149 3617 καὶ
1174 3563 1275 3633 τῆς
1303 3565 1587 3626 εὐσεϐείας
1619 3565 1771 3630 ὄντες

194 3652 532 3721 ὑπέρμαχοι.
586 3651 727 3704 Ἀλλ’
790 3652 937 3722 ὅμως
980 3653 1074 3706 καὶ
1123 3654 1353 3708 τοιοῦτοι
1413 3656 1770 3726 τυγχάνοντες

192 3743 293 3811 τῆς
323 3742 507 3807 ἀξίας.
541 3744 637 3797 καὶ
657 3745 822 3798 αὐτοὶ
849 3747 947 3816 τῆς
974 3746 1064 3798 τοῦ
1095 3746 1285 3819 ἀνδρὸς
1315 3747 1515 3818 ἀρετῆς
1554 3749 1773 3803 ἀπελεί-

193 3835 436 3906 φθησαν,
481 3836 579 3888 καὶ
607 3837 803 3889 ταυτὸν
853 3837 1211 3905 πεπόνθασιν,
1241 3839 1405 3892 οἱονεί
1438 3857 1582 3904 τινες
1619 3840 1772 3910 φιλό-

194 3943 356 3979 πονοι
408 3927 650 3996 γεωργοὶ
713 3927 955 3996 ἄμπελον
1016 3927 1214 4000 εὐθαλῆ
1271 3929 1367 3983 καὶ
1419 3930 1772 4001 κατάκαρπον

194 4018 536 4088 τρυγῶντες,
585 4020 668 4072 ὅτι
705 4018 1094 4089 καταλείψουσι
1139 4021 1355 4086 πάντως
1407 4022 1470 4074 ἐκ
1525 4021 1625 4091 τῆς
1678 4022 1772 4074 τοῦ

196 4108 420 4181 καρποῦ
459 4108 734 4177 εὐλογίας,
788 4110 881 4163 καὶ
919 4110 993 4181 μὴ
1047 4109 1361 4181 βουλόμενοι
1400 4114 1512 4174 τοῖς
1551 4111 1775 4166 κατόπι·-

195 4203 321 4255 σθεν
337 4202 522 4255 αὐτῶν
537 4202 889 4256 ἀκολουθοῦσι
910 4207 1143 4274 πτωχοῖς
1157 4204 1558 4276 ὲπιρωγολογου
1567 4205 1633 4276 μέ
1641 4223 1771 4268 νοις,

193 4294 292 4364 τὴν
327 4294 604 4359 ἄμπελον,
653 4294 711 4361 ἐξ
745 4289 820 4348 ὧν
868 4297 1032 4366 ἐσμεν
1063 4295 1155 4348 καὶ
1187 4299 1348 4366 ἡμεῖς
1382 4296 1674 4368 ἐλάχιστοι.
1713 4298 1773 4350 El

194 4389 304 4456 γὰρ
337 4386 436 4438 καὶ
468 4387 622 4460 πάσῃ
654 4385 834 4442 αὐτῶν
863 4387 1092 4458 δυνάμει
1122 4391 1171 4441 oi
1204 4389 1448 4442 πανόσιοι
1498 4382 1643 4443 οὗτοι
1675 4389 1773 4460 τὴν

194 4481 485 4550 ἔγκαρπον
537 4479 934 4550 ταύτηνὲλαίαν
980 4479 1193 4549 ἀληθῶς
1237 4479 1326 4533 διά
1373 4479 1480 4533 τῶν
1532 4482 1589 4533 ὲν
1634 4465 1771 4552 αὐτῇ

1871 2000 1944 2053 tio
2005 2015 2103 2052 sua
2165 1999 2360 2064 hausit,
2424 1995 2569 2052 dunt
2615 1999 2808 2068 scripto
2869 1998 3134 2069 consignat
3203 1995 3442 2052 Eleemo-

1872 2091 2072 2160 synarii
2130 2090 2321 2145 Vitam.
2377 2088 2665 2144 Videamus
2733 2107 2854 2162 ergo
2912 2106 3145 2160 quanam
3213 2090 3440 2156 ratione,

1871 2199 1988 2251 qua:
2035 2183 2116 2236 illi
2145 2183 2210 2236 de
2255 2199 2312 2236 se
2358 2183 2627 2248 dixerunt,
2671 2183 2780 2251 ipse
2829 2184 3022 2254 referat
3057 2191 3106 2236 et
3135 2191 3440 2250 pertractet.

1872 2275 2118 2346 Σήμερον
2160 2259 2189 2329 ό
2233 2273 2492 2338 ταπεινὸς
2531 2273 2808 2344 Ἰωάννης,
2861 2269 3035 2338 εἶπεν,
3083 2273 3294 2344 μισθὸν,
3332 2273 3442 2326 οὐδ’

1873 2365 1976 2418 ὑπό
2009 2380 2154 2424 τινος
2219 2363 2410 2418 οὐδένα
2438 2363 2806 2435 διεκομίσατο,
2845 2363 2966 2434 μηδ’
3001 2363 3124 2433 ἔσχε
3158 2363 3353 2435 μικρόν
3391 2382 3445 2418 τι

1873 2456 1970 2510 καὶ
2002 2457 2062 2509 τὸ
2091 2456 2252 2527 τυχὸν
2280 2456 2548 2526 ὲξίλασμα
2573 2455 2713 2530 ὑπὲρ
2737 2457 2845 2509 τῶν
2879 2456 3136 2527 μεγάλων
3155 2455 3321 2509 αὐτοῦ
3351 2457 3447 2508 καὶ

1873 2548 2084 2602 πολλῶν
2116 2548 2447 2618 σφαλμάτων
2475 2549 2860 2618 προσενεγκεῖν
2883 2548 2961 2619 τῷ
2984 2547 3230 2619 Χριστῷ⁹
3255 2546 3447 2618 ῶσπερ

1872 2636 2000 2709 γοῦν
2029 2639 2148 2694 οὐδὲ
2167 2640 2355 2694 ἄλλοτέ
2386 2657 2537 2695 ποτε.
2580 2640 2638 2692 ’0
2663 2639 2841 2693 τοίνυν
2875 2639 3016 2710 ίερὸς
3037 2640 3340 2710 Σωφρόνιος
3362 2642 3444 2705 εἰς

1871 2731 1900 2784 δ
1941 2732 1999 2785 τὸ
2044 2731 2208 2802 ῥηθὲν
2253 2731 2402 2802 αὐτῷ
2451 2729 2724 2795 ἐϐούλετο,
2757 2729 2989 2801 χαίρειν,
3037 2729 3165 2802 ἔφη,
3208 2731 3447 2801 σήμερον

1873 2824 2000 2888 ἔδει,
2037 2823 2129 2878 καὶ
2172 2823 2452 2895 εὐθυμεῖν,
2495 2822 2881 2896 μακαριώτατε
2913 2823 3169 2889 δέσποτα,
3209 2822 3324 2877 ἀνθ’
3369 2815 3447 2876 ὧν

1873 2916 2016 2970 οὕτω
2087 2916 2186 2988 τὴν
2231 2916 2614 2970 πιστευθεῖσαν
2687 2914 2924 2986 ποίμνην
2970 2914 3070 2988 ζῇν
3134 2916 3192 2968 ἐν
3253 2914 3450 2987 εἰρήνῃ

1873 3006 2310 3079 παρεσκεύασας.
2366 3008 2535 3064 llodie
2587 3007 2810 3062 humilis
2856 3006 3097 3062 Joannes
3136 3008 3446 3062 mercedem

1874 3100 2076 3153 nullam
2110 3114 2140 3152 a
2170 3114 2444 3170 quoquam
2492 3098 2698 3161 retulit,
2730 3112 2833 3152 nec
2889 3095 3078 3152 habuit
3108 3096 3358 3168 pusillam
3394 3105 3451 3150 et

1875 3194 2036 3249 vilem
2069 3193 2434 3264 expiationem
2480 3210 2578 3264 pro
2607 3192 2758 3266 [HQ]
2785 3193 2993 3264 magnis
3014 3193 3126 3247 suis
3153 3191 3448 3264 multisque

1871 3287 2088 3353 erratis,
2119 3302 2280 3356 quant
2307 3287 2526 3342 Christo
2553 3285 2776 3341 offerret
2812 3303 2826 3340 :
2861 3286 3319 3357 quemadmodum
3345 3301 3452 3343 nec

1873 3395 2103 3449 nsquam
2153 3379 2307 3434 alias.
2367 3379 2532 3434 Sacer
2576 3379 2757 3450 itaque
2808 3377 3172 3450 Saphronius,
3197 3381 3250 3432 in
3279 3393 3446 3448 quem

1875 3471 2081 3526 dictum
2139 3452 2432 3536 direxerat,
2491 3470 2847 3526 Gaudendum
2909 3487 3030 3526 esse
3071 3471 3254 3537 hodie,
3293 3472 3450 3538 dixit,

1874 3564 2230 3633 liilariterque
2291 3562 2435 3617 diem
2497 3563 2915 3630 traducendum,
2975 3562 3298 3618 Beatissime
3352 3563 3452 3618 do-

1873 3657 2063 3722 mine,
2137 3663 2426 3726 propterea
2497 3655 2641 3725 quod
2700 3671 2916 3726 gregem
2996 3655 3092 3710 tibi
3157 3655 3448 3710 concredi-

1877 3761 1992 3804 tum
2044 3751 2098 3803 in
2142 3763 2273 3819 pace
2323 3747 2504 3803 vivere
2536 3748 2722 3809 ellieis,
2771 3755 2878 3802 etc.
2923 3747 3214 3817 Scripserat
3258 3748 3321 3801 de
3353 3745 3446 3802 In-

1877 3842 2118 3896 ventione
2178 3837 2382 3909 Capitis
2437 3838 2493 3894 S.
2563 3839 2784 3893 Joannis
2843 3838 3100 3908 Baptista:
3163 3837 3450 3893 Marcellus

1877 3930 2307 3986 Archimandrita
2318 3971 2331 3994 ,
2344 3930 2523 3983 scribit
2542 3939 2588 3984 et
2601 3929 3014 3999 Metaphrasles;
3031 3930 3121 3983 sed
3134 3926 3224 3982 Ma
3233 3928 3453 3989 rcellus:

1890 4021 2286 4093 Ἀπεκαλύφθη
2327 4023 2380 4075 δὲ
2413 4022 2552 4093 μετὰ
2606 4020 2771 4089 φόϐου
2823 4021 2916 4074 καὶ
2969 4022 3173 4092 τρόμου
3206 4022 3266 4075 ὲν
3318 4021 3451 4075 εῖδει

1875 4117 2106 4186 ἀστέρος
2137 4113 2305 4184 πυρὸς
2335 4113 2458 4184 ἐμοὶ
2479 4112 2557 4183 τῷ
2589 4112 2856 4182 ἐλαχίστῳ
2892 4111 3116 4181 ἀδελφῷ
3142 4111 3450 4182 Μαρκέλλῳ

1879 4209 2022 4262 κατὰ
2051 4209 2119 4262 τὰ
2147 4207 2562 4274 ὑποτεταγμένα
2586 4205 2836 4275 ὁράματα
2876 4202 3055 4257 πίστιν
3078 4201 3222 4275 ἔχον.
3266 4202 3450 4258 Reve-

1879 4302 2049 4356 latum
2073 4310 2156 4355 est
2195 4312 2379 4354 autem
2409 4313 2532 4354 cum
2573 4297 2768 4352 timore
2799 4304 2853 4350 ct
2883 4303 3118 4349 tremore
3162 4296 3221 4350 in
3268 4295 3482 4368 specie.

1876 4393 2074 4448 sideris
2091 4391 2232 4465 ignei
2254 4391 2386 4444 mihi
2408 4388 2636 4444 minimo
2680 4387 2831 4441 lratri
2853 4384 3126 4452 Marcello,
3146 4386 3447 4441 secundum

1878 4485 2152 4556 subjectas
2169 4483 2406 4538 visiones
2430 4481 2588 4535 fidem
2608 4480 2836 4556 habens.
2864 4477 2953 4542 Et,
2973 4477 3326 4546 Κατηξίωσεν
3352 4478 3453 4546 ἐμὲ

198 4549 480 4626 πλουσίων
503 4549 725 4636 ἐλαιῶν,
751 4571 847 4642 τὴν
870 4573 926 4625 ἐν
953 4572 1030 4642 τῷ
1049 4573 1184 4643 οἴκῳ
1215 4572 1306 4627 τοῦ
1327 4573 1484 4636 Θεοῦ,
1518 4572 1595 4637 ῶς
1614 4549 1775 4643 φησιν
1809 4586 1852 4647 ο
1880 4577 1968 4630 τὸν
1979 4549 2184 4630 ’ἑαυτοῦ
2203 4572 2385 4626 δοῦλον
2403 4570 2721 4641 Μάρκελλον
2734 4549 2926 4638 θεατὴν
2943 4566 3195 4635 γενέσθαι
3211 4566 3308 4636 τῆς
3327 4583 3455 4637 προσ

195 4665 226 4716 ὁ
255 4663 511 4735 ὐμνῳδδς
559 4662 722 4717 Δαυῒδ
756 4665 1172 4736 πεφυτευμένην
1205 4667 1412 4738 τρυγᾷν
1451 4665 1597 4738 ζήλῳ
1640 4666 1774 4720 Θεοῦ

199 4757 620 4826 ἐπετήδευσαν·
666 4756 785 4811 ἀλλ’
828 4758 976 4828 ὅμως
1011 4757 1258 4812 διέλαθεν
1318 4758 1510 4822 αὐτοὺς
1556 4759 1775 4822 όπολύς

194 4848 294 4916 τῆς
333 4847 528 4912 ἐλαίας
591 4848 824 4919 καρπὸς.
859 4849 953 4902 καὶ
987 4849 1085 4920 τὴν
1123 4850 1398 4921 ἡμετέραν
1442 4850 1634 4918 εὐτελῆ
1680 4851 1775 4904 καὶ

195 4938 418 5009 ψυχρὰν
472 4937 784 5008 προθυμίαν
842 4940 1272 5009 προσδέξασθαι,
1327 4941 1401 5003 ὡς
1451 4939 1519 4994 τὰ
1551 4941 1646 4994 δύο
1676 4941 1774 5011 τῆς

200 5035 379 5103 χήρας
406 5032 605 5088 λεπτά.
667 5033 741 5084 Οὐ
776 5033 886 5102 γὰρ
935 5033 1175 5096 ἐκείνους
1217 5033 1614 5096 διαϐάλλοντες.
1655 5034 1774 5087 οὐδὲ

196 5125 272 5190 ὡς
307 5125 608 5195 δυνάμενοι
656 5124 756 5194 τὴν
785 5125 963 5178 αὐτῶν
991 5124 1327 5197 θεοδώρητον
1369 5127 1558 5196 σοφίαν
1593 5129 1779 5197 μιμεῖ·

201 5215 351 5279 σθαι,
381 5215 455 5267 τὰ
478 5214 575 5268 τοῦ
605 5214 814 5267 δικαίου
860 5215 1258 5286 κατορθώματα
1302 5219 1557 5288 συγγαφῇ
1604 5235 1778 5288 παρα-

198 5307 383 5361 δοῦναι
409 5307 786 5378 ἐσπεύσαμεν.
812 5307 930 5363 Jam
967 5309 1110 5364 enim
1142 5316 1195 5363 et
1221 5307 1310 5362 alii
1348 5317 1474 5364 ante
1505 5325 1606 5364 nos
1632 5311 1778 5380 Opti-
1805 5352 1849 5366 ._

201 5417 286 5454 ma
333 5417 571 5471 quazque
624 5401 938 5454 sublimiora
970 5401 1039 5455 de
1095 5401 1199 5455 hoc
1233 5401 1485 5470 praesule,
1516 5411 1572 5456 et
1603 5401 1776 5456 admi-

205 5495 378 5548 rando
412 5494 532 5548 viro
567 5493 932 5563 philosophati
969 5501 1115 5558 sunt,
1142 5497 1232 5563 qui
1259 5508 1424 5562 opere
1457 5502 1778 5546 etsermone

205 5585 407 5639 mirum
443 5586 497 5639 in
532 5583 754 5640 modum
789 5583 1140 5652 praestabant,
1169 5582 1404 5637 Joannes
1438 5591 1494 5638 et
1541 5582 1780 5652 Sophro-

206 5676 334 5730 nius
394 5677 469 5746 pii
529 5685 585 5730 et
632 5675 897 5736 studiosi,
944 5675 1268 5744 pietatisque
1323 5685 1774 5746 propugnatores.

206 5765 604 5821 Verumtamen
649 5766 776 5820 licet
806 5767 938 5822 tales
965 5767 1248 5839 dignitate,
1288 5769 1401 5823 Viri
1459 5771 1658 5822 virtute
1690 5769 1778 5823 in-

211 5857 440 5915 feriores
489 5861 647 5915 luere
708 5878 721 5914 :
768 5869 822 5914 et
879 5859 1092 5915 subiere
1144 5861 1380 5915 laborem
1437 5876 1590 5930 neque
1621 5870 1779 5932 atque

1877 4667 2135 4738 κειμένης
2153 4665 2413 4736 ὁράσεως.
2443 4659 2594 4715 Εἶδον
2619 4659 2724 4730 γὰρ
2756 4659 2813 4711 ἐν
2847 4657 3085 4728 ὁράματι
3113 4655 3211 4725 τῆς
3237 4658 3450 4716 νυκτός.

1876 4761 2139 4827 Dignatus
2167 4765 2271 4821 est,
2299 4769 2384 4809 me
2411 4768 2628 4810 servum
2657 4766 2815 4806 suum
2838 4747 3153 4804 Marcellum
3175 4757 3455 4819 spectato-

1878 4866 1991 4906 rem
2029 4847 2142 4905 lieri
2177 4845 2461 4918 prasentis
2495 4843 2742 4898 visionis.
2770 4839 2895 4896 Vidi
2939 4838 3089 4895 enim
3143 4839 3197 4894 in
3243 4839 3455 4894 visione

1878 4941 2074 4997 noctis.
2096 4940 2470 5010 Hetaphrastes
2489 4955 2507 4992 :
2541 4934 2858 5007 Μάρκελλός
2889 4951 2971 4998 τις
2999 4934 3090 4987 τὸν
3115 4933 3228 5005 βίον
3255 4935 3457 5000 ἐπιφα-

1879 5033 1998 5104 νὴς,
2025 5032 2117 5085 τὸν
2143 5031 2344 5102 τρόπον
2372 5027 2646 5098 θεοφιλὴς,
2679 5027 2739 5091 ὃς
2781 5026 2876 5080 καὶ
2910 5026 3077 5097 μονῆς
3107 5025 3205 5094 τῆς
3232 5025 3371 5078 κατά
3395 5028 3456 5078 τὸ

1881 5129 2157 5200 Σπήλαιον
2195 5125 2508 5194 καθηγεῖτο,
2546 5123 2687 5176 κατά
2733 5140 2858 5178 τινα
2909 5121 3078 5174 νύκτα
3133 5121 3232 5192 τῆς
3282 5120 3455 5191 μέσης

1885 5220 2180 5290 ἑϐδομάδος
2207 5217 2317 5270 τῶν
2362 5212 2628 5286 νηστειῶν
2667 5215 2802 5287 δναρ
2839 5211 3078 5268 τοιοῦτον
3108 5213 3231 5284 ὁρᾷ,
3273 5211 3331 5276 ὃς
3359 5212 3456 5265 καὶ

1881 5309 1942 5362 τὸ
1971 5308 2168 5380 ὀραθὲν
2194 5309 2304 5370 τοῖς
2337 5307 2426 5359 ὑπ’
2453 5305 2602 5374 αὐτῷ
2625 5305 2886 5376 διηγεῖτο,
2913 5303 3113 5357 οὑτωσὶ
3141 5301 3277 5374 πρὸς
3305 5301 3454 5367 λέξιν

1880 5400 2112 5466 διεξιών.
2177 5398 2462 5453 Marcellus
2500 5397 2720 5468 quidam
2768 5397 2879 5451 vita
2914 5395 3158 5459 illustris,
3212 5394 3454 5449 moribus

1882 5492 2024 5563 pius,
2050 5491 2138 5561 qui
2176 5490 2525 5551 monasterio,
2571 5488 2712 5558 quod
2745 5488 2795 5541 in
2829 5487 3036 5558 Spelzeo
3069 5495 3173 5550 est,
3199 5497 3449 5556 prmeral.

1881 5595 2042 5640 nocte
2078 5583 2308 5654 quadam
2349 5583 2541 5637 mediae
2591 5581 2923 5650 jejuniorum
2983 5579 3339 5634 hebdomadis
3372 5576 3452 5630 vi-

1881 5679 2089 5733 sionem
2118 5677 2259 5731 hanc
2289 5678 2552 5738 intuetur,
2576 5675 2858 5742 visumque
2883 5673 2984 5727 sibi
3018 5670 3274 5740 subjectis
3296 5684 3454 5723 enar-
3483 5726 3490 5733 _

1883 5771 2039 5824 rabat
2097 5771 2214 5824 base
2243 5770 2310 5825 ad
2343 5769 2569 5822 verbum
2605 5764 2920 5820 enuntians.
2955 5762 3081 5826 Quae
3130 5763 3303 5824 itaque
3357 5760 3453 5813 alii

1884 5866 1946 5918 de
1973 5865 2156 5933 scipsis
2187 5864 2238 5917 in
2291 5879 2460 5917 rerum
2493 5870 2758 5931 gestarum
2790 5857 2942 5919 serie,
2997 5856 3118 5908 dum
3146 5855 3337 5922 scripto
3382 5854 3453 5907 vi-
