3826 6464
350 376 472 443 Ἰζ3

1610 424 1617 433 .
1687 375 1965 438 LEONIS
2001 373 2310 435 ALLATII

3531 367 3635 431 lii

356 511 468 557 1am
523 494 748 549 aliorum
800 498 1072 558 enarran‘t,
1127 489 1503 560 pronuntiant,
1564 490 1947 560 Metaphrastes
1978 489 2019 547 Α
2057 487 2194 540 alias
2231 485 2391 541 Pselli
2416 484 2824 550 lucubrationes,
2876 468 3149 555 epistolam
3178 483 3248 538 ad
3295 481 3635 554 Xiphilinum

354 602 459 641 non
483 586 600 645 sibi.
631 601 695 639 ac
735 584 779 638 si
829 584 936 652 ipse
960 581 1279 652 loqueretur,
1334 581 1471 651 quod
1502 578 1692 636 Surius
1718 582 1933 650 fecerat,

354 677 445 730 sed
483 691 663 730 eorum
713 673 966 743 personis,
1001 672 1211 743 quando
1246 688 1376 741 opus
1406 680 1501 739 est,
1534 672 1804 742 appiugit;
1837 685 1937 724 ste-

354 769 473 835 pius
503 768 686 831 etiam,
713 757 879 819 'nulla
932 781 1111 817 eorum
1143 765 1288 834 facta
1336 764 1615 827 mentione,
1670 772 1781 817 rem
1826 763 1938 831 ipse

356 875 557 913 meram
613 857 772 912 veluti
802 856 941 911 alius
970 864 1209 910 enarrat.
1242 854 1485 926 Conferri
1536 864 1750 925 possunt
1801 849 1938 909 Viue

351 960 655 1001 sanctorum
702 955 827 1000 ante
866 941 1288 1015 Hetaphr‘astem
1334 944 1400 998 ab
1446 944 1747 998 auctoribus
1802 942 1938 1014 Syn-

353 1039 562 1093 chronis
590 1038 823 1107 scripta',
851 1050 967 1107 qua:
993 1046 1130 1089 certe
1160 1032 1332 1089 adhuc
1363 1044 1643 1104 supersunt
1667 1033 1934 1103 plurimm,

344 1148 473 1184 cum
523 1129 793 1198 descriptis
838 1144 872 1181 a
940 1127 1312 1196 Metaphraste.
1365 1125 1514 1180 Nihil
1562 1124 1633 1180 ibi
1665 1142 1939 1180 commune

348 1222 610 1276 invenies.
634 1217 750 1274 ~Sua
776 1219 842 1273 de
885 1234 941 1272 se
981 1225 1169 1273 narrat
1197 1216 1597 1287 Metaphrastes,
1625 1215 1853 1269 aliorum
1882 1223 1939 1268 ut

353 1313 537 1369 aliena
566 1323 611 1367 et
642 1311 971 1379 Scriptorum
1000 1310 1338 1379 antiquorum
1370 1308 1609 1378 propria,
1644 1324 1746 1361 non
1773 1310 1936 1380 facta,

355 1422 521 1477 neque
554 1420 806 1474 personas
831 1418 949 1456 cum
973 1402 1082 1456 suis
1110 1400 1454 1471 confundens,
1486 1410 1543 1453 ut
1569 1398 1744 1453 aliena
1770 1414 1942 1469 prose-

354 1497 555 1568 quitur.
615 1494 792 1560 Quare
844 1501 1011 1547 cessat
1049 1489 1309 1545 dubitatio
1369 1496 1431 1544 de
1469 1488 1577 1543 illis
1640 1487 1794 1554 Vitis,
1823 1505 1942 1560 qua:

354 1586 450 1641 sub
479 1584 854 1654 Metaphrastee
882 1582 1090 1636 nomine
1110 1581 1347 1647 veniunt,
1376 1595 1441 1634 ea:
1478 1580 1608 1648 ipsis
1630 1590 1805 1634 tamen
1831 1578 1941 1634 col-

356 1678 544 1749 tigitur
566 1676 721 1740 alios,
777 1690 882 1729 non
911 1674 1338 1741 Hetaphrastem,
1370 1671 1535 1742 fuisse
1564 1671 1782 1726 illarum
1812 1674 1944 1727 scri-

353 1781 549 1838 ptores.
583 1766 731 1820 Adde
757 1766 938 1828 etiam,
978 1764 1024 1818 si
1061 1761 1221 1828 lubet,
1258 1760 1431 1817 Vitam
1458 1762 1633 1815 sancti
1672 1759 1943 1817 Eustathii

2035 580 2097 634 de
2127 578 2462 651 Chrysopoeia
2495 581 2733 650 pluribus
2763 580 2957 634 videbis
2990 594 3324 649 ewpressam.

2104 670 2384 741 Iosephus
2418 672 2761 727 Methonensis
2783 673 3053 743 episcopus
3082 673 3331 726 adversus
3379 667 3633 723 Marcum

2040 765 2330 834 Ephesium
2347 765 2754 836 Metaphrastem
2783 777 2932 822 vocat
2955 766 3231 837 juniorem
3264 765 3632 833 Theologum,

2041 872 2107 911 ex
2144 874 2245 927 qua
2272 859 2461 912 merito
2490 859 2605 929 quis
2629 859 2843 922 dixerit,
2872 856 3177 925 Sumconem
3195 856 3456 923 iuniorem
3483 856 3633 909 theo-

2040 951 2239 1021 logum,
2274 952 2424 1020 cujus
2456 952 2723 1005 orationes
2754 961 2857 1005 tres
2884 960 2933 1004 et
2962 930 3168 1019 viginti,
3193 957 3241 1004 et
3261 948 3370 1002 alia
3392 948 3628 1002 Iacobus

2040 1041 2318 1098 Pontanus
2334 1041 2521 1097 Latine
2537 1041 2725 1106 edidit,
2744 1056 2856 1096 esse
2871 1039 3176 1111 ngeonem
3194 1039 3629 1108 Metaphrastem,

2043 1133 2133 1204 qui
2169 1132 2397 1207 denique
2425 1134 2598 1203 factus
2636 1132 2707 1185 sit
2748 1131 3033 1185 monachus
3080 1139 3129 1183 et
3159 1130 3473 1199 prtepositus
3511 1145 3631 1181 mo-

2042 1224 2273 1278 nasterio
2301 1223 2474 1277 sancti
2514 1222 2821 1277 Mamantis.
2857 1221 2922 1274 Et
2962 1237 3089 1275 sane
3118 1218 3288 1275 Graci
3318 1218 3631 1291 ngeoncru

2041 1315 2177 1369 hunc
2226 1313 2665 1386 quemadmodum
2702 1313 2811 1368 solo
2851 1312 3149 1382 Logothetce
3205 1312 3416 1365 nomine
3449 1311 3634 1376 expri-

2034 1415 2213 1473 munt,
2238 1407 2364 1476 quia
2417 1421 2598 1475 nempe
2623 1420 2841 1477 magnus
2871 1403 3159 1474 aliquando
3193 1401 3474 1473 Logotheta
3502 1402 3633 1473 fuit.

2043 1512 2135 1549 cur
2163 1511 2267 1548 non
2306 1504 2355 1549 et
2407 1493 2693 1561 similiter,
2734 1493 2927 1547 omisso
2984 1491 3349 1559 Metaphrastte
3394 1490 3630 1551 nomine.

2044 1592 2247 1638 tantum
2279 1584 2569 1655 theologum
2586 1584 2855 1654 juniorem
2878 1598 3064 1637 vocare
3105 1582 3237 1638 alibi
3266 1583 3470 1651 possint
3506 1624 3521 1647 ,
3559 1582 3633 1635 ad

2042 1675 2431 1729 distinctionem
2458 1675 2567 1729 divi
2603 1674 2957 1740 Nazianzeni,
2984 1675 3074 1742 qui
3094 1682 3217 1727 ante
3239 1689 3358 1727 eum
3382 1672 3629 1744 Theologi

2044 1766 2143 1819 sibi
2175 1783 2361 1821 nomen
2397 1766 2800 1821 vindicaverat?
2828 1765 2956 1822 Cum
2987 1766 3052 1821 de
3077 1766 3174 1820 hoc
3204 1768 3375 1837 fusius
3407 1767 3464 1820 in
3495 1765 3632 1820 Dia-

355 1869 404 1916 et
441 1860 702 1915 sociorum
726 1865 849 1912 ante
870 1856 1288 1925 Metaphrastem
1327 1854 1605 1923 scriptam,
1629 1854 1779 1923 cujus
1804 1853 1940 1908 illud
1973 1844 2015 1898 Β
2044 1856 2179 1910 triba
2207 1856 2270 1911 de
2294 1854 2636 1927 ngeonibus
2658 1858 2873 1927 egerim,
2897 1858 3080 1926 paucis
3102 1872 3183 1910 me
3214 1857 3298 1910 hic
3325 1858 3628 1927 expediam.

356 1960 431 2008 est
477 1950 843 2022 principium:
885 1947 1186 2018 Πρὸκειται
1223 1947 1337 2010 τοῖς
1380 1945 1689 2018 ἀνθρώποις
1730 1945 1825 1998 καὶ
1876 1946 1942 1998 ὲκ

356 2040 594 2111 φύσεως.
630 2039 871 2111 Scriptor
906 2040 963 2093 in
988 2037 1250 2094 Prowmio
1301 2040 1479 2111 refert,
1504 2056 1601 2094 sua
1635 2048 1938 2095 tetatetauo

357 2143 468 2189 tam
504 2132 743 2187 illuxisse
772 2132 1019 2187 virtutem
1051 2146 1071 2186 :
1100 2130 1269 2186 Οὐδὲν
1297 2126 1390 2185 οὖν
1417 2125 1583 2202 ἦττον
1628 2131 1941 2204 προεθέμην

356 2223 679 2295 προσθεῖναι
732 2225 842 2287 τοῖς
904 2222 1204 2294 ἐγγράφοις
1262 2221 1371 2276 τῶν
1425 2222 1670 2295 ἀρχαίων
1729 2223 1940 2296 ἀνδρῶν

357 2316 865 2387 ἁνδραγαθήμασιν,
889 2316 1054 2369 καὶτὸ
1076 2314 1172 2370 νῦν
1189 2316 1246 2369 ἐν
1263 2317 1377 2380 τοῖς
1396 2318 1610 2389 καιροῖς
1627 2317 1660 2385 ἡ
1667 2315 1785 2387 μῶν
1810 2334 1940 2373 κατ-

356 2405 836 2485 ορθωθένταξπρὸς
873 2404 1196 2476 εὐεργεσίαν
1213 2406 1313 2475 μὲν
1327 2404 1436 2459 τῶν
1467 2405 1798 2473 ἀκουόντων,
1821 2407 1942 2460 ἑπι-

358 2499 601 2569 στροφὴν
630 2498 687 2552 δὲ
706 2496 814 2553 τῶν
835 2498 1157 2567 φασκόντων
1192 2496 1267 2570 μὴ
1299 2496 1560 2551 δύνασθαι
1587 2496 1683 2551 νῦν
1714 2496 1940 2553 τοιαῦτα

356 2588 779 2661 κατορθοῦσθαι,
827 2584 917 2643 οἷα
973 2590 1031 2643 ὲν
1088 2590 1203 2652 τοῖς
1259 2587 1646 2660 παλαιοτέροις
1701 2589 1935 2661 χρόνοις.

353 2681 475 2737 Non
509 2682 692 2738 minus
723 2682 907 2753 itaque
935 2681 1073 2737 mihi
1109 2680 1369 2752 proposui
1413 2680 1539 2739 aliis
1585 2682 1936 2753 antiquorum

353 2774 612 2844 praeclare
665 2774 853 2846 gestis,
913 2774 1229 2845 scriptoque
1282 2771 1559 2829 mandatis
1615 2773 1838 2841 addere,
1881 2785 1939 2832 ct

352 2880 474 2936 qua:
517 2879 663 2921 nunc
689 2866 797 2920 hac
830 2872 1018 2920 nostra
1044 2873 1204 2920 aetate
1241 2880 1456 2920 summa
1482 2864 1797 2921 cumlaude
1838 2882 1937 2937 pa-

351 2964 493 3011 trata
541 2964 691 3023 sunt,
733 2965 847 3011 tum
904 2958 974 3012 ad
1027 2955 1318 3011 utilitatem
1383 2956 1749 3022 audientium,
1818 2967 1933 3013 tum

349 3065 538 3105 eorum
560 3050 998 3116 conversionem,
1029 3048 1121 3120 qui
1142 3048 1330 3104 dicunt
1350 3064 1459 3104 non
1495 3064 1654 3120 posse
1684 3052 1787 3106 hoc
1814 3066 1930 3105 aevo

351 3141 483 3201 talia
541 3140 770 3207 absolvi,
830 3139 1013 3211 qualia
1060 3139 1363 3209 antiquitus
1400 3139 1540 3196 facta
1595 3149 1743 3196 sunt.
1798 3139 1927 3198 Cum

350 3249 506 3286 suam
570 3248 633 3286 ea:
690 3232 869 3285 eodem
925 3230 1306 3300 Metaphrastes
1358 3233 1740 3304 conscriberet,
1797 3233 1929 3288 nihil

350 3325 524 3381 simile
554 3326 665 3380 suis
715 3324 1050 3389 interseruit,
1107 3324 1197 3378 sed
1252 3324 1649 3394 alio-prooemio
1700 3327 1926 3396 appicto,

351 3430 539 3475 caztera
570 3426 757 3475 narrat
813 3417 876 3472 de
903 3433 1018 3481 suo,
1056 3424 1114 3469 ut
1144 3416 1349 3486 frustra
1390 3414 1673 3487 Scriptoris
1719 3427 1928 3473 tetatem

349 3512 406 3565 in
433 3510 858 3584 Metaphrasta'is
894 3524 1126 3582 qucras.

419 3686 571 3762 [1'43]
604 3687 929 3757 Scripseram
956 3688 1012 3742 in
1035 3686 1278 3743 Diatriba
1302 3704 1420 3743 mea
1458 3689 1568 3744 alia
1594 3705 1799 3762 quoque
1822 3690 1929 3745 Me-

349 3780 639 3848 taphrastte
670 3780 875 3849 scripta
897 3780 1086 3848 egisse,
1116 3794 1234 3844 qua
1255 3786 1429 3833 tamen
1462 3781 1518 3834 in
1543 3780 1786 3835 Diatriba
1807 3791 1929 3835 ante

349 3871 662 3926 transmissa
722 3885 829 3923 non
872 3868 1223 3922 habebantur.
1284 3866 1372 3921 Ita
1408 3877 1508 3924 est.
1563 3868 1631 3923 Et
1666 3869 1824 3939 plane
1870 3870 1927 3923 in

349 3962 599 4016 Diatriba
628 3962 708 4032 egi
737 3959 947 4015 abunde
997 3959 1061 4013 de
1094 3958 1223 4013 illis.
1249 3955 1355 4013 Illa
1399 3968 1571 4014 tamen
1614 3960 1928 4014 transmissa

348 4069 454 4109 non
487 4062 628 4117 sunt,
662 4052 800 4125 quod
833 4066 925 4106 nec
941 4050 1187 4105 Diatriba
1208 4049 1323 4121 ipsa
1352 4050 1579 4120 integra,
1599 4052 1690 4104 sed
1720 4038 1926 4103 tantum

346 4162 409 4202 ea
437 4160 584 4215 pars,
616 4146 672 4198 in
716 4158 821 4213 qua
850 4140 917 4195 de
957 4149 1115 4196 aetate
1142 4139 1542 4211 Hetaphrastaa,
1589 4140 1655 4193 de
1713 4154 1815 4209 qua
1836 4155 1929 4208 per

350 4249 472 4293 tuas
515 4244 856 4307 percontatus
911 4235 1109 4305 fueras,
1141 4232 1414 4303 agebatur.
1441 4230 1629 4300 Agitur
1667 4230 1721 4283 in
1763 4246 1825 4283 ea
1862 4230 1927 4285 de

347 4329 469 4384 aliis
495 4323 861 4398 ngeonibus,
896 4339 1119 4393 quorum
1153 4323 1409 4376 memoria
1429 4328 1506 4374 est
1532 4318 1673 4387 apud
1714 4329 1922 4385 veteres,

344 4421 424 4474 vel
454 4406 763 4472 recentiores
793 4412 997 4486 aliquid
1020 4414 1199 4471 Grmce
1218 4413 1511 4481 scripsisse.
1527 4410 1674 4465 Inter
1702 4425 1791 4465 eos
1820 4426 1921 4465 non

2057 1946 2247 2003 Verum
2296 1958 2371 2004 est
2436 1947 2747 2020 ngeonem
2792 1948 3064 2004 Iuniorem
3101 1949 3395 2020 theologum
3446 1966 3634 2003 monac

2041 2040 2192 2111 cltum
2222 2040 2405 2110 fuisse.
2438 2038 2625 2093 Verum
2653 2047 2732 2093 est
2762 2035 3178 2109 Metaphrastem
3210 2037 3304 2092 sub
3331 2038 3634 2109 Logothene

2044 2139 2246 2185 tantum
2265 2127 2473 2183 nomine
2513 2126 2740 2200 intelligi
2762 2128 2943 2182 :male
2974 2136 3151 2183 tamen
3168 2126 3435 2198 juniorem
3481 2126 3628 2180 theo~

2041 2223 2214 2295 logum
2262 2231 2385 2277 'cum
2415 2220 2777 2291 Mataphraste
2816 2223 3090 2293 confundit
3121 2221 3495 2288 Methonensis,
3521 2220 3634 2275 ali-

2039 2302 2259 2387 quorum
2271 2314 2510 2368 codicum
2527 2315 3008 2382 manuscriptorum
3026 2315 3343 2369 auctoritate
3355 2316 3629 2385 deceptus,

2040 2408 2129 2478 qui
2163 2405 2476 2461 tractatulos
2512 2403 2785 2476 Symeonis
2836 2405 3108 2476 praepositi
3134 2407 3307 2460 sancti
3334 2408 3633 2461 Mamantis

2039 2502 2137 2556 sub
2166 2502 2261 2554 hoc
2292 2499 2446 2554 titulo
2475 2510 2684 2553 notant:
2714 2497 2821 2552 Τοῦ
2844 2498 3244 2572 Μεταφραστοῦ
3281 2500 3487 2570 Κυρίου
3524 2499 3633 2551 Συ·-

2042 2589 2208 2663 μεὼν,
2238 2592 2332 2645 καὶ
2351 2590 2473 2644 νέου
2513 2588 2777 2660 Θεολόγου
2793 2589 2920 2661 περὶ
2936 2590 3228 2662 προσοχῆς,
3241 2590 3277 2660 ἢ
3295 2588 3630 2661 προσευχῆς.

2037 2680 2419 2751 Metapbrastze
2466 2679 2678 2736 Domini
2742 2680 3027 2751 Symeonis
3065 2689 3121 2735 et
3150 2677 3393 2735 Iunioris
3438 2678 3630 2735 Theo-

2037 2773 2143 2846 logi
2171 2774 2238 2829 de
2260 2764 2579 2829 Attentione
2637 2772 2750 2828 sive
2799 2771 3079 2828 Oratione.
3123 2772 3213 2835 Et,
3266 2771 3493 2843 Συμεὼν
3529 2772 3630 2827 τοῦ

2036 2867 2434 2942 Μεταφραστοῦ
2469 2868 2564 2920 καὶ
2623 2868 2745 2921 νέου
2810 2867 3071 2937 Θεολόγου
3116 2867 3277 2938 ἔτερα
3325 2867 3627 2937 κεφάλαιαο

2036 2959 2320 3033 Symeonis
2370 2959 2750 3029 Metapbrastas
2812 2968 2867 3014 et
2918 2958 3156 3030 iunioris
3216 2958 3479 3031 Theologi
3516 2960 3630 3014 alia

2036 3052 2246 3121 Capita.
2307 3048 2373 3103 Ut
2408 3049 2611 3121 reliqua
2673 3059 3004 3118 pra’teream,
3056 3067 3218 3105 unum
3281 3051 3627 3121 eamdemque

2036 3144 2191 3214 fuisse
2242 3138 2551 3211 Symeonem
2579 3139 2988 3210 Metapbrastem
3027 3152 3075 3197 et
3113 3140 3419 3212 Symeonem
3445 3139 3628 3197 sancti

2034 3232 2319 3288 Mamantis
2340 3230 2676 3298 prcepositum
2715 3238 2949 3298 tempora
2989 3233 3101 3300 ipsa
3136 3248 3240 3285 non
3267 3233 3468 3287 sinunt.
3503 3231 3624 3286 lle-

2030 3322 2332 3392 taphrastes
2365 3319 2570 3374 vivebat
2619 3319 2712 3373 sub
2746 3319 2913 3375 Leone
2958 3323 3194 3391 sapiente
3242 3320 3438 3376 Basilii
3481 3322 3625 3408 ﬁlio,

2027 3414 2198 3469 sancti
2254 3411 2543 3467 Mamantis
2599 3412 2915 3481 praepositus
2962 3412 3058 3465 sub
3113 3411 3625 3488 AlexioComneno,

2027 3506 2117 3574 qui
2150 3504 2312 3572 ejecto
2330 3501 2611 3557 Botaniato
2626 3504 2902 3573 imperium
2930 3514 3295 3573 occupaverat,
3330 3505 3456 3577 [MS
3473 3502 3627 3577 (τίθη

2028 3598 2399 3670 Metapttrasta
2442 3598 2626 3662 iunior
2661 3598 2769 3668 fere
2820 3612 2987 3650 annos
3012 3606 3234 3666 septem,
3261 3606 3310 3651 et
3341 3599 3620 3655 ducentos.

2027 3693 2092 3748 Id
2123 3693 2370 3762 ﬁrmatur
2399 3688 2629 3758 ejusdem
2665 3689 2941 3759 ngeonis
2968 3690 3282 3754 testimonio,
3321 3692 3413 3761 qui
3456 3688 3621 3746 Orat.

2030 3785 2098 3839 15
2138 3785 2213 3838 ait
2245 3796 2266 3834 :
2286 3781 2457 3845 Αὐτὸς
2494 3781 2552 3833 δὲ
2595 3781 3001 3852 ἑξακισχιλίοις,
3032 3783 3125 3835 καὶ
3156 3781 3485 3849 ἑξακοσίοις,
3523 3784 3624 3837 καὶ

2028 3875 2286 3929 ἐπέκεινα
2324 3872 2530 3928 τούτων
2573 3872 2719 3928 ἔτεσι
2761 3874 3045 3946 διαμείνας
3070 3876 3159 3930 ἀεὶ
3214 3876 3475 3947 πολέμιος
3504 3878 3622 3932 τῶν

2027 3967 2359 4040 ἀνθρώπων,
2408 3983 2587 4038 nempe
2641 3968 2902 4024 diabolus.
2932 3969 3122 4027 Sexies
3149 3971 3299 4027 mille
3337 3973 3625 4029 sexcentis

2027 4069 2085 4114 et
2110 4057 2534 4129 ampliusmmis
2563 4060 3162 4129 permansithominum
3186 4063 3359 4119 hostis
3380 4062 3617 4135 .Suppa-

2028 4160 2129 4219 tat,
2155 4151 2457 4207 Graecorum
2478 4167 2642 4219 more,
2677 4152 2742 4206 ab
2772 4154 2894 4209 orbe
2938 4157 3148 4210 condito
3176 4172 3194 4211 :
3220 4173 3389 4227 quare
3402 4159 3504 4212 erit
3533 4159 3624 4214 hic

2028 4258 2199 4298 annus
2231 4242 2426 4298 Christi
2468 4243 2627 4299 1092.
2681 4240 2751 4297 Et
2796 4244 3098 4312 ἑξακοσίοις
3128 4248 3348 4318 integris
3393 4248 3623 4319 syllabis

2026 4332 2338 4387 describitur
2352 4332 2408 4386 in
2437 4332 2707 4388 Palatino.
2740 4332 2841 4389 Sed
2860 4336 2905 4389 si
2932 4353 3051 4391 cum
3067 4337 3191 4393 aliis
3226 4337 3464 4408 legamus
3495 4338 3622 4393 δια-

2029 4422 2257 4490 κοσίοις,
2287 4423 2543 4488 ducentis,
2575 4432 2630 4477 ut
2671 4428 3064 4494 reprtesentavit
3094 4426 3367 4483 Pontanus
3387 4469 3402 4494 ,
3439 4430 3624 4483 adhuc

343 4511 588 4580 infimum
632 4507 738 4563 sibi
783 4506 959 4562 locum
1007 4514 1230 4575 occupat
1274 4503 1667 4573 Metaphrasm
1696 4542 1712 4567 ο
1773 4504 1924 4572 cuius
1953 4518 2008 4578 l)
2036 4515 2125 4568 isti
2164 4511 2448 4584 Symeones
2480 4524 2637 4569 aetate
2675 4514 2865 4569 diversi
2897 4527 3041 4583 sunt,
3082 4528 3130 4572 et
3173 4518 3401 4589 Symeon
3435 4518 3622 4575 Heta-

343 4604 595 4673 pleraque
647 4602 1069 4664 examinantur;
1095 4598 1220 4652 vita
1279 4597 1441 4651 etiam
1482 4594 1731 4664 pleraque
1764 4593 1829 4646 ab
1867 4611 1926 4648 eo

340 4695 604 4764 seripttea
638 4691 992 4764 supposititiis
1037 4696 1384 4744 secernuntur
1424 4704 1443 4742 :
1484 4699 1928 4759 numeranturque

342 4787 454 4841 alia
481 4785 679 4854 scripta
708 4795 901 4856 prteter
940 4783 1086 4837 Vitas
1111 4792 1160 4837 et
1199 4778 1436 4835 Canones
1455 4818 1470 4843 ,
1495 4794 1622 4848 quos
1647 4789 1693 4833 te
1738 4779 1927 4836 vidisse

337 4883 393 4934 in
432 4877 651 4935 Menteis
679 4880 860 4951 refers.
906 4876 990 4931 Ea
1034 4882 1158 4929 sunt
1190 4887 1367 4943 preces
1398 4871 1580 4935 variae,
1639 4872 1923 4937 orationes,

336 4971 447 5026 sive
469 4971 807 5024 laudationes
834 4969 892 5022 in
924 4972 1162 5028 sanctos,
1191 4962 1458 5016 orationes
1510 4961 1737 5015 morales
1772 4977 1925 5040 sxw,

336 5077 404 5116 ea:
438 5063 544 5117 divi
590 5061 781 5116 Basilii
816 5059 1084 5129 operibus,
1117 5056 1439 5110 sententiosa
1493 5056 1669 5124 capita
1717 5055 1780 5109 de
1829 5072 1926 5110 suo

334 5168 518 5216 cum,
571 5167 636 5204 ex
699 5159 888 5206 sancto
937 5147 1177 5202 Macario
1228 5145 1480 5217 [Egyptio
1519 5162 1601 5201 CL.
1650 5146 1925 5217 Epistolm,

330 5247 572 5309 carmina
598 5243 733 5298 varii
774 5242 1002 5313 generis,
1055 5239 1299 5307 Dioptra,
1328 5254 1445 5308 qua’
1493 5247 1667 5293 tamen
1693 5240 1747 5292 in
1778 5237 1927 5293 Psel-

332 5332 478 5394 liana
518 5337 770 5391 Diatriba
800 5349 1079 5404 perperam
1108 5334 1512 5404 perquiruntur,
1537 5332 1629 5395 ubi
1656 5331 1926 5387 Pselliana

332 5441 540 5486 tantum
571 5429 769 5498 scripta
812 5435 1164 5482 numerantur
1194 5440 1215 5480 :
1247 5426 1348 5479 etsi
1397 5441 1558 5494 neque
1593 5424 1686 5478 illa
1727 5426 1923 5491 omnia,

329 5542 444 5581 cum
500 5533 620 5596 post
678 5524 947 5593 vulgatam
1004 5521 1306 5593 Diatribam
1349 5520 1551 5574 allatus
1593 5520 1725 5575 mihi
1772 5522 1928 5592 fuerit

332 5620 494 5673 codex
523 5614 949 5685 Manuscriptus,
984 5615 1161 5681 tineis,
1199 5615 1521 5685 madoreque
1558 5615 1844 5683 confectas,
1873 5614 1927 5666 in

332 5725 435 5778 quo
494 5706 657 5760 multo
710 5707 867 5777 p.’ura
918 5694 1085 5775 ips'ius
1146 5704 1314 5760 Pselli
1350 5705 1704 5773 reperiuntur,
1771 5701 1923 5789 Lege,

332 5814 528 5868 qua'so,
578 5814 704 5853 mete
730 5796 991 5853 Diatribte
1033 5799 1254 5869 paginas
1305 5797 1375 5853 45
1421 5806 1472 5852 et
1527 5793 1615 5852 88.
1669 5791 1753 5848 Ibi
1792 5795 1928 5848 inter

2028 4607 2266 4674 phrastes
2286 4607 2386 4660 erit
2416 4604 2672 4677 Theologo
2694 4607 2880 4676 junior
2914 4611 3191 4665 minimum
3214 4627 3383 4666 annos
3409 4613 3540 4679 194,
3571 4616 3621 4667 si

2028 4696 2260 4767 Symeon
2318 4697 2591 4753 Xerocerci
2622 4716 2761 4753 anno
2791 4701 2977 4755 mundi
3013 4702 3173 4759 6200.
3214 4704 3498 4770 scribebat,
3526 4706 3623 4775 qui

2029 4790 2305 4856 respondet
2341 4787 2711 4860 anno_'Christi
2743 4790 2870 4855 692,
2924 4791 3019 4845 sub
3057 4792 3367 4849 Iustiniano
3396 4794 3625 4849 Rhinot.

2029 4889 2166 4933 meto
2218 4889 2341 4933 ante
2376 4877 2839 4937 Iconomachorum
2882 4884 3123 4939 hteresim
3168 4902 3335 4941 annos
3407 4888 3624 4943 circiter

2030 4972 2274 5042 triginta.
2312 4971 2464 5038 Quod
2507 4974 2553 5027 si
2584 4974 2837 5044 Stephani
2856 4977 3155 5047 junioris‘a
3186 4979 3527 5052 Coprongmo
3557 4982 3622 5035 ob
3665 5016 3673 5024 -

2029 5062 2385 5134 defensionem
2447 5081 2723 5120 sacrarum
2801 5068 3094 5138 imaginum
3164 5072 3428 5142 interfecti
3476 5088 3624 5127 anno

2031 5153 2227 5209 Christi
2272 5154 2373 5209 767
2404 5157 2660 5222 meminit,
2708 5167 2754 5211 et
2783 5160 2859 5212 sic
2901 5161 3063 5214 etiam
3092 5164 3190 5216 erit
3231 5162 3403 5217 multo
3436 5166 3618 5220 Meta—

2028 5246 2240 5316 phraste
2267 5245 2555 5315 antiquior,
2601 5263 2741 5300 anno
2770 5249 2903 5316 forte
2933 5263 3161 5307 centum.
3193 5251 3297 5308 Sed
3323 5255 3414 5325 qui
3443 5258 3619 5325 potuit

2030 5354 2174 5392 anno
2196 5335 2393 5392 Christi
2412 5337 2516 5391 60!.
2546 5340 2719 5393 vivens
2747 5339 3001 5410 Stephani
3021 5344 3255 5411 jnnioris
3289 5349 3618 5411 meminisse,

2030 5428 2350 5498 martyrium
2373 5428 2673 5496 passianno
2705 5429 2827 5496 767,
2855 5434 3010 5486 annis
3037 5433 3107 5488 75
3140 5421 3450 5507 antiquior?
3478 5439 3624 5493 Hinc

2029 5521 2084 5574 in
2107 5520 2203 5573 hoc
2231 5520 2462 5574 secuudo
2498 5535 2712 5575 numero
2744 5538 2891 5576 error
2921 5528 3197 5603 manifeste
3233 5530 3535 5602 colligitur,
3570 5543 3621 5587 et

2030 5618 2403 5693 consequenter
2438 5611 2641 5679 primus
2690 5628 2948 5668 numerus
2997 5618 3347 5673 verosimilior
3390 5631 3489 5686 est,
3512 5639 3621 5692 quo

2030 5706 2115 5758 hic
2142 5702 2418 5758 Xerocerci
2466 5705 2777 5774 praepositus
2815 5706 3185 5777 Metaphrastte
3231 5714 3490 5780 posterior
3514 5726 3618 5772 est.

2032 5791 2307 5861 Quidquid
2342 5791 2619 5860 tamensit,
2665 5791 2877 5879 omnino
2925 5796 3255 5854 concluditur
3299 5800 3468 5855 alium
3504 5820 3622 5864 esse
