3826 6464
156 4604 189 4621 κ

207 341 318 411 145

859 356 958 416 DE
998 357 1341 423 scmms
1365 324 1761 428 .SYMEONIS
1802 336 2381 437 BiETAPHRAST/E
2421 380 2809 452 DIATRIBA.

3353 383 3459 449 H6

196 456 513 529 Synteonem
548 460 973 533 Metaphrastem,
997 477 1045 521 et
1075 468 1241 523 alium
1272 470 1543 529 Xerocerci
1595 492 1797 545 prtcpo-
1825 482 1870 536 Α
1899 484 2103 551 strpius.
2118 486 2183 540 de
2221 487 2556 555 monachatu,
2595 491 2808 560 quando
2838 493 2884 546 is
2929 491 3136 561 fuisset,
3164 497 3356 569 mentio
3390 499 3474 552 in-

194 552 385 616 situm,
434 568 689 625 ruereque
726 561 1493 635 argumentum—Praefectus
1521 565 1795 626 Xerocerri

195 645 303 715 fuit
353 648 659 731 monachus,
686 665 810 719 ergo
845 661 895 705 et
930 654 1530 723 Metaphrastes,—cum
1569 658 1716 731 longe
1740 661 1794 714 hi

196 735 309 790 duo
345 737 541 801 diversi
570 722 675 794 sint
701 756 725 802 ε,
746 741 964 814 ideoque
994 745 1132 799 male
1177 747 1405 819 infertur
1444 765 1509 804 ea:
1536 767 1616 818 eo,
1655 753 1793 823 quod

197 833 515 900 praepositus
570 833 843 890 Xerocerci
926 839 1208 897 monachus
1268 843 1392 912 fuit,
1480 842 1792 914 Symeonem

196 921 609 990 Metaphrastem
654 927 968 983 monachum
994 929 1179 1000 fuisse.
1226 930 1335 987 Sed
1369 935 1432 988 de
1455 935 1557 1000 his,
1585 944 1639 990 ut
1661 937 1786 1007 jam

195 1014 336 1076 dixi,
366 1014 534 1085 fusius
565 1017 622 1070 in
653 1015 923 1074 Diatriba.

266 1102 374 1159 Sed
419 1104 831 1175 Metaphrastem
867 1112 1181 1166 monachum
1211 1131 1312 1168 non
1346 1115 1524 1186 fuisse,
1570 1122 1783 1188 quando

192 1197 361 1250 etiam
429 1196 557 1265 ista,
622 1213 743 1269 quae
800 1199 866 1255 de
897 1199 1184 1258 Xerocerci
1235 1208 1535 1273 prwposito,
1563 1218 1613 1261 et
1661 1211 1784 1266 aliis

191 1286 517 1343 dictitantur
549 1306 667 1343 vera
699 1307 799 1344 non
818 1303 961 1357 sunt,
1003 1296 1140 1349 unde
1174 1297 1227 1350 id
1256 1298 1407 1353 habet
1441 1298 1585 1354 Leo?
1610 1300 1783 1357 Habet

189 1380 513 1449 confirmata
559 1382 681 1452 jam
727 1394 883 1440 (etate
926 1387 1081 1442 uxori
1139 1388 1421 1445 obnoxium
1468 1392 1663 1462 fuisse:
1690 1411 1783 1450 nec

189 1486 430 1540 unquam
489 1472 819 1542 postmodum
875 1475 1019 1544 legit,
1059 1482 1301 1534 eumdem
1368 1497 1429 1535 ea
1478 1483 1777 1551 demortua,

190 1564 393 1630 nuptiis
449 1564 682 1620 solutum
720 1566 829 1626 alio
873 1586 928 1623 se
976 1572 1096 1626 vitae
1120 1588 1307 1642 genere
1338 1575 1676 1632 astrinxisse.
1710 1576 1777 1636 At

132 1652 136 1731 ξ
186 1659 388 1727 potuit,
437 1661 516 1714 ita
538 1673 798 1717 annuente
840 1679 1023 1731 uxore,
1051 1676 1101 1721 et
1140 1683 1252 1723 sese
1285 1669 1340 1723 in
1390 1674 1777 1728 monasterium

188 1749 460 1817 trudente,
490 1753 571 1808 vel
586 1757 747 1808 etiam
777 1757 933 1810 morti
967 1759 1244 1828 proximus
1272 1777 1369 1831 pro
1393 1780 1537 1820 more
1565 1762 1777 1819 Graeco-

188 1857 332 1906 rum,
389 1854 438 1896 et
475 1843 738 1913 prtrcipue
776 1846 1106 1921 Magnatum,
1140 1856 1494 1910 manasticum
1537 1845 1776 1911 habitum

187 1931 433 1989 induere.
484 1933 693 2000 Potuit,
744 1955 848 1992 non
887 1940 1058 1997 abnuo
1094 1959 1114 1998 :
1149 1944 1275 2014 fecit
1321 1964 1467 2021 ergo.
1501 1950 1616 2007 Hoc
1654 1971 1774 2010 vero

185 2024 527 2092 probandum
559 2038 657 2083 est.
711 2026 833 2097 Ipse
866 2034 1163 2102 oppositum
1190 2036 1351 2095 habeo
1394 2057 1413 2095 :
1452 2042 1617 2098 donec
1650 2062 1808 2101 con--

188 2116 419 2169 trarium
469 2120 788 2175 auctoritate
838 2110 940 2176 non
975 2123 1301 2194 stabiliatur,
1334 2146 1603 2201 nunquam
1658 2137 1769 2206 ipse

187 2221 408 2259 manum
449 2206 611 2262 dabo.
646 2210 710 2263 At
748 2212 989 2280 opinione
1027 2214 1330 2273 Grecorum
1359 2221 1599 2291 infectus,
1628 2227 1768 2297 quod

185 2309 235 2352 et
255 2298 443 2353 habitu
482 2302 663 2356 omnia
702 2302 999 2360 delerentur
1027 2319 1264 2378 peccata,
1293 2311 1348 2386 in
1380 2313 1494 2381 ipso
1516 2316 1638 2372 vita:
1658 2319 1764 2388 ﬁne

185 2389 429 2444 habitum
467 2395 773 2463 assumpsit.
807 2396 919 2451 Hoc
944 2399 1151 2454 etiama
1182 2405 1509 2460 contrarium
1531 2425 1771 2467 asseren-

185 2482 325 2537 tibus
345 2483 691 2552 probandum
723 2497 820 2542 est.
848 2487 972 2544 Non
1001 2491 1056 2545 id
1084 2496 1409 2562 praecipuum
1432 2499 1646 2567 pietatis
1662 2521 1773 2560 mo-

187 2587 500 2631 numentum
522 2578 750 2633 siluisset
791 2577 1018 2649 Psellus,
1052 2601 1170 2638 cum
1198 2587 1313 2656 ejus
1332 2589 1513 2647 laudes
1541 2595 1771 2667 reliquas

183 2668 548 2736 prosequitur.
612 2670 752 2724 Audi
807 2673 985 2728 verba.
1047 2676 1240 2742 Πόσοις
1293 2680 1338 2734 δ’
1368 2682 1469 2737 οὐκ
1518 2684 1586 2739 ἂν
1646 2702 1770 2742 στε-

186 2759 473 2831 φανωθείη
540 2761 820 2832 ἀριστείας
893 2767 1176 2837 στεφάνοις
1206 2771 1235 2823 ὁ
1261 2770 1573 2845 θαυμαστὸς
1613 2771 1769 2847 οὗτος

185 2851 359 2921 ἀνήρς
421 2853 627 2919 μᾶλλον
677 2854 733 2908 δὲ
776 2856 963 2923 πόσοις
1005 2859 1105 2914 οὐκ
1137 2860 1205 2915 ἂν
1238 2863 1338 2934 ήδη
1372 2866 1760 2939 κατέστεπται,

184 2942 525 3013 ἀναδραμὼν
582 2946 718 3016 πρὸς
765 2947 899 3002 Θεὸν
927 2990 943 3013 ,
1005 2953 1097 3006 καὶ
1152 2956 1281 3027 παρ’
1340 2958 1570 3024 ἐκείνοις
1629 2980 1736 3033 χο-

185 3035 389 3106 ρεύων,
414 3031 493 3091 ὧν
519 3039 750 3093 ἐνταῦθα
773 3040 841 3095 τὰ
887 3042 1015 3115 ἢθη,
1055 3046 1148 3099 καὶ
1173 3049 1299 3114 τοὺς
1326 3050 1472 3122 βίους
1498 3031 1766 3126 συνήρα,-

1898 572 2153 629 culcanda
2172 584 2323 641 esset,
2347 578 2486 633 inter
2502 596 2604 634 non
2632 582 2880 638 minimas
2907 583 3053 638 illius
3071 584 3275 651 laudes,
3302 587 3472 643 altum

1894 664 2156 721 silentium
2178 675 2255 723 est
2288 684 2308 722 :
2333 667 2398 723 de
2421 672 2659 727 omnibus
2688 673 2810 728 aliis
2831 676 3054 747 fortasse
3075 675 3276 733 Psellus
3298 679 3477 734 verbo-

1893 758 2002 813 sior
2015 768 2111 822 est,
2145 778 2306 832 quam
2334 762 2497 819 lector
2517 766 2686 821 vellet.
3438 756 3442 760 Δ

1958 848 2187 906 Joannes
2221 853 2523 911 Caminiata
2554 857 2773 914 clericus
2800 873 2847 914 et
2873 860 3211 919 Cubuclesius
3251 863 3475 920 Thessa-

1892 938 2187 1007 lonicensis,
2218 942 2410 1000 Leonis
2449 946 2721 1017 Sapientis
2781 951 3116 1020 imperatoris
3164 953 3475 1010 Constanti—
3558 940 3567 949 ’

1889 1031 2185 1101 nopolitani
2213 1037 2532 1106 temporibus
2573 1039 2820 1108 ﬂorebat,
2878 1058 3065 1112 genere
3091 1043 3305 1110 nobilis,
3331 1045 3472 1099 divi~

1889 1123 1977 1176 tiis
2035 1126 2459 1196 afﬂuens,,tcum
2492 1128 2599 1184 Leo
2648 1130 2910 1201 Tripolita
2971 1133 3315 1203 ignominiosa
3353 1137 3478 1205 ﬁdei

1886 1212 2201 1273 Christiana:
2217 1219 2549 1289 abjuratione
2571 1222 2806 1295 infamis,
2835 1220 3016 1292 potens
3034 1226 3202 1282 classe
3217 1228 3266 1282 vi
3272 1229 3467 1299 risque,

1884 1323 2024 1361 anno
2074 1310 2258 1364 mundi
2300 1311 2461 1380 6412,
2494 1312 2691 1369 Christi
2741 1314 2869 1381 904,
2906 1315 3331 1373 Thessalonicam
3374 1336 3471 1374 suo

1883 1413 2110 1466 accessu,
2141 1417 2206 1457 ac
2240 1402 2439 1472 impetu
2495 1403 2734 1473 disjectis
2784 1408 2948 1462 muris
3000 1409 3389 1478 inﬂammavit,
3422 1421 3472 1468 et

1881 1490 2085 1544 miseris
2118 1492 2293 1547 modis
2323 1495 2606 1566 funestavit
2636 1513 2654 1551 :
2687 1497 2831 1553 vivos
2890 1508 3083 1569 praeter
3134 1517 3328 1570 paucos
3350 1502 3471 1573 {Im-

1880 1582 2138 1650 peratoris
2160 1599 2266 1638 tare
2300 1584 2612 1656 redemptos,
2643 1589 2804 1645 classi
2833 1591 3103 1659 impositos
3133 1593 3366 1663 captivos
3398 1595 3470 1648 ad

1880 1670 2231 1742 Tripolitanos
2276 1692 2432 1746 agros
2468 1679 2720 1743 abduxit;
2744 1680 2885 1735 inter
2904 1698 2993 1736 eos
3023 1698 3137 1737 non-
3166 1696 3468 1754 postremus

1877 1762 1983 1851 fuit
2004 1761 2088 1817 hic
2111 1761 2347 1820 Ioannes
2380 1783 2498 1822 cum
2547 1778 2719 1838 patre,
2753 1780 2807 1825 et
2836 1772 3081 1828 universa
3112 1775 3344 1845 familia,
3377 1779 3485 1845 qui.

1879 1851 2068 1908 alienis
2098 1870 2378 1924 pererrans
2409 1859 2709 1929 regionibus
2745 1863 2816 1916 ad
2831 1860 3141 1934 Gregorium
3178 1864 3483 1937 quemdam.

1876 1945 2086 2000 doctum
2118 1947 2355 2018 equidem
2385 1957 2435 2004 et
2465 1951 2759 2007 studiosum
2774 1953 2970 2021 virum,
2988 1955 3044 2008 id
3087 1956 3318 2024 impense
3345 1972 3467 2025 pos-

1876 2047 2074 2093 centem
2102 2078 2120 2103 ,
2172 2040 2472 2097 universam
2535 2045 2723 2100 excisa:
2787 2047 2976 2115 patriae
3027 2047 3305 2103 historiam
3362 2066 3467 2105 non

1875 2127 2197 2201 ineleganter
2224 2142 2529 2201 prosecutus
2558 2143 2633 2190 est
2659 2151 2678 2190 :
2702 2136 2780 2191 ita
2807 2146 2984 2191 tamen
3013 2139 3192 2192 omnia
3221 2142 3464 2211 exsequi-

1877 2230 1983 2287 tur,
2024 2229 2219 2277 utnon
2257 2225 2501 2293 scribere,
2553 2228 2646 2283 sed
2696 2230 2933 2299 pingere,
2990 2246 3282 2303 ponereque
3341 2241 3467 2287 ante

1873 2312 2051 2368 oculos
2083 2313 2335 2370 rideatur.
2398 2314 2500 2388 Noe
2523 2316 2613 2373 ille
2656 2320 2842 2373 durior
2893 2321 3176 2377 adamante
3227 2332 3323 2389 est,
3376 2330 3468 2393 qui

1874 2416 2087 2464 tantum
2116 2409 2219 2464 sibi
2256 2413 2520 2481 imperare
2556 2415 2768 2483 poterit,
2796 2424 2855 2469 ut
2894 2416 3031 2471 inter
3072 2416 3346 2488 legendum
3378 2418 3464 2472 la-

1872 2516 2079 2570 crgmas
2140 2500 2394 2567 cohibeat,
2444 2519 2537 2558 nec
2571 2503 2680 2559 illis
2722 2494 2987 2572 subiectas
3033 2498 3201 2563 oculis
3248 2509 3471 2563 chartas.

1871 2583 2229 2663 conspergat?
2282 2602 2434 2648 tanta
2511 2605 2589 2650 est
2638 2597 2696 2651 in
2768 2597 3091 2655 lacessendis
3147 2600 3469 2657 Christianis

1868 2683 2236 2737 Barbaborum
2265 2684 2599 2753 immanitas,
2637 2696 2793 2742 tanta
2831 2689 2887 2744 in
2910 2681 3208 2762 ‘amigendo
3238 2690 3465 2756 perden-

1868 2772 2036 2834 doque
2092 2773 2323 2828 humano
2376 2792 2562 2846 genere
2614 2779 2851 2848 efferata
2898 2781 3157 2847 saevities,
3203 2791 3355 2836 tanta
3407 2783 3465 2837 in

1869 2860 2184 2917 amoliendis
2205 2864 2371 2918 sacris
2393 2865 2592 2920 aedibus
2620 2868 2961 2937 perversitas.
3011 2868 3169 2923 Hunc
3199 2870 3466 2926 Joannem

1868 2952 1932 3006 de
1949 2952 2150 3007 excidio
2180 2953 2641 3023 Thessalonicensi,
2687 2967 2737 3013 et
2789 2958 2957 3014 alium
2986 2960 3247 3017 Joannem
3273 2961 3463 3017 Lecto-

1866 3060 1998 3113 rem,
2020 3045 2204 3100 itidem
2228 3045 2737 3104 Thessalonicensem
2772 3052 2837 3106 de
2864 3051 3133 3108 obsidione
3176 3063 3226 3109 et
3258 3055 3464 3111 excidio

186 3130 323 3201 ψεν,
404 3132 617 3198 Ἕδειξε
679 3136 785 3208 γὰρ
841 3139 943 3192 κάν
1013 3139 1091 3212 τῷ
1167 3144 1309 3199 τέλει
1370 3148 1551 3213 ὁποῖος
1619 3152 1769 3224 αὐτῷ

1889 3133 2038 3190 ιιιενο
2077 3135 2523 3193 Thessalonicensi
2541 3140 2636 3194 sub
2683 3138 2737 3194 Μ
2746 3150 2901 3196 urate
2926 3142 3218 3198 Turcarum
3242 3145 3462 3202 Amera»

184 3226 218 3277 ὁ
246 3223 742 3297 διεσπουδασμένος
795 3228 909 3299 βίος
954 3232 1271 3305 ἐτύγχανεν.
1316 3239 1392 3292 Οὐ
1418 3241 1528 3313 γὰρ
1578 3243 1767 3319 ὥσπερ

188 3318 505 3389 τετμῆσθαι
528 3320 693 3375 αὐτὸν
722 3323 773 3376 ol
798 3329 1204 3397 συνεωρακότες
1233 3333 1417 3400 φασὶν,
1437 3335 1557 3389 οὐδὲ
1581 3318 1772 3411 διῃρῆ-

190 3407 352 3464 σθαι·
382 3410 501 3464 ἀλλ’
527 3411 692 3483 ἐῴκει
727 3414 918 3488 ὥσπερ
947 3419 1093 3485 τινὸς
1125 3421 1330 3495 δέσμης
1372 3407 1770 3502 ὲλευθεροᾷέιέ-

191 3519 302 3567 νος,
338 3504 439 3556 καὶ
464 3504 632 3576 ἱλαρῷ
665 3507 801 3579 πρὸς
830 3511 957 3575 τοὺς
982 3513 1218 3581 ἄγοντας
1263 3518 1529 3587 ἀγγέλους
1556 3523 1784 3589 ἀνατειο,

190 3596 421 3664 νόμενος
470 3597 721 3668 νεύματι,
770 3601 863 3655 καί
907 3610 1024 3669 πως
1089 3607 1360 3674 ἐπιδιδοὺς
1416 3613 1605 3668 ἑαυτὸν
1651 3619 1773 3682 ταῖς

191 3684 431 3737 ἐκείνων
462 3688 675 3756 χερσὶν,
721 3689 806 3744 ἵνα
838 3693 989 3763 ταχὺ.
1031 3695 1302 3770 ἀνασταίη
1343 3701 1441 3755 τοῦ
1495 3705 1768 3775 σώματος.

192 3776 305 3829 Καὶ
347 3776 631 3849 ἐτεθνήκει
654 3780 757 3847 μὲν
783 3782 991 3849 οὕτως·
1023 3787 1249 3853 εὐωδίας
1273 3789 1329 3844 δὲ
1358 3792 1559 3849 αὐτίκα
1593 3798 1772 3852 πάντα
1802 3812 1805 3813 ⁷

190 3867 443 3935 ἐγεγόνει
475 3873 707 3939 pectis
742 3873 916 3939 Quam
946 3878 1127 3933 multis
1165 3891 1341 3936 autem
1371 3884 1525 3955 fortis
1555 3888 1655 3942 viri
1681 3905 1773 3943 co-

190 3961 339 4014 ronis
355 3977 460 4016 non
499 3961 651 4038 [M9]
676 3965 838 4036 fuerit
868 3973 1199 4029 coronandus
1244 3976 1329 4029 hic
1363 3978 1445 4031 vir
1480 3978 1774 4035 admirabi-

191 4052 300 4110 lis?
330 4052 454 4109 lmo
480 4073 601 4112 vero
621 4060 807 4131 quibus
832 4079 935 4116 non
985 4073 1060 4118 est
1075 4065 1195 4135 jam
1220 4079 1523 4136 coronatus,
1556 4088 1674 4125 cum
1702 4073 1772 4126 ad

190 4145 368 4201 Deum
389 4149 689 4205 ascenderit
711 4160 760 4206 et
789 4154 930 4223 apud
974 4156 1095 4211 illos
1126 4158 1287 4213 ducat
1317 4168 1518 4225 choros,
1549 4179 1773 4233 quorum

191 4252 369 4291 mores
398 4245 454 4291 et
487 4239 652 4294 vitam
689 4243 1028 4312 conscripsit?
1056 4243 1199 4299 Nam
1231 4247 1310 4301 vel
1328 4249 1384 4302 in
1415 4249 1523 4319 ﬁne
1550 4253 1773 4307 ostendit

187 4330 403 4397 quaRm
429 4324 767 4402 vitam'egerit
795 4349 814 4388 :
840 4351 945 4389 non
970 4337 1109 4391 enim
1131 4354 1250 4394 eum
1280 4341 1441 4394 veluti
1477 4342 1770 4399 abscissum

188 4430 283 4473 aut
310 4421 545 4476 divisum
573 4424 734 4495 fuisse
763 4424 942 4481 dicunt
963 4429 1025 4493 ii,
1052 4431 1143 4500 qui
1168 4430 1429 4497 viderunt,
1455 4434 1545 4488 sed
1564 4434 1773 4491 videba-

191 4621 246 4659 se
265 4608 553 4661 extendere
571 4608 642 4661 ad
668 4607 915 4666 ducentes
958 4611 1203 4684 Angelos,
1245 4631 1346 4685 quo
1378 4618 1527 4671 modo
1552 4620 1781 4688 seipsum

192 4705 434 4753 traderet
468 4698 683 4757 illorum
708 4704 971 4772 manibus,
1002 4714 1059 4761 ut
1084 4708 1189 4761 cito
1209 4709 1489 4779 emigraret
1541 4727 1779 4781 corpore.

190 4789 259 4844 Et
291 4793 371 4844 sic
387 4794 604 4866 quidem
631 4805 707 4850 est
728 4806 999 4865 mortuus;
1022 4799 1200 4855 omnia
1228 4814 1404 4854 autem
1424 4802 1607 4865 statim
1630 4804 1781 4872 copia

191 4885 390 4937 summi
431 4886 619 4941 'odoris
645 4888 969 4957 complevit.)
999 4888 1100 4956 Qui
1133 4892 1421 4946 minutiora
1456 4892 1559 4947 ista
1603 4908 1780 4962 prose—

193 4973 401 5040 quitur,
459 4990 562 5028 non
610 4985 747 5035 tacet
809 4979 1044 5048 majora.
1098 4980 1249 5035 Dices
1288 4998 1353 5035 ex
1416 4983 1780 5037 taciturnitate

195 5076 575 5135 argumentum
616 5067 748 5127 nihil
797 5070 1121 5126 concludere.
1183 5072 1247 5125 At
1297 5071 1536 5143 loquente
1598 5076 1778 5129 eodem

194 5153 555 5226 Hetaphraste
581 5159 639 5213 in
657 5169 814 5214 estate
835 5171 1097 5231 provecta,
1123 5178 1285 5217 uxore
1309 5173 1357 5217 et
1382 5164 1510 5233 filiis
1527 5165 1779 5234 impedie-

194 5247 375 5312 batur,
432 5264 663 5318 quorum
700 5251 1002 5323 εὐημερέαν
1051 5252 1147 5307 καὶ
1200 5252 1505 5324 εὐπορίαν,
1562 5254 1777 5310 felicem

196 5354 519 5396 successum
548 5349 603 5397 et
627 5341 1037 5406 abundantiam,
1062 5344 1201 5399 inter
1223 5344 1332 5399 alia
1354 5347 1595 5414 promisit
1620 5364 1778 5402 senex
1843 5382 1871 5402 .›

197 5432 285 5486 ille
315 5432 516 5489 Parius
551 5450 569 5488 :
600 5451 731 5504 quos
759 5436 917 5489 etiam
945 5435 1023 5489 illi
1064 5438 1364 5505 superstites
1402 5438 1565 5508 fuisse
1595 5438 1774 5493 nullus

195 5524 550 5580 dubitaverit.
599 5524 693 5580 Sic
716 5527 854 5581 enim
903 5528 1039 5581 Deus
1066 5530 1358 5583 amicorum
1389 5546 1605 5583 suorum
1631 5532 1778 5602 facta

200 5623 468 5680 repensat.
507 5612 583 5668 De
626 5629 791 5668 uxore
844 5631 961 5668 cum
999 5618 1293 5685 oppositum
1328 5633 1431 5671 non
1484 5628 1774 5684 asseratur,

201 5705 388 5758 merito
415 5703 548 5773 quid
575 5705 807 5759 dixeris?
852 5705 971 5760 Vide
1009 5708 1218 5761 omnino
1250 5706 1411 5761 Pse.’li
1452 5708 1506 5760 in
1538 5708 1777 5763 eumdem

198 5792 437 5863 Ofﬁcium
466 5796 564 5851 tibi
590 5796 707 5867 jam
737 5814 768 5851 a
796 5813 875 5853 me
909 5800 1296 5864 transmissum_
1329 5800 1388 5855 In
1420 5816 1477 5857 eo
1504 5816 1627 5857 sane
1653 5817 1769 5857 cum

782 6065 817 6082 Ὃ

1872 3235 1921 3282 et
1953 3226 2362 3284 Constantinum
2390 3229 2954 3304 Porphyrogennetam
2987 3235 3051 3289 de
3097 3235 3208 3289 vita
3234 3244 3282 3289 et
3311 3235 3489 3291 rebus.

1872 3319 2028 3389 gestis
2065 3317 2260 3375 Basilii
2275 3321 2578 3377 Macedonis
2605 3338 2725 3376 cum
2751 3324 3025 3383 nonnullis
3053 3325 3176 3380 aliis
3199 3325 3379 3381 (ἔνατα
3408 3338 3461 3382 et

1872 3409 2062 3464 Latine
2120 3410 2187 3481 (si
2224 3410 2364 3465 Deus
2385 3411 2610 3484 dederit)
2639 3411 2866 3469 utilitati
2904 3412 3222 3485 Reipublij
3255 3416 3483 3472 littera-.

1872 3499 1966 3553 rio:
1996 3498 2285 3568 erulgabo.‘

1944 3587 2259 3655 Cinnamus,
2290 3590 2715 3661 nesciaquo‘suo
2767 3591 2903 3661 fato,
2937 3609 2967 3646 a
2989 3592 3306 3662 quibusdam
3331 3593 3461 3650 Sin-

1874 3697 2062 3737 namus
2084 3681 2300 3747 dicitur,
2329 3681 2627 3738 reluctante
2669 3684 3005 3752 apertissime
3052 3685 3305 3740 Vaticano
3336 3686 3457 3742 Co-

1873 3773 2008 3839 dice,
2032 3788 2097 3827 ea:
2111 3788 2213 3843 quo
2241 3773 2480 3841 emempla
2502 3776 2965 3845 cteterajexscripta
2996 3787 3142 3833 sunt.
3172 3776 3460 3852 Cinnamo-

1874 3881 1990 3919 rum
2022 3864 2234 3935 familia
2246 3863 2317 3918 ad
2336 3865 2449 3920 haec
2484 3882 2644 3937 usque
2672 3877 2909 3937 tempora
2932 3885 3036 3923 non
3068 3870 3465 3925 contemnenda

1873 3958 1929 4011 in
1974 3957 2178 4013 Griecia
2204 3957 2532 4027 agnoscitur,
2574 3958 2955 4014 Sinnamorum
2991 3960 3140 4016 nulla
3182 3972 3296 4026 est;
3339 3978 3459 4033 qua

1874 4048 2035 4102 etiam
2078 4048 2123 4102 si
2169 4056 2326 4112 esset,
2372 4063 2491 4103 cum
2539 4047 2639 4102 illa
2695 4048 2844 4119 (150)
2871 4048 3113 4105 Historia
3136 4050 3457 4108 Cinnamum

1852 4143 2123 4213 praeferat
2190 4150 2481 4205 auctorem,
2550 4140 2781 4212 frustral
2815 4128 3027 4210 operam
3084 4142 3311 4210 ludunt,
3366 4147 3457 4215 qui

1876 4237 2031 4290 aliter
2069 4235 2362 4305 proferunt,
2407 4235 2714 4302 posterioris
2760 4238 3101 4306 exscriptoris
3142 4239 3351 4293 incuria
3371 4239 3457 4294 de-

1876 4328 2027 4395 cepti.
2091 4324 2474 4381 Cinnamorum
2520 4327 2712 4385 mentio
2762 4326 2983 4383 habetur
3029 4328 3171 4400 apud
3219 4328 3453 4385 Psellum

1876 4419 2185 4476 Michaelem
2200 4436 2219 4482 ,-

192 4520 296 4577 tur,
324 4512 492 4566 veluti
516 4531 550 4568 a
567 4516 793 4586 quodam
824 4518 1029 4574 vinculo
1051 4520 1324 4587 liberatus,
1352 4534 1401 4578 et
1425 4525 1584 4580 hilari
1625 4528 1771 4583 vultu

1954 4553 2078 4617 Τοῖς
2103 4550 2167 4625 ἐν
2198 4568 2453 4625 πνεουσιᾉω
2477 4554 2572 4607 καὶ
2602 4554 3081 4625 συνουαιωμένοις,

1955 4622 2364 4693 Συγκλητικοῖς,
2399 4623 2623 4693 ἄρχουσι
2644 4624 2743 4692 τῆς
2780 4622 3127 4693 Ἐκὶιλησίας,

1954 4692 2209 4769 βάρδαιςῖ
2242 4693 2568 4769 “parantem
2594 4709 2677 4769 te,
2715 4692 3016 4769 Κιννᾲμοις
3048 4693 3247 4759 πλέην,

1966 4761 2311 4834 Ὀατιαρίοιςξ
2346 4761 2865 4834 Α’Υπομιμνήακουσι
2897 4761 2984 4828 τε,

1944 4831 2200 4904 Κλητοῖζ,
2226 4831 2508 4904 ἀκλήτοις(
2532 4831 2849 4904 γνωρίμοις,
2885 4833 3216 4904 ἀνωνύμοις,

1950 4903 2237 4974 ῐίρώίςθιςἈ
2254 4903 2551 4974 μεγίστοις,
2581 4902 2852 4974 ἐσχάτοις,
2872 4902 3291 4974 κπαρεσχάτοιςιη

1965 4973 2148 5044 Ἐμοτς
2182 4971 2431 5044 ἀδελφοῖς
2451 4971 2770 5044 καὶᾷφξλὸιξ,
2799 4973 2892 5026 καὶ
2914 4971 3254 5044 σύντρὸεροις,

1951 5042 2032 5096 Τὰ
2058 5042 2235 5113 πάντα
2267 5042 2596 5113 μίγδηνᾼτᾳζς
2617 5041 2752 5109 ὁμοῦ
2790 5041 3170 5113 μεμιγμένοιξ.

1944 5112 2019 5164 Οὐ
2047 5112 2156 5179 γὰρ
2190 5109 2425 5180 διαιρεῖν
2454 5109 2711 5180 βούλομαι
2744 5109 2841 5174 τὰς
2865 5109 3039 5176 eam.

1950 5182 2084 5251 Ορδὲ
2114 5179 2323 5251 φθόνον
2345 5179 2681 5251 πρόσκομμα
2707 5182 2951 5249 γίνεσθαι
2975 5182 3134 5238 Θέλω.

1948 5247 2041 5315 Εἷς
2073 5247 2208 5321 εἰμι,
2245 5250 2343 5321 καὶ
2367 5247 2590 5304 δέάτοιδα
2607 5247 2887 5317 ’δεσπότην
2914 5252 3032 5316 ἕνα,

1949 5324 2060 5376 Καὶ
2086 5320 2296 5385 πάντας
2325 5320 2471 5391 ὑμᾶς
2498 5322 3085 5392 ὁμογνωμονήσαντας.

1881 5430 2092 5486 Vivebat
2133 5430 2178 5484 is
2209 5429 2304 5484 sub
2335 5427 2582 5484 Manuale
2614 5429 2899 5498 Comneno,
2960 5433 3223 5503 cujusres
3278 5447 3449 5506 gestas

1878 5524 2117 5579 oculatus
2147 5524 2260 5592 ipse
2297 5523 2454 5577 testis
2476 5522 2726 5592 pluribus.
2743 5522 2895 5579 libris
2928 5522 3166 5596 digessit,
3191 5529 3452 5597 quemad-

1878 5620 2087 5672 modum
2104 5625 2154 5670 et
2181 5616 2404 5672 Joannis
2430 5616 2704 5672 Hanuelis
2756 5622 2948 5689 patris.
2983 5621 3046 5675 In
3074 5623 3249 5676 codice
3272 5631 3451 5678 tamen

1891 5708 2143 5761 Vaticano
2174 5707 2494 5777 principium
2516 5709 2752 5777 septimi,
2771 5726 2865 5767 nec
2893 5710 3063 5778 ultra,
3086 5709 3452 5784 legitur.Quod

1879 5799 2001 5856 inde.
2035 5801 2231 5871 factum
2253 5800 2512 5872 existimo,
2535 5800 2674 5873 quod
2715 5801 2992 5880 ille_codex
3029 5803 3442 5873 exscribebatur,
