3868 6482
247 289 380 393 ’179

1254 334 1352 398 DE
1388 335 1912 400 AUCTORITATE
1953 339 2546 439 METAPHRASTAE.

3426 358 3525 435 180

269 453 413 506 saint
459 428 689 523 Cyrille,
742 449 881 523 qu'il’
933 468 982 550 ει-
1009 452 1101 510 fait
1154 455 1336 550 parler
1396 457 1427 525 ὲ
1479 457 1843 550 sa__fantaisie
1869 458 1919 521 Δ
1947 461 2194 547 donnent
2216 428 2382 540 guére
2405 432 2512 542 que
2538 458 2797 531 caedent
2824 474 3295 549 exempleg,.ponr
3321 428 3522 550 preuve

269 538 499 627 l_‘auteur
538 540 605 597 de
638 550 779 598 cette
822 542 1081 612 histoire,
1118 544 1247 615 qu’il
1286 561 1316 601 a
1345 542 1844 627 ajouté‘beaucoup

267 625 342 683 du
378 627 494 683 sien
523 629 554 683 ὲ
586 638 731 685 cette
764 630 1065 698 narration,
1107 631 1237 702 qu'il
1264 648 1333 688 en
1370 650 1401 689 a
1446 635 1741 692 retranehé’
1781 625 1845 694 ce

267 720 398 791 qu‘il
444 719 517 777 lui
558 735 587 775 a
617 721 706 793 plu
727 732 830 790 ,.et
860 708 991 793 qu'il
1033 737 1062 777 a
1095 724 1272 780 meme
1301 724 1482 783 donné
1513 727 1545 783 ἐι
1582 728 1844 801 quelque:

265 812 667 869 circonstances
699 829 773 869 un
808 822 932 870 tour
965 816 1056 886 qui
1104 816 1247 873 n’est
1278 833 1376 888 pas
1409 827 1527 876 lout
1557 818 1588 874 ὸ
1618 818 1713 875 fait
1747 836 1845 883 na,-

263 903 404 958 turel
429 920 445 970 ;
480 904 609 975 qu’il
634 920 664 959 a
685 906 938 977 rapporté
966 906 1016 962 le
1036 915 1271 981 martyre
1296 909 1364 965 de
1389 925 1451 966 ce
1475 910 1618 966 saint
1635 910 1842 981 enfant,

247 1009 374 1049 'non
409 1010 503 1067 pas
534 1010 747 1051 eamme
785 997 822 1052 il
849 997 978 1055 s‘est
1013 1000 1192 1076 passé,
1238 1003 1376 1067 mais
1400 1018 1612 1071 comme
1643 1005 1682 1060 il
1711 1020 1740 1059 a
1769 1021 1844 1076 pu

265 1099 324 1151 se
355 1101 575 1155 passer;
606 1088 752 1143 entin
789 1090 917 1161 qu’il
947 1107 976 1146 a
1009 1095 1142 1149 orné
1170 1109 1269 1149 son
1305 1095 1542 1165 sujetde
1567 1097 1843 1169 plusieurs

265 1175 670 1236 circonstances
722 1181 815 1251 qui
861 1197 934 1237 ne
962 1192 1086 1239 sont
1114 1186 1431 1256 point‘dans
1462 1203 1560 1244 son
1588 1190 1840 1261 original.

263 1268 337 1329 Ce
363 1268 501 1323 n‘est
523 1285 621 1341 pas
652 1270 709 1329 lit
729 1272 779 1327 la
793 1274 958 1333 .seule
990 1277 1271 1332 narration
1299 1294 1405 1350 que
1435 1279 1505 1336 Μ.
1548 1279 1737 1337 Baillet
1767 1282 1844 1338 ait

262 1357 627 1427 paraphrasée
658 1378 672 1415 ε
702 1361 740 1416 il
786 1364 952 1420 serait
981 1366 1245 1437 aiséjd’en
1286 1386 1540 1443 marquer
1571 1358 1843 1443 plusieurs

262 1456 468 1521 autres,
519 1450 612 1521 qui
658 1468 727 1508 ne
760 1464 885 1511 sont
926 1472 1022 1527 pas
1068 1460 1248 1515 moins
1289 1463 1691 1534 remarquables
1736 1481 1843 1537 que

261 1541 398 1595 celle
423 1541 492 1597 de
532 1544 677 1600 saint
712 1545 937 1618 Cyrille,
971 1557 1026 1605 et
1053 1550 1189 1609 dans
1217 1551 1507 1624 lesquelles
1536 1554 1571 1610 il
1612 1572 1682 1612 ne
1712 1556 1843 1613 s‘cst

216 1656 219 1659 -
261 1645 361 1700 pas
392 1632 574 1696 donné
622 1636 801 1692 moins
833 1636 899 1693 de
927 1639 1140 1703 liberté.
1168 1640 1302 1697 L'on
1342 1643 1429 1709 n’a
1463 1646 1634 1702 choisi
1669 1648 1718 1703 la
1740 1647 1841 1705 Vie

261 1724 329 1779 de
358 1740 420 1779 ce
449 1726 608 1799 saint,
637 1737 793 1784 entre
814 1730 1087 1801 plusieurs
1112 1742 1318 1804 autres,
1340 1751 1446 1807 que
1466 1754 1627 1809 parce
1643 1740 1840 1810 qu’elle

259 1814 344 1892 est
372 1815 480 1872 fort
508 1830 716 1875 courte.

327 1915 412 1972 0n
448 1922 561 1977 vuit
587 1935 686 1991 par
722 1921 770 1975 la
796 1938 903 1992 que
938 1924 1159 2009 l’artde
1185 1914 1551 1999 paraphraser
1572 1932 1715 1989 n’est
1742 1949 1840 2005 pas

260 2009 305 2064 si
337 2012 649 2080 particulier
682 2014 712 2079 a
748 2013 1135 2086 Métaphraste,
1183 2021 1313 2091 qu'il
1349 2022 1484 2077 n'ait
1510 2022 1598 2079 été
1636 2024 1741 2081 mis
1768 2042 1839 2081 en

260 2117 424 2173 usage
462 2120 560 2174 par
599 2100 839 2167 d‘autres
891 2094 1154 2178 auteurs,
1184 2113 1296 2188 qui
1331 2123 1429 2170 ont
1477 2116 1742 2189 prétendu
1780 2132 1839 2175 se

258 2194 562 2267 distinguer
586 2212 681 2268 par
709 2198 828 2264 leur
852 2199 1092 2270 justesse
1120 2212 1175 2261 et
1203 2220 1302 2277 par
1348 2206 1469 2262 leur
1493 2210 1799 2267 exactitude
1819 2253 1835 2278 ,

173 2295 178 2301 '
257 2287 545 2358 quoiqu’ils
608 2288 915 2346 declamem
979 2309 1047 2348 en
1118 2295 1266 2352 mille
1345 2298 1590 2357 endroits
1647 2312 1839 2363 contre

257 2375 338 2431 les
367 2375 527 2433 exces
559 2379 629 2434 de
665 2388 752 2436 cet
797 2381 1032 2459 écrivain
1073 2401 1220 2457 grec,
1269 2388 1406 2465 dont
1432 2406 1501 2445 on
1537 2392 1837 2455 .veutfaire

257 2480 449 2536 passer
476 2467 526 2522 le
556 2468 896 2544 témoignage
924 2488 1138 2537 eomme
1181 2470 1390 2537 n'e’tant
1414 2480 1647 2538 d‘aucun
1678 2484 1834 2555 poids

258 2577 398 2641 pour
422 2564 617 2620 etablir
658 2582 732 2621 un
782 2567 879 2623 fait
921 2570 1258 2645 historique,
1298 2584 1353 2631 et
1393 2577 1526 2634 dont
1566 2579 1745 2637 meme
1787 2582 1834 2638 le

257 2671 384 2711 nom
415 2657 529 2712 doit
553 2648 669 2716 ὑπὸ
711 2662 1011 2735 supprime,
1045 2666 1340 2745 quoiqu’on
1383 2670 1577 2742 proﬁte
1618 2672 1686 2730 de
1735 2690 1836 2730 son

260 2750 472 2809 travail.

230 2870 282 2931 1ο
328 2843 575 2916 Quoique
621 2844 693 2901 Μ.
735 2848 802 2904 de
845 2844 1328 2937 Tillemontfasse,
1365 2870 1504 2925 pour
1531 2857 1669 2919 ainsi
1698 2859 1836 2923 dire,

258 2938 398 3009 deux
429 2950 606 2999 sortes
632 2941 961 3005 d’additions
990 2961 1095 3000 aux
1140 2947 1396 3027 liistoires
1430 2948 1721 3025 originales
1743 2953 1839 3007 des

257 3032 451 3099 saints,
482 3047 553 3089 on
600 3049 671 3089 ne
701 3036 842 3089 croit
883 3052 980 3105 pas
1017 3038 1342 3096 néanmoins
1389 3040 1617 3111 qu’elles
1660 3043 1841 3100 soieut
1888 3072 1906 3089 ι

1947 554 2045 612 des
2073 556 2362 619 intidélités
2388 563 2457 625 de
2484 574 2572 622 cet
2591 573 2784 624 auteur
2815 582 2983 640 grec..

1945 714 2138 811 M352
2165 717 2230 777 άε
2256 704 2397 811 φάει
2431 720 2749 811 divinitus
2771 681 3179 811 ,νηανειινῖίηε
3223 728 3351 811 ξενέε
3393 728 3521 811 stu."

2018 791 2307 871 manuscrit
2340 791 2506 871 dexio
2545 791 2891 871 bibliothecae
2930 791 3001 851 du
3030 791 3173 871 rei,’
3196 808 3244 871 et
3284 801 3521 869 conferée

1944 865 1949 873 '
2002 874 2140 937 quae
2167 859 2309 937 cells
2338 862 2429 931 qui
2456 879 2511 937 _a
2534 865 2642 937 eis.
2662 859 2862 937 ἀφιηᾶ
2907 883 3007 934 par
3039 859 3422 937 Métapltraste.
3452 899 3523 910 --

2002 922 2402 1010 “Lesadditions
2431 933 2495 1010 de
2524 933 2874 1010 yétaphraste
2900 922 2998 1008 que
3024 937 3131 993 l’on
3150 922 3242 1010 y'a
3274 922 3518 1007 inserees,

2014 1008 2134 1052 sont
2159 1015 2222 1055 en
2245 1002 2514 1057 caractére
2538 1002 2783 1076 (talique.

2016 1101 2082 1193 in
2116 1138 2213 1196 illo
2256 1127 2491 1213 tempore
2525 1152 2645 1205 erat
2680 1145 2898 1217 quidem
2932 1147 3214 1220 presbyter
3240 1149 3298 1203 in
3324 1166 3521 1221 magna

1943 1227 2223 1289 Antiochia
2264 1231 2457 1304 Syriis,
2506 1238 2731 1293 noine
2779 1234 3082 1309 Sapricius.
3156 1241 3289 1297 Erat
3336 1252 3518 1299 autem

1945 1321 2168 1392 quidam
2200 1340 2419 1396 quoque
2444 1326 2605 1395 alius,
2636 1329 2730 1399 qui
2758 1330 3137 1400 appellabatur
3166 1332 3390 1403 quidem
3424 1332 3521 1388 Ni-

1875 1432 1881 1437 ν
1944 1415 2236 1485 cepborus,
2254 1424 2374 1498 erat
2399 1434 2531 1475 vero
2560 1421 2749 1489 ordine
2774 1421 2969 1489 laicus,
2999 1433 3058 1479 et
3086 1424 3379 1511 admodum
3401 1440 3522 1496 ger-

1944 1519 2139 1563 manus
2164 1508 2375 1565 amicus
2399 1508 2649 1581 ejusdem
2676 1512 2980 1586 presbyteri
3005 1531 3020 1601 ς
3055 1529 3228 1586 seque
3253 1508 3415 1570 ambo
3443 1516 3523 1572 sic
3568 1565 3581 1579 .

1943 1607 2135 1660 mutuo
2192 1601 2510 1673 diligebant,
2561 1604 3109 1662 ut‘esistimarentur
3156 1621 3280 1670 esse
3323 1605 3523 1663 fratres

1940 1690 2209 1761 germani,
2241 1694 2356 1749 nati
2378 1708 2445 1751 ex
2470 1709 2580 1769 uno
2611 1703 2808 1763 utero;
2845 1696 2981 1755 adeo
3002 1704 3064 1752 ut
3084 1707 3233 1754 esset
3246 1697 3521 1769 sacellens

1868 1805 1913 1862 Β
1943 1797 2096 1839 amor
2124 1798 2313 1841 eorum
2354 1793 2599 1849 mutuus.
2667 1787 2806 1844 Cum
2854 1789 3017 1860 longo
3054 1797 3238 1845 autem
3271 1797 3521 1859 tempore

1941 1875 2213 1933 vixissent
2238 1876 2294 1931 in
2325 1876 2429 1934 hac
2456 1877 2769 1943 affectione.
2798 1882 2942 1937 bono
2961 1889 3017 1937 et
3037 1880 3267 1939 honesto
3287 1880 3521 1937 infestus

1941 1976 1997 2025 et
2048 1967 2508 2026 sceleratissimus
2560 1969 2788 2027 humani
2829 1956 3047 2043 generis
3089 1970 3384 2045 inimicus,
3437 1970 3521 2025 eis

1941 2059 2211 2126 invidens,
2241 2060 2405 2117 talem
2437 2062 2580 2119 inter
2608 2078 2703 2120 eos
2730 2064 2943 2136 peperit
2967 2063 3367 2125 dissensionem
3389 2104 3406 2129 .
3459 2070 3521 2121 ut

1941 2167 2045 2213 nec
2072 2152 2128 2207 in
2150 2152 2326 2223 platea
2349 2154 2572 2225 quidem
2595 2156 2796 2212 vellent
2822 2157 2925 2213 sibi
2947 2155 3519 2225 invicem'oceurrere,

1943 2259 2009 2300 ex
2046 2243 2352 2302 daemonico
2392 2245 2520 2311 odio
2566 2248 2711 2318 quod
2756 2248 2901 2312 inter
2927 2263 2988 2306 se
3034 2248 3273 2311 invicem
3317 2262 3519 2304 conce-

1941 2346 2154 2406 perant.

2010 2467 2148 2525 Cum
2181 2470 2312 2527 satis
2332 2486 2463 2527 vero
2493 2471 2654 2544 longo
2678 2483 2922 2544 tempore
2953 2473 3027 2530 ita
3053 2474 3285 2533 fuissent
3307 2467 3512 2542 affecti,

1940 2561 2007 2616 ad
2037 2576 2097 2617 se
2138 2562 2357 2618 rediens
2371 2561 2733 2633 Nicephorus,
2765 2571 2819 2618 et
2836 2579 3173 2636 cognoscens
3189 2566 3371 2621 odium
3393 2568 3517 2623 esse

1940 2653 2264 2709 diabolicum
2295 2697 2310 2722 ,
2363 2655 2570 2727 rogavit
2598 2655 2802 2710 amicos
2826 2656 3111 2725 quosdam,
3155 2666 3217 2713 ut
3261 2658 3402 2714 irent
3447 2660 3516 2714 ad

1939 2744 2324 2814 presbyterum
2361 2743 2688 2815 Sapricium,
2720 2754 2776 2801 et
2802 2755 3058 2818 rogarent
3081 2763 3206 2804 eum
3232 2763 3331 2818 pro
3358 2747 3519 2804 Nice-
3582 2738 3585 2739 ⁷

1940 2828 2137 2903 pboro,
2177 2842 2243 2889 ut
2265 2834 2313 2890 ei
2349 2836 2564 2907 culpam
2596 2838 2949 2907 condonaret,
2978 2850 3171 2896 etcum
3191 2842 3514 2911 paenitentia

1942 2924 2166 2981 ductum
2193 2926 2463 2998 acciperet
2489 2939 2701 2997 propter
2732 2928 3031 2985 Dominum.
3077 2930 3170 2987 llle
3200 2940 3380 2988 autem
3410 2949 3515 2988 no-

1942 3017 2044 3073 luit
2071 3018 2121 3074 ei
2144 3018 2475 3073 condonare.
2506 3018 2553 3075 ls
2579 3035 2712 3076 vero
2733 3036 2922 3076 rursus
2956 3022 3101 3077 misit
3127 3022 3261 3092 alios
3284 3025 3515 3093 amicos,

257 3133 447 3182 conm,
479 3126 842 3185 lvexacmude.
867 3128 1059 3199 Quand
1091 3131 1127 3187 η
1166 3140 1355 3188 trouve
1381 3109 1512 3190 κοτε
1534 3135 1601 3198 de
1626 3151 1725 3191 son
1747 3153 1839 3191 δυ,
1866 3138 1911 3202 c
1944 3117 2004 3177 ut
2038 3110 2099 3166 ei
2152 3110 2612 3202 reconciliaretur.
2672 3109 2964 3184 Presbyter
3012 3122 3194 3169 autem
3235 3115 3516 3192 Sapricius

253 3215 337 3287 jet
361 3217 595 3293 quelque
616 3220 784 3299 chose
817 3219 911 3299 qui
948 3231 1079 3295 peut
1132 3224 1336 3279 releves
1381 3240 1453 3281 ou
1493 3226 1740 3285 éclairch'
1780 3230 1831 3286 la

256 3306 482 3371 matiere
505 3307 632 3383 qu'il
659 3296 849 3387 traite,
880 3310 1044 3377 alors,
1078 3311 1135 3383 si
1177 3313 1408 3390 l’auteur
1446 3325 1530 3371 est
1563 3317 1723 3390 digne
1764 3319 1833 3374 de

255 3396 352 3459 foi,
386 3397 424 3461 il
475 3412 546 3453 ne
588 3397 686 3454 fait
731 3415 826 3479 pas
872 3400 1131 3458 difliculté
1177 3401 1445 3459 d’insérer
1487 3420 1549 3461 ce
1584 3408 1712 3477 qu’il
1755 3408 1830 3463 lui

256 3497 545 3558 cmprunte
591 3476 741 3545 dans'
782 3476 840 3546 sa
888 3494 1190 3563 narration,
1239 3494 1479 3566 quoique
1530 3497 1827 3574 originale,

245 3574 392 3633 ’mais
420 3593 552 3634 avec
569 3589 710 3635 cette
736 3582 1079 3652 précaution,
1104 3585 1234 3655 qu‘il
1254 3586 1529 3658 distingue
1553 3588 1740 3644 d'avec
1776 3590 1828 3647 le

256 3677 400 3725 texte
429 3668 657 3743 original
686 3688 747 3727 ce
774 3675 865 3743 qui
894 3675 971 3729 lui
990 3686 1078 3745 est
1109 3675 1383 3749 étranger,
1416 3687 1472 3734 et
1506 3679 1640 3750 qu’il
1670 3681 1774 3737 cite
1797 3682 1828 3738 it

254 3762 304 3817 la
335 3779 519 3834 marge
551 3765 601 3820 le
622 3781 749 3821 nom
781 3767 848 3822 de
877 3766 1106 3823 l’auteur
1129 3770 1256 3840 qu‘il
1280 3771 1379 3833 [ait
1402 3772 1597 3842 parler.
1627 3774 1669 3828 ll
1691 3774 1829 3831 n’est

253 3871 353 3926 pas
375 3871 496 3912 rare
523 3873 628 3928 que
653 3874 714 3914 ee
739 3852 897 3916 docte
937 3862 1166 3932 critique
1196 3863 1377 3932 ajoute
1411 3867 1555 3921 aussi
1595 3867 1829 3938 quelque

252 3947 425 4004 chose
470 3948 542 4003 du
594 3949 713 4005 sien
765 3951 902 4007 dans
953 3953 1033 4008 les
1079 3952 1334 4010 bistoires
1378 3955 1507 4025 qu’il
1554 3967 1823 4014 raconte:

159 4042 175 4070 ἰ
251 4037 390 4095 mais
424 4054 635 4096 eamme
682 4042 719 4096 il
767 4042 1038 4098 renferme
1081 4044 1195 4099 cela
1240 4053 1398 4101 entre
1445 4045 1584 4102 deux
1624 4064 1825 4119 paren-

167 4128 172 4134 ’
217 4132 456 4203 ,ιιιὲερι
490 4133 543 4190 le
590 4133 797 4189 lecteur
824 4135 932 4191 voit
977 4136 1102 4205 bien
1141 4153 1248 4208 que
1277 4153 1367 4194 ces
1397 4148 1574 4196 sortes
1619 4140 1826 4197 d’addi-

252 4225 398 4279 tions
422 4240 492 4279 ne
523 4223 643 4280 font
665 4240 759 4295 pas
790 4226 964 4296 partie
996 4227 1069 4282 du
1103 4242 1263 4299 corps
1286 4229 1354 4285 de
1380 4230 1429 4284 la
1456 4229 1609 4301 piece
1642 4247 1656 4285 :
1683 4230 1825 4286 ainsl

216 4324 221 4329 '
251 4316 371 4372 cela
401 4332 473 4371 ne
500 4326 632 4387 peut
661 4332 851 4391 passer
866 4333 1005 4389 pour
1029 4336 1138 4375 une
1158 4318 1420 4377 véritable
1444 4320 1748 4377 alteration.

320 4409 358 4463 11
384 4426 417 4482 y
445 4424 485 4463 a
506 4424 577 4464 eu
623 4410 887 4467 d’habiles
940 4412 1202 4483 critiques
1227 4412 1320 4484 qui
1353 4422 1451 4468 ont
1488 4429 1587 4469 cru
1633 4429 1738 4484 que
1773 4414 1820 4469 la

1943 3215 2047 3255 nec
2088 3215 2184 3257 eos
2215 3201 2433 3272 quidem
2467 3209 2722 3274 rogantes
2764 3202 2950 3257 audire
2979 3204 3254 3261 sustinuit.
3301 3205 3515 3262 Rursus

1942 3306 2071 3362 ergo
2096 3290 2436 3361 Nieephorus
2465 3292 2671 3365 rogavit
2700 3293 2837 3348 alios
2883 3294 3145 3365 quosdam
3188 3296 3414 3366 amicos,
3457 3309 3515 3354 et

1940 3381 2087 3435 misit
2120 3381 2187 3435 ad
2214 3381 2412 3452 ipsum,
2446 3388 2507 3437 ut
2539 3382 2589 3437 ei
2616 3380 2933 3453 dignaretur
2958 3385 3043 3440 sui
3069 3385 3250 3441 delicti
3292 3389 3511 3444 veniam

1939 3467 2243 3525 concedere
2283 3487 2297 3524 :
2356 3478 2416 3525 ut
2458 3472 2813 3527 convenienter
2859 3474 3035 3528 divino
3083 3473 3288 3546 eloquio
3324 3477 3380 3532 in
3415 3461 3513 3535 ore

1937 3560 2171 3616 duorum
2198 3561 2286 3617 vel
2311 3561 2476 3617 trium
2508 3562 2725 3617 testium
2751 3573 2920 3620 staret
2943 3580 3105 3621 omne
3132 3568 3379 3623 verbum.
3415 3568 3513 3625 ille

1936 3662 2119 3708 autem
2160 3668 2284 3709 cum
2333 3662 2480 3709 esset
2522 3653 2661 3709 duro
2689 3655 2888 3722 corde,
2946 3666 3003 3712 et
3041 3658 3419 3729 implacabilis,
3455 3673 3513 3717 et

1935 3746 2136 3802 oblitus
2166 3753 2311 3803 esset
2333 3746 2545 3803 Domini
2583 3748 2756 3822 nostri
2787 3749 2912 3805 Jesu
2943 3750 3166 3814 Christi,
3216 3751 3311 3823 qui
3338 3753 3507 3809 dicit:

1942 3856 1961 3891 ι
1988 3838 2289 3905 Remittite,
2305 3846 2360 3893 et
2372 3830 2680 3894 remittetur
2693 3839 2868 3905 vobis,
2895 3858 2914 3892 ι
2939 3849 2987 3895 et
3008 3857 3193 3897 rursus
3213 3843 3510 3914 :Sioﬁ'eras

1935 3932 2128 3984 donum
2178 3917 2325 3983 tuum
2373 3930 2445 3983 ad
2486 3928 2678 3995 altare,
2725 3940 2773 3986 et
2811 3934 3113 3989 recordatus
3154 3938 3317 4006 fueris
3370 3941 3513 4007 quod

1934 4022 2092 4077 habes
2138 4021 2341 4092 aliquid
2369 4021 2623 4076 adversus
2649 4025 2871 4096 fratrem
2905 4035 3074 4089 tuum,
3095 4029 3303 4083 dimitte
3331 4030 3408 4098 id,
3458 4042 3509 4085 et

1932 4116 2130 4169 uadens
2152 4102 2490 4168 reconciliare
2504 4115 2661 4185 fratri
2685 4126 2773 4170 tuo
2797 4126 2885 4182 ;et
2902 4134 3120 4174 rursus:
3146 4139 3164 4172 ι
3192 4120 3306 4176 Nisi
3338 4126 3508 4178 remi-

1933 4207 2112 4262 seritis
2128 4205 2440 4261 hominibus
2455 4205 2649 4261 delicta
2671 4222 2882 4273 eorum,
2902 4225 3009 4266 nec
3025 4209 3186 4268 Pater
3201 4222 3381 4270 vester
3400 4231 3508 4272 cm-

1931 4298 2085 4353 lestis
2114 4297 2355 4353 remittet
2390 4297 2544 4353 vobis
2577 4299 2771 4355 delicta
2799 4294 3007 4371 vestra;
3038 4322 3057 4356 ›
3086 4305 3342 4362 omnibus
3380 4324 3505 4363 eum

1932 4389 2250 4462 rogantibus
2276 4401 2332 4446 et
2356 4391 2706 4462 petentibus,
2733 4409 2844 4448 non
2883 4396 3214 4455 condonavit
3252 4400 3412 4469 fratri
3455 4412 3507 4455 et

248 4502 471 4574 pulpam
516 4502 614 4559 des
656 4503 929 4560 additions
970 4505 1040 4561 de
1088 4482 1456 4577 Métabhmsm
1504 4482 1707 4562 émiei“
1755 4507 1823 4563 de
1929 4483 2101 4577 antica
2123 4500 2237 4537 suo.
2308 4482 2434 4539 Non
2483 4486 2624 4539 enim
2659 4487 2879 4540 habebat
2924 4489 2978 4542 in
3011 4506 3067 4544 se
3107 4490 3427 4546 citaritatem
3454 4504 3504 4547 et

246 4601 391 4649 cette
420 4602 616 4650 nature
643 4580 754 4666 (l0)
793 4613 808 4650 :
839 4604 896 4651 et
921 4594 1006 4651 s'il
1046 4597 1190 4652 avait
1220 4596 1332 4667 pris
1365 4596 1446 4653 les
1475 4598 1822 4669 précautions

246 4685 315 4742 de
352 4685 423 4741 Μ.
472 4687 541 4742 de
590 4685 919 4753 'l-‘illemout,
951 4688 1008 4759 je
1054 4704 1125 4744 ne
1163 4689 1273 4744 suis
1308 4689 1353 4745 si
1398 4689 1508 4745 l‘on
1556 4705 1615 4745 se
1655 4691 1824 4746 serait

245 4776 590 4836 réeriéaussi
617 4779 927 4836 hardiment
948 4779 1112 4851 qu’on
1146 4781 1213 4835 l'a
1250 4780 1347 4836 fait
1379 4790 1569 4837 contre
1599 4798 1686 4839 ses
1728 4799 1823 4853 pa—

246 4871 554 4942 raphrases.
597 4872 636 4926 ll
664 4884 749 4928 est
790 4872 995 4928 certain
1022 4874 1188 4943 qu‘on
1223 4882 1413 4929 trouve
1444 4873 1583 4929 dans
1616 4889 1679 4930 ce
1718 4864 1823 4932 Le.

142 4977 149 4985 '
243 4961 508 5034 gendaire
540 4963 637 5019 des
678 4964 952 5021 additibns
986 4981 1059 5020 'en
1109 4964 1277 5034 graud
1311 4964 1574 5024 nombre:
1610 4980 1821 5024 comme

242 5055 583 5128 cellesqu'on
613 5072 850 5130 suppose
872 5056 1002 5127 qu’il
1019 5071 1049 5110 a
1067 5053 1224 5110 faites
1242 5045 1378 5110 dans
1398 5056 1447 5110 la
1472 5055 1567 5110 Vie
1595 5058 1661 5112 de
1679 5059 1823 5116 saint

204 5147 580 5219 'Nicépliore,
616 5158 672 5205 et
712 5150 850 5206 dans
883 5147 1153 5203 l'bistoire
1184 5146 1252 5201 de
1292 5146 1343 5201 la
1391 5148 1709 5205 translation
1746 5151 1820 5207 du

240 5241 373 5297 chet'
393 5241 463 5298 de
495 5238 1113 5308 saintJean-Baptiste,
1154 5236 1246 5306 qui
1284 5251 1355 5291 ne
1394 5247 1519 5293 sont
1558 5254 1656 5309 pas
1698 5242 1818 5311 plus

240 5333 646 5391 considérables
686 5347 794 5404 que
840 5329 1274 5402 quelques-unes
1305 5327 1399 5396 qui
1439 5344 1500 5384 se
1565 5339 1816 5389 trouveut

204 5425 373 5482 dans
405 5424 478 5480 Μ.
501 5425 571 5481 de
608 5422 904 5479 Tillemont
937 5435 951 5473 :
982 5433 1077 5474 car
1118 5433 1220 5473 nos
1264 5418 1525 5490 critiques
1568 5436 1638 5476 ne
1677 5438 1821 5480 nous

306 5602 446 5695 (10)
516 5622 807 5686 Pauculis,
842 5622 943 5695 Δ(ιιι
998 5621 1344 5695 attentionem
1404 5624 1783 5695 conciliandam
1805 5669 1818 5691 ,

239 5692 476 5764 aptiusue
532 5692 913 5764 conectendas
968 5692 1248 5764 periodos,
1306 5693 1629 5764 interfectis,
1664 5697 1813 5753 .Boll.

240 5761 373 5821 tum.
407 5763 679 5829 lJanuar,
712 5761 929 5819 Praefat.
959 5777 1015 5832 p.
1055 5762 1141 5829 18,
1170 5763 1274 5818 col.
1306 5779 1343 5817 ι.

1928 4576 2347 4632 misericordiam
2374 4593 2395 4631 :
2434 4578 2774 4647 quamobrem
2794 4596 2922 4650 Jure
2946 4582 3047 4653 fuit
3073 4584 3319 4652 privatus
3346 4601 3508 4656 regno

1925 4668 2192 4726 calorum.

1997 4782 2057 4838 In
2080 4783 2270 4854 primis
2299 4793 2484 4840 autem
2509 4801 2630 4856 plus
2652 4793 2709 4840 et
2755 4785 2930 4843 ﬁdelis
2960 4786 3321 4859 Nicephorus,
3375 4806 3503 4846 cum

1925 4873 2065 4931 vidit
2087 4874 2391 4946 Saprieium
2419 4876 2731 4946 despexisse
2771 4893 3090 4949 communes
3133 4881 3361 4946 amicos,
3407 4885 3504 4954 qui

1928 4983 2027 5039 pro
2067 4983 2135 5023 eo
2166 4976 2412 5037 petentes
2452 4969 2667 5025 veniam
2694 4985 2803 5025 non
2834 4982 3185 5042 acceperunt,
3231 4975 3346 5045 ipse
3377 4991 3503 5030 cur-

1927 5075 2055 5115 rens
2099 5060 2166 5115 ad
2211 5060 2357 5116 aedes
2385 5045 2636 5133 Sapricii,
2691 5077 2751 5118 se
2794 5064 3010 5135 projicit
3035 5065 3105 5121 ad
3146 5067 3313 5137 pedes
3355 5069 3497 5140 ejus,

1925 5150 2115 5206 dicens
2134 5169 2147 5205 :
2166 5150 2427 5207 Condona
2451 5151 2605 5216 mihi,
2628 5152 2808 5221 Pater,
2828 5164 3051 5226 propter
3073 5156 3383 5215 Dominum.
3406 5162 3502 5217 llle

1927 5257 2058 5298 vero
2079 5243 2255 5298 noluit
2283 5244 2332 5299 ei
2365 5243 2700 5300 reconciliari
2731 5253 2790 5301 ut
2811 5247 3011 5316 amico,
3034 5257 3091 5304 et
3112 5251 3347 5306 maxime
3374 5268 3501 5307 cum
3603 5320 3611 5327 _

1927 5342 2247 5402 rogaretur:
2296 5342 2345 5389 et
2390 5336 2620 5390 maxime
2667 5352 2789 5391 cum
2837 5336 3081 5407 deberet,
3131 5340 3341 5398 etiamsi
3387 5359 3503 5401 non

1925 5422 2116 5480 fuisset
2151 5432 2388 5496 rogatus,
2438 5442 2473 5480 a
2498 5427 2670 5497 prima
2701 5428 3052 5485 excusatione
3077 5447 3203 5487 eum
3230 5435 3499 5506 accipere,

1996 5625 2108 5696 (11)
2144 5627 2300 5696 Apud
2354 5626 2596 5683 Bolland.
2641 5639 2768 5686 tom.
2808 5634 2850 5688 11
2878 5632 3141 5695 Februar.
3177 5640 3265 5696 die
3303 5640 3355 5697 9.
3391 5639 3497 5696 lla-

1924 5698 2084 5752 betur
2117 5697 2283 5751 etiam
2303 5700 2446 5767 apud
2482 5697 2819 5773 RttymAcla
2848 5707 3048 5765 sclecta
3079 5708 3253 5768 Gneo.
3282 5722 3339 5768 et
3372 5711 3491 5769 Lat.

1922 5785 2043 5841 pag.
2076 5766 2203 5836 2M,
2242 5777 2347 5825 etc.
