3868 6462
290 348 396 415 181

1286 347 1385 409 DE
1424 344 1965 424 AUCTORlTATE
2006 346 2625 410 METAPHRASTIE.

3470 338 3576 403 18?.

292 478 357 525 ut
378 466 733 527 Christianus
769 474 827 523 et
849 462 1154 536 presbyter,
1201 472 1260 518 et
1301 462 1393 533 qui
1439 460 1724 533 professus
1767 465 1885 514 erat
1913 461 1962 516 Α
2060 461 2277 518 Etcum
2312 462 2556 520 venisset
2586 462 2654 519 ad
2670 462 2867 528 locum
2888 461 2942 516 in
2960 464 3075 530 quo
3105 457 3579 515 erat'interimen-

291 559 499 632 servire
532 552 669 614 Deo.

357 652 499 708 Cum
529 652 649 707 haec
669 659 855 707 autem
879 649 959 706 sic
978 648 1195 715 tierent,
1216 653 1443 717 repente
1466 641 1683 699 exsistit
1698 656 1886 714 perse-

293 745 442 802 cutio
488 754 546 801 et
584 761 782 816 magna
833 742 1059 801 afﬂictio
1094 739 1490 797 inAntiocbia
1539 738 1765 794 civitate
1793 722 1886 791 ubi

244 838 457 892 -ambo
509 836 866 901 habitabant,
916 843 972 893 et
1022 831 1449 907 apprehenditur
1497 828 1777 901 Sapricius
1834 836 1889 882 ut

292 928 649 993 Christianus,
670 937 725 983 et
757 926 989 987 traditur
1011 924 1231 997 prasidi
1250 943 1267 979 ι
1289 932 1346 981 et
1366 924 1519 983 stetit
1540 931 1670 979 ante
1687 922 1887 992 ipsum,

293 1029 350 1077 et
362 1022 497 1077 dixit
526 1022 578 1078 ei
597 1038 834 1093 praeses:
863 1020 1018 1087 Quod
1051 1028 1354 1076 estnomen
1377 1016 1572 1081 tuum?
1601 1016 1889 1077 llleautem

291 1113 474 1170 dixit:
530 1104 709 1169 Vocor
751 1112 1056 1189 sapricius.
1114 1111 1263 1168 Dixit
1302 1126 1543 1181 praises:
1587 1108 1890 1180 Cujusnatn

291 1223 356 1263 es
415 1207 642 1277 generis
682 1207 706 1261 ’ἔ
778 1207 927 1264 Dixit
971 1205 1292 1279 Sapricius:
1352 1205 1485 1260 Sum
1521 1202 1889 1261 Christianus.

292 1298 510 1357 Prreses
533 1299 716 1359 dixit:
747 1298 818 1357 Es
849 1298 1128 1357 clericus?
1160 1298 1306 1354 Dixit
1332 1295 1653 1368 Sapricius’:
1686 1296 1892 1359 Locum

294 1401 463 1449 teneo
496 1393 851 1466 presbyteri.
908 1391 1050 1451 Dicit
1074 1406 1284 1464 praeses
1315 1409 1331 1447 :
1368 1391 1601 1463 Augusti
1641 1388 1814 1447 nostri
1839 1398 1895 1446 et

293 1486 507 1545 domini
539 1487 707 1557 hujus
746 1472 989 1559 regionis
1016 1493 1071 1543 et
1094 1485 1286 1540 finium
1308 1485 1706 1551 Romanorum,
1736 1481 1896 1540 Vale-

299 1580 495 1634 rianus
541 1587 598 1635 et
628 1568 816 1647 Gallus
840 1564 1209 1651 {Gallienus},
1238 1568 1543 1647 jusserunt
1589 1584 1670 1642 ut,
1711 1575 1804 1647 q’ui
1832 1589 1896 1633 se

297 1670 495 1729 dicunt
523 1686 652 1729 esse
670 1670 1038 1737 Christianos,
1085 1655 1399 1727 sacrificent
1437 1669 1541 1725 diis
1566 1669 1894 1726 immortali-

297 1762 426 1819 bus.
469 1764 528 1819 Si
557 1764 684 1835 quis
728 1778 856 1820 vero
885 1763 1216 1834 despiciens,
1253 1762 1465 1834 respuit
1498 1762 1603 1817 hoc
1632 1762 1892 1830 edictum,

302 1857 443 1914 sciat
469 1872 530 1914 se
561 1856 796 1914 diversis
822 1856 1110 1913 tormentis
1135 1841 1192 1910 et
1218 1856 1503 1928 suppliciis
1524 1856 1893 1927 plectendum,

298 1958 358 2004 et
391 1948 474 2005 sic
498 1943 821 2021 gravissima
864 1957 1042 2005 morte
1076 1964 1199 2005 esse
1241 1949 1766 2015 condemnandum.
1797 1948 1897 2013 Sag-

299 2040 515 2111 pricius
546 2047 731 2097 autem
763 2048 971 2106 astans,
1000 2040 1139 2097 dixit
1163 2039 1420 2111 praesidi:
1447 2038 1560 2096 Nos
1576 2039 1897 2104 Christiani,

300 2149 334 2189 ο
367 2147 584 2202 praeses,
605 2132 887 2191 Christum
912 2132 1084 2188 Deum
1116 2131 1383 2188 habemus
1403 2147 1587 2205 regem
1603 2149 1620 2199 ;
1638 2133 1899 2203 quoniam

282 2224 423 2295 .ipse
451 2234 540 2281 est
575 2207 727 2281 scius
762 2240 926 2281 verus
953 2225 1119 2290 Deus,
1145 2234 1203 2281 et
1225 2224 1456 2282 Creator
1483 2226 1608 2283 coeli
1636 2234 1693 2280 et
1716 2235 1897 2293 terra,

301 2322 364 2383 et
393 2317 587 2383 maris,
617 2326 673 2373 et
702 2318 949 2375 omnium
977 2332 1100 2389 qua:
1125 2324 1255 2372 sunt
1285 2316 1342 2372 in
1371 2317 1474 2389 eis.
1524 2316 1730 2371 Omnes
1774 2331 1902 2373 vero

301 2408 381 2466 dii
423 2411 700 2482 gentium,
723 2409 990 2467 daemonia
1013 2396 1034 2478 ⁵;
1070 2420 1126 2466 et
1152 2417 1383 2480 pereant
1408 2425 1440 2465 a
1464 2409 1605 2465 facie
1633 2408 1904 2466 universa:

205 2496 213 2503 ’
308 2511 497 2570 terrae,
535 2505 631 2575 qui
662 2521 773 2561 non
799 2516 1031 2576 possunt
1062 2506 1225 2562 alicui
1257 2520 1418 2576 opem
1459 2502 1627 2571 ferre,
1672 2514 1768 2561 aut
1798 2506 1903 2561 ali-

306 2612 472 2668 quem
493 2598 698 2659 lasdere
717 2599 1122 2670 autimp‘edire,
1143 2614 1268 2655 cum
1300 2599 1413 2655 sint
1445 2616 1608 2671 opera
1644 2616 1902 2667 manuum

306 2695 623 2752 hominum.

383 2787 546 2846 Tune
607 2789 780 2847 iratus
833 2803 1060 2860 praeses,
1101 2786 1267 2857 jussit
1305 2802 1432 2843 eum
1466 2787 1658 2858 projici
1694 2788 1753 2843 in
1810 2804 1905 2845 co—

305 2882 764 2958 cbleam,jubens
788 2898 912 2940 eum
931 2883 1286 2939 vehementer
1306 2882 1534 2938 versari.
1555 2881 1690 2939 Cum
1707 2883 1753 2941 is
1776 2898 1905 2956 ergo

309 2955 450 3031 adeo
478 2976 681 3032 acerbe
710 2983 768 3030 et
793 2974 1094 3031 inhumane
1128 2980 1497 3044 torqueretur,
1558 2955 1905 3045 dixitSaprir
1952 2955 1960 3023 Ῐ

305 3065 433 3124 cius
459 3066 684 3138 praesidi
708 3085 723 3122 :
747 3065 943 3123 Carnis
963 3081 1100 3122 meae
1121 3065 1290 3121 babes
1311 3072 1636 3135 potestatem
1664 3082 1677 3131 ;
1707 3067 1906 3123 animae

1979 554 2097 610 .dus
2125 552 2427 625 Sapricius,
2448 569 2652 611 rursus
2676 554 2729 610 ei
2759 553 2898 609 dixit
2920 551 3300 622 ‘Nicephorus:
3340 549 3485 621 Rogo
3509 560 3577 614 te,

1991 656 2199 724 martyr
2229 646 2447 712 Christi,
2466 648 2674 718 ignosce
2703 646 2833 701 mihi
2855 644 3046 717 siquid
3076 644 3287 715 peccaui
3310 653 3364 696 ut
3392 643 3581 697 homo:

1990 739 2259 810 scriptum
2287 747 2372 797 est
2402 741 2581 796 enim:
2607 758 2625 792 ι
2657 739 2929 805 P‘etitc,et
2956 737 3181 794 dabitur
3216 736 3389 791 vobis.
3418 755 3437 787 ι
3471 733 3582 791 Sed

1990 848 2069 889 eo
2096 833 2215 891 haac
2240 832 2484 905 dicente,
2517 842 2573 889 et
2599 849 2722 909 quae
2750 844 2881 889 sunt
2910 832 2993 887 bis
3020 831 3242 898 similia,
3278 845 3393 886 non
3422 830 3581 884 audi-

1988 927 2073 985 vit
2100 943 2282 987 servus
2312 936 2368 984 et
2394 926 2570 985 durus
2604 928 2852 983 amicus:
2898 942 3004 984 nec
3049 925 3223 982 llesus
3261 934 3347 981 est
3370 923 3583 980 sodalis

1990 1018 2355 1093 aper-rimus,
2385 1036 2482 1083 nec
2515 1020 2617 1089 fuit
2648 1020 2906 1085 mollitus,
2946 1026 3084 1074 totus
3108 1017 3429 1090 inﬂexibilis.
3463 1017 3584 1071 Non

1992 1113 2127 1171 enirn
2176 1112 2382 1171 audivit
2413 1112 2549 1168 illud
2586 1132 2602 1167 ε
2666 1111 2864 1183 Diliges
2901 1111 3182 1169 Dominum
3218 1111 3388 1166 Deam
3437 1120 3586 1167 mum

1993 1223 2059 1262 ea:
2086 1215 2193 1263 toto
2225 1207 2381 1266 corde
2407 1214 2497 1263 tuo
2518 1245 2534 1273 ,
2584 1214 2632 1261 et
2650 1206 2962 1275 proximum
2993 1210 3143 1259 tuum
3171 1205 3304 1260 sicut
3337 1205 3582 1273 teipsum.

1993 1296 2098 1361 Sed
2120 1296 2321 1357 clausit
2353 1310 2516 1370 aures
2544 1298 2719 1355 cordis
2752 1299 2836 1353 sui
2862 1307 2912 1353 et
2928 1297 3186 1368 corporis,
3211 1307 3268 1353 ut
3293 1298 3442 1368 aspis
3461 1312 3587 1353 sur-

1992 1391 2064 1447 da
2089 1400 2153 1469 et
2185 1391 2401 1454 clauda.
2432 1407 2557 1462 qua:
2596 1391 3021 1455 nonexaudivit
3059 1405 3251 1450 vocem
3298 1391 3589 1449 incantan-

1999 1482 2156 1539 tium.
2211 1481 2509 1553 Propterea
2539 1485 2629 1554 qui
2657 1496 2938 1555 personam
2965 1501 3073 1539 non
3098 1484 3310 1555 respicit
3342 1493 3393 1539 et
3422 1497 3587 1540 veras

1997 1583 2081 1639 est
2098 1570 2385 1642 Dominus,
2400 1576 2644 1647 quldixit
2666 1594 2678 1631 :
2702 1576 2759 1633 Si
2774 1592 2895 1633 non
2921 1577 3244 1637 remiseritis
3268 1576 3590 1633 hominibus

1997 1668 2194 1726 delicta
2229 1683 2445 1735 eorum,
2503 1686 2669 1742 neque
2719 1670 2885 1726 Pater
2908 1681 3078 1728 vester
3102 1670 3328 1735 catastis
3358 1671 3592 1726 remittet

2001 1760 2360 1817 vobisdeticta
2384 1769 2656 1831 oestraﬂt
2676 1777 2695 1816 :
2729 1762 2793 1817 In
2822 1768 2927 1834 qua
2953 1778 3201 1819 mensura
3220 1765 3451 1819 meti—eris
3475 1766 3589 1837 {rat-

2004 1852 2074 1906 tri
2109 1861 2218 1919 tuo,
2252 1853 2309 1907 in
2334 1871 2395 1911 ea
2424 1854 2731 1920 remetietur
2760 1855 2876 1908 tibi.

2077 1944 2345 2022 Dominus
2382 1961 2509 2001 cum
2542 1947 2768 2002 vidisset
2797 1962 2922 2003 eum
2973 1947 3121 2001 nulla
3160 1946 3308 2018 tangi
3354 1948 3590 2017 proximi

2005 2037 2403 2103 misericordia,
2430 2039 2555 2109 jure
2580 2054 2713 2094 eum
2742 2039 2980 2110 privavit
3000 2053 3171 2112 regno
3202 2053 3304 2095 suo
3333 2039 3547 2095 ctelesti
3574 2057 3589 2093 :

2003 2131 2117 2189 imo
2150 2147 2282 2189 vero
2304 2172 2320 2197 ,
2378 2130 2471 2187 ille
2500 2131 2746 2202 seipsum
2780 2132 3045 2187 alienavit
3083 2147 3116 2186 a
3158 2133 3339 2203 gratia
3383 2132 3593 2189 caelesti

2004 2232 2065 2280 et
2107 2224 2178 2281 ab
2221 2224 2445 2281 aeternis
2473 2224 2568 2281 Dei
2594 2224 2776 2292 bouis,
2813 2236 3037 2296 propter
3085 2225 3305 2296 injuriae
3344 2240 3376 2281 a
3427 2225 3594 2282 fratre

2004 2326 2244 2388 accepta:
2270 2318 2705 2375 recordationem
2730 2336 2745 2373 :
2777 2326 2831 2373 et
2858 2317 3091 2375 maxime
3119 2316 3264 2390 quod
3290 2319 3345 2373 in
3376 2328 3594 2390 germa-

2008 2419 2140 2464 num
2166 2417 2223 2464 et
2245 2418 2484 2466 veterem
2514 2409 2751 2466 amicum
2785 2409 2982 2466 fuisset
3006 2411 3194 2468 animo
3236 2411 3468 2477 crudeli,
3494 2412 3595 2466 im-

2006 2502 2156 2559 mani
2211 2511 2267 2561 et
2303 2502 2765 2560 irreconciliabili.
2822 2502 2979 2560 Tune
3014 2504 3205 2560 dicunt
3230 2504 3452 2560 lictores
3492 2500 3596 2559 Sa-

2008 2596 2184 2667 pricio
2212 2615 2227 2651 :
2268 2594 2456 2653 Flecte
2481 2612 2659 2668 genua
2691 2605 2808 2663 tua,
2846 2606 2907 2653 ut
2932 2607 3104 2669 caput
3131 2597 3229 2654 tibi
3257 2604 3593 2669 amputetur.
3666 2620 3673 2627 '

2007 2689 2153 2749 Dicit
2177 2698 2361 2749 autem
2399 2689 2479 2747 eis
2501 2689 2824 2760 Saprlcius;
2866 2688 3091 2755 Quare?
3129 2690 3330 2745 Dicunt
3359 2689 3409 2744 ei
3437 2689 3597 2744 licto-

2008 2798 2097 2840 res
2121 2801 2137 2837 :
2183 2782 2455 2850 Quoniam
2477 2782 2705 2839 noluisti
2737 2782 2843 2838 diis
2861 2782 3194 2845 sacriﬁcare,
3228 2780 3322 2838 sed
3347 2792 3596 2841 comem-

2008 2874 2166 2946 psisti
2207 2874 2446 2930 edictuin
2476 2873 2861 2944 imperatoris,
2903 2874 3455 2944 propter‘hominem
3504 2874 3597 2946 qui

2008 2966 2209 3023 dicitur
2228 2964 2500 3023 Christus.
2541 2964 2669 3022 Hzec
2695 2978 2818 3020 cum
2842 2964 3275 3029 audisset-miser
3292 2965 3596 3035 Sapricius,

2009 3059 2295 3130 respondit
2320 3058 2606 3118 lictoribus
2647 3059 2784 3114 hanc
2815 3060 3067 3114 miseram
3091 3069 3142 3113 et
3163 3060 3370 3113 tristem
3400 3070 3595 3125 vocent,

310 3167 501 3216 autem
552 3176 690 3216 metu
739 3168 1065 3230 potestatem
1104 3173 1216 3214 non
1256 3152 1449 3225 habes,
1504 3157 1601 3214 sed
1646 3157 1909 3215 Dominus
1937 3174 1982 3237 ρ
2016 3152 2242 3208 dicens:
2268 3152 2449 3208 Nolite
2474 3167 2562 3207 me
2594 3150 2793 3217 ferire;
2827 3150 2968 3207 facio
3001 3151 3146 3206 enim
3170 3162 3294 3221 quae
3318 3151 3599 3221 jusserunt

308 3251 476 3309 Iesus
511 3252 788 3319 Christus,
832 3252 927 3320 qui
955 3267 1075 3308 eam
1103 3251 1328 3309 creavit.
1372 3249 1562 3323 Longo
1604 3265 1734 3307 vero
1763 3260 1903 3307 tem,

312 3362 452 3418 pore
496 3355 698 3413 tortus,
746 3345 1008 3402 sustinuit
1041 3354 1335 3401 tormenta.
1382 3345 1520 3400 Cum
1546 3344 1773 3400 vidisset
1804 3359 1906 3401 au-

314 3446 429 3493 tem
465 3438 739 3506 improbus
765 3447 814 3493 et
855 3437 1154 3493 malitiosas
1185 3435 1364 3493 Judex
1390 3454 1516 3493 eum
1545 3453 1653 3493 non
1685 3434 1908 3508 persuaé

317 3533 459 3598 deri,
501 3532 630 3587 tulit
654 3530 713 3587 in
745 3546 872 3587 eum
918 3531 1271 3594 sententiam,
1317 3532 1544 3589 dicens:
1597 3530 1904 3603 Sapricinru

316 3626 728 3696 presbyterum,
777 3625 869 3695 qui
919 3625 1096 3681 edicta
1134 3616 1440 3682 contemnit
1490 3625 1903 3696 imperatorum,

314 3720 512 3773 etnon
551 3712 779 3783 paruit,
808 3727 915 3771 nec
959 3713 1065 3769 diis
1103 3714 1504 3776 immortalibus
1543 3716 1714 3772 voluit
1741 3720 1908 3774 sacri.

231 3799 240 3806 ’
318 3802 509 3870 ﬁeare,
542 3815 602 3863 ut
634 3804 785 3876 quia
811 3820 909 3877 spe
930 3796 1365 3863 Christianorum
1406 3824 1517 3864 non
1545 3809 1731 3867 tulerit
1758 3809 1908 3867 excic

319 3896 451 3952 dere
475 3940 491 3964 ,
519 3896 783 3967 juhemus
815 3897 954 3953 tradi
982 3898 1257 3969 supplicio
1280 3899 1495 3970 capitis.
1563 3931 1579 3948 ο

389 3987 530 4044 Cum
580 4005 713 4061 ergo
754 3990 870 4061 ipse
914 3999 1063 4047 esset
1090 4006 1364 4062 egressus,
1408 4004 1633 4065 accepta
1660 3996 1907 4068 martyrii

323 4082 622 4149 sententia,
658 4091 715 4138 et
741 4080 1026 4138 festinaret
1055 4083 1124 4138 ad
1154 4083 1433 4140 caelestem
1467 4102 1724 4143 coronam
1751 4127 1767 4152 ,
1804 4086 1915 4143 au-7

323 4175 556 4247 divissct
603 4184 786 4231 autem
837 4185 1064 4233 sanctus
1102 4178 1468 4250 Nicephorus,
1511 4161 1741 4237 currens
1780 4197 1910 4252 pro-

323 4269 495 4324 cessit
516 4267 566 4324 ei
584 4268 824 4336 obviam,
843 4277 901 4325 et
929 4285 986 4325 se
1006 4271 1224 4344 projicit
1248 4260 1317 4327 ad
1334 4272 1503 4342 pedes
1523 4272 1663 4344 ejus,
1684 4272 1908 4330 dicens:

322 4358 535 4432 Martyr
552 4360 780 4427 Christi,
806 4362 1028 4433 ignosce
1059 4364 1191 4418 mihi
1215 4364 1473 4436 quoniam
1504 4362 1724 4437 peccavi
1752 4367 1805 4421 in
1833 4376 1907 4423 te.

324 4453 617 4529 Illeautem
636 4452 775 4510 nihil
792 4455 841 4511 ei
861 4456 1141 4527 respondit
1193 4475 1207 4514 :
1237 4467 1557 4514 excaecatum
1577 4461 1719 4514 enim
1737 4462 1915 4531 fuerat

2015 3242 2398 3312 imperatores,
2447 3251 2504 3299 et
2535 3241 2642 3299 diis
2671 3241 2941 3298 sacriﬁco.
2997 3242 3090 3299 Sic
3137 3258 3264 3298 eum
3307 3244 3600 3299 excwcavit

2017 3334 2226 3400 odium,
2254 3344 2313 3393 et
2341 3335 2411 3391 ab
2440 3349 2507 3391 eo
2527 3334 2756 3391 abduxit
2786 3333 2880 3389 Dei
2903 3335 3154 3412 gratiam.
3196 3335 3300 3401 Qui
3328 3336 3477 3391 enim
3502 3336 3601 3404 per

2013 3425 2283 3495 ejusmodi
2315 3432 2593 3481 tormenta
2622 3436 2732 3481 non
2774 3426 2993 3495 negavit
3018 3423 3307 3479 Dominum
3348 3435 3598 3481 nostrum

2014 3514 2204 3571 Jesum
2228 3515 2546 3581 .Chrislum,
2580 3531 2703 3571 cum
2733 3514 2980 3572 venisset
3004 3516 3071 3571 ad
3100 3515 3261 3570 ﬁnem
3293 3516 3504 3582 mortis,
3546 3526 3601 3571 et

2014 3619 2163 3664 esset
2210 3619 2560 3678 aceepturus-
2582 3608 2869 3677 praemium
2913 3617 2968 3664 et
3010 3624 3271 3665 coronam
3321 3610 3507 3681 gloriae
3551 3618 3599 3663 et

2012 3695 2153 3773 spei,
2172 3702 2391 3773 negavit
2416 3702 2579 3757 vitam
2604 3711 2882 3769 aeternam,
2916 3710 2972 3758 et
2992 3702 3097 3759 fuit
3129 3712 3398 3775 apostata.

2086 3794 2216 3853 Haec
2248 3810 2371 3851 cum
2411 3794 2657 3858 audisset
2705 3804 2932 3852 sanctus
2960 3794 3305 3868 Nicephorus
3327 3839 3341 3863 ,
3388 3795 3602 3865 rogavit

2019 3887 2351 3959 Sapricium,
2398 3903 2515 3943 cum
2562 3887 2835 3959 tacrymis,
2870 3878 3291 3956 dicensaNoli,
3332 3899 3366 3944 o
3405 3887 3597 3957 frater,

2016 3981 2125 4036 noli
2162 3980 2467 4051 transgredi
2503 3987 2558 4035 et
2599 3994 2801 4052 negare
2824 3979 3113 4035 Dominum
3142 3988 3388 4035 nostrum
3413 3980 3599 4035 Jesum

2013 4075 2317 4131 Christum.
2368 4074 2486 4131 Noli
2521 4075 2763 4142 omnino,
2797 4089 2930 4147 rogo
2961 4083 3033 4155 te,
3070 4075 3138 4130 ab
3168 4090 3233 4130 eo
3260 4074 3515 4138 deﬁcere,
3548 4086 3603 4130 et

2016 4170 2246 4241 perdere
2291 4155 2569 4239 cmlestem
2610 4183 2909 4231 coronam,
2960 4166 3122 4240 quam
3154 4186 3252 4240 per
3300 4170 3470 4224 multa
3507 4185 3601 4223 ac-

2014 4261 2228 4333 quisisti
2259 4269 2534 4319 tormenta
2561 4271 2618 4317 et
2655 4250 3004 4320 alliiCtiones.
3064 4261 3156 4317 Ille
3197 4270 3383 4317 autem
3427 4261 3603 4315 noluit

2017 4370 2142 4411 eum
2175 4354 2401 4410 omnino
2431 4350 2644 4418 audit‘c,
2679 4354 2775 4409 sed
2805 4354 3088 4410 contendit
3114 4351 3268 4408 abire
3308 4352 3377 4407 ad
3411 4350 3603 4406 interi-

2019 4455 2139 4507 tum“
2162 4455 2210 4502 et
2234 4447 2475 4502 tenebras
2506 4446 2717 4502 ultima:
2745 4446 2961 4512 mortis,
2990 4454 3039 4500 et
3065 4446 3136 4499 ad
3161 4446 3356 4516 ignem,
3385 4444 3473 4512 qui
3500 4459 3603 4497 non

326 4563 415 4601 cor
442 4547 563 4618 ejus
595 4564 629 4601 a
661 4547 803 4605 malo
828 4548 1093 4604 dremone.
1141 4548 1381 4606 Sanctus
1408 4535 1747 4621 Nicephorus
1776 4568 1907 4608 eum
1939 4540 1995 4605 Β
2022 4552 2189 4615 potest
2222 4543 2507 4614 exstingui.
2537 4540 2643 4609 Qui
2663 4542 2807 4597 tanti
2822 4541 2979 4615 pretii
3006 4541 3230 4621 gloriam
3251 4539 3304 4592 in
3325 4547 3602 4592 momento

250 4666 255 4671 ο
326 4656 519 4697 rursus
538 4641 799 4712 praevenit
820 4641 1099 4716 peraliam
1118 4641 1362 4708 viam,-et
1383 4642 1433 4697 ei
1465 4643 1704 4699 occurrit
1727 4646 1912 4715 prius-
1940 4659 1951 4668 '

325 4749 490 4804 quam
542 4733 662 4803 ipse
705 4734 1110 4805 egredereture
1147 4735 1387 4802 civitate,
1432 4745 1488 4792 ct
1529 4737 1738 4807 regavit
1785 4753 1912 4793 eum

326 4826 548 4883 dicens:
573 4824 776 4898 Martyr
792 4825 1015 4891 Christi,
1034 4828 1284 4886 condona
1304 4828 1524 4885 mihiea
1548 4844 1669 4900 quae
1690 4829 1915 4900 peccavi

328 4918 383 4973 in
423 4930 476 4974 te
508 4927 570 4973 ut
595 4918 782 4977 homo.
840 4917 979 4974 Ecce
1019 4919 1185 4986 enim,
1231 4914 1359 4977 data
1394 4930 1479 4978 est
1515 4921 1613 4979 tibi
1655 4937 1854 4981 corona
1881 4939 1913 4980 a

328 5009 569 5072 Christo,
589 5025 752 5080 quem
787 5026 898 5065 non
921 5011 1149 5083 negasti,
1180 5013 1277 5069 sed
1300 5014 1588 5070 confessus
1615 5030 1676 5071 cs
1707 5032 1908 5073 nomen

330 5099 449 5170 ejus
497 5109 751 5156 sanctum
800 5116 983 5157 coram
1029 5104 1218 5160 multis
1254 5107 1514 5176 testibus.
1582 5106 1676 5164 llle
1726 5117 1910 5164 autem

330 5192 494 5247 durus
516 5202 564 5247 et
583 5192 967 5261 implacabilis,
1012 5195 1145 5253 odio
1170 5211 1266 5253 cor
1293 5179 1505 5255 habens
1548 5207 1905 5266 excaecatum,

331 5293 510 5356 neque
544 5284 597 5341 ei
627 5278 779 5341 dedit
827 5287 1039 5343 veniam
1065 5330 1081 5356 ,
1134 5306 1315 5361 neque
1358 5291 1410 5347 ei
1460 5292 1687 5348 verbum
1739 5275 1916 5350 voluit

332 5376 705 5447 respondere;
757 5377 894 5433 adeo
941 5385 1003 5433 ut
1047 5380 1149 5450 ipsi
1180 5380 1398 5438 lictores
1440 5383 1703 5443 dicerent.
1728 5394 1919 5442 sancto

331 5464 689 5539 Nicrphoro:
736 5469 867 5524 Tam
891 5471 1118 5526 stultum
1156 5473 1433 5531 hominem
1467 5492 1747 5547 nunquam
1776 5478 1919 5534 vidi-

332 5575 475 5616 mus.
523 5559 682 5616 Vadit
706 5561 774 5618 ad
800 5564 1124 5635 supplicium
1148 5567 1361 5638 capitis,
1388 5577 1446 5624 et
1472 5570 1747 5641 quomodo
1778 5571 1917 5641 petis

333 5652 555 5708 veniam
602 5652 784 5718 abeo,
832 5654 925 5726 qui
967 5656 1079 5726 jam
1111 5667 1196 5712 est
1243 5660 1586 5717 moriturus?
1649 5661 1788 5719 Dicit
1835 5664 1917 5723 eis

336 5752 560 5801 sanctus
603 5744 979 5820 Nicephorus:
1028 5746 1263 5805 Nescitis
1292 5746 1436 5823 quid
1484 5763 1663 5825 petam
1712 5771 1739 5811 a
1781 5771 1916 5811 con-

336 5834 548 5896 fessore
581 5834 784 5913 Christi
811 5857 824 5897 :
854 5840 998 5897 Deus
1025 5850 1206 5899 autem
1236 5843 1359 5901 scit.

2019 4610 2184 4690 unius
2216 4634 2365 4689 hora:
2394 4610 2540 4688 ictus
2569 4631 2729 4703 gladii
2759 4610 3028 4702 perdidit,
3049 4610 3256 4686 Merra
3286 4627 3388 4682 fuit
3413 4627 3600 4691 miser,

2015 4737 2322 4785 excaecatus
2345 4727 2413 4782 ab
2438 4725 2588 4781 odio.

2087 4820 2207 4879 Non
2234 4819 2379 4877 enim
2404 4817 2615 4879 audivit
2633 4815 2925 4885 Dominum
2942 4824 3193 4871 nostrum
3216 4814 3406 4872 Iesum
3439 4812 3602 4868 Chri-

2018 4921 2184 4980 stum,
2224 4913 2505 4971 dicentem
2555 4910 2612 4966 in
2653 4917 2845 4965 saneto
2887 4908 3225 4980 Evangelia:
3262 4927 3279 4960 ‹
3316 4906 3371 4962 Si
3407 4905 3604 4961 aﬂ‘eras

2020 5019 2222 5060 munus
2243 5013 2394 5058 tuum
2422 5002 2489 5056 ad
2506 5001 2699 5063 altare,
2720 5007 2775 5055 ct
2792 4999 3102 5054 recorderis
3125 4998 3267 5069 quod
3292 4997 3460 5052 frater
3480 5006 3603 5051 tuus

2021 5099 2184 5153 habet
2202 5095 2413 5166 aliquid
2451 5094 2716 5151 adversus
2742 5104 2815 5159 te,
2837 5092 3055 5147 dimitte
3079 5107 3278 5145 munus
3298 5100 3450 5145 tuum
3474 5098 3601 5145 ante

2019 5187 2216 5256 altare,
2240 5200 2296 5247 et
2316 5190 2464 5246 .vade
2488 5189 2726 5259 primum
2752 5196 2802 5243 te
2834 5186 3194 5242 reconciliare
3216 5172 3370 5239 fratri
3394 5193 3510 5245 tuo,
3546 5192 3603 5236 et

2024 5298 2156 5343 tunc
2183 5285 2411 5340 veniens
2433 5270 2574 5338 'offer
2597 5296 2796 5336 munus
2831 5289 3006 5334 tuum.
3048 5264 3067 5332 ὦ
3098 5278 3163 5334 Et
3206 5266 3417 5343 rursus,
3444 5276 3601 5330 Petro

2019 5378 2257 5452 principi
2321 5376 2734 5448 apdstolorum,
2786 5389 2911 5456 cum
2945 5379 3206 5443 rogasset
3248 5370 3537 5450 Dominum
3586 5385 3599 5419 :

2025 5492 2045 5526 r
2070 5472 2316 5538 Quoties,
2335 5469 2379 5524 si
2406 5466 2712 5539 peccaverit
2732 5465 2787 5519 in
2824 5480 2909 5520 me
2945 5463 3108 5519 frater
3129 5477 3307 5526 meus,
3337 5461 3603 5516 dimittam

2020 5566 2107 5623 ei?
2129 5564 2344 5634 Septies
2360 5545 2421 5617 '2'.
2446 5557 2747 5630 Respondit
2764 5555 3027 5611 Dominus
3046 5572 3066 5644 ε
3094 5552 3236 5609 «Non
3252 5553 3374 5609 dico
3399 5550 3496 5607 tibi
3510 5566 3607 5615 sc-

2021 5662 2183 5735 pties,
2211 5660 2305 5716 sed
2340 5655 2649 5729 septuagics
2679 5654 2900 5725 septies.
2930 5670 2948 5703 ›
2984 5652 3076 5707 llle
3110 5661 3294 5706 autem
3340 5650 3506 5707 miser
3539 5666 3608 5725 ne

2022 5753 2190 5809 semel
2218 5748 2436 5821 quidem
2476 5745 2649 5804 voluit
2683 5738 2994 5801 condonare
3029 5742 3177 5799 fratri
3204 5758 3325 5808 suo,
3381 5752 3439 5797 et
3487 5757 3603 5807 mag
3702 5780 3705 5789 .

2022 5845 2168 5900 sime
2188 5840 2396 5916 petenti
2421 5839 2636 5900 veniam
2661 5845 2715 5894 et
2746 5835 2979 5908 roganti.
3009 5834 3074 5893 Et
3092 5833 3360 5891 Dominus
3381 5834 3604 5907 quidem
