3868 6466
266 342 369 411 183

1763 340 2033 403 ΡΞΕΙᾸᾸ

3426 339 3527 408 1⁸Κὲ

257 472 447 519 noster
476 471 533 519 et
556 461 703 518 Deus
747 460 918 533 iussit
947 477 1017 518 ex
1060 459 1244 517 animo
1278 460 1593 517 condonare
1628 459 1843 530 unicuij
1870 458 1919 519 Λ
1946 459 2245 528 Christum,
2279 463 2711 534 charit'atemque
2762 467 2819 518 ct
2849 456 3232 533 humilitatem.
3256 457 3528 525 Quoniam

257 571 387 628 que,
423 564 479 611 et
510 554 735 611 dimisso
768 569 996 610 munere
1033 554 1179 625 quod
1210 553 1319 611 Deo
1356 562 1442 610 est
1473 552 1838 618 olferendum,

216 682 219 685 »
256 663 481 704 currere
512 647 583 703 ad
616 648 1153 717 reconciliationem;
1192 647 1285 703 ille
1313 662 1453 704 vero
1492 662 1563 702 ne
1608 646 1840 703 summis

256 741 480 811 quidem
510 740 679 801 labris
706 740 1040 796 condonavit
1068 740 1116 796 ei
1149 756 1315 813 quem
1350 741 1683 813 paenitebat,
1735 755 1841 796 nec

255 834 312 888 in
342 834 584 890 animum
622 834 846 890 induxit
882 844 949 889 ιιι·
986 834 1035 889 ei
1078 836 1291 905 roganti
1328 834 1673 890 remitteret:
1743 834 1837 890 sed

255 926 455 981 clausit
488 925 713 981 viscera
735 942 834 998 sua
863 941 892 981 a
922 926 1089 981 fratre
1119 909 1259 992 suoﬁ
1294 935 1583 1002 propterea
1612 927 1841 983 recessit

253 1018 324 1074 ab
353 1034 421 1074 eo
446 1019 627 1091 gratia
645 1019 815 1075 divini
850 1029 906 1075 et
930 1018 1132 1075 viviﬁci
1160 1018 1435 1090 Spiritus,
1498 1028 1554 1075 et
1602 1019 1841 1091 perdidit

254 1127 531 1182 magnam,
556 1114 861 1180 pretiosam,
888 1121 944 1169 et
966 1113 1259 1184 gloriosam
1285 1128 1547 1169 coronam
1570 1112 1837 1185 martyrii.

253 1204 648 1272 Quamobrem,
679 1221 713 1259 ο
733 1204 937 1273 dilecti,
962 1222 1062 1262 nos
1084 1222 1303 1278 quoque
1331 1207 1621 1279 diligenter
1641 1222 1841 1264 cavea»-

252 1310 381 1351 mus
412 1296 482 1351 ab
510 1297 611 1352 hac
640 1296 922 1354 diabolica
942 1299 1285 1370 operatione,
1321 1301 1453 1366 odii,
1486 1301 1710 1372 inquam
1730 1343 1747 1369 ,
1786 1310 1843 1357 et

255 1388 472 1459 injuriae
498 1398 737 1461 acceptae
770 1392 1188 1461 recordatione;
1248 1402 1309 1449 ut
1347 1403 1664 1449 nostrorum
1702 1409 1841 1465 quo-

254 1497 367 1553 que
412 1492 764 1554 peccatorum
812 1486 973 1541 detur
1020 1488 1179 1543 nobis
1230 1488 1484 1545 remissio
1534 1504 1564 1542 a
1612 1489 1841 1545 Domino

253 1572 389 1629 Jesu
428 1574 670 1641 Christo,
728 1578 1122 1634 convenienter
1170 1578 1221 1634 ei
1264 1580 1409 1651 quod
1457 1580 1695 1637 dicitur.‘
1749 1582 1843 1637 Di-

254 1666 414 1723 mitte
439 1668 598 1724 nobis
629 1669 811 1726 debita
837 1680 1044 1738 nostra,
1063 1673 1200 1726 sicut
1229 1681 1277 1731 et
1301 1689 1394 1728 nos
1416 1673 1731 1730 dimittimus
1746 1676 1838 1731 de-

258 1758 513 1813 bitoribus
541 1762 739 1815 nostris
762 1776 782 1826 ;
806 1760 980 1817 ﬁdelis
1009 1772 1093 1818 est
1121 1764 1267 1818 enim
1300 1764 1391 1835 qui
1424 1766 1696 1835 promisit.

328 1848 528 1906 Beatus
552 1860 735 1907 autem
764 1850 1127 1924 Nicephorus,
1176 1865 1463 1927 postquam
1494 1857 1630 1914 vidit
1666 1866 1841 1914 trans-

255 1956 504 2013 gressum
535 1958 657 1999 esse
686 1944 1015 2017 Sapricium,
1068 1964 1264 2018 magna
1308 1964 1427 2003 uoce
1452 1949 1587 2005 dicit
1628 1950 1840 2005 lictori-

254 2034 359 2090 bus
386 2052 400 2089 :
434 2035 547 2107 Ego
574 2051 695 2091 sum
725 2038 1088 2104 Christianus,
1139 2048 1194 2095 et
1242 2041 1407 2097 credo
1440 2041 1492 2096 in
1520 2056 1721 2097 nomen
1744 2042 1843 2098 Do-

258 2126 398 2182 mini
445 2129 621 2183 nostri
662 2127 795 2185 Jesu
836 2129 1061 2197 Christi,
1113 2147 1274 2202 quem
1323 2133 1427 2189 iste
1472 2134 1711 2206 negavit.
1757 2134 1840 2191 Me

254 2234 384 2293 ergo
434 2221 545 2292 jam
579 2237 679 2292 pro
719 2223 839 2294 ipso
888 2222 1069 2281 ferite.
1129 2225 1373 2282 Lictores
1414 2242 1547 2283 vero
1574 2242 1685 2283 non
1714 2237 1842 2285 sunt

254 2312 374 2369 ausi
405 2328 531 2369 eum
560 2314 726 2371 ferire
750 2316 957 2387 absque
983 2316 1139 2388 jussu
1166 2318 1433 2389 prtesidis.
1491 2318 1669 2373 Mirati
1714 2330 1841 2376 sunt

256 2415 442 2462 autem
482 2422 705 2475 omnes,
756 2410 901 2479 quod
931 2425 989 2465 se
1024 2410 1096 2465 ita
1137 2411 1205 2466 ad
1252 2421 1481 2467 mortem
1534 2410 1836 2469 tradiderit.

259 2496 456 2555 libere
503 2500 651 2556 enim
706 2501 960 2557 dicebat:
1019 2504 1154 2559 Sum
1200 2503 1573 2572 Christianus,
1632 2513 1686 2561 et
1734 2506 1841 2561 diis

159 2624 165 2631 -
258 2593 459 2649 vestris
492 2610 604 2649 non
657 2596 925 2651 sacriﬁco.
997 2597 1159 2653 Unus
1210 2609 1393 2654 autem
1443 2613 1508 2655 ex
1557 2598 1841 2655 lictoribus

246 2698 489 2742 currens
518 2688 863 2744 renuntiavit.
882 2689 1122 2760 praesidi,
1152 2690 1377 2747 dicens:
1411 2690 1692 2763 Sapricius
1718 2694 1841 2763 qui-

257 2775 383 2831 dem
410 2778 701 2849 pollioetur
726 2791 786 2836 se
814 2780 925 2836 diis
954 2781 1387 2839 sacriﬁcaturum
1417 2801 1432 2851 ;
1458 2793 1541 2840 est
1568 2800 1701 2841 vero
1729 2784 1841 2841 illic

254 2867 476 2938 quidam
505 2870 683 2937 alius,
736 2873 831 2943 qui
864 2873 981 2929 vult
1007 2874 1143 2929 mori
1166 2885 1391 2946 propter
1415 2890 1541 2931 eum
1575 2876 1666 2947 qui
1699 2875 1840 2933 dici-
1874 2948 1881 2955 ο

256 2970 346 3016 tur
364 2960 637 3029 Christus,
668 2964 913 3021 clamans
944 2975 1001 3021 et
1033 2966 1224 3023 dicens
1247 2968 1453 3023 libere:
1489 2967 1840 3025 Christianus

256 3068 399 3121 sum,
436 3064 501 3110 et
523 3055 635 3111 diis
661 3058 859 3113 vestris
890 3073 998 3113 non
1034 3059 1304 3125 sacriﬁco,
1348 3075 1449 3116 nec
1496 3061 1695 3117 obedio
1725 3062 1841 3131 edi-

1943 556 2091 611 enim
2128 572 2435 628 propensus
2465 556 2571 613 fuit
2598 556 2668 614 ad
2694 555 3017 612 charitatem
3049 563 3107 610 et
3140 551 3527 617 humilitatem,

1944 648 2068 717 ideo
2099 648 2199 705 fuit
2228 650 2514 706 redimitus
2544 665 2747 707 corona
2772 646 3039 719 martyrii,
3070 655 3128 702 et
3152 646 3406 718 dignatus
3442 653 3532 699 est

1944 742 2135 799 referri
2162 742 2216 799 in
2240 760 2530 800 numerum
2562 754 2885 817 martyrum,
2903 741 2970 797 ad
2992 740 3207 795 laudem
3223 746 3279 793 et
3300 736 3528 808 gloriam

1943 835 2124 907 magni
2168 835 2265 910 Dei
2319 846 2376 893 et
2405 835 2714 893 Servatoris
2747 833 2922 890 nostri
2973 831 3101 888 Jesu
3133 828 3379 886 Christi:
3436 828 3529 884 cui

1941 926 2111 998 gloria
2142 936 2199 983 et
2226 927 2469 999 potentia
2498 942 2649 983 nunc
2701 932 2759 982 et
2806 938 3061 995 semper,
3112 931 3171 978 et
3220 920 3277 976 in
3328 918 3529 975 mula

1942 1019 2286 1075 saeculorum.
2318 1022 2515 1076 Amen.

2014 1112 2168 1171 Voila
2199 1116 2250 1171 la
2279 1113 2378 1172 Vie
2404 1115 2473 1171 de
2512 1114 2659 1171 saint
2689 1111 2997 1183 Nicéphore
3019 1121 3240 1181 martyr,
3283 1122 3415 1163 avoc
3447 1107 3529 1161 les

1942 1207 2217 1265 additions
2245 1209 2314 1265 de
2347 1207 2735 1279 Métaphraste.
2772 1206 2850 1261 Le
2879 1206 3091 1261 lecteur
3132 1215 3336 1273 pourra
3371 1200 3529 1270 iuger

1943 1300 1989 1356 si
2017 1300 2150 1357 elles
2206 1310 2332 1356 sont
2374 1316 2528 1355 assez
2567 1297 2976 1355 considérablcs
3007 1309 3147 1367 pour
3184 1292 3393 1361 obliger
3434 1305 3529 1346 ces

1942 1402 2165 1450 savants
2190 1394 2451 1465 critiques
2480 1393 2511 1449 it
2534 1391 2799 1463 exagérer
2817 1391 2864 1447 si
2897 1390 3006 1445 fort
3034 1389 3116 1445 les
3148 1384 3527 1443 falsiﬁcatious

1942 1487 2012 1544 de
2033 1504 2095 1545 ce
2119 1488 2429 1561 légendaire
2446 1503 2592 1559 grec.
2619 1487 2691 1543 lls
2705 1486 2861 1542 n’ont
2877 1484 3034 1557 point
3070 1480 3265 1538 trouve
3277 1479 3525 1535 d‘exem-—

1943 1584 2032 1655 ple
2070 1565 2211 1656 .plus
2275 1598 2475 1655 propre
2526 1583 2558 1639 ὰ
2619 1583 2700 1638 les
2750 1580 2887 1637 faire
2970 1567 3152 1635 valoir
3228 1589 3336 1645 que
3379 1579 3527 1627 cette

1945 1675 2172 1730 histoire
2200 1676 2267 1731 de
2298 1676 2442 1732 saint
2470 1673 2778 1745 Nicéphore
2803 1689 2819 1739 ;
2880 1670 2918 1726 il
2961 1668 3129 1725 serait
3160 1666 3340 1722 meme
3370 1676 3526 1719 asses

1944 1767 2161 1824 diﬁicile
2189 1766 2312 1823 d’en
2352 1767 2611 1839 produire
2638 1767 2876 1837 quelque
2908 1772 3068 1820 autre
3106 1776 3248 1831 pour
3290 1756 3528 1830 justiﬁer

1944 1860 2090 1917 leurs
2128 1860 2381 1931 plaintes.
2437 1860 2767 1930 Cependant
2805 1860 2842 1914 il
2886 1874 2959 1915 ne
3001 1857 3117 1913 [aut
3144 1869 3251 1926 que
3275 1850 3529 1909 conférer

1943 1952 2022 2007 les
2050 1952 2322 2007 additions
2347 1966 2455 2021 que.
2482 1950 2848 2022 Métaphraste
2889 1964 2921 2003 a
2961 1946 3118 2002 faites
3149 1945 3181 1999 a
3217 1959 3311 1999 ces
3341 1944 3522 2003 Actes,
3610 1975 3618 1981 -

1941 2061 2073 2101 avec
2100 2044 2149 2100 la
2186 2043 2280 2101 Vie
2328 2044 2395 2100 de
2442 2060 2505 2099 ce
2556 2043 2700 2099 saint
2740 2041 2865 2098 telle
2906 2055 3014 2112 que
3044 2039 3114 2094 Μ.
3147 2037 3340 2091 Baillet
3386 2048 3527 2109 nous

1942 2139 2009 2195 l‘a
2033 2139 2270 2204 donnée,
2321 2154 2461 2210 pour
2505 2137 2850 2194 reconnaltre
2896 2148 3009 2204 que
3044 2146 3111 2187 ce
3155 2130 3387 2203 critique
3427 2143 3451 2198 y
3495 2140 3529 2181 a

1940 2232 2127 2305 ajouté
2157 2233 2255 2289 des
2294 2232 2703 2289 circonstances
2736 2229 2829 2301 qui
2859 2242 2930 2283 ne
2977 2242 3035 2281 se
3072 2231 3330 2281 trouvent
3370 2221 3545 2292 point-

1941 2328 2077 2384 dans
2107 2326 2372 2399 l’original
2405 2327 2502 2382 des
2534 2326 2715 2389 Actes,
2748 2320 3011 2394 quoiqu‘il
3040 2319 3185 2374 fasse
3218 2314 3525 2389 profession

1942 2424 2009 2479 de
2031 2422 2081 2478 le
2109 2421 2293 2477 suivre
2318 2438 2333 2485 ;
2361 2428 2415 2479 et
2438 2435 2545 2490 que
2566 2434 2654 2474 ses
2675 2410 2953 2472 additions
2974 2429 3046 2469 ne
3070 2419 3197 2469 sont
3219 2424 3315 2481 pas
3348 2406 3529 2462 moins

1942 2512 2349 2570 considérables
2378 2526 2485 2582 que
2516 2510 2683 2566 celles
2709 2508 2777 2565 de
2803 2506 3171 2577 Métaphraste
3197 2521 3210 2559 :
3244 2515 3373 2557 sans
3399 2514 3529 2585 par-

1943 2606 2022 2661 ler
2056 2604 2124 2660 de
2154 2602 2429 2674 plusieurs
2458 2600 2655 2656 choses
2682 2598 2815 2671 qu‘il
2843 2615 2873 2654 a
2908 2597 3130 2661 omises,
3181 2602 3238 2650 et
3282 2593 3527 2648 d‘autres
3582 2588 3587 2592 ’

1941 2697 2073 2770 qu‘il
2107 2712 2137 2751 a
2170 2695 2322 2751 dtées
2351 2694 2417 2750 de
2457 2694 2577 2749 leur
2622 2706 2823 2764 propre
2872 2690 3002 2745 lieu.
3059 2686 3142 2742 On
3181 2700 3251 2741 ne
3300 2681 3528 2755 pretend

1941 2804 2041 2861 pas
2070 2787 2280 2843 hiemer
2318 2794 2464 2842 cette
2490 2783 2745 2841 conduite
2776 2783 2845 2838 de
2878 2780 2949 2835 Μ.
2982 2780 3173 2835 Baillet
3206 2778 3343 2834 dans
3385 2781 3529 2831 cette

1942 2860 2191 2947 bis‘toire,
2242 2880 2299 2934 ni
2350 2878 2489 2933 dans
2531 2878 2610 2933 les
2650 2885 2836 2931 autres
2881 2874 2953 2929 οὺ
2998 2872 3036 2928 il
3078 2887 3108 2927 a
3142 2869 3243 2926 fait
3268 2869 3319 2924 la
3348 2867 3530 2923 meme

1942 2976 2110 3032 chose
2135 3017 2149 3041 ,
2202 2973 2439 3044 puisque
2463 2972 2598 3027 c'est
2625 2970 2675 3025 la
2704 2968 2961 3025 conduite
2993 2966 3270 3022 ordinaire
3293 2962 3361 3018 de
3385 2975 3523 3016 ceu:
3567 2973 3577 2981 ’

1941 3066 2033 3137 qui
2079 3064 2387 3120 travaillent
2440 3078 2539 3117 sur
2573 3076 2672 3117 ces
2695 3069 2872 3115 sortes
2900 3059 2967 3115 de
3005 3055 3280 3120 matiércs,
3322 3062 3378 3109 et
3420 3068 3528 3123 que

254 3145 360 3201 ctis
390 3146 802 3218 imperatorum.
872 3166 880 3174 '

327 3236 622 3321 Postquam
661 3243 871 3299 audivit
906 3258 1106 3315 praeses
1128 3285 1143 3311 ,
1194 3246 1248 3301 in
1280 3263 1404 3303 eum
1451 3249 1577 3305 tulit
1610 3257 1837 3305 senten-

257 3328 413 3395 tiam,
455 3331 687 3388 dicens:
733 3333 790 3389 Si
822 3351 932 3390 non
973 3335 1245 3392 sacriﬁcat
1286 3338 1391 3393 diis
1420 3338 1836 3407 immortalibus,

257 3432 422 3492 prout
435 3424 719 3495 jusserunt
739 3428 1301 3500 imperatores,jubeo
1323 3446 1448 3485 eum
1471 3431 1607 3485 mori
1630 3432 1837 3503 gladio:
1945 3441 2095 3489 toute
2126 3431 2356 3487 créance
2382 3450 2396 3498 ί
2430 3442 2483 3486 et
2513 3445 2650 3501 pour
2684 3430 2733 3483 le
2762 3426 2896 3482 faire
2924 3440 3119 3498 passer
3146 3438 3285 3495 pour
3315 3436 3388 3474 un
3420 3421 3530 3473 im-

256 3511 863 3585 Sapriciumverosinite
883 3520 1045 3574 abire.
1070 3520 1221 3575 Tunc
1242 3520 1837 3591 accipientessanctum
1942 3522 2173 3599 poste‘ur
2216 3535 2272 3582 et
2313 3542 2388 3581 un
2451 3523 2759 3587 faussaire,
2821 3520 2894 3577 né
2934 3536 3075 3592 ponr
3122 3517 3379 3590 produire
3429 3514 3529 3568 des

257 3603 627 3678 Nicephorum
653 3650 668 3674 ,
719 3626 846 3666 eum
895 3612 1073 3683 capite
1124 3621 1486 3679 truncarunt,
1536 3622 1597 3669 ut
1638 3628 1839 3685 praeses
1944 3630 2238 3687 monstres,
2256 3630 2311 3675 et
2326 3618 2483 3675 outré
2501 3634 2569 3673 au
2590 3617 2792 3672 delade
2814 3630 2994 3684 ceque
3016 3614 3063 3668 la
3094 3610 3267 3669 Grece
3293 3610 3530 3681 paienne

252 3700 513 3770 iusserat,
543 3721 679 3759 nono
710 3705 1249 3771 mensisFebruarii;
1295 3717 1352 3763 et
1379 3708 1459 3763 sic
1485 3724 1837 3764 consumma-
1939 3728 1969 3767 a
2018 3711 2255 3785 imaginé
2284 3713 2351 3767 de
2386 3711 2559 3766 fables
2604 3725 2671 3765 en
2708 3710 2896 3765 faveur
2923 3708 2991 3763 de
3030 3721 3117 3761 ses
3142 3705 3343 3767 dieux;
3380 3700 3531 3773 puis—

257 3802 347 3849 tus
376 3795 479 3851 l'uit
524 3798 581 3851 in
609 3796 815 3854 Christo
856 3811 1078 3857 sanctus
1106 3811 1308 3871 martyr
1334 3800 1537 3857 Christi
1566 3801 1837 3873 Nicepho-
1936 3806 2101 3876 qu‘on
2127 3816 2319 3860 trouve
2348 3819 2548 3859 encore
2577 3800 2922 3869 aujourd‘hui
2961 3800 3057 3855 des
3091 3796 3364 3865 écrivains
3397 3809 3529 3852 res-

260 3904 355 3945 rus
376 3927 393 3956 ,
430 3898 507 3959 et
544 3894 803 3949 ascendit
843 3893 899 3949 in
928 3894 1096 3951 ctelos
1138 3905 1431 3952 coronatus
1459 3912 1560 3967 per
1584 3896 1746 3952 ﬁdem
1782 3897 1836 3951 in
1939 3897 2215 3968 pectahles
2244 3896 2335 3963 qui
2362 3903 2635 3967 prennent
2667 3894 2718 3949 la
2748 3895 2925 3949 meme
2950 3888 3162 3948 liberté.

1867 3166 1914 3230 ο
1944 3153 2024 3209 les
2052 3152 2216 3208 Peres
2259 3150 2468 3205 mémes
2508 3148 2649 3205 l’ont
2676 3144 2980 3219 pratiquée.
3038 3143 3173 3200 Mais
3203 3159 3273 3199 on
3295 3157 3364 3198 en
3400 3148 3532 3212 peut

1942 3245 2201 3303 conclure
2230 3260 2336 3315 que
2360 3252 2504 3299 cette
2544 3240 2737 3297 liberté
2767 3241 2834 3297 de
2862 3239 3227 3310 Métapbraste
3258 3235 3399 3291 n‘est
3432 3248 3527 3304 pas

1946 3339 2225 3396 suﬁisante
2259 3354 2399 3410 pour
2445 3338 2495 3393 lc
2531 3336 2729 3392 rcndre
2760 3332 3089 3405 méprisable
3121 3338 3185 3405 et
3206 3330 3426 3399 indigne
3460 3325 3530 3381 de

283 4064 3477 4106 Μ

859 4147 1180 4359 ⁸Τ()Υ
1254 4244 1840 4361 ΣΟΦΩΤΑ

1945 4246 2168 4363 ὈΥ
2239 4238 2883 4361 ΨΕΛΛΟΥ
2946 4296 2947 4299 γ

1698 4439 2065 4496 ΕΓΚΩΜΙΟΝ

625 4573 801 4662 ΕΙΣ
870 4575 1102 4665 ΤΟΝ
1174 4574 2000 4665 ΜΕΤΑΦΡΑΣΤΗΝ
2055 4574 2475 4663 ΚΥΡΙΟΝ
2550 4570 3121 4664 ΣΥΜΕΩΝΑ.

1052 4764 2109 4972 SAPllENTlSSIMl
2205 4855 2696 4972 PSELLI

1707 5058 2071 5120 ENCOMIUM

576 5186 703 5276 IN
782 5186 1753 5282 METAP‘HBASTEM
1830 5193 2416 5297 DOMINUM
2494 5160 3213 5315 SYMEONEM.

1430 5370 1594 5434 (Apud
1615 5371 1853 5423 Allstiurn
1891 5370 1958 5423 De
1979 5371 2344 5440 Symeonibus.)

319 5590 459 5649 Cum
505 5598 561 5647 et
610 5590 721 5648 vita
766 5600 829 5649 et
862 5591 1081 5652 dicendi
1129 5594 1389 5654 facultate
1432 5615 1691 5671 magnum
1722 5598 1826 5673 Sy-

2011 5600 2117 5653 Τὸν
2165 5598 2341 5669 μέγαν
2401 5597 2460 5651 ἓν
2502 5594 2605 5668 βίῳ
2648 5594 2744 5649 καὶ
2795 5592 2939 5665 λόγῳ
3002 5590 3229 5663 Συμεὼν
3281 5588 3527 5643 ἐπαινεῖν

249 5697 503 5739 meonem
552 5684 776 5741 laudare
822 5688 1129 5756 statuerim,
1180 5691 1339 5760 cujus
1387 5706 1484 5760 per
1513 5691 1827 5748 universum

1945 5688 2324 5761 προελόμενος,
2351 5686 2412 5741 ea
2434 5687 2617 5758 πάσης
2638 5687 2737 5756 τῆς
2766 5682 3092 5756 οἰκουμένης
3120 5680 3385 5753 λαμπρὸν
3427 5678 3524 5734 atat

248 5772 442 5829 orbem
491 5784 650 5831 terra:
700 5784 785 5832 est
826 5793 1050 5844 nomen,
1106 5789 1161 5835 et
1204 5796 1293 5837 res
1319 5788 1485 5855 gesta:
1517 5781 1825 5847 celebrata,

1945 5780 2264 5852 περιϐόητον
2295 5778 2388 5834 καὶ
2410 5778 2579 5849 ὄνομα
2611 5777 2705 5833 καὶ
2747 5775 3051 5847 εὐτύχημα,
3106 5774 3207 5828 οὐκ
3242 5769 3358 5827 οἴδα
3409 5770 3522 5824 τίσι

251 5865 435 5925 nescio
464 5867 799 5940 quibusnam
823 5871 1006 5931 verbis
1035 5882 1157 5931 utar
1196 5874 1251 5932 in
1288 5890 1355 5933 eo
1400 5876 1690 5944 laudando,
1743 5876 1827 5934 vel

1945 5873 2072 5929 ποτὲ
2102 5874 2280 5943 λόγοις
2316 5872 2440 5944 περὶ
2468 5871 2627 5926 αὐτοῦ
2664 5870 2961 5941 χρήσομαι,
2997 5868 3028 5940 ἢ
3070 5868 3125 5922 τι
3154 5865 3259 5923 τῶν
3302 5863 3523 5919 πάντων
