3868 6470
192 365 297 431 189

1276 361 1683 423 ENCOMIUM
1723 357 2320 421 METAPHRAST/E.

3350 357 3450 422 19-0

190 462 680 554 ὲπετραγῴδησαν.
737 480 878 535 Ἀλλ’
911 471 1118 543 ἐκεῖνος
1146 478 1244 550 ούχ
1261 475 1456 540 οὕτως,
1481 473 1677 528 πολλοῦ
1704 483 1770 541 γε

1903 467 2246 534 itis,novam
2265 469 2556 540 quamdam
2599 483 2819 529 scenam
2884 468 3140 541 tragicam
3181 469 3236 524 in
3281 472 3448 526 vitam

192 573 286 628 καλ⁵
311 574 416 627 δείο
446 574 584 628 ἀλλά
617 574 752 644 μήτε
781 574 881 645 τὴν
908 571 1114 641 ἐσθῆτα
1153 568 1512 642 μεταλλάξας,
1545 567 1692 638 μήτε
1719 582 1773 618 τι

191 665 284 719 τοῦ
321 663 776 735 μεγαλοπρεποῦς
799 652 1128 732 καθυφεὶς(
1170 661 1309 732 μήτε
1367 660 1428 713 τὸ
1464 659 1619 727 γένος
1655 658 1776 712 ἀτι-

200 755 384 824 μάσας
409 757 532 818 ταῖς
563 752 954 823 καινοτομίαις,
995 753 1130 823 μήτε
1171 751 1406 816 πλάσας,
1438 749 1472 818 ἢ
1505 747 1780 819 μεταπλά-

199 863 297 910 σας
339 846 630 909 ὑποθέσεις
658 843 961 907 πολιτικὰς,
993 845 1132 912 μήτε
1161 840 1439 912 τηνάλλως
1490 855 1778 906 σοφιστευ-

198 939 456 1008 σάμενος,
504 939 573 1007 τῇ
623 935 721 1007 μὲν
744 935 851 989 ἀπὸ
875 934 1076 988 τούτων
1099 934 1287 1002 γένους
1324 932 1626 1002 φιλοτιμίᾳ,
1675 919 1779 1003 ὕλῃ

361 1025 423 1078 τὸ
481 1005 570 1079 εῦη
605 1005 778 1078 ποιεῖν
821 1023 1276 1094 πολυαρκεστάτη
1345 1024 1633 1094 ἐχρήσατο,
1679 1020 1777 1092 τὴν

200 1116 254 1168 δὲ
277 1114 388 1167 ἀπὸ
408 1113 520 1168 τῶν
564 1113 903 1185 μαθημάτων
935 1112 1138 1183 ἀρετὴν
1171 1113 1426 1183 ἀφορμὴν
1466 1110 1628 1174 εὐθὺς
1656 1110 1778 1182 ἔσχε

207 1206 684 1278 μεγαλοπρεπείας
721 1222 779 1259 τε
803 1206 896 1259 καὶ
919 1205 1322 1276 λαμπρότητος.
1366 1202 1652 1256 Βασιλεῦσι
1672 1201 1780 1271 γὰρ

205 1301 505 1371 ἐπέραστος
529 1298 788 1368 γεγονὼς,
813 1299 880 1350 τά
904 1296 1205 1366 τιμιώτατα
1229 1295 1334 1350 τῶν
1361 1293 1497 1348 ὅλων
1524 1291 1779 1348 πιστεύε-

204 1410 310 1456 ται,
373 1392 437 1446 τὸ
495 1393 593 1462 μὲν
633 1392 796 1461 ἐγγὺς
847 1391 1068 1444 ἑστάναι
1122 1387 1214 1442 τοῦ
1249 1386 1654 1458 βήματος,οδιά
1684 1385 1781 1456 τὴν

208 1484 420 1539 σύνεσιν
444 1499 459 1513 ·
502 1484 604 1554 τὴν
631 1483 688 1538 δὲ
715 1483 812 1552 τῆς
849 1482 1122 1546 πολιτείας
1156 1481 1442 1550 διοίκησιν,
1475 1479 1562 1543 διά
1601 1496 1660 1532 τε
1682 1479 1782 1548 τὴν

205 1576 299 1646 τῆς
330 1575 547 1646 φύσεως
573 1574 1000 1645 ἐπιτηδειότητα,
1041 1574 1138 1628 καὶ
1165 1574 1262 1646 τήν
1289 1571 1398 1626 τῶν
1441 1569 1780 1642 πραγμάτων

208 1665 532 1741 προσλαϐὼν
572 1665 795 1737 ὲπιμέλε
806 1683 906 1721 ιαν.

1877 561 2332 629 introduxerunt;
2381 562 2476 628 sed
2505 562 2597 618 ille
2634 576 2744 618 non
2773 563 2884 629 sic;
2927 563 3086 634 longe
3133 563 3351 633 quidem
3381 565 3451 618 ab

1875 669 1942 707 eo
1964 653 2138 710 abluit
2161 669 2177 708 :
2201 652 2294 716 sed
2320 669 2496 723 neque
2526 664 2732 710 vestem
2760 662 3000 720 mutans,
3039 669 3218 724 neque
3245 655 3450 724 aliquid
3508 656 3521 673 "

1829 768 1842 774 -
1877 745 2162 802 remittens
2191 745 2259 802 de
2289 745 2714 816 magniﬁcentia,
2753 761 2855 801 nec
2894 746 3205 816 huiusmodi
3235 747 3452 801 novita-

1877 832 2021 886 tibus
2049 848 2220 903 genus
2254 849 2412 888 suum
2448 834 2714 889 dedecore
2757 835 3018 901 alliciens,
3051 851 3228 904 neque
3261 835 3452 891 civiles

1878 939 2068 982 causas
2100 923 2310 996 ﬁngens
2339 934 2394 982 et
2422 928 2722 998 reﬁngens;
2756 941 2936 997 neque
2957 927 3194 983 inaniter
3218 928 3452 1000 fungens

1878 1034 2106 1075 munere
2139 1020 2395 1086 rhetoris,
2431 1019 2648 1091 generis
2693 1019 2912 1088 quidem
2961 1019 3160 1078 decore
3205 1022 3455 1076 utebatur

1877 1113 2102 1167 omnino
2129 1111 2196 1166 ad
2245 1111 2692 1168 benefaciendum
2721 1129 2734 1164 :
2771 1111 3027 1172 virtutem
3060 1121 3262 1177 autem,
3293 1129 3454 1182 quam

1878 1203 1981 1258 sibi
2011 1211 2296 1274 paraverat
2318 1219 2348 1259 e
2369 1202 2672 1273 disciplinis
2708 1203 2900 1258 habuit
2930 1203 3181 1272 protinus
3210 1206 3455 1260 oceasio-
3513 1234 3524 1256 κ

1879 1311 2007 1350 nem
2058 1296 2364 1366 splendoris
2412 1306 2466 1352 et
2513 1295 2928 1367 magniﬁcentia;
2962 1315 2974 1350 :
3011 1311 3136 1364 nam
3185 1312 3312 1351 cum
3352 1297 3457 1350 im-

1878 1387 2222 1458 peratoribus
2262 1388 2528 1443 evasisset
2573 1388 2842 1454 amabilis,
2889 1388 3009 1457 ejus
3042 1388 3169 1444 ﬁdei
3207 1389 3460 1443 commit-

1882 1487 2088 1543 tuntur,
2124 1496 2245 1551 qua:
2281 1489 2410 1534 sunt
2435 1480 2682 1544 omnium
2717 1481 2952 1554 maxime
2998 1480 3369 1545 honorabilia,
3400 1489 3460 1534 ut

1879 1571 1969 1642 qui
1988 1586 2154 1642 prope
2173 1571 2407 1626 tribunal
2431 1572 2646 1641 quidem
2666 1582 2838 1628 staret
2855 1582 3075 1643 propter
3093 1572 3416 1643 sapientiam
3442 1612 3458 1636 ,
3542 1580 3547 1587 '

1880 1662 2191 1732 reipublicae
2220 1673 2402 1718 autem
2432 1662 2977 1727 administrationem,
3007 1673 3225 1736 propter
3257 1662 3459 1733 ingenii

1884 1755 2181 1820 solertiam,
2204 1765 2258 1810 et
2282 1754 2462 1809 rerum
2499 1771 2684 1810 curam
2714 1757 3013 1826 acceperit.

273 1846 389 1914 Καὶ
434 1845 629 1917 πρῶτα
691 1845 789 1917 μὲν
827 1830 958 1908 ταῖς
1001 1843 1432 1915 μυστικωτέραις
1495 1839 1785 1910 ἐφεστήκει

1958 1844 2025 1901 Ει
2073 1846 2309 1916 primum
2354 1847 2572 1916 quidem
2622 1847 2840 1918 przel‘uit
2890 1850 3054 1910 rebus
3084 1850 3341 1914 arcanis,
3405 1858 3462 1902 et

210 1941 328 1995 τῶν,
350 1941 629 2012 πράξεων,
677 1939 910 2002 καὶτοῖς
946 1938 1275 2008 ἀπορρήτοις
1307 1933 1636 2006 βουλεύμασι
1671 1951 1784 1986 κοι-

211 2033 374 2097 νωνὸς
405 2032 766 2106 παρειστήκει
802 2032 912 2094 τοῖς
943 2028 1384 2098 συμϐουλεύουσι.
1435 2028 1588 2080 Ἐπεὶ
1638 2023 1695 2078 δὲ
1750 2027 1784 2095 ή

176 2180 182 2186 ,
214 2125 308 2180 τοῦ
343 2125 540 2197 τρὸτου
582 2124 764 2187 πίστις
812 2123 868 2176 ὲν
906 2120 1113 2184 τούτοις
1141 2119 1329 2174 τοῦτον
1364 2119 1618 2190 ἐκήρυξε,
1649 2115 1787 2189 μετά

213 2220 317 2273 τῶν
340 2217 553 2272 ἀδύτων
586 2218 679 2271 καὶ
705 2216 802 2285 τᾲς
830 2214 1099 2291 κοσμικὰς
1131 2213 1416 2284 φροντίδας
1445 2210 1782 2291 συνείληφενο

215 2315 287 2376 ὡς
319 2311 486 2365 αὑτὸν
533 2302 860 2378 γεγενῆσθαι
915 2288 1239 2375 εἰσαγγελέα
1285 2321 1344 2358 τε
1382 2304 1458 2378 τῷ
1495 2303 1786 2374 κρατοῦντι

214 2406 438 2472 ἔξωθεν,
485 2405 581 2458 καὶ
634 2399 932 2471 ἐξαγγελέα
992 2400 1100 2453 τῶν
1152 2398 1245 2454 τοῦ
1298 2397 1626 2470 κρατοῦντος
1678 2399 1790 2461 τοῖς

217 2498 434 2564 ἔξωθενο
481 2496 574 2549 καὶ
627 2491 697 2566 ἦν
729 2493 928 2548 ὡσανεὶ
983 2493 1179 2562 δεσμὸς
1220 2491 1320 2561 τῆς
1354 2491 1672 2562 διοικήσεως
1723 2489 1790 2541 ἀ-

218 2592 431 2664 κριϐής.
468 2589 576 2643 Τοῦ
615 2588 714 2659 μὲν
750 2583 842 2640 οῦν
866 2585 1091 2656 ἡλιακοῦ
1135 2583 1334 2638 κύκλου
1369 2583 1429 2637 τὺ
1482 2583 1578 2652 μὲν
1636 2581 1790 2636 ἐστιν

219 2679 574 2751 ἑτέρωθι..τδ
601 2678 660 2732 δὲ
713 2677 848 2746 πρὸς
882 2676 1050 2746 ἡμᾶς·
1109 2677 1312 2737 ἐκεῖνος
1343 2673 1397 2726 δὲ
1427 2676 1454 2727 ὁ
1483 2671 1642 2737 αὐτὸς
1675 2672 1792 2736 ὅλος

217 2768 282 2844 ἦν
321 2772 416 2827 καὶ
465 2768 544 2841 τῷ
585 2767 794 2841 βασιλεῖ
819 2767 1050 2829 καὶτοῖς
1082 2766 1421 2837 πράγμασιν.
1453 2765 1664 2836 Ὥσπερ
1697 2765 1793 2818 καὶ

220 2864 428 2920 ἀνωθεν
464 2865 491 2916 ὁ
522 2861 680 2930 λόγος
729 2857 917 2912 τοῦτον
959 2857 1272 2928 ἐγνώρισεν,
1317 2857 1672 2922 παντοδαπῶς
1719 2853 1796 2912 εἷ.

1885 1936 2220 1993 secretorum
2251 1939 2602 1994 consiliorum
2640 1939 2746 1994 fuit
2792 1941 3087 2011 particeps,
3129 1958 3252 1996 cum
3287 1941 3462 2010 impe-

1887 2030 2198 2095 ratoribus;
2229 2030 2367 2086 adeo
2391 2041 2453 2084 ut
2503 2030 2812 2100 imperatori
2864 2034 3193 2088 renuntiaret
3226 2049 3310 2094 ea.
3342 2049 3462 2102 quae

1887 2121 2186 2178 aﬂerebant
2207 2124 2401 2187 exteri,
2437 2130 2493 2176 et
2529 2139 2718 2178 rursus
2752 2123 2954 2178 exteris
2983 2139 3068 2188 ea,
3094 2139 3213 2193 qum
3236 2125 3458 2192 iubebat

1889 2212 2219 2283 imperator;
2249 2221 2304 2266 et
2327 2223 2442 2268 erat
2479 2213 2644 2268 veluti
2685 2215 2955 2282 quoddam
2997 2225 3310 2271 accuratum
3347 2206 3463 2269 vin-

1889 2305 2072 2359 culum
2108 2303 2615 2360 administrationis.
2658 2305 2835 2375 Atque
2884 2307 3034 2360 orbis
3070 2307 3286 2376 quidem
3320 2307 3464 2361 sola-

1891 2396 1968 2450 ris
1997 2412 2121 2466 pars
2149 2397 2394 2467 quaedam
2433 2399 2516 2452 est
2536 2398 2683 2464 alibi,
2723 2414 2850 2467 pars
2893 2415 3022 2454 vero
3055 2408 3140 2453 est
3164 2399 3304 2468 apud
3333 2415 3463 2463 nos;

1891 2488 1980 2542 ille
2022 2504 2148 2544 vero
2179 2489 2297 2564 ipse
2339 2498 2485 2544 totus
2532 2499 2649 2544 erat
2697 2491 2839 2561 apud
2888 2491 3295 2560 imperatorem,
3327 2501 3383 2546 et
3412 2491 3465 2544 in

1893 2577 2309 2653 ipsis'negotiis.
2355 2581 2639 2648 Quomodo
2689 2583 2832 2638 enim
2861 2584 3116 2654 superius
3149 2584 3469 2654 signiﬁcavit

1865 2671 2088 2742 oratio,
2119 2673 2405 2740 versatile,
2455 2683 2510 2728 et
2539 2675 2605 2730 ad
2657 2676 2840 2730 omnia
2880 2676 3347 2736 accommodatum
3382 2677 3473 2730 lm-

1894 2764 2013 2818 buit
2053 2763 2367 2835 ingenium;
2413 2764 2551 2818 adeo
2596 2774 2656 2820 ut
2703 2774 2759 2820 et
2806 2767 2958 2834 prius
2993 2768 3365 2831 consultaret,
3419 2777 3473 2820 et

1895 2867 2287 2926 exsequeretur
2316 2872 2401 2923 ea,
2434 2873 2553 2928 quae
2574 2857 2870 2913 consultata
2907 2858 3145 2921 fuerunt,
3177 2869 3231 2912 et
3259 2859 3460 2914 Barba-

219 2975 279 3027 χε
306 2957 406 3026 τῆς
437 2954 674 3024 φύσεως,
713 2951 782 3005 τὰ
824 2952 922 3023 μὲν
952 2950 1474 3020 προϐουλεύσασθαι,
1500 2949 1568 3003 τὰ
1591 2949 1646 3003 δὲ
1689 2949 1796 3004 τῶν

1900 2963 1988 3002 ros
2014 2949 2199 3018 procul
2230 2950 2572 3020 propulsaret
2606 2965 2650 3005 .a
2684 2950 2884 3005 ﬁnibus
2921 2950 3476 3012 Romanorunnalins

223 3047 607 3123 βουλευμάτων
664 3045 756 3099 καὶ
805 3042 1288 3114 κατεργάσασθαι,
1361 3042 1676 3114 Βαρϐάρους
1736 3059 1796 3095 τε

1900 3051 2078 3096 autem
2111 3053 2412 3113 superaret,
2448 3052 2542 3097 aut
2585 3044 2756 3114 copiis
2803 3052 2898 3098 aut
2938 3044 3167 3108 artibus,
3197 3053 3252 3098 et
3289 3053 3477 3113 gentes

223 3145 414 3216 πόρρω
440 3142 561 3213 τῆς,
585 3136 873 3209 Ῥωμαίων
901 3134 1222 3190 ἀπώσασθαι
1272 3138 1396 3206 γῆς,
1433 3135 1558 3198 τοὺς
1609 3133 1667 3187 δὲ
1690 3134 1795 3218 ξκαὶ

1900 3134 1955 3188 in
2007 3150 2162 3190 suam
2208 3136 2477 3206 redigeret
2522 3144 2882 3206 potestatem,
2929 3136 3376 3213 temporibusque
3423 3145 3477 3189 ct

223 3230 725 3306 καταγωνίσασθαι,
760 3229 792 3300 ἢ
829 3227 1228 3300 στρατεύμασιν
1378 3226 1746 3297 τεχνάσμασιν
1779 3242 1794 3258 °

223 3329 350 3399 ἔθνη
372 3323 819 3393 τεκὺποποιῆσαι,
847 3321 940 3374 καὶ
967 3321 1156 3392 στῆναι
1179 3317 1349 3385 δεξιὸς
1373 3320 1507 3392 πρὸς
1535 3320 1659 3382 τοὺς
1675 3337 1798 3373 και-

229 3421 350 3490 ροὺς
389 3418 486 3471 καὶ
515 3417 583 3469 τά
609 3418 926 3486 πράγματα,
955 3412 1034 3483 τῷ
1071 3411 1504 3482 μεταϐεϐλῆσθαι
1535 3411 1640 3466 ὅτε.
1659 3411 1800 3476 δέον,

225 3507 300 3576 τῷ
336 3503 734 3579 καινοτομῆσαι
767 3505 854 3558 ὅτε
888 3502 1188 3573 συμφέρον,
1231 3501 1309 3571 τῷ
1354 3502 1453 3572 τὴν
1501 3501 1668 3572 αὐτὴν
1705 3519 1802 3572 τη-

231 3599 391 3669 ρῆσαι
430 3599 597 3658 ίδέανς
629 3597 716 3649 ὅτε
739 3594 895 3648 τοῦτο
927 3593 1089 3647 καλὸν
1113 3593 1302 3658 δόξειε.
1333 3594 1445 3648 Καὶ
1478 3594 1568 3646 ἐπὶ
1595 3594 1803 3656 τούτοις

226 3691 344 3744 ούδὲ
392 3690 617 3760 χάριτος
644 3687 869 3758 ἄμοιρος
899 3687 926 3738 ὀ
955 3685 1110 3758 ἀνὴρ,
1145 3687 1280 3741 ἀλλά
1319 3686 1628 3756 κατήρτυτο
1656 3671 1804 3755 αὐτῷ

228 3783 364 3853 πρὸς
391 3783 578 3836 πᾶσαν
615 3779 852 3852 σπουδὴν
903 3777 1314 3850 μετ’ὲμμελοῦς
1362 3779 1583 3841 παιδιᾶς
1633 3777 1727 3831 καὶ
1770 3778 1804 3847 ή

229 3873 444 3941 γλῶττα
477 3872 571 3925 καὶ
620 3873 652 3942 ἠ
689 3871 914 3928 διάνοια.
972 3870 1421 3942 Μεγαλοπρεπῶς
1448 3869 1503 3922 δὲ
1547 3867 1683 3939 ἔχων
1713 3869 1806 3922 καὶ

228 3966 327 4035 τῆς
359 3963 578 4034 στολῆς,
622 3963 718 4016 καὶ
755 3960 848 4015 τοῦ
889 3962 1164 4032 σχήματος
1191 3961 1305 4033 ἅμα
1351 3962 1444 4014 καὶ
1487 3959 1581 4014 τοῦ
1657 3960 1806 4032 βαδί-

230 4072 472 4125 σματος,
521 4054 850 4126 ἀντήλλαττε
888 4056 946 4109 τὸ
991 4050 1121 4126 ἦθος
1187 4053 1322 4125 πρὸς
1373 4052 1434 4107 τδ
1463 4053 1805 4124 φαινόμενον.

228 4147 520 4218 Ἐπίχαρες
545 4163 604 4199 τε
629 4145 704 4198 ῶν
742 4145 836 4198 καὶ
873 4146 1220 4214 εὐπρόσιτος,
1254 4146 1347 4199 καὶ
1376 4145 1600 4199 αὐτόθεν
1632 4143 1807 4200 ἕλκων

244 4241 456 4303 πάντας
484 4237 564 4310 τῷ
597 4237 934 4308 μειδιάματι.
967 4233 1092 4308 Εῖχε
1119 4237 1172 4289 δὲ
1197 4239 1290 4292 καὶ
1307 4237 1405 4308 τῆς
1427 4237 1615 4321 χειρὸς
1649 4239 1807 4308 ἀφει-

227 4331 372 4396 δῶς,
435 4330 532 4384 δύο
589 4329 823 4399 ταύτην·
871 4329 1289 4382 ὲπεκτεινόντων
1319 4371 1334 4392 ,
1399 4329 1630 4383 πλούτου
1717 4331 1810 4384 καὶ

229 4424 652 4496 προαιρέσεως..
685 4423 796 4474 Καὶ
840 4420 1122 4493 προέκειτό
1163 4438 1226 4490 γε
1269 4421 1416 4491 αὑτῷ
1450 4422 1806 4486 ὑπτιάζουσα,

1900 3227 2065 3283 rebus
2128 3227 2460 3282 dexterrime
2533 3227 2610 3282 uti
2661 3236 2886 3298 posset,
2957 3229 3103 3297 quod
3177 3236 3477 3284 mutaretur

1900 3319 2117 3388 quando
2143 3319 2446 3390 oportebat,
2477 3320 2619 3390 quod
2645 3321 2931 3376 innovaret
2961 3330 3180 3390 quando
3221 3320 3478 3384 expedie-

1902 3409 2022 3474 bat,
2047 3410 2192 3478 quod
2215 3411 2460 3465 eamdem
2491 3420 2734 3466 servaret
2756 3411 3015 3481 Speciem,
3040 3410 3257 3480 quando
3279 3411 3480 3466 bonum

1901 3499 2189 3554 videbatur
2223 3518 2236 3555 :
2273 3502 2368 3556 sed
2409 3517 2588 3572 neque
2613 3511 2730 3558 erat
2759 3503 2844 3555 vir
2871 3517 3066 3573 expers
3096 3503 3392 3572 gratiarum
3426 3511 3480 3555 et

1903 3592 2172 3662 leporum,
2203 3595 2298 3677 sed
2331 3595 2397 3649 ad
2422 3609 2640 3649 omnem
2676 3596 2916 3665 leporem
2971 3611 3035 3650 ac
3074 3598 3299 3666 gratiam
3347 3612 3479 3654 con-

1904 3684 2156 3742 veniente
2181 3686 2424 3746 doctrina
2451 3697 2746 3758 temperata
2775 3697 2893 3746 erat
2917 3688 2969 3743 ei
3005 3687 3207 3758 lingua.
3237 3689 3480 3754 instituta

1905 3785 1959 3832 et
1989 3777 2220 3834 animus.
2247 3765 2592 3834 Cum-autem
2623 3788 2771 3836 esset
2795 3780 2846 3835 ei
2893 3779 3220 3852 magniﬁcus
3265 3791 3320 3847 et
3349 3782 3477 3850 ami-

1907 3880 2051 3932 ctus.
2088 3879 2144 3926 et
2191 3873 2412 3928 habitus
2457 3873 2616 3928 simul
2654 3889 2775 3927 cum
2800 3873 3040 3938 incessu,
3065 3888 3245 3928 mores
3270 3889 3480 3943 quoque

1908 3964 2154 4018 mutabat
2187 3965 2252 4020 ad
2281 3965 2355 4030 id,
2383 3965 2528 4035 quod
2555 3966 2862 4032 videbatur,
2898 3975 2959 4021 ut
2989 3967 3082 4039 qui
3109 3974 3258 4022 esset
3285 3967 3477 4038 gratio-

1908 4069 2002 4109 sus
2031 4063 2086 4108 et
2117 4054 2374 4120 aﬁ'abilis,
2405 4065 2461 4110 et
2490 4071 2556 4110 eo
2599 4056 2716 4126 ipso
2759 4071 2952 4112 omnes
2989 4057 3280 4127 subridens
3323 4057 3388 4110 ad
3429 4072 3481 4112 sc

1908 4146 2224 4202 attraheret.
2260 4147 2529 4204 Prmtcrea
2573 4156 2756 4205 autem
2784 4163 2949 4202 manu
3003 4162 3217 4218 quoque
3261 4145 3483 4200 'minimr

1910 4247 2028 4292 erat
2077 4254 2306 4309 parcus,
2356 4246 2546 4309 utpote
2603 4239 2747 4309 quod
2798 4239 2920 4294 duae
2965 4254 3060 4316 res
3109 4238 3484 4300 extenderent,

1869 4333 1875 4339 ’
1909 4347 2109 4401 nempe
2137 4331 2342 4387 divitia:
2363 4341 2431 4386 et
2461 4332 2735 4387 voluntas.
2762 4331 3009 4386 Habebat
3042 4342 3223 4386 autem
3251 4332 3323 4386 ita
3351 4347 3478 4400 quo-

1911 4441 2037 4495 que,
2077 4435 2138 4480 ut
2179 4426 2499 4495 oportebat,
2547 4427 2839 4484 nonnullas
2881 4435 3064 4496 partes
3105 4441 3168 4482 ex
3214 4426 3318 4490 iis,
3368 4441 3484 4494 quae

229 4516 327 4568 καὶ
371 4513 617 4584 ὲξήντλει
665 4513 838 4586 ταύτῃ
862 4513 1050 4584 ὥσπερ
1096 4514 1158 4565 ὲκ
1198 4511 1444 4582 ποταμοῦ
1483 4511 1718 4582 δαψιλῶς
1776 4513 1796 4564 ἐ

1912 4522 2247 4568 consuerunt
2281 4523 2521 4568 nostram
2559 4515 2717 4571 ﬁdem
2765 4517 3119 4572 constituere.
3169 4514 3261 4569 Han
3301 4524 3486 4572 autem

231 4607 578 4678 βουλόμενος.
627 4601 754 4675 Εἶχε
798 4605 894 4675 μὲν
929 4601 1021 4659 οῦν
1079 4605 1221 4658 οῦτω
1257 4605 1432 4659 ταῦτα
1480 4603 1560 4677 τῷ
1593 4604 1812 4676 μεγάλῳ

227 4698 408 4770 τούτῳ
439 4697 616 4768 ἀνδρί.
673 4691 801 4768 Εἶχε
830 4696 885 4749 δὲ
928 4697 1022 4749 καὶ
1056 4696 1244 4767 ὥσπερ
1301 4695 1468 4767 ἐχρῆν
1500 4693 1640 4774 μέρη
1691 4695 1812 4749 τινὰ

228 4787 344 4842 τῶν
401 4787 503 4858 τὴν
570 4785 848 4857 ἡμετέραν
901 4786 1083 4840 πίστιν
1149 4787 1465 4858 συγκροτεῖν
1523 4785 1809 4841 εἰωθότων.

228 4879 317 4933 Τὰ
345 4879 400 4932 δὲ
448 4875 537 4951 ἦν.
577 4877 788 4942 Ἀλλως
839 4877 894 4932 τί
968 4877 1042 4949 μὴ
1079 4878 1406 4948 τελεώτερον
1459 4877 1675 4949 χρῶμαι
1735 4876 1813 4947 τῷ

228 4972 397 5041 λόγῳ,
434 4971 571 5040 μηδὲ
601 4971 680 5033 είς
713 4969 1009 5039 κορυφαίαν
1058 4971 1232 5040 ἀρχὴν
1261 4969 1447 5036 ἀνάγω
1475 4969 1536 5022 τὸ
1559 4969 1814 5040 μέγιστον

230 5063 344 5117 τῶν
373 5061 584 5116 ἐκείνου
627 5059 942 5129 κεφάλαιον;
976 5055 1106 5132 Είμι
1137 5059 1268 5128 γοῦν
1297 5060 1432 5132 πρὸς
1456 5061 1558 5132 τὴν
1581 5060 1810 5132 πρώτην

233 5154 526 5219 ὑπόθεσιν,
574 5152 749 5225 βραχύ
784 5170 837 5205 τι
875 5152 966 5206 τὸν
996 5153 1151 5222 λόγον
1183 5157 1658 5225 προκαταστήσας.

304 5246 569 5323 Φιλότιμα
603 5245 705 5316 μὲν
736 5245 805 5297 τά
847 5245 997 5315 παρά
1026 5245 1135 5314 τῶν
1183 5245 1479 5316 μαρτύρων
1532 5245 1653 5299 κατ’
1713 5245 1808 5317 ὲχ-

231 5338 380 5408 θρῶν
401 5338 786 5406 ἀγωνίσματα,
823 5337 958 5408 πρὸς
986 5337 1079 5401 οῦς
1106 5355 1162 5390 τε
1194 5339 1473 5408 ἐμφανῶς,
1530 5341 1624 5392 καὶ
1675 5339 1810 5408 πρὸς

231 5431 364 5490 τοὺς
391 5428 620 5496 ἀφανῶς
648 5427 984 5495 ἠγωνίσαντο
1009 5444 1024 5459 ν
1061 5430 1153 5482 καὶ
1183 5430 1296 5493 πῶς
1327 5429 1434 5501 γὰρ
1464 5428 1524 5483 οὗ
1549 5448 1564 5497 ;
1594 5433 1811 5503 παρρη.

237 5517 350 5570 σίαι
373 5517 635 5588 λαμπραὶ
661 5517 754 5569 καὶ
779 5517 990 5589 γνῶμαι
1035 5519 1314 5593 ἀήττητοι,
1363 5523 1422 5575 τό
1475 5540 1534 5574 τε
1586 5521 1807 5575 ἐκκεκό-

237 5609 369 5677 φθαι
400 5611 514 5662 τῶν
548 5608 812 5679 σχέσεων,
836 5609 930 5661 καὶ
957 5609 1021 5661 τὸ
1041 5612 1410 5680 καταμελῆσαι
1443 5614 1538 5682 τῆς
1573 5614 1806 5682 φύσεως,

235 5702 402 5772 τομαί
426 5717 486 5753 τε
535 5699 716 5770 μελῶν
751 5699 843 5752 καὶ
900 5701 1163 5754 ἀποδολαί
1193 5719 1207 5732 ·
1258 5705 1350 5756 καὶ
1387 5704 1457 5760 τὸ,
1503 5705 1810 5760 τελευταῖον

238 5793 388 5865 ζωῆς
417 5791 835 5863 περιφρόνησις.
871 5793 1032 5847 Οὐδὲν
1059 5793 1112 5846 δὲ
1151 5788 1311 5864 ἧττον
1329 5797 1420 5849 καὶ
1459 5797 1484 5849 ὁ
1514 5799 1806 5870 dum,an

1914 4614 2069 4662 erant
2102 4605 2220 4677 (sed
2245 4620 2342 4660 cur
2371 4621 2479 4660 non
2513 4606 2810 4675 perfectius
2847 4616 2969 4662 utor
3019 4605 3284 4671 oratione,
3311 4621 3484 4672 neque

1914 4712 2032 4752 eam
2058 4697 2126 4752 ad
2159 4696 2390 4767 capitale
2425 4696 2626 4752 reduco
2661 4697 2988 4768 principium
3014 4697 3157 4767 quod
3194 4705 3279 4752 est
3317 4697 3460 4764 ηιθχὶ

1914 4803 2062 4846 mum
2097 4796 2261 4858 caput
2302 4803 2484 4844 rerum
2531 4786 2747 4856 illius?)
2803 4785 2951 4845 Vade
2980 4803 3112 4858 ergo
3159 4786 3224 4842 ad
3255 4787 3486 4858 primum

1913 4887 2315 4948 argumentum,
2349 4879 2394 4934 si
2421 4889 2548 4934 ante
2577 4895 2798 4952 ca,qu;e
2827 4889 2957 4943 sunt
2981 4880 3211 4942 dicenda
3229 4863 3486 4943 nonnulla

1915 4972 2253 5041 praemisere.
3441 4957 3446 4962 ’

1985 5249 2228 5306 Gloriosa
2259 5249 2476 5319 quidem
2538 5259 2667 5306 sunt
2709 5252 3035 5320 certamina,
3076 5268 3197 5324 quae
3238 5263 3487 5323 suscepta

1920 5340 2141 5395 fuerunt
2199 5356 2229 5395 a
2261 5341 2592 5412 martyribus
2643 5342 2906 5400 adversus
2957 5343 3234 5409 inimicos,
3293 5345 3487 5414 partim

1923 5442 2130 5503 aperte,
2157 5433 2351 5503 partim
2405 5433 2654 5489 obscure.
2706 5433 2906 5500 Quidni
2949 5435 3138 5500 enim?
3174 5451 3294 5490 cum
3327 5436 3484 5490 fuerit

1903 5540 2108 5579 eorum
2158 5525 2412 5594 praeclara
2435 5525 2652 5593 ﬁducia,
2710 5536 2765 5580 ct
2803 5542 2956 5592 mens
3014 5527 3484 5598 inexpugnabilis;

1913 5617 2142 5671 aﬁ‘cctus
2199 5617 2499 5684 abdicasse,
2561 5617 2865 5689 neglexisse
2928 5626 3216 5682 naturam,
3272 5627 3490 5672 exsecta

1918 5710 2158 5763 membra
2188 5716 2242 5764 et
2271 5709 2489 5775 amissa,
2537 5725 2600 5764 ac
2639 5718 2914 5778 postremo
2944 5709 3064 5763 vita:
3103 5716 3488 5777 contemptus.

1916 5802 2006 5857 llis
2039 5813 2217 5858 autem
2265 5803 2613 5859 nihilominus
2660 5801 2869 5858 refulsit
2905 5801 3009 5856 vita
3047 5815 3260 5872 quoque
3296 5818 3501 5886 mona'v
