3868 6512
378 379 473 447 ιω

1876 382 2148 449 PSELLl

3547 374 3655 442 192

373 497 528 550 stica
559 491 1131 551 exercitationis.Nam
1151 493 1243 553 hic
1257 509 1477 568 quoque
1503 505 1590 553 est
1616 495 1798 553 carnis
1826 509 1964 551 con-

2088 474 2184 562 llog
2219 494 2558 568 κατέλαμπε.
2577 492 2804 566 Δαπάνη
2836 493 2946 568 γάρ
2971 481 3251 550 κάνταῦθα
3281 493 3527 566 σαρκῶν,
3557 497 3668 550 καὶ

371 584 635 656 sumptio;
667 599 774 642 nec
825 585 1122 643 sedeliciis
1162 585 1389 654 dedere,
1435 587 1493 643 in
1551 587 1638 653 iis,
1676 586 1730 641 in
1760 585 1963 657 quibus

2088 587 2250 664 τρυφὴ
2278 589 2340 644 τδ
2368 589 2444 662 μὴ
2467 581 2697 662 τρυφᾷνξ
2730 589 2789 644 ἐν
2825 583 2907 654 οἷς
2965 589 3029 647 οὐ
3083 586 3202 643 δέον
3247 590 3464 661 τρυφᾷν
3488 605 3502 620 ·
3566 591 3670 643 καὶ

373 691 486 732 non
515 685 750 748 oportet,
783 686 839 733 et
863 692 894 732 a
945 678 1153 734 mundo
1193 679 1468 750 separari;
1503 680 1572 735 ad
1625 679 1798 734 Deum
1836 693 1962 733 eum

373 770 506 840 ipsis
536 769 753 826 evolare
797 771 1122 842 corporibus
1144 814 1158 839 ,
1204 783 1261 829 et
1299 773 1505 828 innatis
1539 772 1797 828 resistere
1831 770 1965 827 affe-

375 863 671 928 ctionibus,
733 871 789 920 et
831 864 898 919 iis
959 881 1084 936 qua:
1144 883 1174 920 a
1229 866 1388 922 malis
1414 865 1700 937 spiritibus
1735 865 1966 920 aflluunt

287 1013 294 1025 ,
377 954 749 1010 extrinsecus.
805 955 903 1011 Est
951 971 1085 1028 ergo
1117 958 1405 1013 amborum
1439 957 1699 1029 praeclara
1730 956 1874 1023 vita;
1912 964 1967 1011 et

379 1048 507 1103 olim
533 1049 754 1118 quidem
807 1050 1005 1118 fuerat,
1037 1060 1092 1106 et
1121 1051 1226 1107 erit
1257 1068 1483 1120 rursus;
1518 1052 1613 1108 sed
1662 1067 1772 1107 non
1819 1051 1966 1106 clare

379 1142 598 1197 Interim
633 1143 813 1198 fuerat
846 1145 1064 1214 cognita
1094 1161 1285 1200 eorum
1320 1147 1408 1201 hic
1437 1145 1845 1210 remuneratio;
1870 1143 1968 1200 sed
2014 1177 2016 1180 τ
2044 1149 2049 1154 ’

381 1232 565 1287 arcani
601 1233 822 1301 quidem
857 1234 1006 1299 libri,
1040 1250 1179 1306 quos
1212 1237 1396 1291 multis
1424 1236 1477 1290 in
1524 1236 1708 1290 futura
1739 1236 1795 1289 in
1828 1235 1969 1289 inte-

381 1339 538 1396 grum
557 1326 906 1382 restitutione
929 1327 1112 1399 legent
1139 1326 1338 1401 angeli,
1356 1337 1610 1385 accurate
1628 1329 1968 1384 monimenta

382 1417 672 1472 continent
732 1435 925 1486 eorum
989 1422 1233 1494 martyrii
1270 1431 1328 1477 et
1373 1422 1806 1478 exercitationis.
1863 1420 1970 1488 Qui

383 1516 566 1561 autem
597 1518 726 1563 ante
758 1511 905 1565 hunc
938 1511 1156 1565 beatum
1195 1510 1372 1566 virum
1406 1527 1492 1566 res
1533 1520 1715 1583 gestas
1753 1510 1970 1565 illorum

384 1599 746 1669 scripserunt,
778 1617 888 1656 non
926 1611 1057 1657 sunt
1097 1603 1331 1657 assecuti
1365 1603 1581 1658 illorum
1614 1603 1975 1674 magniﬁcen-

387 1690 516 1746 tiam
535 1710 548 1756 ;
567 1694 658 1747 sed
685 1694 885 1763 partim
914 1695 1136 1764 quidem
1168 1695 1339 1760 decis
1371 1696 1752 1773 suntmentiti,
1772 1699 1971 1768 partim

385 1791 568 1838 autem
604 1801 726 1840 cum
763 1802 871 1839 non
906 1797 1126 1857 possent
1159 1789 1325 1844 rebus
1379 1804 1570 1844 eorum
1631 1791 1972 1860 responden-

2070 679 2132 734 τδ
2196 679 2547 752 ἀπερῤἧχθαι
2584 679 2817 750 κόσμου,
2871 679 2967 733 καὶ
3022 679 3162 752 πρὸς
3197 679 3332 749 Θεὸν
3378 678 3523 734 κατά
3553 677 3668 733 τῶν

2073 768 2344 840 σωμάτων
2377 768 2557 824 αὐτῶν
2594 770 2922 840 ἀναπτῆναι,
2955 770 3053 824 καὶ
3087 771 3281 841 στῆναι
3322 770 3462 841 πρός
3482 787 3542 824 τε
3592 769 3667 823 τὰ

2072 860 2290 932 ἔμφυτα
2338 861 2511 932 πάθη,
2556 863 2653 915 καὶ
2690 863 2828 931 πρὸς
2875 863 2946 919 τά
2991 864 3323 936 ἐπιρρέοντα
3363 865 3518 934 παρά
3554 863 3671 918 τῶν

2074 955 2330 1027 πονηρῶν
2381 941 2710 1024 πνευμάτων
2778 955 2998 1020 ἔξωθεν.
3053 957 3314 1030 Λαμπρο).
3369 957 3670 1029 τοιγαροῦν

2073 1045 2242 1117 ἄμφω
2265 1047 2316 1099 οί
2345 1047 2471 1118 βίοι,
2505 1049 2599 1101 καὶ
2643 1047 2813 1102 πάλαι
2859 1048 2960 1118 μὲν
2999 1049 3204 1122 ἤστην,
3248 1048 3405 1104 ἐστον
3456 1051 3514 1105 δὲ
3565 1050 3670 1104 καὶ

2075 1141 2251 1202 αὖθις.
2290 1141 2434 1195 Ἀλλ’
2465 1143 2526 1196 ού
2560 1142 2792 1214 λαμπρά
2815 1144 2952 1208 τέως
3005 1143 3305 1217 ἐγνώριστο
3361 1147 3396 1216 ὴ
3453 1145 3668 1199 τούτων

2075 1233 2310 1289 ἐνταῦθα
2370 1235 2672 1299 ἀντίδοσιςο
2736 1229 2851 1293 ἀλλ’
2887 1239 2942 1291 αἱ
2997 1239 3093 1308 μὲν
3127 1239 3434 1310 ἀπόρρητοι
3465 1238 3668 1309 βίϐλοι,

2075 1327 2141 1391 ἃς
2167 1326 2232 1399 δὴ
2253 1330 2364 1392 τοῖς
2388 1327 2602 1394 πολλοῖς
2648 1329 2705 1382 ἐν
2743 1332 2809 1401 τῇ
2841 1323 3288 1384 ἀποκαταστάσει
3339 1333 3390 1384 οἱ
3436 1331 3670 1401 ἄγγελοι

2077 1419 2506 1490 ἀναγνώσονται,
2536 1422 2739 1494 ἀκριϐῆ
2771 1423 2839 1477 τὰ
2866 1423 2970 1492 τῆς
3001 1423 3306 1496 μαρτυρίας
3337 1424 3519 1478 αὐτῶν
3565 1424 3672 1478 καὶ

2084 1513 2383 1585 ἀσκήσεως
2415 1515 2634 1592 ἔχουσιν
2656 1515 3051 1586 ὑπομνήματα.
3081 1517 3144 1568 Οί
3194 1515 3252 1568 δὲ
3283 1515 3390 1586 πρὸ
3416 1515 3511 1569 τοῦ
3533 1515 3677 1568 θαυ-

2083 1606 2285 1677 μασίου
2316 1606 2470 1660 τοῦδε
2523 1607 2723 1679 ἀνδρὸς
2756 1607 2995 1662 ἐνταῦθα
3023 1607 3123 1673 τὰς
3157 1608 3382 1662 ἐκείνων
3435 1607 3677 1679 πράξεις

2079 1697 2549 1769 ἀναγραψάμενοι,
2575 1699 2844 1769 οὐμενοῦν
2880 1699 2982 1771 τῆς
3013 1700 3492 1773 μεγαλοπρεπείας
3522 1702 3678 1756 ἐκεί-

2082 1808 2188 1844 νων
2212 1791 2462 1864 ἐφίκοντο
2480 1807 2497 1824 ο
2531 1792 2671 1846 ἀλλά
2699 1793 2766 1847 τά
2796 1792 2895 1863 μὲν
2929 1794 3109 1847 αὐτῶν
3138 1793 3570 1864 κατεψεύσαντο,
3600 1793 3678 1847 τὰ

387 1885 496 1931 tem
531 1877 729 1933 afferre
759 1880 1094 1945 orationem,
1131 1881 1333 1936 bonum
1372 1881 1479 1936 illis
1505 1882 1972 1953 conscripserunt,

2088 1882 2136 1936 δὲ
2174 1883 2248 1956 μὴ
2282 1884 2603 1954 δυνηθέντες
2649 1885 2962 1956 κατάλληλα
2995 1885 3187 1952 θεῖναι,
3229 1885 3476 1956 ἄκομψον
3517 1886 3678 1940 ἐκεί-

387 1968 533 2038 quod
566 1984 668 2024 nec
717 1979 837 2024 erat
898 1971 1006 2026 ulla
1061 1971 1329 2043 elegantia
1363 1980 1638 2037 ornatmn,
1673 1987 1774 2026 nec
1820 1972 1980 2029 laude

386 2063 858 2132 prosequendum,
907 2074 968 2118 ut
1015 2050 1108 2133 qui
1151 2079 1254 2119 nec
1303 2064 1589 2136 pulchram
1644 2065 1982 2136 subjecerint

390 2155 738 2220 sententiam,
789 2171 890 2211 nec
937 2172 1057 2211 eam
1093 2157 1276 2212 verbis
1323 2157 1574 2213 ornarint
1621 2158 1979 2227 decentibus,

390 2260 570 2315 neque
591 2256 844 2302 accurate
883 2247 1280 2318 descripserint
1323 2249 1584 2304 saevitiam
1633 2266 1696 2305 ac
1725 2252 1982 2308 atrocita-

395 2347 504 2393 tem
548 2353 737 2394 eorum
769 2381 785 2406 ,
843 2341 936 2410 qui
990 2342 1310 2412 punierunt,
1355 2357 1542 2415 neque
1569 2354 1870 2417 martyrum
1924 2345 1981 2400 in

393 2430 590 2486 dandis
611 2434 890 2503 responsis
917 2434 1265 2504 prudentiam
1299 2453 1311 2489 :
1352 2435 1651 2505 quinetiam
1681 2438 1982 2494 monacho-

395 2539 517 2578 rum
564 2525 946 2580 adulterarunt
1001 2525 1491 2588 exercitationem.
1551 2527 1872 2599 simpliciter
1925 2539 1985 2586 et

397 2617 550 2688 quasi
586 2625 812 2684 temere,
831 2626 887 2673 et
913 2627 974 2674 ut
998 2619 1218 2686 accidit,
1245 2619 1570 2686 referentes,
1599 2637 1722 2693 qua:
1739 2621 1984 2680 studiose

399 2709 470 2764 ab
504 2708 612 2764 illis
636 2709 778 2766 facta
806 2719 954 2766 sunt.

469 2799 610 2856 Hinc
639 2801 840 2857 factum
863 2812 948 2858 est
974 2812 1033 2858 ut
1055 2805 1305 2860 nonnulli
1334 2821 1403 2862 ne
1432 2806 1516 2862 vel
1545 2808 1726 2878 legere
1757 2806 1982 2878 quidem

397 2893 729 2948 sustinerent
766 2909 849 2962 ea,
879 2911 1000 2965 quae
1043 2906 1172 2951 sunt
1215 2897 1521 2952 litterarum
1565 2898 1820 2953 mandata
1865 2914 1984 2954 mo-

386 2985 696 3049 ~numentis,
743 2986 864 3050 aliis
891 2997 1073 3042 autem
1107 3003 1190 3052 ea,
1211 2977 1346 3058 quae
1371 2980 1714 3052 dicebantur,
1771 2990 1984 3061 praebe-

399 3087 523 3134 rent
546 3079 757 3133 ridendi
786 3080 1100 3144 materiam;
1120 3090 1173 3135 et
1197 3081 1611 3151 Compositionis
1633 3082 1978 3153 inelegantia,

401 3179 458 3227 et
521 3171 1090 3236 sententiaeabsurda
1157 3183 1212 3227 et
1275 3173 1423 3228 nulla
1479 3178 1872 3244 consequentia
1915 3191 1982 3230 ex

401 3261 548 3317 dicto
573 3262 696 3317 vilis
747 3272 801 3318 et
853 3264 1086 3333 abiecta,
1155 3273 1312 3320 erant
1372 3264 1478 3331 iis,
1529 3267 1620 3336 qui
1661 3267 1979 3334 audiebant,

404 3356 672 3420 insuavia,
708 3367 762 3412 et
785 3357 911 3412 odio
943 3357 1303 3426 habebantur,
1335 3359 1516 3430 potius
1539 3377 1700 3431 quam
1731 3360 1988 3416 admitte-

401 3445 603 3502 bantur
624 3487 639 3512 ,
667 3456 722 3503 et
749 3458 970 3520 propter
997 3465 1114 3516 eos,
1161 3448 1253 3520 qui
1299 3451 1784 3520 conscripserant,
1826 3451 1986 3507 nobis

402 3541 639 3599 ludibrio
669 3543 1010 3599 habebantur
1051 3543 1390 3600 admirabilia
1430 3545 1644 3601 Christi
1697 3561 1985 3601 servorum

402 3637 700 3694 certamina
753 3653 818 3694 ac
871 3635 1093 3708 tropaea.
1156 3639 1223 3694 Et
1277 3653 1470 3694 omnes
1520 3639 1743 3709 quidem
1798 3648 1987 3710 aperte

403 3732 606 3802 scripta
667 3731 1074 3787 insectabantur
1138 3732 1500 3788 maledictis:
1553 3747 1741 3788 eorum
1803 3741 1985 3810 autem

404 3827 524 3882 loco
575 3826 773 3882 afferre
819 3827 1064 3892 meliora,
1097 3826 1218 3882 aliis
1272 3827 1493 3897 quidem
1543 3836 1769 3896 propter
1819 3825 1986 3880 animi

405 3919 734 3985 socordiam,
769 3919 889 3974 aliis
919 3929 1100 3974 autem
1131 3928 1191 3974 ut
1233 3919 1378 3990 quod
1405 3929 1492 3975 est
1526 3935 1665 3990 opus
1704 3917 1988 3988 perfectis-

404 4012 605 4068 simum
643 4021 699 4067 et
758 4013 974 4067 maximi
1025 4013 1213 4078 studii,
1242 4023 1298 4068 et
1325 4013 1412 4067 cui
1459 4027 1564 4068 nec
1606 4021 1716 4066 tota
1765 4011 1987 4080 quidem

403 4103 505 4158 viri
542 4104 647 4158 vita
671 4103 969 4170 suffecerit,
1005 4120 1185 4176 neque
1216 4104 1360 4160 vires
1393 4105 1624 4159 aderant
1652 4103 1985 4169 volentibus,

405 4211 512 4252 nec
544 4196 629 4261 iis,
666 4197 757 4267 qui
783 4206 1057 4267 poterant,
1089 4197 1376 4274 voluntas;
1410 4197 1504 4252 sed
1537 4212 1647 4251 non
1692 4197 1856 4251 etiam
1892 4196 1990 4252 ad-

405 4292 671 4348 mirabilis
698 4291 935 4364 Symeon
963 4293 1156 4349 eodem
1187 4293 1371 4358 modo,
1399 4305 1508 4362 quo
1532 4289 1588 4357 ii,
1609 4289 1986 4345 fuitatl‘eetus:

403 4385 500 4442 sed
525 4401 650 4442 cum
672 4386 753 4442 eis
785 4385 1088 4457 procedens
1117 4384 1184 4440 ad
1228 4384 1557 4454 scriptorum
1587 4397 1762 4453 usque
1802 4397 1989 4452 repre-

403 4477 752 4547 hensionem,
807 4474 1005 4536 deinde
1055 4477 1326 4550 processit
1357 4476 1618 4542 ulterius,
1659 4485 1714 4530 et
1743 4474 1990 4546 juvenile

2077 1991 2195 2049 vol;
2269 1975 2328 2028 τδ
2374 1975 2601 2044 ἀγαθὸν,
2671 1977 2766 2030 καὶ
2820 1977 3142 2050 ἀφιλότιμον
3194 1978 3678 2050 συγγεγράφασιν,

2083 2063 2207 2118 οὒτε
2239 2064 2412 2139 καλὴν
2446 2066 2770 2138 ὑποθέμενοι
2801 2067 3030 2132 ἔννοιαν,
3063 2068 3189 2122 οὔτε
3219 2068 3326 2143 μὴν
3362 2069 3682 2140 εὐπρεπέσι

2084 2164 2616 2234 κατακοσμήσαντες
2672 2163 2904 2230 λέξεσιν,
2954 2163 3068 2218 οὐδ’
3113 2164 3363 2236 ἀκριϐῶς
3420 2158 3683 2234 ὑπογράέ

2082 2254 2307 2326 ψαντες,
2333 2254 2458 2310 οὒτε
2499 2257 2599 2326 τὴν
2645 2256 2752 2310 τῶν
2797 2255 3144 2327 κολασάντὶον
3206 2255 3509 2328 βαρύτητα,
3544 2255 3684 2309 οὔτε

2083 2349 2184 2421 τὴν
2213 2349 2324 2402 τῶν
2359 2349 2656 2422 μαρτύρων
2688 2349 2824 2420 πρὸς
2849 2349 2946 2414 τὰς
2974 2349 3295 2420 ἀποκρίσεις
3333 2351 3680 2421 πυκνότητα.

2097 2442 2259 2497 Ἀλλά
2281 2444 2376 2498 καὶ
2407 2445 2518 2503 τοῖς
2550 2443 2948 2516 ἀσκηταῖς’τὴν
2993 2445 3228 2516 ἄσκησιν
3274 2443 3678 2514 ἐκιϐδήλωσαν,

2091 2536 2306 2606 ἀφελῶς
2331 2537 2537 2600 αὐτοῖς,
2572 2535 2671 2590 καὶ
2701 2535 2891 2608 ῶσπερ
2915 2537 2979 2590 ἐκ
2995 2535 3089 2590 τοῦ
3135 2536 3552 2608 ,παρατυχόντος
3607 2533 3685 2589 τὰ

2085 2628 2501 2702 ἐσπουδασμένα
2534 2627 2846 2696 διεξιόντες.

2161 2804 2440 2860 Ἔνθεντοι
2502 2804 2552 2858 οί
2590 2803 2690 2876 μὲν
2721 2802 2844 2858 οὐδὲ
2872 2801 3038 2874 ψιλὴν
3077 2801 3421 2874 ἐκαρτέρουν
3442 2799 3542 2873 τὴν
3565 2799 3685 2854 τῶν

2087 2897 2692 2970 ὕπομνηματισθέντων
2724 2897 3054 2966 ἀνάγνωσιν,
3079 2897 3192 2960 τοῖς
3217 2895 3275 2949 δὲ
3307 2895 3400 2949 καὶ
3433 2893 3683 2963 γέλωτος

2085 2992 2311 3065 ἀφορμὴ
2341 2991 2410 3046 τά
2428 2991 2698 3061 λεγόμενα
2729 2988 3058 3060 ἐγνωρίζετο
3083 3006 3097 3020 ο
3121 2988 3217 3043 καὶ⁵
3244 2989 3306 3042 τὸ
3340 2991 3446 3057 τῆς
3472 2984 3685 3058 συνθή-

2087 3102 2190 3156 κης
2241 3084 2299 3138 δὲ
2363 3081 2617 3156 ἀκαλλὲς,
2661 3082 2782 3137 καὶ
2841 3080 2902 3135 τὺ
2968 3079 3332 3146 ἀνακόλουθον
3395 3078 3497 3150 τῆς
3585 3079 3685 3132 ἐν·

2087 3177 2256 3241 νοίας,
2344 3174 2438 3229 καὶ
2498 3155 2570 3228 ’τὸ
2641 3175 2741 3246 τῆς
2833 3172 3032 3238 λέξεως
3101 3173 3340 3238 εὐτελὲς,
3427 3171 3685 3243 ἀγλευκῆ

2085 3271 2200 3332 τοῖς
2223 3268 2514 3322 ἀκούουσιν
2529 3262 2618 3338 ἦν,
2633 3267 2729 3322 καὶ
2747 3266 3127 3338 ἀπηχθάνοντο
3148 3265 3350 3337 μᾶλλον
3368 3267 3401 3336 ἢ
3428 3267 3690 3338 προσίεν-

2087 3380 2166 3428 το,
2183 3363 2278 3416 καὶ
2307 3362 2366 3416 τδ
2399 3361 2490 3430 ἐπὶ
2511 3362 2622 3424 τοῖς
2639 3360 3116 3432 ἀναγραψαμένοις
3127 3358 3526 3430 διεκωμῳδείτο
3543 3361 3688 3431 ἡμῖν
3751 3378 3759 3387 ·

2087 3457 2160 3512 τά
2199 3456 2487 3526 θαυμάσια
2511 3455 2620 3510 τῶν
2649 3453 2744 3509 τοῦ
2773 3451 3014 3523 Χριστοῦ
3048 3453 3396 3524 θεραπόντων
3461 3454 3688 3521 ἀγωνίο

2090 3546 2349 3618 σματάτε
2373 3545 2467 3600 καὶ
2488 3543 2744 3612 τρόπαια.
2780 3542 2889 3596 Καὶ
2919 3541 3232 3612 ξύμπαντες
3265 3540 3368 3612 μὲν
3420 3539 3687 3594 διελοιδο-

2093 3638 2291 3711 ροῦντο
2345 3637 2534 3708 σαφῶς
2556 3640 2670 3701 τοῖς
2725 3635 3180 3706 συγγράμμασιν,
3245 3633 3688 3702 ἀντεισενεγκεῐν

2090 3731 2146 3786 δὲ
2225 3729 2432 3784 τούτων
2495 3729 2562 3782 τὰ
2638 3728 2948 3799 κρείττονα,
3041 3727 3090 3778 oi
3179 3725 3279 3792 μὲν
3365 3725 3434 3778 δι’
3513 3726 3683 3778 ἱκνον

2089 3825 2287 3896 ψυχῆς,
2363 3824 2412 3877 oi
2489 3821 2546 3876 δὲ
2611 3821 2686 3885 ώς
2747 3818 3079 3873 τελεώτατον
3163 3817 3514 3889 σπούδασμα,
3581 3818 3687 3872 καὶ

2089 3910 2134 3985 ᾧ
2193 3916 2328 3987 μηδέ
2387 3914 2504 3986 βίος
2549 3913 2616 3968 ἂν
2671 3912 2792 3977 ὅλος
2841 3911 3037 3982 ἀνδρὸς
3095 3909 3475 3979 ἐξαρκέσειεν,
3552 3909 3685 3963 οὕτε

2092 4006 2436 4079 βουλομένοις
2482 4003 2714 4074 δύναμίς
2754 4021 2840 4067 τις
2868 4001 3100 4075 προσῆν,
3157 4001 3282 4055 οὕτε
3351 3999 3685 4071 δυναμένοις

2093 4099 2368 4170 βούλησις.
2410 4096 2551 4150 Ἀλλ’
2585 4096 2706 4167 ούχὶ
2729 4095 2822 4150 καὶ
2846 4097 2874 4150 ό
2923 4094 3226 4166 Θαυμάσιος
3265 4091 3489 4165 Συμεὼν
3543 4111 3685 4146 ταυ-

2091 4191 2182 4245 τδν
2211 4189 2499 4245 ἐπεπόνθει
2524 4188 2734 4252 τούτοις
2759 4203 2773 4219 °
2831 4187 2969 4242 ἀλλά
3006 4187 3171 4259 μέχρι
3212 4185 3308 4240 τοῦ
3348 4183 3678 4258 μέμψασθαι

2090 4287 2205 4348 τοῖς
2269 4285 2680 4356 γεγραμμένοις
2728 4278 3303 4353 συμπροῖὼναύτοϊς,
3355 4280 3551 4336 ἔπειτα
3579 4297 3684 4334 πε-

2096 4379 2330 4452 ραιτέρω
2366 4377 2694 4448 προσέὸηκε,
2718 4378 2812 4430 καὶ
2835 4377 3030 4448 0αρῥεῖ
3051 4392 3105 4430 τι
3143 4377 3376 4446 πρᾶγμα
3403 4375 3684 4442 νεανικὸν,

2096 4468 2296 4541 μᾶλλον
2359 4469 2416 4522 δὲ
2467 4467 2668 4538 εὐτυχῆ
2717 4465 2938 4538 πρᾶξιν,
3000 4467 3068 4537 ἢν
3124 4465 3300 4529 οὐδεὶς
3329 4465 3436 4519 τῶν
3459 4467 3684 4520 πάντων

401 4571 717 4646 aggreditur
767 4571 1000 4637 facinus,
1057 4571 1137 4628 vel
1195 4570 1409 4626 felicem
1460 4569 1640 4641 potius
1691 4568 1980 4634 actionem,

2099 4559 2450 4632 εὐτετύχηκε,
2485 4558 2552 4613 δι’
2595 4553 2662 4630 ἦς
2713 4557 2919 4622 ἐκεῖνός
2962 4574 3024 4611 τε
3065 4558 3529 4630 περιφανέστερος
3567 4559 3685 4613 τῶν

400 4678 566 4735 quam
603 4663 787 4719 nullus
821 4663 1065 4719 omnium
1089 4661 1255 4733 gessit
1281 4660 1535 4724 feliciter,
1581 4676 1679 4730 per
1704 4676 1865 4730 quam
1898 4660 1980 4715 ille

2095 4654 2384 4724 ἁπανταχῆ
2420 4651 2728 4722 ἐλλογίμων
2757 4651 2998 4721 ἐγένετο,
3026 4651 3120 4705 καὶ
3163 4650 3241 4722 τῷ
3288 4668 3348 4705 τε
3407 4651 3528 4721 Θεῷ
3610 4653 3686 4708 τὰ

401 4755 578 4812 evasit
607 4755 808 4813 clarior
844 4754 1134 4822 omnibus,
1166 4753 1257 4825 qui
1311 4762 1439 4809 sunt
1479 4751 1684 4822 ubique
1724 4753 1980 4820 eruditis;

2095 4745 2360 4801 κάλλιστα
2403 4743 2513 4798 τῶν
2574 4744 2746 4798 ὄντων
2821 4739 3207 4811 ἀφωσιώσατο,
3251 4743 3348 4796 καί⁵
3398 4744 3527 4806 τοὺς
3570 4743 3685 4797 τῶν

401 4856 458 4906 et
479 4848 592 4905 Deo
629 4847 976 4904 consecravit
1005 4862 1092 4912 ea,
1116 4861 1238 4916 quae
1269 4852 1402 4899 sunt
1452 4843 1698 4897 omnium
1735 4843 1971 4912 pulcher-

2095 4839 2392 4912 μαρτύρων
2419 4837 2638 4908 ἀγῶνας
2658 4836 2754 4890 καὶ
2791 4834 3046 4907 δρόμους,
3068 4836 3167 4900 τάς
3199 4853 3258 4889 τε
3281 4835 3393 4890 τῶν
3422 4837 3684 4906 ἀσκητῶν

401 4941 539 4998 rima
565 4959 580 4998 :
605 4951 1017 5014 martyrumque
1046 4938 1347 4995 certamina
1377 4948 1432 4992 et
1463 4950 1682 5004 cursus,
1713 4943 1770 4991 et
1797 4951 1980 5000 mona-

2091 4933 2419 5004 ἐγκρατείας
2467 4929 2561 4985 κοιλ⁷
2617 4929 2912 5001 καρτερίας
2945 4924 3208 4984 ἐκάλλυνέ
3267 4947 3326 4984 τε
3376 4932 3472 4984 καὶ
3541 4947 3683 4985 κατ-

399 5034 630 5090 chorum
667 5031 1056 5090 abstinentiam
1099 5036 1263 5099 atque
1309 5024 1630 5098 patientiam
1665 5025 1881 5082 ornavit
1923 5042 1980 5083 ac

2094 5027 2398 5099 εκόσμησε,
2423 5026 2517 5079 καὶ
2543 5023 2642 5097 τὴν
2680 5023 2850 5094 αὐτὴν
2900 5022 3128 5086 ἐκείνοις
3156 5023 3549 5096 προσενεγκὼν
3583 5022 3682 5078 εὖ·

401 5129 720 5196 declaravit,
749 5136 807 5184 et
838 5124 1111 5188 eamdem,
1143 5137 1307 5193 quam
1339 5120 1414 5175 illi
1443 5119 1711 5177 adhibens
1739 5121 1986 5179 benevo-

400 5215 647 5288 lentiain,
687 5224 890 5293 gratias
919 5214 1160 5298 vicissim
1192 5214 1401 5286 accepit
1441 5214 1512 5269 ab
1545 5213 1823 5270 omnibus.

469 5313 611 5382 Quid
649 5313 797 5368 enim
828 5310 952 5382 quis
995 5323 1120 5363 cum
1146 5299 1239 5364 tali
1265 5305 1564 5362 contulerit
1602 5307 1810 5378 opera?
1833 5307 1984 5376 Quas

398 5406 716 5462 Gracorum
746 5399 1123 5471 antiquitates,
1153 5407 1247 5453 aut
1271 5405 1430 5453 terrae
1459 5397 1712 5453 universa
1737 5397 1985 5456 dimensa

399 5496 614 5569 spatia?
642 5493 858 5562 Quanta
894 5491 1098 5556 Persis,
1146 5493 1362 5564 illisque
1393 5491 1768 5569 superioribus
1813 5491 1985 5564 Babyr

399 5589 563 5644 Ioniis
612 5585 874 5660 pmclare
931 5585 1132 5658 gesta?
1177 5589 1383 5658 quanta
1439 5594 1628 5656 postea
1677 5585 1984 5643 Alexandro

402 5682 759 5740 Macedonum
789 5679 1088 5749 fortissimo
1109 5688 1329 5753 peracta
1361 5679 1698 5736 certamina?
1739 5678 1874 5734 Nam
1899 5679 1985 5736 liis

396 5791 622 5849 quoque
663 5774 955 5854 ambitioso
982 5777 1128 5833 cultu
1177 5783 1482 5845 ornatuque
1537 5771 1825 5844 magnifico
1856 5788 1979 5827 cum

400 5869 694 5927 verborum
725 5870 1174 5945 leporeprzcluxit
1207 5867 1532 5940 scriptorum
1581 5865 1863 5920 industria.
1903 5865 1981 5921 Eo

2090 5117 2373 5189 νοιαν,τάς
2405 5117 2557 5191 παρά
2588 5116 2804 5172 πάντων
2826 5114 3119 5188 ἀντείληφε
3137 5116 3392 5188 χάριτας.

2161 5305 2272 5360 Και
2303 5318 2356 5357 τι
2383 5300 2493 5373 γὰρ
2516 5291 2581 5354 ἄν
2611 5316 2690 5364 τις
2723 5297 2802 5371 τῷ
2831 5299 3059 5370 τοιούτῳ
3091 5297 3396 5372 παραϐάλοι
3433 5299 3678 5355 σπουδάς

2091 5413 2298 5472 σματι;
2332 5395 2494 5448 ποίαν
2529 5390 2913 5464 ἀρχαιολογίαν
2971 5391 3314 5464 Ἑλληνικὴν,
3347 5391 3380 5464 ἢ
3423 5392 3678 5465 καταμι-

2087 5506 2282 5563 τρησιν
2307 5488 2406 5560 τῆς
2425 5486 2719 5556 συμπάσης
2749 5485 2851 5556 γῆς
2881 5502 2896 5552 ;
2930 5485 3023 5538 καὶ
3049 5484 3225 5540 ὁπόσα
3262 5485 3528 5555 Πέρσαις,
3558 5487 3661 5542 καὶ

2091 5584 2196 5658 πρὸ
2231 5581 2457 5637 ἐκείνων
2492 5577 2858 5642 Βαϐυλωνίοις
2902 5575 3281 5650 κατώρθωται,
3312 5580 3414 5632 ὅσα
3434 5595 3494 5632 τε
3530 5581 3671 5650 μετά

2087 5673 2262 5731 ταῦτα
2349 5666 2687 5739 Ἀλεξάνδρῳ
2738 5665 2816 5737 τῷ
2878 5666 3210 5722 Μακεδόνων
3265 5667 3678 5742 ἀνδρικώτερον

2088 5763 2476 5837 διη-γώνισταις
2514 5760 2668 5830 Ἔχει
2733 5761 2830 5830 μὲν
2874 5759 2965 5812 καὶ
3030 5761 3202 5816 ταῦτα
3257 5763 3518 5834 φιλότιμα
3585 5764 3679 5820 καὶ

2089 5857 2349 5915 κάλλιστα
2399 5856 2511 5918 τοῖς
2566 5849 2703 5925 μετά
2764 5854 3115 5926 καλλιλογίας
3172 5857 3513 5911 ἐκτεθεικότι
3576 5858 3674 5921 τὰς
