3868 6468
179 341 267 408 153

1242 342 1650 404 ENCOMIUM
1689 343 2291 407 METAPHRASTIE.

3304 349 3404 417 19‘

177 454 499 527 συγγραφάς.
543 454 709 510 Ἀλλὰ
741 456 945 510 τούτων
1006 455 1105 528 μὲν
1149 455 1238 510 διὰ
1277 456 1378 527 τὴν
1434 454 1545 508 τῶν
1593 457 1726 509 ἀνα-

1832 465 2013 511 tamen
2051 471 2162 512 uno
2188 457 2303 513 fere
2335 459 2512 532 magni
2544 458 2748 526 habita,
2781 476 3082 534 eorumque
3111 463 3270 536 vulgo
3307 481 3406 520 ex-

175 550 523 624 γραψαμένων
552 549 832 621 συνθήκην
873 545 1292 611 διεσπούδασται
1343 550 1460 612 τοῖς
1508 547 1725 612 πολλοῖς

177 647 206 716 ὴ
255 644 584 711 ἀνάγνωσις.
631 642 836 695 Ὁπόσα
882 641 940 694 δὲ
1001 644 1030 696 ὁ
1077 642 1323 710 γενναῖος
1367 635 1522 704 οὗτος
1585 640 1726 710 ἀνὴρ

183 730 309 806 μετὰ
323 733 423 802 τῆς
446 734 759 804 πρεπούσηῑ
784 734 878 788 τοῦ
931 733 1091 802 λόγου
1123 731 1419 806 περιϐολῆς
1465 733 1557 786 ἐπὶ
1614 735 1726 796 τοῖς

180 816 540 898 μαρτυρήσασι
597 827 692 879 καὶ
753 828 1025 899 ἁσκήσασι
1099 826 1209 880 τῶν
1271 809 1726 897 συγγραμμάτων

179 917 417 988 ὲξύοανε,
474 916 651 971 διττὸν
684 919 796 988 ἔχει
829 919 920 972 τὸν
954 919 1134 988 ζῆλον,
1181 919 1283 990 τῆς
1329 936 1389 973 τε
1453 919 1589 988 πρὸς
1627 919 1726 992 τὴν

183 1011 448 1080 συνθήκην·
478 1014 784 1082 μιμήσεως,
817 1013 908 1068 καὶ
956 1016 1056 1084 τῆς
1085 1012 1218 1084 πρὸς
1252 1013 1320 1068 τὰ
1354 1013 1617 1068 κάλλιστα
1635 1014 1726 1068 τοῦ

179 1101 325 1173 ἧθους
349 1101 662 1168 τυπώσεως.
696 1104 917 1176 Εἶποιμι
947 1106 1003 1160 δὲ
1031 1108 1123 1160 καὶ
1164 1107 1348 1178 τρίτον
1369 1108 1469 1161 οὐκ
1507 1107 1728 1162 ἔλαττον

179 1195 381 1260 τούτων,
396 1196 510 1250 ἀλλ’
535 1199 918 1270 ἀκριόἐστερόν
938 1217 996 1252 τε
1017 1201 1108 1253 καὶ
1128 1200 1480 1272 ὑψηλότερον,
1497 1203 1580 1256 ὅτι
1601 1201 1728 1273 περὶ

179 1287 273 1340 τῶν
288 1289 724 1358 συγκροτούντων
764 1292 825 1345 τὸ
862 1291 1188 1362 Εὐαγγέλιον
1219 1294 1253 1364 ἡ
1281 1293 1388 1347 τῶν
1409 1295 1578 1363 ἁγίων
1600 1295 1728 1348 ἀνά-

182 1393 404 1448 γραπτος
440 1384 546 1453 μνή
555 1401 630 1454 μη
665 1386 956 1454 κεφάλαιον
973 1385 1080 1438 τῶν
1101 1384 1277 1439 ἄλλων
1309 1385 1634 1457 καθέστηκε.
1653 1387 1728 1441 Τὸ

183 1475 266 1544 μὲν
281 1467 367 1526 οὖν
385 1474 704 1539 ἐκλέξασθαι
720 1475 906 1530 τοῦτον
922 1462 1178 1548 τοιαύτην
1193 1477 1370 1550 ἐαυτῷ
1385 1477 1478 1532 τοῦ
1495 1481 1728 1550 γράφειν

181 1564 434 1629 ὑπόθεσιν,
467 1565 770 1638 μαρτύριόν
801 1569 949 1621 ἐστιν
981 1567 1370 1639 ἀκριϐέστατον
1399 1569 1497 1644 τῆς
1515 1569 1725 1626 ἐκείνου

181 1659 422 1722 συνέσεως
437 1658 520 1712 ’τὸ
550 1659 605 1713 δὲ
632 1660 910 1725 τοιαύταις
925 1661 1152 1725 ἐννοίαις
1181 1661 1622 1733 χρήσασθαιλκαι
1641 1665 1726 1719 λέο

181 1747 246 1814 Est
269 1751 400 1829 μετὰ
427 1749 525 1804 τοῦ
550 1751 1068 1826 σαφοῦςδιηρμένῃ,
1093 1755 1153 1808 τό
1191 1772 1248 1808 τε
1275 1754 1499 1810 πιθανὸν
1529 1759 1726 1832 ἐχούσῃ

177 1845 256 1896 καὶ
294 1842 479 1912 ἀληθιν
493 1844 576 1906 δν,
613 1845 706 1899 καὶ
735 1845 994 1916 ἔμφυτον,
1048 1847 1161 1900 ἔστι
1200 1847 1300 1918 μὲν
1333 1848 1426 1900 καὶ
1455 1850 1553 1919 τῆς
1574 1852 1720 1904 ὲκεί-

175 1953 252 1989 νου
283 1939 470 2007 σοφίας
505 1941 835 2010 τεκμήριοψ
863 1939 1103 2010 μάλιστα
1165 1942 1221 1994 δὲ
1268 1941 1496 2014 σημεῖον
1541 1942 1607 1998 ἄν
1639 1961 1722 2008 τις

176 2027 296 2081 θοίτο
321 2029 416 2099 τῆς
453 2027 794 2103 εὐαρμόστου
847 2033 982 2104 πρὸς
1019 2033 1144 2098 τοὺς
1175 2035 1398 2105 καιροὺς
1448 2036 1544 2089 καὶ
1601 2039 1722 2101 τοὺς

175 2117 442 2180 ἀκούοντας
471 2122 582 2192 χρή
592 2139 746 2186 σεως.

233 2208 332 2260 Καὶ
357 2208 443 2262 ῖνα
491 2227 549 2288 τι
606 2211 736 2282 περὶ
785 2213 973 2267 τούτου
1031 2214 1124 2269 τοῦ
1187 2217 1388 2286 μέρους
1417 2218 1575 2286 είπω,
1607 2218 1723 2284 ,καὶ

175 2297 700 2372 παρεκδατικὼτερον
743 2303 821 2374 τῷ
846 2305 988 2376 λόγῳ
1030 2290 1361 2378 χρὴσωμαιέ
1399 2310 1500 2365 οὐκ
1531 2312 1714 2380 ἀγνοῶ

173 2388 239 2441 ὅτι
263 2393 374 2468 τοῖς,
393 2393 617 2457 πολλοῖς
652 2396 761 2449 τῶν
787 2413 844 2449 τε
894 2400 1352 2470 σοφιστικώτερον
1385 2405 1452 2474 τῇ
1504 2402 1723 2477 γλώττῃ

174 2482 530 2552 κεχρημένων,
570 2485 722 2555 οὐδὲν
746 2487 801 2540 δὲ
849 2481 1011 2559 ἦττον
1061 2489 1288 2553 καὶτοῖς
1327 2491 1455 2563 περὶ
1508 2491 1577 2546 τὰ
1619 2510 1723 2563 μαι

174 2569 369 2638 θήματα
427 2576 850 2641 ἐσπουδακόσιν,
908 2579 1043 2634 ἀλλὰ
1094 2580 1190 2634 καὶ
1257 2577 1340 2646 οἷς
1395 2583 1466 2635 τὸ.
1513 2587 1720 2652 φυσικὰ

175 2664 449 2735 μαθήματα
501 2669 966 2739 περισπούδαστα,
1002 2672 1062 2724 ού
1099 2673 1240 2726 πάνυ
1274 2691 1326 2728 τι
1356 2673 1719 2741 σπουδάζεται

173 2755 250 2807 τού
297 2757 487 2827 ἀνδρὸς
549 2759 619 2811 τὰ
670 2761 1082 2833 σπουδάσματα,
1135 2763 1217 2820 ὃτι
1283 2766 1423 2839 μήτε
1495 2767 1563 2819 τά
1621 2763 1720 2838 τῖς

174 2848 346 2917 μίξεως
369 2851 479 2905 τῶν
504 2851 662 2906 ἰδεῶν
697 2854 950 2926 ἐκπρεπῆ
976 2860 1104 2930 παρ’
1127 2859 1334 2928 αὐτοῖς,
1366 2865 1502 2934 μήτε
1515 2865 1562 2918 οἶ
1588 2881 1721 2936 σχηο

174 2946 406 3014 ματισμοὶ
433 2944 551 2999 τῶν
579 2945 753 3016 λόγων
782 2952 1132 3018 καταφανεῖς,
1168 2953 1310 3026 μήτε
1365 2971 1448 3019 τις
1507 2958 1715 3028 ἀπορία

171 3035 358 3102 φύσεως
396 3039 494 3092 καὶ
538 3039 810 3108 ὲπίλυσις,
855 3044 992 3113 μήτε
1045 3030 1361 3117 γραμμικαὶ
1412 3049 1718 3118 ἀποδείξεις

1829 549 2013 620 pedita
2053 549 2238 615 lectio,
2265 551 2410 621 quod
2456 555 2632 609 oratio
2658 555 2729 610 sit
2769 555 2882 626 ipsa
2915 558 3237 627 composita.
3273 558 3408 626 Qua

1828 650 2010 696 autem
2039 642 2122 696 vir
2151 642 2238 698 hic
2271 653 2531 700 strenuus
2569 645 2782 702 decenti
2810 647 3028 718 eloquio
3055 649 3123 704 de
3164 649 3232 705 iis
3256 665 3408 705 com—

1827 745 2102 790 mentatus
2129 743 2233 798 est.
2264 735 2357 807 qui
2384 737 2468 792 vel
2499 739 2820 810 martyrium
2855 749 3160 812 gesserunt,
3191 742 3278 797 vel
3317 757 3409 798 so-

1827 827 2060 882 litariam
2093 828 2258 883 vitam
2287 829 2596 892 coluerunt.
2621 831 2823 902 duplici
2854 833 3407 894 nominemmulatio-

1828 934 1954 981 nem
2019 919 2272 986 habent,
2341 920 2622 976 imitandae
2676 922 2885 978 scilicet
2949 924 3405 996 compositionis.

1828 1025 2164 1081 morumque
2200 1011 2459 1083 praeclare
2488 1013 2866 1068 institutorum
2915 1012 3283 1073 formationis.
3316 1016 3408 1074 Di-

1828 1117 1947 1158 cam
1978 1113 2033 1159 et
2082 1104 2326 1170 tertium,
2383 1105 2518 1159 nihil
2552 1105 2635 1160 his
2676 1104 2937 1171 deterius,
3002 1107 3248 1177 quinimo
3286 1125 3405 1164 ma-

1825 1194 1962 1266 joris
2016 1196 2253 1252 solertiae
2306 1197 2741 1269 sublimiusque,
2774 1199 2919 1270 quod
2966 1214 3155 1254 eorum
3206 1202 3409 1272 quibus

1829 1295 2080 1341 constant
2111 1287 2424 1361 Evangelia,
2445 1298 2756 1345 sanctorum
2777 1291 3089 1363 conscripta
3120 1293 3406 1359 memoria.

1828 1376 2162 1445 reliquorum
2197 1389 2360 1450 caput
2408 1380 2645 1437 exsistit.
2714 1380 2873 1448 Quod
2931 1383 3114 1455 itaque
3139 1385 3245 1441 tale
3305 1386 3408 1443 sibi

1829 1479 2209 1538 argumentum
2271 1471 2574 1544 delegerit,
2636 1474 2781 1530 illius
2834 1485 2988 1532 certo
3059 1478 3407 1548 prudentiam

1828 1561 2058 1627 astruit;
2089 1563 2230 1633 quod
2257 1580 2386 1619 vero
2418 1565 2618 1621 talibus
2633 1582 2766 1622 usus
2787 1568 3077 1626 sententiis
3107 1579 3210 1636 est,
3235 1586 3410 1644 eaque

1834 1655 2094 1716 dictione.
2128 1672 2249 1726 quae
2278 1657 2395 1728 ipsa
2417 1673 2540 1713 cum
2572 1659 2820 1715 claritate
2863 1655 3406 1733 meisa,'probabilis,

1828 1763 2077 1821 veraque
2103 1765 2188 1829 ac
2211 1766 2278 1829 ex
2315 1768 2374 1806 re
2419 1761 2545 1806 nata
2603 1754 2854 1817 eniteret.
2905 1755 3050 1812 illius
3076 1773 3294 1828 quoque
3320 1775 3408 1815 sa-

1829 1840 2048 1912 pientiae
2103 1826 2256 1896 claro
2298 1842 2501 1897 indicio
2557 1853 2675 1908 est;
2727 1826 3404 1916 maximequevhominem

1826 1931 2027 2004 prodit,
2060 1934 2149 2003 qui
2194 1948 2260 1988 ex
2296 1942 2602 2004 temporum
2656 1950 2719 2002 ac
2759 1936 3068 1992 auditorum
3100 1939 3407 1995 rationibus

1810 2017 2140 2080 sermonem
2177 2025 2281 2080 rite
2319 2034 2510 2081 nosset
2536 2041 2889 2098 componere.

1894 2204 2074 2276 Atque
2106 2211 2164 2260 ut
2205 2203 2372 2275 hujus
2403 2203 2621 2288 genpris
2657 2203 2936 2276 quidpiam
2969 2203 3184 2276 loquar,
3216 2203 3411 2276 paulo-

1825 2312 1931 2368 que
1958 2297 2132 2352 lusius
2181 2313 2492 2353 sermonem
2520 2298 2842 2364 adhibeam,
2875 2314 2984 2353 non
3018 2314 3105 2354 me
3139 2299 3268 2355 latet
3304 2297 3406 2354 viri

1825 2391 2232 2446 lucubrationes
2262 2390 2574 2460 scriptaque
2607 2401 2960 2446 monumenta
3014 2407 3123 2472 non
3145 2406 3265 2447 esse
3287 2407 3408 2448 ma-

1823 2501 1931 2556 gno
1954 2485 2160 2551 studio,
2195 2468 2297 2540 nec
2327 2485 2394 2538 iis
2435 2484 2526 2556 qui
2577 2484 2773 2556 lingua:
2819 2468 3146 2541 ornamento
3179 2495 3408 2540 utuntur

1821 2574 1988 2631 nimis
2019 2576 2332 2640 Rhetorice,
2365 2591 2466 2632 nec
2494 2575 2581 2642 iis,
2611 2577 2704 2648 qui
2736 2593 2897 2632 suum
2929 2579 3170 2634 studium
3202 2593 3408 2651 posue-

1823 2677 1952 2725 runt
1987 2669 2041 2724 in
2065 2657 2524 2740 disciplinis;_sed
2553 2685 2656 2726 nec
2681 2669 2766 2734 iis,
2806 2670 2899 2741 qui
2940 2671 3275 2734 studuerunt
3303 2687 3406 2726 na-

1825 2769 1960 2817 turae
2001 2761 2450 2834 contemplationi
2486 2779 2501 2817 :
2558 2763 2704 2833 quod
2763 2763 2850 2818 eis
2880 2763 3096 2820 dicendi
3145 2776 3408 2835 generum

1821 2854 2004 2910 mistio
2031 2870 2142 2910 non
2175 2855 2406 2921 eluceat,
2440 2870 2540 2911 nec
2579 2855 2764 2927 ﬁgurae
2797 2855 3010 2912 dicendi
3045 2855 3155 2911 sint
3182 2862 3406 2926 apertm,

1820 2963 1998 3018 neque
2058 2948 2165 3003 ulla
2216 2949 2480 3004 naturalis
2526 2948 2794 3005 dubitatio
2847 2959 2902 3004 et
2953 2949 3170 3014 solutio,
3229 2963 3408 3019 neque

1821 3037 2056 3095 lineares
2089 3035 2587 3098 demonstrationes
2623 3058 2747 3098 cum
2781 3042 3110 3113 importunis
3161 3041 3402 3096 nomini-

173 3127 290 3195 μετὰ
343 3127 451 3181 τῶν
508 3130 787 3200 φορτικῶν
843 3133 1140 3204 ὀνομάτων,
1201 3138 1340 3207 μήτε
1406 3139 1717 3210 ’φολόσοςςοι

1828 3131 1946 3197 bus,
1979 3147 2154 3202 neque
2186 3132 2579 3204 philosophica:
2610 3134 2920 3197 sententias.
2957 3150 3076 3205 quae
3101 3133 3407 3205 subjectum

169 3218 340 3273 ιννοιαι
363 3219 798 3292 ὑψηλολογοῦσαι
817 3225 876 3278 τὸ
899 3226 1274 3298 ὑποκείμενον.
1300 3229 1590 3285 Βούλονται
1615 3233 1724 3306 γὰρ

168 3315 209 3366 oi
225 3319 450 3386 περιττοὶ
473 3319 581 3384 τὴν
611 3317 804 3386 σοφίαν
828 3318 990 3388 ,πρὸς
1009 3319 1270 3387 ἐπίδειξιν
1299 3321 1483 3375 πάντα
1516 3325 1724 3394 γεγράο

168 3407 294 3476 φθαι,
318 3393 375 3463 ού
403 3408 549 3480 πρὸς
564 3408 830 3478 ὠφέλειαν
847 3411 938 3464 καὶ
961 3410 1122 3481 ἡθους
1139 3413 1496 3483 κατόρθωσιν.
1515 3393 1655 3485 Ἐγὼ
1669 3417 1726 3472 δὲ

166 3497 272 3552 οὐδέ
298 3517 453 3565 τινος
472 3500 693 3555 τούτων
712 3505 854 3571 φημὶ
872 3501 939 3555 τὰ
959 3502 1052 3556 τοῦ
1087 3503 1282 3576 ἀνδρὸς
1315 3505 1726 3579 ἀπεστερῆσθαι

168 3595 586 3667 συγγράμματα.
619 3593 761 3648 Ἀλλ’
792 3595 978 3668 ἐπειδὴ
1003 3597 1078 3668 μὴ
1108 3597 1449 3670 ἐπιδεικτική
1472 3617 1555 3664 τις
1575 3601 1726 3673 αύτῷ

167 3683 194 3754 ὴ
221 3687 422 3756 χρῆσις,
441 3689 503 3741 ού
540 3689 722 3742 πυκνὰ
747 3686 918 3742 ταῦτα
941 3688 1085 3760 αὐτῷ
1105 3689 1464 3757 τίθεταιςούδὲ
1496 3693 1561 3746 ἐκ
1594 3710 1729 3765 προ-

167 3778 334 3846 οιμίων
371 3779 559 3846 εὐθὺς,
615 3778 738 3832 οὐδὲ
778 3781 1181 3850 πανταχῆ,ούδὲ
1201 3784 1260 3838 ὲν
1278 3776 1464 3850 πᾶσιν,
1484 3785 1598 3840 ἀλλ’
1616 3787 1724 3857 ὅπη

167 3869 293 3941 σύτῷ
313 3871 572 3945 ἀφορμὴν
602 3869 1338 3942 τὸ,πρᾶγμαδίδωσιν,ὁπόσα
1359 3876 1475 3932 δέον
1491 3877 1568 3949 τῷ
1583 3879 1727 3951 λόγῳ

166 3966 505 4033 χρησάμενος,
543 3965 643 4016 ἐπὶ
669 3963 759 4017 τὸν
803 3964 1224 4036 προτεθειμένον
1304 3970 1505 4024 σκοπὸν
1559 3972 1726 4038 εὐθὺς
1759 4044 1761 4046 η

166 4055 436 4112 ἐπάνεισιν.
484 4058 547 4112 ’0
592 4056 702 4128 γὰρ
747 4056 900 4125 λόγος
955 4057 1101 4129 αὐτῷ
1143 4058 1268 4113 οὗτε
1340 4064 1423 4126 είς
1481 4065 1725 4134 τεχνολο-

167 4149 271 4216 γίαν
300 4151 392 4203 καὶ⁹
431 4146 765 4219 κατονόησιν
805 4149 1037 4218 φύσεως,
1099 4147 1225 4205 οὔτε
1257 4153 1365 4225 μὴν
1402 4155 1483 4219 είς
1535 4151 1723 4231 γραμ-

169 4241 314 4315 μικὴν
343 4243 606 4314 Θεωρίαν,
658 4241 691 4312 ἢ
735 4243 835 4312 τὴν
883 4233 1282 4316 περιττοτέραν
1349 4249 1406 4300 ὲν
1435 4251 1550 4312 τοῖς
1604 4253 1726 4323 ἀρι-

167 4332 300 4403 θμοῖς
328 4335 570 4388 σύνεσιν.
625 4332 765 4387 Ἀλλ’
797 4333 917 4386 οὐδὲ
964 4329 1323 4400 σπούδάζεται
1349 4338 1522 4412 τούτῳ
1558 4343 1592 4413 ἡ
1628 4341 1722 4394 τοῦ

164 4424 367 4499 ούρανοῦ
403 4427 650 4498 κίνησις,
689 4425 724 4499 ἢ
771 4425 915 4489 ὅπως
943 4427 971 4479 ὁ
1022 4426 1266 4500 ἀπλανὴς
1329 4432 1534 4502 κόσμος
1585 4433 1723 4504 πρὸς

164 4519 269 4582 τοὺς
295 4520 578 4592 πλάνητας
626 4518 853 4592 ἐπαντᾷι
885 4519 1051 4573 Μέλει
1105 4519 1163 4573 δὲ
1201 4523 1374 4592 αὐτῷ,
1418 4502 1722 4596 συμφώνων
1750 4502 1803 4560 Ῑ)

163 4610 192 4681 ἦ
218 4613 507 4683 ὁμοφώνων
544 4610 727 4674 οὐδὲν,
759 4611 874 4666 ἀλλ’
896 4612 1016 4665 οὐδὲ
1043 4612 1151 4666 τῶν
1175 4613 1268 4667 ἐπὶ
1291 4613 1502 4679 τούτοις
1549 4619 1726 4688 ἐμμε-

168 4703 310 4758 λειῶν
330 4723 343 4735 ⁸
380 4707 471 4760 διὰ
504 4703 862 4761 τοῦτοταῦτα
892 4701 996 4777 ¹μὲν
1038 4705 1114 4769 ὡς
1149 4707 1381 4780 περιττὰ
1431 4711 1728 4782 παραπέμ-

165 4814 339 4853 πεταιο
368 4801 522 4853 ἔστιν
555 4801 694 4852 ὅπου
724 4799 818 4851 καὶ
845 4798 987 4855 κατὰ
1015 4799 1207 4870 καιρὸν
1259 4800 1542 4874 χρῴμενος
1569 4819 1584 4834 ο
1629 4804 1728 4874 τῆς

163 4889 210 4942 δὲ
267 4893 528 4963 ἀληθείας
611 4891 898 4962 ἁπανταχῆ
959 4891 1168 4963 ἔχεται,
1226 4898 1322 4947 καὶ
1390 4897 1492 4967 τῆς
1558 4895 1726 4969 ἀψευ-

163 4981 269 5049 δοῦς
343 4987 684 5059 διηγήσεως.
762 4985 1014 5052 Φράσεως
1075 4987 1132 5063 δὲ
1166 4987 1396 5052 πολλοὺς
1454 4989 1554 5061 μὲν
1615 4991 1742 5055 ἐπίο,

164 5093 307 5131 στατο
348 5082 616 5150 τρόπους,
670 5077 938 5151 κέχρηται
989 5078 1045 5132 δὲ
1097 5077 1176 5149 τῷ
1214 5070 1548 5153 ἀποχρῶντι,
1591 5083 1729 5156 πρὸς

163 5169 248 5240 τήν
270 5187 328 5226 τι
353 5173 466 5226 τῶν
502 5169 841 5237 σπουδαίων,
878 5171 968 5223 καὶ
1000 5169 1109 5241 τῶν
1136 5172 1348 5228 πολλῶν
1374 5173 1494 5245 ἅμα
1517 5175 1729 5247 ἀκρόα-

165 5277 255 5317 σιν.
298 5266 412 5320 Καὶ
463 5263 681 5344 ἤρκεσέ
702 5279 767 5331 γε
811 5263 962 5317 κατὰ·
1017 5265 1182 5318 ταυτδ
1235 5266 1565 5340 ἀμφοτέροις
1616 5269 1730 5333 τοῖς

164 5351 356 5426 μέρεσι.
400 5354 498 5427 Τῷ
526 5356 631 5424 μὲν
665 5353 777 5426 γὰρ
818 5352 1011 5428 ῥυθμῷ
1049 5355 1144 5409 καὶ
1170 5355 1251 5427 τῷ
1278 5343 1466 5412 κάλλει
1504 5354 1612 5429 τῆς
1638 5357 1730 5412 λέ-

163 5442 302 5512 ξεως,
369 5445 464 5499 τδν
543 5443 836 5514 ἐλλόγιμον
884 5446 1162 5516 ἀκροατὴν
1191 5446 1573 5516 ἐφειλκύσατο,
1636 5449 1732 5505 καὶ

163 5533 357 5605 usus»
380 5536 592 5600 ἱκανῶς
624 5540 739 5600 τοῖς
769 5536 878 5590 τῶν
909 5539 1146 5608 χαρίτων
1175 5533 1489 5616 θηράτροις,
1535 5543 1615 5614 τῷ
1671 5542 1730 5596 δέ

161 5641 215 5693 γε
238 5632 397 5696 σαφεῖ
426 5630 530 5685 καὶ
584 5627 802 5697 ποτίμῳ
825 5627 924 5691 τὰς
957 5628 1224 5695 ἰδιώτιδας
1250 5632 1417 5697 ἀκοὰς
1441 5633 1542 5705 τῆς
1600 5635 1731 5689 ἐαυ-

164 5713 243 5770 τοῦ
273 5721 456 5792 φωνῆς
481 5720 859 5790 ἀνηρτήσατο·
883 5719 1209 5792 ἀμφοτέροις
1239 5740 1295 5776 τε
1322 5719 1386 5779 αὖ
1415 5725 1732 5797 ὑπηγάγετο

165 5809 226 5880 τῷ
255 5815 507 5887 συντόμῳ
538 5811 639 5863 καὶ,
669 5810 900 5884 πιθανῷ.

1825 3225 2008 3282 verbis
2059 3225 2112 3280 in
2138 3227 2320 3295 .altum
2369 3226 2654 3282 invehant.
2708 3227 2912 3283 Volunt
2961 3228 3104 3283 enim
3142 3227 3234 3296 qui
3282 3235 3411 3283 sunt

1825 3317 2281 3389 sapientizejultra
2306 3318 2527 3374 modum
2571 3318 2759 3386 dediti,
2795 3319 2978 3376 omnia
3024 3318 3188 3374 scribi
3219 3319 3286 3374 ad
3315 3334 3411 3373 os-

1826 3413 2206 3470 tentationem.
2257 3428 2369 3468 non
2417 3412 2485 3467 ad
2550 3428 2762 3467 morum
2814 3411 3234 3468 correctionem.
3298 3410 3410 3481 Ego

1825 3514 2007 3559 autem
2043 3504 2165 3559 dico
2205 3504 2370 3574 hujus
2424 3505 2526 3558 viri
2581 3504 2786 3575 sc‘ripta
2835 3503 2986 3558 nullo
3038 3502 3232 3557 horum
3284 3517 3407 3558 esse

1825 3598 2071 3669 privata;
2106 3601 2202 3652 sed
2238 3594 2496 3667 quoniam
2534 3611 2644 3650 non
2693 3596 2761 3651 ad
2794 3593 3218 3652 ostentationem
3251 3608 3406 3649 com-

1825 3693 2119 3767 parabatur
2142 3692 2261 3762 ejus
2285 3689 2530 3761 seriptio,
2551 3705 2613 3745 ea
2643 3705 2752 3746 non
2770 3697 3049 3761 ponuntur
3075 3687 3406 3759 frequentia,

1824 3802 2004 3858 neque
2039 3786 2219 3841 statim
2251 3799 2280 3838 a
2299 3782 2589 3854 principio,
2616 3797 2795 3854 neque
2815 3782 3036 3852 ubique,
3067 3795 3245 3852 neque
3264 3779 3407 3852 apud

1825 3893 2018 3935 omnes
2058 3895 2072 3934 :
2106 3878 2199 3933 sed
2255 3876 2475 3948 quando
2529 3890 2618 3931 res
2664 3875 2756 3951 dat
2784 3873 3243 3950 eijoccasionem,
3277 3888 3409 3930 usus

1826 3972 1913 4038 iis,
1946 3988 2067 4042 qua:
2112 3971 2350 4042 postulat
2388 3970 2586 4034 oratio,
2630 3970 2770 4026 redit
2795 3983 3010 4024 rursum
3061 3967 3127 4021 ad
3181 3981 3406 4038 scopum

1825 4065 2187 4136 pr0p0situm.
2222 4065 2352 4134 Ejus
2371 4063 2519 4120 enim
2541 4063 2714 4119 oratio
2744 4077 2921 4133 neque
2949 4061 3016 4117 ad
3058 4059 3408 4132 sojih'sticam

1827 4156 2070 4211 intuetur
2095 4156 2447 4227 jactationem
2479 4161 2533 4209 et
2562 4154 2837 4210 forensem
2867 4161 3208 4224 apparatum,
3231 4164 3408 4221 neque

1826 4249 1894 4304 ad
1932 4248 2283 4304 artiﬁciosum
2324 4247 2655 4325 naturalium
2692 4244 3175 4318 excogitationem,
3227 4252 3405 4311 neque

1827 4341 1894 4396 ad
1931 4341 2222 4395 .linearum
2272 4339 2786 4410 contemplationem
2820 4377 2836 4403 ,
2891 4344 2987 4392 aut
3035 4333 3394 4390 curiosiorcm

1826 4450 2184 4492 numerorum
2209 4433 2643 4506 intelligentiam.
2679 4430 2785 4485 Sed
2821 4443 3002 4498 neque
3032 4435 3117 4482 est
3148 4426 3195 4480 ei
3222 4424 3407 4480 studio

1829 4529 1952 4585 caeli
2007 4538 2212 4593 motus,
2248 4533 2344 4581 aut
2372 4524 2832 4596 quemadmodum
2877 4522 3127 4578 inerrans
3171 4516 3408 4572 mundus

1809 4620 2088 4693 oprocedat
2116 4618 2263 4673 circa
2313 4617 2498 4672 stellas
2534 4623 2781 4670 errantes
2809 4612 2940 4669 :scd
2990 4624 3171 4681 neque
3199 4616 3327 4664 sunt
3355 4605 3406 4660 ci
3474 4657 3500 4678 ο

1828 4726 1974 4766 cura:
1999 4714 2386 4772 consonantes,
2429 4715 2523 4761 aut
2553 4704 2931 4765 semivocales.
2960 4705 3140 4773 neque
3163 4699 3260 4770 qui
3313 4713 3408 4769 per

1828 4817 1921 4858 eas
1933 4802 1994 4858 lit
2008 4811 2323 4858 concentus.
2344 4799 2636 4870 Propterea
2652 4798 2767 4852 haec
2779 4796 2998 4868 quidem
3013 4793 3271 4848 amandat
3289 4800 3410 4845 tan-

1789 4947 1793 4950 .
1829 4911 1990 4968 quam
2030 4909 2456 4966 supervacanea,
2507 4905 2902 4960 nonnunquam
2930 4896 3112 4942 tamen
3143 4885 3222 4940 eis
3246 4892 3404 4938 uten!

1829 4997 1887 5043 et
1935 4990 1988 5043 in
2037 4997 2304 5058 tempore.
2357 4983 2586 5041 Veritali
2615 4992 2797 5038 autem
2853 4977 3401 5047 adbasret,etalalso

1798 5079 2024 5136 'alienae
2071 5077 2393 5135 narrationi.
2438 5073 2703 5133 Dictionis
2728 5083 2910 5130 autem
2954 5073 3163 5129 sciebat
3189 5069 3408 5142 quidem

1830 5173 2033 5229 multos
2057 5171 2247 5226 modos
2275 5188 2291 5225 :
2325 5184 2457 5225 usus
2479 5176 2564 5224 est
2579 5178 2764 5224 autem
2781 5182 2868 5230 eo,
2896 5163 2991 5236 qui
3023 5159 3410 5218 sulliciebatad

1773 5263 1776 5265 λ
1831 5264 2166 5320 auditionem
2197 5261 2360 5317 simul
2389 5270 2446 5317 et
2464 5260 2758 5326 bonorum,
2782 5241 2839 5314 ct
2863 5255 3009 5328 vulgi
3035 5275 3047 5310 :
3081 5263 3139 5310 et
3159 5262 3219 5308 ut
3239 5266 3410 5324 usque

1831 5355 2060 5411 auribus
2107 5353 2274 5408 simul
2319 5351 2590 5409 satisfecit
2631 5369 2645 5406 :
2695 5365 2822 5406 nam
2870 5345 3130 5404 dictionis
3188 5343 3410 5430 quidem

1832 5464 2065 5505 numero
2087 5456 2143 5504 et
2172 5446 2579 5520 pulchritudine
2603 5445 2880 5501 eruditum
2908 5442 2987 5496 sic
3014 5437 3234 5495 attraxit
3258 5434 3412 5491 audi-

1833 5553 2032 5605 torem,
2055 5548 2111 5596 et
2154 5541 2289 5596 satis
2351 5539 2544 5595 delinit
2595 5537 2895 5610 gratiarum
2957 5529 3231 5586 illecebris
3287 5541 3406 5582 :eo

1833 5643 2014 5688 autem
2045 5632 2191 5703 quod
2216 5640 2364 5688 esset
2383 5632 2528 5686 clara
2560 5638 2615 5686 et
2634 5628 2947 5701 succulenta
2972 5620 3166 5685 oratio,
3203 5617 3409 5697 eﬂecit'

1837 5733 1896 5780 ut
1926 5738 2090 5778 aures
2122 5724 2500 5796 imperitorum
2535 5722 2604 5778 ab
2624 5723 2743 5790 ejus
2763 5732 2896 5776 voce
2915 5713 3238 5787 penderent.
3279 5709 3410 5768 Αωέ

1839 5815 1940 5874 hos
1969 5831 2185 5875 rursum
2218 5816 2430 5874 induxit
2468 5815 2729 5873 brevitate
2757 5821 2812 5868 et
2833 5804 3231 5884 probabilitate.
