3868 6480
409 363 514 431 195

477 478 592 550 Ego
637 474 806 538 enim,
846 481 906 528 ut
935 471 1071 526 nihil
1124 470 1325 532 dicam,
1353 467 1540 524 celans
1581 465 1725 538 quod
1757 464 1829 520 sit
1863 479 1994 518 vero
2021 470 2074 528 Α

405 571 612 636 minus,
643 569 756 623 scio
782 566 1006 636 quidem
1037 579 1159 618 esse
1197 563 1366 616 multa
1399 561 1614 616 dicendi
1637 573 1835 631 genera
1875 557 1996 642 pul-

404 665 658 728 chriora;
694 659 1100 731 perfectiorum,
1141 657 1383 725 inquam,
1422 661 1722 716 oratorum,
1753 659 1809 705 et
1857 666 1994 720 quo-

403 770 524 810 rum
556 754 835 823 exemplar
865 766 971 805 non
1004 759 1089 804 est
1113 749 1268 819 vulgo
1294 747 1632 818 propositum
1661 744 1728 799 ad
1772 741 2004 798 imitan-.

404 847 554 906 dum.
616 849 845 914 propter
899 840 1263 896 excellentem
1328 854 1522 899 sonum
1577 846 1633 891 et
1700 848 1990 890 numerum

402 937 707 991 orationis:
741 932 1178 1003 praestantiorem
1204 938 1384 983 autent
1417 927 1634 982 dicendi
1667 924 1994 981 formam-iis

403 1028 644 1098 scriptis,
675 1042 796 1096 qua:
841 1039 1176 1094 componere
1208 1015 1496 1100 statuerat,
1529 1019 1729 1089 _ttescio
1753 1030 1820 1072 an
1851 1019 1992 1088 quis-

405 1137 569 1191 quam
611 1135 677 1174 ex
725 1117 983 1172 omnibus
1033 1130 1274 1184 unquam
1335 1110 1696 1183 adaptaverit.
1734 1109 1842 1164 Sed
1887 1109 1991 1164 etsi

401 1216 526 1284 quis
560 1228 625 1267 ex
661 1212 788 1275 illis,
824 1211 916 1280 qui
948 1219 1004 1264 et
1036 1209 1275 1264 dictione
1301 1206 1577 1262 excellunt
1611 1213 1665 1260 et
1695 1203 1989 1270 sententia,

402 1307 678 1379 ejusmodi
703 1315 1025 1377 argumenta
1047 1301 1401 1372 suscepisset,
1435 1299 1826 1354 accuratiorem
1874 1297 1991 1368 qui-

401 1403 525 1455 dem
563 1410 618 1455 et
639 1400 1060 1455 elaboratiorem
1095 1395 1372 1451 effecisset
1398 1393 1725 1457 orationem,
1754 1393 1848 1448 sed
1878 1407 1988 1448 non

403 1493 588 1547 itidem
612 1491 1103 1559 dicoauditoribus
1135 1496 1545 1560 congruent-em,
1582 1494 1636 1541 et
1661 1485 1988 1541 convenien-

401 1594 532 1640 tem.
574 1585 708 1640 Nam
739 1595 794 1640 et
815 1584 1081 1655 prooemia
1114 1582 1233 1654 ejus
1262 1581 1572 1636 orationum
1604 1578 1785 1634 statim
1816 1579 1985 1634 attin-

401 1688 536 1745 gunt
563 1679 894 1747 subjectum,
927 1682 1008 1731 'et
1066 1691 1257 1746 parum
1306 1674 1607 1744 procedens
1634 1671 1874 1728 ostendit
1902 1671 1986 1727 sui

399 1770 588 1839 scripti
640 1785 898 1840 scopum;
950 1777 1004 1823 et
1038 1768 1092 1822 in
1134 1765 1414 1821 nonnullis
1448 1765 1811 1828 orationibus,
1861 1779 1984 1817 cum

1895 351 2160 412 PSELLI

2183 459 2327 530 Ἐγὼ
2353 461 2460 534 γὰρ
2487 461 2574 516 ἵνα
2605 462 2774 534 μηδὲν
2802 462 2888 533 φῶ
2926 461 3019 518 τοῦ
3051 464 3288 537 ἀληθοῦς
3314 465 3537 525 ἔλαττόν
3561 473 3688 530 ἑπι-

2100 557 2470 628 κρυψάμενος,
2500 558 2869 628 χαρακτήρων
2942 615 2946 618 ,
2957 560 3056 630 μὲν
3085 559 3258 630 λόγων
3313 563 3541 629 πολλοὺς
3568 560 3691 622 οῖδα

2099 649 2408 713 καλλίονας,
2445 650 2588 718 λέγω
2619 649 2682 720 δὴ
2708 652 2816 703 τῶν
2854 651 3207 722 ,τελεωτέρων
3261 655 3531 727 ρητόρων,
3589 661 3690 714 καὶ

2098 743 2147 798 οἳ
2188 743 2325 814 μηδὲ
2359 742 2496 816 πρὸς
2529 745 2886 816 παράδειγμα
2913 749 3025 809 τοῖς
3077 746 3295 812 πολλοῖς
3350 751 3560 818 ἑστᾶσι,
3608 751 3690 824 τῷ

2106 835 2473 910 ὑπερηχοῢντι
2519 838 2612 891 τοῦ
2675 839 2829 892 τόνου
2873 840 2968 892 καὶ
3011 838 3104 892 τοῦ
3154 827 3388 912 ῥυθμοῦ,
3449 844 3682 914 ἀκριϐε-

2099 931 2295 1002 στέραν
2317 931 2373 984 δὲ
2403 931 2570 997 ἰδέαν,
2595 925 2678 996 οἷς
2703 932 2877 986 είλετο
2911 931 3198 987 συνθέσθαι
3226 937 3684 1008 συγγράμμασιν,

2097 1024 2196 1078 οὐκ
2225 1018 2340 1078 οἶδα
2371 1025 2506 1088 εῐτις
2551 1023 2662 1077 τῶν
2698 1023 2918 1078 πάντων
2956 1026 3322 1096 συνήρμοσεν.
3393 1028 3560 1083 Ἀλλά
3592 1033 3688 1083 καὶ

2096 1118 2230 1182 είτις
2258 1116 2324 1171 ἂν
2358 1117 2467 1170 τῶν
2493 1116 2767 1189 περιττῶν
2792 1115 3015 1171 ἐκείνων
3063 1117 3164 1188 τήν
3216 1135 3276 1172 τε
3335 1119 3538 1191 φράσιν
3589 1121 3688 1175 καὶ

2090 1211 2190 1280 τὴν
2239 1209 2559 1282 ἐνθύμησιν,
2611 1208 2892 1280 προείλετο
2940 1209 3039 1281 τὴν
3097 1209 3357 1281 τοιαύτην
3401 1211 3686 1282 ὑπόθεσιν,

2092 1303 2516 1376 περιεργότερον
2547 1301 2646 1374 μὲν
2670 1301 2734 1376 av
2763 1302 2892 1366 ἴσως
2914 1302 3051 1374 αὐτῇ
3069 1302 3162 1357 τὸν
3182 1303 3338 1371 λόγον
3364 1305 3687 1376 εἰργάσατο,

2091 1397 2151 1452 οὔ
2189 1415 2333 1467 φημι
2381 1397 2439 1450 δὲ
2475 1386 2760 1465 σύμπασιν
2801 1397 3099 1466 ἀκροαταῖς
3126 1396 3462 1467 κατάλληλον
3499 1411 3558 1451 τε
3588 1401 3689 1452 καὶ

2089 1488 2159 1557 ἀρ
2169 1486 2513 1559 ςίοδιώτερον.
2548 1487 2628 1540 Τά
2655 1505 2713 1541 τε
2748 1489 2857 1558 γὰρ
2886 1485 3151 1558 προοίμια
3196 1487 3306 1541 τῶν
3332 1487 3506 1556 λόγων
3531 1488 3688 1559 αὐτῷ

2090 1581 2372 1650 ἁπτόμενα
2407 1579 2568 1642 εὐθὺς
2589 1578 2682 1633 τοῦ
2730 1580 3118 1651 ὑποκειμένου,
3151 1579 3248 1634 καὶ
3272 1578 3445 1652 βραχύ
3470 1598 3522 1634 τι
3551 1598 3690 1652 προ-

2087 1674 2185 1729 ῖὼν
2208 1675 2298 1728 τὸν
2326 1672 2418 1726 τοῦ
2449 1672 2709 1744 συγγράμ
2731 1689 2903 1743 ματος
2963 1672 3254 1741 ἀναφαίνει
3309 1672 3528 1738 σκοπζν,
3586 1671 3688 1726 καὶ

2089 1767 2185 1838 τὴν
2213 1768 2393 1842 πᾶσαν
2425 1767 2512 1818 ἐπ’
2540 1754 2702 1830 ἐνίοις
2730 1760 2839 1819 τῶν
2867 1753 3042 1835 λόγων
3088 1765 3350 1820 ὑπόθεσιν
3368 1765 3686 1835 κεφαλαιωσ-

401 1868 572 1913 totum
601 1867 984 1932 argumentum
1014 1857 1318 1928 accepisset
1339 1856 1391 1910 in
1410 1871 1702 1939 summam,
1734 1855 1786 1910 id
1803 1855 1984 1910 statim

2096 1859 2573 1930 aiueyo;,_et30b;
2631 1860 2775 1913 κατὰ
2830 1859 2998 1932 μέρος
3056 1858 3267 1931 τέμνει,
3307 1858 3444 1930 πρός
3484 1877 3543 1912 τε
3611 1859 3686 1912 τὰ

400 1953 455 2007 in
488 1963 668 2023 partes
701 1953 895 2008 dividit
924 1972 937 2006 :
971 1967 1031 2007 sc
1059 1960 1241 2006 autem
1270 1951 1655 2006 accommodat
1707 1950 1980 2020 personis,

400 2054 455 2100 et
479 2047 831 2114 temporibus.
871 2045 935 2100 Et
975 2053 1061 2099 cst
1116 2044 1335 2113 quidem
1374 2043 1628 2098 omnibus
1663 2043 1808 2097 idem
1839 2043 1986 2098 color

399 2140 687 2205 orationis,
725 2149 780 2194 et
807 2155 914 2193 una
952 2138 1187 2209 qualitas
1217 2136 1476 2193 dictionis
1511 2151 1764 2190 :morum
1804 2147 1986 2191 autem

400 2232 551 2285 varia
575 2241 659 2286 est
690 2220 937 2296 mutatio,
965 2241 1042 2294 et.
1080 2241 1137 2286 ut
1171 2230 1987 2301 dixeritquispiatn,at'tiliciosa

400 2337 509 2376 non
553 2333 774 2393 propter
799 2332 973 2379 artem
1007 2333 1095 2380 res
1128 2334 1367 2389 mutans,
1402 2325 1496 2379 sed
1521 2326 1663 2396 quod
1691 2324 1987 2394 unicuique

402 2417 478 2468 rei
515 2425 571 2470 et
605 2430 853 2486 persona:
882 2416 1143 2472 incidenti
1183 2419 1566 2483 conveniebat,
1598 2410 1985 2488 interpretans.

401 2501 681 2578 Tanquam
733 2517 916 2562 autem
961 2509 1029 2562 ad
1071 2507 1365 2580 archetypa
1403 2508 1734 2581 exemplaria
1786 2507 1854 2562 ad
1901 2523 1989 2563 res

401 2601 742 2669 antiquiores
779 2600 1021 2666 intuens,
1046 2616 1146 2655 nec
1179 2601 1247 2656 ab
1278 2602 1383 2655 illis
1416 2602 1718 2667 reccdit,ne
1744 2601 1990 2656 videatut-

402 2693 604 2762 aliquid
645 2693 793 2746 aliud
837 2693 1040 2756 facere,
1074 2706 1130 2747 et
1155 2693 1221 2748 ad
1259 2693 1537 2764 exemplar
1570 2708 1784 2764 quoque
1817 2701 1989 2748 totam

404 2792 732 2839 transmutat
779 2784 998 2848 dicendi
1053 2784 1314 2851 formam,
1346 2801 1458 2840 non
1482 2786 1756 2841 diversam
1781 2785 1990 2840 faciens

401 2877 680 2931 materiam
707 2917 722 2942 ,
789 2877 887 2932 sed
930 2876 1074 2948 quod
1105 2877 1159 2931 in
1189 2878 1408 2934 dicendi
1449 2893 1649 2949 genere
1706 2887 1989 2950 peccatum

401 2977 540 3031 crat,
593 2969 877 3040 corrigens
912 2985 926 3022 :
963 2984 1145 3038 neque
1215 2971 1521 3026 sententias
1555 2971 1844 3037 innovans,
1893 2971 1989 3036 sed

401 3069 728 3113 convertens
763 3060 990 3130 ﬁgurant
1023 3060 1280 3114 dictionis
1314 3077 1326 3113 :
1357 3069 1413 3114 et
1455 3060 1504 3114 ei
1545 3060 1791 3115 incidens
1813 3061 1990 3115 oratio

403 3156 462 3208 in
508 3153 882 3207 diversitatem
938 3152 1315 3207 narrationum
1363 3161 1417 3208 et
1445 3153 1765 3208 varietatem
1830 3170 1991 3226 argu-

405 3251 738 3311 mentorum,
788 3261 898 3300 non
951 3245 1310 3301 confunditur
1365 3263 1546 3318 neque
1601 3248 1986 3318 perturbatur;

403 3337 499 3391 sed
551 3346 810 3406 tanquam
843 3339 1091 3418 eptimus
1151 3340 1512 3411 gubernator,
1559 3357 1684 3396 cum
1741 3341 1790 3396 ei
1835 3342 1990 3398 navis

402 3429 700 3500 agitaretur
753 3432 1028 3517 ﬂuctibus,
1069 3435 1249 3489 stabat
1278 3435 1498 3506 quietus
1543 3435 1758 3490 clavum
1792 3445 1988 3492 tenens

402 3523 868 3580 artiﬁciosissime.

474 3615 646 3671 Porro
693 3630 875 3672 autem
931 3618 985 3673 in
1045 3619 1330 3675 nonnullis
1380 3637 1597 3691 quoque
1646 3623 1988 3678 orationibus

399 3707 657 3765 describit
679 3713 910 3780 patriam
931 3726 1146 3780 eorum,
1174 3713 1265 3782 qui
1299 3713 1612 3777 laudantur,
1640 3715 1708 3769 ab
1731 3715 1986 3770 universa

403 3811 545 3855 terra
570 3803 851 3871 separ'ans,
871 3812 926 3857 et
949 3803 1229 3870 deducens
1255 3803 1321 3858 ad
1353 3820 1514 3858 unam
1541 3807 1988 3875 partem;deinde

401 3894 645 3964 loquitur
677 3897 841 3950 etiam
878 3895 1132 3951 nonnihil
1167 3896 1235 3950 de
1267 3895 1605 3962 ﬂuminibus,
1634 3905 1687 3952 et
1708 3898 1776 3953 de
1796 3914 1986 3954 eorum

399 3988 683 4061 principiis
713 3989 932 4044 disserit
961 3990 1303 4056 naturaliter,
1348 3991 1524 4062 deque
1573 3993 1988 4062 opportunitate

371 4081 704 4147 civitatum,
734 4090 788 4135 ct
817 4082 1298 4154 detemperatione
1323 4084 1487 4152 aeris,
1511 4085 1653 4140 etde
1679 4094 1984 4156 temporum

401 4175 818 4243 convenientia;
852 4176 1067 4232 etiamsi
1103 4177 1159 4243 ii,
1215 4178 1308 4248 qui
1351 4188 1482 4234 sunt
1530 4191 1720 4234 revera
1754 4180 1987 4235 auribus

399 4264 563 4334 paulo
595 4266 961 4332 surdioribus,
983 4284 1068 4336 ea,
1087 4285 1207 4339 quze
1228 4270 1506 4335 dicuntur,
1526 4286 1634 4326 non
1650 4273 1984 4328 exaudiunt:

401 4357 756 4413 multifariam
788 4375 1005 4432 quoque
1043 4371 1240 4417 tractat
1291 4372 1478 4433 partes
1522 4363 1804 4430 orationis,
1851 4365 1987 4422 alias

399 4453 621 4521 quidem
680 4455 873 4526 majori
946 4457 1328 4522 contentione,
1364 4457 1496 4512 alias
1543 4473 1673 4514 vero
1728 4459 1903 4515 lenius
1932 4469 1988 4515 et

2086 1952 2353 2024 πρόσωπα
2376 1952 2469 2006 καὶ
2501 1951 2629 2015 τοὺς
2659 1949 2885 2022 καιροὺς
2940 1948 3386 2024 μεθαρμόζεται.
3445 1951 3559 2006 Καὶ
3619 1951 3683 2005 τδ

2091 2045 2188 2116 μὲν
2219 2045 2416 2116 χρῶμα
2442 2044 2537 2098 τοῦ
2585 2043 2742 2114 λόγου
2765 2045 2824 2098 τὸ
2871 2043 3004 2098 αὐτὸ
3055 2043 3217 2109 πᾶσι,
3266 2041 3418 2115 καὶὴ
3455 2044 3683 2113 ποιότης

2092 2135 2189 2206 μία
2241 2138 2343 2206 τῆς
2384 2136 2678 2206 φράσεως·
2714 2137 2748 2206 ἡ
2803 2135 2859 2189 δέ
2915 2152 2979 2204 γε
3037 2134 3133 2188 τοῦ
3193 2133 3367 2220 ἤθους.
3407 2134 3684 2208 μεταϐολή

2090 2226 2339 2296 ποικίλη,
2371 2228 2462 2280 καὶ
2497 2226 2574 2288 ὡς
2613 2225 2680 2280 ἂν
2725 2225 2858 2299 εῐπῃ
2886 2243 2992 2290 τις,
3022 2226 3267 2296 τεχνικὴ,
3318 2226 3379 2278 ού
3431 2225 3521 2279 διὰ
3582 2226 3686 2296 τὴν
3771 2236 3788 2252 ⁶

2087 2321 2282 2391 τέχνην
2314 2321 2380 2374 τὰ
2417 2321 2720 2391 πράγματα
2757 2316 3188 2390 μεταϐάλλουσα,
3216 2316 3351 2372 ἀλλὰ
3379 2317 3440 2370 τὸ
3466 2317 3683 2388 ἑκάστῳ

2089 2411 2196 2465 τῶν
2264 2413 2739 2483 παραπιπτόντων
2780 2410 3119 2482 πραγμάτων
3151 2425 3209 2463 τε
3255 2408 3347 2465 καὶ
3372 2408 3685 2480 προσώπων

2090 2506 2294 2559 οίκείον
2326 2505 2804 2576 ὑφερμηνεύουσα.
2871 2503 2960 2571 Ὦς
3001 2503 3137 2574 πρὸς
3181 2502 3466 2580 ἀρχέτυπα
3492 2503 3546 2555 δὲ
3609 2502 3683 2557 τὰ

2103 2599 2441 2670 ἀρχαιότερα
2481 2599 2590 2653 τῶν
2649 2596 2992 2669 πραγμάτων
3042 2597 3386 2663 ὲνατενίζων,
3456 2584 3684 2651 ἐκείνων

2091 2692 2272 2756 τερὺκ
2303 2689 2619 2758 ἀφίσταται,
2665 2689 2750 2742 ἵνα
2783 2687 2858 2760 μὴ
2885 2686 3173 2759 δόξῃ’άλλο
3225 2704 3276 2740 τι
3324 2687 3517 2753 ποιῶν,
3585 2689 3685 2742 καὶ

2092 2781 2242 2854 παρά
2285 2781 2348 2834 τὸ
2389 2781 2766 2852 παράδειγμα,
2815 2781 2909 2834 καὶ
2942 2780 3040 2852 τὴν
3077 2778 3204 2851 ὃλην
3255 2778 3400 2833 ίδέαν
3443 2797 3686 2851 μετατυ-

2098 2877 2210 2942 ποῖ,
2243 2875 2343 2929 οὐκ
2369 2875 2711 2929 ἐναλλάττων
2740 2872 2839 2946 τὴν
2878 2871 3032 2945 ὕλην,
3075 2872 3213 2927 ἀλλὰ
3235 2870 3297 2926 τὸ
3351 2873 3684 2944 ἡμαρτημέ-

2091 2985 2182 3022 νον
2219 2968 2327 3022 τῶν
2359 2968 2517 3022 εἰδῶν
2545 2967 2927 3040 διορθούμενος
2949 2983 2963 2997 ο
3025 2965 3150 3020 οὐδὲ
3180 2965 3519 3035 καινοτομῶν
3579 2968 3685 3031 τὰς

2094 3059 2328 3125 ἐννοίας,
2391 3060 2528 3114 ἀλλά
2586 3059 2646 3113 τὸ
2710 3060 2810 3131 τῆς
2859 3059 3068 3125 λέξεως
3120 3057 3306 3129 σχῆμα
3347 3057 3684 3127 μετατιθεὶς.

2094 3153 2430 3226 ἀνωμαλίαις
2469 3172 2528 3207 τε
2606 3152 2968 3224 περιπίπτων
3034 3149 3388 3221 διηγημάτων
3435 3150 3462 3203 ό
3523 3150 3686 3219 λόγος

2096 3248 2269 3318 αὐτῷ,
2309 3247 2406 3301 καὶ
2465 3248 2835 3318 μεταλλαγαϊς
2885 3242 3222 3307 ὑποθέσεων,
3274 3241 3336 3296 οὐ
3399 3246 3686 3314 συγχεῖ-ται

2089 3341 2214 3396 οὐδὲ
2247 3342 2620 3412 ταράττεταιο
2655 3339 2772 3395 ἀλλ’
2813 3338 3004 3410 ῶσπερ
3065 3335 3288 3406 ἄριστος
3339 3334 3688 3406 κυϐερνήτης

2091 3434 2559 3507 περικλυζομένης
2615 3432 2763 3504 αὐτῷ
2813 3431 2910 3502 τῆς
2953 3429 3086 3492 νεὼς
3136 3427 3383 3498 ἀτρέμας
3412 3428 3685 3501 εἱστήκει,

2088 3525 2166 3598 τῷ
2195 3526 2344 3580 οίακι
2381 3521 2766 3596 τεχνικώτατα
2812 3521 3116 3594 χρώμενος.

2163 3625 2322 3678 Ἔστι
2376 3624 2434 3678 δὲ
2488 3617 2549 3678 οὗ
2595 3622 2706 3676 τῶν
2733 3621 2906 3692 λόγων
2934 3624 3024 3676 καὶ
3056 3621 3529 3694 γεωγραφεΓτάς
3574 3622 3687 3674 τῶν

2089 3702 2508 3791 ἐπαινουμένων
2541 3711 2832 3788 πατρίδας,
2865 3716 2968 3788 τῆς
3019 3717 3320 3788 συμπάσης
3379 3715 3688 3785 ἀποτεμνό-

2092 3830 2253 3883 μενος
2277 3813 2400 3882 γῆς,
2437 3811 2530 3864 καὶ
2563 3809 2781 3879 ἀνάγων
2815 3811 2896 3874 είς
2924 3809 2982 3864 ἓν
3016 3810 3124 3862 τῶν
3168 3810 3496 3881 τμημάτων.
3549 3801 3688 3861 Εἶτα

2087 3905 2144 3959 δὲ
2175 3906 2271 3958 καὶ
2300 3905 2428 3976 περὶ
2453 3905 2718 3976 ποταμῶν
2759 3922 2813 3958 τι
2868 3890 3188 3975 φθέγγεται.
3233 3906 3328 3960 καὶ
3372 3899 3691 3972 φυσιολογεῖ

2089 3997 2265 4051 αὐτῶν
2290 3997 2387 4061 τάς
2434 3998 2630 4068 ἀρχὰς,
2659 3997 2917 4069 καὶπερὶ
2971 3997 3255 4068 εὐκαιρίας
3309 3995 3538 4062 πόλεων,
3590 3996 3690 4049 καὶ

2089 4089 2338 4161 κράσεως
2393 4091 2592 4162 ἀέρων,
2634 4089 2729 4144 καὶ
2761 4088 2918 4161 ὡρῶν
2959 4089 3244 4162 ἁρμονίας,
3285 4088 3334 4142 εί
3373 4087 3464 4139 καὶ
3500 4086 3549 4139 οἱ
3585 4087 3689 4156 τὴν

2088 4184 2260 4255 ἀκοὴν
2322 4185 2400 4252 τῷ
2477 4183 2591 4238 ὄντι
2649 4184 2922 4254 δυσήκοοι,
2988 4183 3196 4237 τούτων
3242 4179 3552 4251 λεγομένων
3584 4181 3690 4235 οὐκ

2089 4279 2394 4331 ἐπαΐουσιν.
2471 4277 2734 4332 ’Λπτεται
2790 4277 2846 4332 δὲ
2912 4276 3008 4330 καὶ
3077 4274 3372 4338 πολυειδῶς
3411 4273 3520 4328 τῶν
3585 4272 3687 4327 τοῦ

2087 4368 2249 4438 λόγου
2307 4369 2512 4441 μερῶν,
2561 4371 2630 4423 τὰ
2695 4368 2796 4440 μὲν
2849 4369 3389 4442 ἀγωνιστικώτερον,
3461 4370 3532 4424 τὰ
3625 4370 3686 4422 δὲ

2090 4459 2421 4533 πραότερον.
2477 4461 2587 4532 Τῆς
2637 4460 2694 4514 δὲ
2743 4461 2852 4514 τῶν
2933 4461 3240 4533 διηγήσεων
3306 4462 3528 4532 χάριτος
3599 4461 3687 4524 τίς

400 4546 666 4602 sedatius.
731 4547 790 4601 ln
826 4547 999 4618 gratia
1061 4558 1244 4603 autem
1301 4551 1715 4620 narrationum,
1757 4554 1878 4623 quis
1922 4569 1985 4608 ex

2096 4550 2158 4606 ἂν
2220 4550 2366 4624 αύτῷ
2450 4551 2560 4605 τῶν
2631 4550 2852 4605 πάντων
2911 4549 3428 4622 ἀμφισϐητήσειενς
3485 4552 3587 4622 τῆς
3630 4551 3688 4606 δὲ

401 4641 659 4696 omnibus
691 4658 815 4696 cum
850 4659 916 4698 eo
937 4642 1328 4699 contenderit?
1375 4644 1507 4710 Quis
1538 4646 1594 4700 in
1635 4647 1990 4717 compositio-

2094 4645 2394 4716 συνθήκης,
2467 4643 2567 4714 τῆς
2642 4643 2701 4698 δὲ
2758 4642 2868 4698 τῶν
2961 4643 3187 4716 ῥυθμῶν
3273 4645 3680 4708 άναπαύσεωςς

400 4729 515 4782 ne?
549 4729 682 4795 Quis
730 4730 782 4783 in
835 4747 1193 4787 numerorum
1234 4734 1555 4790 suavitate?
1591 4736 1724 4801 Quis
1758 4737 1812 4791 in
1855 4754 1988 4794 con-

2096 4740 2191 4808 τῆς
2248 4741 2305 4794 δὲ
2379 4737 2516 4809 πρὸς
2578 4738 2758 4793 πάντα
2855 4738 3238 4810 καταλλήλου,
3281 4737 3682 4810 ὲναρμοστίαςς

401 4823 668 4880 cinnitate
701 4824 752 4879 in
787 4827 1048 4882 omnibus
1100 4829 1489 4902 congruente?
1514 4832 1690 4901 Atque
1715 4833 1838 4887 volo
1869 4835 1990 4904 qui-

2096 4833 2364 4904 Βούλομαι
2459 4833 2560 4905 μὲν
2639 4830 2756 4901 οὖν,
2847 4829 2930 4886 ὃτι
3005 4831 3082 4903 μὴ
3167 4830 3470 4902 στωμύλος,
3547 4831 3688 4903 ὑπὲρ

401 4921 526 4976 dem
550 4921 886 4977 contendere
909 4924 1062 4993 quod
1102 4940 1211 4978 non
1237 4926 1308 4980 sit.
1335 4925 1513 4995 ampla
1546 4934 1601 4981 et
1634 4927 1850 4998 grandis
1874 4929 1991 4999 ejus

2096 4927 2303 4980 ἐκείνου
2375 4923 2824 4995 διαγωνίσασθαι.
2901 4924 3157 4996 Εὑρίσκω
3218 4925 3276 4978 δὲ
3322 4925 3450 4987 τοὺς
3486 4923 3686 4992 λόγους

401 5015 580 5092 oratio
611 5034 623 5068 :
659 5015 882 5071 invenio
935 5025 1139 5082 autem,
1205 5016 1325 5088 ejus
1356 5006 1702 5073 orationibus
1738 5035 1806 5075 ne
1852 5019 1991 5077 hanc

2096 5019 2244 5091 αὐτῷ
2298 5019 2434 5091 μηδὲ
2484 5019 2689 5092 ταύτης
2743 5021 2844 5090 τῆς
2866 5019 3090 5090 χάριτος
3167 5018 3519 5083 ἀποδέοντας,
3570 5016 3692 5072 ά¹λλ⁹

400 5089 624 5177 quidem
673 5107 866 5161 deesse
904 5106 1132 5177 gratiam
1183 5125 1196 5162 :
1237 5107 1571 5172 sedtalicubi
1624 5109 1842 5180 quidem
1901 5127 1993 5167 eas

401 5215 524 5255 esse
553 5200 764 5271 atnplas
789 5209 844 5255 et
879 5201 1273 5265 redundantes,
1309 5200 1364 5255 in
1387 5200 1632 5272 pluribus
1669 5214 1848 5258 autem
1877 5220 1997 5276 gra-

403 5308 498 5348 ves
533 5302 589 5348 et
646 5301 1004 5364 temperatas.
1038 5293 1174 5348 Cum
1204 5293 1302 5348 bas
1347 5301 1530 5348 autem
1575 5294 1711 5352 duas
1739 5296 1853 5350 vias
1892 5297 1994 5352 sibi

405 5385 810 5456 proposuisset,
859 5387 1203 5457 martyricam
1235 5388 1596 5442 constantiam
1628 5395 1682 5443 e‘t
1731 5389 1996 5443 monasti-

403 5495 525 5534 cam
595 5480 648 5533 in
701 5480 1094 5535 exercitatione
1145 5481 1509 5548 tolerantiam,
1567 5481 1739 5538 currit
1777 5481 1995 5551 quidem

405 5574 458 5626 in
525 5581 755 5643 utroque
808 5573 984 5628 stadio
1036 5590 1146 5629 non
1181 5589 1305 5630 cum
1367 5575 1568 5646 pedum
1632 5562 1995 5644 pernicitate,

407 5667 502 5726 sed
535 5682 660 5720 cum
695 5667 976 5725 celeritate
1025 5669 1313 5737 orationis,
1353 5671 1590 5726 maxime
1641 5679 1827 5724 autem
1879 5683 1997 5722 mo-

405 5763 675 5820 nasticam
735 5781 1065 5837 percurrens
1115 5768 1451 5824 curriculum
1481 5809 1496 5834 ,
1551 5767 1738 5824 evadit
1785 5781 1844 5820 se
1881 5766 1999 5836 ipso

405 5855 680 5938 robustior
703 5868 756 5916 et
777 5857 1002 5919 fortior:
1033 5877 1197 5920 aures
1217 5861 1441 5936 quidem
1471 5868 1619 5918 certe
1642 5855 1994 5933 pinguel‘acit,

2095 5105 2240 5169 ὃπού
2268 5114 2369 5187 μὲν
2435 5115 2530 5168 καλ⁸
2577 5113 2638 5167 τὸ
2692 5105 2947 5187 περιττὸν
2997 5109 3244 5184 ἔχοντας,
3281 5111 3338 5167 ἐν
3372 5111 3430 5166 δέ
3471 5129 3537 5181 γε
3576 5113 3692 5176 τοῖς

2061 5205 2308 5262 -πλείοσι
2384 5207 2446 5261 τὸ
2501 5207 2748 5279 κόσμιον.
2799 5205 2905 5260 Δύο
2961 5206 3018 5260 δὲ
3059 5205 3264 5271 ταύτας
3313 5205 3468 5270 ὁδοὺς
3532 5203 3689 5277 αὐτῷ

2098 5300 2350 5372 θέμενος,
2425 5297 2769 5373 μαρτυρικὴν
2845 5298 3123 5366 ἔνστασιν,
3209 5297 3306 5352 καὶ
3379 5297 3695 5369 ἀσκητικὴν

2065 5393 2418 5465 -καρτερίαν,
2498 5391 2682 5464 τρέχει
2763 5391 2863 5461 μὲν
2921 5389 3010 5443 ἐπ’
3087 5391 3290 5463 ἀμφοῖν
3349 5390 3466 5444 τοῖν
3552 5405 3695 5462 στα-

2098 5485 2364 5550 δίοιν,λοὺ
2433 5483 2612 5538 ποδῶν
2669 5482 2939 5554 ὠκύτητι,
2990 5481 3128 5536 ἀλλὰ
3198 5481 3477 5553 λογισμῶν
3566 5480 3698 5551 ἀξύ-

2099 5595 2246 5645 τητι,
2309 5576 2540 5648 μαλίστα
2582 5575 2638 5645 δὲ
2669 5576 2761 5629 τὸν
2804 5573 3103 5650 ἀσκητικὸν
3177 5574 3409 5629 διαθέων
3437 5573 3687 5640 δίαυλον,

2102 5670 2464 5740 εὐτονώτερος
2515 5667 2682 5722 αὑτοῦ
2731 5669 2826 5722 καὶ
2891 5665 3395 5738 ἀγωνιστικὼτερος
3453 5666 3692 5736 γίνεται.

2101 5760 2316 5816 Πιαίνει
2345 5761 2478 5830 γοῦν
2508 5779 2598 5832 μοι
2628 5759 2726 5832 τὴν
2760 5759 2954 5831 ἀκοὴν,
3012 5759 3252 5827 ὁπηνίκα
3284 5763 3313 5814 ὁ
3341 5760 3501 5829 λόγος
3535 5759 3694 5833 αὐτῷ

2102 5857 2278 5914 ἄνεισι
2307 5855 2404 5930 μὲν
2437 5855 2562 5932 ὅρη,
2589 5853 2774 5910 Cmam
2803 5853 2858 5908 δὲ
2917 5852 3158 5928 σπήλαια
3179 5869 3192 5884 ·
3231 5853 3336 5910 ὑπό
3360 5869 3421 5910 τε
3460 5853 3628 5914 πίτυν
3659 5853 3693 5928 ἢ
