  <div class='ocr_page' id='page_1' title='image "/cluster/home/n/w/nwhite01/storage/ocr_20150623/114/hvd.32044019208123/104.png"; bbox 0 0 3868 6466; ppageno 0'>
   <div class='ocr_carea' id='block_1_1' title="bbox 239 351 344 418">
    <p class='ocr_par' dir='ltr' id='par_1_1' title="bbox 239 351 344 418">
     <span class='ocr_line' id='line_1_1' title="bbox 239 351 344 418; baseline 0.038 -5"><span class='ocrx_word' id='word_1_1' title='bbox 239 351 344 418; x_wconf 73' lang='lat'><strong>19&#39;!</strong></span> 
     </span>
    </p>
   </div>
   <div class='ocr_carea' id='block_1_2' title="bbox 1317 307 2375 425">
    <p class='ocr_par' dir='ltr' id='par_1_2' title="bbox 1317 307 2375 425">
     <span class='ocr_line' id='line_1_2' title="bbox 1317 307 2375 425; baseline 0.007 -14"><span class='ocrx_word' id='word_1_2' title='bbox 1317 350 1727 411; x_wconf 84' lang='lat' dir='ltr'><strong>ENCOMIUM</strong></span> <span class='ocrx_word' id='word_1_3' title='bbox 1746 422 1749 425; x_wconf 27' lang='grc' dir='ltr'>η</span> <span class='ocrx_word' id='word_1_4' title='bbox 1768 307 2375 419; x_wconf 67' lang='grc' dir='ltr'><strong>ΜΕΤΑΡΗΒΑδΤίΕ.</strong></span> 
     </span>
    </p>
   </div>
   <div class='ocr_carea' id='block_1_3' title="bbox 3338 332 3523 427">
    <p class='ocr_par' dir='ltr' id='par_1_3' title="bbox 3338 332 3523 427">
     <span class='ocr_line' id='line_1_3' title="bbox 3338 332 3523 427; baseline -0.005 0"><span class='ocrx_word' id='word_1_5' title='bbox 3338 416 3350 427; x_wconf 92' lang='grc'><strong>.</strong></span> <span class='ocrx_word' id='word_1_6' title='bbox 3408 332 3523 427; x_wconf 69' lang='lat' dir='ltr'><strong>tas</strong></span> 
     </span>
    </p>
   </div>
   <div class='ocr_carea' id='block_1_4' title="bbox 225 460 1820 542">
    <p class='ocr_par' dir='ltr' id='par_1_4' title="bbox 225 460 1820 542">
     <span class='ocr_line' id='line_1_4' title="bbox 225 460 1820 542; baseline -0.006 -17"><span class='ocrx_word' id='word_1_7' title='bbox 225 468 363 542; x_wconf 67' lang='grc' dir='ltr'>δρῦν</span> <span class='ocrx_word' id='word_1_8' title='bbox 396 486 521 525; x_wconf 85' lang='grc' dir='ltr'>τινα</span> <span class='ocrx_word' id='word_1_9' title='bbox 542 468 787 542; x_wconf 11' lang='grc' dir='ltr'>ᾐκαθίζει</span> <span class='ocrx_word' id='word_1_10' title='bbox 818 467 911 521; x_wconf 65' lang='grc' dir='ltr'>τὸν</span> <span class='ocrx_word' id='word_1_11' title='bbox 945 462 1211 536; x_wconf 64' lang='grc' dir='ltr'>ἀσκητὴν,</span> <span class='ocrx_word' id='word_1_12' title='bbox 1241 463 1336 517; x_wconf 68' lang='grc' dir='ltr'>καὶ</span> <span class='ocrx_word' id='word_1_13' title='bbox 1373 462 1644 533; x_wconf 73' lang='grc' dir='ltr'>σχεδιάζει</span> <span class='ocrx_word' id='word_1_14' title='bbox 1676 460 1820 534; x_wconf 69' lang='grc' dir='ltr'>αὐτῷ</span> 
     </span>
    </p>
   </div>
   <div class='ocr_carea' id='block_1_5' title="bbox 1921 460 3522 542">
    <p class='ocr_par' dir='ltr' id='par_1_5' title="bbox 1926 466 3522 542">
     <span class='ocr_line' id='line_1_5' title="bbox 1926 466 3522 542; baseline 0.01 -26"><span class='ocrx_word' id='word_1_15' title='bbox 1926 466 2145 534; x_wconf 87' lang='lat' dir='ltr'><strong>quando</strong></span> <span class='ocrx_word' id='word_1_16' title='bbox 2168 467 2287 537; x_wconf 84' lang='lat' dir='ltr'><strong>ejus</strong></span> <span class='ocrx_word' id='word_1_17' title='bbox 2312 468 2487 525; x_wconf 89' lang='lat' dir='ltr'><strong>oratio</strong></span> <span class='ocrx_word' id='word_1_18' title='bbox 2520 470 2769 526; x_wconf 77' lang='lat' dir='ltr'><strong>ascendit</strong></span> <span class='ocrx_word' id='word_1_19' title='bbox 2811 471 3031 542; x_wconf 78' lang='lat' dir='ltr'><strong>quidem</strong></span> <span class='ocrx_word' id='word_1_20' title='bbox 3076 482 3329 539; x_wconf 86' lang='lat' dir='ltr'><strong>montes,</strong></span> <span class='ocrx_word' id='word_1_21' title='bbox 3371 476 3522 533; x_wconf 93' lang='lat' dir='ltr'><strong>subit</strong></span> 
     </span>
    </p>
   </div>
   <div class='ocr_carea' id='block_1_6' title="bbox 223 540 1819 633">
    <p class='ocr_par' dir='ltr' id='par_1_6' title="bbox 223 540 1819 633">
     <span class='ocr_line' id='line_1_6' title="bbox 223 540 1819 633; baseline -0.004 -17"><span class='ocrx_word' id='word_1_22' title='bbox 223 540 438 633; x_wconf 70' lang='grc' dir='ltr'>τροφὴν</span> <span class='ocrx_word' id='word_1_23' title='bbox 480 540 576 633; x_wconf 59' lang='grc' dir='ltr'><strong>τὴῖ)</strong></span> <span class='ocrx_word' id='word_1_24' title='bbox 628 561 694 613; x_wconf 76' lang='grc' dir='ltr'>ἐκ</span> <span class='ocrx_word' id='word_1_25' title='bbox 742 556 1006 629; x_wconf 83' lang='grc' dir='ltr'><strong>βοτανῶν,</strong></span> <span class='ocrx_word' id='word_1_26' title='bbox 1067 556 1160 609; x_wconf 77' lang='grc' dir='ltr'>καὶ</span> <span class='ocrx_word' id='word_1_27' title='bbox 1201 557 1354 625; x_wconf 85' lang='grc' dir='ltr'>πόμα</span> <span class='ocrx_word' id='word_1_28' title='bbox 1384 555 1447 608; x_wconf 81' lang='grc' dir='ltr'><strong>τὸ</strong></span> <span class='ocrx_word' id='word_1_29' title='bbox 1494 545 1559 608; x_wconf 79' lang='grc' dir='ltr'>ὲκ</span> <span class='ocrx_word' id='word_1_30' title='bbox 1604 554 1819 624; x_wconf 78' lang='grc' dir='ltr'>πηγῶν.</span> 
     </span>
    </p>
   </div>
   <div class='ocr_carea' id='block_1_7' title="bbox 226 649 1826 728">
    <p class='ocr_par' dir='ltr' id='par_1_7' title="bbox 226 649 1826 728">
     <span class='ocr_line' id='line_1_7' title="bbox 226 649 1826 728; baseline -0.005 -17"><span class='ocrx_word' id='word_1_31' title='bbox 226 655 585 728; x_wconf 74' lang='grc' dir='ltr'>Περιανθίζει</span> <span class='ocrx_word' id='word_1_32' title='bbox 623 655 733 724; x_wconf 84' lang='grc' dir='ltr'><strong>γὰρ</strong></span> <span class='ocrx_word' id='word_1_33' title='bbox 785 655 886 716; x_wconf 73' lang='grc' dir='ltr'>τὰς</span> <span class='ocrx_word' id='word_1_34' title='bbox 911 650 1167 711; x_wconf 82' lang='grc' dir='ltr'>τοιαύτας</span> <span class='ocrx_word' id='word_1_35' title='bbox 1197 650 1481 721; x_wconf 72' lang='grc' dir='ltr'><strong>διηγήσεις</strong></span> <span class='ocrx_word' id='word_1_36' title='bbox 1509 649 1689 717; x_wconf 79' lang='grc' dir='ltr'>λέξεσι</span> <span class='ocrx_word' id='word_1_37' title='bbox 1716 665 1826 704; x_wconf 89' lang='grc' dir='ltr'>τισι</span> 
     </span>
    </p>
   </div>
   <div class='ocr_carea' id='block_1_8' title="bbox 224 741 1828 815">
    <p class='ocr_par' dir='ltr' id='par_1_8' title="bbox 224 741 1828 815">
     <span class='ocr_line' id='line_1_8' title="bbox 224 741 1828 815; baseline -0.002 -16"><span class='ocrx_word' id='word_1_38' title='bbox 224 747 288 800; x_wconf 71' lang='grc' dir='ltr'>τὸ</span> <span class='ocrx_word' id='word_1_39' title='bbox 324 747 492 800; x_wconf 73' lang='grc' dir='ltr'>καλὸν</span> <span class='ocrx_word' id='word_1_40' title='bbox 527 744 843 808; x_wconf 76' lang='grc' dir='ltr'>ἀνθούσαις,</span> <span class='ocrx_word' id='word_1_41' title='bbox 879 745 974 798; x_wconf 76' lang='grc' dir='ltr'>καὶ</span> <span class='ocrx_word' id='word_1_42' title='bbox 1020 743 1318 815; x_wconf 79' lang='grc' dir='ltr'><strong>σχημάτων</strong></span> <span class='ocrx_word' id='word_1_43' title='bbox 1351 741 1617 796; x_wconf 74' lang='grc' dir='ltr'><strong>ποικίλλει</strong></span> <span class='ocrx_word' id='word_1_44' title='bbox 1650 742 1828 814; x_wconf 76' lang='grc' dir='ltr'>ῥοδω-</span> 
     </span>
    </p>
   </div>
   <div class='ocr_carea' id='block_1_9' title="bbox 225 824 1825 912">
    <p class='ocr_par' dir='ltr' id='par_1_9' title="bbox 225 824 1825 912">
     <span class='ocr_line' id='line_1_9' title="bbox 225 824 1825 912; baseline -0.001 -20"><span class='ocrx_word' id='word_1_45' title='bbox 225 843 394 905; x_wconf 75' lang='grc' dir='ltr'>νιιιῖς,</span> <span class='ocrx_word' id='word_1_46' title='bbox 455 840 552 892; x_wconf 76' lang='grc' dir='ltr'>καὶ</span> <span class='ocrx_word' id='word_1_47' title='bbox 599 836 678 902; x_wconf 83' lang='grc' dir='ltr'>ὡς</span> <span class='ocrx_word' id='word_1_48' title='bbox 718 824 1006 912; x_wconf 30' lang='grc' dir='ltr'>,δριῦμενα</span> <span class='ocrx_word' id='word_1_49' title='bbox 1064 837 1311 890; x_wconf 84' lang='grc' dir='ltr'>δείκνυσι</span> <span class='ocrx_word' id='word_1_50' title='bbox 1368 835 1437 890; x_wconf 81' lang='grc' dir='ltr'><strong>τὰ</strong></span> <span class='ocrx_word' id='word_1_51' title='bbox 1470 836 1595 889; x_wconf 81' lang='grc' dir='ltr'>τότε</span> <span class='ocrx_word' id='word_1_52' title='bbox 1627 834 1825 909; x_wconf 79' lang='grc' dir='ltr'><strong>καιροῦ</strong></span> 
     </span>
    </p>
   </div>
   <div class='ocr_carea' id='block_1_10' title="bbox 223 926 1825 1003">
    <p class='ocr_par' dir='ltr' id='par_1_10' title="bbox 223 926 1825 1003">
     <span class='ocr_line' id='line_1_10' title="bbox 223 926 1825 1003; baseline -0.001 -17"><span class='ocrx_word' id='word_1_53' title='bbox 223 932 604 1003; x_wconf 69' lang='grc' dir='ltr'>πραττόμενα.</span> <span class='ocrx_word' id='word_1_54' title='bbox 656 930 816 1001; x_wconf 82' lang='grc' dir='ltr'>Ζηλῶ</span> <span class='ocrx_word' id='word_1_55' title='bbox 874 930 971 1001; x_wconf 78' lang='grc' dir='ltr'>μὲν</span> <span class='ocrx_word' id='word_1_56' title='bbox 997 929 1091 984; x_wconf 78' lang='grc' dir='ltr'>οὖν</span> <span class='ocrx_word' id='word_1_57' title='bbox 1125 930 1237 999; x_wconf 79' lang='grc' dir='ltr'><strong>ἐγὼ</strong></span> <span class='ocrx_word' id='word_1_58' title='bbox 1282 929 1375 984; x_wconf 73' lang='grc' dir='ltr'>τὸν</span> <span class='ocrx_word' id='word_1_59' title='bbox 1405 926 1577 1001; x_wconf 67' lang='grc' dir='ltr'>ἄνδρα</span> <span class='ocrx_word' id='word_1_60' title='bbox 1601 932 1697 984; x_wconf 74' lang='grc' dir='ltr'>καὶ</span> <span class='ocrx_word' id='word_1_61' title='bbox 1723 931 1825 1002; x_wconf 81' lang='grc' dir='ltr'>τῆς</span> 
     </span>
    </p>
   </div>
   <div class='ocr_carea' id='block_1_11' title="bbox 221 1016 1825 1094">
    <p class='ocr_par' dir='ltr' id='par_1_11' title="bbox 221 1016 1825 1094">
     <span class='ocr_line' id='line_1_11' title="bbox 221 1016 1825 1094; baseline -0.002 -16"><span class='ocrx_word' id='word_1_62' title='bbox 221 1024 485 1094; x_wconf 78' lang='grc' dir='ltr'>τοιαύτης</span> <span class='ocrx_word' id='word_1_63' title='bbox 514 1023 809 1094; x_wconf 73' lang='grc' dir='ltr'>εὐστομίας</span> <span class='ocrx_word' id='word_1_64' title='bbox 838 1023 935 1075; x_wconf 73' lang='grc' dir='ltr'>καὶ</span> <span class='ocrx_word' id='word_1_65' title='bbox 961 1022 1209 1092; x_wconf 66' lang='grc' dir='ltr'>χάριτος.</span> <span class='ocrx_word' id='word_1_66' title='bbox 1253 1020 1411 1075; x_wconf 80' lang='grc' dir='ltr'>οὐδέν</span> <span class='ocrx_word' id='word_1_67' title='bbox 1440 1036 1499 1074; x_wconf 87' lang='grc' dir='ltr'>τε</span> <span class='ocrx_word' id='word_1_68' title='bbox 1530 1016 1692 1094; x_wconf 82' lang='grc' dir='ltr'>ἦττον</span> <span class='ocrx_word' id='word_1_69' title='bbox 1721 1019 1825 1092; x_wconf 83' lang='grc' dir='ltr'><strong>τῆς</strong></span> 
     </span>
    </p>
   </div>
   <div class='ocr_carea' id='block_1_12' title="bbox 224 1113 1824 1191">
    <p class='ocr_par' dir='ltr' id='par_1_12' title="bbox 224 1113 1824 1191">
     <span class='ocr_line' id='line_1_12' title="bbox 224 1113 1824 1191; baseline -0.002 -19"><span class='ocrx_word' id='word_1_70' title='bbox 224 1118 563 1191; x_wconf 70' lang='grc' dir='ltr'><strong>εὐχρηστίας</strong></span> <span class='ocrx_word' id='word_1_71' title='bbox 592 1118 702 1171; x_wconf 85' lang='grc' dir='ltr'><strong>τῶν</strong></span> <span class='ocrx_word' id='word_1_72' title='bbox 731 1116 1065 1170; x_wconf 77' lang='grc' dir='ltr'><strong>ὑποθέσεων.</strong></span> <span class='ocrx_word' id='word_1_73' title='bbox 1112 1117 1173 1169; x_wconf 81' lang='grc' dir='ltr'><strong>Εἰ</strong></span> <span class='ocrx_word' id='word_1_74' title='bbox 1198 1116 1307 1186; x_wconf 80' lang='grc' dir='ltr'>γὰρ</span> <span class='ocrx_word' id='word_1_75' title='bbox 1331 1114 1500 1184; x_wconf 71' lang='grc' dir='ltr'>κάμοὶ</span> <span class='ocrx_word' id='word_1_76' title='bbox 1531 1115 1701 1169; x_wconf 72' lang='grc' dir='ltr'>πολλὰ</span> <span class='ocrx_word' id='word_1_77' title='bbox 1726 1113 1824 1169; x_wconf 66' lang='grc' dir='ltr'>καὶ</span> 
     </span>
    </p>
   </div>
   <div class='ocr_carea' id='block_1_13' title="bbox 226 1205 1821 1282">
    <p class='ocr_par' dir='ltr' id='par_1_13' title="bbox 226 1205 1821 1282">
     <span class='ocr_line' id='line_1_13' title="bbox 226 1205 1821 1282; baseline -0.001 -21"><span class='ocrx_word' id='word_1_78' title='bbox 226 1212 356 1282; x_wconf 73' lang='grc' dir='ltr'>περὶ</span> <span class='ocrx_word' id='word_1_79' title='bbox 390 1209 609 1264; x_wconf 83' lang='grc' dir='ltr'><strong>πολλῶν</strong></span> <span class='ocrx_word' id='word_1_80' title='bbox 639 1208 1042 1280; x_wconf 78' lang='grc' dir='ltr'>συγγράφεται,</span> <span class='ocrx_word' id='word_1_81' title='bbox 1076 1206 1192 1260; x_wconf 82' lang='grc' dir='ltr'><strong>ἀλλ’</strong></span> <span class='ocrx_word' id='word_1_82' title='bbox 1219 1207 1321 1261; x_wconf 78' lang='grc' dir='ltr'>οὐκ</span> <span class='ocrx_word' id='word_1_83' title='bbox 1351 1206 1418 1261; x_wconf 71' lang='grc' dir='ltr'>ἂν</span> <span class='ocrx_word' id='word_1_84' title='bbox 1442 1205 1555 1278; x_wconf 78' lang='grc' dir='ltr'>ἔχοι</span> <span class='ocrx_word' id='word_1_85' title='bbox 1581 1206 1821 1279; x_wconf 78' lang='grc' dir='ltr'>τοιοῦτον</span> 
     </span>
    </p>
   </div>
   <div class='ocr_carea' id='block_1_14' title="bbox 226 1300 1821 1374">
    <p class='ocr_par' dir='ltr' id='par_1_14' title="bbox 226 1300 1821 1374">
     <span class='ocr_line' id='line_1_14' title="bbox 226 1300 1821 1374; baseline -0.002 -17"><span class='ocrx_word' id='word_1_86' title='bbox 226 1304 393 1374; x_wconf 72' lang='grc' dir='ltr'>ζῆλον</span> <span class='ocrx_word' id='word_1_87' title='bbox 425 1304 522 1356; x_wconf 71' lang='grc' dir='ltr'>καὶ</span> <span class='ocrx_word' id='word_1_88' title='bbox 560 1301 797 1373; x_wconf 79' lang='grc' dir='ltr'><strong>μίμησιν</strong></span> <span class='ocrx_word' id='word_1_89' title='bbox 846 1301 916 1355; x_wconf 83' lang='grc' dir='ltr'><strong>τὰ</strong></span> <span class='ocrx_word' id='word_1_90' title='bbox 966 1300 1400 1371; x_wconf 75' lang='grc' dir='ltr'>σπουδάσματα”</span> <span class='ocrx_word' id='word_1_91' title='bbox 1452 1300 1590 1354; x_wconf 82' lang='grc' dir='ltr'>ἀλλὰ</span> <span class='ocrx_word' id='word_1_92' title='bbox 1617 1301 1821 1371; x_wconf 79' lang='grc' dir='ltr'>λογίοις</span> 
     </span>
    </p>
   </div>
   <div class='ocr_carea' id='block_1_15' title="bbox 228 1390 1822 1466">
    <p class='ocr_par' dir='ltr' id='par_1_15' title="bbox 228 1390 1822 1466">
     <span class='ocr_line' id='line_1_15' title="bbox 228 1390 1822 1466; baseline 0 -20"><span class='ocrx_word' id='word_1_93' title='bbox 228 1394 328 1465; x_wconf 84' lang='grc' dir='ltr'>μὲν</span> <span class='ocrx_word' id='word_1_94' title='bbox 350 1394 488 1461; x_wconf 68' lang='grc' dir='ltr'>ἴσως</span> <span class='ocrx_word' id='word_1_95' title='bbox 517 1390 744 1465; x_wconf 77' lang='grc' dir='ltr'><strong>ἀνδράσι</strong></span> <span class='ocrx_word' id='word_1_96' title='bbox 778 1394 1082 1464; x_wconf 67' lang='grc' dir='ltr'>σανήσεται</span> <span class='ocrx_word' id='word_1_97' title='bbox 1109 1390 1576 1465; x_wconf 79' lang='grc' dir='ltr'><strong>περισπούδαστα,</strong></span> <span class='ocrx_word' id='word_1_98' title='bbox 1606 1394 1699 1447; x_wconf 76' lang='grc' dir='ltr'>καὶ</span> <span class='ocrx_word' id='word_1_99' title='bbox 1723 1393 1822 1466; x_wconf 77' lang='grc' dir='ltr'><strong>ζη-</strong></span> 
     </span>
    </p>
   </div>
   <div class='ocr_carea' id='block_1_16' title="bbox 223 1483 1821 1558">
    <p class='ocr_par' dir='ltr' id='par_1_16' title="bbox 223 1483 1821 1558">
     <span class='ocr_line' id='line_1_16' title="bbox 223 1483 1821 1558; baseline -0.003 -17"><span class='ocrx_word' id='word_1_100' title='bbox 223 1487 463 1542; x_wconf 81' lang='grc' dir='ltr'>λώσουσι</span> <span class='ocrx_word' id='word_1_101' title='bbox 490 1486 663 1541; x_wconf 82' lang='grc' dir='ltr'>ταῦτα</span> <span class='ocrx_word' id='word_1_102' title='bbox 691 1484 781 1539; x_wconf 81' lang='grc' dir='ltr'><strong>διὰ</strong></span> <span class='ocrx_word' id='word_1_103' title='bbox 808 1484 910 1556; x_wconf 79' lang='grc' dir='ltr'><strong>τὴν</strong></span> <span class='ocrx_word' id='word_1_104' title='bbox 955 1484 1120 1551; x_wconf 80' lang='grc' dir='ltr'><strong>λέξιν,</strong></span> <span class='ocrx_word' id='word_1_105' title='bbox 1159 1484 1254 1537; x_wconf 75' lang='grc' dir='ltr'>καὶ</span> <span class='ocrx_word' id='word_1_106' title='bbox 1283 1483 1377 1538; x_wconf 81' lang='grc' dir='ltr'><strong>τὸν</strong></span> <span class='ocrx_word' id='word_1_107' title='bbox 1409 1484 1654 1539; x_wconf 74' lang='grc' dir='ltr'>ποικίλον</span> <span class='ocrx_word' id='word_1_108' title='bbox 1683 1501 1821 1558; x_wconf 80' lang='grc' dir='ltr'>σχη-</span> 
     </span>
    </p>
   </div>
   <div class='ocr_carea' id='block_1_17' title="bbox 228 1569 1820 1653">
    <p class='ocr_par' dir='ltr' id='par_1_17' title="bbox 228 1569 1820 1653">
     <span class='ocr_line' id='line_1_17' title="bbox 228 1569 1820 1653; baseline -0.001 -19"><span class='ocrx_word' id='word_1_109' title='bbox 228 1580 511 1653; x_wconf 83' lang='grc' dir='ltr'>ματισμόν</span> <span class='ocrx_word' id='word_1_110' title='bbox 535 1597 552 1611; x_wconf 88' lang='grc'><strong>·</strong></span> <span class='ocrx_word' id='word_1_111' title='bbox 585 1578 1065 1653; x_wconf 76' lang='grc' dir='ltr'>καταφρονήσουσι</span> <span class='ocrx_word' id='word_1_112' title='bbox 1087 1576 1143 1631; x_wconf 82' lang='grc' dir='ltr'>δὲ</span> <span class='ocrx_word' id='word_1_113' title='bbox 1168 1577 1218 1631; x_wconf 84' lang='lat' dir='ltr'><strong>el</strong></span> <span class='ocrx_word' id='word_1_114' title='bbox 1248 1577 1458 1643; x_wconf 67' lang='grc' dir='ltr'>πολλοὶ,</span> <span class='ocrx_word' id='word_1_115' title='bbox 1488 1569 1570 1632; x_wconf 75' lang='grc' dir='ltr'><strong>ὅτι</strong></span> <span class='ocrx_word' id='word_1_116' title='bbox 1601 1580 1677 1651; x_wconf 84' lang='grc' dir='ltr'>μὴ</span> <span class='ocrx_word' id='word_1_117' title='bbox 1719 1581 1820 1651; x_wconf 81' lang='grc' dir='ltr'><strong>μέ·</strong></span> 
     </span>
    </p>
   </div>
   <div class='ocr_carea' id='block_1_18' title="bbox 225 1650 1817 1745">
    <p class='ocr_par' dir='ltr' id='par_1_18' title="bbox 225 1650 1817 1745">
     <span class='ocr_line' id='line_1_18' title="bbox 225 1650 1817 1745; baseline 0.001 -18"><span class='ocrx_word' id='word_1_118' title='bbox 225 1650 318 1728; x_wconf 76' lang='grc' dir='ltr'><strong>λον</strong></span> <span class='ocrx_word' id='word_1_119' title='bbox 355 1650 544 1739; x_wconf 76' lang='grc' dir='ltr'>αύτοῖς</span> <span class='ocrx_word' id='word_1_120' title='bbox 575 1650 914 1745; x_wconf 80' lang='grc' dir='ltr'><strong>ζητημάτων</strong></span> <span class='ocrx_word' id='word_1_121' title='bbox 945 1650 1295 1727; x_wconf 66' lang='grc' dir='ltr'>καῖ’ὲννοιῶν</span> <span class='ocrx_word' id='word_1_122' title='bbox 1335 1650 1817 1745; x_wconf 77' lang='grc' dir='ltr'>ἀπορρητοτὲρων.</span> 
     </span>
    </p>
   </div>
   <div class='ocr_carea' id='block_1_19' title="bbox 298 1936 1821 2016">
    <p class='ocr_par' dir='ltr' id='par_1_19' title="bbox 298 1936 1821 2016">
     <span class='ocr_line' id='line_1_19' title="bbox 298 1936 1821 2016; baseline -0.003 -16"><span class='ocrx_word' id='word_1_123' title='bbox 298 1945 444 2000; x_wconf 61' lang='grc' dir='ltr'>Φασί</span> <span class='ocrx_word' id='word_1_124' title='bbox 474 1945 539 2015; x_wconf 76' lang='grc' dir='ltr'>γέ</span> <span class='ocrx_word' id='word_1_125' title='bbox 569 1961 652 1998; x_wconf 91' lang='grc' dir='ltr'><strong>τοι</strong></span> <span class='ocrx_word' id='word_1_126' title='bbox 683 1942 817 2016; x_wconf 83' lang='grc' dir='ltr'>μηδὲ</span> <span class='ocrx_word' id='word_1_127' title='bbox 844 1944 909 1997; x_wconf 84' lang='grc' dir='ltr'>ὲκ</span> <span class='ocrx_word' id='word_1_128' title='bbox 948 1942 1239 2014; x_wconf 82' lang='grc' dir='ltr'>παρέργου</span> <span class='ocrx_word' id='word_1_129' title='bbox 1273 1940 1465 1996; x_wconf 81' lang='grc' dir='ltr'>τοῦτον</span> <span class='ocrx_word' id='word_1_130' title='bbox 1499 1937 1673 2014; x_wconf 78' lang='grc' dir='ltr'>ἧφθαι</span> <span class='ocrx_word' id='word_1_131' title='bbox 1724 1936 1821 1995; x_wconf 81' lang='grc' dir='ltr'>τοῦ</span> 
     </span>
    </p>
   </div>
   <div class='ocr_carea' id='block_1_20' title="bbox 226 2034 1824 2113">
    <p class='ocr_par' dir='ltr' id='par_1_20' title="bbox 226 2034 1824 2113">
     <span class='ocr_line' id='line_1_20' title="bbox 226 2034 1824 2113; baseline -0.02 -5"><span class='ocrx_word' id='word_1_132' title='bbox 226 2040 581 2111; x_wconf 74' lang='grc' dir='ltr'>πράγματος,</span> <span class='ocrx_word' id='word_1_133' title='bbox 617 2037 753 2109; x_wconf 80' lang='grc' dir='ltr'>μηδὲ</span> <span class='ocrx_word' id='word_1_134' title='bbox 777 2035 940 2091; x_wconf 63' lang='grc' dir='ltr'>αὑτὸν</span> <span class='ocrx_word' id='word_1_135' title='bbox 966 2034 1329 2113; x_wconf 80' lang='grc' dir='ltr'>προθέμενον,</span> <span class='ocrx_word' id='word_1_136' title='bbox 1357 2035 1406 2089; x_wconf 89' lang='grc' dir='ltr'><strong>εί</strong></span> <span class='ocrx_word' id='word_1_137' title='bbox 1439 2035 1515 2107; x_wconf 80' lang='grc' dir='ltr'>μὴ</span> <span class='ocrx_word' id='word_1_138' title='bbox 1553 2035 1676 2090; x_wconf 79' lang='grc' dir='ltr'>ὅσον</span> <span class='ocrx_word' id='word_1_139' title='bbox 1702 2034 1824 2107; x_wconf 51' lang='lat' dir='ltr'><strong>pos-</strong></span> 
     </span>
    </p>
   </div>
   <div class='ocr_carea' id='block_1_21' title="bbox 225 2127 1824 2203">
    <p class='ocr_par' dir='ltr' id='par_1_21' title="bbox 225 2127 1824 2203">
     <span class='ocr_line' id='line_1_21' title="bbox 225 2127 1824 2203; baseline -0.002 -17"><span class='ocrx_word' id='word_1_140' title='bbox 225 2131 423 2186; x_wconf 84' lang='grc' dir='ltr'>λεσθαι</span> <span class='ocrx_word' id='word_1_141' title='bbox 448 2148 462 2159; x_wconf 91' lang='grc'><strong>·</strong></span> <span class='ocrx_word' id='word_1_142' title='bbox 517 2131 779 2203; x_wconf 80' lang='grc' dir='ltr'>βασίλειοι</span> <span class='ocrx_word' id='word_1_143' title='bbox 809 2129 868 2184; x_wconf 70' lang='grc' dir='ltr'>δὲ</span> <span class='ocrx_word' id='word_1_144' title='bbox 909 2128 1101 2184; x_wconf 73' lang='grc' dir='ltr'>τοῦτον</span> <span class='ocrx_word' id='word_1_145' title='bbox 1132 2127 1512 2201; x_wconf 75' lang='grc' dir='ltr'><strong>παρακλήσεις</strong></span> <span class='ocrx_word' id='word_1_146' title='bbox 1542 2128 1634 2182; x_wconf 70' lang='grc' dir='ltr'><strong>ἐπὶ</strong></span> <span class='ocrx_word' id='word_1_147' title='bbox 1664 2129 1824 2183; x_wconf 73' lang='grc' dir='ltr'>τοῦτο</span> 
     </span>
    </p>
   </div>
   <div class='ocr_carea' id='block_1_22' title="bbox 227 2220 1819 2299">
    <p class='ocr_par' dir='ltr' id='par_1_22' title="bbox 227 2220 1819 2299">
     <span class='ocr_line' id='line_1_22' title="bbox 227 2220 1819 2299; baseline -0.002 -18"><span class='ocrx_word' id='word_1_148' title='bbox 227 2228 603 2299; x_wconf 83' lang='grc' dir='ltr'>προήνεγκαν,</span> <span class='ocrx_word' id='word_1_149' title='bbox 636 2223 733 2278; x_wconf 72' lang='grc' dir='ltr'><strong>καὶ</strong></span> <span class='ocrx_word' id='word_1_150' title='bbox 757 2220 838 2287; x_wconf 75' lang='grc' dir='ltr'>οἷς</span> <span class='ocrx_word' id='word_1_151' title='bbox 863 2222 1213 2294; x_wconf 76' lang='grc' dir='ltr'>ἐφροντίζετο</span> <span class='ocrx_word' id='word_1_152' title='bbox 1246 2221 1405 2292; x_wconf 85' lang='grc' dir='ltr'>λόγος</span> <span class='ocrx_word' id='word_1_153' title='bbox 1455 2221 1551 2276; x_wconf 78' lang='grc' dir='ltr'><strong>καὶ</strong></span> <span class='ocrx_word' id='word_1_154' title='bbox 1583 2220 1819 2286; x_wconf 79' lang='grc' dir='ltr'>σύνεσις.</span> 
     </span>
    </p>
   </div>
   <div class='ocr_carea' id='block_1_23' title="bbox 226 2314 1817 2392">
    <p class='ocr_par' dir='ltr' id='par_1_23' title="bbox 226 2314 1817 2392">
     <span class='ocr_line' id='line_1_23' title="bbox 226 2314 1817 2392; baseline -0.003 -19"><span class='ocrx_word' id='word_1_155' title='bbox 226 2321 338 2373; x_wconf 72' lang='grc' dir='ltr'><strong>Καὶ</strong></span> <span class='ocrx_word' id='word_1_156' title='bbox 366 2316 437 2390; x_wconf 74' lang='grc' dir='ltr'>ἦν</span> <span class='ocrx_word' id='word_1_157' title='bbox 467 2316 616 2389; x_wconf 79' lang='grc' dir='ltr'>αὐτῷ</span> <span class='ocrx_word' id='word_1_158' title='bbox 639 2318 675 2388; x_wconf 73' lang='grc' dir='ltr'><strong><em>ἡ</em></strong></span> <span class='ocrx_word' id='word_1_159' title='bbox 701 2316 1026 2389; x_wconf 83' lang='grc' dir='ltr'>παρασκευὴ</span> <span class='ocrx_word' id='word_1_160' title='bbox 1050 2316 1109 2384; x_wconf 78' lang='grc' dir='ltr'><strong>ἐξ</strong></span> <span class='ocrx_word' id='word_1_161' title='bbox 1155 2314 1402 2392; x_wconf 72' lang='grc' dir='ltr'>ἑτοξμου,</span> <span class='ocrx_word' id='word_1_162' title='bbox 1435 2314 1635 2380; x_wconf 81' lang='grc' dir='ltr'><strong>κύκλος</strong></span> <span class='ocrx_word' id='word_1_163' title='bbox 1666 2332 1727 2369; x_wconf 86' lang='grc' dir='ltr'>τε</span> <span class='ocrx_word' id='word_1_164' title='bbox 1758 2316 1817 2370; x_wconf 76' lang='grc' dir='ltr'>οὒ</span> 
     </span>
    </p>
   </div>
   <div class='ocr_carea' id='block_1_24' title="bbox 226 2406 1816 2485">
    <p class='ocr_par' dir='ltr' id='par_1_24' title="bbox 226 2406 1816 2485">
     <span class='ocr_line' id='line_1_24' title="bbox 226 2406 1816 2485; baseline -0.001 -19"><span class='ocrx_word' id='word_1_165' title='bbox 226 2413 465 2485; x_wconf 73' lang='grc' dir='ltr'>βραχδς,</span> <span class='ocrx_word' id='word_1_166' title='bbox 500 2411 608 2466; x_wconf 83' lang='grc' dir='ltr'>τῶν</span> <span class='ocrx_word' id='word_1_167' title='bbox 625 2406 697 2464; x_wconf 82' lang='grc' dir='ltr'>’τε</span> <span class='ocrx_word' id='word_1_168' title='bbox 732 2410 968 2481; x_wconf 79' lang='grc' dir='ltr'><strong>πρώτως</strong></span> <span class='ocrx_word' id='word_1_169' title='bbox 1016 2410 1501 2481; x_wconf 79' lang='grc' dir='ltr'>ὲνσημαινομὲνων</span> <span class='ocrx_word' id='word_1_170' title='bbox 1521 2407 1623 2482; x_wconf 84' lang='grc' dir='ltr'><strong>τὴν</strong></span> <span class='ocrx_word' id='word_1_171' title='bbox 1648 2408 1816 2477; x_wconf 78' lang='grc' dir='ltr'>λέξιν,</span> 
     </span>
    </p>
   </div>
   <div class='ocr_carea' id='block_1_25' title="bbox 226 2502 1815 2577">
    <p class='ocr_par' dir='ltr' id='par_1_25' title="bbox 226 2502 1815 2577">
     <span class='ocr_line' id='line_1_25' title="bbox 226 2502 1815 2577; baseline -0.004 -16"><span class='ocrx_word' id='word_1_172' title='bbox 226 2508 324 2561; x_wconf 76' lang='grc' dir='ltr'><strong>καὶ</strong></span> <span class='ocrx_word' id='word_1_173' title='bbox 356 2506 471 2559; x_wconf 83' lang='grc' dir='ltr'>τῶν</span> <span class='ocrx_word' id='word_1_174' title='bbox 520 2505 661 2577; x_wconf 73' lang='grc' dir='ltr'>μετὰ</span> <span class='ocrx_word' id='word_1_175' title='bbox 694 2504 870 2559; x_wconf 80' lang='grc' dir='ltr'>ταῦτα</span> <span class='ocrx_word' id='word_1_176' title='bbox 895 2502 1178 2569; x_wconf 77' lang='grc' dir='ltr'>τιθέντων,</span> <span class='ocrx_word' id='word_1_177' title='bbox 1206 2505 1301 2557; x_wconf 73' lang='grc' dir='ltr'>καὶ</span> <span class='ocrx_word' id='word_1_178' title='bbox 1330 2502 1491 2567; x_wconf 84' lang='grc' dir='ltr'>ἄλλος</span> <span class='ocrx_word' id='word_1_179' title='bbox 1529 2503 1618 2556; x_wconf 76' lang='grc' dir='ltr'><strong>ἐπ’</strong></span> <span class='ocrx_word' id='word_1_180' title='bbox 1649 2502 1815 2575; x_wconf 78' lang='grc' dir='ltr'>ἄλλῳ,</span> 
     </span>
    </p>
   </div>
   <div class='ocr_carea' id='block_1_26' title="bbox 226 2594 1818 2671">
    <p class='ocr_par' dir='ltr' id='par_1_26' title="bbox 226 2594 1818 2671">
     <span class='ocr_line' id='line_1_26' title="bbox 226 2594 1818 2671; baseline -0.003 -17"><span class='ocrx_word' id='word_1_181' title='bbox 226 2601 256 2653; x_wconf 82' lang='grc' dir='ltr'><strong>ὁ</strong></span> <span class='ocrx_word' id='word_1_182' title='bbox 284 2599 387 2671; x_wconf 82' lang='grc' dir='ltr'>μὲν</span> <span class='ocrx_word' id='word_1_183' title='bbox 407 2599 479 2654; x_wconf 81' lang='grc' dir='ltr'><strong>τὰ</strong></span> <span class='ocrx_word' id='word_1_184' title='bbox 508 2598 704 2671; x_wconf 81' lang='grc' dir='ltr'>πρῶτα</span> <span class='ocrx_word' id='word_1_185' title='bbox 733 2598 923 2663; x_wconf 77' lang='grc' dir='ltr'>ποιῶν,</span> <span class='ocrx_word' id='word_1_186' title='bbox 949 2599 975 2651; x_wconf 86' lang='grc' dir='ltr'>ὁ</span> <span class='ocrx_word' id='word_1_187' title='bbox 996 2597 1050 2650; x_wconf 77' lang='grc' dir='ltr'><strong>δῖε</strong></span> <span class='ocrx_word' id='word_1_188' title='bbox 1079 2597 1146 2651; x_wconf 79' lang='grc' dir='ltr'>τὰ</span> <span class='ocrx_word' id='word_1_189' title='bbox 1167 2596 1417 2668; x_wconf 82' lang='grc' dir='ltr'>δεύτερα.</span> <span class='ocrx_word' id='word_1_190' title='bbox 1444 2595 1555 2651; x_wconf 70' lang='grc' dir='ltr'><strong>Καὶ</strong></span> <span class='ocrx_word' id='word_1_191' title='bbox 1582 2597 1670 2649; x_wconf 67' lang='grc' dir='ltr'><strong>ἐπὶ</strong></span> <span class='ocrx_word' id='word_1_192' title='bbox 1696 2594 1818 2650; x_wconf 81' lang='grc' dir='ltr'>τού·</span> 
     </span>
    </p>
   </div>
   <div class='ocr_carea' id='block_1_27' title="bbox 225 2687 1817 2761">
    <p class='ocr_par' dir='ltr' id='par_1_27' title="bbox 225 2687 1817 2761">
     <span class='ocr_line' id='line_1_27' title="bbox 225 2687 1817 2761; baseline -0.003 -16"><span class='ocrx_word' id='word_1_193' title='bbox 225 2708 364 2755; x_wconf 74' lang='grc' dir='ltr'>τοις,</span> <span class='ocrx_word' id='word_1_194' title='bbox 402 2692 455 2744; x_wconf 86' lang='grc' dir='ltr'><strong>οῖ</strong></span> <span class='ocrx_word' id='word_1_195' title='bbox 494 2692 564 2744; x_wconf 80' lang='grc' dir='ltr'><strong>τὰ</strong></span> <span class='ocrx_word' id='word_1_196' title='bbox 596 2688 1071 2761; x_wconf 72' lang='grc' dir='ltr'>συγγεγραμμένα</span> <span class='ocrx_word' id='word_1_197' title='bbox 1111 2688 1587 2760; x_wconf 80' lang='grc' dir='ltr'>ἐξακριϐούμενοι,</span> <span class='ocrx_word' id='word_1_198' title='bbox 1622 2687 1689 2741; x_wconf 73' lang='grc' dir='ltr'><strong>ἶν’</strong></span> <span class='ocrx_word' id='word_1_199' title='bbox 1718 2689 1817 2743; x_wconf 83' lang='grc' dir='ltr'>ὅτι</span> 
     </span>
    </p>
   </div>
   <div class='ocr_carea' id='block_1_28' title="bbox 223 2780 1819 2853">
    <p class='ocr_par' dir='ltr' id='par_1_28' title="bbox 223 2780 1819 2853">
     <span class='ocr_line' id='line_1_28' title="bbox 223 2780 1819 2853; baseline -0.013 -3"><span class='ocrx_word' id='word_1_200' title='bbox 223 2785 356 2848; x_wconf 75' lang='grc' dir='ltr'>τοὺς</span> <span class='ocrx_word' id='word_1_201' title='bbox 383 2783 745 2853; x_wconf 72' lang='grc' dir='ltr'>ὑπογραφέας</span> <span class='ocrx_word' id='word_1_202' title='bbox 773 2782 951 2848; x_wconf 72' lang='grc' dir='ltr'>λάθοι,</span> <span class='ocrx_word' id='word_1_203' title='bbox 974 2780 1112 2853; x_wconf 75' lang='grc' dir='ltr'>πρὸς</span> <span class='ocrx_word' id='word_1_204' title='bbox 1134 2782 1239 2853; x_wconf 71' lang='grc' dir='ltr'><strong>τὴν</strong></span> <span class='ocrx_word' id='word_1_205' title='bbox 1269 2780 1641 2850; x_wconf 71' lang='grc' dir='ltr'><strong>ὑποκειμένην</strong></span> <span class='ocrx_word' id='word_1_206' title='bbox 1670 2780 1819 2849; x_wconf 58' lang='grc' dir='ltr'>διορι</span> 
     </span>
    </p>
   </div>
   <div class='ocr_carea' id='block_1_29' title="bbox 227 2864 1819 2942">
    <p class='ocr_par' dir='ltr' id='par_1_29' title="bbox 227 2864 1819 2942">
     <span class='ocr_line' id='line_1_29' title="bbox 227 2864 1819 2942; baseline -0.001 -18"><span class='ocrx_word' id='word_1_207' title='bbox 227 2870 518 2925; x_wconf 85' lang='grc' dir='ltr'>θώσωνται</span> <span class='ocrx_word' id='word_1_208' title='bbox 554 2870 788 2929; x_wconf 76' lang='grc' dir='ltr'>ἔννοιαν.</span> <span class='ocrx_word' id='word_1_209' title='bbox 822 2871 898 2925; x_wconf 68' lang='lat' dir='ltr'><strong>Ob</strong></span> <span class='ocrx_word' id='word_1_210' title='bbox 925 2871 1032 2941; x_wconf 75' lang='grc' dir='ltr'><strong>γὰρ</strong></span> <span class='ocrx_word' id='word_1_211' title='bbox 1064 2871 1189 2942; x_wconf 81' lang='grc' dir='ltr'><strong>ὲνῆν</strong></span> <span class='ocrx_word' id='word_1_212' title='bbox 1219 2871 1368 2941; x_wconf 79' lang='grc' dir='ltr'><strong>αύτῷ</strong></span> <span class='ocrx_word' id='word_1_213' title='bbox 1412 2864 1584 2927; x_wconf 61' lang='grc' dir='ltr'>διὰτὸ</span> <span class='ocrx_word' id='word_1_214' title='bbox 1604 2869 1819 2941; x_wconf 75' lang='grc' dir='ltr'>’πλῆθος</span> 
     </span>
    </p>
   </div>
   <div class='ocr_carea' id='block_1_30' title="bbox 225 2962 1817 3034">
    <p class='ocr_par' dir='ltr' id='par_1_30' title="bbox 225 2962 1817 3034">
     <span class='ocr_line' id='line_1_30' title="bbox 225 2962 1817 3034; baseline 0.002 -19"><span class='ocrx_word' id='word_1_215' title='bbox 225 2963 337 3027; x_wconf 78' lang='grc' dir='ltr'><strong>τῶν</strong></span> <span class='ocrx_word' id='word_1_216' title='bbox 371 2962 828 3034; x_wconf 78' lang='grc' dir='ltr'><strong>συγγραμμάτων</strong></span> <span class='ocrx_word' id='word_1_217' title='bbox 855 2962 1115 3026; x_wconf 78' lang='grc' dir='ltr'><strong>πολλάκις</strong></span> <span class='ocrx_word' id='word_1_218' title='bbox 1133 2964 1201 3017; x_wconf 70' lang='grc' dir='ltr'>τὰ</span> <span class='ocrx_word' id='word_1_219' title='bbox 1225 2963 1365 3018; x_wconf 74' lang='grc' dir='ltr'>αὐτὰ</span> <span class='ocrx_word' id='word_1_220' title='bbox 1399 2963 1728 3019; x_wconf 81' lang='grc' dir='ltr'>ἀνακυκλεῖν</span> <span class='ocrx_word' id='word_1_221' title='bbox 1757 2981 1817 3018; x_wconf 88' lang='grc' dir='ltr'><strong>τε</strong></span> 
     </span>
    </p>
   </div>
   <div class='ocr_carea' id='block_1_31' title="bbox 228 3038 1851 3127">
    <p class='ocr_par' dir='ltr' id='par_1_31' title="bbox 228 3038 1851 3127">
     <span class='ocr_line' id='line_1_31' title="bbox 228 3038 1851 3127; baseline 0 -20"><span class='ocrx_word' id='word_1_222' title='bbox 228 3055 325 3107; x_wconf 71' lang='lat' dir='ltr'><strong>xci.</strong></span> <span class='ocrx_word' id='word_1_223' title='bbox 353 3054 583 3126; x_wconf 77' lang='grc' dir='ltr'>ὲφορᾷν.</span> <span class='ocrx_word' id='word_1_224' title='bbox 624 3052 773 3106; x_wconf 83' lang='grc' dir='ltr'>Ἀλλ’</span> <span class='ocrx_word' id='word_1_225' title='bbox 803 3055 851 3107; x_wconf 86' lang='grc' dir='ltr'><strong>εί</strong></span> <span class='ocrx_word' id='word_1_226' title='bbox 877 3054 970 3107; x_wconf 75' lang='grc' dir='ltr'>καὶ</span> <span class='ocrx_word' id='word_1_227' title='bbox 996 3054 1162 3116; x_wconf 76' lang='grc' dir='ltr'>πολὺς</span> <span class='ocrx_word' id='word_1_228' title='bbox 1193 3056 1222 3107; x_wconf 87' lang='grc' dir='ltr'>ὁ</span> <span class='ocrx_word' id='word_1_229' title='bbox 1253 3038 1436 3125; x_wconf 79' lang='grc' dir='ltr'>ζῆλος,</span> <span class='ocrx_word' id='word_1_230' title='bbox 1468 3054 1561 3108; x_wconf 77' lang='grc' dir='ltr'>καὶ</span> <span class='ocrx_word' id='word_1_231' title='bbox 1592 3056 1625 3127; x_wconf 87' lang='grc' dir='ltr'>ή</span> <span class='ocrx_word' id='word_1_232' title='bbox 1652 3071 1818 3125; x_wconf 61' lang='grc' dir='ltr'>φρον-</span> <span class='ocrx_word' id='word_1_233' title='bbox 1844 3120 1851 3127; x_wconf 85' lang='lat'>_</span> 
     </span>
    </p>
   </div>
   <div class='ocr_carea' id='block_1_32' title="bbox 226 3146 1814 3220">
    <p class='ocr_par' dir='ltr' id='par_1_32' title="bbox 226 3146 1814 3220">
     <span class='ocr_line' id='line_1_32' title="bbox 226 3146 1814 3220; baseline 0.001 -19"><span class='ocrx_word' id='word_1_234' title='bbox 226 3150 314 3212; x_wconf 79' lang='grc' dir='ltr'>τὶς</span> <span class='ocrx_word' id='word_1_235' title='bbox 336 3148 701 3220; x_wconf 82' lang='grc' dir='ltr'>περιττοτέρα</span> <span class='ocrx_word' id='word_1_236' title='bbox 730 3146 825 3202; x_wconf 79' lang='grc' dir='ltr'><strong>τοῦ</strong></span> <span class='ocrx_word' id='word_1_237' title='bbox 848 3148 1082 3213; x_wconf 70' lang='grc' dir='ltr'>δέοντος,</span> <span class='ocrx_word' id='word_1_238' title='bbox 1110 3148 1143 3220; x_wconf 83' lang='grc' dir='ltr'><strong>ἢ</strong></span> <span class='ocrx_word' id='word_1_239' title='bbox 1170 3148 1372 3220; x_wconf 80' lang='grc' dir='ltr'>μᾶλλον</span> <span class='ocrx_word' id='word_1_240' title='bbox 1398 3148 1547 3219; x_wconf 81' lang='grc' dir='ltr'>πρὸς.</span> <span class='ocrx_word' id='word_1_241' title='bbox 1567 3148 1728 3204; x_wconf 74' lang='grc' dir='ltr'><strong>τοῦτο</strong></span> <span class='ocrx_word' id='word_1_242' title='bbox 1750 3148 1814 3220; x_wconf 71' lang='grc' dir='ltr'>δὴ</span> 
     </span>
    </p>
   </div>
   <div class='ocr_carea' id='block_1_33' title="bbox 229 3240 1816 3315">
    <p class='ocr_par' dir='ltr' id='par_1_33' title="bbox 229 3240 1816 3315">
     <span class='ocr_line' id='line_1_33' title="bbox 229 3240 1816 3315; baseline 0.003 -23"><span class='ocrx_word' id='word_1_243' title='bbox 229 3240 554 3311; x_wconf 72' lang='grc' dir='ltr'>ἀξιόχρεως,</span> <span class='ocrx_word' id='word_1_244' title='bbox 589 3240 707 3295; x_wconf 78' lang='grc' dir='ltr'><strong>ἀλλ’</strong></span> <span class='ocrx_word' id='word_1_245' title='bbox 734 3242 761 3295; x_wconf 82' lang='grc' dir='ltr'>ὅ</span> <span class='ocrx_word' id='word_1_246' title='bbox 794 3258 858 3310; x_wconf 91' lang='grc' dir='ltr'><strong>γε</strong></span> <span class='ocrx_word' id='word_1_247' title='bbox 888 3242 1090 3312; x_wconf 83' lang='grc' dir='ltr'>στάχυς</span> <span class='ocrx_word' id='word_1_248' title='bbox 1121 3242 1424 3313; x_wconf 74' lang='grc' dir='ltr'>ἐνενικήκει</span> <span class='ocrx_word' id='word_1_249' title='bbox 1471 3241 1670 3315; x_wconf 80' lang='grc' dir='ltr'>μακρῷ</span> <span class='ocrx_word' id='word_1_250' title='bbox 1715 3242 1816 3315; x_wconf 79' lang='grc' dir='ltr'><strong>τὴν</strong></span> 
     </span>
    </p>
   </div>
   <div class='ocr_carea' id='block_1_34' title="bbox 234 3329 1817 3406">
    <p class='ocr_par' dir='ltr' id='par_1_34' title="bbox 234 3329 1817 3406">
     <span class='ocr_line' id='line_1_34' title="bbox 234 3329 1817 3406; baseline 0.001 -20"><span class='ocrx_word' id='word_1_251' title='bbox 234 3334 446 3406; x_wconf 80' lang='grc' dir='ltr'>σποράν</span> <span class='ocrx_word' id='word_1_252' title='bbox 469 3350 484 3365; x_wconf 88' lang='grc'><strong>·</strong></span> <span class='ocrx_word' id='word_1_253' title='bbox 522 3333 619 3389; x_wconf 76' lang='grc' dir='ltr'>καὶ</span> <span class='ocrx_word' id='word_1_254' title='bbox 647 3333 708 3388; x_wconf 83' lang='grc' dir='ltr'><strong>τὸ</strong></span> <span class='ocrx_word' id='word_1_255' title='bbox 737 3333 886 3403; x_wconf 80' lang='grc' dir='ltr'>λήϊον</span> <span class='ocrx_word' id='word_1_256' title='bbox 902 3329 1022 3387; x_wconf 75' lang='grc' dir='ltr'>οἷον</span> <span class='ocrx_word' id='word_1_257' title='bbox 1044 3334 1255 3388; x_wconf 69' lang='grc' dir='ltr'>οὐδέπω</span> <span class='ocrx_word' id='word_1_258' title='bbox 1284 3335 1380 3388; x_wconf 73' lang='grc' dir='ltr'>καὶ</span> <span class='ocrx_word' id='word_1_259' title='bbox 1400 3335 1661 3406; x_wconf 79' lang='grc' dir='ltr'>τῆμερον.</span> <span class='ocrx_word' id='word_1_260' title='bbox 1681 3334 1817 3388; x_wconf 74' lang='grc' dir='ltr'><strong>’Ὥσ-</strong></span> 
     </span>
    </p>
   </div>
   <div class='ocr_carea' id='block_1_35' title="bbox 230 3425 1822 3505">
    <p class='ocr_par' dir='ltr' id='par_1_35' title="bbox 230 3425 1822 3505">
     <span class='ocr_line' id='line_1_35' title="bbox 230 3425 1822 3505; baseline 0.001 -25"><span class='ocrx_word' id='word_1_261' title='bbox 230 3443 288 3480; x_wconf 81' lang='grc' dir='ltr'>τε</span> <span class='ocrx_word' id='word_1_262' title='bbox 323 3427 372 3480; x_wconf 81' lang='grc' dir='ltr'><strong>εί</strong></span> <span class='ocrx_word' id='word_1_263' title='bbox 418 3426 514 3479; x_wconf 76' lang='grc' dir='ltr'>καὶ</span> <span class='ocrx_word' id='word_1_264' title='bbox 556 3425 725 3498; x_wconf 83' lang='grc' dir='ltr'>μηδὲν</span> <span class='ocrx_word' id='word_1_265' title='bbox 752 3425 881 3480; x_wconf 77' lang='grc' dir='ltr'>ἄλλο</span> <span class='ocrx_word' id='word_1_266' title='bbox 917 3425 994 3494; x_wconf 81' lang='grc' dir='ltr'><strong>τῷ</strong></span> <span class='ocrx_word' id='word_1_267' title='bbox 1055 3426 1207 3499; x_wconf 74' lang='grc' dir='ltr'>ἀνδρὶ</span> <span class='ocrx_word' id='word_1_268' title='bbox 1242 3426 1651 3505; x_wconf 84' lang='grc' dir='ltr'>διεσπούδαστο,</span> <span class='ocrx_word' id='word_1_269' title='bbox 1695 3426 1822 3499; x_wconf 80' lang='grc' dir='ltr'>μηδ’</span> 
     </span>
    </p>
   </div>
   <div class='ocr_carea' id='block_1_36' title="bbox 234 3505 1827 3597">
    <p class='ocr_par' dir='ltr' id='par_1_36' title="bbox 234 3505 1827 3597">
     <span class='ocr_line' id='line_1_36' title="bbox 234 3505 1827 3597; baseline 0.001 -22"><span class='ocrx_word' id='word_1_270' title='bbox 234 3522 569 3595; x_wconf 64' lang='grc' dir='ltr'>ἀποχρῶντα</span> <span class='ocrx_word' id='word_1_271' title='bbox 600 3522 669 3576; x_wconf 79' lang='grc' dir='ltr'><strong>τὰ</strong></span> <span class='ocrx_word' id='word_1_272' title='bbox 700 3522 835 3577; x_wconf 80' lang='grc' dir='ltr'>ἄλλα</span> <span class='ocrx_word' id='word_1_273' title='bbox 857 3515 1170 3597; x_wconf 77' lang='grc' dir='ltr'>σύμπαντα,</span> <span class='ocrx_word' id='word_1_274' title='bbox 1198 3505 1291 3576; x_wconf 67' lang='grc' dir='ltr'><strong>καλ</strong></span> <span class='ocrx_word' id='word_1_275' title='bbox 1313 3523 1657 3581; x_wconf 75' lang='grc' dir='ltr'>καθέκαστον</span> <span class='ocrx_word' id='word_1_276' title='bbox 1683 3524 1827 3595; x_wconf 82' lang='grc' dir='ltr'>πρὸς</span> 
     </span>
    </p>
   </div>
   <div class='ocr_carea' id='block_1_37' title="bbox 239 3615 1821 3688">
    <p class='ocr_par' dir='ltr' id='par_1_37' title="bbox 239 3615 1821 3688">
     <span class='ocr_line' id='line_1_37' title="bbox 239 3615 1821 3688; baseline 0.001 -18"><span class='ocrx_word' id='word_1_277' title='bbox 239 3617 497 3687; x_wconf 67' lang='grc' dir='ltr'>ἀφορμὴν</span> <span class='ocrx_word' id='word_1_278' title='bbox 531 3616 809 3688; x_wconf 66' lang='grc' dir='ltr'>εὐφημίας</span> <span class='ocrx_word' id='word_1_279' title='bbox 831 3616 1059 3687; x_wconf 81' lang='grc' dir='ltr'>ἀρκοῦν,</span> <span class='ocrx_word' id='word_1_280' title='bbox 1094 3615 1233 3671; x_wconf 76' lang='grc' dir='ltr'>ἀλλὰ</span> <span class='ocrx_word' id='word_1_281' title='bbox 1254 3616 1315 3678; x_wconf 81' lang='grc' dir='ltr'><strong>τό</strong></span> <span class='ocrx_word' id='word_1_282' title='bbox 1346 3634 1409 3686; x_wconf 88' lang='grc' dir='ltr'><strong>γε</strong></span> <span class='ocrx_word' id='word_1_283' title='bbox 1430 3616 1673 3673; x_wconf 82' lang='grc' dir='ltr'>τοιοῦτον</span> <span class='ocrx_word' id='word_1_284' title='bbox 1705 3617 1821 3671; x_wconf 73' lang='grc' dir='ltr'><strong>ἑλέ-</strong></span> 
     </span>
    </p>
   </div>
   <div class='ocr_carea' id='block_1_38' title="bbox 236 3705 1821 3779">
    <p class='ocr_par' dir='ltr' id='par_1_38' title="bbox 236 3705 1821 3779">
     <span class='ocr_line' id='line_1_38' title="bbox 236 3705 1821 3779; baseline 0.001 -18"><span class='ocrx_word' id='word_1_285' title='bbox 236 3708 357 3761; x_wconf 90' lang='grc' dir='ltr'>σθαι</span> <span class='ocrx_word' id='word_1_286' title='bbox 390 3707 740 3779; x_wconf 81' lang='grc' dir='ltr'>σπούδασμα,</span> <span class='ocrx_word' id='word_1_287' title='bbox 784 3707 879 3762; x_wconf 75' lang='grc' dir='ltr'>καὶ</span> <span class='ocrx_word' id='word_1_288' title='bbox 908 3706 1087 3772; x_wconf 76' lang='grc' dir='ltr'>οὕτως</span> <span class='ocrx_word' id='word_1_289' title='bbox 1129 3705 1595 3779; x_wconf 78' lang='grc' dir='ltr'>καταπράξασθαί</span> <span class='ocrx_word' id='word_1_290' title='bbox 1627 3724 1687 3760; x_wconf 88' lang='grc' dir='ltr'>τε</span> <span class='ocrx_word' id='word_1_291' title='bbox 1726 3707 1821 3762; x_wconf 66' lang='grc' dir='ltr'>καῖ.</span> 
     </span>
    </p>
   </div>
   <div class='ocr_carea' id='block_1_39' title="bbox 219 3794 1883 3873">
    <p class='ocr_par' dir='ltr' id='par_1_39' title="bbox 219 3794 1883 3873">
     <span class='ocr_line' id='line_1_39' title="bbox 219 3794 1883 3873; baseline 0 -19"><span class='ocrx_word' id='word_1_292' title='bbox 219 3799 652 3872; x_wconf 59' lang='grc' dir='ltr'>ηὰκριϐώσασθαι</span> <span class='ocrx_word' id='word_1_293' title='bbox 680 3841 698 3867; x_wconf 92' lang='grc'><strong>,</strong></span> <span class='ocrx_word' id='word_1_294' title='bbox 758 3794 1034 3872; x_wconf 74' lang='grc' dir='ltr'>αὔταρκες</span> <span class='ocrx_word' id='word_1_295' title='bbox 1092 3799 1217 3855; x_wconf 76' lang='grc' dir='ltr'>ἀντὶ</span> <span class='ocrx_word' id='word_1_296' title='bbox 1260 3801 1462 3865; x_wconf 74' lang='grc' dir='ltr'>παντὸς</span> <span class='ocrx_word' id='word_1_297' title='bbox 1488 3797 1654 3855; x_wconf 64' lang='grc' dir='ltr'>ἄλλου</span> <span class='ocrx_word' id='word_1_298' title='bbox 1682 3799 1883 3873; x_wconf 38' lang='grc' dir='ltr'>πρδςυ-</span> 
     </span>
    </p>
   </div>
   <div class='ocr_carea' id='block_1_40' title="bbox 235 3894 1190 3967">
    <p class='ocr_par' dir='ltr' id='par_1_40' title="bbox 235 3894 1190 3967">
     <span class='ocr_line' id='line_1_40' title="bbox 235 3894 1190 3967; baseline 0.006 -21"><span class='ocrx_word' id='word_1_299' title='bbox 235 3894 510 3963; x_wconf 71' lang='grc' dir='ltr'>ἐγκώμιον</span> <span class='ocrx_word' id='word_1_300' title='bbox 539 3894 617 3966; x_wconf 82' lang='grc' dir='ltr'><strong>τῷ</strong></span> <span class='ocrx_word' id='word_1_301' title='bbox 648 3894 804 3967; x_wconf 85' lang='grc' dir='ltr'>ἀνδρί</span> <span class='ocrx_word' id='word_1_302' title='bbox 812 3939 826 3952; x_wconf 93' lang='grc'><strong>.</strong></span> <span class='ocrx_word' id='word_1_303' title='bbox 1186 3949 1190 3953; x_wconf 84' lang='grc'>.</span> 
     </span>
    </p>
   </div>
   <div class='ocr_carea' id='block_1_41' title="bbox 313 3984 1815 4059">
    <p class='ocr_par' dir='ltr' id='par_1_41' title="bbox 313 3984 1815 4059">
     <span class='ocr_line' id='line_1_41' title="bbox 313 3984 1815 4059; baseline 0.003 -22"><span class='ocrx_word' id='word_1_304' title='bbox 313 3985 457 4053; x_wconf 84' lang='grc' dir='ltr'><strong>Ἐγὼ</strong></span> <span class='ocrx_word' id='word_1_305' title='bbox 488 3984 621 4055; x_wconf 77' lang='grc' dir='ltr'>γοῦν</span> <span class='ocrx_word' id='word_1_306' title='bbox 651 3986 790 4055; x_wconf 85' lang='grc' dir='ltr'>πρὸς</span> <span class='ocrx_word' id='word_1_307' title='bbox 823 3987 923 4057; x_wconf 82' lang='grc' dir='ltr'>μὲν</span> <span class='ocrx_word' id='word_1_308' title='bbox 945 3985 1016 4040; x_wconf 73' lang='grc' dir='ltr'>τὰ</span> <span class='ocrx_word' id='word_1_309' title='bbox 1062 3985 1170 4042; x_wconf 85' lang='grc' dir='ltr'>τῶν</span> <span class='ocrx_word' id='word_1_310' title='bbox 1202 3986 1446 4059; x_wconf 74' lang='grc' dir='ltr'>θυραίων</span> <span class='ocrx_word' id='word_1_311' title='bbox 1475 3987 1657 4057; x_wconf 61' lang='grc' dir='ltr'>σοφῶν</span> <span class='ocrx_word' id='word_1_312' title='bbox 1684 4000 1815 4056; x_wconf 71' lang='grc' dir='ltr'><strong>συγ⁴</strong></span> 
     </span>
    </p>
   </div>
   <div class='ocr_carea' id='block_1_42' title="bbox 235 4078 1818 4154">
    <p class='ocr_par' dir='ltr' id='par_1_42' title="bbox 235 4078 1818 4154">
     <span class='ocr_line' id='line_1_42' title="bbox 235 4078 1818 4154; baseline 0.001 -21"><span class='ocrx_word' id='word_1_313' title='bbox 235 4079 539 4150; x_wconf 81' lang='grc' dir='ltr'>γράμματα</span> <span class='ocrx_word' id='word_1_314' title='bbox 567 4078 677 4133; x_wconf 76' lang='grc' dir='ltr'>οὐδ’</span> <span class='ocrx_word' id='word_1_315' title='bbox 709 4078 847 4145; x_wconf 78' lang='grc' dir='ltr'><strong>ἀξιῶ</strong></span> <span class='ocrx_word' id='word_1_316' title='bbox 870 4081 1161 4152; x_wconf 78' lang='grc' dir='ltr'>συγκρῖναι</span> <span class='ocrx_word' id='word_1_317' title='bbox 1190 4080 1262 4136; x_wconf 81' lang='grc' dir='ltr'><strong>τὰ</strong></span> <span class='ocrx_word' id='word_1_318' title='bbox 1290 4080 1691 4154; x_wconf 71' lang='grc' dir='ltr'>σπουδάσματα</span> <span class='ocrx_word' id='word_1_319' title='bbox 1724 4078 1818 4135; x_wconf 85' lang='grc' dir='ltr'>τοῦ</span> 
     </span>
    </p>
   </div>
   <div class='ocr_carea' id='block_1_43' title="bbox 236 4171 1821 4245">
    <p class='ocr_par' dir='ltr' id='par_1_43' title="bbox 236 4171 1821 4245">
     <span class='ocr_line' id='line_1_43' title="bbox 236 4171 1821 4245; baseline 0 -17"><span class='ocrx_word' id='word_1_320' title='bbox 236 4173 446 4243; x_wconf 86' lang='grc' dir='ltr'>ἀνδρός.</span> <span class='ocrx_word' id='word_1_321' title='bbox 482 4172 572 4237; x_wconf 62' lang='grc' dir='ltr'>Τί,</span> <span class='ocrx_word' id='word_1_322' title='bbox 603 4171 712 4244; x_wconf 78' lang='grc' dir='ltr'><strong>γὰρ</strong></span> <span class='ocrx_word' id='word_1_323' title='bbox 761 4173 808 4225; x_wconf 90' lang='grc' dir='ltr'><strong>εί</strong></span> <span class='ocrx_word' id='word_1_324' title='bbox 837 4172 886 4226; x_wconf 80' lang='grc' dir='ltr'>οἱ</span> <span class='ocrx_word' id='word_1_325' title='bbox 926 4172 1024 4243; x_wconf 83' lang='grc' dir='ltr'>μὲν</span> <span class='ocrx_word' id='word_1_326' title='bbox 1078 4172 1284 4227; x_wconf 89' lang='grc' dir='ltr'>τούτων</span> <span class='ocrx_word' id='word_1_327' title='bbox 1314 4172 1383 4227; x_wconf 83' lang='grc' dir='ltr'>τὰ</span> <span class='ocrx_word' id='word_1_328' title='bbox 1427 4173 1821 4245; x_wconf 79' lang='grc' dir='ltr'>Παναθηναῖκὰ</span> 
     </span>
    </p>
   </div>
   <div class='ocr_carea' id='block_1_44' title="bbox 237 4263 1820 4342">
    <p class='ocr_par' dir='ltr' id='par_1_44' title="bbox 237 4263 1820 4342">
     <span class='ocr_line' id='line_1_44' title="bbox 237 4263 1820 4342; baseline 0.001 -24"><span class='ocrx_word' id='word_1_329' title='bbox 237 4263 541 4332; x_wconf 82' lang='grc' dir='ltr'>συνέθεντο,</span> <span class='ocrx_word' id='word_1_330' title='bbox 595 4265 646 4318; x_wconf 84' lang='grc' dir='ltr'><strong>οἱ</strong></span> <span class='ocrx_word' id='word_1_331' title='bbox 677 4263 735 4317; x_wconf 86' lang='grc' dir='ltr'>δὲ</span> <span class='ocrx_word' id='word_1_332' title='bbox 769 4263 867 4335; x_wconf 76' lang='grc' dir='ltr'><strong>τὴν</strong></span> <span class='ocrx_word' id='word_1_333' title='bbox 898 4263 1469 4342; x_wconf 65' lang='grc' dir='ltr'>τῶνηελοπονησίων</span> <span class='ocrx_word' id='word_1_334' title='bbox 1522 4265 1618 4319; x_wconf 81' lang='grc' dir='ltr'>καὶ</span> <span class='ocrx_word' id='word_1_335' title='bbox 1656 4267 1820 4338; x_wconf 78' lang='grc' dir='ltr'>Ἀθηο</span> 
     </span>
    </p>
   </div>
   <div class='ocr_carea' id='block_1_45' title="bbox 236 4357 1817 4431">
    <p class='ocr_par' dir='ltr' id='par_1_45' title="bbox 236 4357 1817 4431">
     <span class='ocr_line' id='line_1_45' title="bbox 236 4357 1817 4431; baseline 0.001 -20"><span class='ocrx_word' id='word_1_336' title='bbox 236 4360 400 4413; x_wconf 80' lang='grc' dir='ltr'>ναίων</span> <span class='ocrx_word' id='word_1_337' title='bbox 426 4358 610 4429; x_wconf 62' lang='grc' dir='ltr'>μάιην</span> <span class='ocrx_word' id='word_1_338' title='bbox 637 4357 776 4428; x_wconf 84' lang='grc' dir='ltr'>μετὰ</span> <span class='ocrx_word' id='word_1_339' title='bbox 791 4359 887 4428; x_wconf 81' lang='grc' dir='ltr'><strong>τῆς</strong></span> <span class='ocrx_word' id='word_1_340' title='bbox 907 4357 1145 4429; x_wconf 76' lang='grc' dir='ltr'>σοϐαρᾶς</span> <span class='ocrx_word' id='word_1_341' title='bbox 1166 4358 1368 4426; x_wconf 76' lang='grc' dir='ltr'>λέξεως</span> <span class='ocrx_word' id='word_1_342' title='bbox 1388 4359 1817 4431; x_wconf 74' lang='grc' dir='ltr'>συνεγράψαντο·</span> 
     </span>
    </p>
   </div>
   <div class='ocr_carea' id='block_1_46' title="bbox 236 4449 1820 4523">
    <p class='ocr_par' dir='ltr' id='par_1_46' title="bbox 236 4449 1820 4523">
     <span class='ocr_line' id='line_1_46' title="bbox 236 4449 1820 4523; baseline 0.001 -19"><span class='ocrx_word' id='word_1_343' title='bbox 236 4452 328 4505; x_wconf 78' lang='grc' dir='ltr'>καὶ</span> <span class='ocrx_word' id='word_1_344' title='bbox 351 4454 403 4506; x_wconf 83' lang='grc' dir='ltr'>οἱ</span> <span class='ocrx_word' id='word_1_345' title='bbox 429 4452 698 4523; x_wconf 73' lang='grc' dir='ltr'>μὲνκατὰ</span> <span class='ocrx_word' id='word_1_346' title='bbox 722 4449 831 4504; x_wconf 87' lang='grc' dir='ltr'>τῶν</span> <span class='ocrx_word' id='word_1_347' title='bbox 867 4450 1140 4522; x_wconf 80' lang='grc' dir='ltr'>ρητόρων,</span> <span class='ocrx_word' id='word_1_348' title='bbox 1184 4450 1233 4504; x_wconf 82' lang='grc' dir='ltr'><strong>οἱ</strong></span> <span class='ocrx_word' id='word_1_349' title='bbox 1258 4450 1314 4504; x_wconf 78' lang='grc' dir='ltr'>δὲ</span> <span class='ocrx_word' id='word_1_350' title='bbox 1345 4450 1484 4522; x_wconf 76' lang='grc' dir='ltr'>ὑπὲρ</span> <span class='ocrx_word' id='word_1_351' title='bbox 1514 4451 1622 4504; x_wconf 84' lang='grc' dir='ltr'>τῶν</span> <span class='ocrx_word' id='word_1_352' title='bbox 1653 4452 1820 4523; x_wconf 78' lang='grc' dir='ltr'>ρητό-</span> 
     </span>
    </p>
   </div>
   <div class='ocr_carea' id='block_1_47' title="bbox 1931 542 3522 645">
    <p class='ocr_par' dir='ltr' id='par_1_47' title="bbox 1931 542 3522 645">
     <span class='ocr_line' id='line_1_47' title="bbox 1931 542 3522 645; baseline 0.008 -34"><span class='ocrx_word' id='word_1_353' title='bbox 1931 542 2451 630; x_wconf 71' lang='grc' dir='ltr'>ιιιιιριηέῃυιυιιοειε</span> <span class='ocrx_word' id='word_1_354' title='bbox 2478 581 2490 617; x_wconf 92' lang='lat'><strong>:</strong></span> <span class='ocrx_word' id='word_1_355' title='bbox 2518 564 2621 619; x_wconf 87' lang='lat' dir='ltr'><strong>sub</strong></span> <span class='ocrx_word' id='word_1_356' title='bbox 2649 565 2782 631; x_wconf 86' lang='lat' dir='ltr'><strong>pinu</strong></span> <span class='ocrx_word' id='word_1_357' title='bbox 2808 574 3012 630; x_wconf 86' lang='lat' dir='ltr'><strong>autem,</strong></span> <span class='ocrx_word' id='word_1_358' title='bbox 3048 574 3141 620; x_wconf 87' lang='lat' dir='ltr'><strong>aut</strong></span> <span class='ocrx_word' id='word_1_359' title='bbox 3177 583 3379 645; x_wconf 69' lang='lat' dir='ltr'><strong>quercu</strong></span> <span class='ocrx_word' id='word_1_360' title='bbox 3422 570 3522 624; x_wconf 82' lang='lat' dir='ltr'><strong>aii-</strong></span> 
     </span>
    </p>
   </div>
   <div class='ocr_carea' id='block_1_48' title="bbox 1929 651 3524 721">
    <p class='ocr_par' dir='ltr' id='par_1_48' title="bbox 1929 651 3524 721">
     <span class='ocr_line' id='line_1_48' title="bbox 1929 651 3524 721; baseline 0.006 -17"><span class='ocrx_word' id='word_1_361' title='bbox 1929 666 2038 721; x_wconf 89' lang='lat' dir='ltr'><strong>qua</strong></span> <span class='ocrx_word' id='word_1_362' title='bbox 2088 651 2321 708; x_wconf 84' lang='lat' dir='ltr'><strong>collocat</strong></span> <span class='ocrx_word' id='word_1_363' title='bbox 2351 657 2769 710; x_wconf 74' lang='lat' dir='ltr'><strong>exercitatorem</strong></span> <span class='ocrx_word' id='word_1_364' title='bbox 2805 674 2816 709; x_wconf 90' lang='lat'><strong>:</strong></span> <span class='ocrx_word' id='word_1_365' title='bbox 2858 668 2914 711; x_wconf 92' lang='lat' dir='ltr'><strong>et</strong></span> <span class='ocrx_word' id='word_1_366' title='bbox 2941 654 3042 711; x_wconf 75' lang='lat' dir='ltr'><strong>vile</strong></span> <span class='ocrx_word' id='word_1_367' title='bbox 3094 656 3417 712; x_wconf 84' lang='lat' dir='ltr'><strong>alimentum</strong></span> <span class='ocrx_word' id='word_1_368' title='bbox 3466 668 3524 713; x_wconf 87' lang='lat' dir='ltr'><strong>et</strong></span> 
     </span>
    </p>
   </div>
   <div class='ocr_carea' id='block_1_49' title="bbox 1926 741 3521 819">
    <p class='ocr_par' dir='ltr' id='par_1_49' title="bbox 1926 741 3521 819">
     <span class='ocr_line' id='line_1_49' title="bbox 1926 741 3521 819; baseline 0.006 -21"><span class='ocrx_word' id='word_1_369' title='bbox 1926 741 2274 802; x_wconf 77' lang='lat' dir='ltr'><strong>illaboratam</strong></span> <span class='ocrx_word' id='word_1_370' title='bbox 2307 746 2357 801; x_wconf 89' lang='lat' dir='ltr'><strong>ei</strong></span> <span class='ocrx_word' id='word_1_371' title='bbox 2382 746 2541 802; x_wconf 84' lang='lat' dir='ltr'><strong>oti&#39;ert</strong></span> <span class='ocrx_word' id='word_1_372' title='bbox 2583 763 2650 802; x_wconf 83' lang='lat' dir='ltr'><strong>ex</strong></span> <span class='ocrx_word' id='word_1_373' title='bbox 2695 748 2900 814; x_wconf 89' lang='lat' dir='ltr'><strong>herbis,</strong></span> <span class='ocrx_word' id='word_1_374' title='bbox 2938 758 2991 804; x_wconf 87' lang='lat' dir='ltr'><strong>et</strong></span> <span class='ocrx_word' id='word_1_375' title='bbox 3035 760 3223 819; x_wconf 90' lang='lat' dir='ltr'><strong>potum</strong></span> <span class='ocrx_word' id='word_1_376' title='bbox 3255 765 3318 806; x_wconf 78' lang='lat' dir='ltr'><strong>ex</strong></span> <span class='ocrx_word' id='word_1_377' title='bbox 3354 750 3521 807; x_wconf 77' lang='lat' dir='ltr'><strong>fonti-</strong></span> 
     </span>
    </p>
   </div>
   <div class='ocr_carea' id='block_1_50' title="bbox 1925 833 3520 911">
    <p class='ocr_par' dir='ltr' id='par_1_50' title="bbox 1925 833 3520 911">
     <span class='ocr_line' id='line_1_50' title="bbox 1925 833 3520 911; baseline 0.005 -21"><span class='ocrx_word' id='word_1_378' title='bbox 1925 833 2049 890; x_wconf 79' lang='lat' dir='ltr'><strong>bus.</strong></span> <span class='ocrx_word' id='word_1_379' title='bbox 2077 835 2360 908; x_wconf 88' lang='lat' dir='ltr'><strong>Ejusmodi</strong></span> <span class='ocrx_word' id='word_1_380' title='bbox 2392 840 2741 895; x_wconf 84' lang='lat' dir='ltr'><strong>narrationes</strong></span> <span class='ocrx_word' id='word_1_381' title='bbox 2766 850 2926 895; x_wconf 85' lang='lat' dir='ltr'><strong>ornat</strong></span> <span class='ocrx_word' id='word_1_382' title='bbox 2955 841 3283 911; x_wconf 82' lang='lat' dir='ltr'><strong>quibusdam</strong></span> <span class='ocrx_word' id='word_1_383' title='bbox 3321 841 3520 898; x_wconf 85' lang='lat' dir='ltr'><strong>tieren-</strong></span> 
     </span>
    </p>
   </div>
   <div class='ocr_carea' id='block_1_51' title="bbox 1924 927 3516 1007">
    <p class='ocr_par' dir='ltr' id='par_1_51' title="bbox 1924 927 3516 1007">
     <span class='ocr_line' id='line_1_51' title="bbox 1924 927 3516 1007; baseline 0.006 -25"><span class='ocrx_word' id='word_1_384' title='bbox 1924 927 2072 983; x_wconf 83' lang='lat' dir='ltr'><strong>tibus</strong></span> <span class='ocrx_word' id='word_1_385' title='bbox 2094 929 2321 1000; x_wconf 82' lang='lat' dir='ltr'><strong>pulchre</strong></span> <span class='ocrx_word' id='word_1_386' title='bbox 2349 930 2703 1002; x_wconf 80' lang='lat' dir='ltr'><strong>dictionibus,</strong></span> <span class='ocrx_word' id='word_1_387' title='bbox 2739 942 2796 987; x_wconf 87' lang='lat' dir='ltr'><strong>et</strong></span> <span class='ocrx_word' id='word_1_388' title='bbox 2819 934 2983 988; x_wconf 79' lang='lat' dir='ltr'><strong>variis</strong></span> <span class='ocrx_word' id='word_1_389' title='bbox 3014 935 3157 990; x_wconf 88' lang='lat' dir='ltr'><strong>rosis</strong></span> <span class='ocrx_word' id='word_1_390' title='bbox 3196 935 3516 1007; x_wconf 83' lang='lat' dir='ltr'><strong>ﬁgurarum,</strong></span> 
     </span>
    </p>
   </div>
   <div class='ocr_carea' id='block_1_52' title="bbox 1924 1024 3517 1097">
    <p class='ocr_par' dir='ltr' id='par_1_52' title="bbox 1924 1024 3517 1097">
     <span class='ocr_line' id='line_1_52' title="bbox 1924 1024 3517 1097; baseline 0.006 -21"><span class='ocrx_word' id='word_1_391' title='bbox 1924 1029 1980 1076; x_wconf 85' lang='lat' dir='ltr'><strong>et</strong></span> <span class='ocrx_word' id='word_1_392' title='bbox 2008 1036 2092 1087; x_wconf 89' lang='lat' dir='ltr'><strong>ea,</strong></span> <span class='ocrx_word' id='word_1_393' title='bbox 2120 1038 2242 1092; x_wconf 70' lang='lat' dir='ltr'><strong>quae</strong></span> <span class='ocrx_word' id='word_1_394' title='bbox 2293 1030 2426 1080; x_wconf 88' lang='lat' dir='ltr'><strong>tunc</strong></span> <span class='ocrx_word' id='word_1_395' title='bbox 2476 1024 2700 1090; x_wconf 82' lang='lat' dir='ltr'><strong>ﬁebant,</strong></span> <span class='ocrx_word' id='word_1_396' title='bbox 2733 1026 2889 1095; x_wconf 83' lang='lat' dir='ltr'><strong>quasi</strong></span> <span class='ocrx_word' id='word_1_397' title='bbox 2940 1026 3164 1097; x_wconf 72' lang='lat' dir='ltr'><strong>subiicit</strong></span> <span class='ocrx_word' id='word_1_398' title='bbox 3202 1028 3397 1086; x_wconf 88' lang='lat' dir='ltr'><strong>oculis.</strong></span> <span class='ocrx_word' id='word_1_399' title='bbox 3423 1029 3517 1085; x_wconf 81' lang='lat' dir='ltr'><strong>Vi-</strong></span> 
     </span>
    </p>
   </div>
   <div class='ocr_carea' id='block_1_53' title="bbox 1924 1116 3516 1200">
    <p class='ocr_par' dir='ltr' id='par_1_53' title="bbox 1924 1116 3516 1200">
     <span class='ocr_line' id='line_1_53' title="bbox 1924 1116 3516 1200; baseline 0.007 -33"><span class='ocrx_word' id='word_1_400' title='bbox 1924 1129 2044 1169; x_wconf 88' lang='lat' dir='ltr'><strong>rqu</strong></span> <span class='ocrx_word' id='word_1_401' title='bbox 2069 1131 2167 1187; x_wconf 79' lang='lat' dir='ltr'><strong>ego</strong></span> <span class='ocrx_word' id='word_1_402' title='bbox 2190 1116 2352 1183; x_wconf 87' lang='lat' dir='ltr'><strong>laudo</strong></span> <span class='ocrx_word' id='word_1_403' title='bbox 2383 1118 2603 1189; x_wconf 79' lang='lat' dir='ltr'><strong>quidem</strong></span> <span class='ocrx_word' id='word_1_404' title='bbox 2635 1131 2861 1189; x_wconf 76' lang='lat' dir='ltr'><strong>propter</strong></span> <span class='ocrx_word' id='word_1_405' title='bbox 2891 1118 3160 1189; x_wconf 74' lang='lat' dir='ltr'><strong>ejusmodi</strong></span> <span class='ocrx_word' id='word_1_406' title='bbox 3205 1118 3516 1200; x_wconf 79' lang='lat' dir='ltr'><strong>facundiam</strong></span> 
     </span>
    </p>
   </div>
   <div class='ocr_carea' id='block_1_54' title="bbox 1923 1210 3518 1282">
    <p class='ocr_par' dir='ltr' id='par_1_54' title="bbox 1923 1210 3518 1282">
     <span class='ocr_line' id='line_1_54' title="bbox 1923 1210 3518 1282; baseline 0.004 -17"><span class='ocrx_word' id='word_1_407' title='bbox 1923 1219 1978 1265; x_wconf 90' lang='lat' dir='ltr'><strong>et</strong></span> <span class='ocrx_word' id='word_1_408' title='bbox 2001 1211 2227 1281; x_wconf 80' lang='lat' dir='ltr'><strong>gratiam</strong></span> <span class='ocrx_word' id='word_1_409' title='bbox 2261 1228 2275 1266; x_wconf 91' lang='lat'><strong>:</strong></span> <span class='ocrx_word' id='word_1_410' title='bbox 2307 1227 2418 1267; x_wconf 91' lang='lat' dir='ltr'><strong>non</strong></span> <span class='ocrx_word' id='word_1_411' title='bbox 2451 1210 2636 1266; x_wconf 90' lang='lat' dir='ltr'><strong>minus</strong></span> <span class='ocrx_word' id='word_1_412' title='bbox 2656 1221 2860 1278; x_wconf 90' lang='lat' dir='ltr'><strong>autem,</strong></span> <span class='ocrx_word' id='word_1_413' title='bbox 2893 1210 3038 1282; x_wconf 91' lang='lat' dir='ltr'><strong>quod</strong></span> <span class='ocrx_word' id='word_1_414' title='bbox 3062 1211 3291 1281; x_wconf 86' lang='lat' dir='ltr'><strong>pulchre</strong></span> <span class='ocrx_word' id='word_1_415' title='bbox 3320 1220 3518 1271; x_wconf 88' lang='lat' dir='ltr'><strong>tracta-</strong></span> 
     </span>
    </p>
   </div>
   <div class='ocr_carea' id='block_1_55' title="bbox 1923 1302 3517 1381">
    <p class='ocr_par' dir='ltr' id='par_1_55' title="bbox 1923 1302 3517 1381">
     <span class='ocr_line' id='line_1_55' title="bbox 1923 1302 3517 1381; baseline 0.004 -22"><span class='ocrx_word' id='word_1_416' title='bbox 1923 1302 2001 1359; x_wconf 86' lang='lat' dir='ltr'><strong>vit</strong></span> <span class='ocrx_word' id='word_1_417' title='bbox 2045 1312 2401 1375; x_wconf 79' lang='lat' dir='ltr'><strong>argumenta;</strong></span> <span class='ocrx_word' id='word_1_418' title='bbox 2440 1321 2568 1360; x_wconf 85' lang='lat' dir='ltr'><strong>nam</strong></span> <span class='ocrx_word' id='word_1_419' title='bbox 2614 1305 2718 1361; x_wconf 89' lang='lat' dir='ltr'><strong>etsi</strong></span> <span class='ocrx_word' id='word_1_420' title='bbox 2772 1321 2801 1360; x_wconf 91' lang='lat' dir='ltr'><strong>a</strong></span> <span class='ocrx_word' id='word_1_421' title='bbox 2845 1321 2933 1361; x_wconf 89' lang='lat' dir='ltr'><strong>me</strong></span> <span class='ocrx_word' id='word_1_422' title='bbox 2983 1309 3155 1363; x_wconf 86' lang='lat' dir='ltr'><strong>multa</strong></span> <span class='ocrx_word' id='word_1_423' title='bbox 3199 1324 3418 1381; x_wconf 84' lang='lat' dir='ltr'><strong>quoque</strong></span> <span class='ocrx_word' id='word_1_424' title='bbox 3446 1306 3517 1365; x_wconf 86' lang='lat' dir='ltr'><strong>de</strong></span> 
     </span>
    </p>
   </div>
   <div class='ocr_carea' id='block_1_56' title="bbox 1921 1395 3512 1475">
    <p class='ocr_par' dir='ltr' id='par_1_56' title="bbox 1921 1395 3512 1475">
     <span class='ocr_line' id='line_1_56' title="bbox 1921 1395 3512 1475; baseline 0.005 -25"><span class='ocrx_word' id='word_1_425' title='bbox 1921 1395 2107 1475; x_wconf 78' lang='lat' dir='ltr'><strong>multis</strong></span> <span class='ocrx_word' id='word_1_426' title='bbox 2137 1396 2452 1453; x_wconf 89' lang='lat' dir='ltr'><strong>scribuntur</strong></span> <span class='ocrx_word' id='word_1_427' title='bbox 2479 1438 2494 1465; x_wconf 93' lang='lat'><strong>,</strong></span> <span class='ocrx_word' id='word_1_428' title='bbox 2542 1413 2651 1453; x_wconf 91' lang='lat' dir='ltr'><strong>non</strong></span> <span class='ocrx_word' id='word_1_429' title='bbox 2686 1397 2897 1456; x_wconf 81' lang='lat' dir='ltr'><strong>habent</strong></span> <span class='ocrx_word' id='word_1_430' title='bbox 2922 1414 3114 1455; x_wconf 90' lang='lat' dir='ltr'><strong>eorum</strong></span> <span class='ocrx_word' id='word_1_431' title='bbox 3145 1418 3313 1473; x_wconf 89' lang='lat' dir='ltr'><strong>opera</strong></span> <span class='ocrx_word' id='word_1_432' title='bbox 3349 1403 3512 1458; x_wconf 81' lang='lat' dir='ltr'><strong>talem</strong></span> 
     </span>
    </p>
   </div>
   <div class='ocr_carea' id='block_1_57' title="bbox 1921 1488 3515 1564">
    <p class='ocr_par' dir='ltr' id='par_1_57' title="bbox 1921 1488 3515 1564">
     <span class='ocr_line' id='line_1_57' title="bbox 1921 1488 3515 1564; baseline 0.006 -21"><span class='ocrx_word' id='word_1_433' title='bbox 1921 1488 2099 1543; x_wconf 82' lang='lat' dir='ltr'><strong>zelum</strong></span> <span class='ocrx_word' id='word_1_434' title='bbox 2139 1496 2194 1544; x_wconf 88' lang='lat' dir='ltr'><strong>et</strong></span> <span class='ocrx_word' id='word_1_435' title='bbox 2238 1488 2603 1546; x_wconf 72' lang='lat' dir='ltr'><strong>imitationem</strong></span> <span class='ocrx_word' id='word_1_436' title='bbox 2648 1489 2791 1547; x_wconf 69' lang='lat' dir='ltr'><strong>:&#39;sed</strong></span> <span class='ocrx_word' id='word_1_437' title='bbox 2831 1493 2964 1547; x_wconf 83' lang='lat' dir='ltr'><strong>viris</strong></span> <span class='ocrx_word' id='word_1_438' title='bbox 3011 1490 3231 1564; x_wconf 85' lang='lat' dir='ltr'><strong>quidem</strong></span> <span class='ocrx_word' id='word_1_439' title='bbox 3280 1493 3515 1553; x_wconf 79' lang='lat' dir='ltr'><strong>fortasse</strong></span> 
     </span>
    </p>
   </div>
   <div class='ocr_carea' id='block_1_58' title="bbox 1920 1582 3514 1656">
    <p class='ocr_par' dir='ltr' id='par_1_58' title="bbox 1920 1582 3514 1656">
     <span class='ocr_line' id='line_1_58' title="bbox 1920 1582 3514 1656; baseline 0.006 -20"><span class='ocrx_word' id='word_1_440' title='bbox 1920 1582 2094 1638; x_wconf 90' lang='lat' dir='ltr'><strong>doctis</strong></span> <span class='ocrx_word' id='word_1_441' title='bbox 2141 1582 2473 1639; x_wconf 81' lang='lat' dir='ltr'><strong>videbuntur</strong></span> <span class='ocrx_word' id='word_1_442' title='bbox 2503 1584 2686 1655; x_wconf 85' lang='lat' dir='ltr'><strong>digna,</strong></span> <span class='ocrx_word' id='word_1_443' title='bbox 2720 1585 2775 1640; x_wconf 92' lang='lat' dir='ltr'><strong>in</strong></span> <span class='ocrx_word' id='word_1_444' title='bbox 2818 1602 2939 1656; x_wconf 65' lang='lat' dir='ltr'><strong>qum</strong></span> <span class='ocrx_word' id='word_1_445' title='bbox 2982 1588 3227 1645; x_wconf 78' lang='lat' dir='ltr'><strong>Studium</strong></span> <span class='ocrx_word' id='word_1_446' title='bbox 3257 1589 3514 1645; x_wconf 77' lang='lat' dir='ltr'><strong>confera-</strong></span> 
     </span>
    </p>
   </div>
   <div class='ocr_carea' id='block_1_59' title="bbox 1921 1676 3516 1750">
    <p class='ocr_par' dir='ltr' id='par_1_59' title="bbox 1921 1676 3516 1750">
     <span class='ocr_line' id='line_1_59' title="bbox 1921 1676 3516 1750; baseline 0.004 -20"><span class='ocrx_word' id='word_1_447' title='bbox 1921 1682 2027 1741; x_wconf 86' lang='lat' dir='ltr'><strong>tur,</strong></span> <span class='ocrx_word' id='word_1_448' title='bbox 2056 1683 2112 1730; x_wconf 90' lang='lat' dir='ltr'><strong>et</strong></span> <span class='ocrx_word' id='word_1_449' title='bbox 2133 1690 2195 1730; x_wconf 89' lang='lat' dir='ltr'><strong>ea</strong></span> <span class='ocrx_word' id='word_1_450' title='bbox 2222 1676 2627 1732; x_wconf 81' lang='lat' dir='ltr'><strong>aemulabuntur</strong></span> <span class='ocrx_word' id='word_1_451' title='bbox 2667 1686 2890 1750; x_wconf 88' lang='lat' dir='ltr'><strong>propter</strong></span> <span class='ocrx_word' id='word_1_452' title='bbox 2920 1680 3211 1745; x_wconf 83' lang='lat' dir='ltr'><strong>dictiones,</strong></span> <span class='ocrx_word' id='word_1_453' title='bbox 3253 1691 3310 1738; x_wconf 91' lang='lat' dir='ltr'><strong>et</strong></span> <span class='ocrx_word' id='word_1_454' title='bbox 3333 1682 3516 1737; x_wconf 87' lang='lat' dir='ltr'><strong>varias</strong></span> 
     </span>
    </p>
   </div>
   <div class='ocr_carea' id='block_1_60' title="bbox 1920 1765 3514 1844">
    <p class='ocr_par' dir='ltr' id='par_1_60' title="bbox 1920 1765 3514 1844">
     <span class='ocr_line' id='line_1_60' title="bbox 1920 1765 3514 1844; baseline 0.006 -24"><span class='ocrx_word' id='word_1_455' title='bbox 1920 1765 2165 1839; x_wconf 82' lang='lat' dir='ltr'><strong>ﬁguras:</strong></span> <span class='ocrx_word' id='word_1_456' title='bbox 2197 1768 2390 1839; x_wconf 78' lang='lat' dir='ltr'><strong>vulgus</strong></span> <span class='ocrx_word' id='word_1_457' title='bbox 2436 1778 2619 1824; x_wconf 86' lang='lat' dir='ltr'><strong>autem</strong></span> <span class='ocrx_word' id='word_1_458' title='bbox 2661 1780 3012 1838; x_wconf 87' lang='lat' dir='ltr'><strong>contemnet,</strong></span> <span class='ocrx_word' id='word_1_459' title='bbox 3052 1774 3197 1844; x_wconf 91' lang='lat' dir='ltr'><strong>quod</strong></span> <span class='ocrx_word' id='word_1_460' title='bbox 3242 1790 3354 1830; x_wconf 90' lang='lat' dir='ltr'><strong>non</strong></span> <span class='ocrx_word' id='word_1_461' title='bbox 3401 1776 3514 1831; x_wconf 87' lang='lat' dir='ltr'><strong>sint</strong></span> 
     </span>
    </p>
   </div>
   <div class='ocr_carea' id='block_1_61' title="bbox 1851 1846 3402 1935">
    <p class='ocr_par' dir='ltr' id='par_1_61' title="bbox 1851 1846 3402 1935">
     <span class='ocr_line' id='line_1_61' title="bbox 1851 1846 3402 1935; baseline 0.006 -24"><span class='ocrx_word' id='word_1_462' title='bbox 1851 1846 1894 1901; x_wconf 83' lang='grc' dir='ltr'><strong>Β</strong></span> <span class='ocrx_word' id='word_1_463' title='bbox 1924 1859 1971 1912; x_wconf 92' lang='lat' dir='ltr'><strong>ei</strong></span> <span class='ocrx_word' id='word_1_464' title='bbox 2012 1874 2159 1913; x_wconf 63' lang='lat' dir='ltr'><strong>curae</strong></span> <span class='ocrx_word' id='word_1_465' title='bbox 2191 1859 2543 1926; x_wconf 69' lang='lat' dir='ltr'><strong>quaestiones,</strong></span> <span class='ocrx_word' id='word_1_466' title='bbox 2574 1868 2629 1935; x_wconf 81' lang='lat' dir='ltr'><strong>et</strong></span> <span class='ocrx_word' id='word_1_467' title='bbox 2659 1863 2946 1918; x_wconf 64' lang='lat' dir='ltr'><strong>sententiae</strong></span> <span class='ocrx_word' id='word_1_468' title='bbox 2970 1864 3137 1920; x_wconf 89' lang='lat' dir='ltr'><strong>nimis</strong></span> <span class='ocrx_word' id='word_1_469' title='bbox 3166 1880 3402 1923; x_wconf 71' lang='lat' dir='ltr'><strong>arcanae.</strong></span> 
     </span>
    </p>
   </div>
   <div class='ocr_carea' id='block_1_62' title="bbox 1994 1948 3510 2028">
    <p class='ocr_par' dir='ltr' id='par_1_62' title="bbox 1994 1948 3510 2028">
     <span class='ocr_line' id='line_1_62' title="bbox 1994 1948 3510 2028; baseline 0.006 -25"><span class='ocrx_word' id='word_1_470' title='bbox 1994 1948 2166 2005; x_wconf 87' lang='lat' dir='ltr'><strong>Porro</strong></span> <span class='ocrx_word' id='word_1_471' title='bbox 2212 1958 2395 2005; x_wconf 89' lang='lat' dir='ltr'><strong>autem</strong></span> <span class='ocrx_word' id='word_1_472' title='bbox 2444 1950 2636 2005; x_wconf 86' lang='lat' dir='ltr'><strong>dicunt</strong></span> <span class='ocrx_word' id='word_1_473' title='bbox 2665 1967 2791 2007; x_wconf 91' lang='lat' dir='ltr'><strong>eum</strong></span> <span class='ocrx_word' id='word_1_474' title='bbox 2840 1969 2949 2008; x_wconf 91' lang='lat' dir='ltr'><strong>non</strong></span> <span class='ocrx_word' id='word_1_475' title='bbox 2987 1954 3183 2010; x_wconf 78' lang='lat' dir='ltr'><strong>leviter</strong></span> <span class='ocrx_word' id='word_1_476' title='bbox 3233 1965 3510 2028; x_wconf 73' lang='lat' dir='ltr'><strong>agentem,</strong></span> 
     </span>
    </p>
   </div>
   <div class='ocr_carea' id='block_1_63' title="bbox 1921 2038 3511 2116">
    <p class='ocr_par' dir='ltr' id='par_1_63' title="bbox 1921 2038 3511 2116">
     <span class='ocr_line' id='line_1_63' title="bbox 1921 2038 3511 2116; baseline 0.006 -24"><span class='ocrx_word' id='word_1_477' title='bbox 1921 2038 2066 2093; x_wconf 83' lang='lat' dir='ltr'><strong>hanc</strong></span> <span class='ocrx_word' id='word_1_478' title='bbox 2109 2054 2225 2092; x_wconf 90' lang='lat' dir='ltr'><strong>rem</strong></span> <span class='ocrx_word' id='word_1_479' title='bbox 2284 2054 2408 2095; x_wconf 90' lang='lat' dir='ltr'><strong>esse</strong></span> <span class='ocrx_word' id='word_1_480' title='bbox 2446 2057 2783 2113; x_wconf 71' lang='lat' dir='ltr'><strong>aggressum,</strong></span> <span class='ocrx_word' id='word_1_481' title='bbox 2844 2058 3026 2115; x_wconf 87' lang='lat' dir='ltr'><strong>neque</strong></span> <span class='ocrx_word' id='word_1_482' title='bbox 3081 2045 3258 2116; x_wconf 91' lang='lat' dir='ltr'><strong>ipsum</strong></span> <span class='ocrx_word' id='word_1_483' title='bbox 3312 2046 3364 2102; x_wconf 90' lang='lat' dir='ltr'><strong>id</strong></span> <span class='ocrx_word' id='word_1_484' title='bbox 3406 2046 3511 2104; x_wconf 87' lang='lat' dir='ltr'><strong>sibi</strong></span> 
     </span>
    </p>
   </div>
   <div class='ocr_carea' id='block_1_64' title="bbox 1922 2130 3513 2210">
    <p class='ocr_par' dir='ltr' id='par_1_64' title="bbox 1922 2130 3513 2210">
     <span class='ocr_line' id='line_1_64' title="bbox 1922 2130 3513 2210; baseline 0.005 -23"><span class='ocrx_word' id='word_1_485' title='bbox 1922 2132 2298 2206; x_wconf 85' lang='lat' dir='ltr'><strong>proposuisse,</strong></span> <span class='ocrx_word' id='word_1_486' title='bbox 2343 2144 2403 2189; x_wconf 92' lang='lat' dir='ltr'><strong>ut</strong></span> <span class='ocrx_word' id='word_1_487' title='bbox 2433 2134 2637 2190; x_wconf 81' lang='lat' dir='ltr'><strong>faceret</strong></span> <span class='ocrx_word' id='word_1_488' title='bbox 2674 2142 2941 2206; x_wconf 87' lang='lat' dir='ltr'><strong>quantum</strong></span> <span class='ocrx_word' id='word_1_489' title='bbox 2974 2130 3173 2206; x_wconf 84' lang='lat' dir='ltr'><strong>vellet;</strong></span> <span class='ocrx_word' id='word_1_490' title='bbox 3212 2138 3307 2194; x_wconf 90' lang='lat' dir='ltr'><strong>sed</strong></span> <span class='ocrx_word' id='word_1_491' title='bbox 3342 2140 3513 2210; x_wconf 90' lang='lat' dir='ltr'><strong>impe-</strong></span> 
     </span>
    </p>
   </div>
   <div class='ocr_carea' id='block_1_65' title="bbox 1921 2226 3595 2299">
    <p class='ocr_par' dir='ltr' id='par_1_65' title="bbox 1921 2226 3595 2299">
     <span class='ocr_line' id='line_1_65' title="bbox 1921 2226 3595 2299; baseline 0.005 -17"><span class='ocrx_word' id='word_1_492' title='bbox 1921 2227 2124 2283; x_wconf 87' lang='lat' dir='ltr'><strong>ratoris</strong></span> <span class='ocrx_word' id='word_1_493' title='bbox 2168 2226 2583 2283; x_wconf 84' lang='lat' dir='ltr'><strong>adhortationes</strong></span> <span class='ocrx_word' id='word_1_494' title='bbox 2630 2240 2756 2283; x_wconf 87' lang='lat' dir='ltr'><strong>eum</strong></span> <span class='ocrx_word' id='word_1_495' title='bbox 2792 2230 2861 2285; x_wconf 89' lang='lat' dir='ltr'><strong>ad</strong></span> <span class='ocrx_word' id='word_1_496' title='bbox 2909 2229 3015 2285; x_wconf 94' lang='lat' dir='ltr'><strong>hoc</strong></span> <span class='ocrx_word' id='word_1_497' title='bbox 3058 2229 3429 2299; x_wconf 76' lang='lat' dir='ltr'><strong>adduxerunt,</strong></span> <span class='ocrx_word' id='word_1_498' title='bbox 3457 2238 3515 2290; x_wconf 87' lang='lat' dir='ltr'><strong>et</strong></span> <span class='ocrx_word' id='word_1_499' title='bbox 3592 2228 3595 2229; x_wconf 21' lang='grc' dir='ltr'><em>ν</em></span> 
     </span>
    </p>
   </div>
   <div class='ocr_carea' id='block_1_66' title="bbox 1920 2318 3513 2397">
    <p class='ocr_par' dir='ltr' id='par_1_66' title="bbox 1920 2318 3513 2397">
     <span class='ocr_line' id='line_1_66' title="bbox 1920 2318 3513 2397; baseline 0.002 -18"><span class='ocrx_word' id='word_1_500' title='bbox 1920 2318 1956 2379; x_wconf 88' lang='lat' dir='ltr'><strong>ii</strong></span> <span class='ocrx_word' id='word_1_501' title='bbox 1995 2324 2194 2395; x_wconf 80' lang='lat' dir='ltr'><strong>quibus</strong></span> <span class='ocrx_word' id='word_1_502' title='bbox 2255 2336 2398 2379; x_wconf 72' lang='lat' dir='ltr'><strong>curm</strong></span> <span class='ocrx_word' id='word_1_503' title='bbox 2453 2332 2570 2379; x_wconf 88' lang='lat' dir='ltr'><strong>erat</strong></span> <span class='ocrx_word' id='word_1_504' title='bbox 2608 2322 2855 2379; x_wconf 87' lang='lat' dir='ltr'><strong>doctrina</strong></span> <span class='ocrx_word' id='word_1_505' title='bbox 2894 2332 2948 2379; x_wconf 92' lang='lat' dir='ltr'><strong>et</strong></span> <span class='ocrx_word' id='word_1_506' title='bbox 3001 2325 3396 2397; x_wconf 84' lang='lat' dir='ltr'><strong>intelligentia;</strong></span> <span class='ocrx_word' id='word_1_507' title='bbox 3456 2332 3513 2382; x_wconf 87' lang='lat' dir='ltr'><strong>et</strong></span> 
     </span>
    </p>
   </div>
   <div class='ocr_carea' id='block_1_67' title="bbox 1920 2413 3512 2487">
    <p class='ocr_par' dir='ltr' id='par_1_67' title="bbox 1920 2413 3512 2487">
     <span class='ocr_line' id='line_1_67' title="bbox 1920 2413 3512 2487; baseline 0.003 -19"><span class='ocrx_word' id='word_1_508' title='bbox 1920 2422 2208 2486; x_wconf 89' lang='lat' dir='ltr'><strong>promptus</strong></span> <span class='ocrx_word' id='word_1_509' title='bbox 2255 2414 2304 2471; x_wconf 90' lang='lat' dir='ltr'><strong>ei</strong></span> <span class='ocrx_word' id='word_1_510' title='bbox 2342 2413 2443 2468; x_wconf 86' lang='lat' dir='ltr'><strong>t‘uit</strong></span> <span class='ocrx_word' id='word_1_511' title='bbox 2474 2423 2791 2486; x_wconf 86' lang='lat' dir='ltr'><strong>apparatus,</strong></span> <span class='ocrx_word' id='word_1_512' title='bbox 2843 2424 2899 2469; x_wconf 88' lang='lat' dir='ltr'><strong>et</strong></span> <span class='ocrx_word' id='word_1_513' title='bbox 2949 2429 3058 2470; x_wconf 90' lang='lat' dir='ltr'><strong>non</strong></span> <span class='ocrx_word' id='word_1_514' title='bbox 3125 2430 3330 2487; x_wconf 85' lang='lat' dir='ltr'><strong>parvus</strong></span> <span class='ocrx_word' id='word_1_515' title='bbox 3357 2415 3512 2473; x_wconf 84' lang='lat' dir='ltr'><strong>orbis</strong></span> 
     </span>
    </p>
   </div>
   <div class='ocr_carea' id='block_1_68' title="bbox 1918 2508 3514 2582">
    <p class='ocr_par' dir='ltr' id='par_1_68' title="bbox 1918 2508 3514 2582">
     <span class='ocr_line' id='line_1_68' title="bbox 1918 2508 3514 2582; baseline 0.002 -19"><span class='ocrx_word' id='word_1_516' title='bbox 1918 2522 2132 2574; x_wconf 86' lang='lat' dir='ltr'><strong>eorum,</strong></span> <span class='ocrx_word' id='word_1_517' title='bbox 2168 2508 2260 2578; x_wconf 90' lang='lat' dir='ltr'><strong>qui</strong></span> <span class='ocrx_word' id='word_1_518' title='bbox 2301 2508 2476 2579; x_wconf 89' lang='lat' dir='ltr'><strong>primo</strong></span> <span class='ocrx_word' id='word_1_519' title='bbox 2506 2508 2799 2563; x_wconf 86' lang='lat' dir='ltr'><strong>dictionem</strong></span> <span class='ocrx_word' id='word_1_520' title='bbox 2843 2509 2991 2563; x_wconf 90' lang='lat' dir='ltr'><strong>notis</strong></span> <span class='ocrx_word' id='word_1_521' title='bbox 3039 2509 3410 2582; x_wconf 79' lang='lat' dir='ltr'><strong>excipiebant,</strong></span> <span class='ocrx_word' id='word_1_522' title='bbox 3454 2518 3514 2566; x_wconf 83' lang='lat' dir='ltr'><strong>et</strong></span> 
     </span>
    </p>
   </div>
   <div class='ocr_carea' id='block_1_69' title="bbox 1918 2600 3513 2677">
    <p class='ocr_par' dir='ltr' id='par_1_69' title="bbox 1918 2600 3513 2677">
     <span class='ocr_line' id='line_1_69' title="bbox 1918 2600 3513 2677; baseline 0.004 -22"><span class='ocrx_word' id='word_1_523' title='bbox 1918 2615 2107 2655; x_wconf 87' lang='lat' dir='ltr'><strong>eorum</strong></span> <span class='ocrx_word' id='word_1_524' title='bbox 2159 2600 2250 2670; x_wconf 88' lang='lat' dir='ltr'><strong>qui</strong></span> <span class='ocrx_word' id='word_1_525' title='bbox 2307 2610 2493 2671; x_wconf 87' lang='lat' dir='ltr'><strong>postea</strong></span> <span class='ocrx_word' id='word_1_526' title='bbox 2554 2602 2991 2657; x_wconf 86' lang='lat' dir='ltr'><strong>trauseribebant</strong></span> <span class='ocrx_word' id='word_1_527' title='bbox 3041 2621 3056 2659; x_wconf 92' lang='lat'><strong>:</strong></span> <span class='ocrx_word' id='word_1_528' title='bbox 3096 2613 3151 2659; x_wconf 86' lang='lat' dir='ltr'><strong>et</strong></span> <span class='ocrx_word' id='word_1_529' title='bbox 3192 2605 3336 2661; x_wconf 86' lang='lat' dir='ltr'><strong>alius</strong></span> <span class='ocrx_word' id='word_1_530' title='bbox 3386 2613 3513 2677; x_wconf 90' lang='lat' dir='ltr'><strong>post</strong></span> 
     </span>
    </p>
   </div>
   <div class='ocr_carea' id='block_1_70' title="bbox 1918 2689 3503 2767">
    <p class='ocr_par' dir='ltr' id='par_1_70' title="bbox 1918 2689 3503 2767">
     <span class='ocr_line' id='line_1_70' title="bbox 1918 2689 3503 2767; baseline 0.002 -22"><span class='ocrx_word' id='word_1_531' title='bbox 1918 2690 2085 2745; x_wconf 87' lang='lat' dir='ltr'><strong>alium</strong></span> <span class='ocrx_word' id='word_1_532' title='bbox 2136 2690 2355 2761; x_wconf 88' lang='lat' dir='ltr'><strong>quidem</strong></span> <span class='ocrx_word' id='word_1_533' title='bbox 2409 2690 2583 2761; x_wconf 88' lang='lat' dir='ltr'><strong>prima</strong></span> <span class='ocrx_word' id='word_1_534' title='bbox 2642 2689 2897 2767; x_wconf 73' lang='lat' dir='ltr'><strong>faciebat.</strong></span> <span class='ocrx_word' id='word_1_535' title='bbox 2937 2691 3037 2746; x_wconf 89' lang='lat' dir='ltr'><strong>ilic</strong></span> <span class='ocrx_word' id='word_1_536' title='bbox 3078 2707 3212 2747; x_wconf 77' lang='lat' dir='ltr'><strong>vero</strong></span> <span class='ocrx_word' id='word_1_537' title='bbox 3257 2693 3503 2748; x_wconf 89' lang='lat' dir='ltr'><strong>secundo</strong></span> 
     </span>
    </p>
   </div>
   <div class='ocr_carea' id='block_1_71' title="bbox 1914 2781 3511 2854">
    <p class='ocr_par' dir='ltr' id='par_1_71' title="bbox 1914 2781 3511 2854">
     <span class='ocr_line' id='line_1_71' title="bbox 1914 2781 3511 2854; baseline 0.002 -16"><span class='ocrx_word' id='word_1_538' title='bbox 1914 2783 2213 2847; x_wconf 76' lang='lat' dir='ltr'><strong>scribebat,</strong></span> <span class='ocrx_word' id='word_1_539' title='bbox 2251 2789 2306 2837; x_wconf 87' lang='lat' dir='ltr'><strong>et</strong></span> <span class='ocrx_word' id='word_1_540' title='bbox 2341 2792 2463 2851; x_wconf 91' lang='lat' dir='ltr'><strong>post</strong></span> <span class='ocrx_word' id='word_1_541' title='bbox 2492 2782 2590 2836; x_wconf 91' lang='lat' dir='ltr'><strong>hos</strong></span> <span class='ocrx_word' id='word_1_542' title='bbox 2615 2781 2725 2847; x_wconf 85' lang='lat' dir='ltr'><strong>alii,</strong></span> <span class='ocrx_word' id='word_1_543' title='bbox 2750 2781 2866 2854; x_wconf 90' lang='lat' dir='ltr'><strong>qui,</strong></span> <span class='ocrx_word' id='word_1_544' title='bbox 2898 2790 3020 2853; x_wconf 65' lang='lat' dir='ltr'><strong>quae</strong></span> <span class='ocrx_word' id='word_1_545' title='bbox 3052 2783 3257 2853; x_wconf 86' lang='lat' dir='ltr'><strong>scripta</strong></span> <span class='ocrx_word' id='word_1_546' title='bbox 3291 2783 3511 2841; x_wconf 78' lang='lat' dir='ltr'><strong>fuerant</strong></span> 
     </span>
    </p>
   </div>
   <div class='ocr_carea' id='block_1_72' title="bbox 1918 2873 3506 2946">
    <p class='ocr_par' dir='ltr' id='par_1_72' title="bbox 1918 2873 3506 2946">
     <span class='ocr_line' id='line_1_72' title="bbox 1918 2873 3506 2946; baseline 0 -19"><span class='ocrx_word' id='word_1_547' title='bbox 1918 2873 2147 2944; x_wconf 87' lang='lat' dir='ltr'><strong>pulchre</strong></span> <span class='ocrx_word' id='word_1_548' title='bbox 2176 2873 2574 2946; x_wconf 77' lang='lat' dir='ltr'><strong>intelligebant,</strong></span> <span class='ocrx_word' id='word_1_549' title='bbox 2623 2882 2684 2929; x_wconf 90' lang='lat' dir='ltr'><strong>ut</strong></span> <span class='ocrx_word' id='word_1_550' title='bbox 2721 2873 2869 2945; x_wconf 91' lang='lat' dir='ltr'><strong>quod</strong></span> <span class='ocrx_word' id='word_1_551' title='bbox 2904 2874 3201 2944; x_wconf 86' lang='lat' dir='ltr'><strong>scriptores</strong></span> <span class='ocrx_word' id='word_1_552' title='bbox 3245 2873 3506 2941; x_wconf 85' lang='lat' dir='ltr'><strong>latuerat,</strong></span> 
     </span>
    </p>
   </div>
   <div class='ocr_carea' id='block_1_73' title="bbox 1917 2968 3513 3039">
    <p class='ocr_par' dir='ltr' id='par_1_73' title="bbox 1917 2968 3513 3039">
     <span class='ocr_line' id='line_1_73' title="bbox 1917 2968 3513 3039; baseline 0 -17"><span class='ocrx_word' id='word_1_553' title='bbox 1917 2968 1987 3022; x_wconf 82' lang='lat' dir='ltr'><strong>ad</strong></span> <span class='ocrx_word' id='word_1_554' title='bbox 2010 2968 2349 3039; x_wconf 81' lang='lat' dir='ltr'><strong>propositam</strong></span> <span class='ocrx_word' id='word_1_555' title='bbox 2371 2968 2714 3039; x_wconf 76' lang='lat' dir='ltr'><strong>corrigerent</strong></span> <span class='ocrx_word' id='word_1_556' title='bbox 2741 2968 3071 3023; x_wconf 84' lang='lat' dir='ltr'><strong>sententiam</strong></span> <span class='ocrx_word' id='word_1_557' title='bbox 3097 2986 3111 3022; x_wconf 86' lang='lat'><strong>:</strong></span> <span class='ocrx_word' id='word_1_558' title='bbox 3136 2983 3267 3022; x_wconf 85' lang='lat' dir='ltr'><strong>nam</strong></span> <span class='ocrx_word' id='word_1_559' title='bbox 3284 2975 3513 3039; x_wconf 87' lang='lat' dir='ltr'><strong>propter</strong></span> 
     </span>
    </p>
   </div>
   <div class='ocr_carea' id='block_1_74' title="bbox 1918 3059 3509 3131">
    <p class='ocr_par' dir='ltr' id='par_1_74' title="bbox 1918 3059 3509 3131">
     <span class='ocr_line' id='line_1_74' title="bbox 1918 3059 3509 3131; baseline 0 -17"><span class='ocrx_word' id='word_1_560' title='bbox 1918 3059 2242 3128; x_wconf 83' lang='lat' dir='ltr'><strong>scriptorum</strong></span> <span class='ocrx_word' id='word_1_561' title='bbox 2276 3060 2678 3115; x_wconf 82' lang='lat' dir='ltr'><strong>tmtltiludinem</strong></span> <span class='ocrx_word' id='word_1_562' title='bbox 2707 3076 2816 3116; x_wconf 91' lang='lat' dir='ltr'><strong>non</strong></span> <span class='ocrx_word' id='word_1_563' title='bbox 2851 3060 3055 3115; x_wconf 84' lang='lat' dir='ltr'><strong>licebat</strong></span> <span class='ocrx_word' id='word_1_564' title='bbox 3074 3059 3123 3114; x_wconf 92' lang='lat' dir='ltr'><strong>ei</strong></span> <span class='ocrx_word' id='word_1_565' title='bbox 3154 3075 3299 3131; x_wconf 62' lang='lat' dir='ltr'><strong>saepe</strong></span> <span class='ocrx_word' id='word_1_566' title='bbox 3329 3059 3509 3115; x_wconf 87' lang='lat' dir='ltr'><strong>eidem</strong></span> 
     </span>
    </p>
   </div>
   <div class='ocr_carea' id='block_1_75' title="bbox 1922 3146 3506 3221">
    <p class='ocr_par' dir='ltr' id='par_1_75' title="bbox 1922 3146 3506 3221">
     <span class='ocr_line' id='line_1_75' title="bbox 1922 3146 3506 3221; baseline 0 -14"><span class='ocrx_word' id='word_1_567' title='bbox 1922 3152 2226 3217; x_wconf 70' lang='lat' dir='ltr'><strong>revolvere,</strong></span> <span class='ocrx_word' id='word_1_568' title='bbox 2256 3161 2313 3207; x_wconf 89' lang='lat' dir='ltr'><strong>et</strong></span> <span class='ocrx_word' id='word_1_569' title='bbox 2343 3146 2570 3208; x_wconf 84' lang='lat' dir='ltr'><strong>intueri.</strong></span> <span class='ocrx_word' id='word_1_570' title='bbox 2607 3152 2714 3209; x_wconf 89' lang='lat' dir='ltr'><strong>Sed</strong></span> <span class='ocrx_word' id='word_1_571' title='bbox 2742 3152 2843 3208; x_wconf 84' lang='lat' dir='ltr'><strong>etsi</strong></span> <span class='ocrx_word' id='word_1_572' title='bbox 2892 3152 3059 3208; x_wconf 75' lang='lat' dir='ltr'><strong>fuerit</strong></span> <span class='ocrx_word' id='word_1_573' title='bbox 3087 3153 3296 3208; x_wconf 89' lang='lat' dir='ltr'><strong>multus</strong></span> <span class='ocrx_word' id='word_1_574' title='bbox 3324 3151 3506 3221; x_wconf 86' lang='lat' dir='ltr'><strong>labor,</strong></span> 
     </span>
    </p>
   </div>
   <div class='ocr_carea' id='block_1_76' title="bbox 1922 3245 3510 3318">
    <p class='ocr_par' dir='ltr' id='par_1_76' title="bbox 1922 3245 3510 3318">
     <span class='ocr_line' id='line_1_76' title="bbox 1922 3245 3510 3318; baseline -0.001 -15"><span class='ocrx_word' id='word_1_575' title='bbox 1922 3255 1979 3303; x_wconf 91' lang='lat' dir='ltr'><strong>et</strong></span> <span class='ocrx_word' id='word_1_576' title='bbox 2005 3246 2181 3318; x_wconf 81' lang='lat' dir='ltr'><strong>major</strong></span> <span class='ocrx_word' id='word_1_577' title='bbox 2209 3262 2373 3317; x_wconf 86' lang='lat' dir='ltr'><strong>quam</strong></span> <span class='ocrx_word' id='word_1_578' title='bbox 2404 3262 2501 3317; x_wconf 88' lang='lat' dir='ltr'><strong>par</strong></span> <span class='ocrx_word' id='word_1_579' title='bbox 2517 3256 2665 3301; x_wconf 90' lang='lat' dir='ltr'><strong>esset</strong></span> <span class='ocrx_word' id='word_1_580' title='bbox 2696 3245 3024 3310; x_wconf 85' lang='lat' dir='ltr'><strong>sollicitudo,</strong></span> <span class='ocrx_word' id='word_1_581' title='bbox 3059 3245 3168 3302; x_wconf 92' lang='lat' dir='ltr'><strong>imo</strong></span> <span class='ocrx_word' id='word_1_582' title='bbox 3192 3261 3321 3301; x_wconf 87' lang='lat' dir='ltr'><strong>vero</strong></span> <span class='ocrx_word' id='word_1_583' title='bbox 3346 3245 3510 3318; x_wconf 80' lang='lat' dir='ltr'><strong>digna</strong></span> 
     </span>
    </p>
   </div>
   <div class='ocr_carea' id='block_1_77' title="bbox 1921 3322 3512 3410">
    <p class='ocr_par' dir='ltr' id='par_1_77' title="bbox 1921 3322 3512 3410">
     <span class='ocr_line' id='line_1_77' title="bbox 1921 3322 3512 3410; baseline -0.001 -15"><span class='ocrx_word' id='word_1_584' title='bbox 1921 3356 2042 3410; x_wconf 70' lang='lat' dir='ltr'><strong>qua:</strong></span> <span class='ocrx_word' id='word_1_585' title='bbox 2067 3322 2133 3395; x_wconf 75' lang='lat' dir='ltr'><strong>in</strong></span> <span class='ocrx_word' id='word_1_586' title='bbox 2185 3326 2307 3396; x_wconf 80' lang='lat' dir='ltr'><strong>hoc</strong></span> <span class='ocrx_word' id='word_1_587' title='bbox 2341 3338 2700 3395; x_wconf 83' lang='lat' dir='ltr'><strong>adhiberetur</strong></span> <span class='ocrx_word' id='word_1_588' title='bbox 2742 3357 2754 3393; x_wconf 92' lang='lat'>:</span> <span class='ocrx_word' id='word_1_589' title='bbox 2785 3346 3086 3394; x_wconf 88' lang='lat' dir='ltr'><strong>sementem</strong></span> <span class='ocrx_word' id='word_1_590' title='bbox 3123 3348 3302 3393; x_wconf 86' lang='lat' dir='ltr'><strong>tamen</strong></span> <span class='ocrx_word' id='word_1_591' title='bbox 3348 3338 3512 3409; x_wconf 76' lang='lat' dir='ltr'><strong>longe</strong></span> 
     </span>
    </p>
   </div>
   <div class='ocr_carea' id='block_1_78' title="bbox 1921 3420 3509 3501">
    <p class='ocr_par' dir='ltr' id='par_1_78' title="bbox 1921 3420 3509 3501">
     <span class='ocr_line' id='line_1_78' title="bbox 1921 3420 3509 3501; baseline -0.001 -16"><span class='ocrx_word' id='word_1_592' title='bbox 1921 3430 2053 3485; x_wconf 80' lang='lat' dir='ltr'><strong>vicit</strong></span> <span class='ocrx_word' id='word_1_593' title='bbox 2081 3430 2252 3501; x_wconf 84' lang='lat' dir='ltr'><strong>spica,</strong></span> <span class='ocrx_word' id='word_1_594' title='bbox 2286 3439 2343 3484; x_wconf 89' lang='lat' dir='ltr'><strong>et</strong></span> <span class='ocrx_word' id='word_1_595' title='bbox 2392 3443 2550 3501; x_wconf 77' lang='lat' dir='ltr'><strong>seges</strong></span> <span class='ocrx_word' id='word_1_596' title='bbox 2588 3430 2768 3498; x_wconf 87' lang='lat' dir='ltr'><strong>qualis</strong></span> <span class='ocrx_word' id='word_1_597' title='bbox 2819 3428 3065 3482; x_wconf 89' lang='lat' dir='ltr'><strong>nondum</strong></span> <span class='ocrx_word' id='word_1_598' title='bbox 3106 3420 3213 3482; x_wconf 74' lang='lat' dir='ltr'><strong>fuit</strong></span> <span class='ocrx_word' id='word_1_599' title='bbox 3246 3442 3420 3498; x_wconf 89' lang='lat' dir='ltr'><strong>usque</strong></span> <span class='ocrx_word' id='word_1_600' title='bbox 3453 3428 3509 3484; x_wconf 88' lang='lat' dir='ltr'><strong>in</strong></span> 
     </span>
    </p>
   </div>
   <div class='ocr_carea' id='block_1_79' title="bbox 1922 3517 3508 3588">
    <p class='ocr_par' dir='ltr' id='par_1_79' title="bbox 1922 3517 3508 3588">
     <span class='ocr_line' id='line_1_79' title="bbox 1922 3517 3508 3588; baseline -0.002 -12"><span class='ocrx_word' id='word_1_601' title='bbox 1922 3521 2246 3579; x_wconf 82' lang='lat' dir='ltr'><strong>hodiernum</strong></span> <span class='ocrx_word' id='word_1_602' title='bbox 2278 3517 2445 3578; x_wconf 84' lang='lat' dir='ltr'><strong>diem.</strong></span> <span class='ocrx_word' id='word_1_603' title='bbox 2477 3520 2742 3588; x_wconf 89' lang='lat' dir='ltr'><strong>Quocirca</strong></span> <span class='ocrx_word' id='word_1_604' title='bbox 2787 3519 3003 3574; x_wconf 86' lang='lat' dir='ltr'><strong>etiamsi</strong></span> <span class='ocrx_word' id='word_1_605' title='bbox 3034 3518 3175 3573; x_wconf 89' lang='lat' dir='ltr'><strong>nihil</strong></span> <span class='ocrx_word' id='word_1_606' title='bbox 3211 3518 3359 3574; x_wconf 86' lang='lat' dir='ltr'><strong>aliud</strong></span> <span class='ocrx_word' id='word_1_607' title='bbox 3383 3519 3508 3573; x_wconf 86' lang='lat' dir='ltr'><strong>viro</strong></span> 
     </span>
    </p>
   </div>
   <div class='ocr_carea' id='block_1_80' title="bbox 1922 3611 3504 3680">
    <p class='ocr_par' dir='ltr' id='par_1_80' title="bbox 1922 3611 3504 3680">
     <span class='ocr_line' id='line_1_80' title="bbox 1922 3611 3504 3680; baseline -0.001 -12"><span class='ocrx_word' id='word_1_608' title='bbox 1922 3614 2000 3669; x_wconf 89' lang='lat' dir='ltr'><strong>illi</strong></span> <span class='ocrx_word' id='word_1_609' title='bbox 2038 3614 2234 3671; x_wconf 85' lang='lat' dir='ltr'><strong>fuisset</strong></span> <span class='ocrx_word' id='word_1_610' title='bbox 2267 3613 2626 3677; x_wconf 86' lang='lat' dir='ltr'><strong>elaboratum,</strong></span> <span class='ocrx_word' id='word_1_611' title='bbox 2660 3622 2715 3668; x_wconf 86' lang='lat' dir='ltr'><strong>et</strong></span> <span class='ocrx_word' id='word_1_612' title='bbox 2759 3614 2869 3669; x_wconf 80' lang='lat' dir='ltr'><strong>non</strong></span> <span class='ocrx_word' id='word_1_613' title='bbox 2896 3611 3000 3667; x_wconf 86' lang='lat' dir='ltr'><strong>alia</strong></span> <span class='ocrx_word' id='word_1_614' title='bbox 3031 3611 3236 3675; x_wconf 73' lang='lat' dir='ltr'><strong>omnia,</strong></span> <span class='ocrx_word' id='word_1_615' title='bbox 3266 3627 3386 3680; x_wconf 60' lang='lat' dir='ltr'><strong>qum</strong></span> <span class='ocrx_word' id='word_1_616' title='bbox 3419 3611 3504 3666; x_wconf 86' lang='lat' dir='ltr'><strong>vel</strong></span> 
     </span>
    </p>
   </div>
   <div class='ocr_carea' id='block_1_81' title="bbox 1921 3704 3507 3779">
    <p class='ocr_par' dir='ltr' id='par_1_81' title="bbox 1921 3704 3507 3779">
     <span class='ocr_line' id='line_1_81' title="bbox 1921 3704 3507 3779; baseline -0.004 -15"><span class='ocrx_word' id='word_1_617' title='bbox 1921 3708 2134 3779; x_wconf 76' lang='lat' dir='ltr'><strong>singula</strong></span> <span class='ocrx_word' id='word_1_618' title='bbox 2195 3704 2475 3763; x_wconf 71' lang='lat' dir='ltr'><strong>sufﬁciunt</strong></span> <span class='ocrx_word' id='word_1_619' title='bbox 2524 3705 2592 3761; x_wconf 88' lang='lat' dir='ltr'><strong>ad</strong></span> <span class='ocrx_word' id='word_1_620' title='bbox 2621 3705 2838 3762; x_wconf 88' lang='lat' dir='ltr'><strong>laudem</strong></span> <span class='ocrx_word' id='word_1_621' title='bbox 2871 3704 3216 3770; x_wconf 83' lang='lat' dir='ltr'><strong>merendam,</strong></span> <span class='ocrx_word' id='word_1_622' title='bbox 3242 3719 3380 3775; x_wconf 87' lang='lat' dir='ltr'><strong>opus</strong></span> <span class='ocrx_word' id='word_1_623' title='bbox 3423 3711 3507 3758; x_wconf 85' lang='lat' dir='ltr'><strong>ta-</strong></span> 
     </span>
    </p>
   </div>
   <div class='ocr_carea' id='block_1_82' title="bbox 1920 3797 3508 3871">
    <p class='ocr_par' dir='ltr' id='par_1_82' title="bbox 1920 3797 3508 3871">
     <span class='ocr_line' id='line_1_82' title="bbox 1920 3797 3508 3871; baseline -0.001 -16"><span class='ocrx_word' id='word_1_624' title='bbox 1920 3816 2045 3857; x_wconf 89' lang='lat' dir='ltr'><strong>men</strong></span> <span class='ocrx_word' id='word_1_625' title='bbox 2073 3800 2181 3856; x_wconf 88' lang='lat' dir='ltr'><strong>tale</strong></span> <span class='ocrx_word' id='word_1_626' title='bbox 2215 3799 2550 3871; x_wconf 87' lang='lat' dir='ltr'><strong>suscepisse,</strong></span> <span class='ocrx_word' id='word_1_627' title='bbox 2587 3806 2644 3854; x_wconf 88' lang='lat' dir='ltr'><strong>et</strong></span> <span class='ocrx_word' id='word_1_628' title='bbox 2672 3799 2725 3854; x_wconf 92' lang='lat' dir='ltr'><strong>id</strong></span> <span class='ocrx_word' id='word_1_629' title='bbox 2751 3809 2859 3853; x_wconf 87' lang='lat' dir='ltr'><strong>tam</strong></span> <span class='ocrx_word' id='word_1_630' title='bbox 2896 3797 3160 3870; x_wconf 74' lang='lat' dir='ltr'><strong>praeclare</strong></span> <span class='ocrx_word' id='word_1_631' title='bbox 3190 3805 3508 3853; x_wconf 80' lang='lat' dir='ltr'><strong>exsecutum</strong></span> 
     </span>
    </p>
   </div>
   <div class='ocr_carea' id='block_1_83' title="bbox 1920 3888 3259 3965">
    <p class='ocr_par' dir='ltr' id='par_1_83' title="bbox 1920 3888 3259 3965">
     <span class='ocr_line' id='line_1_83' title="bbox 1920 3888 3259 3965; baseline -0.004 -15"><span class='ocrx_word' id='word_1_632' title='bbox 1920 3908 2066 3961; x_wconf 87' lang='lat' dir='ltr'><strong>esse,</strong></span> <span class='ocrx_word' id='word_1_633' title='bbox 2090 3893 2209 3949; x_wconf 57' lang='lat' dir='ltr'><strong>Viro</strong></span> <span class='ocrx_word' id='word_1_634' title='bbox 2240 3909 2339 3965; x_wconf 91' lang='lat' dir='ltr'><strong>pro</strong></span> <span class='ocrx_word' id='word_1_635' title='bbox 2378 3892 2576 3964; x_wconf 81' lang='lat' dir='ltr'><strong>quovis</strong></span> <span class='ocrx_word' id='word_1_636' title='bbox 2597 3892 2664 3947; x_wconf 90' lang='lat' dir='ltr'><strong>ad</strong></span> <span class='ocrx_word' id='word_1_637' title='bbox 2700 3891 2918 3947; x_wconf 87' lang='lat' dir='ltr'><strong>laudem</strong></span> <span class='ocrx_word' id='word_1_638' title='bbox 2955 3888 3259 3946; x_wconf 77' lang='lat' dir='ltr'><strong>suii&#39;ecerit.</strong></span> 
     </span>
    </p>
   </div>
   <div class='ocr_carea' id='block_1_84' title="bbox 1924 3982 3505 4058">
    <p class='ocr_par' dir='ltr' id='par_1_84' title="bbox 1924 3982 3505 4058">
     <span class='ocr_line' id='line_1_84' title="bbox 1924 3982 3505 4058; baseline -0.003 -16"><span class='ocrx_word' id='word_1_639' title='bbox 1924 3992 1935 4001; x_wconf 84' lang='lat'>&#39;</span> <span class='ocrx_word' id='word_1_640' title='bbox 1990 3988 2174 4058; x_wconf 69' lang='lat' dir='ltr'><strong>Atque</strong></span> <span class='ocrx_word' id='word_1_641' title='bbox 2200 4000 2302 4058; x_wconf 77' lang='lat' dir='ltr'><strong>ego</strong></span> <span class='ocrx_word' id='word_1_642' title='bbox 2350 3985 2570 4056; x_wconf 86' lang='lat' dir='ltr'><strong>quidem</strong></span> <span class='ocrx_word' id='word_1_643' title='bbox 2595 3984 2724 4040; x_wconf 91' lang='lat' dir='ltr'><strong>nolo</strong></span> <span class='ocrx_word' id='word_1_644' title='bbox 2752 3982 3007 4039; x_wconf 80' lang='lat' dir='ltr'><strong>conferre</strong></span> <span class='ocrx_word' id='word_1_645' title='bbox 3032 3984 3154 4054; x_wconf 86' lang='lat' dir='ltr'><strong>ejus</strong></span> <span class='ocrx_word' id='word_1_646' title='bbox 3188 3996 3355 4053; x_wconf 86' lang='lat' dir='ltr'><strong>opera</strong></span> <span class='ocrx_word' id='word_1_647' title='bbox 3378 3997 3505 4038; x_wconf 90' lang='lat' dir='ltr'><strong>cum</strong></span> 
     </span>
    </p>
   </div>
   <div class='ocr_carea' id='block_1_85' title="bbox 1914 4074 3510 4152">
    <p class='ocr_par' dir='ltr' id='par_1_85' title="bbox 1914 4074 3510 4152">
     <span class='ocr_line' id='line_1_85' title="bbox 1914 4074 3510 4152; baseline -0.004 -15"><span class='ocrx_word' id='word_1_648' title='bbox 1914 4080 2141 4152; x_wconf 78' lang='lat' dir='ltr'><strong>scriptis</strong></span> <span class='ocrx_word' id='word_1_649' title='bbox 2156 4088 2508 4136; x_wconf 81' lang='lat' dir='ltr'><strong>externorum</strong></span> <span class='ocrx_word' id='word_1_650' title='bbox 2539 4078 2874 4149; x_wconf 87' lang='lat' dir='ltr'><strong>sapientum.</strong></span> <span class='ocrx_word' id='word_1_651' title='bbox 2896 4075 3038 4143; x_wconf 79' lang='lat' dir='ltr'><strong>Quid</strong></span> <span class='ocrx_word' id='word_1_652' title='bbox 3078 4075 3225 4131; x_wconf 90' lang='lat' dir='ltr'><strong>enim</strong></span> <span class='ocrx_word' id='word_1_653' title='bbox 3249 4075 3294 4131; x_wconf 93' lang='lat' dir='ltr'><strong>si</strong></span> <span class='ocrx_word' id='word_1_654' title='bbox 3322 4090 3390 4131; x_wconf 81' lang='lat' dir='ltr'><strong>ex</strong></span> <span class='ocrx_word' id='word_1_655' title='bbox 3423 4074 3510 4131; x_wconf 88' lang='lat' dir='ltr'><strong>his</strong></span> 
     </span>
    </p>
   </div>
   <div class='ocr_carea' id='block_1_86' title="bbox 1919 4168 3505 4244">
    <p class='ocr_par' dir='ltr' id='par_1_86' title="bbox 1919 4168 3505 4244">
     <span class='ocr_line' id='line_1_86' title="bbox 1919 4168 3505 4244; baseline -0.004 -15"><span class='ocrx_word' id='word_1_656' title='bbox 1919 4173 2009 4229; x_wconf 84' lang='lat' dir='ltr'><strong>alii</strong></span> <span class='ocrx_word' id='word_1_657' title='bbox 2042 4174 2262 4244; x_wconf 89' lang='lat' dir='ltr'><strong>quidem</strong></span> <span class='ocrx_word' id='word_1_658' title='bbox 2296 4180 2730 4244; x_wconf 89' lang='lat' dir='ltr'><strong>composuerunt</strong></span> <span class='ocrx_word' id='word_1_659' title='bbox 2751 4168 3185 4236; x_wconf 80' lang='lat' dir='ltr'><strong>Panathenaica,</strong></span> <span class='ocrx_word' id='word_1_660' title='bbox 3207 4168 3505 4224; x_wconf 84' lang='lat' dir='ltr'><strong>aliiautem</strong></span> 
     </span>
    </p>
   </div>
   <div class='ocr_carea' id='block_1_87' title="bbox 1920 4260 3513 4338">
    <p class='ocr_par' dir='ltr' id='par_1_87' title="bbox 1920 4260 3513 4338">
     <span class='ocr_line' id='line_1_87' title="bbox 1920 4260 3513 4338; baseline -0.005 -16"><span class='ocrx_word' id='word_1_661' title='bbox 1920 4267 2169 4338; x_wconf 63' lang='lat' dir='ltr'><strong>praelium</strong></span> <span class='ocrx_word' id='word_1_662' title='bbox 2195 4265 2720 4337; x_wconf 84' lang='lat' dir='ltr'><strong>Peloponnesiorum</strong></span> <span class='ocrx_word' id='word_1_663' title='bbox 2761 4272 2810 4319; x_wconf 75' lang='lat' dir='ltr'><strong>et</strong></span> <span class='ocrx_word' id='word_1_664' title='bbox 2846 4261 3269 4318; x_wconf 83' lang='lat' dir='ltr'><strong>Atheniensium</strong></span> <span class='ocrx_word' id='word_1_665' title='bbox 3293 4260 3513 4332; x_wconf 68' lang='grc' dir='ltr'><strong>ιῐιεεςιιί-Δ</strong></span> 
     </span>
    </p>
   </div>
   <div class='ocr_carea' id='block_1_88' title="bbox 1918 4354 3509 4430">
    <p class='ocr_par' dir='ltr' id='par_1_88' title="bbox 1918 4354 3509 4430">
     <span class='ocr_line' id='line_1_88' title="bbox 1918 4354 3509 4430; baseline -0.003 -14"><span class='ocrx_word' id='word_1_666' title='bbox 1918 4360 2020 4417; x_wconf 69' lang='lat' dir='ltr'><strong>(ica</strong></span> <span class='ocrx_word' id='word_1_667' title='bbox 2052 4360 2290 4416; x_wconf 85' lang='lat' dir='ltr'><strong>dictione</strong></span> <span class='ocrx_word' id='word_1_668' title='bbox 2318 4366 2748 4430; x_wconf 77' lang='lat' dir='ltr'><strong>composuerunt</strong></span> <span class='ocrx_word' id='word_1_669' title='bbox 2783 4374 2799 4412; x_wconf 90' lang='lat'><strong>:</strong></span> <span class='ocrx_word' id='word_1_670' title='bbox 2839 4365 2895 4412; x_wconf 92' lang='lat' dir='ltr'><strong>et</strong></span> <span class='ocrx_word' id='word_1_671' title='bbox 2920 4357 3011 4411; x_wconf 90' lang='lat' dir='ltr'><strong>alii</strong></span> <span class='ocrx_word' id='word_1_672' title='bbox 3057 4354 3280 4427; x_wconf 85' lang='lat' dir='ltr'><strong>quidem</strong></span> <span class='ocrx_word' id='word_1_673' title='bbox 3312 4363 3509 4412; x_wconf 82' lang='lat' dir='ltr'><strong>contra</strong></span> 
     </span>
    </p>
   </div>
   <div class='ocr_carea' id='block_1_89' title="bbox 1920 4446 3508 4523">
    <p class='ocr_par' dir='ltr' id='par_1_89' title="bbox 1920 4446 3508 4523">
     <span class='ocr_line' id='line_1_89' title="bbox 1920 4446 3508 4523; baseline -0.004 -17"><span class='ocrx_word' id='word_1_674' title='bbox 1920 4452 2171 4507; x_wconf 90' lang='lat' dir='ltr'><strong>rhetores</strong></span> <span class='ocrx_word' id='word_1_675' title='bbox 2210 4452 2563 4507; x_wconf 83' lang='lat' dir='ltr'><strong>decertaruut</strong></span> <span class='ocrx_word' id='word_1_676' title='bbox 2597 4462 2652 4506; x_wconf 93' lang='lat' dir='ltr'><strong>et</strong></span> <span class='ocrx_word' id='word_1_677' title='bbox 2677 4451 2767 4505; x_wconf 89' lang='lat' dir='ltr'><strong>alii</strong></span> <span class='ocrx_word' id='word_1_678' title='bbox 2792 4466 2893 4521; x_wconf 89' lang='lat' dir='ltr'><strong>pro</strong></span> <span class='ocrx_word' id='word_1_679' title='bbox 2918 4448 3254 4513; x_wconf 89' lang='lat' dir='ltr'><strong>rhetoribus,</strong></span> <span class='ocrx_word' id='word_1_680' title='bbox 3287 4446 3344 4523; x_wconf 80' lang='lat' dir='ltr'><strong>in</strong></span> <span class='ocrx_word' id='word_1_681' title='bbox 3384 4446 3508 4516; x_wconf 84' lang='lat' dir='ltr'><strong>qui-</strong></span> 
     </span>
    </p>
   </div>
   <div class='ocr_carea' id='block_1_90' title="bbox 240 4538 1820 4617">
    <p class='ocr_par' dir='ltr' id='par_1_90' title="bbox 240 4538 1817 4616">
     <span class='ocr_line' id='line_1_90' title="bbox 240 4538 1817 4616; baseline 0.001 -18"><span class='ocrx_word' id='word_1_682' title='bbox 240 4543 834 4615; x_wconf 72' lang='grc' dir='ltr'>ρωνᾶντηγωνίσαντο,</span> <span class='ocrx_word' id='word_1_683' title='bbox 860 4546 919 4601; x_wconf 79' lang='grc' dir='ltr'>ὲν</span> <span class='ocrx_word' id='word_1_684' title='bbox 940 4538 1023 4607; x_wconf 81' lang='grc' dir='ltr'>οἷς</span> <span class='ocrx_word' id='word_1_685' title='bbox 1051 4543 1114 4597; x_wconf 79' lang='grc' dir='ltr'><strong>τὸ</strong></span> <span class='ocrx_word' id='word_1_686' title='bbox 1165 4544 1266 4615; x_wconf 82' lang='grc' dir='ltr'>μὲν</span> <span class='ocrx_word' id='word_1_687' title='bbox 1307 4545 1564 4616; x_wconf 82' lang='grc' dir='ltr'>περιττὸν</span> <span class='ocrx_word' id='word_1_688' title='bbox 1594 4544 1817 4614; x_wconf 74' lang='grc' dir='ltr'>εὔδηλον</span> 
     </span>
    </p>
   </div>
   <div class='ocr_carea' id='block_1_91' title="bbox 1921 4538 3509 4617">
    <p class='ocr_par' dir='ltr' id='par_1_91' title="bbox 1923 4540 3509 4617">
     <span class='ocr_line' id='line_1_91' title="bbox 1923 4540 3509 4617; baseline -0.004 -16"><span class='ocrx_word' id='word_1_689' title='bbox 1923 4545 2028 4601; x_wconf 86' lang='lat' dir='ltr'><strong>bus</strong></span> <span class='ocrx_word' id='word_1_690' title='bbox 2057 4546 2379 4617; x_wconf 81' lang='lat' dir='ltr'><strong>estquidem</strong></span> <span class='ocrx_word' id='word_1_691' title='bbox 2432 4544 2663 4617; x_wconf 79' lang='lat' dir='ltr'><strong>insignis</strong></span> <span class='ocrx_word' id='word_1_692' title='bbox 2684 4552 2742 4600; x_wconf 87' lang='lat' dir='ltr'><strong>et</strong></span> <span class='ocrx_word' id='word_1_693' title='bbox 2793 4541 3122 4601; x_wconf 71' lang='lat' dir='ltr'><strong>manifestus</strong></span> <span class='ocrx_word' id='word_1_694' title='bbox 3188 4540 3509 4595; x_wconf 77' lang='lat' dir='ltr'><strong>redundans</strong></span> 
     </span>
    </p>
   </div>
   <div class='ocr_carea' id='block_1_92' title="bbox 220 4635 1817 4708">
    <p class='ocr_par' dir='ltr' id='par_1_92' title="bbox 220 4635 1817 4708">
     <span class='ocr_line' id='line_1_92' title="bbox 220 4635 1817 4708; baseline 0 -18"><span class='ocrx_word' id='word_1_695' title='bbox 220 4637 326 4690; x_wconf 76' lang='grc' dir='ltr'>καὶ</span> <span class='ocrx_word' id='word_1_696' title='bbox 346 4635 674 4708; x_wconf 81' lang='grc' dir='ltr'>διαπρεπὲς,</span> <span class='ocrx_word' id='word_1_697' title='bbox 707 4636 769 4689; x_wconf 79' lang='grc' dir='ltr'><strong>τὸ</strong></span> <span class='ocrx_word' id='word_1_698' title='bbox 794 4636 841 4690; x_wconf 89' lang='grc' dir='ltr'>δ’</span> <span class='ocrx_word' id='word_1_699' title='bbox 862 4635 1106 4706; x_wconf 71' lang='grc' dir='ltr'>ὠφελοῦν</span> <span class='ocrx_word' id='word_1_700' title='bbox 1130 4635 1303 4707; x_wconf 85' lang='grc' dir='ltr'>βραχύ</span> <span class='ocrx_word' id='word_1_701' title='bbox 1328 4654 1379 4690; x_wconf 89' lang='grc' dir='ltr'>τι</span> <span class='ocrx_word' id='word_1_702' title='bbox 1410 4636 1505 4690; x_wconf 74' lang='grc' dir='ltr'>καὶ</span> <span class='ocrx_word' id='word_1_703' title='bbox 1537 4636 1768 4700; x_wconf 75' lang='grc' dir='ltr'>ἀσθενές</span> <span class='ocrx_word' id='word_1_704' title='bbox 1800 4654 1817 4705; x_wconf 89' lang='lat'><strong>;</strong></span> 
     </span>
    </p>
   </div>
   <div class='ocr_carea' id='block_1_93' title="bbox 238 4720 1821 4802">
    <p class='ocr_par' dir='ltr' id='par_1_93' title="bbox 238 4720 1821 4802">
     <span class='ocr_line' id='line_1_93' title="bbox 238 4720 1821 4802; baseline 0.001 -19"><span class='ocrx_word' id='word_1_705' title='bbox 238 4731 309 4784; x_wconf 78' lang='grc' dir='ltr'><strong>Ού</strong></span> <span class='ocrx_word' id='word_1_706' title='bbox 336 4730 477 4802; x_wconf 73' lang='grc' dir='ltr'>πρὸς</span> <span class='ocrx_word' id='word_1_707' title='bbox 530 4729 757 4793; x_wconf 83' lang='grc' dir='ltr'>τούτους</span> <span class='ocrx_word' id='word_1_708' title='bbox 796 4729 890 4785; x_wconf 71' lang='grc' dir='ltr'><strong>οὖν</strong></span> <span class='ocrx_word' id='word_1_709' title='bbox 940 4731 1052 4799; x_wconf 81' lang='grc' dir='ltr'><strong>ἐγὼ</strong></span> <span class='ocrx_word' id='word_1_710' title='bbox 1101 4730 1193 4784; x_wconf 79' lang='grc' dir='ltr'><strong>τὸν</strong></span> <span class='ocrx_word' id='word_1_711' title='bbox 1248 4730 1380 4800; x_wconf 81' lang='grc' dir='ltr'>ἐμὸν</span> <span class='ocrx_word' id='word_1_712' title='bbox 1408 4720 1821 4801; x_wconf 77' lang='grc' dir='ltr'>ἀνταγωνιστὴν</span> 
     </span>
    </p>
   </div>
   <div class='ocr_carea' id='block_1_94' title="bbox 237 4814 1821 4894">
    <p class='ocr_par' dir='ltr' id='par_1_94' title="bbox 237 4814 1821 4894">
     <span class='ocr_line' id='line_1_94' title="bbox 237 4814 1821 4894; baseline 0.002 -20"><span class='ocrx_word' id='word_1_713' title='bbox 237 4821 459 4893; x_wconf 78' lang='grc' dir='ltr'>ἑλοίμην</span> <span class='ocrx_word' id='word_1_714' title='bbox 491 4820 613 4891; x_wconf 79' lang='grc' dir='ltr'>ποτ’</span> <span class='ocrx_word' id='word_1_715' title='bbox 637 4814 703 4876; x_wconf 75' lang='grc' dir='ltr'>ἄν</span> <span class='ocrx_word' id='word_1_716' title='bbox 725 4822 1085 4893; x_wconf 78' lang='grc' dir='ltr'>παραϐαλεῖν.</span> <span class='ocrx_word' id='word_1_717' title='bbox 1138 4822 1281 4875; x_wconf 83' lang='grc' dir='ltr'><strong>Ἀλλ’</strong></span> <span class='ocrx_word' id='word_1_718' title='bbox 1303 4823 1357 4876; x_wconf 86' lang='grc' dir='ltr'><strong>εῖ</strong></span> <span class='ocrx_word' id='word_1_719' title='bbox 1377 4821 1471 4894; x_wconf 87' lang='grc' dir='ltr'><strong>μοί</strong></span> <span class='ocrx_word' id='word_1_720' title='bbox 1490 4822 1573 4887; x_wconf 88' lang='grc' dir='ltr'><strong>τίς</strong></span> <span class='ocrx_word' id='word_1_721' title='bbox 1597 4822 1736 4892; x_wconf 87' lang='grc' dir='ltr'>δοίη,</span> <span class='ocrx_word' id='word_1_722' title='bbox 1763 4825 1821 4883; x_wconf 68' lang='grc' dir='ltr'>ὲν</span> 
     </span>
    </p>
   </div>
   <div class='ocr_carea' id='block_1_95' title="bbox 238 4914 1820 4996">
    <p class='ocr_par' dir='ltr' id='par_1_95' title="bbox 238 4914 1820 4996">
     <span class='ocr_line' id='line_1_95' title="bbox 238 4914 1820 4996; baseline 0 -25"><span class='ocrx_word' id='word_1_723' title='bbox 238 4916 337 4988; x_wconf 75' lang='grc' dir='ltr'>ἴσῳ</span> <span class='ocrx_word' id='word_1_724' title='bbox 366 4916 435 4969; x_wconf 75' lang='grc' dir='ltr'>ἂν</span> <span class='ocrx_word' id='word_1_725' title='bbox 463 4917 658 4971; x_wconf 79' lang='grc' dir='ltr'>τοῦτον</span> <span class='ocrx_word' id='word_1_726' title='bbox 687 4914 847 4996; x_wconf 67' lang='grc' dir='ltr'>θείην</span> <span class='ocrx_word' id='word_1_727' title='bbox 890 4918 1007 4978; x_wconf 79' lang='grc' dir='ltr'>τοῖς</span> <span class='ocrx_word' id='word_1_728' title='bbox 1045 4918 1179 4988; x_wconf 69' lang='grc' dir='ltr'>περὶ</span> <span class='ocrx_word' id='word_1_729' title='bbox 1224 4915 1325 4971; x_wconf 70' lang='grc' dir='ltr'>τὸν</span> <span class='ocrx_word' id='word_1_730' title='bbox 1359 4915 1456 4971; x_wconf 79' lang='grc' dir='ltr'><strong>τοῦ</strong></span> <span class='ocrx_word' id='word_1_731' title='bbox 1486 4915 1820 4987; x_wconf 79' lang='grc' dir='ltr'>Εὑαγγσλίου</span> 
     </span>
    </p>
   </div>
   <div class='ocr_carea' id='block_1_96' title="bbox 237 5008 1820 5081">
    <p class='ocr_par' dir='ltr' id='par_1_96' title="bbox 237 5008 1820 5081">
     <span class='ocr_line' id='line_1_96' title="bbox 237 5008 1820 5081; baseline 0.001 -18"><span class='ocrx_word' id='word_1_732' title='bbox 237 5008 395 5078; x_wconf 75' lang='grc' dir='ltr'>λόγον</span> <span class='ocrx_word' id='word_1_733' title='bbox 416 5009 719 5081; x_wconf 74' lang='grc' dir='ltr'>πονήσασι,</span> <span class='ocrx_word' id='word_1_734' title='bbox 739 5009 836 5064; x_wconf 73' lang='grc' dir='ltr'>καὶ</span> <span class='ocrx_word' id='word_1_735' title='bbox 864 5009 931 5065; x_wconf 73' lang='grc' dir='ltr'><strong>τὸ</strong></span> <span class='ocrx_word' id='word_1_736' title='bbox 951 5008 1047 5065; x_wconf 80' lang='grc' dir='ltr'>τοῦ</span> <span class='ocrx_word' id='word_1_737' title='bbox 1070 5009 1237 5080; x_wconf 78' lang='grc' dir='ltr'>λόγου</span> <span class='ocrx_word' id='word_1_738' title='bbox 1270 5008 1435 5081; x_wconf 77' lang='grc' dir='ltr'>βάθος</span> <span class='ocrx_word' id='word_1_739' title='bbox 1477 5008 1820 5081; x_wconf 65' lang='grc' dir='ltr'>ἐξερμηνεύε-</span> 
     </span>
    </p>
   </div>
   <div class='ocr_carea' id='block_1_97' title="bbox 239 5095 1823 5175">
    <p class='ocr_par' dir='ltr' id='par_1_97' title="bbox 239 5095 1823 5175">
     <span class='ocr_line' id='line_1_97' title="bbox 239 5095 1823 5175; baseline -0.001 -18"><span class='ocrx_word' id='word_1_740' title='bbox 239 5118 428 5157; x_wconf 77' lang='grc' dir='ltr'><strong>ιιασιν⁹</strong></span> <span class='ocrx_word' id='word_1_741' title='bbox 464 5095 545 5159; x_wconf 79' lang='grc' dir='ltr'>ὧν</span> <span class='ocrx_word' id='word_1_742' title='bbox 598 5102 709 5173; x_wconf 78' lang='grc' dir='ltr'>γὰρ</span> <span class='ocrx_word' id='word_1_743' title='bbox 756 5102 861 5157; x_wconf 69' lang='lat' dir='ltr'><strong>tua;</strong></span> <span class='ocrx_word' id='word_1_744' title='bbox 887 5103 963 5158; x_wconf 79' lang='grc' dir='ltr'><strong>τὰ</strong></span> <span class='ocrx_word' id='word_1_745' title='bbox 989 5103 1143 5175; x_wconf 76' lang='grc' dir='ltr'>τέλη.</span> <span class='ocrx_word' id='word_1_746' title='bbox 1183 5101 1392 5159; x_wconf 85' lang='grc' dir='ltr'>τούτων</span> <span class='ocrx_word' id='word_1_747' title='bbox 1440 5103 1541 5157; x_wconf 75' lang='grc' dir='ltr'>καὶ</span> <span class='ocrx_word' id='word_1_748' title='bbox 1567 5104 1625 5156; x_wconf 75' lang='lat' dir='ltr'><strong>al.</strong></span> <span class='ocrx_word' id='word_1_749' title='bbox 1655 5103 1823 5175; x_wconf 74' lang='grc' dir='ltr'>ἁρχαὶ</span> 
     </span>
    </p>
   </div>
   <div class='ocr_carea' id='block_1_98' title="bbox 239 5189 1823 5270">
    <p class='ocr_par' dir='ltr' id='par_1_98' title="bbox 239 5189 1823 5270">
     <span class='ocr_line' id='line_1_98' title="bbox 239 5189 1823 5270; baseline -0.001 -20"><span class='ocrx_word' id='word_1_750' title='bbox 239 5196 660 5268; x_wconf 63' lang='grc' dir='ltr'>παραπλήσιον</span> <span class='ocrx_word' id='word_1_751' title='bbox 686 5196 782 5250; x_wconf 74' lang='grc' dir='ltr'><strong>καὶ</strong></span> <span class='ocrx_word' id='word_1_752' title='bbox 807 5189 941 5268; x_wconf 74' lang='grc' dir='ltr'><strong>ὧνιὴ</strong></span> <span class='ocrx_word' id='word_1_753' title='bbox 965 5196 1210 5270; x_wconf 82' lang='grc' dir='ltr'>σωτηρία</span> <span class='ocrx_word' id='word_1_754' title='bbox 1240 5195 1430 5268; x_wconf 74' lang='grc' dir='ltr'>ψυχῶν</span> <span class='ocrx_word' id='word_1_755' title='bbox 1458 5194 1592 5266; x_wconf 84' lang='grc' dir='ltr'>παρ’</span> <span class='ocrx_word' id='word_1_756' title='bbox 1618 5195 1823 5267; x_wconf 80' lang='grc' dir='ltr'>ἀμφοῖν</span> 
     </span>
    </p>
   </div>
   <div class='ocr_carea' id='block_1_99' title="bbox 234 5288 1823 5362">
    <p class='ocr_par' dir='ltr' id='par_1_99' title="bbox 234 5288 1823 5362">
     <span class='ocr_line' id='line_1_99' title="bbox 234 5288 1823 5362; baseline 0 -19"><span class='ocrx_word' id='word_1_757' title='bbox 234 5290 298 5344; x_wconf 70' lang='grc' dir='ltr'>τὸ</span> <span class='ocrx_word' id='word_1_758' title='bbox 319 5290 478 5354; x_wconf 73' lang='grc' dir='ltr'>τέλος</span> <span class='ocrx_word' id='word_1_759' title='bbox 508 5289 619 5351; x_wconf 77' lang='grc' dir='ltr'>τῶν</span> <span class='ocrx_word' id='word_1_760' title='bbox 653 5290 991 5357; x_wconf 67' lang='grc' dir='ltr'>ὕποθὲσεων,</span> <span class='ocrx_word' id='word_1_761' title='bbox 1025 5290 1141 5356; x_wconf 79' lang='grc' dir='ltr'>πῶς</span> <span class='ocrx_word' id='word_1_762' title='bbox 1170 5289 1296 5362; x_wconf 77' lang='grc' dir='ltr'><strong>οὐχὶ</strong></span> <span class='ocrx_word' id='word_1_763' title='bbox 1343 5291 1438 5344; x_wconf 62' lang='grc' dir='ltr'><strong>καί⁸</strong></span> <span class='ocrx_word' id='word_1_764' title='bbox 1489 5290 1560 5345; x_wconf 73' lang='grc' dir='ltr'>τὰ</span> <span class='ocrx_word' id='word_1_765' title='bbox 1584 5288 1737 5344; x_wconf 75' lang='grc' dir='ltr'>αἴτια</span> <span class='ocrx_word' id='word_1_766' title='bbox 1765 5290 1823 5343; x_wconf 84' lang='grc' dir='ltr'>ὲν</span> 
     </span>
    </p>
   </div>
   <div class='ocr_carea' id='block_1_100' title="bbox 234 5382 1825 5457">
    <p class='ocr_par' dir='ltr' id='par_1_100' title="bbox 234 5382 1825 5457">
     <span class='ocr_line' id='line_1_100' title="bbox 234 5382 1825 5457; baseline -0.002 -19"><span class='ocrx_word' id='word_1_767' title='bbox 234 5383 339 5455; x_wconf 66' lang='lat' dir='ltr'><strong>Imp</strong></span> <span class='ocrx_word' id='word_1_768' title='bbox 368 5384 779 5455; x_wconf 71' lang='grc' dir='ltr'>καθεστήκασιν</span> <span class='ocrx_word' id='word_1_769' title='bbox 828 5384 1103 5457; x_wconf 81' lang='grc' dir='ltr'>ἀλλήλοις,</span> <span class='ocrx_word' id='word_1_770' title='bbox 1148 5385 1242 5439; x_wconf 82' lang='grc' dir='ltr'>καὶ</span> <span class='ocrx_word' id='word_1_771' title='bbox 1280 5385 1331 5438; x_wconf 78' lang='grc' dir='ltr'>οἱ</span> <span class='ocrx_word' id='word_1_772' title='bbox 1363 5384 1705 5455; x_wconf 82' lang='grc' dir='ltr'>συγγραφεῖς</span> <span class='ocrx_word' id='word_1_773' title='bbox 1732 5382 1825 5444; x_wconf 68' lang='grc' dir='ltr'><strong>ἐπὶ</strong></span> 
     </span>
    </p>
   </div>
   <div class='ocr_carea' id='block_1_101' title="bbox 239 5476 1823 5551">
    <p class='ocr_par' dir='ltr' id='par_1_101' title="bbox 239 5476 1823 5551">
     <span class='ocr_line' id='line_1_101' title="bbox 239 5476 1823 5551; baseline 0 -19"><span class='ocrx_word' id='word_1_774' title='bbox 239 5477 337 5551; x_wconf 70' lang='grc' dir='ltr'><strong>τῆς</strong></span> <span class='ocrx_word' id='word_1_775' title='bbox 370 5476 548 5547; x_wconf 72' lang='grc' dir='ltr'>αὐτῆς</span> <span class='ocrx_word' id='word_1_776' title='bbox 569 5480 757 5532; x_wconf 86' lang='grc' dir='ltr'>σταῖεν</span> <span class='ocrx_word' id='word_1_777' title='bbox 790 5478 1065 5550; x_wconf 78' lang='grc' dir='ltr'>στάθμης;</span> <span class='ocrx_word' id='word_1_778' title='bbox 1099 5479 1133 5551; x_wconf 79' lang='grc' dir='ltr'>ἢ</span> <span class='ocrx_word' id='word_1_779' title='bbox 1170 5480 1257 5534; x_wconf 86' lang='grc' dir='ltr'><strong>ῖνα</strong></span> <span class='ocrx_word' id='word_1_780' title='bbox 1285 5479 1348 5533; x_wconf 76' lang='grc' dir='ltr'><strong>τὸ</strong></span> <span class='ocrx_word' id='word_1_781' title='bbox 1371 5478 1640 5551; x_wconf 75' lang='grc' dir='ltr'>ἡμέτερον</span> <span class='ocrx_word' id='word_1_782' title='bbox 1659 5478 1823 5544; x_wconf 78' lang='grc' dir='ltr'>είπω,</span> 
     </span>
    </p>
   </div>
   <div class='ocr_carea' id='block_1_102' title="bbox 239 5569 1827 5643">
    <p class='ocr_par' dir='ltr' id='par_1_102' title="bbox 239 5569 1827 5643">
     <span class='ocr_line' id='line_1_102' title="bbox 239 5569 1827 5643; baseline 0 -19"><span class='ocrx_word' id='word_1_783' title='bbox 239 5569 347 5625; x_wconf 74' lang='grc' dir='ltr'>τῶν</span> <span class='ocrx_word' id='word_1_784' title='bbox 382 5572 517 5625; x_wconf 83' lang='grc' dir='ltr'>ῖσων</span> <span class='ocrx_word' id='word_1_785' title='bbox 557 5571 1057 5643; x_wconf 75' lang='grc' dir='ltr'>κληρονομήσουσι.</span> <span class='ocrx_word' id='word_1_786' title='bbox 1090 5571 1289 5636; x_wconf 81' lang='grc' dir='ltr'>Πόσοις</span> <span class='ocrx_word' id='word_1_787' title='bbox 1312 5571 1369 5625; x_wconf 72' lang='grc' dir='ltr'>δὲ</span> <span class='ocrx_word' id='word_1_788' title='bbox 1395 5571 1497 5625; x_wconf 80' lang='grc' dir='ltr'><strong>οὐκ</strong></span> <span class='ocrx_word' id='word_1_789' title='bbox 1528 5571 1595 5625; x_wconf 74' lang='grc' dir='ltr'>ἂν</span> <span class='ocrx_word' id='word_1_790' title='bbox 1617 5582 1827 5640; x_wconf 80' lang='grc' dir='ltr'>,στεφα-</span> 
     </span>
    </p>
   </div>
   <div class='ocr_carea' id='block_1_103' title="bbox 236 5656 1823 5735">
    <p class='ocr_par' dir='ltr' id='par_1_103' title="bbox 236 5656 1823 5735">
     <span class='ocr_line' id='line_1_103' title="bbox 236 5656 1823 5735; baseline 0.002 -21"><span class='ocrx_word' id='word_1_791' title='bbox 236 5662 441 5733; x_wconf 59' lang='grc' dir='ltr'>νωθείη</span> <span class='ocrx_word' id='word_1_792' title='bbox 462 5663 749 5733; x_wconf 76' lang='grc' dir='ltr'>ἀριστείας</span> <span class='ocrx_word' id='word_1_793' title='bbox 774 5663 1064 5734; x_wconf 63' lang='grc' dir='ltr'>στεφάνοις</span> <span class='ocrx_word' id='word_1_794' title='bbox 1081 5665 1110 5717; x_wconf 82' lang='grc'>6</span> <span class='ocrx_word' id='word_1_795' title='bbox 1130 5661 1450 5734; x_wconf 73' lang='grc' dir='ltr'>θαυμαστὸς</span> <span class='ocrx_word' id='word_1_796' title='bbox 1473 5656 1630 5727; x_wconf 76' lang='grc' dir='ltr'>οὗτος</span> <span class='ocrx_word' id='word_1_797' title='bbox 1646 5662 1787 5735; x_wconf 83' lang='grc' dir='ltr'>ἀνήρ</span> <span class='ocrx_word' id='word_1_798' title='bbox 1809 5680 1823 5731; x_wconf 90' lang='grc'><strong>;</strong></span> 
     </span>
    </p>
   </div>
   <div class='ocr_carea' id='block_1_104' title="bbox 243 5752 1828 5826">
    <p class='ocr_par' dir='ltr' id='par_1_104' title="bbox 243 5752 1828 5826">
     <span class='ocr_line' id='line_1_104' title="bbox 243 5752 1828 5826; baseline -0.001 -19"><span class='ocrx_word' id='word_1_799' title='bbox 243 5754 517 5823; x_wconf 71' lang='grc' dir='ltr'>μᾶλλονδὲ</span> <span class='ocrx_word' id='word_1_800' title='bbox 546 5756 730 5819; x_wconf 81' lang='grc' dir='ltr'>πόσοις</span> <span class='ocrx_word' id='word_1_801' title='bbox 747 5755 849 5809; x_wconf 88' lang='grc' dir='ltr'><strong>ούκ</strong></span> <span class='ocrx_word' id='word_1_802' title='bbox 880 5755 947 5809; x_wconf 81' lang='grc' dir='ltr'>ἂν</span> <span class='ocrx_word' id='word_1_803' title='bbox 976 5755 1081 5826; x_wconf 72' lang='grc' dir='ltr'>ἢδη</span> <span class='ocrx_word' id='word_1_804' title='bbox 1102 5754 1470 5809; x_wconf 81' lang='grc' dir='ltr'>κατέστεπται</span> <span class='ocrx_word' id='word_1_805' title='bbox 1496 5752 1828 5825; x_wconf 82' lang='grc' dir='ltr'>ἀναδραμὼν</span> 
     </span>
    </p>
   </div>
   <div class='ocr_carea' id='block_1_105' title="bbox 241 5838 1827 5921">
    <p class='ocr_par' dir='ltr' id='par_1_105' title="bbox 241 5838 1827 5921">
     <span class='ocr_line' id='line_1_105' title="bbox 241 5838 1827 5921; baseline 0.002 -22"><span class='ocrx_word' id='word_1_806' title='bbox 241 5846 377 5919; x_wconf 65' lang='grc' dir='ltr'>πρὸς</span> <span class='ocrx_word' id='word_1_807' title='bbox 406 5847 562 5916; x_wconf 77' lang='grc' dir='ltr'>Θεὸν,</span> <span class='ocrx_word' id='word_1_808' title='bbox 594 5847 691 5902; x_wconf 75' lang='grc' dir='ltr'>καὶ</span> <span class='ocrx_word' id='word_1_809' title='bbox 742 5848 872 5921; x_wconf 76' lang='grc' dir='ltr'>παρ’</span> <span class='ocrx_word' id='word_1_810' title='bbox 916 5847 1151 5912; x_wconf 80' lang='grc' dir='ltr'>ἐκείνοις</span> <span class='ocrx_word' id='word_1_811' title='bbox 1181 5845 1449 5919; x_wconf 81' lang='grc' dir='ltr'>χορεύων,</span> <span class='ocrx_word' id='word_1_812' title='bbox 1483 5838 1560 5904; x_wconf 83' lang='grc' dir='ltr'>ὧν</span> <span class='ocrx_word' id='word_1_813' title='bbox 1592 5843 1827 5902; x_wconf 72' lang='grc' dir='ltr'>ἐνταῦθα</span> 
     </span>
    </p>
   </div>
   <div class='ocr_carea' id='block_1_106' title="bbox 1925 4632 3509 4703">
    <p class='ocr_par' dir='ltr' id='par_1_106' title="bbox 1925 4632 3509 4703">
     <span class='ocr_line' id='line_1_106' title="bbox 1925 4632 3509 4703; baseline -0.001 -11"><span class='ocrx_word' id='word_1_814' title='bbox 1925 4636 2217 4692; x_wconf 80' lang='lat' dir='ltr'><strong>verborum</strong></span> <span class='ocrx_word' id='word_1_815' title='bbox 2256 4645 2483 4692; x_wconf 90' lang='lat' dir='ltr'><strong>ornatus</strong></span> <span class='ocrx_word' id='word_1_816' title='bbox 2507 4645 2637 4703; x_wconf 66' lang='lat' dir='ltr'><strong>,‘est</strong></span> <span class='ocrx_word' id='word_1_817' title='bbox 2684 4643 2869 4690; x_wconf 88' lang='lat' dir='ltr'><strong>autem</strong></span> <span class='ocrx_word' id='word_1_818' title='bbox 2928 4634 3113 4690; x_wconf 84' lang='lat' dir='ltr'><strong>brevis</strong></span> <span class='ocrx_word' id='word_1_819' title='bbox 3138 4642 3196 4688; x_wconf 90' lang='lat' dir='ltr'><strong>et</strong></span> <span class='ocrx_word' id='word_1_820' title='bbox 3233 4632 3509 4691; x_wconf 85' lang='lat' dir='ltr'><strong>imbecilla</strong></span> 
     </span>
    </p>
   </div>
   <div class='ocr_carea' id='block_1_107' title="bbox 1923 4716 3553 4797">
    <p class='ocr_par' dir='ltr' id='par_1_107' title="bbox 1923 4716 3553 4797">
     <span class='ocr_line' id='line_1_107' title="bbox 1923 4716 3553 4797; baseline 0 -16"><span class='ocrx_word' id='word_1_821' title='bbox 1923 4726 2151 4782; x_wconf 88' lang='lat' dir='ltr'><strong>utilitas.</strong></span> <span class='ocrx_word' id='word_1_822' title='bbox 2191 4724 2330 4781; x_wconf 89' lang='lat' dir='ltr'><strong>Cum</strong></span> <span class='ocrx_word' id='word_1_823' title='bbox 2379 4726 2465 4781; x_wconf 91' lang='lat' dir='ltr'><strong>his</strong></span> <span class='ocrx_word' id='word_1_824' title='bbox 2496 4741 2627 4797; x_wconf 80' lang='lat' dir='ltr'><strong>ergo</strong></span> <span class='ocrx_word' id='word_1_825' title='bbox 2657 4725 2857 4780; x_wconf 88' lang='lat' dir='ltr'><strong>nollem</strong></span> <span class='ocrx_word' id='word_1_826' title='bbox 2891 4740 2993 4796; x_wconf 78' lang='lat' dir='ltr'><strong>ego</strong></span> <span class='ocrx_word' id='word_1_827' title='bbox 3032 4739 3216 4779; x_wconf 88' lang='lat' dir='ltr'><strong>meum</strong></span> <span class='ocrx_word' id='word_1_828' title='bbox 3250 4716 3512 4781; x_wconf 61' lang='lat' dir='ltr'><strong>eon&#39;ferre</strong></span> <span class='ocrx_word' id='word_1_829' title='bbox 3541 4750 3553 4759; x_wconf 67' lang='grc' dir='ltr'><strong>ο</strong></span> 
     </span>
    </p>
   </div>
   <div class='ocr_carea' id='block_1_108' title="bbox 1922 4815 3510 4888">
    <p class='ocr_par' dir='ltr' id='par_1_108' title="bbox 1922 4815 3510 4888">
     <span class='ocr_line' id='line_1_108' title="bbox 1922 4815 3510 4888; baseline 0.001 -15"><span class='ocrx_word' id='word_1_830' title='bbox 1922 4818 2223 4885; x_wconf 86' lang='lat' dir='ltr'><strong>athletam;</strong></span> <span class='ocrx_word' id='word_1_831' title='bbox 2283 4817 2379 4874; x_wconf 85' lang='lat' dir='ltr'><strong>sed</strong></span> <span class='ocrx_word' id='word_1_832' title='bbox 2414 4817 2459 4872; x_wconf 89' lang='lat' dir='ltr'><strong>si</strong></span> <span class='ocrx_word' id='word_1_833' title='bbox 2506 4818 2628 4888; x_wconf 90' lang='lat' dir='ltr'><strong>quis</strong></span> <span class='ocrx_word' id='word_1_834' title='bbox 2650 4816 2783 4871; x_wconf 88' lang='lat' dir='ltr'><strong>mihi</strong></span> <span class='ocrx_word' id='word_1_835' title='bbox 2833 4816 2938 4872; x_wconf 91' lang='lat' dir='ltr'><strong>hoc</strong></span> <span class='ocrx_word' id='word_1_836' title='bbox 2970 4815 3203 4883; x_wconf 86' lang='lat' dir='ltr'><strong>dederit,</strong></span> <span class='ocrx_word' id='word_1_837' title='bbox 3244 4830 3346 4887; x_wconf 80' lang='lat' dir='ltr'><strong>ego</strong></span> <span class='ocrx_word' id='word_1_838' title='bbox 3381 4831 3510 4876; x_wconf 89' lang='lat' dir='ltr'><strong>eum</strong></span> 
     </span>
    </p>
   </div>
   <div class='ocr_carea' id='block_1_109' title="bbox 1924 4906 3512 4984">
    <p class='ocr_par' dir='ltr' id='par_1_109' title="bbox 1924 4906 3512 4984">
     <span class='ocr_line' id='line_1_109' title="bbox 1924 4906 3512 4984; baseline -0.001 -15"><span class='ocrx_word' id='word_1_839' title='bbox 1924 4914 2341 4984; x_wconf 67' lang='lat' dir='ltr'><strong>exaquaverim</strong></span> <span class='ocrx_word' id='word_1_840' title='bbox 2372 4913 2463 4979; x_wconf 83' lang='lat' dir='ltr'><strong>iis,</strong></span> <span class='ocrx_word' id='word_1_841' title='bbox 2486 4912 2581 4983; x_wconf 84' lang='lat' dir='ltr'><strong>qui</strong></span> <span class='ocrx_word' id='word_1_842' title='bbox 2616 4911 2671 4966; x_wconf 89' lang='lat' dir='ltr'><strong>in</strong></span> <span class='ocrx_word' id='word_1_843' title='bbox 2710 4908 3003 4982; x_wconf 77' lang='lat' dir='ltr'><strong>Evangelio</strong></span> <span class='ocrx_word' id='word_1_844' title='bbox 3053 4906 3421 4977; x_wconf 57' lang='lat' dir='ltr'><strong>laborarunt,</strong></span> <span class='ocrx_word' id='word_1_845' title='bbox 3456 4917 3512 4968; x_wconf 79' lang='lat' dir='ltr'><strong>et</strong></span> 
     </span>
    </p>
   </div>
   <div class='ocr_carea' id='block_1_110' title="bbox 1924 5003 3601 5083">
    <p class='ocr_par' dir='ltr' id='par_1_110' title="bbox 1924 5003 3601 5083">
     <span class='ocr_line' id='line_1_110' title="bbox 1924 5003 3601 5083; baseline -0.002 -18"><span class='ocrx_word' id='word_1_846' title='bbox 1924 5011 2257 5083; x_wconf 78' lang='lat' dir='ltr'><strong>profundum</strong></span> <span class='ocrx_word' id='word_1_847' title='bbox 2300 5008 2447 5065; x_wconf 88' lang='lat' dir='ltr'><strong>verbi</strong></span> <span class='ocrx_word' id='word_1_848' title='bbox 2495 5014 2626 5062; x_wconf 87' lang='lat' dir='ltr'><strong>sunt</strong></span> <span class='ocrx_word' id='word_1_849' title='bbox 2670 5005 3035 5077; x_wconf 83' lang='lat' dir='ltr'><strong>interpretati.</strong></span> <span class='ocrx_word' id='word_1_850' title='bbox 3087 5003 3333 5072; x_wconf 76' lang='lat' dir='ltr'><strong>Quorum</strong></span> <span class='ocrx_word' id='word_1_851' title='bbox 3361 5003 3509 5063; x_wconf 78' lang='lat' dir='ltr'><strong>enim</strong></span> <span class='ocrx_word' id='word_1_852' title='bbox 3592 5027 3601 5035; x_wconf 66' lang='grc' dir='ltr'><em>υ</em></span> 
     </span>
    </p>
   </div>
   <div class='ocr_carea' id='block_1_111' title="bbox 1925 5087 3604 5169">
    <p class='ocr_par' dir='ltr' id='par_1_111' title="bbox 1925 5087 3604 5169">
     <span class='ocr_line' id='line_1_111' title="bbox 1925 5087 3604 5169; baseline -0.005 -11"><span class='ocrx_word' id='word_1_853' title='bbox 1925 5108 2056 5159; x_wconf 77' lang='lat' dir='ltr'><strong>sunt</strong></span> <span class='ocrx_word' id='word_1_854' title='bbox 2112 5098 2249 5156; x_wconf 80' lang='lat' dir='ltr'><strong>ﬁnes</strong></span> <span class='ocrx_word' id='word_1_855' title='bbox 2296 5097 2554 5169; x_wconf 61' lang='lat' dir='ltr'><strong>aquales,</strong></span> <span class='ocrx_word' id='word_1_856' title='bbox 2589 5108 2781 5153; x_wconf 80' lang='lat' dir='ltr'><strong>eorum</strong></span> <span class='ocrx_word' id='word_1_857' title='bbox 2836 5103 2979 5152; x_wconf 51' lang='lat' dir='ltr'><strong>sunt.</strong></span> <span class='ocrx_word' id='word_1_858' title='bbox 3014 5090 3182 5151; x_wconf 82' lang='lat' dir='ltr'><strong>etiam</strong></span> <span class='ocrx_word' id='word_1_859' title='bbox 3238 5093 3511 5166; x_wconf 79' lang='lat' dir='ltr'><strong>principia</strong></span> <span class='ocrx_word' id='word_1_860' title='bbox 3597 5087 3604 5096; x_wconf 87' lang='grc'><em>’</em></span> 
     </span>
    </p>
   </div>
   <div class='ocr_carea' id='block_1_112' title="bbox 1910 5188 3513 5260">
    <p class='ocr_par' dir='ltr' id='par_1_112' title="bbox 1910 5188 3513 5260">
     <span class='ocr_line' id='line_1_112' title="bbox 1910 5188 3513 5260; baseline -0.003 -11"><span class='ocrx_word' id='word_1_861' title='bbox 1910 5192 2125 5249; x_wconf 75' lang='lat' dir='ltr'><strong>similia</strong></span> <span class='ocrx_word' id='word_1_862' title='bbox 2166 5209 2179 5248; x_wconf 89' lang='lat'><strong>:</strong></span> <span class='ocrx_word' id='word_1_863' title='bbox 2217 5199 2273 5247; x_wconf 84' lang='lat' dir='ltr'><strong>et</strong></span> <span class='ocrx_word' id='word_1_864' title='bbox 2301 5192 2346 5247; x_wconf 88' lang='lat' dir='ltr'><strong>si</strong></span> <span class='ocrx_word' id='word_1_865' title='bbox 2365 5191 2512 5247; x_wconf 74' lang='lat' dir='ltr'><strong>satus</strong></span> <span class='ocrx_word' id='word_1_866' title='bbox 2564 5188 2870 5245; x_wconf 74' lang='lat' dir='ltr'><strong>animarum</strong></span> <span class='ocrx_word' id='word_1_867' title='bbox 2916 5188 3062 5260; x_wconf 84' lang='lat' dir='ltr'><strong>apud</strong></span> <span class='ocrx_word' id='word_1_868' title='bbox 3116 5195 3379 5257; x_wconf 78' lang='lat' dir='ltr'><strong>utrosque</strong></span> <span class='ocrx_word' id='word_1_869' title='bbox 3429 5195 3513 5244; x_wconf 77' lang='lat' dir='ltr'><strong>est</strong></span> 
     </span>
    </p>
   </div>
   <div class='ocr_carea' id='block_1_113' title="bbox 1927 5280 3513 5358">
    <p class='ocr_par' dir='ltr' id='par_1_113' title="bbox 1927 5280 3513 5358">
     <span class='ocr_line' id='line_1_113' title="bbox 1927 5280 3513 5358; baseline -0.003 -16"><span class='ocrx_word' id='word_1_870' title='bbox 1927 5286 2053 5342; x_wconf 74' lang='lat' dir='ltr'><strong>linis</strong></span> <span class='ocrx_word' id='word_1_871' title='bbox 2100 5293 2569 5358; x_wconf 78' lang='lat' dir='ltr'><strong>argumentorum,</strong></span> <span class='ocrx_word' id='word_1_872' title='bbox 2609 5284 2798 5355; x_wconf 85' lang='lat' dir='ltr'><strong>quidni</strong></span> <span class='ocrx_word' id='word_1_873' title='bbox 2848 5282 3013 5338; x_wconf 80' lang='lat' dir='ltr'><strong>etiam</strong></span> <span class='ocrx_word' id='word_1_874' title='bbox 3065 5280 3273 5338; x_wconf 77' lang='lat' dir='ltr'><strong>fuerint</strong></span> <span class='ocrx_word' id='word_1_875' title='bbox 3332 5294 3513 5337; x_wconf 64' lang='lat' dir='ltr'><strong>causa</strong></span> 
     </span>
    </p>
   </div>
   <div class='ocr_carea' id='block_1_114' title="bbox 1926 5373 3515 5451">
    <p class='ocr_par' dir='ltr' id='par_1_114' title="bbox 1926 5373 3515 5451">
     <span class='ocr_line' id='line_1_114' title="bbox 1926 5373 3515 5451; baseline -0.006 -15"><span class='ocrx_word' id='word_1_876' title='bbox 1926 5380 2072 5436; x_wconf 84' lang='lat' dir='ltr'><strong>inter</strong></span> <span class='ocrx_word' id='word_1_877' title='bbox 2103 5395 2164 5436; x_wconf 90' lang='lat' dir='ltr'><strong>se</strong></span> <span class='ocrx_word' id='word_1_878' title='bbox 2188 5393 2369 5451; x_wconf 80' lang='lat' dir='ltr'><strong>pares,</strong></span> <span class='ocrx_word' id='word_1_879' title='bbox 2392 5386 2449 5433; x_wconf 87' lang='lat' dir='ltr'><strong>et</strong></span> <span class='ocrx_word' id='word_1_880' title='bbox 2482 5377 2738 5433; x_wconf 83' lang='lat' dir='ltr'><strong>steterint</strong></span> <span class='ocrx_word' id='word_1_881' title='bbox 2765 5374 3064 5446; x_wconf 87' lang='lat' dir='ltr'><strong>scriptores</strong></span> <span class='ocrx_word' id='word_1_882' title='bbox 3081 5374 3136 5428; x_wconf 92' lang='lat' dir='ltr'><strong>in</strong></span> <span class='ocrx_word' id='word_1_883' title='bbox 3175 5373 3369 5428; x_wconf 87' lang='lat' dir='ltr'><strong>eadem</strong></span> <span class='ocrx_word' id='word_1_884' title='bbox 3399 5380 3515 5428; x_wconf 64' lang='lat' dir='ltr'><strong>tru~</strong></span> 
     </span>
    </p>
   </div>
   <div class='ocr_carea' id='block_1_115' title="bbox 1924 5464 3515 5539">
    <p class='ocr_par' dir='ltr' id='par_1_115' title="bbox 1924 5464 3515 5539">
     <span class='ocr_line' id='line_1_115' title="bbox 1924 5464 3515 5539; baseline -0.006 -10"><span class='ocrx_word' id='word_1_885' title='bbox 1924 5472 2063 5538; x_wconf 88' lang='lat' dir='ltr'><strong>tina,</strong></span> <span class='ocrx_word' id='word_1_886' title='bbox 2102 5481 2218 5538; x_wconf 86' lang='lat' dir='ltr'><strong>aut,</strong></span> <span class='ocrx_word' id='word_1_887' title='bbox 2270 5479 2329 5527; x_wconf 90' lang='lat' dir='ltr'><strong>ut</strong></span> <span class='ocrx_word' id='word_1_888' title='bbox 2384 5470 2585 5536; x_wconf 82' lang='lat' dir='ltr'><strong>dicam,</strong></span> <span class='ocrx_word' id='word_1_889' title='bbox 2644 5470 2790 5539; x_wconf 89' lang='lat' dir='ltr'><strong>quod</strong></span> <span class='ocrx_word' id='word_1_890' title='bbox 2846 5476 3097 5524; x_wconf 82' lang='lat' dir='ltr'><strong>nostrum</strong></span> <span class='ocrx_word' id='word_1_891' title='bbox 3151 5474 3254 5531; x_wconf 87' lang='lat' dir='ltr'><strong>est,</strong></span> <span class='ocrx_word' id='word_1_892' title='bbox 3311 5464 3515 5520; x_wconf 81' lang='lat' dir='ltr'><strong>iuerint</strong></span> 
     </span>
    </p>
   </div>
   <div class='ocr_carea' id='block_1_116' title="bbox 1930 5554 3517 5634">
    <p class='ocr_par' dir='ltr' id='par_1_116' title="bbox 1930 5554 3517 5634">
     <span class='ocr_line' id='line_1_116' title="bbox 1930 5554 3517 5634; baseline -0.006 -13"><span class='ocrx_word' id='word_1_893' title='bbox 1930 5564 2097 5621; x_wconf 86' lang='lat' dir='ltr'><strong>etiam</strong></span> <span class='ocrx_word' id='word_1_894' title='bbox 2126 5580 2195 5619; x_wconf 70' lang='lat' dir='ltr'><strong>ex</strong></span> <span class='ocrx_word' id='word_1_895' title='bbox 2223 5579 2383 5634; x_wconf 85' lang='lat' dir='ltr'><strong>aequo</strong></span> <span class='ocrx_word' id='word_1_896' title='bbox 2413 5563 2696 5619; x_wconf 71' lang='lat' dir='ltr'><strong>hmredes?</strong></span> <span class='ocrx_word' id='word_1_897' title='bbox 2724 5561 2898 5629; x_wconf 82' lang='lat' dir='ltr'><strong>Quam</strong></span> <span class='ocrx_word' id='word_1_898' title='bbox 2936 5559 3125 5617; x_wconf 86' lang='lat' dir='ltr'><strong>multis</strong></span> <span class='ocrx_word' id='word_1_899' title='bbox 3148 5566 3330 5613; x_wconf 78' lang='lat' dir='ltr'><strong>autem</strong></span> <span class='ocrx_word' id='word_1_900' title='bbox 3359 5554 3517 5612; x_wconf 78' lang='lat' dir='ltr'><strong>fortis</strong></span> 
     </span>
    </p>
   </div>
   <div class='ocr_carea' id='block_1_117' title="bbox 1924 5642 3517 5715">
    <p class='ocr_par' dir='ltr' id='par_1_117' title="bbox 1924 5642 3517 5715">
     <span class='ocr_line' id='line_1_117' title="bbox 1924 5642 3517 5715; baseline -0.008 0"><span class='ocrx_word' id='word_1_901' title='bbox 1924 5658 2030 5715; x_wconf 78' lang='lat' dir='ltr'><strong>.viri</strong></span> <span class='ocrx_word' id='word_1_902' title='bbox 2061 5655 2283 5712; x_wconf 86' lang='lat' dir='ltr'><strong>coronis</strong></span> <span class='ocrx_word' id='word_1_903' title='bbox 2309 5671 2419 5712; x_wconf 88' lang='lat' dir='ltr'><strong>non</strong></span> <span class='ocrx_word' id='word_1_904' title='bbox 2454 5655 2621 5711; x_wconf 78' lang='lat' dir='ltr'><strong>fuerit</strong></span> <span class='ocrx_word' id='word_1_905' title='bbox 2656 5654 3008 5711; x_wconf 81' lang='lat' dir='ltr'><strong>coronandus</strong></span> <span class='ocrx_word' id='word_1_906' title='bbox 3041 5652 3130 5708; x_wconf 87' lang='lat' dir='ltr'><strong>hic</strong></span> <span class='ocrx_word' id='word_1_907' title='bbox 3162 5642 3255 5705; x_wconf 80' lang='lat' dir='ltr'><strong>Vir</strong></span> <span class='ocrx_word' id='word_1_908' title='bbox 3282 5647 3517 5704; x_wconf 76' lang='lat' dir='ltr'><strong>adrnira-</strong></span> 
     </span>
    </p>
   </div>
   <div class='ocr_carea' id='block_1_118' title="bbox 1929 5748 3515 5822">
    <p class='ocr_par' dir='ltr' id='par_1_118' title="bbox 1929 5748 3515 5822">
     <span class='ocr_line' id='line_1_118' title="bbox 1929 5748 3515 5822; baseline -0.004 -14"><span class='ocrx_word' id='word_1_909' title='bbox 1929 5750 2099 5808; x_wconf 82' lang='lat' dir='ltr'><strong>bilis?</strong></span> <span class='ocrx_word' id='word_1_910' title='bbox 2130 5750 2242 5806; x_wconf 90' lang='lat' dir='ltr'><strong>imo</strong></span> <span class='ocrx_word' id='word_1_911' title='bbox 2268 5765 2398 5805; x_wconf 82' lang='lat' dir='ltr'><strong>vero</strong></span> <span class='ocrx_word' id='word_1_912' title='bbox 2430 5750 2631 5821; x_wconf 90' lang='lat' dir='ltr'><strong>quibus</strong></span> <span class='ocrx_word' id='word_1_913' title='bbox 2662 5765 2773 5805; x_wconf 91' lang='lat' dir='ltr'><strong>non</strong></span> <span class='ocrx_word' id='word_1_914' title='bbox 2802 5758 2887 5806; x_wconf 90' lang='lat' dir='ltr'><strong>est</strong></span> <span class='ocrx_word' id='word_1_915' title='bbox 2907 5748 3023 5822; x_wconf 79' lang='lat' dir='ltr'><strong>jam</strong></span> <span class='ocrx_word' id='word_1_916' title='bbox 3048 5754 3515 5809; x_wconf 86' lang='lat' dir='ltr'><strong>coronatus,cum</strong></span> 
     </span>
    </p>
   </div>
   <div class='ocr_carea' id='block_1_119' title="bbox 1930 5836 3512 5921">
    <p class='ocr_par' dir='ltr' id='par_1_119' title="bbox 1930 5836 3512 5921">
     <span class='ocr_line' id='line_1_119' title="bbox 1930 5836 3512 5921; baseline -0.003 -20"><span class='ocrx_word' id='word_1_917' title='bbox 1930 5843 1999 5901; x_wconf 87' lang='lat' dir='ltr'><strong>ad</strong></span> <span class='ocrx_word' id='word_1_918' title='bbox 2052 5841 2227 5899; x_wconf 88' lang='lat' dir='ltr'><strong>Deum</strong></span> <span class='ocrx_word' id='word_1_919' title='bbox 2275 5842 2602 5911; x_wconf 85' lang='lat' dir='ltr'><strong>ascenderit,</strong></span> <span class='ocrx_word' id='word_1_920' title='bbox 2636 5850 2693 5901; x_wconf 87' lang='lat' dir='ltr'><strong>et</strong></span> <span class='ocrx_word' id='word_1_921' title='bbox 2728 5841 2871 5915; x_wconf 86' lang='lat' dir='ltr'><strong>apud</strong></span> <span class='ocrx_word' id='word_1_922' title='bbox 2898 5840 3043 5898; x_wconf 72' lang='lat' dir='ltr'><strong>’illos</strong></span> <span class='ocrx_word' id='word_1_923' title='bbox 3082 5837 3247 5896; x_wconf 83' lang='lat' dir='ltr'><strong>ducat</strong></span> <span class='ocrx_word' id='word_1_924' title='bbox 3289 5836 3512 5921; x_wconf 69' lang='lat' dir='ltr'><strong>choros,</strong></span> 
     </span>
    </p>
   </div>
  </div>
