3868 6484
322 314 426 376 199

1769 299 1984 362 PSELI
1995 298 2035 356 ,ι

3416 298 3600 363 -200

317 439 552 496 quorum
593 439 777 481 mores
811 439 875 480 ac
916 424 1083 480 vitam
1121 419 1493 494 conscripsit?
1543 417 1677 474 Nam
1731 417 1814 473 vel
1850 417 1904 471 in

2029 414 2078 469 ςὰ
2108 415 2216 487 ηθη
2251 413 2346 470 καὶ
2390 415 2516 479 τοὺς
2549 413 2698 486 βίους
2752 410 3092 485 συνέγραψεν
3125 428 3142 480 ;
3184 410 3457 482 Ἐπέδειξε
3489 412 3602 485 γὰρ

319 519 427 574 line
458 519 724 583 ostendit,
763 518 980 589 qualem
1016 503 1184 572 vitam
1207 513 1406 586 egerit.
1462 510 1582 567 Non
1611 511 1755 566 cnim
1785 523 1912 565 eum

318 610 490 668 veluti
529 610 855 673 abscissum,
892 617 990 663 aut
1035 606 1272 662 divisum
1312 601 1483 660 fuisse
1514 601 1780 664 dicunt’ii,
1819 599 1912 670 qui

319 703 578 760 viderunt
614 722 627 758 :
665 700 762 756 sed
798 700 1089 756 videbatur
1123 697 1292 752 veluti
1347 712 1377 751 a
1410 696 1646 767 quodam
1694 694 1913 750 vinculo

317 797 566 862 liberari,
598 803 654 850 et
702 794 862 849 hilari
907 794 1062 849 vultu
1109 807 1170 848 se
1212 792 1509 848 extendere
1535 789 1602 844 ad
1650 788 1914 862 ducentes

319 886 562 958 angelos,
599 892 654 942 et
681 884 914 956 quodam
946 883 1111 938 modo
1135 898 1194 938 se
1227 881 1404 953 ipsum
1443 880 1662 936 tradere
1697 879 1912 935 illorum

322 979 600 1044 manibus,
647 985 706 1031 ut
727 977 837 1032 cito
871 976 1166 1047 emigraret
1197 991 1226 1030 e
1256 988 1505 1046 corpore.

389 1154 459 1210 Et
490 1155 570 1213 sic
599 1155 820 1230 quidem
847 1164 933 1210 est
970 1164 1222 1212 mortuus
1255 1172 1268 1208 :
1301 1152 1530 1213 fuerunt
1572 1162 1756 1211 autem
1799 1163 1914 1210 sta-

322 1248 421 1304 tim
451 1250 658 1313 omnia,
701 1250 854 1306 suavi
889 1249 1057 1304 odore
1087 1249 1275 1319 plena;
1316 1255 1372 1302 et
1401 1263 1513 1303 non
1553 1259 1685 1303 tunc
1713 1246 1912 1315 solum,

321 1357 427 1398 nec
449 1343 504 1398 in
535 1342 680 1397 diem
705 1342 943 1407 tertiam,
978 1341 1073 1397 sed
1107 1341 1273 1397 ctiam
1305 1341 1357 1396 in
1388 1341 1594 1397 multos
1613 1341 1730 1398 dies
1761 1348 1914 1413 post-

322 1453 410 1502 ea,
453 1437 632 1493 donec
684 1436 788 1491 fuit
835 1437 986 1492 solus
1047 1436 1302 1492 conditus
1375 1436 1430 1490 in
1480 1436 1806 1508 sepulchro;
1861 1443 1916 1492 et

323 1533 539 1588 loculus
592 1541 858 1604 perpetuo
904 1532 1066 1587 talem
1093 1531 1385 1586 emisisset
1417 1530 1668 1598 odorem,
1720 1530 1825 1586 nisi
1856 1546 1915 1586 sc

324 1625 493 1697 aliqui
529 1635 634 1683 tam
686 1625 876 1695 inique
903 1625 1226 1696 gessissent,
1261 1633 1322 1678 ut
1347 1624 1493 1680 aliud
1528 1623 1914 1695 corpusculum

325 1730 555 1790 promer
602 1734 726 1774 eum
772 1719 1133 1788 deponerent.
1189 1717 1580 1788 Simul-atque
1632 1717 1780 1773 enim
1812 1717 1916 1772 lioc

327 1825 524 1880 magno
562 1809 633 1862 illi
661 1809 781 1864 viro
811 1808 1031 1873 accidit,
1057 1808 1220 1863 desiit
1249 1808 1373 1864 fons
1395 1808 1484 1863 ille
1501 1809 1686 1866 suavis
1705 1807 1909 1865 odoris.
1945 1783 1990 1842 Β

324 1901 504 1971 Atque
530 1902 633 1956 hoc
663 1901 885 1970 quidem
933 1899 1286 1965 miraculum,
1326 1916 1360 1955 ο
1385 1901 1631 1957 virorum
1665 1900 1912 1958 omnium

327 1998 537 2068 optime
568 2008 623 2052 et
651 1997 1047 2062 eruditissime,
1071 1996 1205 2052 satis
1240 2011 1514 2068 superque
1541 1998 1785 2054 ostendit
1816 2015 1918 2070 pu-

328 2089 545 2144 ritatem
574 2097 743 2150 tuam,
773 2099 834 2143 et
857 2091 1212 2142 sanctitatem
1245 2103 1409 2143 :nam
1441 2087 1544 2142 alia
1576 2103 1793 2159 quoque
1820 2089 1918 2145 tibi

329 2176 610 2240 sulliciunt
639 2183 706 2236 ad
739 2181 1208 2237 accuratissimam
1239 2181 1458 2238 virtutis
1489 2183 1921 2240 consummatio-

329 2292 479 2331 nem.
517 2274 600 2330 Tu
629 2285 809 2330 autem
842 2275 917 2330 sis
949 2274 1082 2328 milii
1111 2273 1402 2347 propitius,
1438 2273 1485 2329 si
1519 2289 1629 2329 non
1675 2274 1918 2346 perfecte

331 2368 557 2439 exposui
591 2384 807 2425 omnem
841 2376 986 2428 tuam
1031 2369 1311 2435 virtutem,
1358 2383 1538 2438 neque
1565 2383 1632 2423 ex
1663 2369 1920 2425 omnibus

333 2459 444 2518 tuis
476 2458 634 2514 bonis
683 2458 778 2512 tibi
819 2473 955 2530 pure
1003 2459 1158 2514 attuli
1204 2458 1593 2526 laudationem,
1649 2474 1752 2514 nec
1785 2459 1925 2517 mihi

334 2549 596 2606 irascaris
635 2560 858 2622 propter
890 2566 974 2616 ea,
1009 2565 1130 2620 qua:
1173 2559 1300 2606 sunt
1340 2566 1370 2605 a
1421 2566 1508 2606 me
1534 2551 1925 2622 prsetermissa,

334 2641 432 2696 sed
481 2656 675 2696 eorum
715 2657 839 2712 qua:
893 2641 1087 2712 scripsi
1120 2642 1460 2709 memineris,
1515 2644 1558 2698 si
1593 2657 1804 2711 eorum,
1832 2644 1926 2714 qui

337 2734 429 2793 hic
454 2742 606 2800 sunt,
635 2743 722 2790 est
749 2736 858 2791 ulla
903 2735 1172 2793 memoria
1208 2737 1404 2792 vestris
1427 2736 1737 2808 purissimis
1762 2745 1818 2793 et
1839 2737 1928 2794 di-

336 2824 644 2888 vinissimis
675 2827 893 2886 animis.

2017 505 2120 560 κάν
2173 505 2254 578 τῷ
2286 505 2449 570 τέλει,
2481 507 2665 569 ὁποῖος
2697 503 2850 576 αὐτῷ
2875 503 2906 557 6
2939 502 3433 576 διεσπουδασμένος
3485 503 3601 575 βίος

2015 601 2312 673 ἐτύγχανεν
2346 600 2445 656 ὥν.
2505 599 2580 654 Οὐ
2639 600 2748 671 γὰρ
2773 597 2965 669 ὥσπερ
3011 596 3317 670 τετμῆσθαι
3350 597 3517 659 αὐτὸν
3549 599 3598 650 oi

2017 697 2426 770 συνεωρακότες
2487 695 2675 766 φασὶν,
2726 694 2848 748 οὐδὲ
2903 692 3220 767 διῃρῆσθαι,
3271 692 3387 748 ἀλλ’
3433 689 3600 765 ἐῴκει

2014 788 2207 862 ὥσπερ
2235 789 2380 855 rtvb;
2405 788 2615 860 δέσμης
2645 785 3125 858 ὲλευθερούμενος,
3149 786 3243 841 καὶ
3266 783 3438 860 ἰλαρῷ
3460 785 3603 850 πρὸς

2014 877 2143 942 τοὺς
2180 877 2412 946 ἄγοντας
2457 876 2723 948 ἀγγέλους
2757 876 3175 947 ἀνατεινόμενος
3219 875 3472 948 νεύματι,
3504 873 3603 930 καί

2017 984 2134 1032 πως
2161 968 2434 1034 ἐπιδιδοὺς
2455 968 2647 1024 ἑαυτὸν
2679 969 2798 1032 ταῖς
2828 967 3054 1023 ἐκείνων
3094 967 3306 1041 χερσὶν,
3341 967 3430 1022 ῐνα
3457 967 3601 1038 ταχυ

2016 1060 2284 1134 ἀνασταίη
2307 1061 2401 1116 τοῦ
2439 1060 2710 1134 σώματος.

2090 1154 2203 1209 Καὶ
2262 1154 2546 1228 ἐτεθνήκει
2593 1157 2698 1231 μὲν
2747 1159 2956 1226 οὕτως’
3000 1157 3232 1224 εὐωδίας
3283 1157 3343 1211 δὲ
3399 1153 3603 1210 αὐτίκα

2018 1246 2198 1302 πάντα
2249 1248 2494 1317 ἐγεγόνει
2554 1249 2753 1320 μεστὰ,
2789 1252 2884 1307 καὶ
2912 1252 3016 1307 οὐκ
3049 1250 3214 1314 εὐθὺς
3265 1248 3451 1320 μόνον,
3477 1245 3604 1300 οὐδε

2018 1341 2078 1406 ἐς
2102 1341 2298 1412 τρίτην
2331 1342 2745 1414 ἡμέ-ραν,·ἀλλὰ·
2773 1346 2869 1401 καὶ
2902 1345 2983 1411 είς
3010 1343 3309 1415 πολλοστὴν
3331 1341 3427 1397 ἀπ’
3457 1339 3606 1395 exei-

2016 1451 2136 1506 νηςι
2170 1434 2277 1499 ἕως
2307 1435 2373 1507 δὴ
2405 1436 2567 1507 μόνος
2597 1436 2676 1509 τῷ
2712 1437 2869 1512 τάφῳ
2914 1431 3364 1511 ἐτεθησαύριστο.
3392 1435 3503 1490 Καὶ
3533 1425 3606 1505 ἧν

2018 1528 2084 1582 ἂν
2114 1528 2276 1599 μέχρι
2297 1529 2500 1594 παντὸς
2538 1531 2964 1603 ἀρωματίζουσα
2993 1533 3026 1604 ή
3063 1514 3240 1602 σορὸς,
3277 1531 3327 1584 εί
3356 1529 3430 1600 μή
3458 1543 3606 1590 τινες

2018 1615 2272 1672 τοσοῦτον
2288 1621 2935 1692 παρηνομήκασιν,·ὧστε
2957 1622 3055 1677 καὶ
3083 1622 3272 1694 ἕτερον
3299 1619 3429 1692 παρ’
3454 1616 3606 1691 αὐτῷ

2018 1709 2342 1766 καταθεῖναι
2394 1713 2691 1782 σωμάτιον.
2733 1713 2900 1786 Ὁμοῦ
2936 1731 2996 1768 τε
3027 1715 3137 1786 γὰρ
3185 1715 3410 1770 κάκεῖνο
3462 1727 3604 1780 συμ-

2019 1799 2298 1856 πεπτώκει
2353 1803 2434 1876 τῷ
2465 1805 2690 1878 μεγάλῳ
2709 1806 2884 1878 ἀνδρὶ,
2910 1807 3002 1861 καὶ
3024 1809 3056 1878 ἡ
3082 1807 3181 1878 τῆς
3213 1806 3442 1870 εὐωδίας
3473 1804 3607 1876 ἔστη

2019 1896 2193 1965 πηγή.
2216 1893 2388 1950 Τοῦτο
2422 1897 2523 1968 μὲν
2541 1897 2605 1969 δή
2639 1915 2724 1954 σοι
2753 1899 2815 1954 rb
2841 1897 3319 1972 θαῦμα;κὰλλιστέ
3343 1918 3434 1972 μοι
3466 1903 3606 1972 πάν-

2018 2004 2128 2042 των
2162 1989 2374 2062 ἀνδρῶν
2404 1993 2501 2045 καὶ
2531 1991 2955 2064 ὲλλογιμώτατε,
2989 1994 3068 2058 είς
3095 1993 3417 2066 περιουσίαν
3437 2066 3439 2069 ι
3457 1995 3609 2048 ἐστὶν

2021 2081 2354 2147 ἀποδείξεως
2375 2084 2476 2156 τῆς
2501 2084 2597 2154 σῆς
2621 2073 2996 2160 καθαρότητος
3018 2087 3114 2142 καὶ
3137 2087 3429 2160 ἁγιότητος
3450 2103 3465 2117 ·
3484 2085 3611 2144 ἐπεὶ

2024 2175 2122 2228 καὶ
2183 2175 2357 2232 τᾶλλα
2403 2179 2737 2250 ἀποχρῶντά
2776 2197 2860 2234 σοι
2903 2181 3042 2253 πρὸς
3096 2180 3196 2252 τὴν
3250 2180 3351 2252 τῆς
3403 2179 3610 2252 ἀρετῆς

2025 2267 2433 2342 ἀκριϐεστάτην
2461 2271 2759 2328 τελείωσιν.
2793 2275 2866 2329 Σὺ
2885 2274 2944 2330 δέ
2980 2293 3072 2348 μοι
3103 2276 3262 2340 ἵλεως
3286 2275 3428 2346 εἴης,
3452 2276 3503 2340 εί
3529 2273 3610 2345 μή
3721 2330 3732 2346 _.

2030 2377 2115 2415 σοι
2164 2361 2464 2431 σύμπασαν
2516 2349 2975 2442 διηκριὸωσάμην
3019 2369 3248 2444 ἀρετὴν,
3283 2371 3359 2442 μὴ
3407 2370 3506 2442 τήν
3544 2371 3613 2424 ἐκ

2028 2453 2248 2509 πάντων
2276 2455 2386 2510 τῶν
2422 2456 2534 2512 σῶν
2567 2458 2749 2512 καλῶν
2778 2461 3161 2534 συνεμέτρησά
3191 2479 3275 2517 σοι
3315 2461 3414 2535 τὴν
3440 2461 3614 2532 εὔφη.

2029 2546 2182 2618 μίαν,
2209 2547 2313 2619 ¹καὶ
2340 2549 2420 2621 μή
2455 2567 2524 2622 με
2547 2545 2628 2616 οἷς
2653 2551 2966 2621 ὲλλέλοιπα,
2989 2553 3059 2609 δι’
3085 2555 3261 2628 ὀργῆς
3294 2555 3461 2627 ἔχοις,
3491 2555 3611 2610 ἀλλ’

2023 2633 2106 2704 οἷς
2131 2641 2514 2712 συγγέγραφα,
2534 2642 2625 2698 διὰ
2656 2647 2877 2718 μνήμης
2895 2647 3070 2714 ἄγοις,
3103 2648 3158 2702 εί
3173 2647 3258 2712 τίς
3281 2649 3399 2702 ἐστι
3419 2649 3614 2722 μνήμη

2023 2732 2134 2790 τῶν
2159 2733 2396 2790 ἐνταῦθα
2427 2738 2550 2802 ταῖς
2584 2737 3004 2813 καθαρωτέραις
3032 2740 3192 2814 ἡμῶν
3224 2732 3321 2798 καὶ
3351 2740 3614 2800 θεοειδὲσι

2021 2828 2241 2903 tum
2333 2901 2339 2906 .
2975 2829 2978 2832 ’

1631 3096 1799 3185 sum
1825 3101 2151 3199 matrerm
2184 3133 2305 3185 κη’.

834 3274 1117 3332 ΜΝΗΜΗ
1156 3252 1286 3329 ΤΟΥ
1322 3273 1427 3329 ΕΝ
1459 3273 1706 3329 ΑΓΙΟΙΣ
1741 3273 2039 3328 ΠΑΤΡΟΣ
2077 3271 2296 3328 ΗΜΩΝ
2334 3271 2645 3328 ΣΥΜΕΩΝ
2677 3273 3128 3341 ΛΟΓΟΘΕΤΟΥ
3163 3336 3167 3340 _

1608 3383 1700 3441 ΤΟ
1711 3385 1758 3439 Υ
1789 3385 1890 3440 ME
1899 3387 2186 3441 ΤΔΦΡΑΣ
2193 3387 2278 3439 T0
2289 3386 2352 3441 Υ.

881 3598 887 3604 _
994 3597 1010 3615 .
1159 3523 1570 3582 ΑΚΟΔΟΥΘΙΛ
1609 3522 2046 3579 mmet-21m
2085 3523 2230 3582 rno
2264 3523 2407 3579 τοι·
2443 3482 2724 3580 mror

611 3646 855 3719 Στιχηρὰ
897 3647 978 3711 είς
1003 3646 1086 3716 rb,
1113 3645 1291 3715 Κύριε
1318 3643 1638 3716 ἐκέκραξα.
1673 3639 1850 3718 *Ηχος
1883 3644 2118 3717 πλαγίου
2155 3645 2435 3718 δευτέρου.
2469 3646 2614 3720 Πρὸς
2642 3647 2724 3716 rb,
2761 3647 2959 3719 Ὅλην
2985 3625 3360 3723 ἀποθέμενοι,

1449 3955 1681 4020 usxsrs
1718 3973 2087 4022 NOV’EMBRIS
2125 3974 2233 4019 me
2279 3973 2517 4020 xxvm.

669 4099 1384 4167 COMMEMORATIO
1423 4102 1493 4164 s.
1547 4100 1862 4165 PATRIS
1901 4099 2221 4164 NOSTRI
2260 4097 2708 4163 SYMEONIS
2754 4064 3323 4180 LOGOTHET/E,
3387 4066 3434 4080 ”
3505 4074 3511 4078 ’

760 4198 774 4212 ’
1170 4223 1178 4230 ’
1428 4235 1581 4314 QUI
1636 4235 1762 4299 ET
1801 4231 2340 4298 .METAPHRAS
2351 4231 2533 4294 ms.

1247 4384 1643 4450 OFFlClUM
1690 4385 1738 4446 A
1785 4382 2093 4447 PSELLO
2136 4349 2691 4450 COMPOSITUM.

388 4500 695 4594 Troparia
738 4512 805 4576 in
849 4512 1204 4593 psalmum,
1260 4512 1521 4576 Domine
1573 4511 1841 4575 clamavi
1871 4509 1980 4590 (1).
2027 4513 2250 4574 Tonus
2291 4511 2605 4594 obliquus
2673 4514 3026 4581 secundus.
3073 4518 3148 4581 Ut
3188 4518 3380 4598 illud,
3415 4499 3602 4598 Ὅλην

1809 4612 2162 4685 ἀποθέμενοι.

344 4862 347 4864 ’
420 4891 630 4948 Munus
675 4897 829 4945 tuum
885 4845 1414 4960 splendidissimum,
1467 4893 1525 4940 et
1583 4884 1921 4956 conspicuan

2058 4851 2068 4859 -
2112 4885 2286 4960 Γέρας
2317 4884 2380 4940 rb
2399 4883 2804 4962 λαμπρότατον,
2838 4886 2938 4950 σοῦ,
2957 4891 3054 4944 καὶ
3092 4843 3457 4968 περίϐλεπτον
3494 4893 3633 4966 ὕψος
3697 4903 3700 4906 ’

250 5018 253 5020 -
344 4984 756 5047 celsitudinem,
794 4979 1267 5052 magniﬁcentiora
1309 4977 1419 5034 tuis
1471 4977 1943 5048 praestantissimis

245 5077 253 5084 ’
347 5075 516 5148 gestis
543 5072 797 5138 eﬂ'ecisti,
830 5079 887 5127 et
917 5071 1011 5142 qui
1045 5077 1326 5143 parentem
1357 5060 1602 5140 reginam
1634 5069 1851 5135 urbem,
1887 5071 1944 5127 in

347 5166 454 5223 hoc
475 5181 696 5238 quoque
726 5165 974 5222 omnium
1026 5163 1245 5218 urbium
1290 5149 1708 5217 dominatricem
1756 5170 1813 5218 et
1859 5163 1945 5219 vi-

344 5259 572 5320 ctricem
603 5257 912 5323 ostendisti,
940 5271 1062 5328 quae
1088 5254 1414 5325 tempestive
1444 5263 1498 5309 te
1525 5254 1693 5310 veluti
1727 5253 1939 5324 ﬂorem,

343 5359 404 5409 et
424 5343 612 5406 vitaet
634 5349 907 5412 oratione,
937 5355 994 5401 et
1043 5344 1337 5400 virtutibus
1382 5344 1640 5400 omnibus
1669 5355 1933 5416 praestan-

345 5443 575 5502 tissimis
605 5457 736 5499 vere
775 5437 1195 5495 celeberrimum
1228 5436 1400 5494 edidit
1436 5435 1606 5495 fetum
1645 5437 1730 5495 sui
1759 5441 1934 5498 admio

343 5538 600 5601 rabilem,
629 5544 688 5592 et
718 5534 1050 5590 emicantem
1085 5546 1369 5587 coronam.

415 5631 462 5688 0
516 5643 608 5686 res
649 5635 839 5701 gestas
887 5632 1010 5680 tuas
1060 5621 1440 5680 admirandas!
1483 5625 1714 5684 maxime
1747 5623 1961 5697 Pater,.

427 5763 506 5840 (l)
535 5762 596 5822 Id
622 5769 710 5821 est
739 5759 807 5818 ad
831 5758 1128 5833 Vesperas.

2045 4975 2659 5051 μεγαλοπρεπίστερον,
2707 4979 2832 5043 ταῖς
2871 4981 3298 5053 μεγαλουργίαις
3367 5003 3467 5041 σου
3517 4989 3630 5041 ἀπ-

2039 5070 2320 5135 ετέλεσας,
2351 5069 2449 5125 καὶ
2481 5070 2586 5142 τὴν
2613 5069 2947 5141 ὶνεγκοῦσάν
2976 5089 3038 5128 σε
3071 5073 3320 5145 βασιλίδα
3343 5078 3504 5134 πόλιν
3536 5082 3634 5135 καὶ

2040 5163 2099 5216 ιν
2131 5157 2325 5233 ’τούτῳ
2389 5160 2802 5234 βασιλεύουσαν,
2853 5165 3047 5219 πασῶν
3091 5167 3220 5222 τῶν.
3262 5170 3477 5226 πόλεων
3536 5173 3634 5228 καὶ

2042 5253 2457 5328 ὑπερκειμένην
2499 5255 2814 5323 ἀπέδειξας,
2864 5258 2988 5314 καθ’
3032 5258 3185 5333 ὥραν
3245 5259 3634 5336 ὲξανθήσασάν

2042 5365 2104 5405 σε
2152 5347 2246 5402 τὸν
2293 5347 2512 5420 ἀληθῶς
2549 5347 2915 5420 περιώνυμον,
2942 5351 3044 5425 βίῳ
3081 5371 3142 5408 τε
3183 5355 3280 5410 καὶ
3330 5356 3497 5430 λόγῳ,
3535 5360 3636 5416 καὶ

2042 5442 2248 5506 πάσαις
2275 5444 2400 5506 ταῖς
2433 5439 2751 5506 καλλίσταις
2787 5443 3037 5514 ἀρεταῖς,
3062 5447 3125 5502 rb
3149 5447 3474 5522 θαυμαστὸν
3497 5455 3635 5511 ταύρ-

2042 5549 2143 5606 της
2175 5534 2449 5606 γέννημα,
2473 5531 2569 5586 καὶ
2597 5531 2851 5608 λαμπρὸν
2885 5541 3241 5613 στεφάνωμα.

2117 5625 2183 5682 Ὠ
2209 5624 2320 5682 τῶν
2351 5624 2674 5699 θαυμασίων
2717 5645 2831 5698 σου,
2866 5630 3286 5705 θαυμασιώτατε
3319 5636 3526 5714 Πάτερ,
3548 5635 3636 5708 οἷς
