3868 6520
161 305 270 368 207

1183 299 1444 361 PSEI.LI
1482 299 2054 360 METAPHRASTrE
2089 300 2476 362 OFFICIUM.

3329 307 3438 369 208

165 424 348 478 anima
385 429 475 475 tua
529 432 680 474 sacra
735 413 1117 477 habitationes,
1164 413 1488 482 gaudentem
1542 412 1746 467 vultum

1869 428 1976 477 σου,
2010 412 2256 484 θεοφόρε,
2312 415 2670 485 σκηνώματα,
2735 419 3126 491 ἀγαλλόμενον.
3179 417 3302 495 Εἶχε
3377 428 3441 480 τὸ

167 515 412 586 gerebat,
460 512 650 568 videns
681 520 897 565 sanctos
931 521 1036 562 una
1093 520 1278 561 secum
1320 504 1748 578 congaudentes,

168 617 222 661 et
247 605 313 662 ad
337 619 632 676 supernam
664 600 830 658 vitam
868 597 1305 654 transmittentes

238 791 375 845 Ecce
408 788 522 858 jam
547 782 854 840 associatus
889 795 948 836 es
971 791 1286 836 sanctorum
1315 778 1620 846 ordinibus,
1653 797 1749 852 pa-

165 884 550 945 triarcharum,
583 886 906 947 martyrum,
933 873 1744 946 apostolorum,confessorum,

164 978 580 1049 prophetarum,
632 971 941 1036 doctorum,
978 976 1032 1023 et
1054 966 1486 1031 hierarcharum,
1518 966 1746 1036 quibus-

164 1086 286 1126 cum
339 1069 569 1123 choreas
627 1065 858 1130 ducens,
905 1061 1242 1124 beatissime,
1305 1059 1593 1115 recordare
1647 1074 1748 1114 no-

164 1161 263 1217 stri
320 1159 464 1231 apud
510 1156 824 1219 Dominum,
890 1153 982 1224 qui
1047 1160 1168 1207 tuas
1219 1151 1409 1207 laudes
1459 1151 1744 1223 prosequi-

161 1270 304 1311 mur.

237 1347 370 1403 Sion
407 1353 593 1402 sancta
624 1342 812 1415 gratiis
840 1356 868 1395 a
899 1339 1011 1395 Deo
1041 1339 1419 1403 condecorata,
1457 1337 1590 1392 urbs
1622 1334 1740 1404 Dei,

162 1453 216 1500 et
243 1444 484 1514 undique
538 1438 937 1497 communitum
992 1434 1278 1508 palatium,
1333 1433 1573 1506 reginam
1625 1449 1744 1489 om-

160 1537 314 1591 nium
338 1533 555 1588 urbium
595 1530 696 1586 tibi
727 1529 1054 1592 devinctam,
1089 1541 1155 1582 ac
1206 1527 1456 1581 devotam
1487 1523 1741 1592 defende,

161 1626 542 1699 Metaphrasta:
565 1624 754 1686 sacris.
782 1638 815 1678 ο
839 1621 1039 1692 puella,
1065 1619 1490 1691 precationibus.

1857 505 2170 577 πρόσωπον,
2203 505 2478 577 βλέπουσα
2513 509 2640 573 τοὺς
2683 511 2876 580 ἁγίους
2920 513 3058 585 αὐτῇ
3117 519 3441 589 συγχαίρου-

1853 617 1972 664 τας,
2018 601 2112 654 καὶ
2159 599 2297 672 πρὸς
2354 601 2729 672 ύπερκόσμιον
2773 602 2918 675 ζωὴν
2944 605 3148 678 ταύτην
3184 611 3442 681 προπέμ..⁵

1857 710 2078 756 ποντας.

1935 785 2065 840 Ἰδοὺ
2098 784 2377 857 συνήφθης
2402 785 2573 856 ἁγίων
2593 788 2862 859 τάγμασι,
2889 793 3266 866 πατριαρχῶν,
3295 812 3441 868 μαρο

1849 874 2052 948 τύρων,
2088 876 2426 943 ἀποστόλων,
2461 877 2626 932 ὁσίων
2684 897 2767 948 τε,
2822 883 3120 954 προφητῶν
3157 885 3252 940 καὶ
3293 886 3440 940 διδα-

1851 969 2066 1024 σκάλων
2096 969 2191 1022 καὶ
2225 970 2522 1042 ίεραρχῶν,
2553 965 2748 1045 οἷσπερ
2771 974 2866 1028 καὶ
2922 979 3293 1046 συγχορεύων,
3330 996 3438 1046 μα-

1849 1063 2181 1134 καριώτατε,
2215 1063 2471 1135 μέμνησο
2505 1065 2643 1137 πρὸς
2671 1065 2878 1137 Κύριον
2911 1068 3071 1138 ἡμῶν
3115 1069 3225 1124 τῶν
3271 1070 3435 1141 εὐφη-

1850 1157 2098 1228 μούντων
2122 1173 2204 1210 σε.

1917 1336 2056 1390 Σιὼν
2119 1336 2250 1406 ἁγία
2302 1336 2685 1409 θεοχαρίτωτε,
2759 1338 2914 1403 πόλις
2973 1338 3110 1394 Θεοῦ
3157 1339 3253 1394 καλ⁵
3302 1357 3436 1394 κατ-

1846 1414 2535 1499 ωχυρωμένονπαλάτιονί
2555 1427 2656 1502 τὴν
2692 1429 2882 1484 πασῶν
2915 1429 3307 1501 βασιλεύουσαν
3336 1431 3436 1484 πό-

1845 1520 2004 1586 λεων,
2044 1523 2102 1573 ὲν
2153 1520 2235 1574 σοὶ
2273 1521 2648 1593 ἀνακειμένην
2703 1522 2908 1594 ταύτην
2957 1523 3284 1595 περίζωσαι,
3340 1524 3432 1579 τοῦ

1844 1612 2247 1685 Μεταφραστοῦ
2263 1617 2382 1680 ταῖς
2400 1615 2594 1688 ἱεραῖς,
2612 1614 2787 1686 Κόρη,
2807 1616 3077 1688 δεήσεσιν.

160 1735 240 1790 Ad
267 1733 500 1798 Laudes,
535 1730 706 1786 echus
745 1735 995 1822 quartus.
1057 1725 1152 1790 Ὠς
1179 1723 1460 1796 γενναῖον
1491 1724 1562 1778 ἐν
1588 1723 1740 1794 μάρ-

1917 1722 2013 1787 Et;
2066 1721 2192 1786 τοὺς
2227 1722 2442 1788 Αἶνους,
2501 1717 2631 1810 ἦχος
2806 1723 2902 1790 Ὠς
2963 1723 3244 1794 γενναῖον
3293 1724 3364 1780 ἐν

865 1811 1028 1853 τυσι.

231 1896 311 1951 Ex
346 1895 513 1952 nobili
534 1893 720 1950 radice
741 1902 923 1947 ortum
949 1890 1179 1955 duxisti,
1209 1903 1333 1944 rosa
1347 1887 1573 1943 omniex
1593 1895 1746 1958 parte

155 1988 488 2053 rubicunda,
520 1986 710 2059 gratiis
728 1984 969 2056 Spiritus
997 1982 1187 2048 tincta,
1217 1989 1273 2036 et
1297 1981 1485 2036 ﬁdeles
1504 1979 1748 2052 jucunde

153 2083 370 2138 donans
390 2079 654 2136 odoribus
696 2087 914 2132 tuarum
941 2075 1321 2146 scriptionum,
1355 2075 1745 2145 apostolorum,

152 2177 491 2233 athletarum
543 2183 600 2229 et
658 2171 1035 2228 confessorum
1097 2169 1397 2225 certamina
1445 2168 1744 2238 explicans,

158 2269 488 2340 quibuscum
571 2279 678 2320 una
760 2263 1060 2320 collocatus
1105 2303 1120 2329 ,
1193 2261 1375 2317 divina
1452 2261 1744 2326 revelans,

162 2361 420 2433 Symeon,
461 2357 779 2414 deliciarum
811 2356 864 2411 in
895 2354 1160 2429 gramine,
1185 2355 1330 2424 quod
1373 2352 1429 2406 in
1466 2367 1588 2408 rore
1640 2360 1744 2419 est,

158 2456 438 2511 habitans.

238 2548 308 2604 Ut
344 2546 642 2618 Scriptura
667 2544 851 2601 verbis
866 2553 1010 2611 utar,
1042 2543 1210 2600 ell‘usa
1241 2552 1344 2608 est,
1388 2541 1620 2614 Symeon
1641 2584 1654 2608 ,
1689 2541 1743 2596 in

162 2642 321 2697 labiis
349 2639 455 2696 tuis
479 2638 717 2707 Spiritus
745 2638 921 2694 sancti
941 2637 1114 2709 gratia
1143 2635 1560 2691 inaestimabilis.
1596 2634 1747 2701 Qua-

159 2739 383 2801 propter
417 2743 563 2793 cum,
592 2727 682 2796 qui
708 2726 910 2782 frustra
942 2740 1063 2781 sese
1090 2724 1352 2796 iactabat,
1378 2722 1746 2779 concertatio-

158 2836 290 2874 num
350 2817 724 2889 complexibus
781 2813 1091 2888 redargues,
1154 2813 1379 2881 alteris;
1434 2814 1610 2871 factus
1666 2823 1749 2870 est

159 2912 304 2968 enim
330 2912 496 2968 veluti
522 2910 722 2980 stipula
748 2917 875 2964 ante
903 2907 1080 2978 ignem
1107 2907 1161 2962 in
1185 2907 1426 2963 cinerem
1447 2907 1659 2970 abiens,
1691 2916 1748 2961 et

159 3016 216 3061 te
249 3020 504 3077 magnum
536 3003 717 3059 facere
742 3002 896 3057 visus
923 3008 1028 3066 est,
1049 3015 1174 3056 cum
1202 3000 1273 3055 ob
1295 3000 1526 3055 virtutes
1548 2998 1747 3054 mentis

160 3109 268 3155 tute
297 3100 491 3154 timore
505 3097 789 3167 perculsus
820 3094 1262 3150 contremuisset.

233 3190 410 3245 Veluti
446 3203 639 3244 servus
669 3184 921 3242 Numinis
953 3184 1151 3249 factus,
1193 3183 1301 3238 tuis
1331 3179 1737 3253 operibus,vel-

161 3283 243 3338 uti
304 3281 498 3337 eodem
541 3294 664 3334 cum
703 3278 907 3333 sanctis
953 3274 1314 3332 contubernio
1362 3282 1542 3337 utens,
1581 3272 1747 3327 veluti

169 3377 295 3433 vitae
317 3385 422 3432 tua:
453 3372 776 3430 castimonia
799 3372 1107 3427 libertatem
1126 3371 1376 3440 adeptus,
1412 3366 1748 3438 diviniloque

161 3471 421 3544 Symeon.
442 3482 652 3531 eorum,
673 3465 765 3535 qui
786 3472 837 3520 te
852 3463 1160 3520 collaudant
1180 3461 1486 3524 recordare,
1505 3460 1747 3515 animum

160 3573 313 3617 tuum
378 3560 434 3614 in
512 3550 842 3630 probitatem
918 3568 1250 3625 propensum
1312 3550 1631 3617 ostendens,
1690 3559 1749 3606 ut

161 3669 353 3710 omnes
398 3652 493 3708 Dei
559 3650 900 3706 humanitate
964 3655 1311 3719 peccatorum
1371 3645 1746 3701 remissionem

155 3761 580 3820 consequamur.

776 3834 984 3899 Gloria,
1011 3845 1117 3888 etc.

234 3929 355 3986 Vita
429 3928 616 3984 divina
691 3925 936 3998 perfecta
1015 3923 1390 3995 speculatione
1475 3921 1749 3976 actionem

162 4022 462 4088 exornasti,
506 4019 742 4090 Sytneon
773 4017 1122 4085 beatissime;
1153 4031 1391 4085 namque
1421 4030 1545 4069 cum
1561 4013 1748 4068 divino

165 4130 354 4172 amore
375 4112 698 4184 sapientiam
737 4111 1062 4182 deperisscs.
1096 4125 1162 4164 ex
1195 4123 1292 4164 ore
1329 4106 1552 4178 spiritus
1577 4105 1746 4177 gratia

156 4210 368 4266 ditatus
396 4222 477 4273 es,
525 4215 582 4262 et
618 4205 698 4260 uti
729 4204 909 4259 favum
943 4203 1118 4258 mellis
1149 4200 1494 4257 dulcedinem
1529 4208 1746 4254 tuorum

163 4313 478 4357 sermonum
534 4298 691 4354 nobis
732 4296 1001 4352 instillans
1021 4303 1047 4361 ,"
1075 4293 1276 4349 divinis
1325 4291 1746 4364 cogitationibus

163 4391 462 4447 Ecclesiam
486 4389 580 4445 Dei
612 4389 872 4444 oblectas.
907 4388 1251 4456 Quapropter
1275 4384 1329 4440 in
1356 4383 1493 4440 coelo
1517 4398 1745 4439 conver-

2497 1795 2777 1862 μάρτυσι.

1924 1884 2194 1955 Εὑγενοῦς
2217 1886 2629 1958 ἀνεϐλάστησας
2661 1887 2840 1957 ῥίζης,
2874 1887 3028 1960 ῥόδον
3057 1887 3430 1961 κατέρυθρον,

1851 1976 2196 2049 βεϐαμμένον
2234 1981 2423 2051 χάρισι
2472 1982 2594 2044 ταῖς
2645 1982 2740 2034 τοῦ
2793 1979 3131 2052 Πνεύματος,
3183 1983 3432 2047 καὶτοὺς

1851 2069 2076 2134 πιστοὺς
2120 2071 2418 2136 εύωδίασας
2437 2072 2638 2144 ὀσμαῖς
2679 2074 3129 2144 συγγραμμάτων
3197 2091 3311 2140 σου,
3367 2076 3435 2130 ἀ-

1852 2164 2149 2230 ποστόλων,
2181 2163 2453 2237 ἀθλητῶν,
2507 2165 2602 2219 καὶ
2633 2165 2797 2220 όσίων
2829 2165 2899 2220 τά
2938 2167 3240 2238 σκάμματα
3301 2185 3430 2222 συν-

1848 2254 2174 2327 ταξάμενος,
2223 2249 2300 2310 ῶν
2352 2256 2445 2310 καὶ
2511 2256 2793 2329 σύστοιχος
2850 2256 3038 2329 ὤφθης
3067 2297 3084 2324 ,
3135 2259 3431 2332 θεοφάντορ

1850 2347 2097 2420 Συμεὼν,
2145 2350 2361 2422 τρυφῆς
2414 2351 2474 2404 ἐν
2545 2349 2709 2423 χλόῃ,
2751 2353 2817 2422 τῇ
2876 2351 2934 2406 ὲν
2993 2350 3171 2425 δρόσῳ
3202 2355 3431 2426 σκηνού·

1851 2459 2034 2514 μενος.

1920 2535 2215 2608 Γραφικῶν
2251 2536 2484 2608 ὲξεχυοη
2519 2555 2635 2605 σου,
2677 2538 2927 2610 Συμεὼν,
2955 2540 3014 2596 ὲν
3044 2541 3164 2604 τοῖς
3204 2541 3429 2613 χείλεσι,

1849 2629 1944 2682 τοῦ
1995 2629 2152 2698 ἁγίου
2176 2631 2495 2702 Πνεύματος
2521 2631 2681 2704 χάρις
2711 2633 2969 2705 άρῤητος.
3005 2635 3097 2687 Διὸ
3128 2635 3220 2688 τὸν
3256 2635 3434 2706 μάτην

1850 2721 2227 2794 καυχώμενον,
2255 2723 2484 2788 πλοκαῖς
2505 2724 2792 2792 διαλέξεων
2815 2726 3109 2799 ὲξήλεγξας
3138 2729 3430 2791 ταπεινοῖς.

1859 2815 1950 2881 Ὠς
1992 2817 2218 2888 καλάμη
2247 2817 2358 2890 γάρ
2391 2819 2605 2888 γέγονε,
2647 2820 2788 2874 κατά
2832 2821 3124 2892 πρόσωπον
3147 2820 3240 2874 τοῦ
3263 2820 3434 2891 πυρὸς

1847 2912 2218 2983 τεφρουμένη,
2266 2912 2362 2966 καὶ
2420 2912 2482 2966 σὲ
2519 2912 2722 2984 μᾶλλον
2768 2914 3107 2985 μεγαλύνων,
3151 2914 3431 2986 ἀνεδείχθη

1853 3005 2054 3079 βρύξας
2079 3005 2200 3070 νοός
2247 3022 2339 3060 σῠυ
2387 3005 2487 3076 τὴν
2512 3005 2762 3078 δύναμιν.

1932 3193 2020 3258 Ὠς
2049 3193 2304 3266 Θεράπων
2344 3193 2637 3267 γενόμενος
2670 3191 2764 3248 τοῦ
2799 3194 2958 3258 Θεοῦ,
3005 3197 3070 3250 ὲκ
3119 3195 3228 3250 τῶν
3257 3195 3435 3268 ἔργων

1853 3300 1971 3350 σου,
2001 3284 2078 3349 ὡς
2106 3284 2275 3354 ἀγίων
2306 3285 2596 3358 σύσκηνος,
2627 3285 2722 3350 οὓς
2754 3285 3072 3358 ἀνύμνησας
3105 3286 3182 3350 ὡς
3226 3289 3435 3358 mpm-

1853 3376 1974 3430 σίαν
2004 3378 2367 3449 κτησάμενος,
2418 3379 2609 3450 ἁγνείᾳ
2661 3378 2755 3432 τοῦ
2785 3377 2902 3449 βίου
2961 3395 3076 3443 σου,
3112 3377 3436 3450 θεορρήμων

1851 3469 2096 3537 Συμεὼν,
2129 3470 2238 3524 τῶν
2281 3470 2596 3540 ὑμνούντων
2637 3488 2697 3525 σε
2740 3473 3007 3542 μέμνησο,
3044 3470 3106 3525 τὸ
3135 3470 3435 3542 φιλάγαθον

1849 3564 1949 3632 τῆς
1979 3561 2159 3633 ψυχῆς
2201 3579 2293 3615 σου
2333 3562 2619 3629 δεικνύων,
2676 3563 2762 3616 ἵνα
2801 3563 3002 3628 πάντες
3030 3561 3126 3618 τοῦ
3170 3562 3308 3618 Θεοῦ
3341 3580 3432 3633 φι-

1850 3653 2188 3726 λανθρωπίᾳ,
2222 3656 2580 3726 πταισμάτων
2608 3655 2803 3724 ἄφεσιν
2839 3654 3108 3727 εὕρωμεν.

2397 3835 2571 3900 Δόξα,
2604 3835 2710 3890 Καὶ
2742 3834 2879 3889 νῦν.

1924 3928 2046 3982 Βίον
2068 3927 2250 3981 ἔνθεον
2283 3927 2656 3997 κατορθώσας,
2688 3927 2892 3998 θεωρίᾳ
2929 3927 3030 3999 τὴν
3064 3927 3269 3996 πρᾶξιν
3298 3945 3433 3983 κατ-

1852 4020 2208 4089 εκόσμησας,
2282 4018 2508 4087 Συμεὼν
2590 4018 3044 4090 παμμακάριστε.
3127 4021 3239 4090 Τὴν
3325 4019 3435 4089 γάρ

1854 4114 2045 4182 σοφίαν
2079 4111 2310 4184 φιλήσας
2349 4111 2512 4182 ἔρωτι
2547 4111 2698 4182 θείῳ,
2732 4113 2797 4166 ἐκ
2828 4112 3099 4183 στόματος
3126 4111 3223 4166 τοῦ
3261 4112 3436 4166 Πνεύ-

1854 4223 2023 4277 ματος
2074 4203 2175 4276 τὴν
2221 4204 2383 4276 χάριν
2425 4203 2900 4274 κατεπλούτησας,
2964 4207 3059 4258 καὶ
3110 4203 3188 4269 ὡς
3245 4205 3437 4275 κηρίον

1854 4297 2074 4368 μέλιτος
2110 4298 2204 4351 τὸν
2254 4299 2572 4368 γλυκασμόν
2601 4315 2693 4352 σου
2741 4299 2851 4352 τῶν
2881 4299 3053 4368 λόγων
3110 4301 3436 4363 άποστάζων

1849 4391 2005 4461 ἡμῖν,
2068 4391 2381 4462 εὐφραίνεις
2434 4395 2669 4462 νοήμασι
2723 4393 2886 4457 θείοις
2945 4393 3044 4465 τὴν
3107 4393 3436 4465 Ἐκκλησίαν

163 4494 292 4540 Sans
346 4493 508 4552 atque
559 4480 895 4542 inhabitans,
927 4492 1026 4548 pro
1057 4476 1236 4536 nobis.
1270 4474 1364 4545 qui
1409 4485 1556 4529 tuam
1589 4488 1741 4528 eom-

1869 4482 2111 4553 Κριστοῦ.
2178 4483 2268 4535 Διὸ
2324 4484 2382 4536 ὲν
2441 4483 2693 4554 οὐρανοῖς
2755 4484 3168 4556 ἑμφιλοχωρῶν,
3223 4485 3438 4549 abitth-

163 4573 617 4630 ntemorationem
647 4571 977 4642 peragimus,
1009 4567 1386 4623 indesinenter
1411 4565 1583 4620 Deum
1618 4578 1750 4635 pec-

165 4683 309 4725 care.

645 4753 988 4808 Procimenon
1020 4749 1275 4822 Apo’stoli.

240 4863 497 4919 Mirabilis
559 4861 704 4917 Deus
779 4862 832 4916 in
885 4860 1092 4916 sanctis
1147 4860 1280 4916 suis.
1360 4857 1414 4914 ln
1470 4856 1746 4921 Ecclesiis,

167 4973 266 5015 (lC.

135 5081 148 5133 _:
241 5056 322 5110 E1
348 5046 584 5123 Epistola
621 5053 783 5108 Pauli
813 5053 883 5107 ad
912 5053 1210 5107 Corinthios
1232 5052 1402 5107 lectio.

243 5229 479 5292 Fratres,
518 5229 816 5298 unicuique
843 5228 1004 5282 datur
1031 5227 1312 5291 revelatio,
1345 5237 1440 5282 etc.
1477 5242 1636 5296 usque
1659 5227 1749 5292 ad,

171 5322 485 5392 unicuique,
511 5331 571 5377 ut
603 5323 736 5376 vult.

457 5421 802 5497 Evangelium
830 5429 1114 5480 secundum
1138 5421 1468 5477 Matthtrum.

239 5526 386 5580 Dixit
427 5523 681 5578 Dominus
739 5524 1017 5593 discipulis
1068 5525 1178 5578 suis
1211 5540 1226 5577 :
1263 5523 1360 5578 Vos
1391 5527 1514 5581 estis
1573 5526 1752 5582 lumen

171 5617 371 5682 mundi,
397 5625 505 5674 etc.
533 5632 706 5690 usque
731 5617 822 5686 ad,
851 5615 950 5671 Hic
985 5633 1209 5689 magnus
1232 5617 1503 5672 vocabitur
1519 5621 1573 5673 in
1594 5635 1752 5689 regno

171 5709 438 5763 malorum.

1855 4589 2037 4644 μενος.
2077 4572 2218 4644 ὑπὲρ
2257 4574 2412 4644 ἡμῶν
2448 4573 2744 4638 ἀπαύστως
2799 4575 3067 4644 πρέσϐευε
3121 4575 3230 4630 τῶν
3283 4577 3438 4629 ἐκτε-

1851 4664 2086 4719 λούντων
2124 4667 2224 4736 τὴν
2263 4667 2486 4736 μνήμην
2522 4683 2638 4719 σου.

2155 4758 2561 4828 Προκείμετυν
2595 4757 2702 4813 τοῦ
2737 4760 3122 4814 ’Λποστό.ίου.

1920 4868 2249 4939 Θαυμαστὸς
2299 4869 2327 4919 ό
2372 4867 2504 4931 Θεδς
2569 4869 2626 4920 ὲν
2684 4870 2799 4930 τοῖς
2853 4869 3030 4936 ἁγίοις
3082 4867 3273 4922 αὐτοῦ.
3345 4867 3435 4922 Ἐν

1851 4956 2226 5028 Ἐκκλησίαις,

1923 5055 2080 5122 Πρὸς
2158 5057 2508 5124 Κορινθίους
2577 5054 2950 5122 Ἐπιστολῆς
3009 5055 3255 5110 Παύλου
3297 5057 3366 5110 τό

2478 5125 2847 5196 ἀνάγνωσμα
2869 5163 2884 5179 .

1925 5223 2225 5294 Ἀδελφοί.
2288 5224 2552 5290 Ἐκὰστῳ
2583 5223 2876 5290 δίδοταιὴ
2921 5225 3284 5290 φανέρωσις,
3343 5224 3439 5278 καὶ⁸

1854 5318 1921 5372 τά
1953 5317 2104 5387 ἑξῆς,
2139 5318 2242 5381 ἓως
2272 5316 2389 5382 τοῦ,
2441 5316 2714 5382 Ἐλιάστφ
2747 5315 2941 5381 καθὼς
2969 5316 3288 5380 βούλεται.
3469 5313 3472 5352 τ

2109 5419 2179 5473 Τὸ
2205 5417 2578 5487 Εὐαγγέλιον
2621 5416 2689 5468 ἐκ
2727 5415 2833 5470 τοῦ
2863 5417 3189 5472 Ματθαίου.

1922 5521 2103 5578 Εἶπεν
2130 5528 2162 5578 ὀ
2195 5525 2408 5590 Κύριος
2451 5523 2576 5590 τοῖς
2619 5522 2839 5577 ἑαυτοῦ
2891 5521 3208 5591 μαθηταῖς
3256 5521 3439 5591 Ὑμεῖς

1853 5616 1994 5670 ἐστε
2040 5617 2104 5669 τὸ
2145 5615 2271 5684 φῶς
2298 5615 2402 5670 τοῦ
2436 5617 2691 5685 κόσμου,
2739 5617 2834 5670 καὶ
2879 5615 2948 5670 τά
2998 5616 3144 5684 ἑξῆς,
3182 5615 3288 5680 ἕως
3323 5617 3438 5679 τοῦ,

1858 5703 2048 5772 Οὗτος
2089 5708 2285 5776 μέγας
2325 5707 2699 5778 κληθήσεται
2758 5709 2828 5762 ὲν
2885 5707 2958 5776 τῇ
2987 5709 3277 5775 ,ϐασιλείᾳ
3325 5707 3438 5762 τῶν

1845 5793 2152 5869 οὐρανῶν.
