3868 6508
317 643 3588 684 εις-ΜΝ

469 867 1056 1048 SYME
1084 865 1374 1046 ON
1385 866 1578 1047 IS
1709 861 3427 1048 METAPHBASTXE

1015 1185 1679 1303 OPERUM
1818 1184 2230 1301 PARS
2357 1184 2886 1301 PRIMA

1772 1426 2142 1470 COIPLECTENS

1232 1575 1503 1640 OPERA
1546 1572 1940 1638 ASCETICA
1983 1573 2087 1634 ET
2130 1569 2692 1637 PARJENETICA.

1411 1953 1534 2000 ΤΟΥ
1571 1952 1928 2001 ΣΟΦΩΤΔΤΟΥ
1957 1951 2068 2000 ΚΑΙ
2102 1946 2491 1998 ΔΟΙῚΩΤΑΤΟΪ

947 2112 1556 2232 ΣΥΜΕΩΝ
1643 2112 1946 2228 ΤΟΥ
2028 2105 2978 2230 ΛΟΓΟΘΕΤΟΥ

1521 2327 1665 2383 ΤΟΥ
1701 2327 1829 2382 ΚΑΙ
1858 2327 2412 2382 ΜΕΤΑΦΡΑΣΤΟΥ

479 2487 700 2543 ΛΟΓΟΣ
736 2486 846 2542 ΕΙΣ
884 2485 1024 2541 TON
1061 2484 1346 2542 ΘΡΗΝΟΝ
1388 2485 1526 2538 ΤΗΣ
1565 2483 1955 2538 ΥΠΕΡΑΓΙΑΣ
1993 2483 2384 2550 ΘΕΟΤΟΚΟΥ,
2425 2484 2558 2538 OTE
2588 2484 3045 2542 ΠΕΡΙΕΠΛΑΚΗ
3084 2485 3172 2539 ΤΟ
3213 2485 3460 2544 ΤΙΜῙΟΝ
3499 2441 3511 2459 ο

1200 2576 1388 2631 ΣΩΜΛ
1424 2575 1566 2629 ΤΟΥ
1612 2574 1879 2628 ΚΥΡΙΟΥ
1918 2574 2118 2629 ΗΜΩΝ
2159 2575 2372 2631 ΙΗΣΟΥ
2413 2577 2726 2632 ΧΡΙΣΤΟΥ

1917 2765 1990 2775 .-

1462 2907 1917 2954 SAPIENTISSIMI
1954 2908 2030 2952 AC
2064 2907 2478 2954 DISERTISSIMI

981 3077 1784 3208 SYMEONIS
1889 3076 2969 3210 LOGOTHET/E.

1536 3301 1654 3369 QUI
1695 3300 1788 3356 ET
1832 3299 2422 3368 METAPIIRASTES,

430 3445 672 3502 ORATIO
704 3443 767 3500 IN
801 3443 1156 3498 LUGUBREM
1187 3442 1744 3496 LAMENTATIONEM
1784 3440 2216 3493 SANCTISSMME
2263 3439 2561 3490 DEIPARE
2598 3439 2969 3493 PRETIOSUM
3003 3441 3252 3497 CORPUS
3287 3446 3519 3502 DOMINI

1361 3531 1593 3584 NOSTRI
1628 3532 1779 3583 JESU
1818 3528 2068 3583 CHRISTI
2102 3528 2570 3580 AMPLEXANTIS.

1517 3681 1680 3744 (Apud
1713 3681 1950 3732 Allatium
1985 3683 2054 3734 De
2087 3681 2442 3746 Symeonibus).

410 3989 584 4044 Τοῦτο
621 3988 820 4054 ἐκεῖνο,
861 3986 1165 4057 γλυκύτατε
1207 3985 1406 4058 Ἰησοῦ,
1433 3987 1496 4040 τὸ
1547 3992 1672 4055 τοὺς
1697 3991 1761 4044 ὲκ
1793 3992 1932 4062 ηερ-

2107 3995 2220 4049 Ιῐοο
2255 3993 2383 4048 illud
2401 4001 2504 4059 est,
2528 3990 2839 4049 dulcissime
2854 3991 3079 4057 Jesu,ex
3103 3992 3326 4048 Perside
3352 3992 3404 4047 in
3421 3991 3611 4047 urbem

344 4082 484 4146 σίδος
519 4081 858 4152 ἀφιγμένους
889 4081 969 4145 είς
1003 4078 1274 4152 Βηθλεὲμ,
1310 4081 1369 4134 οὑ
1414 4081 1572 4150 μόνον
1624 4083 1871 4153 χρυσδνό

2088 4085 2310 4142 ethleem
2361 4086 2637 4151 advectos,
2675 4101 2786 4140 non
2823 4093 3033 4139 tantum
3062 4099 3256 4140 aurum
3311 4092 3372 4139 ut
3400 4084 3534 4156 regi,
3560 4091 3615 4138 et

345 4173 575 4248 βασιλεῖ,
613 4175 708 4227 xci.
731 4172 946 4227 λίϐανον
979 4173 1052 4237 ὼς
1091 4172 1231 4243 Θεῷ,
1272 4171 1408 4228 ἀλλὰ
1446 4174 1540 4228 καὶ
1577 4174 1872 4245 σμύρνανό

2094 4193 2316 4234 censum
2345 4187 2402 4232 ut
2436 4177 2565 4243 Deo,
2601 4179 2697 4234 sed
2748 4186 2803 4234 et
2850 4178 3147 4250 myrrham,
3188 4187 3248 4232 ut
3275 4175 3490 4232 mortali
3523 4174 3617 4230 tibi

344 4265 526 4338 θνητῷ
554 4266 942 4338 προσενεγκεῖν
993 4264 1306 4335 γεννηθέντι
1359 4282 1470 4319 σοι.
1528 4265 1700 4320 Τοῦτο
1730 4268 1871 4321 ὲκεῖν

2091 4286 2140 4325 m
2184 4280 2313 4327 nato
2363 4270 2644 4327 obtulisse.
2689 4270 2804 4328 Hoc
2845 4272 2979 4327 illud
3021 4281 3126 4338 est,
3158 4270 3398 4343 gladium
3441 4283 3617 4326 meam

343 4363 402 4416 τὸ
431 4362 709 4434 ῥομφαίαν
741 4360 956 4430 μέλλειν
989 4358 1218 4413 διελθεῖν
1239 4361 1303 4428 τῇ
1352 4359 1550 4430 καρδίᾳ
1585 4378 1708 4430 μοι),
1749 4360 1870 4414 καθ(

2093 4365 2206 4418 sius
2245 4362 2481 4420 animam
2515 4371 2946 4434 penetraturum,
2973 4364 3050 4419 uti
3089 4361 3321 4434 Symeon
3351 4361 3619 4432 praedixe-

346 4453 574 4525 Συμεὼν
605 4453 1000 4524 προηγόρευσε.
1052 4449 1223 4504 Τοῦτο
1257 4452 1456 4514 ἐκεῖνο,
1489 4452 1551 4504 τὸ
1606 4451 1716 4523 πῦρ
1773 4453 1800 4506 ὃ
1834 4452 1873 4523 ﬁt

2100 4464 2138 4509 t.
2178 4454 2292 4508 lloc
2316 4455 2450 4510 illud
2482 4461 2588 4518 est,
2643 4454 2824 4527 ignem
2855 4463 2906 4509 te
2942 4452 3156 4508 venisse
3180 4453 3236 4506 in
3269 4459 3468 4506 terram
3500 4451 3625 4506 mit-

346 4547 456 4600 λεῖν
486 4541 652 4617 ἦλθες
703 4545 797 4598 ἐπὶ
838 4544 938 4616 τὴν
966 4542 1094 4614 γῆν,
1125 4542 1316 4615 ὥςπερ
1357 4543 1522 4607 αὐτὸς
1555 4544 1873 4616 προεδίδαξα

2096 4563 2174 4614 re,
2219 4558 2278 4604 ut
2309 4565 2365 4604 ιιι
2410 4558 2568 4605 antea
2609 4549 2929 4605 edocueras.
2969 4547 3098 4618 Igne
3137 4545 3404 4616 siquidem
3460 4546 3620 4601 matri

349 4635 806 4709 Καυστικὼτερον
854 4637 963 4707 γὰρ
1009 4635 1104 4690 καὶ
1173 4636 1344 4707 πυρὸς
1414 4635 1586 4708 μητρὶ
1635 4635 1876 4706 φιλοτέκε.

2097 4642 2273 4696 iorum
2322 4640 2548 4707 amanti,
2573 4639 2837 4712 unigeniti
2872 4638 2967 4694 ﬁlii
2997 4652 3146 4693 mors
3170 4635 3489 4693 adurentior
3513 4645 3618 4694 est.

353 4732 545 4796 παιδὸς
615 4729 940 4803 μονογενοῦς
1003 4731 1419 4802 ἀπονὲκρωσις.
1515 4729 1729 4798 Μικρὸν
1797 4733 1880 4802 πρέ

2094 4748 2234 4787 trum
2279 4746 2498 4803 quoque
2538 4731 2714 4796 deest,
2754 4748 2823 4788 ne
2853 4730 3118 4787 Gabrielis
3147 4732 3400 4788 salutatio
3429 4741 3621 4790 contra

348 4820 660 4877 τούναντίον
704 4839 794 4893 μοι
825 4819 1168 4893 περιίσταται
1195 4820 1289 4875 καὶ
1308 4822 1337 4874 6
1363 4820 1456 4875 τοῦ
1487 4820 1725 4893 Γαϐριὴλ
1755 4822 1875 4876 dic-it:

2097 4827 2174 4880 ihi
2226 4825 2464 4882 eveniat.
2519 4823 2706 4896 Neque
2734 4825 2881 4881 enim
2910 4825 3072 4881 modo
3099 4825 3366 4881 Dominus
3402 4841 3619 4882 mecum

354 4913 510 4983 σμός.
556 4913 633 4965 Οὐ
688 4911 797 4984 γὰρ
835 4913 929 4966 καὶ
958 4911 1054 4966 νῦν
1104 4913 1133 4966 6
1163 4912 1367 4984 Κύριος
1399 4911 1517 4983 μετ’
1557 4911 1714 4984 ἐμοῦ,
1755 4912 1881 4966 καθέ

2097 4901 2640 4988 ιβᾳυθηιοιιῐηοάυηει
2674 4917 2762 4972 ille
2811 4916 3172 4987 promiserat;
3219 4917 3315 4973 sed
3363 4927 3418 4973 tu
3465 4919 3624 4989 plane

353 5005 560 5069 ἐκεῖνός
616 5022 705 5076 μοι
739 5005 1125 5075 ἐπηγγείλατο·
1175 5006 1312 5060 ἀλλὰ
1359 5007 1422 5060 σὺ
1475 5006 1574 5075 μὲν
1621 5006 1826 5070 ἄπνους

2094 5009 2381 5064 :animatus
2442 5009 2586 5062 inter
2645 5016 2887 5064 mortuos
2930 5008 3226 5064 inferorum
3282 5009 3621 5080 penitissima

353 5100 568 5169 νεκροῖς
619 5098 712 5152 καὶ
746 5097 872 5170 ᾅδου
932 5101 1135 5169 ταμεῖα
1171 5099 1359 5169 φοιτᾷς
1406 5101 1476 5151 τὰ
1509 5098 1782 5170 ὲνδὸτερα’
1829 5099 1880 5167 ἐγ

2091 5101 2320 5156 melavia
2370 5101 2611 5165 lustras;
2671 5100 2788 5170 ipsa
2855 5099 3071 5171 spirans
3123 5100 3425 5171 vivensque
3495 5116 3618 5157 cum

353 5193 407 5247 δὲ
435 5193 527 5247 τὸν
557 5193 694 5266 ἀέρα
723 5192 871 5248 πνέω
905 5193 1000 5246 καὶ
1055 5191 1193 5262 μετὰ
1225 5190 1444 5257 ζώντων
1476 5191 1738 5262 περίειμι.
1797 5193 1880 5246 Κα

2099 5191 2350 5246 ventibus
2362 5199 2576 5245 aetatem
2599 5204 2720 5260 ago.
2748 5187 2936 5260 Neque
2959 5197 3143 5245 tamen
3160 5190 3342 5246 animo
3373 5206 3623 5262 compre-

354 5299 436 5336 τοι
470 5283 533 5336 οῦ
565 5281 774 5353 συνορῶ
793 5281 880 5336 διὰ
907 5283 1060 5336 ποῖον
1090 5280 1250 5354 ἔργον
1278 5281 1631 5349 πεφόνευσαι.
1673 5281 1881 5335 Ἐκάλυ‹

2095 5282 2286 5337 cnderc
2309 5297 2471 5350 queo,
2492 5281 2767 5351 quodnam
2785 5281 2856 5336 ob
2877 5281 3086 5336 facinus
3112 5281 3224 5335 vita
3249 5281 3345 5336 tibi
3369 5281 3622 5354 adempta

356 5375 464 5446 γὰρ
517 5348 782 5446 οὐρανᾷὺς
829 5377 863 5445 ἡ
927 5348 1247 5445 ἀρετήνσου
1280 5348 1421 5428 κατὰ
1474 5373 1562 5427 τὸν
1603 5371 1883 5441 ’Λόὅακού;

2098 5380 2150 5425 ιι.
2183 5348 2400 5443 Οὺιθέίι
2423 5348 2694 5440 siquidem
2725 5371 2894 5426 caelos
2924 5370 3097 5426 virtus
3129 5379 3239 5436 tua,
3259 5376 3342 5433 ,ιιι
3367 5348 3625 5426 Abbacuc

359 5470 448 5523 καὶ
479 5467 575 5522 νῦν
613 5468 860 5539 ἄμορφος
898 5470 1097 5546 κεῖσαι,
1129 5467 1157 5520 ὁ
1192 5467 1390 5537 ὡραῖος
1426 5465 1578 5537 παρὰ
1631 5464 1754 5528 τοῦς
1791 5467 1886 5520 υίοὲ

2105 5468 2215 5524 t,et
2244 5475 2390 5514 nunc
2417 5460 2566 5530 jaces
2587 5460 2857 5527 informis,
2881 5459 2972 5531 qui
3003 5475 3126 5516 eras
3146 5460 3426 5531 speciosus
3453 5460 3625 5515 forma

358 5563 465 5617 τῶν
511 5561 840 5633 ἀνθρώπων,
877 5561 971 5616 καὶ
1015 5559 1200 5625 ἄδοξος
1234 5558 1435 5630 κηδεύῃ
1487 5559 1546 5613 ὲν
1596 5559 1688 5630 γῇ,
1724 5553 1784 5613 οὗ
1840 5559 1885 5612 τί

2097 5568 2160 5608 ra:
2197 5552 2321 5606 ﬁliis
2354 5551 2636 5607 hominum
2659 5571 2673 5617 ;
2696 5550 3034 5622 ctinglorius
3057 5560 3199 5607 terra
3233 5551 3624 5622 tegeris,cujus

359 5656 517 5720 δόξαν
545 5633 860 5726 διηγοῦνται
897 5656 946 5708 ol
999 5653 1238 5725 οὐρανοί.
1314 5651 1425 5705 Καὶ
1455 5651 1645 5722 μνῆμα
1695 5652 1850 5723 φέρει
1881 5673 1886 5699 4

2100 5649 2268 5704 oriam
2295 5648 2420 5704 coali
2459 5657 2718 5703 enarrant
2755 5662 2768 5699 :
2821 5655 2876 5702 et
2917 5654 3329 5701 monumentum
3372 5654 3422 5701 te
3450 5652 3627 5717 gestat

360 5747 802 5820 λελατομημένον
841 5747 900 5802 ὃν
930 5747 987 5814 ἐξ
1021 5747 1180 5818 ὄρους
1211 5744 1504 5810 ἀλαξεύτου
1543 5744 1817 5815 τμηθέντα
1866 5762 1887 5797 ε

2100 5747 2305 5810 .cisum,
2332 5759 2492 5814 quem
2525 5760 2554 5799 e
2583 5752 2766 5798 monte
2803 5743 2922 5798 sine
2960 5741 3212 5796 manibus
3239 5739 3471 5810 lapidem
3498 5741 3627 5796 abs-

360 5842 448 5895 δεν
475 5843 502 5894 6
541 5842 762 5913 Δανιὴλ.
821 5841 1061 5913 ’Λπαοής
1089 5859 1185 5895 σου
1225 5842 1257 5910 ἡ
1298 5838 1549 5909 γέννησις
1588 5839 1887 5892 ἐντεῦθενὲ

2101 5854 2247 5894 ssum
2309 5836 2498 5891 Daniel
2555 5842 2934 5905 conspexerat.
2997 5832 3128 5887 lnde
3198 5831 3332 5886 nulli
3383 5831 3623 5902 passioni

363 5931 702 6005 [έ]δεῐκνυτο,
739 5932 812 5996 ὡς
850 5934 905 5986 ἐν
927 5935 992 6003 τῇ
1026 5932 1170 6004 βάτῳ
1199 5933 1231 6002 ἡ
1259 5930 1411 5999 Θεϊκή
1449 5947 1540 5982 σου
1565 5928 1700 5999 πρὸς
1729 5927 1890 6001 ἀνορι]

2096 5928 2282 5984 lmoxia
2324 5925 2579 5982 nativilas
2609 5935 2695 5980 tua
2745 5923 3308 5989 commonstrahatur;
3360 5922 3528 5978 veluti
3571 5923 3623 5977 in

367 6045 500 6093 κους
538 6027 822 6100 συνάφεια,
858 6027 951 6083 καὶ
993 6029 1048 6080 ἐν
1093 6027 1168 6098 τῷ
1219 6024 1413 6097 Ἰωσὴφ
1449 6026 1480 6095 ἡ
1528 6023 1632 6078 τῶν
1678 6023 1894 6078 Ἰουδαία

2099 6022 2186 6078 Illo
2227 6021 2406 6076 divina
2441 6026 2530 6074 tua
2562 6033 2684 6075 cum
2735 6016 3048 6073 hominibus
3085 6014 3418 6087 coniunctio,
3459 6025 3515 6070 et
3567 6016 3625 6071 in
