3868 6458
379 305 498 372 2B

375 513 731 584 ψυχοτρόφον
757 514 899 585 ἀμφὶ
927 514 1020 567 τὶν
1045 514 1216 584 τάφον
1241 516 1556 587 ἐκκέχυται.
1589 518 1791 572 Οὐκέτι
1811 518 1972 590 βάτος

378 604 493 673 ἐγὼ
522 605 956 676 ἀκατάφλεκτος’
1016 607 1110 681 ὅλη
1146 609 1250 682 γὰρ
1303 609 1480 682 νοητῷ
1531 610 1667 681 πυρί
1724 627 1819 665 σου
1873 612 1973 683 τῆς

379 697 566 766 ταφῆς
619 700 1102 771 καταπέφλεγμαι.
1136 701 1334 755 Οὐκέτι
1366 702 1541 773 χρυσῆ
1592 703 1782 774 λυχνία
1839 702 1972 772 ἐγώ·

380 791 445 845 τὸ
491 790 602 862 γὰρ
635 791 753 861 φῶς
796 792 900 846 ὑπὸ
953 793 1048 846 τὸν
1109 793 1290 865 μόδιον
1346 794 1606 854 τέθειται.
1658 795 1747 860 Ὦς
1801 795 1973 850 πολλὰ

380 884 451 937 τὰ
502 884 771 955 μεγαλεῖα
826 888 854 940 ό
906 874 1132 951 δυνατὸς
1173 887 1402 953 ἐνέδειξε
1462 890 1593 960 μοιί
1653 890 1753 945 Ἐκ
1784 890 1977 945 πασῶν

383 974 592 1043 γενεῶν
622 975 852 1042 ἐξελέξω
904 994 991 1049 με.
1054 978 1311 1045 Γλώσσας
1341 982 1636 1053 προφητῶν
1656 984 1976 1055 ἐτράνωσας

384 1067 455 1121 δι’
498 1069 622 1140 ἐμέ.
682 1069 912 1124 Μέλλων
968 1071 1260 1143 οὐρανόθεν
1298 1075 1660 1146 καταφοιτᾷν,
1714 1075 1791 1141 ὡς
1829 1072 1978 1140 οῖδας

387 1157 575 1225 αὐτὸς,
614 1158 715 1232 τήν
752 1160 893 1233 ἐμὴν
923 1162 1006 1227 εἰς·
1043 1162 1134 1217 τὸν
1173 1161 1379 1234 κόσμον
1412 1164 1677 1236 ἀνέμενες
1722 1166 1973 1237 πρόοδον,

391 1250 467 1319 μὴ
509 1248 651 1321 ἔχων
687 1250 881 1317 σκεῦος
928 1252 1196 1324 ὑποδοχῆς
1224 1252 1480 1325 θεότητος
1516 1255 1686 1323 ἄξιον.
1743 1258 1830 1310 Σοὶ
1877 1257 1978 1325 μό-

390 1360 465 1413 νῳ
491 1346 945 1415 κατεγγυήσαντό
977 1364 1043 1419 με
1070 1346 1166 1400 καὶ
1208 1348 1314 1419 πρὸ
1346 1349 1662 1419 συλλήψεως
1709 1351 1761 1403 οῑ
1788 1352 1979 1422 γεννή·

388 1453 567 1507 τορες.
617 1437 710 1503 Εἰς
756 1437 871 1508 φῶς
921 1440 1156 1514 ἐξήχθην
1194 1440 1353 1496 τοῦτο
1403 1442 1498 1497 τοῦ
1532 1443 1669 1514 βίου,
1702 1446 1796 1498 καὶ
1846 1445 1978 1517 βρα-

389 1529 600 1601 χύτατα
630 1533 742 1598 τοῖς
773 1532 989 1603 γονεῦσι
1014 1534 1343 1606 παρέμεινα.
1413 1535 1578 1607 Ὀμοῦ
1612 1537 1721 1610 γὰρ
1754 1543 2001 1608 μαστοῖςκ

390 1625 756 1698 ἁπεταξάμην
789 1627 885 1682 καὶ
912 1627 1167 1697 γάλακτι,
1227 1631 1321 1682 καὶ
1370 1630 1832 1704 συναπεταξάμην
1887 1633 1981 1687 καὶ

390 1721 504 1782 τοῖς
544 1721 889 1791 γεννήτορσι,
951 1722 1044 1774 καὶ
1097 1720 1191 1793 ὅλη
1260 1721 1367 1793 ὅλῳ
1407 1724 1819 1796 προσαπεδόοην
1872 1741 1975 1793 σοι,

392 1811 487 1863 καὶ
501 1810 616 1881 ναῷ
631 1810 912 1884 ἀνετέθην,
944 1813 1071 1876 ναὸς
1103 1816 1444 1889 γενησομένη
1466 1831 1547 1869 σοι
1566 1816 1973 1889 καθαρώτατος

405 1900 465 1956 '0
499 1906 682 1976 πατήρ
724 1922 827 1976 μου
868 1907 963 1959 καὶ
989 1908 1021 1977 ἡ
1049 1906 1234 1979 μήτηρ
1274 1925 1376 1980 μου
1404 1908 1760 1978 έγκατέλιπόν
1790 1927 1878 1981 με,
1913 1912 1977 1965 σὺ

395 1992 451 2047 δέ
492 2011 559 2063 με
596 1995 965 2066 προσελάδου,
994 1998 1086 2051 καὶ
1107 1998 1175 2052 δι’
1206 1999 1436 2069 ἀγγέλου
1483 2000 1798 2072 ὲξέτρεψας,
1831 2004 1924 2056 καὶ
1952 2004 1981 2057 ὂ

397 2088 562 2157 φησὶν
582 2090 608 2140 6
632 2088 816 2142 Δαυῖδσ
850 2090 1066 2160 Ἀρτον
1091 2091 1365 2163 ἀγγέλων
1389 2093 1614 2165 ἔφαγεν
1644 2093 1977 2164 ἄνθρωπος.

400 2181 667 2249 Ἄγγελον
696 2178 835 2237 εἶδον
865 2187 1277 2255 πρωτοστάτην,
1309 2185 1385 2249 ὡς
1422 2186 1684 2259 Δεσποίνῃ
1716 2204 1984 2260 προσομι-

398 2271 593 2327 λοῦντά
627 2290 738 2345 μοι’
770 2275 829 2328 ὃν
858 2277 1134 2348 Ζαχαρίας
1162 2279 1290 2348 πρὶν
1314 2278 1437 2333 ἰδὼν
1469 2281 1839 2351 ἐκωφεύσατο.
1887 2282 1984 2337 καὶ

398 2364 776 2437 γλωττοπέδην
814 2366 1127 2436 ὑπέμεινεν.
1183 2368 1293 2423 Καὶ
1319 2368 1690 2440 ἠγαλλιάσατο
1724 2373 1820 2425 καὶ
1855 2371 1983 2445 βρέ-

400 2472 499 2522 φος
534 2454 683 2510 ἔνδον
716 2459 973 2529 γαστρὸς.
1007 2461 1101 2514 καὶ
1153 2460 1240 2514 τὸν
1274 2462 1563 2534 ἀσπασμὸν
1601 2463 1875 2534 ἠμείψατο
1908 2464 1986 2536 τῷ

401 2548 757 2617 σκιρτήματι,
801 2550 858 2602 σὲ
898 2554 1242 2623 προσκυνοῦν
1270 2552 1360 2607 τὸν
1385 2555 1445 2606 έν
1475 2556 1674 2627 γαστρί
1712 2573 1814 2627 μου
1858 2574 1986 2611 κυο-

401 2640 760 2711 φορούμενον.
821 2642 1041 2713 Νόμους
1099 2646 1157 2698 ὲν
1208 2647 1330 2717 ἐμοὶ
1383 2647 1688 2712 κατέλυσας
1746 2647 1985 2717 φύσεως.

414 2732 699 2803 Ἀσπόρως
732 2735 1095 2809 συνελήφθης,
1127 2739 1202 2804 ὡς
1232 2735 1403 2806 οἶδας,
1428 2743 1523 2794 καὶ
1551 2742 1690 2812 μετά
1720 2744 1877 2799 τόκον
1918 2761 1986 2815 με

404 2830 679 2900 παρθένον
706 2834 1005 2906 ἐτήρησας.
1038 2834 1301 2899 Τέθεικάς
1338 2852 1405 2907 με
1445 2837 1656 2910 μητέρα
1688 2818 1783 2892 ἐπὶ
1813 2839 1989 2911 τέκνῳ

403 2923 866 2995 εύφραινομένην,
928 2925 1071 2979 κατὰ
1109 2926 1201 2980 τὸν
1246 2926 1442 2999 δι’ὲμὲ
1507 2928 1833 3001 θεοπάτορα,
1898 2931 1991 2985 καὶ

407 3016 602 3071 πασῶν
662 3018 1068 3092 ὑπερκειμένην
1139 3021 1476 3094 θυγατέρων,
1551 3022 1618 3088 ἃς
1668 3027 1699 3080 ό
1739 3023 1992 3097 Σολομὼν

944 374 949 379 ,
1603 306 1665 375 S.
1706 311 1972 376 MARI/E
2013 309 2429 373 PLANCTUS.

384 415 594 473 υύκέτι
626 415 868 490 στάμνος
897 418 1234 492 μανναδόχος
1280 420 1423 491 ιγὼ·
1486 422 1549 478 τὸ
1585 424 1759 496 μάννα
1791 424 1899 495 γὰρ
1924 423 1987 478 τὸ

2097 422 2216 478 bres
2236 422 2334 477 tibi
2357 420 2771 478 decantavero?
2793 420 2933 490 ,Non
2965 420 3206 493 amplius
3249 436 3388 481 urna
3424 437 3547 483 sum
3571 437 3673 492 ego

3559 312 3679 379 Ju‘

2076 529 2293 570 manna:
2320 514 2725 586 receptaculum
2747 529 2981 571 :manna
3003 514 3271 587 siquidem
3305 514 3517 569 animas
3531 528 3675 569 enu-a

2079 607 2253 663 triens
2287 607 2437 664 circa
2474 609 2832 679 sepulchrum
2860 608 3096 667 ellusum
3129 618 3234 665 est.
3272 608 3395 664 Non
3436 608 3675 681 amplius

2079 698 2253 756 rubus
2274 699 2687 768 incombustus;
2746 708 2857 756 tota
2893 701 3168 773 siquidem
3213 699 3567 756 intellectuali
3594 698 3671 753 tui

2077 791 2422 847 monumenti
2467 791 2593 863 igne
2630 799 2825 849 exusta
2843 807 2987 849 sum.
3020 791 3137 849 Non
3157 791 3392 865 amplius
3412 790 3672 848 candela-

2078 884 2238 939 brum
2269 898 2499 940 aureum
2528 901 2544 953 ;
2568 883 2756 940 lumen
2790 884 3061 955 siquidem
3089 886 3192 941 sub
3217 885 3401 940 modio
3432 884 3671 955 positum

2080 974 2587 1049 estuUtmagniﬁca
2622 978 2864 1034 ostendit
2886 979 3044 1044 mihi,
3072 979 3164 1050 qui
3211 987 3412 1050 potens
3444 981 3565 1035 est!
3595 976 3673 1031 Ex

2080 1069 2339 1125 omnibus
2366 1070 2686 1127 nationibus
2706 1071 2949 1143 ﬁelegisti
3000 1088 3109 1128 me.
3135 1072 3534 1142 Prophetarum
3565 1071 3673 1125 lin-

2080 1177 2214 1236 guas
2244 1164 2351 1220 mei
2372 1178 2537 1220 causa
2558 1164 2791 1221 disertas
2813 1164 3066 1221 ell'ecisti.
3087 1165 3165 1220 De
3192 1165 3332 1221 coelo
3358 1178 3676 1236 progressu-

2080 1272 2197 1322 rus,
2229 1266 2290 1312 ut
2311 1257 2454 1313 bene
2484 1257 2603 1327 ipse
2627 1259 2797 1325 nosti,
2831 1272 3014 1313 meum
3048 1260 3103 1313 in
3130 1257 3399 1313 mundum
3417 1271 3673 1328 progres-

2082 1368 2203 1408 sum
2235 1353 2589 1422 exspectasti,
2622 1367 2747 1407 eum
2776 1367 2888 1408 non
2924 1352 3156 1408 haberes
3184 1368 3299 1417 vas,
3353 1353 3496 1421 quod
3528 1360 3673 1406 esset

2082 1442 2329 1514 dignum,
2348 1452 2406 1497 et
2427 1457 2599 1514 capax
2627 1442 2954 1499 divinitatis.
2990 1442 3110 1500 Tibi
3141 1442 3264 1510 soli,
3290 1450 3348 1497 et
3375 1451 3670 1510 antequam

2084 1536 2200 1606 ipsa
2223 1536 2567 1607 conciperer,
2598 1545 2857 1607 parentes
2896 1536 3003 1592 mei
3033 1549 3122 1592 me
3144 1534 3578 1605 desponderunt.
3612 1533 3677 1589 In

2083 1635 2267 1690 lumen
2296 1635 2403 1690 hoc
2438 1634 2561 1688 vita:
2612 1631 2806 1688 educta
2830 1645 2972 1697 sum,
3003 1627 3400 1684 etbrcvissimo
3430 1635 3674 1696 tempore

2083 1743 2206 1782 cum
2239 1727 2560 1798 parentibus
2590 1734 2946 1789 commorata,
2972 1732 3084 1778 tota
3106 1730 3220 1777 toto
3246 1720 3348 1795 tibi
3375 1719 3596 1784 reddor,
3619 1728 3676 1773 et

2085 1821 2138 1875 in
2173 1818 2374 1889 templo
2405 1819 2625 1881 οισι-οε,
2660 1816 2923 1888 templum
2959 1814 3055 1870 tibi
3078 1813 3260 1869 futura
3296 1812 3668 1883 purissimum.

2082 1912 2244 1967 Pater
2301 1926 2457 1967 meus
2519 1919 2576 1965 et
2647 1918 2824 1965 mater
2887 1922 3010 1964 mea
3070 1906 3487 1977 dereliquerunt
3549 1920 3672 1967 me.

2086 2016 2143 2062 tu
2184 2020 2315 2061 vero
2334 2020 2421 2060 me
2455 2002 2825 2074 assumpsisti,
2862 2010 2919 2058 et
2947 2000 3144 2072 pavisti
3170 2016 3268 2071 per
3298 1998 3573 2071 angelum.
3610 1995 3676 2055 Et

2084 2099 2228 2168 quod
2254 2096 2538 2165 aitDavid,
2568 2097 2768 2152 Panem
2798 2096 3108 2167 angelorum
3130 2094 3472 2148 manducavit
3494 2091 3670 2146 homo.

2085 2191 2349 2263 Angelum
2390 2191 2499 2247 vidi
2552 2190 2897 2261 principem,
2943 2203 3158 2243 meeum
3219 2186 3388 2242 veluti
3445 2185 3677 2241 Domina

2086 2282 2619 2347 communicantem;
2677 2295 2839 2351 quem
2896 2276 3395 2350 priusZaceharias
3443 2276 3677 2332 intuitus

2087 2377 2336 2433 auditum
2371 2377 2578 2441 amisit,
2609 2385 2663 2431 ct
2680 2376 2881 2447 lingua:
2902 2374 3139 2446 ligamen
3173 2372 3452 2428 sustinuit.
3489 2368 3553 2425 Et
3578 2385 3677 2424 ex-

2088 2470 2313 2527 sultavit
2345 2469 2528 2525 infans
2558 2469 2611 2524 in
2632 2479 2806 2535 utero,
2833 2476 2888 2525 et
2919 2466 3061 2522 saltu
3095 2464 3411 2521 salutationi
3442 2476 3679 2533 respon-
3734 2516 3755 2531 κ

2089 2563 2187 2624 dit.
2216 2570 2267 2617 te
2296 2562 2551 2628 adorans,
2587 2561 2678 2631 qui
2704 2561 2756 2614 in
2780 2569 2938 2615 utero
2977 2573 3101 2614 meo
3123 2553 3680 2628 gestabaris.Naturui

2091 2654 2145 2709 in
2172 2667 2255 2707 me
2290 2655 2435 2724 leges
2487 2651 2804 2709 dissolvisti.
2843 2650 2973 2704 Sine
3018 2648 3228 2724 semine
3258 2653 3579 2717 conceptus,
3619 2652 3683 2700 ut

2091 2746 2218 2809 scis,
2273 2755 2328 2799 et
2374 2753 2498 2815 post
2553 2752 2769 2813 partum
2822 2755 2908 2796 me
2966 2720 3237 2810 virginem
3303 2735 3676 2802 conservasti;

2092 2838 2317 2895 effecisti
2344 2853 2428 2893 me
2446 2846 2670 2895 matrem
2694 2833 2909 2891 deFilio
2949 2834 3243 2897 Iaztantem,
3278 2829 3445 2901 utqui
3461 2835 3681 2898 propter

2096 2947 2182 2989 me
2228 2931 2324 2987 Dei
2363 2944 2562 3001 parens
2595 2928 2787 2994 audiit,
2831 2925 3184 2998 pronuntiat,
3223 2932 3278 2978 et
3317 2922 3573 2978 omnibus
3618 2919 3682 2973 ll-

2095 3024 2275 3080 liahus
2301 3023 2661 3093 superiorem,
2690 3034 2826 3091 quas
2859 3017 3117 3072 Salomon
3138 3012 3677 3087 praesigniﬁcarerat.

406 3111 759 3183 προηνίξατο.
821 3113 1102 3180 Βασιλεῖς,
1159 3116 1253 3169 καὶ
1286 3117 1638 3189 πτωχευούσῃ
1664 3134 1775 3188 μοι,
1813 3117 1990 3172 δουλοο

2098 3117 2273 3188 Reges
2302 3114 2611 3180 mihi,lieet
2638 3129 2726 3169 res
2771 3119 2955 3168 essent
3001 3108 3364 3180 pauperculae,
3422 3104 3678 3160 servilem”

407 3198 601 3276 πρεπῆ
638 3205 911 3278 παρέσχον
943 3207 1338 3278 προσκύνησιν.
1381 3208 1641 3285 Οὖρανῶν
1682 3227 1750 3277 με
1782 3211 1992 3265 πλατυ-

409 3299 575 3366 τέραν
603 3297 902 3366 ἀνέδειξας,
941 3298 1000 3366 ἐξ
1028 3294 1095 3373 ἧς
1122 3303 1149 3355 ό
1177 3296 1475 3373 τῆςδόξης
1510 3301 1751 3374 ἔλαμψεν
1784 3303 1991 3366 Ἥλιος.

415 3391 524 3445 Καὶ
558 3392 645 3446 ἵνα
704 3393 771 3446 τὰ
814 3393 979 3448 λοιπὰ
1045 3393 1154 3448 τῶν
1204 3396 1332 3465 περὶ
1390 3394 1491 3466 ἐμὲ
1541 3397 1844 3467 τεραστίων
1890 3414 1997 3451 πα-

416 3483 820 3557 ριδραμοῦμαι,
894 3486 1240 3561 μακαριστην
1303 3489 1362 3542 ἐν
1426 3490 1630 3553 πάσαις
1664 3494 1876 3558 γενεαῖς
1930 3508 1996 3561 με

413 3577 743 3649 πεποίηκας,
784 3578 878 3633 καὶ
927 3579 993 3634 δι’
1031 3579 1167 3651 ἐμοῦ
1200 3579 1291 3634 τὸν
1320 3581 1433 3636 ἄνω
1471 3582 1675 3653 κόσμον
1709 3580 1999 3655 πληρωοῆέ

414 3686 504 3721 ναι
532 3668 962 3740 διῳκονόμησας.
996 3668 1109 3725 Νῦν
1157 3671 1257 3725 ούκ
1287 3668 1382 3725 οἷδ’
1422 3672 1571 3737 ὅπως
1600 3674 1771 3728 ταῦτα
1802 3675 2000 3745 συγκέ-

418 3777 595 3832 χυται’
646 3761 743 3816 καὶ
791 3761 1023 3834 ἀψινθίῳ
1071 3781 1164 3836 μοι
1197 3763 1257 3818 τὸ
1295 3764 1418 3834 μέλι
1477 3766 1840 3838 συμφύρεται.
1890 3766 2000 3822 Καὶ

424 3855 533 3926 rip
562 3857 989 3926 συννεκροῦσθαι
1014 3858 1327 3931 προάγομαι
1346 3858 1464 3924 νῦν,
1484 3860 1579 3913 καὶ
1597 3859 1998 3933 συνθάπτομαι,

419 3949 512 4001 καὶ
536 3947 728 4021 μέχρις
746 3949 873 4023 ᾅδου
901 3951 1359 4022 συγκαταϐαίνειν
1386 3969 1488 4006 σοι.
1523 3951 1773 4023 Νεφέλην
1798 3972 1863 4025 με
1891 3972 2004 4024 φω-

418 4044 508 4106 τὸς
537 4045 566 4097 ό
605 4042 931 4115 προὸλέπων
957 4043 1262 4113 ὠνόμασεν,
1294 4045 1412 4099 ἀντὶ
1440 4044 1701 4116 νεφελῶν,
1725 4044 1800 4111 ὡς
1829 4045 1998 4115 ἔοικε,

416 4134 485 4188 τὰ
500 4136 713 4207 δάκρυα
746 4137 1066 4201 στάζουσαν.
1083 4139 1313 4210 Μήποτε
1331 4138 1439 4209 ἄρα
1458 4138 1587 4209 περὶ
1605 4137 1710 4208 μοῦ
1730 4139 1822 4192 καὶ
1842 4139 2002 4194 τοῦτο

422 4230 765 4303 προείρηται,
802 4229 1449 4300 Ἐγκαταλειφθήσεται
1480 4232 1517 4299 ἠ
1558 4230 1821 4302 θυγάτηρ
1848 4230 2002 4288 Σιὼν

416 4320 499 4389 ὠς
514 4320 718 4391 σκηνὴ
739 4322 809 4375 ὲν
824 4322 1161 4392 ἀμπελῶνις
1176 4324 1310 4379 ’1δοὺ
1325 4325 1434 4396 γὰρ
1457 4324 2002 4397 ἀποτετρυγημένος-

420 4432 512 4487 μοι
544 4414 829 4485 πρόκειται
857 4413 886 4466 6
926 4412 1121 4486 βότρυς
1149 4415 1247 4486 τῆς
1284 4412 1428 4485 ζωῆς
1456 4415 1483 4469 ό
1512 4415 1811 4487 ἀκήρατος,
1865 4418 1893 4471 ό
1942 4416 2003 4471 τὸ

2097 3208 2474 3265 adorationem
2518 3206 2906 3260 exhibuerunt.
2957 3200 3124 3258 leis
3162 3199 3294 3271 ipsis
3341 3213 3429 3252 me
3450 3196 3682 3267 amplio-

2101 3316 2214 3360 rem
2241 3300 2553 3362 ostendisti.
2572 3314 2635 3354 ex
2666 3313 2772 3369 qua
2802 3296 2983 3370 gloria:
3002 3296 3082 3350 sol
3110 3291 3483 3364 resplenduit;
3516 3299 3573 3344 et
3622 3297 3679 3343 ut

2100 3393 2328 3463 reliqua,
2387 3407 2508 3462 qua:
2556 3390 2698 3445 circa
2749 3404 2835 3443 me
2875 3384 3210 3441 admirabilia
3280 3390 3490 3452 patrata
3530 3390 3679 3443 sunt,-

2101 3489 2320 3545 silentio
2350 3497 2691 3557 prmteream,
2729 3497 2827 3554 per
2854 3497 2942 3537 me
2966 3482 3180 3536 beatam
3210 3480 3263 3533 in
3300 3479 3558 3535 omnibus
3587 3493 3683 3549 ge-

2099 3576 2477 3635 nerationibus
2507 3578 2771 3651 mundum
2804 3574 3140 3645 superiorem
3169 3572 3430 3642 compleri
3479 3571 3685 3627 conati-

2105 3672 2275 3726 tuisti.
2304 3670 2462 3725 Nunc
2496 3681 2643 3735 vero,
2670 3666 2860 3721 nescio
2898 3680 3004 3736 qua
3041 3665 3252 3719 ratione
3284 3663 3402 3717 lucc
3454 3660 3685 3718 confusa

2102 3774 2231 3821 sunt
2264 3766 2468 3829 omnia,
2504 3774 2559 3819 et
2581 3765 2685 3818 mel
2704 3762 2837 3821 mihi
2861 3777 2927 3818 ex
2962 3760 3238 3817 absinthio
3272 3759 3682 3814 commiscetur.

2101 3859 2343 3929 Namque
2361 3872 2508 3913 nunc
2530 3872 2635 3912 una
2669 3866 2845 3912 tecum
2873 3852 3134 3909 commori
3163 3867 3347 3927 cogor,
3377 3864 3485 3905 uno
3507 3856 3685 3905 tecum

2104 3952 2356 4022 sepulcro
2398 3950 2629 4022 contegi,
2665 3948 2936 4017 simulque
2989 3962 3095 4002 una
3126 3956 3306 4003 tecum
3357 3944 3425 4000 ad
3480 3944 3687 3998 inTeros

2104 4042 2379 4117 progredi.
2417 4042 2683 4097 Nebulam
2730 4057 2816 4097 me
2848 4043 2987 4096 lueis
3020 4039 3326 4109 praevidens
3360 4036 3449 4093 ille
3479 4050 3691 4114 nuncu-

2105 4139 2272 4207 pavit,
2311 4152 2409 4208 pro
2430 4135 2663 4202 nebulis,
2684 4146 2743 4190 ut
2773 4134 3013 4198 videtur,
3042 4133 3310 4205 lacry'mas
3341 4130 3683 4208 fundentem.

2104 4233 2301 4289 Annon
2355 4232 2421 4287 de
2452 4246 2537 4286 me
2567 4231 2734 4286 etiam
2763 4228 2895 4284 illud
2942 4227 3358 4300 pronuntiatum
3384 4234 3486 4281 est.
3520 4203 3684 4278 Dere-

2106 4327 2372 4397 linquetur
2415 4322 2530 4391 ﬁlia
2573 4320 2701 4378 Sion
2752 4320 2913 4375 veluti
2957 4320 3360 4373 tabernaculum
3405 4318 3457 4370 in
3500 4317 3688 4370 vinea?

2106 4416 2246 4471 Ecce
2285 4415 2433 4471 enim
2480 4428 2702 4484 prorsus
2739 4410 3106 4466 vindemiatus
3151 4417 3236 4464 est
3275 4408 3399 4463 vitae
3441 4422 3690 4462 racemus

420 4508 701 4580 ζωηφόρον
735 4501 873 4579 αἷμα
913 4506 1159 4571 κενώσας
1187 4507 1265 4580 ὡς
1298 4502 1461 4573 οἶνον,
1512 4509 1723 4562 πιστῶν
1776 4506 1999 4581 καρδίας

2109 4508 2481 4579 incorruptus,
2503 4505 2595 4577 qui
2619 4504 2895 4560 vivificum
2922 4502 3267 4573 sanguinem,
3302 4499 3469 4555 veluti
3503 4498 3689 4555 vinum

419 4597 802 4673 εὐφραίνοντα.
833 4595 1025 4659 Βαόαὶ,
1058 4595 1175 4660 πῶς
1204 4598 1232 4650 6
1260 4595 1609 4669 κατάψυχρος
1638 4590 1792 4662 οὗτος
1832 4597 2002 4661 λίθος,

421 4691 496 4754 ὡς
552 4688 759 4762 σιδήρῳ
783 4689 1161 4762 πληττόμενος
1220 4689 1299 4760 τῷ
1345 4690 1591 4763 κραταιῷ
1617 4708 1711 4744 σου
1760 4691 2005 4764 βραχίονι

423 4780 728 4854 σπινθῆρας
775 4781 1080 4851 ἐπιπέμπει
1125 4783 1350 4854 νοητοὺς
1389 4784 1455 4855 τῇ
1497 4782 1695 4856 καρδίᾳ
1747 4785 1884 4855 μουί
1941 4784 2006 4837 Τί

416 4875 502 4953 ,μὴ
534 4876 630 4931 καὶ
665 4874 1033 4947 διαρῤήγνυμι
1090 4874 1150 4928 τὸ
1193 4874 1435 4946 στέρνον,
1468 4875 1565 4930 καὶ
1597 4875 1904 4948 μυστικὼτε
1917 4893 2007 4947 ρον

421 4971 592 5039 τίφον
624 4968 1010 5036 ἀντιλαξεύσω,
1043 4968 1117 5033 ὡς
1146 4969 1203 5024 έν
1233 4967 1564 5038 σπλάγχνοις
1597 4987 1699 5041 μου
1729 4971 1821 5024 καὶ
1847 4970 2008 5025 πάλιν

419 5063 771 5136 εἰσδέξωμαι,
801 5066 897 5119 καὶ
930 5064 1237 5137 ὲγκαρδίως
1262 5065 1510 5135 κηδεύσω
1539 5082 1596 5119 σε
1630 5083 1646 5131 ;
1682 5067 1866 5130 Λεπὰς
1896 5066 2008 5135 ἐγὼ

427 5158 667 5227 μυστικὴ
716 5159 815 5231 τῆς
849 5158 1059 5230 πέτρας
1118 5159 1220 5213 οὐκ
1271 5159 1754 5231 ἀκρορηγνυμένη,
1789 5160 1885 5229 τῆς
1918 5161 2009 5212 τὸν

427 5248 775 5321 μαργαρίτην
822 5248 1097 5320 φερούσης
1153 5265 1279 5317 μου,
1343 5246 1433 5301 τὸν
1457 5246 1518 5313 ἐξ
1570 5246 1856 5317 ἀστραπῆς
1911 5249 2010 5318 τῆς

423 5340 691 5411 θεαυγοῦς
720 5341 996 5412 ὲμφυέντα
1026 5358 1138 5411 μοι.

499 5437 569 5499 Ὢ
594 5430 683 5490 οἷα
711 5435 828 5491 ἀνθ’
855 5436 985 5490 οἴων
1010 5436 1120 5506 ὁρῶ
1151 5437 1164 5490 ι
1211 5434 1412 5508 ’Δστὴρ
1441 5434 1763 5508 ήμεροφαὴς
1817 5433 1892 5507 τῷ
1927 5451 2012 5487 το⁸

424 5527 683 5599 κετῷσου
714 5527 868 5599 παρὰ
895 5528 997 5599 τῆς
1025 5528 1121 5599 σῆς
1149 5528 1552 5602 ὲκαινουργήθη
1571 5528 2011 5599 μεγαλειότητος,

426 5621 522 5677 καί
552 5638 614 5675 σε
646 5620 952 5693 λεληθότως
1013 5622 1278 5692 τεχθέντα
1340 5620 1569 5693 οὐρανὸς
1625 5620 2010 5690 ἀνεκήρυττεν,

428 5714 567 5771 ἀλλὰ
593 5716 834 5789 σήμερον
854 5717 946 5771 καὶ
971 5715 1133 5773 αὑτὸν
1153 5715 1243 5769 τὸν
1274 5714 1530 5786 αἰσθητὸν
1560 5713 1806 5786 ἔκρυψας
1838 5712 2010 5783 ἣλιον,

430 5810 524 5865 καὶ
556 5809 726 5866 νύκτα
761 5812 818 5865 ὲν
850 5812 1031 5882 ήμέρᾳ
1084 5810 1225 5882 μέσῃ
1277 5810 1650 5881 παρήνεγκας,
1714 5808 1837 5870 τοὺς
1886 5807 2014 5860 ἀσε-

2109 4600 2349 4656 ﬁdclium
2392 4599 2602 4654 animas
2624 4597 2993 4654 lzetiﬁcantem
3030 4593 3285 4649 ell'ndisti.
3315 4590 3496 4662 Papae,
3552 4606 3693 4661 quo.

2111 4695 2274 4753 modo
2309 4694 2694 4767 frigidissimus
2730 4693 2817 4747 hic
2844 4691 2985 4762 lapis
3032 4690 3195 4753 ferro,
3231 4687 3408 4743 valido
3440 4696 3531 4743 tuo
3577 4687 3696 4741 bra-

2109 4789 2236 4844 chio
2257 4801 2570 4859 percussus.
2591 4784 2854 4840 scintillas
2884 4782 3083 4837 anima:
3118 4794 3254 4835 mete
3291 4778 3691 4834 intellectuales

2110 4882 2330 4937 emittit.
2385 4880 2565 4947 Quare
2598 4894 2706 4933 non
2750 4885 2939 4948 pectus
2993 4888 3305 4947 perrumpe,
3339 4881 3395 4927 et
3434 4870 3688 4926 arcaniu-

2111 4990 2225 5029 rem
2253 4973 2346 5029 tibi
2376 4972 2710 5043 sepulturam
2758 4969 3007 5033 coneido,
3042 4976 3103 5023 ut
3139 4966 3193 5021 in
3220 4964 3520 5021 visceribus
3556 4962 3694 5018 meis

2114 5075 2166 5121 te
2217 5081 2405 5121 rursus
2434 5063 2728 5133 excipiam,
2761 5070 2817 5119 ct
2861 5061 2917 5116 in
2964 5060 3129 5116 corde
3174 5072 3299 5114 meo
3351 5056 3689 5128 sepulturam

2117 5156 2211 5211 tibi
2235 5155 2505 5212 condam?
2535 5153 2757 5209 Concha
2792 5168 2894 5225 ego
2918 5150 3145 5225 mystica
3181 5164 3324 5214 sum,
3358 5163 3478 5219 qnze
3500 5163 3530 5203 a
3559 5162 3692 5203 saxo

2115 5263 2224 5302 non
2258 5247 2598 5302 abscinditur
2628 5243 3002 5317 margaril’ero,
3047 5241 3141 5314 qui
3172 5255 3237 5296 ex
3267 5238 3533 5296 divinitus
3567 5238 3694 5293 illu-

2117 5342 2323 5398 ininato
2351 5341 2583 5413 fulgetra
2606 5339 2739 5395 mihi
2778 5338 3028 5395 adhaesit.

2184 5432 2316 5500 Qua:
2367 5448 2511 5488 llttllt’
2559 5448 2657 5500 pro
2700 5431 2897 5504 quibus
2943 5429 3190 5486 intueor!
3236 5427 3402 5484 Stella
3459 5426 3695 5483 interdiu

2114 5543 2427 5587 coruscans.
2454 5543 2576 5581 cum
2598 5525 2921 5590 nascercris,
2946 5539 2974 5577 a
3010 5532 3099 5579 tua
3135 5521 3532 5594 magnificentia
3556 5535 3698 5575 nova

2115 5618 2393 5692 designata
2410 5627 2586 5685 εει,οι
2616 5619 2755 5675 clam
2797 5627 2848 5672 te
2875 5624 3065 5671 natum
3102 5615 3300 5671 caelum
3328 5614 3699 5686 praedicabat;

2116 5712 2212 5766 sed
2253 5710 2414 5768 hodie
2468 5711 2645 5781 ipsum
2700 5725 2917 5783 quoque
2959 5708 3131 5764 solem
3170 5706 3427 5763 scnsilem
3464 5695 3702 5765 abscon-

2118 5803 2265 5873 disti,
2301 5812 2353 5858 et
2403 5812 2620 5861 nol-tem
2654 5802 2769 5873 ipso
2797 5798 3047 5868 meridie,
3086 5798 3424 5856 refellentem
3474 5786 3697 5863 impios,
