3868 6512
212 306 319 369 2ἶ5
1311 303 1684 368 SYMEONIS
1725 302 1769 362 M

1875 301 1924 361 Ἀ
1934 301 2297 363 ΡΗΒΑ51“.¹Β
3345 298 3459 367 216

214 420 484 476 invexisti.
511 419 703 477 Persas
732 420 805 476 ibi
857 435 1029 491 genua
1059 415 1339 474 ﬂectentes
1367 418 1518 474 stella
1561 415 1765 472 advoca

1899 410 2124 476 σοῦντας
2158 412 2484 483 ἐλέγχουσαν
2542 412 2756 479 Πέρσας
2813 413 2928 466 ἐκεῖ
2955 411 3384 481 γονυτατοῦντας
3438 417 3469 470 6

217 515 321 577 vit;
355 513 443 570 hic
490 522 650 569 notos
697 521 751 569 et
796 513 1004 568 amicos
1043 510 1379 568 dci‘cidarum
1418 518 1597 565 metus
1630 509 1769 579 longi

1890 504 2065 577 ἀστὴρ
2097 505 2493 575 μετεστείλατο.
2521 500 2621 559 ὧδε
2647 505 2737 558 καὶ
2766 505 3036 573 γνωττούς
3065 522 3125 559 τε
3156 504 3254 560 καὶ
3281 506 3469 575 φίλους

212 601 515 673 dissipavit.
560 603 637 658 lbi
663 617 951 658 munerum
1005 601 1260 658 adductio
1286 609 1345 655 et
1367 600 1611 656 adoratio
1640 616 1653 651 :
1699 596 1769 652 hit

1889 595 1916 646 ὁ
1944 593 2053 646 τῶν
2081 593 2377 648 θεοκτόνων
2423 594 2586 663 φόϐος
2620 594 3067 666 ἀπεμακρύνατο.
3111 596 3317 650 Ἐκεῖσε
3361 596 3468 652 ζὼ-

213 686 678 749 νρειίιιιοιιιοτιιω’
697 692 915 764 partitio
938 700 992 747 et
1023 691 1220 757 irrisio,
1260 700 1317 746 et
1349 689 1666 762 iniuriarum
1698 703 1769 743 col

1890 702 2001 757 ρων
2031 687 2365 757 προσαγωγὴ
2418 687 2512 739 καὶ
2542 686 2934 758 προσκύνησις,
2966 688 3197 743 ἐνταῦθα
3221 690 3465 759 χιτώνων

212 802 365 840 rona.
399 785 553 843 Nunc
581 785 775 851 Judaei,
809 795 869 842 ut
923 795 1083 841 antea
1129 786 1450 855 quaerebant
1502 783 1717 853 signum
1755 796 1769 835 ι

1891 776 2157 848 μερισμὸς
2189 778 2281 831 καὶ
2311 777 2635 848 χλευασμὸς,
2671 778 2766 833 καὶ
2800 780 3059 848 στέφανος
3083 779 3313 852 ὕϐρεων.
3349 782 3466 835 Νῦν

210 878 372 940 (τα-10,
423 878 743 933 intueantur
798 878 970 933 solem
1026 876 1469 940 obtenebratum,
1510 884 1566 931 et
1598 875 1784 929 lumen

208 970 545 1024 occulcntem
568 968 745 1038 dignis
768 969 1016 1041 caligine.
1048 967 1201 1024 Nunc
1220 975 1276 1022 et
1298 967 1652 1022 iuanimatum
1680 967 1785 1022 hoc

210 1060 470 1130 templum
495 1075 594 1131 pro
619 1060 933 1116 Judaaorum
958 1076 1108 1115 more
1138 1069 1188 1115 te
1206 1061 1468 1130 deplorat.
1505 1058 1782 1126 Quemad-

207 1151 428 1206 modum
480 1151 625 1205 euim
681 1149 877 1214 Judrei,
933 1166 1057 1205 cum
1100 1151 1223 1221 quis
1251 1150 1359 1204 Deo
1406 1149 1779 1212 maledicebat,

203 1241 523 1297 vestimenta
572 1257 669 1297 sua
716 1241 1054 1305 scindebant,
1096 1240 1169 1296 ita
1198 1250 1255 1296 et
1280 1241 1383 1296 hoc
1422 1240 1587 1295 veluti
1616 1241 1781 1296 vesti-

206 1345 449 1389 mentum
475 1335 654 1389 velum
678 1334 881 1389 scindit
908 1343 959 1390 te
988 1332 1330 1403 conSpiciens
1352 1348 1381 1386 a
1407 1331 1501 1386 Dei
1529 1332 1782 1387 hostibus

201 1424 467 1496 improbe,
501 1440 567 1480 ac
621 1425 845 1495 indigne
897 1431 1307 1496 pertractalum.
1350 1422 1665 1481 Couteritur
1726 1430 1781 1478 et

200 1531 342 1576 terra
374 1521 610 1576 motibus
627 1521 1099 1591 divexata,tuaque
1121 1520 1373 1592 passione
1389 1526 1736 1592 coangustata
1762 1537 1776 1585 ;

200 1613 294 1666 sed
333 1612 552 1668 ubinam
593 1623 744 1676 sunt,
795 1614 1035 1684 quinque
1082 1612 1249 1667 millia
1282 1611 1585 1675 hominum,
1639 1625 1778 1681 quos

201 1705 509 1759 mirandum
543 1705 599 1759 in
648 1706 869 1761 modum
917 1703 1270 1761 enutrivisti?
1307 1703 1464 1759 Solus
1521 1703 1772 1774 equidem
1806 1742 1851 1802 Β

195 1796 468 1866 losephus
531 1796 809 1864 audacter,
871 1797 1152 1866 libereque
1215 1796 1448 1852 Pilatum
1506 1796 1775 1851 allocutus

196 1900 396 1955 corpus
427 1896 581 1941 tuum
621 1887 1005 1957 expostulavit,
1053 1902 1122 1942 ne
1150 1886 1480 1957 insepultum
1509 1885 1776 1956 abjicere-

198 1984 305 2031 tur.
346 1975 449 2031 Ubi
506 1986 637 2032 sunt
698 1976 1037 2032 inﬁrmorum
1086 1984 1286 2041 cmtus,
1326 1991 1465 2048 quos
1500 1992 1567 2032 ex
1610 1977 1777 2033 variis

197 2065 399 2121 morbis
423 2067 650 2137 sanasti,
685 2065 771 2121 vel
796 2081 935 2136 quos
965 2067 1035 2122 ab
1090 2066 1284 2121 inferis
1308 2066 1540 2122 eduxisti
1565 2066 1588 2120 ?
1616 2064 1776 2122 Solus

194 2154 529 2213 Nicodemus
550 2159 740 2214 clavos
763 2174 794 2214 e
819 2159 1092 2225 manibus,
1141 2159 1484 2230 pedibusque
1541 2159 1650 2215 tuis
1676 2174 1776 2215 cx-

200 2249 391 2316 trahit,
427 2258 483 2304 et
511 2257 684 2305 totum
726 2259 779 2304 te
823 2266 854 2305 e
886 2250 1034 2321 ligno
1083 2250 1392 2320 depositum
1442 2250 1577 2305 meis
1625 2250 1776 2305 bisce

194 2339 357 2403 ulnis,
404 2354 631 2411 gemens
671 2339 787 2410 ipse
828 2340 1145 2396 acl'remens
1190 2341 1445 2412 apponit,
1493 2356 1615 2411 quae
1644 2350 1696 2397 te
1722 2351 1777 2397 et

122 2494 131 2503 κ
194 2441 378 2496 antea,
424 2448 547 2486 cum
602 2432 782 2489 infans
829 2449 1004 2499 esses,
1038 2449 1146 2489 non
1182 2434 1300 2489 sine
1347 2434 1621 2505 voluptate
1658 2450 1777 2505 ges-

193 2528 398 2575 tavere.
433 2519 623 2578 Manus
660 2522 927 2593 siquidem
965 2524 1048 2578 hae
1071 2538 1206 2579 mete
1235 2532 1292 2578 et
1313 2531 1439 2578 ante
1464 2522 1657 2577 infanti
1696 2523 1776 2578 fa-

189 2620 281 2669 cto
304 2612 831 2680 administrarunt,ct
858 2631 1005 2671 nunc
1021 2616 1168 2687 justa
1180 2631 1276 2687 per
1296 2616 1566 2672 solventes
1590 2616 1777 2671 adser-

176 2705 362 2765 tviunt.
385 2704 431 2760 0
451 2705 570 2761 dira
585 2705 808 2761 funera!
850 2706 1161 2763 Demortuis
1198 2708 1366 2761 vitam
1387 2707 1620 2771 donans,
1648 2717 1776 2762 ante

190 2810 340 2851 meos
355 2796 539 2853 oculos
552 2798 1253 2870 demortuusjaces.Etolim
1264 2799 1478 2870 quidem
1490 2801 1630 2856 circa
1648 2814 1776 2870 puc-

188 2888 316 2945 riles
341 2888 792 2951 fasciasstudium
805 2901 860 2948 et
875 2907 1097 2963 operam
1119 2892 1440 2964 impendi,et
1459 2908 1604 2947 nunc
1618 2891 1776 2946 iunco

190 2980 304 3036 bria
323 2981 415 3037 tibi
432 2997 700 3053 apparans
717 2986 1032 3041 conturbor.
1067 2984 1289 3055 Tepidis
1319 2985 1480 3041 undis
1500 2994 1552 3040 te
1569 2984 1701 3048 lavi,
1721 2972 1776 3038 οι

1887 869 2153 936 Ἰουδαῖοι,
2180 870 2257 932 ὡς
2286 871 2414 941 πρὶν
2448 872 2677 937 ἐζήτουν
2710 870 2770 937 ἐξ
2793 871 3027 942 ούρανοῦ
3065 876 3310 944 σημεῖον,
3343 873 3463 942 βλε-

1886 962 2140 1015 πέτωταν
2190 961 2342 1032 ἥλιον
2394 962 2795 1030 σκοτιζόμενον,
2848 963 2944 1017 καὶ
2990 962 3053 1017 τὸ
3107 964 3222 1031 φῶς
3241 965 3305 1017 ἐκ
3352 962 3463 1018 τῶν

1886 1052 2052 1119 ἀξίων
2087 1053 2312 1118 σκότους
2340 1054 2781 1125 συγκρύπτοντα.
2818 1055 2933 1111 Νῦν
2961 1056 3055 1110 καὶ
3084 1057 3113 1110 ὁ
3136 1057 3343 1127 ἄψυχος
3371 1048 3462 1111 οὗ-

1885 1161 1973 1209 τος
2004 1144 2129 1208 ναὸς
2158 1146 2299 1198 κατά
2339 1144 2438 1215 τὴν
2495 1146 2792 1211 Ἰουδαῖκὴν
2828 1146 3008 1200 πενθεῖ
3042 1164 3100 1202 σε
3154 1146 3459 1218 συνήθειαν.

1897 1236 1985 1300 Ὠς
2012 1236 2123 1304 γὰρ
2149 1235 2395 1291 Ἰουδαῖοι
2432 1236 2877 1309 βλασφημοῦντος
2907 1255 3051 1301 τινος
3075 1240 3153 1300 είς
3176 1238 3308 1292 Θεὸν
3339 1239 3464 1302 τοὺς

1882 1328 2090 1384 ἑαυτῶν
2121 1329 2354 1400 χιτῶνας
2376 1328 2666 1400 διέσχιζον.
2695 1328 2837 1383 οὕτω
2860 1330 2924 1399 δὴ
2949 1331 3042 1385 καὶ
3060 1326 3232 1395 οὗτος,
3267 1330 3342 1394 ὡς
3379 1348 3463 1402 χι-

1881 1419 2025 1475 τῶνα
2053 1421 2359 1492 περισχίζει
2389 1420 2448 1474 τὸ
2488 1422 2906 1494 καταπέτασμα,
2932 1423 3082 1495 παρὰ
3115 1424 3224 1476 τῶν
3262 1423 3463 1494 Θεομά-

1880 1528 1992 1583 χων
2024 1512 2452 1584 παροινούμενον
2483 1511 2697 1582 βλέπων
2733 1530 2814 1569 σε.
2848 1515 3201 1586 Συντρίόεται
3244 1517 3338 1569 καὶ
3384 1515 3459 1584 γῆ

1882 1605 2158 1675 σειομένη,
2192 1606 2565 1677 παθαινομένη
2597 1605 2676 1678 τῷ
2706 1606 2868 1661 πάθει
2893 1625 3012 1663 σου.
3055 1608 3215 1662 Ἀλλά
3241 1608 3344 1662 πού
3396 1608 3458 1662 τὸ

1881 1696 2084 1766 πλῆθος
2112 1698 2220 1751 τῶν
2250 1698 2706 1769 πεντακισχιλίων
2735 1698 2965 1770 ἀνδρῶν,
3000 1698 3092 1764 οὓς
3113 1700 3459 1771 Θαυματουρο

1878 1787 2055 1857 γήσας
2103 1786 2419 1861 ἐξέθρεψας,
2451 1790 2533 1843 ὅτι
2584 1793 2742 1861 μόνος
2773 1790 2973 1860 Ἰωσὴφ
3029 1791 3166 1861 πρὸς
3228 1791 3458 1846 Πιλάτον

1877 1878 2162 1951 τολμηρῶς
2191 1883 2655 1954 ἐπαρρησιάσατο.
2709 1884 2802 1937 καὶ
2858 1885 2915 1937 τὸ
2952 1884 3112 1953 σῶμά
3188 1901 3282 1937 σου
3314 1885 3449 1955 ᾐτή-

1881 1986 2031 2033 σατο,
2087 1971 2171 2036 ὡς
2220 1972 2287 2027 ἂν
2319 1975 2395 2045 μὴ
2443 1973 2695 2048 διαμείνῃ
2730 1975 2833 2028 καὶ
2888 1974 3116 2045 ἄταφον.
3203 1974 3312 2028 Ποῦ
3347 1972 3457 2027 τῶν

1879 2064 2119 2119 ἀσθενῶν
2152 2068 2207 2119 αἱ
2236 2070 2466 2138 χορεῖαι.
2526 2066 2619 2131 οὒς
2656 2069 2721 2121 ἐκ
2797 2067 3055 2123 ποικίλων
3087 2067 3268 2139 ἐρύσω
3296 2082 3456 2136 νοση-

1882 2157 2086 2228 μάτων.
2126 2157 2198 2210 Ἦ
2234 2156 2335 2209 πού
2374 2159 2467 2210 καὶ¹
2522 2156 2629 2210 ἀπὸ
2672 2156 2801 2228 ᾅδου
2828 2157 3140 2229 ἐξήγειρας.
3174 2158 3255 2211 ὅτι
3293 2156 3455 2228 μόνος

1880 2249 2188 2320 Νικόδημος
2217 2250 2342 2312 τοὺς
2370 2248 2535 2319 ἥλους
2586 2248 2694 2303 τῶν
2745 2249 2965 2320 χειρῶν,
3017 2250 3110 2304 καὶ
3138 2250 3247 2304 τῶν
3276 2250 3453 2304 ποδῶν

1881 2358 1972 2395 σου
2024 2340 2280 2410 διίστησι,
2323 2339 2419 2394 καὶ
2467 2339 2588 2394 ὅλον
2636 2342 2699 2394 ἐκ
2748 2340 2843 2396 τοῦ
2885 2339 3046 2407 ξύλου
3097 2359 3156 2395 σε
3206 2341 3452 2398 καθελὼν

1878 2436 2040 2503 ἐμαῖς
2105 2433 2372 2502 ἀγκάλαις
2422 2432 2712 2497 ἐπωδύνως
2765 2434 3094 2501 ἐντέθεικεν,
3128 2436 3189 2488 αἴ
3239 2451 3295 2488 τε
3356 2437 3453 2489 καὶ

1879 2529 2070 2597 πρώην
2132 2525 2263 2578 ὄντα
2316 2523 2514 2595 βρέφος
2547 2526 2908 2595 χαρμοσύνως
2964 2525 3291 2581 ἐϐάστασαν.
3339 2527 3454 2581 Καὶ

1880 2617 1989 2690 γάρ
2018 2620 2196 2688 χεῖρες
2218 2617 2372 2687 ἐμαὶ,
2396 2618 2489 2670 καὶ
2516 2618 2645 2687 πρὶν
2673 2616 3147 2689 βρεφουργηθέντα
3175 2618 3451 2689 ἐξυπηρί-

1878 2729 2073 2782 τῃσαν,
2111 2712 2206 2765 καὶ
2248 2710 2343 2765 νῦν
2376 2711 2725 2781 κηδευομένῳ
2747 2710 3110 2767 δουλεύουσιν.
3143 2711 3205 2764 ’Ὠ
3234 2709 3449 2783 πικρῶν

1878 2804 2182 2873 ἐνταφτωνί
2238 2805 2318 2858 ὅτι
2370 2806 2582 2874 νεκροῖς
2641 2801 2704 2856 τὸ
2751 2802 2852 2875 ζῇν
2885 2804 3270 2874 χαρισάμενος,
3339 2804 3448 2876 πρὸ

1879 2896 2168 2967 ὀφθαλμῶν
2210 2913 2311 2967 μου
2338 2897 2692 2968 νενὲκρωςαι.
2749 2897 2856 2950 Καὶ
2889 2896 3058 2952 πάλαι
3088 2913 3147 2950 σε
3193 2898 3337 2968 ἀμφὶ
3379 2892 3459 2952 τά

1881 2987 2117 3060 βρεφικα
2163 2988 2532 3058 διακονήσασα
2585 2989 2899 3060 σπάργανα,
2960 2988 3052 3045 καὶ
3098 2988 3328 3061 περὶτὰ
3364 3008 3446 3043 νε·

189 3071 698 3128 nunccalidioribus
720 3084 773 3129 te
801 3074 1056 3145 lacrymis
1087 3077 1282 3132 obruo.
1314 3075 1472 3132 Ulnis
1497 3074 1763 3131 maternis

1875 3082 2045 3153 κρικά
2097 3098 2189 3134 σου
2243 3080 2606 3151 τυρόἀζομαι.
2666 3080 2924 3152 Χλιαροῖς
2995 3084 3309 3152 ἐλουσάμην
3385 3100 3446 3136 σε

188 3164 687 3233 sustentabam,sed
712 3166 1194 3235 subsultantem,’et
1211 3183 1502 3238 puerorum
1519 3181 1669 3222 more
1681 3167 1771 3236 jo-

187 3267 425 3323 cantem,
438 3272 586 3312 nunc
599 3273 789 3314 rursus
802 3268 853 3315 te
868 3258 1057 3315 iisdem
1077 3261 1445 3324 sustineu,scd
1461 3260 1769 3316 exanimem

187 3359 242 3405 et
259 3360 593 3404 mortuorum
629 3365 781 3405 more
807 3333 1098 3420 iacentem.
1127 3351 1264 3407 Tum
1280 3352 1421 3407 labia
1441 3351 1573 3407 mihi
1592 3352 1736 3406 dulci
1755 3380 1770 3393 -

188 3439 310 3504 bus,
324 3454 388 3494 ac
402 3438 631 3494 roscidis
644 3439 1468 3497 tuislabiisirrorabantur.Tum
1492 3458 1591 3514 ego
1610 3444 1768 3501 beata

189 3534 296 3590 dici
322 3544 586 3605 poteram,
611 3536 757 3606 quod
791 3546 986 3608 prater
1027 3540 1490 3609 exspectationem
1542 3541 1767 3597 Creato-

188 3624 263 3679 ris
290 3624 401 3679 mei
456 3639 657 3697 parens
697 3627 972 3697 apparui:
1015 3639 1070 3683 et
1111 3643 1259 3685 nunc
1297 3644 1511 3693 rursus,
1575 3641 1633 3686 ut
1663 3631 1764 3687 sim

188 3714 384 3769 misera
429 3714 678 3786 contigit,
726 3716 871 3785 quod
904 3716 1008 3772 mei
1061 3717 1183 3772 Filii
1217 3718 1383 3776 funus
1424 3734 1647 3775 accuro.
1688 3720 1765 3775 lbi

185 3808 403 3864 dolores
433 3810 485 3864 in
516 3821 675 3881 partu
716 3810 879 3882 elIugi
905 3829 922 3878 ;
953 3813 1041 3867 hic
1082 3813 1319 3878 dolores,
1365 3816 1492 3871 dum
1531 3822 1581 3870 te
1607 3830 1765 3885 sepe-

186 3900 281 3965 lio,
312 3900 578 3957 sustineo.
596 3900 743 3957 More
766 3901 1052 3958 infantium
1079 3919 1455 3972 saepenumero
1470 3906 1522 3960 in
1548 3916 1766 3975 pectore

186 3990 596 4056 obdormivisti,
646 4005 704 4047 et
749 4008 896 4048 nunc
952 4003 1295 4049 mortuorum
1349 3996 1403 4049 in
1452 3997 1672 4051 modum
1709 3997 1762 4052 in

186 4084 380 4139 iisdem
396 4084 693 4140 obdormis.
730 4085 825 4141 Nm
849 4085 937 4141 ille
963 4086 1196 4157 Symeon
1217 4087 1409 4142 beatus
1438 4087 1562 4153 fuit,
1592 4090 1683 4155 qui
1711 4099 1764 4146 te

189 4181 243 4231 in
282 4177 482 4248 templo
512 4176 648 4232 meis
668 4192 700 4233 e
730 4178 982 4235 manibus
1027 4179 1258 4250 accepit.
1285 4179 1572 4251 Pmphetre
1595 4183 1764 4253 siqui-

186 4274 310 4325 dem
330 4279 384 4324 et
416 4270 560 4337 laeta,
599 4281 655 4326 et
701 4271 837 4326 mihi
890 4272 1120 4340 gloriosa
1150 4273 1427 4331 vaticinati
1466 4284 1617 4341 sunt,
1650 4277 1763 4345 ipse

190 4375 317 4415 vero
348 4360 500 4418 solus
532 4369 584 4416 et
616 4360 808 4425 tristia,
848 4372 905 4418 et
927 4364 1180 4420 mmroris
1214 4365 1373 4436 plena
1416 4356 1686 4438 praedixit:
1718 4370 1761 4427 0

186 4454 462 4522 quomodo
492 4454 668 4524 sputis
720 4453 908 4510 fcedari
936 4456 1263 4525 sustinuisti,
1308 4460 1408 4530 qui
1448 4471 1608 4530 sputo
1645 4471 1756 4529 tuo,

186 4545 373 4601 oculos
416 4544 484 4601 dc
538 4560 682 4601 novo
711 4546 1039 4603 eﬂ'ormastil
1082 4547 1364 4614 Quomodo
1412 4552 1597 4623 alapas
1629 4553 1763 4609 tole-

187 4638 339 4700 rasti,
372 4638 464 4709 qui
499 4637 712 4710 ﬂagello
755 4655 842 4696 res
881 4640 1095 4697 divinas
1138 4651 1509 4710 cauponantes
1542 4660 1763 4715 percus-

186 4731 326 4785 s'sti.
390 4729 674 4796 Quomodo
716 4732 1033 4800 probrosam
1066 4734 1304 4789 sustines
1363 4745 1616 4804 mortem,
1659 4737 1761 4793 Fili

186 4819 410 4876 sceleris
458 4821 695 4890 cxpcrs?
729 4821 1023 4883 Perlorataz
1070 4835 1198 4879 sunt
1251 4842 1443 4886 manus
1506 4838 1632 4893 tum,
1664 4845 1762 4902 pe-

187 4914 389 4983 desque
414 4954 431 4977 ,
467 4913 562 4967 sed
597 4914 779 4967 clavos
827 4913 940 4983 ipsa
973 4916 1026 4969 in
1060 4918 1294 4972 mediam
1322 4918 1555 4973 animam
1584 4936 1760 4976 meam

189 5005 469 5075 puncturis
499 5004 786 5065 ditissimis
814 5006 1043 5065 adactos
1080 5009 1373 5076 persenlio.
1406 5010 1571 5066 Latus
1609 5022 1759 5069 tuum

187 5094 499 5149 confossqu
529 5102 631 5159 est,
665 5094 760 5150 sed
779 5105 830 5149 et
852 5111 1031 5151 meum
1055 5112 1149 5151 cor
1164 5097 1359 5155 eodem
1386 5099 1502 5170 ipso
1521 5110 1762 5174 tempore

189 5185 625 5239 confudiebatur.
648 5184 936 5241 Doioribus
959 5201 1065 5241 una
1081 5195 1258 5242 tecum
1288 5184 1436 5244 cruci
1452 5190 1605 5246 alIixa
1617 5209 1759 5260 sum,

88 5318 91 5321 ς
188 5288 245 5334 et
292 5295 398 5334 una
454 5291 631 5334 tecum
674 5279 961 5335 tormentis
1021 5288 1378 5346 commortua,
1433 5299 1537 5338 una
1585 5294 1759 5343 tecum

189 5372 444 5443 sepelior.
471 5372 610 5440 Quid
644 5371 852 5425 mihiet
879 5372 998 5427 vitm
1043 5388 1198 5436 meae,
1222 5374 1351 5429 dum
1387 5384 1441 5431 tu
1476 5377 1633 5452 longe
1673 5396 1754 5446 es,

187 5482 220 5519 ο
253 5466 478 5520 Creator
508 5477 680 5527 meus,
711 5471 768 5517 et
797 5460 895 5517 Fili
926 5462 1402 5521 desideratissime.
1467 5473 1471 5476 ’

1874 3173 2145 3243 νάμασιν,
2203 3173 2297 3226 καὶ
2349 3170 2695 3243 θερμοτέροις
2728 3174 2855 3244 ἄρτι
2909 3172 3191 3227 καταντλώ
3223 3190 3283 3227 σε
3334 3177 3448 3238 τοῖς

1873 3264 2157 3335 δάκρυσιν.
2235 3261 2476 3326 Ὠλέναις
2525 3265 2823 3335 μητρικαίς
2875 3263 3257 3332 ἐνεκούφιζον,
3310 3264 3446 3317 ἀλλὰ

1877 3354 2182 3424 σκιρτῶντα
2249 3354 2341 3408 καὶ
2382 3355 2522 3409 κατά
2566 3355 2797 3426 νηπίους
2825 3355 3136 3426 ἁλλόμενον.
3188 3356 3449 3410 Ἀνακουο

1871 3445 2013 3516 φὶζω
2042 3463 2100 3499 σε
2149 3447 2240 3499 καὶ
2269 3444 2363 3500 νῦν
2395 3448 2515 3510 ταῖς
2544 3447 2756 3511 αὐταῖς,
2781 3446 2898 3501 ἀλλ’
2922 3447 3145 3513 ἄπνουν,
3178 3449 3270 3501 καὶ¹
3302 3450 3442 3501 κατὶι

1869 3537 2096 3609 νεκροὺς
2122 3538 2499 3611 ἀνακείμενον.
2534 3538 2862 3592 Ἐνέσαπτόν
2904 3556 3006 3610 μου
3040 3539 3163 3592 τότε
3194 3540 3262 3592 τὰ
3283 3539 3444 3612 χείλη

1868 3631 1981 3692 τοῖς
2044 3630 2317 3700 μελιχροῐς
2380 3646 2474 3683 σου
2541 3630 2637 3682 καὶ
2714 3628 3009 3701 δροσὼδεσί
3065 3646 3161 3684 σου
3217 3626 3442 3701 χείλεσι.

1868 3718 2285 3790 Μακαρίζεσθαί
2341 3736 2410 3788 με
2440 3719 2742 3790 τηνικαῦτα
2768 3723 2968 3792 παρῆν,
3007 3721 3090 3774 ὅτι
3126 3721 3445 3793 παραδόξως

1865 3811 2088 3882 ὼράθην
2122 3811 2215 3865 τοῦ
2268 3811 2645 3882 πλαστουργοῦ
2703 3829 2805 3882 μου
2862 3812 3169 3884 λοχεύτρια.
3219 3814 3333 3866 Νῦν
3384 3814 3444 3867 δέ

1870 3902 2032 3957 πάλιν
2069 3903 2324 3969 νύξεσθαί
2360 3921 2427 3975 με
2489 3905 2901 3973 ἀντεπεγένετο,
2959 3906 3041 3959 ὅτι
3098 3905 3442 3976 παρευρέθην

1866 3994 1960 4048 τοῦ
1990 3993 2122 4049 Υἱοῦ
2156 4012 2255 4067 μου
2290 3994 2609 4065 κηδεύτρια.
2637 3996 2785 4049 Ἐκεῖ
2815 3995 3011 4059 ὠδῖνας
3049 3997 3107 4050 ἐν
3132 3996 3208 4067 τῷ
3238 3996 3443 4050 τίκτειν

1866 4084 2126 4153 ἐξέφυγον
2157 4102 2172 4117 ·
2207 4083 2359 4138 ἔνθεν
2404 4085 2595 4150 ὀδύνας
2625 4087 2682 4139 ἐν
2718 4086 2794 4156 τῷ
2835 4085 3060 4139 θάπτειν
3106 4086 3438 4157 εἰσδέχομαι.

1867 4174 2271 4248 Βρειροπρεπῶς
2322 4195 2412 4248 μοι
2462 4176 2721 4239 πολλάκις
2769 4181 2827 4231 ἐν
2879 4180 2991 4240 τοῖς
3046 4178 3288 4249 στέρνοις
3339 4179 3443 4247 ἁφ-

1868 4276 2143 4338 ύπνωσας,
2178 4272 2415 4327 καὶνῦν.
2468 4273 2857 4346 νεκροπρεπῶς
2888 4276 2945 4327 ὲν
2997 4273 3207 4337 τούτοις
3256 4275 3440 4327 κεκοί-
3522 4312 3531 4319 ι

1869 4386 2059 4441 μησαι.
2094 4369 2401 4440 Μακαρίζω
2428 4369 2519 4422 τὸν
2547 4369 2795 4439 Συμεὼν,
2836 4372 2925 4423 τὸν
2959 4370 3017 4437 ἐξ
3043 4368 3191 4440 ἐμῶν
3238 4369 3441 4442 χειρῶν

1865 4463 1924 4514 ἐν
1972 4458 2049 4531 τῷ
2090 4458 2204 4530 ναῷ
2256 4476 2315 4513 σε
2366 4457 2678 4531 δεξάμενον.
2732 4461 3014 4531 Προφῆται
3061 4461 3170 4531 γάρ
3218 4460 3314 4514 καὶ
3369 4462 3439 4514 τά

1862 4553 2130 4624 χαροποιέι
2155 4552 2246 4606 καὶ
2266 4553 2333 4607 τά
2356 4552 2456 4623 τῆς
2479 4552 2636 4623 δόξης
2672 4569 2761 4623 μοι
2790 4553 3205 4624 προεφήτευσαν
3233 4569 3249 4585 ⁸
3276 4553 3440 4617 αὐτὸς

1862 4644 1917 4698 δὲ
1943 4644 2100 4714 μόνος
2127 4643 2197 4697 τά
2227 4643 2551 4715 σκυθρωπὰ,
2588 4644 2680 4697 καὶ
2708 4643 2775 4698 τά
2798 4644 2897 4714 τῆς
2916 4643 3094 4714 λύπης
3126 4644 3435 4714 προείπετο.

1866 4737 1956 4791 Ὢί
1992 4735 2107 4798 πῶς
2147 4733 2526 4804 ἐμπτυσθῆναι
2579 4731 2874 4801 κατεδέξω,
2903 4732 2964 4796 ὃς
2996 4732 3085 4788 διὰ
3123 4732 3438 4804 πτύσματος

1865 4843 1959 4883 σον
2017 4825 2327 4897 ὀφθαλμοὺς
2392 4823 2857 4897 ἐκαινούργησαςς
2911 4824 3034 4889 Πῶς
3075 4827 3440 4898 ῥαπισμάτων

1864 4919 2116 4990 ἠνέσχου,
2140 4917 2199 4982 ὃς
2239 4916 2328 4970 διὰ
2364 4917 2725 4988 φραγγελλίον
2749 4918 2874 4981 τοὺς
2903 4917 3272 4989 ῦεοκαπήλους
3300 4918 3439 4987 ἐμά-

1866 5009 2073 5073 στιξας,
2130 5008 2227 5061 καὶ
2278 5007 2386 5060 τῶν
2449 5007 2609 5078 ιερῶν
2664 5007 2926 5077 θριγγίων
2965 5008 3272 5080 ἐξήλασαςς
3314 5008 3439 5073 Πῶς

1865 5101 2154 5172 ὑπομένεις
2183 5099 2414 5154 Θάνατον
2459 5101 2844 5164 ἐπονείδιστον,
2897 5101 2987 5154 Υἱὲ
3036 5102 3435 5172 ἁναμάρτητες

1864 5193 2128 5266 Ἕτρήθης
2179 5196 2368 5269 χεῖρας
2398 5193 2489 5245 καὶ
2515 5192 2703 5257 πόδας,
2737 5192 2873 5246 ἀλλὰ
2904 5189 3030 5256 τοὺς
3055 5192 3224 5264 ἥλους
3268 5193 3438 5263 ἔγνων

1864 5286 1943 5347 εἰς
1971 5282 2147 5354 μέσην
2172 5299 2272 5351 μου
2303 5282 2400 5352 τὴν
2437 5280 2631 5352 ψυχὴν
2658 5280 2756 5344 τὰς
2781 5278 2973 5343 ὀδύνας
3015 5278 3433 5349 ἐμπέμποντας.

1865 5379 1977 5447 Τὴν
2011 5375 2255 5445 πλευράν
2304 5372 2621 5444 ἐκεντὴθης,
2675 5372 2811 5426 ἀλλὰ
2860 5372 2955 5425 καὶ
3007 5371 3042 5442 ἡ
3073 5370 3180 5442 ἐμὴ
3236 5370 3435 5440 καρδία

1866 5468 2169 5540 τηνικαῦτα
2224 5463 2595 5519 συνεκεντεῖτό
2624 5470 2743 5532 ξσοι.
2776 5460 3162 5534 Ἒσταύρωμαί
3196 5478 3291 5516 σου
3321 5463 3433 5524 τοῖς

193 5562 396 5624 πόνοις,
437 5559 782 5633 νενέκρωμαί
832 5575 924 5611 σου
961 5557 1039 5634 τῷ
1077 5558 1256 5624 πάθει,
1310 5561 1404 5615 καὶ
1447 5564 1869 5642 συνθαπτομὲνιρ
1922 5563 2316 5631 συνθάπτομαι.
2343 5559 2409 5613 Τί
2455 5558 2578 5630 ἐμοὶ
2608 5558 2699 5611 καὶ
2733 5557 2809 5629 τῷ
2856 5556 2955 5628 βίῳ
2997 5574 3129 5629 μου,
3183 5556 3328 5629 [σοῦ]
3355 5556 3430 5627 μὴ

188 5653 478 5723 παρόντος,
498 5644 543 5706 ὦ
566 5653 905 5722 πλαστουργὶ
940 5670 1039 5723 μου
1070 5650 1164 5706 καὶ
1199 5654 1295 5708 Υἱὲ
1320 5655 1685 5713 ποθεινότατε.
1711 5718 1715 5721 _
1738 5714 1740 5717 ,

264 5750 369 5809 μω
394 5749 613 5808 ubinam
647 5757 727 5809 est
757 5748 1143 5822 discipulorum
1177 5751 1376 5807 chorus
1409 5760 1465 5806 ut
1503 5770 1609 5807 una
1644 5770 1758 5809 me-

1951 5752 2107 5807 Ἀλλά
2140 5750 2235 5803 ποῖ
2279 5751 2383 5801 τῶν
2413 5750 2668 5830 μαθητῶν
2707 5752 2733 5803 6
2771 5751 2946 5823 χορὸς.
2982 5751 3068 5805 ἴνα
3109 5767 3196 5821 μοι
3238 5750 3432 5806 πάθαις-
