3868 6554
427 478 538 544 223

1287 469 1664 532 SYMEONIS
1699 455 2279 527 ΜΕΤΑΡΗΗΑΞΤίΕ
2306 449 2832 514 PRECATIONES

3595 433 3788 509 224

429 593 564 660 Quis
602 591 777 662 eriget
805 605 893 645 me
939 589 994 643 in
1028 587 1225 642 talibus
1253 586 1412 640 malis
1439 584 1818 642 constitutum,
1849 588 1904 633 et
1957 577 2012 631 in
2042 625 2044 633 .

2120 586 2242 623 που.
2269 567 2364 630 Τίς
2397 565 2694 637 ἀναστήσει
2729 581 2796 636 με
2830 563 2923 618 τὸν
2953 563 3010 618 ἰν
3040 562 3316 628 τοσούτοις
3351 563 3577 628 κακοῖς,
3604 554 3782 616 καὶ

429 693 578 738 tanta
632 691 854 754 peccata
917 678 1168 750 lapsum?
1226 676 1284 731 In
1342 686 1428 740 te,
1476 674 1726 738 Domine,
1772 669 2010 742 speravi,

427 777 570 831 Deus
600 790 756 830 meus
784 774 863 838 ;si
887 780 970 829 est
991 773 1122 828 mibi
1153 785 1280 842 spes
1307 770 1520 834 salutis,
1565 768 1611 824 si
1661 765 1831 821 vincit
1854 763 2010 820 beni-

425 867 602 938 gnitas
633 875 722 920 tua
773 865 1180 920 multitudinem
1239 861 1584 930 iniquitatum
1614 872 1882 918 mearum,
1935 854 2012 911 sis

429 959 560 1011 mibi
615 957 885 1022 Salvator,
932 967 987 1012 et
1031 956 1333 1012 secundum
1374 953 1756 1009 miserationes
1803 960 1924 1006 tuas
1957 957 2013 1002 et

427 1048 834 1104 misericordias
862 1057 1005 1113 tuas,
1051 1047 1224 1114 solve,
1270 1047 1506 1110 dimitte,
1556 1054 1610 1100 et
1653 1045 1832 1098 relaxa
1877 1042 2010 1097 mibi

424 1151 628 1211 quanta
663 1141 761 1197 tibi
799 1143 1056 1212 peccavi;
1091 1141 1218 1213 quia
1263 1141 1447 1195 multis
1487 1139 1646 1194 malis
1685 1137 1908 1207 impleta
1929 1143 2015 1190 est

424 1234 606 1288 anima
636 1249 781 1299 mea,
809 1243 864 1290 et
899 1250 1008 1289 non
1035 1246 1120 1290 est
1149 1235 1205 1288 in
1238 1249 1324 1289 me
1349 1233 1540 1288 salutis
1565 1247 1712 1303 spes.
1751 1229 2014 1285 Miserere

426 1327 570 1391 mei,
633 1327 812 1394 Deus,
876 1328 1179 1383 secundum
1268 1342 1519 1399 magnam
1584 1324 2012 1380 misericordiam

429 1427 603 1483 tuam,
650 1427 803 1474 etne
831 1420 1106 1475 retribuas
1137 1420 1271 1474 mibi
1304 1419 1605 1475 secundum
1643 1432 1808 1487 opera
1854 1430 2010 1482 mea;

428 1511 526 1564 sed
554 1521 836 1577 converte,
861 1514 1102 1584 suscipe,
1136 1513 1304 1568 libera
1341 1514 1576 1567 animam
1600 1525 1777 1566 meam
1800 1525 1831 1564 a
1858 1509 2015 1564 malis

427 1601 483 1655 in
509 1603 710 1672 quibus
735 1612 860 1658 nata
883 1613 970 1659 est
992 1613 1048 1659 et
1095 1605 1165 1659 ab
1189 1603 1501 1660 exitialibus
1541 1601 2009 1664 inclinationibus,

427 1695 576 1750 salva
610 1711 696 1750 me
731 1705 954 1766 propter
993 1695 1423 1751 misericordiam
1460 1703 1628 1758 tuam,
1673 1703 1734 1748 ut
1783 1693 1875 1748 ubi
1915 1691 2014 1746 ab-

433 1785 657 1841 undavit
695 1786 977 1852 delictum,
1011 1787 1423 1857 superabundct
1455 1789 1623 1858 gratia
1655 1796 1778 1850 tua;
1803 1795 1858 1842 et
1897 1785 2014 1840 lau-

427 1877 587 1941 dabo,
613 1885 666 1932 et
705 1876 1018 1948 gloriﬁcabo
1047 1886 1098 1933 te
1119 1893 1337 1949 semper
1365 1879 1622 1934 omnibus
1651 1877 1850 1932 diebus
1890 1877 2015 1932 vita:

427 1983 583 2023 meae.
609 1966 689 2022 Tu
716 1983 776 2024 es
828 1970 975 2024 enim
1018 1969 1164 2025 Deus
1201 1969 1613 2041 paenitentiam,
1673 1977 1730 2025 et
1765 1968 2014 2025 Salvator

427 2060 795 2132 peccantium,
820 2069 877 2116 et
898 2061 994 2117 tibi
1023 2063 1252 2134 gloriam
1281 2062 1618 2120 conferimus
1639 2078 1766 2119 cum
1805 2071 2015 2120 aeterno

429 2163 524 2210 tuo
577 2153 758 2221 Patre,
813 2165 870 2212 et
913 2157 1280 2222 sanctissimo,
1336 2158 1483 2213 bono
1534 2167 1592 2214 et
1647 2158 1868 2214 vivifico
1921 2167 2014 2214 tuo

429 2249 645 2319 spiritu,
705 2265 853 2306 nunc
915 2261 970 2307 et
1017 2266 1257 2322 semper,
1308 2261 1365 2307 et
1415 2251 1471 2306 in
1528 2251 1729 2308 saecula
1789 2251 2015 2308 saculo-

432 2359 572 2398 rum.
608 2347 804 2399 Amen.

975 2513 1162 2569 Versus
1210 2515 1465 2585 ejusdem.

427 2625 534 2692 Qui
565 2626 663 2682 das
689 2627 822 2682 mibi
859 2643 1078 2684 carnem
1106 2638 1256 2685 tuam
1289 2646 1470 2687 escam
1501 2632 1700 2697 libens,

429 2719 535 2784 Qui
561 2717 702 2788 ignis
725 2735 785 2775 es
817 2720 1069 2792 indignos
1099 2738 1456 2788 consumens,

429 2809 509 2864 Ne
534 2827 622 2866 me
648 2813 959 2881 comburas,
983 2814 1214 2871 Creator
1241 2831 1415 2872 meus.

431 2903 618 2958 Potius
663 2904 806 2960 intra
851 2905 907 2960 in
935 2907 1306 2962 membrorum
1340 2923 1587 2964 meorum
1638 2909 2009 2982 compagines,

430 2995 489 3050 ln
513 3011 706 3050 omnes
734 3005 906 3060 artus,
948 2997 1002 3052 in
1028 3013 1187 3054 senes
1215 3009 1268 3054 et
1290 3015 1386 3054 cor
1415 3015 1617 3056 meum.

432 3086 542 3144 Ure
564 3096 747 3143 autem
775 3088 960 3159 spinas
982 3089 1226 3145 omnium
1263 3106 1509 3146 meorum
1536 3091 1861 3150 delictorum
1888 3111 1906 3162 ;

430 3181 686 3236 Animam
719 3182 979 3249 emunda,
1013 3193 1251 3239 mentem
1284 3184 1586 3250 sanctiﬁca,

430 3271 607 3327 Frena
634 3272 882 3338 obﬁrma,
917 3289 1150 3344 ossaque
1175 3275 1376 3342 simul;

433 3365 708 3420 Sensuum
731 3365 979 3420 illumina
1009 3367 1406 3438 quintuplicem
1447 3368 1760 3427 facultatem
1785 3413 1799 3438 ,

436 3455 634 3512 Totum
668 3472 757 3512 me
779 3465 875 3513 tuo
911 3458 1105 3514 timore
1132 3461 1444 3530 constringe
1469 3478 1483 3528 ;

434 3550 664 3619 Semper
688 3549 870 3620 vigila.
894 3565 1068 3613 serva.
1095 3561 1150 3608 et
1175 3553 1384 3608 custodi
1421 3569 1530 3622 me,

434 3640 518 3695 Ab
542 3640 690 3696 omni
721 3656 888 3712 opere
915 3650 971 3698 et
990 3643 1157 3699 verbo
1177 3645 1412 3700 animam
1446 3645 1731 3717 perdente.

435 3731 691 3798 Puriﬁca,
724 3735 962 3791 emunda
996 3737 1246 3808 et.dirige
1276 3754 1385 3803 me,

437 3824 675 3893 Exorna,
703 3827 914 3884 instrue
950 3837 1006 3882 et
1035 3828 1280 3884 illumina
1307 3845 1414 3886 me.

436 3917 681 3974 Ostende
702 3935 789 3975 me
821 3921 1193 3977 habitaculum
1221 3921 1461 3994 Spiritus
1489 3924 1680 3989 solius,

441 4014 507 4068 Et
535 4029 818 4084 nunquam
847 4015 1113 4072 habitatio
1150 4017 1378 4086 peccati,

439 4105 512 4162 Ut
541 4105 736 4162 domus
758 4113 847 4161 tua
873 4108 975 4162 sim
996 4109 1399 4166 communionis
1428 4110 1597 4167 dono.

440 4197 515 4254 Ut
553 4199 699 4271 ignis
718 4215 805 4255 me
827 4200 1018 4272 fugiat,
1041 4203 1221 4259 omnis
1254 4202 1397 4258 male
1420 4219 1609 4275 agens,
1631 4206 1812 4263 omnis
1829 4207 2018 4274 libido,

441 4291 837 4349 lntercessores
856 4293 1027 4350 ollero
1051 4296 1144 4352 tibi
1170 4313 1364 4356 omnes
1387 4307 1632 4364 sanctos,

442 4385 888 4457 lucorporeorum
906 4389 1147 4456 ordines,

442 4476 844 4535 Praecursorem
869 4489 926 4535 tu
937 4496 1050 4546 um,
1069 4482 1344 4553 sapientes
1377 4485 1673 4555 apostolos,

444 4573 511 4626 Et
536 4587 662 4628 cum
687 4573 775 4628 bis
805 4583 952 4630 tuam
989 4591 1180 4647 puram
1221 4587 1277 4633 et
1326 4578 1728 4636 immaculatem
1757 4579 2018 4649 Matrem;

2117 660 2391 721 τοσοᾶτοις
2453 657 2822 727 περιπεσόντα
2870 656 3374 728 πλημμελήμασιν;
3416 656 3542 710 Ἐπὶ
3593 653 3772 717 σοὶ,

2117 751 2314 820 Κύριε,
2342 750 2566 821 ἤλπισα,
2614 751 2642 802 ό
2670 747 2802 811 Θεός
2846 766 2985 820 μου’
3019 751 3066 803 εἰ
3114 749 3231 803 ἔστι
3278 766 3371 820 μοι
3422 745 3773 819 σωτηρίας

2115 845 2294 910 ἐλπὶς,
2354 844 2403 898 si
2454 845 2582 914 νικᾷ
2612 844 2646 914 ἡ
2680 841 3061 913 φιλανθρωπία
3091 860 3186 896 σου
3232 843 3304 896 τὰ
3354 841 3538 914 πλήθη
3592 839 3766 894 τῶν

2116 940 2355 1012 ἀνομιῶν
2390 956 2514 1012 μου,
2550 937 2710 1008 γενοῦ
2758 957 2848 1010 μοι
2878 938 3091 1010 Σωτὴρ,
3142 939 3236 994 καὶ
3285 938 3429 993 κατὰ
3459 939 3589 1001 τοὺς
3617 936 3758 991 ol-

2118 1030 2384 1103 κτιρμούς
2428 1048 2523 1085 σου
2563 1030 2659 1084 καὶ
2691 1030 2758 1083 τά
2787 1030 2915 1100 ὲλέη
2944 1046 3064 1096 σου,
3107 1030 3255 1097 άνες,
3292 1031 3450 1100 ἄφες,
3483 1027 3755 1098 συγχώ-

2125 1125 2295 1196 ρησόν
2331 1141 2424 1193 μοι
2453 1124 2630 1177 πάντα
2677 1123 2777 1175 ὅσα
2811 1138 2895 1175 σοι
2922 1122 3171 1192 ἥμαρτον
3191 1139 3206 1154 ο
3237 1124 3319 1176 ὅτι
3351 1121 3568 1176 πολλῶν
3600 1139 3757 1176 κα.-

2118 1217 2230 1270 κῶν
2254 1219 2287 1288 ή
2318 1217 2462 1288 ψυχή
2495 1233 2598 1286 μου
2627 1213 2894 1286 ἐπλήσθη,
2929 1215 3024 1268 καὶ
3051 1215 3152 1268 οὐκ
3175 1214 3324 1268 ἔστιν
3351 1216 3409 1267 ιν
3432 1215 3560 1280 ἐμοὶ
3594 1231 3754 1268 σω-

2118 1309 2319 1378 τηρίας
2363 1307 2540 1372 ἐλπὶς,
2593 1305 2816 1377 ἐλέησόν
2847 1321 2936 1375 με,
2989 1306 3018 1358 ὁ
3060 1304 3216 1371 Θεὸς,
3249 1305 3394 1360 κατὰ
3441 1307 3504 1359 τὸ
3556 1308 3756 1376 μέγα

2116 1400 2270 1463 ἔλεός
2303 1417 2396 1453 σου
2419 1441 2433 1467 ,
2461 1401 2556 1452 καὶ
2591 1399 2666 1470 μὴ
2695 1398 2951 1469 άποδῴης
3011 1415 3102 1469 μοι
3129 1398 3270 1452 κατὰ
3293 1399 3362 1453 τὰ
3387 1398 3522 1470 ἔργα
3561 1417 3686 1470 μου
3723 1415 3746 1429 ο

2116 1492 2231 1548 ἀλλ’
2281 1491 2635 1564 ὲπίστρεψον,
2685 1490 3003 1558 άντιλαδοῦ,
3050 1491 3215 1562 ῥῦσαι
3243 1489 3342 1561 τὴν
3367 1489 3548 1561 ψυχήν
3599 1507 3749 1560 μου

2115 1583 2222 1638 ἀπὸ
2251 1584 2364 1637 τῶν
2391 1583 2754 1653 συμφυέντων
2783 1582 2920 1654 αὐτῇ
2954 1580 3162 1648 κακῶν,
3220 1582 3314 1634 καὶ
3343 1581 3534 1635 δεινῶν
3567 1598 3748 1653 προ-

2116 1676 2334 1747 λήψεων
2356 1691 2370 1707 ’
2397 1675 2571 1730 σῶσόν
2619 1693 2685 1746 με
2732 1675 2920 1730 ἕνεκεν
2953 1674 3048 1728 τοῦ
3080 1675 3266 1738 ὲλέους
3298 1691 3416 1738 σου,
3448 1675 3535 1728 ἵνα
3562 1675 3742 1728 ὅπου

2118 1771 2150 1840 ἡ
2205 1769 2454 1840 ἁμαρτία
2500 1768 2850 1834 ἐπλεόνασεν,
2906 1766 3390 1838 ὑπερπερισσεύσῃ
3447 1768 3480 1836 ἠ
3537 1767 3745 1838 χάρις

2120 1880 2212 1916 σου
2233 1879 2245 1892 ο
2276 1861 2372 1916 καὶ
2399 1864 2622 1926 αἰνέσω,
2651 1862 2746 1917 καὶ
2776 1860 2987 1926 δοξάσω
3033 1877 3092 1914 σε
3131 1861 3220 1915 διὰ
3265 1860 3489 1925 παντὸς,
3518 1861 3744 1922 πάσας

2049 1935 2087 1990 Β
2116 1955 2216 2020 τὰς
2245 1956 2457 2028 ἡμέρας
2482 1954 2582 2024 τῆς
2607 1953 2756 2024 ζωῆς
2790 1971 2911 2025 μου.
2943 1955 3016 2008 Σὺ
3037 1954 3146 2026 γάρ
3171 1950 3224 2007 εἴ
3241 1953 3373 2017 Θεὸς
3395 1953 3504 2006 τῶν
3527 1970 3730 2023 μετα⁹

2117 2047 2406 2112 νοούντων,
2440 2048 2536 2102 καὶ
2578 2045 2771 2120 Σωτὴρ
2809 2047 2921 2102 τῶν
2970 2047 3424 2119 ἁμαρτανόντων,
3457 2047 3551 2100 καὶ
3605 2045 3734 2100 σοῦ

2118 2142 2218 2213 τὴν
2247 2141 2405 2207 δόξαν
2437 2141 2838 2213 άναπέμπομεν
2882 2140 2981 2194 σὺν
3011 2140 3088 2212 τῷ
3122 2139 3346 2210 άνάρχῳ
3371 2155 3464 2192 σου
3500 2138 3726 2209 Πατρὶ,

2118 2235 2310 2306 καὶτῷ
2339 2234 2612 2306 παναγίῳ,
2639 2234 2734 2287 καὶ
2760 2232 2972 2304 ἀγαθῷ,
2996 2232 3090 2286 καὶ
3120 2230 3371 2301 ζωοποιῷ
3401 2247 3494 2284 σου
3525 2229 3734 2283 livet}-

2120 2344 2272 2398 ματι,
2313 2325 2409 2380 νῦν
2457 2327 2551 2380 καὶ
2575 2327 2684 2392 ἀεὶ,
2740 2326 2836 2379 καὶ
2879 2327 2961 2389 εἰς
2995 2311 3120 2389 τοὺς
3171 2325 3375 2389 αἰῶνας
3404 2324 3515 2378 τῶν
3562 2323 3723 2379 αἱὼ-

2121 2438 2246 2475 νων.
2301 2420 2356 2472 Ἀ
2366 2419 2496 2490 μήν.

2608 2512 2811 2582 Στίχοι
2847 2510 2950 2566 τοῦ
2981 2509 3187 2565 αὑτοῦ.

2129 2627 2187 2679 Ὀ
2221 2625 2342 2690 δοὺς
2367 2625 2574 2697 τροφήν
2605 2642 2695 2696 μοι
2720 2624 2898 2696 σάρκα
2937 2623 3034 2696 σὴν
3059 2625 3347 2688 ἑκουσιως,

2131 2718 2188 2772 ’0
2221 2717 2334 2788 πῦρ
2365 2718 2646 2788 ὑπάρχων,
2676 2716 2771 2771 καὶ
2795 2717 3010 2788 φλέγων
3036 2715 3310 2781 ἀναξίους,

2117 2812 2209 2883 Μὴ
2229 2809 2296 2884 δὴ
2325 2811 2672 2884 καταφλέξῃς
2708 2827 2798 2882 με,
2833 2809 2928 2882 μὴ,
2964 2809 3312 2880 πλαστουργέ
3346 2824 3448 2879 μου
3470 2820 3486 2837 ’

2116 2905 2334 2958 Μᾶλλον
2363 2903 2542 2958 δίελθε
2573 2905 2709 2977 πρὸς
2746 2902 2923 2974 μελῶν
2961 2919 3061 2974 μου
3090 2900 3394 2962 συνθέσεις,

2117 2997 2213 3061 Εἰς
2239 2996 2445 3062 πάντας
2477 2997 2712 3068 άρμοὺς,
2743 2997 2823 3051 εἰς
2849 2995 3102 3066 νεφροὺς,
3133 2993 3214 3056 εἰς
3241 2989 3489 3062 καρδίαν.

2117 3089 2314 3156 Φλέξον
2345 3089 2389 3143 δ’
2421 3087 2665 3152 ἀκάνθας
2690 3087 2800 3142 τῶν
2828 3087 2966 3143 ὅλων
3003 3103 3105 3158 μου
3139 3083 3528 3156 πταισμάτων·

2119 3181 2312 3253 Ψυχὴν
2345 3179 2606 3254 κάθαρον,
2637 3180 2866 3250 ἁγίασον
2897 3179 2994 3244 τὰς
3023 3179 3252 3251 φρένας,

2042 3279 2086 3337 C.
2122 3274 2231 3338 Τὰς
2259 3273 2413 3345 ἡνίας
2445 3273 2698 3346 στήριξον
2725 3274 2937 3338 ὀστέοις
2971 3273 3086 3345 ἃμα
3111 3291 3124 3305 υ

2119 3366 2434 3439 Δῑσθήσεων
2465 3366 2704 3436 φῶτισον
2734 3365 2912 3437 ἁπλῆν
2941 3365 3183 3420 πεντάδα
3207 3381 3223 3396 ο

2123 3459 2285 3514 Ὀλον
2312 3475 2380 3530 με
2405 3457 2486 3529 τῷ
2519 3457 2598 3528 σῷ
2630 3457 3054 3530 συγκαθήλωσον
3080 3456 3231 3529 φόϐῳ
3254 3473 3268 3486 ·

2135 3551 2249 3606 Ἀεὶ
2277 3551 2469 3618 σκέπε,
2506 3550 2733 3623 φρούρει
2763 3567 2820 3604 τε
2853 3550 2950 3604 καὶ⁸
2974 3547 3210 3621 φύλαττέ
3237 3560 3328 3620 με,

2136 3647 2229 3700 Ἐκ
2261 3645 2461 3710 παντὸς
2492 3645 2658 3718 ἔργου
2689 3646 2782 3700 καὶ
2813 3645 2974 3715 λόγου
3002 3641 3348 3718 ψυχοφθόρου

2124 3738 2372 3808 Ἀγνιζε,
2403 3737 2500 3793 καὶ
2530 3738 2762 3812 κάθαρε,
2798 3739 2896 3792 καὶ⁹
2926 3734 3158 3810 ῥύομιζέ
3197 3753 3288 3810 με,

2123 3829 2396 3896 Κάλλυνε,
2427 3827 2696 3895 συνέτιζε,
2727 3828 2823 3882 καὶ
2853 3826 3054 3899 φώτιζέ
3082 3844 3148 3898 με
3173 3844 3189 3860 ο

2123 3922 2310 3989 Δεῖξόν
2341 3938 2410 3994 με
2438 3921 2530 3976 σὺν
2558 3923 2822 3993 σκήνωμα
2851 3922 3163 3992 πνεύματος
3195 3919 3379 3992 μόνον,

2123 4015 2236 4068 Καὶ
2265 4014 2462 4086 μηκέτι
2493 4016 2758 4088 σκήνωμα
2782 4016 2883 4086 τῆς
2909 4013 3207 4087 ἁμαρτίας,

2125 4109 2226 4164 Ἵν’
2251 4109 2328 4174 ὡς
2360 4109 2452 4166 σὺν
2479 4106 2628 4164 οἷκον
2657 4109 2850 4182 εἰσόδῳ
2877 4111 3167 4175 κοινωνίας
3187 4126 3201 4140 ·

2135 4203 2224 4268 Ὠς
2249 4204 2362 4275 πῦρ
2399 4219 2466 4275 με
2492 4202 2694 4276 φεύγῃ,
2723 4203 2833 4266 πᾶς
2864 4202 3195 4274 κακοῦργος,
3222 4205 3332 4257 πᾶν
3358 4199 3555 4268 πάθος.

2123 4297 2392 4371 ιῐρὲσσεις
2413 4297 2563 4370 φέρω
2589 4313 2673 4349 σοι
2705 4297 2914 4360 πάντας
2942 4296 3334 4367 ἡγιασμένους,

2124 4390 2237 4454 Τάς
2271 4389 2597 4462 ταξιαρχίας
2624 4406 2683 4442 τε
2709 4389 2818 4443 τῶν
2850 4388 3182 4458 ἀσωμάτων,

2125 4483 2229 4537 Τὸν
2253 4482 2558 4555 πρόδρομόν
2590 4499 2708 4547 σου,
2739 4482 2866 4545 τοὺς
2896 4481 3094 4551 σοφοὺς
3121 4479 3472 4545 ἀποστόλους,

2126 4573 2270 4645 Πρὸς
2298 4575 2471 4628 τοῖσδε
2504 4573 2603 4646 σὴν
2640 4574 2908 4644 ἄχραντον
2937 4575 3111 4646 ἁγνὴν
3138 4573 3368 4646 Μητέρα
3388 4589 3402 4604 ’

441 4664 685 4730 Quorum
714 4671 1013 4734 orationes,
1037 4669 1374 4736 misericors,
1406 4673 1646 4744 suscipe,
1681 4673 1901 4732 Christe
1922 4676 2018 4744 mi,

2129 4663 2232 4722 Ὧν
2259 4668 2356 4732 τὰς
2382 4667 2558 4731 λιτὰς,
2589 4665 2954 4739 εΰσπλαγχνε,
2983 4666 3156 4734 δέξαι,
3189 4667 3394 4740 Χριστέ
3431 4683 3562 4736 μου,

443 4752 510 4807 Et
544 4754 713 4809 ﬁlium
749 4755 888 4812 lucis
920 4766 1068 4812 tuum
1101 4774 1320 4816 servum
1349 4761 1522 4818 efﬁce.

446 4844 526 4899 'l'u
551 4847 701 4899 enim
743 4861 805 4902 es
837 4847 988 4903 solus
1014 4851 1371 4907 sanctiﬁcatio
1403 4863 1609 4919 nostra,

445 4935 490 4992 0
515 4937 678 5003 bone,
725 4937 1140 5010 animarumque
1161 4951 1472 4998 nostrarum
1498 4943 1790 5014 splendor;

447 5029 512 5083 Et
545 5028 659 5093 tibi,
684 5036 744 5084 ut
763 5029 940 5093 decet,
961 5037 1218 5101 tanquam
1251 5031 1360 5088 Deo
1387 5049 1451 5090 ac
1477 5035 1708 5092 Domino

443 5120 682 5178 Gloriam
710 5135 901 5178 omnes
927 5124 1172 5181 auotidie
1195 5125 1497 5183 oderimus.

2127 4760 2239 4816 Καὶ
2264 4759 2440 4829 φωτὸς
2475 4759 2642 4814 παῖδα
2663 4759 2754 4814 τὸν
2789 4759 2882 4814 σὸν
2911 4759 3146 4830 ἔργασαι
3171 4759 3380 4830 λάτριν.

2126 4855 2200 4909 Σὺ
2227 4853 2337 4927 γὰρ
2367 4852 2634 4923 ὑπάρχεις
2664 4853 2936 4924 ἁγιασμὸς
2959 4853 3051 4907 καὶ
3087 4852 3248 4925 μόνος

2138 4945 2350 5017 Ἦμῶν,
2379 4946 2574 5014 ἀγαθὲ,
2607 4945 2714 5000 τῶν
2738 4946 2928 5017 ψυχῶν
2955 4946 3050 5001 καὶ
3079 4945 3404 5018 λαμπρότης
3423 4961 3438 4976 ·

2129 5040 2241 5093 Καὶ
2277 5038 2364 5092 σοὶ
2392 5037 2713 5110 πρεπόντως
2748 5037 2821 5103 ὡς
2852 5039 2972 5110 Θεῷ
3003 5038 3096 5092 καὶ⁵
3127 5038 3373 5110 Δεσπότῃ

2125 5129 2296 5196 Δόξαν
2333 5128 2576 5196 ἅπαντες
2607 5129 2901 5202 πέμπομεν
2931 5131 3051 5185 καθ’
3077 5129 3316 5202 ἡμέραν.
