3868 6470
105 381 3327 447 mm

201 573 1320 762 SYMEONIS
1510 453 3231 782 METAPHRASTAZ

858 1007 864 1016 ‘
959 981 1460 1081 OPERUM
1540 993 1824 1084 PARS
1901 996 2440 1090 SECUNDA

1500 1309 1958 1357 COMPLBCTENS

691 1544 977 1602 CARMINA
1011 1547 1140 1605 ΡΙΔ.
1174 1548 1548 1604 EPISTOLAS.
1583 1551 1857 1604 SCRIPTA
1887 1552 2033 1606 ΒΑΝ(

1743 1552 1857 1604 PTA
1887 1552 2208 1620 amoma;
2241 1555 2323 1609 ET
2355 1557 2708 1617 msmuca.

1108 1808 1572 1900 IAMBICI
1655 1812 2310 1906 TRIMETBI.

409 2331 641 2395 (Veteres
675 2333 843 2385 Ροοιω
874 2331 1034 2387 σι’ωεὶ
1069 2333 1286 2386 Genera
1318 2333 1458 2399 ιδιι,
1492 2335 1578 2388 fol.
1617 2343 1738 2392 tom.
1791 2339 1858 2405 ll,
1894 2357 2008 2409 pag.
2041 2343 2154 2411 753,
2188 2356 2300 2396 cum
2330 2312 2752 2413 interpretatione
2785 2353 2999 2422 nostra.)

250 2582 458 2649 Στίχοι
495 2579 812 2652 Συμεῶνος
846 2583 952 2639 τοῦ
976 2585 1439 2656 Μεταφραστοῦ.

66 2711 285 2768 Μέλλων
314 2714 535 2783 φαγεῖν,
567 2713 846 2786 ἄνθρωπε,
881 2715 1042 2786 σῶμα
1070 2717 1368 2786 Δεσπότου,

65 2805 212 2877 Φόϐῳ
238 2805 530 2878 πρόσελθε,
559 2807 634 2878 μὴ
670 2806 908 2880 φλεγῇςο
939 2809 1049 2881 πῦρ
1078 2813 1357 2884 τυγχάνει.

65 2897 210 2952 Θιῖον
229 2899 288 2952 δὲ
315 2899 488 2954 πίνων
510 2896 650 2970 αἷμα
677 2901 812 2971 πρὸς
843 2901 1158 2973 μετουσίαν,

65 2993 284 3063 Πρῶτον
320 2993 700 3065 καταλλάγηθι
727 2998 842 3058 τοῖς
872 3013 931 3050 σε
962 2997 1218 3064 λυποῦσι,

69 3087 294 3142 Ἔπειτα
323 3088 544 3161 θαρρῶν
573 3090 842 3163 μυστικὴν
873 3091 1078 3163 βρῶσιν
1107 3096 1271 3165 φάγε.

615 3219 851 3291 Ἕτεροι
877 3224 1097 3294 στίχοι.

65 3347 174 3419 Πρὸ
201 3345 299 3401 τοῦ
329 3349 626 3419 μετασχεῖν
651 3366 756 3420 της
783 3351 1089 3423 φρικώδους
1121 3353 1312 3421 θυσίας

65 3437 168 3492 τοῦ
190 3439 462 3504 ζωοποιοῦ
492 3441 751 3513 σώματος
779 3445 875 3499 τοῦ
907 3447 1210 3514 Δεσπότου,

61 3532 205 3601 Τῷδε
235 3532 534 3601 πρόσευξαι
560 3535 639 3608 τῷ
669 3537 857 3610 τρόπῳ
892 3540 1030 3609 μετὰ
1052 3541 1282 3614 τρόμου·

71 3623 202 3680 Ἰδοὺ
227 3625 432 3697 βαδίζω
462 3628 600 3700 πρὸς
632 3629 786 3684 Θείαν
818 3635 1128 3700 κοινωνίαν,

58 3715 430 3788 Πλαστουργὲ,
460 3719 536 3792 μὴ
571 3719 772 3794 φλέξῃς
801 3740 870 3795 με
902 3727 967 3797 τῇ
998 3727 1279 3799 μετουσίᾳο

60 3806 174 3880 Περ
199 3809 310 3881 γὰρ
340 3810 614 3883 ὑπάρχεις
643 3815 772 3878 τοὺς
805 3816 1064 3884 ἀναξίους
1093 3820 1331 3890 φλέγων,

70 3900 206 3957 Ἀλλ’
231 3897 326 3956 οὖν
351 3903 595 3976 κάθαρον
625 3906 692 3960 ὲκ
718 3907 903 3980 πάσης
939 3927 1010 3981 με
1038 3911 1276 3983 κηλῖδος.
1663 3951 1708 4012 C

663 4038 774 4094 Τοῦ
799 4043 1008 4100 αὑτοῦ.

60 4163 321 4237 Θεουργδν
351 4161 495 4238 αἷμα
526 4169 737 4240 φρίξον,
770 4171 1048 4244 ἄνθρωπε,
1075 4174 1295 4247 βλέπων
1315 4195 1330 4210 '

68 4256 299 4328 ’Δνθραξ
326 4257 438 4329 γάρ
466 4260 584 4314 ἐστι
617 4262 746 4326 τοὺς
775 4263 1025 4329 ἀναξίους
1060 4267 1300 4338 φλέγων.

57 4347 180 4401 Θεοῦ
206 4350 270 4404 τὸ
298 4350 460 4423 σῶμα
488 4354 584 4407 καὶ
623 4354 738 4409 0εοί
768 4373 836 4425 με
868 4357 964 4411 καὶ
993 4359 1184 4430 τρέφει
1210 4377 1225 4392 ο

58 4438 169 4494 Θεοῖ
189 4441 251 4495 τδ
283 4442 526 4515 πνεῦμα,
556 4444 651 4499 τὸν
679 4445 735 4499 δὲ
761 4446 886 4500 νοῦν
915 4449 1108 4522 τρέφει
1137 4450 1324 4518 ξένως.

662 4575 772 4632 Τοῦ
802 4578 1010 4634 αὑτοῦ.

26 4685 35 4700 ’
69 4696 208 4750 Ἐπεὶ
237 4697 295 4753 δὲ
318 4698 492 4773 τύχῃς
519 4700 619 4771 τῆς
645 4703 820 4775 καλῆς
850 4721 1165 4776 μετουσιας,

60 4787 166 4841 Τῶν
196 4791 487 4856 ζωοποιῶν
518 4795 806 4864 μυστικῶν
835 4798 1197 4870 δωρημάτων,

61 4879 328 4956 ’Υμνησον
350 4885 537 4951 εὐθὺς,
567 4887 964 4962 εὐχαρίστησον
995 4893 1162 4964 μέγα,

59 4973 157 5027 Καὶ
181 4976 308 5032 τάδε
339 4977 564 5048 Θερμῶς
593 4982 659 5033 ὲκ
687 4980 869 5054 ψυχῆς
893 4983 1014 5054 Θεῷ
1043 4984 1169 5054 λέγε
1191 5001 1204 5016 ⁸

57 5066 180 5133 Δόξα
208 5087 312 5136 σοι,
339 5071 370 5123 ὁ
395 5073 551 5136 Θεόςο
592 5072 724 5140 δόξα
760 5091 863 5144 σοι,
895 5077 925 5130 ὁ
949 5077 1103 5142 Θεός·
1134 5079 1263 5146 δόξα
1289 5097 1396 5150 σοι,
1421 5083 1448 5137 ὁ
1471 5081 1626 5147 Θεός.

2099 2594 2376 2668 ngeom‘a
2391 2596 2769 2670 Melaphrastw
2789 2617 2987 2657 versus.

1750 2721 1831 2780 Tu
1864 2724 1958 2796 qui
1974 2725 2266 2782 comedere
2292 2726 2498 2798 cogitas
2518 2743 2719 2799 corpus
2749 2730 2985 2797 Domini,

1748 2815 1976 2873 Timens
2007 2819 2229 2884 accede,
2254 2821 2440 2887 homo,
2473 2836 2544 2877 ne
2567 2821 2693 2894 igne
2727 2823 2946 2879 ardeas.

1747 2911 1818 2966 At
1838 2912 2086 2968 divinum
2117 2914 2440 2986 sanguinem
2465 2916 2534 2971 ad
2566 2919 3010 2975 communionem
3035 2917 3265 2984 bibens.

1746 3003 1993 3059 Primum
2017 3015 2073 3060 te
2105 3005 2524 3064 molestantibus
2561 3009 2775 3064 veniam
2802 3009 2951 3076 dato,

1746 3096 1957 3153 Exinde
1982 3097 2158 3154 fidens
2182 3100 2472 3172 mysticum
2500 3101 2682 3158 cibum
2709 3118 2889 3159 sume.

2357 3231 2469 3288 Alii
2498 3249 2698 3290 nemus.

1745 3359 2058 3429 Antequam
2082 3359 2322 3416 hostiam
2350 3363 2696 3418 tremendam
2730 3363 2974 3436 percipis

1744 3450 1962 3506 Domini
1996 3451 2070 3507 tui
2108 3452 2272 3508 vitam
2303 3453 2592 3510 afferentis
2623 3458 2895 3528 corporis,

1745 3543 1863 3598 Hoc
1893 3544 2058 3599 modo
2083 3559 2312 3614 precare
2343 3561 2468 3600 cum
2498 3547 2693 3602 timore
2719 3566 2733 3603 :

1743 3631 1960 3689 Accedo
1985 3635 2098 3704 jam
2120 3635 2190 3690 ad
2217 3637 2663 3694 communionem
2687 3639 2952 3710 divinam,

1743 3723 1788 3781 Ο
1818 3725 2068 3795 Creator,
2098 3743 2171 3783 ne
2187 3743 2275 3783 me
2303 3728 2504 3784 aduras
2523 3731 2629 3786 hoc
2661 3733 2826 3800 cibo;

1743 3813 1990 3886 Namque
2013 3815 2156 3888 ignis
2185 3833 2246 3873 es
2285 3817 2541 3892 indignos
2575 3823 2838 3891 adurens,

1744 3912 1854 3971 Sed
1886 3929 2085 3986 purum
2117 3914 2270 3972 elﬁce
2301 3932 2434 3987 ergo
2471 3935 2555 3974 me
2580 3920 2650 3976 ab
2671 3922 2823 3976 omni
2850 3925 3085 3982 macula.

2397 4046 2678 4116 Ejusdem.

1741 4171 1990 4231 Cernens
2015 4173 2262 4231 divinum
2285 4192 2561 4247 cruorem,
2589 4179 2850 4237 horresce
2872 4222 2890 4251 ,
2923 4181 3116 4253 homo;

1738 4267 1878 4322 Nam
1905 4268 2070 4324 carbo
2101 4279 2185 4325 est
2221 4269 2476 4342 indignos
2509 4272 2770 4329 adurens.

1742 4360 1840 4416 Dei
1877 4377 2078 4432 corpus
2111 4377 2198 4418 me
2226 4363 2391 4418 deum
2431 4363 2562 4420 facit
2592 4374 2647 4421 et
2680 4367 2800 4432 alit,

1739 4450 2148 4524 Nam.spiritum
2163 4453 2327 4508 deum
2353 4453 2506 4522 facit,
2532 4465 2588 4511 et
2607 4467 2847 4515 mentem
2866 4459 2964 4515 alit
2979 4459 3326 4519 mirabiliter.

2388 4582 2665 4654 Ejusdem.

1625 4706 1631 4713 ’
1739 4705 1876 4764 Cum
1915 4717 1970 4763 tu
1997 4708 2205 4780 potitus
2229 4725 2289 4765 es
2320 4725 2474 4767 sacra
2509 4716 2899 4772 communione

1740 4798 1949 4871 Deique
1987 4801 2150 4856 donis
2177 4803 2422 4875 mysticis
2449 4806 2614 4862 vitam
2634 4810 3048 4878 prestantibus,

1737 4893 1969 4952 Celebra
2005 4895 2178 4951 Deum
2207 4896 2417 4958 statim.
2445 4910 2505 4955 et
2523 4901 2726 4972 gratias
2748 4913 2895 4960 totus
2927 4920 3067 4976 age;

1738 4988 1808 5043 Et
1832 4987 2042 5045 fervide
2067 4989 2332 5061 deprome
2366 4992 2482 5047 haec
2514 5005 2736 5062 pectore
2761 4998 2925 5054 verba
2951 5019 2965 5055 :

1735 5080 1922 5137 Gloria
1954 5082 2072 5148 tibi,
2098 5083 2264 5150 Deus,
2291 5085 2462 5156 gloria
2487 5086 2606 5156 tibi,
2638 5087 2804 5158 Deus,
2821 5091 2991 5164 gloria
3015 5094 3138 5162 tibi,
3157 5094 3300 5154 Deus
3357 5075 3366 5085 ’

89 5333 3304 5389 -———______________________________________

689 5590 1390 5695 ALPHABETA
1465 5599 2013 5696 MORALIA
2090 5607 2666 5714 QUATUOR

1060 5867 1269 5949 (Apud
1319 5868 1648 5949 Allati'um,
1695 5891 1888 5955 supra
1945 5874 2065 5939 col.
2123 5875 2286 5959 131.)
