3868 6488
457 391 551 459 231

1098 491 1162 546 γ.
1200 491 1406 546 Eidem.

533 629 665 684 Tua;
711 626 926 698 pictatis
965 624 1210 690 tabellas,
1245 623 1534 695 diligenter
1571 637 1919 692 percurrens,
1951 638 2043 678 co-

460 735 839 797 gnoscensque
871 728 929 773 te
961 717 1195 772 maxime
1233 716 1417 770 animo
1455 715 1600 786 angi,
1633 715 1777 784 quod
1816 731 1846 770 a
1884 715 2043 769 nobis

462 825 786 882 responsum
820 809 886 863 ad
921 818 1040 862 tuas
1072 823 1182 861 non
1210 805 1492 870 habueris,
1539 805 1640 859 hac
1693 805 1786 860 tibi
1837 807 2044 860 ratione

459 901 637 956 valide
662 911 716 954 et
737 899 950 954 veritati
977 896 1077 967 ipsi
1108 911 1351 951 consone
1383 895 1800 964 respondemus.
1830 895 2043 950 Silentii

459 1006 627 1047 causa
653 1007 762 1045 non
787 999 874 1045 est
895 999 1114 1044 tuarum
1149 1003 1333 1042 rerum
1360 987 1583 1053 oblivio,
1616 997 1676 1041 ut
1709 997 1822 1042 tute
1849 987 2044 1058 opina—

461 1085 565 1149 ris;
607 1097 786 1151 neque
814 1081 959 1151 quod
991 1095 1084 1136 eas
1135 1079 1288 1136 ﬂocci
1321 1079 1641 1151 pendamus,
1669 1082 1888 1151 segnior
1931 1096 2046 1134 ma-

463 1190 569 1229 nus
601 1174 847 1228 redditur
896 1171 960 1226 ad
1007 1173 1390 1238 scribendum;
1437 1172 1532 1226 sed
1569 1186 1753 1226 rerum
1799 1172 2046 1242 publica-

465 1282 585 1320 rum
616 1264 1035 1334 indeprecabilis
1065 1263 1348 1334 occupatio
1373 1272 1430 1317 et
1452 1260 1672 1317 assidua
1697 1262 2046 1332 conﬂictatio,

463 1365 521 1409 et
554 1369 820 1424 nusquam
853 1354 920 1408 de
953 1353 1019 1408 iis
1047 1368 1177 1407 cura
1209 1352 1599 1418 intermittens,
1630 1360 1686 1408 ei
1724 1353 1961 1426 linguam
1995 1364 2050 1409 et

465 1461 689 1500 manum
731 1445 1036 1500 consistere
1093 1453 1150 1500 et
1181 1447 1507 1501 commorari
1561 1447 1723 1517 cogit,
1759 1446 2052 1516 quominus

465 1537 533 1592 ad
564 1546 684 1591 tuas
711 1537 1160 1606 respondeamus.
1197 1537 1288 1592 Sic
1313 1547 1399 1592 est
1420 1579 1436 1604 ,
1480 1538 1719 1609 linguam
1745 1548 1800 1594 et
1827 1555 2050 1593 manum

466 1629 703 1696 retinet;
751 1630 994 1684 animum
1027 1644 1159 1684 vero
1201 1645 1312 1684 non
1358 1630 1610 1701 impedit,
1632 1631 1766 1701 quin
1795 1638 2051 1686 notorum

465 1731 523 1777 ct
559 1721 858 1776 amicorum
893 1722 1264 1777 recordemur.
1293 1722 1581 1793 Nunquam
1623 1723 1769 1778 enim
1809 1733 2051 1779 tantum-

465 1815 591 1870 dem
627 1813 940 1869 sollicitudo
996 1814 1363 1884 praevaluerit,
1410 1824 1470 1871 ut
1514 1825 1570 1870 et
1615 1815 1798 1871 animo
1862 1832 2051 1872 eorum

467 1906 790 1962 memoriam
871 1906 1090 1971 evellat,
1157 1906 1513 1976 quisbuscum
1587 1907 1755 1962 semel
1817 1881 2130 1962 amicitiaB

465 1999 643 2070 juncti
681 2013 893 2054 sumus.
945 1997 1051 2053 Sed
1096 1998 1212 2053 haec
1258 1998 1479 2068 quidem
1533 1998 1587 2052 in
1634 1999 1839 2068 optima
1886 1998 2052 2052 animi

467 2100 624 2162 parte
653 2091 756 2146 sita
787 2099 873 2145 est
900 2097 1065 2159 atque
1089 2088 1278 2143 intime
1296 2088 1568 2158 profundo
1590 2088 2057 2158 insita,notasquc

467 2192 752 2239 accuratas
796 2183 977 2238 habet.
1015 2181 1147 2248 Qua:
1183 2196 1311 2235 vero
1345 2180 1573 2250 singulis
1618 2181 1813 2235 diebus
1860 2196 2055 2234 occur-

467 2285 622 2341 runt,
651 2275 868 2330 decenti
902 2273 1247 2344 providentia
1296 2280 1645 2343 procurante,
1680 2271 1944 2328 continuo
1977 2271 2056 2326 lc-

473 2371 693 2428 runtur,
723 2377 794 2417 ne
827 2363 994 2417 hilum
1023 2363 1242 2432 quidem
1267 2377 1386 2416 eam
1423 2360 1890 2416 lwdentiaAddas
1927 2361 2054 2415 illud

469 2468 711 2523 quoque,
733 2453 995 2507 nonnulla
1017 2469 1047 2507 a
1083 2461 1134 2507 te
1165 2453 1386 2523 scripta,
1415 2469 1524 2508 non
1562 2454 1932 2523 responsione,
1960 2455 2054 2508 sed

472 2546 578 2600 tide
612 2545 784 2617 magis
811 2544 1128 2615 indiguisse,
1163 2556 1223 2600 ut
1251 2561 1376 2601 vera
1415 2549 1560 2616 apud
1589 2561 1689 2600 nos
1718 2547 2057 2600 aestimarem

473 2648 584 2702 tur,
611 2638 791 2709 qualia
831 2637 982 2693 fuere
1007 2639 1074 2694 de
1107 2639 1573 2710 procuratoribus,
1608 2655 1730 2709 qua:
1760 2654 1868 2692 non
1913 2639 2057 2691 mul-

473 2739 590 2785 tum
623 2738 750 2784 ante
781 2737 994 2800 tempus
1028 2729 1082 2784 in
1135 2729 1504 2802 cognitionem
1554 2740 1856 2797 venerunt;
1893 2740 1948 2785 et
1991 2745 2055 2784 ea

469 2824 588 2895 ipse
618 2822 894 2888 existimo,
923 2838 1084 2893 quam
1116 2840 1238 2893 quae
1266 2824 1320 2878 in
1355 2823 1521 2895 Sagra
1563 2833 1714 2895 gesta
1745 2834 1893 2888 sunt,
1934 2837 2058 2877 cre-

466 2916 837 2971 credibiliora.
873 2915 1182 2986 llabesjam
1207 2932 1236 2970 a
1261 2917 1420 2972 nobis
1450 2916 1808 2972 sulIicicntem
1835 2931 2060 2986 rcSpnn-

470 3010 720 3075 sionem;
768 3009 874 3073 vel,
907 3008 952 3062 si
983 3009 1081 3074 ris,
1109 3009 1297 3078 plagas,
1319 3024 1440 3078 quae
1461 3010 1528 3062 ab
1557 3024 1742 3063 amore
1775 3008 1922 3062 illata
1951 3017 2055 3071 est,

469 3101 770 3158 remedium
803 3119 817 3155 :
857 3112 913 3156 et
948 3102 1162 3157 oblecta
1200 3111 1253 3156 te
1295 3102 1510 3172 gaudio,
1537 3102 1680 3171 quod
1720 3117 1829 3155 non
1870 3117 2058 3172 prom-

1479 342 1488 350 ⁸
1586 384 2583 490 SYMEONIS.METAPHRASTE

2073 499 2120 553 Α

3632 387 3754 452 932

2725 495 2797 549 E'.
2843 494 2926 559 Τῷ
2959 495 3140 559 αὐτῷ.
3687 473 3690 476 ’

2221 623 2296 674 Τὸ
2350 623 2451 692 τῆς
2506 622 2812 691 θεοφιλείας
2864 638 2958 674 σου
3011 623 3396 693 γραμματεῖον
3447 623 3746 694 ἐπιμελῶς

2150 714 2502 781 ἀναγνόντες,
2535 717 2630 770 καὶ
2655 714 2966 786 ἀθυμοῦντα
2998 731 3056 768 σε
3093 715 3246 786 παρὰ
3275 716 3336 769 τὸ
3368 715 3444 788 μὴ
3475 718 3748 788 ἀντίγρα-

2153 824 2230 876 φα
2274 807 2528 877 δέχεσθαι
2581 809 2713 880 παρ’
2742 807 2902 877 ἡμῶν
2947 806 3281 874 διαγνόντες,
3322 809 3528 879 ταύτην
3558 812 3750 862 ποιούς

2156 898 2296 971 μεθα
2325 900 2425 971 τὴν
2459 898 2755 968 ἀπολογίαν
2797 898 2967 968 ὑγιῶς
3025 899 3276 970 ἔχουσαν,
3311 901 3406 954 καὶ
3445 902 3649 972 σφόδρα
3675 900 3747 972 τῇ

2153 993 2383 1066 ἀληθείᾳ
2414 994 2772 1064 συνᾴδουσαν.
2825 993 2903 1046 Ού
2934 992 3073 1064 λήθη
3107 993 3219 1046 τῶν
3267 992 3378 1047 σῶν
3430 995 3583 1047 αίτία
3641 995 3750 1064 τῆς

2157 1087 2390 1157 σιωπῆς,
2443 1085 2518 1149 ὡς
2573 1085 2736 1150 αὐτὸς
2779 1085 2988 1151 ἔδοξας,
3033 1084 3156 1138 οὐδὲ
3187 1085 3249 1139 τὸ
3293 1087 3423 1158 περὶ
3455 1086 3747 1156 ἐλαχίστου

2153 1179 2330 1233 ταῦτα
2384 1177 2676 1242 ποιεῖσθαι,
2721 1178 3116 1251 ῥᾳθυμοτέραν
3161 1177 3358 1249 ἔχομεν
3424 1178 3525 1248 τὴν
3584 1181 3752 1250 χεῖρα

2156 1272 2295 1342 πρὸς
2326 1272 2425 1343 τὴν
2463 1271 2714 1343 γραφήν·
2743 1271 2860 1324 ἀλλ’
2889 1273 2922 1340 ἡ
2974 1270 3084 1324 τῶν
3123 1270 3402 1342 δημοσίων
3430 1271 3753 1342 ἀπαραίτη-

2155 1381 2248 1428 τος
2299 1363 2550 1433 ἀσχολία,
2581 1364 2678 1416 καὶ
2715 1363 2776 1416 τὸ
2815 1363 3082 1432 διηνεκῶς
3113 1365 3263 1434 ἡμᾶς
3296 1364 3637 1433 ἀπειλῆφθαι
3678 1369 3752 1432 τῇ

2157 1456 2288 1526 περὶ
2317 1456 2490 1510 ταῦτα
2521 1455 2784 1526 φροντίδι,
2819 1455 2979 1508 τοῦτο
3015 1455 3113 1508 καὶ
3142 1455 3392 1524 γλῶτταν
3443 1455 3617 1526 εἴργει
3652 1456 3755 1506 καὶ

2158 1549 2319 1618 χεῖρα
2365 1545 2436 1599 τὰ
2470 1545 2600 1616 παρ’
2643 1545 2798 1614 ὑμῶν
2850 1545 3181 1615 ἀμείϐεσθαι
3214 1546 3546 1616 γράμματα.
3594 1545 3754 1613 Πλὴν

2159 1640 2298 1694 ἀλλὰ
2329 1639 2580 1708 γλῶτταν
2623 1637 2723 1709 μὲν
2777 1638 2872 1692 καὶ
2904 1640 3065 1707 χεῖρα
3120 1636 3413 1702 δακωλύει,
3458 1636 3641 1708 ψυχὴν
3690 1637 3754 1689 δὲ

2159 1730 2413 1800 οὐδαμῶς
2441 1729 2700 1800 ἀπείργει
2731 1727 2827 1782 τοῦ
2879 1727 3194 1798 μεμνῆσθαι
3221 1727 3332 1782 τῶν
3364 1728 3752 1796 ἐγνωσμένων.

2161 1825 2254 1894 Μὴ
2283 1823 2394 1894 γὰρ
2426 1821 2600 1886 οὕτως
2633 1821 2871 1892 ίσχύσειέ
2904 1837 3032 1875 ποτε
3061 1819 3129 1874 δι’
3163 1820 3358 1884 αίῶνος
3401 1821 3643 1890 φροντὶς,
3674 1820 3756 1882 ὡς

2161 1917 2255 1970 καὶ
2302 1914 2485 1986 ψυχῆς
2535 1914 2793 1968 ἐκϐαλεῖν
2842 1913 2942 1985 τὴν
2998 1916 3222 1984 μνήμην
3266 1913 3376 1967 τῶν
3431 1911 3562 1984 παρ’
3589 1912 3757 1982 ἡμῶν

2161 2009 2310 2071 ἅπαξ
2341 2007 2617 2076 φιλεῖσθαι
2648 2007 2947 2078 κριθέντων
2967 2024 2982 2040 ο
3009 2006 3128 2060 ἀλλ’
3156 2008 3190 2078 ὴ
3225 2007 3325 2076 μὲν
3374 2008 3431 2059 ὲν
3471 2005 3756 2076 καλλίστῳ

2159 2103 2257 2173 τῆς
2295 2101 2474 2172 ψυχῆς
2519 2102 2698 2154 κεῖται
2742 2101 2835 2154 καὶ
2892 2101 3157 2154 ἐνδοτάτω
3205 2098 3413 2169 βαθέως
3479 2100 3754 2170 ἐνσημαν-

2159 2195 2337 2260 θεῖσα,
2366 2195 2462 2248 καὶ⁹
2496 2194 2748 2264 ἀκριϐεῖς
2776 2193 2906 2256 τοὺς
2935 2193 3142 2252 τύπους
3185 2193 3385 2262 ἔχουσα
3405 2206 3419 2218 ·
3447 2192 3516 2245 τά
3540 2193 3596 2245 δὲ
3624 2191 3755 2244 καθ’

2158 2289 2380 2360 ἡμέραν
2422 2287 2771 2358 ἐμπίπτοντα
2821 2286 2921 2353 τῆς
2968 2286 3360 2358 προσηκούσης
3405 2287 3753 2356 τυγχάνοντα

2159 2380 2421 2452 προνοίας
2461 2381 2691 2450 φέρεται
2733 2381 2998 2443 ἁεννάως,
3049 2378 3214 2450 μηδὲν
3277 2379 3413 2448 αὐτῇ
3461 2377 3754 2448 παραϐλα-

2160 2489 2391 2526 πτοντα.
2419 2471 2632 2535 Ἀλλως
2659 2487 2718 2522 τε
2747 2469 2804 2522 δὲ
2840 2471 2934 2522 καὶ
2984 2469 3103 2521 ἔνια
3139 2467 3249 2521 τῶν
3279 2469 3430 2537 παρὰ
3479 2465 3574 2518 σοῦ
3613 2482 3757 2536 γρα-

2159 2565 2393 2633 φέντων,
2420 2565 2484 2618 οὐ
2513 2562 2770 2617 τοσοῦτον
2801 2562 3121 2630 ἀπολογίας,
3151 2563 3274 2614 ὅσον
3296 2561 3466 2614 ἐδεῖτο
3490 2559 3752 2621 πίστεως,

2162 2658 2258 2711 καὶ
2293 2657 2390 2710 τοῦ
2430 2655 2610 2726 ἀληθῆ
2670 2657 2802 2724 παρ’
2834 2657 2966 2725 ἡμῖν
3009 2653 3204 2718 δεῖξαι,
3231 2647 3319 2706 οἶα
3351 2654 3416 2706 τὰ
3450 2654 3575 2722 περὶ
3618 2652 3754 2704 διοι-

2161 2750 2346 2821 κητῶν
2397 2749 2460 2805 ού
2514 2749 2623 2820 πρὸ
2665 2749 2864 2803 πολλοῦ
2909 2749 3318 2818 γνιυρισθένταο
3354 2740 3430 2800 ὧν
3455 2763 3516 2816 γε
3548 2747 3613 2818 δὴ
3660 2749 3757 2799 καί

2161 2845 2374 2913 ἔτυχον,
2403 2845 2497 2897 καὶ
2531 2843 2700 2898 πιστά
2750 2860 2842 2912 μοι
2897 2842 3041 2909 ἔδοξε
3077 2841 3251 2895 ταῦτα
3292 2840 3491 2911 μᾶλλον
3522 2840 3634 2892 τῶν
3663 2840 3755 2892 ἐπὶ

2161 2935 2402 3006 Σάγρας.
2478 2935 2664 3004 Ἔχεις
2737 2933 3014 3004 ἀρκοῦσαν
3110 2933 3242 3005 παρ’
3323 2933 3480 2999 ἡμῶν
3549 2933 3758 2986 ἀπολο-

2164 3028 2316 3096 γίαν,
2362 3029 2395 3099 ἢ
2451 3028 2747 3098 θεραπείαν
2793 3026 2895 3097 τῆς
2957 3027 3100 3080 κατὰ
3149 3026 3316 3078 πόθον
3364 3025 3612 3094 πληγῆ;’
3661 3026 3761 3077 καὶ

2164 3124 2346 3191 χαῖρε,
2397 3122 2480 3174 ὅτι
2529 3121 2607 3192 μὴ
2648 3121 2708 3174 τὸ
2762 3122 2959 3192 ῥᾷστον
2997 3121 3093 3173 καὶ
3133 3119 3446 3191 πρόχειρον,
3498 3118 3635 3171 ἀλλὰ
3693 3119 3755 3172 τὸ

469 3205 626 3266 ptum
653 3202 709 3249 et
736 3194 881 3264 quod
927 3194 995 3248 ad
1047 3209 1242 3248 manus
1284 3203 1389 3259 est,
1423 3195 1520 3248 sed
1562 3199 1740 3248 tutdm
1789 3203 2056 3263 opportu-

2164 3213 2405 3283 ἀσφαλὲς
2434 3215 2528 3266 καὶ
2560 3212 2772 3284 καίριον
2801 3213 2966 3284 ἔχεις.
3001 3213 3038 3266 Γ
3044 3211 3238 3282 ράφειν
3274 3211 3371 3282 μὲν
3401 3211 3511 3280 γὰρ
3549 3210 3629 3263 ἔνι
3664 3213 3760 3264 καὶ

473 3301 716 3356 numque
751 3285 1052 3356 possideas.
1089 3283 1344 3340 Facultas
1379 3285 1525 3340 enim
1574 3293 1679 3350 est,
1731 3285 1899 3340 etiam
1948 3301 2058 3340 non

470 3378 700 3443 amanti,
732 3378 941 3433 litteras
987 3378 1266 3444 scribere;
1309 3387 1365 3433 at
1397 3379 1657 3434 memoria
1703 3377 1968 3446 recolere,
2006 3391 2063 3434 et

473 3480 659 3526 mente
714 3470 975 3538 retinere,
1017 3470 1109 3542 qui
1153 3471 1390 3526 amicitia
1439 3472 1768 3543 coniunctus
1815 3487 1928 3529 non
1955 3482 2059 3536 est,

471 3563 686 3633 nequit.
721 3561 879 3629 Quod
934 3563 979 3618 si
1024 3563 1350 3634 quandoque
1404 3564 1509 3620 tale
1556 3567 1867 3636 scripseris,
1916 3565 2062 3637 quod

473 3655 788 3711 necessario
829 3671 1152 3727 responsum
1178 3657 1377 3727 exigat,
1412 3672 1637 3726 prorsus
1667 3668 1722 3714 et
1756 3659 2061 3713 scribemus

471 3757 530 3805 et
559 3749 1036 3820 respondebimus.
1092 3749 1319 3804 Interim
1355 3751 1517 3806 modo
1559 3761 1617 3806 tu
1643 3767 1835 3821 preces
1867 3751 2059 3815 funde,

473 3851 532 3898 et
561 3843 734 3898 Deum
780 3842 1274 3914 supplicationibus
1301 3859 1530 3898 exorare
1573 3859 1682 3898 non
1721 3843 1960 3905 desinas,
2005 3853 2064 3900 ut

474 3951 736 4007 prospere
769 3935 949 4002 nobis,
982 3951 1106 4006 quas
1148 3952 1263 4008 prae
1299 3937 1553 3992 manibus
1596 3947 1745 4005 sunt,
1778 3936 2059 3993 eveniant.

1225 4062 1319 4118 Vl.

546 4172 804 4229 Decursis
835 4182 940 4228 tua:
966 4172 1188 4245 pietatis
1215 4174 1434 4242 litteris,
1469 4187 1704 4232 mentem
1736 4189 1789 4232 et
1814 4193 2060 4249 scopum,

474 4265 570 4336 qui
602 4265 656 4320 in
695 4265 801 4320 illis
836 4266 1059 4332 latebat,
1092 4283 1288 4339 capere
1320 4284 1427 4323 non
1477 4271 1774 4341 potuimus.
1817 4271 2063 4342 Namque

477 4358 671 4413 volens
715 4368 770 4414 et
797 4360 993 4425 libens,
1026 4376 1150 4414 cum
1200 4362 1254 4415 in
1287 4363 1493 4433 gremio
1543 4365 1870 4420 sententiam
1905 4366 2062 4420 abdi-

473 4449 672 4515 disses,
704 4450 892 4506 multis
945 4465 1046 4505 nos
1099 4464 1162 4504 ac
1207 4451 1373 4505 variis
1427 4454 1706 4510 erroribus
1752 4456 2061 4527 implicasti,

475 4556 601 4595 cum
634 4556 743 4596 non
768 4551 936 4608 esset,
963 4542 1054 4596 ubi
1091 4543 1361 4613 exquisita
1386 4545 1463 4598 rei
1491 4548 1786 4617 propositae
1816 4564 2065 4619 compre-

474 4632 741 4690 hensione
790 4642 1031 4689 mentem
1075 4633 1439 4690 ﬁrmaremus.
1477 4635 1633 4705 Quod
1685 4639 1732 4694 si
1781 4656 1901 4709 quae
1941 4612 2060 4711 ipse
2094 4612 2136 4666 θ

475 4724 572 4779 tibi
600 4740 961 4795 proposueras
981 4727 1140 4782 nobis
1172 4729 1468 4794 occultare,
1505 4731 1598 4785 tibi
1629 4742 1745 4787 erat
1773 4732 1825 4786 in
1854 4733 2058 4795 animo.

477 4819 640 4871 linem
666 4817 779 4886 jam
811 4818 1054 4874 habuere
1095 4835 1197 4890 pro
1247 4829 1338 4875 tua
1385 4824 1677 4878 sententia.
1721 4824 1898 4891 Quare
1934 4842 2062 4882 vero

475 4917 533 4964 et
567 4908 622 4962 in
654 4909 773 4980 ipso
801 4909 1046 4980 ingressu
1077 4925 1140 4965 ea
1171 4927 1394 4982 prorsus
1439 4929 1549 4968 non
1593 4917 1776 4971 texisti
1818 4918 2057 4986 silentio,

475 5001 573 5058 sed
607 5001 814 5056 litteras
856 5017 981 5056 cum
1028 5002 1135 5057 illis
1183 5005 1619 5072 communicasti,
1656 5024 1792 5078 quos
1837 5012 2063 5068 nolebas

477 5093 680 5149 habere
729 5094 1025 5165 participes
1063 5109 1282 5163 eorum,
1323 5113 1444 5167 quae
1495 5115 1593 5168 per
1637 5100 1754 5158 illas
1791 5103 2063 5175 signiﬁca-

476 5187 696 5242 bantur.
731 5186 889 5252 Quod
930 5188 974 5242 si
1020 5204 1142 5258 quze
1175 5189 1478 5261 scripseras
1519 5195 1742 5252 omnino
1773 5198 2060 5254 manifesta

477 5277 548 5335 iis
587 5293 709 5334 esse
736 5279 976 5344 volebas,
1023 5281 1092 5337 ad
1145 5297 1284 5352 quos
1335 5285 1620 5356 scripsisti,
1674 5290 1802 5359 quid
1851 5291 2063 5348 tibimet

477 5367 584 5439 ipsi
630 5368 955 5436 adversaris,
991 5387 1104 5426 rem
1139 5388 1406 5445 peragens
1453 5377 1624 5432 nihilo
1654 5381 1723 5436 ab
1773 5383 2060 5455 :cnigmate

476 5457 816 5526 dissimilem,
851 5469 910 5514 ut
945 5479 1068 5530 qua:
1116 5479 1294 5534 neque
1344 5469 1532 5536 νειμ-ε,
1582 5488 1644 5527 ea
1677 5475 1791 5544 ipsa
1826 5477 1962 5532 velle
2008 5487 2061 5532 te

478 5551 946 5622 deprehendaris?
994 5556 1053 5612 Si
1105 5560 1285 5628 itaque
1321 5578 1542 5632 prorsus
1597 5582 1745 5633 ares,
1793 5569 1954 5625 sicuti
2008 5581 2061 5626 te

477 5645 617 5700 velle
651 5654 734 5700 sat
763 5647 901 5712 scio,
926 5667 1089 5721 quam
1118 5654 1306 5710 volens
1333 5657 1573 5714 oll‘udisti
1613 5663 1834 5734 scriptis
1861 5666 2060 5721 obscu-

480 5737 722 5828 ritatem,
777 5741 963 5810 rejice,
998 5753 1053 5800 et
1103 5745 1180 5799 tui
1236 5749 1449 5803 consilii
1505 5755 1832 5808 sententiam
1885 5758 2056 5828 aperi.

483 5823 666 5897 Neque
707 5831 851 5886 enim
881 5835 1151 5907 quispiam
1186 5837 1252 5893 de
1295 5849 1347 5896 te
1377 5841 1589 5911 dixerit,
1627 5823 2060 5920 voluntate'qni-

2167 3305 2241 3378 μὴ
2286 3306 2566 3376 φιλοῦντι,
2609 3304 2922 3375 μεμνῆσθαι
2993 3304 3048 3358 δὲ
3088 3305 3182 3358 καὶ
3232 3303 3374 3357 κατὰ
3417 3301 3544 3355 νοῦν
3585 3301 3758 3372 ἔχειν,

2161 3399 2223 3451 το
2267 3399 2340 3470 μὴ
2399 3397 2593 3468 φιλίως
2648 3396 2792 3466 ἔχον,
2830 3397 3115 3455 ἀδύνατον.
3154 3399 3217 3450 El
3259 3397 3316 3449 δὲ
3365 3397 3460 3448 καὶ
3507 3395 3758 3448 τοιοῦτον

2162 3489 2214 3542 τί
2238 3505 2368 3541 ποτε
2396 3487 2633 3560 γράψῃς,
2659 3484 2772 3540 οἷον
2790 3487 3102 3556 ἀναγκαίως
3127 3485 3398 3540 ἀπαιτοῦν
3424 3485 3525 3556 τὴν
3550 3487 3750 3539 ἀπολο-

2163 3582 2312 3650 γίαν,
2370 3580 2466 3634 καὶ
2511 3579 2799 3652 γράψομεν
2845 3583 3064 3644 πάντως
3134 3580 3228 3633 καὶ
3265 3578 3757 3649 ἀπολογησόμεθα.

2165 3676 2347 3729 Μόνον
2378 3673 2542 3737 αύτὺς
2575 3671 2759 3742 εὖχου,
2791 3673 2886 3725 καὶ
2911 3674 3029 3734 ταῖς
3061 3671 3197 3742 πρὸς
3228 3670 3285 3723 τὸ
3312 3671 3468 3724 Θεῖον
3499 3670 3758 3740 δεήσεσιν

2167 3766 2384 3822 εὐοδοῦν
2418 3766 2550 3837 ἡμῖν
2582 3763 2650 3818 τὰ
2680 3766 2737 3818 ἐν
2767 3763 2948 3836 χερσὶ,
2991 3761 3067 3834 μὴ
3099 3761 3315 3832 ἀμέλει.

2915 4087 3006 4155 ς’.

2237 4197 2362 4262 Τοῖς
2391 4198 2492 4268 τῆς
2527 4197 2628 4267 σῆς
2679 4197 2985 4268 θεοφιλείας
3025 4199 3354 4272 γράμμασιν
3413 4200 3754 4273 ἐντυχόντες,

2166 4289 2261 4343 τοῦ
2315 4291 2375 4342 ἐν
2419 4291 2604 4354 αὐτοῖς
2661 4292 3161 4365 ἀποκεκρυμμένου
3212 4291 3418 4346 σκοποῦ
3465 4293 3756 4363 ἐφικέσθαι

2164 4379 2265 4434 οὐκ
2301 4381 2677 4452 ἠδυνήθημεν·
2697 4383 2950 4454 ἀσαφείᾳ
2981 4383 3090 4454 γάρ
3119 4386 3345 4456 ἑκουσίᾳ
3368 4385 3468 4456 τὴν
3510 4386 3756 4442 διάνοιαν

2168 4471 2546 4542 συγκαλύψας,
2579 4474 2658 4536 είς
2692 4473 2894 4537 πολλὰς
2923 4477 3070 4546 ἡμᾶς
3112 4477 3207 4530 καὶ
3259 4475 3548 4548 διαφόρους
3598 4496 3758 4550 περι-

2172 4561 2480 4617 πλανᾶσθαι
2512 4565 2844 4634 πεποίηκας,
2879 4568 2955 4638 μὴ
3001 4568 3223 4640 ἔχοντας
3267 4570 3372 4640 ὅπη
3419 4571 3638 4641 στῶμεν
3687 4575 3752 4643 τῇ

2169 4656 2394 4728 ἀκριϐεῖ
2442 4659 2746 4730 καταλήψει
2795 4660 2890 4714 τοῦ
2942 4665 3332 4732 προκειμένου.
3385 4665 3447 4718 El
3510 4666 3613 4734 μὲν
3662 4667 3756 4720 οὖν

2164 4749 2394 4820 ἠϐούλου
2431 4750 2505 4821 μὴ
2565 4751 2824 4821 νοηθῆναι
2858 4753 2926 4806 τὰ
2959 4754 3054 4807 τοῦ
3102 4758 3327 4822 σκοποῦ,
3395 4757 3755 4829 πεπλήρωται

2166 4859 2248 4895 σοι
2292 4843 2360 4896 τὰ
2404 4842 2548 4895 κατὰ
2595 4843 2844 4914 γνώμην.
2890 4847 2954 4899 Τί
2981 4847 3038 4900 δὲ
3069 4846 3146 4918 μὴ
3188 4847 3285 4920 τὴν
3317 4850 3495 4921 ἀρχὴν
3527 4853 3754 4915 τελείως

2163 4933 2583 5008 ἀπεσιώπησας,
2635 4937 2748 4990 ἀλλ’
2787 4940 3098 5005 ὲκείνωνεις
3127 4944 3498 5014 γραμμάτων,
3529 4943 3623 5008 οὓς
3654 4946 3756 4998 οὐκ

2161 5026 2395 5098 ἠϐούλου
2429 5032 2721 5094 κοινωνοὺς
2755 5032 2920 5098 ἕξειν,
2958 5035 3049 5085 καὶ
3081 5034 3189 5086 τῶν
3241 5035 3308 5088 δι’
3338 5035 3517 5089 αὐτῶν
3547 5037 3748 5108 δηλου-

2167 5120 2378 5188 μένων;
2413 5121 2472 5174 Εἰ
2505 5123 2650 5194 ἅπερ
2681 5123 2929 5194 ἔγραψας
2959 5126 3094 5197 δῆλα
3143 5129 3363 5192 πάντως
3393 5128 3573 5199 βούλει
3601 5133 3754 5198 γενέ-

2166 5209 2290 5263 σθαι
2319 5215 2429 5274 τοῖς
2449 5213 2585 5284 πρὸς
2602 5213 2694 5278 οὓς
2725 5215 2990 5288 ἔγραψας,
3021 5221 3073 5273 τί
3099 5221 3261 5282 αὐτὸς
3303 5222 3516 5290 σεαυτῷ
3549 5221 3751 5295 ἐλέγχῃ

2163 5301 2589 5376 διαμαχόμενος,
2628 5311 2863 5381 πρᾶγμά
2901 5331 2952 5364 τι
3007 5313 3197 5378 ποιῶν,
3231 5315 3364 5388 παρ’
3417 5316 3572 5368 οὐδὲν
3614 5319 3751 5371 αἰνί-

2166 5410 2376 5465 γματος
2402 5399 2708 5466 διαλάττον,
2739 5406 2832 5456 καὶ
2872 5405 3093 5475 ἆπερῗᾶν
3124 5407 3350 5474 ἐθέλοις,
3382 5409 3440 5462 ὲν
3465 5410 3650 5481 ταυτῷ
3679 5410 3752 5482 μὴ

2166 5486 2336 5541 θέλων
2367 5492 2728 5562 φαινόμενος;
2764 5497 2825 5550 Εί
2859 5494 2953 5551 οὖν
2981 5499 3117 5561 ὅλως
3171 5500 3374 5571 βούλει,
3411 5501 3604 5574 ῶσπερ
3632 5499 3752 5557 οἶδα

2165 5582 2260 5634 καὶ
2311 5581 2517 5652 βούλει,
2551 5589 2769 5658 περίελε
2800 5592 2866 5662 ἣν
2901 5593 3042 5645 ἑκὼν
3077 5596 3330 5665 κατέχεις
3360 5597 3468 5648 τῶν
3496 5615 3749 5669 γεγραμ-

2168 5675 2348 5746 μένων
2399 5677 2690 5749 ἀσάιρειαν,
2741 5685 2836 5737 καὶ
2885 5685 3146 5754 καθαρῶς
3181 5692 3312 5760 ἡμῖν
3346 5690 3510 5760 δήλου
3557 5693 3626 5743 τε
3655 5690 3747 5745 τοῦ

2166 5764 2395 5821 σκοποῦ.
2431 5768 2506 5820 Ού
2547 5769 2656 5842 γὰρ
2684 5774 2749 5826 ἄν
2791 5791 2874 5838 τις
2922 5777 3015 5829 ἐπὶ
3060 5777 3144 5830 σοὶ
3186 5777 3412 5843 λέξειεν,
3459 5778 3747 5849 βούλεσθαι

2167 5857 2289 5926 μὲν,
2346 5858 2420 5928 μὴ
2465 5859 2723 5917 δύνασθαι
2780 5865 2861 5928 δὲ,
2919 5869 3012 5923 καὶ
3060 5871 3404 5944 ἀτονωτέραν
3449 5874 3596 5944 ἔχειν
3653 5875 3749 5943 τὴν
