3868 6476
224 341 334 406 233

1665 333 1788 394 ΕΡῙ
1797 330 2072 395 STOLAE.

3378 334 3485 398 234

223 459 478 532 γλῶτταν
514 455 614 526 τῆς
665 455 930 523 διανοίας,
969 455 1026 520 ὃς
1061 450 1249 523 νοῆσαί
1282 465 1337 503 τε
1387 448 1587 518 ἀγαθὸς
1617 446 1685 512 εἷ,
1719 450 1813 503 καὶ

1928 448 2040 504 lem
2068 445 2268 512 valere,
2288 445 2382 501 sed
2405 445 2609 502 viribus
2635 444 2856 502 destitui
2877 453 2933 502 et
2952 443 3187 519 linguam
3206 447 3486 518 possidere

226 549 574 622 ἑρμηνεῦσαι
619 548 681 602 τὸ
721 546 914 619 νοηθὲν
963 545 1318 607 ἱκανώτατος.
1351 543 1417 596 Ὅ
1469 541 1526 594 δὲ
1572 540 1708 611 πρὸς
1734 539 1813 610 τῷ

229 643 380 695 τέλει
407 642 505 711 τῆς
533 637 828 709 ἐπιστολῆς
861 637 1128 708 ἔγραψας,
1178 632 1589 698 ἀποδυσπετῶν,
1622 631 1716 686 καὶ
1745 633 1814 685 τὰ

230 736 470 805 μέγιστα
509 733 758 804 ἀθυμῶν,
787 731 977 800 ὥσπερ
1042 731 1150 784 ὑπὸ
1199 729 1387 783 τούτου
1445 727 1810 796 κωλυόμενος,

224 822 321 878 τοῦ
376 824 455 894 μὴ
505 825 608 894 τῆς
656 823 815 894 ⁴ἡμῶν
844 821 1137 876 ἀπολαύειν
1164 820 1260 875 καὶ
1288 820 1415 883 θέας
1446 820 1539 873 καὶ
1559 818 1770 889 ὁμιλίας
1796 834 1810 848 ·

227 918 328 970 καὶ
355 917 476 970 τόδε
512 915 666 989 παρὰ
715 917 798 969 σοὶ
833 919 1010 969 κεῖται
1031 931 1044 946 ⁴
1078 915 1172 969 σοῦ
1219 916 1328 984 γὰρ
1366 913 1692 984 βουλομένου
1721 910 1817 964 καὶ

227 1008 390 1078 ἡμῶν
437 1008 752 1072 ἐθελόντων,
787 1008 870 1072 τίς
907 1008 1024 1061 ἔσθ’
1048 1009 1077 1060 ὁ
1106 1007 1362 1072 κωλύων;
1399 1004 1671 1077 ζητοῦμεν
1703 1021 1810 1075 μα-

229 1101 368 1155 θεῖν.
420 1101 568 1172 Πλὴν
603 1101 741 1155 ἀλλὰ
781 1104 878 1155 καὶ
915 1099 1092 1166 ἀπὼν,
1138 1101 1214 1170 μὴ
1241 1098 1428 1170 παύσῃ
1463 1099 1815 1170 μεμνημένος

229 1194 412 1264 ἡμῶν,
451 1193 548 1248 καὶ
587 1195 645 1248 τὸ
690 1194 844 1249 Θεῖον
871 1195 1002 1264 ἡμῖν
1037 1210 1098 1246 τε
1127 1194 1221 1246 καὶ
1252 1191 1329 1264 τῷ
1357 1191 1472 1263 λαῷ
1498 1192 1588 1246 διὰ
1614 1193 1816 1255 παντὸς

230 1290 372 1342 ἱλεού
381 1305 568 1360 μενος.

530 1540 604 1593 Ζ’.
643 1538 1080 1602 Κωνσταντίνῳ
1108 1538 1188 1605 τῷ
1231 1533 1510 1608 Ῥωμαίῳ.

299 1651 622 1722 Γραμματά
656 1667 747 1720 μοι
775 1645 880 1722 ἧκε
911 1650 1063 1722 παρὰ
1088 1651 1188 1721 τῆς
1226 1651 1387 1722 φίλης
1427 1653 1551 1724 ἐμοὶ
1581 1653 1675 1708 καὶ
1705 1672 1818 1724 χει-

227 1744 323 1814 ρὸς
354 1745 453 1796 καὶ
491 1741 761 1813 γλώττης.
814 1741 1128 1813 Γράμματα
1179 1744 1390 1814 φιλίας,
1441 1745 1576 1815 ὅσης
1623 1747 1818 1818 ἡδονῆς

231 1835 648 1899 ἀποστάζοντα.
692 1833 838 1903 Ἐγὼ
868 1834 926 1888 δὲ
954 1834 1204 1906 ἠχθόμην
1237 1836 1423 1908 διπλῆ,
1479 1838 1631 1909 φιλίᾳ
1672 1839 1820 1911 πάσῃ

232 1925 594 1997 μικροψύχως
620 1924 977 1996 ἐπαρώμενος
995 1929 1090 1980 καὶ
1111 1927 1487 1998 μεμφόμενος,
1507 1929 1569 1983 οὐ
1590 1928 1667 2000 τῷ
1696 1947 1821 1983 στε-

233 2018 451 2087 ρεῖσθαι
471 2018 631 2087 μόνον
647 2017 741 2070 τοῦ
762 2017 1110 2089 φιλουμένου,
1129 2019 1265 2072 ἀλλὰ
1283 2023 1378 2073 καὶ
1400 2021 1478 2090 τῷ
1494 2021 1824 2093 παραζηλῶ-

232 2125 326 2162 σαι
342 2107 529 2170 πλέον,
551 2109 643 2161 καὶ
659 2108 848 2172 δεινῶς
867 2109 1283 2180 ὑποκνισθῆναι,
1297 2111 1391 2164 καὶ
1405 2111 1598 2165 παθεῖν
1612 2111 1709 2182 τὴν
1723 2112 1825 2182 ψυ-

232 2200 455 2274 χὴν,ἐφ’
477 2195 557 2266 οἷς
574 2201 795 2273 ἐτέρους
811 2203 911 2273 μὲν
928 2202 1114 2274 ἑώρων
1142 2205 1489 2275 γραμμάτων
1514 2207 1787 2259 ἀπολαῦον
1800 2234 1814 2247 ο

232 2309 334 2356 τας
353 2294 484 2354 σῶν,
511 2294 609 2364 ἐμὲ
623 2294 1009 2366 ὦσπερζημελη
1021 2295 1183 2365 μένον
1202 2297 1294 2350 τὸν
1317 2298 1468 2368 παρὰ
1493 2299 1574 2351 σοὶ
1592 2299 1821 2370 Ὀρέστῃ

240 2385 378 2438 ποτὲ
428 2386 680 2457 Πυλάδην
726 2382 868 2440 εἶναι
924 2389 1192 2458 οίόμενον.
1233 2389 1396 2443 Ἀλλὰ
1429 2389 1526 2444 νῦν
1552 2391 1732 2461 ἐπέχω
1762 2391 1823 2445 τὺ

236 2479 425 2548 χρέος,
464 2478 753 2548 ἐπιστολὴν
787 2479 1101 2550 δεξάμενος,
1138 2481 1342 2553 μικρὰν
1373 2482 1495 2552 μὲν,
1529 2481 1698 2554 καλὴν
1731 2483 1818 2536 δέ·

235 2572 350 2624 οὐδ’
372 2572 500 2624 ὅσον
537 2572 740 2638 είπεῖν,
769 2573 864 2626 καὶ
889 2574 950 2626 οὐ
979 2577 1151 2646 τρεῖς,
1186 2575 1322 2629 ἀλλὰ
1359 2576 1561 2648 μυρίας
1591 2577 1820 2647 ἔχουσαν

238 2665 340 2728 τὰς
375 2667 434 2717 ὲν
465 2665 602 2735 αὐτῇ
634 2666 887 2735 χάριτας.
922 2668 1095 2738 Χαῖρε
1133 2669 1441 2740 τοιγαροῦν,
1477 2671 1572 2722 καὶ
1617 2671 1816 2741 γράφε,

238 2756 336 2810 καὶ
377 2759 492 2821 τοῖς
537 2758 804 2820 τοιούτοις
860 2758 1099 2829 ἡδίστοις
1149 2762 1444 2832 γράμμασι
1489 2761 1818 2833 παραμυθοῦ

237 2849 439 2920 ψυχὴν,
473 2850 622 2922 πόθῳ
657 2849 738 2921 τῷ
776 2851 907 2923 περὶ
941 2852 1001 2904 σὲ
1047 2852 1404 2922 κάμνουσανο
1434 2854 1510 2918 ὡς
1548 2855 1712 2925 ἡμεῖς
1756 2871 1820 2924 γε

239 2940 309 2992 τὰ
339 2939 412 2993 σὰ
440 2939 608 3005 ἀξίως
633 2939 966 3011 ἐπαινοῦμεν
993 2941 1281 3013 μηδαμῶς,
1309 2943 1574 3015 φιλοῦμεν
1599 2943 1680 2997 δέ.

742 3228 822 3283 H'.
870 3226 957 3294 Τῷ
989 3228 1358 3295 Λαοδικείας.

325 3338 702 3410 Ἐγκαλοῦμαι
741 3334 854 3402 οὖν,
887 3338 974 3410 ἐφ’
1013 3333 1096 3403 οἷς
1128 3339 1229 3393 οὐκ
1262 3339 1378 3394 ἔστι
1427 3356 1517 3411 μοι
1543 3338 1819 3410 ἀπολογή-

245 3432 444 3488 σασθαι
479 3431 790 3504 ῥᾴδιον,οὑχ
814 3433 888 3496 ὼς
917 3431 1216 3504 ἀποροῦντι
1246 3433 1567 3503 ἀπολογίας,
1591 3435 1709 3488 ἀλλ’
1749 3435 1826 3498 ὼς

243 3523 542 3596 ἀποροῦντι
582 3524 799 3595 σχολῆς.
827 3524 975 3595 Πλὴν
1010 3525 1072 3579 τὸ
1107 3526 1208 3595 μὲν
1236 3527 1448 3598 σιωπᾷν
1490 3525 1826 3592 ὲγκαλείσθω

246 3635 339 3684 μοι
353 3617 593 3687 ’μετέχει
611 3616 720 3686 γὰρ
738 3616 1016 3688 ἀληθείας,
1039 3617 1142 3672 κᾶν
1166 3617 1298 3689 μηδὲ
1317 3617 1648 3688 συγγνώμης
1665 3619 1824 3687 ἀμοιο

248 3711 335 3780 ρῇο
355 3710 417 3762 τὸ
430 3711 487 3763 δὲ
506 3711 580 3780 μὴ
599 3710 798 3779 φιλεῖν,
818 3709 951 3781 μηδέ
969 3727 1094 3764 ποτε
1107 3752 1120 3773 ,
1136 3710 1169 3780 ἢ
1188 3710 1281 3764 καὶ
1291 3711 1352 3762 τὸ
1377 3709 1451 3781 μὴ
1471 3709 1592 3763 κατ’
1613 3710 1826 3780 ἄνθρω-

242 3816 347 3854 πον
371 3799 680 3868 λογίζεσθαι
717 3801 982 3871 πρότερον
1005 3815 1020 3832 ο
1051 3800 1154 3854 κᾶν
1188 3801 1238 3853 οί
1267 3800 1415 3866 λόγοι
1453 3799 1526 3871 μὴ
1547 3800 1825 3869 φέρωνται

243 3891 382 3958 πρδς
397 3893 521 3953 τοὺς
537 3891 746 3960 φίλους.
780 3890 921 3960 Ἐγὼ
940 3891 1048 3962 γὰρ
1076 3891 1223 3954 ὅπως
1239 3891 1349 3962 ἔχω
1377 3892 1558 3958 φιλίας
1581 3892 1718 3962 πρὸς
1741 3892 1826 3959 σὲ,

243 3982 340 4035 καὶ
366 3982 530 4046 αὐτὸς
554 3980 722 4050 οἶδας,
742 3984 800 4048 ὃς
819 4000 882 4052 γε
899 3982 1056 4036 τοῦτο
1082 3984 1216 4047 τέως
1245 3984 1548 4054 ὁμολογεῖς.
1566 3985 1647 4036 ὅτι
1681 4000 1827 4053 παρ-

240 4074 373 4128 όντα
401 4073 562 4144 φιλῶ.
580 4075 732 4128 Ἐπεὶ
752 4075 809 4128 δὲ
829 4075 1004 4139 τοῦτο,
1042 4076 1177 4146 μηδὲ
1207 4075 1284 4146 τῷ
1317 4076 1490 4146 ἑτέρῳ
1528 4077 1814 4148 διαπιστή-

245 4183 366 4239 ang,
381 4168 464 4219 ὅτι
477 4168 566 4220 καὶ
579 4169 787 4221 ἀπόντα
804 4167 987 4223 πλέον.
1007 4169 1277 4237 Παρόντος
1295 4167 1392 4238 μὲν
1408 4167 1517 4237 γὰρ
1535 4168 1694 4221 ἱκανὰ
1718 4187 1819 4221 πα-

245 4257 609 4331 ραμυθεῖσθαι
648 4259 708 4312 τὸ
739 4260 960 4330 φίλτρον
994 4260 1115 4329 ὄψις
1149 4277 1206 4312 τε
1243 4259 1402 4331 αὑτὴ,
1433 4259 1526 4314 καὶ
1555 4258 1702 4328 λόγοι
1733 4260 1826 4312 καὶ

242 4350 452 4420 ὁμιλία,
485 4351 718 4415 ἀπόντος
745 4353 802 4405 δὲ
824 4352 972 4422 δεινὴ
995 4351 1281 4406 ἐπιθέσθαι
1310 4355 1346 4422 ἡ
1379 4352 1586 4421 ἔφεσις,
1621 4351 1825 4416 παντὸς

1917 539 2243 610 cogitatione
2270 538 2702 606 imbecilliorem,
2723 540 2814 614 qui
2845 548 2900 594 et
2926 540 3226 611 intelligere
3257 543 3489 600 maxime

1916 631 2116 702 possis,
2147 640 2203 686 et
2233 631 2514 686 intellectu
2546 641 2808 702 concepta
2850 632 3033 687 verbis
3059 634 3366 704 exprimere
3391 652 3490 708 ap-
3521 660 3527 692 :

1917 723 2092 794 prime
2145 723 2476 793 peridoneus
2522 738 2605 778 es.
2664 723 2743 779 Ae
2789 725 2933 794 quod
2985 726 3039 780 in
3092 727 3199 781 fine
3245 728 3488 798 epistolae

1917 813 2216 885 scripseras
2241 813 2545 880 fastidiens,
2567 823 2624 869 et
2653 822 2762 869 tete
2795 816 2959 869 animi
2995 819 3365 889 maximopere
3385 837 3488 876 an-
3531 841 3542 860 ι

1918 921 2072 976 gens,
2121 905 2273 976 quasi
2331 906 2400 960 ab
2447 906 2550 960 hoc
2608 905 2968 975 impedireris,
3021 923 3090 963 ne
3155 919 3209 965 et
3262 922 3489 982 aspectu
3575 913 3600 930 ⁴³

1918 1006 2108 1053 nostro
2155 1007 2211 1052 et
2247 997 2513 1067 colloquio
2554 997 2833 1061 fruereris,
2886 999 2991 1054 hoc
3036 1001 3093 1055 in
3129 1012 3222 1056 tua
3272 1020 3490 1075 quoque

1917 1104 2082 1143 manu
2112 1097 2234 1148 est.
2276 1088 2410 1142 Nam
2449 1089 2495 1143 si
2535 1090 2632 1144 tibi
2663 1090 2719 1144 in
2767 1090 2951 1146 animo
2991 1102 3094 1155 est,
3122 1101 3178 1147 et
3227 1110 3330 1150 nos
3378 1111 3488 1150 non

1919 1180 2369 1249 abnuimus,quis
2391 1179 2554 1236 fuerit
2583 1181 3005 1252 impedimento?
3034 1185 3147 1240 Hoc
3170 1189 3492 1257 perquiren-

1919 1272 2068 1327 tibus
2097 1271 2296 1327 indica.
2333 1272 2605 1344 Quidquid
2642 1275 2861 1330 tandem
2896 1276 2988 1344 sit,
3013 1287 3069 1333 et
3108 1279 3238 1335 hinc
3269 1281 3490 1348 absens,

1918 1362 2090 1417 nostri
2122 1359 2300 1417 vivam
2347 1374 2611 1435 perpetuo
2658 1368 2976 1422 memoriam
3024 1378 3231 1439 teneto,
3276 1371 3489 1430 Numen

1919 1455 2078 1510 nobis
2104 1463 2159 1512 et
2183 1456 2387 1527 pepulo
2416 1458 2681 1512 continuo
2714 1459 3038 1529 protritians.

2323 1564 2434 1622 νιι.
2469 1567 2815 1624 Constantino
2845 1570 3104 1628 Romano.

1992 1677 2237 1734 Reddita:
2255 1689 2385 1734 sunt
2415 1681 2547 1736 mibi
2577 1681 2772 1738 litterae
2793 1683 2861 1738 ab
2883 1685 3056 1739 amica
3081 1685 3215 1742 mihi
3243 1697 3298 1744 et
3329 1705 3493 1746 manu

1853 1777 1978 1864 Bet
2022 1770 2235 1841 lingua;
2284 1771 2476 1827 litterae
2531 1775 2784 1830 amicitiae
2830 1778 3080 1832 maximis
3126 1780 3494 1850 voluptatibus

1923 1863 2235 1918 cumulatas.
2272 1863 2384 1935 Ego
2413 1881 2540 1921 vero
2582 1882 2724 1937 ξρετε
2761 1868 2855 1921 tuli
2900 1869 3208 1940 dupliciter,
3238 1875 3494 1932 amicitiae

1924 1955 2212 2020 universae,
2244 1957 2394 2026 quasi
2429 1958 2610 2027 pusilli
2650 1959 2814 2013 animi
2851 1975 3048 2028 essem,
3087 1961 3411 2033 imprecaris,
3438 1977 3495 2022 et

1923 2060 2043 2102 eam
2071 2061 2352 2114 accusans,
2383 2058 2440 2104 et
2465 2048 2608 2118 quod
2640 2060 2693 2105 te
2722 2061 2900 2107 amato
2933 2054 3216 2123 spoliarer,
3246 2066 3320 2122 et,
3348 2058 3494 2127 quod

1923 2139 2097 2210 magis
2124 2149 2227 2203 est,
2262 2139 2578 2195 invidentia.-
2604 2142 2836 2211 quodam
2882 2154 3035 2199 motu
3063 2146 3283 2216 acrique
3313 2149 3497 2217 pruri-

1922 2231 2045 2301 gine
2061 2233 2328 2295 concitus,
2348 2233 2531 2287 animo
2548 2233 2827 2300 deﬁcerer,
2851 2253 2973 2290 cum
2997 2237 3115 2292 aliis
3137 2247 3258 2293 tuas
3283 2239 3496 2296 litteras

1925 2321 2076 2377 reddi
2122 2339 2425 2389 cernerem,
2477 2341 2564 2380 me
2603 2341 2755 2388 vero,
2793 2329 2884 2397 qui
2927 2330 3215 2400 aliquando
3259 2333 3401 2402 apud
3443 2342 3497 2388 te

1923 2410 2170 2466 Orestem
2205 2413 2430 2484 Pylades
2463 2429 2583 2470 esse
2616 2416 2989 2483 existimabar,
3025 2421 3328 2491 neglectum
3363 2437 3496 2476 con-

1927 2504 2155 2573 temptui
2186 2505 2394 2560 haberi.
2429 2507 2496 2561 At
2521 2523 2669 2562 nunc
2696 2522 2826 2564 vere
2855 2510 3099 2565 debitum
3132 2513 3265 2566 mihi
3295 2515 3494 2570 tribui-

1928 2605 2033 2663 tur,
2065 2597 2194 2652 dum
2230 2599 2436 2670 accipio
2468 2601 2748 2670 epistolam
2776 2644 2789 2669 ,
2826 2587 3047 2673 parvam
3082 2605 3226 2660 illam
3254 2607 3498 2676 quidem,

1924 2691 2020 2746 sed
2049 2691 2186 2745 adeo
2218 2691 2524 2760 pulchram,
2555 2701 2617 2746 ut
2660 2707 2912 2750 sermone
2941 2696 3172 2766 exprimi
3222 2708 3497 2768 nequeat;

1922 2789 1978 2836 et
2004 2797 2113 2836 non
2146 2781 2342 2846 tribus,
2371 2782 2468 2837 sed
2495 2782 2797 2839 innumeris
2834 2785 3034 2840 Gratiis
3076 2787 3352 2842 refertam.
3391 2789 3500 2844 Va-

1921 2877 2033 2931 leas
2088 2873 2251 2944 igitur
2301 2874 2637 2944 scribasque,
2690 2883 2744 2931 et
2798 2876 3067 2946 ejusmodi
3120 2880 3499 2938 minutissimis

1921 2963 2164 3034 epistolis
2199 2977 2267 3018 ex
2297 2971 2392 3018 tuo
2418 2979 2604 3020 amore
2631 2967 2872 3021 animum
2900 2968 3236 3025 laborantem
3264 2985 3498 3029 recrees.

1922 3055 2012 3111 Sic
2035 3071 2136 3111 nos
2167 3049 2256 3110 tria
2289 3054 2452 3127 digne
2478 3056 2764 3114 laudamus
2792 3060 3042 3130 equidem
3069 3078 3374 3133 nunquam,
3403 3063 3498 3122 sed

1856 3151 1898 3211 ο
1932 3146 2090 3216 plane
2122 3163 2388 3207 amamus.

2458 3243 2602 3301 VIII.
2643 3243 2975 3301 Laodicensi.

1998 3349 2241 3406 Accusor
2272 3368 2440 3417 nunc,
2471 3368 2568 3423 pro
2591 3353 2789 3424 quibus
2817 3325 2928 3410 ιιίη
2960 3355 3034 3410 ita
3066 3354 3242 3413 facilis
3269 3373 3501 3432 respon-

1929 3440 2010 3494 sio
2037 3450 2148 3498 est:
2186 3457 2296 3497 non
2331 3445 2476 3514 quod
2515 3445 2872 3514 responsione
2903 3446 3191 3514 destituor,
3220 3452 3316 3506 sed
3356 3454 3500 3523 quod

1926 3530 2098 3583 otium
2133 3545 2242 3584 non
2280 3533 2540 3602 suppetit.
2565 3541 2817 3591 Attamen
2844 3537 3120 3593 silentium
3158 3540 3292 3595 mihi
3327 3541 3501 3614 impe-

1928 3634 2079 3678 ratur
2109 3646 2122 3680 :
2160 3643 2394 3698 namque
2421 3628 2475 3685 id
2505 3645 2537 3685 a
2564 3633 2797 3688 veritate
2829 3633 3067 3690 alienum
3095 3651 3207 3692 non
3241 3646 3347 3704 est,
3375 3638 3502 3696 licet

1929 3715 2087 3770 venia
2134 3721 2502 3775 excusationis
2547 3738 2659 3778 non
2712 3735 2938 3780 careat:
3000 3741 3154 3783 amor
3191 3743 3323 3785 vero
3372 3745 3501 3802 erga

1927 3807 2154 3873 amicos,
2179 3825 2457 3879 nunquam
2490 3813 2623 3868 mihi
2661 3814 2982 3888 denegatur,
3011 3829 3106 3875 aut
3141 3820 3218 3874 uti
3251 3821 3502 3880 homines

1929 3913 2038 3954 non
2080 3902 2418 3966 ratiocinari,
2449 3905 2550 3960 etsi
2590 3922 2872 3965 sermones
2902 3911 2968 3966 ad
3004 3912 3212 3970 amicos
3241 3931 3352 3970 non
3403 3916 3502 3972 de-

1931 3988 2193 4046 ferantur.
2247 3994 2360 4064 Ego
2410 3997 2610 4052 etenim
2641 4015 2750 4070 qna
2805 4010 2984 4058 tecum
3025 4004 3260 4060 amicitia
3306 4006 3502 4064 derin-

1929 4079 2062 4144 cior,
2085 4091 2202 4138 tute
2232 4083 2345 4155 ipse
2370 4087 2482 4156 jam
2523 4088 2665 4144 bene
2695 4090 2858 4157 nosti,
2919 4094 3012 4163 qui
3045 4111 3147 4150 nec
3189 4096 3398 4153 inficias
3432 4099 3501 4163 is,

1929 4183 2252 4241 praesentem
2281 4185 2336 4232 te
2361 4180 2532 4234 amari
2562 4196 2594 4235 a
2633 4197 2741 4237 me.
2774 4185 2827 4240 ld
2868 4186 2913 4240 si
2943 4188 3016 4242 ita
3045 4203 3104 4244 se
3133 4189 3320 4254 habet,
3345 4192 3502 4248 alteri

1927 4278 2144 4332 quoque
2189 4265 2351 4321 ﬁdem
2404 4269 2708 4339 adhibebis,
2755 4276 2930 4332 multo
2973 4279 3144 4350 magis
3193 4280 3497 4338 absentem.

1927 4354 2218 4411 Praesentis
2243 4358 2510 4428 siquidem
2541 4364 2759 4420 abunde
2788 4368 2920 4422 satis
2957 4371 3266 4439 cupidinem
3299 4374 3502 4430 solabi-

243 4439 560 4512 mpst’iouua
602 4443 695 4496 τοῦ
723 4443 1192 4515 παρακαλοῦντος.
1236 4443 1398 4497 Ἀλλὰ
1430 4445 1494 4498 σὺ
1521 4444 1819 4515 δυσπαραί-

1932 4453 2020 4501 tur
2047 4457 2104 4502 et
2133 4461 2387 4520 aspectus
2433 4454 2550 4524 ipse
2581 4465 2636 4512 et
2679 4474 2959 4516 sermones
3007 4472 3062 4517 et
3100 4464 3364 4535 colloquia
3397 4483 3411 4520 :
3444 4476 3503 4522 at

242 4549 407 4602 τητος
431 4534 570 4605 πρὸς
601 4535 698 4605 τὴν
730 4536 962 4606 σιωπὴν,
1008 4537 1220 4606 πικρῶς
1250 4537 1381 4608 ἡμῖν
1410 4535 1577 4606 αὐτὴν
1603 4536 1696 4590 καὶ
1722 4534 1820 4606 βα-

247 4627 388 4694 ρέως
447 4626 768 4697 προτείνων,
801 4629 868 4698 ἢν
908 4628 1005 4698 οὐχ
1038 4627 1274 4695 ἑκόντες,
1330 4627 1523 4695 πόθεν;
1559 4627 1695 4682 ἀλλὰ
1728 4629 1822 4681 καὶ

247 4718 372 4772 λίαν
397 4718 626 4782 ἄκοντες
654 4719 894 4791 φέρομεν
916 4721 1052 4791 πρὸς
1084 4721 1206 4784 τοὺς
1233 4721 1440 4791 φίλους.
1481 4720 1669 4793 Ιζράφε
1707 4719 1821 4772 τοί-

245 4828 342 4862 νυν
371 4809 556 4874 αὐτὸς,
589 4811 688 4863 καὶ
715 4812 1067 4882 παραμυθοῦ,
1099 4813 1194 4867 καὶ
1221 4813 1364 4866 κατὰ
1399 4812 1560 4865 τοῦτο
1594 4810 1818 4882 μᾶλλον,

242 4900 320 4964 ὡς
349 4901 502 4971 παρὰ
538 4902 764 4972 γνώμην
793 4920 847 4955 τι
878 4904 1208 4974 πάσχοντας,
1241 4903 1326 4971 ἐφ’
1354 4896 1433 4966 οἷς
1461 4901 1634 4972 φιλεῖν
1670 4900 1820 4970 ἔχον-

242 5008 358 5058 τες,
383 4993 749 5064 κεκωλύμεθα
772 4993 908 5065 πρὸς
925 4996 983 5047 τὸ
1005 4995 1212 5063 λέγειν·
1242 4994 1393 5047 ὥσπε
1403 5011 1432 5064 ρ
1459 4994 1613 5057 εἴτις
1635 4991 1818 5060 ἀλγῶν

243 5085 378 5138 αὐτὸ
412 5085 572 5138 τοῦτο
602 5088 886 5157 ἐπετράπη
917 5086 977 5139 τὸ
1012 5089 1245 5158 σιωπᾷν,
1283 5087 1377 5140 καὶ
1407 5086 1481 5156 μὴ
1514 5084 1693 5152 λέγειν
1719 5083 1817 5155 τὴν

242 5177 536 5246 ἀλγηδόνα.

242 5267 386 5322 male
433 5283 492 5324 se
537 5270 743 5326 habens
775 5272 1091 5340 dolensque,
1128 5272 1307 5343 ipsum
1353 5271 1459 5327 hoc
1506 5271 1580 5325 illi
1619 5269 1818 5326 silentii
1855 5270 1906 5325 le

243 5365 410 5421 corde
444 5374 659 5435 premat
683 5366 918 5421 dolores.

828 5475 905 5530 8'.
955 5475 1039 5542 Τῷ
1070 5476 1250 5542 αὐτῷ.

315 5588 475 5642 Μετὰ
502 5589 604 5658 τὴν
630 5589 901 5657 ἐντεῦθεν,
928 5591 1004 5654 ὡς
1041 5591 1115 5663 μὴ
1143 5590 1373 5662 ὤφελεν,
1406 5592 1672 5664 ἐκδημίαν
1702 5610 1818 5659 σου,

243 5682 304 5735 οὐ
331 5681 421 5735 διὰ
445 5682 712 5756 γλώττης,
738 5684 798 5739 οὐ
826 5684 914 5738 διὰ
961 5686 1327 5757 γραμμάτων,
1373 5686 1481 5740 οὐδ’
1525 5684 1816 5756 ότιοῦνπερ

245 5775 344 5845 τῆς
379 5775 505 5844 ἐμοὶ
544 5775 706 5846 φίλης
734 5776 1032 5848 ἀκηκοότες
1057 5777 1258 5848 ψυχῆς,
1285 5778 1426 5834 οὕτω
1465 5779 1809 5850 διακείμεθα,

527 5877 795 5935 ΡΑτιιοι..
832 5874 950 5935 (in.
991 5873 1208 5935 CXIV.

1929 4537 2167 4594 absentis
2199 4539 2506 4600 immaniter
2543 4547 2874 4606 desiderium
2917 4553 3147 4620 invadit,
3182 4571 3305 4610 cum
3348 4558 3501 4614 nulla

1928 4627 2094 4684 leniat
2145 4635 2462 4690 consolatio.
2525 4636 2608 4693 Tu
2663 4657 2794 4696 vero
2863 4645 3153 4699 adversum
3220 4647 3497 4704 silentium

1927 4722 2296 4793 inexorabilis,
2321 4730 2451 4786 illud
2481 4734 2638 4790 nobis
2666 4751 2848 4794 amare
2870 4741 3123 4810 equidem
3152 4743 3498 4815 graviterque

1927 4816 2190 4886 inculcas,
2221 4823 2364 4891 quod
2398 4840 2509 4880 non
2543 4842 2770 4898 sponte;
2805 4834 2951 4888 unde
2983 4835 3130 4889 enim
3161 4837 3214 4892 id
3251 4837 3501 4907 contige-

1927 4905 2036 4960 rit?
2067 4909 2161 4963 sed
2197 4926 2361 4980 quam
2398 4917 2632 4973 maxime
2665 4921 2820 4976 inviti
2855 4939 2979 4996 erga
3009 4925 3215 4982 amicos
3243 4925 3496 4987 facimus.

1929 4995 2120 5054 Scribe
2168 5001 2350 5074 itaque
2383 5014 2460 5071 tu,
2505 5018 2560 5064 et
2587 5025 2808 5080 recrea;
2855 4995 3085 5086 ideoque
3128 5017 3496 5088 potissimum,

1926 5089 2072 5157 quod
2105 5102 2303 5161 praeter
2341 5101 2671 5156 sententiam
2697 5105 2990 5173 patiamur,
3011 5108 3164 5173 dum,
3185 5124 3310 5164 cum
3339 5109 3502 5165 liceat

1925 5196 2130 5250 amare,
2155 5187 2373 5244 dicendi
2399 5190 2658 5249 facultate
2675 5197 2988 5266 privamur;
3024 5216 3178 5270 teque
3207 5217 3270 5258 ac
3298 5202 3350 5258 si
3375 5203 3499 5272 quis

1909 5287 1973 5343 ge
2001 5275 2330 5348 imponatur,
2361 5300 2431 5340 ne
2469 5285 2523 5340 in
2563 5303 2816 5346 sermone
2880 5293 3137 5364 deponat,
3197 5297 3290 5352 sed
3317 5309 3496 5353 mutos

2558 5490 2621 5546 IX
2635 5533 2646 5545 .
2683 5492 2886 5547 Eidem.

2000 5598 2128 5654 Post
2159 5607 2311 5656 tuum
2350 5618 2415 5657 ex
2469 5603 2554 5659 his
2584 5607 2850 5676 partibus,
2882 5606 2973 5676 qui
2999 5621 3276 5678 nunquam
3324 5612 3502 5666 conti-

1925 5688 2126 5759 gisset!
2161 5690 2483 5762 discessum,
2525 5712 2705 5766 neque
2741 5713 2837 5766 per
2865 5712 3168 5764 sermones,
3196 5713 3375 5770 neque
3401 5717 3499 5772 per

1924 5787 2131 5841 litteras
2154 5787 2432 5858 quidpiam
2465 5789 2613 5842 citari
2645 5789 2778 5845 mihi
2808 5789 2975 5844 animi
3006 5791 3257 5859 audiens,
3280 5793 3354 5850 ita
3381 5793 3500 5848 alli-
