3868 6486
238 404 349 474 237

1493 402 1831 467 EPITOME
1868 405 1956 467 CA
1966 405 2260 469 NONUM.

3389 404 3498 472 238

244 523 327 593 μὴ
404 516 519 584 τοῖς
589 518 709 574 διιεῖ
771 514 1236 587 λυσιτελέστερος,
1307 516 1381 581 ώς
1441 512 1827 570 διδακτικώτα-

1986 524 2067 571 int
2089 515 2278 571 utilior
2302 516 2398 584 sis,
2427 525 2684 588 tanquam
2726 515 2794 572 ad
2833 514 3137 573 docendum
3183 516 3501 588 aptissimus

238 630 333 677 τος
395 612 606 683 κρίνοιο
639 625 654 643 ·
716 611 813 665 καὶ
869 609 1031 664 τοῦτο
1080 607 1293 663 πολλῶν
1356 606 1674 663 ἐπισκόπων
1728 606 1825 660 καὶ

1986 607 2205 676 diceris,
2241 608 2406 679 idque
2453 610 2751 666 multorum
2772 609 3158 682 episcoporum
3189 610 3397 683 judicio
3423 620 3503 671 at-

237 702 522 773 διακρίσει
554 700 652 756 καὶ
694 699 1063 772 παρακλήσει.

317 793 402 850 ιδ’.
486 793 765 865 Κληρικδς
827 792 976 856 ἅπας
1054 792 1086 845 6
1146 790 1246 863 τῆς
1321 790 1533 854 οἰκείας
1604 791 1824 854 ὲκστας,

241 889 344 943 καὶ
411 886 514 956 τὴν
571 880 863 957 ἀλλοτρίαν
924 883 1126 951 οἰκῶν,
1199 884 1294 937 καὶ
1359 883 1497 955 πρὸς
1548 881 1647 936 τοῦ
1705 884 1828 935 ἑπι-

243 980 457 1034 σκόπου
503 977 949 1048 δυσωπούμενος,
998 976 1096 1030 καὶ
1148 976 1213 1029 οὐ
1266 974 1623 1038 παλινοστῶν,
1674 974 1828 1027 ἀκοι-

241 1071 511 1142 νώνητος.
573 1071 686 1124 Καὶ
746 1069 942 1124 τοῦτον
995 1070 1026 1122 6
1073 1068 1132 1121 ὲν
1159 1066 1358 1136 γνώσει
1405 1068 1675 1147 κατέχων,
1729 1065 1830 1121 αὐ·-

242 1163 663 1234 τοκατάκριτος.

320 1255 403 1306 ιε’.
464 1252 709 1323 Ἀνίιρος
765 1250 910 1315 ἄπας
966 1249 1220 1321 δίγαμος,
1267 1248 1301 1320 ἢ
1357 1247 1641 1320 παλλακὴν
1705 1250 1830 1302 ὲπι-

244 1344 488 1416 τρέφων.

321 1522 422 1593 ις’.
490 1523 551 1578 ’0
606 1520 1058 1593 ἀπολελυμένην,
1116 1518 1151 1590 ἢ
1203 1519 1415 1589 χήραν,
1479 1517 1513 1587 ἢ
1570 1515 1833 1589 θεράπαι-

245 1634 369 1682 ναν,
393 1616 430 1687 ἢ
455 1616 690 1689 μαινάδα
715 1613 893 1669 λαϐὼν
923 1613 1124 1683 ἱερεὺς,
1152 1611 1323 1674 ὅντως
1354 1610 1590 1680 ἁνίερος.

322 1795 421 1862 ιζ’.
480 1796 555 1850 Οὐ
611 1793 959 1864 κεκλήρωται
1015 1792 1044 1845 6
1093 1789 1186 1843 δύο
1216 1787 1474 1859 ἀδελφὰς,
1528 1787 1564 1859 ἢ
1608 1786 1834 1858 ἀνεψιὰς

251 1890 625 1960 ἀγαγόμενος.

328 1977 423 2051 ιη’.
468 1980 528 2033 Ὀ
554 1976 814 2048 κληρικὸς
842 1974 1045 2045 ἐγγύας
1076 1976 1139 2030 οὐ
1161 1975 1402 2031 δίδωσιν.

328 2069 419 2126 ιϐ’.
454 2070 719 2139 Εὑνοῦχος
759 2069 993 2141 ἱερᾶται.

325 2159 397 2217 κ’.
429 2159 801 2231 Ἐκτομίαςῦὶ
829 2157 917 2214 οὗ.

327 2261 437 2309 κα’.
516 2255 574 2309 ’0
637 2252 776 2324 μετὰ
868 2251 1071 2322 κλῆρον
1120 2247 1314 2304 ἑαυτὸν
1374 2246 1660 2319 ἐκτεμὼν,
1709 2246 1843 2303 καθ-

252 2347 483 2419 ᾕρηται.

331 2438 435 2492 κδ’.
482 2437 540 2491 Ὅ
568 2436 763 2491 ἑαυτὸν
790 2433 1043 2502 ὲκτεμὼν
1070 2431 1281 2497 λαῖκδς,
1313 2430 1412 2486 ἐπὶ
1460 2429 1707 2504 τριετίαν
1737 2429 1840 2499 ἀφ·

253 2532 524 2604 ορίζεται.

333 2632 443 2695 κγ’.
504 2624 740 2696 Πορνεία
802 2621 1089 2695 συσχεθεὶς
1135 2620 1338 2692 ἱερεὺς,
1389 2619 1424 2690 ἢ
1476 2616 1755 2689 ἐπιορκία,
1807 2615 1840 2687 ἢ

262 2716 563 2789 κλέμματι,
604 2716 932 2788 καθῄρηται.

337 2809 437 2865 κδ’.
482 2810 541 2864 ’0
592 2809 842 2881 ἱερᾶσθαι
898 2807 1130 2879 μέλλων,
1184 2807 1237 2861 εί
1300 2804 1572 2877 βούλοιτο,
1633 2819 1844 2874 προγαο

264 2903 458 2974 μείτω.

336 2994 436 3050 κε’.
480 2996 684 3069 Ἰερεὺς
728 2994 922 3049 πιστὸν
964 2994 998 3065 ἢ
1059 2993 1297 3079 ἄπιστον
1335 2992 1620 3061 τυπτήσας
1647 2986 1846 3044 καθαι-

268 3089 465 3159 ρεῐται.

1926 718 2033 775 que
2058 704 2444 760 obtestatione.

2000 794 2087 850 14.
2116 794 2306 850 Omnis
2353 794 2588 850 clericus
2642 794 2866 865 propria
2915 793 3104 849 relicta
3157 794 3391 852 ecclesia
3442 795 3501 852 in

1929 887 2108 943 aliena
2134 888 2358 958 degens,
2393 886 2438 943 si
2466 887 2535 942 ab
2555 886 2815 957 episcopo
2842 897 3126 942 revocatus
3154 903 3263 943 non
3289 889 3501 956 redeat,

1930 981 2470 1049 excommunicatur,
2521 989 2577 1035 et
2617 980 2707 1050 qui
2759 980 2905 1035 hunc
2938 980 3119 1036 sciens
3157 989 3215 1038 et
3261 983 3505 1054 prudens

1930 1069 2157 1137 detinet,
2194 1070 2868 1141 ipsemct'condemnatur.

2006 1244 2097 1301 l5.
2138 1243 2378 1310 Quilibet
2433 1243 2676 1303 secundo
2730 1245 3084 1303 matrimonio
3131 1245 3374 1315 junctus,
3414 1256 3511 1302 aut

1931 1336 2294 1392 concubinam
2322 1338 2598 1402 nutriens,
2628 1339 2695 1393 ad
2743 1338 3107 1399 sacerdotium
3151 1351 3263 1393 non
3314 1338 3510 1394 admit-

1935 1429 2087 1485 titur.

2009 1519 2094 1574 16.
2121 1518 2379 1590 Quisquis
2415 1519 2695 1575 dimissam
2718 1529 2813 1575 aut
2834 1519 3077 1585 viduam,
3111 1526 3205 1575 aut
3232 1510 3509 1585 ancillam,

1937 1618 2032 1666 aut
2068 1611 2423 1666 bacchantem
2462 1614 2519 1671 in
2564 1627 2789 1667 uxorem
2819 1612 3116 1682 acceperit,
3147 1625 3278 1668 vere
3322 1626 3508 1667 sacer-

1938 1704 2090 1760 dotio
2127 1705 2403 1778 indignus.

2015 1799 2100 1855 17.
2136 1798 2254 1853 Non
2287 1800 2538 1870 allegilur
2580 1800 2635 1855 in
2676 1800 2885 1856 clerum
2914 1801 3162 1871 quisquis
3188 1801 3323 1856 duas
3359 1815 3515 1857 soro-

1937 1901 2044 1952 res,
2076 1896 2170 1942 aut
2189 1889 2548 1944 consobrinas
2588 1890 2641 1943 in
2663 1889 3069 1945 matrimonium
3092 1890 3331 1948 duxerit.
3478 1877 3481 1881 ’

2011 1978 2100 2035 18.
2131 1978 2379 2035 Clericus
2407 1978 2786 2051 ﬁdeiussiones
2828 1997 2939 2036 non
2984 1983 3097 2037 dat.

2010 2070 2098 2126 19.
2144 2069 2440 2126 Eunuchus
2493 2074 2799 2128 sacerdotio
2844 2074 2993 2146 fungi
3033 2087 3231 2145 potest.

2008 2160 2099 2215 20.
2140 2158 2245 2227 Qui
2272 2176 2402 2216 vero
2431 2161 2672 2232 seipsum
2716 2164 3033 2230 absciderit,
3079 2179 3444 2240 nequaquam.

2008 2255 2101 2309 2t.
2144 2253 2201 2309 Si
2236 2254 2357 2324 quis
2387 2263 2674 2325 postquam
2700 2255 2754 2310 in
2788 2257 2996 2314 clerum
3022 2268 3311 2331 cooptatus
3330 2262 3516 2329 fuerit,

1942 2345 2182 2416 seipsum
2224 2346 2542 2409 absciderit,
2585 2346 2910 2417 deponatur.

2011 2437 2103 2491 22.
2125 2436 2321 2492 Laicus
2348 2436 2441 2507 qui
2469 2438 2710 2508 seipsum
2735 2440 3064 2509 exsccuerit,
3089 2457 3188 2512 per
3211 2443 3509 2500 triennium

1943 2544 2161 2601 segrega
2170 2536 2277 2585 tur.
3008 2590 3015 2599 ,

2015 2618 2104 2674 25.
2149 2620 2416 2676 Sacerdos
2437 2619 2823 2688 fornicatione,
2849 2632 2946 2679 aut
2970 2624 3238 2696 periurio,
3255 2635 3352 2682 aut
3374 2624 3523 2684 furto

1944 2709 2259 2776 obstrictus,
2290 2711 2607 2781 deponitur.

2017 2802 2109 2857 24.
2150 2802 2253 2869 Qui
2294 2804 2365 2859 ad
2403 2820 2591 2861 sacros
2632 2805 2855 2864 ordines
2906 2808 3309 2878 promovendos
3337 2818 3441 2876 est,
3475 2810 3522 2865 si

1946 2894 2077 2950 velit
2104 2895 2256 2965 prius
2289 2911 2514 2952 uxorem
2548 2896 2738 2953 ducat.

2016 2987 2105 3042 25.
2137 2986 2403 3044 Sacerdos
2429 2987 2646 3043 ﬁdelem
2667 2996 2762 3044 aut
2785 2988 3061 3047 infidelem
3093 2992 3140 3048 si
3165 2993 3523 3063 percusserit,

1948 3080 2264 3152 deponitur.
3486 3094 3491 3098 ‘

340 3178 453 3245 κς’.
522 3178 581 3233 '0
615 3177 962 3248 καθαιρεθεὶς
1013 3174 1379 3245 εὐλογώτατα,
1444 3176 1492 3229 εἰ
1540 3173 1653 3228 τῶν
1685 3170 1844 3226 θείων

2017 3174 2109 3230 26.
2140 3176 2429 3247 Depositus
2478 3178 2684 3249 justam
2729 3179 2802 3235 ob
2850 3192 3093 3242 causam.
3127 3179 3173 3236 si
3200 3195 3291 3237 res
3313 3179 3529 3237 divinas

264 3270 464 3342 ἅψεται
495 3271 680 3334 πάλιν,
715 3269 1210 3341 ὲκκηρυκτότατοε.

338 3364 443 3429 κζ’.
484 3362 546 3417 '0
577 3365 673 3416 ἐπὶ
727 3364 1007 3433 χρήμασιν
1040 3361 1243 3433 ἱερεὺς,
1285 3359 1423 3431 μετὰ
1460 3356 1555 3413 τοῦ
1602 3372 1848 3428 χειροτο-

267 3459 532 3527 νήσαντος
566 3452 1005 3526 καθαιρούμενος
1050 3451 1229 3519 ἔσται,
1285 3451 1380 3505 καὶ
1429 3448 1573 3504 κατὰ
1625 3448 1849 3519 Σίμωνα

267 3549 444 3603 εἰσαεὶ
473 3545 865 3617 ἀκοινώνητος.

338 3640 529 3713 κη’.’0
564 3642 634 3696 δι’
673 3641 950 3713 ἀρχόντων
973 3639 1274 3703 ἐπίσκοπος
1327 3636 1629 3707 γινόμενος,
1662 3633 1852 3688 καθαι-

273 3735 365 3807 pou
373 3754 534 3806 μενος
563 3735 937 3807 ἀφοριζέσθω.

340 3916 447 3970 κθ’.
512 3914 572 3968 '0
636 3912 699 3981 ἐξ
759 3911 1004 3968 ἀναιτίου
1073 3908 1318 3982 σχισθεὶς
1379 3907 1698 3967 ἐπίσκοπος,
1761 3904 1856 3958 καὶ

274 4009 492 4079 πηγνὺς
553 4007 684 4061 ἄλλο
742 4005 1172 4075 θυσιαστήριον,
1233 4001 1352 4071 μετ’
1402 3999 1582 4055 αὐτῶν
1634 3998 1748 4063 ἕξει
1794 3997 1856 4051 τὸ

272 4102 509 4155 btetan
535 4099 645 4174 [τσ.
689 4098 1015 4173 εκπτωτον].

340 4193 406 4248 λ’.
449 4193 707 4258 ’Δδεκτος
737 4194 946 4265 ἑτέροις
983 4195 1014 4249 6
1065 4191 1126 4259 ἐξ
1175 4191 1365 4263 ἑτέρου
1415 4187 1694 4260 περιόντος
1751 4184 1859 4256 ἀφ-

271 4285 602 4357 ωρισμένος.

340 4375 448 4433 λα’.
480 4376 667 4444 ,Ξίνος
721 4377 902 4449 ἱερεὺς
939 4376 1063 4448 δίχα
1114 4374 1454 4431 συστατικῶν
1509 4373 1570 4426 οὐ
1631 4369 1858 4442 προσδέ-

273 4487 432 4542 χεται
458 4484 474 4499 '
534 4471 629 4523 καὶ
675 4471 815 4541 ἔχων
874 4467 1323 4539 ὲπανακρίνεται,
1390 4465 1485 4518 καὶ
1535 4464 1586 4516 εί
1625 4462 1733 4516 τῶν
1776 4461 1863 4531 ὀρ-

1950 3282 2169 3321 rursnm
2201 3269 2459 3340 attigerit,
2498 3272 2733 3326 maxime
2768 3273 3180 3342 compellendus
3202 3283 3310 3330 est.

2019 3358 2111 3413 27.
2150 3358 2252 3425 Qui
2302 3361 2426 3416 data
2478 3365 2717 3432 pecunia
2768 3366 3025 3421 sacerdos
3059 3366 3235 3422 factus
3281 3377 3385 3431 est,
3420 3384 3529 3425 una

1951 3464 2076 3504 cum
2107 3465 2173 3504 eo
2199 3450 2290 3519 qui
2316 3451 2491 3521 ipsum
2522 3454 2799 3509 ordinavit
2827 3455 3157 3524 deponatur,
3195 3471 3263 3511 ac
3285 3456 3531 3513 Simonis

1954 3542 2089 3613 Magi
2122 3543 2296 3598 instar
2336 3544 2392 3599 in
2440 3554 2766 3615 perpetuum
2793 3548 3327 3604 excommunieetur.

2024 3634 2122 3689 28.
2161 3634 2263 3702 Qui
2302 3636 2634 3706 principum,
2680 3646 2775 3693 aut
2818 3639 3233 3711 magistratuum
3289 3640 3531 3711 potentia

1954 3725 2128 3783 fretus
2160 3728 2227 3783 ad
2261 3728 2639 3800 episcopatum
2667 3732 2998 3801 pervenerit,
3032 3730 3317 3801 depositus
3346 3746 3535 3803 aegre.

1956 3827 2136 3892 getur.

2025 3914 2118 3970 29.
2148 3915 2452 3986 Episcopus
2482 3916 2575 3986 qui
2608 3916 2727 3971 sine
2767 3929 2933 3971 causa
2980 3931 3040 3972 se
3084 3916 3156 3971 ab
3186 3916 3309 3971 aliis
3347 3931 3534 3988 segre-

1959 4009 2184 4078 gaverit,
2214 4017 2376 4079 atque
2415 4009 2563 4064 aliud
2607 4009 2780 4064 altare
2820 4010 3209 4076 construxerit,
3256 4025 3383 4066 cum
3417 4010 3537 4081 ipso

1958 4100 2265 4169 dejicietur.

2000 4259 2004 4263 _
2034 4191 2122 4248 50.
2162 4193 2246 4249 Ab
2269 4191 2389 4248 aliis
2416 4208 2525 4249 non
2561 4193 2876 4264 recipiatur,
2925 4194 3175 4265 quisquis
3203 4194 3275 4251 ab
3307 4194 3414 4251 alio
3443 4208 3540 4251 su-

1959 4284 2186 4355 perstite
2220 4286 2726 4341 excommunicatus
2762 4284 2945 4342 fuerit.

2032 4373 2122 4428 51.
2165 4373 2443 4428 Externus
2496 4375 2755 4431 sacerdos
2817 4376 3022 4447 absque
3084 4376 3543 4432 commendatitiis

1963 4461 2213 4532 epistolis
2249 4476 2363 4516 non
2389 4462 2677 4532 recipitur,
2709 4472 2764 4518 et
2793 4464 2837 4519 si
2852 4465 3090 4533 ‘habeat,
3123 4465 3411 4533 diligenter
3441 4478 3542 4520 ex-

276 4554 533 4629 θοτομῶν
596 4560 883 4630 προσίεται
914 4575 928 4591 ·
964 4559 1015 4612 εί
1041 4558 1088 4612 δ’
1119 4550 1237 4623 οὖν,
1273 4553 1690 4626 ὲφοδιαζόμενος
1734 4552 1850 4605 ἀπο

1986 4553 2262 4620 nminatur,
2294 4569 2426 4608 num
2456 4569 2552 4610 eos
2580 4554 2671 4625 qui
2702 4563 2907 4611 rectam
2932 4555 3090 4610 ﬁdem
3117 4563 3308 4609 tenent
3341 4569 3543 4625 appro-

276 4650 581 4722 πέμπεται.

344 4743 453 4800 λ6’.
509 4744 645 4817 Δίχα
672 4742 764 4800 τοῦ
796 4746 1012 4818 πρώτου
1052 4742 1196 4797 ποιεῖ
1242 4741 1396 4796 οὐδὲν
1450 4741 1479 4794 6
1535 4737 1859 4800 ἐπίσκοπος.

280 4837 329 4891 ει
383 4839 459 4908 μὴ
494 4837 563 4891 τὰ
626 4838 726 4908 τῆς
787 4834 1081 4907 παροικίας
1140 4831 1307 4887 αὐτοῦ
1339 4848 1352 4863 ⁸
1411 4832 1506 4885 καὶ
1561 4832 1591 4885 6
1647 4829 1864 4903 πρῶτος

281 4928 416 5000 ιτερ
469 4926 680 4987 ἐκείνου
744 4927 899 4982 οὐδὲν
977 4926 1068 4981 διὰ
1138 4923 1237 4996 τὴν
1318 4922 1678 4995 ὀφειλομένην
1737 4921 1867 4992 ὁμό-

281 5038 451 5077 νοιαν.

351 5111 455 5180 λτν.
507 5112 602 5182 Μὴ
647 5111 976 5183 χειροτονεῖν
1010 5108 1278 5180 ὐπερόρια
1312 5121 1327 5136 ·
1362 5105 1395 5158 6
1421 5104 1478 5159 δὲ
1530 5103 1683 5176 παρὰ
1726 5101 1868 5171 γνώ-

284 5220 395 5273 μην
422 5204 534 5256 τῶν
582 5203 867 5275 ἐγχωρίων
896 5202 1185 5266 ἐπιτελῶν,
1220 5199 1365 5273 μετὰ
1392 5198 1487 5252 τοῦ
1540 5196 1866 5268 τελουμένου

279 5294 657 5359 ἀτελέστατος.

346 5472 445 5529 16'.
521 5474 583 5529 ἐ)
633 5478 1029 5550 νεοπρόὸλητος
1068 5479 1118 5534 εί
1167 5480 1560 5552 δυσανασχετεῖ
1620 5478 1758 5551 πρὸς
1806 5479 1869 5532 τὸ

278 5564 624 5638 ιγχείρημα,
688 5570 1011 5640 ἀφορίζεται
1066 5574 1265 5644 μέχρις
1321 5572 1388 5627 ἂν
1452 5571 1870 5643 παραδέξηταιν

280 5658 328 5708 σί
374 5656 437 5711 δὲ
483 5661 635 5731 παρά
674 5660 772 5717 τοῦ
800 5662 931 5716 λαοῦ
960 5664 1034 5734 μὴ
1062 5665 1299 5735 δεχθείη,
1347 5665 1377 5715 6
1427 5664 1631 5735 κλῆρος
1675 5661 1867 5731 ἀφορίσ

281 5746 461 5812 (erat,
493 5749 576 5805 ὅτι
632 5751 711 5824 μὴ
757 5752 849 5809 τὸν
898 5752 1059 5825 ὅγλον
1111 5753 1514 5808 πεπαίδευκεν·
1547 5755 1575 5805 6
1612 5752 1669 5807 δέ
1718 5753 1865 5833 ἐστιν

281 5838 605 5907 ntemnas.

1962 4648 2056 4703 bet
2101 4665 2114 4701 :
2141 4646 2224 4701 sin
2256 4661 2410 4714 vero,
2450 4656 2767 4719 segregatur
2800 4660 2963 4718 atque
2992 4647 3294 4718 ablegatur.

2034 4741 2123 4798 32.
2157 4740 2377 4811 Absque
2415 4742 2650 4811 primate
2680 4740 2822 4796 nihil
2852 4739 2981 4796 facit
3012 4742 3324 4812 episcopus,
3348 4739 3452 4797 nisi
3481 4754 3543 4796 ea

1965 4850 2089 4904 quae
2130 4841 2257 4890 sunt
2286 4848 2399 4889 suae
2436 4833 2691 4903 parmene
2722 4850 2738 4888 :
2769 4849 2835 4889 ac
2876 4834 3080 4903 primas
3120 4833 3241 4890 sine
3286 4833 3378 4890 illo
3411 4834 3547 4890 nihil

1966 4927 2099 4983 facit
2126 4936 2350 4998 propter
2378 4926 2617 4982 debitam
2646 4927 3022 4983 concordiam.

2039 5110 2129 5167 53.
2174 5108 2341 5165 Extra
2369 5108 2620 5179 proprios
2675 5108 2813 5163 lines
2864 5122 2984 5163 non
3010 5117 3094 5165 est
3130 5109 3497 5166 ordinandum
3542 5125 3549 5166 :

1969 5205 2062 5275 qui
2114 5213 2297 5259 autem
2349 5212 2549 5273 prmter
2597 5201 2932 5256 sententiam
2964 5215 3152 5258 eorum
3186 5204 3281 5271 qui
3321 5204 3381 5256 in
3413 5200 3550 5257 locis

1971 5298 2175 5367 degunt
2234 5311 2421 5352 sacros
2462 5295 2687 5351 ordines
2739 5296 2972 5366 peragit,
3006 5311 3109 5367 pro
3148 5312 3259 5352 non
3298 5297 3550 5353 ordinato

1973 5389 2260 5442 habeatur.
3318 5430 3321 5433 .
3527 5387 3530 5391 '

2042 5480 2132 5535 5-1.
2174 5478 2276 5546 Qui
2318 5495 2512 5535 recens
2555 5480 2873 5552 designatus
2910 5488 2998 5536 est
3030 5523 3046 5547 ,
3080 5480 3128 5536 si
3165 5479 3550 5537 demandatum

1973 5585 2178 5629 munus
2204 5571 2429 5638 exsequi
2464 5581 2742 5643 gravetur,
2779 5578 3116 5643 segregatur,
3159 5570 3339 5626 donee
3366 5578 3551 5625 susce-

1976 5661 2118 5733 perit
2150 5677 2164 5715 :
2200 5659 2244 5715 si
2272 5676 2404 5717 vero
2431 5677 2461 5716 a
2495 5662 2698 5732 populo
2726 5675 2837 5717 non
2862 5669 3119 5732 receptus
3144 5660 3333 5723 fuerit,
3369 5657 3552 5714 clerus

1976 5751 2507 5816 excommunicaurr,
2534 5751 2685 5821 quod
2705 5752 2918 5822 plebem
2944 5768 3050 5808 non
3073 5750 3357 5807 edocuerit
3384 5767 3397 5805 :
3432 5749 3549 5820 ipse

1977 5856 2109 5897 vero
2148 5851 2336 5898 manet
2363 5843 2669 5912 episcopus.
