3868 6488
308 393 415 458 c.239

1439 388 1816 451 SYMEONIS
1851 388 2437 452 METAPHRASTrE

3453 390 3560 458 240

377 503 467 560 55.
509 500 746 574 Singulis
775 499 936 556 annis
965 499 1049 556 bis
1081 497 1318 571 episc0pi
1354 501 1712 564 conveniant,
1761 515 1873 570 pro-

2053 499 2146 554 λε’.
2217 500 2308 562 Δὶς
2375 499 2492 553 κατ’
2561 497 2676 562 ἔτος
2747 500 2796 553 οἱ
2862 499 3151 556 ἐπίσκοποι
3227 503 3559 563 συνιέτωσαν

307 609 427 671 pter
456 598 705 669 dogmata
749 605 804 649 et
847 594 1083 663 negotia.
1134 592 1376 647 Primum
1421 591 1640 662 quidem
1690 580 1880 662 quarta

307 694 657 748 Pentecostes
698 687 1058 753 hebdomada,
1109 687 1350 743 secundo
1397 701 1525 742 vero
1559 686 1881 742 duodecima

304 780 577 837 Octobris.

376 873 465 927 56.
511 871 815 942 Episcopus
845 884 934 926 res
965 868 1225 925 Ecclesiae
1253 882 1376 924 cum
1409 876 1680 940 potestate
1709 866 1881 922 admi-

302 963 517 1019 nistret.

265 1099 274 1104 -
372 1058 463 1113 57.
505 1056 655 1112 Nihil
684 1055 984 1127 quidquam
1011 1050 1445 1123 consanguineo,
1476 1051 1582 1105 nisi
1622 1059 1880 1120 tanquam

301 1148 528 1219 pauperi
562 1147 818 1218 largiens.

369 1240 459 1296 58.
492 1241 716 1310 Absque
751 1239 1011 1310 episcopo
1046 1238 1182 1293 nihil
1213 1237 1344 1294 facit
1373 1236 1657 1308 presbyter
1686 1242 1740 1290 et
1764 1233 1880 1288 dia-

299 1347 492 1390 conus.
526 1331 742 1387 Etenim
776 1331 880 1403 ipsi
908 1331 1144 1402 populus
1166 1330 1409 1386 creditus
1439 1338 1540 1385 est.

369 1511 460 1568 59.
507 1510 614 1567 Res
654 1509 722 1565 ad
754 1507 1054 1564 Ecclesiam
1097 1517 1152 1563 et
1193 1507 1508 1577 episc0pum
1543 1505 1880 1576 pertinentes

300 1602 602 1658 manifestae
631 1610 870 1665 exstent,
921 1608 983 1654 ut
1027 1609 1082 1654 et
1120 1599 1409 1668 episcopus
1438 1607 1686 1664 testetur,
1717 1608 1880 1669 atque

301 1695 540 1750 Ecclesia
571 1694 780 1748 nullum
809 1692 1069 1747 damnum
1093 1689 1349 1760 accipiat.

362 1881 452 1935 40.
495 1877 798 1950 Episcopus
815 1884 1140 1946 potestatem
1170 1875 1370 1930 habeat
1391 1888 1556 1944 super
1588 1889 1675 1928 res
1701 1873 1876 1928 eccle-

298 1977 561 2042 sias'ticas,
602 1991 726 2030 cum
784 1989 906 2029 eam
960 1988 1128 2044 super
1185 1971 1398 2026 animas
1427 1970 1674 2025 habeat:
1712 1978 1876 2040 atque

297 2069 476 2126 omnia
503 2069 655 2140 juxta
689 2066 928 2122 divinam
961 2064 1299 2120 voluntatem
1326 2062 1692 2118 administret.

366 2163 458 2217 Μ.
502 2160 772 2216 Sacerdos
827 2159 1034 2213 aleator
1083 2163 1250 2225 atque
1321 2153 1604 2222 ebriosus,
1661 2154 1706 2210 si
1764 2169 1874 2209 non

298 2254 525 2319 .lesinat,
564 2253 889 2322 deponatur.

359 2349 451 2404 42.
497 2345 743 2402 Clericus
783 2351 839 2398 et
873 2341 1047 2397 laicus
1079 2341 1279 2398 similia
1318 2339 1526 2398 faciens
1555 2355 1874 2396 excommu-

296 2440 530 2496 nicatur.
619 2491 623 2495 .

366 2533 455 2587 45.
499 2529 765 2585 Sacerdos
797 2525 975 2583 mutui
1021 2542 1216 2584 usuras
1243 2527 1492 2600 exigens,
1524 2527 1629 2584 nisi
1659 2526 1874 2583 desinat

295 2623 638 2682 Jeturbetur.

364 2718 453 2774 44.
497 2715 602 2784 Qui
649 2731 776 2772 cum
829 2713 1108 2770 haereticis
1153 2721 1274 2769 orat
1312 2713 1818 2770 excommunicatur
1857 2732 1870 2766 :

294 2811 384 2882 qui
411 2825 543 2866 vero
575 2810 677 2864 hos
713 2806 946 2863 clericos
961 2805 1261 2872 existimat,
1290 2806 1460 2878 gradu
1489 2813 1765 2860 movetur.

358 2903 449 2960 45.
501 2901 771 2959 Sacerdos
816 2899 1089 2970 baptisma
1154 2909 1212 2955 et
1256 2899 1587 2955 sacriﬁcium
1653 2897 1875 2954 haereti-

293 3013 478 3053 corum
520 2995 817 3066 recipiens,
848 2991 1158 3048 sacerdotio
1193 2992 1450 3063 indignus
1487 3001 1588 3047 est.

358 3091 450 3148 46.
493 3091 598 3155 Qui
629 3103 758 3144 vere
795 3085 1131 3156 baptizatum
1165 3085 1348 3140 denuo
1375 3085 1637 3154 baptizat,
1661 3098 1726 3139 ac
1749 3099 1875 3140 cum

1906 1845 1956 1905 Β
1988 1809 2132 1904 μιος.

1983 593 2070 645 δια
2122 593 2191 645 τὰ
2233 592 2498 661 δόγματα,
2533 591 2726 645 καὶτὰ
2773 593 3076 663 πράγματα
3102 612 3114 625 ·
3175 595 3392 666 πρῶτον
3438 599 3558 668 μὲν,

1985 689 2052 757 τῇ
2114 687 2346 757 τετάρτῃ
2405 686 2502 756 τῆς
2575 686 2956 758 Πεντηκοστῆς
3001 687 3297 758 ὲϐδομάδι·
3347 693 3414 762 τῇ
3480 692 3560 758 δὲ,

1985 779 2407 850 ὑπερϐερεταίῃ,
2438 778 2712 850 δωδεκάτῃ
2733 780 2794 832 τὸ
2823 778 3098 850 δεύτερον.

2054 869 2163 934 λς’.
2195 867 2474 922 Διοικείτω
2532 869 2670 939 μετὰ
2727 869 2925 940 κυρίας
2977 869 3047 922 τὰ
3089 869 3190 940 τῆς
3233 869 3564 943 Ἐκκλησίας

1981 965 2010 1016 ὁ
2038 963 2334 1025 ἐπίσκοπος
2361 963 2682 1033 πράγματα.

2053 1055 2150 1120 λζ’.
2207 1056 2355 1126 Μήτι
2413 1054 2620 1108 τούτων
2671 1057 2944 1124 συγγενεῖ,
2979 1056 3012 1128 ἢ
3045 1057 3120 1120 ὡς
3161 1059 3354 1129 πένητι
3405 1076 3563 1130 χαρι-

1984 1146 2232 1217 ζόμενος.

2054 1237 2157 1310 λη’.
2221 1241 2390 1310 Ἀτερ
2438 1238 2738 1293 ἐπισκόπου
2797 1240 2944 1291 ποιεῖ
3003 1239 3375 1310 πρεσϐύτερος
3413 1241 3565 1294 οὐδὲν

1982 1333 2078 1386 καῖ⁹
2131 1331 2417 1397 διάκονος’
2479 1333 2574 1386 καὶ
2649 1334 2756 1404 γὰρ
2836 1327 2991 1396 οὗτος
3064 1334 3423 1389 πεπίστευται
3475 1335 3565 1389 τὸν

1982 1426 2128 1480 λαόν.

2052 1515 2150 1570 λθ’.
2195 1516 2274 1569 Τά
2313 1517 2411 1587 τῆς
2477 1516 2825 1588 Ἐκκλησίας,
2881 1518 2978 1569 καὶ
3033 1516 3101 1570 τὰ
3135 1515 3230 1569 τοῦ
3261 1516 3564 1572 ἐπισκόπου

1983 1608 2298 1680 προκείσθω
2365 1607 2670 1679 πράγματα
2727 1608 2938 1678 φανερά
2974 1622 2988 1636 ·
3051 1607 3137 1660 ἵνα
3195 1609 3291 1661 καὶ
3354 1610 3383 1661 ό
3439 1609 3566 1662 ἐπί-

1985 1715 2187 1761 σκοπος
2247 1698 2589 1769 διατίθηται,
2646 1696 2739 1751 καὶ
2791 1696 2930 1768 μένῃ
2984 1697 3017 1766 ἡ
3079 1692 3376 1765 Ἐκκλησία
3431 1697 3568 1767 ἀζηο

2057 1883 2133 1954 μ’.
2189 1883 2582 1950 Ἒξουσιαξέτω
2639 1882 2745 1936 τῶν
2802 1880 3276 1952 ὲκκλησιαστικῶν
3348 1881 3378 1933 ό
3443 1879 3565 1932 ἐπίο

1986 1995 2186 2042 σκοπος
2252 1981 2617 2051 πραγμάτων,
2677 1981 2773 2033 καὶ
2847 1979 2956 2033 τῶν
3011 1977 3197 2048 ψυχῶν
3267 1976 3413 2048 γάρ·
3468 1975 3567 2031 καὶ

1982 2072 2252 2126 διοικείτω
2284 2073 2463 2128 πάντα
2491 2071 2634 2127 κατὰ
2662 2073 2759 2143 τὴν
2786 2071 2936 2125 θείαν
2961 2071 3278 2143 ἀρέσκειαν.

2057 2161 2167 2233 μα’.
2222 2163 2280 2216 '0
2334 2162 2602 2234 κυϐιστὴς
2654 2162 2749 2217 καὶ
2817 2161 3078 2234 πάροινος
3142 2158 3348 2230 ἱερεὺς,
3405 2160 3454 2211 εί
3501 2159 3566 2212 οὐ

1983 2255 2168 2321 παύει,
2202 2254 2528 2326 καθῄρηται.
3567 2250 3572 2255 ’

2056 2349 2165 2419 μϐ’.
2218 2348 2519 2420 Κληρικὸς,
2574 2347 2670 2402 καὶ
2723 2349 2930 2415 λαϊκδς,
2994 2350 3065 2404 τὰ
3095 2352 3258 2422 ὃμοια
3309 2350 3569 2423 πράττων

1981 2441 2330 2512 ἀφορίζεται.

2056 2533 2166 2605 μγ’.
2204 2535 2409 2599 Τόκους
2439 2535 2688 2590 ἀπαιτῶν
2717 2536 2931 2591 δανείου
2975 2537 3172 2610 ἱερεὺς,
3199 2538 3248 2593 εί
3279 2537 3343 2590 οὐ
3377 2533 3566 2600 παύει,

1984 2627 2316 2699 καθῄρηται.

2057 2718 2165 2790 μδ’.
2237 2721 2296 2775 '0
2351 2722 2750 2793 συνευχόμενος
2815 2723 3116 2794 αἱρετικοῖς
3191 2722 3510 2794 ἀφορίζεται
3548 2736 3566 2755 ο

1984 2813 2333 2883 καθαιρεῖται
2353 2813 2409 2867 δὲ
2447 2815 2475 2867 ό
2510 2814 2806 2884 κληρικοὺς
2831 2814 3057 2879 τούτους
3093 2815 3417 2885 ἡγούμενος.

2055 2910 2158 2974 με’.
2212 2904 2506 2976 Βάπτισμα
2555 2907 2651 2959 καὶ
2681 2905 2872 2959 θυσίαν
2927 2906 3222 2977 αίρετικὼν
3274 2905 3572 2978 δεξάμενος

1985 2995 2166 3064 ἱερεὺς
2203 2997 2444 3068 άνίερος.

2057 3085 2176 3157 μς-’.
2224 3088 2285 3140 Ὀ
2329 3087 2718 3152 ἀναϐαπτίζων
2771 3088 2864 3142 τὸν
2899 3088 3070 3153 ὅντως
3107 3088 3569 3161 βεϐαπτισμένον,

293 3180 383 3251 qui
417 3178 700 3249 impietate
731 3174 970 3246 pollutus
1003 3181 1089 3229 est
1120 3187 1233 3228 non
1264 3173 1589 3244 rebaptizat,
1619 3174 1873 3230 sacerdos

2036 3184 2080 3236 tl.
2115 3184 2191 3256 μὴ
2243 3184 2631 3250 ἀναϐαπτίζων
2683 3186 2778 3240 τὸν
2831 3186 3246 3259 μεμολυσμένον
3284 3187 3569 3255 ἁσεϐόθεν,

293 3287 399 3329 non
437 3280 520 3326 est
551 3268 853 3324 habendus.

359 3365 454 3419 47.
496 3361 786 3416 ὃωοιιιετίε
816 3360 1097 3431 pr0priam
1128 3372 1356 3414 uxorem
1385 3357 1636 3428 ejiciens,
1679 3355 1872 3412 aliam-

292 3473 396 3530 que
424 3465 518 3512 aut
563 3453 850 3511 dimissam
885 3454 1096 3508 ducens
1117 3491 1132 3517 ,
1173 3450 1738 3508 excommunicandus
1767 3459 1870 3507 est.

359 3549 451 3603 48.
487 3546 591 3614 Qui
630 3562 741 3600 non
775 3546 1016 3616 baptizat
1064 3545 1119 3599 in
1156 3543 1398 3608 Patrem,
1447 3553 1504 3599 et
1541 3542 1738 3598 Filium
1761 3584 1774 3607 ,
1814 3550 1870 3598 et

291 3639 558 3711 Spiritum
619 3646 900 3701 sanctum,
941 3636 1039 3691 sed
1098 3635 1497 3707 transgreditur
1550 3633 1684 3689 illud
1731 3649 1875 3705 pras-

291 3741 528 3804 ceptum,
562 3730 868 3787 sacerdotio
900 3729 1052 3801 fungi
1085 3744 1194 3782 non
1226 3728 1409 3783 debet.

357 3827 448 3882 49.
488 3824 592 3892 Qui
623 3839 734 3878 non
783 3821 959 3878 tribus
985 3821 1165 3874 initiat
1198 3819 1566 3876 mersionibus
1591 3839 1605 3875 :
1633 3822 1730 3876 sed
1768 3837 1876 3876 una

292 3935 345 3972 m
383 3916 598 3972 Domini
617 3920 884 3978 mortem,
921 3912 1067 3984 quod
1096 3912 1363 3968 Dominus
1388 3928 1498 3968 non
1530 3912 1751 3980 dixerit,
1781 3930 1869 3970 sa-

291 4009 540 4066 cerdotio
571 4009 877 4064 movendus
899 4017 1004 4062 est.

363 4111 453 4165 50.
484 4107 675 4164 Omnis
723 4106 958 4162 clericus
1001 4122 1033 4161 a
1082 4105 1289 4177 nuptiis
1329 4114 1385 4161 et
1431 4120 1600 4162 carne
1648 4115 1703 4160 et
1748 4105 1877 4161 vino

291 4205 639 4266 abhorrens,
698 4201 741 4256 si
791 4217 903 4256 non
966 4200 1312 4265 emendetur,
1369 4201 1724 4270 expellendus
1770 4208 1873 4255 est.

364 4308 455 4362 5i.
487 4305 594 4373 Qui
644 4303 1039 4375 pceniteutibus
1087 4319 1197 4358 non
1250 4302 1506 4375 ignoscit,
1552 4303 1668 4374 ipse
1717 4303 1874 4359 venia

292 4401 570 4472 indignior
601 4413 706 4456 est.
734 4415 743 4464 ί

362 4504 451 4558 5'2.
497 4506 764 4562 Sacerdos
812 4522 842 4561 a
895 4507 1026 4562 vino
1057 4515 1113 4561 et
1153 4501 1410 4560 carnibus
1435 4501 1740 4568 abstinens,
1771 4501 1877 4554 nisi

291 4597 698 4654 exercitationis
731 4614 915 4666 causa,
959 4597 1278 4675 deponitur.

363 4704 454 4760 53.
480 4703 724 4761 Clericus
747 4705 881 4760 citra
909 4705 1122 4760 itineris
1141 4703 1528 4759 necessitatem
1554 4704 1607 4757 in
1632 4717 1880 4773 caupona

292 4794 652 4861 manducans,
704 4787 1074 4866 segregandus
1106 4805 1212 4852 est.

363 4894 452 4948 54.
494 4893 739 4950 Clericus
761 4894 961 4963 injuria
991 4894 1234 4950 afﬁciens
1255 4896 1577 4966 episcopum
1600 4893 1878 4963 dejicitur.

359 4992 449 5048 55.
490 4991 783 5065 Presbyter
810 5009 940 5049 vero
967 5003 1023 5049 et
1050 4993 1316 5049 diaconus
1347 4990 1878 5048 excommunicatur.

362 5097 452 5152 56.
495 5096 760 5153 Similiter
808 5106 993 5154 autem
1037 5097 1130 5168 qui
1185 5096 1436 5162 surdum,
1491 5093 1774 5161 claudum,
1826 5103 1882 5148 et

291 5208 498 5249 caecum
533 5192 745 5248 cavillis
771 5192 1095 5248 insectatur.

361 5297 450 5352 57.
497 5297 802 5369 EpiscOpus
855 5297 1115 5369 pietatem
1165 5310 1272 5348 non
1319 5294 1523 5350 docens
1563 5308 1880 5347 excommu-

291 5389 510 5445 nicatur
543 5408 557 5444 :
591 5389 886 5460 deponitur
916 5404 1048 5444 vero
1084 5386 1130 5440 si
1165 5393 1484 5456 perseveret
1511 5399 1622 5438 non
1658 5383 1879 5437 docere.

365 5490 457 5546 58.
493 5491 554 5545 In
595 5491 857 5545 clericum
889 5487 1073 5557 inopia
1108 5485 1470 5550 laborantem,
1517 5484 1561 5537 si
1603 5500 1661 5538 se
1693 5483 1881 5564 bene-

294 5583 458 5639 ﬁcum
524 5599 637 5638 non
687 5589 912 5652 pncstet
971 5580 1257 5643 sacerdos,
1326 5575 1879 5631 excommunicatur:

294 5678 592 5748 deponitur
627 5691 760 5732 vero
812 5674 857 5729 si
902 5671 1294 5728 immisericors
1328 5678 1632 5741 permanet.

366 5777 455 5831 59.
487 5775 592 5843 Qui
625 5774 775 5846 impii
800 5772 926 5830 libri
956 5770 1292 5828 mentionem
1325 5769 1454 5828 facit
1499 5768 1556 5825 in
1590 5768 1875 5835 concione,

297 5866 612 5940 deponitur.

1983 3279 2097 3334 ἀνίε
2106 3296 2219 3349 ρος.

2055 3372 2161 3444 μζ.
2195 3372 2306 3444 Τὴν
2356 3373 2564 3427 οἰκείαν
2611 3372 2892 3428 ἐκϐάλλων
2917 3374 2945 3427 ό
2976 3375 3261 3444 κοσμικὸς,
3295 3376 3390 3431 καὶ
3415 3377 3570 3445 ἄγων

1983 3465 2200 3536 ἑτέραν,
2229 3464 2718 3537 ἣὰπολελυμένην,
2759 3465 3104 3539 ἀφοριστέος.

2058 3566 2171 3631 μη’.
2216 3560 2274 3612 Ὀ
2305 3559 2379 3631 μὴ
2418 3558 2694 3630 βαπτίζων
2733 3560 2813 3623 εἰς
2870 3559 3110 3630 Πατέρα,
3150 3561 3245 3613 καὶ
3295 3561 3444 3630 Υίὸν,
3475 3567 3573 3618 καὶ

1983 3655 2139 3724 ἅγιον
2165 3653 2411 3725 Πνεῦμα,
2445 3651 2584 3707 ἀλλὰ
2611 3651 3014 3724 παρεκϐαίνων,
3047 3654 3283 3724 άνίερος.

2058 3828 2166 3901 μθ¹.
2205 3829 2266 3882 Ὀ
2305 3829 2380 3900 μὴ
2442 3829 2593 3898 τρισὶ
2635 3830 2787 3898 μυῶν
2844 3830 3227 3898 καταδύσεσιν,
3281 3830 3416 3885 ἀλλὰ
3470 3834 3575 3905 μιᾷ

1985 3922 2067 3986 εἰς
2115 3923 2205 3977 τὸν
2230 3921 2324 3976 τοῦ
2378 3923 2583 3993 Κυρίου
2617 3921 2864 3989 θάνατον,
2904 3923 2933 3976 ὃ
2977 3923 3054 3995 μὴ
3107 3925 3135 3978 'o
3161 3923 3362 3996 Κύριος
3395 3920 3576 3994 εἶπεν,

1987 4013 2102 4067 ἁνίε
2112 4029 2222 4082 ρος.

2057 4114 2121 4170 ν’.
2157 4115 2438 4186 Κληρικδς
2466 4115 2613 4178 ἄπας
2671 4117 2871 4187 γάμον,
2918 4116 3014 4169 καὶ
3063 4117 3226 4186 κρέα,
3283 4117 3382 4170 καὶ
3428 4111 3574 4173 οἶνον

1989 4207 2436 4278 βδελυσσόμενος,
2463 4207 2511 4260 εί
2542 4205 2617 4277 μὴ
2646 4206 2933 4278 διορθοῖτο,
2961 4209 3325 4280 ὲκκήρυκτος.

2061 4307 2162 4362 να’.
2208 4308 2264 4360 '0
2294 4310 2406 4372 τοῖς
2461 4307 2784 4379 μετανοοῦσι
2835 4308 2911 4384 μὴ
2961 4306 3372 4380 συγγινώσκων,
3403 4308 3576 4378 ἀσυγ-

1987 4401 2258 4471 γνωστότε
2268 4417 2381 4471 ρος.

2060 4501 2158 4556 νϐ’.
2221 4501 2312 4573 Μὴ
2355 4502 2790 4572 μεταλαμϐάνων
2825 4503 3003 4573 ἱερεὺς
3041 4504 3184 4556 οἴνου
3233 4503 3329 4557 καὶ
3372 4502 3576 4576 κρεῶν,

1915 4586 1958 4640 ῐ)
1988 4597 2036 4648 εί
2071 4596 2146 4666 μὴ
2182 4595 2250 4646 δι’
2279 4595 2536 4664 ἄσκησιν,
2563 4597 2896 4667 καθῄρηται.

2056 4704 2154 4766 νγθ.
2207 4697 2266 4750 Ὀ
2300 4697 2422 4768 δίχα
2460 4697 2560 4766 τῆς
2594 4699 2737 4752 κατὰ
2790 4700 2977 4769 τρίϐον
3018 4700 3267 4772 ἀνάγκης
3313 4685 3574 4771 κληρικδς

1987 4792 2064 4854 εἰς
2104 4789 2402 4861 καπηλεῖον
2435 4790 2652 4854 ἐσθίων,
2693 4794 3040 4863 άφοριστέος.

2056 4892 2149 4945 νϐ’.
2192 4891 2462 4963 ’Υϐρίζων
2503 4893 2803 4947 ἐπίσκοπον
2835 4895 3096 4966 κληρικὸς
3128 4896 3496 4966 καθαιρεῖται.

2056 4990 2154 5046 νε’.
2183 4993 2566 5065 Πρεσϐύτερος
2595 4995 2650 5048 δὲ
2683 4995 2776 5050 καὶ
2808 4997 3056 5061 διάκονος
3089 4998 3432 5069 ἀφορίζεται.

2055 5092 2164 5159 νς’.
2221 5095 2280 5146 '0
2312 5094 2369 5147 δὲ
2430 5097 2638 5165 κωφὸν,
2697 5098 2792 5150 καὶ
2825 5098 3020 5168 χωλὸν,
3073 5101 3168 5152 καὶ
3211 5098 3411 5169 τυφλὸν
3459 5098 3576 5152 διας

1983 5186 2260 5256 χλευάζων
2295 5185 2494 5256 ὁμοίως
2504 5226 2518 5240 .

2056 5291 2152 5356 νίζ’.
2197 5291 2308 5362 Τὴν
2340 5292 2626 5346 εὐσέϐειαν
2689 5293 2746 5345 οὐ
2783 5293 3048 5347 διδάσκων
3105 5294 3406 5359 ἐπίσκοπος
3466 5294 3576 5364 ἀφ-

1995 5381 2260 5455 ορίζεται,
2289 5384 2637 5454 καθαιρεῖται
2667 5385 2723 5438 δὲ
2758 5387 2933 5456 μένων
2974 5387 3278 5452 ἀδίδακτος.

2057 5493 2158 5557 νη’.
2242 5487 2464 5540 Ἐπιδεᾶ
2533 5488 2796 5558 κληρικδν
2873 5491 3055 5560 ἱερεὺς
3111 5491 3212 5544 οὑκ
3270 5490 3575 5563 εὐεργετῶν

1986 5581 2332 5653 ἀφορίζεται,
2367 5581 2716 5653 καθαιρεῖται
2747 5583 2803 5637 δὲ
2839 5584 3017 5656 μένων
3041 5586 3285 5650 ἀνέλεος.

2055 5774 2152 5830 νθ’.
2203 5774 2466 5841 Ἀσεϐοῢς
2503 5775 2684 5834 ϐίϐλον
2716 5777 3098 5851 ἐκκλησιάζων
3129 5779 3498 5853 καθαιρεῖται.
