3868 6504
296 342 403 405 ϊὶὸ

1432 339 1813 403 SYMEONIS
1854 339 2441 400 ΜΕΤΑΡΗΒΑΞΤᾹΞ

3417 334 3528 399 244

300 453 624 527 neopbytus.
686 453 743 510 Si
794 455 919 525 quis
963 460 1088 525 post
1138 451 1540 509 ordinationem
1581 453 1873 524 deliquisse

2015 451 2099 507 ίαν
2131 453 2460 523 ἁμαρτήσας
2483 448 2887 523 ἀποδειχθείηῆ
2918 448 3203 521 πρότερον,
3232 448 3262 521 ἢ
3300 447 3547 522 ὕστερον,
3614 416 3630 447 ’⁸

303 552 616 612 compertus
665 542 833 597 fuerit
881 542 1032 614 prius
1080 550 1175 596 aut
1218 550 1427 612 postea,
1480 540 1573 596 hic
1604 542 1750 598 clero
1778 556 1873 597 ex-

301 636 945 783 pdﬁlftgt'ibintroductam
984 742 1054 784 ne
1082 726 1204 797 quis
1234 726 1429 783 habeat
1455 768 1471 792 ,
1519 735 1719 796 praeter
1761 741 1876 780 ma.

1976 538 2132 609 οὗτος
2162 542 2463 597 πεπαύσθω
2484 539 2577 596 τοῦ
2608 542 2837 615 κλήρου.

2045 722 2117 794 γ’.
2163 723 2522 779 Ἐπείσακτον
2572 724 2737 795 μήτις
2792 722 3001 793 ἐχέτω.
3068 722 3271 795 μητρὸς
3319 722 3462 794 δίκα·
3517 722 3551 793 ἡ

303 828 446 873 trem
491 828 586 873 aut
614 834 879 884 sororem,
928 834 1130 890 easque
1177 832 1458 889 personas,
1507 833 1627 888 (10$
1658 832 1873 874 omnem

2008 816 2235 885 ιδελιρῆς.
2266 815 2362 869 καὶ
2392 815 2500 870 τῶν
2528 815 2837 887 προσώπων
2865 814 2901 869 ἃ
2920 817 3101 869 πᾶσαν
3138 817 3373 885 ὑποψίαν
3412 816 3553 871 ἀπο-

302 909 671 989 suspicionem
703 911 992 980 ellugiunt.

373 1003 429 1057 ὅ.
475 1000 775 1071 Episcopus
818 1003 886 1058 ab
934 1004 1187 1060 omnibus
1226 1006 1651 1076 provincialibus
1676 1002 1879 1060 consti-

303 1093 512 1148 tuitur:
537 1093 619 1148 sin
642 1110 789 1160 vero,
812 1094 1001 1150 saltem
1028 1111 1059 1151 a
1091 1096 1285 1162 tribus,
1305 1097 1525 1169 reliquis
1551 1113 1647 1169 per
1669 1097 1877 1152 litteras

1976 906 2273 977 διδράσκει.

2048 995 2467 1081 δ’..Ἒπίσκοπος
2498 996 2604 1052 ὑπὸ
2635 996 2857 1051 πάντων
2892 995 3002 1050 τῶν
3027 995 3389 1068 ὲπαρχιωτῶν
3422 996 3553 1052 καθ·

1982 1087 2216 1142 ίσταται.
2244 1088 2306 1141 Εἰ
2334 1088 2393 1141 δὲ
2425 1086 2521 1160 μὴ,
2576 1088 2714 1151 τέως
2759 1085 2949 1160 τριῶν,
2987 1086 3097 1140 τῶν
3127 1086 3438 1141 ὑπολοίπων
3467 1088 3555 1142 διὸι

305 1186 820 1243 consentientibus:
880 1188 1210 1260 praecipuam
1267 1197 1451 1247 tamen
1493 1190 1873 1247 auctoritatem

2008 1186 2329 1256 ’ραμμάτων
2369 1182 2675 1255 γινομένων
2704 1182 3013 1255 συμψήφων
3033 1198 3050 1216 ·
3100 1182 3162 1236 τὸ
3194 1182 3382 1254 μέντοι
3411 1184 3553 1256 κρά-

304 1278 759 1349 metlzopolitanus
792 1280 1008 1336 habeat.

378 1368 433 1424 5.
474 1371 579 1437 Qui
608 1370 677 1427 ab
706 1372 825 1426 aliis
852 1373 1301 1429 excommunicati
1351 1381 1499 1438 sunt,
1550 1373 1619 1428 ab
1661 1371 1785 1428 aliis
1809 1388 1880 1428 ne

307 1460 699 1532 suscipiantur,
744 1474 1106 1534 prteterquam
1142 1466 1187 1520 si
1250 1474 1474 1535 prepter
1513 1465 1879 1535 pusillanimi-

307 1562 498 1618 tatem,
531 1564 626 1610 aut
649 1557 1076 1624 contentionum,
1100 1565 1191 1612 aut
1216 1559 1345 1628 quid
1369 1557 1634 1630 ejusmodi
1663 1571 1879 1614 excom-

308 1644 607 1700 municatio
637 1645 778 1701 facta
812 1646 995 1707 fuerit.

380 1737 432 1792 6.
470 1737 865 1794 Alexandrinus
890 1740 1177 1810 episcopus
1215 1755 1379 1811 super
1410 1739 1702 1812 Egyptum
1728 1781 1744 1808 ,
1786 1739 1877 1795 Li-

1977 1292 2072 1339 τος
2094 1278 2121 1329 6
2147 1275 2547 1347 μητροπολίτης
2574 1274 2767 1345 ἐχέτω.

2050 1374 2112 1420 ε’.
2142 1368 2205 1419 Οἱ
2255 1366 2324 1419 δι’
2373 1367 2575 1438 ἑτέρων
2628 1364 3036 1437 ἀφοριζόμενοι,
3087 1363 3179 1434 ὑφ’
3221 1364 3426 1437 ἑτέρων
3474 1364 3551 1436 μὴ

1984 1457 2492 1530 προσδεχέσθωσαν,
2550 1457 2693 1528 πλὴν
2740 1459 2789 1511 εί
2834 1458 2911 1529 μὴ
2951 1456 3042 1512 διὰ
3096 1456 3550 1530 μικροψυχίαν,ἢ

1983 1552 2338 1622 φιλονεικίαν,
2372 1552 2482 1623 ἤτι
2516 1550 2755 1605 τοιοῦτον
2784 1552 2811 1605 ὁ
2830 1550 3135 1623 ἀφορισμδς
3166 1551 3412 1619 γέγονεν.

2057 1734 2128 1800 ς’.
2165 1734 2462 1804 Αίγύπτου,
2517 1734 2612 1787 καί
2654 1731 2882 1803 Λιϐύης,
2931 1733 3027 1787 καὶ⁵
3069 1729 3481 1794 Πενταπόλεως.
3524 1731 3555 1784 6

307 1824 486 1897 byam,
525 1838 580 1883 et
606 1803 942 1899 Pentapolim
970 1803 1295 1900 potestatem
1324 1803 1531 1886 habeat
1552 1803 1649 1887 iet
1681 1803 1873 1887 Itoma-

2008 1803 2376 1896 Δλεξανδρεὺς
2425 1824 2594 1895 ἐχέτω
2636 1822 2737 1896 τὴν
2787 1822 3069 1888 ἐξουσίαν·
3113 1821 3212 1876 καὶ
3260 1823 3290 1876 6
3335 1818 3554 1890 Ῥώμης

310 1933 415 1974 nus
450 1934 617 1989 super
646 1935 741 1975 eos
763 1921 855 1991 qui
888 1921 1073 1978 Romze
1105 1922 1306 1979 subditi
1336 1933 1482 1980 sunt.
1525 1923 1652 1980 Item
1688 1924 1879 1980 Antio-

309 2009 539 2075 chenus,
569 2010 770 2081 aliique
798 2028 964 2082 super
1002 2015 1101 2069 sibi
1131 2014 1426 2085 subjectos.

380 2103 434 2158 7.
476 2101 533 2156 Si
565 2104 686 2173 quis
717 2105 1005 2175 episcopus
1033 2106 1167 2161 citra
1201 2106 1359 2176 primi
1378 2108 1706 2187 sententiam
1727 2123 1879 2163 erea-

308 2204 398 2248 tus
434 2191 629 2256 fuerit,
677 2210 749 2250 ne
803 2195 876 2250 sit
920 2196 1228 2267 episcopus.
1288 2195 1579 2253 Multorum
1624 2198 1881 2270 suilragio

307 2286 611 2341 secundum
642 2301 905 2341 canonem
938 2287 1045 2341 lato
1076 2287 1118 2341 si
1149 2296 1259 2345 tres
1281 2288 1447 2359 aliqui
1478 2289 1876 2356 contradicunt,

306 2391 500 2432 eorum
534 2378 808 2435 sententia
840 2379 989 2433 irrita
1016 2378 1105 2433 sit.

377 2467 435 2524 8.
475 2468 776 2540 Episcopus
802 2469 960 2528 Elia:
991 2471 1308 2539 ltonoretur,
1351 2481 1564 2527 servata
1591 2472 1879 2544 metropoli

305 2561 568 2633 dignitate
601 2577 721 2618 sua.

376 2652 430 2709 9.
469 2652 722 2710 Haeretici
747 2654 987 2723 Catliari,
1023 2656 1075 2712 id
1102 2667 1187 2713 est
1233 2657 1353 2728 puri
1395 2657 1526 2713 dicti
1557 2658 1881 2715 accedentes

303 2745 539 2816 primum
584 2747 942 2818 proﬁteantur
981 2765 1039 2805 se
1072 2750 1328 2806 Ecclesiae
1371 2751 1746 2807 {unctionibus
1786 2768 1877 2807 as-

306 2850 589 2901 sensuros,
638 2852 703 2894 ac
728 2854 851 2893 cum
880 2839 1110 2911 liigamis
1134 2840 1650 2903 comntunieaturos,
1682 2841 1879 2911 lapsis-

305 2944 415 3000 que
446 2929 659 2987 veniam
696 2931 1092 3002 impertituros.
1153 2934 1231 2987 Ac
1281 2934 1323 2988 si
1378 2933 1469 3003 qui
1523 2932 1759 2988 ordinati
1790 2948 1874 2987 re-

306 3020 606 3089 periantur,
657 3021 768 3076 sint
814 3022 871 3075 in
911 3023 1106 3077 eodem
1151 3022 1364 3088 ordine,
1406 3021 1640 3092 exempli
1685 3021 1877 3092 gratia,

302 3111 396 3182 qui
426 3126 550 3167 vere
573 3120 659 3169 est
684 3097 993 3183 episcopus,
1016 3116 1086 3169 sit
1114 3115 1434 3184 episcopus:
1459 3114 1553 3184 qui
1584 3129 1713 3169 vero
1737 3113 1878 3184 apud

305 3202 569 3259 Catharos
602 3216 685 3260 est
712 3206 1027 3276 episcopus,
1058 3207 1129 3261 sit
1149 3208 1594 3277 chorepisc0pus,
1627 3206 1711 3262 vel
1751 3223 1878 3276 pre-

305 3296 508 3370 sbyteri
539 3304 634 3353 aut
676 3300 916 3368 episcopi
960 3299 1169 3354 honore
1209 3298 1461 3369 gaudeat.
1507 3297 1699 3369 Neque
1732 3298 1877 3353 enim

304 3388 413 3442 duo
441 3397 604 3443 erunt
632 3388 686 3442 in
715 3405 822 3443 una
851 3390 984 3444 urbe
1014 3390 1276 3460 episcopi,

372 3480 461 3537 10.
502 3480 603 3548 Qui
636 3481 757 3538 sine
787 3479 1194 3539 examinatione
1227 3482 1574 3550 ordinantur,
1624 3483 1671 3540 si
1718 3482 1876 3540 dein-

300 3585 429 3642 ceps
455 3570 637 3627 delicti
668 3582 984 3645 arguantur,
1026 3589 1058 3628 e
1082 3573 1250 3645 gradu
1277 3574 1659 3629 deturbentur.

371 3664 458 3720 ll.
501 3665 826 3737 Quicunque
852 3682 920 3723 ex
956 3667 1124 3737 lapsis
1157 3666 1387 3721 ordinati
1420 3676 1568 3731 sunt,
1593 3683 1691 3738 per
1720 3667 1878 3737 igno-

300 3758 530 3815 rantiam
580 3767 677 3814 aut
732 3759 1223 3816 dissimulationem
1249 3774 1441 3815 eorum
1481 3759 1572 3829 qui
1605 3774 1700 3815 eos
1726 3760 1880 3814 ordi-

300 3860 520 3916 narunt,
547 3853 912 3923 deponantur.

371 3940 459 3996 12.
500 3941 602 4007 Qui
657 3942 776 3997 sine
811 3942 1142 3998 necessitate
1205 3942 1526 4014 transgressi
1568 3950 1732 4006 sunt,
1774 3943 1876 3997 etsi

300 4030 458 4085 venia
496 4030 607 4086 sint
648 4030 872 4102 indigni,
924 4032 1138 4087 veniam
1167 4042 1350 4087 tamen
1392 4032 1630 4104 aliquam
1680 4048 1875 4089 conse-

298 4122 409 4178 cuti
440 4122 727 4179 duodecim
756 4139 932 4180 annos
957 4140 1078 4180 sese
1109 4126 1457 4181 submittant.

369 4215 457 4270 15.
501 4214 601 4282 Qui
631 4216 739 4271 vim
776 4218 920 4288 passi
948 4234 1013 4273 ac
1037 4219 1302 4274 restitisse
1334 4219 1435 4274 visi
1461 4228 1590 4276 sunt
1618 4238 1631 4276 :
1679 4221 1878 4277 deinde

300 4305 564 4376 impietati
591 4318 994 4363 consenserunt
1018 4325 1081 4365 ac
1103 4310 1468 4380 resipuerunt,
1497 4311 1684 4367 decem
1704 4328 1876 4368 annos

298 4397 866 4454 excommunicantur.
917 4401 1386 4457 Considerandum
1423 4412 1505 4459 est
1534 4405 1589 4458 in
1619 4406 1875 4462 omnibus

1982 1918 2091 1971 τῶν
2126 1917 2232 1971 ὑπὺ
2271 1916 2493 1986 Ῥώμην
2513 1955 2529 1982 ,
2566 1917 2663 1970 καὶ
2694 1916 2744 1969 οἱ
2772 1916 2831 1968 ἐν
2868 1911 3172 1985 ’Δντιοχείᾳ
3192 1952 3209 1980 ,
3245 1912 3338 1966 καὶ
3365 1912 3414 1965 οι
3444 1910 3556 1964 λοι-

1982 2011 2077 2063 ποὶ
2101 2010 2209 2064 τῶν
2243 2008 2482 2063 οἰκείων.

2053 2103 2119 2168 ζ’.
2159 2102 2230 2158 Εἴ
2272 2120 2354 2166 τις
2387 2102 2443 2156 δὲ
2475 2100 2772 2164 ἐπίσκοπος
2801 2102 2901 2171 τῆς
2935 2099 3029 2155 τοῦ
3058 2098 3274 2172 πρώτου
3306 2098 3431 2169 δίχα
3461 2101 3555 2165 γέ-

1981 2212 2138 2265 νηται
2159 2193 2407 2266 γνώμης,
2440 2194 2515 2266 μὴ
2548 2195 2688 2248 ἔστω
2735 2194 3066 2257 ἐπίσκοπος·
3110 2192 3205 2244 ἐπὶ
3237 2191 3293 2244 δὲ
3315 2190 3415 2258 τὴν
3450 2189 3557 2243 τῶν

1982 2287 2192 2343 πολλῶν
2226 2289 2407 2358 ψῆφον
2436 2286 2732 2358 γινομένην
2764 2285 2907 2340 κατὰ
2950 2284 3173 2350 κανόνα,
3221 2284 3270 2336 εί
3298 2286 3444 2356 τρεῖς
3476 2299 3556 2336 τι·

1981 2397 2068 2443 νες
2096 2378 2454 2448 ἀντιλέγοιεν,
2481 2374 2592 2432 εἷεν
2624 2377 2899 2432 ἀϐέϐαιοι.

2053 2477 2123 2544 η’.
2169 2471 2230 2527 ’0
2262 2471 2557 2535 ἐπίσκοπος
2590 2469 2777 2534 Αἰλίας
2808 2468 3094 2540 τιμάσθω,
3148 2468 3457 2540 σωζομένου
3486 2469 3553 2540 τῇ

1983 2563 2315 2636 μητροπόλει
2348 2562 2442 2617 τοῦ
2469 2563 2641 2634 αὐτῆς
2670 2560 3002 2632 ἀξιώματος.

2053 2656 2118 2710 θ’.
2152 2657 2215 2710 Oi
2247 2655 2479 2727 καθαροὶ
2506 2654 2959 2728 προσερχόμενοι,
3008 2653 3223 2726 πρῶτον
3268 2651 3554 2723 ὁμολογεῖ-

1978 2764 2185 2814 τωσαν,
2242 2748 2324 2801 ὃτι
2378 2749 2737 2818 συνθήσονται
2793 2751 2906 2810 τοῖς
2953 2746 3412 2817 τῆςἘκκλησίας
3469 2743 3557 2798 θε-

1983 2842 2172 2911 σμοῖς·
2220 2841 2316 2894 καὶ
2347 2840 2740 2911 κοινωνήσουσι
2786 2838 3064 2908 διγάμοις,
3128 2838 3222 2893 καὶ
3269 2838 3557 2908 συγχωρή-

1984 2952 2138 2990 σουσι
2171 2935 2284 2996 τοῖς
2327 2933 2642 2988 πεπτωκόσι
2666 2947 2681 2963 ·
2736 2933 2831 2987 καὶ
2865 2932 3038 2995 οὑτως
3088 2934 3137 2986 oi
3168 2930 3557 3002 εὑρισκόμενοι

1984 3024 2484 3098 κεχειροτονημένοι
2520 3027 2579 3079 ὲν
2609 3023 2689 3095 τῷ
2727 3023 2875 3094 αὐτῷ
2908 3023 3171 3093 τάγματι.
3217 3015 3362 3086 Οἴον,
3398 3023 3426 3075 6
3461 3020 3558 3090 μὶν

1983 3118 2189 3189 κυρίως
2220 3117 2538 3181 ἐπίσκοπος,
2572 3117 2658 3187 εἴη
2685 3115 2983 3180 ἐπίσκοπος
3006 3132 3019 3145 ·
3071 3117 3098 3169 6
3154 3115 3212 3169 δὲ
3269 3114 3419 3185 παρά
3447 3113 3558 3176 τοῖς

1983 3208 2244 3281 καθαροῖς
2279 3207 2660 3276 ὲπίσκοπος,ἢ
2695 3207 3111 3277 χωρεπίσκοπος
3139 3206 3316 3270 ἔσται,
3359 3203 3393 3273 ἢ
3425 3219 3553 3275 πρε·

1984 3299 2250 3371 σϐυτέρου
2291 3298 2480 3369 τιμὴν,
2524 3298 2559 3369 ἢ
2606 3297 2908 3350 ἐπισκόπου
2967 3294 3276 3367 κεκτήσθω.
3338 3293 3413 3349 Οὑ
3445 3292 3554 3365 γὰρ

1981 3389 2195 3445 ἔσονται
2230 3389 2323 3444 δύο
2347 3392 2426 3453 είς
2457 3390 2585 3460 μίαν
2610 3388 2764 3442 πόλιν
2794 3387 3105 3443 ἐπίσκοποι.

2052 3480 2106 3537 ι’.
2134 3484 2198 3538 Ol
2224 3483 2596 3550 ἀνεξετάστως
2626 3477 3126 3555 χειροτονούμενοι,
3162 3481 3212 3535 εί
3244 3480 3372 3552 ἑξῆς
3403 3479 3528 3548 ὲλέγ

1981 3591 2159 3646 χοιντο
2182 3575 2262 3628 ὅτι
2284 3575 2552 3646 ἥμαρτον,
2583 3572 2727 3627 οὕτω
2758 3572 3184 3628 πεπαύσθωσαν.

2053 3673 2143 3722 ια’.
2174 3666 2237 3719 Ol
2265 3664 2829 3736 παραπεπτωκότεςῆ
2871 3663 3086 3736 ἀγνοίᾳ,
3137 3663 3169 3736 ἢ
3206 3665 3405 3732 γνώσει
3446 3660 3553 3716 τῶν

1981 3761 2505 3831 χειροτονησάντων,
2533 3758 2924 3830 προαχθέντες,
2956 3756 3456 3829 καθαιρείσθωσαν.

2055 3938 2141 4011 ιβ’.
2174 3940 2328 3993 Ὅσοι
2359 3938 2531 4010 χωρίς
2566 3938 2811 4010 ἀνάγκης
2843 3937 3184 4010 παρέϐησαν,
3216 3939 3265 3991 εί
3300 3937 3395 3992 καὶ
3422 3952 3524 4007 συγ

1979 4032 2205 4103 γνώμης
2227 4028 2368 4103 ἦσαν
2398 4028 2627 4096 ἀνάξιοι,
2664 4029 2998 4103 συγγνώμης
3049 4030 3193 4094 τινὸς
3220 4028 3552 4102 ἀξιούμενοι,

1977 4122 2186 4175 δώδεκα
2213 4121 2307 4193 ἔτη
2343 4120 2827 4175 ὑποπιπτέτωσαν.

2050 4213 2232 4283 ιγ’.οί
2285 4212 2598 4285 βιαζόμενοι
2640 4214 2733 4266 καὶ
2775 4212 3026 4278 δόξαντες
3056 4208 3553 4282 ἀντιστῆναι,.εἵτα

1977 4305 2345 4376 καταθέμενοι
2390 4308 2455 4377 τῇ
2509 4304 2755 4375 ἀσεϐείᾳ,
2814 4307 2908 4357 καὶ
2953 4305 3553 4376 ἀναστρατευσάμενοι,

1976 4399 2262 4453 δεκαετίαν
2294 4398 2764 4468 ἀφοριζέσθωσαν.
2802 4397 3114 4468 Σκοπητέον
3146 4396 3201 4450 δὲ
3244 4397 3330 4467 ἐφ’
3381 4398 3553 4452 ἅπασι

299 4488 634 4559 poenitentia:
661 4505 853 4561 genus.
884 4492 964 4548 Ac
996 4493 1041 4547 si
1070 4492 1115 4548 is
1138 4495 1230 4563 qui
1255 4508 1470 4565 poenam
1494 4496 1741 4566 suscipit,
1773 4497 1873 4553 fer-

2008 4491 2041 4541 ‘6
2064 4484 2204 4554 εἶδος
2230 4491 2327 4561 τῆς
2360 4490 2651 4560 μετανοίας
2673 4504 2685 4519 ·
2737 4489 2831 4543 καὶ
2883 4488 3229 4560 θερμοτέρως
3265 4490 3364 4560 μὲν
3389 4507 3545 4558 μετα·

300 4579 600 4635 vcntiorem
623 4594 683 4636 se
711 4580 765 4635 in
796 4582 1117 4652 paenitendo
1136 4583 1409 4650 ostendat,
1426 4583 1722 4639 humanius
1745 4601 1872 4640 cum

298 4684 366 4725 eo
393 4678 518 4742 agat
541 4671 866 4745 episcopus:
908 4672 952 4729 si
978 4688 1106 4728 vero
1136 4672 1492 4744 frigidiorem,
1524 4675 1788 4731 severius.

370 4854 457 4909 14.
474 4855 576 4922 Qui
604 4855 713 4911 vita
737 4857 1039 4924 excedunt,
1068 4858 1497 4914 communicent.
1523 4856 1579 4914 Si
1603 4874 1731 4915 vero
1752 4860 1874 4930 quis

297 4947 544 5019 ipsorum
577 4949 948 5016 convalescat,
979 4948 1053 5006 sit
1079 4965 1203 5007 cum
1232 4951 1300 5006 iis
1323 4959 1534 5004 tantum
1556 4951 1646 5020 qui
1670 4953 1873 5006 oratio-

296 5039 385 5095 nis
413 5049 541 5095 snnt
564 5040 876 5111 participes.

369 5131 460 5188 15.
496 5130 552 5187 Si
579 5132 703 5202 quis
732 5131 1162 5188 catechumenus
1192 5132 1375 5205 lapsus
1402 5132 1602 5195 fuerit,
1649 5132 1737 5188 hic
1763 5141 1874 5188 tres

296 5238 471 5280 annos
495 5223 699 5288 audiat,
765 5224 928 5296 idque
956 5225 1407 5282 solumrdeinde
1451 5239 1576 5282 cum
1612 5224 1872 5281 catechu-

296 5314 473 5370 menis
513 5325 654 5371 oret.

369 5406 457 5462 16.
496 5408 574 5462 Ex
622 5408 755 5464 urbe
790 5409 847 5465 in
890 5410 1084 5466 urbem
1117 5424 1298 5480 neque
1340 5410 1652 5481 episcopus,
1688 5424 1871 5481 neque

180 5505 202 5521 ‘
296 5500 598 5572 presbyter,
630 5516 809 5570 neque
839 5503 1100 5557 diaconus
1131 5502 1348 5574 migret.
1400 5502 1678 5574 Siquidem
1747 5518 1870 5558 rur-

300 5607 395 5648 sus
427 5593 790 5650 restituentur
826 5594 1074 5652 ecclesiis
1100 5594 1157 5653 in
1184 5595 1384 5667 quibus
1411 5595 1646 5653 ordinati
1680 5605 1831 5653 sunt.

370 5774 453 5832 17.
496 5774 773 5851 Quotquot
816 5782 1119 5856 presbyteri
1161 5792 1218 5842 et
1268 5783 1478 5842 diaconi
1530 5781 1597 5840 ab
1643 5780 1870 5838 ecclesia

1982 4582 2318 4657 μελουμένου
2346 4582 2442 4634 τοῦ
2472 4579 2771 4648 δεξαμένου
2816 4582 2878 4634 τὸ
2915 4581 3212 4651 ἐπιτίμιον,
3250 4581 3552 4653 φιλανθρωο

1978 4672 2212 4743 πότερον
2262 4674 2290 4726 6
2339 4671 2643 4737 ἐπίσκοπος
2685 4670 3041 4726 διατιθέσθω·
3071 4669 3442 4744 ψυχροτέρως,
3472 4672 3551 4739 δὲ,

1976 4764 2316 4836 δραστικώτε
2326 4781 2434 4835 ρον.

2047 4856 2130 4914 ιδ’.
2163 4860 2226 4913 Οἱ
2268 4858 2643 4926 ὲξοδευόμενοι
2690 4858 3154 4914 κοινωνείτωσαν·
3187 4856 3237 4910 εί
3262 4856 3319 4910 δέ
3344 4874 3426 4921 τις
3454 4856 3550 4908 αὑ·

1976 4952 2084 5005 τῶν
2118 4952 2354 5020 ὑγιάνοι,
2387 4951 2529 5005 ἔστω
2561 4952 2702 5023 μετὰ
2748 4952 2855 5007 τῶν
2886 4952 2987 5022 τῆς
3035 4950 3203 5023 εὐχῆς
3234 4947 3551 5005 κοινωνούνσ

1975 5061 2108 5110 των,
2132 5045 2228 5099 καὶ
2254 5044 2437 5115 μόνον.

2052 5137 2135 5192 ιε’.
2178 5136 2247 5191 Ei
2291 5154 2377 5201 τις
2428 5137 2808 5208 παραπέσοιτο
2857 5135 3299 5208 κατηχούμενος,
3353 5137 3552 5191 οὑτωσὶ

1972 5228 2156 5299 τρισὶν
2182 5226 2360 5282 ἐτεσιν
2389 5227 2706 5298 ἀκροάσθω.
2738 5228 2834 5282 καὶ
2861 5228 3021 5300 μόνον
3043 5243 3057 5259 ·
3113 5224 3233 5282 εἶτα
3275 5229 3416 5298 μετὰ
3442 5228 3551 5282 τῶν

1978 5336 2219 5391 κατηχου
2228 5319 2405 5390 μένων
2439 5319 2703 5390 εὐχέσθω.

2050 5408 2149 5476 ις’.
2181 5410 2281 5463 Ἐκ
2307 5409 2516 5475 πόλεως
2545 5411 2625 5475 είς
2659 5408 2813 5464 πόλιν
2861 5410 3001 5481 μήτε
3052 5409 3371 5474 ἐπίσκοπος,
3407 5408 3549 5479 μήτε

1976 5501 2386 5573 πρεσϐύτερος,
2447 5503 2583 5572 μήτε
2642 5502 2889 5565 διάκονος
2943 5501 3354 5573 μεταϐαινέτω·
3424 5501 3549 5554 ἐπεὶ

1975 5593 2142 5650 πάλιν
2168 5592 2595 5664 ἀποδοθήσονται
2627 5595 2748 5658 ταῖς
2812 5591 3130 5663 ἐκκλησίαις
3170 5594 3233 5647 ἂν
3255 5587 3343 5658 αἷς
3366 5608 3548 5664 κεχει-

1976 5687 2314 5758 ροτόιηνται.

2050 5778 2137 5842 ιζ’.
2169 5778 2327 5835 Ὀσοι
2362 5775 2724 5849 πρεσϐύτεροι
2770 5776 2864 5831 καὶ
2923 5776 3162 5834 διάκονοι
3205 5776 3303 5849 τῆς
3335 5775 3535 5850 ἐκκλη-
