3868 6462
255 418 371 479 2ὶὸ

1495 399 1839 466 ΕΡΙΤΟΜΕ
1878 394 2277 461 ΕΑΝΟΝΗΜ·

3430 373 3539 437 246

182 566 189 585 ;
263 533 395 593 σίας
448 527 928 601 ἀναχωρήσουσιν,
956 522 1175 580 ἀδεκτοι
1206 519 1284 584 είς
1320 517 1516 591 ἐτέρας
1550 514 1853 586 ἐκκλησίας

2011 505 2306 572 :cesseriut,
2322 503 2378 558 in
2399 501 2532 558 alias
2557 497 2813 556 ecclesias
2833 508 2947 551 non
2960 486 3294 564 recipientur
3309 531 3323 557 ,
3344 504 3537 546 verum

263 623 617 694 γενήσονται,
649 620 752 683 ἕως
782 616 1192 690 ἐπιστρέψωσιν
1226 614 1307 677 είς
1337 612 1437 675 τὰς
1467 608 1678 665 ἑαυτῶν
1709 624 1854 679 παρ-

263 715 452 781 οικίας
473 731 488 747 ·
524 714 574 768 εί
604 712 663 767 δέ
686 731 769 777 τις
793 712 885 768 τὸν
919 711 1093 781 ἑτέρῳ
1122 708 1451 779 διαφέροντα
1484 701 1856 778 χειροτονῆσαι

265 809 394 880 δίχα
418 807 647 880 γνώμης
676 806 769 860 τοῦ
815 805 1019 860 οἰκείου
1070 800 1401 866 ἐπισκόπου,
1433 798 1638 871 ἄκυρος
1670 799 1705 869 ὴ
1738 812 1856 869 χει-

266 902 519 976 ροϐεσέα.

350 993 442 1068 ιη’.
480 996 551 1051 Et
579 1014 664 1062 τις
692 997 891 1060 τόκους
917 993 952 1066 ἢ
984 992 1232 1067 ὁμιολίας
1259 992 1553 1064 λαμϐάνει,
1579 986 1861 1056 ἀλλότριος

270 1088 433 1143 ἔσται
488 1089 630 1161 μετά
657 1090 748 1144 τὸν
777 1090 902 1162 ὅρον
935 1089 1127 1143 τοῦτον
1180 1090 1281 1160 τῆς
1328 1083 1666 1158 Ἐκκλησίας
1685 1124 1699 1150 ,
1730 1079 1862 1137 καθ-

270 1182 625 1255 αιροὺμενος,

353 1275 440 1333 ιϐ’.
493 1277 558 1331 Ol
610 1274 848 1332 διάκονοι
897 1279 1009 1342 τοῖς
1044 1276 1197 1339 ίδίοις
1253 1276 1475 1346 μέτροις
1523 1273 1860 1346 μενέτωσαν,

276 1370 418 1441 μηδὲ
451 1369 619 1440 μέσον
654 1369 1047 1443 πρεσϐυτέρων
1085 1367 1515 1433 καθεζέσθωσαν
1536 1384 1549 1397 ·
1582 1365 1734 1438 παρά
1758 1382 1863 1419 κα·-

271 1462 408 1516 νόνα
448 1462 563 1535 γὰρ
611 1461 709 1516 καὶ⁸
744 1462 973 1530 ἀταξίαν
1030 1460 1143 1535 [ϊσ.
1195 1459 1475 1533 εὐταξίαν]
1510 1460 1679 1526 ἐστὶν,
1720 1457 1776 1511 εἴ
1812 1473 1863 1510 τι

273 1554 525 1610 τοιοῦτον
549 1558 644 1610 καὶ
668 1556 903 1625 γένοιτο.

347 1654 422 1705 κ’.
454 1647 520 1702 Οἱ
553 1648 912 1704 Παυλικιανοὶ
954 1648 1458 1714 ἀναὸαπτίζονται·
1508 1649 1602 1703 καὶ
1643 1646 1697 1701 εἴ
1720 1662 1867 1710 τινες

275 1741 541 1812 κληρικοὶ
568 1742 855 1813 ἄμεμπτοι
882 1741 1193 1797 δείκνυνται
1228 1738 1727 1802 ἀνασαπτισθέντες
1757 1754 1869 1808 χειο

281 1834 757 1906 ροτονείσθωσαν⁸
823 1835 873 1889 εί
945 1834 1002 1891 δὲ
1064 1834 1139 1907 μὴ
1196 1834 1477 1907 ἄμεμπτοι
1524 1832 1865 1892 δείκνυνται.

280 1929 787 1999 καθαιρείσθωσαν.
820 1929 888 1982 Αἱ
927 1929 983 1984 δὲ
1019 1928 1361 1984 διακόνισσαι
1410 1923 1866 1995 ἐξαπατηθεῖσαι,

280 2025 410 2077 ius}.
440 2022 519 2095 μὴ
545 2023 881 2096 χειροτονίας
911 2023 1259 2097 μετέχουσιν,
1312 2024 1371 2075 ὲν
1398 2024 1511 2084 τοῖς
1539 2019 1751 2082 λαῖκοῖς
1780 2017 1870 2085 ἐξ·

281 2112 690 2178 εταζέσθωσαν.

359 2215 468 2262 κα¹.
500 2208 592 2262 Ἐν
641 2210 765 2272 ταῖς
817 2209 1126 2280 Κυριακαῖς
1170 2207 1230 2260 οὐ
1261 2207 1380 2262 δέον
1414 2205 1595 2259 κλῖναι
1626 2203 1690 2258 τδ
1717 2201 1871 2274 γόνυ,

293 2299 304 2310 ’
325 2298 409 2353 λλ’
440 2298 639 2372 ὀρθοὺς
675 2297 939 2374 [ὀρθίους]
968 2297 1224 2371 εὔχεσθαι
1258 2298 1384 2362 τοὺς
1420 2294 1766 2368 ἀνθρώπους.

284 2408 581 2481 Ἐπιτομὴ
648 2410 929 2466 κανόνων
985 2409 1109 2464 τῶν
1164 2409 1235 2462 ἐν
1302 2404 1876 2465 Κωνσταντινουπόκ

712 2484 807 2536 λει
828 2487 925 2552 pr’
955 2482 1141 2551 ἁγίων
1168 2481 1470 2550 Πατέρων.

358 2586 431 2637 α’.
477 2579 544 2635 Ἦ
566 2578 713 2636 κατὰ
733 2579 971 2634 Νίκαιαν
1004 2578 1187 2643 πίστις
1220 2577 1524 2651 κρατείτω·
1571 2577 1639 2631 τὰ
1676 2575 1735 2630 δὲ
1767 2574 1879 2629 τῶν

288 2672 563 2742 αἱρέσεων
588 2671 651 2725 τὸ
679 2669 951 2743 ἀνάθεμα.

272 2769 277 2773 ’
365 2768 434 2839 β’.
470 2767 794 2840 ’Υπερόριος
843 2769 923 2831 εἰς
956 2764 1297 2837 Ἐκκλησιῶν
1349 2763 1637 2833 σύγχυσιν,
1691 2760 1880 2834 μηδεὶς

292 2861 459 2927 ἔστω,
497 2862 637 2933 μήτε
667 2858 1015 2932 χειροτονῶν,
1057 2859 1185 2930 μήτ’
1216 2856 1565 2930 ἑνθρονίζων.
1599 2855 1724 2910 Ἐπὶ
1749 2854 1880 2925 μέν·

292 2970 377 3007 τοι
409 2952 523 3007 τῶν
557 2954 618 3006 ὲν
646 2954 761 3014 τοῖς
793 2950 1004 3006 ἔθνεσιν
1031 2947 1392 3020 Ἐκκλησιῶν,
1415 2947 1450 3020 ἡ
1477 2945 1587 3001 τῶν
1619 2944 1883 3017 Πατέρων

293 3044 571 3118 κρατείτω
603 3045 882 3117 συνήθεια.

368 3137 441 3210 γ’.
488 3141 548 3194 '0
582 3137 1216 3202 Κωνσταντινουπόλεως
1257 3136 1422 3200 εὐθὺς
1457 3133 1597 3207 μετά
1625 3133 1719 3188 τὸν
1751 3132 1886 3187 Ῥώ-

296 3253 411 3307 μης
435 3232 749 3306 τετίμηται.

365 3326 427 3383 δ’.
457 3326 714 3398 Μάξιμος
766 3329 795 3381 6
850 3326 1037 3395 Κύων,
1068 3326 1181 3381 τῶν
1206 3324 1529 3380 ἐπισκόπων
1569 3320 1879 3393 ἀλλότριος·

296 3422 395 3478 καί⁵
422 3420 571 3487 ἄπας
594 3420 807 3492 ἀνίερος
842 3418 902 3485 ὃς
927 3420 1124 3493 ἐκείνῳ
1161 3419 1531 3491 κεκλήρωται.

371 3619 439 3668 ι’.
478 3608 540 3666 Ὀ
568 3608 794 3681 Πατέρα
818 3650 835 3677 ,
870 3608 966 3662 καὶ
1002 3606 1152 3674 Υίὸν,
1206 3605 1302 3661 καὶ
1331 3603 1487 3673 ἅγιον
1524 3601 1751 3673 Πνεῦμα
1779 3600 1888 3656 τῶν

298 3704 539 3760 δυτικῶν
575 3702 743 3775 τόμος
791 3699 1056 3774 όμοούσια
1098 3697 1459 3770 παρεγγυῶν,
1501 3694 1886 3760 εὐαπόδεκτος.

378 3885 455 3954 ς’.
488 3886 601 3943 Καὶ
625 3888 654 3942 6
688 3882 980 3949 κακόδοξος
1024 3880 1539 3952 πλεονεκτούμενος,
1584 3878 1891 3949 ὲγκαλείτω

303 3981 430 4037 κατ’
483 3978 824 4035 δπισκόπου·
880 3977 929 4030 εί
976 3976 1033 4030 δὲ
1075 3974 1185 4029 τῶν
1225 3973 1536 4045 ίερωτέρων
1576 3972 1662 4043 εἴη
1709 3972 1771 4026 τὸ
1799 3971 1893 4041 ἔγ-

307 4075 523 4145 κλημα,
575 4072 652 4144 μὴ
678 4070 921 4141 λεγέτω*
951 4069 1028 4140 μὴ
1068 4066 1276 4137 λεγέτω
1318 4066 1377 4121 δὲ
1423 4066 1548 4137 μηδ’
1591 4065 1788 4131 ἄλλως,
1843 4066 1893 4118 εί

308 4166 835 4241 προκατέγνωσται’
893 4161 969 4234 μὴ
1010 4161 1219 4232 λεγέτω
1261 4161 1356 4214 καὶ
1407 4161 1435 4214 6
1483 4159 1891 4230 ἀκοινώνητος·

311 4263 390 4334 μὴ
413 4257 622 4328 λεγέτω
654 4257 748 4312 καὶ
768 4258 795 4310 6
827 4256 1158 4327 ἀπόϐλητος,
1191 4253 1290 4307 καὶ
1330 4254 1358 4307 6
1412 4253 1894 4325 κατηγορούμενος

308 4357 371 4410 ιν
398 4370 566 4419 τισιν,
596 4352 704 4415 ἕως
737 4349 1118 4405 ἀποδύσωνται
1145 4347 1216 4401 τὰ
1269 4347 1468 4401 οἰκεῖα.
1500 4346 1894 4420 Κατηγορείτω

307 4448 370 4504 δὲ
424 4449 454 4501 6
499 4443 806 4516 ὀρθόδοξος,
859 4444 888 4496 6
935 4438 1275 4505 κοινωνικὸς,
1310 4441 1340 4491 6
1388 4437 1833 4505 ἀκατάγνωστος,
1866 4439 1895 4491 6

309 4535 735 4606 ἀκατηγόρητος
755 4549 770 4563 ·
832 4531 928 4585 καὶ
975 4529 1344 4586 κοινωνείσθω
1376 4530 1489 4592 τοῖς
1518 4528 1894 4600 ἐπαρχιώταις

310 4630 374 4684 τὸ
397 4627 679 4699 ἔγκλημα.
721 4627 784 4680 Εἰ
814 4625 859 4679 δ’
889 4624 1227 4690 ἀδυνατοῖεν,
1261 4623 1400 4694 πρὸς
1431 4621 1655 4693 μείζονα
1686 4639 1836 4694 τραπ

317 4720 538 4777 σθωσαν
569 4719 789 4773 σύνοδον
811 4733 826 4749 ο
868 4720 964 4772 καὶ
1007 4717 1132 4788 δίχα
1174 4714 1465 4789 ἐγγραφῆς
1494 4718 1594 4787 τῆς
1621 4732 1900 4769 ταυτοπασι

317 4815 472 4880 θείας
496 4814 575 4886 μὴ
599 4810 989 4867 ἀκουέσθωσαν
1010 4827 1024 4840 ·
1046 4812 1076 4866 6
1105 4809 1165 4865 δὲ
1189 4809 1341 4880 παρά
1370 4806 1543 4864 ταῦτα
1570 4807 1649 4880 τῷ
1691 4807 1904 4879 βασιλεῖ

298 4906 586 4983 προσιὼν,
613 4906 710 4962 καὶ
743 4903 999 4978 ἐνοχλῶν,
1027 4903 1435 4976 ἀποκήρυκτος.

315 5074 607 5146 Ἐπιτομὴ
643 5074 921 5131 κανόνων
963 5069 1083 5127 τῶν
1108 5069 1180 5125 ἐν
1216 5068 1455 5140 Ἐφέσῳ
1504 5070 1690 5139 ἁγίων
1714 5072 1902 5128 Πατέ-

1021 5159 1170 5213 ρων.

391 5260 465 5316 α’.
490 5258 624 5314 Ἐὰν
651 5255 992 5328 ἀποληφθεὶς
1024 5255 1053 5308 6
1081 5252 1484 5326 μητροπολίτης
1511 5252 1619 5307 τῶν
1640 5254 1903 5310 Κελεστί-

318 5372 414 5409 νου
451 5352 766 5424 ἀντέχεται,
793 5349 827 5424 ἢ
857 5348 1172 5421 ἀνθέξηται,
1204 5345 1535 5420 ἀπόϐλητος,
1569 5348 1663 5404 καὶ
1690 5349 1750 5403 τὸ
1774 5348 1903 5422 ἑξῆς

317 5445 650 5517 ἀδιοίκητος.

393 5531 462 5605 β’.
494 5531 689 5598 Ὅστις
736 5530 1017 5604 Νεστορίῳ
1061 5530 1332 5604 σύμφρων
1375 5530 1637 5603 όμόφρων
1681 5528 1904 5587 ὲοιιίσκο⁴

321 5640 446 5692 πος,
469 5623 876 5696 ἀποκήρυκτος.

392 5716 466 5788 γ’.
505 5719 601 5782 Ὃς
631 5718 737 5774 ὑπὸ
766 5716 1066 5788 Νεστορίω
1103 5716 1200 5788 τῆς
1239 5716 1539 5788 ίερωσύνης
1568 5716 1899 5784 κεκώλυται,

323 5807 618 5882 ἱερώτατος
639 5825 654 5841 °
682 5811 711 5864 6
732 5808 786 5865 δὲ
818 5808 1036 5874 δεκτέος
1067 5809 1280 5881 ἐκείνῳ,
1316 5808 1549 5882 ἀνίερος.

1961 601 2030 656 ad
2055 614 2183 655 suas
2230 595 2501 669 parmcias
2546 600 2916 648 revertantur.
2964 585 3023 642 Si
3059 583 3184 656 quis
3231 597 3363 637 vero
3415 588 3540 637 eum

1961 691 2053 763 qui
2085 691 2151 745 ad
2191 688 2356 744 alium
2388 684 2648 756 pertinet,
2685 677 3018 737 ordinaverit
3054 676 3188 732 citra
3216 672 3541 731 sententiam

1963 782 2168 859 proprii
2198 778 2462 852 episcopi,
2499 776 2654 832 irrita
2684 773 2787 831 erit
2812 768 3107 829 ordinatio.

2036 966 2124 1023 18.
2167 963 2224 1021 Si
2270 960 2395 1034 quis
2436 973 2631 1015 usuras
2665 965 2761 1011 aut
2803 950 3110 1022 sescuplum
3159 948 3393 1020 accipiat
3426 954 3548 1019 post

1964 1060 2220 1118 Ecclesiae
2246 1052 2797 1113 determinationem,
2842 1056 3098 1116 tanquam
3127 1044 3341 1100 alienus
3380 1036 3549 1117 depo-

1965 1164 2147 1211 natur.

2040 1246 2132 1303 l9.
2175 1240 2396 1299 Diaconi
2452 1239 2507 1294 in
2556 1238 2670 1294 suis
2719 1229 2973 1291 terminis
3025 1238 3322 1298 maneant,
3374 1240 3551 1298 neque

1968 1340 2112 1395 inter
2139 1336 2493 1410 presbyteros
2524 1331 2790 1396 sedeant;
2822 1343 2949 1384 nam
2979 1335 3168 1382 contra
3200 1334 3468 1378 canonem
3499 1326 3555 1376 et

1968 1430 2257 1486 decentem
2288 1424 2539 1481 ordinem
2571 1428 2675 1489 est,
2704 1420 2748 1475 si
2779 1418 2910 1491 quid
2940 1418 3047 1474 tale
3072 1412 3377 1483 contingat.

2040 1612 2133 1669 20.
2182 1608 2535 1667 Paulianistae
2574 1606 2758 1661 denuo
2804 1601 3189 1674 baptizantur:
3252 1611 3318 1653 ac
3370 1594 3415 1650 sl
3464 1592 3555 1667 qui

1970 1705 2154 1765 clerici
2198 1698 2709 1774 irreprehensihiles
2743 1695 3187 1766 comperiantur,
3236 1687 3559 1760 rebaptizati

1974 1799 2319 1863 ordinentur,
2366 1794 2475 1850 nisi
2528 1807 2660 1848 vero
2699 1784 3212 1860 irreprehensibiles
3245 1783 3558 1842 videantur,

1902 1878 1942 1933 Β
1973 1895 2342 1965 deponantur.
2405 1884 2743 1943 Diaconissa'.
2782 1883 3027 1952 deceptae
3051 1922 3066 1946 ,
3119 1873 3560 1949 quandoquidem

1973 1984 2338 2043 ordinationis
2367 1990 2622 2053 expertes
2650 1987 2802 2044 sunt,
2829 1976 2976 2033 inter
3010 1974 3180 2029 laicos
3210 1977 3520 2027 versentur.

2045 2175 2137 2232 21.
2178 2169 2481 2226 Dominicis
2516 2167 2711 2223 diebus
2746 2180 2854 2221 non
2882 2168 3101 2233 oportet
3143 2173 3285 2232 genu
3311 2154 3564 2220 ﬂectere,

1976 2268 2072 2323 sed
2107 2274 2289 2321 rectos
2319 2258 2571 2317 homines
2600 2270 2778 2313 orare.

1978 2373 2224 2442 Epitome
2281 2381 2545 2423 canonum
2598 2379 2661 2417 cr.
2694 2361 2922 2442 Patrum
2954 2352 3412 2425 Constantinopoli
3442 2368 3568 2410 cort-

2607 2440 2964 2506 gregalorum.

2052 2548 2106 2603 l.
2159 2545 2379 2600 Nieaena
2418 2540 2555 2597 ﬁdes
2597 2535 2844 2593 obtineat
2872 2539 3275 2604 serveturque:
3330 2530 3568 2585 haereses

1980 2656 2113 2701 vero
2143 2637 2456 2697 anathema.
3474 2686 3481 2691 ι
3538 2634 3547 2641 ι

2053 2737 2108 2791 2.
2142 2732 2338 2789 Nullus
2374 2738 2635 2786 externus
2675 2722 2744 2780 ad
2778 2720 3147 2778 Ecclesiarum
3189 2714 3571 2773 confusionem

1984 2847 2165 2900 neque
2193 2827 2430 2889 ordinet,
2453 2834 2633 2893 neque
2658 2818 2713 2875 in
2737 2817 2868 2873 sede
2896 2814 3141 2870 collocet.
3181 2809 3571 2865 Verumtamen

1984 2925 2041 2981 in
2066 2919 2324 2979 Ecclesiis
2350 2932 2473 2989 quae
2522 2921 2651 2970 sunt
2701 2909 2847 2984 apud
2877 2905 3128 2982 gentiles,
3170 2910 3391 2975 patrum
3437 2914 3575 2957 con-

1986 3016 2220 3074 suetudo
2244 3019 2514 3069 servetur.

2050 3108 2104 3162 5.
2147 3096 2790 3170 Constantinopolitanus
2832 3092 3127 3164 episcopus
3174 3086 3415 3158 primum
3455 3091 3577 3156 post

1913 3229 1956 3287 ο
1990 3199 2179 3255 Roma:
2206 3197 2527 3267 episcopum
2560 3191 2830 3246 honorem
2861 3185 3130 3241 obtineat.

1996 3322 2003 3328 ο
2062 3293 2117 3347 4.
2163 3286 2432 3344 Maximus
2477 3283 2715 3356 Cynicus
2760 3278 2830 3335 ah
2881 3276 3160 3348 episcopis
3207 3272 3459 3328 alienus:
3515 3283 3580 3326 ac

1997 3382 2246 3456 quisquis
2281 3379 2351 3436 ab
2387 3392 2455 3434 eo
2489 3376 2546 3431 in
2583 3375 2792 3431 elerum
2838 3369 3110 3442 ascriptus
3148 3374 3233 3423 est
3255 3409 3270 3433 ,
3319 3360 3580 3435 profanus

1998 3476 2286 3532 habeatur.
3255 3459 3259 3463 ’

2069 3570 2125 3624 5.
2161 3563 2600 3623 Occidentalium
2652 3568 2833 3615 tomus
2877 3557 3094 3612 Patrem
3121 3594 3136 3619 ,
3186 3560 3243 3608 et
3289 3548 3484 3606 Filium
3529 3553 3580 3600 et

2001 3662 2264 3732 Spiritum
2295 3664 2547 3715 sanctum
2577 3646 3074 3710 consubstantiales
3104 3656 3380 3706 asserens,
3426 3638 3584 3696 facile

2000 3754 2331 3813 admittitur.
2368 3748 2378 3754 ’

2072 3851 2127 3905 6.
2179 3845 2284 3914 Qui
2325 3843 2467 3900 mala
2512 3836 2773 3913 opinione
2801 3837 3044 3894 imbutus
3068 3841 3193 3900 est,
3253 3834 3300 3889 si
3327 3830 3583 3902 iniuriam

2002 3942 2263 4016 patiatur,
2295 3943 2515 3994 accuset
2543 3948 2727 3992 coram
2770 3930 3050 4003 episcopo.
3090 3928 3148 3984 Si
3181 3930 3579 3982 autem'sacer-

2004 4037 2193 4093 dotum
2226 4032 2436 4088 crimen
2464 4029 2553 4094 sit,
2584 4042 2652 4083 ne
2671 4026 2836 4093 dicat,
2862 4039 3040 4094 neque
3067 4022 3232 4079 etiam
3260 4020 3399 4083 alius
3427 4029 3587 4085 antea

2005 4129 2403 4188 condemnatus
2425 4122 2590 4186 dicat,
2636 4132 2816 4191 neque
2849 4114 3375 4177 excommunicatus,
3407 4125 3587 4182 neque

2006 4220 2274 4293 deiectus,
2329 4224 2383 4273 et
2408 4214 2500 4287 qui
2529 4212 2921 4269 nonnullorum
2969 4207 3260 4264 criminum
3300 4201 3588 4259 accusatur

2007 4314 2190 4375 dicat,
2273 4310 2451 4366 donec
2520 4306 2789 4361 intentata
2837 4300 2941 4361 sibi
2998 4299 3229 4354 crimina
3285 4293 3588 4353 diluerint:

2008 4410 2230 4462 accuset
2257 4411 2440 4458 autem
2467 4396 2824 4459 orthodoxus,
2856 4389 3262 4448 communionis
3292 4387 3588 4458 particeps.

2008 4516 2119 4556 non
2143 4497 2559 4557 condemnatus,
2594 4508 2703 4548 non
2729 4497 3038 4551 accusatus,
3073 4503 3137 4543 ac
3165 4481 3591 4556 provincialibus

1926 4595 1976 4656 D
2002 4592 2212 4650 crimen
2241 4585 2701 4645 communicetur.
2720 4582 2775 4639 Si
2811 4595 2946 4637 vero
2974 4594 3083 4634 non
3114 4575 3346 4649 possint,
3372 4574 3441 4629 ad
3469 4587 3590 4629 ma-

1999 4688 2174 4762 jorem
2200 4702 2259 4742 se
2285 4688 2607 4740 convertant
2635 4678 2926 4751 synodum,
2949 4689 3013 4731 ac
3037 4674 3171 4729 citra
3194 4670 3586 4743 professionem

2003 4779 2251 4853 ejusdem
2283 4776 2512 4833 atl‘ectus
2542 4788 2612 4829 ne
2640 4771 2959 4826 audiantur.
3021 4765 3125 4833 Qui
3171 4773 3355 4820 autem
3399 4769 3590 4817 contra

2004 4875 2121 4930 haec
2155 4872 2541 4943 imperatorem
2580 4864 2731 4930 adit,
2786 4862 2947 4935 eique
2993 4858 3304 4915 molestiam
3340 4854 3588 4920 exhibet,

2007 4966 2315 5023 abdicetur.

2006 5058 2254 5128 Epitome
2297 5069 2557 5110 canonum
2591 5056 2899 5106 sanctorum
2942 5044 3165 5101 Patrum
3217 5039 3414 5111 Ephesi
3464 5046 3591 5093 con”-

2617 5128 2977 5194 gregatorum.

2080 5240 2133 5294 t.
2174 5235 2623 5308 Metropolitanus
2666 5229 2758 5303 qui
2783 5226 3080 5285 Caelestino
3111 5223 3354 5281 adhaeret
3381 5226 3474 5278 aut
3498 5220 3596 5278 ad-

2008 5333 2260 5389 haesurus
2289 5335 2396 5391 est,
2439 5322 2808 5396 rejiciendus,
2856 5335 2921 5376 ac
2961 5319 3219 5389 deinceps
3261 5314 3331 5371 ab
3354 5312 3596 5371 admini-

2009 5424 2273 5483 stratione
2303 5419 2564 5477 Ecclesiae
2591 5414 2959 5474 removendus
2986 5419 3092 5469 est.

2081 5519 2138 5574 2.
2181 5514 2443 5586 Quisquis
2479 5512 2772 5586 episcopus
2801 5507 3059 5567 Nestorio
3107 5503 3439 5568 assentitur,
3491 5500 3594 5556 ah~

2009 5610 2274 5670 dicandus
2301 5615 2404 5664 est.

2080 5713 2132 5766 5.
2175 5706 2503 5776 Quicunque
2528 5717 2558 5756 a
2583 5698 2835 5755 Nestorio
2867 5692 3170 5755 sacerdotio
3215 5688 3463 5759 deiectus
3488 5686 3597 5748 est,

2011 5800 2319 5861 sacerdotio
2354 5794 2709 5868 dignissimus
2743 5800 2863 5851 est:
2913 5787 3004 5862 qui
3038 5799 3166 5843 vero
3193 5783 3260 5839 ab
3299 5780 3388 5838 illo
3418 5792 3596 5866 susce-

2016 5908 2141 5972 ptus
2176 5903 2280 5964 est,
2327 5889 2608 5966 profanus.
