3868 6480
325 351 430 416 2-57

323 571 518 633 ceptus
550 570 656 627 est,
690 561 744 616 id
771 562 902 616 nihil
933 563 980 618 ei
1008 561 1204 632 prosit.

391 655 447 711 5.
489 654 685 710 Laicus
729 655 821 725 qui
851 655 1060 727 synodo
1093 653 1322 720 resistit,
1357 652 1903 710 excommunicatur:

321 745 555 802 clericus
586 761 714 801 vero
746 746 966 816 insuper
993 745 1296 800 abdicetur.

391 837 443 892 6.
481 836 785 908 Episcopus
834 837 1052 890 aliama
1101 836 1322 890 Nicarna
1382 835 1544 890 fidem
1596 833 1906 905 proferens,

323 927 537 982 alienus
591 929 662 983 ab
706 925 953 983 Ecclesia
1002 927 1278 982 habetur:
1337 927 1508 981 laicus
1555 940 1688 982 vero
1734 923 1911 997 expel-

263 1090 272 1096 _
321 1020 470 1076 litur.

303 1117 312 1178 ξ
392 1111 443 1166 7.
490 1110 790 1168 Serventur
828 1129 928 1170 sua
973 1114 1171 1184 cuique
1199 1111 1637 1185 provinciaejura
1668 1126 1802 1182 pura
1829 1120 1906 1167 at-

320 1218 430 1272 que
477 1202 777 1261 inviolata:
839 1205 932 1276 qui
979 1215 1163 1261 autem
1193 1204 1523 1262 contrariam
1555 1203 1641 1259 his
1677 1201 1908 1258 formam

321 1295 557 1361 inducit,
598 1296 767 1351 futilis
796 1306 900 1353 est.

249 1370 312 1412 ’⁴’
391 1388 447 1444 8.
494 1390 816 1445 Eustathius
867 1406 994 1446 cum
1033 1391 1297 1447 resistere
1326 1396 1645 1446 constanter
1687 1387 1912 1443 deberet

324 1481 454 1552 (hoc
484 1482 632 1536 enim
663 1483 842 1537 omnis
871 1483 1032 1538 debet
1055 1482 1391 1554 episcopus),
1420 1493 1568 1553 terga
1595 1480 1752 1536 facile
1775 1481 1911 1535 dans

323 1574 670 1630 detrectavit.
701 1574 1021 1631 Theodorus
1047 1576 1102 1629 in
1125 1575 1242 1646 ejus
1265 1575 1446 1630 locum
1482 1575 1769 1630 ordinatus
1795 1582 1905 1628 est.

322 1663 418 1720 llle
447 1681 572 1721 vero
602 1666 906 1738 lacrymans
932 1676 1094 1736 atque
1129 1681 1363 1720 exorans
1396 1666 1663 1720 honorem
1688 1664 1906 1735 repetit.

1451 358 1832 420 SYMEONIS
1874 360 2453 423 METAPHBASTE

395 471 451 524 4.
495 468 598 534 Qui
627 469 694 523 ah
721 470 979 542 episcopo
1009 470 1482 531 condemnatus,.a
1515 467 1768 526 Nestorio
1794 486 1902 527 sus-

2086 470 2150 525 δ’.
2195 472 2253 525 Ὀ
2285 472 2641 544 κατακριθεὶς
2672 474 2730 541 ἐξ
2756 475 3084 543 ἐπισκόπου,
3136 475 3230 530 καὶ
3263 477 3368 532 ὑπὸ
3391 479 3606 537 Νεατο-
3675 469 3692 480 ’

3485 371 3595 436 248

2021 561 2136 632 ρίου
2173 561 2405 634 δεχθεὶς,
2437 564 2806 636 ἀνωφέλητος.

2088 660 2150 708 ε’.
2181 654 2578 728 Ἀκοινὼνητος
2613 657 2640 710 6
2673 655 2862 720 λαῖκδς
2888 657 2917 711 6
2946 657 3346 732 ἀντοφθαλμῶν
3382 664 3450 734 τῇ
3475 680 3603 719 συν-

2014 746 2119 818 όδῳ
2138 763 2150 777 ·
2175 750 2202 801 6
2231 747 2287 801 δέ
2317 747 2602 820 κληρικὸς,
2637 749 2718 802 ἐτι
2748 750 2842 804 καὶ
2873 750 3289 823 ἀποκήρυκτος.

2089 839 2164 904 ς’.
2206 840 2264 896 '0
2318 840 2499 893 πίστιν
2544 840 2742 913 ἐτέραν
2796 841 2897 910 τῆς
2943 843 3001 895 ἐν
3051 843 3258 915 Νικαία
3303 844 3604 917 προσάγων

2016 931 2336 1000 ἐπίσκοπος,
2377 932 2775 1004 ἠλλοτρίωται·
2816 935 3004 1000 λαῖκδς
3036 935 3093 989 δὲ
3139 936 3600 1009 ἐξωστράκισται.

2087 1115 2152 1180 ζ’.
2178 1117 2466 1187 Τηρείσοω
2492 1117 2559 1171 τὰ
2589 1119 2794 1190 ἑκάστῃ
2827 1120 3070 1192 ἐπαρχίᾳ
3094 1122 3369 1193 προσόντα
3389 1124 3598 1190 δίκαια,

2014 1208 2234 1279 καθαρὰ
2294 1209 2388 1262 καὶ
2444 1210 2702 1266 ἀϐίαστα.
2763 1213 2822 1266 '0
2869 1211 2927 1265 δὲ
2986 1213 3158 1267 τύπον
3223 1215 3602 1286 ἀντικείμενον

2013 1300 2224 1364 τούτοις
2257 1303 2514 1370 εἰσάγων,
2541 1304 2819 1376 ἀνόνητος.

2085 1399 2156 1462 η’.
2190 1393 2468 1464 Ἀντὲχειν
2493 1395 2728 1465 ὀφείλων
2759 1398 3062 1464 Εὐστάθιος
3092 1400 3413 1472 καρτερῶςο
3439 1401 3603 1457 τοῦτο

2015 1484 2123 1555 γὰρ
2149 1484 2296 1549 ἄπας
2315 1502 2330 1516 °
2384 1485 2529 1540 νῶτα
2557 1488 2682 1553 δοὺς
2713 1491 2930 1558 ἀφελῶς
2964 1494 3345 1564 παρῃτήσατο.
3387 1495 3600 1548 Θεόδω-

2017 1595 2109 1649 ρος
2138 1579 2260 1633 ἀντὶ⁵
2311 1579 2508 1634 τούτου
2540 1585 3022 1656 κεχειροτόνηταιο
3074 1587 3104 1640 6
3159 1587 3215 1641 δὲ
3267 1587 3472 1642 κλαίων
3506 1589 3603 1643 καὶ

2011 1668 2280 1723 δυσωπῶν
2321 1671 2419 1741 τὴν
2448 1673 2616 1742 τιμὴν
2648 1676 2828 1727 αίτείο
2886 1676 2914 1729 6
2952 1677 3066 1730 ἀντ’
3110 1677 3321 1730 ἐκείνου
3352 1695 3602 1748 χειροτο-

321 1757 424 1823 Qui
455 1757 600 1814 illius
630 1759 750 1813 loco
769 1759 937 1813 alium
959 1758 1234 1814 ordinavit
1266 1759 1456 1814 insons
1481 1769 1584 1824 est,
1615 1773 1738 1814 cum
1767 1757 1902 1812 illius

2039 1761 2186 1828 ιήσας
2215 1759 2527 1826 ἀνεύθυνος,
2562 1761 2701 1832 ἔχων
2725 1762 2927 1835 δηλαδὴ
2957 1765 3054 1836 τὴν
3087 1764 3297 1818 ἐκείνου
3321 1765 3603 1836 παραίτηο

319 1850 722 1907 recusationem
742 1867 838 1922 pro
861 1852 1091 1907 crimine
1117 1851 1335 1906 habeat.
1362 1852 1480 1908 Hoc
1501 1860 1682 1906 autem
1704 1853 1902 1922 justum

2039 1868 2106 1905 rw
2130 1853 2246 1906 ἀντ’
2277 1855 2626 1926 ἐγκλήματος
2649 1873 2661 1886 ·
2687 1857 2714 1909 ὁ
2743 1857 2799 1910 δὲ
2828 1832 3177 1912 δεδικαίωται
3211 1859 3375 1928 μόνον
3406 1832 3599 1924 τοῦτο,

319 1961 443 2001 esse
475 1946 651 2002 visum
680 1957 801 2010 est,
853 1946 1208 2018 episcopatus
1239 1963 1438 2003 nomen
1483 1947 1632 2002 illum
1679 1947 1904 2012 habere,

318 2038 608 2111 ipsamque
639 2040 1110 2108 communionem,
1165 2041 1422 2112 quodque
1457 2041 1560 2096 hoc
1613 2038 1905 2111 benignius

320 2131 502 2190 visum
543 2133 638 2190 sit.

321 2243 561 2314 Epitome
598 2263 860 2302 canonum
901 2258 1205 2302 sanctorum
1236 2247 1399 2302 Patre
1425 2246 1757 2302 Chalcedone
1781 2262 1904 2300 con-

906 2329 1187 2391 gregatoru
1197 2336 1267 2372 m.

386 2407 442 2463 2.
480 2405 583 2476 Qui
627 2410 760 2466 emit
787 2420 843 2465 et
887 2412 980 2482 qui
1027 2411 1216 2466 vendit
1264 2410 1704 2474 ordinationem,
1757 2409 1902 2465 circa

319 2502 516 2571 gradus
553 2503 911 2572 periclitatur.
965 2503 1075 2560 Lex
1105 2513 1288 2561 autem
1319 2505 1483 2560 etiam
1514 2519 1686 2576 usque
1715 2504 1781 2559 ad
1809 2518 1906 2574 pa-

319 2595 709 2653 ramonarium.

379 2687 436 2740 3.
470 2685 575 2753 Qui
618 2681 905 2744 domorum
951 2689 1292 2746 saecularium
1341 2705 1529 2745 curam
1573 2688 1902 2761 suscipiunt,

317 2780 672 2852 corripiendi,
699 2782 803 2840 nisi
841 2783 981 2840 forte
1010 2785 1078 2840 ad
1111 2783 1340 2841 minoris
1370 2785 1900 2841 administrationem

317 2876 742 2933 Inexcusabilem
774 2877 860 2934 lex
891 2879 1208 2944 vocaverit,
1261 2889 1357 2936 aut
1393 2881 1687 2952 episcopus
1713 2879 1783 2935 ad
1811 2895 1904 2950 pu-

316 2967 569 3036 pillorum
602 2978 658 3024 et
689 2968 980 3024 viduarum
1011 2985 1200 3025 curam
1237 2971 1567 3028 incitaverit.

380 3058 436 3114 ι.
477 3057 680 3116 Domus
710 3061 945 3117 orationi
980 3061 1179 3129 dicata,
1222 3073 1316 3119 aut
1345 3063 1739 3119 monasterium
1767 3062 1902 3117 citra

2013 1943 2074 1998 τὸ
2123 1948 2226 2017 τῆς
2281 1948 2591 2019 ἐπισκοπῆς
2621 1949 2764 2020 ἔχειν
2796 1949 2991 2020 ὄνομα,
3035 1950 3131 2004 καὶ
3175 1951 3274 2025 τὴν
3305 1950 3597 2006 κοινωνίαν

2012 2036 2218 2108 αὐτὴν⁹
2249 2038 2345 2092 καὶ
2375 2040 2456 2094 ὅτι
2490 2043 2860 2115 χρηστότερον
2889 2043 3156 2100 δέδοκται.

2009 2245 2292 2316 Ἐπιτομὴ
2330 2250 2608 2303 κανόνων
2641 2249 2759 2304 τῶν
2798 2251 2868 2304 ἐν
2898 2250 3247 2320 Καλχηδόνι
3278 2251 3466 2306 ἁγίων
3495 2255 3598 2308 καὶ

2465 2323 2779 2391 μακαρίων
2813 2321 3114 2390 Πατέρων.
3178 2355 3188 2369 -

2083 2408 2150 2480 β’.
2194 2409 2253 2464 ὐ
2280 2410 2648 2482 ἐξωνούμενος
2676 2415 2770 2468 καὶ
2803 2417 2832 2469 6
2869 2415 3202 2486 πιπράσκων
3234 2417 3596 2487 χειροτονίαν,

2010 2503 2142 2573 περὶ
2171 2505 2297 2568 τοὺς
2326 2503 2571 2577 βαθμοὺς
2618 2508 2957 2562 ἐπικινδύνοι
2977 2525 2990 2538 ·
3026 2511 3054 2563 6
3081 2509 3138 2562 δέ
3170 2509 3332 2574 νόμος
3365 2510 3472 2576 ἕως
3505 2514 3600 2566 καὶ

2009 2609 2088 2646 πα
2096 2595 2423 2666 ραμοναρίου
2438 2635 2452 2650 .

2079 2692 2150 2754 γ’.
2181 2686 2248 2739 υἱ
2277 2688 2564 2759 κοσμικῶν
2615 2689 2785 2746 οἴκων
2831 2692 3152 2764 ἐπιμέλειαν
3183 2694 3596 2767 ἀναδεχόμενοι,

2010 2782 2384 2853 ἐπιτιμητέοι·
2413 2783 2552 2854 πλὴν
2579 2785 2628 2836 εἰ
2661 2784 2737 2855 μὴ
2759 2785 2982 2840 καλέσει
3015 2785 3180 2857 νόμος
3212 2788 3294 2852 είς
3322 2787 3598 2860 ἀφήλικος

2006 2871 2277 2944 διοίκησιν
2307 2875 2719 2946 ἀπαραίτητος·
2746 2876 2778 2946 ἢ
2813 2879 2841 2929 6
2867 2877 3166 2941 ἐπίσκοπος
3193 2878 3447 2949 ὀρφανῶν
3502 2880 3598 2933 καὶ

2007 2963 2195 3034 χηρῶν
2225 2964 2543 3034 ἐπιμέλειαν
2571 2965 2938 3037 ἐπιτρέψειεν.

2079 3054 2142 3108 δ’.
2183 3055 2500 3126 Εὐκτήριος
2523 3051 2691 3122 οἰκος,
2724 3057 2758 3128 ἢ
2789 3059 3180 3130 μοναστήριον,
3211 3059 3440 3131 γνώμης
3475 3058 3598 3131 δίχα

315 3150 559 3224 episcopi
601 3155 932 3210 sententiam
975 3171 1086 3212 non
1132 3165 1264 3212 sunt
1306 3157 1662 3212 exstruenda.
1713 3155 1902 3211 Omnis

2039 3144 2105 3200 ὀὖ
2151 3148 2454 3201 ἐπισκόπου
2495 3148 2816 3203 ἀσύστατα·
2852 3150 3000 3214 ἄπας
3038 3150 3095 3204 δὲ
3133 3148 3404 3222 μοναστὴς
3464 3149 3598 3203 ὑπο-

315 3250 499 3296 autem
529 3245 834 3300 monachus
861 3245 1123 3317 episcopo
1153 3246 1495 3316 subjiciatur,
1539 3262 1716 3318 neque
1748 3263 1778 3300 a
1809 3263 1902 3301 sua

2039 3239 2263 3309 τετάχθω
2304 3239 2384 3312 τῷ
2433 3241 2742 3312 ἐπισκόπῳ,
2784 3243 3008 3313 καὶτῆς
3052 3242 3241 3312 μονῆς,
3275 3242 3324 3294 εί
3357 3241 3431 3313 μὴ
3463 3242 3595 3312 παρ’

316 3340 602 3396 mansione
641 3341 918 3409 discedat,
975 3344 1084 3400 nisi
1127 3345 1197 3399 ab
1241 3359 1308 3400 eo
1360 3344 1646 3400 invitetur.
1701 3343 1905 3400 Servus

316 3432 522 3503 absque
557 3435 770 3493 domini
803 3452 1078 3496 consensu
1112 3439 1470 3496 monasticam
1501 3439 1667 3496 vitam
1694 3454 1764 3494 ne
1789 3455 1905 3493 am-

315 3525 610 3594 plectatur.

386 3616 440 3672 5.
475 3617 576 3685 Qui
598 3634 628 3676 e
656 3621 877 3678 civitate
907 3623 962 3678 in
980 3624 1258 3680 civitatem
1279 3624 1904 3690 transeunt,canonibus

314 3710 385 3766 de
414 3712 517 3768 hac
545 3728 604 3767 re
635 3716 863 3771 sancitis
893 3718 1278 3788 subiiciantur.

385 3803 440 3858 6.
484 3804 545 3860 ln
597 3808 874 3880 martyriis
914 3819 1010 3864 aut
1057 3811 1333 3877 oratoriis,
1389 3811 1482 3866 sed
1515 3826 1622 3865 non
1657 3810 1904 3866 absolute

314 3892 615 3951 ordinabis.
645 3895 742 3951 Sin
775 3914 904 3954 vero
927 3899 1021 3970 qui
1041 3900 1327 3957 ordinatus
1348 3910 1454 3969 est,
1476 3899 1644 3973 gradu
1673 3901 1898 3957 excidit.

389 4079 441 4135 7.
481 4078 584 4146 Qui
620 4079 763 4136 inter
795 4081 1024 4138 clericos
1061 4092 1156 4138 aut
1191 4083 1491 4138 monachos
1533 4083 1760 4139 allectus
1793 4093 1898 4151 est,

313 4171 362 4228 si
392 4171 642 4228 militiam
680 4181 775 4229 aut
807 4172 1128 4246 dignitatem
1155 4183 1473 4247 arroganter
1507 4173 1748 4243 affectet,
1783 4192 1902 4232 ma-

312 4264 566 4321 ledictus.

384 4357 438 4412 8.
480 4356 728 4413 Clericus
761 4357 815 4412 in
850 4359 1229 4416 mendicorum
1268 4361 1453 4426 domo,
1485 4371 1578 4418 aut
1614 4363 1670 4418 in
1711 4379 1901 4419 mona-

313 4448 482 4504 sterio
527 4449 730 4522 degens
783 4451 1024 4522 episc0pi
1082 4453 1232 4508 urbis
1285 4455 1538 4524 potestati
1597 4455 1896 4527 subiaceat.

312 4541 416 4608 Qui
451 4557 579 4598 vero
609 4543 678 4598 ab
704 4558 772 4598 eo
802 4544 997 4609 resilit,
1027 4559 1244 4614 pmnam
1277 4547 1488 4603 subeat.

382 4637 435 4692 9.
473 4635 668 4692 Clerici
702 4638 996 4710 litigantes,
1029 4640 1073 4695 si
1117 4641 1309 4697 relicto
1347 4642 1604 4712 episeopo
1639 4640 1704 4695 ad
1733 4653 1906 4695 sa:cu-.-

313 4728 448 4782 laria
478 4729 686 4798 judicia
723 4745 784 4784 se.
823 4729 1130 4796 conferant,
1163 4732 1427 4786 canonice
1462 4731 1763 4800 puniantur
1795 4747 1809 4782 :
1842 4743 1906 4783 ac

313 4821 544 4876 clericus
583 4837 709 4876 cum
752 4821 1010 4893 episcopo
1035 4823 1374 4878 eontendens
1407 4824 1673 4892 synodum
1711 4835 1904 4890 exspe-

312 4923 466 4971 ctet:
504 4917 962 4987 metropolitanus
1007 4933 1141 4974 vero
1172 4918 1462 4989 episcopus
1489 4917 1558 4972 ad
1587 4916 1902 4972 Constanti-

313 5007 690 5079 nopolitanum
722 5019 1002 5080 provocet.

391 5098 478 5156 10.
519 5100 758 5156 Duarum
804 5101 1024 5158 urbium
1050 5103 1300 5159 ecclesiis
1338 5102 1572 5159 clericus
1607 5117 1720 5159 non
1751 5102 1904 5158 addi~

268 5188 271 5190 ’
310 5196 457 5252 citur
488 5213 507 5256 :
538 5196 585 5252 si
629 5211 756 5251 vero
785 5193 1037 5252 addictus
1082 5195 1267 5264 fuerit,
1297 5196 1364 5252 ad
1398 5199 1628 5268 primam
1660 5208 1903 5254 reverte-

313 5299 423 5344 tur.
471 5287 526 5344 Si
575 5289 698 5359 quis
748 5297 930 5344 autem
977 5289 1089 5360 jam
1137 5290 1432 5346 translatus
1478 5291 1661 5357 fuerit,
1705 5291 1901 5362 prioris

308 5384 555 5441 ecclesia;
605 5397 788 5436 rerum
823 5381 974 5436 nullo
1005 5382 1168 5436 modo
1203 5381 1475 5451 particeps
1509 5382 1599 5437 sit.

381 5472 470 5527 Η.
505 5471 783 5542 l‘auperes
812 5470 1062 5542 epistolis
1091 5471 1368 5536 instructi,
1399 5481 1452 5526 at
1478 5488 1586 5527 non
1620 5488 1901 5527 commen-

308 5565 515 5622 datitiis
556 5565 752 5621 litteris
792 5567 896 5621 iter
939 5564 1144 5622 faciant
1187 5582 1202 5620 :
1257 5565 1713 5622 commendatitiae
1751 5566 1896 5622 enim

308 5659 714 5716 existimatione
746 5659 987 5732 praeditis
1014 5659 1234 5717 dantur.

385 5753 471 5806 1‘2.
516 5751 573 5808 In
604 5754 741 5810 duas
773 5753 1082 5825 provincias
1111 5770 1218 5809 una
1247 5755 1522 5826 provincia
1557 5773 1662 5810 non
1693 5757 1893 5812 scindi-

311 5855 418 5915 tur,
473 5848 564 5919 ιιιιὶ
617 5865 745 5907 vero
799 5848 1021 5908 scidcril
1067 5849 1380 5921 episcopatu
1440 5846 1712 5920 dejicitur.
1761 5847 1893 5912 Quae

2011 3332 2177 3387 αὑτοῦ
2211 3332 2596 3404 προτρέποιτο,
2639 3333 2715 3406 μὴ
2746 3335 3066 3404 ἀφίσταται.
3102 3334 3299 3399 Δοῦλος
3327 3335 3407 3402 δὲ,
3439 3334 3489 3388 εί
3518 3334 3594 3405 μὴ

2011 3423 2210 3497 γνώμῃ
2236 3424 2332 3478 τοῦ
2363 3424 2657 3494 δεσπότου,
2683 3425 2760 3497 μὴ
2795 3426 3098 3496 μοναζέτω,

2081 3611 2143 3669 ε’.
2192 3614 2255 3668 Ol
2310 3613 2733 3684 μεταϐαίνοντες
2777 3615 2844 3669 ἐκ
2889 3615 3097 3679 πόλεως
3141 3616 3218 3680 εἰς
3251 3613 3431 3680 πόλιν,
3465 3611 3594 3677 τοὺς

2011 3706 2140 3777 περὶ⁵
2167 3707 2358 3760 τούτου
2391 3707 2625 3771 κανόνας
2657 3707 3141 3763 ύποϐλεπέτωσαν.

2081 3804 2158 3862 ς’.
2191 3797 2319 3851 Ἐπὶ
2353 3801 2678 3871 μαρτυρίοις
2721 3800 2755 3871 ἢ
2790 3799 3126 3872 εὐκτηρίοις,
3153 3800 3255 3854 οὐκ
3306 3797 3593 3860 ἀπολύτως

1955 3925 1963 3932 ·
2007 3893 2452 3964 χειροτονήσεις·
2505 3895 2552 3946 εξ
2601 3894 2659 3946 δὲ
2706 3893 2817 3966 μὴ,
2888 3894 3302 3966 ἀχειροτόνητος
3353 3893 3381 3946 6
3430 3890 3592 3963 δῆθεν

2007 3985 2320 4058 χειροτονού
2331 4003 2510 4056 μενος.

2085 4077 2150 4141 ζ’.
2195 4077 2255 4132 '0
2287 4076 2588 4149 κληρωθεὶς
2614 4077 2648 4148 ἢ
2678 4090 2940 4149 μονασας,
2973 4077 3006 4149 ἦ
3040 4078 3153 4151 [γρ.
3187 4077 3258 4150 ει]
3285 4077 3379 4130 ἐπὶ
3421 4092 3592 4147 στρα-

2003 4171 2175 4238 τείαν,
2209 4171 2243 4242 ἢ
2277 4171 2458 4238 ἀξίαν,
2495 4171 2920 4238 ἀπαυθαδιάσει,
2951 4172 3246 4243 ἐπάρατος.

2076 4357 2146 4429 η’.
2187 4359 2248 4412 Ὀ
2273 4361 2329 4412 ἐν
2357 4359 2611 4430 πτωχείῳ
2649 4360 2682 4432 ἢ
2715 4359 2951 4429 σεμνείῳ
2982 4358 3310 4430 κληρωθεὶς,
3344 4357 3592 4428 βλεπέτω

2004 4451 2104 4523 τὴν
2127 4451 2376 4517 ἐξουσίαν
2398 4451 2492 4506 τοῦ
2527 4452 2830 4506 ἐπισκόπου
2861 4453 2962 4522 τῆς
3009 4451 3238 4515 πόλεως.
3273 4449 3332 4504 ’0
3368 4449 3425 4504 δέ
3466 4448 3590 4504 τού-

2006 4561 2101 4599 του
2130 4545 2469 4618 ἀφηνιάζων,
2502 4545 2823 4614 γινωσκέτω
2853 4544 2912 4600 τὸ
2943 4545 3241 4616 ἐπιτίμιον.

2080 4637 2146 4691 θ’.
2209 4638 2483 4708 Κληρικοὶ
2534 4636 2905 4708 δικαζόμενοι,
2941 4639 2990 4690 εί
3033 4637 3298 4708 ἀφέμενοι
3328 4635 3419 4690 τὸν
3465 4637 3589 4692 ἐπί-

2007 4747 2233 4794 σκοπον,
2274 4733 2566 4802 κοσμικοῖς
2592 4731 2898 4804 κριτηρίοις
2928 4730 3236 4801 ὁρμήσωσι,
3286 4729 3591 4794 κανονικῶς

2006 4824 2418 4880 εὐθυνέσθωσαν
2440 4839 2456 4854 °
2494 4825 2590 4878 καὶ
2627 4824 2885 4896 κληρικδς
2939 4825 3222 4895 ἐπισκόπῳ
3255 4824 3589 4896 διαφερόμε·

2005 4934 2094 4981 νος
2127 4919 2334 4988 μενέτω
2359 4917 2456 4989 τὴν
2485 4916 2732 4970 σύνοδον·
2764 4919 2860 4970 καὶ
2916 4917 3322 4989 μητροπολίτης
3352 4916 3586 4970 ἐπίσκο-

2006 5029 2106 5076 πος
2129 5011 2232 5065 -τδν
2265 5009 2899 5074 Κωνσταντινουπόλεως
2930 5011 3290 5080 ἐξαιτήσοιτο.

2078 5109 2128 5160 ι’.
2181 5101 2286 5154 Δύο
2334 5101 2542 5154 πόλεων
2588 5103 2737 5163 ναοῖς
2781 5100 3042 5173 κληρικδς
3075 5101 3136 5154 οὐ
3186 5101 3584 5170 καταλέγεταιο

2003 5197 2052 5250 εί
2078 5196 2134 5249 δὲ
2169 5193 2558 5266 καταλεχθείη,
2588 5193 2669 5266 τῷ
2710 5195 2964 5266 προτέρῳ
2992 5195 3490 5266 ἐπιστραφήσεται.
3520 5194 3586 5248 Εἰ

2000 5289 2059 5342 δὲ
2112 5287 2374 5359 μετετέθη
2423 5305 2508 5350 τις
2531 5288 2654 5358 ήδη,
2685 5289 2760 5360 μὴ
2789 5286 3215 5343 ἐπικοινωνείτω
3257 5289 3400 5344 κατά
3459 5306 3585 5343 τινα

2001 5385 2202 5455 τρόπον
2223 5385 2334 5446 τοίς
2364 5383 2463 5452 τῆς
2489 5383 2762 5453 προτέρας
2791 5383 3113 5454 πράγμασιν
3140 5382 3455 5454 ἐκκλησίας.

2077 5481 2166 5529 ια’.
2203 5476 2266 5528 Οἱ
2297 5474 2530 5543 πένητες
2575 5475 2914 5544 ἐπιστολαῖς,
2947 5477 3086 5530 ἀλλά
3118 5477 3193 5548 μὴ
3225 5478 3583 5537 συστατικαῖς

2000 5567 2359 5620 ὁδευέτωσαν·
2403 5567 2458 5618 αἱ
2503 5563 2612 5635 γὰρ
2661 5567 2986 5622 συστατικαὶ
3033 5570 3098 5640 τῇ
3131 5566 3398 5639 ὑπολήψει
3439 5583 3582 5638 παρ-

2000 5659 2238 5730 έχονται.

2074 5751 2160 5821 ιβ’.
2193 5753 2286 5814 Εἰς
2323 5752 2592 5824 ἐπαρχίας
2615 5752 2708 5807 δύο
2735 5754 2767 5822 ἡ
2796 5753 3033 5824 ἐπαρχία
3064 5752 3161 5823 μία
3198 5753 3256 5806 οὐ
3286 5753 3576 5823 τέμνεται’

1998 5845 2024 5898 6
2049 5844 2104 5900 δὲ
2130 5843 2332 5917 τεμὼν,
2360 5845 2747 5912 ἀνεπίσκοπος.
2772 5846 2838 5899 Δί
2867 5845 2924 5900 δὲ
2949 5845 3240 5918 γράμμασι
3278 5843 3578 5918 βασιλικως
