3868 6466
242 391 357 454 219

1485 391 1822 453 ΕΡΙΤΟΜΕ
1859 395 1950 454 CA
1958 392 2163 458 NONU
2177 397 2255 458 M.

3417 403 3526 467 250

254 502 580 574 τιμηθείσαι
611 500 822 566 πόλεις,
850 501 947 570 τῆς
993 502 1159 571 τιμῆς
1192 501 1617 556 ἀπολαυέτωσαν
1666 504 1845 573 μόνον,

1987 519 2141 564 υιεπι
2177 510 2525 582 imperatoris
2571 511 2837 584 rescripto
2876 511 3062 568 scissae
3106 521 3233 568 sunt
3273 512 3544 584 civitates,

249 597 351 650 καὶ
382 597 410 648 ὁ
439 593 672 647 αὐτόθεν
718 594 1018 658 ἐπίσκοπος
1041 609 1056 624 ο
1084 595 1150 663 τῇ
1175 594 1232 646 δὲ
1257 593 1476 662 άληθῶς
1507 596 1841 667 μητροπόλει

248 689 324 742 τὰ
343 689 525 743 οίκεῖα
554 687 918 752 σωζέσθωσαν
951 687 1162 744 δίκαια.

327 874 418 945 ιγ’.
445 876 726 948 Κληρικὸς
773 875 898 948 δίχα
946 875 1292 930 συστατικῶν
1336 873 1709 947 ἀκοινώνητος
1761 875 1842 938 είς

251 969 414 1022 πόλιν
443 969 661 1038 ἐτέραν.

330 1060 414 1118 ιδ’.
455 1060 821 1130 Ἐτερόδοξος,
850 1061 946 1113 καὶ
975 1059 1208 1131 ψάλτης,
1249 1061 1342 1114 καὶ
1375 1059 1754 1131 ἀναγνώστης,
1795 1061 1844 1114 εί

249 1155 440 1226 γήμας
485 1155 781 1220 ἐτέκνωσε,
820 1155 1089 1227 προσάγει
1132 1156 1199 1224 τῇ
1255 1153 1512 1225 κοινωνίᾳ
1556 1152 1626 1206 τὰ
1656 1153 1846 1219 τέκνα,

250 1249 417 1319 εἰπερ
447 1249 626 1301 ἐκεῖσε
650 1247 1017 1318 βεσάπτισται
1037 1262 1051 1277 ⁸
1079 1247 1128 1299 εί
1147 1245 1192 1300 δ’
1219 1245 1300 1299 ἔτι
1333 1245 1484 1317 μένει
1512 1245 1846 1312 ἀϐάπτιστα,

249 1345 444 1398 οὐκέτι
471 1343 799 1416 βαπτίζεται
827 1345 943 1407 τοῖς
971 1344 1290 1414 αίρετικοῖς.

329 1527 419 1583 ιε’.
449 1529 781 1582 Διακόνισσα
832 1528 882 1581 εί
914 1527 991 1598 μὴ
1021 1526 1436 1599 τεσσαράκοντα
1476 1524 1571 1595 ἔτη
1608 1525 1670 1578 οὐ
1697 1525 1847 1595 γίνε-

249 1640 380 1678 ται·
416 1628 482 1696 τῇ
515 1625 571 1678 δέ
601 1623 690 1678 διὰ
727 1624 911 1696 γάμου
956 1622 1059 1695 τὴν
1089 1622 1440 1693 λειτουργίαν
1487 1621 1846 1696 ἐξυϐρισάσῃ,

249 1719 420 1773 ἁνάθε
431 1736 531 1788 μα.

329 1808 426 1876 ις’.
459 1811 802 1878 Μονάζοντες
856 1811 890 1883 ἢ
938 1810 1274 1883 μονάζουσαι
1323 1809 1401 1882 μὴ
1454 1809 1844 1881 γαμείτωσανο

251 1903 385 1956 ἐπεὶ
416 1903 660 1958 εστωσαν
685 1903 1063 1976 ἀκοινώνητοι.

329 1995 418 2061 ιζ’.
448 1996 751 2069 Ἐγχώριος
775 1998 870 2052 καὶ
897 1998 1135 2069 άγροικὴ
1188 1997 1475 2069 παροικία,
1515 1997 1565 2050 εί
1593 2012 1845 2068 τριακον-

249 2087 482 2152 ταετίας
509 2089 836 2161 ἐσχέθησαν,
868 2089 1290 2160 κατεχέσθωσαν
1311 2106 1326 2120 °
1357 2091 1407 2143 εί
1432 2089 1488 2142 δὲ
1517 2088 1724 2159 ταύτης
1754 2089 1845 2141 ἐν-

250 2180 347 2244 τὸς
380 2179 446 2252 [Ῑ.
479 2182 775 2252 γεγένηταί
833 2197 919 2243 τις
967 2182 1097 2253 περὶ
1143 2179 1328 2236 αὐτῶν
1382 2178 1842 2251 ἀμφισὸήτησις],

254 2266 372 2325 εῐεν
402 2271 686 2325 ὑπόδικοιο
717 2273 766 2325 εί
795 2270 854 2325 δὲ
875 2270 970 2325 καὶ
1003 2270 1316 2324 κανόνισται
1338 2266 1448 2340 [Ζσ.
1476 2263 1845 2333 κεκαίνισται]

258 2359 553 2432 βασιλικῆς
583 2359 930 2424 ἐκκαλέσεως
969 2358 1149 2423 πόλις,
1193 2359 1229 2428 ἡ
1285 2356 1440 2422 τάξις
1472 2355 1569 2410 καὶ
1614 2357 1642 2409 ὁ
1678 2355 1846 2418 τύπος

252 2453 626 2508 ἀκολουθείτω
657 2455 771 2516 τοῖς
803 2452 1104 2515 πολιτικοῖς
1149 2449 1456 2522 δημοσίοις,
1508 2449 1606 2505 καὶ
1643 2449 1845 2519 ἐκκλη-

256 2545 559 2607 σιαστικοῖς
593 2540 866 2616 [-στικής]
901 2540 1214 2610 παροικίας.

331 2643 424 2709 ιη’.
449 2635 726 2706 Κληρικοὶ
750 2636 849 2690 atat
881 2634 1209 2706 μονάζοντες
1248 2633 1296 2686 εί
1329 2631 1636 2704 φωραθεῖεν
1675 2629 1710 2701 ἢ
1739 2646 1844 2699 φα-

250 2727 595 2800 τριάζοντες,
653 2726 688 2799 ἦ
746 2728 1142 2799 συνομνύμενοι
1190 2724 1315 2780 κατ’
1367 2723 1706 2790 ἐπισκόπων,
1737 2722 1844 2776 τῶν

255 2816 489 2888 βαθμῶν
520 2817 701 2872 αὐτῶν
733 2816 964 2872 ἐκτωτοι
995 2815 1104 2889 [Ion
1142 2814 1461 2888 ἔκπτωτοι].

329 2909 420 2965 ιθθ.
451 2909 514 2964 '0
540 2912 639 2984 τὴν
667 2909 877 2964 οἰκείαν
904 2908 1179 2972 ἀπολέσας
1205 2906 1464 2980 πατρίδα,
1490 2907 1538 2960 εί
1559 2905 1648 2959 ἐπ’
1675 2903 1846 2976 ἄλλην

265 3001 600 3072 Ἐκκλησίαν
625 3002 904 3074 ἐλήλυθεν,
936 3002 1351 3072 ἀνεπιτίμητος.

329 3101 401 3150 κ’.
426 3094 762 3160 Ἐπίσκοπος
812 3095 870 3149 δέ
918 3094 1068 3160 ξένον
1119 3094 1383 3166 κληρικον
1436 3093 1843 3168 εἰσδεξάμενος,

261 3189 404 3260 μετὰ
431 3188 526 3242 τοῦ
556 3187 839 3259 δεχθέντος
861 3187 974 3252 ἔξει
998 3187 1059 3241 τὸ
1088 3187 1474 3259 ἀκοινώνητον.
1530 3224 1533 3226 »
1727 3171 1734 3178 ’

333 3282 444 3338 κα’.
471 3283 867 3352 Ἀδοκίμαστος
912 3281 1196 3354 κληρικὸς,
1240 3281 1274 3352 ἢ
1317 3279 1503 3345 λαῐκὺς
1545 3281 1847 3334 ἐπισκόπου

260 3375 616 3446 κατηγορῶν,
653 3374 1031 3439 ἀνεπίδεκτος.

330 3467 437 3538 κβ¹.
477 3466 536 3520 '0
581 3465 641 3531 ἐξ
691 3464 1000 3536 ἀνθρώπων
1050 3464 1145 3519 τοῦ
1198 3465 1501 3519 ἐπισκόπου
1548 3463 1853 3534 γεγενημέ-

258 3578 380 3626 νου,
410 3559 481 3614 τὰ
512 3560 724 3613 ἐκείνου
748 3557 1033 3629 ἁρπάζων,
1067 3555 1162 3610 τοῦ
1195 3555 1406 3626 βαθμοῦ
1437 3557 1849 3628 ἁμαρτήσεται.

325 3651 437 3721 κγ’.
477 3654 541 3706 Oi
581 3651 886 3705 ἐπισκόπου
917 3650 1040 3722 δίχα
1067 3652 1135 3721 τῇ
1183 3649 1598 3703 Κωνσταντίνου
1629 3648 1842 3719 διατρί-

262 3745 452 3808 ϐοντες
497 3743 673 3810 πόλει,
727 3744 826 3797 καὶ
869 3741 1118 3814 ταραχὰς
1171 3741 1548 3812 ἀνεγείροντες
1580 3737 1688 3816 [τσ.
1721 3741 1851 3794 ἀνα-

262 3834 592 3908 γείροντες],
622 3837 724 3906 τῆς
759 3835 965 3900 πόλεως
991 3833 1429 3890 ἐλαυνὲσθωσαν.

335 3925 435 3982 κδ’.
472 3929 854 3999 Μοναστήριον
894 3928 1195 3981 ἐπισκόπου
1234 3925 1428 3998 γνώμῃ
1482 3925 1657 3996 παγὲν
1692 3965 1708 3990 ,
1751 3941 1852 3996 με¹

263 4020 409 4074 νέτω
444 4021 882 4091 ἁμεταποίητον·
911 4022 1007 4074 καὶ
1040 4021 1122 4074 ὅτι
1163 4018 1323 4073 τοῦτο
1375 4018 1483 4092 [ἵσ.
1511 4020 1540 4072 ὅ
1570 4036 1622 4072 τι
1653 4014 1850 4090 τούτῳ]

263 4114 526 4187 ἀνήκοιτο
551 4115 932 4184 ἁνεκποίητον.
973 4113 1033 4167 '0
1087 4113 1133 4167 δ’
1187 4113 1364 4178 ἄλλως
1409 4113 1726 4184 ἐπιχειρῶν,
1751 4114 1855 4168 οὐκ

266 4206 584 4272 ἀνεύθυνος.

335 4305 441 4355 κε’.
498 4298 650 4355 Εῖσω
687 4298 875 4370 μηνῶν
905 4300 1071 4371 τριῶν
1126 4299 1184 4353 αί
1231 4298 1342 4353 τῶν
1393 4300 1708 4353 ἐπισκόπων
1766 4314 1857 4350 τε·

179 4448 181 4451 .
267 4392 491 4447 λοῦνται
535 4391 899 4462 χειροτονίαν
933 4393 1250 4465 παρατείνει
1305 4391 1362 4444 δὲ
1408 4391 1502 4446 τὸν
1537 4390 1728 4462 χρόνον
1787 4391 1853 4444 ἀ-

265 4487 448 4559 νάγκη
471 4502 555 4550 τις
601 4484 996 4556 ἀπαραίτητος.
1049 4485 1112 4537 Εἰ
1151 4483 1209 4537 δὲ
1239 4484 1336 4554 μὴ,
1368 4485 1396 4537 ὁ
1425 4481 1750 4554 χειροτονῶν
1791 4481 1854 4536 τὸ

1953 600 2164 657 honore
2209 601 2463 658 fruantur
2509 613 2742 671 tantum,
2784 614 2839 660 et
2891 606 2986 676 qui
3040 605 3240 662 ibidem
3297 616 3548 663 versatur

1953 692 2292 764 episc0pus:
2345 695 2396 750 ei
2445 711 2577 752 vero
2623 698 2715 767 qui
2764 711 2892 753 vere
2941 697 3394 769 metropolitanus
3438 709 3542 766 est,

1953 783 2174 853 pr0pria
2210 796 2606 841 conserventur
2639 788 2784 858 jura.

2031 878 2120 933 15.
2164 877 2412 934 Clericus
2457 880 2670 950 absque.
2723 879 3183 934 commendatitiis
3237 880 3430 936 litteris
3486 880 3544 936 in

1953 971 2093 1027 alius
2133 971 2284 1026 urbis
2322 971 2767 1027 communionem
2802 988 2912 1026 non
2948 973 3229 1043 recipitur.

2028 1063 2115 1119 M.
2157 1063 2361 1119 Cantor
2387 1073 2443 1119 et
2469 1064 2640 1120 lector
2665 1081 2696 1119 a
2729 1074 2875 1120 recta
2907 1065 3012 1120 ﬁde
3042 1065 3273 1131 alienus,
3312 1065 3356 1121 si
3383 1065 3546 1121 ducta

1957 1173 2126 1214 uxore
2152 1158 2354 1214 liberos
2375 1159 2676 1225 sustulerit,
2707 1174 2802 1214 eos
2832 1160 2898 1214 ad
2919 1160 3358 1215 communionem
3375 1160 3546 1214 addu-

1955 1251 2048 1316 cit,
2081 1251 2349 1321 siquidem
2380 1251 2582 1306 ibidem
2610 1251 2868 1322 baptizati
2898 1251 3124 1306 fuerint.
3153 1250 3208 1305 Si
3241 1267 3372 1306 vero
3402 1267 3548 1306 non-

1956 1343 2086 1398 dum
2119 1344 2230 1398 sint
2270 1343 2554 1414 baptizati,
2589 1359 2699 1398 non
2735 1344 2970 1416 amplius
3017 1343 3364 1414 haptizantur
3397 1345 3545 1416 apud

1955 1433 2262 1490 haereticos.

2031 1525 2118 1579 15.
2163 1525 2478 1582 Diaconissa
2510 1527 2617 1582 nisi
2658 1528 3016 1600 quadraginta
3057 1543 3229 1583 annos
3276 1537 3402 1582 nata
3440 1543 3544 1582 non

1955 1617 2286 1673 ordinatur:
2317 1619 2366 1672 ei
2401 1629 2582 1673 autem
2625 1636 2749 1690 quae
2790 1620 2928 1675 inito
2974 1620 3346 1687 matrimonio,
3392 1636 3549 1677 sacro

1956 1710 2173 1765 muneri
2203 1711 2440 1766 dedecus
2474 1712 2740 1775 attulerit,
2772 1713 3086 1768 anathema.

2030 1803 2116 1856 16.
2159 1802 2408 1857 Monaehi
2443 1813 2536 1858 aut
2567 1804 2834 1860 moniales
2865 1805 3280 1860 matrimonium
3311 1821 3380 1861 ne
3413 1820 3547 1859 eon-

1954 1897 2175 1952 trahant
2205 1914 2217 1949 :
2253 1896 2524 1966 siquidem
2558 1896 2663 1952 hoc
2693 1897 2944 1964 fecerint,
2975 1898 3543 1953 excommunicentur.

2026 1988 2113 2043 17.
2165 1985 2460 2042 Rusticana
2507 1988 2766 2056 parmcia,
2817 2004 2917 2044 seu
2971 1989 3092 2061 pagi
3142 1989 3314 2055 curia,
3353 1989 3397 2044 si
3450 1991 3549 2046 tri-

1952 2082 2100 2153 ginta
2151 2097 2328 2137 annos
2376 2096 2644 2151 possessa!)
2698 2080 2925 2149 fuerint,
2987 2081 3372 2152 possideantur
3425 2100 3438 2138 :
3499 2083 3547 2138 si

1951 2181 2134 2228 autem
2167 2172 2308 2226 intra
2340 2171 2473 2226 illud
2511 2179 2728 2242 tempus
2766 2170 2935 2226 fuerit
2977 2172 3156 2242 aliqua
3187 2172 3254 2227 de
3295 2172 3383 2228 his
3415 2187 3549 2228 con-

1954 2265 2238 2330 troversia,
2273 2265 2381 2320 sint
2411 2263 2622 2334 judicio
2666 2264 2889 2319 obnoxii
2936 2278 3124 2319 earum
3175 2279 3546 2334 possessores.

1953 2358 2011 2413 Si
2069 2373 2201 2412 vero
2261 2356 2610 2427 imperatoris
2654 2355 2812 2427 jussu
2862 2355 2995 2411 urbs
3050 2363 3312 2412 renovata
3361 2358 3546 2423 fuerit,

1951 2449 2086 2506 ordo
2114 2464 2179 2504 ac
2216 2448 2390 2503 forma
2421 2448 2670 2504 ecclesia:
2699 2447 3006 2518 paroecialis
3035 2447 3224 2504 civiles
3264 2463 3329 2504 ac
3369 2449 3550 2520 publi-

1952 2559 2044 2599 cas
2074 2542 2446 2598 ordinationes
2475 2551 2757 2613 sequatur.

2025 2636 2113 2690 18.
2154 2634 2351 2690 Clerici
2383 2649 2447 2689 ac
2485 2635 2741 2691 monachi
2786 2635 2831 2690 si
2868 2637 3133 2708 comperti
3176 2635 3384 2691 fuerint
3418 2651 3550 2691 con-

1951 2726 2226 2782 venticula
2278 2725 2484 2782 habere
2522 2742 2588 2783 ac
2623 2728 2911 2797 coniurare
2961 2738 3152 2784 contra
3202 2727 3546 2798 episcopum,

1953 2821 2213 2894 gradibus
2245 2820 2360 2876 suis
2390 2819 2669 2876 excidant.

2028 2915 2115 2971 19.
2156 2913 2260 2981 Qui
2293 2914 2495 2969 amissa
2530 2913 2708 2984 patria
2750 2914 2818 2969 ad
2853 2912 3014 2968 aliam
3044 2911 3346 2969 Ecclesiam
3381 2926 3548 2968 vene-

1954 3009 2046 3074 rit,
2078 3007 2602 3079 irreprehensibilis.

2023 3101 2115 3156 20.
2151 3100 2450 3171 Episcopus
2469 3099 2561 3170 qui
2586 3106 2907 3154 extraneum
2935 3095 3194 3153 clericum
3226 3095 3546 3166 susceperit,

1876 3224 1924 3287 c
1956 3209 2082 3250 cum
2108 3202 2364 3264 suscepto
2391 3189 2978 3248 excommunicabitur.

2024 3283 2114 3338 21.
2156 3281 2402 3338 Clericus
2450 3291 2543 3336 aut
2593 3281 2765 3336 laicus
2817 3276 2948 3336 non
2979 3280 3240 3351 probatus
3282 3293 3549 3334 accusans

1953 3375 2291 3447 episcopum,
2321 3373 2676 3444 rejiciendus.

2020 3467 2112 3522 22.
2157 3465 2260 3533 Qui
2296 3466 2556 3536 episcopo
2595 3465 2706 3520 vita
2751 3467 2964 3531 functo,
3013 3465 3159 3520 illius
3206 3463 3350 3518 bona
3383 3462 3547 3534 rapit,

1952 3561 2122 3632 gradu
2150 3559 2454 3629 dejicietur.

2021 3651 2116 3705 25.
2157 3651 2260 3717 Qui
2311 3649 2523 3718 iniussu
2569 3650 2814 3722 episcopi
2865 3646 3343 3718 Constantinopoli
3401 3659 3552 3702 com-

1954 3752 2242 3798 morantur
2277 3757 2341 3798 ac
2371 3742 2559 3798 turbas
2585 3742 2847 3808 excitant,
2887 3741 3021 3796 urbe
3053 3739 3416 3810 expellantur.

2025 3930 2113 3985 24.
2151 3927 2541 3984 Monasterium
2591 3926 2660 3982 de
2708 3923 2980 3981 sententia
3033 3921 3273 3994 episcOpi
3327 3928 3549 3975 exstru-

1955 4031 2122 4090 ctum,
2166 4028 2386 4077 maneat
2431 4018 2794 4084 immutabile,
2840 4026 2896 4073 et
2944 4014 3208 4087 quidquid
3252 4012 3321 4068 ad
3373 4012 3548 4083 ipsum

1955 4115 2193 4180 pertinet
2233 4127 2303 4167 ne
2347 4112 2638 4168 alienetur.
2683 4109 2787 4177 Qui
2813 4124 2943 4164 vero
2982 4121 3143 4162 secus
3187 4103 3402 4171 fecerit,
3439 4118 3550 4156 non

1955 4209 2060 4264 erit
2094 4206 2374 4262 innoxius.

2021 4300 2113 4354 25.
2157 4299 2302 4353 Intra
2335 4305 2445 4354 tres
2487 4309 2708 4352 menses
2744 4292 3125 4364 episcoporum
3173 4286 3552 4344 ordinationes

1955 4390 2349 4463 perﬁciantur;
2408 4399 2623 4459 tempus
2651 4401 2782 4442 vero
2812 4392 3068 4456 prorogat
3109 4381 3406 4438 necessitas
3447 4379 3552 4434 ali-

1955 4501 2060 4556 qua
2091 4483 2442 4539 inevitabilis.
2482 4481 2540 4536 Si
2581 4495 2740 4535 secus
2781 4479 2895 4543 fiat,
2931 4477 3192 4532 ordinans
3222 4487 3398 4543 poenae
3444 4471 3550 4525 erit

270 4579 555 4648 ἐπιτίμιον
612 4575 855 4631 εἴσεταιο
906 4577 940 4648 ὴ
992 4576 1176 4648 μέντοι
1227 4575 1490 4648 πρόσοδος
1527 4575 1735 4646 μενέτω
1769 4573 1845 4647 τῷ

1990 4579 2241 4644 bnoxius,
2278 4575 2486 4631 reditus
2523 4583 2703 4629 tamen
2758 4585 2926 4642 penes
2978 4568 3408 4638 dispensatorem
3433 4578 3551 4618 ma-

268 4672 566 4741 οἰκονόμῳ.

335 4763 453 4831 κζ’.
485 4763 787 4836 Οἰκονόμος
835 4762 938 4818 ἀνὰ
985 4763 1168 4827 πάσας
1204 4763 1302 4828 τὰς
1329 4761 1660 4835 Ἐκκλησίας
1716 4762 1857 4818 ἔστω

271 4855 382 4910 ἀπὺ
403 4854 501 4908 τοῦ
531 4856 734 4926 κλήρου
754 4871 769 4886 ·
799 4858 828 4909 ὁ
866 4854 924 4908 δὲ
970 4854 1130 4908 τοῦτο
1173 4855 1533 4927 καταφρονῶν
1557 4855 1859 4919 ἐπίσκοπος

269 4946 374 4999 οὐκ
402 4944 759 5014 ἀνέγκλητος.

345 5034 452 5100 κζ’.
485 5036 762 5107 Κληρικδς
783 5035 1048 5105 ἁρπάξων
1069 5035 1330 5104 γυναῖκα,
1364 5033 1853 5104 ἀνεκκλησίαστοςο

270 5130 301 5182 ὁ
329 5130 390 5184 δέ
432 5130 621 5192 λαῖκδς
653 5128 794 5182 ἐστω
817 5127 1089 5198 ἀνάθεμα,
1142 5126 1284 5181 κατὰ
1322 5125 1482 5180 τοῦτο
1535 5125 1633 5181 καὶ
1664 5126 1693 5179 ὁ
1725 5141 1856 5178 συν-ν

275 5222 449 5293 αιρῶν
484 5220 597 5294 [τσ.
632 5220 948 5294 συναινῶν].

345 5321 454 5385 κη’.
492 5315 554 5366 '0
605 5315 704 5384 τῆς
750 5312 878 5376 νέας
923 5311 1223 5375 ἐπίσκοπος
1263 5310 1480 5382 Ῥώμης
1506 5309 1586 5379 τῷ
1617 5309 1717 5379 τῆς
1745 5327 1856 5364 πα-

274 5407 563 5476 λαιοτέρας
603 5404 886 5476 ὁμότιμος,
955 5404 1045 5458 διὰ
1073 5405 1174 5476 τὴν
1205 5403 1315 5458 τῶν
1351 5404 1648 5475 σκήπτρων
1687 5403 1854 5474 μετά-

277 5514 490 5553 στάσιν.

255 5599 278 5640 1
346 5590 449 5646 κθ’.
499 5591 566 5644 Δί
599 5589 713 5662 [τσ.
740 5587 830 5662 Οἱ]
865 5589 1092 5655 Πόντου,
1123 5589 1217 5642 καὶ
1242 5586 1456 5652 Ἀσίας,
1489 5587 1583 5641 καὶ
1612 5586 1853 5659 Θρᾴκης,

277 5683 372 5736 καὶ
429 5684 477 5737 οί
527 5682 798 5755 βάρϐαροι
850 5680 930 5753 τῷ
961 5682 1059 5752 τῆς
1101 5679 1517 5736 Κωνσταντίνου
1544 5679 1856 5750 κεχειροτόο

278 5792 494 5846 νηπαι.

351 5867 414 5924 λ’.
453 5867 514 5924 ’0
547 5868 931 5934 καταϐιϐάζων
979 5867 1276 5924 ἐπὶσκοπον
1335 5866 1412 5931 εἰς
1461 5863 1851 5939 πρεσϐύτερον,

1954 4678 2142 4725 ncant.

2027 4761 2119 4816 26.
2160 4759 2517 4828 Dispensator
2565 4756 2620 4810 in
2678 4750 2935 4808 omnibus
2976 4746 3239 4804 Ecclesiis
3287 4745 3356 4801 de
3403 4744 3550 4800 clero

1959 4849 2328 4904 constituatur
2369 4844 2526 4916 :qui
2572 4856 2700 4906 vero
2741 4839 2846 4894 hoc
2885 4835 3188 4893 contemnit
3235 4833 3547 4906 episcopus,

1959 4937 2192 4995 crimine
2216 4952 2327 4992 non
2357 4941 2523 4992 ceret.

2028 5032 2118 5086 27.
2160 5029 2403 5086 Clericus
2424 5023 2712 5080 mulierem
2743 5019 2985 5090 rapiens,
3005 5015 3248 5072 Ecclesia
3273 5015 3546 5085 ejiciatur,

1957 5121 2130 5178 laicus
2159 5135 2288 5175 vero
2315 5117 2386 5172 sit
2407 5115 2723 5177 anathema,
2753 5118 2812 5166 et
2833 5108 2927 5181 qui
2959 5108 3044 5164 his
3068 5105 3342 5165 consentit
3369 5103 3547 5160 eidem

1957 5228 2136 5284 parum
2162 5209 2504 5279 subjiciatur.

2028 5305 2120 5360 28.
2159 5304 2326 5358 Novae
2378 5301 2566 5355 Romae
2612 5299 2906 5370 episcopus
2957 5292 3150 5348 eodem
3189 5305 3314 5345 cum
3344 5285 3549 5370 veteris

1960 5396 2147 5452 Romae
2207 5395 2465 5464 episcopo
2527 5363 2739 5446 honore
2783 5363 3000 5444 fruatur
3046 5391 3270 5456 propter
3329 5363 3549 5450 Imperii

1963 5489 2396 5546 translationem.

2029 5581 2120 5638 29.
2165 5581 2348 5646 Ponti,
2375 5579 2539 5646 Λείας,
2573 5575 2929 5645 Thraciaque
2966 5567 3210 5644 episcopi
3237 5581 3302 5622 ac
3331 5561 3546 5623 barbari

1960 5693 1990 5732 a
2017 5673 2625 5745 Constantinopolitano
2653 5669 2998 5726 ordinentur.

2037 5864 2125 5922 50.
2177 5861 2278 5930 Qui
2327 5860 2642 5932 episcopum
2694 5855 2759 5912 ad
2814 5851 3114 5925 presbyteri
3179 5845 3404 5921 gradum
3453 5842 3549 5899 tle-
