3868 6480
336 406 445 473 251

1436 405 1581 465 SYM
1589 400 1817 465 EONIS
1856 401 2437 464 METAPBRASTAS

3491 392 3605 457 252

314 519 529 584 .mittit,
555 516 853 588 sacrilegus
881 529 895 569 :
927 514 1043 586 ipse
1069 514 1216 570 enim
1249 515 1423 585 culpa;
1451 515 1722 570 obnoxius
1750 521 1808 570 et
1839 527 1928 568 sa-

2068 511 2311 583 ιρόσυλος
2336 528 2347 544 ο
2373 511 2403 565 ό
2441 507 2550 580 γὰρ
2571 504 2845 572 ὑπαίτιος,
2875 503 2967 559 καὶ
2993 502 3227 575 ἀνίερος.
3267 502 3328 558 '0
3356 502 3412 558 δὲ
3440 520 3612 559 κατα·-

339 608 585 667 cerdotio
611 607 886 680 indignus.
917 606 1020 673 Qui
1052 621 1185 662 vero
1216 606 1407 662 insons
1444 606 1691 677 deiectus
1720 614 1824 671 est,
1856 605 1927 661 sit

340 701 653 772 cpiscopus.

413 794 499 849 31.
543 794 657 847 Mos
685 802 768 847 est
790 790 1078 863 Egyptiis,
1111 791 1213 846 nisi
1243 792 1688 863 archiepiscopus
1723 793 1927 863 perini-

342 884 475 938 serit
511 898 618 938 non
644 883 904 945 scribere,
930 898 1039 954 quo
1069 883 1126 937 tit
1155 893 1212 938 ut
1236 883 1464 940 minime
1500 886 1754 954 culpandi
1790 885 1923 950 sint,

341 994 467 1033 cum
521 980 692 1035 sancti
741 977 943 1036 Leonis
1003 980 1245 1051 epistolae
1304 995 1417 1035 non
1477 981 1923 1052 subscripserint,

342 1071 521 1127 donec
553 1072 1002 1143 archiepiscOpus
1027 1083 1244 1129 creatus
1272 1074 1452 1130 fuerit.

412 1161 625 1218 Scholia
684 1166 754 1219 ad
798 1181 847 1219 Ix
893 1164 1157 1221 Cononem
1211 1168 1544 1222 mcumcnicw
1576 1179 1782 1239 quarta:
1838 1186 1928 1241 ay-

345 1255 493 1309 κοάξ.
540 1285 611 1295 -
672 1256 977 1311 Exarchum
1034 1257 1288 1313 dimcesis
1346 1268 1503 1313 vocat
1557 1260 1924 1331 patriarcham

347 1345 776 1417 uniuscujusque
824 1348 1094 1412 dimcesis,
1128 1350 1230 1403 sub
1257 1364 1368 1419 quo
1408 1361 1704 1405 censentur
1751 1366 1930 1405 annu-

349 1448 739 1509 meranturque
770 1441 1177 1510 provinciarum
1204 1441 1348 1496 illius
1379 1442 1755 1512 metropolitai.
1787 1440 1928 1497 Dicit

347 1529 513 1601 igitur
543 1546 741 1597 canon,
772 1532 991 1602 quando
1020 1528 1310 1605 episcopus
1338 1543 1432 1589 aut
1470 1535 1702 1589 clericus
1727 1535 1927 1603 cujus-

348 1636 566 1691 cunque
595 1622 847 1679 dioecesis
876 1627 1300 1682 controversiam
1347 1626 1516 1681 habet
1552 1642 1676 1681 cum
1708 1628 1928 1696 proprio

349 1716 812 1785 metropolitano,
876 1717 960 1772 vel
1015 1718 1179 1787 hujus
1246 1720 1498 1774 dimccsis
1565 1718 1926 1785 patriam-ham

348 1806 529 1872 adeat,
563 1808 646 1863 vel
685 1809 730 1863 si
771 1809 931 1873 nolit,
966 1810 1272 1865 libertatem
1304 1812 1471 1865 habet
1506 1812 1573 1865 ad
1612 1810 1929 1865 Constanti-

2036 603 2319 670 ϐεϐασθεὶς
2351 604 2646 665 ἐπίσκοπος
2671 599 2932 663 ἀναίτιος.

2104 786 2206 842 λα’.
2239 786 2487 841 Είθισται
2518 787 2632 850 τοῖς
2665 782 3005 851 Αἰγυπτίοις.
3059 783 3108 836 εί
3159 782 3235 855 μὴ
3286 783 3315 836 ό
3361 784 3618 856 ἀρχιεπί-

2037 898 2238 945 σκοπος
2284 880 2578 954 ἐπιτρέπῃ,
2631 878 2707 949 μὴ
2750 877 3021 947 γράφειν’
3055 875 3306 930 ἐντεῦθεν
3330 877 3615 949 ἄμεμπτοι

2038 974 2113 1046 μὴ
2141 976 2541 1047 ἐπιγράφοντες
2560 980 2629 1049 τῇ
2653 973 2913 1046 ἐπιστολῇ
2936 971 3029 1026 τοῦ
3059 971 3210 1025 ὁσίου
3235 971 3488 1038 Λέοντος,
3505 971 3615 1036 ἕως

2033 1066 2471 1137 ἀρχιεπίσκοπος
2493 1068 2745 1138 γένηται.

2104 1159 2332 1228 Σχόλια
2366 1160 2455 1226 εις
2490 1157 2535 1213 θ’
2578 1160 2911 1230 κεφάλαιον
2948 1160 3060 1231 τῆς
3092 1160 3143 1217 δ’
3192 1155 3621 1227 οικουμενικῆς

2033 1251 2325 1306 συνόδου.
2351 1281 2423 1294 --
2441 1251 2710 1323 Ἔξαρχον
2738 1252 3062 1324 διοικήσεως
3094 1254 3269 1320 καλεῖ,
3300 1254 3391 1306 τὸν
3417 1268 3619 1321 πατρι-

2034 1344 2211 1415 άρχην
2251 1344 2492 1415 ἑκάστης
2528 1344 2871 1415 διοικήσεως,
2913 1347 3004 1416 ὑ;ρ’
3048 1346 3108 1400 δν
3150 1347 3198 1400 οἱ
3239 1346 3350 1399 τῶν
3396 1343 3618 1414 ἐκείνης

2034 1435 2318 1505 ἐπαρχιῶν
2350 1435 2565 1490 τελοῦσι
2602 1436 3022 1509 μητροπολίται.
3053 1440 3223 1508 Φησὶν
3249 1433 3345 1491 οὖν
3374 1438 3403 1489 ὁ
3433 1433 3618 1489 κανὼν

2034 1526 2230 1596 ὅτιπερ
2257 1528 2285 1579 ό
2317 1526 2685 1597 ἀμφισϐητῶν
2738 1528 2876 1598 πρὸς
2914 1529 3005 1583 τὸν
3048 1528 3180 1584 ίδιον
3213 1526 3621 1600 μητροπολίτην

2035 1617 2358 1683 ἐπίσκοπος,
2391 1620 2424 1691 ἢ
2457 1618 2719 1690 κληρικδς
2738 1622 3067 1693 οἱασδήποτε
3098 1624 3446 1693 διοικήσεως,
3471 1620 3506 1689 ἢ
3526 1619 3623 1673 τὸν

2038 1712 2210 1782 αὑτῆς
2254 1714 2727 1784 καταλαμϐανέτω
2777 1716 3148 1787 πατριάρχην,
3199 1715 3233 1786 ἢ
3278 1716 3330 1769 εί
3377 1713 3452 1785 μή
3499 1711 3623 1785 βοὺ-

2036 1804 2206 1866 λοιτο,
2255 1806 2441 1861 ἄδειαν
2487 1805 2602 1877 ἔχει
2647 1807 2786 1878 πρὸς
2834 1808 2926 1861 τὸν
2967 1806 3383 1863 Κωνσταντίνου
3413 1805 3624 1870 πόλεως

322 1901 726 1969 .nopolitanum
784 1904 1041 1959 thronum
1095 1903 1439 1958 recurrendi.
1495 1903 1652 1969 Quod
1714 1903 1933 1973 quidem

2068 1900 2365 1971 μνατρέχειν
2393 1899 2615 1972 θρόνον·
2646 1902 2783 1973 ὅπερ
2829 1900 3128 1973 προνόμιον
3169 1900 3350 1954 οὑδενὶ
3375 1899 3483 1954 τῶν
3525 1897 3626 1953 ἀλ-

350 1992 694 2065 privilegium
754 1996 889 2053 nulli
944 1997 1176 2051 aliorum
1224 1995 1660 2066 patriarcharum
1713 2011 1938 2050 conces-

351 2098 474 2137 sum
506 2094 612 2149 est,
646 2084 735 2139 vel
762 2100 793 2140 a
824 2087 1027 2142 sanctis
1058 2086 1361 2141 canonibus
1391 2100 1527 2156 quos
1561 2094 1936 2157 exposuerunt

352 2176 707 2231 mcumeuica:
737 2186 972 2248 quatuor
994 2180 1210 2251 synodi,
1232 2180 1317 2234 vel
1348 2196 1378 2234 a
1410 2178 1675 2250 religiosis
1703 2178 1931 2251 legibus.

354 2342 599 2413 Epitome
627 2361 887 2402 canonum
920 2347 1186 2403 beatorum
1224 2347 1448 2403 Patrum
1476 2350 1696 2418 Ancyrae
1720 2364 1938 2420 congre-

1015 2430 1203 2490 gatoru
1212 2437 1282 2473 ιιι.

427 2562 484 2616 2.
527 2561 833 2634 Presbyteri
884 2573 939 2619 et
988 2565 1200 2621 diaconi
1230 2567 1321 2637 qui
1352 2567 1505 2638 prius
1538 2567 1936 2634 sacriﬁcarunt,

356 2653 558 2709 deinde
590 2672 717 2710 vere
748 2657 1116 2727 resipuerunt,
1153 2660 1320 2716 solius
1349 2662 1622 2719 cathedrae
1661 2669 1717 2717 et
1768 2662 1940 2717 hono-

356 2746 433 2800 ris
480 2746 771 2818 participes
824 2750 955 2816 sint,
1006 2750 1147 2807 nihil
1194 2762 1509 2809 sanctorum
1558 2754 1940 2827 mysteriorum

356 2852 593 2908 peragen
602 2848 699 2894 tes.

429 2929 485 2985 5.
524 2929 626 2997 Qui
660 2940 922 2989 tormenta
952 2949 1017 2990 ac
1052 2934 1161 2991 vim
1191 2953 1317 2992 vere
1348 2938 1491 3008 passi
1534 2946 1683 3006 sunt,
1718 2946 1774 2994 et
1817 2954 1941 2995 cum

359 3023 646 3093 tyrannide
678 3024 827 3080 cibos
858 3026 1015 3081 idolis
1047 3028 1255 3084 oblatos
1283 3040 1658 3101 sumpserunt,
1692 3047 1943 3087 commu-

358 3112 526 3167 nione
551 3127 622 3167 ne
650 3114 1042 3183 prohibeantur
1071 3134 1083 3171 :
1120 3117 1243 3173 laici
1271 3135 1421 3187 vero,
1457 3121 1503 3175 si
1541 3121 1646 3177 hoc
1678 3122 1810 3192 ipsis
1849 3124 1942 3177 ac-

2037 1989 2146 2044 λων
2177 1991 2542 2062 πατριαρχῶν
2574 1991 2756 2059 ἐδόθη,
2781 1990 2893 2045 οὔτ’
2927 1994 2990 2046 ἑκ
3020 1992 3129 2045 τῶν
3157 1991 3331 2060 ἁγίων
3359 1989 3622 2055 κανόνων,

2036 2083 2131 2148 οὓς
2153 2084 2403 2150 ἐξέθεντο
2432 2086 2488 2138 αἱ
2512 2086 2894 2155 οίκουμενικαὶ
2922 2085 3193 2158 τέσσαρες
3225 2083 3464 2139 σύνοδοι·
3498 2082 3625 2137 οὑτε

2040 2176 2109 2231 ὲκ
2134 2177 2241 2231 τῶν
2263 2177 2503 2231 εὑσεόῶν
2534 2174 2736 2250 νόμων.

2053 2339 2339 2411 Ἐπιτομὴ
2397 2340 2839 2467 κανόνωνητῶἔ
2889 2341 2960 2395 ἐν
3018 2341 3270 2412 Ἀγκύρῃ
3317 2340 3630 2411 μακαρίων

2728 2428 2800 2466 ατ
2832 2428 2956 2467 οων

2728 2428 2956 2482 ατερων

2108 2563 2174 2635 β’.
2211 2563 2604 2635 Πρεσϐύτεροι,
2652 2563 2749 2619 καὶ
2787 2564 3027 2619 διάκονοι
3057 2566 3120 2617 τδ
3152 2564 3284 2635 πρὶν
3317 2563 3624 2618 ἑπιθυσαν-

2041 2673 2151 2720 τες,
2183 2652 2305 2711 εἷτα
2340 2656 2407 2710 δι’
2447 2657 2705 2729 ἀληθείας
2750 2658 3266 2722 ἀναπαλαίσαντες,
3312 2658 3481 2729 μόνης
3528 2658 3632 2728 τῆς

2043 2748 2313 2819 καθέδρας
2360 2748 2457 2803 καὶ
2488 2749 2589 2819 τῆς
2637 2748 2807 2820 τιμῆς
2855 2748 3259 2821 μετεχέτωσαν,
3318 2749 3484 2822 μηδὲν
3518 2748 3632 2803 τῶν

2042 2842 2215 2910 ἁγίων
2245 2841 2645 2906 ἐπιτελοῦντες.

2112 2934 2182 3004 γ’.
2212 2935 2277 2988 Ol
2306 2934 2723 3006 βασανισθέντες
2761 2935 2856 2989 καὶ
2908 2935 3229 3007 βιασθέντες
3261 2935 3501 3006 ἀληθῶς,
3534 2936 3635 2990 καὶ⁵

2050 3029 2192 3101 μετά
2242 3030 2561 3101 τυραννίδος
2610 3028 2876 3102 βρώματα
2921 3029 3181 3095 λαϐόντες
3236 3032 3483 3097 εἰδώλου,
3530 3029 3636 3101 τῆς

2047 3124 2333 3188 κοινωνίας
2381 3123 2455 3195 μὴ
2500 3122 2921 3180 κωλυέσθωσαν.
2982 3126 3091 3178 Καὶ
3138 3125 3319 3178 λαῖκοὶ
3368 3124 3424 3178 δὲ
3470 3122 3638 3177 τοῦτο

360 3202 574 3268 ciderit,
608 3220 673 3260 ac
713 3206 756 3262 si
811 3208 948 3262 nihil
987 3191 1367 3281 deliquissent,
1418 3213 1462 3267 si
1508 3215 1676 3269 velint
1721 3215 1939 3272 ordines

2068 3216 2344 3282 παθόντες,
2504 3216 2658 3270 οὐδὲν
2692 3217 3104 3288 ἡμαρτηκότες,
3143 3221 3191 3271 εί
3221 3216 3498 3290 βούλοιντο
3531 3232 3640 3289 χει-

358 3297 640 3368 consequi,
671 3311 1097 3373 consequantur,
1132 3304 1296 3360 modo
1334 3304 1389 3360 in
1428 3306 1547 3363 aliis
1576 3306 1936 3378 irreprehen~

357 3387 545 3445 sibiles
573 3390 703 3447 sint.

430 3481 484 3536 4.
547 3480 829 3555 Quotquot
887 3486 1103 3543 abducti
1169 3503 1293 3546 cum
1360 3489 1525 3546 animi
1583 3492 1944 3550 delectatione

358 3575 725 3633 ascenderunt
756 3588 812 3634 et
844 3582 1221 3650 comederunt,
1268 3598 1363 3639 sex
1410 3598 1582 3639 annos
1609 3586 1946 3657 poenitentia:

356 3682 477 3724 sese
515 3669 855 3728 submittant.

430 3764 484 3818 5.
526 3761 631 3830 Qui
666 3779 789 3818 cum
829 3765 1041 3834 lugubri
1074 3774 1224 3822 veste
1267 3768 1633 3824 ascenderunt
1672 3778 1726 3824 et
1759 3784 1946 3827 come-

361 3856 584 3922 derunt,
632 3875 754 3912 cum
800 3857 1051 3930 lacrymis
1101 3859 1336 3914 triennio
1380 3861 1634 3916 subtnissi
1676 3863 1950 3932 pmniten-

362 3945 495 4001 tiam
525 3948 782 4016 agant:si
814 3965 943 4005 vero
972 3965 1078 4004 non
1109 3950 1490 4019 comederunt,
1527 3952 1769 4008 biennio.
1802 3953 1949 4008 Prae-

360 4038 562 4093 cedens
596 4041 704 4094 vita
738 4051 794 4096 et
822 4057 1185 4113 consequens,
1220 4044 1496 4114 lapsorum
1542 4045 1769 4111 scilicet,
1802 4046 1947 4105 bona

359 4140 459 4186 aut
498 4130 661 4198 mala,
696 4134 1015 4207 episcopum
1056 4136 1436 4193 humaniorem
1482 4146 1575 4193 aut
1614 4140 1947 4197 severiorem

363 4224 560 4280 reddit.

476 4365 490 4379 .
522 4322 621 4381 Vir
645 4328 734 4397 qui
763 4327 925 4384 minis
951 4336 1159 4386 tantum
1190 4331 1416 4387 cesserit
1448 4342 1504 4389 et
1532 4333 1948 4404 sacriﬁcaverit,

359 4414 561 4473 deinde
600 4419 941 4491 paenituerit,
974 4422 1353 4495 quinquennio
1382 4427 1723 4498 pmnitentiae
1768 4428 1946 4500 subji-

356 4514 555 4567 ciatur.

434 4610 486 4667 7.
532 4612 589 4667 Si
621 4615 746 4686 quis
776 4617 1032 4687 praprios
1058 4618 1210 4675 cibos
1252 4618 1458 4677 habens
1485 4618 1768 4695 gentilium
1813 4640 1948 4679 con-

362 4706 522 4763 viviis
550 4708 864 4767 interfuerit
890 4711 945 4768 in
980 4728 1171 4770 eorum
1216 4714 1391 4783 festis,
1424 4716 1646 4773 biennio
1676 4718 1952 4788 poeniten-

366 4796 454 4854 tia:
484 4799 785 4872 subiaceat.

438 4901 491 4957 8.
532 4900 639 4969 Qui
689 4906 933 4962 secundo
979 4915 1036 4965 et
1080 4908 1243 4964 tertio
1288 4908 1702 4979 sacriﬁcaverit,
1748 4913 1847 4969 sed
1896 4914 1950 4971 vi

364 5000 614 5070 adactus,
645 5004 937 5075 septennio
959 5005 1300 5076 poenitentia:
1323 5006 1671 5077 subjiciatur.

435 5106 491 5163 9.
526 5106 632 5175 Qui
678 5121 786 5164 non
828 5109 1004 5164 solum
1050 5111 1359 5167 voluntarie
1400 5111 1810 5179 sacriﬁcaverit,
1853 5127 1947 5168 ve-

368 5214 490 5254 rum
528 5200 692 5254 etiam
734 5200 902 5256 alium
943 5202 1203 5275 coegerit,
1237 5203 1427 5261 decem
1459 5218 1633 5261 annos
1675 5204 1949 5276 poeniten-

365 5288 458 5344 tia
485 5288 854 5347 submittatur.

441 5391 530 5447 to.
569 5391 674 5458 Qui
716 5392 981 5451 diaconus
1027 5395 1364 5453 ordinandus
1398 5407 1503 5465 est,
1544 5397 1587 5453 si
1618 5407 1954 5470 protestatus

369 5482 542 5539 fuerit
569 5484 830 5557 episc0po
872 5502 933 5543 se
976 5504 1083 5544 non
1121 5505 1284 5561 posse
1313 5490 1555 5546 caelibem
1579 5504 1953 5562 perseverare,

367 5584 540 5628 uxore
573 5573 735 5631 ducta
783 5576 858 5632 sit
906 5577 1190 5635 diaconus.
1241 5577 1298 5635 Si
1347 5595 1477 5637 vero
1522 5596 1647 5637 cum
1695 5583 1952 5648 tacuerit,

367 5675 557 5738 postea
583 5682 809 5724 uxorem
842 5670 1080 5742 duxerit,
1109 5673 1380 5746 ejiciatur.

438 5770 531 5826 11.
571 5771 628 5826 Si
703 5772 1027 5846 desponsata
1076 5777 1252 5850 puclla
1301 5778 1368 5834 ab
1416 5777 1522 5835 alio
1572 5786 1724 5848 rapta
1763 5775 1951 5841 fuerit,

369 5867 536 5940 priori
565 5869 895 5932 restituitur,

2053 3310 2302 3379 ροτονίας
2342 3311 2547 3380 τυχεῖν,
2576 3311 3022 3380 τυγχανέτωσαν,
3052 3311 3227 3374 ἄλλως
3273 3309 3640 3383 ἀνεπίληπτοι

2052 3402 2227 3457 ὅντες.

2120 3420 2170 3456 τε
2211 3440 2227 3457 .

2120 3420 2205 3547 δκς
2222 3493 2380 3548 Ὅσοι
2422 3492 2765 3564 ἀπαγόμενοι
2818 3495 2936 3565 μετ’
2968 3494 3209 3566 ἀθυμιας
3255 3495 3510 3569 ἀνῆλθον,
3538 3515 3641 3552 και

2052 3584 2279 3656 ἔφαγον,
2313 3586 2408 3640 ἐπὶ
2437 3585 2688 3652 ἑξαετίαν
2716 3585 3197 3643 ὑποπιπτέτωσαν.

2127 3769 2189 3825 ε’.
2240 3770 2303 3825 Oi
2339 3769 2479 3842 μετά
2521 3769 2789 3842 πενθικῆς
2843 3770 3038 3843 στολῆς
3084 3771 3494 3844 ἀνεληλυθότες,
3541 3775 3642 3828 καὶ

2058 3860 2346 3929 φαγόντες,
2401 3860 2540 3931 μετά
2570 3860 2825 3932 δακρύων
2855 3863 3101 3935 τριετίαν
3129 3864 3599 3919 ὑποπιπτέτωσαν
3618 3881 3639 3900 ο

2056 3952 2105 4004 εί
2137 3950 2190 4002 δὲ
2220 3948 2294 4020 μὴ
2329 3949 2553 4019 ἔφαγον,
2611 3949 2836 4007 διετίαν.
2882 3952 2941 4007 Ὀ
2967 3953 3075 4025 γὰρ
3106 3955 3365 4025 προάγων
3398 3954 3512 4026 βίος
3543 3958 3641 4029 καὶ

2056 4045 2084 4097 ό
2114 4040 2403 4114 ἑπόμενος,
2440 4042 2733 4107 σπουδαῖος
2768 4042 2863 4110 ὢν,
2950 4045 3011 4098 οὑ
3040 4045 3347 4111 σπουδαῖος,
3393 4046 3485 4100 τὸν
3510 4047 3639 4103 ἐπί-

2060 4152 2261 4190 σκοπον
2301 4134 2810 4207 φιλανθρωπότερον
2854 4137 2886 4208 ἢ
2942 4136 3492 4209 ἀφιλανθρωπότερον
3528 4137 3636 4193 δεί-

2060 4246 2273 4284 κνυσιν.

2129 4328 2207 4395 ς’.
2263 4330 2428 4405 Ἀνὴρ
2474 4332 2673 4404 ἀπειλῇ
2730 4333 2890 4404 μόνον
2932 4332 3083 4397 είξας
3129 4334 3223 4388 καὶ
3267 4332 3460 4404 θύσας,
3516 4330 3638 4390 εἶτα

2060 4424 2426 4496 μετανοήσας,
2461 4425 2783 4480 πενταετίαν
2809 4423 3187 4480 ὑποπιπτέτω.

2104 4618 2189 4684 ζ’.
2223 4620 2348 4674 Ἐάν
2378 4637 2463 4684 τις
2520 4621 2627 4675 ῐδια
2675 4619 2943 4692 βρώματα
2976 4619 3118 4691 ἔχων
3148 4620 3497 4691 συνειστιάθη
3522 4622 3638 4684 τοῖς

2054 4714 2265 4770 ἔθνεσιν
2293 4716 2354 4769 ἐν
2379 4716 2497 4779 ταῖς
2530 4716 2752 4787 ἑορταῖς
2779 4714 2980 4781 αὑτῶν,
3008 4713 3215 4768 διετίαν
3248 4714 3634 4769 ὑποπιπτέτω.

2116 4912 2264 4984 η’.⁹0
2292 4909 2565 4982 δεύτερον,
2584 4910 2678 4963 καὶ
2706 4908 2889 4981 τρίτον
2917 4906 3116 4975 θύσας,
3143 4905 3281 4962 ἀλλά
3311 4907 3454 4978 μετά
3488 4905 3635 4977 βίας,

2049 5003 2342 5060 ἑπταετίαν
2367 5001 2750 5058 ὑποπιπτέτω.

2120 5104 2188 5162 θ’.
2225 5105 2285 5160 ’0
2318 5104 2395 5176 μὴ
2440 5103 2601 5176 μόνον
2648 5101 2972 5165 ἐθελουσίως
3018 5098 3287 5164 τεθυκὼς.
3341 5098 3482 5156 ἀλλὰ
3538 5100 3640 5158 καὶ

2049 5200 2239 5271 ἕτερον
2271 5197 2611 5268 ἀναγκάσας,
2642 5195 2931 5250 δεκαετίαν
2958 5193 3341 5249 ὑποπιπτέτω.

2125 5399 2178 5449 ι’.
2214 5394 2276 5448 '0
2330 5390 2543 5463 μέλλων
2605 5389 2858 5454 διάκονος
2904 5387 3360 5461 χειροτονεῖσθαι,
3409 5385 3458 5441 εί
3500 5402 3642 5459 προ-

2051 5485 2396 5560 εμαρτὺρετο
2446 5482 2526 5554 τῷ
2574 5481 2861 5550 ὲπισκόπῳ
2913 5478 2989 5552 μὴ
3038 5478 3303 5534 δύνασθαι
3345 5480 3622 5550 καρτερεῦ

2052 5583 2289 5652 ἄγαμος,
2336 5577 2593 5648 γαμήσας
2625 5574 2768 5629 ἔστω
2795 5574 3083 5637 διάκονοςο
3138 5572 3189 5626 εί
3238 5569 3296 5625 δὲ
3350 5570 3641 5642 σιωπήσας

2052 5674 2261 5744 ἔγημεν
2292 5668 2542 5740 ὕστερον,
2568 5665 2982 5737 ἀποδαλλέσθω.

2129 5772 2218 5829 ια’.
2250 5775 2313 5827 Et
2344 5768 2688 5841 ἐμνηστεὺοη
2724 5768 2884 5840 κόρη,
2909 5768 3143 5840 ἡρπάγη
3178 5767 3233 5823 δὲ
3279 5768 3413 5841 παρ’
3451 5764 3641 5831 ἄλλον,

2052 5870 2128 5937 τῷ
2165 5865 2414 5937 προτέρῳ
2440 5861 2896 5919 ἀποκαθίσταται.
