3868 6460
135 5546 178 5585 ,1

224 360 340 432 253

1468 365 1807 429 ΕΡΙΤΟΜΕ
1846 365 2240 430 CANONUM.

3386 373 3493 438 254

300 480 392 551 ιβ’.
435 478 499 534 '0
542 478 651 550 πρὸ
704 474 800 532 τοῦ
853 473 1236 547 βαπτίσματος
1279 473 1469 541 θύσας,
1517 473 1789 530 ἀνεύθυνος

1989 477 2071 532 12.
2110 476 2211 544 Qui
2243 486 2371 533 ante
2399 477 2665 549 baptisma
2693 477 3036 548 sacriﬁcavit,
3067 487 3192 553 post
3218 480 3489 552 baptisma

221 573 371 628 ιστω
402 569 540 642 μετὰ
563 569 626 622 τὸ
661 568 964 640 βάπτισμα.

296 670 392 733 ιγ’.
423 661 859 733 Χωρεπίσκοπος
902 659 965 713 οὑ
994 660 1295 730 χειροτονεῖ
1326 657 1455 713 ἄνευ
1507 657 1809 729 ἐπιτροπῆς

223 756 555 810 ἐπισκόπου.
1225 805 1229 809 .

303 846 384 901 ιδ’.
448 846 743 917 ἰερατικδς
809 841 988 915 κρεῶν
1047 841 1407 913 ἀπεχόμενος,
1465 838 1808 906 γευσάμενος

222 940 417 1010 μόνον,
450 939 625 1004 οὕτως
650 937 943 1007 ἀπεχέσθω
964 952 979 968 ·
1000 936 1049 988 εί
1078 934 1133 987 δὲ
1168 932 1303 1003 μηδὲ
1335 930 1442 986 τῶν
1468 928 1532 1003 [Ῑ.
1566 929 1619 986 d.
1645 927 1808 1000 μετὰ]

222 1032 461 1100 κρέατος
491 1031 708 1102 γεύοιτο
733 1029 1004 1102 λαχάνων,
1037 1023 1359 1080 πεπαύσθω.

295 1206 379 1255 ιε’.
406 1201 537 1254 Ἐάν
583 1216 637 1252 τι
683 1197 783 1267 τῆς
814 1195 1140 1268 Ἐκκλησίας
1170 1190 1533 1264 πρεσϐύτεροι
1575 1188 1809 1261 διαρπά-

220 1306 399 1352 σειαν,
440 1288 582 1342 ἔστω
637 1286 896 1352 ἀϐέϐαια,
953 1287 1048 1339 καὶ
1106 1283 1316 1357 μενέτω
1356 1283 1423 1354 τῇ
1477 1278 1658 1351 κρίσει
1707 1276 1803 1331 τοῦ

218 1379 550 1433 ἑπισκόπου.

294 1466 394 1534 ις’.
440 1469 500 1521 ’0
559 1468 998 1538 ἀλογευσάμενος
1041 1466 1149 1536 πρὸ
1188 1465 1299 1520 τῶν
1345 1466 1519 1520 εἴκοσι
1570 1467 1800 1539 χρόνων,

216 1561 620 1615 πεντεκαίδεκα
675 1561 853 1614 ἔτεσιν
905 1559 1294 1613 ὑποπιπτέτω·
1347 1559 1395 1611 εί
1439 1557 1496 1612 δὲ
1542 1558 1639 1612 καὶ
1701 1559 1803 1629 τὴν

215 1652 440 1724 ἠλικίαν
463 1652 671 1724 ταύτην
703 1651 970 1722 ὑπερϐάς,
1004 1652 1097 1705 καὶ
1137 1652 1372 1721 γυναῖκα
1394 1651 1535 1722 ἔχων
1567 1651 1800 1722 περιπέ-

213 1762 429 1807 πτωκε,
479 1746 641 1798 πέντε
682 1744 776 1799 καὶ
819 1744 993 1797 εἴκοσι
1037 1742 1213 1797 ἔτεσιν
1261 1744 1640 1797 ὑποπιπτέτω
1673 1744 1700 1796 ὁ
1742 1741 1799 1796 δὲ

221 1839 318 1892 καὶ
342 1840 582 1907 γυναῖκα
633 1836 796 1908 ἔχων,
829 1838 922 1891 καὶ
956 1837 1094 1907 ὑπὲρ
1145 1836 1214 1890 τὰ
1263 1838 1603 1909 πεντήκοντα
1625 1833 1796 1889 τελῶν
1831 1819 1871 1874 Β

216 1931 339 2002 ἔτη,
363 1931 499 2002 ἄχρι
527 1930 627 2001 τῆς
656 1929 835 1996 ἐξόδου
860 1928 1236 1985 ὑποπιπτέτω.

186 2116 191 2121 ’
294 2109 380 2176 ιζ’.
426 2111 485 2166 Ὀ
526 2110 726 2182 λεπρὸς
763 2110 1225 2179 ἀλογευσάμενος,
1268 2110 1300 2181 ἦ
1353 2109 1445 2164 καὶ
1474 2108 1798 2179 λεπρωθεὶς,

212 2207 329 2268 τοῖς
360 2202 786 2275 χειμαζομένοις
819 2204 1158 2275 συνεύχοιτο.

292 2388 380 2455 ιη’.
424 2383 483 2437 '0
533 2382 831 2449 ἐπίσκοπος
873 2383 1169 2452 καταστὰς,
1217 2386 1265 2440 εί
1297 2385 1357 2439 οὑ
1390 2384 1606 2455 δέχεται
1638 2384 1795 2456 παρὰ

213 2474 317 2543 τὴν
348 2474 646 2544 παροικίαν
677 2476 756 2538 ei;
791 2477 855 2548 ἢν
888 2477 1115 2548 ἐκλήθη,
1160 2476 1278 2531 ἀλλ’
1321 2476 1533 2548 ἑτέροις
1563 2477 1796 2530 ἐπισκό-

214 2583 344 2629 ποις
376 2569 609 2639 ἐνοχλεῖ,
665 2569 1037 2642 άφοριζέσθω·
1092 2573 1142 2624 εί
1175 2571 1230 2623 δὲ
1261 2573 1374 2634 τοῖς
1405 2570 1801 2642 πρεσϐυτέροις

208 2658 386 2711 ἐθέλοι
422 2656 932 2731 [συναριθμεῖσθαι,
968 2661 1353 2734 σλναριθμοῖτο
1379 2660 1398 2734 [
1420 2662 1508 2717 ῖσ.
1565 2679 1791 2731 συναρι-

210 2751 501 2827 θμείσθω].
531 2754 595 2807 Εί
617 2754 673 2807 δὲ
705 2754 799 2809 καὶ
824 2757 935 2818 τοῖς
968 2758 1087 2808 ἐκεῖ
1120 2757 1441 2821 ἐπισκόποις
1469 2756 1791 2812 διαστασιά-

215 2845 324 2908 Cat,
352 2845 685 2899 ἁπωθείσθω
713 2847 807 2899 καὶ
837 2846 935 2915 τῆς
962 2847 1055 2901 τοῦ
1086 2848 1462 2919 πρεσϐυτέρου
1497 2847 1688 2918 τιμῆς.

288 2934 374 2992 ιϐ’.
410 2938 474 2992 '0
509 2939 983 3010 ἐπαγγειλάμενος
1043 2941 1387 3013 παρθενίανν
1416 2941 1510 2995 καὶ
1563 2941 1793 3006 ἀθετῶν,

206 3030 539 3102 τετραετίαν
565 3032 911 3102 άφοριζέσθω
932 3049 946 3065 ·
975 3034 1031 3088 αί
1061 3035 1118 3088 δὲ
1145 3034 1405 3107 παρθένοι
1437 3033 1512 3099 ὡς
1547 3033 1795 3104 ἀδελφοῖς

207 3139 322 3177 τισι
355 3124 432 3194 μὴ
467 3125 835 3196 προσίτωσαν.

279 3214 349 3270 κ’.
403 3216 469 3270 Ἦ
497 3214 746 3290 μοιχαλὶς
791 3220 936 3274 καὶὸ
964 3219 1152 3293 μοιχὸς
1196 3220 1495 3276 ἑπταετίαν
1536 3219 1794 3292 ἀφοριζέ-

207 3308 452 3364 σθωταν.

280 3407 387 3453 καν.
438 3403 508 3455 Δί
549 3403 749 3475 πόρναι
791 3404 1169 3477 λαμϐάνουσαι
1220 3403 1460 3476 φθόρια,
1502 3404 1792 3459 δεκαετίαν

204 3492 692 3551 ὑποπιπτέτωσαν.

272 3583 379 3654 περ’.
417 3586 478 3640 Ὀ
508 3588 851 3663 αὐθαιρέτως
881 3590 1210 3663 ἀνδροφόνος
1245 3631 1262 3658 ,
1299 3592 1360 3645 έν
1405 3587 1485 3662 τῷ
1520 3588 1666 3643 τέλει
1694 3588 1789 3642 τοῦ

204 3677 327 3749 βίου
362 3684 701 3749 τυγχανέτω.

284 3775 393 3843 κγ’.
462 3776 523 3833 Ὀ
576 3777 834 3842 ἀκούσιος
877 3780 1167 3852 φονευτὴς,
1203 3778 1530 3833 πενταετίαν
1572 3778 1778 3831 ὑποπυ

201 3869 409 3927 πτέτω.

272 3964 373 4020 κδ’.
412 3967 471 4020 '0
496 3967 1076 4038 καταμαντευόμενος,
1103 3967 1197 4021 καὶ
1226 3967 1255 4021 ὁ
1280 3968 1516 4034 εἰσάγων
1537 3968 1658 4021 τινὰ
1672 3966 1788 4028 τοῖς

197 4058 371 4122 οἴκοις
396 4060 491 4111 ἐπὶ
517 4059 799 4128 άνευρέσει
819 4060 1193 4132 φαρμακείας,
1238 4060 1271 4132 ἢ
1307 4060 1614 4133 καθάρσει,
1654 4075 1788 4114 πεν-

198 4149 428 4203 ταετίαν
456 4149 839 4203 ὑποπιπτέτω.

272 4239 375 4294 κε’.
411 4241 601 4313 Κόρην
646 4258 734 4306 τις
785 4243 1290 4314 μνηστευσάμενος,
1320 4242 1680 4317 προσεφθάρη
1713 4244 1782 4314 τῇ

197 4337 409 4408 ἀδελφῇ
462 4338 659 4408 αὑτῆς,
695 4332 820 4392 εἶτα
852 4337 950 4408 τὴν
978 4338 1221 4409 μνηστὴν
1252 4338 1467 4401 ἐλαϐεν,
1508 4339 1540 4408 ἡ
1591 4335 1783 4407 πρώτη

196 4427 527 4501 άπήγξατο’
565 4430 660 4483 καὶ
716 4430 767 4483 οἱ
815 4430 1113 4494 συνειδότες
1159 4429 1444 4485 δεκαετίαν
1481 4428 1789 4483 ὑποπιπτέ-

196 4539 405 4579 τωσαν.

475 4609 592 4678 Τῆς
628 4609 698 4663 ἐν
727 4609 1168 4681 Νεοκαισαρείᾳ
1211 4609 1504 4664 συνόδου.

269 4708 340 4767 α’.
364 4710 556 4782 Γήμας
588 4708 982 4781 πρεσϐύτερος,
1009 4709 1406 4781 μετατιθέσοω.
1446 4710 1787 4778 Ἐξωθείσθω

197 4802 257 4858 δὲ
285 4804 620 4877 πορνεύσος,
647 4803 741 4857 καὶ
773 4802 1091 4875 μοιχεύσας.

273 4992 342 5062 β’.
389 4993 456 5047 Ἠ
479 4991 732 5060 ἀδελφοῖς
754 4990 1053 5063 γημαμένη
1074 4991 1301 5059 δισσοῖς,
1328 4991 1416 5047 διὰ
1442 4990 1560 5061 βίου
1583 4991 1787 5056 παντὸς

199 5081 546 5153 ἔξωθείσθω·
580 5082 631 5135 εί
659 5081 716 5134 δὲ
748 5081 889 5136 κατὰ
914 5080 1005 5135 τὸν
1036 5080 1266 5136 θάνατον
1300 5082 1520 5152 άρνοϊτο
1564 5081 1656 5136 τὸν
1683 5084 1785 5151 γά-

202 5192 323 5247 μον,
359 5174 474 5239 ἐξει
504 5173 830 5245 μετάνοιαν
866 5175 915 5228 εί
949 5174 1008 5230 δὲ
1031 5173 1373 5246 τελευτήσει,
1409 5172 1497 5246 »τῷ
1533 5174 1782 5247 μείναντι

200 5268 484 5321 κάκιστον.

266 5357 338 5427 γ’.
375 5358 498 5411 Τῶν
540 5358 876 5430 πολυγάμων
906 5360 935 5413 ὁ
984 5361 1180 5432 χρόνος
1231 5359 1432 5431 σαφὴς,
1478 5359 1542 5414 τὸ
1594 5358 1650 5412 δὲ
1680 5356 1781 5431 τῆς

202 5451 495 5522 μετανοίας
534 5452 829 5507 σπουδαῖον
859 5452 1023 5507 αὑτὸν
1051 5452 1441 5524 ὑποτέμνεται.

264 5635 329 5691 δ’.
356 5636 421 5690 Δί
450 5635 558 5709 πρὸ
594 5636 706 5692 τῶν
730 5637 1006 5709 πορνικῶν
1043 5639 1221 5713 ἔργων
1260 5638 1553 5713 ἐπιθυμίαι
1590 5641 1637 5695 εἰ
1676 5641 1777 5713 ἐμ·-

200 5727 530 5797 ποδίζονται,
563 5730 664 5786 οὑκ
690 5730 810 5785 ἁθεῒ
843 5732 1248 5805 ἐμποδίζονται.

1911 571 2101 624 insons
2138 569 2426 625 habeatur.

1990 662 2071 717 ιὸ.
2111 660 2549 734 Chorepiscopus
2579 679 2688 720 non
2726 665 2939 721 ordinat
2974 664 3092 720 sine
3121 665 3340 721 licentia
3375 664 3493 737 epi-

1908 770 2077 817 SCOpt.

1982 846 2067 900 Μ.
2110 844 2373 901 Sacerdos
2414 862 2445 901 a
2484 846 2741 903 carnibus
2787 849 3086 915 abstinens,
3135 848 3224 905 ubi
3276 854 3487 903 tantum

1907 940 2227 1011 gustaverit,
2259 938 2339 993 sic
2367 938 2640 995 abstineat
2669 957 2683 994 :
2716 939 2762 994 si
2790 955 2920 996 vero
2964 955 3139 1011 neque
3181 942 3327 996 olera
3367 954 3489 1010 quae

1909 1044 2033 1083 cum
2075 1024 2332 1085 carnibus
2362 1038 2492 1085 sunt
2520 1039 2723 1103 gustet,
2758 1047 2790 1087 a
2831 1031 3106 1102 fungendo
3133 1047 3362 1088 munere
3388 1031 3490 1088 de-

1908 1122 2084 1177 sistat.

1980 1217 2068 1270 15.
2111 1215 2167 1270 Si
2206 1215 2339 1286 quid
2392 1217 2457 1272 ad
2509 1217 2810 1273 Ecclesiam
2858 1218 3142 1289 pertinens
3186 1217 3485 1288 presbyteri

1904 1305 2278 1370 distraxerint,
2325 1305 2378 1361 id
2425 1306 2724 1361 invalidum
2773 1308 2865 1375 sit,
2917 1323 2979 1363 ac
3024 1323 3194 1379 penes
3244 1305 3487 1378 episcopi

1898 1396 2165 1470 judicium
2196 1406 2435 1453 maneat.

1978 1488 2064 1544 16.
2105 1488 2207 1557 Qui
2266 1496 2455 1545 contra
2504 1491 2770 1547 rationem
2818 1507 3021 1549 venere
3071 1492 3275 1547 abusus
3319 1489 3484 1545 fuerit

1900 1590 2030 1638 ante
2086 1581 2276 1653 viginti
2321 1598 2515 1650 annos,
2563 1583 2875 1654 quindecim
2937 1581 3096 1640 annis
3146 1584 3483 1656 paenitentiae

1899 1673 2225 1743 subjiciatur
2251 1693 2265 1728 :
2298 1672 2342 1730 si
2372 1691 2504 1729 vero
2535 1675 2677 1732 hanc
2703 1684 2919 1731 aetatem
2946 1684 3318 1749 transgressus
3348 1690 3485 1731 uxo-

1900 1781 2126 1836 remque
2168 1766 2376 1821 habens
2412 1766 2465 1820 in
2508 1768 2611 1821 hoc
2655 1776 2943 1836 peccatum
2982 1767 3257 1832 inciderit,
3285 1764 3480 1838 viginti

1901 1859 2142 1930 quinque
2174 1858 2330 1913 annis
2370 1859 2749 1929 paenitentiam
2794 1868 2918 1932 agat
2962 1876 2976 1914 :
3025 1874 3250 1914 uxorem
3295 1867 3477 1914 autem

1901 1952 2129 2017 habens,
2161 1968 2225 2007 ac
2271 1968 2436 2023 supra
2470 1952 2860 2025 quinquaginta
2895 1968 3067 2008 annos
3097 1961 3274 2018 natus,
3308 1967 3479 2024 usque

1900 2042 1970 2097 ad
1998 2042 2202 2096 exitum
2239 2042 2386 2096 vitae.

1976 2131 2060 2187 l7.
2104 2131 2377 2202 Leprosus
2419 2132 2509 2203 qui
2544 2140 2735 2189 contra
2771 2131 3037 2187 rationem
3072 2141 3337 2198 versatus,
3386 2140 3481 2187 aut

1900 2222 2064 2278 etiam
2106 2223 2256 2293 lepra
2291 2221 2527 2281 infectus
2556 2224 2738 2289 fuerit,
2770 2238 2896 2280 cum
2933 2223 3000 2278 iis
3039 2224 3131 2294 qui
3171 2239 3202 2278 a
3232 2223 3481 2280 daemone

1900 2314 2230 2371 infestantur
2262 2325 2402 2373 oret.

1973 2406 2059 2461 18.
2123 2407 2426 2478 Episcopus
2478 2408 2827 2475 constitutus,
2890 2409 2936 2465 si
2993 2408 3063 2463 ab
3110 2408 3354 2465 Ecclesia
3410 2407 3477 2463 ad

1899 2515 2061 2569 quam
2090 2509 2316 2555 vocatus
2348 2510 2432 2557 est
2472 2517 2579 2557 non
2621 2502 2938 2574 recipiatur,
2986 2503 3083 2558 sed
3113 2503 3233 2557 aliis
3262 2501 3477 2571 episco-

1899 2594 1984 2666 pis
2034 2596 2310 2668 negotium
2359 2595 2611 2663 facessat,
2642 2598 3164 2654 excommunicatur.
3201 2596 3257 2652 Si
3292 2602 3475 2651 autem

1898 2687 2230 2758 presbyteris
2259 2688 2606 2742 annumerari
2634 2688 2781 2753 velit,
2811 2699 3223 2745 annumeretur.
3256 2687 3310 2744 Si
3343 2704 3478 2744 vero

1898 2780 1967 2835 ab
1997 2780 2265 2851 episcOpis
2292 2781 2385 2851 qui
2420 2781 2487 2836 ibi
2520 2781 2724 2851 degunt
2757 2781 3038 2847 dissideat,
3062 2783 3226 2838 etiam
3256 2782 3479 2854 presby-

1898 2880 2107 2927 teratus
2133 2873 2340 2928 honore
2369 2873 2692 2944 expellatur.

1972 2967 2059 3022 l9.
2100 2965 2201 3032 Qui
2232 2966 2597 3037 virginitatem
2628 2967 2910 3038 professus
2940 2977 3044 3034 est,
3076 2984 3141 3025 ae
3173 2977 3359 3023 votum
3398 2966 3476 3020 ir-

1898 3059 2061 3115 ritum
2092 3060 2240 3125 facit,
2273 3061 2636 3131 quadriennio
2680 3063 3201 3119 excommunicetur.
3228 3059 3503 3132 Virgines

1849 3180 1862 3224 ε
1897 3169 2027 3209 vero
2061 3170 2130 3208 ne
2159 3155 2224 3208 ad
2251 3153 2459 3224 aliquos
2488 3162 2745 3224 tanquam
2773 3155 2968 3210 fratres
2993 3154 3274 3211 accedant.

1970 3249 2059 3304 20.
2104 3247 2363 3303 Adultera
2388 3256 2442 3302 et
2468 3248 2682 3304 adulter
2728 3260 2934 3321 septem
2965 3265 3141 3305 annos
3161 3263 3476 3304 excommu-

1895 3343 2172 3398 nicentur.

1967 3437 2056 3490 21.
2098 3436 2409 3493 Meretrices
2455 3436 2850 3492 medicamenta
2916 3432 3209 3489 enecandis
3273 3430 3477 3486 fetibus

1895 3527 2246 3591 adhibentes,
2277 3527 2468 3583 decem
2511 3542 2686 3582 annos
2721 3525 3056 3596 poenitentia
3094 3522 3474 3593 subiiciantur.

1965 3619 2055 3674 22.
2096 3619 2449 3675 Voluntarius
2493 3618 2765 3675 homicida
2821 3618 2878 3673 in
2920 3616 3027 3673 ﬁne
3060 3617 3186 3673 vitis
3229 3630 3475 3672 commu-

1895 3708 2114 3765 nionem
2142 3718 2525 3780 consequatur.

1964 3800 2054 3854 25.
2095 3799 2496 3857 Involuntarius
2564 3799 2831 3856 homicida
2873 3794 3248 3869 quinquennio
3292 3796 3473 3868 poeni-

1896 3894 2080 3949 tentia:
2111 3894 2455 3963 subjiciatur.

1961 3987 2051 4042 24.
2092 3985 2195 4052 Qui
2220 3986 2493 4042 vaticiniis
2523 3987 2710 4052 utitur,
2730 3995 2893 4057 atque
2915 3985 3211 4041 introducit
3234 3980 3469 4054 aliquem

1891 4078 1946 4133 in
1979 4079 2168 4135 domos
2219 4080 2539 4150 exquirendi
2567 4078 2815 4134 veneficii
2856 4088 2949 4133 aut
2979 4076 3316 4133 lustrationis
3345 4090 3471 4148 gra-

1891 4170 1986 4237 tia,
2017 4171 2397 4241 quinquennio
2435 4170 2770 4242 poenitentiae
2794 4170 3093 4238 subjaceat.

1960 4265 2047 4320 25.
2092 4261 2319 4331 Quidam
2356 4265 2532 4335 puclla
2561 4263 2906 4335 desponsata,
2934 4261 3108 4317 sorori
3135 4260 3255 4330 ejus
3278 4260 3469 4315 vitium

1890 4356 2107 4422 attulit,
2139 4357 2337 4413 aeinde
2383 4334 2918 4428 sponsam\arcepit,
2954 4356 3129 4427 prima
3177 4356 3470 4426 suspendio

1888 4449 2055 4504 vitam
2088 4450 2231 4504 tiniit
2266 4466 2279 4502 :
2315 4450 2349 4504 ii
2377 4452 2540 4505 etiam
2580 4450 2671 4521 qui
2709 4448 2837 4505 facti
2861 4449 3064 4505 conscii
3094 4458 3242 4511 sunt,
3268 4449 3470 4505 decen-

1814 4537 1861 4593 D
1888 4543 1983 4598 nio
2006 4544 2342 4614 paenitentia:
2370 4544 2755 4612 subjiciantur.

2337 4636 2544 4706 Synodi
2569 4634 3030 4691 Neocwsariensis.

1963 4728 2015 4783 l.
2057 4728 2348 4800 Presbyter
2388 4729 2481 4799 qui
2512 4744 2735 4784 uxorem
2775 4727 3009 4793 duxerit,
3036 4726 3341 4798 deponatur
3375 4742 3389 4779 :
3420 4723 3463 4779 si

1889 4836 2021 4875 vero
2059 4830 2331 4877 scortatus
2381 4820 2545 4878 fuerit
2567 4831 2663 4877 aut
2696 4822 3017 4891 :moechatus
3053 4818 3239 4887 fuerit,
3278 4818 3465 4890 expel-

1890 4914 2054 4971 latur.

1958 5007 2031 5065 9.,
2055 5006 2252 5062 Mulier
2279 5023 2399 5077 quae
2426 5008 2642 5065 duobus
2674 5006 2933 5065 fratribus
2960 5007 3230 5079 nupserit,
3264 5024 3362 5080 per
3384 5018 3467 5067 to-

1888 5104 1997 5151 tam
2015 5096 2181 5151 vitam
2203 5098 2505 5168 expellatur
2531 5116 2545 5153 :
2577 5099 2622 5153 si
2640 5113 2770 5154 vero
2791 5098 2951 5153 morti
2977 5099 3222 5169 proxima
3248 5100 3466 5169 nuptias

1886 5190 2159 5260 repudiet,
2182 5190 2561 5262 paenitentiam
2581 5199 2948 5263 consequetur
2977 5208 2991 5245 :
3025 5191 3071 5248 si
3093 5206 3223 5249 vero
3242 5191 3463 5260 abierit,

1886 5283 2165 5354 superstiti
2194 5283 2312 5339 viro
2345 5284 2667 5355 pessimum.
3428 5334 3431 5337 λ

1957 5379 2011 5433 5.
2055 5379 2257 5434 Eorum
2280 5378 2370 5449 qui
2400 5379 2566 5434 multa
2591 5379 2933 5436 matrimonia
2963 5380 3297 5436 contrahunt
3321 5387 3463 5435 tem-

1882 5485 1989 5543 pus
2027 5479 2237 5525 certum
2285 5479 2369 5526 est
2400 5488 2414 5525 :
2450 5471 2788 5543 poenitentiae
2835 5487 2967 5530 vero
3025 5473 3262 5529 studium
3328 5472 3462 5528 illud

1885 5563 2152 5635 praecidit.

1954 5654 2008 5710 4.
2039 5653 2508 5726 Concupiscentiaa
2546 5655 2925 5714 fornicationis
2949 5672 3112 5729 opera
3141 5654 3459 5727 praeceden-

1883 5752 1966 5799 tes
1996 5742 2040 5796 si
2073 5742 2460 5815 impediantur,
2509 5762 2621 5803 non
2654 5747 2774 5804 sine
2810 5747 2995 5806 divino
3039 5746 3241 5805 auxilio
3280 5742 3456 5816 impe-

1883 5835 2129 5890 diuntur.
