3868 6470
373 414 484 481 255

1499 400 1876 465 SYMEONIS
1914 399 2490 465 METAPHRAST/E

3525 382 3645 447 256

451 525 506 581 5.
548 520 654 589 Qui
680 520 809 578 dum
840 516 964 576 fidei
993 515 1271 590 mysteriis
1292 513 1597 571 instituitur
1616 520 1828 585 peccat,
1853 527 1950 568 au-
1979 518 1999 572 λ

2133 517 2189 566 ε’.
2240 512 2303 567 Ὀ
2347 514 2406 566 ἐν
2433 509 2510 581 τῷ
2551 503 2914 578 κατηχεϊσθαι
2948 497 3306 573 ἁμαρτάνων,
3344 494 3643 565 ἀκροάσθω

378 618 495 674 diat
521 630 631 673 non
667 629 900 686 peccans
931 628 946 665 :
975 611 1031 666 si
1063 619 1245 666 autem
1281 608 1460 664 adhuc
1493 615 1825 680 perseveret,
1863 621 1960 676 pe-

377 712 531 767 nitus
556 710 827 781 ejiciatur.

451 804 506 860 6.
571 805 866 875 Praegnans
931 799 1373 872 quandocunque
1431 793 1550 850 vult
1599 792 1963 864 baptizatur:

379 897 818 966 uniuscujusque
845 892 995 948 enim
1030 890 1285 947 voluntas
1307 885 1604 958 iudicatur.

450 994 504 1047 7.
546 988 834 1060 Presbyter
870 1000 979 1039 non
1023 983 1188 1039 debet
1228 980 1497 1034 interesse
1536 972 1793 1031 convivio
1838 971 1962 1042 ejus

2064 604 2140 676 μὴ
2182 604 2543 675 ἁμαρτάνωνο
2578 602 2625 656 εί
2671 599 2719 654 δ’
2763 599 2841 652 ἐτι
2876 594 3148 665 ἐπιμένει,
3186 589 3370 643 τέλεον
3399 586 3659 641 ἀπωθείε

2070 697 2200 753 σθω.

2134 788 2209 856 ς’.
2252 788 2318 843 Ἦ
2346 785 2695 859 κυοφοροῦσα
2717 785 2808 838 ὅτε
2843 780 2991 835 θέλει
3027 777 3354 850 βαπτίζεται
3373 790 3385 804 ο
3410 771 3646 827 ἑκάστου

2063 883 2174 954 γὰρ
2202 883 2236 954 ὴ
2269 882 2589 954 προαίρεσις
2616 877 2887 949 κρίνεται.

2135 973 2200 1040 ζ’.
2225 974 2338 1045 Οὐχ
2361 974 2611 1028 ἐστιᾶται
2637 967 2954 1041 πρεσϐύτης
2982 963 3076 1019 ἐπὶ
3105 961 3322 1034 διγάμῳ
3342 976 3357 991 ·
3392 957 3512 1022 πῶς
3536 955 3648 1028 γάρ

381 1083 477 1155 qui
503 1080 773 1137 secundas
802 1076 1023 1147 nuptias
1046 1073 1306 1138 celebrat;
1330 1066 1600 1138 quomodo
1616 1064 1759 1120 enim
1783 1062 1962 1134 ipsum

2133 1067 2234 1121 »τὸν
2270 1064 2493 1132 ἀξιώσει
2516 1060 2854 1133 συγγνώμης
2873 1075 2892 1126 ;

383 1175 545 1231 venia
571 1173 794 1242 dignum
823 1163 1129 1238 judirabit?
1938 1204 1945 1207 ,

457 1268 511 1325 8.
555 1266 753 1321 Laicus
796 1262 954 1331 cujus
986 1273 1125 1314 uxor
1167 1254 1494 1311 adulterium
1532 1247 1824 1313 commisit,
1859 1259 1968 1300 non

385 1360 680 1418 ascribitur
715 1358 770 1413 in
805 1356 1009 1413 clerum
1039 1371 1054 1407 :
1088 1360 1144 1406 et
1183 1349 1275 1419 qui
1316 1350 1371 1402 in
1416 1347 1564 1401 clero
1613 1349 1883 1405 versatur,
1923 1337 1971 1394 si

386 1461 513 1525 post
537 1449 861 1506 adulterium
893 1445 1104 1501 detinet
1133 1442 1327 1512 ipsam,
1355 1435 1667 1509 expellitur.

460 1549 516 1605 9.
559 1547 616 1602 Si
657 1544 939 1599 confessus
976 1538 1141 1594 fuerit
1171 1534 1460 1606 presbyter
1507 1545 1567 1586 se
1596 1540 1875 1600 peccasse,
1904 1523 1974 1579 ab

2142 1243 2213 1316 η’.
2246 1242 2446 1306 Λαῖκὸς
2476 1233 2537 1295 οὗ
2583 1241 2618 1311 ἠ
2661 1238 2799 1309 γυνὴ
2828 1232 3286 1309 μεμοίχευται,ού
3312 1230 3651 1303 κληροῦται·

2081 1336 2178 1390 καὶ
2200 1337 2230 1387 ό
2260 1335 2320 1387 ὲν
2361 1332 2576 1403 κλήρῳ,
2607 1331 2657 1385 εί
2695 1330 2833 1401 μετὰ
2862 1326 2961 1399 τὴν
3011 1324 3261 1397 μοιγείαν
3296 1321 3520 1392 κατέχει
3551 1319 3657 1373 αὖ·

2075 1428 2198 1498 τὴν,
2228 1424 2571 1480 ἐκδιώκεται.

2149 1518 2215 1572 θ’.
2244 1517 2373 1572 Ἐὰν
2411 1513 2725 1587 ὁμολογήσῃ
2770 1509 3147 1583 πρεσϐύτερος
3172 1508 3256 1562 ὅτι
3300 1506 3655 1576 προήμαρτε,

391 1640 666 1696 oblatione
698 1643 909 1690 tantum
947 1598 1222 1686 abstineat
1248 1644 1261 1680 :
1289 1598 1539 1696 quaedam
1568 1598 1718 1676 enim
1748 1624 1973 1689 peccata

2133 1608 2157 1681 Ι]
2185 1607 2546 1683 προσφερὲτω
2573 1607 2667 1660 καὶ
2705 1604 2904 1675 μόνον’
2941 1603 3064 1656 τινά
3099 1601 3211 1672 γάρ
3245 1598 3354 1652 τῶν
3405 1598 3664 1668 ἁμαρτη-

390 1729 765 1788 ordinationes
787 1724 1094 1783 remittunt.
1115 1718 1171 1774 Si
1194 1733 1324 1773 vero
1359 1732 1468 1770 non
1495 1712 1844 1773 conﬁteatur,
1872 1723 1974 1763 ne-

393 1838 502 1895 que
533 1819 915 1879 convincatur,
947 1815 1066 1885 ipse
1095 1810 1180 1866 sui
1203 1815 1527 1880 potestatem
1558 1804 1743 1858 habet.

2080 1702 2267 1774 μάτων
2301 1701 2358 1754 ai.
2385 1697 2715 1771 χειροτονίαι
2752 1695 3000 1763 ἀφιᾶσιν.
3042 1692 3106 1745 El
3131 1692 3187 1745 δὲ
3221 1689 3298 1762 μὴ
3343 1688 3661 1759 ὁμολογοίη,

2084 1793 2209 1866 μήτ’
2239 1792 2534 1863 ἐλέγχοιτο,
2561 1788 2721 1853 αὐτὸς
2750 1787 2921 1858 ἐχέτω
2949 1790 3049 1855 τὴν
3078 1783 3328 1848 ἐξουσίαν

469 1915 558 1969 it).
599 1906 871 1967 Diaconus
916 1870 1083 1962 etiam
1133 1870 1327 1958 eodem
1373 1895 1603 1954 crimine
1658 1890 1978 1955 obstrictus,

2162 1883 2215 1939 ι’.
2250 1884 2363 1938 Καὶ
2395 1883 2643 1946 διάκονος
2685 1880 2765 1954 τῷ
2817 1878 2969 1951 αὐτῷ
3016 1874 3328 1947 συσχεθεὶς,
3381 1870 3669 1944 ὑπηρέτης

396 2007 646 2064 minister
676 2009 914 2060 maneat.

467 2100 556 2154 11.
594 2097 676 2153 Ne
745 2096 837 2150 ﬁat
889 2089 1175 2163 presbyter
1227 2083 1331 2140 nisi
1400 2079 1735 2137 tricesimum
1780 2089 1985 2132 annum

397 2206 585 2266 agens,
609 2185 822 2246 etiamsi
857 2185 1054 2256 dignus
1077 2180 1168 2245 sit,
1198 2175 1510 2247 exemplum
1537 2172 1749 2228 habens
1780 2169 1987 2226 Serva-

401 2282 539 2340 toris
565 2280 859 2351 baptisma.

474 2373 565 2428 {2.
599 2349 827 2441 Propter
848 2365 1099 2422 morbum
1122 2359 1435 2431 baptizatus
1459 2368 1529 2410 ne
1550 2352 1639 2408 ﬁat
1666 2349 1986 2441 presbyter:

402 2458 510 2515 nisi
539 2457 610 2513 ob
639 2435 916 2513 certamen
955 2451 1101 2524 quod
1129 2455 1316 2521 postea
1340 2443 1591 2511 subierit,
1619 2450 1782 2513 atque
1809 2435 1989 2495 homi-

403 2565 537 2605 num
568 2548 874 2604 raritatem.

476 2639 566 2695 15.
604 2635 895 2708 Presbyter
932 2631 1047 2688 ruri
1085 2630 1288 2702 degens
1332 2627 1389 2681 in
1435 2624 1586 2680 urbis
1625 2620 1831 2692 templo
1873 2633 1986 2675 non

405 2729 624 2795 oil‘erat,
650 2728 755 2784 nisi
782 2727 926 2783 absit
942 2725 1238 2796 episcopus
1260 2729 1517 2791 totusque
1550 2716 1989 2788 presbyterorum

406 2834 583 2880 coetus
608 2842 624 2879 :
650 2821 696 2877 si
725 2828 906 2875 autem
937 2818 1142 2882 absint,
1177 2823 1231 2871 et
1255 2821 1502 2877 vocetur,
1527 2808 1687 2866 oﬂ‘ert
1711 2823 1725 2860 :
1751 2813 1807 2862 et
1829 2804 1993 2860 chor—

407 2913 653 2987 episcopi
689 2923 751 2969 ut
772 2906 1138 2969 comministri
1166 2906 1427 2964 oﬂ'crunt.

486 3101 574 3157 ιι.
617 3098 838 3169 Septem
872 3094 1087 3152 diaconi
1123 3092 1424 3150 secundum
1454 3089 1589 3147 Acta
1620 3086 1991 3160 apostolorum

2093 1976 2333 2048 μενέτω.

2163 2063 2253 2121 ια’.
2286 2066 2350 2120 Et
2390 2066 2466 2137 μὴ
2495 2061 2926 2136 τριακονταέτης
2986 2060 3062 2131 μὴ
3093 2058 3327 2126 γινέσθω
3361 2052 3672 2125 πρεσϐύτε-

2089 2175 2203 2230 ρος,
2228 2158 2333 2212 κᾶν
2356 2154 2391 2230 ᾖ
2423 2155 2728 2223 ἀξιόλογος,
2754 2152 2893 2224 ἔχων
2917 2152 3226 2222 ὑπόδειγμα
3273 2147 3335 2202 τὸ
3358 2146 3451 2201 τοῦ
3482 2146 3670 2215 Σωτῆ-

2094 2265 2187 2321 ρος
2210 2249 2488 2320 φώτισμα.

2167 2339 2257 2412 ιβ’.
2299 2340 2358 2394 '0
2384 2339 2474 2393 διά
2494 2337 2650 2392 νόσον
2677 2334 3021 2408 βαπτισθεὶς,
3053 2333 3132 2406 μὴ
3158 2330 3392 2403 γινέσθω
3429 2327 3676 2400 πρεσϐύ-

2088 2447 2268 2504 τερος,
2292 2431 2342 2486 εί
2364 2430 2440 2503 μὴ
2461 2429 2550 2485 διά
2572 2429 2662 2485 τὸν
2687 2426 2814 2500 ἐξῆς
2845 2427 3057 2498 ἀγῶνα,
3084 2426 3179 2480 καὶ
3206 2423 3418 2494 σπάνην
3439 2421 3504 2495 [Ῑ.
3530 2438 3675 2476 σπα-

2091 2522 2233 2599 νίαν]
2267 2524 2364 2580 ἀνθ
2371 2522 2592 2596 ρώπων.

2165 2614 2256 2688 ιγ’.
2296 2616 2630 2689 Ἐπιχώριος
2671 2612 3044 2689 πρεσϐύτερος
3077 2613 3159 2677 είς
3217 2610 3345 2665 ναὸν
3372 2607 3580 2671 πόλεως
3612 2607 3677 2661 ού

2090 2710 2385 2783 προσάγει,
2509 2708 2587 2779 μὴ
2618 2688 2850 2763 ἄπεστιν
2891 2708 2919 2760 ὁ
2949 2704 3273 2769 ἐπίσκοπος,
3307 2703 3402 2757 καὶ
3433 2702 3495 2755 τὸ
3542 2717 3681 2772 πρε-

2094 2804 2375 2875 σϐυτέριον
2410 2801 2566 2857 ὅλον·
2602 2801 2696 2855 ἐὰν
2718 2799 2776 2854 δέ
2804 2798 3014 2864 άπῶσι,
3050 2797 3150 2851 καὶ⁸
3199 2796 3438 2859 καλοῖτο,
3494 2808 3677 2861 προσ-

2092 2897 2218 2966 άγει
2238 2912 2256 2929 ο
2287 2895 2384 2950 καὶ
2416 2896 2465 2950 oi
2490 2892 2906 2967 χωρεπίσκοποι
2946 2890 3023 2954 ὡς
3057 2888 3462 2960 συλλειτουργοὶ
3508 2902 3687 2958 προσ-

2136 2988 2344 3044 έοουσι.

2136 3006 2162 3043 ε
2234 3006 2344 3044 υσι.

2095 3007 2131 3061 φ
2294 3081 2416 3136 Τῶν
2474 3080 2853 3152 ἐϐδομήκοντα
2904 3075 2996 3131 τδν
3023 3076 3196 3131 τύπον
3223 3073 3289 3147 [Ϊ.
3318 3070 3508 3145 τόπον]
3542 3070 3689 3125 ἑπτά

411 3196 584 3254 etiam
624 3194 681 3250 in
709 3208 903 3263 magna
933 3191 1090 3257 urbe,
1123 3188 1466 3261 septuaginta
1504 3186 1682 3241 locum
1721 3191 1989 3239 tenentes.

2133 3173 2339 3230 ιάκονοι
2369 3173 2514 3228 κατὰ
2568 3172 2670 3237 τὰς
2716 3168 2953 3243 Πράξεις
2983 3169 3078 3223 καὶ
3123 3169 3206 3232 είς
3256 3165 3499 3238 μεγάλην
3529 3163 3691 3228 πόλιν

418 3390 660 3463 Ερὶιοηιε
697 3403 958 3444 canonum
1004 3395 1310 3442 sanctorum
1338 3382 1563 3439 Patrum
1603 3380 1840 3437 Serdicae
1870 3395 1994 3435 con-

1023 3466 1382 3529 gregatorum.

491 3557 542 3616 1.
562 3556 866 3631 Episcopus
884 3573 952 3613 ex
976 3556 1182 3627 majore
1204 3553 1424 3611 civitate
1444 3550 1499 3608 in
1527 3552 1793 3609 minorem
1825 3560 2002 3608 trans-

419 3650 503 3709 ire
536 3666 647 3707 non
680 3651 1031 3722 eomperitur.
1827 3645 1831 3649 ’

489 3745 545 3800 2.
575 3742 677 3812 Qui
702 3744 867 3816 igitur
887 3758 954 3798 ex
975 3741 1168 3797 humili
1191 3741 1322 3797 sede
1346 3741 1403 3795 in
1427 3739 1801 3797 sublimiorem
1825 3745 2005 3792 trans-

423 3836 542 3901 ilit,
573 3845 832 3906 tanquam
872 3849 1133 3906 arrogans
1196 3842 1253 3889 et
1296 3849 1493 3889 avarus
1528 3840 1861 3903 compertus,
1910 3842 2009 3901 per

426 3939 599 3986 totam
636 3928 801 3982 vitam
832 3926 1364 3993 excommunicatur.
1829 3913 1841 3923 ’

496 4021 548 4075 5.
571 4019 875 4091 Episcopus
904 4018 958 4073 in
988 4018 1217 4074 alterius
1245 4017 1487 4088 episcopi
1514 4018 1704 4073 urbem
1728 4032 1799 4072 ne
1825 4025 2009 4072 trans-

426 4121 517 4168 eat
545 4126 659 4166 non
690 4111 953 4166 invitatus
979 4127 993 4165 :
1022 4124 1086 4165 ac
1141 4107 1489 4177 provincialis
1520 4107 1566 4163 si
1595 4108 1829 4179 aliquam
1857 4107 2009 4163 litem

428 4202 648 4271 habeat,
679 4202 886 4259 alienos
917 4202 1205 4273 episcopos
1230 4217 1302 4258 ne
1336 4209 1549 4265 evocet,
1584 4210 1950 4272 praeterquam
1981 4215 2015 4256 a

428 4295 680 4352 Romano
708 4295 990 4367 pontiﬁce,
1024 4295 1069 4350 si
1089 4294 1348 4365 expedire
1369 4293 1715 4364 judicaverit.

500 4388 557 4445 ι.
593 4386 863 4458 Episcopo
891 4386 1158 4458 deposito,
1203 4386 1251 4443 si
1285 4385 1516 4442 atlirmet
1541 4402 1601 4442 se
1633 4385 2013 4443 defensionem

429 4481 749 4546 allaturum,
798 4495 909 4535 non
957 4479 1315 4535 constituitur
1361 4479 1519 4544 alius,
1571 4479 1677 4534 nisi
1725 4480 2016 4549 cpis00pus

2102 3268 2351 3324 ἔστωσαν
2377 3268 2698 3363 ὑπέχοντες.

2102 3385 2391 3456 Ἐπιτομὴ
2425 3385 2700 3441 κανόνων
2726 3381 2927 3507 τῶιὲἐν
2952 3377 3216 3450 Σαρδικῇ
3233 3377 3543 3448 μακαρίων
3567 3375 3695 3429 Ila-

2793 3470 2827 3507 τ
2860 3468 2997 3507 οων.

2793 3468 2997 3522 τερων.

2181 3557 2250 3606 α’.
2317 3547 2763 3620 Ἀνεξερεύνητος
2815 3545 3149 3610 ἐπίσκοπος,
3187 3541 3252 3596 ἐκ
3306 3538 3550 3613 μείζονος
3595 3537 3701 3592 ἐπὶ

2107 3644 2310 3715 ἥττονα
2345 3640 2522 3696 πόλιν.

2183 3737 2250 3808 β’.
2291 3735 2351 3789 Ὀ
2372 3734 2555 3788 τοίνυν
2577 3734 2641 3787 ἐκ
2666 3730 2930 3800 ταπεινῆς
2955 3729 3042 3799 ἐφ’
3075 3727 3418 3800 ὑψηλοτέραν
3448 3742 3697 3796 μεταπη-

2112 3826 2243 3894 δῶν,
2274 3825 2350 3890 ὡς
2379 3822 2598 3888 ἀλαζὼν
2626 3822 2719 3877 καὶ
2741 3820 3076 3892 πλεονέκτης
3107 3817 3573 3888 ὑποϐλεπόμενος,
3604 3815 3698 3870 διὰ

2114 3916 2234 3988 βίου
2259 3913 2458 3978 παντὸς
2487 3910 2878 3983 ἀκοινώνητος.

2187 4008 2261 4080 γ’.
2307 4007 2645 4062 Ἐπισκόπου
2700 4007 2780 4069 είς
2821 4002 2999 4071 πόλιν,
3024 3988 3262 4073 ἄκλητος
3302 4000 3376 4071 μὴ
3407 3997 3703 4054 διαϐαίνων

2116 4102 2231 4176 [ῖσ.
2257 4097 2609 4171 διαϐαινέτω]
2640 4098 2975 4159 ἐπίσκοποςο
3025 4097 3120 4149 καὶ
3163 4097 3191 4148 ὁ
3239 4091 3613 4165 ἐπαρχιὼτης,
3652 4096 3705 4147 εί

2116 4195 2175 4250 δὲ
2205 4194 2501 4259 δικάζοιτο,
2528 4191 2848 4262 ἀλλοτρίους
2876 4188 3216 4251 ἐπισκόπους
3263 4187 3365 4240 οὐκ
3402 4183 3706 4239 ἐκκαλέσε-

2115 4301 2228 4350 ται,
2255 4283 2287 4356 ἢ
2323 4282 2451 4354 περὶ
2483 4281 2577 4336 τοῦ
2622 4278 2865 4349 Ῥώμης,
2898 4278 2947 4330 εἰ
2978 4276 3270 4348 ἐπικρίνοι.

2190 4376 2254 4430 δ’.
2282 4374 2621 4429 Ἐπισκόπου
2660 4368 3108 4441 καθαιρεθέντος,
3158 4368 3252 4421 καὶ
3282 4364 3709 4437 διαϐεϐαιουμέ-

2117 4486 2214 4524 νου
2270 4468 2457 4538 φὲρειν
2488 4464 2811 4534 ἀπολογίαν,
2864 4463 2915 4516 εί
2957 4462 3039 4534 μὴ
3066 4463 3096 4515 ὁ
3135 4459 3355 4531 Ῥώμης
3413 4458 3608 4529 ὁρίζοι,
3642 4459 3704 4513 ού

429 4568 617 4627 Romae
658 4570 967 4638 deﬁnierit;
1001 4569 1257 4640 dispiciet
1298 4568 1445 4625 enim
1486 4568 1886 4642 depositionem
1926 4583 1996 4623 au

2133 4558 2475 4631 καθιδρύεται
2504 4558 2714 4629 ἔτερος.
2740 4556 3111 4624 Διασκοπήσει
3166 4552 3276 4625 γὰρ
3315 4552 3416 4623 τὴν
3442 4550 3711 4622 καθαίρε-

428 4676 530 4733 per
560 4661 807 4727 nuntios,
840 4672 934 4717 aut
957 4678 1054 4733 per
1078 4661 1307 4718 litteras.

501 4749 558 4807 5.
598 4747 656 4807 Si
684 4751 837 4808 laicis
862 4752 1178 4823 petentibus
1221 4752 1563 4824 episcopum,
1597 4752 1839 4824 episcopi
1880 4767 2022 4823 pra:-

431 4848 620 4897 sentes
639 4841 768 4907 sint,
801 4859 948 4900 unus
974 4859 1108 4900 vero
1131 4845 1354 4916 quidam
1396 4845 1566 4910 absit,
1591 4854 1820 4900 vocetur
1857 4845 2024 4899 etiam

434 4931 549 4990 ille.
569 4933 636 5017 Si
659 4950 787 4990 vero
808 4945 1044 4992 vocatus
1072 4952 1253 5009 neque
1278 4938 1539 5006 scribere,
1557 4953 1737 5009 neque
1763 4937 2024 4994 accedere

437 5026 692 5096 voluerit,
720 5029 767 5087 is
796 5032 887 5101 qui
914 5032 1119 5102 petitur
1148 5032 1456 5089 ordinetur.

508 5214 564 5271 6.
604 5213 738 5271 Cum
778 5215 1234 5288 metropolitanus
1257 5217 1635 5284 constituitur,
1669 5216 1836 5274 vicini
1860 5217 2024 5274 etiam

438 5306 680 5379 episcopi
715 5307 1032 5364 accersendi
1056 5318 1205 5363 sunt.
1232 5308 1291 5364 ln
1320 5323 1487 5379 parva
1521 5310 1657 5365 urbe
1679 5319 1730 5365 et
1754 5326 1913 5381 pago,
1938 5310 2028 5366 cui

442 5414 587 5456 unus
611 5399 808 5456 sutlicit
840 5401 1144 5473 presbyter,
1175 5402 1468 5473 episcopus
1499 5419 1607 5458 non
1639 5404 2027 5459 constituitur:

438 5491 487 5549 si
511 5508 637 5549 vero
662 5493 860 5564 populo
888 5494 1336 5565 frequentissima
1363 5495 1435 5551 sit
1466 5496 1617 5563 urbs,
1651 5512 1762 5552 non
1800 5496 2023 5569 indigna

444 5590 532 5641 est
554 5584 834 5655 episcopo.

516 5675 571 5731 8.
615 5674 672 5731 Si
699 5676 936 5748 pupillus
958 5685 1014 5733 et
1041 5676 1224 5744 vidua,
1255 5686 1312 5734 et
1339 5675 1431 5749 qui
1463 5684 1645 5735 tutore
1672 5688 1822 5737 caret
1845 5677 1898 5733 vi
1930 5694 2032 5750 op-

447 5767 740 5840 primatur,
772 5768 842 5825 iis
867 5772 1149 5842 suppetias
1188 5770 1329 5828 feret
1378 5772 1687 5844 episcopus.
1740 5769 2034 5827 Verumta-

454 5878 579 5919 mcn
611 5880 679 5921 ne
704 5865 971 5938 ejusmodi
1007 5866 1355 5939 prwtcxtu‘in
1387 5867 1508 5924 aula
1532 5865 1880 5938 imperatoris
1913 5880 2035 5922 vcr-

2126 4672 2214 4709 σιν
2246 4653 2279 4726 ἢ
2314 4651 2640 4716 ἀποστόλοις
2671 4650 2703 4720 ἢ
2731 4649 3083 4722 γράμμασιν.

2197 4753 2260 4801 ε’.
2310 4746 2373 4800 El
2416 4745 2525 4801 τῶν
2576 4742 2784 4798 λαῖκῶν
2830 4739 3237 4810 ἐπιζητούντων
3285 4737 3605 4805 ἐπίσκοπον,
3660 4739 3711 4791 οἱ

2127 4841 2418 4895 ἐπίσκοποι
2439 4836 2925 4907 παρουσιάσουσιν,
2952 4829 3030 4896 εἷς
3053 4832 3109 4886 δέ
3132 4848 3215 4895 τις
3245 4830 3504 4896 ἐλλείποι,
3538 4845 3713 4901 προσ-

2131 4931 2407 4999 καλείσθω
2473 4930 2761 4992 κάκεῖνος”
2836 4928 2885 4981 εί
2933 4926 2991 4979 δὲ
3052 4923 3536 4996 προσκαλούμενος
3587 4922 3717 4976 οὔτε

2128 5024 2386 5097 γράφειν,
2419 5022 2531 5079 οὔτ’
2556 5022 2814 5095 ἐνδημεῖν
2840 5019 3105 5093 βούλοιτο,
3139 5019 3168 5073 ό
3216 5016 3553 5090 ζητούμενος
3602 5032 3714 5088 χειι

2135 5115 2494 5195 ροτονείσθω.⁸

2208 5208 2283 5277 ς’.
2312 5208 2730 5282 Μητροπολίτου
2758 5203 3183 5275 καθισταμένου,
3206 5204 3304 5257 καὶ
3328 5202 3379 5256 οἱ
3408 5200 3718 5273 πλησιόχω·

2135 5321 2219 5376 ροι
2249 5303 2633 5374 μετάπεμπτοι
2648 5297 3000 5354 ἕσονται.Καὶ
3025 5299 3103 5360 είς
3119 5299 3146 5350 ὁ
3165 5296 3356 5368 λήγειν
3376 5295 3484 5369 [Ion
3502 5292 3719 5366 ὀλίγην]

2133 5397 2291 5451 πόλιν
2346 5396 2442 5448 καὶ
2477 5394 2697 5465 κώμην,
2757 5386 2791 5468 ᾖ
2845 5391 2942 5445 καὶ
2997 5385 3079 5453 εἷς
3137 5390 3423 5459 αὐτάρκης
3474 5385 3721 5459 πρεσϐύ-

2134 5506 2317 5562 τερος,
2383 5487 2682 5547 ἐπίσκοπος
2714 5485 2774 5537 οὗ
2808 5484 3158 5537 καθίσταται.
3190 5481 3253 5534 Ei
3287 5480 3343 5533 δὲ
3374 5477 3714 5551 πολυανθρω-

2136 5582 2349 5651 ποτάτη
2372 5581 2584 5650 γένοιτο
2621 5577 2797 5642 πόλις,
2838 5576 2941 5630 οὐκ
2970 5575 3215 5640 ἀνάξιον.

2211 5674 2277 5742 ζ’.
2325 5674 2618 5746 Ὀρφανοῦ,
2647 5674 2742 5727 καὶ
2770 5672 2970 5745 χήρας,
2998 5669 3095 5723 καὶ
3132 5664 3502 5738 ἀπεριστάτου
3530 5660 3724 5735 βιαζο-

2144 5770 2344 5841 μένων,
2375 5769 2455 5831 είς
2488 5765 2765 5838 βοήθειαν,
2794 5759 3202 5831 κατατολμήσει
3232 5757 3532 5815 ἐπίσκοπος
3552 5769 3567 5785 ·
3586 5748 3725 5807 ἀλλᾶ
3818 5826 3819 5829 η

2143 5861 2220 5934 μὴ
2253 5862 2317 5933 τῇ
2353 5858 2578 5931 τοιαύτῃ
2611 5855 2883 5930 προφάσει
2905 5850 3156 5925 διατρίδη
3183 5852 3260 5920 εἰς
3297 5849 3357 5906 τὸ
3405 5844 3722 5918 στρατόπε-
