3868 6460
175 362 286 428 257

1423 352 1758 418 ΕΡΙΤΟΜΕ
1799 355 2187 419 ΟΑΝΟΝΗΜ.

3345 357 3454 424 253

165 478 258 530 δον
278 489 293 502 ·
357 473 498 528 ἀλλά
529 471 735 544 μαλλον
789 469 1038 533 διάκονος
1076 466 1369 523 στέλλοιτο,
1397 468 1524 531 Τοῖς
1550 470 1630 532 εἰς
1655 468 1754 539 τὴν

1898 478 2032 532 etur,
2067 470 2200 540 quin
2225 467 2409 540 potius
2432 465 2698 524 diaconus
2729 466 2998 524 mittatur.
3018 467 3087 524 lis
3110 483 3241 524 vero
3264 470 3358 540 qui
3385 470 3454 525 ad

167 565 467 637 ἐκκλησίαν
497 563 902 635 προσφεύγουσι
935 558 1100 613 παντὶ
1127 557 1302 611 σθένει
1329 557 1644 628 βοηθητέον.

239 665 312 730 η’.
352 657 609 728 Ἀδελφοῦ
647 656 782 728 πρὸς
818 652 1046 730 ἀδελφὸν
1109 651 1562 713 ἀποστέλλοντος,
1594 651 1622 703 ὁ
1655 668 1759 722 μη-

166 729 499 823 τροπολίτης
527 750 620 802 τὸν
645 729 948 802 ἀπόστολον
975 744 1209 814 ίσχυέτω
1229 760 1244 776 ο
1276 742 1369 796 καὶ
1394 743 1596 814 γράφει
1617 743 1757 812 πρὸς

168 845 298 906 τοὺς
327 845 386 896 ἐν
420 837 502 904 οἷς
529 843 560 911 ἡ
592 839 816 905 ἀξίωσις
848 838 1175 904 ἐπισκόπου,
1201 835 1293 890 τοῦ
1335 836 1640 890 ἀποστόλου
1663 837 1758 890 ἀν·

168 933 625 1004 τιλαμόἀνεσθαι.

245 1022 313 1078 θ’.
365 1025 650 1095 Ἀγοραῖος
682 1020 1064 1094 σχολαστικὸς,
1099 1021 1133 1090 ἦ
1160 1019 1438 1084 πλούσιος,
1464 1019 1512 1072 εί
1541 1019 1614 1090 μὴ
1635 1019 1758 1083 τοὺς

175 1116 357 1186 ἱεροὺς
392 1115 577 1186 διέλθῃ
598 1114 864 1184 βαθμοὺς,
889 1114 1187 1174 ἐπίσκοπος
1218 1111 1278 1164 οὐ
1316 1110 1641 1164 καθίσταται
1660 1125 1671 1138 ·
1697 1109 1758 1162 τὸ

172 1205 232 1258 δὲ
260 1205 370 1257 τῶν
398 1203 624 1274 βαθμῶν
653 1203 930 1272 διάστημα
959 1201 1019 1254 οὐ
1073 1201 1193 1253 λίαν
1244 1199 1524 1267 ὀλιγοστόν
1545 1215 1560 1229 ο
1593 1197 1658 1250 δι’
1695 1189 1756 1250 οὗ

175 1297 235 1348 τὸ
268 1296 492 1365 δόκιμον
541 1295 642 1364 τῆς
681 1294 919 1356 πίστεως
967 1309 982 1324 ·
1012 1293 1106 1346 καὶ
1137 1291 1542 1360 καλοκάγαθίας
1593 1288 1757 1344 αὐτοῦ

177 1386 554 1459 δοκιμάζοιτο.
601 1386 658 1440 '0
701 1387 812 1459 γὰρ
847 1388 1072 1458 ἐτερως,
1109 1384 1388 1454 νεόφυτος.

250 1579 306 1626 ι’.
341 1572 404 1627 '0
452 1571 934 1646 προσκαλούμενος
987 1567 1283 1622 ἐπίσκοπον
1340 1567 1398 1634 ἐξ
1433 1567 1754 1634 ἐπισκόπου,

175 1665 272 1719 τοῦ
291 1665 774 1738 προσκαλουμένου
797 1663 1006 1717 ἰδιώτου
1025 1661 1409 1731 τυγχάνοντος,
1431 1661 1507 1731 μὴ
1533 1659 1760 1730 συνεχέ-

179 1775 376 1830 στερον
431 1756 814 1830 δημηγοροίη⁸
851 1755 1042 1826 μῶμος
1094 1754 1205 1824 γὰρ
1237 1753 1333 1806 τοῦ
1382 1752 1618 1818 ἰδιώτου,
1662 1752 1758 1806 καὶ

1865 562 2152 617 ecclesiam
2179 561 2504 633 confugiunt
2541 561 2672 617 totis
2701 562 2916 617 viribus
2941 561 3401 618 succurrendum.

1939 655 1994 710 8.
2033 654 2088 710 Si
2136 654 2306 709 frater
2355 655 2422 710 ad
2462 655 2686 710 fratrem
2741 655 2956 716 mittat,
3001 653 3455 722 metropolitanus

1865 746 2124 801 nuntium
2151 747 2348 802 litteris
2371 747 2484 801 suis
2506 747 2737 810 muniat,
2757 746 3067 816 scribatque
3092 745 3158 800 ad
3180 760 3297 813 eos,
3315 761 3455 816 quos

1865 840 2155 911 episcopus
2187 849 2343 913 rogat
2382 851 2442 896 ut
2472 841 2726 896 nuntium
2749 841 3077 912 suscipiant.

1937 1019 1990 1074 9.
2030 1019 2289 1076 Forensis
2333 1020 2693 1076 scholasticus
2727 1027 2821 1075 aut
2859 1019 3032 1084 dives,
3087 1019 3194 1074 nisi
3227 1035 3325 1090 per
3361 1036 3454 1076 sa-

1864 1126 1987 1167 cros
2015 1113 2236 1168 ordines
2257 1115 2554 1179 transierit,
2595 1129 2705 1168 non
2739 1123 2956 1169 creatur
2988 1113 3457 1183 episcopus.Gra-

1865 1203 2034 1258 duum
2081 1215 2263 1260 autem
2296 1205 2652 1259 interstitium
2693 1221 2762 1258 ne
2805 1205 2972 1260 nimis
3010 1206 3178 1260 breve
3219 1206 3308 1268 sit,
3344 1221 3454 1276 quo

1866 1295 2045 1366 major
2077 1295 2202 1351 ﬁdei
2227 1313 2552 1367 morumque
2586 1297 2874 1367 probitatis
2909 1297 3028 1368 ejus
3066 1299 3316 1368 probatio
3353 1299 3456 1352 ha-

1865 1387 1985 1443 beri
2017 1387 2211 1458 possit.
2246 1387 2348 1454 Qui
2373 1389 2520 1444 enim
2547 1391 2707 1444 aliter
2741 1391 3116 1454 constituitur,
3144 1391 3456 1462 neophytus

1867 1489 1973 1537 est.

1936 1575 2024 1630 1ο.
2067 1574 2366 1645 Episcopus
2407 1575 2476 1630 ab
2523 1575 2780 1646 episcopo
2826 1575 3159 1641 accersitus,
3195 1576 3238 1631 si
3273 1577 3318 1631 is
3359 1575 3453 1647 qui

1865 1670 2097 1724 accersit
2126 1669 2414 1723 imperi-tus
2437 1667 2528 1732 sit,
2550 1684 2618 1722 ne
2638 1668 2800 1723 nimis
2825 1669 3042 1723 assidue
3061 1671 3450 1726 concionetur:

1864 1760 1968 1815 hoc
1997 1759 2143 1815 enim
2177 1760 2430 1830 imperito
2459 1761 2564 1814 erit
2618 1759 2910 1823 dedecori,
2941 1759 3140 1830 illeque
3167 1761 3451 1830 episcopa-

179 1851 452 1925 μνηστεία
476 1853 574 1920 τῆς
605 1847 914 1917 ἐπισκοπῆς
959 1847 1173 1916 ἐκείνῳ,
1203 1848 1299 1899 καὶ
1332 1846 1624 1917 ἀμφότερα
1655 1847 1756 1900 οὐκ

1898 1870 1975 1908 1m
2016 1854 2224 1908 ambire
2254 1853 2548 1916 videbitur,
2583 1867 2648 1906 ac
2691 1862 2920 1922 utraque
2961 1853 3440 1922 reprehendenda.

179 1945 483 2014 ἁμώμητα.
521 1942 793 2012 ’Δνάγκης
823 1941 946 2011 δίχα
987 1938 1235 2010 βαρείας,
1269 1938 1528 2009 δυσχερὲς
1551 1939 1610 1991 τὸ
1638 1939 1760 1991 ἐπι·

179 2033 436 2088 πλεῖστον
464 2033 555 2086 τὸν
587 2033 888 2086 ἐπίσκοπον
925 2031 1024 2100 τῆς
1046 2029 1258 2094 οίκείας
1291 2027 1592 2100 ἐκκλησίας
1619 2029 1759 2086 ἁπο-

178 2126 227 2179 λι
238 2126 579 2196 μπάνεσθαι.

255 2218 348 2274 ια’.
387 2221 719 2284 Ἐπίσκοπος
751 2221 974 2290 κτήσεις
1031 2218 1374 2291 κεκτημένος
1410 2214 1760 2287 ὑπερορίους,

178 2313 229 2366 εί
252 2312 440 2384 μέλλει
469 2312 694 2377 ταύταις
751 2314 905 2377 ίέναι,
933 2313 1229 2383 χρονιζέτω
1254 2313 1330 2382 μὴ
1363 2309 1523 2362 πλέον
1550 2310 1764 2380 Κυρια-

179 2403 298 2458 κῶν
331 2405 499 2476 τριῶν
529 2405 915 2477 διαστήματος.
953 2404 1112 2459 Οὕτω
1143 2405 1252 2476 γάρ
1283 2406 1316 2475 η
1349 2403 1526 2456 οἰκεία
1571 2402 1760 2456 τοῦτον

182 2497 392 2569 ποίμνη
424 2497 887 2570 καταπλουτὴσει,
944 2498 1042 2551 καὶ
1086 2495 1250 2561 αὐτὸς
1305 2495 1509 2566 ἄτυφος
1567 2492 1761 2564 διαμέ-

180 2606 348 2646 νοιτο.

257 2681 346 2754 ιβ’.
391 2682 451 2738 '0
480 2682 569 2738 τὸν
596 2681 961 2754 ἀκοινώνητον
985 2680 1210 2736 ἄλλοθεν
1238 2674 1523 2742 κοινωνίοῖς
1572 2677 1760 2744 ἀξιῶν,

191 2777 338 2848 μετά
360 2775 566 2845 γνῶσιν
595 2777 697 2830 οὐκ
728 2775 1041 2838 ἀνεύθυνος.

256 2871 346 2942 ιγ’.
399 2873 460 2927 '0
496 2873 626 2943 παρ’
658 2870 915 2942 ὀξυχόλου
942 2867 1275 2939 κατάκριτος
1298 2854 1620 2938 ἐπικουρίας
1644 2864 1760 2918 δεό-

187 2985 375 3034 μενος,
427 2969 530 3021 ούκ
583 2967 938 3030 ἀνάκουστος.
992 2965 1157 3036 ’Ἄχρι
1205 2963 1265 3017 δέ
1295 2963 1396 3032 τῆς
1437 2962 1760 3032 ἐπικουρίας

181 3061 388 3133 δηλαδὴ
411 3059 800 3131 ἀκοινώνητος.

257 3150 338 3206 ιδ’.
379 3152 483 3204 Τὸν
513 3150 797 3222 ἀλλότριον
840 3148 1145 3221 ὑπηρέτην,
1185 3147 1468 3218 ἀλλότριος
1502 3146 1626 3218 δίχα
1662 3145 1763 3216 τῆς

181 3245 400 3299 ἐκείνου
414 3243 640 3316 γνώμης
663 3242 838 3315 ἐμδαθ
847 3260 945 3314 μον
960 3240 1246 3307 καθιστὰς,
1264 3240 1614 3310 καθίστησιν,
1641 3238 1760 3294 ἀλλ’

182 3338 468 3395 ἀϐέϐαιον.

261 3440 345 3490 ιε’.
369 3435 434 3489 οἱ
451 3433 543 3487 ἐπὶ
564 3433 663 3503 τῆς
679 3431 790 3487 τῶν
809 3431 1125 3485 ἐπισκόπων
1151 3427 1483 3502 βραδύτητος
1511 3427 1651 3498 ὅροι,
1667 3424 1765 3478 καὶ

184 3526 283 3580 ἐπὶ
311 3525 706 3599 πρεσϐυτέρων
739 3524 835 3577 καὶ
855 3523 1121 3578 διακόνων
1157 3523 1342 3593 ἔχουσι
1365 3520 1622 3589 δύναμιν.

268 3617 357 3685 ις’.
407 3619 638 3682 ’Δδίκως
682 3619 980 3681 ἐπίσκοπος
1021 3616 1403 3686 ἐλαυνόμενος,
1458 3614 1509 3665 εἰ
1549 3611 1645 3666 ἐπὶ
1665 3609 1766 3682 τὴν

185 3711 477 3785 ἀλλοτρίαν
524 3712 724 3780 διάγοι,
755 3711 994 3778 δεκτέος,
1024 3710 1129 3774 ἕως
1163 3710 1261 3781 τὴν
1292 3707 1450 3780 ὓϐριν
1479 3705 1768 3762 ἐπανασώ-

188 3822 218 3857 σ
221 3821 333 3858 οιτο
339 3844 356 3859 ο

261 3895 350 3960 ιζ’.
384 3895 646 3961 Ἀδεκτος
689 3897 718 3949 ὁ
743 3895 1023 3967 κληρικὸς,
1059 3896 1086 3949 ὁ
1118 3895 1193 3967 μὴ
1231 3893 1402 3949 τελῶν
1435 3895 1516 3958 είς
1546 3893 1646 3964 τὴν
1676 3893 1770 3946 ἐκ-

190 3987 426 4059 κλησίαν
469 3989 525 4040 ἐν
640 3988 1006 4060 κεκλήρωται.
1061 3988 1396 4059 Εύτυχιανὸς
1450 3987 1638 4058 μέντοι
1673 3987 1769 4040 καὶ

188 4082 465 4144 Μουσαῖος
502 4083 806 4136 ἐπισκόπου
848 4083 1042 4154 κλῆσιν
1072 4083 1172 4135 οὐκ
1200 4081 1602 4152 ἐκδικησουσιν.
1637 4082 1768 4135 Κοι-

192 4175 424 4237 νωνικάς
464 4173 578 4246 lla.
611 4175 924 4247 κοινωνίας]
955 4176 1136 4246 μέντοι
1167 4175 1312 4228 κατά
1351 4176 1480 4239 τοὺς
1511 4175 1759 4241 λαῖκοὺς,

190 4273 286 4325 ἐάν
321 4269 608 4334 ἐθέλωσιν,
636 4268 1034 4333 ἐπιτεύξονται.

260 4361 354 4435 ιη’.
400 4362 462 4416 Ὃ
489 4362 560 4415 τά
591 4362 772 4426 καλῶς
796 4363 892 4415 καὶ
913 4361 1221 4434 θεαρέστως
1252 4358 1590 4429 ἐνηνεγμένα
1613 4358 1770 4429 τύφῳ

195 4457 612 4529 παραπλεῦσαι
671 4456 1040 4528 πειρώμενος,
1077 4455 1178 4508 οὐκ
1211 4455 1544 4516 ἐπίσκοπος’
1581 4453 1774 4506 τεθεα-

1864 1945 1995 2000 Sine
2027 1945 2174 2018 gravi
2217 1943 2547 2000 necessitate
2584 1943 2892 1999 diutissime
2927 1944 3247 2014 episcopum
3281 1960 3310 1999 a
3352 1958 3451 2000 sua

1864 2036 2058 2092 abesse
2095 2035 2350 2102 ecclesia,
2380 2035 2663 2105 indignum
2695 2043 2800 2089 est.

1939 2221 2024 2276 11.
2065 2219 2370 2289 EpiscOpns
2424 2219 2517 2289 qui
2568 2218 2945 2288 possessiones
2998 2230 3148 2275 extra
3198 2218 3454 2276 dioecesis

1867 2326 1982 2366 sua:
2018 2310 2220 2364 limites
2248 2309 2433 2373 habet,
2466 2308 2512 2362 si
2545 2323 2639 2362 eas
2673 2308 2742 2362 sit
2781 2309 3078 2374 invisurus,
3114 2325 3184 2364 ne
3215 2310 3454 2381 amplius

1865 2419 2026 2474 quam
2063 2411 2173 2456 tres
2199 2401 2508 2455 Dominicas
2533 2410 2798 2454 moretur.
2828 2399 2920 2456 Sic
2949 2403 3096 2455 enim
3127 2402 3300 2472 ipsius
3322 2417 3452 2475 grex

1867 2513 1932 2552 eo
1963 2496 2196 2561 fruetur,
2229 2494 2452 2564 ipseque
2483 2493 2654 2548 fastus
2689 2492 3002 2563 suspicione
3034 2493 3259 2548 carebit.

1940 2681 2027 2736 12.
2069 2679 2171 2748 Qui
2219 2679 2746 2736 excommunicatum
2791 2678 2861 2733 ab
2902 2679 3012 2734 alio
3066 2679 3455 2737 communione

1867 2772 2144 2845 dignatur,
2173 2787 2232 2827 re
2255 2772 2474 2842 cognita
2512 2786 2622 2825 non
2652 2779 2735 2825 est
2765 2769 2972 2824 insons.

1941 2867 2029 2921 15.
2063 2865 2146 2920 Ab
2178 2864 2440 2920 iracundo
2465 2863 2862 2919 condemnatus
2885 2862 2930 2919 si
2963 2862 3168 2917 auxilio
3193 2863 3453 2936 indigeat,

1868 2956 2172 3012 audiendus
2203 2967 2305 3012 est.
2335 2955 2634 3027 Quousque
2659 2971 2790 3012 vero
2818 2955 3079 3010 auxilium
3123 2955 3456 3027 impetrave-

1867 3049 1956 3116 rit,
1989 3047 2498 3104 excommunicatus
2530 3056 2772 3102 maneat.

1937 3141 2025 3195 H.
2064 3141 2318 3194 Alienum
2353 3139 2666 3194 ministrum
2715 3140 2760 3196 si
2818 3139 2941 3211 quis
2980 3139 3118 3195 citra
3153 3138 3300 3195 illius
3334 3137 3456 3210 epi-

1868 3231 2018 3302 scopi
2040 3245 2370 3286 consensum
2395 3231 2450 3285 in
2479 3229 2663 3300 aliquo
2705 3231 2874 3302 gradu
2906 3232 3224 3299 constituat,
3249 3229 3458 3285 constip-

1871 3323 1974 3378 tnit
1999 3323 2246 3393 quidem,
2272 3323 2368 3378 sed
2399 3322 2674 3377 ordinatio
2704 3322 2944 3377 invalida
2973 3330 3074 3378 est.

1946 3414 2031 3469 15.
2073 3414 2150 3469 Ea
2190 3431 2310 3485 quae
2344 3415 2411 3470 de
2450 3415 2680 3486 longiori
2713 3415 3097 3485 episcoporum
3138 3428 3292 3468 mora
3324 3411 3462 3469 deii-

1870 3505 1984 3561 nita
2011 3513 2158 3570 sunt,
2191 3507 2244 3560 in
2276 3506 2603 3577 presbyteris
2633 3514 2687 3561 et
2706 3507 2953 3561 diaconis
2986 3505 3097 3560 vim
3136 3504 3366 3560 habent.

1944 3597 2031 3651 16.
2075 3597 2379 3668 Episcopus
2417 3597 2620 3666 injuste
2651 3597 2933 3667 expulsus,
2962 3596 3008 3652 si
3049 3596 3105 3650 in
3139 3595 3318 3651 aliena
3363 3609 3458 3650 ec-

1872 3691 2035 3747 clesia
2061 3692 2240 3762 degat,
2273 3691 2662 3761 suscipiendus
2684 3698 2787 3756 est,
2818 3691 2994 3746 donec
3032 3688 3346 3761 propulsata
3370 3689 3457 3743 in-

1868 3783 2013 3855 juria
2045 3783 2274 3854 pristino
2303 3784 2468 3839 statui
2498 3785 2784 3839 restitutus
2811 3784 2901 3838 sit.

1945 3876 2032 3930 17.
2063 3874 2307 3930 Clericus
2338 3890 2448 3930 non
2479 3875 2684 3946 degens
2717 3875 2773 3929 in
2809 3874 3039 3929 ecclesia
3071 3874 3125 3928 in
3159 3890 3265 3944 qua
3312 3877 3462 3932 ordi-

1870 3977 2032 4024 natus
2061 3978 2164 4034 est,
2193 3983 2300 4023 non
2341 3976 2426 4023 est
2465 3967 2830 4038 recipiendus.
2863 3965 3236 4038 Eutychianus
3273 3976 3458 4026 tamen

1872 4076 1928 4123 et
1956 4067 2189 4122 Musaeus
2213 4046 2456 4137 episcopi
2489 4064 2908 4135 appellationem
2940 4078 3050 4116 non
3075 4063 3181 4118 sibi
3220 4064 3466 4122 vindica-

1875 4164 2016 4219 bunt
2049 4179 2062 4217 :
2096 4162 2538 4219 communionem
2568 4175 2702 4217 vero
2727 4173 2852 4213 cum
2898 4156 3073 4224 laicis,
3117 4158 3164 4214 si
3195 4161 3468 4218 voluerint

1875 4262 2304 4325 consequentur.

1952 4348 2038 4403 18.
2081 4346 2338 4416 Quisquis
2354 4361 2417 4401 ea
2447 4361 2568 4416 qua;
2596 4355 2745 4400 recte
2773 4355 2912 4401 etex
2942 4347 3130 4404 divino
3150 4345 3469 4417 praescripto

1880 4443 2024 4499 edita
2039 4449 2188 4506 sunt,
2219 4456 2315 4509 per
2342 4439 2707 4507 arrogantiam
2743 4439 3069 4495 labefactare
3087 4448 3334 4502 conatur,
3359 4453 3468 4492 non

195 4552 355 4622 μένος
383 4550 441 4605 δέ
475 4550 775 4612 ἐπίσκοπος
804 4547 1103 4601 ἐπίσκοπον
1127 4547 1430 4619 ἐρχόμενον
1459 4547 1517 4599 ἐν
1547 4563 1761 4616 στρατο-

1898 4544 1965 4589 :st
2005 4533 2318 4603 cpiscopus.
2377 4530 2682 4600 Episcopus
2718 4529 2763 4584 si
2808 4531 3007 4586 viderit
3046 4531 3366 4601 episc0pum
3400 4529 3468 4584 ad

192 4643 362 4713 πέδῳ.
396 4639 654 4712 ἐμποδὼν
710 4641 784 4710 μὴ
816 4639 1073 4708 γινέσθω,
1127 4639 1176 4691 εί
1215 4639 1369 4710 γνοίη
1419 4636 1562 4692 κατά
1594 4635 1773 4689 τιτῶν

195 4735 614 4805 προειρημένων
632 4732 928 4804 ἐρχόμενον
947 4747 962 4763 ·
986 4733 1036 4786 εί
1055 4731 1098 4785 δ’
1127 4731 1327 4798 άλλως,
1345 4729 1771 4802 προαννελλέτω

192 4829 254 4882 τὸ
291 4826 686 4898 ἀκοινώνητον.

206 5014 486 5086 Ἐπιτομὴ
511 5015 786 5068 κανόνων
810 5011 1024 5136 τῶνέέν
1054 5009 1295 5080 Γάγγρᾳ
1317 5009 1622 5080 μακαρίων
1655 5012 1776 5063 Πα-

884 5099 915 5135 τ
949 5099 1090 5136 οων.

884 5099 1090 5151 τερων.

265 5187 334 5234 α’.
369 5178 462 5250 Τῷ
504 5176 792 5232 ἀθετοῦντι
821 5177 912 5230 τὸν
944 5178 1176 5248 νόμιμον
1207 5175 1412 5247 γάμον,
1451 5175 1544 5228 καὶ
1570 5174 1650 5245 τῷ
1679 5191 1780 5228 κα·

198 5271 510 5342 τακρίνοντι
539 5271 632 5324 τὸν
668 5268 1103 5340 κρεοφαγοῦντα,
1137 5269 1263 5338 δίχα
1304 5266 1533 5322 πνικτοῦ
1570 5268 1665 5320 καὶ
1695 5266 1775 5318 εξ-

199 5363 518 5428 δωλοθύτου,
551 5361 822 5432 ἀνάθεμα.

270 5453 335 5526 β’.
366 5455 462 5527 Τῷ
495 5455 741 5508 πείθοντι
791 5454 979 5509 δοῦλον
1009 5455 1314 5526 ἀναχωρεῖν
1341 5453 1434 5508 τοῦ
1483 5452 1770 5518 δεσπότου,

202 5547 517 5610 θεοσεϐείας
568 5549 866 5616 προφάσει,
926 5549 1022 5602 καὶ
1052 5548 1128 5620 τῷ
1181 5548 1582 5620 διακρινομένῳ
1616 5564 1780 5616 μετα-

201 5639 504 5712 λαμϐάνειν
537 5639 648 5694 ἀπὸ
677 5638 1070 5712 πρεσϐυτέρων
1126 5639 1474 5710 ύπογυναίων
1504 5639 1778 5710 ἀνάθεμα.

268 5838 338 5905 γ’.
372 5832 436 5888 ὐ
461 5831 555 5890 τὸν
591 5831 737 5889 θετον
767 5829 914 5888 οἷκον
957 5833 1438 5904 εὐκαταφρόνητον
1471 5831 1776 5904 ὀνομάζων,

1886 4625 2064 4678 aulam
2088 4621 2352 4693 principis
2382 4629 2625 4687 euntem,
2661 4635 2730 4675 ne
2752 4620 2824 4674 sit
2848 4620 2897 4673 ei
2939 4620 3349 4690 impedimento,
3393 4619 3472 4674 si-

1883 4717 2103 4787 quidem
2133 4717 2448 4786 cognoverit
2472 4729 2597 4768 eum
2627 4713 2696 4768 ob
2721 4713 2924 4783 aliquid
2953 4729 3144 4768 eorum
3175 4728 3296 4783 qua:
3327 4728 3461 4783 prmo

1885 4810 2030 4866 dicta
2068 4818 2217 4874 sunt,
2244 4807 2538 4879 proficisci.
2563 4805 2620 4861 Si
2639 4820 2816 4873 secus,
2851 4803 3469 4862 excommunicationem

1885 4903 1937 4958 ei
1966 4902 2275 4957 denuntiet.

1888 5017 2129 5091 Epitome
2153 5034 2413 5072 canonum
2438 5025 2742 5072 sanctorum
2760 5015 2986 5070 Patrum
3013 5013 3070 5067 in
3099 5012 3313 5084 Gangra
3348 5029 3472 5069 con-

2507 5098 2866 5159 gregatorum.

1959 5184 2014 5236 1.
2065 5181 2398 5253 lmprobanti
2422 5181 2720 5251 legitimum
2767 5180 3174 5236 matrimonium
3197 5217 3212 5242 ,
3237 5178 3309 5232 'et
3341 5191 3473 5232 con-

1889 5275 2167 5331 demnanti
2200 5288 2395 5328 carnes
2461 5273 2910 5340 manducantem,
2968 5273 3175 5343 absqtte
3208 5269 3473 5326 suﬂ'ocato

1887 5376 1942 5424 et
1971 5365 2291 5436 itlolothyto,
2322 5366 2630 5420 anathema.

1957 5460 2014 5514 2.
2051 5458 2108 5513 Ei
2151 5457 2243 5527 qui
2275 5472 2436 5513 servo
2473 5458 2770 5528 persuadet
2800 5467 2859 5514 ut
2889 5473 2920 5512 a
2957 5457 3180 5514 domino
3218 5455 3471 5523 recedat,

1891 5555 2106 5627 pietatis
2135 5562 2402 5624 praetextu
2422 5594 2437 5618 ,
2467 5563 2630 5625 atque
2663 5555 2714 5609 ei
2746 5554 2839 5624 qui
2875 5553 3088 5609 dubitat
3129 5548 3474 5607 communio-

1890 5663 2015 5702 nem
2041 5663 2070 5701 a
2095 5646 2428 5717 presbyteris
2451 5647 2801 5702 matrimonio
2823 5644 3032 5716 junctis
3057 5642 3326 5713 accipere,
3347 5653 3474 5694 ana-

1893 5741 2096 5797 thema.

1961 5830 2017 5885 3.
2054 5827 2160 5894 Qui
2201 5828 2296 5886 Dei
2327 5829 2549 5888 domum
2585 5825 3049 5899 contemptibilem
3086 5835 3207 5881 esse
3240 5817 3391 5886 dicit,
3420 5826 3473 5873 et
