3868 6470
393 349 499 410 250

1482 333 1781 398 SYMEON
1790 335 1862 396 IS
1873 393 1886 402 ,
1900 334 2481 397 ΜΕΤᾹΡΗΒΑΞΤᾹΞ

3536 331 3649 398 260

393 462 485 534 qui
510 459 761 532 privatim
783 454 1178 515 ecclesiasticos
1202 459 1504 512 conventus
1523 454 1706 520 habet,
1741 468 1804 508 ac
1837 468 1969 524 prae-

2100 453 2172 507 ιαὶ
2193 455 2220 508 6
2255 451 2635 524 ἐκκλησιάζων
2669 449 2794 522 ἰδίᾳ,
2824 448 2922 504 καὶ
2977 447 3130 520 παρά
3158 447 3384 522 γνώμην
3427 448 3653 504 ἐπισκό-

397 563 483 609 ter
505 550 743 622 episcopi
774 557 868 605 aut
893 548 1192 620 presbyteri
1220 546 1542 604 sententiam
1569 546 1824 602 Ecclesia:
1851 561 1972 601 mu-

395 645 486 700 nia
516 645 654 707 obit,
682 643 752 698 sit
777 642 1086 696 anathema.

465 736 518 790 4.
549 733 804 802 Quisquis
839 733 932 787 dat
965 740 1059 786 aut
1098 729 1294 800 accipit
1339 728 1616 784 fructuum
1658 727 1970 783 oblationes

396 836 544 884 extra
571 826 879 891 ecclesiam,
918 841 980 880 ac
1013 832 1210 894 prmtcr
1241 822 1568 878 sententiam
1608 821 1852 891 episcOpi
1877 830 1973 876 aut

396 918 718 990 presbyteri,
752 917 1061 972 anathema.

469 1011 522 1066 5.
558 1009 663 1076 Qui
698 1025 808 1064 non
845 1007 1146 1063 honestatis
1184 1021 1348 1062 causa
1388 1004 1752 1076 virginitatem
1793 1002 1920 1059 colit
1957 1041 1972 1066 ,

399 1105 494 1159 sed
518 1118 584 1157 eo
616 1101 760 1172 quod
789 1101 1006 1170 nuptias
1044 1098 1407 1161 abominetur,
1437 1105 1532 1150 aut
1571 1097 1733 1151 etiam
1778 1094 1832 1148 in
1877 1107 1973 1147 eos

397 1195 492 1264 qui
521 1193 866 1249 matrimonio
900 1192 1075 1264 juncti
1114 1199 1244 1246 sunt
1281 1205 1404 1245 sese
1444 1188 1685 1254 extollat,
1721 1188 1790 1242 sit
1835 1202 1971 1241 ana-

403 1287 608 1342 thema.

472 1379 522 1434 6.
562 1378 664 1444 Qui
705 1377 912 1446 spernit
956 1391 1050 1431 eos
1077 1375 1170 1446 qui
1199 1376 1265 1431 ad
1296 1391 1492 1447 agapas
1528 1382 1744 1438 vocant,
1791 1381 1844 1427 et
1880 1371 1972 1442 qui

399 1481 623 1525 vocatus
653 1486 777 1525 cum
820 1469 902 1523 his
946 1485 1055 1522 non
1097 1469 1462 1522 communicat
1496 1484 1508 1520 :
1539 1467 1666 1521 item
1703 1465 1793 1535 qui
1826 1480 1974 1518 con-

401 1562 629 1632 temptui
673 1563 836 1616 habet
863 1576 956 1615 eos
981 1561 1070 1630 qui
1103 1560 1250 1615 biros
1280 1568 1493 1630 gestant
1516 1577 1527 1611 :
1548 1574 1610 1611 ac
1633 1571 1972 1627 quaacunque

399 1654 654 1708 mulieres
681 1655 920 1707 virorum
951 1652 1250 1705 abutuntur
1285 1651 1646 1712 vestimentis,
1675 1664 1906 1718 qumque
1941 1667 1972 1705 a

398 1745 529 1800 viris
567 1751 885 1814 separantur
927 1759 992 1797 eo
1029 1743 1173 1812 quod
1211 1743 1616 1796 matrimonium
1655 1741 1968 1795 fastitﬁant:

398 1837 534 1892 item
561 1839 653 1907 qui
687 1838 888 1891 liberos
923 1835 1257 1906 relinquunt,
1277 1850 1340 1889 ac
1361 1850 1471 1889 non
1499 1833 1566 1888 ad
1596 1833 1850 1902 pietatem
1875 1848 1969 1887 eos
2007 1819 2046 1872 Β

396 1933 694 1994 instruunt,
732 1945 834 1984 nec
866 1944 976 1984 non
1006 1929 1166 1983 liberi
1197 1928 1287 1998 qui
1315 1943 1347 1982 a
1380 1925 1700 1999 parentibus
1735 1925 1970 1980 inﬁdeli-

395 2020 500 2075 bus
525 2019 829 2083 discedunt,
859 2019 1170 2072 anathema.

466 2113 521 2166 7.
562 2113 911 2180 Quaecunque
948 2112 1207 2165 mulieres
1234 2125 1416 2166 comas
1448 2111 1672 2166 tondent
1713 2111 1970 2182 pietatem

395 2204 756 2259 simulantes:
789 2213 846 2257 et
885 2204 977 2272 qui
1012 2203 1294 2257 Dominica
1333 2203 1454 2257 cibo
1489 2204 1742 2270 abstinet,
1791 2219 1854 2260 ac
1887 2203 1972 2272 je-

392 2299 545 2370 junia
577 2299 835 2355 Ecclesia:
854 2299 1089 2355 evertit:
1127 2313 1341 2352 necnon
1382 2299 1628 2368 quisquis
1668 2309 1972 2354 conventus

396 2393 488 2462 qui
518 2393 588 2448 ad
629 2402 927 2463 martyrum
948 2392 1096 2447 aedes
1124 2389 1264 2445 ﬁunt
1290 2391 1542 2461 despicit,
1566 2391 1874 2446 anathema.

630 2543 872 2613 Epitome
892 2561 1150 2599 canonum
1176 2544 1363 2615 synodi
1391 2543 1744 2599 Antiocheam.

465 2769 519 2822 l.
550 2766 653 2834 Qui
681 2765 888 2838 legibus
913 2766 1177 2821 sancitam
1221 2765 1441 2820 Pascha:
1473 2766 1818 2822 traditionem
1849 2783 1970 2822 mu-

396 2869 509 2916 tare
540 2868 789 2924 conatur,
819 2858 1084 2928 siquidem
1109 2858 1279 2912 laicus
1305 2859 1397 2924 sit,
1423 2859 1712 2928 ejiciatur:
1738 2860 1970 2915 clericus

395 2969 524 3008 vero
557 2953 626 3006 ab
654 2953 896 3006 Ecclesia
925 2961 1193 3006 arceatur.

464 3044 521 3097 2.
561 3043 665 3108 Qui
705 3043 992 3097 ecclesiam
1040 3042 1320 3114 ingressus
1363 3058 1574 3098 sacram
1629 3042 1964 3115 Scripturam

395 3142 602 3188 attente
644 3133 830 3192 audit.
873 3132 1069 3186 deinde
1109 3148 1364 3202 egressus
1406 3133 1635 3204 despicit
1666 3145 1973 3190 aversatur-

393 3242 502 3296 que
521 3226 984 3285 communionem,
1022 3226 1323 3294 ejiciendus
1346 3235 1448 3283 est.

463 3320 516 3373 '5.
559 3317 660 3384 Qui
686 3333 808 3372 cum
831 3319 1305 3374 excommunicato
1325 3319 1713 3387 communicat,
1747 3336 1970 3376 excom-

393 3410 704 3465 municatus
731 3420 986 3466 censetur
1015 3427 1028 3463 :
1057 3419 1114 3464 et
1135 3410 1226 3478 qui
1270 3417 1390 3464 orat
1429 3426 1553 3464 cum
1593 3410 1659 3465 iis
1706 3411 1798 3480 qui
1847 3427 1971 3466 cum

391 3499 630 3555 Ecclesia
660 3516 765 3554 non
794 3508 973 3561 orant,
1009 3515 1136 3555 reus
1164 3508 1266 3555 est.
1297 3499 1430 3554 Item
1461 3500 1551 3569 qui
1584 3501 1812 3570 suscipit
1843 3516 1970 3554 eum

390 3594 481 3664 qui
526 3593 783 3649 Ecclesia:
823 3593 1184 3649 conventibus
1214 3607 1326 3647 non
1377 3591 1622 3658 interest,
1665 3593 1823 3662 culpa
1858 3607 1967 3646 non

389 3697 558 3743 caret.

459 3781 514 3835 4.
549 3781 850 3850 Episcopus
872 3796 900 3834 a
931 3782 1139 3852 synodo
1167 3781 1468 3852 depositus,
1503 3795 1567 3835 ac
1605 3781 1892 3852 presbyter
1915 3788 1970 3834 et

391 3869 656 3924 diaconus
686 3869 754 3922 ab
783 3869 1042 3939 episcopo
1069 3871 1237 3941 gradu
1263 3881 1461 3935 motus,
1486 3871 1531 3925 si
1567 3887 1665 3941 per
1689 3881 1970 3925 contuma-

389 3959 529 4012 ciam
566 3975 769 4014 munus
795 3960 976 4023 obeat,
1005 3960 1296 4028 deploratze
1326 3963 1442 4030 spei
1473 3971 1579 4016 est.

462 4053 512 4106 5.
552 4053 740 4106 Omnis
769 4054 1047 4125 presbyter
1078 4061 1172 4107 aut
1201 4054 1465 4109 diaconus
1491 4054 1808 4124 episcopum
1835 4071 1972 4110 con-

391 4151 666 4210 temnens,
705 4153 760 4198 et
788 4145 948 4200 abeo
999 4146 1282 4212 recedens,
1335 4146 1590 4217 aliudque
1650 4147 1823 4201 altare
1879 4163 1973 4201 ex—

394 4246 635 4301 struens,
664 4238 710 4291 si
737 4240 804 4292 ab
834 4239 1090 4309 episcopo
1116 4241 1200 4296 bis
1219 4250 1408 4310 terque
1427 4241 1724 4296 accersitus
1750 4241 1802 4294 in
1822 4257 1974 4296 arro-

391 4329 571 4398 gantia
610 4330 884 4398 persistat,
913 4332 1239 4402 deponatur,
1263 4333 1563 4389 curationis
1595 4349 1692 4405 spe
1730 4335 1970 4389 destitu-

393 4429 499 4475 tus.

461 4514 513 4568 6.
548 4514 1094 4572 Excommunicatum
1145 4517 1216 4574 ab
1268 4519 1527 4590 episcopo
1573 4519 1830 4575 clericum
1875 4529 1970 4573 aut
2003 4535 2047 4590 υ

392 4606 612 4673 laicum,
647 4607 692 4664 si
735 4609 909 4679 major
942 4610 1184 4680 synodus
1223 4611 1549 4682 susceperit,
1580 4621 1677 4666 aut
1710 4611 1971 4667 condem-

390 4696 620 4761 naverit,
653 4698 998 4767 acquiescere
1024 4708 1240 4768 oportet
1263 4701 1579 4756 sententiae.

463 4786 515 4838 7.
551 4786 880 4858 Peregrinus
898 4790 1151 4860 paciﬁcas
1170 4806 1279 4845 non
1299 4789 1536 4846 aﬂerens
1559 4789 1840 4862 epistolas,
1855 4805 1967 4846 non

390 4885 478 4933 est
506 4879 908 4948 suscipiendus.

462 4969 513 5024 8.
565 4969 852 5042 Presbyter
897 4973 1010 5027 ruri
1052 4972 1256 5045 degens
1285 4989 1356 5029 ne
1385 4973 1674 5031 canonicas
1711 4975 1803 5030 det
1849 4978 1968 5047 epi-

391 5062 576 5127 stolas,
610 5063 711 5118 nisi
743 5063 807 5118 ad
842 5065 1014 5119 solum
1043 5065 1282 5121 vicinum
1312 5069 1647 5136 episcopum.

403 5209 408 5214 ,
459 5151 512 5208 9.
542 5154 587 5208 A
615 5155 1018 5225 metropolitani
1045 5159 1319 5211 sententia
1340 5158 1579 5226 pendere
1605 5169 1819 5228 oportet
1847 5161 1966 5232 epi-

390 5259 624 5314 scopos,
669 5245 915 5314 nihilque
949 5248 1097 5314 ,citra
1147 5246 1292 5302 illius
1335 5248 1624 5304 consilium
1660 5243 1964 5318 instituere,

390 5339 495 5392 nisi
525 5354 589 5392 ea
613 5341 726 5392 sola
750 5354 871 5407 qua:
896 5339 962 5393 ad
992 5355 1145 5394 suam
1177 5339 1447 5411 cujusque
1472 5342 1752 5398 dimcesim
1791 5349 1964 5414 perti-

390 5440 557 5493 nent,
602 5446 666 5485 ac
713 5430 842 5487 viris
880 5432 1294 5504 reprehensioni
1330 5450 1440 5491 non
1485 5436 1734 5493 obnoxiis
1772 5454 1966 5494 manus

389 5525 689 5594 imponere.

461 5617 547 5669 t0.
583 5616 909 5687 Exorcistas,
937 5621 1186 5687 lectores,
1225 5623 1606 5694 subdiaconos,
1631 5635 1686 5682 et
1717 5638 1967 5683 cantores

386 5707 672 5763 constituit
701 5711 1124 5782 chorepiscopus
1168 5729 1317 5768 :non
1361 5725 1541 5772 tamen
1586 5721 1964 5790 presbyterum

387 5807 480 5852 aut
506 5800 796 5860 diaconum
825 5807 1032 5878 absque
1059 5807 1297 5868 civitatis
1319 5811 1580 5883 episcopo
1614 5830 1625 5867 :
1659 5813 1750 5883 qui
1781 5822 1960 5869 autem

2077 564 2180 600 που
2215 548 2247 619 ἢ
2283 546 2657 618 πρεσϐυτέρου
2697 543 2767 598 τά
2812 542 2914 614 τῆς
2951 542 3282 612 Ἐκκλησίας
3316 542 3506 610 τελῶν,
3558 543 3652 614 εἴη

2073 639 2346 710 ἀνάθεμα.

2145 732 2209 786 δ’.
2256 734 2317 786 ’0
2367 732 2545 796 διδοὺς
2598 729 2962 804 ⁴ηλαμὸάνων
2992 729 3374 800 καρποφορίας
3417 726 3524 794 ἔξω
3548 721 3652 798 τῆς

2073 825 2395 896 ἐκκλησίας,
2425 825 2522 877 καὶ
2555 824 2704 897 παρά
2737 823 2962 894 γνώμην
2988 821 3290 876 ἐπισκόπου
3328 821 3364 892 ἢ
3405 820 3653 890 πρεσϐυ-

2075 919 2263 989 τέρου,
2292 916 2562 987 ἀνάθεμα.

2149 1007 2210 1064 ε’.
2249 1008 2308 1062 '0
2333 1008 2408 1079 μὴ
2430 1009 2517 1062 διά
2541 1009 2602 1060 τδ
2631 1007 2794 1061 καλὸν
2825 1005 3199 1077 παρθενεύων,
3221 1005 3356 1059 ἀλλά
3376 1004 3468 1058 διὰ
3485 1009 3542 1056 τδ
3559 1003 3652 1058 τδν

2076 1107 2254 1176 γάμον
2305 1103 2716 1174 βδελύσσεσθαι,
2745 1102 2778 1174 ἢ
2815 1100 3252 1173 κατεπαίρεσθαι
3271 1099 3379 1153 τῶν
3403 1098 3650 1170 γαμούν-

2077 1216 2206 1265 των,
2237 1197 2324 1266 εἴη
2350 1195 2622 1266 ἀνάθεμα.

2154 1381 2226 1448 ς’.
2273 1383 2330 1436 '0
2384 1382 2510 1445 τοὺς
2549 1379 2849 1444 καλοῦντας
2901 1380 2980 1444 είς
3035 1378 3258 1450 ἀγάπην
3287 1378 3520 1446 ἀθετῶν,
3551 1381 3648 1434 καὶ

2078 1475 2285 1527 τούτων
2324 1474 2384 1527 οὐ
2427 1472 2697 1526 κοινωνῶν
2727 1471 3093 1542 κεκλημένος’
3129 1471 3224 1524 καὶ
3282 1473 3311 1524 6
3368 1471 3648 1540 φαυλίζων

2075 1567 2201 1629 τοὺς
2233 1565 2532 1636 φοροῦντας
2554 1566 2678 1628 τοὺς
2705 1564 2766 1634 βῆ
2778 1581 2898 1634 ρους
2920 1578 2938 1596 ’
2961 1564 3055 1618 καὶ
3084 1565 3204 1617 ὅσαι
3231 1563 3504 1631 γυναικῶν
3523 1562 3653 1634 [γυ-

2076 1657 2282 1729 ναῖκες]
2313 1657 2522 1728 ἀνδρῶν
2559 1656 2946 1726 ὑποκρίνονται
2977 1656 3238 1726 ίματίοις,
3263 1656 3356 1708 καὶ
3389 1655 3516 1708 ὅσαι
3537 1653 3652 1707 τῶν

2077 1743 2288 1815 ἀνδρῶν
2318 1744 2720 1813 διαζεύγυνται,
2741 1743 3162 1815 βδελυσσόμεναι
3192 1744 3286 1798 τὸν
3313 1745 3513 1816 γάμον,
3551 1744 3652 1798 καὶ

2075 1837 2124 1889 οἱ
2155 1837 2226 1890 τά
2253 1837 2420 1890 τέκνα
2456 1837 2988 1907 καταλιμπάνοντες,
3017 1839 3114 1890 καὶ
3143 1837 3267 1909 οὐχὶ
3292 1836 3427 1906 πρὸς
3465 1835 3653 1889 θεοσέ-

2075 1929 2230 1983 ϐειαν
2255 1929 2668 1998 ὑπαλείφοντες,
2695 1930 2790 1984 καὶ
2813 1933 2979 1983 τέκνα
3007 1930 3082 1994 ὡς
3105 1929 3218 2002 [γρ.
3249 1928 3374 2001 ὅσα]
3398 1929 3650 1983 ἀπίστων

2075 2023 2451 2092 ἀποσκιρτῶσι
2486 2023 2710 2089 γονέων,
2741 2021 3029 2091 ἀνάθεμαῆ

2149 2115 2217 2180 ζ’.
2254 2118 2417 2170 Ὅσαι
2439 2119 2695 2184 γυναῖκες
2722 2115 2819 2179 τὰς
2843 2117 3017 2184 κόμας
3043 2113 3302 2176 τίλλουσι,
3336 2113 3652 2168 θεοσὲὁειαν

2076 2207 2506 2278 ὑποκρινόμεναι
2525 2223 2540 2236 °
2575 2208 2667 2261 καὶ
2689 2208 2718 2260 6
2742 2207 2840 2277 τὴν
2875 2207 3158 2276 Κυριακὴν
3180 2205 3401 2269 ἀσιτῶν,
3430 2205 3526 2258 καὶ
3548 2205 3650 2267 τάς

2076 2301 2541 2372 ἐκκλησιαστικάς
2575 2300 2831 2372 νηστείας
2855 2301 3169 2371 ἐκτρέπων·
3205 2299 3301 2353 καὶ
3322 2301 3350 2352 6
3385 2299 3484 2362 τάς
3508 2313 3653 2368 μαρ-

2076 2395 2258 2467 τύρων
2288 2395 2535 2461 συνάξεις
2564 2394 2929 2466 περιφρονῶν,
2951 2394 3223 2465 ἀνάθεμα.

2085 2549 2202 2620 Τῆς
2241 2551 2312 2604 ἐν
2355 2549 2689 2617 Ἀντιοχείᾳ
2721 2549 2991 2634 συνόδρυ
3043 2547 3162 2604 τῶν
3207 2548 3483 2602 κανόνων
3526 2546 3654 2600 ἐπιε-

2784 2636 2956 2690 τομη.

2143 2773 2214 2820 α’.
2254 2766 2313 2820 '0
2339 2765 2438 2838 τὴν
2467 2765 2727 2836 ἔνθεσμον
2755 2764 2850 2818 τοῦ
2885 2765 3078 2836 Πάσχα
3112 2764 3410 2838 παράδοσιν
3433 2763 3652 2834 διαμεῖ-

2072 2860 2170 2931 ψαι
2221 2859 2580 2932 πειρώμενος,
2641 2859 2826 2922 λαῖκὸς
2887 2859 2988 2929 μὲν
3039 2858 3244 2924 τελῶν,
3312 2858 3455 2911 ἔστω
3514 2857 3654 2912 ἀπό-

2077 2955 2304 3023 6).ητος·
2338 2953 2600 3023 κληρικδς
2625 2953 2703 3016 δέ,
2745 2952 3236 3022 ἀνεκκλησίαστος.

2146 3044 2214 3114 β’.
2262 3043 2321 3097 '0
2379 3045 2459 3106 εἰς
2495 3042 2792 3113 ἐκκλησίαν
2842 3043 3050 3107 εἰσιὼν,
3099 3044 3194 3096 καὶ
3247 3042 3531 3112 προσέχων
3591 3041 3651 3111 τῇ

2077 3136 2198 3206 ἱερᾷ
2223 3135 2438 3206 Γραφῇ,
2474 3130 2592 3186 εἶτα
2615 3135 2962 3206 περιφρονῶν
3002 3134 3096 3187 καὶ
3116 3132 3282 3197 ἀξιῶν
3315 3132 3428 3202 [330.
3446 3127 3652 3201 ὲξιὼν],

2076 3229 2171 3282 καὶ
2201 3227 2680 3297 ἀποστρεφόμενος
2717 3227 2814 3297 τὴν
2848 3226 3174 3297 μετάληψιν,
3210 3224 3544 3296 ἀπόϐλητος.

2147 3326 2218 3388 γ’.
2252 3320 2310 3373 '0
2341 3319 2397 3372 δὲ
2421 3320 2776 3390 ἀκυινωνήτῳ
2808 3319 3102 3384 κοινωνῶν,
3136 3317 3537 3388 ἀκοινώνητος,’
3558 3315 3654 3368 καὶ

2078 3414 2106 3466 6
2139 3412 2534 3484 συνευχόμενος
2599 3415 2712 3476 τοῖς
2781 3412 2857 3483 μὴ
2917 3415 2984 3484 τῇ
3037 3410 3306 3482 ἐκκλησία
3344 3423 3649 3481 προσευχο-

2079 3506 2262 3577 μένοις
2317 3505 2431 3576 [γρ.
2479 3506 2946 3576 συνευχομένοις],
2991 3503 3326 3565 ὑπεύθυνος·
3359 3500 3454 3554 καὶ
3481 3502 3510 3553 6
3556 3498 3652 3552 τὸν

2073 3599 2156 3660 είς
2205 3596 2502 3666 ἐκκλησίαν
2551 3595 2628 3666 μὴ
2661 3596 3036 3665 συναγόμενον
3097 3593 3515 3665 ὑποδεχόμενος,
3548 3592 3652 3644 οὐκ

2076 3689 2337 3754 ἀναίτιος.

2147 3783 2209 3836 δ’.
2253 3783 2313 3835 Ὁ
2347 3781 2452 3835 ὑπὸ
2481 3780 2701 3834 συνόδου
2739 3779 3124 3854 καθῃρημένος
3162 3778 3481 3842 ἐπίσκοπος,
3507 3793 3598 3831 και
3621 3777 3653 3828 6

2078 3877 2184 3930 ὑπὸ
2213 3875 2514 3930 ἐπισκόπου
2543 3873 2916 3946 πρεσϐύτερος
2948 3875 3044 3927 καὶ
3096 3874 3363 3937 διάκονος,
3399 3872 3448 3924 εί
3475 3869 3650 3924 αὐθα-

2072 3969 2391 4037 διαζόμενος
2430 3967 2834 4036 λειτουργήσοι,
2859 3965 3206 4030 ἀνέλπιστος.

2147 4070 2207 4116 ε’.
2233 4063 2346 4125 Πᾶς
2372 4063 2400 4114 6
2423 4061 2724 4115 ἐπισκόπου
2747 4059 3127 4130 καταφρονῶν,
3161 4058 3255 4113 καὶ
3281 4057 3652 4128 ἀφιστάμενος

2079 4153 2450 4227 πρεσϐύτερος
2477 4153 2800 4225 ἢδιάκονος,
2843 4153 2937 4206 καὶ
2960 4152 3262 4222 οἰκοδομῶν
3296 4151 3423 4206 ἄλλο
3461 4150 3653 4203 Θυσια-

2072 4250 2314 4320 στήριον,
2340 4250 2387 4301 εί
2422 4248 2910 4319 προσκαλουμὲνου
2939 4246 3021 4310 δὶς
3045 4247 3139 4300 καὶ
3173 4248 3293 4317 τρὶς
3316 4245 3411 4298 τοῦ
3431 4244 3654 4298 ἐπισκόο

2075 4358 2178 4394 που
2207 4341 2460 4411 ἐπιμένοι
2484 4344 2551 4412 τῇ
2602 4341 2854 4410 ἀπονοίᾳ,
2889 4338 3325 4410 καθαιρούμενος
3357 4338 3497 4391 ἔστω
3555 4337 3653 4390 καὶ

2068 4435 2480 4506 ἀθεράπευτος.

2154 4533 2230 4591 ς’.
2263 4526 2368 4579 Τὸν
2421 4525 2789 4596 ἀφορισθέντα
2840 4525 2972 4598 παρ’
2995 4524 3296 4578 ἐπισκόπου
3314 4522 3574 4594 κληρικδν
3612 4523 3648 4592 ἢ

2076 4619 2284 4683 λαῖκὸν,
2312 4620 2405 4672 ἐὰν
2435 4619 2638 4689 μείζων
2671 4618 2889 4682 σύνοδος
2917 4617 3284 4689 προσδέξοιτο,
3309 4617 3342 4688 ἢ
3389 4616 3655 4687 κατακρίο

2075 4728 2240 4772 νοιτο.
2274 4712 2524 4782 στέργειν
2545 4709 2722 4782 χρεὼν
2753 4711 2851 4780 τὴν
2873 4712 3175 4780 ἀπόφασιν.

2149 4804 2216 4868 ζ’.
2254 4804 2312 4858 ὐ
2342 4804 2492 4868 ξένος
2547 4804 2831 4874 εἰρηνικάς
2881 4802 2944 4854 οὐ
3007 4803 3324 4874 προσάγων,
3386 4798 3657 4871 ἀπρόσδε-

2075 4913 2225 4958 κτος.

2147 4985 2215 5058 η’.
2243 4987 2302 5041 '0
2333 4986 2425 5040 ἐπὶ
2450 4986 2630 5057 χώρας
2653 4987 3023 5058 πρεσϐύτερος
3046 4987 3120 5058 μὴ
3151 4985 3339 5040 διδότω
3363 4982 3654 5048 κανονικάς

2077 5080 2391 5143 ἐπιστολὰς,
2423 5081 2455 5152 ἢ
2494 5081 2631 5151 πρὸς
2659 5081 2821 5150 μόνον
2851 5081 3149 5133 ἐπίσκοπον
3175 5081 3417 5147 γείτονα.

2147 5171 2212 5228 θ’.
2237 5173 2342 5226 Τοῦ
2372 5173 2771 5244 μητροπολίτου
2793 5175 2890 5244 τῆς
2915 5172 3141 5243 γνώμης
3167 5170 3507 5244 ἀναρτᾶσθαι
3525 5169 3652 5234 τοὺς

2073 5267 2428 5331 ἐπισκόπους,
2454 5271 2550 5318 καὶ
2581 5267 2655 5336 μή
2678 5282 2731 5318 τι
2750 5267 2850 5335 τῆς
2871 5265 3038 5318 αὑτοῦ
3064 5266 3322 5336 προνοίας
3343 5264 3652 5331 οἰκονομεῖν

2074 5360 2220 5430 δίχα.
2255 5361 2288 5430 ἢ
2327 5361 2464 5429 μόνα
2488 5360 2558 5412 τά
2583 5362 2648 5429 τῇ
2684 5359 2789 5431 ἰδίᾳ
2844 5359 3028 5430 ἐνορίᾳ
3063 5359 3499 5430 προσπίπτοντα.
3542 5351 3654 5408 Καὶ

2073 5453 2408 5525 χειροθεσίας
2439 5452 2825 5524 ἀνεπιλήπτως
2857 5453 3114 5524 ἀνδράσιν
3144 5452 3430 5505 ἐπιτελεῖν.

2153 5639 2201 5685 t'.
2250 5632 2636 5702 Ἐπορκιστάς,
2670 5633 2763 5686 καὶ
2815 5632 3194 5699 ἀναγνώστας,
3239 5632 3333 5685 καὶ
3361 5628 3654 5685 ὑποδιακό-

2077 5743 2235 5788 νους,
2303 5726 2396 5776 καὶ
2455 5725 2664 5793 ψάλται·
2727 5726 3022 5795 καθίστησι
3082 5726 3524 5797 χωρεπίσκοπος,
3584 5723 3647 5777 οὐ

2077 5813 2263 5884 μέντοι
2297 5815 2676 5886 πρεσὸύτερον
2699 5815 2731 5886 ἦ
2753 5816 3024 5898 διάκονον,
3079 5817 3210 5871 ἀνευ
3235 5816 3329 5870 τοῦ
3377 5815 3519 5870 κατά
3549 5817 3650 5884 τὴν
