3868 6462
165 334 278 402 261

1344 346 1351 353 '
1416 329 1756 397 EPITOME
1790 329 1936 393 CAN
1941 331 2183 396 ONUM.

3337 322 3448 391 261

166 450 335 504 πόλιν
391 443 736 501 ἐπισκόπευ·
768 442 877 499 όδέ
932 443 1093 499 τοῦτο
1134 441 1352 514 τολμῶν
1394 443 1769 515 ὑπερϐαίνειν,

1907 459 1979 500 .oc
2010 447 2228 514 audeat,
2265 446 2590 519 deponatur.
2625 445 2789 504 Urbis
2816 444 3112 518 episcopus
3147 437 3456 500 facitcltor—

163 540 260 613 είη
287 536 678 612 καθῃρημένος
699 554 713 569 ’
744 538 838 592 καὶ
870 536 898 589 ό
919 536 1020 608 τῆς
1053 534 1263 600 πόλεως
1284 535 1581 601 ἐπίσκοπος
1614 537 1759 589 ποιεί

163 628 621 703 χωρεπίσκοπον.

246 720 339 779 ια’.
394 721 455 775 '0
478 718 718 793 προσιὼν
737 721 1063 795 αὐτομάτως
1094 720 1171 793 τῷ
1198 719 1408 793 βασιλεῖ
1434 719 1754 785 ἐπίσκοπος,

165 813 205 886 ἢ
264 812 667 887 πρεσϐύτερος,
730 814 828 867 καὶ
860 813 984 884 ούχὶ
1045 813 1337 878 κελευστός
1376 811 1513 883 πρὸς
1540 811 1633 866 τοῦ
1661 811 1759 881 τῆς

167 905 369 977 χώρας
388 904 831 976 μητροπολίτουί
845 906 985 977 μετά
1004 904 1103 976 τῆς
1122 904 1409 968 κοινωνίας
1441 902 1759 958 ἐκπιπτέτω

168 999 272 1052 καὶ
302 998 405 1069 τῆς
433 998 614 1062 ἀξίας.

251 1088 341 1160 ιβ’.
383 1090 442 1143 '0
468 1087 859 1163 καθῃρημένος
905 1089 955 1143 εί
989 1087 1237 1160 ἐνοχλοίη
1282 1087 1361 1159 τῷ
1410 1084 1644 1159 βασιλεῖ,
1672 1084 1760 1137 al-

170 1183 344 1238 τείτω
374 1182 601 1237 σύνοδον
631 1181 878 1253 μείζονα,
928 1180 1024 1235 καὶ
1051 1183 1110 1235 τὸ
1159 1180 1371 1237 ἐκεῖθεν
1424 1178 1584 1245 δόξαν
1616 1168 1761 1231 στοι-

172 1277 370 1347 χείτω.
423 1274 489 1329 El
512 1274 569 1329 δὲ
597 1274 693 1330 καὶ
735 1270 892 1340 αὖθις
917 1274 1349 1343 ἀποδυσπετοίη,
1378 1271 1522 1328 ἔστω
1538 1269 1760 1325 ἀνέλπι-

174 1384 325 1431 στος.

255 1465 352 1527 ιγ’.
412 1458 479 1512 Ei
513 1457 744 1530 μηδενὸς
771 1456 1075 1526 ἀξιοῦντος,
1126 1456 1425 1520 ἐπίσκοπος
1469 1456 1549 1519 είς
1596 1452 1769 1519 ἀλλην

177 1548 460 1621 ἐπαρχίαν
476 1550 635 1621 ἀπίῃ,
668 1549 764 1604 καὶ
795 1548 1152 1621 χειροτονοίη,
1187 1548 1297 1615 ῖκαὶ
1323 1547 1555 1615 διοικοίη
1586 1545 1766 1616 πράγ-

179 1659 363 1712 ματα’
398 1642 541 1699 αύτά
591 1660 651 1697 τε
689 1643 871 1713 ἄκυρα
901 1643 1077 1714 μένει,
1111 1642 1211 1696 καὶ⁹
1266 1642 1475 1704 ἐκεῖνος
1500 1637 1765 1708 καθαιρε-

175 1735 436 1807 ϐήσεται.

1865 535 2203 609 episcopum.

1941 723 2028 779 11.
2063 721 2119 777 Si
2151 723 2476 795 episcopus,
2512 732 2606 779 aut
2658 724 2945 796 presbyter
2984 733 3177 795 sponte
3226 738 3291 780 ac
3339 723 3461 780 sine

1867 814 2162 883 provincia
2190 817 2598 885 metropolitani
2623 818 2782 887 jussu
2815 820 3204 889 imperatorem
3234 817 3458 886 adierit,

1869 907 2257 962 communione
2297 923 2361 964 ac
2397 908 2660 980 dignitate
2689 909 2923 965 excidat.

1945 1085 2035 1140 12.
2078 1086 2373 1157 Depositus
2408 1086 2454 1143 si
2498 1087 2805 1143 molestiam
2850 1087 3196 1159 imperatoris
3237 1089 3464 1147 auribus

1871 1177 2150 1239 exhibeat,
2177 1178 2447 1248 synodum
2477 1179 2740 1249 majorem
2765 1188 2937 1251 petat,
2966 1180 3219 1250 illiusque
3241 1185 3466 1237 decreto

1873 1279 1997 1329 stet.
2030 1270 2188 1339 Quod
2219 1272 2264 1329 si
2309 1289 2501 1328 rursus
2529 1273 2866 1346 indignetur,
2904 1274 3149 1345 pristina:
3190 1274 3466 1347 dignitatis

1874 1367 2263 1435 recuperandae
2292 1367 2439 1421 nulla
2463 1367 2514 1421 ei
2543 1382 2670 1437 spes
2700 1383 2821 1423 esse
2847 1375 3048 1438 potest.

1944 1458 2033 1511 13.
2060 1457 2117 1512 Si
2150 1460 2370 1514 nemine
2402 1471 2628 1531 rogante
2650 1460 2941 1531 episcopus
2969 1459 3024 1514 in
3049 1460 3211 1515 aliam
3242 1460 3466 1530 provin-

1872 1549 2014 1606 ciam
2049 1565 2108 1605 se
2140 1550 2418 1615 conferat,
2457 1553 2785 1622 ordinetque
2828 1569 2892 1609 ac
2931 1568 3021 1609 res
3068 1552 3415 1609 administrat
3449 1570 3463 1607 :

1875 1640 1995 1711 ipsa
2029 1641 2186 1699 irrita
2209 1651 2454 1711 manent,
2486 1653 2651 1716 atque
2676 1643 2768 1701 ille
2803 1644 3131 1716 deponetur.

499 1827 803 1881 ἐπισκόπου
856 1825 1204 1899 κρινομένου,
1257 1825 1306 1879 οἱ
1352 1823 1453 1895 τῆς
1492 1824 1764 1898 ἐπαρχίας

1950 1822 2036 1877 14.
2065 1820 2121 1877 Si
2147 1832 2402 1878 accusata
2431 1824 2690 1896 episcopo
2715 1824 3011 1896 provincia!
3033 1828 3277 1900 episcopi
3321 1829 3467 1885 inter

175 1920 479 1976 ἐπίσκοποι
498 1920 866 1994 διαφέροιντο,
896 1918 1268 1992 μετακλητέον
1312 1918 1422 1973 ἀπὸ
1448 1918 1559 1973 τῶν
1595 1917 1765 1982 πέλας

177 2013 427 2085 ἐτέρους,
460 2016 541 2077 είς
570 2013 945 2085 ἀναμφίϐολον
964 2011 1403 2084 ἀμφισϐήτησιν.

258 2106 341 2160 ιε’.
389 2108 729 2163 Ἑπισκόπου
801 2105 1185 2178 δικαζομένου,
1246 2106 1296 2157 εί
1329 2103 1440 2168 πᾶς
1493 2101 1771 2173 ἐπαρχιῶ-

180 2216 283 2270 της
318 2199 621 2264 ἐπίσκοπος
673 2198 981 2269 ἀδιάφωνος
1036 2197 1300 2269 κρίνοιτο,
1351 2193 1664 2250 παλινδικία
1704 2195 1767 2248 ού

178 2297 418 2364 γίνεται.

259 2385 360 2451 ις’.
408 2386 469 2439 Ὀ
523 2384 647 2457 δίχα
671 2384 893 2439 συνόδου
924 2384 1163 2452 τελείας,
1194 2387 1288 2441 καὶ
1310 2386 1477 2441 αὐτοῦ
1519 2386 1615 2441 τοῦ
1658 2404 1769 2456 μη-

180 2478 508 2548 τροπολίτου
561 2478 657 2531 ἐπὶ
702 2477 1072 2550 σχολάζουσαν
1125 2477 1423 2551 ἐκκλησίαν
1462 2478 1768 2550 ἐπιπηδῶν,

180 2568 350 2645 κᾶνῇ
383 2571 659 2642 σχολάζων
692 2571 1021 2643 ἀπόϐλητος.

254 2660 345 2728 ιζ’.
396 2662 790 2734 ’Δκοινώνητος
844 2664 871 2716 ὁ
902 2661 1197 2733 δεξάμενος
1256 2661 1624 2734 χειροτονίαν,
1677 2662 1773 2716 καὶ

182 2752 390 2824 ταύτης
416 2753 789 2825 ἀποσκιρτῶν,
812 2752 920 2820 ἕως
952 2753 1262 2827 μεταγνοὺς
1291 2752 1661 2819 καταδὲξοιτο.

260 2932 354 3005 ιη’.
391 2933 692 3004 Μετεχὲτω
738 2935 837 3004 τῆς
871 2934 1037 3008 τιμῆς
1066 2933 1371 2999 ἐπίσκοπος
1402 2936 1429 2990 ό
1457 2952 1774 3009 χειροτονη-

181 3027 323 3094 θεὶς,
356 3027 451 3083 καὶ
497 3026 576 3096 μὴ
600 3028 891 3099 δεχόμενος
925 3027 1062 3101 πρὸς
1102 3029 1203 3099 τῆς
1242 3030 1448 3093 πόλεως
1472 3045 1487 3061 '
1538 3030 1634 3083 καὶ
1662 3030 1775 3083 λει-

1880 1930 1938 1970 se
1970 1915 2314 1987 discrepent.
2340 1916 2430 1971 alii
2462 1929 2592 1973 sunt
2622 1934 2654 1974 e
2683 1919 2882 1974 vicinis
2909 1918 3041 1976 locis
3070 1920 3373 1978 advocandi
3399 1922 3466 1978 ad

1877 2009 2307 2065 controversiam
2333 2017 2482 2065 certo
2513 2010 2897 2067 dirimendam.

1952 2100 2036 2155 l5.
2073 2100 2349 2157 Accusata
2369 2101 2649 2175 episcopo,
2682 2102 2725 2156 si
2754 2103 3000 2159 omnium
3025 2103 3319 2175 provinciae
3357 2105 3470 2174 epi-

1877 2207 2172 2262 scoporum
2212 2193 2501 2249 sententiae
2539 2194 2846 2251 concordes
2893 2195 3024 2261 sint,
3077 2197 3470 2269 rcdintegratio

1876 2284 2110 2341 actionis
2134 2301 2247 2341 non
2272 2286 2451 2342 datur.

1950 2377 2039 2431 16.
2067 2376 2173 2445 Qui
2196 2377 2334 2433 citra
2357 2378 2623 2450 integram
2647 2380 2937 2451 synodum,
2964 2391 3130 2451 atque
3152 2382 3328 2452 ipsum
3353 2396 3472 2438 me-

1880 2468 2272 2538 tropolitanum
2310 2468 2363 2523 in
2383 2482 2667 2526 vacantem
2696 2472 2982 2531 ecclesiam
3024 2473 3250 2541 invadit,
3273 2489 3471 2543 quam-

1881 2561 1964 2616 vis
1986 2561 2103 2632 ipse
2134 2577 2362 2617 munere
2397 2573 2576 2629 vacet,
2605 2563 2907 2634 ejiciendus
2935 2574 3040 2621 est.

1948 2654 2035 2708 17.
2075 2652 2180 2720 Qui
2225 2664 2485 2725 suscepto
2514 2656 2710 2712 ordine
2736 2657 2805 2713 ab
2831 2673 2897 2713 co
2925 2658 3118 2725 resilit,
3148 2673 3472 2715 excommu-

1880 2752 2118 2816 nicatur,
2155 2767 2447 2824 quousque
2472 2753 2801 2823 ptenitentia
2827 2753 3027 2811 ductus
3052 2769 3259 2810 manus
3291 2752 3473 2810 susci-

1878 2842 2012 2912 pint.

1953 2934 2042 2991 18.
2081 2933 2388 3009 EpiscOpus
2419 2936 2710 2995 ordinatus
2755 2935 2966 2993 honore
3013 2935 3246 3000 fruatur,
3285 2935 3410 2992 licet
3441 2950 3476 2990 a

1882 3027 2102 3083 civitate
2130 3044 2240 3084 non
2267 3030 2592 3103 recipiatur.
2614 3038 2938 3101 tantumque
2972 3046 3172 3086 munus
3194 3031 3358 3085 obeat
3376 3046 3475 3085 cx-

183 3119 490 3191 τουργείτω
523 3122 706 3191 μόνον,
734 3122 1023 3193 ἀναμένων
1055 3122 1084 3174 ὂ
1123 3139 1176 3176 τι
1222 3121 1289 3176 ἂν
1317 3123 1350 3194 ἡ
1380 3124 1476 3194 τῆς
1498 3122 1769 3193 ἐπαρχίας

1907 3130 2139 3191 pectans
2168 3122 2430 3194 quidquid
2446 3123 2744 3194 provincia
2759 3124 3000 3195 synodus
3016 3123 3477 3194 pronuntiaverit.

185 3210 552 3281 ἀποφαίνοιτο
574 3210 814 3275 σύνοδος.

260 3299 347 3357 ιϐ’.
383 3302 446 3355 El
496 3303 574 3373 μὴ
615 3302 835 3365 σύνοδος
864 3302 973 3374 εἴη,
1010 3304 1105 3357 καὶ
1139 3303 1167 3355 ό
1227 3304 1639 3377 μητροπολίτης
1692 3305 1771 3379 μὴ

186 3394 425 3464 γινέσθω
454 3396 771 3460 ἐπίσκοπος.
807 3396 869 3450 Ei
907 3397 965 3450 δὲ
1007 3397 1095 3450 διὰ
1139 3414 1190 3451 τι
1235 3397 1499 3470 δυσχερὲς
1554 3399 1629 3470 μὴ
1659 3416 1780 3453 aov-

186 3489 404 3557 άγοιντο
426 3489 687 3553 ἅπαντες,
704 3488 838 3554 τέως
854 3490 902 3543 οί
921 3489 1191 3561 πλείουςῆ
1214 3491 1538 3564 γράμμασιν
1559 3490 1778 3547 ἕποιντο

190 3581 500 3652 σύμψηφοι.
539 3582 605 3635 Ei.
655 3581 701 3636 δ’
754 3582 898 3636 οὕτω
942 3582 1039 3637 τοῦ
1069 3584 1397 3655 πράγματος
1446 3583 1772 3655 τελουμένου

191 3675 555 3746 φιλονεικοῖέν
582 3692 749 3741 τινες,
782 3677 815 3747 ἡ
839 3676 950 3730 τῶν
975 3676 1219 3729 πλεόνων
1243 3676 1424 3747 ψῆφος
1451 3676 1773 3748 ἐνισχυέτω.

257 3776 328 3826 κ’.
377 3768 713 3834 Ἐπίσκοπος
736 3770 832 3824 καὶ
861 3768 1153 3824 ὑπολαϐὼν
1179 3768 1292 3843 [Ζσ.
1320 3770 1427 3824 ὑπὸ
1452 3768 1619 3841 λαῶν]
1657 3769 1778 3839 βια-

187 3859 547 3930 ζόμε·.θος,καλ¹
581 3860 686 3914 ὑπὸ
710 3859 1025 3923 ἐπισκόπων
1063 3858 1508 3930 ἀναγκαζόμενος
1533 3859 1610 3929 μὴ
1641 3854 1776 3928 μεθ-

190 3949 429 4006 ιστάσθω
452 3952 533 4015 είς
554 3949 849 4020 παροικίαν
872 3949 1084 4019 ἑτέραν.

265 4044 375 4098 κα’.
432 4042 893 4115 Ἑπιχειροτονεῖν
924 4059 1077 4107 τινας
1129 4041 1429 4106 ἐπίσκοπος
1473 4042 1538 4097 ἐκ
1567 4040 1775 4105 πόλεως

189 4139 269 4201 είς
305 4136 464 4190 πόλιν
498 4136 575 4207 μὴ
628 4137 846 4201 ἐπιέτω,
897 4133 1011 4189 ἀλλ’
1047 4136 1081 4205 ἢ
1105 4134 1303 4209 γνώμῃ
1332 4134 1426 4189 τοῦ
1455 4134 1762 4189 ἐπισκόπου

188 4231 289 4300 τῆς
321 4229 558 4295 πόλεως.
601 4227 663 4282 Εἰ
693 4227 739 4282 δ’
764 4225 882 4295 οὖν,
942 4226 1201 4293 ἀϐέϐαιος
1236 4229 1271 4299 ἡ
1320 4227 1648 4301 χειροτονία,
1682 4225 1779 4281 καὶ

190 4321 403 4385 ἐκεῖνος
434 4321 717 4385 ὑπόδικος.

261 4412 371 4483 κβ’.
405 4412 500 4485 Μὴ
530 4413 794 4485 μεθιστᾷν
825 4412 1014 4486 ἕτερον
1044 4411 1143 4467 ἐπὶ
1187 4414 1254 4485 τῇ
1281 4412 1447 4486 ἐξόδῳ
1477 4412 1778 4468 ἐπίσκοπον

191 4509 220 4560 ό
255 4506 560 4572 ἐπίσκοπος
582 4523 596 4538 ο
641 4508 853 4562 ἐκείνου
876 4508 933 4563 δέ
962 4506 1345 4579 κοιμηθέντος,
1374 4506 1515 4579 μετά
1555 4504 1777 4560 συνόδου

192 4601 300 4656 τῶν
356 4601 594 4673 ἐχόντων
626 4600 726 4667 τὴν
765 4600 1038 4667 ἐξουσίαν,
1085 4602 1115 4654 ό
1172 4599 1323 4666 ἄξιος
1359 4597 1777 4672 προϐεϐλήσθω.

260 4789 372 4853 κγ’.
406 4783 580 4838 Παντὶ
602 4781 678 4852 τῷ
707 4781 897 4854 κλήρῳ
918 4781 989 4837 τά
1011 4785 1111 4853 τῆς
1142 4781 1442 4853 ἐκκλησίας
1474 4779 1635 4852 θέμις
1659 4780 1780 4836 δια-

194 4872 587 4944 γινώσκεσθαι,
637 4875 727 4930 ἵνα
773 4874 868 4928 τοῦ
926 4875 1232 4929 ἐπισκόπου
1281 4874 1670 4940 τελευτῶντος,
1709 4874 1781 4931 τὰ

197 4971 370 5024 οἰκεία
388 4969 491 5040 τῆς
518 4967 819 5040 ἐκκλησίας
841 4967 1271 5039 διαφυλάττηται
1290 4984 1305 4999 ο
1328 4966 1398 5022 τὰ
1421 4967 1479 5022 δὲ
1528 4966 1624 5021 τοῦ
1654 4968 1779 5023 ἐπι-

199 5063 402 5117 σκόπου
434 5062 579 5117 κατά
600 5061 699 5135 τὴν
733 5061 945 5116 ἐκείνου
979 5063 1248 5134 διοικῆται
1279 5062 1546 5129 διάταξιν.

273 5152 377 5214 κδ’.
413 5158 620 5229 Κύριος
657 5159 686 5211 ὁ
718 5155 1017 5222 ἐπίσκοπος
1046 5156 1157 5211 τῶν
1187 5157 1287 5227 τῆς
1317 5156 1614 5229 ἐκκλησίας
1638 5156 1781 5211 ἔστω

201 5251 578 5324 πραγμάτων
634 5255 684 5303 εί
717 5249 774 5304 δὲ
811 5248 887 5323 μὴ
929 5252 1192 5318 ίκανοῖτο,
1227 5254 1340 5315 τοῖς
1373 5250 1655 5306 ίκανοῢσιν
1685 5252 1783 5303 αύ-

199 5344 339 5411 τῶν,
368 5344 439 5399 τὰ
477 5343 537 5398 δέ
568 5344 878 5416 πράγματα
913 5345 1010 5398 καὶ
1045 5344 1170 5408 τοὺς
1202 5344 1405 5413 πόρους
1453 5340 1781 5415 μεταϐάλλοι

199 5437 292 5509 τῆς
322 5436 648 5507 ἐκκλησίας,
688 5434 763 5507 μὴ
804 5434 942 5507 μετά
996 5434 1223 5507 γνώμης
1256 5435 1350 5490 τοῦ
1394 5435 1623 5507 κλήρου,
1658 5436 1778 5489 είσ-

201 5530 524 5601 πραττὼθω
576 5528 735 5592 δίκας
767 5528 903 5599 πρὸς
966 5529 1068 5599 τῆς
1116 5529 1358 5585 συνόδου.
1402 5527 1465 5581 El
1498 5527 1554 5583 δὲ
1591 5527 1687 5582 καὶ
1712 5527 1779 5581 τὰ

202 5626 429 5695 πένησιν
482 5621 821 5694 ὀφειλόμενα
865 5624 946 5685 είς
987 5624 1179 5677 ἐαυτὸν
1236 5622 1642 5697 σφετερίζεται,
1686 5621 1781 5676 καὶ

199 5715 336 5771 οὕτω
355 5719 423 5788 τῇ
462 5715 673 5787 συνόδῳ
693 5714 851 5784 λόγον
872 5714 1194 5773 ἀποδιδότω.

1952 3311 2039 3367 19.
2072 3309 2292 3381 Absque
2331 3311 2541 3382 synodo
2573 3319 2630 3367 et
2668 3310 3092 3379 metropolitano
3126 3324 3197 3363 ne
3236 3308 3331 3363 ﬁat
3358 3308 3478 3378 epi-

1880 3418 2101 3475 scopus.
2131 3403 2189 3458 Si
2218 3412 2401 3462 autem
2443 3412 2669 3475 propter
2693 3404 2932 3473 aliquam
2959 3401 3335 3457 diﬁcultatcm
3359 3415 3474 3455 non

1879 3497 2235 3553 convenerint
2257 3512 2468 3561 omnes,
2492 3496 2711 3551 interim
2736 3496 2921 3566 plures
2945 3495 3031 3549 vel
3063 3493 3260 3548 litteris
3280 3508 3475 3548 assen-

1883 3589 2107 3649 tiantur.
2139 3588 2196 3646 Si
2235 3604 2368 3645 vero
2406 3605 2469 3645 re
2508 3588 2583 3644 ita
2630 3600 2857 3659 peracta
2889 3586 3226 3643 contendant
3267 3584 3470 3657 aliqui,

1880 3680 2117 3752 plurium
2145 3680 2464 3751 suffragium
2490 3681 2689 3734 valeat.

1950 3770 2042 3829 20.
2084 3770 2417 3841 Episcopus,
2445 3752 2565 3825 nisi.
2590 3769 2704 3825 via
2742 3768 2961 3839 populis
2996 3767 3143 3822 illata
3174 3774 3232 3820 et
3256 3765 3325 3820 ab
3355 3765 3477 3837 epi-

1883 3861 2064 3933 scOpis
2093 3870 2340 3934 cogatur,
2364 3862 2420 3920 in
2447 3861 2609 3919 aliam
2631 3860 2928 3931 parmciam
2956 3873 3029 3914 ne
3062 3865 3325 3912 transeat.

1953 4047 2045 4102 21.
2089 4046 2393 4117 Episcopus
2425 4061 2490 4101 ex
2535 4044 2668 4101 urbe
2712 4044 2766 4098 in
2812 4042 3006 4098 urbem
3036 4040 3104 4096 ad
3138 4040 3483 4099 ordinandas

1882 4140 2094 4211 aliquos
2130 4156 2198 4196 ne
2234 4143 2425 4206 abeat,
2480 4148 2848 4211 praeterquam
2921 4136 2995 4192 de
3032 4135 3185 4191 urbis
3234 4135 3480 4206 episcopi

1885 4231 2178 4288 sententia.
2216 4231 2313 4289 Sin
2340 4246 2490 4300 vero,
2526 4228 2768 4285 invalida
2788 4235 2877 4283 est
2912 4225 3206 4291 ordinatio,
3237 4225 3467 4297 ipseque

1881 4324 2092 4398 judicio
2124 4324 2419 4380 obnoxius.

1947 4417 2041 4473 2'2.
2077 4417 2380 4489 Episcopus
2422 4417 2481 4471 in
2514 4414 2667 4470 exitu
2694 4412 2820 4468 vitae
2835 4412 3171 4468 constitutus
3186 4411 3354 4467 alium
3372 4426 3478 4481 pro

1892 4527 1953 4568 se
1974 4513 2290 4582 episcopum
2310 4524 2380 4564 ne
2398 4508 2697 4565 constituat
2717 4514 3035 4576 :postquam
3052 4512 3233 4558 autem
3257 4502 3347 4556 ille
3373 4502 3480 4558 cb-

1889 4603 2201 4664 dormierit,
2228 4618 2353 4658 eum
2385 4615 2575 4658 eorum
2611 4598 2704 4669 qui
2740 4604 3071 4668 potestatem
3110 4593 3315 4649 habent
3345 4607 3478 4649 con-

1890 4704 2080 4761 ventu,
2109 4695 2308 4767 dignus
2340 4701 2579 4750 creetur.

1964 4790 2056 4845 25.
2090 4788 2213 4847 Tati
2239 4788 2389 4844 clero
2427 4802 2519 4843 res
2572 4783 2829 4841 ecclesia:
2858 4792 3190 4852 cognoscere
3231 4777 3375 4841 licet,
3419 4787 3482 4835 ut

1891 4882 2196 4938 decedente
2243 4881 2523 4951 episcopo,
2562 4876 2809 4933 ecclesia:
2852 4888 2974 4944 quae
3016 4888 3114 4928 sua
3156 4880 3287 4927 sunt
3342 4886 3479 4927 con-

1890 4985 2179 5033 serventur
2215 4992 2247 5031 :.
2265 4991 2388 5045 quae
2418 4989 2548 5029 vero
2573 4980 2703 5029 sunt
2718 4968 2983 5041 episcopi,
3012 4968 3166 5038 juxta
3195 4966 3341 5022 illius
3365 4965 3483 5021 dis-

1889 5069 2218 5140 positionem
2249 5068 2729 5124 administrentur.

1961 5164 2053 5219 24.
2096 5161 2399 5233 Episcopus
2431 5173 2616 5214 rerum
2647 5157 2716 5212 ad
2754 5153 3042 5211 ecclesiam
3079 5149 3474 5223 pertinentium

1889 5259 2219 5324 potestatem
2257 5249 2493 5309 habent:
2536 5246 2583 5303 si
2612 5254 2799 5303 autem
2827 5258 2942 5299 non
2980 5240 3055 5296 sit
3078 5247 3372 5296 contentus
3414 5235 3481 5295 iis

1889 5361 2012 5417 qua:
2081 5343 2376 5407 suﬂiciunt,
2428 5356 2517 5396 res
2556 5354 2687 5394 vero
2736 5352 2802 5392 ac
2868 5335 3079 5393 reditus
3129 5331 3374 5388 ecclesia:
3422 5329 3481 5383 in

1892 5438 2104 5493 alienos
2126 5451 2260 5491 usus
2286 5433 2600 5496 transferat,
2622 5432 2828 5500 auarae
2855 5426 2987 5483 cieri
3016 5425 3268 5485 consilio.
3287 5420 3481 5494 synodi

1887 5530 2156 5600 judicium
2188 5527 2401 5583 subeat.
2436 5525 2491 5582 Si
2524 5541 2654 5580 vero
2692 5540 2757 5579 ea
2793 5520 2960 5577 etiam
2990 5533 3111 5588 qua:
3148 5514 3482 5588 pauperibus

1892 5623 2188 5688 debentur,
2211 5619 2316 5675 sibi
2346 5619 2449 5691 ipsi
2483 5617 2741 5682 vindicet,
2770 5614 2846 5669 ita
2883 5610 3047 5667 etiam
3081 5606 3288 5679 synodo
3311 5604 3482 5661 ratio-

1891 5732 2018 5773 nem
2049 5714 2259 5772 reddat.
