3868 6482
333 301 450 422 ’263
1439 337 1740 404 SYMEON
1752 337 1823 397 IS

2086 333 2174 394 PH
2185 332 2282 392 ΒΑ
2293 327 2449 391 ST/E
3504 317 3613 384 ΞΜ

570 467 809 538 Epitome
831 477 1091 518 canonum
1119 457 1304 530 synodi
1351 455 1680 511 Laodiceam.
1959 458 2008 514 Α
2089 446 2097 467 ¹

2089 443 2374 513 Ἐπιτομὴ
2400 441 2676 498 κανόνων
2703 440 2813 509 τῆς
2837 438 2906 494 ἐν
2939 435 3254 504 Λαοδικείᾳ
3288 433 3579 493 συνόδου.

413 581 468 635 1.
501 578 757 650 Bigamus
789 575 834 631 si
877 589 986 630 non
1011 571 1223 628 occulte
1260 563 1670 624 matrimonium
1722 556 1927 621 inierit,

2105 558 2175 613 α’.
2220 557 2279 611 Ὀ
2328 557 2404 628 μὴ
2457 555 2633 623 λάθρα
2684 556 2942 626 γαμήσας
2977 552 3233 624 δίγαμος,
3293 550 3452 620 ὀλίγα
3506 552 3622 617 τοϊς

336 666 436 728 ubi
470 649 749 742 paululum
785 681 980 737 poenas
1009 663 1266 726 subierit,
1306 659 1493 713 insons
1534 655 1821 709 habeatur.

1478 672 1493 711 ς
1534 655 1821 709 habeatur.
2035 652 2333 723 ἐπιτιμίοις
2362 651 2654 722 σχολάσας,
2688 649 3005 713 ἀνεύθυνος.

413 734 606 828 2.-Qui
643 734 810 814 vat-Lis
831 755 1044 812 delictis
1088 752 1333 809 obstricti
1362 757 1511 814 sunt,
1543 747 1588 801 si
1633 745 1700 799 iis
1738 740 1935 813 agnitis

2111 743 2176 816 β’.
2211 745 2274 797 Οἱ
2310 743 2588 814 διαφόροις
2636 742 2980 811 ἀγνοήμασιν
3031 737 3336 802 ἑαλωκότες
3364 777 3378 804 ,
3417 735 3467 789 εί
3502 734 3627 788 ἐπι-

344 856 731 918 conﬁteantur,
766 867 829 906 ac
856 864 954 920 pro
985 862 1176 904 eorum
1201 844 1409 899 ratione
1447 836 1828 912 pmnitentiam

2102 837 2260 900 νόντες
2295 835 2662 906 όμολογοῖντο,
2693 831 2971 900 ἀναλόγως
3008 831 3342 902 μετανοοίεν,
3387 826 3629 898 εὐπρόσ-

347 955 496 1018 gant,
521 943 681 999 facile
714 942 1073 1010 recipiuntur.

717 942 1073 1010 recipiuntur.
2041 927 2244 982 δεκτοι.

419 1047 473 1100 5.
505 1044 723 1099 Recens
768 1040 1125 1104 illuminatns,
1165 1033 1336 1091 sacris
1376 1029 1664 1087 ordinibus
1713 1040 1818 1081 non
1856 1032 1942 1080 est

1604 1043 1664 1084 us
1713 1040 1818 1081 non
1856 1032 1942 1080 est
2114 1024 2184 1088 γ’.
2225 1019 2284 1072 '0
2312 1018 2694 1088 νεοφώτιστος,
2723 1015 3131 1089 ἀνιεράτευτος.

349 1135 602 1191 idoneus.

421 1228 476 1282 4.
516 1225 786 1282 Sacerdos
813 1222 1001 1278 fenore
1035 1235 1141 1276 non
1170 1217 1391 1289 accipit.

2117 1200 2180 1258 δ’.
2213 1202 2419 1264 Τόκους
2450 1198 2722 1272 ίερατικδς
2854 1199 2908 1252 d.
2940 1196 3028 1269 οὐ]
3056 1194 3347 1266 λαμϐάνει.

425 1318 896 1375 5.0rdinationes
943 1330 1130 1371 coram
1161 1287 1512 1368 audientibus
1563 1313 1781 1361 tantum
1833 1315 1944 1357 non

2127 1295 2188 1352 ε’.
2214 1297 2281 1350 Δί
2311 1296 2638 1367 χειροτονίαι
2667 1295 2756 1346 ἐπ’
2789 1290 3162 1362 ἀκροωμένοις
3189 1288 3250 1342 οὑ
3267 1287 3529 1358 γίνονται,

362 1412 520 1468 ﬁuuL

425 1502 482 1558 6.
510 1498 792 1556 llaereticis
822 1513 972 1554 sacra
999 1496 1143 1552 :edes
1173 1495 1473 1549 inaccessa.

2131 1477 2206 1544 ς’.
2233 1477 2541 1549 Αἰρετικοῖς
2570 1475 2632 1528 τὸ
2668 1473 2813 1545 ἱερὸν
2845 1468 3174 1526 ἀνεπίϐατον

440 1597 492 1649 7.
534 1591 825 1647 Novatiani
890 1597 947 1644 et
997 1583 1501 1654 Quartodecimani,
1558 1580 1665 1635 nisi
1717 1586 1943 1634 caeteras

2131 1572 2196 1638 ζ’.
2227 1568 2561 1625 Ναυατιανοὶ
2603 1566 2701 1621 καὶ
2741 1559 3423 1635 Τεσσαρεσκαιδεκατῐται,
3480 1557 3530 1612 εί
3563 1554 3642 1629 μὴ

360 1688 602 1742 haereses
661 1698 931 1752 suamque
964 1682 1372 1750 abjurent,non
1402 1685 1530 1731 sunt
1567 1669 1887 1742 suscipiendi

2086 1665 2158 1729 ’ἀς
2183 1681 2242 1717 τε
2274 1662 2438 1726 ἄλλας
2470 1659 2711 1733 αἱρέσεις
2761 1651 3240 1725 ἀναθεματίζοιεν,
3282 1649 3377 1704 καὶ
3431 1649 3532 1721 τὴν
3559 1649 3613 1700 oi

364 1785 488 1848 post
538 1785 721 1830 tamen
752 1772 1157 1843 abjurationem
1191 1769 1363 1832 uncti,
1414 1765 1846 1822 communicent.

2117 1757 2236 1819 είαν,
2284 1753 2667 1826 ἀπρόσδεκτοι.
2699 1748 2858 1806 Μετά
2888 1747 3072 1821 μέντοι
3095 1744 3157 1799 τὸ
3192 1743 3441 1814 ἀνάθεμα
3493 1739 3644 1813 χριό-

2063 1868 2238 1922 μενοι,
2261 1847 2714 1903 κοινωνείτωσαν.

434 1961 486 2016 8.
531 1959 770 2031 Phryges
820 1955 1201 2028 pmnitentiam
1265 1957 1489 2024 agentes
1547 1948 1730 2005 denuo
1775 1948 1961 2018 bapti-

2128 1943 2213 2015 η’.
2242 1942 2462 2015 Φρύγας
2521 1936 2862 2010 μεταμέλους
2919 1929 3413 1996 ἀναϐαπτίζεσθαι,
3469 1928 3519 1982 εί
3549 1924 3649 1980 καὶ

366 2053 525 2109 zandi
555 2062 705 2114 sunt,
728 2051 860 2105 licet
895 2049 1040 2120 apud
1073 2047 1196 2102 illos
1226 2046 1280 2100 in
1313 2045 1520 2099 clerum
1558 2040 1793 2112 cooptati
1823 2042 1893 2095 sit

1377 2058 1520 2098 arum
1558 2040 1793 2112 cooptati
1823 2042 1956 2096 sint.
2059 2041 2189 2113 παρ’
2221 2037 2454 2098 ἐκείνοις
2494 2031 2904 2103 κεκλήρωνται.

437 2148 492 2202 9.
525 2145 628 2210 Qui
671 2144 724 2197 in
767 2141 1104 2197 emmeteriis
1150 2148 1206 2195 et
1255 2135 1531 2209 martyriis
1571 2135 1955 2190 haereticorum

2133 2134 2200 2191 θ’.
2259 2133 2318 2186 ’0
2369 2131 2755 2204 κοιμητηρίοις
2819 2128 2914 2181 καὶ
2969 2121 3295 2198 μαρτυρίοις
3349 2113 3650 2191 αἱρετικῶν

366 2247 508 2300 orat,
535 2234 1047 2313 excommunicatus
1077 2240 1184 2288 est.
1850 2246 1853 2247 '

1850 2246 1853 2247 '
2056 2227 2446 2298 ἐπευχόμενος.
2475 2221 2870 2289 ἀκοινώνητος.

441 2329 528 2384 10.
565 2312 750 2383 Vidua:
767 2325 1010 2382 seniores
1036 2324 1092 2378 in
1112 2322 1341 2379 ecclesia
1371 2336 1438 2376 ne
1474 2319 1840 2390 baptizantor.

2137 2326 2189 2374 t'.
2227 2315 2596 2389 Πρεσῦύτιδες
2627 2315 2684 2367 ὲν
2709 2309 2976 2382 ἐκκλησίᾳ
3007 2307 3082 2380 μὴ
3108 2302 3579 2379 βαπτιζέσθωσαν.

447 2419 536 2472 Η.
575 2417 711 2472 Cum
751 2416 1010 2471 haeretico
1043 2412 1364 2468 afﬁnitatem
1398 2426 1464 2466 ne
1487 2411 1807 2466 contrahas.

1519 2411 1807 2466 ontrahas.
2140 2411 2230 2466 ια’.
2255 2412 2532 2481 Δίρετικῳ
2575 2407 2651 2480 μὴ
2687 2404 3045 2459 συνάλλασσε.

443 2513 535 2566 12.
564 2509 670 2577 Qui
701 2509 807 2564 ﬁde
831 2523 895 2563 ac
923 2508 1052 2562 vitae
1091 2505 1303 2560 ratione
1336 2503 1758 2574 probatissimos
1792 2513 1959 2573 atque

2147 2504 2238 2577 ιβ’.
2289 2505 2348 2558 Ὀ
2405 2503 2588 2557 πίστει
2631 2500 2727 2555 καὶ
2776 2496 3024 2566 πολιτείᾳ
3071 2491 3504 2564 εὐδοκιμώτατος
3556 2487 3658 2542 καὶ

371 2603 786 2660 eruditissimus
815 2609 919 2668 est,
947 2601 1179 2655 idoneus
1197 2605 1284 2653 est
1311 2595 1404 2667 qui
1427 2595 1483 2652 iu
1511 2595 1831 2667 episcopum
1857 2596 1898 2651 el

1672 2611 1831 2666 opum
1857 2595 1957 2651 eli-
2065 2600 2412 2672 λογιώτατος,
2438 2595 2747 2666 ἐπιτήδειος
2767 2592 2844 2657 είς
2879 2590 3199 2644 ἐπίσκοπον.

404 2703 551 2751 atur.
2681 2701 2696 2707 ‘

446 2787 605 2841 43.5.
657 2784 1014 2842 saecularibus
1068 2782 1300 2850 electus,
1348 2797 1458 2839 non
1500 2790 1586 2837 est
1620 2778 1962 2836 ordinandus

1917 2793 1962 2836 ιε
2141 2772 2228 2836 ιγ’.
2275 2760 2660 2822 Ἀνεπίλεκτος
2690 2758 2719 2811 ὁ
2741 2755 3027 2825 κοσμικοῑς
3058 2748 3444 2821 ἐκλεγόμενος.

372 2893 687 2952 episcOpus.

446 2971 534 3027 ιι.
561 2927 770 3025 ἕλειοι,
799 2969 867 3025 ad
895 2968 1056 3024 aliam
1079 2967 1374 3038 parmciam
1399 2965 1564 3032 mitti,
1585 2964 1892 3036 indignum.

2139 2949 2222 3006 ιδ’.
2253 2940 2675 3016 Διαπέμπεσθαι
2701 2938 2773 2994 τὰ
2794 2937 2929 3008 ἅγια
2954 2936 3036 3000 είς
3059 2932 3378 3006 παροικίαν,
3413 2927 3661 2994 ἀνάξιον.

566 3023 1166 3118 αῌιιᾉέίέινεὼυοηὲω
1205 3058 1474 3125 ascendit,
1505 3023 1754 3128 escepti's
1776 3056 1845 3111 iis
1867 3053 1961 3125 qui

2140 3043 2224 3100 ιε’.
2261 3041 2324 3097 Ei
2358 3041 2436 3112 μὴ
2458 3037 2568 3093 ἀπὸ
2595 3033 2878 3106 διφθέρας,
2911 3029 3088 3092 οὐδεὶς
3121 3023 3513 3098 ἀμὸωνίζεται.

377 3157 447 3213 de
461 3155 650 3212 codice
674 3155 884 3226 legunt.
1993 3161 2036 3221 ο

453 3205 1065 3318 [diuque
1095 3239 1330 3314 apostoli
1377 3241 1629 3314 legantur
1654 3237 1926 3297 Sabbatis.

2151 3232 2250 3299 ις’.
2279 3228 2593 3299 Εὑαγγέλια
2634 3221 2731 3277 καὶ
2769 3215 3066 3275 ἀπόστολοι
3098 3205 3671 3281 ἀναγινωσκέσθωσαν

2079 3331 2192 3392 τοῖς
2221 3324 2514 3380 Σάϐὄασιν.

461 3428 546 3484 l7.
577 3427 639 3484 in
664 3424 1031 3485 conventibus
1053 3423 1324 3482 lectiones
1339 3421 1580 3495 psalmos
1609 3421 1959 3478 intersecent.

2153 3417 2242 3486 ιζ’.
2279 3419 2368 3472 Ἐν
2393 3417 2512 3480 ταῖς
2559 3411 2853 3477 συνάξεσιν
2879 3407 2940 3463 αἱ
2986 3400 3324 3474 ἀναγνώσεις
3369 3395 3492 3460 τοὺς
3527 3391 3673 3464 ψαλ-

2087 3514 2221 3586 μοὺς
2248 3507 2762 3582 περικοπτέτωσαν.

456 3609 546 3666 18.
585 3607 746 3666 Horis
776 3608 949 3666 Nonis
965 3623 1028 3666 ac
1053 3605 1316 3679 Vesperis
1339 3604 1547 3662 eaedem
1578 3617 1777 3674 preces
1810 3615 1972 3673 pera-

2157 3610 2248 3674 ιη’.
2292 3577 2598 3666 ’Ewdtatc,
2633 3595 2897 3668 ἑσπέραις
2927 3592 2985 3648 αἱ
3021 3587 3183 3645 αὐταὶ
3211 3582 3371 3656 εὐχαὶ
3399 3577 3670 3636 ἐπιτελεί-

386 3711 603 3775 gantur.
1307 3765 1318 3774 ι
2087 3697 2324 3751 σθωσαν.

459 3796 545 3850 19.
588 3795 722 3851 Post
764 3765 1318 3850 catechumenorum.
1349 3787 1655 3844 orationem
1708 3785 1978 3857 paniten-

2160 3788 2245 3845 ιθ’.
2279 3787 2437 3844 Μετά
2480 3784 2581 3855 τὴν
2619 3780 2732 3836 τῶν
2777 3773 3205 3848 κατηχουμένων
3241 3768 3429 3840 εὐχὴν,
3463 3763 3573 3857 τῶν
3613 3764 3673 3818 ἐν

388 3887 525 3940 tium
560 3900 753 3956 preces
807 3884 1131 3948 oll‘erantur,
1163 3888 1352 3951 postea
1400 3893 1534 3934 vero
1585 3856 1862 3932 ﬁdelium:

2148 3881 2353 3952 ετανοία
2375 3875 2752 3950 προσάγεσθαι
2777 3912 2794 3940 ,
2834 3871 2932 3925 καὶ
2967 3866 3104 3941 μετά
3128 3863 3286 3918 τοῦτο
3314 3861 3412 3933 τὴν
3439 3856 3548 3911 τῶν
3579 3873 3675 3908 πι-

392 3985 516 4048 post
541 3949 730 4045 pacem
759 3973 963 4028 oblatio
992 3971 1107 4040 ﬁat,
1143 3949 1278 4026 solis
1307 3967 1690 4024 sacerdotibus
1720 3981 1822 4037 pro
1844 3980 1919 4033 su;

2148 3975 2269 4029 τών·
2305 3949 2428 4028 καί
2460 3970 2601 4044 μετά
2647 3969 2896 4039 εἰρήνην,
2942 3963 3042 4034 τὴν
3098 3953 3379 4028 ἀναφορὰν
3405 3949 3675 4023 γίνεσθαι,

393 4078 549 4142 εθειυ
581 4065 925 4121 δθδθιηίδυε·
2093 4065 2507 4140 βηματιζόντων
2535 4063 2713 4134 μόνων
2739 4059 2849 4113 τῶν
2877 4055 3092 4128 ἱερέων.

461 4161 553 4216 20.
589 4160 856 4214 Diaconos
884 4157 987 4212 nisi
1012 4156 1202 4226 jussus
1235 4154 1443 4211 sedeat.

2163 4155 2234 4215 κ’.
2278 4155 2631 4218 ’Δκέλευστος
2668 4149 2742 4222 μὴ
2774 4144 3094 4212 καθεζέσθω
3115 4142 3383 4204 διάκονος.

466 4255 557 4310 21.
587 4252 729 4308 Vasa
777 4251 1028 4306 minister
1072 4265 1144 4306 ne
1186 4257 1375 4319 tangat
1399 4287 1415 4314 ,
1455 4260 1638 4318 neque
1673 4244 1819 4301 enim
1853 4258 1978 4300 ora-

2164 4257 2272 4306 κα’.
2306 4247 2526 4303 Σκευῶν
2549 4245 2828 4318 ὑπηρέτης
2865 4241 2939 4313 μὴ
2963 4239 3189 4294 ἅπτοιτο
3217 4249 3233 4266 ⁸
3283 4231 3344 4287 οὐ
3383 4229 3492 4301 γάρ
3525 4223 3679 4296 ὠρά-

397 4347 540 4402 rinm
581 4343 846 4400 induitur.

2094 4361 2208 4416 ριον
2235 4343 2619 4415 ἀμφιέννυται.

467 4438 560 4494 22.
593 4437 800 4494 Cantor
822 4443 880 4492 et
905 4435 1080 4492 lector
1104 4449 1210 4490 non
1239 4432 1422 4489 ferunt
1469 4430 1731 4488 orarium.

2166 4409 2290 4505 ἰβ’-ν
2322 4409 2549 4502 Ψάλτης
2593 4426 2690 4484 καὶ
2732 4423 3090 4495 ἀναγνώστης
3130 4419 3192 4474 οὐ
3235 4429 3493 4490 φορουσιν
3531 4409 3683 4482 ώρά-

2017 4526 2061 4582 D
2095 4544 2230 4582 mov.

469 4624 561 4679 25.
594 4620 786 4679 Omnis
811 4619 1046 4676 clericus
1078 4631 1388 4689 cauponam
1421 4613 1634 4686 ingredi
1661 4627 1769 4667 non
1799 4611 1982 4667 debet.

2017 4545 2061 4582 υ
2130 4545 2230 4581 ιον.

1688 4627 1769 4667 ιοη
1799 4611 1982 4667 debet.
2095 4545 2127 4599 ρ
2170 4625 2278 4689 κγ’.
2310 4620 2492 4681 ’Ἅπας
2519 4613 2783 4686 κληρικὸς
2815 4609 3215 4681 ἀκαπήλευτος.

470 4719 563 4772 24.
601 4716 809 4773 Panem
835 4722 890 4771 et
921 4713 1150 4770 calicem
1177 4711 1431 4767 minister
1458 4723 1571 4763 non
1599 4708 1714 4762 dat.

2171 4714 2271 4769 κδ’.
2311 4715 2510 4784 ’Ἄρτον
2534 4710 2629 4765 καὶ
2651 4707 2914 4778 ποτήριον
2946 4706 2975 4759 ό
3000 4700 3284 4774 ὑπηρέτης
3312 4697 3373 4752 οὐ
3410 4695 3649 4751 δίδωσιν.

474 4811 567 4865 25.
599 4808 720 4865 Non
746 4809 1078 4874 exorcissat,
1116 4805 1219 4862 nisi
1249 4806 1342 4875 qui
1370 4805 1438 4859 ab
1484 4803 1743 4874 episcopo
1779 4801 1848 4857 ad
1888 4801 1991 4857 hoc

2172 4807 2272 4864 κε’.
2316 4807 2431 4861 Οὐκ
2475 4801 2811 4876 ἐφορκίζειῤ
2853 4800 2929 4870 μὴ
2973 4796 3106 4868 παρ’
3145 4791 3447 4848 ἐπισκόπου
3488 4786 3690 4858 ἀγόμε-

405 4919 606 4961 munus
629 4910 921 4973 provectus
950 4908 1054 4955 est.
2100 4918 2210 4965 νος.

476 4996 565 5052 26.
590 4997 674 5051 Ab
701 4995 858 5050 altari
883 4993 1118 5048 clericus
1145 4999 1331 5062 partes
1351 5004 1456 5044 non
1486 4986 1666 5044 θεῖοι-ι.

2173 5000 2286 5060 κςν.
2335 4990 2468 5045 Ἀπὸ
2495 4988 2680 5052 ἑστίας
2709 4983 2970 5055 κληρικὸς
3004 4981 3230 5056 μερίδας
3251 4979 3350 5034 οὐκ
3382 4978 3593 5046 ἄγεται.

478 5093 570 5149 27.
619 5090 920 5145 Accubitus
955 5097 1011 5144 et
1049 5102 1236 5160 agapa:
1273 5087 1329 5141 in
1371 5085 1622 5141 ecclesiis
1668 5098 1780 5140 non
1827 5082 1983 5140 ﬁunt.

2174 5085 2278 5150 κζ’.
2315 5083 2606 5138 Ἀκούϐιτα
2628 5081 2720 5136 καὶ
2741 5080 2953 5150 ἀγάπαι
2976 5077 3062 5131 ἐπ’
3091 5074 3390 5145 ἐκκλησίας
3419 5069 3481 5123 οὐ
3512 5067 3693 5136 γίνον-

2101 5198 2214 5234 ται.

475 5276 567 5334 28.
601 5275 950 5334 Christianus
1001 5289 1071 5331 ne
1097 5273 1428 5340 sabbatizet,
1457 5269 1556 5327 sed
1589 5269 1761 5342 prima
1784 5271 1888 5327 hoc
1910 5282 1994 5328 est

2175 5279 2283 5344 κη’.
2319 5272 2394 5327 Οὐ
2432 5269 2747 5324 σαϐϐατίσει
2774 5262 3120 5338 Χριστιανὸς,
3164 5258 3303 5315 ἀλλά
3339 5253 3591 5328 σχολάσει
3622 5252 3689 5322 τῇ

413 5370 694 5427 Dominica
723 5369 812 5424 die
837 5369 1088 5424 ferietur.

2106 5374 2152 5420 a.’
2190 5366 2396 5438 ἡμέρᾳ,
2422 5365 2592 5436 ἤγουν
2621 5365 2686 5433 τῇ
2717 5361 2993 5431 Κυριακῇ.

484 5465 581 5521 29.
610 5463 749 5520 Cum
775 5463 1100 5520 mulieribus
1127 5459 1296 5516 lavari
1325 5459 1504 5515 nefas.

2181 5437 2286 5513 κδ’.
2317 5455 2538 5520 Γυναιξὶ
2560 5453 2669 5507 τῶν
2684 5451 2961 5522 ἀθεμίτων
2986 5445 3381 5503 συλλούσασθαι
3399 5437 3690 5496 κωλυτέον.

485 5561 580 5617 50.
605 5559 921 5631 Accipiendi
966 5569 1120 5626 sunt,
1157 5574 1268 5614 non
1298 5557 1462 5614 dandi
1495 5556 1766 5613 haereticis
1806 5556 1860 5611 in
1888 5571 2004 5612 ma-

2177 5549 2244 5606 λ’.
2285 5549 2604 5619 Λαμϐἁνειν
2631 5545 2689 5599 οὐ
2717 5545 2919 5599 διδόναι
2946 5544 3058 5605 τοῖς
3104 5537 3399 5611 αίρετικοῖς
3451 5532 3533 5597 είς
3561 5544 3689 5584 συν-

416 5653 738 5710 trimonium
759 5652 936 5710 liberi.
1807 5714 1809 5716 _

1807 5714 1809 5716 _
2111 5646 2308 5713 ἁφειαν
2345 5641 2535 5696 τέκνα.

487 5745 580 5802 ⁸51.
643 5743 1039 5804 Ηωιθιίοοτυιη
1117 5745 1534 5806 benedictiones
1589 5739 2001 5820 maledictioncs

1879 5753 2001 5820 mes
2182 5735 2282 5790 λα’.
2327 5733 2568 5804 ’Δλογίαι
2604 5731 2662 5786 αἱ
2690 5731 2799 5787 τῶν
2825 5725 3118 5800 αἱρετικῶν
3142 5719 3406 5790 εὐλογίαι.

420 5845 550 5892 Iunt
565 5836 869 5893 censenda.

2009 5925 2020 5938 ι
2073 5925 2084 5928 -
2150 5925 2177 5932 ι-

1991 5939 2022 5954 ’*
2087 5944 2103 5952 ⁸·
2135 5950 2182 5960 ο.
2217 5951 2227 5958 ι
