3868 6516
218 445 333 533 265

1455 437 1792 497 ΕΡΙῚῸΜΕ
1832 437 2221 499 CANONUM.

3380 445 3491 510 266

1992 548 2079 603 52.
2118 546 2219 614 Qui
2265 546 2431 633 falsos
2483 525 2873 606 haereticorum
2908 563 3170 626 martyras
3236 556 3492 616 honorat.

239 654 511 703 Ξινάθειια.
1718 689 1723 694 -

239 654 254 666 ⁵
377 665 404 701 ε
452 666 511 703 α.
1718 689 1723 694 .

226 648 508 814 ανῗ3.μ⁹0
561 739 964 814 παραωνάγων
988 779 1003 806 ,
1048 715 1156 790 καὶ.
1190 720 1474 806 ὀνομάζων
1524 734 1813 804 ἀγγέλους,

221 835 683 907 είδωλολατρείας
705 830 957 905 πλησίον.

297 1020 393 1075 λδν.
429 1018 545 1073 οὒκ
598 998 752 1070 ἔσται
807 1014 1005 1088 μάγος,
1047 1012 1081 1084 ἢ
1135 1010 1408 1076 ὲπαοιδὺς,
1443 1010 1478 1081 ἢ
1513 1009 1817 1083 μαθητικδς

222 1111 341 1185 [ἴσ.
377 1097 784 1183 μαθηματικὸς]
811 1147 827 1170 ,
862 1109 896 1177 ἢ
950 1105 1296 1179 ἀστρολόγος,
1349 1103 1383 1176 ἢ
1411 1104 1756 1176 περιάπτης,
1786 1104 1815 1155 ὁ

225 1206 509 1276 ἱερατείαν
534 1200 1032 1272 ἐπαγγελλόμενος.

295 1297 392 1350 λε’.
418 1297 495 1350 Οὐ
522 1294 905 1365 συνεορτάσεις
927 1333 943 1359 ,
995 1291 1118 1347 οὐδὲ
1169 1288 1511 1365 δεξιωθείης-
1539 1287 1815 1360 Ἑϐραίοις

223 1390 323 1442 καὶ
353 1388 592 1443 ἔθνεσιν.
631 1432 637 1437 .
729 1424 737 1432 .
1007 1447 1012 1451 _

295 1480 406 1549 λς’.
448 1481 509 1535 '0
562 1480 897 1551 καλούμενος
955 1478 1049 1532 ἐπὶ
1080 1475 1323 1540 σύνοδον,
1360 1474 1459 1530 καὶ
1508 1472 1740 1538 ἀθετῶν,
1765 1474 1814 1526 εἰ

227 1574 307 1645 μὴ
346 1574 659 1644 ἀνώμαλος,
696 1575 895 1635 αἴτιος.

299 1666 402 1731 λζ’.
436 1653 818 1730 Ἀκανόνιστος
871 1664 1135 1738 κληρικδς
1161 1703 1176 1729 ,
1309 1659 1693 1727 ἀνεπίτακτος,
1751 1659 1812 1712 ού

226 1759 503 1832 πρόεισιν.

295 1851 758 1926 λη⁹.’.⁹Υπηρέτης
787 1851 888 1917 τάς
919 1849 1278 1922 θύραςάφεὶς
1316 1848 1375 1902 ού
1425 1844 1808 1919 προσεύχεται.

296 1941 399 1999 λθ¹.
422 1940 646 2008 Γυναιξὶ
669 1941 730 1997 τὸ
760 1941 1079 2012 ἱλαστήριον
1113 1940 1339 1994 ἄϐατον.

302 2033 379 2107 μ’.
410 2034 697 2106 Εἴποι-τὴν
741 2032 924 2088 πίστιν
972 2034 1040 2105 τῇ
1069 2030 1299 2101 πέμπτῃ
1338 2029 1437 2099 τῆς
1466 2026 1758 2099 ἑϐδομάδος
1785 2028 1813 2079 ὸ

227 2127 653 2201 βαπτιζόμενος.
1368 2154 1373 2159 ·
1406 2163 1411 2166 ο

302 2220 416 2293 μα’.
457 2223 569 2276 Καὶ
590 2222 647 2274 ἐν
676 2219 841 2291 νόσῳ,
868 2217 1007 2291 μετά
1047 2215 1245 2290 βραχύ.

301 2315 413 2387 μβ¹.
449 2316 540 2385 Τῆ
566 2313 991 2386 Τεσσαρακοστῇ
1034 2310 1112 2381 μὴ
1137 2307 1457 2380 προσάγειν,
1517 2306 1653 2380 μηδὲ
1696 2304 1814 2358 διας

166 2444 169 2447 ι
224 2409 375 2463 λύειν
405 2407 661 2473 καθόλου,
700 2405 836 2477 μὴδὲ
870 2404 1060 2476 μνείας
1093 2401 1390 2474 μαρτύρων
1421 2399 1619 2467 τελεῖν,
1660 2398 1710 2451 εί
1740 2399 1815 2469 μὴ

230 2499 543 2573 Κυριακαξ
579 2515 642 2550 τε
678 2495 774 2551 καὶ
806 2494 1106 2549 Σάϐϐασιν.
1196 2502 1201 2507 ’
1361 2500 1367 2506 ’
1445 2522 1451 2529 -

303 2590 413 2669 μγ¹.
445 2592 523 2646 Οὐ
551 2590 787 2645 τελεῖται
808 2592 878 2661 τῇ
907 2587 1341 2665 Ἰἐσσαρακοστῇ⁸
1357 2584 1554 2656 γάμος,
1579 2583 1702 2637 οὐδὲ
1726 2599 1817 2652 γε-

227 2685 462 2740 νέθλιον.
808 2706 812 2709 ·
1440 2732 1453 2744 .

304 2772 410 2843 μδ¹.
444 2770 732 2836 Βαλλίζειν
761 2768 876 2843 [ῑσ.
913 2765 1187 2841 Δύλίζειν]
1219 2769 1278 2821 ὲν
1305 2765 1531 2837 γάμοις,
1566 2764 1601 2836 ἢ
1631 2763 1811 2835 ὀρχεῖ-

230 2873 380 2930 σθαι,
422 2866 668 2932 ἀνάξιον.
778 2850 794 2869 ’
1477 2927 1483 2933 ,

308 2959 415 3031 με’.
446 2959 553 3013 Τδν
614 2957 799 3031 μέντοι
840 2948 1119 3027 ἱερατικὸν
1149 2954 1245 3011 καὶ
1275 2952 1385 3023 πρὸ
1420 2951 1525 3024 τῆς
1581 2950 1818 3023 θυμέλης

229 3053 598 3126 ἀπέρχεσθαι.
1294 3120 1299 3125 _

309 3146 427 3219 μς’.
476 3146 734 3219 Ἐράνους
769 3144 893 3200 οὔτε
919 3141 1204 3216 κληρικδς,
1237 3139 1361 3194 οὕτε
1421 3137 1609 3202 λαῖκδς
1660 3138 1819 3191 ἐκτε-

230 3256 474 3295 ιεσεται.
890 3272 891 3275 η
1106 3264 1109 3267 ‘

231 3420 336 3473 οὐκ
358 3420 609 3485 εἴσεισιν,
648 3419 772 3474 οὐδὲ
797 3419 1054 3489 κάθηται.

306 3510 421 3584 μη’.
455 3514 551 3577 Εἰς
575 3512 794 3584 κώμην,
826 3511 860 3583 ἥ
886 3510 1074 3583 χώραν
1114 3507 1413 3563 ἐπίσκοπον
1459 3504 1571 3577 [τον.
1595 3502 1821 3558 ἐπίσκο-

235 3604 361 3679 πος]
382 3606 446 3659 ού
477 3598 825 3660 καθίσταται·
851 3605 899 3658 εί
918 3602 976 3657 δέ
999 3619 1084 3667 τις
1110 3600 1375 3672 κατέστη,
1401 3599 1534 3671 μήτι
1552 3595 1822 3651 διοικείτω

232 3697 329 3751 τοῦ
359 3699 667 3752 ἐπισκόπου
687 3696 812 3767 δίχα
840 3697 940 3768 τῆς
962 3696 1197 3759 πόλεως.

309 3788 421 3861 μθ¹.
458 3791 817 3854 Ἐπίσκοπος,
880 3790 915 3862 ἢ
975 3788 1351 3861 πρεσϐύτερος
1400 3787 1482 3850 εἰς
1544 3779 1693 3838 οἶκον
1746 3783 1822 3856 μὴ

241 3883 567 3951 πμηαγέτω
601 3880 943 3953 προσφοράν.

313 3965 379 4022 ν’.
423 3968 695 4028 ’ἰδιωτικά
737 3972 922 4043 βιϐλία
946 3974 1092 4037 ναοῖς
1119 3972 1222 4027 οὐκ
1252 3968 1711 4040 ἀναγινώσκεται.

277 4226 564 4296 Ἐπιτομὴ
593 4227 873 4283 κανόνων
897 4228 1005 4298 τῆς
1034 4228 1106 4283 ἐν
1124 4228 1468 4299 Καρθαγένῃ
1492 4220 1782 4283 συνόδου.

230 4352 235 4357 ’
307 4355 380 4412 α’.
420 4355 832 4420 Εί,καθέλωσιν
884 4359 1183 4413 ἐπίσκοπον
1211 4358 1525 4424 ἐπίσκοποι,
1585 4357 1682 4410 ἐὰν
1730 4356 1821 4412 τὸν

252 4448 475 4520 Ῥώμης
506 4449 772 4521 ἐγκλητόν
793 4450 1086 4519 ἐπάγοιντο
1110 4450 1316 4505 τούτων
1334 4450 1460 4523 [leg.
1493 4450 1590 4517 sic,
1620 4449 1820 4518 ἔκκλη-

237 4557 331 4593 τον
397 4541 677 4610 ἐπάγοιτο,
732 4541 922 4599 τοῦτον
975 4540 1381 4614 εύάκουστονΑ
1407 4542 1527 4611 *τοῦ
1603 4539 1822 4613 Ῥώμης

242 4633 546 4698 γράφοντος
581 4632 614 4703 ἢ
650 4633 1053 4698 ἐπιτάττοντος.

315 4715 382 4788 βὀ
429 4717 580 4771 Ἐπεὶ
604 4725 678 4797 μὴ
712 4725 941 4798 εὓρηται
965 4726 1034 4780 τὰ
1055 4728 1135 4798 εἰς
1163 4725 1400 4780 Νίκαιαν
1433 4724 1822 4796 πεπραγμένα,

1917 641 2230 696 anathema.
2906 716 2910 720 _
2957 714 2963 721 υ

1988 732 2078 788 55.
2111 731 2212 798 Qui
2238 733 2446 789 alienos
2475 732 2544 789 ab
2582 734 2812 791 ecclesia
2863 746 3170 795 conventus
3209 741 3339 813 agit,
3387 760 3491 800 an-

1919 825 2281 897 gelorumque
2309 825 2533 880 nomina
2568 825 2804 891 invocat,
2848 827 3167 887 idololatria:
3206 818 3495 905 proximus

1918 928 2021 975 est.
2354 988 2359 994 ι
3074 986 3081 993 ,

1988 1011 2079 1068 54.
2112 1010 2213 1079 Qui
2242 1011 2604 1068 sacerdotium
2644 1011 2953 1085 proﬁtetur,
2986 1029 3095 1083 non
3143 1015 3247 1072 erit
3293 1033 3489 1090 magus

1917 1113 2013 1160 aut
2029 1106 2353 1169 incantatur,
2377 1113 2472 1159 aut
2488 1103 2926 1170 mathematicus,
2947 1114 3041 1160 aut
3055 1107 3490 1179 astrologus,aut

1917 1212 1981 1253 ex
2013 1211 2203 1252 eorum
2224 1212 2450 1252 numero
2471 1197 2563 1267 qui
2594 1198 2829 1251 amuleta
2860 1197 3001 1252 collo
3022 1201 3364 1269 appendunt.

1986 1288 2076 1344 55.
2105 1288 2265 1344 Festa
2293 1304 2402 1342 non
2424 1289 2752 1355 celebrabis,
2782 1305 2958 1361 neque
2980 1291 3298 1347 societatem
3328 1293 3496 1350 inibis

1916 1396 2041 1438 cum
2069 1380 2312 1439 Hebraeis
2342 1390 2398 1437 et
2423 1381 2742 1452 gentilibus.
3471 1396 3479 1402 '

1986 1473 2079 1529 56.
2128 1472 2233 1540 Qui
2272 1467 2521 1529 vocatur
2553 1472 2622 1528 ad
2676 1474 2943 1544 synodum
2982 1483 3038 1531 et
3089 1477 3339 1548 spernit,
3390 1476 3494 1532 nisi

1869 1610 1875 1617 .
1917 1564 2165 1621 inﬁrmus
2213 1566 2304 1631 sit,
2336 1563 2497 1636 culpa
2524 1578 2631 1619 non
2665 1573 2839 1620 vacat.

1986 1658 2076 1713 57.
2104 1656 2347 1715 Clericus
2371 1657 2490 1712 sine
2519 1658 2982 1715 commendaticiis
3023 1659 3241 1726 litteris,
3267 1668 3363 1717 aut
3405 1642 3493 1717 in.

1914 1746 2099 1821 jussus
2118 1765 2385 1820 nusquam
2414 1749 2799 1825 proﬁciscitur.

1986 1841 2077 1897 58.
2109 1842 2354 1909 Minister
2382 1857 2494 1897 non
2527 1842 2693 1898 debet
2720 1842 2882 1904 ostiis
2913 1841 3122 1900 relictis
3151 1856 3330 1899 orare.

1840 1926 1885 1985 Β
1983 1933 2073 1990 59.
2107 1933 2429 1990 Mulieribus
2450 1934 2621 1989 altare
2647 1933 3012 1990 inaccessum.

1986 2026 2077 2080 40.
2099 2026 2410 2100 Baptizatus
2424 2027 2567 2084 dicat
2581 2026 2743 2116 ﬁdem
2756 2029 2944 2100 quinta
2962 2027 3096 2085 feria
3107 2029 3487 2088 hebdomadis.

1922 2250 1936 2259 -
1986 2218 2077 2275 41.
2107 2218 2177 2274 Et
2197 2217 2290 2288 qui
2316 2217 2370 2273 in
2399 2215 2592 2273 morbo
2650 2216 2983 2275 constitutus
3016 2227 3100 2275 est
3146 2218 3309 2290 paulo
3350 2229 3494 2291 post.

1985 2309 2076 2366 42.
2105 2306 2530 2388 Quadragesima
2551 2322 2666 2363 non
2695 2316 2911 2379 oportet
2933 2307 3162 2372 oﬂ‘erre.
3204 2325 3385 2382 neque
3412 2311 3497 2382 je-

1886 2401 2130 2472 ‘junium
2156 2399 2379 2456 omnino
2409 2399 2730 2472 dissolvere,
2759 2413 2936 2471 neque
2967 2401 3261 2457 memorias
3287 2410 3494 2474 marty—

1918 2508 2038 2547 rum
2057 2478 2356 2557 celebrare,
2388 2491 2493 2546 nisi
2526 2490 2822 2549 Dominicis
2837 2491 3177 2550 etSabbatis.

1986 2571 2076 2639 45.
2111 2582 2538 2655 Quadragesima
2564 2598 2676 2640 non
2694 2585 3040 2641 celebrantur
3067 2587 3292 2657 nuptiae,
3317 2601 3499 2659 neque

1918 2676 2185 2730 natalitia.

1989 2768 2077 2823 44.
2107 2768 2263 2824 Tibia
2293 2783 2492 2825 canere
2517 2769 2573 2825 in
2599 2747 2826 2842 nuptiis,
2852 2780 2947 2828 aut
2965 2771 3167 2830 saltare
3187 2773 3495 2848 indignum.

1995 2956 2081 3011 ιδ.
2110 2955 2179 3011 At
2208 2970 2337 3039 vero
2372 2954 2542 3012 sacris
2566 2956 2900 3013 deservienti
2927 2965 3056 3014 ante
3080 2958 3497 3030 thymelicorum

1922 3051 2229 3124 ingressum
2278 3050 2592 3107 abeundum
2634 3058 2738 3106 est.

1992 3143 2084 3200 46.
2116 3143 2373 3200 Convivia
2401 3160 2469 3200 ex
2493 3143 2703 3200 collatis
2728 3144 2991 3216 symbolis
3020 3159 3202 3218 neque
3239 3145 3499 3214 clericus.

307 3256 841 3401 ῖζῖῗιλῖρεσϐύτερος
868 3327 962 3382 ὲπὶ
992 3326 1236 3399 βήματος
1267 3322 1373 3395 πρὸ
1396 3321 1490 3376 τοῦ
1516 3320 1813 3375 ἐπισκόπου

1969 3248 2102 3306 eque
2126 3235 2300 3291 laicus
2332 3234 2650 3291 celebrabit.

1992 3327 2083 3382 47.
2115 3324 2407 3399 Presbyter
2422 3327 2483 3382 in
2504 3343 2650 3400 suggi

1992 3327 2083 3382 47.
2115 3324 2407 3399 Presbyter
2422 3327 2483 3382 in
2504 3336 2819 3400 suggestum
2832 3344 2899 3384 an
2909 3335 2961 3385 te
2981 3328 3298 3403 episcopum
3326 3348 3393 3390 ne
3420 3333 3506 3389 in-

1922 3419 2215 3492 grediatur,
2247 3434 2429 3489 neque
2448 3419 2658 3491 sedeat.

1990 3508 2082 3564 48.
2108 3509 2167 3563 1η
2197 3508 2336 3590 vicis
2359 3516 2456 3591 aut
2481 3510 2638 3581 pagis
2658 3509 2955 3580 episcopus
2971 3525 3080 3566 non
3105 3513 3503 3572 constituitur:
3601 3520 3609 3529 '

1920 3602 1968 3657 si
1999 3601 2123 3672 quis
2144 3616 2274 3657 vero
2299 3601 2634 3657 constitutus
2670 3601 2763 3671 sit,
2810 3602 2949 3658 nihil
2979 3604 3279 3676 quidquam
3324 3606 3502 3664 admi-

1922 3693 2116 3749 nistret
2134 3693 2254 3750 sine
2282 3693 2434 3749 urbis
2459 3693 2742 3765 episcopo.

1992 3785 2082 3841 49.
2109 3786 2412 3857 Episcopus
2428 3794 2525 3841 aut
2542 3782 2830 3861 presbyter
2853 3788 2910 3844 in
2931 3790 3161 3861 privatis
3192 3792 3404 3851 adibus
3430 3808 3503 3849 ne

1923 3877 2136 3934 oﬁerat.
2154 3872 2169 3880 ”
2296 3880 2301 3883 ’
2557 3928 2564 3936 .

1993 3969 2084 4026 50.
2114 3970 2264 4027 Libri
2297 3987 2324 4025 a
2348 3971 2578 4043 privatis
2609 3974 2899 4047 compositi
2920 3975 2978 4032 in
3009 3976 3229 4051 templis
3272 3992 3390 4036 non
3421 3976 3502 4036 le-

1924 4068 2146 4133 guntur.
3347 4069 3356 4077 '

2078 4210 2322 4279 Epitome
2351 4226 2613 4265 canonum
2648 4211 2860 4267 concilii
2891 4210 3345 4287 Carthaginemis.

1980 4341 2050 4396 1.
2077 4339 2134 4397 Si
2164 4340 2483 4412 episcopum
2510 4340 2754 4412 episcopi
2784 4341 3168 4413 deposuerint,
3201 4345 3247 4401 si
3287 4346 3504 4416 episco-

1921 4449 2053 4507 pum
2076 4434 2384 4489 Romanum
2417 4434 2483 4489 ad
2512 4448 2673 4504 quem
2704 4435 3033 4506 appellatum
3070 4445 3155 4491 est
3184 4440 3499 4503 acccrserit,

1924 4524 2016 4580 hic
2037 4524 2272 4596 benigne
2296 4523 2626 4589 audiendus,
2666 4525 3006 4580 rescri’bente
3042 4526 3358 4596 praesertim,
3404 4539 3502 4584 aut

1770 4597 1788 4635 -'
1801 4597 1819 4607 ’
1856 4648 1898 4704 D
1926 4617 2153 4689 jubente
2172 4614 2431 4686 pontiﬁce
2460 4597 2729 4671 Romano.
2750 4669 2765 4680 .

1997 4712 2054 4768 2.
2086 4708 2537 4780 Quandoquidem
2570 4724 2680 4764 non
2712 4708 2931 4764 inventa
2960 4716 3090 4764 sunt
3116 4716 3238 4765 acta
3277 4709 3501 4768 concilii

241 4811 395 4878 ἄξιος
456 4810 486 4862 ὁ
529 4808 744 4880 Ῥώμης
795 4818 873 4891 τῷ
904 4819 1320 4876 Κωνσταντίνου
1381 4819 1415 4891 ἢ
1474 4817 1813 4890 Ἀλεξάνδρον.

1969 4802 2157 4868 ζίοεεηί,
2196 4802 2453 4874 dignetur
2492 4800 2782 4871 episcopus
2831 4798 3115 4856 Romanus
3161 4801 3403 4860 scribere
3436 4805 3504 4860 ad

241 4901 306 4974 Π·
350 4900 782 4974 Ἀλεξανδρίνου]
814 4911 1040 4977 γράψαι,
1070 4912 1164 4966 καὶ
1203 4911 1361 4968 λάϐοι
1397 4911 1612 4985 ἐκεῖθεν
1661 4911 1822 4977 αὐτὰ,

196 4995 339 5052 «ml.
368 4997 505 5067 ἡμῖν
533 4995 845 5066 ὲμφανίσοι.

313 5087 386 5159 γ’.
419 5088 799 5160 Πρεσϐύτερος
825 5089 921 5143 καὶ
953 5090 1199 5158 διάκονος
1228 5093 1613 5171 ἀφωρισμένος
1643 5095 1826 5151 ἄδειαν

1926 4897 2243 4968 episcopum
2259 4892 2919 4964 Constantinopolitanum
2940 4890 3025 4949 vel
3049 4894 3501 4962 Alexandrinum,

1927 5003 2101 5059 eaque
2126 4988 2253 5044 inde
2280 4988 2548 5059 accipiat,
2577 4986 3247 5058 nobisquereprinsentet.

1999 5083 2053 5137 5.
2084 5080 2377 5153 Presbyter
2410 5089 2465 5135 et
2495 5080 2760 5136 diaconus
2803 5088 3144 5152 segregatus,
3192 5081 3504 5139 libertatem

243 5183 358 5252 ἔχει
392 5184 509 5246 τοῖς
535 5182 758 5254 ὁμόροις
781 5182 1036 5253 ἐγκαλεῖν
1063 5183 1178 5258 [γρ.
1216 5186 1516 5261 ὲκκαλεῖν].
1548 5187 1610 5241 Et
1643 5187 1827 5259 μέντοι
1926 5175 2093 5231 hab“
2121 5175 2191 5230 ad
2220 5174 2437 5230 νίοίηος
2461 5173 2793 5246 ³ΡΡεῙῘ³ηάίο
2846 5174 3141 5230 Εηίῐυνθτο
3174 5174 3268 5244 qni
3307 5191 3496 5249 secre-

242 5274 437 5346 φέρειν
495 5273 835 5339 ἀνεξικάκως
867 5275 896 5327 ὁ
947 5277 1239 5348 ἀφορίσας.
1271 5277 1333 5332 τὸ
1370 5278 1813 5351 κυρωθησόμενοκ

1969 5276 2087 5323 atus
2129 5267 2234 5324 fuit
2272 5275 2488 5323 tenetur
2515 5281 2672 5337 aequo
2709 5266 2897 5322 animo
2917 5265 3061 5323 ferre
3108 5267 3255 5337 quod
3298 5268 3503 5325 contir-

242 5363 613 5433 ὲποφείλεται.

312 5456 378 5511 δ’.
412 5456 498 5512 Τὰ
553 5457 928 5527 ὲπιτραπέντα
971 5460 1085 5522 τοῖς
1133 5459 1276 5514 κατά
1330 5459 1569 5516 Νίκαιαν
1602 5461 1825 5527 ἅπασιν,

242 5549 516 5603 ἄτρεπτα.

382 5566 516 5603 πτα.

317 5565 383 5697 εἰ
420 5640 590 5696 Οὐδὲν
626 5640 726 5712 τῆς
759 5640 991 5715 Τριάδος
1019 5644 1278 5718 διάφορον
1328 5647 1362 5718 ἢ
1400 5644 1752 5716 γινώσκεται,
1788 5643 1822 5713 ἢ

242 5734 580 5804 διδάσκεται,
612 5735 755 5791 κατά
772 5736 875 5807 τὴν
893 5735 1003 5793 τῶν
1032 5738 1091 5792 ὲν
1118 5738 1327 5821 Νικαίς.
1370 5737 1682 5810 βεϐαίωσιν.

318 5921 395 5992 ς’.
434 5921 786 5988 Ἐπίσκοπος,
846 5922 940 5994 καὶ
986 5922 1377 5997 πρεσϐύτερος,
1428 5926 1522 5984 καὶ
1576 5925 1826 5990 διάκονος

567 6018 837 6081 Panos.
868 6020 984 6080 Gn.
1023 6019 1246 6082 CXIV.

1932 5370 2138 5417 matum
2171 5361 2356 5417 fuerit.

2006 5456 2061 5510 4.
2114 5453 2249 5520 Quae
2299 5468 2330 5507 a
2386 5451 2621 5508 concilio
2680 5450 2903 5506 Niczeno
2951 5449 3207 5506 omnibus
3244 5451 3510 5522 permissa

1929 5554 2079 5611 sunt,
2097 5561 2161 5600 ea
2193 5543 2554 5599 immutabilia
2575 5551 2729 5598 sunt.

2002 5638 2058 5693 5.
2084 5635 2229 5690 Nihil
2276 5635 2421 5705 quod
2447 5650 2479 5689 a
2515 5633 2794 5691 Trinitate
2837 5633 3132 5704 discrepat,
3177 5633 3266 5689 vel
3311 5625 3512 5705 cogno—

1929 5730 2103 5786 scitur
2123 5728 2472 5792 veldocetor,
2504 5727 2808 5782 secundum
2834 5724 3037 5782 Nicaeni
3062 5724 3276 5777 concilii
3299 5725 3502 5778 consti-

1930 5823 2219 5880 tutionem.
3228 5828 3231 5831 λ

2007 5917 2422 5990 6.'Episcopus,
2447 5913 2745 5988 presbyter.
2762 5919 2817 5969 et
2846 5909 3112 5967 diaconus
3138 5915 3319 5964 castus
3348 5908 3416 5964 sit
3451 5920 3509 5968 et

3152 6008 3191 6067 9
