  <div class='ocr_page' id='page_1' title='image "/cluster/home/n/w/nwhite01/storage/ocr_20150623/114/hvd.32044019208123/140.png"; bbox 0 0 3868 6462; ppageno 0'>
   <div class='ocr_carea' id='block_1_1' title="bbox 190 417 298 479">
    <p class='ocr_par' dir='ltr' id='par_1_1' title="bbox 190 417 298 479">
     <span class='ocr_line' id='line_1_1' title="bbox 190 417 298 479; baseline -0.019 -2"><span class='ocrx_word' id='word_1_1' title='bbox 190 417 298 479; x_wconf 70' lang='grc' dir='ltr'>ἱϐί)</span> 
     </span>
    </p>
   </div>
   <div class='ocr_carea' id='block_1_2' title="bbox 1435 411 2202 474">
    <p class='ocr_par' dir='ltr' id='par_1_2' title="bbox 1435 411 2202 474">
     <span class='ocr_line' id='line_1_2' title="bbox 1435 411 2202 474; baseline -0.004 0"><span class='ocrx_word' id='word_1_2' title='bbox 1435 411 1773 474; x_wconf 81' lang='grc' dir='ltr'><strong>ΕΡΙΤΟΜΕ</strong></span> <span class='ocrx_word' id='word_1_3' title='bbox 1814 411 2202 472; x_wconf 82' lang='lat' dir='ltr'><strong>CANONUM.</strong></span> 
     </span>
    </p>
   </div>
   <div class='ocr_carea' id='block_1_3' title="bbox 3347 404 3460 464">
    <p class='ocr_par' dir='ltr' id='par_1_3' title="bbox 3347 404 3460 464">
     <span class='ocr_line' id='line_1_3' title="bbox 3347 404 3460 464; baseline 0 -1"><span class='ocrx_word' id='word_1_4' title='bbox 3347 404 3460 464; x_wconf 72' lang='grc' dir='ltr'>2ῗο</span> 
     </span>
    </p>
   </div>
   <div class='ocr_carea' id='block_1_4' title="bbox 265 505 1791 602">
    <p class='ocr_par' dir='ltr' id='par_1_4' title="bbox 265 505 1774 602">
     <span class='ocr_line' id='line_1_4' title="bbox 265 505 1774 602; baseline -0.004 -18"><span class='ocrx_word' id='word_1_5' title='bbox 265 505 377 602; x_wconf 80' lang='grc' dir='ltr'>κη’.</span> <span class='ocrx_word' id='word_1_6' title='bbox 426 530 484 583; x_wconf 89' lang='lat'><strong>&#39;0</strong></span> <span class='ocrx_word' id='word_1_7' title='bbox 512 529 878 600; x_wconf 75' lang='grc' dir='ltr'><strong>ἀκοινώνητος</strong></span> <span class='ocrx_word' id='word_1_8' title='bbox 917 527 1274 598; x_wconf 73' lang='grc' dir='ltr'><strong>κοινωνήσας,</strong></span> <span class='ocrx_word' id='word_1_9' title='bbox 1307 525 1649 598; x_wconf 76' lang='grc' dir='ltr'><strong>συμπαθείας</strong></span> <span class='ocrx_word' id='word_1_10' title='bbox 1679 525 1774 578; x_wconf 80' lang='grc' dir='ltr'>αύο</span> 
     </span>
    </p>
   </div>
   <div class='ocr_carea' id='block_1_5' title="bbox 1933 505 3462 602">
    <p class='ocr_par' dir='ltr' id='par_1_5' title="bbox 1949 520 3462 592">
     <span class='ocr_line' id='line_1_5' title="bbox 1949 520 3462 592; baseline -0.001 -14"><span class='ocrx_word' id='word_1_11' title='bbox 1949 523 2043 578; x_wconf 65' lang='grc'><strong>98.</strong></span> <span class='ocrx_word' id='word_1_12' title='bbox 2083 523 2604 578; x_wconf 81' lang='lat' dir='ltr'><strong>Excommuuicatus</strong></span> <span class='ocrx_word' id='word_1_13' title='bbox 2650 521 2742 592; x_wconf 88' lang='lat' dir='ltr'><strong>qui</strong></span> <span class='ocrx_word' id='word_1_14' title='bbox 2787 520 3294 585; x_wconf 78' lang='lat' dir='ltr'><strong>communicaverit,</strong></span> <span class='ocrx_word' id='word_1_15' title='bbox 3347 521 3462 591; x_wconf 82' lang='lat' dir='ltr'><strong>ipso</strong></span> 
     </span>
    </p>
   </div>
   <div class='ocr_carea' id='block_1_6' title="bbox 189 623 611 695">
    <p class='ocr_par' dir='ltr' id='par_1_6' title="bbox 189 623 611 695">
     <span class='ocr_line' id='line_1_6' title="bbox 189 623 611 695; baseline 0 -17"><span class='ocrx_word' id='word_1_16' title='bbox 189 623 611 695; x_wconf 87' lang='grc' dir='ltr'>τοκατάκριτος.</span> 
     </span>
    </p>
   </div>
   <div class='ocr_carea' id='block_1_7' title="bbox 263 711 1776 787">
    <p class='ocr_par' dir='ltr' id='par_1_7' title="bbox 263 711 1776 787">
     <span class='ocr_line' id='line_1_7' title="bbox 263 711 1776 787; baseline -0.005 -17"><span class='ocrx_word' id='word_1_17' title='bbox 263 714 368 770; x_wconf 71' lang='grc' dir='ltr'>κδ’.</span> <span class='ocrx_word' id='word_1_18' title='bbox 412 717 735 787; x_wconf 75' lang='grc' dir='ltr'><strong>Κατήγορος</strong></span> <span class='ocrx_word' id='word_1_19' title='bbox 768 713 864 768; x_wconf 86' lang='grc' dir='ltr'><strong>ὲάν</strong></span> <span class='ocrx_word' id='word_1_20' title='bbox 901 711 1023 768; x_wconf 77' lang='grc' dir='ltr'>ὁδοῦ</span> <span class='ocrx_word' id='word_1_21' title='bbox 1057 712 1232 784; x_wconf 79' lang='grc' dir='ltr'>μῆκος</span> <span class='ocrx_word' id='word_1_22' title='bbox 1262 711 1654 783; x_wconf 86' lang='grc' dir='ltr'>προϐάλληται,</span> <span class='ocrx_word' id='word_1_23' title='bbox 1683 712 1776 765; x_wconf 68' lang='grc' dir='ltr'><strong>κα)⁸</strong></span> 
     </span>
    </p>
   </div>
   <div class='ocr_carea' id='block_1_8' title="bbox 189 805 1350 878">
    <p class='ocr_par' dir='ltr' id='par_1_8' title="bbox 189 805 1350 878">
     <span class='ocr_line' id='line_1_8' title="bbox 189 805 1350 878; baseline -0.002 -18"><span class='ocrx_word' id='word_1_24' title='bbox 189 807 427 877; x_wconf 69' lang='grc' dir='ltr'>ἔγγιστα</span> <span class='ocrx_word' id='word_1_25' title='bbox 460 806 827 878; x_wconf 88' lang='grc' dir='ltr'>προσκομίσει</span> <span class='ocrx_word' id='word_1_26' title='bbox 867 807 994 869; x_wconf 80' lang='grc' dir='ltr'>τοὺς</span> <span class='ocrx_word' id='word_1_27' title='bbox 1043 805 1350 876; x_wconf 88' lang='grc' dir='ltr'>μάρτυρας.</span> 
     </span>
    </p>
   </div>
   <div class='ocr_carea' id='block_1_9' title="bbox 263 896 1775 971">
    <p class='ocr_par' dir='ltr' id='par_1_9' title="bbox 263 896 1775 971">
     <span class='ocr_line' id='line_1_9' title="bbox 263 896 1775 971; baseline -0.002 -19"><span class='ocrx_word' id='word_1_28' title='bbox 263 899 328 954; x_wconf 88' lang='grc' dir='ltr'>λ’.</span> <span class='ocrx_word' id='word_1_29' title='bbox 372 899 433 953; x_wconf 87' lang='lat'><strong>&#39;0</strong></span> <span class='ocrx_word' id='word_1_30' title='bbox 463 899 597 971; x_wconf 83' lang='grc' dir='ltr'>πρὸς</span> <span class='ocrx_word' id='word_1_31' title='bbox 627 897 854 970; x_wconf 79' lang='grc' dir='ltr'>μείζονα</span> <span class='ocrx_word' id='word_1_32' title='bbox 885 897 1054 969; x_wconf 76' lang='grc' dir='ltr'>τιμὴν</span> <span class='ocrx_word' id='word_1_33' title='bbox 1101 896 1505 968; x_wconf 76' lang='grc' dir='ltr'><strong>ἐγκαλούμενος</strong></span> <span class='ocrx_word' id='word_1_34' title='bbox 1533 896 1648 968; x_wconf 73' lang='grc' dir='ltr'>[γρ.</span> <span class='ocrx_word' id='word_1_35' title='bbox 1682 898 1775 950; x_wconf 80' lang='grc' dir='ltr'><strong>ὲκ·-</strong></span> 
     </span>
    </p>
   </div>
   <div class='ocr_carea' id='block_1_10' title="bbox 189 987 1778 1065">
    <p class='ocr_par' dir='ltr' id='par_1_10' title="bbox 189 987 1778 1065">
     <span class='ocr_line' id='line_1_10' title="bbox 189 987 1778 1065; baseline -0.004 -17"><span class='ocrx_word' id='word_1_36' title='bbox 189 991 354 1065; x_wconf 75' lang='grc' dir='ltr'>καλ.]</span> <span class='ocrx_word' id='word_1_37' title='bbox 404 993 502 1046; x_wconf 78' lang='grc' dir='ltr'>καὶ</span> <span class='ocrx_word' id='word_1_38' title='bbox 554 990 817 1058; x_wconf 80' lang='grc' dir='ltr'><strong>ἀπειθῶν,</strong></span> <span class='ocrx_word' id='word_1_39' title='bbox 868 992 962 1046; x_wconf 68' lang='grc' dir='ltr'>καὶ</span> <span class='ocrx_word' id='word_1_40' title='bbox 994 990 1093 1062; x_wconf 81' lang='grc' dir='ltr'>τὴν</span> <span class='ocrx_word' id='word_1_41' title='bbox 1154 990 1221 1061; x_wconf 74' lang='grc' dir='ltr'>ἣν</span> <span class='ocrx_word' id='word_1_42' title='bbox 1270 990 1384 1061; x_wconf 86' lang='grc' dir='ltr'>ἔχει</span> <span class='ocrx_word' id='word_1_43' title='bbox 1435 987 1778 1062; x_wconf 84' lang='grc' dir='ltr'>προσαπολέ-</span> 
     </span>
    </p>
   </div>
   <div class='ocr_carea' id='block_1_11' title="bbox 191 1103 374 1141">
    <p class='ocr_par' dir='ltr' id='par_1_11' title="bbox 191 1103 374 1141">
     <span class='ocr_line' id='line_1_11' title="bbox 191 1103 374 1141; baseline 0.005 -1"><span class='ocrx_word' id='word_1_44' title='bbox 191 1103 374 1141; x_wconf 78' lang='grc' dir='ltr'>σεται.</span> 
     </span>
    </p>
   </div>
   <div class='ocr_carea' id='block_1_12' title="bbox 262 1174 1776 1250">
    <p class='ocr_par' dir='ltr' id='par_1_12' title="bbox 262 1174 1776 1250">
     <span class='ocr_line' id='line_1_12' title="bbox 262 1174 1776 1250; baseline -0.003 -18"><span class='ocrx_word' id='word_1_45' title='bbox 262 1179 362 1232; x_wconf 83' lang='grc' dir='ltr'>λα’.</span> <span class='ocrx_word' id='word_1_46' title='bbox 409 1179 469 1234; x_wconf 88' lang='lat'><strong>&#39;0</strong></span> <span class='ocrx_word' id='word_1_47' title='bbox 509 1179 646 1250; x_wconf 88' lang='grc' dir='ltr'><strong>μετά</strong></span> <span class='ocrx_word' id='word_1_48' title='bbox 697 1180 757 1232; x_wconf 85' lang='grc' dir='ltr'>τὸ</span> <span class='ocrx_word' id='word_1_49' title='bbox 819 1177 1096 1250; x_wconf 78' lang='grc' dir='ltr'>προκὸψαι</span> <span class='ocrx_word' id='word_1_50' title='bbox 1146 1178 1320 1249; x_wconf 81' lang='grc' dir='ltr'>ἀγρὸν</span> <span class='ocrx_word' id='word_1_51' title='bbox 1384 1174 1776 1247; x_wconf 69' lang='grc' dir='ltr'>ἐξωνούμενος,</span> 
     </span>
    </p>
   </div>
   <div class='ocr_carea' id='block_1_13' title="bbox 189 1267 1778 1343">
    <p class='ocr_par' dir='ltr' id='par_1_13' title="bbox 189 1267 1778 1343">
     <span class='ocr_line' id='line_1_13' title="bbox 189 1267 1778 1343; baseline -0.004 -18"><span class='ocrx_word' id='word_1_52' title='bbox 189 1272 347 1325; x_wconf 76' lang='grc' dir='ltr'>οὐδὲν</span> <span class='ocrx_word' id='word_1_53' title='bbox 382 1271 544 1341; x_wconf 74' lang='grc' dir='ltr'>ἔχων,</span> <span class='ocrx_word' id='word_1_54' title='bbox 585 1271 719 1326; x_wconf 74' lang='grc' dir='ltr'>ἵστω</span> <span class='ocrx_word' id='word_1_55' title='bbox 749 1273 817 1343; x_wconf 81' lang='grc' dir='ltr'><strong>τῇ</strong></span> <span class='ocrx_word' id='word_1_56' title='bbox 838 1270 1138 1341; x_wconf 71' lang='grc' dir='ltr'>Ἐκκλησία</span> <span class='ocrx_word' id='word_1_57' title='bbox 1169 1269 1360 1324; x_wconf 79' lang='grc' dir='ltr'>τοῦτον</span> <span class='ocrx_word' id='word_1_58' title='bbox 1385 1267 1698 1338; x_wconf 81' lang='grc' dir='ltr'><strong>προσάγων,</strong></span> <span class='ocrx_word' id='word_1_59' title='bbox 1728 1267 1778 1320; x_wconf 87' lang='grc' dir='ltr'><strong>εί</strong></span> 
     </span>
    </p>
   </div>
   <div class='ocr_carea' id='block_1_14' title="bbox 197 1349 1781 1436">
    <p class='ocr_par' dir='ltr' id='par_1_14' title="bbox 197 1349 1781 1436">
     <span class='ocr_line' id='line_1_14' title="bbox 197 1349 1781 1436; baseline -0.014 -3"><span class='ocrx_word' id='word_1_60' title='bbox 197 1364 278 1436; x_wconf 76' lang='grc' dir='ltr'>μὴ</span> <span class='ocrx_word' id='word_1_61' title='bbox 310 1368 378 1418; x_wconf 73' lang='grc' dir='ltr'><strong>ὲκ</strong></span> <span class='ocrx_word' id='word_1_62' title='bbox 425 1364 680 1435; x_wconf 77' lang='grc' dir='ltr'><strong>διαδοχῆς</strong></span> <span class='ocrx_word' id='word_1_63' title='bbox 727 1365 1069 1433; x_wconf 80' lang='grc' dir='ltr'>συγγενείας,</span> <span class='ocrx_word' id='word_1_64' title='bbox 1101 1363 1134 1433; x_wconf 82' lang='grc' dir='ltr'>ἢ</span> <span class='ocrx_word' id='word_1_65' title='bbox 1190 1362 1438 1434; x_wconf 78' lang='grc' dir='ltr'>καθαρᾶς</span> <span class='ocrx_word' id='word_1_66' title='bbox 1469 1349 1781 1430; x_wconf 67' lang='grc' dir='ltr'><strong>φιλοτιμίας</strong></span> 
     </span>
    </p>
   </div>
   <div class='ocr_carea' id='block_1_15' title="bbox 193 1446 1781 1525">
    <p class='ocr_par' dir='ltr' id='par_1_15' title="bbox 193 1446 1781 1525">
     <span class='ocr_line' id='line_1_15' title="bbox 193 1446 1781 1525; baseline -0.005 -17"><span class='ocrx_word' id='word_1_67' title='bbox 193 1454 358 1508; x_wconf 80' lang='grc' dir='ltr'>τοῦτο</span> <span class='ocrx_word' id='word_1_68' title='bbox 411 1454 800 1525; x_wconf 81' lang='grc' dir='ltr'>περιελήλυθε.</span> <span class='ocrx_word' id='word_1_69' title='bbox 872 1451 1252 1524; x_wconf 85' lang='grc' dir='ltr'>Πρεσϐύτερος</span> <span class='ocrx_word' id='word_1_70' title='bbox 1320 1446 1781 1520; x_wconf 69' lang='grc' dir='ltr'><strong>ἐκκλησιαστικὸν</strong></span> 
     </span>
    </p>
   </div>
   <div class='ocr_carea' id='block_1_16' title="bbox 196 1539 1781 1617">
    <p class='ocr_par' dir='ltr' id='par_1_16' title="bbox 196 1539 1781 1617">
     <span class='ocr_line' id='line_1_16' title="bbox 196 1539 1781 1617; baseline -0.003 -19"><span class='ocrx_word' id='word_1_71' title='bbox 196 1547 458 1617; x_wconf 78' lang='grc' dir='ltr'>πρᾶγμα,</span> <span class='ocrx_word' id='word_1_72' title='bbox 497 1545 592 1600; x_wconf 81' lang='grc' dir='ltr'>τοῦ</span> <span class='ocrx_word' id='word_1_73' title='bbox 638 1545 942 1599; x_wconf 79' lang='grc' dir='ltr'>ἐπισκόπου</span> <span class='ocrx_word' id='word_1_74' title='bbox 979 1546 1172 1617; x_wconf 69' lang='grc' dir='ltr'>χωρὶς,</span> <span class='ocrx_word' id='word_1_75' title='bbox 1203 1545 1264 1598; x_wconf 84' lang='grc' dir='ltr'><strong>ού</strong></span> <span class='ocrx_word' id='word_1_76' title='bbox 1303 1543 1625 1612; x_wconf 76' lang='grc' dir='ltr'>πιπράσκειο</span> <span class='ocrx_word' id='word_1_77' title='bbox 1659 1539 1781 1594; x_wconf 77' lang='grc' dir='ltr'>οὐδὲ</span> 
     </span>
    </p>
   </div>
   <div class='ocr_carea' id='block_1_17' title="bbox 196 1633 1672 1708">
    <p class='ocr_par' dir='ltr' id='par_1_17' title="bbox 196 1633 1672 1708">
     <span class='ocr_line' id='line_1_17' title="bbox 196 1633 1672 1708; baseline -0.004 -18"><span class='ocrx_word' id='word_1_78' title='bbox 196 1638 400 1708; x_wconf 80' lang='grc' dir='ltr'>χωρίον</span> <span class='ocrx_word' id='word_1_79' title='bbox 450 1637 772 1702; x_wconf 69' lang='grc' dir='ltr'>ἐπίσκοπος,</span> <span class='ocrx_word' id='word_1_80' title='bbox 817 1637 1038 1692; x_wconf 83' lang='grc' dir='ltr'>συνόδου</span> <span class='ocrx_word' id='word_1_81' title='bbox 1074 1638 1148 1708; x_wconf 81' lang='grc' dir='ltr'>μὴ</span> <span class='ocrx_word' id='word_1_82' title='bbox 1177 1633 1672 1704; x_wconf 76' lang='grc' dir='ltr'>ἐπιγινωσκούσης.</span> 
     </span>
    </p>
   </div>
   <div class='ocr_carea' id='block_1_18' title="bbox 270 1722 1779 1802">
    <p class='ocr_par' dir='ltr' id='par_1_18' title="bbox 270 1722 1779 1802">
     <span class='ocr_line' id='line_1_18' title="bbox 270 1722 1779 1802; baseline -0.007 -14"><span class='ocrx_word' id='word_1_83' title='bbox 270 1729 372 1802; x_wconf 83' lang='grc' dir='ltr'>λβ’.</span> <span class='ocrx_word' id='word_1_84' title='bbox 428 1731 504 1784; x_wconf 88' lang='grc' dir='ltr'><strong>Ού</strong></span> <span class='ocrx_word' id='word_1_85' title='bbox 553 1735 944 1802; x_wconf 83' lang='grc' dir='ltr'>χειροτονεῖται</span> <span class='ocrx_word' id='word_1_86' title='bbox 991 1733 1020 1785; x_wconf 84' lang='grc' dir='ltr'>ὁ</span> <span class='ocrx_word' id='word_1_87' title='bbox 1074 1731 1151 1802; x_wconf 76' lang='grc' dir='ltr'>μὴ</span> <span class='ocrx_word' id='word_1_88' title='bbox 1193 1731 1320 1792; x_wconf 82' lang='grc' dir='ltr'>τοὺς</span> <span class='ocrx_word' id='word_1_89' title='bbox 1375 1729 1454 1791; x_wconf 86' lang='grc' dir='ltr'><strong>είς</strong></span> <span class='ocrx_word' id='word_1_90' title='bbox 1495 1726 1588 1780; x_wconf 80' lang='grc' dir='ltr'><strong>τὸν</strong></span> <span class='ocrx_word' id='word_1_91' title='bbox 1633 1722 1779 1780; x_wconf 78' lang='grc' dir='ltr'>οἷκον</span> 
     </span>
    </p>
   </div>
   <div class='ocr_carea' id='block_1_19' title="bbox 198 1823 1087 1897">
    <p class='ocr_par' dir='ltr' id='par_1_19' title="bbox 198 1823 1087 1897">
     <span class='ocr_line' id='line_1_19' title="bbox 198 1823 1087 1897; baseline 0.002 -20"><span class='ocrx_word' id='word_1_92' title='bbox 198 1823 454 1887; x_wconf 73' lang='grc' dir='ltr'>ἃπαντας</span> <span class='ocrx_word' id='word_1_93' title='bbox 483 1824 798 1897; x_wconf 76' lang='grc' dir='ltr'>ὀρθοδόξους</span> <span class='ocrx_word' id='word_1_94' title='bbox 831 1824 1087 1895; x_wconf 81' lang='grc' dir='ltr'>ποιήσας.</span> 
     </span>
    </p>
   </div>
   <div class='ocr_carea' id='block_1_20' title="bbox 1882 611 3076 674">
    <p class='ocr_par' dir='ltr' id='par_1_20' title="bbox 1882 611 3076 674">
     <span class='ocr_line' id='line_1_20' title="bbox 1882 611 3076 674; baseline -0.004 0"><span class='ocrx_word' id='word_1_95' title='bbox 1882 621 1935 674; x_wconf 94' lang='lat' dir='ltr'><strong>in</strong></span> <span class='ocrx_word' id='word_1_96' title='bbox 1968 611 2027 674; x_wconf 86' lang='lat' dir='ltr'><strong>se</strong></span> <span class='ocrx_word' id='word_1_97' title='bbox 2053 618 2528 674; x_wconf 90' lang='lat' dir='ltr'><strong>condemnationis</strong></span> <span class='ocrx_word' id='word_1_98' title='bbox 2563 617 2896 672; x_wconf 87' lang='lat' dir='ltr'><strong>sententiam</strong></span> <span class='ocrx_word' id='word_1_99' title='bbox 2930 615 3076 670; x_wconf 93' lang='lat' dir='ltr'><strong>tulit.</strong></span> 
     </span>
    </p>
   </div>
   <div class='ocr_carea' id='block_1_21' title="bbox 1948 703 3460 779">
    <p class='ocr_par' dir='ltr' id='par_1_21' title="bbox 1948 703 3460 779">
     <span class='ocr_line' id='line_1_21' title="bbox 1948 703 3460 779; baseline -0.001 -15"><span class='ocrx_word' id='word_1_100' title='bbox 1948 709 2040 766; x_wconf 77' lang='lat'><strong>29.</strong></span> <span class='ocrx_word' id='word_1_101' title='bbox 2084 709 2145 766; x_wconf 93' lang='lat' dir='ltr'><strong>Si</strong></span> <span class='ocrx_word' id='word_1_102' title='bbox 2178 718 2434 766; x_wconf 83' lang='lat' dir='ltr'><strong>acusator</strong></span> <span class='ocrx_word' id='word_1_103' title='bbox 2458 707 2674 762; x_wconf 75' lang='lat' dir='ltr'><strong>itineris</strong></span> <span class='ocrx_word' id='word_1_104' title='bbox 2717 703 3115 779; x_wconf 76' lang='lat' dir='ltr'><strong>longitudinem</strong></span> <span class='ocrx_word' id='word_1_105' title='bbox 3152 705 3395 778; x_wconf 92' lang='lat' dir='ltr'><strong>objiciat,</strong></span> <span class='ocrx_word' id='word_1_106' title='bbox 3433 723 3460 762; x_wconf 76' lang='grc' dir='ltr'><strong>ε</strong></span> 
     </span>
    </p>
   </div>
   <div class='ocr_carea' id='block_1_22' title="bbox 1881 805 2793 876">
    <p class='ocr_par' dir='ltr' id='par_1_22' title="bbox 1881 805 2793 876">
     <span class='ocr_line' id='line_1_22' title="bbox 1881 805 2793 876; baseline -0.002 -17"><span class='ocrx_word' id='word_1_107' title='bbox 1881 805 2135 876; x_wconf 85' lang='lat' dir='ltr'><strong>proximo</strong></span> <span class='ocrx_word' id='word_1_108' title='bbox 2161 806 2280 860; x_wconf 92' lang='lat' dir='ltr'><strong>loco</strong></span> <span class='ocrx_word' id='word_1_109' title='bbox 2309 815 2478 860; x_wconf 89' lang='lat' dir='ltr'><strong>testes</strong></span> <span class='ocrx_word' id='word_1_110' title='bbox 2508 805 2793 875; x_wconf 77' lang='lat' dir='ltr'><strong>producet.</strong></span> 
     </span>
    </p>
   </div>
   <div class='ocr_carea' id='block_1_23' title="bbox 1949 883 3462 968">
    <p class='ocr_par' dir='ltr' id='par_1_23' title="bbox 1949 883 3462 968">
     <span class='ocr_line' id='line_1_23' title="bbox 1949 883 3462 968; baseline -0.003 -16"><span class='ocrx_word' id='word_1_111' title='bbox 1949 897 2040 953; x_wconf 83' lang='grc'>50.</span> <span class='ocrx_word' id='word_1_112' title='bbox 2078 896 2181 963; x_wconf 86' lang='lat' dir='ltr'><strong>Qui</strong></span> <span class='ocrx_word' id='word_1_113' title='bbox 2219 897 2288 954; x_wconf 85' lang='lat' dir='ltr'><strong>ad</strong></span> <span class='ocrx_word' id='word_1_114' title='bbox 2321 899 2584 968; x_wconf 84' lang='lat' dir='ltr'><strong>majorem</strong></span> <span class='ocrx_word' id='word_1_115' title='bbox 2617 897 2882 952; x_wconf 89' lang='lat' dir='ltr'><strong>honorem</strong></span> <span class='ocrx_word' id='word_1_116' title='bbox 2924 905 3203 964; x_wconf 85' lang='lat' dir='ltr'><strong>evocatur,</strong></span> <span class='ocrx_word' id='word_1_117' title='bbox 3254 906 3309 952; x_wconf 89' lang='lat' dir='ltr'><strong>et</strong></span> <span class='ocrx_word' id='word_1_118' title='bbox 3353 883 3462 950; x_wconf 83' lang='lat' dir='ltr'><strong>non</strong></span> 
     </span>
    </p>
   </div>
   <div class='ocr_carea' id='block_1_24' title="bbox 1880 987 3466 1062">
    <p class='ocr_par' dir='ltr' id='par_1_24' title="bbox 1880 987 3466 1062">
     <span class='ocr_line' id='line_1_24' title="bbox 1880 987 3466 1062; baseline 0 -18"><span class='ocrx_word' id='word_1_119' title='bbox 1880 990 2241 1062; x_wconf 85' lang='lat' dir='ltr'><strong>obtemperat,</strong></span> <span class='ocrx_word' id='word_1_120' title='bbox 2292 991 2455 1048; x_wconf 89' lang='lat' dir='ltr'><strong>etiam</strong></span> <span class='ocrx_word' id='word_1_121' title='bbox 2494 991 2610 1062; x_wconf 83' lang='lat' dir='ltr'><strong>ipso</strong></span> <span class='ocrx_word' id='word_1_122' title='bbox 2655 1005 2818 1062; x_wconf 88' lang='lat' dir='ltr'><strong>quem</strong></span> <span class='ocrx_word' id='word_1_123' title='bbox 2851 990 3016 1046; x_wconf 80' lang='lat' dir='ltr'><strong>habet</strong></span> <span class='ocrx_word' id='word_1_124' title='bbox 3041 987 3256 1046; x_wconf 77' lang='lat' dir='ltr'><strong>honore</strong></span> <span class='ocrx_word' id='word_1_125' title='bbox 3283 991 3466 1061; x_wconf 82' lang='lat' dir='ltr'><strong>priva-</strong></span> 
     </span>
    </p>
   </div>
   <div class='ocr_carea' id='block_1_25' title="bbox 1879 1082 2050 1138">
    <p class='ocr_par' dir='ltr' id='par_1_25' title="bbox 1879 1082 2050 1138">
     <span class='ocr_line' id='line_1_25' title="bbox 1879 1082 2050 1138; baseline 0 0"><span class='ocrx_word' id='word_1_126' title='bbox 1879 1082 2050 1138; x_wconf 87' lang='lat' dir='ltr'><strong>bitur.</strong></span> 
     </span>
    </p>
   </div>
   <div class='ocr_carea' id='block_1_26' title="bbox 1952 1173 3466 1247">
    <p class='ocr_par' dir='ltr' id='par_1_26' title="bbox 1952 1173 3466 1247">
     <span class='ocr_line' id='line_1_26' title="bbox 1952 1173 3466 1247; baseline 0.003 -19"><span class='ocrx_word' id='word_1_127' title='bbox 1952 1173 2040 1228; x_wconf 81' lang='lat' dir='ltr'><strong>3t.</strong></span> <span class='ocrx_word' id='word_1_128' title='bbox 2076 1173 2180 1241; x_wconf 87' lang='lat' dir='ltr'><strong>Qui</strong></span> <span class='ocrx_word' id='word_1_129' title='bbox 2227 1183 2351 1245; x_wconf 90' lang='lat' dir='ltr'><strong>post</strong></span> <span class='ocrx_word' id='word_1_130' title='bbox 2381 1174 2780 1246; x_wconf 89' lang='lat' dir='ltr'><strong>promotionem</strong></span> <span class='ocrx_word' id='word_1_131' title='bbox 2811 1175 2980 1237; x_wconf 62' lang='lat' dir='ltr'><strong>inihi]</strong></span> <span class='ocrx_word' id='word_1_132' title='bbox 3027 1175 3236 1232; x_wconf 85' lang='lat' dir='ltr'><strong>habens</strong></span> <span class='ocrx_word' id='word_1_133' title='bbox 3275 1192 3466 1247; x_wconf 85' lang='lat' dir='ltr'><strong>agrqu</strong></span> 
     </span>
    </p>
   </div>
   <div class='ocr_carea' id='block_1_27' title="bbox 1882 1268 3464 1340">
    <p class='ocr_par' dir='ltr' id='par_1_27' title="bbox 1882 1268 3464 1340">
     <span class='ocr_line' id='line_1_27' title="bbox 1882 1268 3464 1340; baseline 0.001 -16"><span class='ocrx_word' id='word_1_134' title='bbox 1882 1268 2101 1334; x_wconf 82' lang='lat' dir='ltr'><strong>emerit,</strong></span> <span class='ocrx_word' id='word_1_135' title='bbox 2148 1268 2406 1326; x_wconf 63' lang='lat' dir='ltr'><strong>Ecclesia:</strong></span> <span class='ocrx_word' id='word_1_136' title='bbox 2447 1268 2695 1325; x_wconf 79' lang='lat' dir='ltr'><strong>conferat</strong></span> <span class='ocrx_word' id='word_1_137' title='bbox 2727 1269 2821 1340; x_wconf 89' lang='lat' dir='ltr'><strong>qui</strong></span> <span class='ocrx_word' id='word_1_138' title='bbox 2861 1269 3014 1324; x_wconf 89' lang='lat' dir='ltr'><strong>illum</strong></span> <span class='ocrx_word' id='word_1_139' title='bbox 3055 1269 3308 1340; x_wconf 84' lang='lat' dir='ltr'><strong>acquirit.</strong></span> <span class='ocrx_word' id='word_1_140' title='bbox 3360 1271 3464 1326; x_wconf 89' lang='lat' dir='ltr'><strong>nisi</strong></span> 
     </span>
    </p>
   </div>
   <div class='ocr_carea' id='block_1_28' title="bbox 1885 1361 3464 1434">
    <p class='ocr_par' dir='ltr' id='par_1_28' title="bbox 1885 1361 3464 1434">
     <span class='ocr_line' id='line_1_28' title="bbox 1885 1361 3464 1434; baseline -0.001 -18"><span class='ocrx_word' id='word_1_141' title='bbox 1885 1361 2236 1417; x_wconf 84' lang='lat' dir='ltr'><strong>successione</strong></span> <span class='ocrx_word' id='word_1_142' title='bbox 2281 1361 2660 1434; x_wconf 80' lang='lat' dir='ltr'><strong>cognationis,</strong></span> <span class='ocrx_word' id='word_1_143' title='bbox 2707 1361 2793 1418; x_wconf 85' lang='lat' dir='ltr'><strong>vel</strong></span> <span class='ocrx_word' id='word_1_144' title='bbox 2850 1376 2988 1432; x_wconf 89' lang='lat' dir='ltr'><strong>pura</strong></span> <span class='ocrx_word' id='word_1_145' title='bbox 3013 1361 3364 1431; x_wconf 88' lang='lat' dir='ltr'><strong>liberalitate</strong></span> <span class='ocrx_word' id='word_1_146' title='bbox 3412 1363 3464 1417; x_wconf 86' lang='lat' dir='ltr'><strong>ei</strong></span> 
     </span>
    </p>
   </div>
   <div class='ocr_carea' id='block_1_29' title="bbox 1883 1452 3468 1526">
    <p class='ocr_par' dir='ltr' id='par_1_29' title="bbox 1883 1452 3468 1526">
     <span class='ocr_line' id='line_1_29' title="bbox 1883 1452 3468 1526; baseline 0 -17"><span class='ocrx_word' id='word_1_147' title='bbox 1883 1454 2187 1510; x_wconf 77' lang='lat' dir='ltr'><strong>obvenerit.</strong></span> <span class='ocrx_word' id='word_1_148' title='bbox 2223 1453 2511 1526; x_wconf 82' lang='lat' dir='ltr'><strong>Presbyter</strong></span> <span class='ocrx_word' id='word_1_149' title='bbox 2540 1470 2655 1510; x_wconf 90' lang='lat' dir='ltr'><strong>rem</strong></span> <span class='ocrx_word' id='word_1_150' title='bbox 2686 1470 2809 1525; x_wconf 75' lang='lat' dir='ltr'><strong>quac</strong></span> <span class='ocrx_word' id='word_1_151' title='bbox 2853 1452 2922 1509; x_wconf 91' lang='lat' dir='ltr'><strong>ad</strong></span> <span class='ocrx_word' id='word_1_152' title='bbox 2947 1454 3250 1510; x_wconf 86' lang='lat' dir='ltr'><strong>Ecclesiam</strong></span> <span class='ocrx_word' id='word_1_153' title='bbox 3293 1454 3468 1526; x_wconf 84' lang='lat' dir='ltr'><strong>perti-</strong></span> 
     </span>
    </p>
   </div>
   <div class='ocr_carea' id='block_1_30' title="bbox 1885 1547 3469 1619">
    <p class='ocr_par' dir='ltr' id='par_1_30' title="bbox 1885 1547 3469 1619">
     <span class='ocr_line' id='line_1_30' title="bbox 1885 1547 3469 1619; baseline 0.001 -18"><span class='ocrx_word' id='word_1_154' title='bbox 1885 1553 1981 1602; x_wconf 87' lang='lat' dir='ltr'><strong>net</strong></span> <span class='ocrx_word' id='word_1_155' title='bbox 2012 1547 2134 1604; x_wconf 90' lang='lat' dir='ltr'><strong>sine</strong></span> <span class='ocrx_word' id='word_1_156' title='bbox 2173 1547 2432 1619; x_wconf 81' lang='lat' dir='ltr'><strong>episcopo</strong></span> <span class='ocrx_word' id='word_1_157' title='bbox 2461 1564 2573 1602; x_wconf 91' lang='lat' dir='ltr'><strong>non</strong></span> <span class='ocrx_word' id='word_1_158' title='bbox 2603 1547 2811 1615; x_wconf 81' lang='lat' dir='ltr'><strong>vendit,</strong></span> <span class='ocrx_word' id='word_1_159' title='bbox 2839 1558 3021 1619; x_wconf 87' lang='lat' dir='ltr'><strong>neque</strong></span> <span class='ocrx_word' id='word_1_160' title='bbox 3053 1548 3321 1618; x_wconf 70' lang='lat' dir='ltr'><strong>praedium</strong></span> <span class='ocrx_word' id='word_1_161' title='bbox 3352 1547 3469 1619; x_wconf 87' lang='lat' dir='ltr'><strong>epi-</strong></span> 
     </span>
    </p>
   </div>
   <div class='ocr_carea' id='block_1_31' title="bbox 1885 1634 3256 1713">
    <p class='ocr_par' dir='ltr' id='par_1_31' title="bbox 1885 1634 3256 1713">
     <span class='ocr_line' id='line_1_31' title="bbox 1885 1634 3256 1713; baseline -0.001 -18"><span class='ocrx_word' id='word_1_162' title='bbox 1885 1655 2101 1710; x_wconf 88' lang='lat' dir='ltr'><strong>sc0pus,</strong></span> <span class='ocrx_word' id='word_1_163' title='bbox 2133 1641 2239 1696; x_wconf 90' lang='lat' dir='ltr'><strong>nisi</strong></span> <span class='ocrx_word' id='word_1_164' title='bbox 2267 1641 2505 1713; x_wconf 83' lang='lat' dir='ltr'><strong>synodus</strong></span> <span class='ocrx_word' id='word_1_165' title='bbox 2534 1641 2587 1696; x_wconf 93' lang='lat' dir='ltr'><strong>id</strong></span> <span class='ocrx_word' id='word_1_166' title='bbox 2609 1634 2952 1712; x_wconf 81' lang='lat' dir='ltr'><strong>exploratum</strong></span> <span class='ocrx_word' id='word_1_167' title='bbox 2981 1640 3256 1696; x_wconf 88' lang='lat' dir='ltr'><strong>habuerit.</strong></span> 
     </span>
    </p>
   </div>
   <div class='ocr_carea' id='block_1_32' title="bbox 1929 1733 3470 1804">
    <p class='ocr_par' dir='ltr' id='par_1_32' title="bbox 1929 1733 3470 1804">
     <span class='ocr_line' id='line_1_32' title="bbox 1929 1733 3470 1804; baseline 0.001 -17"><span class='ocrx_word' id='word_1_168' title='bbox 1929 1735 2042 1788; x_wconf 70' lang='lat'><strong>&#39;32.</strong></span> <span class='ocrx_word' id='word_1_169' title='bbox 2088 1733 2204 1789; x_wconf 87' lang='lat' dir='ltr'><strong>Non</strong></span> <span class='ocrx_word' id='word_1_170' title='bbox 2253 1735 2536 1789; x_wconf 85' lang='lat' dir='ltr'><strong>ordinatur</strong></span> <span class='ocrx_word' id='word_1_171' title='bbox 2589 1733 2693 1790; x_wconf 88' lang='lat' dir='ltr'><strong>nisi</strong></span> <span class='ocrx_word' id='word_1_172' title='bbox 2743 1735 2836 1804; x_wconf 87' lang='lat' dir='ltr'><strong>qui</strong></span> <span class='ocrx_word' id='word_1_173' title='bbox 2893 1749 3088 1790; x_wconf 89' lang='lat' dir='ltr'><strong>omnes</strong></span> <span class='ocrx_word' id='word_1_174' title='bbox 3140 1733 3470 1790; x_wconf 88' lang='lat' dir='ltr'><strong>domesticos</strong></span> 
     </span>
    </p>
   </div>
   <div class='ocr_carea' id='block_1_33' title="bbox 1885 1827 2460 1883">
    <p class='ocr_par' dir='ltr' id='par_1_33' title="bbox 1885 1827 2460 1883">
     <span class='ocr_line' id='line_1_33' title="bbox 1885 1827 2460 1883; baseline -0.003 -1"><span class='ocrx_word' id='word_1_175' title='bbox 1885 1827 2222 1883; x_wconf 83' lang='lat' dir='ltr'><strong>orthodoxos</strong></span> <span class='ocrx_word' id='word_1_176' title='bbox 2247 1827 2460 1882; x_wconf 78' lang='lat' dir='ltr'><strong>fecerit.</strong></span> 
     </span>
    </p>
   </div>
   <div class='ocr_carea' id='block_1_34' title="bbox 273 1886 1791 1988">
    <p class='ocr_par' dir='ltr' id='par_1_34' title="bbox 273 1886 1781 1986">
     <span class='ocr_line' id='line_1_34' title="bbox 273 1886 1781 1986; baseline -0.009 -15"><span class='ocrx_word' id='word_1_177' title='bbox 273 1913 378 1984; x_wconf 64' lang='lat'><strong>17&#39;.</strong></span> <span class='ocrx_word' id='word_1_178' title='bbox 411 1886 612 1986; x_wconf 64' lang='grc' dir='ltr'>Ἀρτος</span> <span class='ocrx_word' id='word_1_179' title='bbox 676 1886 959 1978; x_wconf 13' lang='grc' dir='ltr'>καὶῗοῐνος</span> <span class='ocrx_word' id='word_1_180' title='bbox 997 1886 1149 1969; x_wconf 78' lang='grc' dir='ltr'>ὕδατι</span> <span class='ocrx_word' id='word_1_181' title='bbox 1213 1911 1556 1984; x_wconf 83' lang='grc' dir='ltr'>κεκραμένος</span> <span class='ocrx_word' id='word_1_182' title='bbox 1612 1888 1781 1979; x_wconf 86' lang='grc' dir='ltr'>προσ-</span> 
     </span>
    </p>
   </div>
   <div class='ocr_carea' id='block_1_35' title="bbox 1933 1886 3471 1988">
    <p class='ocr_par' dir='ltr' id='par_1_35' title="bbox 1960 1915 3471 1988">
     <span class='ocr_line' id='line_1_35' title="bbox 1960 1915 3471 1988; baseline -0.001 -16"><span class='ocrx_word' id='word_1_183' title='bbox 1960 1918 2050 1974; x_wconf 83' lang='grc'><strong>55.</strong></span> <span class='ocrx_word' id='word_1_184' title='bbox 2093 1917 2256 1973; x_wconf 84' lang='lat' dir='ltr'><strong>Panis</strong></span> <span class='ocrx_word' id='word_1_185' title='bbox 2279 1927 2335 1972; x_wconf 90' lang='lat' dir='ltr'><strong>et</strong></span> <span class='ocrx_word' id='word_1_186' title='bbox 2366 1917 2554 1973; x_wconf 86' lang='lat' dir='ltr'><strong>vinum</strong></span> <span class='ocrx_word' id='word_1_187' title='bbox 2584 1933 2723 1988; x_wconf 79' lang='lat' dir='ltr'><strong>aqua</strong></span> <span class='ocrx_word' id='word_1_188' title='bbox 2749 1916 2974 1975; x_wconf 88' lang='lat' dir='ltr'><strong>mistum</strong></span> <span class='ocrx_word' id='word_1_189' title='bbox 3001 1915 3284 1982; x_wconf 75' lang='lat' dir='ltr'><strong>olleratur,</strong></span> <span class='ocrx_word' id='word_1_190' title='bbox 3307 1916 3471 1986; x_wconf 88' lang='lat' dir='ltr'><strong>idque</strong></span> 
     </span>
    </p>
   </div>
   <div class='ocr_carea' id='block_1_36' title="bbox 196 2007 789 2078">
    <p class='ocr_par' dir='ltr' id='par_1_36' title="bbox 196 2007 789 2078">
     <span class='ocr_line' id='line_1_36' title="bbox 196 2007 789 2078; baseline 0.002 -17"><span class='ocrx_word' id='word_1_191' title='bbox 196 2007 440 2076; x_wconf 75' lang='grc' dir='ltr'>ἀγέσθω,</span> <span class='ocrx_word' id='word_1_192' title='bbox 483 2008 578 2061; x_wconf 71' lang='grc' dir='ltr'><strong>καὶ</strong></span> <span class='ocrx_word' id='word_1_193' title='bbox 605 2007 789 2078; x_wconf 86' lang='grc' dir='ltr'>μόνον.</span> 
     </span>
    </p>
   </div>
   <div class='ocr_carea' id='block_1_37' title="bbox 277 2095 1783 2175">
    <p class='ocr_par' dir='ltr' id='par_1_37' title="bbox 277 2095 1783 2175">
     <span class='ocr_line' id='line_1_37' title="bbox 277 2095 1783 2175; baseline 0.011 -26"><span class='ocrx_word' id='word_1_194' title='bbox 277 2097 376 2152; x_wconf 84' lang='grc' dir='ltr'>λδ’.</span> <span class='ocrx_word' id='word_1_195' title='bbox 424 2096 718 2169; x_wconf 77' lang='grc' dir='ltr'>Κληρικοὶ,</span> <span class='ocrx_word' id='word_1_196' title='bbox 779 2098 877 2152; x_wconf 78' lang='grc' dir='ltr'>καὶ</span> <span class='ocrx_word' id='word_1_197' title='bbox 949 2095 1434 2175; x_wconf 78' lang='grc' dir='ltr'>ἐγκρατευόμενοι,</span> <span class='ocrx_word' id='word_1_198' title='bbox 1501 2098 1700 2170; x_wconf 80' lang='grc' dir='ltr'>χήραις</span> <span class='ocrx_word' id='word_1_199' title='bbox 1749 2099 1783 2172; x_wconf 78' lang='grc' dir='ltr'>ἢ</span> 
     </span>
    </p>
   </div>
   <div class='ocr_carea' id='block_1_38' title="bbox 201 2189 1788 2263">
    <p class='ocr_par' dir='ltr' id='par_1_38' title="bbox 201 2189 1788 2263">
     <span class='ocr_line' id='line_1_38' title="bbox 201 2189 1788 2263; baseline 0.001 -21"><span class='ocrx_word' id='word_1_200' title='bbox 201 2189 500 2262; x_wconf 79' lang='grc' dir='ltr'>παρθένοις</span> <span class='ocrx_word' id='word_1_201' title='bbox 549 2189 626 2263; x_wconf 82' lang='grc' dir='ltr'>μὴ</span> <span class='ocrx_word' id='word_1_202' title='bbox 677 2189 1076 2262; x_wconf 85' lang='grc' dir='ltr'>προσιέτωσαν,</span> <span class='ocrx_word' id='word_1_203' title='bbox 1108 2191 1158 2244; x_wconf 81' lang='grc' dir='ltr'><strong>εί</strong></span> <span class='ocrx_word' id='word_1_204' title='bbox 1212 2189 1288 2261; x_wconf 80' lang='grc' dir='ltr'>μὴ</span> <span class='ocrx_word' id='word_1_205' title='bbox 1333 2190 1652 2245; x_wconf 75' lang='grc' dir='ltr'>ἐπισκόπων</span> <span class='ocrx_word' id='word_1_206' title='bbox 1691 2191 1788 2246; x_wconf 79' lang='grc' dir='ltr'>καὶ</span> 
     </span>
    </p>
   </div>
   <div class='ocr_carea' id='block_1_39' title="bbox 200 2281 1787 2355">
    <p class='ocr_par' dir='ltr' id='par_1_39' title="bbox 200 2281 1787 2355">
     <span class='ocr_line' id='line_1_39' title="bbox 200 2281 1787 2355; baseline 0 -20"><span class='ocrx_word' id='word_1_207' title='bbox 200 2282 596 2354; x_wconf 76' lang='grc' dir='ltr'>πρεσϐυτέρων</span> <span class='ocrx_word' id='word_1_208' title='bbox 646 2284 905 2354; x_wconf 82' lang='grc' dir='ltr'>ὲπιταγῇ·</span> <span class='ocrx_word' id='word_1_209' title='bbox 941 2285 1034 2336; x_wconf 72' lang='grc' dir='ltr'>καὶ</span> <span class='ocrx_word' id='word_1_210' title='bbox 1068 2281 1212 2337; x_wconf 74' lang='grc' dir='ltr'>οὕτω</span> <span class='ocrx_word' id='word_1_211' title='bbox 1263 2281 1339 2353; x_wconf 81' lang='grc' dir='ltr'>μὴ</span> <span class='ocrx_word' id='word_1_212' title='bbox 1393 2281 1567 2354; x_wconf 79' lang='grc' dir='ltr'>μόνοι,</span> <span class='ocrx_word' id='word_1_213' title='bbox 1604 2282 1719 2337; x_wconf 86' lang='grc' dir='ltr'>ἀλλ’</span> <span class='ocrx_word' id='word_1_214' title='bbox 1752 2281 1787 2355; x_wconf 81' lang='grc' dir='ltr'>ἢ</span> 
     </span>
    </p>
   </div>
   <div class='ocr_carea' id='block_1_40' title="bbox 205 2368 1790 2447">
    <p class='ocr_par' dir='ltr' id='par_1_40' title="bbox 205 2368 1790 2447">
     <span class='ocr_line' id='line_1_40' title="bbox 205 2368 1790 2447; baseline 0.001 -18"><span class='ocrx_word' id='word_1_215' title='bbox 205 2368 458 2447; x_wconf 77' lang='grc' dir='ltr'>μεθ’,,ὧν</span> <span class='ocrx_word' id='word_1_216' title='bbox 510 2376 540 2429; x_wconf 84' lang='grc' dir='ltr'>ὁ</span> <span class='ocrx_word' id='word_1_217' title='bbox 587 2376 888 2439; x_wconf 78' lang='grc' dir='ltr'>ἐπίσκοπος</span> <span class='ocrx_word' id='word_1_218' title='bbox 923 2376 1015 2429; x_wconf 70' lang='grc' dir='ltr'><strong>καὶ</strong></span> <span class='ocrx_word' id='word_1_219' title='bbox 1069 2377 1120 2428; x_wconf 81' lang='grc' dir='ltr'>οἱ</span> <span class='ocrx_word' id='word_1_220' title='bbox 1168 2374 1530 2447; x_wconf 90' lang='grc' dir='ltr'>πρεσϐύτεροι</span> <span class='ocrx_word' id='word_1_221' title='bbox 1575 2375 1790 2446; x_wconf 86' lang='grc' dir='ltr'>βαίνου-</span> 
     </span>
    </p>
   </div>
   <div class='ocr_carea' id='block_1_41' title="bbox 204 2486 314 2523">
    <p class='ocr_par' dir='ltr' id='par_1_41' title="bbox 204 2486 314 2523">
     <span class='ocr_line' id='line_1_41' title="bbox 204 2486 314 2523; baseline 0.027 -3"><span class='ocrx_word' id='word_1_222' title='bbox 204 2486 314 2523; x_wconf 81' lang='grc' dir='ltr'>σιν.</span> 
     </span>
    </p>
   </div>
   <div class='ocr_carea' id='block_1_42' title="bbox 277 2559 1678 2632">
    <p class='ocr_par' dir='ltr' id='par_1_42' title="bbox 277 2559 1678 2632">
     <span class='ocr_line' id='line_1_42' title="bbox 277 2559 1678 2632; baseline 0.003 -19"><span class='ocrx_word' id='word_1_223' title='bbox 277 2561 372 2618; x_wconf 85' lang='grc' dir='ltr'>λε’.</span> <span class='ocrx_word' id='word_1_224' title='bbox 408 2563 474 2616; x_wconf 80' lang='lat' dir='ltr'><strong>Ei</strong></span> <span class='ocrx_word' id='word_1_225' title='bbox 501 2563 576 2632; x_wconf 82' lang='grc' dir='ltr'>μὴ</span> <span class='ocrx_word' id='word_1_226' title='bbox 617 2561 726 2615; x_wconf 79' lang='grc' dir='ltr'>ἀπὸ</span> <span class='ocrx_word' id='word_1_227' title='bbox 755 2561 1028 2632; x_wconf 87' lang='grc' dir='ltr'>νηστικῶν</span> <span class='ocrx_word' id='word_1_228' title='bbox 1061 2559 1194 2629; x_wconf 72' lang='grc' dir='ltr'>ἅγια</span> <span class='ocrx_word' id='word_1_229' title='bbox 1224 2560 1284 2613; x_wconf 86' lang='grc' dir='ltr'><strong>ού</strong></span> <span class='ocrx_word' id='word_1_230' title='bbox 1317 2559 1678 2630; x_wconf 81' lang='grc' dir='ltr'>προσάγεται.</span> 
     </span>
    </p>
   </div>
   <div class='ocr_carea' id='block_1_43' title="bbox 278 2653 1678 2726">
    <p class='ocr_par' dir='ltr' id='par_1_43' title="bbox 278 2653 1678 2726">
     <span class='ocr_line' id='line_1_43' title="bbox 278 2653 1678 2726; baseline 0.004 -21"><span class='ocrx_word' id='word_1_231' title='bbox 278 2653 386 2720; x_wconf 81' lang='grc' dir='ltr'>λς’.</span> <span class='ocrx_word' id='word_1_232' title='bbox 421 2654 704 2726; x_wconf 79' lang='grc' dir='ltr'>Κληρικδς</span> <span class='ocrx_word' id='word_1_233' title='bbox 751 2655 839 2707; x_wconf 73' lang='grc' dir='ltr'><strong>ἐπ’</strong></span> <span class='ocrx_word' id='word_1_234' title='bbox 874 2653 1170 2724; x_wconf 77' lang='grc' dir='ltr'>ἐκκλησίας</span> <span class='ocrx_word' id='word_1_235' title='bbox 1207 2654 1678 2725; x_wconf 77' lang='grc' dir='ltr'>ἀσυμποσίαστος.</span> 
     </span>
    </p>
   </div>
   <div class='ocr_carea' id='block_1_44' title="bbox 278 2745 1789 2818">
    <p class='ocr_par' dir='ltr' id='par_1_44' title="bbox 278 2745 1789 2818">
     <span class='ocr_line' id='line_1_44' title="bbox 278 2745 1789 2818; baseline -0.001 -18"><span class='ocrx_word' id='word_1_236' title='bbox 278 2745 378 2811; x_wconf 73' lang='grc' dir='ltr'>λζ’.</span> <span class='ocrx_word' id='word_1_237' title='bbox 432 2747 496 2800; x_wconf 83' lang='grc' dir='ltr'><strong>Ἠ</strong></span> <span class='ocrx_word' id='word_1_238' title='bbox 539 2745 629 2800; x_wconf 79' lang='grc' dir='ltr'><strong>διὰ</strong></span> <span class='ocrx_word' id='word_1_239' title='bbox 687 2745 985 2818; x_wconf 82' lang='grc' dir='ltr'>παρθενίαν</span> <span class='ocrx_word' id='word_1_240' title='bbox 1036 2745 1132 2799; x_wconf 83' lang='grc' dir='ltr'><strong>τοῦ</strong></span> <span class='ocrx_word' id='word_1_241' title='bbox 1171 2745 1376 2817; x_wconf 80' lang='grc' dir='ltr'>πατρὸς</span> <span class='ocrx_word' id='word_1_242' title='bbox 1421 2746 1789 2816; x_wconf 82' lang='grc' dir='ltr'>ἀφισταμένη.</span> 
     </span>
    </p>
   </div>
   <div class='ocr_carea' id='block_1_45' title="bbox 205 2837 1584 2910">
    <p class='ocr_par' dir='ltr' id='par_1_45' title="bbox 205 2837 1584 2910">
     <span class='ocr_line' id='line_1_45' title="bbox 205 2837 1584 2910; baseline 0.001 -18"><span class='ocrx_word' id='word_1_243' title='bbox 205 2841 328 2902; x_wconf 79' lang='grc' dir='ltr'>ταῖς</span> <span class='ocrx_word' id='word_1_244' title='bbox 343 2839 713 2910; x_wconf 24' lang='grc' dir='ltr'>γτιμιωτάταις</span> <span class='ocrx_word' id='word_1_245' title='bbox 749 2841 858 2893; x_wconf 89' lang='grc' dir='ltr'><strong>τῶν</strong></span> <span class='ocrx_word' id='word_1_246' title='bbox 890 2837 1168 2906; x_wconf 87' lang='grc' dir='ltr'>γυναικῶν</span> <span class='ocrx_word' id='word_1_247' title='bbox 1205 2837 1584 2908; x_wconf 84' lang='grc' dir='ltr'>παρατίθεται.</span> 
     </span>
    </p>
   </div>
   <div class='ocr_carea' id='block_1_46' title="bbox 283 2929 1794 3004">
    <p class='ocr_par' dir='ltr' id='par_1_46' title="bbox 283 2929 1794 3004">
     <span class='ocr_line' id='line_1_46' title="bbox 283 2929 1794 3004; baseline 0.001 -21"><span class='ocrx_word' id='word_1_248' title='bbox 283 2931 386 3002; x_wconf 86' lang='grc' dir='ltr'>λη’.</span> <span class='ocrx_word' id='word_1_249' title='bbox 420 2932 686 3004; x_wconf 70' lang='grc' dir='ltr'>Σκηνικδς</span> <span class='ocrx_word' id='word_1_250' title='bbox 723 2929 1070 3002; x_wconf 75' lang='grc' dir='ltr'>ἐπιστρέφων</span> <span class='ocrx_word' id='word_1_251' title='bbox 1104 2930 1293 2994; x_wconf 81' lang='grc' dir='ltr'>δεκτός</span> <span class='ocrx_word' id='word_1_252' title='bbox 1333 2931 1482 2984; x_wconf 79' lang='grc' dir='ltr'>ἐστιν</span> <span class='ocrx_word' id='word_1_253' title='bbox 1520 2932 1600 2995; x_wconf 86' lang='grc' dir='ltr'><strong>είς</strong></span> <span class='ocrx_word' id='word_1_254' title='bbox 1626 2931 1794 3001; x_wconf 87' lang='grc' dir='ltr'>μετά-</span> 
     </span>
    </p>
   </div>
   <div class='ocr_carea' id='block_1_47' title="bbox 209 3041 388 3078">
    <p class='ocr_par' dir='ltr' id='par_1_47' title="bbox 209 3041 388 3078">
     <span class='ocr_line' id='line_1_47' title="bbox 209 3041 388 3078; baseline 0.006 -1"><span class='ocrx_word' id='word_1_255' title='bbox 209 3041 388 3078; x_wconf 83' lang='grc' dir='ltr'>νοιαν.</span> 
     </span>
    </p>
   </div>
   <div class='ocr_carea' id='block_1_48' title="bbox 285 3117 1792 3188">
    <p class='ocr_par' dir='ltr' id='par_1_48' title="bbox 285 3117 1792 3188">
     <span class='ocr_line' id='line_1_48' title="bbox 285 3117 1792 3188; baseline -0.001 -17"><span class='ocrx_word' id='word_1_256' title='bbox 285 3118 385 3173; x_wconf 85' lang='grc' dir='ltr'>λθ¹.</span> <span class='ocrx_word' id='word_1_257' title='bbox 451 3117 894 3183; x_wconf 72' lang='grc' dir='ltr'>Ἀναϐαπτίσεις,</span> <span class='ocrx_word' id='word_1_258' title='bbox 957 3117 1054 3172; x_wconf 77' lang='grc' dir='ltr'>καὶ</span> <span class='ocrx_word' id='word_1_259' title='bbox 1105 3117 1641 3188; x_wconf 78' lang='grc' dir='ltr'>ἁναχειροτονήσεις,</span> <span class='ocrx_word' id='word_1_260' title='bbox 1700 3118 1792 3170; x_wconf 73' lang='grc' dir='ltr'>καὶ</span> 
     </span>
    </p>
   </div>
   <div class='ocr_carea' id='block_1_49' title="bbox 215 3211 1342 3284">
    <p class='ocr_par' dir='ltr' id='par_1_49' title="bbox 215 3211 1342 3284">
     <span class='ocr_line' id='line_1_49' title="bbox 215 3211 1342 3284; baseline -0.001 -17"><span class='ocrx_word' id='word_1_261' title='bbox 215 3212 608 3284; x_wconf 79' lang='grc' dir='ltr'>μετακινήσεις</span> <span class='ocrx_word' id='word_1_262' title='bbox 635 3211 953 3266; x_wconf 73' lang='grc' dir='ltr'>ἐπισκόπων</span> <span class='ocrx_word' id='word_1_263' title='bbox 977 3211 1038 3264; x_wconf 86' lang='grc' dir='ltr'><strong>ού</strong></span> <span class='ocrx_word' id='word_1_264' title='bbox 1075 3211 1342 3279; x_wconf 84' lang='grc' dir='ltr'>γίνονται.</span> 
     </span>
    </p>
   </div>
   <div class='ocr_carea' id='block_1_50' title="bbox 292 3300 1798 3376">
    <p class='ocr_par' dir='ltr' id='par_1_50' title="bbox 292 3300 1798 3376">
     <span class='ocr_line' id='line_1_50' title="bbox 292 3300 1798 3376; baseline -0.003 -16"><span class='ocrx_word' id='word_1_265' title='bbox 292 3311 366 3376; x_wconf 87' lang='grc' dir='ltr'>μ’.</span> <span class='ocrx_word' id='word_1_266' title='bbox 399 3301 745 3376; x_wconf 78' lang='grc' dir='ltr'>Κρεσκώνιος</span> <span class='ocrx_word' id='word_1_267' title='bbox 784 3302 878 3356; x_wconf 83' lang='grc' dir='ltr'>τοῦ</span> <span class='ocrx_word' id='word_1_268' title='bbox 911 3302 1041 3356; x_wconf 85' lang='grc' dir='ltr'>ίδίου</span> <span class='ocrx_word' id='word_1_269' title='bbox 1084 3301 1212 3356; x_wconf 83' lang='grc' dir='ltr'>λαοῦ</span> <span class='ocrx_word' id='word_1_270' title='bbox 1263 3303 1526 3366; x_wconf 82' lang='grc' dir='ltr'>ἀποστὰς,</span> <span class='ocrx_word' id='word_1_271' title='bbox 1556 3305 1624 3374; x_wconf 78' lang='grc' dir='ltr'>τῇ</span> <span class='ocrx_word' id='word_1_272' title='bbox 1662 3300 1798 3356; x_wconf 83' lang='grc' dir='ltr'>Του-</span> 
     </span>
    </p>
   </div>
   <div class='ocr_carea' id='block_1_51' title="bbox 214 3392 1798 3469">
    <p class='ocr_par' dir='ltr' id='par_1_51' title="bbox 214 3392 1798 3469">
     <span class='ocr_line' id='line_1_51' title="bbox 214 3392 1798 3469; baseline -0.003 -19"><span class='ocrx_word' id='word_1_273' title='bbox 214 3398 427 3469; x_wconf 78' lang='grc' dir='ltr'>ϐηκένῃ</span> <span class='ocrx_word' id='word_1_274' title='bbox 465 3396 732 3466; x_wconf 70' lang='grc' dir='ltr'>ἐκκλησίᾳ</span> <span class='ocrx_word' id='word_1_275' title='bbox 773 3395 967 3466; x_wconf 73' lang='grc' dir='ltr'>ἐπέϐη.</span> <span class='ocrx_word' id='word_1_276' title='bbox 1000 3395 1111 3448; x_wconf 72' lang='grc' dir='ltr'>Καὶ</span> <span class='ocrx_word' id='word_1_277' title='bbox 1171 3395 1294 3448; x_wconf 74' lang='grc' dir='ltr'>ἐπεὶ</span> <span class='ocrx_word' id='word_1_278' title='bbox 1326 3392 1798 3466; x_wconf 85' lang='grc' dir='ltr'>ὲκκλησιαστικῶς</span> 
     </span>
    </p>
   </div>
   <div class='ocr_carea' id='block_1_52' title="bbox 215 3484 1798 3559">
    <p class='ocr_par' dir='ltr' id='par_1_52' title="bbox 215 3484 1798 3559">
     <span class='ocr_line' id='line_1_52' title="bbox 215 3484 1798 3559; baseline -0.003 -17"><span class='ocrx_word' id='word_1_279' title='bbox 215 3488 724 3559; x_wconf 84' lang='grc' dir='ltr'>καταγγελλόμενος</span> <span class='ocrx_word' id='word_1_280' title='bbox 763 3486 825 3540; x_wconf 85' lang='grc' dir='ltr'><strong>ού</strong></span> <span class='ocrx_word' id='word_1_281' title='bbox 860 3486 1205 3558; x_wconf 84' lang='grc' dir='ltr'>μεθίσταται,</span> <span class='ocrx_word' id='word_1_282' title='bbox 1246 3484 1583 3556; x_wconf 84' lang='grc' dir='ltr'>ἀρχοντικῶς</span> <span class='ocrx_word' id='word_1_283' title='bbox 1620 3501 1798 3538; x_wconf 88' lang='grc' dir='ltr'>κεκω-</span> 
     </span>
    </p>
   </div>
   <div class='ocr_carea' id='block_1_53' title="bbox 217 3579 1704 3648">
    <p class='ocr_par' dir='ltr' id='par_1_53' title="bbox 217 3579 1704 3648">
     <span class='ocr_line' id='line_1_53' title="bbox 217 3579 1704 3648; baseline -0.003 -15"><span class='ocrx_word' id='word_1_284' title='bbox 217 3579 424 3634; x_wconf 81' lang='grc' dir='ltr'>λύσθω.</span> <span class='ocrx_word' id='word_1_285' title='bbox 1701 3644 1704 3648; x_wconf 16' lang='grc' dir='ltr'><em>ί</em></span> 
     </span>
    </p>
   </div>
   <div class='ocr_carea' id='block_1_54' title="bbox 291 3666 1803 3744">
    <p class='ocr_par' dir='ltr' id='par_1_54' title="bbox 291 3666 1803 3744">
     <span class='ocr_line' id='line_1_54' title="bbox 291 3666 1803 3744; baseline -0.007 -15"><span class='ocrx_word' id='word_1_286' title='bbox 291 3671 406 3744; x_wconf 84' lang='grc' dir='ltr'>μα’.</span> <span class='ocrx_word' id='word_1_287' title='bbox 468 3673 526 3727; x_wconf 87' lang='lat'><strong>&#39;0</strong></span> <span class='ocrx_word' id='word_1_288' title='bbox 574 3673 686 3736; x_wconf 78' lang='grc' dir='ltr'>τοῖς</span> <span class='ocrx_word' id='word_1_289' title='bbox 719 3670 869 3733; x_wconf 74' lang='grc' dir='ltr'>ἰδίοις</span> <span class='ocrx_word' id='word_1_290' title='bbox 915 3669 1094 3742; x_wconf 76' lang='grc' dir='ltr'>ὄχλοις</span> <span class='ocrx_word' id='word_1_291' title='bbox 1131 3668 1421 3740; x_wconf 82' lang='grc' dir='ltr'>ἀρκεῖσθαι</span> <span class='ocrx_word' id='word_1_292' title='bbox 1465 3666 1658 3732; x_wconf 88' lang='grc' dir='ltr'>δοκῶν,</span> <span class='ocrx_word' id='word_1_293' title='bbox 1699 3669 1803 3720; x_wconf 71' lang='grc' dir='ltr'>,καὶ</span> 
     </span>
    </p>
   </div>
   <div class='ocr_carea' id='block_1_55' title="bbox 218 3762 1804 3839">
    <p class='ocr_par' dir='ltr' id='par_1_55' title="bbox 218 3762 1804 3839">
     <span class='ocr_line' id='line_1_55' title="bbox 218 3762 1804 3839; baseline -0.003 -19"><span class='ocrx_word' id='word_1_294' title='bbox 218 3769 320 3839; x_wconf 71' lang='grc' dir='ltr'>τῆς</span> <span class='ocrx_word' id='word_1_295' title='bbox 362 3767 660 3837; x_wconf 81' lang='grc' dir='ltr'>ἀδελφικῆς</span> <span class='ocrx_word' id='word_1_296' title='bbox 713 3766 937 3837; x_wconf 82' lang='grc' dir='ltr'>ἀγάπης</span> <span class='ocrx_word' id='word_1_297' title='bbox 971 3763 1353 3836; x_wconf 81' lang='grc' dir='ltr'>καταφρονῶν,</span> <span class='ocrx_word' id='word_1_298' title='bbox 1398 3762 1493 3816; x_wconf 71' lang='grc' dir='ltr'><strong>καὶ</strong></span> <span class='ocrx_word' id='word_1_299' title='bbox 1516 3762 1625 3814; x_wconf 91' lang='grc' dir='ltr'><strong>τῶν</strong></span> <span class='ocrx_word' id='word_1_300' title='bbox 1661 3762 1804 3816; x_wconf 83' lang='grc' dir='ltr'>ίδίων</span> 
     </span>
    </p>
   </div>
   <div class='ocr_carea' id='block_1_56' title="bbox 225 3853 1008 3928">
    <p class='ocr_par' dir='ltr' id='par_1_56' title="bbox 225 3853 1008 3928">
     <span class='ocr_line' id='line_1_56' title="bbox 225 3853 1008 3928; baseline 0.001 -19"><span class='ocrx_word' id='word_1_301' title='bbox 225 3853 564 3928; x_wconf 85' lang='grc' dir='ltr'>ἁρχοντικῶς</span> <span class='ocrx_word' id='word_1_302' title='bbox 590 3855 1008 3926; x_wconf 87' lang='grc' dir='ltr'>στερηθήσεται.</span> 
     </span>
    </p>
   </div>
   <div class='ocr_carea' id='block_1_57' title="bbox 294 3943 1806 4018">
    <p class='ocr_par' dir='ltr' id='par_1_57' title="bbox 294 3943 1806 4018">
     <span class='ocr_line' id='line_1_57' title="bbox 294 3943 1806 4018; baseline -0.003 -17"><span class='ocrx_word' id='word_1_303' title='bbox 294 3946 410 4017; x_wconf 84' lang='grc' dir='ltr'>μβ’.</span> <span class='ocrx_word' id='word_1_304' title='bbox 428 3949 532 4001; x_wconf 76' lang='grc' dir='ltr'><strong>τὸν</strong></span> <span class='ocrx_word' id='word_1_305' title='bbox 562 3945 916 4016; x_wconf 81' lang='grc' dir='ltr'>Ἐπιγονάτου</span> <span class='ocrx_word' id='word_1_306' title='bbox 945 3943 1057 4018; x_wconf 81' lang='grc' dir='ltr'>[τα.</span> <span class='ocrx_word' id='word_1_307' title='bbox 1100 3943 1410 4017; x_wconf 85' lang='grc' dir='ltr'>Ἐπιγόνου]</span> <span class='ocrx_word' id='word_1_308' title='bbox 1449 3945 1806 4014; x_wconf 81' lang='grc' dir='ltr'>ἀναγνώστην</span> 
     </span>
    </p>
   </div>
   <div class='ocr_carea' id='block_1_58' title="bbox 241 4033 1806 4109">
    <p class='ocr_par' dir='ltr' id='par_1_58' title="bbox 241 4033 1806 4109">
     <span class='ocr_line' id='line_1_58' title="bbox 241 4033 1806 4109; baseline -0.004 -16"><span class='ocrx_word' id='word_1_309' title='bbox 241 4037 530 4100; x_wconf 76' lang='grc' dir='ltr'>Ἰουλιανὸς</span> <span class='ocrx_word' id='word_1_310' title='bbox 556 4038 939 4109; x_wconf 83' lang='grc' dir='ltr'>χειροτονήσας</span> <span class='ocrx_word' id='word_1_311' title='bbox 976 4037 1225 4100; x_wconf 85' lang='grc' dir='ltr'>διάκονος</span> <span class='ocrx_word' id='word_1_312' title='bbox 1259 4035 1376 4108; x_wconf 76' lang='grc' dir='ltr'>[γρ.</span> <span class='ocrx_word' id='word_1_313' title='bbox 1431 4033 1727 4108; x_wconf 88' lang='grc' dir='ltr'>διάκονον],</span> <span class='ocrx_word' id='word_1_314' title='bbox 1758 4037 1806 4088; x_wconf 81' lang='grc' dir='ltr'>εἰ</span> 
     </span>
    </p>
   </div>
   <div class='ocr_carea' id='block_1_59' title="bbox 231 4126 1809 4199">
    <p class='ocr_par' dir='ltr' id='par_1_59' title="bbox 231 4126 1809 4199">
     <span class='ocr_line' id='line_1_59' title="bbox 231 4126 1809 4199; baseline -0.008 -16"><span class='ocrx_word' id='word_1_315' title='bbox 231 4129 310 4198; x_wconf 79' lang='grc' dir='ltr'>μὴ</span> <span class='ocrx_word' id='word_1_316' title='bbox 339 4129 409 4198; x_wconf 80' lang='grc' dir='ltr'><strong>τῇ</strong></span> <span class='ocrx_word' id='word_1_317' title='bbox 442 4128 572 4198; x_wconf 81' lang='grc' dir='ltr'>πρὶν</span> <span class='ocrx_word' id='word_1_318' title='bbox 615 4127 778 4182; x_wconf 77' lang='grc' dir='ltr'>αὐτὸν</span> <span class='ocrx_word' id='word_1_319' title='bbox 825 4127 1086 4199; x_wconf 81' lang='grc' dir='ltr'>αὑθεντίᾳ</span> <span class='ocrx_word' id='word_1_320' title='bbox 1117 4127 1484 4199; x_wconf 69' lang='grc' dir='ltr'>ξπαραστήσῃ,</span> <span class='ocrx_word' id='word_1_321' title='bbox 1529 4126 1593 4179; x_wconf 77' lang='grc' dir='ltr'><strong>τδ</strong></span> <span class='ocrx_word' id='word_1_322' title='bbox 1637 4126 1809 4182; x_wconf 78' lang='grc' dir='ltr'>κατά.</span> 
     </span>
    </p>
   </div>
   <div class='ocr_carea' id='block_1_60' title="bbox 228 4218 1376 4291">
    <p class='ocr_par' dir='ltr' id='par_1_60' title="bbox 228 4218 1376 4291">
     <span class='ocr_line' id='line_1_60' title="bbox 228 4218 1376 4291; baseline 0 -19"><span class='ocrx_word' id='word_1_323' title='bbox 228 4237 406 4291; x_wconf 86' lang='grc' dir='ltr'>κριμα</span> <span class='ocrx_word' id='word_1_324' title='bbox 438 4218 540 4288; x_wconf 81' lang='grc' dir='ltr'>τῆς</span> <span class='ocrx_word' id='word_1_325' title='bbox 575 4219 886 4290; x_wconf 84' lang='grc' dir='ltr'>μονοτονίας</span> <span class='ocrx_word' id='word_1_326' title='bbox 912 4218 1376 4290; x_wconf 86' lang='grc' dir='ltr'>καταπλουτήσει.</span> 
     </span>
    </p>
   </div>
   <div class='ocr_carea' id='block_1_61' title="bbox 303 4297 1808 4382">
    <p class='ocr_par' dir='ltr' id='par_1_61' title="bbox 303 4297 1808 4382">
     <span class='ocr_line' id='line_1_61' title="bbox 303 4297 1808 4382; baseline -0.012 -3"><span class='ocrx_word' id='word_1_327' title='bbox 303 4309 418 4382; x_wconf 74' lang='grc' dir='ltr'>μγὀ</span> <span class='ocrx_word' id='word_1_328' title='bbox 449 4311 728 4376; x_wconf 82' lang='grc' dir='ltr'>Διάκονος.</span> <span class='ocrx_word' id='word_1_329' title='bbox 767 4310 890 4364; x_wconf 73' lang='grc' dir='ltr'>οὐδὲ</span> <span class='ocrx_word' id='word_1_330' title='bbox 919 4310 1248 4381; x_wconf 76' lang='grc' dir='ltr'>γράμματος</span> <span class='ocrx_word' id='word_1_331' title='bbox 1299 4297 1711 4382; x_wconf 79' lang='grc' dir='ltr'>[γραμματεὺς]</span> <span class='ocrx_word' id='word_1_332' title='bbox 1749 4309 1808 4361; x_wconf 79' lang='grc' dir='ltr'>ὲν</span> 
     </span>
    </p>
   </div>
   <div class='ocr_carea' id='block_1_62' title="bbox 227 4401 1809 4478">
    <p class='ocr_par' dir='ltr' id='par_1_62' title="bbox 227 4401 1809 4478">
     <span class='ocr_line' id='line_1_62' title="bbox 227 4401 1809 4478; baseline -0.003 -20"><span class='ocrx_word' id='word_1_333' title='bbox 227 4409 296 4476; x_wconf 81' lang='grc' dir='ltr'><strong>τῇ</strong></span> <span class='ocrx_word' id='word_1_334' title='bbox 330 4403 490 4478; x_wconf 82' lang='grc' dir='ltr'>χώρᾲ</span> <span class='ocrx_word' id='word_1_335' title='bbox 525 4403 634 4457; x_wconf 90' lang='grc' dir='ltr'><strong>τῶν</strong></span> <span class='ocrx_word' id='word_1_336' title='bbox 664 4405 888 4474; x_wconf 82' lang='grc' dir='ltr'>Ἀφρων</span> <span class='ocrx_word' id='word_1_337' title='bbox 923 4401 1012 4456; x_wconf 85' lang='grc' dir='ltr'><strong>διὰ</strong></span> <span class='ocrx_word' id='word_1_338' title='bbox 1039 4403 1236 4456; x_wconf 86' lang='grc' dir='ltr'>σπάνιν</span> <span class='ocrx_word' id='word_1_339' title='bbox 1271 4401 1608 4472; x_wconf 84' lang='grc' dir='ltr'>εὑρίσκεται·</span> <span class='ocrx_word' id='word_1_340' title='bbox 1645 4402 1809 4454; x_wconf 85' lang='grc' dir='ltr'>πόσον</span> 
     </span>
    </p>
   </div>
   <div class='ocr_carea' id='block_1_63' title="bbox 229 4497 614 4568">
    <p class='ocr_par' dir='ltr' id='par_1_63' title="bbox 229 4497 614 4568">
     <span class='ocr_line' id='line_1_63' title="bbox 229 4497 614 4568; baseline -0.003 -17"><span class='ocrx_word' id='word_1_341' title='bbox 229 4501 280 4551; x_wconf 86' lang='grc' dir='ltr'>οἱ</span> <span class='ocrx_word' id='word_1_342' title='bbox 307 4497 572 4568; x_wconf 81' lang='grc' dir='ltr'>ἀνώτεροι</span> <span class='ocrx_word' id='word_1_343' title='bbox 597 4515 614 4565; x_wconf 87' lang='grc'><strong>;</strong></span> 
     </span>
    </p>
   </div>
   <div class='ocr_carea' id='block_1_64' title="bbox 1889 2005 2088 2064">
    <p class='ocr_par' dir='ltr' id='par_1_64' title="bbox 1889 2005 2088 2064">
     <span class='ocr_line' id='line_1_64' title="bbox 1889 2005 2088 2064; baseline 0 0"><span class='ocrx_word' id='word_1_344' title='bbox 1889 2005 2088 2064; x_wconf 76' lang='lat' dir='ltr'><strong>solum.</strong></span> 
     </span>
    </p>
   </div>
   <div class='ocr_carea' id='block_1_65' title="bbox 1959 2099 3542 2185">
    <p class='ocr_par' dir='ltr' id='par_1_65' title="bbox 1959 2099 3542 2185">
     <span class='ocr_line' id='line_1_65' title="bbox 1959 2099 3542 2185; baseline -0.004 -28"><span class='ocrx_word' id='word_1_345' title='bbox 1959 2102 2048 2157; x_wconf 76' lang='grc'>54.</span> <span class='ocrx_word' id='word_1_346' title='bbox 2091 2100 2287 2185; x_wconf 59' lang='lat' dir='ltr'><strong>Clerici</strong></span> <span class='ocrx_word' id='word_1_347' title='bbox 2329 2109 2392 2157; x_wconf 93' lang='lat' dir='ltr'><strong>et</strong></span> <span class='ocrx_word' id='word_1_348' title='bbox 2427 2100 2774 2156; x_wconf 88' lang='lat' dir='ltr'><strong>continentes</strong></span> <span class='ocrx_word' id='word_1_349' title='bbox 2805 2100 2874 2156; x_wconf 90' lang='lat' dir='ltr'><strong>ad</strong></span> <span class='ocrx_word' id='word_1_350' title='bbox 2904 2100 3094 2156; x_wconf 86' lang='lat' dir='ltr'><strong>viduas</strong></span> <span class='ocrx_word' id='word_1_351' title='bbox 3118 2100 3206 2158; x_wconf 90' lang='lat' dir='ltr'><strong>vel</strong></span> <span class='ocrx_word' id='word_1_352' title='bbox 3229 2099 3471 2171; x_wconf 79' lang='lat' dir='ltr'><strong>virgines</strong></span> <span class='ocrx_word' id='word_1_353' title='bbox 3539 2173 3542 2176; x_wconf 2' lang='grc' dir='ltr'><strong>γ</strong></span> 
     </span>
    </p>
   </div>
   <div class='ocr_carea' id='block_1_66' title="bbox 1895 2191 3473 2262">
    <p class='ocr_par' dir='ltr' id='par_1_66' title="bbox 1895 2191 3473 2262">
     <span class='ocr_line' id='line_1_66' title="bbox 1895 2191 3473 2262; baseline 0 -16"><span class='ocrx_word' id='word_1_354' title='bbox 1895 2207 2007 2248; x_wconf 92' lang='lat' dir='ltr'><strong>non</strong></span> <span class='ocrx_word' id='word_1_355' title='bbox 2037 2193 2320 2259; x_wconf 85' lang='lat' dir='ltr'><strong>accedant,</strong></span> <span class='ocrx_word' id='word_1_356' title='bbox 2371 2192 2476 2247; x_wconf 91' lang='lat' dir='ltr'><strong>nisi</strong></span> <span class='ocrx_word' id='word_1_357' title='bbox 2518 2207 2587 2248; x_wconf 79' lang='lat' dir='ltr'><strong>ex</strong></span> <span class='ocrx_word' id='word_1_358' title='bbox 2627 2191 2784 2262; x_wconf 88' lang='lat' dir='ltr'><strong>jussu</strong></span> <span class='ocrx_word' id='word_1_359' title='bbox 2833 2191 3221 2262; x_wconf 88' lang='lat' dir='ltr'><strong>episcoporum</strong></span> <span class='ocrx_word' id='word_1_360' title='bbox 3260 2200 3316 2246; x_wconf 94' lang='lat' dir='ltr'><strong>et</strong></span> <span class='ocrx_word' id='word_1_361' title='bbox 3348 2206 3473 2261; x_wconf 89' lang='lat' dir='ltr'><strong>pre-</strong></span> 
     </span>
    </p>
   </div>
   <div class='ocr_carea' id='block_1_67' title="bbox 1890 2284 3474 2355">
    <p class='ocr_par' dir='ltr' id='par_1_67' title="bbox 1890 2284 3474 2355">
     <span class='ocr_line' id='line_1_67' title="bbox 1890 2284 3474 2355; baseline 0.001 -16"><span class='ocrx_word' id='word_1_362' title='bbox 1890 2284 2256 2355; x_wconf 88' lang='lat' dir='ltr'><strong>sbyterorum,</strong></span> <span class='ocrx_word' id='word_1_363' title='bbox 2305 2294 2362 2341; x_wconf 88' lang='lat' dir='ltr'><strong>et</strong></span> <span class='ocrx_word' id='word_1_364' title='bbox 2402 2285 2482 2342; x_wconf 91' lang='lat' dir='ltr'><strong>sic</strong></span> <span class='ocrx_word' id='word_1_365' title='bbox 2511 2284 2788 2350; x_wconf 76' lang='lat' dir='ltr'><strong>nonsoli,</strong></span> <span class='ocrx_word' id='word_1_366' title='bbox 2825 2285 2921 2340; x_wconf 88' lang='lat' dir='ltr'><strong>sed</strong></span> <span class='ocrx_word' id='word_1_367' title='bbox 2963 2284 3052 2340; x_wconf 70' lang='lat' dir='ltr'><strong>vel</strong></span> <span class='ocrx_word' id='word_1_368' title='bbox 3081 2300 3206 2340; x_wconf 90' lang='lat' dir='ltr'><strong>cum</strong></span> <span class='ocrx_word' id='word_1_369' title='bbox 3241 2284 3309 2341; x_wconf 92' lang='lat' dir='ltr'><strong>iis</strong></span> <span class='ocrx_word' id='word_1_370' title='bbox 3334 2299 3474 2355; x_wconf 88' lang='lat' dir='ltr'><strong>quos</strong></span> 
     </span>
    </p>
   </div>
   <div class='ocr_carea' id='block_1_68' title="bbox 1891 2371 3362 2450">
    <p class='ocr_par' dir='ltr' id='par_1_68' title="bbox 1891 2371 3362 2450">
     <span class='ocr_line' id='line_1_68' title="bbox 1891 2371 3362 2450; baseline 0.001 -18"><span class='ocrx_word' id='word_1_371' title='bbox 1891 2378 2181 2448; x_wconf 86' lang='lat' dir='ltr'><strong>episcopus</strong></span> <span class='ocrx_word' id='word_1_372' title='bbox 2211 2378 2292 2433; x_wconf 93' lang='lat' dir='ltr'><strong>vel</strong></span> <span class='ocrx_word' id='word_1_373' title='bbox 2324 2378 2626 2450; x_wconf 88' lang='lat' dir='ltr'><strong>presbyteri</strong></span> <span class='ocrx_word' id='word_1_374' title='bbox 2655 2393 2842 2434; x_wconf 87' lang='lat' dir='ltr'><strong>secum</strong></span> <span class='ocrx_word' id='word_1_375' title='bbox 2871 2378 3101 2434; x_wconf 87' lang='lat' dir='ltr'><strong>ducunt.</strong></span> <span class='ocrx_word' id='word_1_376' title='bbox 3358 2371 3362 2374; x_wconf 18' lang='grc' dir='ltr'><strong><em>Α</em></strong></span> 
     </span>
    </p>
   </div>
   <div class='ocr_carea' id='block_1_69' title="bbox 1961 2560 3306 2635">
    <p class='ocr_par' dir='ltr' id='par_1_69' title="bbox 1961 2560 3306 2635">
     <span class='ocr_line' id='line_1_69' title="bbox 1961 2560 3306 2635; baseline -0.001 -19"><span class='ocrx_word' id='word_1_377' title='bbox 1961 2563 2050 2617; x_wconf 82' lang='grc'><strong>55.</strong></span> <span class='ocrx_word' id='word_1_378' title='bbox 2089 2561 2287 2616; x_wconf 81' lang='lat' dir='ltr'><strong>Sancta</strong></span> <span class='ocrx_word' id='word_1_379' title='bbox 2317 2561 2423 2617; x_wconf 90' lang='lat' dir='ltr'><strong>nisi</strong></span> <span class='ocrx_word' id='word_1_380' title='bbox 2452 2577 2483 2616; x_wconf 88' lang='lat' dir='ltr'><strong>a</strong></span> <span class='ocrx_word' id='word_1_381' title='bbox 2502 2561 2710 2632; x_wconf 79' lang='lat' dir='ltr'><strong>jejunis</strong></span> <span class='ocrx_word' id='word_1_382' title='bbox 2737 2576 2845 2616; x_wconf 92' lang='lat' dir='ltr'><strong>non</strong></span> <span class='ocrx_word' id='word_1_383' title='bbox 2874 2560 3201 2618; x_wconf 80' lang='lat' dir='ltr'><strong>otl‘eruntur.</strong></span> <span class='ocrx_word' id='word_1_384' title='bbox 3302 2630 3306 2635; x_wconf 26' lang='lat'><strong><em>.</em></strong></span> 
     </span>
    </p>
   </div>
   <div class='ocr_carea' id='block_1_70' title="bbox 1961 2653 3210 2710">
    <p class='ocr_par' dir='ltr' id='par_1_70' title="bbox 1961 2653 3210 2710">
     <span class='ocr_line' id='line_1_70' title="bbox 1961 2653 3210 2710; baseline 0 -2"><span class='ocrx_word' id='word_1_385' title='bbox 1961 2655 2048 2709; x_wconf 78' lang='grc'><strong>56.</strong></span> <span class='ocrx_word' id='word_1_386' title='bbox 2091 2654 2335 2710; x_wconf 87' lang='lat' dir='ltr'><strong>Clericus</strong></span> <span class='ocrx_word' id='word_1_387' title='bbox 2366 2654 2421 2708; x_wconf 91' lang='lat' dir='ltr'><strong>in</strong></span> <span class='ocrx_word' id='word_1_388' title='bbox 2453 2655 2683 2710; x_wconf 87' lang='lat' dir='ltr'><strong>ecclesia</strong></span> <span class='ocrx_word' id='word_1_389' title='bbox 2715 2669 2826 2707; x_wconf 88' lang='lat' dir='ltr'><strong>non</strong></span> <span class='ocrx_word' id='word_1_390' title='bbox 2863 2653 3210 2710; x_wconf 86' lang='lat' dir='ltr'><strong>convivelur.</strong></span> 
     </span>
    </p>
   </div>
   <div class='ocr_carea' id='block_1_71' title="bbox 1965 2745 3472 2817">
    <p class='ocr_par' dir='ltr' id='par_1_71' title="bbox 1965 2745 3472 2817">
     <span class='ocr_line' id='line_1_71' title="bbox 1965 2745 3472 2817; baseline -0.002 -14"><span class='ocrx_word' id='word_1_391' title='bbox 1965 2748 2052 2803; x_wconf 87' lang='grc'><strong>57.</strong></span> <span class='ocrx_word' id='word_1_392' title='bbox 2096 2746 2228 2814; x_wconf 68' lang='lat' dir='ltr'><strong>Quae</strong></span> <span class='ocrx_word' id='word_1_393' title='bbox 2261 2763 2291 2802; x_wconf 89' lang='lat' dir='ltr'><strong>a</strong></span> <span class='ocrx_word' id='word_1_394' title='bbox 2319 2757 2475 2817; x_wconf 88' lang='lat' dir='ltr'><strong>patre</strong></span> <span class='ocrx_word' id='word_1_395' title='bbox 2503 2755 2730 2817; x_wconf 88' lang='lat' dir='ltr'><strong>propter</strong></span> <span class='ocrx_word' id='word_1_396' title='bbox 2762 2745 3131 2815; x_wconf 81' lang='lat' dir='ltr'><strong>virginitatem</strong></span> <span class='ocrx_word' id='word_1_397' title='bbox 3159 2745 3472 2812; x_wconf 84' lang='lat' dir='ltr'><strong>secesserit,</strong></span> 
     </span>
    </p>
   </div>
   <div class='ocr_carea' id='block_1_72' title="bbox 1893 2837 2955 2913">
    <p class='ocr_par' dir='ltr' id='par_1_72' title="bbox 1893 2837 2955 2913">
     <span class='ocr_line' id='line_1_72' title="bbox 1893 2837 2955 2913; baseline -0.002 -19"><span class='ocrx_word' id='word_1_398' title='bbox 1893 2838 2232 2913; x_wconf 79' lang='lat' dir='ltr'><strong>gravioribus</strong></span> <span class='ocrx_word' id='word_1_399' title='bbox 2262 2839 2482 2894; x_wconf 87' lang='lat' dir='ltr'><strong>feminis</strong></span> <span class='ocrx_word' id='word_1_400' title='bbox 2511 2837 2955 2894; x_wconf 85' lang='lat' dir='ltr'><strong>commendetur.</strong></span> 
     </span>
    </p>
   </div>
   <div class='ocr_carea' id='block_1_73' title="bbox 1966 2929 3475 3002">
    <p class='ocr_par' dir='ltr' id='par_1_73' title="bbox 1966 2929 3475 3002">
     <span class='ocr_line' id='line_1_73' title="bbox 1966 2929 3475 3002; baseline -0.003 -11"><span class='ocrx_word' id='word_1_401' title='bbox 1966 2937 2054 2991; x_wconf 90' lang='grc'><strong>58.</strong></span> <span class='ocrx_word' id='word_1_402' title='bbox 2096 2934 2361 2992; x_wconf 86' lang='lat' dir='ltr'><strong>Scenicus</strong></span> <span class='ocrx_word' id='word_1_403' title='bbox 2406 2950 2529 2991; x_wconf 89' lang='lat' dir='ltr'><strong>sese</strong></span> <span class='ocrx_word' id='word_1_404' title='bbox 2586 2941 2916 2990; x_wconf 83' lang='lat' dir='ltr'><strong>convertens</strong></span> <span class='ocrx_word' id='word_1_405' title='bbox 2968 2931 3037 2987; x_wconf 88' lang='lat' dir='ltr'><strong>ad</strong></span> <span class='ocrx_word' id='word_1_406' title='bbox 3094 2929 3475 3002; x_wconf 64' lang='lat' dir='ltr'><strong>paenitentiam</strong></span> 
     </span>
    </p>
   </div>
   <div class='ocr_carea' id='block_1_74' title="bbox 1896 3028 2373 3098">
    <p class='ocr_par' dir='ltr' id='par_1_74' title="bbox 1896 3028 2373 3098">
     <span class='ocr_line' id='line_1_74' title="bbox 1896 3028 2373 3098; baseline 0 -18"><span class='ocrx_word' id='word_1_407' title='bbox 1896 3028 2244 3098; x_wconf 85' lang='lat' dir='ltr'><strong>recipiendus</strong></span> <span class='ocrx_word' id='word_1_408' title='bbox 2271 3035 2373 3082; x_wconf 91' lang='lat' dir='ltr'><strong>est.</strong></span> 
     </span>
    </p>
   </div>
   <div class='ocr_carea' id='block_1_75' title="bbox 1966 3113 3481 3190">
    <p class='ocr_par' dir='ltr' id='par_1_75' title="bbox 1966 3113 3481 3190">
     <span class='ocr_line' id='line_1_75' title="bbox 1966 3113 3481 3190; baseline -0.003 -15"><span class='ocrx_word' id='word_1_409' title='bbox 1966 3121 2057 3177; x_wconf 86' lang='grc'>59.</span> <span class='ocrx_word' id='word_1_410' title='bbox 2103 3119 2599 3190; x_wconf 81' lang='lat' dir='ltr'><strong>Rebaptizationes,</strong></span> <span class='ocrx_word' id='word_1_411' title='bbox 2614 3125 2670 3173; x_wconf 89' lang='lat' dir='ltr'><strong>et</strong></span> <span class='ocrx_word' id='word_1_412' title='bbox 2699 3113 3220 3188; x_wconf 83' lang='lat' dir='ltr'><strong>reordinationes,&#39;et</strong></span> <span class='ocrx_word' id='word_1_413' title='bbox 3249 3114 3481 3171; x_wconf 87' lang='lat' dir='ltr'><strong>transla-</strong></span> 
     </span>
    </p>
   </div>
   <div class='ocr_carea' id='block_1_76' title="bbox 1823 3210 2828 3294">
    <p class='ocr_par' dir='ltr' id='par_1_76' title="bbox 1823 3210 2828 3294">
     <span class='ocr_line' id='line_1_76' title="bbox 1823 3210 2828 3294; baseline -0.005 -25"><span class='ocrx_word' id='word_1_414' title='bbox 1823 3233 1868 3294; x_wconf 69' lang='grc' dir='ltr'><strong>ρ</strong></span> <span class='ocrx_word' id='word_1_415' title='bbox 1907 3214 2089 3269; x_wconf 81' lang='lat' dir='ltr'><strong>tiones</strong></span> <span class='ocrx_word' id='word_1_416' title='bbox 2121 3213 2503 3284; x_wconf 88' lang='lat' dir='ltr'><strong>episcoporum</strong></span> <span class='ocrx_word' id='word_1_417' title='bbox 2532 3227 2641 3266; x_wconf 89' lang='lat' dir='ltr'><strong>non</strong></span> <span class='ocrx_word' id='word_1_418' title='bbox 2673 3210 2828 3266; x_wconf 80' lang='lat' dir='ltr'><strong>ﬁunt.</strong></span> 
     </span>
    </p>
   </div>
   <div class='ocr_carea' id='block_1_77' title="bbox 1972 3299 3480 3374">
    <p class='ocr_par' dir='ltr' id='par_1_77' title="bbox 1972 3299 3480 3374">
     <span class='ocr_line' id='line_1_77' title="bbox 1972 3299 3480 3374; baseline -0.005 -12"><span class='ocrx_word' id='word_1_419' title='bbox 1972 3307 2064 3362; x_wconf 77' lang='grc'>40.</span> <span class='ocrx_word' id='word_1_420' title='bbox 2101 3305 2429 3367; x_wconf 83' lang='lat' dir='ltr'><strong>Cresconius</strong></span> <span class='ocrx_word' id='word_1_421' title='bbox 2470 3304 2628 3374; x_wconf 89' lang='lat' dir='ltr'><strong>plebe</strong></span> <span class='ocrx_word' id='word_1_422' title='bbox 2676 3317 2773 3357; x_wconf 89' lang='lat' dir='ltr'><strong>sua</strong></span> <span class='ocrx_word' id='word_1_423' title='bbox 2838 3301 3100 3358; x_wconf 87' lang='lat' dir='ltr'><strong>derelicta</strong></span> <span class='ocrx_word' id='word_1_424' title='bbox 3147 3299 3480 3356; x_wconf 83' lang='lat' dir='ltr'><strong>Tubiensem</strong></span> 
     </span>
    </p>
   </div>
   <div class='ocr_carea' id='block_1_78' title="bbox 1904 3394 3484 3466">
    <p class='ocr_par' dir='ltr' id='par_1_78' title="bbox 1904 3394 3484 3466">
     <span class='ocr_line' id='line_1_78' title="bbox 1904 3394 3484 3466; baseline -0.003 -13"><span class='ocrx_word' id='word_1_425' title='bbox 1904 3399 2103 3454; x_wconf 88' lang='lat' dir='ltr'><strong>invasit</strong></span> <span class='ocrx_word' id='word_1_426' title='bbox 2135 3397 2471 3462; x_wconf 81' lang='lat' dir='ltr'><strong>Ecclesiam;</strong></span> <span class='ocrx_word' id='word_1_427' title='bbox 2522 3405 2577 3451; x_wconf 89' lang='lat' dir='ltr'><strong>et</strong></span> <span class='ocrx_word' id='word_1_428' title='bbox 2632 3396 2758 3466; x_wconf 85' lang='lat' dir='ltr'><strong>quia</strong></span> <span class='ocrx_word' id='word_1_429' title='bbox 2819 3395 3191 3456; x_wconf 85' lang='lat' dir='ltr'><strong>ecclesiastice</strong></span> <span class='ocrx_word' id='word_1_430' title='bbox 3241 3394 3484 3448; x_wconf 90' lang='lat' dir='ltr'><strong>monitus</strong></span> 
     </span>
    </p>
   </div>
   <div class='ocr_carea' id='block_1_79' title="bbox 1904 3484 3486 3557">
    <p class='ocr_par' dir='ltr' id='par_1_79' title="bbox 1904 3484 3486 3557">
     <span class='ocr_line' id='line_1_79' title="bbox 1904 3484 3486 3557; baseline -0.006 -11"><span class='ocrx_word' id='word_1_431' title='bbox 1904 3507 2017 3546; x_wconf 88' lang='lat' dir='ltr'><strong>non</strong></span> <span class='ocrx_word' id='word_1_432' title='bbox 2034 3497 2274 3544; x_wconf 84' lang='lat' dir='ltr'><strong>mutatus</strong></span> <span class='ocrx_word' id='word_1_433' title='bbox 2298 3496 2402 3552; x_wconf 88' lang='lat' dir='ltr'><strong>est,</strong></span> <span class='ocrx_word' id='word_1_434' title='bbox 2445 3487 2770 3542; x_wconf 82' lang='lat' dir='ltr'><strong>auctoritate</strong></span> <span class='ocrx_word' id='word_1_435' title='bbox 2807 3484 3095 3557; x_wconf 77' lang='lat' dir='ltr'><strong>iudiciaria</strong></span> <span class='ocrx_word' id='word_1_436' title='bbox 3147 3485 3216 3539; x_wconf 87' lang='lat' dir='ltr'><strong>ab</strong></span> <span class='ocrx_word' id='word_1_437' title='bbox 3257 3499 3321 3539; x_wconf 91' lang='lat' dir='ltr'><strong>ea</strong></span> <span class='ocrx_word' id='word_1_438' title='bbox 3356 3499 3486 3554; x_wconf 86' lang='lat' dir='ltr'><strong>pro-</strong></span> 
     </span>
    </p>
   </div>
   <div class='ocr_carea' id='block_1_80' title="bbox 1909 3563 2181 3637">
    <p class='ocr_par' dir='ltr' id='par_1_80' title="bbox 1909 3563 2181 3637">
     <span class='ocr_line' id='line_1_80' title="bbox 1909 3563 2181 3637; baseline -0.015 0"><span class='ocrx_word' id='word_1_439' title='bbox 1909 3563 2181 3637; x_wconf 73' lang='lat' dir='ltr'><strong>hibeatur.</strong></span> 
     </span>
    </p>
   </div>
   <div class='ocr_carea' id='block_1_81' title="bbox 1977 3665 3483 3740">
    <p class='ocr_par' dir='ltr' id='par_1_81' title="bbox 1977 3665 3483 3740">
     <span class='ocr_line' id='line_1_81' title="bbox 1977 3665 3483 3740; baseline -0.007 -11"><span class='ocrx_word' id='word_1_440' title='bbox 1977 3674 2068 3729; x_wconf 73' lang='grc'><strong>41.</strong></span> <span class='ocrx_word' id='word_1_441' title='bbox 2110 3671 2212 3739; x_wconf 85' lang='lat' dir='ltr'><strong>Qui</strong></span> <span class='ocrx_word' id='word_1_442' title='bbox 2255 3671 2474 3727; x_wconf 89' lang='lat' dir='ltr'><strong>sibimet</strong></span> <span class='ocrx_word' id='word_1_443' title='bbox 2503 3676 2658 3740; x_wconf 91' lang='lat' dir='ltr'><strong>putat</strong></span> <span class='ocrx_word' id='word_1_444' title='bbox 2690 3667 2878 3739; x_wconf 88' lang='lat' dir='ltr'><strong>plebes</strong></span> <span class='ocrx_word' id='word_1_445' title='bbox 2913 3682 3041 3724; x_wconf 91' lang='lat' dir='ltr'><strong>suas</strong></span> <span class='ocrx_word' id='word_1_446' title='bbox 3069 3667 3342 3730; x_wconf 73' lang='lat' dir='ltr'><strong>sufficere,</strong></span> <span class='ocrx_word' id='word_1_447' title='bbox 3374 3665 3483 3720; x_wconf 65' lang='grc' dir='ltr'>ἰτα-</span> 
     </span>
    </p>
   </div>
   <div class='ocr_carea' id='block_1_82' title="bbox 1909 3757 3486 3832">
    <p class='ocr_par' dir='ltr' id='par_1_82' title="bbox 1909 3757 3486 3832">
     <span class='ocr_line' id='line_1_82' title="bbox 1909 3757 3486 3832; baseline -0.005 -12"><span class='ocrx_word' id='word_1_448' title='bbox 1909 3776 2063 3820; x_wconf 87' lang='lat' dir='ltr'><strong>terna</strong></span> <span class='ocrx_word' id='word_1_449' title='bbox 2097 3763 2388 3820; x_wconf 88' lang='lat' dir='ltr'><strong>dilectione</strong></span> <span class='ocrx_word' id='word_1_450' title='bbox 2420 3769 2757 3832; x_wconf 88' lang='lat' dir='ltr'><strong>contempta,</strong></span> <span class='ocrx_word' id='word_1_451' title='bbox 2791 3759 2956 3815; x_wconf 90' lang='lat' dir='ltr'><strong>etiam</strong></span> <span class='ocrx_word' id='word_1_452' title='bbox 2999 3759 3239 3831; x_wconf 86' lang='lat' dir='ltr'><strong>propriis</strong></span> <span class='ocrx_word' id='word_1_453' title='bbox 3270 3757 3486 3829; x_wconf 88' lang='lat' dir='ltr'><strong>publica</strong></span> 
     </span>
    </p>
   </div>
   <div class='ocr_carea' id='block_1_83' title="bbox 1909 3855 3453 3925">
    <p class='ocr_par' dir='ltr' id='par_1_83' title="bbox 1909 3855 3453 3925">
     <span class='ocr_line' id='line_1_83' title="bbox 1909 3855 3453 3925; baseline -0.005 -12"><span class='ocrx_word' id='word_1_454' title='bbox 1909 3858 2112 3914; x_wconf 89' lang='lat' dir='ltr'><strong>carebit</strong></span> <span class='ocrx_word' id='word_1_455' title='bbox 2133 3855 2475 3912; x_wconf 87' lang='lat' dir='ltr'><strong>auctoritate.</strong></span> <span class='ocrx_word' id='word_1_456' title='bbox 3451 3923 3453 3925; x_wconf 16' lang='grc' dir='ltr'><strong><em>ι</em></strong></span> 
     </span>
    </p>
   </div>
   <div class='ocr_carea' id='block_1_84' title="bbox 1978 3945 3488 4022">
    <p class='ocr_par' dir='ltr' id='par_1_84' title="bbox 1978 3945 3488 4022">
     <span class='ocr_line' id='line_1_84' title="bbox 1978 3945 3488 4022; baseline -0.005 -16"><span class='ocrx_word' id='word_1_457' title='bbox 1978 3952 2068 4006; x_wconf 66' lang='lat'><strong>42.</strong></span> <span class='ocrx_word' id='word_1_458' title='bbox 2109 3949 2402 4022; x_wconf 87' lang='lat' dir='ltr'><strong>Epigonati</strong></span> <span class='ocrx_word' id='word_1_459' title='bbox 2448 3949 2710 4010; x_wconf 84' lang='lat' dir='ltr'><strong>lectorem</strong></span> <span class='ocrx_word' id='word_1_460' title='bbox 2757 3962 2884 4003; x_wconf 85' lang='lat' dir='ltr'><strong>cum</strong></span> <span class='ocrx_word' id='word_1_461' title='bbox 2922 3945 3175 4003; x_wconf 87' lang='lat' dir='ltr'><strong>Julianus</strong></span> <span class='ocrx_word' id='word_1_462' title='bbox 3201 3945 3488 4000; x_wconf 89' lang='lat' dir='ltr'><strong>diaconum</strong></span> 
     </span>
    </p>
   </div>
   <div class='ocr_carea' id='block_1_85' title="bbox 1910 4037 3491 4112">
    <p class='ocr_par' dir='ltr' id='par_1_85' title="bbox 1910 4037 3491 4112">
     <span class='ocr_line' id='line_1_85' title="bbox 1910 4037 3491 4112; baseline -0.005 -14"><span class='ocrx_word' id='word_1_463' title='bbox 1910 4043 2269 4106; x_wconf 86' lang='lat' dir='ltr'><strong>ordinaverit,</strong></span> <span class='ocrx_word' id='word_1_464' title='bbox 2301 4041 2405 4096; x_wconf 85' lang='lat' dir='ltr'><strong>nisi</strong></span> <span class='ocrx_word' id='word_1_465' title='bbox 2436 4057 2586 4106; x_wconf 89' lang='lat' dir='ltr'><strong>eum,</strong></span> <span class='ocrx_word' id='word_1_466' title='bbox 2622 4041 2943 4112; x_wconf 87' lang='lat' dir='ltr'><strong>priusquam</strong></span> <span class='ocrx_word' id='word_1_467' title='bbox 2971 4038 3038 4094; x_wconf 87' lang='lat' dir='ltr'><strong>ad</strong></span> <span class='ocrx_word' id='word_1_468' title='bbox 3081 4037 3136 4093; x_wconf 89' lang='lat' dir='ltr'><strong>id</strong></span> <span class='ocrx_word' id='word_1_469' title='bbox 3169 4039 3491 4092; x_wconf 86' lang='lat' dir='ltr'><strong>auctoritate</strong></span> 
     </span>
    </p>
   </div>
   <div class='ocr_carea' id='block_1_86' title="bbox 1907 4133 3493 4206">
    <p class='ocr_par' dir='ltr' id='par_1_86' title="bbox 1907 4133 3493 4206">
     <span class='ocr_line' id='line_1_86' title="bbox 1907 4133 3493 4206; baseline -0.004 -18"><span class='ocrx_word' id='word_1_470' title='bbox 1907 4133 2196 4206; x_wconf 87' lang='lat' dir='ltr'><strong>judiciaria</strong></span> <span class='ocrx_word' id='word_1_471' title='bbox 2224 4142 2471 4204; x_wconf 90' lang='lat' dir='ltr'><strong>cogatur,</strong></span> <span class='ocrx_word' id='word_1_472' title='bbox 2520 4140 2891 4203; x_wconf 62' lang='lat' dir='ltr'><strong>reprasentet,</strong></span> <span class='ocrx_word' id='word_1_473' title='bbox 2931 4143 3120 4202; x_wconf 76' lang='lat' dir='ltr'><strong>pcenas</strong></span> <span class='ocrx_word' id='word_1_474' title='bbox 3153 4145 3267 4186; x_wconf 69' lang='lat' dir='ltr'><strong>suae</strong></span> <span class='ocrx_word' id='word_1_475' title='bbox 3299 4137 3493 4186; x_wconf 87' lang='lat' dir='ltr'><strong>contu-</strong></span> 
     </span>
    </p>
   </div>
   <div class='ocr_carea' id='block_1_87' title="bbox 1912 4224 2365 4296">
    <p class='ocr_par' dir='ltr' id='par_1_87' title="bbox 1912 4224 2365 4296">
     <span class='ocr_line' id='line_1_87' title="bbox 1912 4224 2365 4296; baseline -0.013 -14"><span class='ocrx_word' id='word_1_476' title='bbox 1912 4224 2100 4282; x_wconf 73' lang='lat' dir='ltr'><strong>macia:</strong></span> <span class='ocrx_word' id='word_1_477' title='bbox 2126 4225 2365 4296; x_wconf 87' lang='lat' dir='ltr'><strong>augebit.</strong></span> 
     </span>
    </p>
   </div>
   <div class='ocr_carea' id='block_1_88' title="bbox 1983 4308 3494 4379">
    <p class='ocr_par' dir='ltr' id='par_1_88' title="bbox 1983 4308 3494 4379">
     <span class='ocr_line' id='line_1_88' title="bbox 1983 4308 3494 4379; baseline -0.004 -7"><span class='ocrx_word' id='word_1_478' title='bbox 1983 4318 2074 4373; x_wconf 70' lang='grc'>45.</span> <span class='ocrx_word' id='word_1_479' title='bbox 2113 4317 2412 4379; x_wconf 86' lang='lat' dir='ltr'><strong>Diaconus,</strong></span> <span class='ocrx_word' id='word_1_480' title='bbox 2449 4314 2618 4370; x_wconf 88' lang='lat' dir='ltr'><strong>etiam</strong></span> <span class='ocrx_word' id='word_1_481' title='bbox 2647 4327 2758 4368; x_wconf 89' lang='lat' dir='ltr'><strong>non</strong></span> <span class='ocrx_word' id='word_1_482' title='bbox 2802 4313 3076 4368; x_wconf 87' lang='lat' dir='ltr'><strong>litteratus</strong></span> <span class='ocrx_word' id='word_1_483' title='bbox 3114 4308 3178 4366; x_wconf 84' lang='lat' dir='ltr'><strong>in</strong></span> <span class='ocrx_word' id='word_1_484' title='bbox 3213 4310 3397 4366; x_wconf 79' lang='lat' dir='ltr'><strong>Africa</strong></span> <span class='ocrx_word' id='word_1_485' title='bbox 3423 4311 3494 4366; x_wconf 90' lang='lat' dir='ltr'><strong>ob</strong></span> 
     </span>
    </p>
   </div>
   <div class='ocr_carea' id='block_1_89' title="bbox 1912 4401 3495 4474">
    <p class='ocr_par' dir='ltr' id='par_1_89' title="bbox 1912 4401 3495 4474">
     <span class='ocr_line' id='line_1_89' title="bbox 1912 4401 3495 4474; baseline -0.006 -10"><span class='ocrx_word' id='word_1_486' title='bbox 1912 4409 2192 4465; x_wconf 87' lang='lat' dir='ltr'><strong>raritatem</strong></span> <span class='ocrx_word' id='word_1_487' title='bbox 2219 4409 2346 4474; x_wconf 69' lang='lat' dir='ltr'><strong>{non</strong></span> <span class='ocrx_word' id='word_1_488' title='bbox 2397 4403 2695 4470; x_wconf 77' lang='lat' dir='ltr'><strong>invenitur,</strong></span> <span class='ocrx_word' id='word_1_489' title='bbox 2731 4411 2936 4474; x_wconf 90' lang='lat' dir='ltr'><strong>quanto</strong></span> <span class='ocrx_word' id='word_1_490' title='bbox 2974 4401 3160 4458; x_wconf 91' lang='lat' dir='ltr'><strong>minus</strong></span> <span class='ocrx_word' id='word_1_491' title='bbox 3193 4401 3495 4472; x_wconf 90' lang='lat' dir='ltr'><strong>superioris</strong></span> 
     </span>
    </p>
   </div>
   <div class='ocr_carea' id='block_1_90' title="bbox 1915 4497 2398 4574">
    <p class='ocr_par' dir='ltr' id='par_1_90' title="bbox 1915 4497 2398 4574">
     <span class='ocr_line' id='line_1_90' title="bbox 1915 4497 2398 4574; baseline -0.017 -17"><span class='ocrx_word' id='word_1_492' title='bbox 1915 4501 2114 4574; x_wconf 83' lang='lat' dir='ltr'><strong>gradus</strong></span> <span class='ocrx_word' id='word_1_493' title='bbox 2143 4497 2398 4553; x_wconf 89' lang='lat' dir='ltr'><strong>ministri.</strong></span> 
     </span>
    </p>
   </div>
   <div class='ocr_carea' id='block_1_91' title="bbox 309 4582 1791 4662">
    <p class='ocr_par' dir='ltr' id='par_1_91' title="bbox 309 4586 1788 4662">
     <span class='ocr_line' id='line_1_91' title="bbox 309 4586 1788 4662; baseline -0.004 -19"><span class='ocrx_word' id='word_1_494' title='bbox 309 4588 410 4657; x_wconf 73' lang='grc' dir='ltr'><strong>μδ.</strong></span> <span class='ocrx_word' id='word_1_495' title='bbox 443 4589 546 4644; x_wconf 84' lang='grc' dir='ltr'>Διά</span> <span class='ocrx_word' id='word_1_496' title='bbox 577 4589 681 4662; x_wconf 75' lang='grc' dir='ltr'>τὴν</span> <span class='ocrx_word' id='word_1_497' title='bbox 725 4589 956 4654; x_wconf 73' lang='grc' dir='ltr'>ἔνδειαν,</span> <span class='ocrx_word' id='word_1_498' title='bbox 993 4591 1042 4642; x_wconf 76' lang='grc' dir='ltr'>οἱ</span> <span class='ocrx_word' id='word_1_499' title='bbox 1081 4590 1194 4654; x_wconf 85' lang='grc' dir='ltr'>τοῖς</span> <span class='ocrx_word' id='word_1_500' title='bbox 1224 4587 1577 4650; x_wconf 81' lang='grc' dir='ltr'>Δονατισταῖς</span> <span class='ocrx_word' id='word_1_501' title='bbox 1627 4586 1788 4656; x_wconf 83' lang='grc' dir='ltr'>νήπιο</span> 
     </span>
    </p>
   </div>
   <div class='ocr_carea' id='block_1_92' title="bbox 1933 4582 3493 4662">
    <p class='ocr_par' dir='ltr' id='par_1_92' title="bbox 1986 4582 3493 4660">
     <span class='ocr_line' id='line_1_92' title="bbox 1986 4582 3493 4660; baseline -0.008 -12"><span class='ocrx_word' id='word_1_502' title='bbox 1986 4593 2078 4648; x_wconf 70' lang='grc'><strong>44.</strong></span> <span class='ocrx_word' id='word_1_503' title='bbox 2119 4589 2350 4660; x_wconf 88' lang='lat' dir='ltr'><strong>Propter</strong></span> <span class='ocrx_word' id='word_1_504' title='bbox 2416 4589 2842 4656; x_wconf 86' lang='lat' dir='ltr'><strong>necessitatem,</strong></span> <span class='ocrx_word' id='word_1_505' title='bbox 2899 4583 3114 4655; x_wconf 83' lang='lat' dir='ltr'><strong>parvuli</strong></span> <span class='ocrx_word' id='word_1_506' title='bbox 3185 4582 3279 4653; x_wconf 91' lang='lat' dir='ltr'><strong>qui</strong></span> <span class='ocrx_word' id='word_1_507' title='bbox 3351 4582 3493 4652; x_wconf 86' lang='lat' dir='ltr'><strong>apud</strong></span> 
     </span>
    </p>
   </div>
   <div class='ocr_carea' id='block_1_93' title="bbox 238 4673 1791 4752">
    <p class='ocr_par' dir='ltr' id='par_1_93' title="bbox 238 4675 1790 4752">
     <span class='ocr_line' id='line_1_93' title="bbox 238 4675 1790 4752; baseline -0.006 -14"><span class='ocrx_word' id='word_1_508' title='bbox 238 4676 650 4748; x_wconf 74' lang='grc' dir='ltr'>βαπτισθέντες,</span> <span class='ocrx_word' id='word_1_509' title='bbox 681 4683 730 4734; x_wconf 88' lang='grc' dir='ltr'><strong>εί</strong></span> <span class='ocrx_word' id='word_1_510' title='bbox 783 4681 1220 4752; x_wconf 85' lang='grc' dir='ltr'>μεταμελημένοι</span> <span class='ocrx_word' id='word_1_511' title='bbox 1278 4678 1344 4752; x_wconf 69' lang='grc' dir='ltr'>[ί.</span> <span class='ocrx_word' id='word_1_512' title='bbox 1409 4675 1790 4749; x_wconf 82' lang='grc' dir='ltr'>μεταμελούμε</span> 
     </span>
    </p>
   </div>
   <div class='ocr_carea' id='block_1_94' title="bbox 1933 4673 3518 4752">
    <p class='ocr_par' dir='ltr' id='par_1_94' title="bbox 1933 4673 3518 4752">
     <span class='ocr_line' id='line_1_94' title="bbox 1933 4673 3518 4752; baseline -0.005 -15"><span class='ocrx_word' id='word_1_513' title='bbox 1933 4683 2230 4739; x_wconf 87' lang='lat' dir='ltr'><strong>Donatistas</strong></span> <span class='ocrx_word' id='word_1_514' title='bbox 2270 4681 2528 4752; x_wconf 82' lang='lat' dir='ltr'><strong>baptizati</strong></span> <span class='ocrx_word' id='word_1_515' title='bbox 2569 4687 2720 4743; x_wconf 90' lang='lat' dir='ltr'><strong>sunt,</strong></span> <span class='ocrx_word' id='word_1_516' title='bbox 2757 4677 2803 4732; x_wconf 92' lang='lat' dir='ltr'><strong>si</strong></span> <span class='ocrx_word' id='word_1_517' title='bbox 2854 4674 3230 4747; x_wconf 76' lang='lat' dir='ltr'><strong>pmnitentiam</strong></span> <span class='ocrx_word' id='word_1_518' title='bbox 3265 4673 3518 4746; x_wconf 76' lang='lat' dir='ltr'><strong>egerint,</strong></span> 
     </span>
    </p>
   </div>
   <div class='ocr_carea' id='block_1_95' title="bbox 239 4766 1791 4844">
    <p class='ocr_par' dir='ltr' id='par_1_95' title="bbox 239 4769 1791 4844">
     <span class='ocr_line' id='line_1_95' title="bbox 239 4769 1791 4844; baseline -0.002 -19"><span class='ocrx_word' id='word_1_519' title='bbox 239 4769 370 4843; x_wconf 75' lang='lat' dir='ltr'><strong>vat],</strong></span> <span class='ocrx_word' id='word_1_520' title='bbox 405 4769 499 4822; x_wconf 75' lang='grc' dir='ltr'>καὶ</span> <span class='ocrx_word' id='word_1_521' title='bbox 523 4771 823 4840; x_wconf 70' lang='grc' dir='ltr'>ἀναδὲιιατι</span> <span class='ocrx_word' id='word_1_522' title='bbox 869 4775 969 4844; x_wconf 80' lang='grc' dir='ltr'>τὴν</span> <span class='ocrx_word' id='word_1_523' title='bbox 998 4773 1211 4844; x_wconf 78' lang='grc' dir='ltr'>αἵρεσιν</span> <span class='ocrx_word' id='word_1_524' title='bbox 1237 4771 1728 4844; x_wconf 83' lang='grc' dir='ltr'>παραπέμποντες,</span> <span class='ocrx_word' id='word_1_525' title='bbox 1771 4787 1791 4822; x_wconf 90' lang='grc' dir='ltr'><strong>ε</strong></span> 
     </span>
    </p>
   </div>
   <div class='ocr_carea' id='block_1_96' title="bbox 1933 4766 3496 4844">
    <p class='ocr_par' dir='ltr' id='par_1_96' title="bbox 1933 4766 3496 4844">
     <span class='ocr_line' id='line_1_96' title="bbox 1933 4766 3496 4844; baseline -0.008 -13"><span class='ocrx_word' id='word_1_526' title='bbox 1933 4786 1978 4832; x_wconf 73' lang='lat' dir='ltr'><strong>et</strong></span> <span class='ocrx_word' id='word_1_527' title='bbox 2008 4775 2152 4831; x_wconf 86' lang='lat' dir='ltr'><strong>illam</strong></span> <span class='ocrx_word' id='word_1_528' title='bbox 2185 4774 2434 4830; x_wconf 82' lang='lat' dir='ltr'><strong>haeresim</strong></span> <span class='ocrx_word' id='word_1_529' title='bbox 2465 4767 3063 4835; x_wconf 79' lang='lat' dir='ltr'><strong>anathematizaverint,</strong></span> <span class='ocrx_word' id='word_1_530' title='bbox 3093 4777 3149 4822; x_wconf 89' lang='lat' dir='ltr'><strong>et</strong></span> <span class='ocrx_word' id='word_1_531' title='bbox 3186 4766 3321 4844; x_wconf 83' lang='lat' dir='ltr'><strong>alias</strong></span> <span class='ocrx_word' id='word_1_532' title='bbox 3348 4766 3496 4837; x_wconf 87' lang='lat' dir='ltr'><strong>digni</strong></span> 
     </span>
    </p>
   </div>
   <div class='ocr_carea' id='block_1_97' title="bbox 238 4843 1791 4933">
    <p class='ocr_par' dir='ltr' id='par_1_97' title="bbox 238 4843 1407 4932">
     <span class='ocr_line' id='line_1_97' title="bbox 238 4843 1407 4932; baseline -0.002 -14"><span class='ocrx_word' id='word_1_533' title='bbox 238 4862 419 4925; x_wconf 77' lang='grc' dir='ltr'>ἄλλως</span> <span class='ocrx_word' id='word_1_534' title='bbox 456 4859 674 4928; x_wconf 76' lang='grc' dir='ltr'>ἐπάξιοι</span> <span class='ocrx_word' id='word_1_535' title='bbox 705 4855 836 4921; x_wconf 79' lang='grc' dir='ltr'>εἷεν.</span> <span class='ocrx_word' id='word_1_536' title='bbox 871 4843 1407 4932; x_wconf 82' lang='grc' dir='ltr'>χειροτονείσθωσαν.</span> 
     </span>
    </p>
   </div>
   <div class='ocr_carea' id='block_1_98' title="bbox 1933 4843 3198 4933">
    <p class='ocr_par' dir='ltr' id='par_1_98' title="bbox 1933 4843 3198 4933">
     <span class='ocr_line' id='line_1_98' title="bbox 1933 4843 3198 4933; baseline -0.006 -12"><span class='ocrx_word' id='word_1_537' title='bbox 1933 4868 2295 4933; x_wconf 86' lang='lat' dir='ltr'><strong>inveniantur,</strong></span> <span class='ocrx_word' id='word_1_538' title='bbox 2319 4865 2664 4922; x_wconf 82' lang='lat' dir='ltr'><strong>ordinentur.</strong></span> <span class='ocrx_word' id='word_1_539' title='bbox 3188 4843 3198 4852; x_wconf 67' lang='grc'><em>’</em></span> 
     </span>
    </p>
   </div>
   <div class='ocr_carea' id='block_1_99' title="bbox 318 4949 1791 5025">
    <p class='ocr_par' dir='ltr' id='par_1_99' title="bbox 318 4950 1791 5025">
     <span class='ocr_line' id='line_1_99' title="bbox 318 4950 1791 5025; baseline -0.003 -17"><span class='ocrx_word' id='word_1_540' title='bbox 318 4953 425 5025; x_wconf 86' lang='grc' dir='ltr'>με’.</span> <span class='ocrx_word' id='word_1_541' title='bbox 492 4953 573 5007; x_wconf 84' lang='grc' dir='ltr'><strong>Τὰ</strong></span> <span class='ocrx_word' id='word_1_542' title='bbox 626 4951 1118 5023; x_wconf 80' lang='grc' dir='ltr'>ὲγκαταλείμματα</span> <span class='ocrx_word' id='word_1_543' title='bbox 1170 4957 1281 5010; x_wconf 87' lang='grc' dir='ltr'><strong>τῶν</strong></span> <span class='ocrx_word' id='word_1_544' title='bbox 1329 4953 1600 5018; x_wconf 83' lang='grc' dir='ltr'>εἰδώλων,</span> <span class='ocrx_word' id='word_1_545' title='bbox 1640 4950 1791 5005; x_wconf 86' lang='grc' dir='ltr'>τέλεο</span> 
     </span>
    </p>
   </div>
   <div class='ocr_carea' id='block_1_100' title="bbox 1933 4949 3302 5025">
    <p class='ocr_par' dir='ltr' id='par_1_100' title="bbox 1995 4949 3302 5024">
     <span class='ocr_line' id='line_1_100' title="bbox 1995 4949 3302 5024; baseline -0.008 -9"><span class='ocrx_word' id='word_1_546' title='bbox 1995 4959 2084 5014; x_wconf 80' lang='grc'>45.</span> <span class='ocrx_word' id='word_1_547' title='bbox 2129 4959 2406 5014; x_wconf 78' lang='lat' dir='ltr'><strong>[dolorum</strong></span> <span class='ocrx_word' id='word_1_548' title='bbox 2439 4954 2680 5024; x_wconf 80' lang='lat' dir='ltr'><strong>reliquiae</strong></span> <span class='ocrx_word' id='word_1_549' title='bbox 2708 4951 2928 5024; x_wconf 87' lang='lat' dir='ltr'><strong>penitus</strong></span> <span class='ocrx_word' id='word_1_550' title='bbox 2957 4949 3302 5006; x_wconf 85' lang='lat' dir='ltr'><strong>aboleantur.</strong></span> 
     </span>
    </p>
   </div>
   <div class='ocr_carea' id='block_1_101' title="bbox 240 5047 729 5102">
    <p class='ocr_par' dir='ltr' id='par_1_101' title="bbox 240 5047 729 5102">
     <span class='ocr_line' id='line_1_101' title="bbox 240 5047 729 5102; baseline -0.002 0"><span class='ocrx_word' id='word_1_551' title='bbox 240 5047 729 5102; x_wconf 63' lang='grc' dir='ltr'>ἀφανιζέσθωσαν.</span> 
     </span>
    </p>
   </div>
   <div class='ocr_carea' id='block_1_102' title="bbox 281 5065 1791 5212">
    <p class='ocr_par' dir='ltr' id='par_1_102' title="bbox 281 5065 1791 5212">
     <span class='ocr_line' id='line_1_102' title="bbox 281 5065 729 5117; baseline -0.002 -15"><span class='ocrx_word' id='word_1_552' title='bbox 281 5065 729 5117; x_wconf 68' lang='grc' dir='ltr'>φανιςεσυωσαν.</span> 
     </span>
     <span class='ocr_line' id='line_1_103' title="bbox 321 5137 1791 5212; baseline -0.005 -17"><span class='ocrx_word' id='word_1_553' title='bbox 321 5138 446 5212; x_wconf 82' lang='grc' dir='ltr'>μς’.</span> <span class='ocrx_word' id='word_1_554' title='bbox 502 5137 722 5210; x_wconf 82' lang='grc' dir='ltr'>Θέατρα</span> <span class='ocrx_word' id='word_1_555' title='bbox 768 5139 1080 5208; x_wconf 80' lang='grc' dir='ltr'>Κυριακαῐς</span> <span class='ocrx_word' id='word_1_556' title='bbox 1151 5139 1248 5192; x_wconf 71' lang='grc' dir='ltr'>καὶ</span> <span class='ocrx_word' id='word_1_557' title='bbox 1305 5138 1522 5208; x_wconf 81' lang='grc' dir='ltr'>ἑορταῖς</span> <span class='ocrx_word' id='word_1_558' title='bbox 1579 5137 1638 5189; x_wconf 84' lang='grc' dir='ltr'>οὐ</span> <span class='ocrx_word' id='word_1_559' title='bbox 1700 5152 1791 5188; x_wconf 88' lang='grc' dir='ltr'><strong>συν</strong></span> 
     </span>
    </p>
   </div>
   <div class='ocr_carea' id='block_1_103' title="bbox 1933 5065 3500 5212">
    <p class='ocr_par' dir='ltr' id='par_1_103' title="bbox 1977 5129 3500 5206">
     <span class='ocr_line' id='line_1_104' title="bbox 1977 5129 3500 5206; baseline -0.009 -12"><span class='ocrx_word' id='word_1_560' title='bbox 1977 5133 2087 5194; x_wconf 69' lang='grc' dir='ltr'>ἰδ.</span> <span class='ocrx_word' id='word_1_561' title='bbox 2127 5139 2363 5194; x_wconf 86' lang='lat' dir='ltr'><strong>Theatra</strong></span> <span class='ocrx_word' id='word_1_562' title='bbox 2421 5133 2718 5192; x_wconf 89' lang='lat' dir='ltr'><strong>Dominicis</strong></span> <span class='ocrx_word' id='word_1_563' title='bbox 2777 5141 2872 5206; x_wconf 79' lang='lat' dir='ltr'><strong>aut</strong></span> <span class='ocrx_word' id='word_1_564' title='bbox 2929 5131 3084 5188; x_wconf 82' lang='lat' dir='ltr'><strong>festis</strong></span> <span class='ocrx_word' id='word_1_565' title='bbox 3144 5129 3337 5186; x_wconf 91' lang='lat' dir='ltr'><strong>diebus</strong></span> <span class='ocrx_word' id='word_1_566' title='bbox 3391 5143 3500 5181; x_wconf 89' lang='lat' dir='ltr'><strong>non</strong></span> 
     </span>
    </p>
   </div>
   <div class='ocr_carea' id='block_1_104' title="bbox 242 5230 1791 5307">
    <p class='ocr_par' dir='ltr' id='par_1_104' title="bbox 242 5235 468 5307">
     <span class='ocr_line' id='line_1_105' title="bbox 242 5235 468 5307; baseline -0.004 -20"><span class='ocrx_word' id='word_1_567' title='bbox 242 5235 468 5307; x_wconf 83' lang='grc' dir='ltr'>ἀγηται.</span> 
     </span>
    </p>
   </div>
   <div class='ocr_carea' id='block_1_105' title="bbox 1933 5230 2372 5307">
    <p class='ocr_par' dir='ltr' id='par_1_105' title="bbox 1933 5230 2372 5298">
     <span class='ocr_line' id='line_1_106' title="bbox 1933 5230 2372 5298; baseline -0.002 -14"><span class='ocrx_word' id='word_1_568' title='bbox 1933 5230 2372 5298; x_wconf 77' lang='lat' dir='ltr'><strong>lrequententur.</strong></span> 
     </span>
    </p>
   </div>
   <div class='ocr_carea' id='block_1_106' title="bbox 2001 5310 3507 5392">
    <p class='ocr_par' dir='ltr' id='par_1_106' title="bbox 2001 5310 3507 5392">
     <span class='ocr_line' id='line_1_107' title="bbox 2001 5310 3507 5392; baseline -0.01 -16"><span class='ocrx_word' id='word_1_569' title='bbox 2001 5323 2092 5376; x_wconf 72' lang='grc'><strong>47.</strong></span> <span class='ocrx_word' id='word_1_570' title='bbox 2133 5322 2265 5388; x_wconf 68' lang='lat' dir='ltr'><strong>Quae</strong></span> <span class='ocrx_word' id='word_1_571' title='bbox 2291 5337 2356 5377; x_wconf 79' lang='lat' dir='ltr'><strong>ex</strong></span> <span class='ocrx_word' id='word_1_572' title='bbox 2383 5319 2575 5392; x_wconf 82' lang='lat' dir='ltr'><strong>gentili</strong></span> <span class='ocrx_word' id='word_1_573' title='bbox 2599 5316 2999 5376; x_wconf 83' lang='lat' dir='ltr'><strong>consuetudine</strong></span> <span class='ocrx_word' id='word_1_574' title='bbox 3022 5313 3202 5370; x_wconf 84' lang='lat' dir='ltr'><strong>adhuc</strong></span> <span class='ocrx_word' id='word_1_575' title='bbox 3225 5310 3507 5366; x_wconf 88' lang='lat' dir='ltr'><strong>celebran-</strong></span> 
     </span>
    </p>
   </div>
   <div class='ocr_carea' id='block_1_107' title="bbox 1936 5413 2641 5479">
    <p class='ocr_par' dir='ltr' id='par_1_107' title="bbox 1936 5413 2641 5479">
     <span class='ocr_line' id='line_1_108' title="bbox 1936 5413 2641 5479; baseline -0.001 -11"><span class='ocrx_word' id='word_1_576' title='bbox 1936 5420 2024 5468; x_wconf 86' lang='lat' dir='ltr'><strong>tur</strong></span> <span class='ocrx_word' id='word_1_577' title='bbox 2053 5413 2323 5479; x_wconf 76' lang='lat' dir='ltr'><strong>convivia,</strong></span> <span class='ocrx_word' id='word_1_578' title='bbox 2359 5413 2641 5467; x_wconf 89' lang='lat' dir='ltr'><strong>tollantur.</strong></span> 
     </span>
    </p>
   </div>
   <div class='ocr_carea' id='block_1_108' title="bbox 2004 5491 3509 5571">
    <p class='ocr_par' dir='ltr' id='par_1_108' title="bbox 2004 5491 3509 5571">
     <span class='ocr_line' id='line_1_109' title="bbox 2004 5491 3509 5571; baseline -0.014 -8"><span class='ocrx_word' id='word_1_579' title='bbox 2004 5508 2095 5562; x_wconf 69' lang='grc'>48.</span> <span class='ocrx_word' id='word_1_580' title='bbox 2135 5505 2238 5571; x_wconf 91' lang='lat' dir='ltr'><strong>Qui</strong></span> <span class='ocrx_word' id='word_1_581' title='bbox 2283 5519 2310 5558; x_wconf 90' lang='lat' dir='ltr'><strong>a</strong></span> <span class='ocrx_word' id='word_1_582' title='bbox 2362 5503 2660 5559; x_wconf 87' lang='lat' dir='ltr'><strong>Donatistis</strong></span> <span class='ocrx_word' id='word_1_583' title='bbox 2685 5500 2922 5558; x_wconf 89' lang='lat' dir='ltr'><strong>ordinati</strong></span> <span class='ocrx_word' id='word_1_584' title='bbox 2959 5505 3110 5564; x_wconf 89' lang='lat' dir='ltr'><strong>sunt,</strong></span> <span class='ocrx_word' id='word_1_585' title='bbox 3144 5491 3357 5550; x_wconf 91' lang='lat' dir='ltr'><strong>etiamsi</strong></span> <span class='ocrx_word' id='word_1_586' title='bbox 3393 5503 3509 5559; x_wconf 74' lang='lat' dir='ltr'><strong>pm-</strong></span> 
     </span>
    </p>
   </div>
   <div class='ocr_carea' id='block_1_109' title="bbox 1938 5580 3513 5653">
    <p class='ocr_par' dir='ltr' id='par_1_109' title="bbox 1938 5580 3513 5653">
     <span class='ocr_line' id='line_1_110' title="bbox 1938 5580 3513 5653; baseline -0.013 -1"><span class='ocrx_word' id='word_1_587' title='bbox 1938 5599 2174 5653; x_wconf 91' lang='lat' dir='ltr'><strong>nitentes</strong></span> <span class='ocrx_word' id='word_1_588' title='bbox 2224 5611 2252 5648; x_wconf 85' lang='lat' dir='ltr'><strong>a</strong></span> <span class='ocrx_word' id='word_1_589' title='bbox 2305 5594 2534 5650; x_wconf 87' lang='lat' dir='ltr'><strong>concilio</strong></span> <span class='ocrx_word' id='word_1_590' title='bbox 2579 5593 2943 5649; x_wconf 89' lang='lat' dir='ltr'><strong>transmarino</strong></span> <span class='ocrx_word' id='word_1_591' title='bbox 2967 5587 3174 5645; x_wconf 76' lang='lat' dir='ltr'><strong>exclusi</strong></span> <span class='ocrx_word' id='word_1_592' title='bbox 3206 5587 3334 5647; x_wconf 90' lang='lat' dir='ltr'><strong>sint,</strong></span> <span class='ocrx_word' id='word_1_593' title='bbox 3370 5580 3513 5634; x_wconf 79' lang='lat' dir='ltr'><strong>reci-~</strong></span> 
     </span>
    </p>
   </div>
   <div class='ocr_carea' id='block_1_110' title="bbox 1941 5679 3510 5760">
    <p class='ocr_par' dir='ltr' id='par_1_110' title="bbox 1941 5679 3510 5760">
     <span class='ocr_line' id='line_1_111' title="bbox 1941 5679 3510 5760; baseline -0.013 -16"><span class='ocrx_word' id='word_1_594' title='bbox 1941 5691 2176 5760; x_wconf 87' lang='lat' dir='ltr'><strong>piantur,</strong></span> <span class='ocrx_word' id='word_1_595' title='bbox 2230 5689 2272 5743; x_wconf 89' lang='lat' dir='ltr'><strong>si</strong></span> <span class='ocrx_word' id='word_1_596' title='bbox 2309 5703 2367 5742; x_wconf 91' lang='lat' dir='ltr'><strong>se</strong></span> <span class='ocrx_word' id='word_1_597' title='bbox 2399 5688 2672 5758; x_wconf 80' lang='lat' dir='ltr'><strong>corrigant</strong></span> <span class='ocrx_word' id='word_1_598' title='bbox 2717 5704 2729 5740; x_wconf 93' lang='lat'>:</span> <span class='ocrx_word' id='word_1_599' title='bbox 2790 5700 2913 5740; x_wconf 91' lang='lat' dir='ltr'><strong>cum</strong></span> <span class='ocrx_word' id='word_1_600' title='bbox 2956 5684 3161 5737; x_wconf 90' lang='lat' dir='ltr'><strong>bonum</strong></span> <span class='ocrx_word' id='word_1_601' title='bbox 3197 5679 3268 5730; x_wconf 89' lang='lat' dir='ltr'><strong>sit</strong></span> <span class='ocrx_word' id='word_1_602' title='bbox 3318 5686 3510 5726; x_wconf 82' lang='lat' dir='ltr'><strong>omnes</strong></span> 
     </span>
    </p>
   </div>
   <div class='ocr_carea' id='block_1_111' title="bbox 1941 5779 2157 5832">
    <p class='ocr_par' dir='ltr' id='par_1_111' title="bbox 1941 5779 2157 5832">
     <span class='ocr_line' id='line_1_112' title="bbox 1941 5779 2157 5832; baseline 0 0"><span class='ocrx_word' id='word_1_603' title='bbox 1941 5779 2157 5832; x_wconf 81' lang='lat' dir='ltr'><strong>salvari.</strong></span> 
     </span>
    </p>
   </div>
   <div class='ocr_carea' id='block_1_112' title="bbox 2013 5854 3512 5934">
    <p class='ocr_par' dir='ltr' id='par_1_112' title="bbox 2013 5854 3512 5934">
     <span class='ocr_line' id='line_1_113' title="bbox 2013 5854 3512 5934; baseline -0.011 -8"><span class='ocrx_word' id='word_1_604' title='bbox 2013 5871 2102 5926; x_wconf 73' lang='lat' dir='ltr'><strong>t9.</strong></span> <span class='ocrx_word' id='word_1_605' title='bbox 2148 5871 2204 5925; x_wconf 90' lang='lat' dir='ltr'><strong>Si</strong></span> <span class='ocrx_word' id='word_1_606' title='bbox 2243 5879 2412 5928; x_wconf 86' lang='lat' dir='ltr'><strong>testes</strong></span> <span class='ocrx_word' id='word_1_607' title='bbox 2439 5886 2550 5925; x_wconf 90' lang='lat' dir='ltr'><strong>non</strong></span> <span class='ocrx_word' id='word_1_608' title='bbox 2587 5866 2934 5925; x_wconf 81' lang='lat' dir='ltr'><strong>inveniantur</strong></span> <span class='ocrx_word' id='word_1_609' title='bbox 2965 5861 3056 5934; x_wconf 90' lang='lat' dir='ltr'><strong>qui</strong></span> <span class='ocrx_word' id='word_1_610' title='bbox 3085 5856 3342 5932; x_wconf 75' lang='lat' dir='ltr'><strong>parvulos</strong></span> <span class='ocrx_word' id='word_1_611' title='bbox 3380 5854 3512 5912; x_wconf 73' lang='lat' dir='ltr'><strong>alis-</strong></span> 
     </span>
    </p>
   </div>
   <div class='ocr_carea' id='block_1_113' title="bbox 321 5322 1831 5398">
    <p class='ocr_par' dir='ltr' id='par_1_113' title="bbox 321 5322 1831 5398">
     <span class='ocr_line' id='line_1_114' title="bbox 321 5322 1831 5398; baseline -0.005 -16"><span class='ocrx_word' id='word_1_612' title='bbox 321 5329 431 5398; x_wconf 55' lang='grc' dir='ltr'>μὲν.</span> <span class='ocrx_word' id='word_1_613' title='bbox 458 5326 543 5380; x_wconf 88' lang='grc' dir='ltr'><strong>Τά</strong></span> <span class='ocrx_word' id='word_1_614' title='bbox 571 5327 636 5380; x_wconf 69' lang='grc' dir='ltr'>ἐκ</span> <span class='ocrx_word' id='word_1_615' title='bbox 662 5325 764 5396; x_wconf 80' lang='grc' dir='ltr'>τῆς</span> <span class='ocrx_word' id='word_1_616' title='bbox 791 5324 1012 5395; x_wconf 72' lang='grc' dir='ltr'>ἑθνικῆς</span> <span class='ocrx_word' id='word_1_617' title='bbox 1034 5324 1221 5389; x_wconf 78' lang='grc' dir='ltr'>ὲθάδος</span> <span class='ocrx_word' id='word_1_618' title='bbox 1245 5324 1546 5396; x_wconf 87' lang='grc' dir='ltr'>τελούμενα</span> <span class='ocrx_word' id='word_1_619' title='bbox 1583 5322 1664 5377; x_wconf 82' lang='grc' dir='ltr'>ἐτι</span> <span class='ocrx_word' id='word_1_620' title='bbox 1692 5340 1831 5393; x_wconf 86' lang='grc' dir='ltr'>συμ-</span> 
     </span>
    </p>
   </div>
   <div class='ocr_carea' id='block_1_114' title="bbox 249 5419 976 5493">
    <p class='ocr_par' dir='ltr' id='par_1_114' title="bbox 249 5419 976 5493">
     <span class='ocr_line' id='line_1_115' title="bbox 249 5419 976 5493; baseline 0 -19"><span class='ocrx_word' id='word_1_621' title='bbox 249 5424 439 5487; x_wconf 81' lang='grc' dir='ltr'>πόσια,</span> <span class='ocrx_word' id='word_1_622' title='bbox 465 5419 976 5493; x_wconf 86' lang='grc' dir='ltr'>παραιρείσθωσαν.</span> 
     </span>
    </p>
   </div>
   <div class='ocr_carea' id='block_1_115' title="bbox 324 5508 1830 5585">
    <p class='ocr_par' dir='ltr' id='par_1_115' title="bbox 324 5508 1830 5585">
     <span class='ocr_line' id='line_1_116' title="bbox 324 5508 1830 5585; baseline -0.007 -16"><span class='ocrx_word' id='word_1_623' title='bbox 324 5513 441 5585; x_wconf 83' lang='grc' dir='ltr'>μη’.</span> <span class='ocrx_word' id='word_1_624' title='bbox 477 5514 542 5567; x_wconf 82' lang='lat' dir='ltr'><strong>Ol</strong></span> <span class='ocrx_word' id='word_1_625' title='bbox 593 5513 698 5566; x_wconf 84' lang='grc' dir='ltr'><strong>ὑπὸ</strong></span> <span class='ocrx_word' id='word_1_626' title='bbox 750 5513 860 5567; x_wconf 91' lang='grc' dir='ltr'><strong>τῶν</strong></span> <span class='ocrx_word' id='word_1_627' title='bbox 901 5509 1237 5565; x_wconf 90' lang='grc' dir='ltr'>Δονατιστῶν</span> <span class='ocrx_word' id='word_1_628' title='bbox 1277 5508 1830 5580; x_wconf 73' lang='grc' dir='ltr'>κεχειροτονημένοι,</span> 
     </span>
    </p>
   </div>
   <div class='ocr_carea' id='block_1_116' title="bbox 249 5596 1836 5677">
    <p class='ocr_par' dir='ltr' id='par_1_116' title="bbox 249 5596 1836 5677">
     <span class='ocr_line' id='line_1_117' title="bbox 249 5596 1836 5677; baseline -0.008 -17"><span class='ocrx_word' id='word_1_629' title='bbox 249 5609 300 5660; x_wconf 79' lang='grc' dir='ltr'><strong>εί</strong></span> <span class='ocrx_word' id='word_1_630' title='bbox 339 5607 436 5660; x_wconf 76' lang='grc' dir='ltr'>καὶ</span> <span class='ocrx_word' id='word_1_631' title='bbox 464 5609 532 5677; x_wconf 82' lang='grc' dir='ltr'><strong>τῇ</strong></span> <span class='ocrx_word' id='word_1_632' title='bbox 575 5605 815 5675; x_wconf 78' lang='grc' dir='ltr'>πέραθεν</span> <span class='ocrx_word' id='word_1_633' title='bbox 859 5603 1062 5675; x_wconf 79' lang='grc' dir='ltr'>συνόδῳ</span> <span class='ocrx_word' id='word_1_634' title='bbox 1108 5599 1575 5673; x_wconf 85' lang='grc' dir='ltr'>μεταμελούμενοι</span> <span class='ocrx_word' id='word_1_635' title='bbox 1633 5596 1836 5655; x_wconf 82' lang='grc' dir='ltr'>ἀποκέ-</span> 
     </span>
    </p>
   </div>
   <div class='ocr_carea' id='block_1_117' title="bbox 251 5689 1835 5770">
    <p class='ocr_par' dir='ltr' id='par_1_117' title="bbox 251 5689 1835 5770">
     <span class='ocr_line' id='line_1_118' title="bbox 251 5689 1835 5770; baseline -0.008 -17"><span class='ocrx_word' id='word_1_636' title='bbox 251 5699 508 5770; x_wconf 86' lang='grc' dir='ltr'>κληνται·</span> <span class='ocrx_word' id='word_1_637' title='bbox 551 5698 668 5752; x_wconf 84' lang='grc' dir='ltr'>ἀλλ’</span> <span class='ocrx_word' id='word_1_638' title='bbox 702 5698 827 5750; x_wconf 75' lang='grc' dir='ltr'>ἐπεὶ</span> <span class='ocrx_word' id='word_1_639' title='bbox 859 5697 920 5751; x_wconf 80' lang='grc' dir='ltr'>τὸ</span> <span class='ocrx_word' id='word_1_640' title='bbox 950 5696 1192 5767; x_wconf 77' lang='grc' dir='ltr'>σωθῆναι</span> <span class='ocrx_word' id='word_1_641' title='bbox 1221 5694 1429 5756; x_wconf 89' lang='grc' dir='ltr'>πάντας</span> <span class='ocrx_word' id='word_1_642' title='bbox 1468 5691 1654 5757; x_wconf 76' lang='grc' dir='ltr'>καλὸν,</span> <span class='ocrx_word' id='word_1_643' title='bbox 1686 5689 1835 5759; x_wconf 84' lang='grc' dir='ltr'>διορ-</span> 
     </span>
    </p>
   </div>
   <div class='ocr_carea' id='block_1_118' title="bbox 254 5787 1046 5861">
    <p class='ocr_par' dir='ltr' id='par_1_118' title="bbox 254 5787 1046 5861">
     <span class='ocr_line' id='line_1_119' title="bbox 254 5787 1046 5861; baseline -0.003 -19"><span class='ocrx_word' id='word_1_644' title='bbox 254 5789 513 5861; x_wconf 81' lang='grc' dir='ltr'>θούμενοι</span> <span class='ocrx_word' id='word_1_645' title='bbox 539 5787 1046 5858; x_wconf 79' lang='grc' dir='ltr'>προσδεχέσθωσαν.</span> 
     </span>
    </p>
   </div>
   <div class='ocr_carea' id='block_1_119' title="bbox 325 5872 1840 5954">
    <p class='ocr_par' dir='ltr' id='par_1_119' title="bbox 325 5872 1840 5954">
     <span class='ocr_line' id='line_1_120' title="bbox 325 5872 1840 5954; baseline -0.007 -19"><span class='ocrx_word' id='word_1_646' title='bbox 325 5881 438 5954; x_wconf 85' lang='grc' dir='ltr'>μθ’.</span> <span class='ocrx_word' id='word_1_647' title='bbox 474 5881 538 5936; x_wconf 77' lang='lat' dir='ltr'><strong>El</strong></span> <span class='ocrx_word' id='word_1_648' title='bbox 573 5883 846 5954; x_wconf 84' lang='grc' dir='ltr'>μάρτυρες</span> <span class='ocrx_word' id='word_1_649' title='bbox 873 5879 1044 5952; x_wconf 69' lang='grc' dir='ltr'>[ἐπεὶ]</span> <span class='ocrx_word' id='word_1_650' title='bbox 1086 5879 1226 5950; x_wconf 75' lang='grc' dir='ltr'>ὑπὲρ</span> <span class='ocrx_word' id='word_1_651' title='bbox 1252 5877 1360 5932; x_wconf 88' lang='grc' dir='ltr'><strong>τῶν</strong></span> <span class='ocrx_word' id='word_1_652' title='bbox 1388 5873 1699 5931; x_wconf 81' lang='grc' dir='ltr'>ἀλλοδαπῶν</span> <span class='ocrx_word' id='word_1_653' title='bbox 1742 5872 1840 5943; x_wconf 82' lang='grc' dir='ltr'>οὑχ</span> 
     </span>
    </p>
   </div>
  </div>
