3868 6474
425 408 526 472 271

1547 409 1926 470 SYMEONIS
1967 409 2546 474 METAPHRAST/‘E

3567 415 3680 479 272

422 529 646 599 nigenas
701 525 1004 596 baptizatos
1050 540 1170 580 esse
1234 534 1501 581 testentur
1531 567 1544 592 ,
1612 543 1714 582 nec
1779 526 1879 597 ipsi
1935 540 1982 580 se

2120 527 2441 600 ιύρίσκονται
2472 528 2683 598 νηπίων
2711 527 2791 582 ὅτι
2823 526 3200 598 βεδάπτισται,
3232 527 3353 582 οὐδὲ
3388 527 3528 584 αὑτά
3559 529 3680 584 ἑπι-

423 618 686 688 baptisma
709 616 985 686 accepisse
1015 617 1388 683 meminerint,
1428 618 1796 688 baptizentur.

491 705 581 761 50.
626 704 695 760 Ut
749 705 1043 776 episcopus
1094 723 1201 761 non
1242 709 1522 774 turbetur,
1569 709 1754 765 adsint
1808 709 1997 765 defen-

417 813 592 854 SOI'CS.

415 889 425 900 ’
487 893 576 948 5|.
616 892 860 950 Clericus
911 895 1142 951 crimine
1198 897 1480 950 convictus
1535 894 1577 949 si
1634 895 1826 952 adesse
1883 912 1996 951 sute

415 1003 593 1042 causae
632 989 769 1044 velle
801 987 965 1052 dicat,
1014 989 1155 1043 intra
1195 990 1411 1057 Iannum
1444 1004 1664 1044 causam
1689 989 1949 1046 defendat
1979 1007 1993 1044 :

417 1091 608 1152 postea
638 1099 768 1138 vero
799 1099 907 1138 non
942 1084 1282 1140 admittatur.

487 1176 578 1231 5'2.
619 1175 722 1242 Qui
748 1176 982 1246 aliquem
1011 1177 1076 1231 de
1101 1179 1282 1233 alieno
1304 1178 1636 1233 monasterio
1665 1179 1911 1250 suscipit,
1939 1187 1995 1233 et

414 1266 482 1321 ad
512 1266 827 1322 clericatum
888 1257 1193 1337 promovet,
1244 1270 1327 1325 vel
1360 1285 1460 1325 suo
1483 1270 1814 1324 monasterio
1853 1285 1994 1340 prte-

417 1360 550 1421 licit,
583 1360 688 1414 erit
713 1376 742 1413 a
771 1362 1156 1418 communione
1184 1363 1415 1420 alienus.

491 1457 578 1511 55.
623 1457 922 1528 Episcopus
962 1459 1054 1529 qui
1087 1459 1373 1516 haereticos
1416 1458 1500 1514 vel
1529 1458 1780 1514 ethnicos
1805 1455 1998 1514 scribit

417 1551 690 1615 haeredes,
723 1552 1014 1606 anathema
1044 1551 1132 1606 sit.

481 1645 576 1717 54.
620 1643 820 1700 Altaria
873 1661 993 1713 qua:
1030 1645 1086 1698 in
1152 1646 1301 1715 agris
1354 1654 1450 1699 aut
1501 1643 1675 1700 vineis
1721 1653 1995 1706 exstructa

417 1745 546 1790 sunt
579 1737 632 1790 in
656 1737 854 1808 quibus
883 1737 1125 1806 reliquia:
1155 1737 1385 1808 alicujus
1427 1738 1680 1808 martyris
1714 1753 1824 1791 non
1866 1745 1997 1791 sunt

414 1831 687 1900 repositae,
718 1831 822 1885 nisi
853 1831 1034 1901 populi
1072 1832 1338 1886 tumultus
1367 1831 1480 1897 fiat,
1511 1839 1852 1886 evertuntur.

485 1922 576 1978 55.
619 1921 882 1988 Similiter
909 1931 964 1977 et
987 1937 1324 1992 quaecunque
1365 1937 1468 1992 per
1497 1921 1767 1975 insomnia
1795 1935 1996 1975 vanas-

411 2029 518 2084 qne
549 2014 909 2069 revelationes
952 2013 1235 2086 eriguntur
1263 2013 1402 2068 male
1421 2013 1761 2069 cohzerentes
1778 2020 1991 2078 statuae,

412 2117 470 2179 et
497 2107 785 2162 simulacra
809 2107 1011 2162 omnia.
1601 2104 1607 2111 ’

479 2197 566 2251 56.
604 2195 723 2251 Non
752 2206 1053 2267 antepones
1080 2197 1146 2252 iis
1173 2197 1264 2268 qui
1293 2207 1345 2253 te
1376 2197 1689 2268 praecedunt
1715 2197 1952 2268 teipsum
1977 2215 1990 2252 :

408 2290 502 2343 sed
534 2288 800 2359 sequeris.
837 2289 941 2354 Qui
984 2298 1174 2344 autem
1225 2289 1437 2359 priores
1489 2290 1827 2358 contemnit,
1863 2305 1994 2344 con-

373 2459 377 2463 .
413 2382 740 2436 temnendus
768 2381 885 2452 ipse
915 2391 1017 2438 est.

480 2470 569 2524 57.
613 2467 716 2534 Qui
756 2469 900 2524 intra
939 2467 1175 2525 Africam
1223 2471 1509 2528 ordinatus
1538 2482 1642 2538 est,
1673 2472 1866 2527 afferat
1898 2472 1990 2527 lit-

411 2572 552 2617 teras
591 2577 755 2616 manu
788 2561 1006 2633 propria
1037 2563 1267 2634 scriptas
1304 2564 1450 2619 illius
1491 2565 1584 2635 qui
1627 2579 1851 2620 manum
1887 2565 2020 2644 im-.

410 2655 612 2723 posuit.

608 2746 964 2817 Imperatores
1017 2746 1107 2816 qui
1147 2747 1201 2800 in
1253 2746 1453 2817 pietate
1488 2747 1599 2801 nati
1651 2755 1802 2811 sunt,
1844 2757 1899 2802 et
1933 2747 1988 2802 in

408 2841 511 2894 tide
551 2841 798 2906 enutriti,
832 2840 1089 2896 Ecclesiis
1137 2855 1298 2910 opem
1349 2841 1490 2895 ferre
1521 2840 1743 2908 debent,
1773 2857 1898 2896 cum
1928 2840 1986 2893 Β.

405 2931 571 2986 Paulo
601 2932 878 3003 indigente
923 2932 1159 2987 militum
1205 2948 1402 3006 manus
1445 2933 1802 2995 factiosorum
1852 2949 1988 2988 con-

403 3026 756 3096 spirationem
787 3027 1034 3081 dissolvit
1061 3029 1102 3080 ⁸.

474 3119 562 3175 59.
606 3118 909 3196 llaareticus
967 3134 1072 3175 nec
1137 3119 1353 3190 legandi
1409 3104 1607 3189 potens
1665 3135 1769 3175 nec
1822 3119 1984 3192 legati

401 3227 570 3282 capax
604 3221 711 3276 est,
744 3221 799 3266 et
833 3211 1090 3282 indignus
1121 3213 1213 3283 qui
1241 3213 1583 3283 relinquendi
1620 3213 1702 3268 vel
1730 3213 1984 3283 capiendi
2015 3238 2056 3296 ο

401 3305 799 3361 consuetudine
860 3305 1074 3361 fruatur
1141 3322 1155 3360 :
1227 3307 1320 3377 qui
1350 3315 1535 3362 autem
1579 3322 1638 3362 se
1688 3307 1980 3374 convertit,

403 3400 620 3453 dianus.

497 3416 620 3453 [IUS-
1477 3429 1482 3434 “

457 3416 560 3546 g0.
602 3489 966 3546 Exsecutores
1022 3488 1222 3544 dantur
1285 3498 1512 3561 propter
1575 3487 1980 3545 ecclesiasticas

398 3584 740 3640 dilliculates.

469 3676 558 3732 6t.
599 3676 667 3732 Et
700 3675 1015 3731 defensores
1038 3673 1129 3744 qui
1163 3681 1488 3744 potestatem
1523 3672 1851 3730 defendendi
1873 3674 1982 3730 ha-

396 3771 588 3825 beant.

470 3867 558 3920 62.
594 3866 696 3932 Qui
721 3882 787 3920 ex
814 3859 1112 3918 Donatistis
1152 3867 1569 3924 convertuntur,
1614 3869 1668 3914 et
1701 3859 1981 3930 postulant

397 3958 648 4028 proprios
670 3960 958 4029 episcOpos
986 3956 1078 4026 qui
1109 3953 1361 4008 conversi
1397 3961 1548 4016 sunt,
1581 3967 1691 4007 non
1723 3961 1854 4006 sunt
1888 3968 1980 4008 re-

401 4048 634 4117 pellendi
665 4067 678 4103 :
724 4049 827 4104 hoc
857 4063 986 4103 vero
1021 4045 1278 4102 defuncto
1302 4060 1405 4098 nec
1445 4043 1678 4098 alterum
1717 4059 1978 4115 suscepe-

396 4142 528 4208 rint,
556 4141 599 4196 si
622 4141 690 4196 ad
711 4142 877 4197 alium
904 4140 1253 4213 confugerint
1275 4147 1548 4194 maneant.

463 4323 554 4376 οδ.
595 4320 727 4387 Qua:
748 4320 999 4393 coniugia
1029 4319 1359 4385 dissolvunt,
1386 4318 1490 4374 nisi
1525 4319 1972 4386 reconcilientur,

391 4414 469 4470 sic
496 4424 852 4485 permaneant
887 4431 902 4468 :
938 4414 1083 4485 quod
1124 4414 1171 4468 si
1202 4413 1256 4469 id
1284 4412 1720 4484 contempserint
1748 4413 1814 4468 ad
1853 4427 1973 4482 poe-

394 4509 680 4564 nitentiatn
711 4509 1025 4580 adigantur.

2103 623 2429 693 μέμνηνται,
2461 620 2931 694 βαπτιζέσθωσαν.

2173 712 2238 770 ν’.
2279 716 2398 770 Ἰνα
2433 715 2508 787 μὴ
2542 719 2571 770 ὁ
2613 716 2911 780 ἐπίσκοπος
2965 717 3401 788 παρεωχλῆται,
3430 716 3681 771 εστωσαν

2101 804 2322 860 ἔκδικοι.
2842 853 2846 857 -

2170 901 2268 948 να’.
2324 894 2710 966 Ἐλεγχόμενος
2767 897 3025 969 κληρικὸς
3079 898 3168 951 ἐπ’
3217 899 3548 970 ἐγκλήματι,
3581 900 3680 954 ἐὰν

2099 988 2548 1056 ὲπαγωνίσασθαι
2597 990 2766 1059 λέγοι,
2819 991 2971 1054 ὲντδς
3030 991 3280 1044 ἐνιαυτοῦ
3327 991 3676 1060 ἀγωνίζοιτο.

2101 1081 2254 1135 Μετὰ
2281 1081 2337 1135 δὲ
2372 1083 2546 1146 τοῦτο,
2576 1083 2716 1137 ἔστω
2746 1083 3140 1154 ἀπρόσδεκτος.

2177 1174 2275 1248 νβ’.
2322 1178 2379 1230 ’0
2411 1177 2470 1242 ἐξ
2517 1177 2802 1248 ἀλλοτρίας
2847 1177 2969 1232 τινὰ
3013 1179 3180 1249 μονῆς
3218 1177 3680 1251 προσδεκόμενοξν

2099 1273 2191 1325 καὶ
2219 1271 2430 1339 ενάγων
2463 1270 2558 1342 τὴν
2591 1270 3032 1341 πρθσκλήρωσινν
3064 1271 3096 1343 ἦ
3126 1271 3229 1342 τῆς
3256 1271 3466 1335 om”;
3510 1272 3681 1342 μονῆς

2099 1364 2419 1436 ἡγεμονίαν,
2452 1363 2562 1430 ἕξει
2599 1363 2658 1416 τὸ
2688 1362 3071 1434 ἀκοινώνητον.
3513 1382 3519 1389 ’

2104 1452 2118 1496 ἐ
2168 1453 2263 1524 νγ’.
2285 1455 2612 1518 Ἐπίσκοπος
2639 1457 2946 1525 αἱρετικοὺς
2968 1456 3003 1527 ἢ
3020 1455 3285 1528 ’Έλληνας
3306 1455 3680 1526 κληρονόμους

2098 1545 2346 1614 γράφων,
2381 1547 2522 1599 ἔστω
2559 1546 2827 1617 ἀνάθεμα.

2167 1639 2260 1696 νδ’.
2304 1641 2681 1711 Θυσιαστήρια
2715 1641 2773 1693 έν
2819 1639 3064 1712 ἀγροῖς-ἢ
3107 1640 3395 1712 ἀμπελῶσι
3427 1640 3682 1693 συνιστά-

2101 1749 2257 1803 μενα,
2309 1735 2367 1786 ὲν
2400 1727 2480 1796 οἷς
2535 1733 2597 1786 οὑ
2653 1731 2905 1802 λείψανον
2948 1735 3129 1786 κεῖται
3186 1732 3483 1803 μάρτυρος,
3517 1731 3566 1784 εί
3601 1730 3682 1801 μὴ

2095 1825 2356 1896 δημόσιος
2402 1825 2630 1896 θόρυϐος
2662 1826 2893 1894 γίνεται,
2928 1825 3390 1896 καταστρέφεται.

2171 1917 2264 1972 νε’.
2301 1919 2408 1970 Καὶ
2435 1918 2503 1972 δι’
2529 1919 2799 1973 ἐνυπνίων
2841 1919 2937 1972 καὶ
2976 1917 3375 1988 ἀποκαλύψεων
3415 1916 3677 1970 συνίσταὲ

2096 2028 2187 2065 ται
2223 2011 2488 2082 ματαίων,
2513 2011 2812 2078 ἀσύστατα,
2849 2011 3014 2080 ξόανα
3046 2011 3415 2078 ἅπαντα,’κα“ι
3453 2009 3674 2064 είδωλα.

2166 2196 2275 2256 νς’.
2308 2191 2381 2244 Οὐ
2415 2192 2778 2263 προτιμήσεις
2814 2191 2906 2246 τὸν
2957 2191 3098 2264 πρὸς
3145 2193 3208 2246 οὐ
3252 2192 3384 2264 [τῶν
3413 2171 3520 2265 πρὸ
3549 2193 3680 2268 σοῦ]

2101 2282 2351 2344 σεαυτὸν.
2403 2282 2519 2336 ἀλλ’
2564 2282 3047 2357 ἐπακολουθήσεις.
3093 2283 3152 2336 ’0
3200 2282 3266 2337 δὲ
3321 2283 3680 2355 περιφρονῶν

2093 2379 2219 2440 τοὺς
2250 2377 2573 2448 προτέρους,
2605 2377 3102 2447 εὐκαταφρόνητος.

2163 2471 2259 2536 νζ’.
2305 2471 2363 2524 Ὀ
2401 2472 2480 2534 είς
2529 2471 2627 2542 τὴν
2669 2471 2935 2541 Ἀφρικὴν
2964 2472 3507 2543 κεχειροτονημένος,
3546 2475 3679 2526 ἐιττι⁵

2065 2562 2317 2632 ’φερέτω
2379 2561 2474 2615 τοῦ
2531 2561 2932 2626 ὲπιτεθεικότος
2965 2565 3125 2634 χεῖρα
3181 2564 3401 2635 γραφὴν
3457 2562 3684 2634 ίδιόχειο

2129 2671 2208 2707 ον.

2129 2671 2208 2707 ον.
2400 2671 2403 2672 ⁷
2806 2676 2809 2679 ·

2095 2671 2126 2726 ρ
2176 2743 2278 2815 νη’.
2318 2745 2381 2798 Οί
2417 2746 2772 2817 γεννηθέντες
2811 2746 2865 2800 δὲ
2897 2746 3172 2816 εὐσεϐείᾳ,
3209 2745 3304 2799 καὶ
3337 2745 3518 2799 πίστει
3549 2745 3682 2798 δια-

2093 2845 2391 2909 τραφεντες
2420 2838 2680 2908 βασιλεῖς,
2703 2843 2861 2909 χεῖρα
2886 2840 3145 2909 παρέχειν
3167 2841 3290 2902 ταῖς
3321 2837 3681 2909 Ἐκκλησίαις

2091 2928 2418 2996 ὀφείλουσιψ
2453 2931 2578 2984 ἐπεὶ
2611 2932 2703 2984 καὶ
2731 2931 2948 2985 Παύλου
2986 2931 3266 3001 δεομένου,
3301 2931 3679 3004 στρατιωτικὴ

2090 3021 2213 3092 χεὶρ
2236 3022 2334 3091 τὴν
2363 3023 2470 3076 τῶν
2500 3024 2752 3077 ἀτάκτων
2779 3023 2990 3076 διέλυσε
3025 3023 3350 3093 σύμπνοιαν.

2163 3113 2260 3168 νθ’.
2290 3115 2576 3186 Δίρετικὺς
2634 3116 3016 3186 ἀλεγάτευτος,
3066 3117 3162 3170 καὶ
3206 3117 3676 3189 καταλιμπάνειν,

2091 3207 2185 3259 καὶ
2201 3205 2502 3276 λαμϐάνειν
2535 3207 2827 3280 συνήθειαν
2855 3209 3093 3277 ἀνάξιος·
3114 3211 3144 3263 6
3163 3209 3222 3264 δὲ
3247 3211 3674 3282 μεταστρέφων,

2091 3297 2335 3366 ὲπάξιος.

2163 3492 2227 3558 ξ’.
2267 3491 2623 3559 Ἐκσισασταὶ
2677 3491 2921 3547 δίδονται·
2956 3491 3044 3548 διὰ
3069 3493 3168 3558 τὰς
3201 3507 3676 3566 εκκΑησταστιλας

2087 3586 2247 3657 δυσχε
2259 3587 2427 3659 ρείας.

2157 3678 2260 3745 ξα’.
2289 3681 2400 3734 Καὶ
2428 3679 2635 3733 ἔκδικοι
2661 3679 2761 3749 τὴν
2792 3680 3119 3757 κυρίανιτῆς
3147 3679 3480 3752 ικδικήσεως
3515 3680 3680 3751 ἔχον-

2086 3787 2197 3834 τες.

2161 3860 2260 3932 ξβ’.
2291 3862 2355 3916 Οἱ
2394 3862 2502 3916 ἀπὸ
2529 3861 2638 3916 τῶν
2670 3861 3008 3916 Δονατιστῶν
3045 3862 3529 3935 μεταστρέφοντες,
3567 3862 3672 3914 καὶ

2083 3955 2212 4018 τοὺς
2243 3955 2408 4019 ίδίους
2450 3955 2761 4025 αἰτούμενα
2792 3957 3123 4021 ἐπισκόπους
3154 3953 3669 4028 μεταστρέψαντας,

2083 4048 2470 4120 ἀπαραίτητοι·
2497 4049 2689 4102 τούτου
2731 4049 2788 4102 δὲ
2824 4050 3268 4122 τελευτήσαντος,
3302 4048 3352 4101 οί
3393 4047 3467 4118 μὴ
3505 4046 3669 4117 δεχό-

2085 4158 2237 4212 μενοι
2266 4141 2474 4212 ἕτερον,
2516 4142 2563 4194 εί
2587 4143 2674 4194 ὲπ⁴
2703 4139 2860 4195 ἄλλον
2893 4141 3191 4195 ἐπίσκοπον
3228 4140 3668 4209 καταφεύγουσι,

2127 4234 2318 4289 ένοιεν.

2127 4251 2318 4289 ενοιεν.

2084 4251 2124 4304 μ
2159 4324 2260 4393 ξγ’.
2281 4326 2344 4378 Αἱ
2368 4324 2704 4396 τεμνόμεναι
2731 4325 2984 4393 συζύγια,
3005 4325 3054 4378 εί
3081 4324 3156 4397 μὴ
3183 4323 3663 4392 καταλλάττοιντο,

2079 4417 2486 4486 διαμενέτωσαν
2541 4417 2738 4481 οὕτως’
2791 4421 2840 4471 εί
2903 4418 2959 4471 δὲ
3009 4417 3121 4489 μὴ,
3176 4417 3312 4489 πρὸς
3367 4416 3669 4487 μετάνοιαν

2082 4509 2502 4578 ἀναγκάζονται.

389 4623 392 4625 λ
459 4603 550 4657 64.
589 4601 692 4669 Qui
747 4576 1022 4672 publicum
1051 4601 1122 4662 ab
1151 4599 1481 4671 imperatore
1519 4600 1787 4672 judicium
1816 4600 1969 4671 petit,

2152 4576 2246 4666 ξδ’.
2277 4603 2555 4672 Δημοσίαν
2593 4602 2776 4674 κρίσιν
2815 4601 3011 4676 ὁπαρὰ
3043 4601 3305 4674 βασιλέως
3337 4599 3520 4682 αἰτῶν,
3553 4595 3665 4649 οὐκ

391 4710 499 4748 non
527 4705 611 4749 est
645 4697 954 4767 episcOpus.

459 4785 550 4841 65.
593 4785 696 4860 Qui
731 4789 965 4858 primum
997 4788 1275 4843 hominem
1313 4789 1463 4854 dicit,
1497 4788 1664 4842 etiam
1696 4789 1814 4843 sine
1841 4805 1970 4860 pec-

390 4885 514 4932 cato
560 4876 728 4933 fuisse
766 4880 1092 4935 moriturum
1144 4889 1366 4950 propter
1416 4887 1628 4933 natura:
1658 4867 1928 4935 necessita

392 4976 520 5032 tem,
547 4968 834 5022 anathema
861 4969 950 5024 sit.

461 5059 550 5112 66.
591 5059 692 5125 Qui
718 5060 854 5115 dicit
874 5061 1111 5116 infantes
1131 5062 1222 5131 qui
1254 5075 1444 5116 recens
1466 5059 1576 5114 nati
1601 5061 1964 5130 baptizantur,

388 5150 525 5205 nihil
581 5166 648 5205 ex
699 5151 893 5207 Adatni
947 5163 1176 5222 peccato
1237 5154 1458 5208 trahere
1504 5154 1648 5223 quod
1701 5155 1970 5225 baptismo

387 5251 741 5311 expurgetur,
792 5243 1164 5298 exsecrandus
1210 5251 1316 5297 est.
1363 5242 1466 5298 Per
1500 5258 1670 5299 unum
1722 5245 1867 5299 enim
1913 5254 1970 5300 et

385 5349 536 5389 mors
567 5343 623 5388 et
643 5345 927 5405 peccatum
961 5337 1016 5391 in
1051 5334 1311 5391 universo
1346 5338 1549 5392 mundo
1570 5340 1612 5393 '.

455 5425 542 5481 67.
582 5426 684 5493 Qui
735 5427 893 5483 docet
944 5427 1038 5483 Dei
1086 5429 1312 5497 gratiam
1366 5431 1740 5485 remissionem
1796 5430 1965 5485 solam

2078 4696 2396 4760 ἐπίσκοπος.

2149 4789 2242 4854 ξε’.
2285 4789 2388 4842 Τδν
2444 4787 2873 4859 πρωτόπλαστον
2913 4788 2942 4841 ὁ
2976 4787 3152 4856 λέγων
3177 4782 3271 4834 καὶ
3297 4780 3422 4852 δίχα
3472 4780 3663 4852 ἁμαρο

2074 4879 2196 4942 τίας
2247 4877 2600 4948 τεθνήξεσθαι
2649 4879 2716 4932 δι’
2771 4879 3014 4945 ἀνάγκην
3066 4870 3168 4942 τῆς
3218 4870 3456 4941 φύσεως,
3510 4869 3660 4923 ἔστω

2073 4971 2341 5041 ἀνάθεμα.
3245 4989 3248 4992 ·

2145 5065 2256 5133 ᾖς’.
2301 5067 2357 5120 '0
2386 5065 2454 5119 τά
2492 5066 2685 5128 νεογνά
2729 5060 2822 5114 καὶ
2877 5055 3249 5129 βαπτιζόμενα
3277 5054 3452 5123 λέγων
3482 5053 3657 5123 μηδὲν

2071 5159 2252 5212 ἕλκειν
2287 5159 2352 5210 ἐκ
2382 5160 2478 5227 τῆς
2507 5157 2602 5211 τοῦ
2634 5155 2808 5224 Ἀδὰμ
2838 5149 3194 5230 ἁμαρτίαςιτὸ
3223 5147 3652 5218 καθαιρόμενον,

2071 5248 2364 5318 ὲπείιρατος⁸
2394 5245 2480 5300 διὰ
2515 5247 2623 5316 γὰρ
2667 5245 2758 5299 τοῦ
2807 5243 2927 5308 ἑνὸς
2979 5242 3074 5296 καὶ
3116 5242 3144 5294 ό
3194 5238 3444 5304 θάνατος,
3477 5237 3577 5292 καὶ
3609 5241 3644 5310 ἡ

2071 5339 2318 5410 ἁμαρτία
2348 5337 2712 5406 παγκὸσμιος.
3005 5350 3008 5352 ·

2144 5426 2242 5491 ξξι.
2287 5426 2346 5479 '0
2391 5423 2636 5490 δοξάζων
2659 5423 2766 5494 τὴν
2822 5423 2920 5476 τοῦ
2954 5422 3092 5476 Θεοῦ
3123 5423 3285 5494 χάριν
3315 5419 3505 5492 ’μόνην
3543 5419 3655 5489 ἀφ-

385 5527 736 5587 peccatorum
765 5520 875 5590 jam
904 5521 1321 5576 commissorum
1353 5522 1657 5590 continere,
1690 5538 1800 5577 non
1837 5537 1964 5578 vero

2120 5537 2183 5573 rw
2205 5518 2314 5572 τῶν
2346 5516 2837 5587 πλημμελημάτων
2867 5517 3108 5585 ὑπέχειν,
3139 5514 3274 5568 ἀλλὰ
3299 5513 3374 5585 μὴ
3406 5514 3504 5567 καὶ
3531 5512 3647 5567 τῶν

382 5615 543 5666 etiam
600 5613 667 5667 ad
722 5612 987 5667 auxilium
1038 5624 1227 5668 contra
1276 5613 1455 5668 futura
1499 5614 1638 5681 dari,
1675 5615 1757 5670 bis
1803 5630 1960 5670 exse-

383 5702 626 5756 crandns
654 5714 760 5755 est.

459 5863 473 5894 ³
518 5869 636 5918 Act.
676 5879 829 5928 χχιιι,
867 5864 951 5919 l2.
1028 5867 1047 5898 ί
1090 5865 1244 5922 Rom.
1279 5883 1333 5932 v,
1365 5867 1450 5924 l2.

2067 5610 2374 5682 μελλόντων
2411 5609 2683 5682 βοήθειαν,
2724 5608 2806 5672 δὶς
2850 5609 3138 5679 ἐπάρατος.
