3868 6460
234 418 347 481 273

1465 419 1803 481 EPITOME
1842 419 2231 483 CANONUM.

3368 407 3475 474 271

307 529 410 602 ξη¹.
459 531 519 585 ’Θ
555 531 846 604 κηρύσσων
900 531 1142 602 ὅτιξδίχα
1175 533 1273 601 τῆς
1301 533 1522 604 χάριτος
1559 537 1802 606 δυσχερε-

1989 536 2078 593 68.
2120 535 2220 602 Qui
2243 533 2524 605 praedicat,
2556 531 2759 602 absque
2783 528 2951 602 gratia
2979 527 3248 584 difficilius
3269 527 3498 597 quidem

233 625 450 696 στέρως
503 623 636 694 μὲν,
671 624 785 676 ἀλλ’
835 619 931 678 οὖν
983 624 1370 696 ἐκπληροῦμεν
1418 627 1516 690 τὰς
1569 629 1808 694 ἐντολὰς,

231 717 536 785 ἐπάρατοςο
571 717 759 783 Χωρὶς
789 715 900 788 γὰρ
930 716 1100 786 ἐμοῦ,
1129 718 1158 770 6
1182 718 1386 789 Κύριος
1406 715 1681 786 εἷπεν,ὀὐ
1711 721 1812 784 66-

230 811 422 862 νασθε
447 807 646 861 ποιεῖν
672 807 871 863 οὐδέν.
1084 886 1086 889 τ
1823 863 1839 894 Ι

300 896 400 963 ξθο.
454 899 534 962 ’0,
563 897 658 952 τοῦ
708 898 975 966 Θεολόγου
1007 899 1408 970 θεολογοῦντος,
1442 903 1572 957 ’Ότι
1596 905 1706 974 ἐὰν
1731 906 1814 958 εἴ·

229 1002 437 1058 πωμεν
467 989 557 1043 ὅτι
593 991 849 1060 ἁμαρτία
880 992 951 1046 ἐν
993 992 1138 1062 ἡμῖν
1165 996 1278 1048 οὐκ
1320 995 1512 1060 ἔστιν,
1558 995 1813 1060 ἑαυτοὺς

229 1081 576 1152 ἀπατῶμεν,
632 1085 1082 1156 παρερμηνεύων’
1117 1088 1200 1141 ὅτι
1254 1086 1355 1141 οὐκ
1396 1088 1634 1160 ἀληθῶς,
1676 1089 1812 1142 ἀλλὰ

231 1174 675 1243 ταπεινοφρὸνως
706 1177 896 1246 εἴρηκε
925 1176 1105 1243 τοῦτο,
1129 1177 1400 1248 ἀνάθεμα.

301 1271 366 1318 o'.
387 1264 444 1318 Ὀ
470 1267 849 1336 παραφράζων
874 1264 953 1330 τὸ,
979 1267 1150 1336 Ἄφες
1179 1268 1324 1336 ἡμῖν
1345 1268 1419 1322 τὰ
1439 1267 1812 1337 ὀφειλήματα

229 1355 422 1423 ἡμῶν.
443 1356 525 1440 ,τὰ
574 1355 684 1408 τῶν
717 1357 928 1411 πολλῶν
965 1358 1148 1426 λέγειν
1181 1357 1292 1430 [lca
1319 1357 1540 1431 λέγων],
1573 1360 1669 1414 καὶ
1715 1361 1813 1432 οὐχ

228 1450 464 1502 ἕκαστον
512 1452 606 1502 καὶ
661 1449 730 1503 τὰ
759 1452 959 1515 οἰκεῖα,
987 1451 1257 1522 ἀνάθεμω
1294 1453 1436 1522 μετὰ
1467 1453 1680 1507 πολλῶν
1715 1455 1812 1509 καὶ

227 1541 557 1612 τὸνΔανιὴλ
589 1542 814 1611 λέγοντα
857 1543 1092 1613 βλέπων.
1141 1544 1663 1617 Ἐξομολογοῦμεν
1707 1549 1816 1622 τὰς

228 1634 522 1703 ἁμαρτίας
559 1635 749 1704 ἡμῶν,
785 1639 884 1691 καὶ
913 1638 1016 1704 τὰς
1037 1638 1328 1708 ἁμαρτίας
1356 1641 1463 1696 τοῦ
1491 1642 1665 1698 λαοῦ.

299 1733 403 1780 οα¹.
436 1729 502 1780 Ol
539 1729 1011 1798 μεταστρέψαντες
1047 1730 1155 1784 ἀπὸ
1187 1731 1283 1785 τοῦ
1314 1734 1562 1788 Δονάτου.
1593 1714 1809 1788 διέλωσι

227 1818 328 1880 τὰς
357 1819 672 1890 διοικήσεις,
711 1823 803 1876 καὶ
833 1825 861 1875 6
890 1824 988 1893 μὲν
1019 1825 1378 1897 παλαιότερος
1413 1828 1749 1898 ἐπιμερίζοι,
1780 1829 1809 1881 6

228 1911 288 1963 δὲ
324 1911 448 1975 νέος
481 1913 784 1982 ἐκλέγοιτο.
1695 1956 1704 1963 -

299 2000 402 2072 οβ’.
433 2001 612 2056 Τόπον
655 2006 1047 2079 μεταστρέφων
1088 2007 1182 2060 ἐπὶ
1218 2007 1317 2080 τὴν
1349 2008 1629 2080 ὀρθόδοξον
1651 2053 1665 2076 ,
1717 2011 1812 2066 καὶ¹

229 2093 421 2147 τοῦτον
457 2096 553 2150 ἐπὶ
579 2097 818 2166 τριετίαν
848 2098 1115 2171 κατέχων,
1151 2099 1291 2154 ἔστω
1330 2099 1683 2172 ἀνέγκλητοςο
1716 2102 1812 2156 καὶ

230 2187 260 2237 6
292 2187 686 2259 μεταστρέιεων
743 2189 1040 2254 ἐπίσκοπος
1089 2191 1197 2245 ἀπὸ
1249 2191 1519 2260 Δονάτου,
1569 2194 1617 2246 εί
1661 2192 1813 2258 ἐντὸς

235 2279 479 2347 τριετίας
520 2281 616 2352 ἀφ’
645 2275 708 2336 οὗ
739 2282 1076 2356 ἐπέστρεψεν
1104 2285 1372 2354 ἐνάγοιτο,
1402 2286 1665 2356 ἐναγέτω.

299 2460 400 2530 ογ’.
437 2463 646 2535 Κριτὴς
673 2464 1024 2537 ἐπιζητηθεὶς
1078 2467 1143 2523 ἐκ
1163 2467 1272 2524 τῶν
1303 2467 1398 2524 δύο
1430 2469 1636 2542 μερῶν,
1665 2470 1810 2526 ἀπα-

233 2550 575 2621 ράγραπτος.

303 2645 398 2698 οδ’.
436 2647 792 2718 Περιφρονῶν
822 2649 1123 2715 ἐπίσκοπος
1153 2652 1252 2723 τὴν
1288 2653 1429 2725 ὑπὲρ
1455 2655 1567 2708 τῶν
1603 2656 1808 2728 αἱρετι-

231 2733 346 2787 ὶιῶν
375 2736 696 2804 ἐπιμέλειαν
745 2741 840 2794 καὶ
883 2741 1468 2814 ὑπομιμνησκόμενος,
1503 2749 1550 2799 εἰ
1583 2747 1676 2800 ἐπὶ
1710 2749 1810 2818 τῆς

235 2826 375 2890 ἰδίας
403 2829 580 2898 διάγοι
620 2832 714 2884 ἐπὶ
755 2832 816 2898 ἒξ
849 2836 1025 2905 μῆνας
1057 2878 1072 2901 ,
1131 2827 1445 2902 ἀνεύθυνος.
1498 2839 1810 2910 Ἐπιμένων

231 2919 290 2972 δὲ
325 2924 420 2974 καὶ
483 2925 622 2994 μετὰ
655 2925 813 2980 τοῦτο
871 2931 938 2999 τῇ
987 2929 1251 3003 ῥᾳθυμίᾳ,
1307 2931 1420 2997 ἕξοι
1474 2932 1534 2986 τὸ
1575 2933 1808 2988 ἀκοινώ-

232 3029 414 3082 νητον.

302 3104 396 3165 σε’.
430 3109 706 3178 Πρεσϐύτε
719 3129 809 3183 ρος
842 3114 937 3167 καὶ
963 3114 1212 3179 διάκονος
1254 3116 1704 3188 ἐπιμεμφόμενος
1731 3117 1808 3189 τῷ

231 3198 520 3268 ἐπισκόπῳ
553 3203 856 3270 ἐγκαλείτω
898 3204 1014 3277 [g-p.
1060 3207 1385 3279 ἐκκαλείτω]
1417 3208 1653 3277 γείτοσιν
1684 3211 1807 3263 ἐπι-

235 3290 479 3356 σκόποις,
501 3295 594 3346 καὶ
627 3296 700 3365 μὴ
727 3297 1040 3369 διαπεράτω
1066 3300 1125 3352 τὸ
1158 3301 1412 3368 πέλαγος.

303 3378 411 3444 ος’.
456 3383 577 3436 Ἐπὶ
603 3387 736 3439 πολὺ
775 3388 850 3459 μὴ
892 3389 1207 3461 δυναμένων
1235 3392 1550 3462 περιμένειν
1585 3393 1694 3446 τῶν
1728 3395 1808 3458 εἰς

224 3472 334 3551 ’τὴν
383 3475 600 3530 σύνοδον
639 3481 959 3535 ἐπισκόπων
995 3483 1353 3554 ἐληλυθότων,
1399 3485 1504 3540 ἀνὰ
1550 3489 1700 3559 τρεῖς
1749 3487 1808 3551 ἐξ

231 3564 474 3638 ἑκάστης
500 3571 766 3642 ἐπαρχίας
789 3574 1134 3644 ἐπιλεγῷσιν.
1559 3594 1562 3597 ’

299 3659 398 3723 οξ.
433 3662 509 3715 Ού
545 3669 816 3737 μαρτυρεῖ
841 3668 869 3720 6
906 3655 1314 3740 ἅῲωρισμένος.

285 3849 403 3922 Ion’.
453 3847 562 3899 Καὶ
600 3849 628 3901 6
663 3847 872 3912 δοῦλος.

298 3932 399 3988 σθ’.
449 3937 561 3991 Καὶ
604 3938 633 3990 6
665 3938 1055 4014 ἀπελεύθερος,
1100 3943 1198 3996 καὶ
1229 3943 1257 3995 ὁ
1291 3946 1806 4020 προκατηγορηθεὶς

149 4024 160 4039 ⁸
228 4027 320 4081 ἐπί
351 4045 402 4079 τι
433 4028 540 4081 τῶν
590 4029 654 4082 οὐ
721 4031 1170 4104 προσδεχομένων
1197 4035 1274 4106 τῷ
1321 4036 1587 4108 δημοσίῳ,
1639 4041 1737 4093 καὶ
1779 4043 1808 4096 6

275 4135 422 4182 ’μοῖο

275 4137 422 4182 ιυος.

231 4137 271 4188 μ
436 4210 548 4263 Καὶ
597 4211 873 4284 ὁἜλλην,
924 4214 1020 4269 καὶ
1062 4216 1090 4270 6
1142 4217 1437 4289 αἱρετικδς,
1470 4219 1567 4276 καὶ
1603 4224 1632 4276 6
1673 4224 1806 4278 'Iou-

225 4299 397 4362 δαῖος.

299 4389 416 4449 πεί.
465 4393 578 4463 Καὶ
615 4396 642 4447 6
671 4398 1060 4468 κατηγορήσας
1086 4399 1286 4469 πολλὰ,
1323 4401 1419 4457 καὶ
1450 4402 1680 4474 ἐλέγξας
1711 4406 1804 4460 ού-

224 4483 338 4537 δέν⁴
364 4485 460 4538 καὶ
489 4487 518 4540 6
545 4486 621 4560 μὴ
649 4488 915 4543 ἐνιαυτῶν
939 4489 1023 4546 ιδ’.

302 4665 414 4734 πβ’.
457 4668 517 4720 '0
565 4672 874 4745 κατήγορος
931 4676 996 4729 ἐκ
1040 4673 1134 4728 τοῦ
1172 4676 1302 4731 ἰδίου
1325 4677 1477 4733 οἴκου
1511 4681 1798 4752 μάρτυρας

227 4756 289 4808 οὐ
325 4756 672 4830 καθίστησιν.
1379 4770 1387 4777 ’

301 4848 416 4918 πῖ.
457 4851 649 4921 Λέγων
684 4854 714 4907 6
775 4857 1073 4926 ἐπίσκοπος
1123 4863 1204 4916 ὅτι
1259 4863 1332 4918 Τὸ
1358 4852 1613 4937 ἔγκλημα
1666 4868 1806 4922 κατὰ

233 4943 401 5010 μόνας
443 4947 472 4998 6
507 4947 678 5012 πέλας
704 4965 795 5020 μοι
814 4952 1186 5026 ὡμολόγησεν,
1211 4959 1260 5012 εί
1286 4959 1315 5012 6
1342 4959 1511 5024 πέλας
1535 4961 1805 5032 ἀρνεῖται,

232 5033 330 5086 οὐκ
369 5034 651 5102 εῦπιστος.

303 5121 409 5177 πδ’.
443 5126 550 5180 Τὸν
583 5128 657 5223 μὴ
685 5130 1008 5202 ἐλεγχθέντα
1053 5125 1336 5203 κοινωνίας
1377 5143 1652 5210 περήσας
1689 5144 1807 5197 ἐπί-

236 5232 458 5282 σκοπός.
493 5226 736 5292 στεροῖτο
770 5229 866 5280 καὶ
897 5230 1057 5294 αὐτὸς
1079 5235 1176 5303 τῆς
1218 5234 1422 5307 ἐτέρων
1474 5234 1698 5306 ὁμοίως.

385 5399 671 5470 Ἐπιτομὴ
696 5407 970 5461 κανόνων
999 5409 1102 5464 τοῦ
1122 5411 1296 5480 ἁγίου
1330 5415 1674 5471 Βασιλείου.

301 5507 371 5562 α’.
399 5509 707 5581 Αἱρετικδς,
744 5515 772 5567 6
807 5517 948 5569 κατὰ
997 5519 1100 5590 τὴν
1131 5521 1312 5574 πίστιν
1341 5522 1643 5595 ἀλλότριος’
1682 5529 1708 5579 6
1748 5527 1805 5582 δέ

230 5602 373 5655 κατὰ
417 5619 470 5654 τι
511 5604 726 5674 ἰάσιμον
772 5606 1015 5678 ζήτημα,
1063 5613 1440 5683 σχισματικός.
1480 5617 1542 5667 υἱ
1577 5615 1634 5669 δέ
1680 5634 1804 5669 συν-

228 5694 454 5761 άγοντες
508 5698 869 5754 ἀνυπότακτοι
909 5702 1129 5768 τούτους
1193 5706 1469 5771 ἐκείνους,
1523 5726 1802 5780 παρασυν-

304 5863 324 5892 ³
363 5862 521 5918 Joan.
562 5882 649 5930 xv,
686 5868 737 5922 5.
818 5869 839 5898 ⁷⁸
925 5869 1084 5926 Joau.
1119 5887 1157 5927 ι.
1190 5875 1242 5926 8.
1321 5876 1340 5906 ³
1383 5874 1520 5930 Dan.
1555 5893 1626 5938 ix.
1660 5879 1710 5931 9.

1839 1902 1888 1961 B

1836 3251 1882 3312 C

1915 643 2033 690 nos,
2069 636 2308 682 attamen
2349 625 2648 696 adimplere
2696 622 2970 686 mandata,
3004 620 3326 676 maledictus
3354 626 3439 672 est
3475 636 3484 668 :

1914 720 2053 776 dixit
2079 719 2228 774 enim
2284 719 2590 774 Dominus:
2635 715 2760 772 Sine
2809 732 2890 770 me
2939 714 3069 768 nihil
3098 713 3118 744 ³
3146 702 3361 781 potestis
3401 711 3487 780 fa-

1912 827 2046 865 cere.

1983 903 2070 957 69.
2114 901 2214 967 Qui
2265 902 2543 972 Theologo
2604 900 2865 956 divinitus
2919 899 3137 955 dicente
3182 895 3396 963 χρυσᾶ
3441 895 3487 948 si

1913 993 2152 1047 dicamus
2198 995 2336 1064 quod
2376 1002 2648 1064 peccatum
2680 993 2731 1045 in
2785 991 2930 1045 nobis
2962 1007 3062 1043 non
3097 997 3192 1053 est,
3229 1005 3319 1041 nos
3348 988 3507 1056 ipsos.

1915 1086 2209 1139 sedat-imus
2234 1086 2276 1152 ⁵,
2302 1101 2589 1156 perperam
2619 1085 3013 1154 interpretatur
3037 1081 3180 1152 quod
3203 1096 3312 1134 non
3337 1094 3486 1137 vere.

1916 1175 2010 1231 scd
2033 1191 2144 1244 prae
2175 1177 2477 1231 humilitate
2509 1177 2613 1231 hoc
2646 1175 2864 1239 dixerit,
2893 1173 3182 1228 anathema
3213 1171 3304 1226 sit.

1990 1266 2078 1321 70.
2120 1266 2222 1333 Qui
2277 1266 2498 1336 exponit
2542 1266 2698 1328 illud,
2742 1272 2798 1320 et
2850 1264 3065 1318 dimitte
3103 1262 3262 1317 nobis
3310 1261 3490 1316 dehita

1914 1367 2119 1421 nostra.
2149 1374 2268 1428 quae
2297 1359 2592 1412 multorum
2624 1365 2752 1412 sunt
2778 1357 2980 1421 dicere,
3013 1371 3124 1409 non
3156 1369 3277 1424 quae
3307 1353 3491 1420 singu-

1914 1453 2090 1508 lorum
2118 1461 2173 1507 et
2198 1453 2438 1523 pr0pria,
2470 1453 2759 1508 anathema
2783 1451 2880 1506 sit:
2909 1467 3034 1507 cum
3056 1451 3331 1505 Danielem
3365 1465 3494 1504 cum

1916 1545 2101 1599 multis
2132 1545 2405 1600 dicentem
2434 1544 2618 1600 videat
2657 1568 2668 1599 ;
2703 1543 3027 1614 Conﬁtentur
3051 1552 3266 1614 peccata
3285 1551 3488 1605 nostra,

1915 1646 1964 1691 et
1989 1647 2203 1708 peccata
2239 1637 2418 1707 populi
2445 1637 2502 1689 '..

1939 1765 1947 1772 -
1986 1730 2074 1784 7i.
2117 1728 2221 1794 Qui
2260 1727 2517 1783 conversi.
2539 1735 2666 1781 sunt
2698 1742 2763 1780 ex
2804 1732 2960 1796 parte
3011 1724 3204 1780 Donati
3246 1725 3492 1780 dividant

1916 1821 2202 1886 dimceses,
2232 1819 2415 1874 senior
2440 1818 2668 1882 dividat,
2697 1817 2884 1888 junior
2909 1812 3047 1873 vero
3069 1816 3251 1889 eligat.

1989 1997 2080 2054 72.
2121 1996 2177 2052 Si
2212 1997 2336 2068 quis
2366 1997 2545 2052 locum
2579 1996 2814 2066 aliquem
2845 1996 2912 2052 ad
2943 1996 3104 2052 ﬁdem
3130 1996 3489 2052 orthodoxam

1912 2091 2271 2156 con-verterit,
2314 2103 2551 2161 eumque
2591 2105 2692 2162 per
2725 2089 3023 2144 triennium
3076 2088 3387 2154 retinuerit,
3421 2088 3494 2142 sit

1911 2184 2032 2240 sine
2063 2183 2240 2250 culpa.
2273 2182 2535 2238 Similiter
2558 2191 2613 2238 et
2641 2182 2932 2253 episcopus
2959 2175 3255 2236 conversus
3281 2195 3312 2234 a
3336 2189 3492 2251 parte

1910 2277 2128 2346 Donati,
2185 2277 2230 2332 si
2270 2276 2411 2332 intra
2457 2276 2752 2332 triennium
2796 2275 2864 2331 e‘x
2905 2289 3014 2344 quo
3064 2288 3361 2330 conversus
3406 2283 3495 2330 est

1910 2377 2144 2440 repetat,
2175 2368 2300 2440 jure
2326 2377 2470 2440 agat.

1982 2462 2072 2516 7'5.
2113 2462 2287 2518 Judex
2315 2462 2385 2518 ab
2424 2461 2691 2518 ambabus
2715 2462 2965 2534 partibus
2993 2463 3290 2535 expetitus,
3333 2476 3494 2518 recu—

1911 2555 2021 2611 sari
2053 2570 2161 2611 non
2191 2564 2390 2629 potest.
2620 2619 2634 2634 ο
3440 2621 3442 2623 ς

1983 2649 2069 2704 74ι
2111 2647 2418 2720 Episcopus
2467 2664 2630 2720 quam
2682 2649 2750 2705 de
2803 2649 3079 2706 haereticis
3110 2649 3494 2732 curamﬂebet

1911 2742 2191 2812 suscipere
2233 2742 2535 2812 negligens,
2597 2751 2762 2812 atque
2815 2741 3150 2808 admonitus,
3195 2742 3240 2797 si
3280 2742 3345 2814 in
3393 2756 3489 2795 sua

1910 2833 2134 2888 ὀίωοθεί
2171 2833 2334 2905 degat
2369 2825 2548 2904 usque
2576 2834 2644 2889 ad
2673 2849 2767 2889 sex
2800 2849 3018 2890 menses
3048 2834 3279 2889 crimine
3319 2834 3487 2888 caret.

1910 2925 2067 2991 Quod
2087 2926 2146 3000 _si
2182 2934 2370 2997 postea
2403 2925 2458 2980 in
2503 2926 2710 2982 desidia
2742 2926 3018 2998 persistat,
3049 2925 3492 3003 excommunica-

1910 3017 2078 3072 bitur.

1989 3112 2077 3166 75.
2120 3110 2409 3184 Presbyter
2448 3121 2504 3167 et
2553 3112 2815 3169 diaconus
2865 3113 2954 3184 qui
2999 3113 3362 3185 de.episcopo
3392 3127 3492 3168 suo

1912 3213 2237 3275 queruntur,
2277 3205 2343 3259 ad
2377 3204 2583 3261 vicinos
2623 3206 2908 3276 episcopos
2950 3207 3226 3278 appellent
3253 3215 3308 3262 et
3341 3221 3492 3264 mare

1912 3310 2020 3350 non
2051 3295 2344 3365 trajiciunt.

1984 3387 2069 3442 76.
2113 3387 2368 3458 Episcopi
2395 3389 2487 3458 qui
2511 3388 2579 3444 ad
2611 3388 2904 3444 concilium
2939 3392 3222 3455 venerunt,
3257 3406 3382 3445 cum
3415 3389 3488 3445 ibi

1910 3479 2004 3532 diu
2062 3495 2384 3550 permanere
2423 3497 2553 3536 -non
2601 3490 2853 3551 possunt,
2908 3489 3094 3538 ternos
3135 3482 3203 3536 de
3261 3481 3490 3552 singulis

1911 3572 2215 3642 provinciis
2240 3573 2462 3644 eligant.

1983 3665 2075 3722 77.
2113 3666 2160 3719 A
2191 3665 2580 3722 communione
2612 3670 2926 3740 segregatus
2957 3682 3069 3723 non
3105 3666 3214 3724 fert
3243 3667 3491 3724 testimo-

1910 3761 2085 3815 nium.

1983 3853 2070 3911 78.
2108 3853 2220 3910 Nec
2247 3869 2459 3917 servus.

1982 3943 2072 4001 79.
2114 3945 2225 4002 Nec
2289 3947 2536 4012 libertus,
2610 3963 2714 4005 nec
2765 3955 2892 4004 ante
2951 3956 3238 4004 accusatus
3304 3930 3487 4017 aliquo

1910 4046 2103 4094 eorum
2141 4041 2433 4098 criminum
2457 4043 2528 4099 ob
2553 4058 2676 4114 qua:
2707 4057 2740 4098 a
2764 4043 2984 4115 publico
3015 4051 3235 4098 arcetur
3258 4041 3485 4114 judicio.

1909 4131 2021 4187 Nec
2051 4133 2267 4192 histrio.

1979 4222 2068 4278 80.
2103 4223 2214 4282 Nec
2242 4225 2518 4294 ethnicus,
2545 4242 2648 4283 nec
2676 4226 2992 4294 haereticus,
3017 4240 3123 4282 nec
3140 4225 3382 4281 Iudaeus.

1981 4407 2070 4462 81.
2114 4407 2225 4463 Nec
2281 4409 2376 4480 qui
2429 4410 2599 4465 multa
2652 4409 2920 4482 obiecerit
2965 4398 3217 4472 crimina,
3250 4413 3308 4461 et
3348 4405 3487 4461 nihil

1910 4496 2224 4566 Ρτοῦδνθΐῖι
2253 4537 2270 4562 .
2323 4514 2427 4555 nec
2479 4500 2574 4571 qui
2624 4509 2792 4557 natus
2844 4515 2954 4556 non
2999 4494 3166 4554 fuerit
3215 4511 3482 4551 annorum

1841 4597 1888 4655 ι)
1914 4591 2345 4661 quatuordecim.

1981 4682 2070 4738 82.
2109 4683 2409 4740 Accusator
2430 4701 2461 4741 e
2479 4673 2642 4742 domo
2664 4700 2761 4741 sua
2792 4692 2958 4762 testes
2983 4697 3092 4738 non
3124 4679 3393 4752 producit.

1981 4866 2070 4923 85.
2113 4865 2382 4940 Episcopo
2429 4869 2518 4939 qui
2574 4868 2728 4935 dicit,
2773 4866 2919 4938 quod
2959 4865 3173 4921 vicinus
3210 4862 3342 4919 mihi
3384 4865 3502 4920 soli.

1911 4958 2118 5013 crimen
2168 4975 2325 5015 suum
2369 4961 2652 5016 confessus
2690 4944 2806 5026 est,
2837 4968 2892 5014 et
2921 4958 3138 5014 vicinus
3164 4964 3344 5028 negat,
3376 4971 3483 5009 non

1912 5049 2070 5106 facile
2101 5050 2235 5106 ﬁdes
2271 5052 2581 5108 adhibetur.
3008 5067 3016 5074 '

1981 5137 2068 5193 8i.
2113 5138 2408 5209 Episcopus
2479 5141 2572 5210 qui
2636 5140 2870 5210 privavit
2914 5136 3298 5195 communione
3373 5151 3482 5203 non

1909 5231 2218 5284 convictum
2251 5232 2504 5298 crimine,
2532 5232 2781 5289 similiter
2808 5241 2863 5289 et
2903 5233 3020 5304 ipse
3063 5232 3295 5287 aliorum
3336 5245 3484 5284 com-

1911 5323 2169 5378 munione
2194 5325 2460 5393 privetur.
3397 5311 3400 5314 6

2261 5411 2446 5467 Sancti
2471 5413 2661 5469 Basilii
2693 5413 2916 5485 epistola
2936 5414 3130 5482 prima.

1989 5522 2037 5574 i.
2081 5519 2377 5578 Hmrcticus
2407 5531 2510 5587 est,
2543 5523 2632 5594 qui
2673 5539 2704 5580 a
2755 5524 2862 5579 ﬁde
2913 5525 3122 5578 alienus
3159 5540 3171 5575 :
3223 5521 3314 5591 qui
3356 5536 3485 5574 vero

1913 5611 2056 5666 circa
2100 5613 2336 5684 aliquam
2387 5616 2561 5671 levem
2609 5617 2965 5686 quaestionem
3013 5623 3178 5677 errat,
3223 5613 3484 5666 schisma-

1913 5709 2078 5762 ticus.
2129 5708 2509 5764 lnobedicnlcs
2564 5725 2693 5764 vero
2734 5711 2824 5779 qui
2873 5709 2974 5764 hos
3020 5711 3368 5774 congregant,
3413 5701 3486 5760 ab
3554 5711 3566 5722 ‘
