3868 6490
324 397 432 463 279

318 616 541 678 propter
559 608 854 663 secundam
892 624 1041 673 vero,
1072 608 1303 664 crimine
1323 618 1499 664 vacat.

385 699 481 754 20.
528 698 661 764 Quae
711 708 903 755 contra
952 700 1288 756 voluntatem
1334 701 1507 771 patris
1552 710 1738 757 secuta
1788 709 1890 767 est,

315 800 556 846 scortum
586 800 842 847 censetur
865 807 884 846 :
915 791 959 846 si
987 807 1118 847 vero
1137 803 1388 862 parentes
1416 794 1752 849 reconciliati
1785 794 1895 850 fue-

317 883 447 948 rint,
467 881 778 952 factumque
810 883 1112 962 remedium
1137 885 1385 955 accipere
1412 884 1679 952 videatur,
1713 894 1892 941 tamen

316 973 556 1030 triennio
577 966 916 1045 paenitentia:
941 956 1214 1044 subjaceat
1229 1016 1241 1030 .

382 1065 475 1122 2t.
504 1067 636 1133 Quae
669 1083 795 1124 cum
823 1069 1071 1123 adultero
1100 1069 1254 1132 vivit,
1289 1071 1616 1124 moechatur.

383 1161 475 1214 22.
508 1160 718 1216 Ancilla
741 1175 861 1231 qua:
875 1177 934 1217 se
956 1162 1072 1216 viro
1092 1161 1398 1226 tradiderit,
1424 1163 1757 1228 fornicatur;
1779 1178 1893 1216 ma-

317 1249 574 1310 trimonio
600 1268 731 1308 vero
764 1253 1034 1324 jungitur,
1069 1269 1191 1322 quae
1225 1269 1350 1308 cum
1390 1252 1595 1308 domini
1623 1267 1896 1308 consensu

317 1345 368 1398 id
403 1343 549 1398 facit.
579 1341 713 1410 Quae
748 1344 894 1398 enim
932 1343 1070 1398 fiunt
1097 1344 1166 1398 ab
1194 1343 1261 1398 iis
1292 1344 1383 1414 qui
1409 1343 1600 1399 alienae
1639 1346 1894 1413 potestati

315 1430 523 1484 subditi
557 1438 705 1497 sunt,
737 1431 997 1487 invalida.

385 1520 677 1590 ‘25._\’idua
704 1537 824 1591 quas
851 1521 1028 1575 virum
1051 1522 1271 1592 accipit,
1305 1521 1552 1577 criminis
1573 1537 1770 1593 expers
1789 1534 1892 1579 est.

386 1611 480 1665 2i.
512 1611 677 1667 Filius
698 1613 870 1682 patris
893 1613 1146 1683 potestati
1178 1613 1447 1680 subditus,
1473 1622 1529 1669 et
1549 1629 1743 1669 servus
1760 1616 1895 1671 citra

314 1702 658 1757 dominorum
691 1718 1043 1772 consensum,
1084 1705 1497 1761 matrimonium
1537 1707 1892 1772 contrahens,

315 1796 488 1866 culpa:
511 1797 730 1853 obnoxii
755 1806 906 1853 sunt.
1088 1853 1102 1870 _

384 1886 473 1941 25.
501 1887 602 1953 Qui
635 1889 971 1959 percusserit
999 1890 1068 1947 ad
1089 1900 1475 1960 mortem,tum
1509 1893 1744 1958 lacessit,
1780 1902 1893 1948 tum

315 1979 406 2048 qui
436 1980 736 2046 ulciscitur,
762 1983 1058 2038 homicida.

384 2071 473 2125 26.
501 2071 812 2129 Diacouissa
851 2089 975 2129 cum
1005 2075 1192 2146 gentili
1217 2074 1500 2141 fornicata,
1534 2091 1598 2131 ac
1626 2075 1895 2146 paeniten-

317 2164 391 2220 tia
428 2163 612 2229 ducta,
643 2165 930 2234 septennio
956 2166 1292 2236 poenitentia:
1319 2168 1662 2238 Subjiciatur.

381 2256 473 2310 27.
519 2255 864 2311 Christianus
910 2256 1239 2312 contumelia
1299 2257 1583 2315 Christum
1629 2258 1892 2325 alliciens,

315 2345 522 2400 nullum
554 2344 792 2400 fructum
824 2361 888 2401 ex
926 2347 1212 2403 vocatione
1238 2365 1335 2403 sua
1368 2350 1654 2420 percipiat.

385 2438 475 2492 28.
499 2435 694 2508 Nupsit
714 2437 961 2508 quaedam
986 2453 1083 2508 per
1101 2439 1462 2511 ignorantiam
1483 2442 1603 2497 viro
1623 2443 1847 2498 dimisso
1874 2459 1888 2498 :

315 2531 513 2586 deinde
541 2530 711 2601 priori
735 2531 850 2600 ipse
883 2531 1166 2587 restitutus
1183 2542 1287 2598 est,
1321 2533 1438 2604 ipsa
1470 2549 1598 2611 vero
1619 2535 1842 2591 dimissa
1875 2551 1890 2589 :

316 2631 558 2676 scortum
588 2630 873 2692 reputatur
895 2637 993 2693 per
1023 2623 1403 2694 ignorantiam,
1439 2639 1504 2680 ac
1540 2625 1586 2680 si
1616 2626 1766 2692 velit,
1799 2642 1894 2682 nu-

315 2715 446 2768 bere
477 2721 689 2783 potest;
721 2713 917 2768 melius
946 2700 1099 2781 vero,
1139 2715 1186 2769 si
1212 2729 1323 2793 non
1354 2716 1543 2772 nubat.

385 2805 478 2861 29.
506 2805 834 2868 Encratitas,
862 2807 1225 2878 sarcophoros
1251 2818 1414 2879 atque
1447 2809 1772 2879 apetactitas
1800 2809 1892 2865 de-

315 2911 426 2951 nuo
463 2896 783 2967 baptizabis.
818 2897 1078 2963 Quamvis
1101 2900 1248 2954 enim
1273 2900 1456 2956 dicant
1480 2916 1539 2956 se
1568 2902 1624 2956 in
1653 2901 1888 2969 Patrem,

314 2996 370 3041 et
405 2987 637 3052 «Filium,
682 2995 740 3042 et
785 2987 1049 3059 Spiritum
1103 3003 1361 3045 sanctum.
1396 3007 1519 3046 esse
1568 2993 1888 3062 baptizatos,

311 3088 694 3134 verumtamen
739 3079 997 3149 quoniam
1052 3082 1321 3136 malorum
1377 3093 1656 3139 auctorem
1722 3085 1888 3138 Deum

1431 403 1812 468 SYMEONIS
1853 406 2431 467 METAPHRAST/E

195 536 227 575 ο
318 517 579 582 solutam,
607 515 994 586 corripiendus
1026 517 1246 587 quidem
1273 527 1358 572 est
1383 528 1605 588 propter
1629 519 1889 589 primam:

2031 517 2191 588 Ιἐραν,
2242 515 2594 588 ὲπιτιμητέος
2627 513 2729 586 μὲν
2771 516 2859 572 διὰ
2886 516 2985 590 τὴν
3016 514 3393 588 πρώτην⁴ὲπὶ
3427 517 3483 572 δὲ
3513 523 3581 590 τῇ

3461 405 3574 466 280

1998 610 2248 682 δευτέρᾳ,
2279 603 2588 674 ἀνεύθυνος.

2071 701 2140 757 κ’.
2173 701 2343 774 ’Παρά
2377 701 2604 775 γνώμην
2636 705 2842 777 πατρδς
2872 706 2904 777 ή
2930 702 3365 775 ἀκολουθήσασα,
3406 703 3582 774 πόρνη

1997 796 2282 867 κρίνεταν
2329 798 2377 851 εί
2421 797 2479 850 δὲ
2530 797 2626 850 καὶ
2669 799 2718 850 oi
2771 799 2949 866 γονεῖς
2991 795 3351 864 διαλλαγείεν,
3396 797 3490 850 καὶ
3517 795 3583 849 τὸ

1997 888 2220 957 γεγονὸς
2265 888 2565 960 θεραπείαν
2595 889 2740 960 ἔχειν
2768 890 2934 955 δοκεῖ,
2988 890 3140 960 ὅμως
3165 889 3407 961 τριετίαν
3445 889 3581 942 ὑπο-

1999 980 2270 1036 πιπτέτω.
3135 1025 3140 1028 -
3449 984 3455 990 ’

2069 1067 2174 1126 κα’.
2220 1069 2286 1123 Ἦ
2319 1069 2538 1149 συζῶσά
2571 1069 2769 1141 μοιχῷ,
2793 1069 3220 1142 διαμοιχεύεται.

2070 1160 2174 1230 κβ’.
2254 1161 2486 1234 Ἑαυτὴν
2537 1163 2694 1235 ἀνδρὶ
2741 1163 3002 1217 ἐπιδοῦσα
3057 1162 3241 1234 δούλη,
3295 1164 3577 1235 πορνεύει·

1999 1253 2328 1306 συνάπτεται
2351 1254 2407 1322 δὲ
2436 1255 2469 1324 ἡ
2495 1242 2636 1324 μετά
2656 1254 2883 1326 γνώμης
2911 1255 3192 1310 δεσπότου.
3225 1255 3306 1310 Τά
3335 1257 3443 1329 γὰρ
3467 1259 3580 1310 τῶν

2000 1341 2356 1408 ὑπεξουσίων,
2387 1344 2641 1400 ἀϐέϐαια.
2739 1375 2746 1381 -

2077 1531 2182 1593 κγ’.
2239 1525 2600 1595 Ἀνέγκλητος
2631 1525 2663 1594 ἡ
2694 1525 2838 1595 χήρα
2866 1523 3220 1595 λαμϐάνουσα
3250 1523 3436 1594 ἄνδρα.

2069 1616 2168 1671 κδ’.
2224 1617 2282 1670 '0
2341 1615 2659 1682 ύπεξούσιος
2725 1616 2858 1681 υίὸς,
2913 1617 3008 1670 καὶ
3049 1615 3260 1682 δοῦλος,
3301 1616 3423 1688 δίχα
3469 1615 3580 1672 τῶν

1999 1707 2203 1778 κυρίων
2238 1707 2612 1779 ζευγνύμενοι,
2638 1707 2737 1760 οὐκ
2762 1706 3066 1762 ἀνεύθυνοι.

2070 1887 2168 1942 κε’.
2224 1888 2282 1941 '0
2310 1887 2515 1958 πλήξας
2543 1887 2679 1959 πρὸς
2709 1885 2960 1951 θάνατον,
2999 1883 3094 1937 καὶ
3119 1884 3445 1955 ἀρχόμενος,
3483 1885 3578 1938 καὶ

1997 1981 2357 2051 ἀμυνόμενος.
2390 1979 2734 2050 ἀνδροφόνος.

2067 2065 2500 2138 κς¹.’Διάκονος
2564 2071 2784 2142 ’Έλληνι
2835 2071 3195 2142 πορνευθεῖσα
3251 2069 3345 2123 καὶ
3408 2085 3580 2140 μετα·

1997 2165 2220 2235 γνοῦσα.
2251 2164 2542 2219 ἑπταετίαν
2569 2161 2943 2218 ὑποπιπτέτω.

2066 2256 2170 2322 κζ’.
2223 2257 2495 2326 ’Υϐρίζων
2543 2255 2872 2327 Χριστιανὸς
2902 2255 2996 2309 τὸν
3035 2253 3307 2326 Χριστὸν,
3342 2251 3450 2307 ἀπὸ
3477 2253 3581 2324 τῆς

1997 2347 2245 2418 κλήσεως
2279 2346 2655 2416 ἀνωφέλητος.

2062 2446 2173 2510 κη’.
2229 2438 2504 2508 Ἐγήματό
2530 2455 2616 2502 τις
2667 2437 2823 2508 ἀνδρὶ
2856 2437 2999 2492 κατά
3028 2437 3252 2507 ἄγνοιαν
3287 2437 3574 2507 ἀφεμένω,

1993 2526 2112 2583 εἶτα
2161 2530 2228 2600 τῇ
2279 2519 2524 2600 προτέρᾳ
2567 2529 2876 2598 ἀνέφηνεν,
2932 2530 2965 2599 ἡ
3011 2528 3055 2582 δ’
3101 2528 3303 2600 ἀφείθη
3337 2545 3352 2561 ·
3401 2527 3578 2598 πόρνη

1993 2619 2269 2689 λογίζεται
2319 2619 2462 2672 κατά
2507 2617 2769 2686 ἄγνοιαν,
2813 2617 2907 2671 καὶ
2955 2619 3004 2670 εί
3055 2616 3201 2670 θέλει
3254 2613 3573 2685 ζεύγνυται·

1992 2711 2208 2766 κάλλιον
2238 2711 2295 2764 δὲ
2320 2713 2367 2764 εί
2397 2711 2470 2782 μὴ
2507 2709 2831 2784 ζεύγνυται..
2925 2714 2931 2720 ’

2065 2804 2170 2860 κθ’.
2209 2804 2594 2874 Ἑγκρατίτας,
2633 2803 2728 2857 καὶ
2754 2801 3162 2876 Σαρκοφόρους,
3201 2801 3298 2854 καὶ
3331 2801 3569 2854 Ἀποτα-

1993 2896 2182 2959 κτίτας
2209 2935 2224 2960 ,
2274 2895 2693 2959 ἀναϐαπτίσεις.
2735 2896 2799 2948 Et
2842 2897 2952 2966 γὰρ
2991 2895 3086 2949 καὶ
3132 2895 3342 2964 λέγοιεν
3379 2895 3460 2947 ὃτι
3494 2896 3579 2958 είς

1993 2991 2344 3060 Πατέρα,’καὶ
2375 2990 2527 3055 Υἱὺν,
2554 2990 2650 3043 καὶ
2675 2989 2828 3058 ἅγιον
2852 2989 3075 3060 Πνεῦμα
3107 2989 3430 3061 ἐϐαπτίσθη,
3456 2988 3576 3043 ἀλλ’

1991 3081 2116 3134 ἐπεὶ
2173 3081 2357 3135 κακῶν
2396 3081 2628 3152 ποιητὴν
2679 3081 2771 3135 τὸν
2813 3081 2945 3135 Θεὸν
2991 3081 3372 3152 βλασφημοῦσι
3432 3080 3577 3136 κατὰ

312 3169 482 3240 impie
523 3180 780 3226 asserunt
810 3171 963 3241 juxta
997 3172 1350 3240 Marcionem,
1383 3175 1488 3230 nisi
1515 3176 1696 3232 denuo
1713 3177 1889 3250 bapti-

2031 3174 2317 3245 Ιαρκίωνα,
2353 3174 2426 3244 μὴ
2453 3173 3216 3244 ἀναϐαπτιξόμενοιιᾶδεκτοι.

313 3273 528 3327 zentur,
570 3281 680 3319 non
703 3273 832 3319 sunt
863 3264 1186 3336 recipiendi.

383 3356 471 3412 50.
509 3355 639 3424 Quae
670 3358 838 3420 aviro
868 3359 1092 3415 dimissa
1127 3367 1230 3426 est,
1261 3361 1342 3418 sic
1381 3371 1634 3429 maneat;
1667 3367 1712 3420 si
1743 3365 1890 3420 enim

311 3451 639 3514 moechetur,
669 3451 821 3520 juxta
854 3451 1069 3507 Domini
1103 3468 1437 3522 sermonem,
1477 3456 1615 3512 alius
1645 3471 1893 3513 commu-

311 3544 477 3599 nione
501 3544 831 3600 excluditur.

382 3635 472 3689 5|.
515 3633 804 3704 Corruptio
844 3647 942 3704 per
985 3633 1093 3688 vim
1119 3633 1378 3703 admissa,
1415 3636 1646 3692 crimine
1683 3646 1840 3692 vacat
1870 3657 1886 3693 ς

312 3735 474 3796 atque
510 3727 707 3782 ancilla
739 3725 781 3780 si
817 3727 926 3781 vim
956 3727 1192 3796 patiatur
1223 3745 1254 3784 a
1285 3728 1529 3795 domino,
1563 3730 1753 3785 insons
1783 3738 1887 3786 est.

380 3821 468 3875 52.
501 3821 602 3889 Qui
657 3822 878 3878 tertium
909 3820 1318 3880 matrimonium
1353 3825 1647 3888 contrahit,
1699 3835 1886 3880 contra

313 3912 462 3984 leges
506 3924 720 3986 peccat.
761 3914 930 3970 Prout
977 3927 1158 3972 autem
1211 3916 1480 3993 Ecclesia;-
1507 3933 1592 3972 res
1633 3934 1780 3973 nunc
1831 3934 1890 3974 se

314 4006 540 4070 habent,
589 4007 852 4073 ejusmodi
907 4007 1170 4072 facinora,
1222 4009 1267 4063 si
1303 4025 1412 4064 non
1456 4010 1669 4080 publice
1705 4011 1889 4066 tradu-

314 4109 528 4164 cantur,
557 4099 818 4156 dissoluta
853 4099 1225 4169 fornicatione
1249 4101 1609 4157 tolerabiliora
1635 4104 1890 4174 judican-

315 4193 424 4240 ιω..
740 4260 990 4330 Ejusdem
1021 4245 1244 4331 epistola
1279 4265 1456 4319 tertia.

388 4368 438 4424 l.
475 4369 671 4426 Clerici
704 4373 797 4442 qui
834 4373 886 4427 in
919 4374 1175 4430 delictum
1211 4376 1482 4443 incidunt,
1509 4378 1766 4450 gradibus
1787 4380 1887 4436 de-

307 4461 594 4532 jiciuntur,
623 4465 738 4520 sive
776 4466 1107 4534 ministrent,
1131 4469 1244 4525 sive
1275 4470 1508 4526 ordinati
1542 4472 1668 4527 sint.

2065 3361 2129 3416 λ’.
2186 3359 2246 3413 'll
2293 3360 2425 3431 παρ’
2465 3359 2658 3432 ἀνδρὸς
2698 3361 2986 3432 ἀφεθεῖσα,
3035 3361 3243 3430 μενέτω
3278 3361 3481 3424 οὕτως’
3523 3362 3576 3414 εί

1995 3451 2102 3520 γὰρ
2137 3453 2390 3523 μοιχᾶται
2427 3452 2567 3507 κατά
2595 3453 2685 3506 τὸν
2717 3455 2810 3508 τοῦ
2835 3455 3042 3527 Κυρίου
3096 3455 3276 3524 λόγον,
3304 3455 3402 3525 τῆς
3437 3454 3577 3525 πρὸς

2001 3545 2088 3598 ἓτε
2097 3561 2189 3612 ρον
2214 3545 2451 3599 κλείεται
2483 3547 2790 3610 κοινωνίας.
3543 3540 3545 3542 ’

2062 3636 2164 3693 λα’.
2205 3637 2386 3710 Φθορά
2418 3640 2918 3712 κατηναγκασμένη
2959 3641 3272 3707 ἀνεύθυνοςο
3298 3641 3392 3696 καὶ
3411 3641 3574 3713 δούλη

1996 3724 2295 3796 βιαζομένη
2335 3727 2487 3796 παρά
2510 3727 2796 3793 δεσπότου,
2829 3729 3145 3793 ἀνεύθυνος.

2065 3815 2165 3886 λβ’.
2220 3817 2277 3869 '0
2309 3816 2572 3888 τρίγαμος
2599 3818 2820 3889 ἄνομος·
2841 3820 2917 3885 ὼς
2946 3820 3003 3875 δὲ
3043 3821 3184 3893 ῥέπῃ
3215 3822 3315 3894 τῆς
3346 3821 3579 3893 Ἐκκλησ-

1994 3908 2118 3972 σίας
2163 3905 2232 3960 τά
2265 3908 2490 3961 τοιαῦτα
2541 3909 2872 3981 βλεπόμενα,
2912 3913 3299 3985 ἀστηλίτευτα,
3337 3915 3574 3986 κρείττω

1992 3999 2094 4070 τῆς
2123 3999 2416 4072 ἀνειμένης
2447 4002 2705 4073 πορνείας
2736 4005 3056 4075 κρινόμενα.

2343 4270 2459 4326 Τοῦ
2488 4272 2676 4326 αὐτοῦ
2711 4272 3008 4344 ἐπιστολὴ
3032 4275 3219 4344 τρίτη.

2057 4384 2126 4440 α’.
2187 4387 2249 4439 Οἱ
2309 4385 2564 4457 κληρικο¹ί¹
2623 4387 3106 4458 παραπίπτοντες,
3167 4390 3278 4444 τῶν
3343 4389 3571 4461 βαθμῶν

1989 4477 2431 4545 ἀποπίπτουσιν,
2495 4478 2604 4532 εἴτε
2680 4480 3029 4550 ὑπηρετῶσιν
3092 4480 3204 4535 εἴτε
3262 4483 3566 4552 κεχειροτό-

1832 4586 1844 4600 ⁶
1910 4564 1963 4624 1)
1989 4587 2204 4640 νηνται.

379 4643 433 4696 2.
460 4641 590 4707 Qua:
649 4642 820 4699 fetum
854 4646 1174 4718 neglexerit,
1209 4623 1496 4719 propterea
1519 4651 1664 4721 quod
1695 4651 1887 4708 amicis

2064 4661 2130 4733 β’.
2177 4662 2240 4715 Ἡ
2275 4663 2608 4734 ἀμελήσασα
2661 4663 2756 4716 τοῦ
2817 4665 3101 4734 κυήματος
3150 4665 3219 4718 δι’
3269 4664 3567 4735 ἐρημίανῆ

262 4768 265 4769 ν
308 4735 582 4805 rebusque
606 4736 674 4791 ad
707 4737 873 4816 vitam
899 4741 1220 4796 necessariis
1243 4741 1499 4798 destituta
1525 4745 1616 4810 sit,
1641 4745 1888 4800 criminis

2031 4754 2224 4826 πορίαν
2245 4755 2352 4808 τῶν
2387 4753 2732 4824 ἐπιτηδείων,
2773 4755 3086 4818 ἀνεύθυνος.

309 4842 508 4896 expers
535 4835 641 4883 est.
1300 4884 1306 4889 .

379 4918 434 4971 5.
469 4915 590 4972 Non
642 4934 893 4990 magnum
923 4923 1130 4978 crimen
1165 4934 1248 4979 est
1276 4927 1486 4982 ancillae
1523 4927 1722 4992 vidum,
1749 4929 1793 4985 si
1818 4931 1885 4987 ad

2059 4931 2128 5002 γ’.
2171 4932 2245 4984 Οὐ
2282 4930 2427 5001 μέγα
2462 4933 2712 5001 πταῖσμα
2738 4933 2804 5001 τῇ
2834 4931 2980 5002 χήρᾳ
3025 4930 3190 5003 δούλῃ
3221 4930 3359 5002 πρὸς
3387 4931 3568 4984 δεύτεο

308 5011 577 5066 sccundas
605 5011 826 5082 nuptias
869 5015 1113 5085 rapiatur
1145 5035 1158 5074 :
1192 5009 1440 5090 bigamiae
1492 5036 1621 5075 vero
1665 5037 1883 5091 poenam

2031 5041 2082 5077 ον
2110 5023 2290 5093 γάμον
2317 5023 2675 5095 ἁρπαζομένῃ
2697 5040 2712 5056 ·
2763 5023 2824 5076 τὸ
2853 5023 2910 5076 δὲ
2944 5026 3043 5092 τῆς
3073 5023 3338 5094 διγαμίας
3390 5026 3571 5078 ἐπιτί-

309 5105 540 5161 subibit.

377 5197 432 5252 4.
489 5197 896 5256 Homicidarum
941 5217 1138 5274 potum,
1205 5219 1304 5273 pro
1349 5206 1879 5266 circumstantiarum

307 5290 540 5358 ratione,
572 5302 842 5364 augentur
862 5303 960 5350 aut
995 5296 1340 5351 minuuntur.

378 5470 430 5523 5.
455 5469 807 5527 Voluntarius
831 5472 1100 5529 homicida
1125 5473 1309 5546 viginti
1339 5491 1514 5532 annos
1540 5479 1877 5549 pmnilentiae

307 5562 651 5633 subjiciatur.

376 5655 426 5709 6.
466 5655 872 5713 Involuntarius
898 5658 1086 5715 decem
1113 5676 1306 5717 annos.

379 5748 429 5802 7.
463 5747 705 5804 Mmchus
733 5750 1040 5820 quindecim
1069 5769 1258 5809 annos.

377 5841 428 5894 8.
469 5836 787 5895 Fornicator
817 5844 1185 5914 scpteunium.

1987 5134 2113 5188 μιον
2135 5117 2272 5181 ἔξει.
2987 5135 2990 5139 ‘

2053 5208 2115 5264 δ’.
2159 5211 2281 5264 Τῶν
2306 5209 2591 5281 φονώντων
2637 5211 2748 5283 [ιον.
2788 5210 3148 5284 φονευόντων]
3173 5211 3240 5264 τά
3287 5210 3562 5278 ἐπιτίμια,

1983 5303 2126 5358 κατά
2177 5303 2241 5357 τὸ
2299 5304 2496 5375 ἰδίωμα
2549 5304 2652 5374 τῆς
2706 5305 3084 5374 περιστάσεως
3130 5303 3482 5365 ἐπιτείνεται,
3528 5302 3561 5368 ἢ

1983 5399 2222 5469 ὑφίεται.

2054 5493 2135 5542 ε’.·
2161 5488 2218 5541 '0
2245 5487 2492 5553 ἑκούσιος
2509 5489 2798 5559 φονευτὴς,
2819 5488 3165 5546 είκοσαετίαν
3181 5481 3560 5542 ὑποπιπτέτω.

2053 5673 2126 5732 ς’.
2176 5668 2232 5722 Ὀ
2260 5665 2515 5732 ἀκούσιος
2543 5666 2854 5722 δεκαετίαν.

2056 5759 2120 5821 ζ’.
2162 5760 2220 5812 '0
2255 5758 2460 5829 μοιχὸς.
2491 5757 3058 5815 πεντεκαιδεκαετίαν.

2055 5847 2122 5918 η’.
2171 5851 2227 5902 Ὀ
2256 5849 2472 5922 πόρνος,
2507 5850 2817 5905 ἑπταετίαν.
