  <div class='ocr_page' id='page_1' title='image "/cluster/home/n/w/nwhite01/storage/ocr_20150623/114/hvd.32044019208123/144.png"; bbox 0 0 3868 6456; ppageno 0'>
   <div class='ocr_carea' id='block_1_1' title="bbox 215 382 323 455">
    <p class='ocr_par' dir='ltr' id='par_1_1' title="bbox 215 382 323 455">
     <span class='ocr_line' id='line_1_1' title="bbox 215 382 323 455; baseline -0.028 -1"><span class='ocrx_word' id='word_1_1' title='bbox 215 382 323 455; x_wconf 81' lang='lat'><strong>281</strong></span> 
     </span>
    </p>
   </div>
   <div class='ocr_carea' id='block_1_2' title="bbox 1455 387 2232 453">
    <p class='ocr_par' dir='ltr' id='par_1_2' title="bbox 1455 387 2232 453">
     <span class='ocr_line' id='line_1_2' title="bbox 1455 387 2232 453; baseline 0.004 -4"><span class='ocrx_word' id='word_1_2' title='bbox 1455 387 1798 452; x_wconf 82' lang='lat' dir='ltr'><strong>EPITOME</strong></span> <span class='ocrx_word' id='word_1_3' title='bbox 1837 391 2232 453; x_wconf 81' lang='lat' dir='ltr'><strong>CANONUM.</strong></span> 
     </span>
    </p>
   </div>
   <div class='ocr_carea' id='block_1_3' title="bbox 3373 385 3481 448">
    <p class='ocr_par' dir='ltr' id='par_1_3' title="bbox 3373 385 3481 448">
     <span class='ocr_line' id='line_1_3' title="bbox 3373 385 3481 448; baseline -0.019 0"><span class='ocrx_word' id='word_1_4' title='bbox 3373 385 3481 448; x_wconf 78' lang='lat'><strong>28?.</strong></span> 
     </span>
    </p>
   </div>
   <div class='ocr_carea' id='block_1_4' title="bbox 297 501 1811 578">
    <p class='ocr_par' dir='ltr' id='par_1_4' title="bbox 297 501 1802 577">
     <span class='ocr_line' id='line_1_4' title="bbox 297 501 1802 577; baseline -0.003 -15"><span class='ocrx_word' id='word_1_5' title='bbox 297 508 363 562; x_wconf 84' lang='grc' dir='ltr'><strong>θ’.</strong></span> <span class='ocrx_word' id='word_1_6' title='bbox 394 507 462 560; x_wconf 81' lang='lat' dir='ltr'><strong>At</strong></span> <span class='ocrx_word' id='word_1_7' title='bbox 483 505 935 577; x_wconf 86' lang='grc' dir='ltr'>παραπίπτουσαι</span> <span class='ocrx_word' id='word_1_8' title='bbox 960 501 1112 574; x_wconf 83' lang='grc' dir='ltr'>,μετά</span> <span class='ocrx_word' id='word_1_9' title='bbox 1143 501 1241 573; x_wconf 73' lang='grc' dir='ltr'>τὴν</span> <span class='ocrx_word' id='word_1_10' title='bbox 1283 503 1573 574; x_wconf 80' lang='grc' dir='ltr'><strong>ὁμολογίαν</strong></span> <span class='ocrx_word' id='word_1_11' title='bbox 1601 505 1802 576; x_wconf 79' lang='grc' dir='ltr'>παρθέ-</span> 
     </span>
    </p>
   </div>
   <div class='ocr_carea' id='block_1_5' title="bbox 1943 501 3479 578">
    <p class='ocr_par' dir='ltr' id='par_1_5' title="bbox 1975 501 3479 578">
     <span class='ocr_line' id='line_1_5' title="bbox 1975 501 3479 578; baseline -0.003 -16"><span class='ocrx_word' id='word_1_12' title='bbox 1975 510 2028 563; x_wconf 89' lang='grc'>9.</span> <span class='ocrx_word' id='word_1_13' title='bbox 2064 506 2308 578; x_wconf 80' lang='lat' dir='ltr'><strong>Virgines</strong></span> <span class='ocrx_word' id='word_1_14' title='bbox 2338 513 2462 576; x_wconf 83' lang='lat' dir='ltr'><strong>post</strong></span> <span class='ocrx_word' id='word_1_15' title='bbox 2503 503 2894 575; x_wconf 78' lang='lat' dir='ltr'><strong>professionem</strong></span> <span class='ocrx_word' id='word_1_16' title='bbox 2936 505 3122 575; x_wconf 59' lang='lat' dir='ltr'><strong>lapse,</strong></span> <span class='ocrx_word' id='word_1_17' title='bbox 3168 501 3479 572; x_wconf 82' lang='lat' dir='ltr'><strong>quindecim</strong></span> 
     </span>
    </p>
   </div>
   <div class='ocr_carea' id='block_1_6' title="bbox 219 597 975 666">
    <p class='ocr_par' dir='ltr' id='par_1_6' title="bbox 219 597 975 666">
     <span class='ocr_line' id='line_1_6' title="bbox 219 597 975 666; baseline -0.005 -11"><span class='ocrx_word' id='word_1_18' title='bbox 219 617 330 666; x_wconf 79' lang='grc' dir='ltr'>νοι,</span> <span class='ocrx_word' id='word_1_19' title='bbox 361 600 541 662; x_wconf 81' lang='grc' dir='ltr'>πέντε,</span> <span class='ocrx_word' id='word_1_20' title='bbox 559 599 654 653; x_wconf 76' lang='grc' dir='ltr'><strong>καὶ</strong></span> <span class='ocrx_word' id='word_1_21' title='bbox 675 597 975 653; x_wconf 80' lang='grc' dir='ltr'><strong>δεκαετίαν.</strong></span> 
     </span>
    </p>
   </div>
   <div class='ocr_carea' id='block_1_7' title="bbox 303 687 1803 760">
    <p class='ocr_par' dir='ltr' id='par_1_7' title="bbox 303 687 1803 760">
     <span class='ocr_line' id='line_1_7' title="bbox 303 687 1803 760; baseline -0.004 -13"><span class='ocrx_word' id='word_1_22' title='bbox 303 689 354 747; x_wconf 84' lang='grc' dir='ltr'><strong>ι’.</strong></span> <span class='ocrx_word' id='word_1_23' title='bbox 398 691 460 746; x_wconf 82' lang='grc' dir='ltr'>Ὀ</span> <span class='ocrx_word' id='word_1_24' title='bbox 491 691 696 760; x_wconf 80' lang='grc' dir='ltr'><strong>κλέψας</strong></span> <span class='ocrx_word' id='word_1_25' title='bbox 731 689 1189 759; x_wconf 67' lang='grc' dir='ltr'>καὶμεταγνοὺς,</span> <span class='ocrx_word' id='word_1_26' title='bbox 1231 687 1499 753; x_wconf 75' lang='grc' dir='ltr'>ἐνιαυτὸν,</span> <span class='ocrx_word' id='word_1_27' title='bbox 1541 691 1632 742; x_wconf 71' lang='grc' dir='ltr'><strong>καὶ</strong></span> <span class='ocrx_word' id='word_1_28' title='bbox 1656 689 1803 759; x_wconf 78' lang='grc' dir='ltr'>ἐλεγ-</span> 
     </span>
    </p>
   </div>
   <div class='ocr_carea' id='block_1_8' title="bbox 220 783 1475 856">
    <p class='ocr_par' dir='ltr' id='par_1_8' title="bbox 220 783 1475 856">
     <span class='ocr_line' id='line_1_8' title="bbox 220 783 1475 856; baseline -0.002 -18"><span class='ocrx_word' id='word_1_29' title='bbox 220 783 380 856; x_wconf 71' lang='grc' dir='ltr'>χθεὶς</span> <span class='ocrx_word' id='word_1_30' title='bbox 417 784 497 849; x_wconf 85' lang='grc' dir='ltr'><strong>δὲ,</strong></span> <span class='ocrx_word' id='word_1_31' title='bbox 530 785 625 838; x_wconf 74' lang='grc' dir='ltr'><strong>καὶ</strong></span> <span class='ocrx_word' id='word_1_32' title='bbox 659 783 849 853; x_wconf 79' lang='grc' dir='ltr'>ἕτερον</span> <span class='ocrx_word' id='word_1_33' title='bbox 877 783 994 836; x_wconf 76' lang='grc' dir='ltr'>ἕνα.</span> <span class='ocrx_word' id='word_1_34' title='bbox 1472 783 1475 788; x_wconf 75' lang='grc'><em>’</em></span> 
     </span>
    </p>
   </div>
   <div class='ocr_carea' id='block_1_9' title="bbox 302 875 1344 948">
    <p class='ocr_par' dir='ltr' id='par_1_9' title="bbox 302 875 1344 948">
     <span class='ocr_line' id='line_1_9' title="bbox 302 875 1344 948; baseline 0.002 -18"><span class='ocrx_word' id='word_1_35' title='bbox 302 883 393 930; x_wconf 87' lang='grc' dir='ltr'>ια’.</span> <span class='ocrx_word' id='word_1_36' title='bbox 439 877 502 929; x_wconf 84' lang='grc'><strong>⁸0</strong></span> <span class='ocrx_word' id='word_1_37' title='bbox 527 877 930 947; x_wconf 84' lang='grc' dir='ltr'>ἀρσενοκοίτης,</span> <span class='ocrx_word' id='word_1_38' title='bbox 966 875 1042 939; x_wconf 85' lang='grc' dir='ltr'>ὡς</span> <span class='ocrx_word' id='word_1_39' title='bbox 1077 878 1106 930; x_wconf 91' lang='grc' dir='ltr'><strong>ό</strong></span> <span class='ocrx_word' id='word_1_40' title='bbox 1135 876 1344 948; x_wconf 86' lang='grc' dir='ltr'>μοιχός.</span> 
     </span>
    </p>
   </div>
   <div class='ocr_carea' id='block_1_10' title="bbox 299 969 1187 1040">
    <p class='ocr_par' dir='ltr' id='par_1_10' title="bbox 299 969 1187 1040">
     <span class='ocr_line' id='line_1_10' title="bbox 299 969 1187 1040; baseline -0.001 -17"><span class='ocrx_word' id='word_1_41' title='bbox 299 970 388 1040; x_wconf 84' lang='grc' dir='ltr'>ιβ’.</span> <span class='ocrx_word' id='word_1_42' title='bbox 435 969 493 1023; x_wconf 84' lang='grc' dir='ltr'>Ὀ</span> <span class='ocrx_word' id='word_1_43' title='bbox 522 969 934 1038; x_wconf 78' lang='grc' dir='ltr'>ἀλογευόμενος,</span> <span class='ocrx_word' id='word_1_44' title='bbox 964 969 1187 1037; x_wconf 82' lang='grc' dir='ltr'>ὁμοίως.</span> 
     </span>
    </p>
   </div>
   <div class='ocr_carea' id='block_1_11' title="bbox 302 1059 1116 1132">
    <p class='ocr_par' dir='ltr' id='par_1_11' title="bbox 302 1059 1116 1132">
     <span class='ocr_line' id='line_1_11' title="bbox 302 1059 1116 1132; baseline -0.001 -18"><span class='ocrx_word' id='word_1_45' title='bbox 302 1061 396 1130; x_wconf 89' lang='grc' dir='ltr'>ιγ’.</span> <span class='ocrx_word' id='word_1_46' title='bbox 441 1060 500 1114; x_wconf 85' lang='lat'><strong>&#39;0</strong></span> <span class='ocrx_word' id='word_1_47' title='bbox 529 1060 788 1132; x_wconf 74' lang='grc' dir='ltr'>ἐπίορκος</span> <span class='ocrx_word' id='word_1_48' title='bbox 809 1059 1116 1114; x_wconf 77' lang='grc' dir='ltr'><strong>δεκαετίαν.</strong></span> 
     </span>
    </p>
   </div>
   <div class='ocr_carea' id='block_1_12' title="bbox 306 1152 1576 1223">
    <p class='ocr_par' dir='ltr' id='par_1_12' title="bbox 306 1152 1576 1223">
     <span class='ocr_line' id='line_1_12' title="bbox 306 1152 1576 1223; baseline -0.002 -15"><span class='ocrx_word' id='word_1_49' title='bbox 306 1153 390 1209; x_wconf 87' lang='grc' dir='ltr'>ιδ’.</span> <span class='ocrx_word' id='word_1_50' title='bbox 430 1155 488 1208; x_wconf 86' lang='grc' dir='ltr'>Ὀ</span> <span class='ocrx_word' id='word_1_51' title='bbox 513 1153 646 1222; x_wconf 94' lang='grc' dir='ltr'>γόης</span> <span class='ocrx_word' id='word_1_52' title='bbox 674 1155 766 1207; x_wconf 77' lang='grc' dir='ltr'><strong>καὶ</strong></span> <span class='ocrx_word' id='word_1_53' title='bbox 794 1152 1109 1223; x_wconf 84' lang='grc' dir='ltr'>φαρμακδς,</span> <span class='ocrx_word' id='word_1_54' title='bbox 1143 1153 1220 1217; x_wconf 87' lang='grc' dir='ltr'>ὼς</span> <span class='ocrx_word' id='word_1_55' title='bbox 1252 1154 1281 1206; x_wconf 94' lang='grc' dir='ltr'><strong>ό</strong></span> <span class='ocrx_word' id='word_1_56' title='bbox 1312 1152 1576 1222; x_wconf 86' lang='grc' dir='ltr'><strong>φονεύων.</strong></span> 
     </span>
    </p>
   </div>
   <div class='ocr_carea' id='block_1_13' title="bbox 301 1245 1222 1317">
    <p class='ocr_par' dir='ltr' id='par_1_13' title="bbox 301 1245 1222 1317">
     <span class='ocr_line' id='line_1_13' title="bbox 301 1245 1222 1317; baseline 0.001 -18"><span class='ocrx_word' id='word_1_57' title='bbox 301 1246 384 1302; x_wconf 80' lang='grc' dir='ltr'>ιε’.</span> <span class='ocrx_word' id='word_1_58' title='bbox 436 1247 494 1299; x_wconf 85' lang='lat'><strong>&#39;0</strong></span> <span class='ocrx_word' id='word_1_59' title='bbox 528 1245 895 1317; x_wconf 88' lang='grc' dir='ltr'>τυμϐωρύχος</span> <span class='ocrx_word' id='word_1_60' title='bbox 917 1245 1222 1300; x_wconf 85' lang='grc' dir='ltr'>δεκαετίαν.</span> 
     </span>
    </p>
   </div>
   <div class='ocr_carea' id='block_1_14' title="bbox 300 1327 1417 1409">
    <p class='ocr_par' dir='ltr' id='par_1_14' title="bbox 300 1327 1417 1409">
     <span class='ocr_line' id='line_1_14' title="bbox 300 1327 1417 1409; baseline 0.004 -18"><span class='ocrx_word' id='word_1_61' title='bbox 300 1345 398 1402; x_wconf 82' lang='grc' dir='ltr'>ις’.</span> <span class='ocrx_word' id='word_1_62' title='bbox 445 1335 507 1390; x_wconf 87' lang='lat'><strong>&#39;0</strong></span> <span class='ocrx_word' id='word_1_63' title='bbox 529 1327 944 1408; x_wconf 76' lang='grc' dir='ltr'>ἀδελφόμικτος,</span> <span class='ocrx_word' id='word_1_64' title='bbox 975 1339 1050 1403; x_wconf 87' lang='grc' dir='ltr'>ὡς</span> <span class='ocrx_word' id='word_1_65' title='bbox 1075 1342 1104 1394; x_wconf 92' lang='grc' dir='ltr'><strong>ό</strong></span> <span class='ocrx_word' id='word_1_66' title='bbox 1126 1340 1417 1409; x_wconf 82' lang='grc' dir='ltr'>φονεύσας.</span> 
     </span>
    </p>
   </div>
   <div class='ocr_carea' id='block_1_15' title="bbox 302 1428 1808 1504">
    <p class='ocr_par' dir='ltr' id='par_1_15' title="bbox 302 1428 1808 1504">
     <span class='ocr_line' id='line_1_15' title="bbox 302 1428 1808 1504; baseline -0.001 -21"><span class='ocrx_word' id='word_1_67' title='bbox 302 1428 392 1494; x_wconf 79' lang='grc' dir='ltr'>ιζ’.</span> <span class='ocrx_word' id='word_1_68' title='bbox 445 1430 502 1484; x_wconf 88' lang='lat'><strong>&#39;0</strong></span> <span class='ocrx_word' id='word_1_69' title='bbox 561 1430 934 1504; x_wconf 82' lang='grc' dir='ltr'>ἀπειρημένος</span> <span class='ocrx_word' id='word_1_70' title='bbox 981 1433 1040 1486; x_wconf 84' lang='grc' dir='ltr'>ὲν</span> <span class='ocrx_word' id='word_1_71' title='bbox 1081 1433 1374 1504; x_wconf 69' lang='grc' dir='ltr'>συγγενείᾳ</span> <span class='ocrx_word' id='word_1_72' title='bbox 1431 1432 1632 1502; x_wconf 81' lang='grc' dir='ltr'>γάμος,</span> <span class='ocrx_word' id='word_1_73' title='bbox 1667 1428 1808 1484; x_wconf 87' lang='grc' dir='ltr'><strong>κατά</strong></span> 
     </span>
    </p>
   </div>
   <div class='ocr_carea' id='block_1_16' title="bbox 231 1522 1463 1591">
    <p class='ocr_par' dir='ltr' id='par_1_16' title="bbox 231 1522 1463 1591">
     <span class='ocr_line' id='line_1_16' title="bbox 231 1522 1463 1591; baseline 0.002 -18"><span class='ocrx_word' id='word_1_74' title='bbox 231 1522 443 1591; x_wconf 82' lang='grc' dir='ltr'>μοιχόν.</span> <span class='ocrx_word' id='word_1_75' title='bbox 487 1575 490 1578; x_wconf 85' lang='lat'><strong>.</strong></span> <span class='ocrx_word' id='word_1_76' title='bbox 1458 1522 1463 1526; x_wconf 72' lang='grc'><em>’</em></span> 
     </span>
    </p>
   </div>
   <div class='ocr_carea' id='block_1_17' title="bbox 305 1594 1806 1685">
    <p class='ocr_par' dir='ltr' id='par_1_17' title="bbox 305 1594 1806 1685">
     <span class='ocr_line' id='line_1_17' title="bbox 305 1594 1806 1685; baseline 0.001 -21"><span class='ocrx_word' id='word_1_77' title='bbox 305 1619 395 1682; x_wconf 86' lang='grc' dir='ltr'>ιη’.</span> <span class='ocrx_word' id='word_1_78' title='bbox 432 1612 490 1665; x_wconf 83' lang='grc' dir='ltr'><strong>ὐ</strong></span> <span class='ocrx_word' id='word_1_79' title='bbox 514 1612 830 1685; x_wconf 79' lang='grc' dir='ltr'>πρὸγάμου</span> <span class='ocrx_word' id='word_1_80' title='bbox 869 1594 1252 1668; x_wconf 78' lang='grc' dir='ltr'>συναλλάσσων</span> <span class='ocrx_word' id='word_1_81' title='bbox 1287 1615 1640 1682; x_wconf 84' lang='grc' dir='ltr'>ἀναγνώστης</span> <span class='ocrx_word' id='word_1_82' title='bbox 1669 1629 1806 1683; x_wconf 85' lang='grc' dir='ltr'>μνη-</span> 
     </span>
    </p>
   </div>
   <div class='ocr_carea' id='block_1_18' title="bbox 233 1705 1806 1780">
    <p class='ocr_par' dir='ltr' id='par_1_18' title="bbox 233 1705 1806 1780">
     <span class='ocr_line' id='line_1_18' title="bbox 233 1705 1806 1780; baseline 0.002 -24"><span class='ocrx_word' id='word_1_83' title='bbox 233 1709 369 1776; x_wconf 82' lang='grc' dir='ltr'>στῇ,</span> <span class='ocrx_word' id='word_1_84' title='bbox 436 1705 646 1775; x_wconf 84' lang='grc' dir='ltr'>μενέτω</span> <span class='ocrx_word' id='word_1_85' title='bbox 675 1705 1031 1778; x_wconf 81' lang='grc' dir='ltr'>ἀναγνώστης</span> <span class='ocrx_word' id='word_1_86' title='bbox 1080 1707 1420 1780; x_wconf 88' lang='grc' dir='ltr'>ἀπρόκοπος.</span> <span class='ocrx_word' id='word_1_87' title='bbox 1453 1706 1806 1776; x_wconf 75' lang='grc' dir='ltr'>Κλεψίγαμος</span> 
     </span>
    </p>
   </div>
   <div class='ocr_carea' id='block_1_19' title="bbox 225 1795 1616 1856">
    <p class='ocr_par' dir='ltr' id='par_1_19' title="bbox 225 1795 1616 1856">
     <span class='ocr_line' id='line_1_19' title="bbox 225 1795 1616 1856; baseline 0.006 -6"><span class='ocrx_word' id='word_1_88' title='bbox 225 1796 286 1850; x_wconf 81' lang='grc' dir='ltr'>δὲ</span> <span class='ocrx_word' id='word_1_89' title='bbox 309 1797 664 1856; x_wconf 87' lang='grc' dir='ltr'>άπωθείσθω.</span> <span class='ocrx_word' id='word_1_90' title='bbox 1613 1795 1616 1798; x_wconf 49' lang='grc'><strong>’</strong></span> 
     </span>
    </p>
   </div>
   <div class='ocr_carea' id='block_1_20' title="bbox 229 2072 1810 2144">
    <p class='ocr_par' dir='ltr' id='par_1_20' title="bbox 229 2072 1810 2144">
     <span class='ocr_line' id='line_1_20' title="bbox 229 2072 1810 2144; baseline -0.001 -18"><span class='ocrx_word' id='word_1_91' title='bbox 229 2090 317 2126; x_wconf 91' lang='grc' dir='ltr'><strong>σιν</strong></span> <span class='ocrx_word' id='word_1_92' title='bbox 348 2072 692 2143; x_wconf 82' lang='grc' dir='ltr'>ἀμαρτῆσαι,</span> <span class='ocrx_word' id='word_1_93' title='bbox 722 2073 826 2144; x_wconf 82' lang='grc' dir='ltr'>τῆς</span> <span class='ocrx_word' id='word_1_94' title='bbox 870 2072 1219 2144; x_wconf 78' lang='grc' dir='ltr'>λειτουργίας</span> <span class='ocrx_word' id='word_1_95' title='bbox 1256 2072 1567 2144; x_wconf 80' lang='grc' dir='ltr'>εἰρχθέντες</span> <span class='ocrx_word' id='word_1_96' title='bbox 1616 2089 1810 2132; x_wconf 85' lang='grc' dir='ltr'>κοινω-</span> 
     </span>
    </p>
   </div>
   <div class='ocr_carea' id='block_1_21' title="bbox 230 2165 1111 2220">
    <p class='ocr_par' dir='ltr' id='par_1_21' title="bbox 230 2165 1111 2220">
     <span class='ocr_line' id='line_1_21' title="bbox 230 2165 1111 2220; baseline 0.002 -2"><span class='ocrx_word' id='word_1_97' title='bbox 230 2183 286 2218; x_wconf 84' lang='grc' dir='ltr'><strong>νε</strong></span> <span class='ocrx_word' id='word_1_98' title='bbox 297 2165 522 2220; x_wconf 87' lang='grc' dir='ltr'>ίτωσαν.</span> <span class='ocrx_word' id='word_1_99' title='bbox 1101 2185 1111 2191; x_wconf 82' lang='grc'><strong><em>“</em></strong></span> 
     </span>
    </p>
   </div>
   <div class='ocr_carea' id='block_1_22' title="bbox 302 2257 1814 2331">
    <p class='ocr_par' dir='ltr' id='par_1_22' title="bbox 302 2257 1814 2331">
     <span class='ocr_line' id='line_1_22' title="bbox 302 2257 1814 2331; baseline 0.001 -21"><span class='ocrx_word' id='word_1_100' title='bbox 302 2263 372 2314; x_wconf 88' lang='grc' dir='ltr'><strong>κ’.</strong></span> <span class='ocrx_word' id='word_1_101' title='bbox 421 2258 479 2312; x_wconf 88' lang='grc'><strong>’0</strong></span> <span class='ocrx_word' id='word_1_102' title='bbox 504 2260 863 2328; x_wconf 85' lang='grc' dir='ltr'>συνεγνωκὼς</span> <span class='ocrx_word' id='word_1_103' title='bbox 886 2257 1260 2331; x_wconf 77' lang='grc' dir='ltr'>ἐκάστφ,·καὶ</span> <span class='ocrx_word' id='word_1_104' title='bbox 1305 2257 1702 2327; x_wconf 80' lang='grc' dir='ltr'>ἀποκρύπτων,</span> <span class='ocrx_word' id='word_1_105' title='bbox 1751 2257 1814 2312; x_wconf 81' lang='grc' dir='ltr'>τὸ</span> 
     </span>
    </p>
   </div>
   <div class='ocr_carea' id='block_1_23' title="bbox 234 2339 1544 2424">
    <p class='ocr_par' dir='ltr' id='par_1_23' title="bbox 234 2339 1544 2424">
     <span class='ocr_line' id='line_1_23' title="bbox 234 2339 1544 2424; baseline 0.009 -22"><span class='ocrx_word' id='word_1_106' title='bbox 234 2351 350 2404; x_wconf 84' lang='grc' dir='ltr'>ἴσον</span> <span class='ocrx_word' id='word_1_107' title='bbox 366 2352 780 2424; x_wconf 73' lang='grc' dir='ltr'>ὲπιτετίμηται.</span> <span class='ocrx_word' id='word_1_108' title='bbox 1531 2339 1544 2394; x_wconf 48' lang='grc' dir='ltr'>ί</span> 
     </span>
    </p>
   </div>
   <div class='ocr_carea' id='block_1_24' title="bbox 197 2443 1718 2520">
    <p class='ocr_par' dir='ltr' id='par_1_24' title="bbox 197 2443 1718 2520">
     <span class='ocr_line' id='line_1_24' title="bbox 197 2443 1718 2520; baseline 0.003 -24"><span class='ocrx_word' id='word_1_109' title='bbox 197 2493 202 2496; x_wconf 87' lang='grc'><strong>.</strong></span> <span class='ocrx_word' id='word_1_110' title='bbox 303 2450 411 2500; x_wconf 89' lang='grc' dir='ltr'>κα’.</span> <span class='ocrx_word' id='word_1_111' title='bbox 459 2443 518 2498; x_wconf 91' lang='lat'><strong>&#39;0</strong></span> <span class='ocrx_word' id='word_1_112' title='bbox 546 2445 984 2518; x_wconf 87' lang='grc' dir='ltr'>ἀρνησίχριστος,</span> <span class='ocrx_word' id='word_1_113' title='bbox 1014 2446 1104 2501; x_wconf 87' lang='grc' dir='ltr'><strong>διά</strong></span> <span class='ocrx_word' id='word_1_114' title='bbox 1135 2446 1250 2520; x_wconf 86' lang='grc' dir='ltr'>βίου</span> <span class='ocrx_word' id='word_1_115' title='bbox 1282 2446 1718 2519; x_wconf 84' lang='grc' dir='ltr'>μεταμελείσθω.</span> 
     </span>
    </p>
   </div>
   <div class='ocr_carea' id='block_1_25' title="bbox 302 2593 1813 2700">
    <p class='ocr_par' dir='ltr' id='par_1_25' title="bbox 302 2593 1813 2700">
     <span class='ocr_line' id='line_1_25' title="bbox 302 2593 1813 2700; baseline 0.001 -20"><span class='ocrx_word' id='word_1_116' title='bbox 302 2627 410 2698; x_wconf 79' lang='grc' dir='ltr'>κβ’.</span> <span class='ocrx_word' id='word_1_117' title='bbox 439 2627 554 2681; x_wconf 88' lang='grc' dir='ltr'>Ούκ</span> <span class='ocrx_word' id='word_1_118' title='bbox 587 2627 812 2683; x_wconf 87' lang='grc' dir='ltr'>εῐσεισιν</span> <span class='ocrx_word' id='word_1_119' title='bbox 845 2628 927 2693; x_wconf 85' lang='grc' dir='ltr'><strong>είς</strong></span> <span class='ocrx_word' id='word_1_120' title='bbox 961 2627 1109 2694; x_wconf 75' lang='grc' dir='ltr'>ναὸν,</span> <span class='ocrx_word' id='word_1_121' title='bbox 1139 2629 1168 2682; x_wconf 91' lang='grc' dir='ltr'><strong>ό</strong></span> <span class='ocrx_word' id='word_1_122' title='bbox 1207 2593 1468 2700; x_wconf 61' lang='grc' dir='ltr'>ἀδελφῇἥ</span> <span class='ocrx_word' id='word_1_123' title='bbox 1498 2627 1684 2700; x_wconf 81' lang='grc' dir='ltr'>νύμφῃ</span> <span class='ocrx_word' id='word_1_124' title='bbox 1717 2644 1813 2698; x_wconf 82' lang='grc' dir='ltr'>με·</span> 
     </span>
    </p>
   </div>
   <div class='ocr_carea' id='block_1_26' title="bbox 235 2719 1810 2794">
    <p class='ocr_par' dir='ltr' id='par_1_26' title="bbox 235 2719 1810 2794">
     <span class='ocr_line' id='line_1_26' title="bbox 235 2719 1810 2794; baseline 0.001 -21"><span class='ocrx_word' id='word_1_125' title='bbox 235 2719 561 2791; x_wconf 70' lang='grc' dir='ltr'>μιασμινος.</span> <span class='ocrx_word' id='word_1_126' title='bbox 593 2721 866 2785; x_wconf 81' lang='grc' dir='ltr'>Ἀποστάς</span> <span class='ocrx_word' id='word_1_127' title='bbox 890 2722 1074 2792; x_wconf 86' lang='grc' dir='ltr'>μέντοι</span> <span class='ocrx_word' id='word_1_128' title='bbox 1094 2721 1187 2776; x_wconf 77' lang='grc' dir='ltr'><strong>ἐπὶ</strong></span> <span class='ocrx_word' id='word_1_129' title='bbox 1207 2721 1447 2794; x_wconf 89' lang='grc' dir='ltr'>τριετίαν</span> <span class='ocrx_word' id='word_1_130' title='bbox 1466 2721 1810 2792; x_wconf 89' lang='grc' dir='ltr'>προσκλαίοι,</span> 
     </span>
    </p>
   </div>
   <div class='ocr_carea' id='block_1_27' title="bbox 231 2809 1008 2878">
    <p class='ocr_par' dir='ltr' id='par_1_27' title="bbox 231 2809 1008 2878">
     <span class='ocr_line' id='line_1_27' title="bbox 231 2809 1008 2878; baseline 0.005 -13"><span class='ocrx_word' id='word_1_131' title='bbox 231 2811 330 2866; x_wconf 83' lang='grc' dir='ltr'>καὶ</span> <span class='ocrx_word' id='word_1_132' title='bbox 358 2811 609 2878; x_wconf 77' lang='grc' dir='ltr'>ἑξαετίαν</span> <span class='ocrx_word' id='word_1_133' title='bbox 631 2809 1008 2871; x_wconf 74' lang='grc' dir='ltr'>ὑποπιπτέτω.</span> 
     </span>
    </p>
   </div>
   <div class='ocr_carea' id='block_1_28' title="bbox 307 2992 1810 3068">
    <p class='ocr_par' dir='ltr' id='par_1_28' title="bbox 307 2992 1810 3068">
     <span class='ocr_line' id='line_1_28' title="bbox 307 2992 1810 3068; baseline 0.001 -20"><span class='ocrx_word' id='word_1_134' title='bbox 307 2992 416 3062; x_wconf 83' lang='grc' dir='ltr'>κγ’.</span> <span class='ocrx_word' id='word_1_135' title='bbox 467 2994 526 3048; x_wconf 85' lang='grc' dir='ltr'>Ὀ</span> <span class='ocrx_word' id='word_1_136' title='bbox 577 2993 676 3065; x_wconf 80' lang='grc' dir='ltr'>τὴν</span> <span class='ocrx_word' id='word_1_137' title='bbox 707 2994 862 3048; x_wconf 86' lang='grc' dir='ltr'>,ίδίαν</span> <span class='ocrx_word' id='word_1_138' title='bbox 894 2995 1074 3065; x_wconf 71' lang='grc' dir='ltr'>ἀφεὶς,</span> <span class='ocrx_word' id='word_1_139' title='bbox 1133 2995 1230 3051; x_wconf 73' lang='grc' dir='ltr'><strong>καὶ</strong></span> <span class='ocrx_word' id='word_1_140' title='bbox 1267 2995 1560 3068; x_wconf 88' lang='grc' dir='ltr'>λαμϐάνων</span> <span class='ocrx_word' id='word_1_141' title='bbox 1593 2996 1810 3066; x_wconf 73' lang='grc' dir='ltr'>ἑτέραν,</span> 
     </span>
    </p>
   </div>
   <div class='ocr_carea' id='block_1_29' title="bbox 234 3085 1281 3158">
    <p class='ocr_par' dir='ltr' id='par_1_29' title="bbox 234 3085 1281 3158">
     <span class='ocr_line' id='line_1_29' title="bbox 234 3085 1281 3158; baseline 0.005 -18"><span class='ocrx_word' id='word_1_142' title='bbox 234 3088 428 3158; x_wconf 77' lang='grc' dir='ltr'>μοιχὸς</span> <span class='ocrx_word' id='word_1_143' title='bbox 449 3085 549 3154; x_wconf 83' lang='grc' dir='ltr'>ὣν,</span> <span class='ocrx_word' id='word_1_144' title='bbox 583 3088 878 3142; x_wconf 78' lang='grc' dir='ltr'>ἑπταετίαν</span> <span class='ocrx_word' id='word_1_145' title='bbox 904 3089 1281 3146; x_wconf 80' lang='grc' dir='ltr'>ὑποπιπτέτω.</span> 
     </span>
    </p>
   </div>
   <div class='ocr_carea' id='block_1_30' title="bbox 303 3181 1770 3259">
    <p class='ocr_par' dir='ltr' id='par_1_30' title="bbox 303 3181 1770 3259">
     <span class='ocr_line' id='line_1_30' title="bbox 303 3181 1770 3259; baseline 0.005 -25"><span class='ocrx_word' id='word_1_146' title='bbox 303 3181 404 3236; x_wconf 89' lang='grc' dir='ltr'>κδ’.</span> <span class='ocrx_word' id='word_1_147' title='bbox 451 3181 509 3236; x_wconf 89' lang='grc' dir='ltr'><strong>Ὅ</strong></span> <span class='ocrx_word' id='word_1_148' title='bbox 530 3184 596 3254; x_wconf 80' lang='grc' dir='ltr'>τῇ</span> <span class='ocrx_word' id='word_1_149' title='bbox 630 3183 876 3254; x_wconf 82' lang='grc' dir='ltr'>μητρυιᾷ</span> <span class='ocrx_word' id='word_1_150' title='bbox 907 3183 1118 3254; x_wconf 82' lang='grc' dir='ltr'>μανεὶς,</span> <span class='ocrx_word' id='word_1_151' title='bbox 1151 3184 1228 3248; x_wconf 85' lang='grc' dir='ltr'><strong>ὡς</strong></span> <span class='ocrx_word' id='word_1_152' title='bbox 1254 3187 1282 3238; x_wconf 88' lang='grc' dir='ltr'><strong>ό</strong></span> <span class='ocrx_word' id='word_1_153' title='bbox 1324 3186 1514 3256; x_wconf 77' lang='grc' dir='ltr'>μανεὶς</span> <span class='ocrx_word' id='word_1_154' title='bbox 1545 3184 1770 3259; x_wconf 79' lang='grc' dir='ltr'>ἀδελφῇ.</span> 
     </span>
    </p>
   </div>
   <div class='ocr_carea' id='block_1_31' title="bbox 304 3362 1816 3441">
    <p class='ocr_par' dir='ltr' id='par_1_31' title="bbox 304 3362 1816 3441">
     <span class='ocr_line' id='line_1_31' title="bbox 304 3362 1816 3441; baseline 0.002 -22"><span class='ocrx_word' id='word_1_155' title='bbox 304 3362 404 3419; x_wconf 84' lang='grc' dir='ltr'>κε’.</span> <span class='ocrx_word' id='word_1_156' title='bbox 441 3366 506 3419; x_wconf 82' lang='lat' dir='ltr'><strong>0i</strong></span> <span class='ocrx_word' id='word_1_157' title='bbox 532 3363 840 3436; x_wconf 82' lang='grc' dir='ltr'>πολύγαμοι</span> <span class='ocrx_word' id='word_1_158' title='bbox 860 3364 1190 3438; x_wconf 79' lang='grc' dir='ltr'>κτηνώδεις’</span> <span class='ocrx_word' id='word_1_159' title='bbox 1231 3364 1347 3422; x_wconf 89' lang='grc' dir='ltr'>ἀλλ’</span> <span class='ocrx_word' id='word_1_160' title='bbox 1375 3363 1468 3422; x_wconf 83' lang='grc' dir='ltr'><strong>οὖν</strong></span> <span class='ocrx_word' id='word_1_161' title='bbox 1496 3366 1637 3439; x_wconf 81' lang='grc' dir='ltr'><strong>μετά</strong></span> <span class='ocrx_word' id='word_1_162' title='bbox 1691 3384 1816 3441; x_wconf 89' lang='grc' dir='ltr'>τρι-</span> 
     </span>
    </p>
   </div>
   <div class='ocr_carea' id='block_1_32' title="bbox 231 3458 778 3528">
    <p class='ocr_par' dir='ltr' id='par_1_32' title="bbox 231 3458 778 3528">
     <span class='ocr_line' id='line_1_32' title="bbox 231 3458 778 3528; baseline 0.002 -17"><span class='ocrx_word' id='word_1_163' title='bbox 231 3459 388 3511; x_wconf 84' lang='grc' dir='ltr'>ετίαν</span> <span class='ocrx_word' id='word_1_164' title='bbox 412 3458 778 3528; x_wconf 81' lang='grc' dir='ltr'>δεχέσθωσαν.</span> 
     </span>
    </p>
   </div>
   <div class='ocr_carea' id='block_1_33' title="bbox 303 3550 1820 3624">
    <p class='ocr_par' dir='ltr' id='par_1_33' title="bbox 303 3550 1820 3624">
     <span class='ocr_line' id='line_1_33' title="bbox 303 3550 1820 3624; baseline 0.001 -19"><span class='ocrx_word' id='word_1_165' title='bbox 303 3557 416 3615; x_wconf 82' lang='grc' dir='ltr'>κς’.</span> <span class='ocrx_word' id='word_1_166' title='bbox 453 3552 516 3604; x_wconf 86' lang='lat' dir='ltr'><strong>Oi</strong></span> <span class='ocrx_word' id='word_1_167' title='bbox 540 3550 890 3622; x_wconf 89' lang='grc' dir='ltr'>παραϐάντες</span> <span class='ocrx_word' id='word_1_168' title='bbox 914 3550 1016 3624; x_wconf 79' lang='grc' dir='ltr'>τὴν</span> <span class='ocrx_word' id='word_1_169' title='bbox 1037 3551 1224 3608; x_wconf 84' lang='grc' dir='ltr'>πίστιν</span> <span class='ocrx_word' id='word_1_170' title='bbox 1245 3552 1334 3607; x_wconf 87' lang='grc' dir='ltr'><strong>διά</strong></span> <span class='ocrx_word' id='word_1_171' title='bbox 1363 3553 1634 3624; x_wconf 85' lang='grc' dir='ltr'>βασάνων.</span> <span class='ocrx_word' id='word_1_172' title='bbox 1655 3554 1820 3607; x_wconf 86' lang='grc' dir='ltr'>ὀκτα-</span> 
     </span>
    </p>
   </div>
   <div class='ocr_carea' id='block_1_34' title="bbox 231 3645 1815 3719">
    <p class='ocr_par' dir='ltr' id='par_1_34' title="bbox 231 3645 1815 3719">
     <span class='ocr_line' id='line_1_34' title="bbox 231 3645 1815 3719; baseline 0.003 -22"><span class='ocrx_word' id='word_1_173' title='bbox 231 3645 384 3698; x_wconf 80' lang='grc' dir='ltr'>ετίαν</span> <span class='ocrx_word' id='word_1_174' title='bbox 415 3645 900 3704; x_wconf 85' lang='grc' dir='ltr'>ύποπιπτέτωσαν.</span> <span class='ocrx_word' id='word_1_175' title='bbox 951 3647 1016 3701; x_wconf 85' lang='lat' dir='ltr'><strong>Ol</strong></span> <span class='ocrx_word' id='word_1_176' title='bbox 1061 3647 1121 3702; x_wconf 75' lang='grc' dir='ltr'>δὲ</span> <span class='ocrx_word' id='word_1_177' title='bbox 1161 3648 1522 3719; x_wconf 81' lang='grc' dir='ltr'>αὐθαιρέτως,</span> <span class='ocrx_word' id='word_1_178' title='bbox 1577 3647 1815 3703; x_wconf 87' lang='grc' dir='ltr'>δωδεκα-</span> 
     </span>
    </p>
   </div>
   <div class='ocr_carea' id='block_1_35' title="bbox 228 3733 400 3790">
    <p class='ocr_par' dir='ltr' id='par_1_35' title="bbox 228 3733 400 3790">
     <span class='ocr_line' id='line_1_35' title="bbox 228 3733 400 3790; baseline 0.029 -6"><span class='ocrx_word' id='word_1_179' title='bbox 228 3733 400 3790; x_wconf 86' lang='grc' dir='ltr'>ετίαν.</span> 
     </span>
    </p>
   </div>
   <div class='ocr_carea' id='block_1_36' title="bbox 303 3825 1814 3902">
    <p class='ocr_par' dir='ltr' id='par_1_36' title="bbox 303 3825 1814 3902">
     <span class='ocr_line' id='line_1_36' title="bbox 303 3825 1814 3902; baseline 0.005 -24"><span class='ocrx_word' id='word_1_180' title='bbox 303 3825 407 3890; x_wconf 77' lang='grc' dir='ltr'>κζ’.</span> <span class='ocrx_word' id='word_1_181' title='bbox 449 3827 508 3879; x_wconf 88' lang='grc' dir='ltr'>Ὀ</span> <span class='ocrx_word' id='word_1_182' title='bbox 540 3829 603 3880; x_wconf 80' lang='grc' dir='ltr'>ὲκ</span> <span class='ocrx_word' id='word_1_183' title='bbox 634 3825 757 3896; x_wconf 85' lang='grc' dir='ltr'>βίας</span> <span class='ocrx_word' id='word_1_184' title='bbox 779 3827 1140 3902; x_wconf 73' lang='grc' dir='ltr'>ἐπιορκήσας,</span> <span class='ocrx_word' id='word_1_185' title='bbox 1167 3829 1304 3901; x_wconf 87' lang='grc' dir='ltr'><strong>μετά</strong></span> <span class='ocrx_word' id='word_1_186' title='bbox 1328 3831 1574 3898; x_wconf 80' lang='grc' dir='ltr'>ἑξαετίαν</span> <span class='ocrx_word' id='word_1_187' title='bbox 1605 3831 1814 3898; x_wconf 71' lang='grc' dir='ltr'>δεκτός·</span> 
     </span>
    </p>
   </div>
   <div class='ocr_carea' id='block_1_37' title="bbox 232 3918 1451 4000">
    <p class='ocr_par' dir='ltr' id='par_1_37' title="bbox 232 3918 1451 4000">
     <span class='ocr_line' id='line_1_37' title="bbox 232 3918 1451 4000; baseline 0.01 -29"><span class='ocrx_word' id='word_1_188' title='bbox 232 3919 262 3971; x_wconf 86' lang='grc' dir='ltr'><strong>ό</strong></span> <span class='ocrx_word' id='word_1_189' title='bbox 284 3918 343 3973; x_wconf 71' lang='grc' dir='ltr'>δὲ</span> <span class='ocrx_word' id='word_1_190' title='bbox 377 3918 507 3974; x_wconf 79' lang='grc' dir='ltr'>ἀνευ</span> <span class='ocrx_word' id='word_1_191' title='bbox 529 3921 803 3993; x_wconf 82' lang='grc' dir='ltr'>ἀνάγκης,</span> <span class='ocrx_word' id='word_1_192' title='bbox 835 3922 977 4000; x_wconf 84' lang='grc' dir='ltr'><strong>μετά</strong></span> <span class='ocrx_word' id='word_1_193' title='bbox 1009 3923 1104 3978; x_wconf 90' lang='grc' dir='ltr'><strong>δύο</strong></span> <span class='ocrx_word' id='word_1_194' title='bbox 1131 3925 1228 3978; x_wconf 70' lang='grc' dir='ltr'><strong>καὶ</strong></span> <span class='ocrx_word' id='word_1_195' title='bbox 1250 3925 1406 3982; x_wconf 73' lang='grc' dir='ltr'>δέκα.</span> <span class='ocrx_word' id='word_1_196' title='bbox 1445 3965 1451 3971; x_wconf 89' lang='grc'><strong><em>-</em></strong></span> 
     </span>
    </p>
   </div>
   <div class='ocr_carea' id='block_1_38' title="bbox 303 4097 1812 4179">
    <p class='ocr_par' dir='ltr' id='par_1_38' title="bbox 303 4097 1812 4179">
     <span class='ocr_line' id='line_1_38' title="bbox 303 4097 1812 4179; baseline 0.005 -25"><span class='ocrx_word' id='word_1_197' title='bbox 303 4107 412 4172; x_wconf 89' lang='grc' dir='ltr'>κη’.</span> <span class='ocrx_word' id='word_1_198' title='bbox 446 4097 538 4172; x_wconf 80' lang='grc' dir='ltr'><strong>Μὴ</strong></span> <span class='ocrx_word' id='word_1_199' title='bbox 577 4103 754 4174; x_wconf 86' lang='grc' dir='ltr'>χρόνῳ</span> <span class='ocrx_word' id='word_1_200' title='bbox 780 4102 994 4176; x_wconf 77' lang='grc' dir='ltr'>κρίνῃς,</span> <span class='ocrx_word' id='word_1_201' title='bbox 1029 4104 1167 4159; x_wconf 88' lang='grc' dir='ltr'><strong>ἀλλά</strong></span> <span class='ocrx_word' id='word_1_202' title='bbox 1195 4105 1387 4178; x_wconf 87' lang='grc' dir='ltr'>τρόπῳ</span> <span class='ocrx_word' id='word_1_203' title='bbox 1433 4105 1501 4162; x_wconf 74' lang='grc' dir='ltr'>τὰ</span> <span class='ocrx_word' id='word_1_204' title='bbox 1524 4106 1777 4179; x_wconf 74' lang='grc' dir='ltr'>ἐπιτίμια</span> <span class='ocrx_word' id='word_1_205' title='bbox 1797 4123 1812 4138; x_wconf 76' lang='grc' dir='ltr'><strong>ο</strong></span> 
     </span>
    </p>
   </div>
   <div class='ocr_carea' id='block_1_39' title="bbox 231 4192 1814 4267">
    <p class='ocr_par' dir='ltr' id='par_1_39' title="bbox 231 4192 1814 4267">
     <span class='ocr_line' id='line_1_39' title="bbox 231 4192 1814 4267; baseline 0.006 -24"><span class='ocrx_word' id='word_1_206' title='bbox 231 4193 279 4243; x_wconf 83' lang='grc' dir='ltr'>εἰ</span> <span class='ocrx_word' id='word_1_207' title='bbox 319 4193 378 4244; x_wconf 85' lang='grc' dir='ltr'>δὲ</span> <span class='ocrx_word' id='word_1_208' title='bbox 407 4192 692 4262; x_wconf 78' lang='grc' dir='ltr'>ἐμμένωσι</span> <span class='ocrx_word' id='word_1_209' title='bbox 715 4194 835 4256; x_wconf 78' lang='grc' dir='ltr'>ταῖς</span> <span class='ocrx_word' id='word_1_210' title='bbox 860 4194 1183 4266; x_wconf 84' lang='grc' dir='ltr'>ἁμαρτίαις,</span> <span class='ocrx_word' id='word_1_211' title='bbox 1239 4196 1334 4251; x_wconf 71' lang='grc' dir='ltr'><strong>καὶ</strong></span> <span class='ocrx_word' id='word_1_212' title='bbox 1361 4196 1720 4267; x_wconf 85' lang='grc' dir='ltr'>ἀντιλέγοιεν,</span> <span class='ocrx_word' id='word_1_213' title='bbox 1749 4198 1814 4252; x_wconf 83' lang='grc' dir='ltr'><strong>σὺ</strong></span> 
     </span>
    </p>
   </div>
   <div class='ocr_carea' id='block_1_40' title="bbox 235 4275 1086 4357">
    <p class='ocr_par' dir='ltr' id='par_1_40' title="bbox 235 4275 1086 4357">
     <span class='ocr_line' id='line_1_40' title="bbox 235 4275 1086 4357; baseline 0.007 -22"><span class='ocrx_word' id='word_1_214' title='bbox 235 4283 380 4347; x_wconf 75' lang='grc' dir='ltr'>σῶζε</span> <span class='ocrx_word' id='word_1_215' title='bbox 410 4275 748 4353; x_wconf 78' lang='grc' dir='ltr'>τὴνόίκείαν</span> <span class='ocrx_word' id='word_1_216' title='bbox 769 4283 970 4357; x_wconf 84' lang='grc' dir='ltr'>ψυχήν.</span> <span class='ocrx_word' id='word_1_217' title='bbox 1083 4309 1086 4312; x_wconf 61' lang='grc'><strong>’</strong></span> 
     </span>
    </p>
   </div>
   <div class='ocr_carea' id='block_1_41' title="bbox 243 4397 1815 4478">
    <p class='ocr_par' dir='ltr' id='par_1_41' title="bbox 243 4397 1815 4478">
     <span class='ocr_line' id='line_1_41' title="bbox 243 4397 1815 4478; baseline 0.004 -27"><span class='ocrx_word' id='word_1_218' title='bbox 243 4398 309 4452; x_wconf 83' lang='grc' dir='ltr'><strong>Ἡ</strong></span> <span class='ocrx_word' id='word_1_219' title='bbox 347 4398 418 4478; x_wconf 60' lang='grc' dir='ltr'><strong>ἐν</strong></span> <span class='ocrx_word' id='word_1_220' title='bbox 438 4397 517 4478; x_wconf 73' lang='grc' dir='ltr'>τῷ</span> <span class='ocrx_word' id='word_1_221' title='bbox 540 4399 815 4478; x_wconf 65' lang='grc' dir='ltr'>Τρρύλλφ</span> <span class='ocrx_word' id='word_1_222' title='bbox 839 4398 949 4467; x_wconf 83' lang='grc' dir='ltr'>τῆς</span> <span class='ocrx_word' id='word_1_223' title='bbox 977 4403 1678 4478; x_wconf 54' lang='grc' dir='ltr'>Ιςωνιζτᾳχτινουξτόλεως</span> <span class='ocrx_word' id='word_1_224' title='bbox 1691 4403 1815 4472; x_wconf 76' lang='grc' dir='ltr'>ρξε’</span> 
     </span>
    </p>
   </div>
   <div class='ocr_carea' id='block_1_42' title="bbox 303 4469 1816 4596">
    <p class='ocr_par' dir='ltr' id='par_1_42' title="bbox 303 4469 1816 4596">
     <span class='ocr_line' id='line_1_42' title="bbox 303 4469 1816 4594; baseline 0.005 -73"><span class='ocrx_word' id='word_1_225' title='bbox 303 4469 426 4594; x_wconf 57' lang='grc' dir='ltr'><strong>ἓῶς</strong></span> <span class='ocrx_word' id='word_1_226' title='bbox 460 4469 562 4522; x_wconf 72' lang='grc' dir='ltr'><strong>ἐπὶ</strong></span> <span class='ocrx_word' id='word_1_227' title='bbox 591 4469 1021 4526; x_wconf 75' lang='grc' dir='ltr'>ἰουστινιανοῦ</span> <span class='ocrx_word' id='word_1_228' title='bbox 1049 4471 1158 4526; x_wconf 85' lang='grc' dir='ltr'>τοῦ</span> <span class='ocrx_word' id='word_1_229' title='bbox 1190 4469 1816 4543; x_wconf 58' lang='grc' dir='ltr'>Ῥινοτμήτουσὺκενι-</span> 
     </span>
     <span class='ocr_line' id='line_1_43' title="bbox 345 4556 526 4596; baseline 0.006 -2"><span class='ocrx_word' id='word_1_230' title='bbox 345 4556 526 4596; x_wconf 86' lang='grc' dir='ltr'>ουσα.</span> 
     </span>
    </p>
   </div>
   <div class='ocr_carea' id='block_1_43' title="bbox 304 4655 1815 4730">
    <p class='ocr_par' dir='ltr' id='par_1_43' title="bbox 304 4655 1815 4730">
     <span class='ocr_line' id='line_1_44' title="bbox 304 4655 1815 4730; baseline 0.003 -21"><span class='ocrx_word' id='word_1_231' title='bbox 304 4655 376 4711; x_wconf 87' lang='grc' dir='ltr'>α’.</span> <span class='ocrx_word' id='word_1_232' title='bbox 415 4657 484 4710; x_wconf 81' lang='grc' dir='ltr'><strong>Ἠ</strong></span> <span class='ocrx_word' id='word_1_233' title='bbox 508 4657 619 4710; x_wconf 83' lang='grc' dir='ltr'>τῶν</span> <span class='ocrx_word' id='word_1_234' title='bbox 649 4657 964 4712; x_wconf 87' lang='grc' dir='ltr'>ἀποστόλων</span> <span class='ocrx_word' id='word_1_235' title='bbox 1010 4658 1194 4723; x_wconf 88' lang='grc' dir='ltr'>πίστις</span> <span class='ocrx_word' id='word_1_236' title='bbox 1219 4659 1670 4730; x_wconf 86' lang='grc' dir='ltr'>ἀκαινοτόμητος.</span> <span class='ocrx_word' id='word_1_237' title='bbox 1703 4663 1815 4716; x_wconf 75' lang='grc' dir='ltr'>Καὶ</span> 
     </span>
    </p>
   </div>
   <div class='ocr_carea' id='block_1_44' title="bbox 234 4747 1815 4822">
    <p class='ocr_par' dir='ltr' id='par_1_44' title="bbox 234 4747 1815 4822">
     <span class='ocr_line' id='line_1_45' title="bbox 234 4747 1815 4822; baseline 0.004 -23"><span class='ocrx_word' id='word_1_238' title='bbox 234 4749 360 4819; x_wconf 58' lang='lat' dir='ltr'><strong>qs»</strong></span> <span class='ocrx_word' id='word_1_239' title='bbox 406 4747 616 4818; x_wconf 79' lang='grc' dir='ltr'>Νικαίᾳ</span> <span class='ocrx_word' id='word_1_240' title='bbox 665 4748 979 4821; x_wconf 84' lang='grc' dir='ltr'>ὁλόκληρος,</span> <span class='ocrx_word' id='word_1_241' title='bbox 1005 4751 1040 4820; x_wconf 73' lang='grc' dir='ltr'>ἢ</span> <span class='ocrx_word' id='word_1_242' title='bbox 1071 4751 1164 4804; x_wconf 76' lang='grc' dir='ltr'>τοῦ</span> <span class='ocrx_word' id='word_1_243' title='bbox 1210 4750 1420 4822; x_wconf 77' lang='grc' dir='ltr'>Ἀρείου</span> <span class='ocrx_word' id='word_1_244' title='bbox 1459 4753 1668 4821; x_wconf 84' lang='grc' dir='ltr'>δόγμα,</span> <span class='ocrx_word' id='word_1_245' title='bbox 1717 4753 1815 4822; x_wconf 88' lang='grc' dir='ltr'><strong>βα-</strong></span> 
     </span>
    </p>
   </div>
   <div class='ocr_carea' id='block_1_45' title="bbox 234 4837 1817 4914">
    <p class='ocr_par' dir='ltr' id='par_1_45' title="bbox 234 4837 1817 4914">
     <span class='ocr_line' id='line_1_46' title="bbox 234 4837 1817 4914; baseline 0.004 -24"><span class='ocrx_word' id='word_1_246' title='bbox 234 4839 408 4907; x_wconf 77' lang='grc' dir='ltr'>θμοὺς</span> <span class='ocrx_word' id='word_1_247' title='bbox 433 4837 657 4906; x_wconf 84' lang='grc' dir='ltr'>είσάγον</span> <span class='ocrx_word' id='word_1_248' title='bbox 674 4838 1051 4910; x_wconf 75' lang='grc' dir='ltr'>θεότητος,[διὰ</span> <span class='ocrx_word' id='word_1_249' title='bbox 1077 4841 1174 4894; x_wconf 81' lang='grc' dir='ltr'><strong>τοῦ</strong></span> <span class='ocrx_word' id='word_1_250' title='bbox 1198 4841 1486 4912; x_wconf 91' lang='grc' dir='ltr'>όμοουσίου</span> <span class='ocrx_word' id='word_1_251' title='bbox 1519 4843 1817 4914; x_wconf 81' lang='grc' dir='ltr'>κατέστρε-</span> 
     </span>
    </p>
   </div>
   <div class='ocr_carea' id='block_1_46' title="bbox 230 4930 1817 5007">
    <p class='ocr_par' dir='ltr' id='par_1_46' title="bbox 230 4930 1817 5007">
     <span class='ocr_line' id='line_1_47' title="bbox 230 4930 1817 5007; baseline 0.004 -25"><span class='ocrx_word' id='word_1_252' title='bbox 230 4931 355 4998; x_wconf 64' lang='grc' dir='ltr'>ψεν.</span> <span class='ocrx_word' id='word_1_253' title='bbox 398 4932 464 4983; x_wconf 82' lang='lat' dir='ltr'><strong>&#39;ll</strong></span> <span class='ocrx_word' id='word_1_254' title='bbox 491 4933 587 4983; x_wconf 76' lang='grc' dir='ltr'>ἐπὶ</span> <span class='ocrx_word' id='word_1_255' title='bbox 611 4930 888 5004; x_wconf 82' lang='grc' dir='ltr'>Θεοδώρου</span> <span class='ocrx_word' id='word_1_256' title='bbox 927 4931 1037 5005; x_wconf 58' lang='lat' dir='ltr'><strong>[Ion</strong></span> <span class='ocrx_word' id='word_1_257' title='bbox 1061 4933 1366 5007; x_wconf 85' lang='grc' dir='ltr'>Θεοδοσίου]</span> <span class='ocrx_word' id='word_1_258' title='bbox 1415 4934 1507 4989; x_wconf 78' lang='grc' dir='ltr'>τοῦ</span> <span class='ocrx_word' id='word_1_259' title='bbox 1557 4937 1817 5006; x_wconf 87' lang='grc' dir='ltr'>μεγίστου</span> 
     </span>
    </p>
   </div>
   <div class='ocr_carea' id='block_1_47' title="bbox 237 5019 1818 5097">
    <p class='ocr_par' dir='ltr' id='par_1_47' title="bbox 237 5019 1818 5097">
     <span class='ocr_line' id='line_1_48' title="bbox 237 5019 1818 5097; baseline 0.006 -23"><span class='ocrx_word' id='word_1_260' title='bbox 237 5023 455 5083; x_wconf 83' lang='grc' dir='ltr'>σύνοδος</span> <span class='ocrx_word' id='word_1_261' title='bbox 486 5024 909 5095; x_wconf 85' lang='grc' dir='ltr'>ἀπαράτρωτος,</span> <span class='ocrx_word' id='word_1_262' title='bbox 936 5026 968 5097; x_wconf 79' lang='grc' dir='ltr'>ἢ</span> <span class='ocrx_word' id='word_1_263' title='bbox 1003 5026 1357 5092; x_wconf 85' lang='grc' dir='ltr'>Μακεδόνιον,</span> <span class='ocrx_word' id='word_1_264' title='bbox 1381 5019 1568 5081; x_wconf 81' lang='grc' dir='ltr'>δοῦλον</span> <span class='ocrx_word' id='word_1_265' title='bbox 1590 5026 1818 5084; x_wconf 67' lang='grc' dir='ltr'>εἰπέντα</span> 
     </span>
    </p>
   </div>
   <div class='ocr_carea' id='block_1_48' title="bbox 234 5114 1814 5193">
    <p class='ocr_par' dir='ltr' id='par_1_48' title="bbox 234 5114 1814 5193">
     <span class='ocr_line' id='line_1_49' title="bbox 234 5114 1814 5193; baseline 0.006 -28"><span class='ocrx_word' id='word_1_266' title='bbox 234 5114 296 5166; x_wconf 73' lang='grc' dir='ltr'>τὸ</span> <span class='ocrx_word' id='word_1_267' title='bbox 325 5115 483 5181; x_wconf 84' lang='grc' dir='ltr'>ἆγιον</span> <span class='ocrx_word' id='word_1_268' title='bbox 543 5117 794 5186; x_wconf 76' lang='grc' dir='ltr'>Πνεῦμα,</span> <span class='ocrx_word' id='word_1_269' title='bbox 830 5116 1170 5189; x_wconf 82' lang='grc' dir='ltr'>καθῄρηκεν.</span> <span class='ocrx_word' id='word_1_270' title='bbox 1232 5119 1296 5172; x_wconf 77' lang='lat' dir='ltr'><strong>Ol</strong></span> <span class='ocrx_word' id='word_1_271' title='bbox 1370 5121 1461 5172; x_wconf 76' lang='grc' dir='ltr'><strong>ἐπὶ</strong></span> <span class='ocrx_word' id='word_1_272' title='bbox 1489 5119 1584 5174; x_wconf 82' lang='grc' dir='ltr'>τοῦ</span> <span class='ocrx_word' id='word_1_273' title='bbox 1617 5121 1814 5193; x_wconf 83' lang='grc' dir='ltr'>μικροῦ</span> 
     </span>
    </p>
   </div>
   <div class='ocr_carea' id='block_1_49' title="bbox 233 5208 1816 5280">
    <p class='ocr_par' dir='ltr' id='par_1_49' title="bbox 233 5208 1816 5280">
     <span class='ocr_line' id='line_1_50' title="bbox 233 5208 1816 5280; baseline 0.007 -23"><span class='ocrx_word' id='word_1_274' title='bbox 233 5208 521 5261; x_wconf 80' lang='grc' dir='ltr'>θεοδοσίου</span> <span class='ocrx_word' id='word_1_275' title='bbox 549 5209 630 5272; x_wconf 87' lang='grc' dir='ltr'><strong>είς</strong></span> <span class='ocrx_word' id='word_1_276' title='bbox 661 5211 897 5278; x_wconf 86' lang='grc' dir='ltr'>Ἔφεσον</span> <span class='ocrx_word' id='word_1_277' title='bbox 930 5211 1204 5276; x_wconf 90' lang='grc' dir='ltr'>συνιόντες</span> <span class='ocrx_word' id='word_1_278' title='bbox 1247 5212 1531 5280; x_wconf 87' lang='grc' dir='ltr'>διακόσιοι,</span> <span class='ocrx_word' id='word_1_279' title='bbox 1570 5215 1660 5266; x_wconf 80' lang='grc' dir='ltr'><strong>τὸν</strong></span> <span class='ocrx_word' id='word_1_280' title='bbox 1684 5217 1816 5268; x_wconf 81' lang='grc' dir='ltr'>ἀσεο</span> 
     </span>
    </p>
   </div>
   <div class='ocr_carea' id='block_1_50' title="bbox 235 5300 1818 5374">
    <p class='ocr_par' dir='ltr' id='par_1_50' title="bbox 235 5300 1818 5374">
     <span class='ocr_line' id='line_1_51' title="bbox 235 5300 1818 5374; baseline 0.006 -23"><span class='ocrx_word' id='word_1_281' title='bbox 235 5300 494 5354; x_wconf 72' lang='grc' dir='ltr'>ὅέστατον</span> <span class='ocrx_word' id='word_1_282' title='bbox 517 5302 834 5372; x_wconf 85' lang='grc' dir='ltr'>Νεστόριον.</span> <span class='ocrx_word' id='word_1_283' title='bbox 864 5302 1152 5374; x_wconf 77' lang='grc' dir='ltr'>ἄνθρωπον</span> <span class='ocrx_word' id='word_1_284' title='bbox 1191 5304 1394 5371; x_wconf 86' lang='grc' dir='ltr'>ίδικῶς,</span> <span class='ocrx_word' id='word_1_285' title='bbox 1427 5306 1523 5358; x_wconf 68' lang='grc' dir='ltr'><strong>καὶ</strong></span> <span class='ocrx_word' id='word_1_286' title='bbox 1556 5307 1687 5359; x_wconf 76' lang='grc' dir='ltr'>Θεὸν</span> <span class='ocrx_word' id='word_1_287' title='bbox 1721 5307 1818 5360; x_wconf 82' lang='grc' dir='ltr'>ἰδι-</span> 
     </span>
    </p>
   </div>
   <div class='ocr_carea' id='block_1_51' title="bbox 237 5393 1818 5470">
    <p class='ocr_par' dir='ltr' id='par_1_51' title="bbox 237 5393 1818 5470">
     <span class='ocr_line' id='line_1_52' title="bbox 237 5393 1818 5470; baseline 0.004 -24"><span class='ocrx_word' id='word_1_288' title='bbox 237 5393 347 5458; x_wconf 87' lang='grc' dir='ltr'>κῶς</span> <span class='ocrx_word' id='word_1_289' title='bbox 391 5395 620 5449; x_wconf 76' lang='grc' dir='ltr'>εἰπόντα</span> <span class='ocrx_word' id='word_1_290' title='bbox 676 5398 767 5450; x_wconf 82' lang='grc' dir='ltr'>τὸν</span> <span class='ocrx_word' id='word_1_291' title='bbox 807 5396 1012 5470; x_wconf 81' lang='grc' dir='ltr'>Κύριον</span> <span class='ocrx_word' id='word_1_292' title='bbox 1033 5399 1429 5465; x_wconf 68' lang='grc' dir='ltr'>ἐξελάσαντες.ι</span> <span class='ocrx_word' id='word_1_293' title='bbox 1458 5401 1520 5452; x_wconf 84' lang='grc' dir='ltr'>Οί</span> <span class='ocrx_word' id='word_1_294' title='bbox 1547 5400 1688 5453; x_wconf 87' lang='grc' dir='ltr'><strong>κατά</strong></span> <span class='ocrx_word' id='word_1_295' title='bbox 1718 5401 1818 5470; x_wconf 78' lang='grc' dir='ltr'><strong>τὴν</strong></span> 
     </span>
    </p>
   </div>
   <div class='ocr_carea' id='block_1_52' title="bbox 238 5487 1814 5562">
    <p class='ocr_par' dir='ltr' id='par_1_52' title="bbox 238 5487 1814 5562">
     <span class='ocr_line' id='line_1_53' title="bbox 238 5487 1814 5562; baseline 0.005 -24"><span class='ocrx_word' id='word_1_296' title='bbox 238 5487 559 5556; x_wconf 82' lang='grc' dir='ltr'>Καλχηδόνα</span> <span class='ocrx_word' id='word_1_297' title='bbox 585 5487 663 5558; x_wconf 84' lang='grc' dir='ltr'>τῷ</span> <span class='ocrx_word' id='word_1_298' title='bbox 688 5488 996 5560; x_wconf 81' lang='grc' dir='ltr'>Μαρκιανῷ</span> <span class='ocrx_word' id='word_1_299' title='bbox 1020 5490 1441 5556; x_wconf 87' lang='grc' dir='ltr'>συνεληλυθότες</span> <span class='ocrx_word' id='word_1_300' title='bbox 1471 5491 1814 5562; x_wconf 77' lang='grc' dir='ltr'>ἀείμνηστοι,</span> 
     </span>
    </p>
   </div>
   <div class='ocr_carea' id='block_1_53' title="bbox 238 5579 1817 5656">
    <p class='ocr_par' dir='ltr' id='par_1_53' title="bbox 238 5579 1817 5656">
     <span class='ocr_line' id='line_1_54' title="bbox 238 5579 1817 5656; baseline 0.004 -26"><span class='ocrx_word' id='word_1_301' title='bbox 238 5579 483 5649; x_wconf 78' lang='grc' dir='ltr'>Εὐτυχὲα</span> <span class='ocrx_word' id='word_1_302' title='bbox 527 5579 746 5653; x_wconf 83' lang='grc' dir='ltr'>δοκήσει</span> <span class='ocrx_word' id='word_1_303' title='bbox 800 5581 1120 5654; x_wconf 82' lang='grc' dir='ltr'>τελεσθῆναι</span> <span class='ocrx_word' id='word_1_304' title='bbox 1179 5583 1242 5637; x_wconf 84' lang='grc' dir='ltr'>τὸ</span> <span class='ocrx_word' id='word_1_305' title='bbox 1314 5584 1456 5654; x_wconf 84' lang='grc' dir='ltr'>μέγα</span> <span class='ocrx_word' id='word_1_306' title='bbox 1520 5585 1817 5656; x_wconf 89' lang='grc' dir='ltr'>μυστήριον</span> 
     </span>
    </p>
   </div>
   <div class='ocr_carea' id='block_1_54' title="bbox 238 5672 1816 5748">
    <p class='ocr_par' dir='ltr' id='par_1_54' title="bbox 238 5672 1816 5748">
     <span class='ocr_line' id='line_1_55' title="bbox 238 5672 1816 5748; baseline 0.003 -22"><span class='ocrx_word' id='word_1_307' title='bbox 238 5672 446 5741; x_wconf 78' lang='grc' dir='ltr'>φράσαι</span> <span class='ocrx_word' id='word_1_308' title='bbox 476 5672 826 5745; x_wconf 87' lang='grc' dir='ltr'>τολμήσαντα</span> <span class='ocrx_word' id='word_1_309' title='bbox 851 5675 1202 5741; x_wconf 77' lang='grc' dir='ltr'>καθελόντεςο</span> <span class='ocrx_word' id='word_1_310' title='bbox 1237 5677 1332 5731; x_wconf 75' lang='grc' dir='ltr'>καὶ</span> <span class='ocrx_word' id='word_1_311' title='bbox 1357 5677 1676 5748; x_wconf 87' lang='grc' dir='ltr'>Νεστόριον,</span> <span class='ocrx_word' id='word_1_312' title='bbox 1722 5679 1816 5732; x_wconf 76' lang='grc' dir='ltr'>καὶ</span> 
     </span>
    </p>
   </div>
   <div class='ocr_carea' id='block_1_55' title="bbox 236 5764 1811 5838">
    <p class='ocr_par' dir='ltr' id='par_1_55' title="bbox 236 5764 1811 5838">
     <span class='ocr_line' id='line_1_56' title="bbox 236 5764 1811 5838; baseline 0.005 -24"><span class='ocrx_word' id='word_1_313' title='bbox 236 5764 532 5834; x_wconf 79' lang='grc' dir='ltr'>Διόσκορον</span> <span class='ocrx_word' id='word_1_314' title='bbox 548 5764 673 5828; x_wconf 79' lang='grc' dir='ltr'>τοὺς</span> <span class='ocrx_word' id='word_1_315' title='bbox 696 5766 760 5819; x_wconf 86' lang='grc' dir='ltr'>ὲκ</span> <span class='ocrx_word' id='word_1_316' title='bbox 775 5765 1069 5838; x_wconf 81' lang='grc' dir='ltr'>διαμέτρου</span> <span class='ocrx_word' id='word_1_317' title='bbox 1085 5768 1153 5822; x_wconf 76' lang='grc' dir='ltr'>τὰ</span> <span class='ocrx_word' id='word_1_318' title='bbox 1174 5769 1264 5822; x_wconf 82' lang='grc' dir='ltr'><strong>ῐσα</strong></span> <span class='ocrx_word' id='word_1_319' title='bbox 1290 5767 1811 5838; x_wconf 81' lang='grc' dir='ltr'>παραληρὴσαντας·</span> 
     </span>
    </p>
   </div>
   <div class='ocr_carea' id='block_1_56' title="bbox 239 5856 1812 5932">
    <p class='ocr_par' dir='ltr' id='par_1_56' title="bbox 239 5856 1812 5932">
     <span class='ocr_line' id='line_1_57' title="bbox 239 5856 1812 5932; baseline 0.004 -22"><span class='ocrx_word' id='word_1_320' title='bbox 239 5859 316 5918; x_wconf 74' lang='grc' dir='ltr'><strong>είς</strong></span> <span class='ocrx_word' id='word_1_321' title='bbox 338 5856 440 5924; x_wconf 65' lang='grc' dir='ltr'>τήν</span> <span class='ocrx_word' id='word_1_322' title='bbox 469 5858 864 5928; x_wconf 79' lang='grc' dir='ltr'>βασιλεύουσαν</span> <span class='ocrx_word' id='word_1_323' title='bbox 893 5861 1056 5916; x_wconf 77' lang='grc' dir='ltr'>πέντε</span> <span class='ocrx_word' id='word_1_324' title='bbox 1088 5861 1183 5917; x_wconf 63' lang='grc' dir='ltr'><strong>καλ⁸</strong></span> <span class='ocrx_word' id='word_1_325' title='bbox 1216 5861 1480 5932; x_wconf 72' lang='grc' dir='ltr'>ἑξήκοντα</span> <span class='ocrx_word' id='word_1_326' title='bbox 1517 5863 1609 5916; x_wconf 71' lang='grc' dir='ltr'><strong>καὶ</strong></span> <span class='ocrx_word' id='word_1_327' title='bbox 1653 5869 1695 5932; x_wconf 88' lang='grc' dir='ltr'><strong>ρ’</strong></span> <span class='ocrx_word' id='word_1_328' title='bbox 1724 5864 1812 5917; x_wconf 69' lang='grc' dir='ltr'>ἐπὶ</span> 
     </span>
    </p>
   </div>
   <div class='ocr_carea' id='block_1_57' title="bbox 1841 3238 1888 3300">
    <p class='ocr_par' dir='ltr' id='par_1_57' title="bbox 1841 3238 1888 3300">
     <span class='ocr_line' id='line_1_58' title="bbox 1841 3238 1888 3300; baseline 0 0"><span class='ocrx_word' id='word_1_329' title='bbox 1841 3238 1888 3300; x_wconf 89' lang='lat' dir='ltr'><strong><em>C</em></strong></span> 
     </span>
    </p>
   </div>
   <div class='ocr_carea' id='block_1_58' title="bbox 1903 618 2100 657">
    <p class='ocr_par' dir='ltr' id='par_1_58' title="bbox 1903 618 2100 657">
     <span class='ocr_line' id='line_1_59' title="bbox 1903 618 2100 657; baseline 0.005 -1"><span class='ocrx_word' id='word_1_330' title='bbox 1903 618 2100 657; x_wconf 89' lang='lat' dir='ltr'><strong>annos.</strong></span> 
     </span>
    </p>
   </div>
   <div class='ocr_carea' id='block_1_59' title="bbox 1976 692 3483 764">
    <p class='ocr_par' dir='ltr' id='par_1_59' title="bbox 1976 692 3483 764">
     <span class='ocr_line' id='line_1_60' title="bbox 1976 692 3483 764; baseline -0.003 -15"><span class='ocrx_word' id='word_1_331' title='bbox 1976 693 2063 749; x_wconf 88' lang='grc'><strong>10.</strong></span> <span class='ocrx_word' id='word_1_332' title='bbox 2095 693 2196 761; x_wconf 88' lang='lat' dir='ltr'><strong>Qui</strong></span> <span class='ocrx_word' id='word_1_333' title='bbox 2228 693 2439 748; x_wconf 88' lang='lat' dir='ltr'><strong>furatus</strong></span> <span class='ocrx_word' id='word_1_334' title='bbox 2470 704 2555 748; x_wconf 90' lang='lat' dir='ltr'><strong>est</strong></span> <span class='ocrx_word' id='word_1_335' title='bbox 2597 709 2661 749; x_wconf 88' lang='lat' dir='ltr'><strong>ac</strong></span> <span class='ocrx_word' id='word_1_336' title='bbox 2685 693 2936 764; x_wconf 83' lang='lat' dir='ltr'><strong>resipuit,</strong></span> <span class='ocrx_word' id='word_1_337' title='bbox 2980 707 3184 746; x_wconf 85' lang='lat' dir='ltr'><strong>annum</strong></span> <span class='ocrx_word' id='word_1_338' title='bbox 3214 692 3483 764; x_wconf 73' lang='lat' dir='ltr'><strong>pmniten-</strong></span> 
     </span>
    </p>
   </div>
   <div class='ocr_carea' id='block_1_60' title="bbox 1906 788 3106 860">
    <p class='ocr_par' dir='ltr' id='par_1_60' title="bbox 1906 788 3106 860">
     <span class='ocr_line' id='line_1_61' title="bbox 1906 788 3106 860; baseline -0.003 -16"><span class='ocrx_word' id='word_1_339' title='bbox 1906 789 2033 845; x_wconf 90' lang='lat' dir='ltr'><strong>tiam</strong></span> <span class='ocrx_word' id='word_1_340' title='bbox 2063 797 2185 860; x_wconf 89' lang='lat' dir='ltr'><strong>agat</strong></span> <span class='ocrx_word' id='word_1_341' title='bbox 2215 806 2229 843; x_wconf 89' lang='lat'><strong>:</strong></span> <span class='ocrx_word' id='word_1_342' title='bbox 2261 789 2546 844; x_wconf 88' lang='lat' dir='ltr'><strong>convictus</strong></span> <span class='ocrx_word' id='word_1_343' title='bbox 2571 803 2720 850; x_wconf 87' lang='lat' dir='ltr'><strong>vero,</strong></span> <span class='ocrx_word' id='word_1_344' title='bbox 2747 788 2884 842; x_wconf 90' lang='lat' dir='ltr'><strong>duos</strong></span> <span class='ocrx_word' id='word_1_345' title='bbox 2909 801 3106 841; x_wconf 89' lang='lat' dir='ltr'><strong>annos.</strong></span> 
     </span>
    </p>
   </div>
   <div class='ocr_carea' id='block_1_61' title="bbox 1976 876 3235 934">
    <p class='ocr_par' dir='ltr' id='par_1_61' title="bbox 1976 876 3235 934">
     <span class='ocr_line' id='line_1_62' title="bbox 1976 876 3235 934; baseline -0.001 -3"><span class='ocrx_word' id='word_1_346' title='bbox 1976 879 2058 932; x_wconf 82' lang='grc'><strong>11.</strong></span> <span class='ocrx_word' id='word_1_347' title='bbox 2092 878 2451 934; x_wconf 84' lang='lat' dir='ltr'><strong>Masculorum</strong></span> <span class='ocrx_word' id='word_1_348' title='bbox 2487 878 2810 933; x_wconf 89' lang='lat' dir='ltr'><strong>concubitor</strong></span> <span class='ocrx_word' id='word_1_349' title='bbox 2835 876 2975 930; x_wconf 91' lang='lat' dir='ltr'><strong>sicut</strong></span> <span class='ocrx_word' id='word_1_350' title='bbox 3005 877 3235 930; x_wconf 88' lang='lat' dir='ltr'><strong>adulter.</strong></span> 
     </span>
    </p>
   </div>
   <div class='ocr_carea' id='block_1_62' title="bbox 1977 964 3462 1036">
    <p class='ocr_par' dir='ltr' id='par_1_62' title="bbox 1977 964 3462 1036">
     <span class='ocr_line' id='line_1_63' title="bbox 1977 964 3462 1036; baseline -0.004 -12"><span class='ocrx_word' id='word_1_351' title='bbox 1977 971 2064 1024; x_wconf 89' lang='grc'><strong>12.</strong></span> <span class='ocrx_word' id='word_1_352' title='bbox 2089 970 2189 1036; x_wconf 87' lang='lat' dir='ltr'><strong>Qui</strong></span> <span class='ocrx_word' id='word_1_353' title='bbox 2223 979 2411 1024; x_wconf 91' lang='lat' dir='ltr'><strong>contra</strong></span> <span class='ocrx_word' id='word_1_354' title='bbox 2439 969 2704 1024; x_wconf 89' lang='lat' dir='ltr'><strong>rationem</strong></span> <span class='ocrx_word' id='word_1_355' title='bbox 2731 976 2976 1023; x_wconf 89' lang='lat' dir='ltr'><strong>versatus</strong></span> <span class='ocrx_word' id='word_1_356' title='bbox 2999 975 3082 1021; x_wconf 90' lang='lat' dir='ltr'><strong>est</strong></span> <span class='ocrx_word' id='word_1_357' title='bbox 3102 964 3374 1022; x_wconf 70' lang='lat' dir='ltr'><strong>similiter.</strong></span> <span class='ocrx_word' id='word_1_358' title='bbox 3459 1002 3462 1007; x_wconf 90' lang='grc'><strong>-</strong></span> 
     </span>
    </p>
   </div>
   <div class='ocr_carea' id='block_1_63' title="bbox 1977 1067 2706 1137">
    <p class='ocr_par' dir='ltr' id='par_1_63' title="bbox 1977 1067 2706 1137">
     <span class='ocr_line' id='line_1_64' title="bbox 1977 1067 2706 1137; baseline -0.003 -15"><span class='ocrx_word' id='word_1_359' title='bbox 1977 1068 2067 1123; x_wconf 81' lang='grc'>1⁸5.</span> <span class='ocrx_word' id='word_1_360' title='bbox 2103 1067 2382 1137; x_wconf 64' lang='lat' dir='ltr'><strong>Periurus,</strong></span> <span class='ocrx_word' id='word_1_361' title='bbox 2419 1067 2706 1122; x_wconf 86' lang='lat' dir='ltr'><strong>decennio.</strong></span> 
     </span>
    </p>
   </div>
   <div class='ocr_carea' id='block_1_64' title="bbox 1977 1153 3234 1220">
    <p class='ocr_par' dir='ltr' id='par_1_64' title="bbox 1977 1153 3234 1220">
     <span class='ocr_line' id='line_1_65' title="bbox 1977 1153 3234 1220; baseline -0.003 -9"><span class='ocrx_word' id='word_1_362' title='bbox 1977 1157 2064 1212; x_wconf 74' lang='grc'>14.</span> <span class='ocrx_word' id='word_1_363' title='bbox 2091 1158 2404 1213; x_wconf 87' lang='lat' dir='ltr'><strong>lncantator</strong></span> <span class='ocrx_word' id='word_1_364' title='bbox 2432 1167 2488 1212; x_wconf 91' lang='lat' dir='ltr'><strong>et</strong></span> <span class='ocrx_word' id='word_1_365' title='bbox 2516 1155 2815 1220; x_wconf 80' lang='lat' dir='ltr'><strong>veneficus,</strong></span> <span class='ocrx_word' id='word_1_366' title='bbox 2856 1163 2914 1210; x_wconf 91' lang='lat' dir='ltr'><strong>ut</strong></span> <span class='ocrx_word' id='word_1_367' title='bbox 2939 1153 3234 1209; x_wconf 87' lang='lat' dir='ltr'><strong>homicida.</strong></span> 
     </span>
    </p>
   </div>
   <div class='ocr_carea' id='block_1_65' title="bbox 1981 1245 3204 1323">
    <p class='ocr_par' dir='ltr' id='par_1_65' title="bbox 1981 1245 3204 1323">
     <span class='ocr_line' id='line_1_66' title="bbox 1981 1245 3204 1323; baseline -0.005 -20"><span class='ocrx_word' id='word_1_368' title='bbox 1981 1249 2068 1304; x_wconf 85' lang='grc'>15.</span> <span class='ocrx_word' id='word_1_369' title='bbox 2097 1248 2204 1323; x_wconf 83' lang='lat' dir='ltr'><strong>Qui</strong></span> <span class='ocrx_word' id='word_1_370' title='bbox 2236 1249 2486 1317; x_wconf 86' lang='lat' dir='ltr'><strong>sepulcra</strong></span> <span class='ocrx_word' id='word_1_371' title='bbox 2519 1249 2882 1319; x_wconf 87' lang='lat' dir='ltr'><strong>depraedatur,</strong></span> <span class='ocrx_word' id='word_1_372' title='bbox 2917 1245 3204 1301; x_wconf 90' lang='lat' dir='ltr'><strong>decennio.</strong></span> 
     </span>
    </p>
   </div>
   <div class='ocr_carea' id='block_1_66' title="bbox 1980 1332 3310 1406">
    <p class='ocr_par' dir='ltr' id='par_1_66' title="bbox 1980 1332 3310 1406">
     <span class='ocr_line' id='line_1_67' title="bbox 1980 1332 3310 1406; baseline -0.008 -12"><span class='ocrx_word' id='word_1_373' title='bbox 1980 1342 2068 1396; x_wconf 83' lang='grc'>16.</span> <span class='ocrx_word' id='word_1_374' title='bbox 2099 1340 2202 1406; x_wconf 88' lang='lat' dir='ltr'><strong>Qui</strong></span> <span class='ocrx_word' id='word_1_375' title='bbox 2238 1356 2362 1395; x_wconf 90' lang='lat' dir='ltr'><strong>cum</strong></span> <span class='ocrx_word' id='word_1_376' title='bbox 2391 1355 2579 1394; x_wconf 87' lang='lat' dir='ltr'><strong>sorore</strong></span> <span class='ocrx_word' id='word_1_377' title='bbox 2606 1339 2890 1402; x_wconf 90' lang='lat' dir='ltr'><strong>miscetur,</strong></span> <span class='ocrx_word' id='word_1_378' title='bbox 2921 1346 2983 1390; x_wconf 88' lang='lat' dir='ltr'><strong>ut</strong></span> <span class='ocrx_word' id='word_1_379' title='bbox 3013 1332 3310 1389; x_wconf 83' lang='lat' dir='ltr'><strong>homicida.</strong></span> 
     </span>
    </p>
   </div>
   <div class='ocr_carea' id='block_1_67' title="bbox 1980 1423 3487 1508">
    <p class='ocr_par' dir='ltr' id='par_1_67' title="bbox 1980 1423 3487 1508">
     <span class='ocr_line' id='line_1_68' title="bbox 1980 1423 3487 1508; baseline -0.006 -24"><span class='ocrx_word' id='word_1_380' title='bbox 1980 1431 2066 1486; x_wconf 90' lang='grc'>17.</span> <span class='ocrx_word' id='word_1_381' title='bbox 2099 1431 2436 1508; x_wconf 65' lang='grc' dir='ltr'>[ξι-οίιὶιιίιιηη</span> <span class='ocrx_word' id='word_1_382' title='bbox 2470 1431 2524 1484; x_wconf 95' lang='lat' dir='ltr'><strong>in</strong></span> <span class='ocrx_word' id='word_1_383' title='bbox 2553 1427 3026 1500; x_wconf 76' lang='lat' dir='ltr'><strong>consanguinitate</strong></span> <span class='ocrx_word' id='word_1_384' title='bbox 3057 1423 3487 1489; x_wconf 85' lang='lat' dir='ltr'><strong>matrimonium,</strong></span> 
     </span>
    </p>
   </div>
   <div class='ocr_carea' id='block_1_68' title="bbox 1909 1519 3135 1593">
    <p class='ocr_par' dir='ltr' id='par_1_68' title="bbox 1909 1519 3135 1593">
     <span class='ocr_line' id='line_1_69' title="bbox 1909 1519 3135 1593; baseline -0.006 -15"><span class='ocrx_word' id='word_1_385' title='bbox 1909 1524 2098 1579; x_wconf 85' lang='lat' dir='ltr'><strong>eadem</strong></span> <span class='ocrx_word' id='word_1_386' title='bbox 2123 1539 2229 1593; x_wconf 89' lang='lat' dir='ltr'><strong>qua</strong></span> <span class='ocrx_word' id='word_1_387' title='bbox 2256 1523 2582 1578; x_wconf 86' lang='lat' dir='ltr'><strong>adulterium</strong></span> <span class='ocrx_word' id='word_1_388' title='bbox 2614 1537 2774 1592; x_wconf 76' lang='lat' dir='ltr'><strong>pmna</strong></span> <span class='ocrx_word' id='word_1_389' title='bbox 2809 1519 3135 1574; x_wconf 81' lang='lat' dir='ltr'><strong>vindicatur.</strong></span> 
     </span>
    </p>
   </div>
   <div class='ocr_carea' id='block_1_69' title="bbox 1985 1609 3490 1683">
    <p class='ocr_par' dir='ltr' id='par_1_69' title="bbox 1985 1609 3490 1683">
     <span class='ocr_line' id='line_1_70' title="bbox 1985 1609 3490 1683; baseline -0.007 -15"><span class='ocrx_word' id='word_1_390' title='bbox 1985 1615 2072 1670; x_wconf 88' lang='grc'>18.</span> <span class='ocrx_word' id='word_1_391' title='bbox 2095 1614 2292 1668; x_wconf 86' lang='lat' dir='ltr'><strong>Lector</strong></span> <span class='ocrx_word' id='word_1_392' title='bbox 2311 1614 2402 1683; x_wconf 87' lang='lat' dir='ltr'><strong>qui</strong></span> <span class='ocrx_word' id='word_1_393' title='bbox 2428 1622 2556 1667; x_wconf 86' lang='lat' dir='ltr'><strong>ante</strong></span> <span class='ocrx_word' id='word_1_394' title='bbox 2570 1611 2788 1681; x_wconf 83' lang='lat' dir='ltr'><strong>nuptias</strong></span> <span class='ocrx_word' id='word_1_395' title='bbox 2802 1626 2916 1664; x_wconf 87' lang='lat' dir='ltr'><strong>rem</strong></span> <span class='ocrx_word' id='word_1_396' title='bbox 2937 1609 3244 1663; x_wconf 74' lang='lat' dir='ltr'><strong>habetcum</strong></span> <span class='ocrx_word' id='word_1_397' title='bbox 3267 1619 3464 1676; x_wconf 86' lang='lat' dir='ltr'><strong>sponsa</strong></span> <span class='ocrx_word' id='word_1_398' title='bbox 3477 1647 3490 1668; x_wconf 93' lang='lat'><strong>,</strong></span> 
     </span>
    </p>
   </div>
   <div class='ocr_carea' id='block_1_70' title="bbox 1911 1703 3490 1776">
    <p class='ocr_par' dir='ltr' id='par_1_70' title="bbox 1911 1703 3490 1776">
     <span class='ocr_line' id='line_1_71' title="bbox 1911 1703 3490 1776; baseline -0.008 -12"><span class='ocrx_word' id='word_1_399' title='bbox 1911 1718 2130 1764; x_wconf 87' lang='lat' dir='ltr'><strong>maneat</strong></span> <span class='ocrx_word' id='word_1_400' title='bbox 2164 1709 2353 1774; x_wconf 86' lang='lat' dir='ltr'><strong>lector,</strong></span> <span class='ocrx_word' id='word_1_401' title='bbox 2392 1708 2463 1763; x_wconf 88' lang='lat' dir='ltr'><strong>ita</strong></span> <span class='ocrx_word' id='word_1_402' title='bbox 2506 1717 2566 1762; x_wconf 93' lang='lat' dir='ltr'><strong>ut</strong></span> <span class='ocrx_word' id='word_1_403' title='bbox 2602 1706 2669 1761; x_wconf 90' lang='lat' dir='ltr'><strong>ad</strong></span> <span class='ocrx_word' id='word_1_404' title='bbox 2698 1706 2944 1776; x_wconf 83' lang='lat' dir='ltr'><strong>majores</strong></span> <span class='ocrx_word' id='word_1_405' title='bbox 2975 1703 3172 1773; x_wconf 83' lang='lat' dir='ltr'><strong>gradus</strong></span> <span class='ocrx_word' id='word_1_406' title='bbox 3203 1717 3313 1754; x_wconf 90' lang='lat' dir='ltr'><strong>non</strong></span> <span class='ocrx_word' id='word_1_407' title='bbox 3364 1715 3490 1769; x_wconf 80' lang='lat' dir='ltr'><strong>pro-</strong></span> 
     </span>
    </p>
   </div>
   <div class='ocr_carea' id='block_1_71' title="bbox 1913 1791 3490 1871">
    <p class='ocr_par' dir='ltr' id='par_1_71' title="bbox 1913 1791 3490 1871">
     <span class='ocr_line' id='line_1_72' title="bbox 1913 1791 3490 1871; baseline -0.008 -15"><span class='ocrx_word' id='word_1_408' title='bbox 1913 1810 2241 1856; x_wconf 88' lang='lat' dir='ltr'><strong>moveatur:</strong></span> <span class='ocrx_word' id='word_1_409' title='bbox 2281 1800 2376 1871; x_wconf 90' lang='lat' dir='ltr'><strong>qui</strong></span> <span class='ocrx_word' id='word_1_410' title='bbox 2407 1815 2540 1855; x_wconf 86' lang='lat' dir='ltr'><strong>vero</strong></span> <span class='ocrx_word' id='word_1_411' title='bbox 2583 1798 2849 1854; x_wconf 87' lang='lat' dir='ltr'><strong>furtivum</strong></span> <span class='ocrx_word' id='word_1_412' title='bbox 2893 1795 3015 1851; x_wconf 87' lang='lat' dir='ltr'><strong>iniit</strong></span> <span class='ocrx_word' id='word_1_413' title='bbox 3061 1791 3490 1854; x_wconf 84' lang='lat' dir='ltr'><strong>matrimonium,</strong></span> 
     </span>
    </p>
   </div>
   <div class='ocr_carea' id='block_1_72' title="bbox 1842 1875 2302 1965">
    <p class='ocr_par' dir='ltr' id='par_1_72' title="bbox 1842 1875 2302 1965">
     <span class='ocr_line' id='line_1_73' title="bbox 1842 1875 2302 1965; baseline -0.004 -14"><span class='ocrx_word' id='word_1_414' title='bbox 1842 1875 1885 1930; x_wconf 69' lang='grc' dir='ltr'><strong>Β</strong></span> <span class='ocrx_word' id='word_1_415' title='bbox 1918 1895 2245 1965; x_wconf 83' lang='lat' dir='ltr'><strong>expellatur.</strong></span> <span class='ocrx_word' id='word_1_416' title='bbox 2295 1890 2302 1898; x_wconf 80' lang='grc'><em>’</em></span> 
     </span>
    </p>
   </div>
   <div class='ocr_carea' id='block_1_73' title="bbox 305 1981 1894 2054">
    <p class='ocr_par' dir='ltr' id='par_1_73' title="bbox 305 1981 1894 2054">
     <span class='ocr_line' id='line_1_74' title="bbox 305 1981 1894 2054; baseline -0.002 -18"><span class='ocrx_word' id='word_1_417' title='bbox 305 1982 391 2037; x_wconf 82' lang='grc' dir='ltr'>ιϐ’.</span> <span class='ocrx_word' id='word_1_418' title='bbox 434 1982 814 2052; x_wconf 82' lang='grc' dir='ltr'>Ὀμολογήσας</span> <span class='ocrx_word' id='word_1_419' title='bbox 841 1981 1091 2046; x_wconf 85' lang='grc' dir='ltr'>διάκονος</span> <span class='ocrx_word' id='word_1_420' title='bbox 1117 1981 1214 2037; x_wconf 73' lang='grc' dir='ltr'><strong>καὶ</strong></span> <span class='ocrx_word' id='word_1_421' title='bbox 1236 1981 1614 2054; x_wconf 89' lang='grc' dir='ltr'>πρεσϐύτερος</span> <span class='ocrx_word' id='word_1_422' title='bbox 1636 1982 1810 2054; x_wconf 81' lang='grc' dir='ltr'>χείλε-</span> <span class='ocrx_word' id='word_1_423' title='bbox 1882 2011 1894 2022; x_wconf 75' lang='grc' dir='ltr'><strong>ο</strong></span> 
     </span>
    </p>
   </div>
   <div class='ocr_carea' id='block_1_74' title="bbox 1992 1978 3490 2055">
    <p class='ocr_par' dir='ltr' id='par_1_74' title="bbox 1992 1978 3490 2055">
     <span class='ocr_line' id='line_1_75' title="bbox 1992 1978 3490 2055; baseline -0.009 -13"><span class='ocrx_word' id='word_1_424' title='bbox 1992 1989 2078 2043; x_wconf 84' lang='grc'><strong>19.</strong></span> <span class='ocrx_word' id='word_1_425' title='bbox 2121 1988 2395 2042; x_wconf 90' lang='lat' dir='ltr'><strong>Diaconus</strong></span> <span class='ocrx_word' id='word_1_426' title='bbox 2420 1994 2475 2040; x_wconf 93' lang='lat' dir='ltr'><strong>et</strong></span> <span class='ocrx_word' id='word_1_427' title='bbox 2501 1984 2781 2055; x_wconf 84' lang='lat' dir='ltr'><strong>presbyter</strong></span> <span class='ocrx_word' id='word_1_428' title='bbox 2805 1980 3040 2038; x_wconf 77' lang='lat' dir='ltr'><strong>confessi</strong></span> <span class='ocrx_word' id='word_1_429' title='bbox 3075 1995 3134 2035; x_wconf 92' lang='lat' dir='ltr'><strong>se</strong></span> <span class='ocrx_word' id='word_1_430' title='bbox 3177 1978 3339 2034; x_wconf 90' lang='lat' dir='ltr'><strong>labiis</strong></span> <span class='ocrx_word' id='word_1_431' title='bbox 3361 1990 3490 2047; x_wconf 84' lang='lat' dir='ltr'><strong>pec-</strong></span> 
     </span>
    </p>
   </div>
   <div class='ocr_carea' id='block_1_75' title="bbox 1915 2073 3174 2146">
    <p class='ocr_par' dir='ltr' id='par_1_75' title="bbox 1915 2073 3174 2146">
     <span class='ocr_line' id='line_1_76' title="bbox 1915 2073 3174 2146; baseline -0.009 -9"><span class='ocrx_word' id='word_1_432' title='bbox 1915 2095 2092 2146; x_wconf 89' lang='lat' dir='ltr'><strong>casse,</strong></span> <span class='ocrx_word' id='word_1_433' title='bbox 2121 2094 2152 2134; x_wconf 87' lang='lat' dir='ltr'><strong>a</strong></span> <span class='ocrx_word' id='word_1_434' title='bbox 2193 2077 2714 2134; x_wconf 84' lang='lat' dir='ltr'><strong>ministerio&#39;remoti</strong></span> <span class='ocrx_word' id='word_1_435' title='bbox 2745 2073 3174 2130; x_wconf 89' lang='lat' dir='ltr'><strong>communicent.</strong></span> 
     </span>
    </p>
   </div>
   <div class='ocr_carea' id='block_1_76' title="bbox 1985 2241 3493 2322">
    <p class='ocr_par' dir='ltr' id='par_1_76' title="bbox 1985 2241 3493 2322">
     <span class='ocr_line' id='line_1_77' title="bbox 1985 2241 3493 2322; baseline -0.011 -12"><span class='ocrx_word' id='word_1_436' title='bbox 1985 2256 2077 2312; x_wconf 90' lang='lat'><strong>20.</strong></span> <span class='ocrx_word' id='word_1_437' title='bbox 2107 2253 2210 2322; x_wconf 91' lang='lat' dir='ltr'><strong>Qui</strong></span> <span class='ocrx_word' id='word_1_438' title='bbox 2244 2251 2499 2310; x_wconf 86' lang='lat' dir='ltr'><strong>conscius</strong></span> <span class='ocrx_word' id='word_1_439' title='bbox 2530 2259 2618 2307; x_wconf 89' lang='lat' dir='ltr'><strong>est</strong></span> <span class='ocrx_word' id='word_1_440' title='bbox 2640 2249 2956 2319; x_wconf 84' lang='lat' dir='ltr'><strong>unicuique,</strong></span> <span class='ocrx_word' id='word_1_441' title='bbox 2989 2253 3045 2302; x_wconf 91' lang='lat' dir='ltr'><strong>et</strong></span> <span class='ocrx_word' id='word_1_442' title='bbox 3096 2243 3252 2310; x_wconf 88' lang='lat' dir='ltr'><strong>celat,</strong></span> <span class='ocrx_word' id='word_1_443' title='bbox 3301 2241 3493 2313; x_wconf 66' lang='lat' dir='ltr'><strong>aequali</strong></span> 
     </span>
    </p>
   </div>
   <div class='ocr_carea' id='block_1_77' title="bbox 1914 2346 2398 2420">
    <p class='ocr_par' dir='ltr' id='par_1_77' title="bbox 1914 2346 2398 2420">
     <span class='ocr_line' id='line_1_78' title="bbox 1914 2346 2398 2420; baseline -0.01 -16"><span class='ocrx_word' id='word_1_444' title='bbox 1914 2363 2078 2420; x_wconf 68' lang='lat' dir='ltr'><strong>pinna</strong></span> <span class='ocrx_word' id='word_1_445' title='bbox 2109 2346 2398 2402; x_wconf 89' lang='lat' dir='ltr'><strong>multatur.</strong></span> 
     </span>
    </p>
   </div>
   <div class='ocr_carea' id='block_1_78' title="bbox 1983 2427 3494 2509">
    <p class='ocr_par' dir='ltr' id='par_1_78' title="bbox 1983 2427 3494 2509">
     <span class='ocr_line' id='line_1_79' title="bbox 1983 2427 3494 2509; baseline -0.011 -13"><span class='ocrx_word' id='word_1_446' title='bbox 1983 2441 2076 2496; x_wconf 83' lang='grc'><strong>21.</strong></span> <span class='ocrx_word' id='word_1_447' title='bbox 2133 2438 2238 2507; x_wconf 87' lang='lat' dir='ltr'><strong>Qui</strong></span> <span class='ocrx_word' id='word_1_448' title='bbox 2285 2438 2566 2493; x_wconf 82' lang='lat' dir='ltr'><strong>Christum</strong></span> <span class='ocrx_word' id='word_1_449' title='bbox 2608 2435 2912 2509; x_wconf 72' lang='lat' dir='ltr'><strong>negaverit,</strong></span> <span class='ocrx_word' id='word_1_450' title='bbox 2962 2447 3060 2504; x_wconf 88' lang='lat' dir='ltr'><strong>per</strong></span> <span class='ocrx_word' id='word_1_451' title='bbox 3109 2436 3279 2486; x_wconf 90' lang='lat' dir='ltr'><strong>totam</strong></span> <span class='ocrx_word' id='word_1_452' title='bbox 3327 2427 3494 2484; x_wconf 89' lang='lat' dir='ltr'><strong>vitam</strong></span> 
     </span>
    </p>
   </div>
   <div class='ocr_carea' id='block_1_79' title="bbox 1869 2535 2476 2607">
    <p class='ocr_par' dir='ltr' id='par_1_79' title="bbox 1869 2535 2476 2607">
     <span class='ocr_line' id='line_1_80' title="bbox 1869 2535 2476 2607; baseline -0.003 -17"><span class='ocrx_word' id='word_1_453' title='bbox 1869 2581 1879 2590; x_wconf 94' lang='lat'><strong>.</strong></span> <span class='ocrx_word' id='word_1_454' title='bbox 1915 2535 2296 2607; x_wconf 71' lang='lat' dir='ltr'><strong>pmnitentiam</strong></span> <span class='ocrx_word' id='word_1_455' title='bbox 2331 2541 2476 2604; x_wconf 88' lang='lat' dir='ltr'><strong>agat.</strong></span> 
     </span>
    </p>
   </div>
   <div class='ocr_carea' id='block_1_80' title="bbox 1985 2618 3491 2698">
    <p class='ocr_par' dir='ltr' id='par_1_80' title="bbox 1985 2618 3491 2698">
     <span class='ocr_line' id='line_1_81' title="bbox 1985 2618 3491 2698; baseline -0.01 -15"><span class='ocrx_word' id='word_1_456' title='bbox 1985 2629 2076 2683; x_wconf 75' lang='lat'><strong>22.</strong></span> <span class='ocrx_word' id='word_1_457' title='bbox 2108 2625 2226 2681; x_wconf 84' lang='lat' dir='ltr'><strong>Non</strong></span> <span class='ocrx_word' id='word_1_458' title='bbox 2258 2625 2595 2698; x_wconf 77' lang='lat' dir='ltr'><strong>ingredietur</strong></span> <span class='ocrx_word' id='word_1_459' title='bbox 2624 2623 2678 2677; x_wconf 89' lang='lat' dir='ltr'><strong>in</strong></span> <span class='ocrx_word' id='word_1_460' title='bbox 2705 2621 2990 2692; x_wconf 89' lang='lat' dir='ltr'><strong>templum,</strong></span> <span class='ocrx_word' id='word_1_461' title='bbox 3017 2618 3258 2690; x_wconf 90' lang='lat' dir='ltr'><strong>quicum</strong></span> <span class='ocrx_word' id='word_1_462' title='bbox 3301 2631 3491 2671; x_wconf 86' lang='lat' dir='ltr'><strong>sorore</strong></span> 
     </span>
    </p>
   </div>
   <div class='ocr_carea' id='block_1_81' title="bbox 1916 2713 3496 2790">
    <p class='ocr_par' dir='ltr' id='par_1_81' title="bbox 1916 2713 3496 2790">
     <span class='ocr_line' id='line_1_82' title="bbox 1916 2713 3496 2790; baseline -0.01 -14"><span class='ocrx_word' id='word_1_463' title='bbox 1916 2729 2013 2776; x_wconf 85' lang='lat' dir='ltr'><strong>aut</strong></span> <span class='ocrx_word' id='word_1_464' title='bbox 2060 2734 2258 2790; x_wconf 87' lang='lat' dir='ltr'><strong>sponsa</strong></span> <span class='ocrx_word' id='word_1_465' title='bbox 2299 2717 2616 2787; x_wconf 85' lang='lat' dir='ltr'><strong>inquinatus</strong></span> <span class='ocrx_word' id='word_1_466' title='bbox 2649 2723 2733 2770; x_wconf 82' lang='lat' dir='ltr'><strong>est</strong></span> <span class='ocrx_word' id='word_1_467' title='bbox 2780 2733 2794 2769; x_wconf 88' lang='lat'><strong>:</strong></span> <span class='ocrx_word' id='word_1_468' title='bbox 2847 2713 2940 2769; x_wconf 91' lang='lat' dir='ltr'><strong>ubi</strong></span> <span class='ocrx_word' id='word_1_469' title='bbox 2990 2723 3172 2768; x_wconf 89' lang='lat' dir='ltr'><strong>tamen</strong></span> <span class='ocrx_word' id='word_1_470' title='bbox 3205 2727 3234 2765; x_wconf 90' lang='lat' dir='ltr'><strong>a</strong></span> <span class='ocrx_word' id='word_1_471' title='bbox 3271 2717 3496 2781; x_wconf 84' lang='lat' dir='ltr'><strong>peccatu</strong></span> 
     </span>
    </p>
   </div>
   <div class='ocr_carea' id='block_1_82' title="bbox 1916 2801 3496 2880">
    <p class='ocr_par' dir='ltr' id='par_1_82' title="bbox 1916 2801 3496 2880">
     <span class='ocr_line' id='line_1_83' title="bbox 1916 2801 3496 2880; baseline -0.008 -11"><span class='ocrx_word' id='word_1_472' title='bbox 1916 2811 2207 2877; x_wconf 84' lang='lat' dir='ltr'><strong>destiterit,</strong></span> <span class='ocrx_word' id='word_1_473' title='bbox 2253 2810 2490 2866; x_wconf 89' lang='lat' dir='ltr'><strong>triennio</strong></span> <span class='ocrx_word' id='word_1_474' title='bbox 2518 2808 2718 2880; x_wconf 77' lang='lat' dir='ltr'><strong>lugeat,</strong></span> <span class='ocrx_word' id='word_1_475' title='bbox 2771 2821 2835 2861; x_wconf 91' lang='lat' dir='ltr'><strong>ac</strong></span> <span class='ocrx_word' id='word_1_476' title='bbox 2868 2803 3129 2862; x_wconf 79' lang='lat' dir='ltr'><strong>sexennio</strong></span> <span class='ocrx_word' id='word_1_477' title='bbox 3163 2801 3496 2874; x_wconf 79' lang='lat' dir='ltr'><strong>poenitentiae</strong></span> 
     </span>
    </p>
   </div>
   <div class='ocr_carea' id='block_1_83' title="bbox 1918 2902 3440 2975">
    <p class='ocr_par' dir='ltr' id='par_1_83' title="bbox 1918 2902 3440 2975">
     <span class='ocr_line' id='line_1_84' title="bbox 1918 2902 3440 2975; baseline -0.004 -15"><span class='ocrx_word' id='word_1_478' title='bbox 1918 2905 2216 2975; x_wconf 84' lang='lat' dir='ltr'><strong>subjaeeat.</strong></span> <span class='ocrx_word' id='word_1_479' title='bbox 2827 2907 2832 2911; x_wconf 85' lang='lat'>&#39;</span> <span class='ocrx_word' id='word_1_480' title='bbox 3431 2902 3440 2909; x_wconf 86' lang='grc'><strong>’</strong></span> 
     </span>
    </p>
   </div>
   <div class='ocr_carea' id='block_1_84' title="bbox 1985 2985 3494 3067">
    <p class='ocr_par' dir='ltr' id='par_1_84' title="bbox 1985 2985 3494 3067">
     <span class='ocr_line' id='line_1_85' title="bbox 1985 2985 3494 3067; baseline -0.008 -15"><span class='ocrx_word' id='word_1_481' title='bbox 1985 2999 2077 3054; x_wconf 80' lang='grc'>25.</span> <span class='ocrx_word' id='word_1_482' title='bbox 2117 2998 2222 3064; x_wconf 91' lang='lat' dir='ltr'><strong>Qui</strong></span> <span class='ocrx_word' id='word_1_483' title='bbox 2274 2995 2497 3067; x_wconf 89' lang='lat' dir='ltr'><strong>propria</strong></span> <span class='ocrx_word' id='word_1_484' title='bbox 2550 3007 2721 3048; x_wconf 81' lang='lat' dir='ltr'><strong>uxore</strong></span> <span class='ocrx_word' id='word_1_485' title='bbox 2771 2989 3021 3053; x_wconf 89' lang='lat' dir='ltr'><strong>dimissa,</strong></span> <span class='ocrx_word' id='word_1_486' title='bbox 3068 2987 3228 3042; x_wconf 88' lang='lat' dir='ltr'><strong>aliam</strong></span> <span class='ocrx_word' id='word_1_487' title='bbox 3273 2985 3494 3054; x_wconf 84' lang='lat' dir='ltr'><strong>accipit.</strong></span> 
     </span>
    </p>
   </div>
   <div class='ocr_carea' id='block_1_85' title="bbox 1919 3079 3493 3156">
    <p class='ocr_par' dir='ltr' id='par_1_85' title="bbox 1919 3079 3493 3156">
     <span class='ocr_line' id='line_1_86' title="bbox 1919 3079 3493 3156; baseline -0.011 -9"><span class='ocrx_word' id='word_1_488' title='bbox 1919 3108 2045 3148; x_wconf 88' lang='lat' dir='ltr'><strong>cum</strong></span> <span class='ocrx_word' id='word_1_489' title='bbox 2089 3091 2159 3145; x_wconf 88' lang='lat' dir='ltr'><strong>sit</strong></span> <span class='ocrx_word' id='word_1_490' title='bbox 2188 3087 2458 3153; x_wconf 68' lang='lat' dir='ltr'><strong>moechus,</strong></span> <span class='ocrx_word' id='word_1_491' title='bbox 2503 3085 2790 3156; x_wconf 85' lang='lat' dir='ltr'><strong>septennio</strong></span> <span class='ocrx_word' id='word_1_492' title='bbox 2814 3081 3148 3154; x_wconf 70' lang='lat' dir='ltr'><strong>pmnitentia:</strong></span> <span class='ocrx_word' id='word_1_493' title='bbox 3193 3079 3493 3148; x_wconf 59' lang='lat' dir='ltr'><strong>subiaceat,</strong></span> 
     </span>
    </p>
   </div>
   <div class='ocr_carea' id='block_1_86' title="bbox 1990 3172 3499 3249">
    <p class='ocr_par' dir='ltr' id='par_1_86' title="bbox 1990 3172 3499 3249">
     <span class='ocr_line' id='line_1_87' title="bbox 1990 3172 3499 3249; baseline -0.011 -10"><span class='ocrx_word' id='word_1_494' title='bbox 1990 3183 2082 3239; x_wconf 69' lang='lat'><strong>24.</strong></span> <span class='ocrx_word' id='word_1_495' title='bbox 2114 3182 2216 3249; x_wconf 91' lang='lat' dir='ltr'><strong>Qui</strong></span> <span class='ocrx_word' id='word_1_496' title='bbox 2270 3181 2462 3236; x_wconf 83' lang='lat' dir='ltr'><strong>insano</strong></span> <span class='ocrx_word' id='word_1_497' title='bbox 2498 3180 2552 3234; x_wconf 92' lang='lat' dir='ltr'><strong>in</strong></span> <span class='ocrx_word' id='word_1_498' title='bbox 2602 3176 2899 3234; x_wconf 77' lang='lat' dir='ltr'><strong>novercam’</strong></span> <span class='ocrx_word' id='word_1_499' title='bbox 2934 3188 3122 3230; x_wconf 90' lang='lat' dir='ltr'><strong>amore</strong></span> <span class='ocrx_word' id='word_1_500' title='bbox 3167 3172 3392 3238; x_wconf 85' lang='lat' dir='ltr'><strong>exarsit,</strong></span> <span class='ocrx_word' id='word_1_501' title='bbox 3440 3180 3499 3224; x_wconf 90' lang='lat' dir='ltr'><strong>ut</strong></span> 
     </span>
    </p>
   </div>
   <div class='ocr_carea' id='block_1_87' title="bbox 1919 3273 2574 3349">
    <p class='ocr_par' dir='ltr' id='par_1_87' title="bbox 1919 3273 2574 3349">
     <span class='ocr_line' id='line_1_88' title="bbox 1919 3273 2574 3349; baseline -0.009 -16"><span class='ocrx_word' id='word_1_502' title='bbox 1919 3276 2012 3349; x_wconf 91' lang='lat' dir='ltr'><strong>qui</strong></span> <span class='ocrx_word' id='word_1_503' title='bbox 2046 3290 2292 3331; x_wconf 85' lang='lat' dir='ltr'><strong>sororem</strong></span> <span class='ocrx_word' id='word_1_504' title='bbox 2318 3273 2574 3344; x_wconf 88' lang='lat' dir='ltr'><strong>deperiit.</strong></span> 
     </span>
    </p>
   </div>
   <div class='ocr_carea' id='block_1_88' title="bbox 1988 3364 3589 3438">
    <p class='ocr_par' dir='ltr' id='par_1_88' title="bbox 1988 3364 3589 3438">
     <span class='ocr_line' id='line_1_89' title="bbox 1988 3364 3589 3438; baseline -0.009 -15"><span class='ocrx_word' id='word_1_505' title='bbox 1988 3369 2081 3425; x_wconf 88' lang='lat'><strong>25.</strong></span> <span class='ocrx_word' id='word_1_506' title='bbox 2115 3367 2413 3438; x_wconf 82' lang='lat' dir='ltr'><strong>Polygami,</strong></span> <span class='ocrx_word' id='word_1_507' title='bbox 2451 3364 2687 3420; x_wconf 70' lang='lat' dir='ltr'><strong>.belluini</strong></span> <span class='ocrx_word' id='word_1_508' title='bbox 2733 3372 2908 3419; x_wconf 90' lang='lat' dir='ltr'><strong>sunt:</strong></span> <span class='ocrx_word' id='word_1_509' title='bbox 2957 3371 3332 3417; x_wconf 81' lang='lat' dir='ltr'><strong>verumtamen</strong></span> <span class='ocrx_word' id='word_1_510' title='bbox 3377 3367 3500 3427; x_wconf 80' lang='lat' dir='ltr'><strong>post</strong></span> <span class='ocrx_word' id='word_1_511' title='bbox 3578 3372 3589 3383; x_wconf 83' lang='grc'><strong>·</strong></span> 
     </span>
    </p>
   </div>
   <div class='ocr_carea' id='block_1_89' title="bbox 1918 3459 2604 3526">
    <p class='ocr_par' dir='ltr' id='par_1_89' title="bbox 1918 3459 2604 3526">
     <span class='ocr_line' id='line_1_90' title="bbox 1918 3459 2604 3526; baseline -0.012 -8"><span class='ocrx_word' id='word_1_512' title='bbox 1918 3462 2216 3518; x_wconf 89' lang='lat' dir='ltr'><strong>triennium</strong></span> <span class='ocrx_word' id='word_1_513' title='bbox 2247 3459 2604 3526; x_wconf 74' lang='lat' dir='ltr'><strong>recipiantur.</strong></span> 
     </span>
    </p>
   </div>
   <div class='ocr_carea' id='block_1_90' title="bbox 1988 3540 3498 3620">
    <p class='ocr_par' dir='ltr' id='par_1_90' title="bbox 1988 3540 3498 3620">
     <span class='ocr_line' id='line_1_91' title="bbox 1988 3540 3498 3620; baseline -0.011 -11"><span class='ocrx_word' id='word_1_514' title='bbox 1988 3556 2079 3609; x_wconf 90' lang='lat'><strong>26.</strong></span> <span class='ocrx_word' id='word_1_515' title='bbox 2108 3552 2210 3620; x_wconf 86' lang='lat' dir='ltr'><strong>Qui</strong></span> <span class='ocrx_word' id='word_1_516' title='bbox 2234 3553 2392 3606; x_wconf 89' lang='lat' dir='ltr'><strong>tidem</strong></span> <span class='ocrx_word' id='word_1_517' title='bbox 2420 3565 2518 3620; x_wconf 90' lang='lat' dir='ltr'><strong>per</strong></span> <span class='ocrx_word' id='word_1_518' title='bbox 2541 3556 2811 3604; x_wconf 88' lang='lat' dir='ltr'><strong>tormenta</strong></span> <span class='ocrx_word' id='word_1_519' title='bbox 2838 3547 3132 3610; x_wconf 81' lang='lat' dir='ltr'><strong>violarunt,</strong></span> <span class='ocrx_word' id='word_1_520' title='bbox 3167 3540 3292 3599; x_wconf 87' lang='lat' dir='ltr'><strong>octo</strong></span> <span class='ocrx_word' id='word_1_521' title='bbox 3323 3555 3498 3595; x_wconf 82' lang='lat' dir='ltr'><strong>annos</strong></span> 
     </span>
    </p>
   </div>
   <div class='ocr_carea' id='block_1_91' title="bbox 1919 3635 3495 3720">
    <p class='ocr_par' dir='ltr' id='par_1_91' title="bbox 1919 3635 3495 3720">
     <span class='ocr_line' id='line_1_92' title="bbox 1919 3635 3495 3720; baseline -0.01 -17"><span class='ocrx_word' id='word_1_522' title='bbox 1919 3646 2296 3720; x_wconf 67' lang='lat' dir='ltr'><strong>paenitentiam</strong></span> <span class='ocrx_word' id='word_1_523' title='bbox 2328 3653 2490 3715; x_wconf 88' lang='lat' dir='ltr'><strong>agant</strong></span> <span class='ocrx_word' id='word_1_524' title='bbox 2523 3660 2535 3695; x_wconf 93' lang='lat'>:</span> <span class='ocrx_word' id='word_1_525' title='bbox 2567 3641 2658 3713; x_wconf 90' lang='lat' dir='ltr'><strong>qui</strong></span> <span class='ocrx_word' id='word_1_526' title='bbox 2692 3656 2819 3696; x_wconf 85' lang='lat' dir='ltr'><strong>vero</strong></span> <span class='ocrx_word' id='word_1_527' title='bbox 2842 3646 3037 3712; x_wconf 89' lang='lat' dir='ltr'><strong>sponte</strong></span> <span class='ocrx_word' id='word_1_528' title='bbox 3068 3646 3124 3694; x_wconf 90' lang='lat' dir='ltr'><strong>et</strong></span> <span class='ocrx_word' id='word_1_529' title='bbox 3160 3637 3324 3703; x_wconf 90' lang='lat' dir='ltr'><strong>ultro,</strong></span> <span class='ocrx_word' id='word_1_530' title='bbox 3356 3635 3495 3690; x_wconf 93' lang='lat' dir='ltr'><strong>duo-</strong></span> 
     </span>
    </p>
   </div>
   <div class='ocr_carea' id='block_1_92' title="bbox 1919 3741 2996 3798">
    <p class='ocr_par' dir='ltr' id='par_1_92' title="bbox 1919 3741 2996 3798">
     <span class='ocr_line' id='line_1_93' title="bbox 1919 3741 2996 3798; baseline -0.013 0"><span class='ocrx_word' id='word_1_531' title='bbox 1919 3741 2120 3798; x_wconf 88' lang='lat' dir='ltr'><strong>decim.</strong></span> <span class='ocrx_word' id='word_1_532' title='bbox 2991 3779 2996 3784; x_wconf 87' lang='lat'><strong>.</strong></span> 
     </span>
    </p>
   </div>
   <div class='ocr_carea' id='block_1_93' title="bbox 1989 3819 3494 3899">
    <p class='ocr_par' dir='ltr' id='par_1_93' title="bbox 1989 3819 3494 3899">
     <span class='ocr_line' id='line_1_94' title="bbox 1989 3819 3494 3899; baseline -0.011 -12"><span class='ocrx_word' id='word_1_533' title='bbox 1989 3834 2082 3888; x_wconf 86' lang='lat'><strong>27.</strong></span> <span class='ocrx_word' id='word_1_534' title='bbox 2123 3830 2228 3898; x_wconf 91' lang='lat' dir='ltr'><strong>Qui</strong></span> <span class='ocrx_word' id='word_1_535' title='bbox 2282 3830 2334 3885; x_wconf 89' lang='lat' dir='ltr'><strong>vi</strong></span> <span class='ocrx_word' id='word_1_536' title='bbox 2392 3838 2615 3885; x_wconf 88' lang='lat' dir='ltr'><strong>coactus</strong></span> <span class='ocrx_word' id='word_1_537' title='bbox 2657 3825 2943 3899; x_wconf 74' lang='lat' dir='ltr'><strong>peieravit,</strong></span> <span class='ocrx_word' id='word_1_538' title='bbox 2994 3832 3122 3896; x_wconf 90' lang='lat' dir='ltr'><strong>post</strong></span> <span class='ocrx_word' id='word_1_539' title='bbox 3173 3819 3494 3878; x_wconf 82' lang='lat' dir='ltr'><strong>sexennium</strong></span> 
     </span>
    </p>
   </div>
   <div class='ocr_carea' id='block_1_94' title="bbox 1919 3910 3500 3996">
    <p class='ocr_par' dir='ltr' id='par_1_94' title="bbox 1919 3910 3500 3996">
     <span class='ocr_line' id='line_1_95' title="bbox 1919 3910 3500 3996; baseline -0.011 -14"><span class='ocrx_word' id='word_1_540' title='bbox 1919 3923 2308 3996; x_wconf 86' lang='lat' dir='ltr'><strong>suscipiendus</strong></span> <span class='ocrx_word' id='word_1_541' title='bbox 2334 3938 2349 3976; x_wconf 92' lang='lat'><strong>:</strong></span> <span class='ocrx_word' id='word_1_542' title='bbox 2381 3921 2431 3977; x_wconf 83' lang='lat' dir='ltr'><strong>si</strong></span> <span class='ocrx_word' id='word_1_543' title='bbox 2457 3935 2590 3977; x_wconf 89' lang='lat' dir='ltr'><strong>vero</strong></span> <span class='ocrx_word' id='word_1_544' title='bbox 2616 3920 2751 3976; x_wconf 90' lang='lat' dir='ltr'><strong>citra</strong></span> <span class='ocrx_word' id='word_1_545' title='bbox 2773 3917 3178 3982; x_wconf 87' lang='lat' dir='ltr'><strong>necessitatem,</strong></span> <span class='ocrx_word' id='word_1_546' title='bbox 3215 3921 3340 3986; x_wconf 89' lang='lat' dir='ltr'><strong>post</strong></span> <span class='ocrx_word' id='word_1_547' title='bbox 3363 3910 3500 3966; x_wconf 90' lang='lat' dir='ltr'><strong>duo-</strong></span> 
     </span>
    </p>
   </div>
   <div class='ocr_carea' id='block_1_95' title="bbox 1919 4019 2116 4074">
    <p class='ocr_par' dir='ltr' id='par_1_95' title="bbox 1919 4019 2116 4074">
     <span class='ocr_line' id='line_1_96' title="bbox 1919 4019 2116 4074; baseline -0.01 0"><span class='ocrx_word' id='word_1_548' title='bbox 1919 4019 2116 4074; x_wconf 89' lang='lat' dir='ltr'><strong>decim.</strong></span> 
     </span>
    </p>
   </div>
   <div class='ocr_carea' id='block_1_96' title="bbox 1989 4095 3496 4181">
    <p class='ocr_par' dir='ltr' id='par_1_96' title="bbox 1989 4095 3496 4181">
     <span class='ocr_line' id='line_1_97' title="bbox 1989 4095 3496 4181; baseline -0.011 -17"><span class='ocrx_word' id='word_1_549' title='bbox 1989 4111 2082 4166; x_wconf 76' lang='lat'><strong>28.</strong></span> <span class='ocrx_word' id='word_1_550' title='bbox 2113 4107 2191 4165; x_wconf 83' lang='grc' dir='ltr'>Νε</span> <span class='ocrx_word' id='word_1_551' title='bbox 2224 4121 2496 4181; x_wconf 67' lang='lat' dir='ltr'><strong>tempore,</strong></span> <span class='ocrx_word' id='word_1_552' title='bbox 2521 4107 2619 4162; x_wconf 86' lang='lat' dir='ltr'><strong>sed</strong></span> <span class='ocrx_word' id='word_1_553' title='bbox 2650 4105 2828 4161; x_wconf 88' lang='lat' dir='ltr'><strong>modis</strong></span> <span class='ocrx_word' id='word_1_554' title='bbox 2861 4118 3051 4176; x_wconf 75' lang='lat' dir='ltr'><strong>poenas</strong></span> <span class='ocrx_word' id='word_1_555' title='bbox 3091 4099 3366 4170; x_wconf 79' lang='lat' dir='ltr'><strong>expendas</strong></span> <span class='ocrx_word' id='word_1_556' title='bbox 3403 4111 3418 4148; x_wconf 90' lang='lat'><strong>:</strong></span> <span class='ocrx_word' id='word_1_557' title='bbox 3451 4095 3496 4149; x_wconf 88' lang='lat' dir='ltr'><strong>si</strong></span> 
     </span>
    </p>
   </div>
   <div class='ocr_carea' id='block_1_97' title="bbox 1918 4193 3498 4277">
    <p class='ocr_par' dir='ltr' id='par_1_97' title="bbox 1918 4193 3498 4277">
     <span class='ocr_line' id='line_1_98' title="bbox 1918 4193 3498 4277; baseline -0.011 -19"><span class='ocrx_word' id='word_1_558' title='bbox 1918 4219 2050 4259; x_wconf 87' lang='lat' dir='ltr'><strong>vero</strong></span> <span class='ocrx_word' id='word_1_559' title='bbox 2091 4203 2148 4256; x_wconf 91' lang='lat' dir='ltr'><strong>in</strong></span> <span class='ocrx_word' id='word_1_560' title='bbox 2195 4201 2434 4272; x_wconf 87' lang='lat' dir='ltr'><strong>peccatis</strong></span> <span class='ocrx_word' id='word_1_561' title='bbox 2477 4207 2840 4271; x_wconf 88' lang='lat' dir='ltr'><strong>permaneant</strong></span> <span class='ocrx_word' id='word_1_562' title='bbox 2891 4212 2956 4252; x_wconf 86' lang='lat' dir='ltr'><strong>ac</strong></span> <span class='ocrx_word' id='word_1_563' title='bbox 2995 4193 3398 4277; x_wconf 66' lang='lat' dir='ltr'><strong>contraditant,</strong></span> <span class='ocrx_word' id='word_1_564' title='bbox 3441 4197 3498 4243; x_wconf 92' lang='lat' dir='ltr'><strong>tu</strong></span> 
     </span>
    </p>
   </div>
   <div class='ocr_carea' id='block_1_98' title="bbox 1917 4295 2699 4352">
    <p class='ocr_par' dir='ltr' id='par_1_98' title="bbox 1917 4295 2699 4352">
     <span class='ocr_line' id='line_1_99' title="bbox 1917 4295 2699 4352; baseline -0.009 0"><span class='ocrx_word' id='word_1_565' title='bbox 1917 4312 2049 4352; x_wconf 92' lang='lat' dir='ltr'><strong>vero</strong></span> <span class='ocrx_word' id='word_1_566' title='bbox 2070 4311 2226 4351; x_wconf 89' lang='lat' dir='ltr'><strong>serva</strong></span> <span class='ocrx_word' id='word_1_567' title='bbox 2265 4295 2502 4350; x_wconf 87' lang='lat' dir='ltr'><strong>animam</strong></span> <span class='ocrx_word' id='word_1_568' title='bbox 2529 4300 2699 4347; x_wconf 91' lang='lat' dir='ltr'><strong>tuam.</strong></span> 
     </span>
    </p>
   </div>
   <div class='ocr_carea' id='block_1_99' title="bbox 1920 4399 3499 4479">
    <p class='ocr_par' dir='ltr' id='par_1_99' title="bbox 1920 4399 3499 4479">
     <span class='ocr_line' id='line_1_100' title="bbox 1920 4399 3499 4479; baseline -0.009 -15"><span class='ocrx_word' id='word_1_569' title='bbox 1920 4407 2159 4479; x_wconf 82' lang='lat' dir='ltr'><strong>Synodus</strong></span> <span class='ocrx_word' id='word_1_570' title='bbox 2187 4422 2324 4479; x_wconf 65' lang='lat' dir='ltr'><strong>cnxv</strong></span> <span class='ocrx_word' id='word_1_571' title='bbox 2354 4404 2581 4479; x_wconf 69' lang='lat' dir='ltr'><strong>Petrum</strong></span> <span class='ocrx_word' id='word_1_572' title='bbox 2615 4411 2899 4479; x_wconf 76' lang='lat' dir='ltr'><strong>convocata</strong></span> <span class='ocrx_word' id='word_1_573' title='bbox 2936 4402 2994 4454; x_wconf 89' lang='lat' dir='ltr'><strong>in</strong></span> <span class='ocrx_word' id='word_1_574' title='bbox 3021 4399 3499 4479; x_wconf 66' lang='lat' dir='ltr'><strong>Trulfo_gonstart-</strong></span> 
     </span>
    </p>
   </div>
   <div class='ocr_carea' id='block_1_100' title="bbox 1929 4469 3500 4548">
    <p class='ocr_par' dir='ltr' id='par_1_100' title="bbox 1929 4469 3500 4548">
     <span class='ocr_line' id='line_1_101' title="bbox 1929 4469 3500 4548; baseline -0.009 -15"><span class='ocrx_word' id='word_1_575' title='bbox 1929 4545 1932 4548; x_wconf 10' lang='grc' dir='ltr'><strong>γ</strong></span> <span class='ocrx_word' id='word_1_576' title='bbox 1961 4469 2154 4546; x_wconf 72' lang='grc' dir='ltr'>ἐόηορ.</span> <span class='ocrx_word' id='word_1_577' title='bbox 2170 4479 2262 4530; x_wconf 86' lang='lat' dir='ltr'><strong>sub</strong></span> <span class='ocrx_word' id='word_1_578' title='bbox 2277 4477 2577 4530; x_wconf 75' lang='lat' dir='ltr'><strong>Iustiniano</strong></span> <span class='ocrx_word' id='word_1_579' title='bbox 2590 4475 2678 4545; x_wconf 88' lang='lat' dir='ltr'><strong>qui</strong></span> <span class='ocrx_word' id='word_1_580' title='bbox 2693 4474 2758 4528; x_wconf 83' lang='lat' dir='ltr'><strong>ab</strong></span> <span class='ocrx_word' id='word_1_581' title='bbox 2773 4482 3045 4542; x_wconf 84' lang='lat' dir='ltr'><strong>amputato</strong></span> <span class='ocrx_word' id='word_1_582' title='bbox 3061 4487 3190 4524; x_wconf 89' lang='lat' dir='ltr'><strong>naso</strong></span> <span class='ocrx_word' id='word_1_583' title='bbox 3213 4469 3500 4538; x_wconf 82' lang='grc' dir='ltr'>Ῥινότμη-</span> 
     </span>
    </p>
   </div>
   <div class='ocr_carea' id='block_1_101' title="bbox 1988 4549 2414 4612">
    <p class='ocr_par' dir='ltr' id='par_1_101' title="bbox 1988 4549 2414 4612">
     <span class='ocr_line' id='line_1_102' title="bbox 1988 4549 2414 4612; baseline -0.005 -10"><span class='ocrx_word' id='word_1_584' title='bbox 1988 4566 2078 4612; x_wconf 88' lang='grc' dir='ltr'><strong>τος</strong></span> <span class='ocrx_word' id='word_1_585' title='bbox 2111 4549 2284 4601; x_wconf 83' lang='lat' dir='ltr'><strong>dictus</strong></span> <span class='ocrx_word' id='word_1_586' title='bbox 2315 4555 2414 4601; x_wconf 85' lang='lat' dir='ltr'><strong>est.</strong></span> 
     </span>
    </p>
   </div>
   <div class='ocr_carea' id='block_1_102' title="bbox 1991 4651 3498 4732">
    <p class='ocr_par' dir='ltr' id='par_1_102' title="bbox 1991 4651 3498 4732">
     <span class='ocr_line' id='line_1_103' title="bbox 1991 4651 3498 4732; baseline -0.009 -15"><span class='ocrx_word' id='word_1_587' title='bbox 1991 4664 2042 4717; x_wconf 87' lang='grc'><strong>1.</strong></span> <span class='ocrx_word' id='word_1_588' title='bbox 2083 4661 2470 4732; x_wconf 84' lang='lat' dir='ltr'><strong>Apostolorum</strong></span> <span class='ocrx_word' id='word_1_589' title='bbox 2502 4658 2635 4713; x_wconf 84' lang='lat' dir='ltr'><strong>ﬁdes</strong></span> <span class='ocrx_word' id='word_1_590' title='bbox 2665 4672 2734 4711; x_wconf 91' lang='lat' dir='ltr'><strong>ne</strong></span> <span class='ocrx_word' id='word_1_591' title='bbox 2775 4655 3116 4709; x_wconf 89' lang='lat' dir='ltr'><strong>immutetur.</strong></span> <span class='ocrx_word' id='word_1_592' title='bbox 3164 4651 3381 4707; x_wconf 63' lang='lat' dir='ltr'><strong>Nicmna</strong></span> <span class='ocrx_word' id='word_1_593' title='bbox 3413 4651 3498 4705; x_wconf 83' lang='lat' dir='ltr'><strong>in-</strong></span> 
     </span>
    </p>
   </div>
   <div class='ocr_carea' id='block_1_103' title="bbox 1921 4746 3501 4824">
    <p class='ocr_par' dir='ltr' id='par_1_103' title="bbox 1921 4746 3501 4824">
     <span class='ocr_line' id='line_1_104' title="bbox 1921 4746 3501 4824; baseline -0.007 -15"><span class='ocrx_word' id='word_1_594' title='bbox 1921 4764 2068 4824; x_wconf 86' lang='lat' dir='ltr'><strong>tegra</strong></span> <span class='ocrx_word' id='word_1_595' title='bbox 2094 4761 2365 4818; x_wconf 84' lang='lat' dir='ltr'><strong>servetur,</strong></span> <span class='ocrx_word' id='word_1_596' title='bbox 2396 4767 2516 4822; x_wconf 81' lang='lat' dir='ltr'><strong>qua:</strong></span> <span class='ocrx_word' id='word_1_597' title='bbox 2555 4750 2668 4805; x_wconf 78' lang='lat' dir='ltr'><strong>Arii</strong></span> <span class='ocrx_word' id='word_1_598' title='bbox 2696 4747 3010 4817; x_wconf 86' lang='lat' dir='ltr'><strong>opinionem</strong></span> <span class='ocrx_word' id='word_1_599' title='bbox 3041 4746 3347 4800; x_wconf 81' lang='lat' dir='ltr'><strong>divinitatis</strong></span> <span class='ocrx_word' id='word_1_600' title='bbox 3376 4761 3501 4816; x_wconf 86' lang='lat' dir='ltr'><strong>gra-</strong></span> 
     </span>
    </p>
   </div>
   <div class='ocr_carea' id='block_1_104' title="bbox 1918 4836 3502 4913">
    <p class='ocr_par' dir='ltr' id='par_1_104' title="bbox 1918 4836 3502 4913">
     <span class='ocr_line' id='line_1_105' title="bbox 1918 4836 3502 4913; baseline -0.006 -10"><span class='ocrx_word' id='word_1_601' title='bbox 1918 4849 2021 4903; x_wconf 91' lang='lat' dir='ltr'><strong>dus</strong></span> <span class='ocrx_word' id='word_1_602' title='bbox 2053 4847 2490 4902; x_wconf 88' lang='lat' dir='ltr'><strong>introducentem</strong></span> <span class='ocrx_word' id='word_1_603' title='bbox 2539 4859 2637 4913; x_wconf 89' lang='lat' dir='ltr'><strong>per</strong></span> <span class='ocrx_word' id='word_1_604' title='bbox 2667 4839 2955 4910; x_wconf 84' lang='grc' dir='ltr'>όμοούσιον</span> <span class='ocrx_word' id='word_1_605' title='bbox 3000 4836 3502 4909; x_wconf 71' lang='lat' dir='ltr'><strong>evertit.&#39;Synodus</strong></span> 
     </span>
    </p>
   </div>
   <div class='ocr_carea' id='block_1_105' title="bbox 1918 4931 3499 5000">
    <p class='ocr_par' dir='ltr' id='par_1_105' title="bbox 1918 4931 3499 5000">
     <span class='ocr_line' id='line_1_106' title="bbox 1918 4931 3499 5000; baseline -0.008 -4"><span class='ocrx_word' id='word_1_606' title='bbox 1918 4941 2020 4996; x_wconf 88' lang='lat' dir='ltr'><strong>sub</strong></span> <span class='ocrx_word' id='word_1_607' title='bbox 2048 4937 2362 4994; x_wconf 89' lang='lat' dir='ltr'><strong>Theodosio</strong></span> <span class='ocrx_word' id='word_1_608' title='bbox 2395 4935 2628 4990; x_wconf 73' lang='lat' dir='ltr'><strong>Maximo</strong></span> <span class='ocrx_word' id='word_1_609' title='bbox 2661 4932 2843 4987; x_wconf 89' lang='lat' dir='ltr'><strong>habita</strong></span> <span class='ocrx_word' id='word_1_610' title='bbox 2877 4931 3132 4985; x_wconf 84' lang='lat' dir='ltr'><strong>inviolata</strong></span> <span class='ocrx_word' id='word_1_611' title='bbox 3163 4939 3499 5000; x_wconf 87' lang='lat' dir='ltr'><strong>permaneat,</strong></span> 
     </span>
    </p>
   </div>
   <div class='ocr_carea' id='block_1_106' title="bbox 1917 5024 3502 5103">
    <p class='ocr_par' dir='ltr' id='par_1_106' title="bbox 1917 5024 3502 5103">
     <span class='ocr_line' id='line_1_107' title="bbox 1917 5024 3502 5103; baseline -0.008 -16"><span class='ocrx_word' id='word_1_612' title='bbox 1917 5049 2038 5103; x_wconf 73' lang='lat' dir='ltr'><strong>qua:</strong></span> <span class='ocrx_word' id='word_1_613' title='bbox 2067 5030 2467 5094; x_wconf 83' lang='lat' dir='ltr'><strong>Macedonium,</strong></span> <span class='ocrx_word' id='word_1_614' title='bbox 2502 5042 2722 5082; x_wconf 85' lang='lat' dir='ltr'><strong>servum</strong></span> <span class='ocrx_word' id='word_1_615' title='bbox 2766 5026 3039 5081; x_wconf 89' lang='lat' dir='ltr'><strong>dicentem</strong></span> <span class='ocrx_word' id='word_1_616' title='bbox 3073 5024 3337 5095; x_wconf 88' lang='lat' dir='ltr'><strong>Spiritum</strong></span> <span class='ocrx_word' id='word_1_617' title='bbox 3380 5039 3502 5077; x_wconf 81' lang='lat' dir='ltr'><strong>san-</strong></span> 
     </span>
    </p>
   </div>
   <div class='ocr_carea' id='block_1_107' title="bbox 1917 5115 3504 5195">
    <p class='ocr_par' dir='ltr' id='par_1_107' title="bbox 1917 5115 3504 5195">
     <span class='ocr_line' id='line_1_108' title="bbox 1917 5115 3504 5195; baseline -0.006 -15"><span class='ocrx_word' id='word_1_618' title='bbox 1917 5133 2064 5190; x_wconf 88' lang='lat' dir='ltr'><strong>ctum</strong></span> <span class='ocrx_word' id='word_1_619' title='bbox 2093 5123 2265 5195; x_wconf 90' lang='lat' dir='ltr'><strong>gradu</strong></span> <span class='ocrx_word' id='word_1_620' title='bbox 2292 5119 2624 5177; x_wconf 84' lang='lat' dir='ltr'><strong>deturbavit.</strong></span> <span class='ocrx_word' id='word_1_621' title='bbox 2671 5118 2897 5174; x_wconf 85' lang='lat' dir='ltr'><strong>[)ucenti</strong></span> <span class='ocrx_word' id='word_1_622' title='bbox 2938 5118 3030 5188; x_wconf 89' lang='lat' dir='ltr'><strong>qui</strong></span> <span class='ocrx_word' id='word_1_623' title='bbox 3055 5117 3157 5172; x_wconf 89' lang='lat' dir='ltr'><strong>sub</strong></span> <span class='ocrx_word' id='word_1_624' title='bbox 3192 5115 3504 5171; x_wconf 88' lang='lat' dir='ltr'><strong>Theodosio</strong></span> 
     </span>
    </p>
   </div>
   <div class='ocr_carea' id='block_1_108' title="bbox 1915 5210 3499 5286">
    <p class='ocr_par' dir='ltr' id='par_1_108' title="bbox 1915 5210 3499 5286">
     <span class='ocr_line' id='line_1_109' title="bbox 1915 5210 3499 5286; baseline -0.008 -13"><span class='ocrx_word' id='word_1_625' title='bbox 1915 5216 2142 5273; x_wconf 80' lang='lat' dir='ltr'><strong>Juniore</strong></span> <span class='ocrx_word' id='word_1_626' title='bbox 2179 5217 2322 5286; x_wconf 60' lang='lat' dir='ltr'><strong>amid</strong></span> <span class='ocrx_word' id='word_1_627' title='bbox 2358 5213 2634 5284; x_wconf 85' lang='lat' dir='ltr'><strong>Ephesum</strong></span> <span class='ocrx_word' id='word_1_628' title='bbox 2669 5220 3068 5276; x_wconf 81' lang='lat' dir='ltr'><strong>convenerunt,</strong></span> <span class='ocrx_word' id='word_1_629' title='bbox 3116 5210 3499 5279; x_wconf 89' lang='lat' dir='ltr'><strong>impiissimum</strong></span> 
     </span>
    </p>
   </div>
   <div class='ocr_carea' id='block_1_109' title="bbox 1918 5301 3500 5370">
    <p class='ocr_par' dir='ltr' id='par_1_109' title="bbox 1918 5301 3500 5370">
     <span class='ocr_line' id='line_1_110' title="bbox 1918 5301 3500 5370; baseline -0.006 -7"><span class='ocrx_word' id='word_1_630' title='bbox 1918 5308 2254 5370; x_wconf 82' lang='lat' dir='ltr'><strong>Nestorium,</strong></span> <span class='ocrx_word' id='word_1_631' title='bbox 2308 5306 2585 5360; x_wconf 88' lang='lat' dir='ltr'><strong>hominem</strong></span> <span class='ocrx_word' id='word_1_632' title='bbox 2642 5304 2869 5359; x_wconf 89' lang='lat' dir='ltr'><strong>seorsim</strong></span> <span class='ocrx_word' id='word_1_633' title='bbox 2922 5318 2987 5357; x_wconf 90' lang='lat' dir='ltr'><strong>ac</strong></span> <span class='ocrx_word' id='word_1_634' title='bbox 3051 5302 3222 5356; x_wconf 90' lang='lat' dir='ltr'><strong>Deum</strong></span> <span class='ocrx_word' id='word_1_635' title='bbox 3273 5301 3500 5354; x_wconf 90' lang='lat' dir='ltr'><strong>seorsim</strong></span> 
     </span>
    </p>
   </div>
   <div class='ocr_carea' id='block_1_110' title="bbox 1917 5394 3505 5468">
    <p class='ocr_par' dir='ltr' id='par_1_110' title="bbox 1917 5394 3505 5468">
     <span class='ocr_line' id='line_1_111' title="bbox 1917 5394 3505 5468; baseline -0.003 -15"><span class='ocrx_word' id='word_1_636' title='bbox 1917 5399 2210 5455; x_wconf 91' lang='lat' dir='ltr'><strong>Dominum</strong></span> <span class='ocrx_word' id='word_1_637' title='bbox 2235 5399 2510 5454; x_wconf 89' lang='lat' dir='ltr'><strong>dicentem</strong></span> <span class='ocrx_word' id='word_1_638' title='bbox 2555 5397 2905 5468; x_wconf 87' lang='lat' dir='ltr'><strong>expulerunt,</strong></span> <span class='ocrx_word' id='word_1_639' title='bbox 2939 5394 3044 5461; x_wconf 92' lang='lat' dir='ltr'><strong>Qui</strong></span> <span class='ocrx_word' id='word_1_640' title='bbox 3091 5394 3238 5465; x_wconf 86' lang='lat' dir='ltr'><strong>apud</strong></span> <span class='ocrx_word' id='word_1_641' title='bbox 3274 5394 3505 5448; x_wconf 88' lang='lat' dir='ltr'><strong>Calche-</strong></span> 
     </span>
    </p>
   </div>
   <div class='ocr_carea' id='block_1_111' title="bbox 1917 5489 3497 5546">
    <p class='ocr_par' dir='ltr' id='par_1_111' title="bbox 1917 5489 3497 5546">
     <span class='ocr_line' id='line_1_112' title="bbox 1917 5489 3497 5546; baseline -0.004 0"><span class='ocrx_word' id='word_1_642' title='bbox 1917 5491 2116 5546; x_wconf 88' lang='lat' dir='ltr'><strong>donem</strong></span> <span class='ocrx_word' id='word_1_643' title='bbox 2148 5505 2274 5545; x_wconf 90' lang='lat' dir='ltr'><strong>cum</strong></span> <span class='ocrx_word' id='word_1_644' title='bbox 2309 5489 2579 5543; x_wconf 83' lang='lat' dir='ltr'><strong>Marciano</strong></span> <span class='ocrx_word' id='word_1_645' title='bbox 2609 5497 2989 5544; x_wconf 88' lang='lat' dir='ltr'><strong>convenerunt</strong></span> <span class='ocrx_word' id='word_1_646' title='bbox 3021 5496 3240 5542; x_wconf 70' lang='grc' dir='ltr'>ιειετηεε</span> <span class='ocrx_word' id='word_1_647' title='bbox 3285 5501 3497 5540; x_wconf 83' lang='lat' dir='ltr'><strong>memo-</strong></span> 
     </span>
    </p>
   </div>
   <div class='ocr_carea' id='block_1_112' title="bbox 1917 5580 3496 5653">
    <p class='ocr_par' dir='ltr' id='par_1_112' title="bbox 1917 5580 3496 5653">
     <span class='ocr_line' id='line_1_113' title="bbox 1917 5580 3496 5653; baseline -0.004 -14"><span class='ocrx_word' id='word_1_648' title='bbox 1917 5583 2016 5638; x_wconf 71' lang='lat' dir='ltr'><strong>ria:</strong></span> <span class='ocrx_word' id='word_1_649' title='bbox 2060 5581 2228 5653; x_wconf 89' lang='lat' dir='ltr'><strong>digni,</strong></span> <span class='ocrx_word' id='word_1_650' title='bbox 2284 5580 2582 5653; x_wconf 85' lang='lat' dir='ltr'><strong>Eutychem</strong></span> <span class='ocrx_word' id='word_1_651' title='bbox 2645 5581 2906 5652; x_wconf 89' lang='lat' dir='ltr'><strong>opinione</strong></span> <span class='ocrx_word' id='word_1_652' title='bbox 2961 5589 3171 5635; x_wconf 89' lang='lat' dir='ltr'><strong>tantum</strong></span> <span class='ocrx_word' id='word_1_653' title='bbox 3215 5587 3496 5650; x_wconf 87' lang='lat' dir='ltr'><strong>peractum</strong></span> 
     </span>
    </p>
   </div>
   <div class='ocr_carea' id='block_1_113' title="bbox 1917 5674 3494 5746">
    <p class='ocr_par' dir='ltr' id='par_1_113' title="bbox 1917 5674 3494 5746">
     <span class='ocr_line' id='line_1_114' title="bbox 1917 5674 3494 5746; baseline -0.004 -16"><span class='ocrx_word' id='word_1_654' title='bbox 1917 5690 2039 5730; x_wconf 91' lang='lat' dir='ltr'><strong>esse</strong></span> <span class='ocrx_word' id='word_1_655' title='bbox 2057 5690 2310 5745; x_wconf 87' lang='lat' dir='ltr'><strong>magnum</strong></span> <span class='ocrx_word' id='word_1_656' title='bbox 2334 5675 2648 5746; x_wconf 88' lang='lat' dir='ltr'><strong>mysterium</strong></span> <span class='ocrx_word' id='word_1_657' title='bbox 2670 5674 2852 5729; x_wconf 90' lang='lat' dir='ltr'><strong>dicere</strong></span> <span class='ocrx_word' id='word_1_658' title='bbox 2878 5689 3069 5728; x_wconf 83' lang='lat' dir='ltr'><strong>ausum</strong></span> <span class='ocrx_word' id='word_1_659' title='bbox 3089 5674 3494 5742; x_wconf 85' lang='lat' dir='ltr'><strong>deposuerunt:</strong></span> 
     </span>
    </p>
   </div>
   <div class='ocr_carea' id='block_1_114' title="bbox 1917 5767 3494 5838">
    <p class='ocr_par' dir='ltr' id='par_1_114' title="bbox 1917 5767 3494 5838">
     <span class='ocr_line' id='line_1_115' title="bbox 1917 5767 3494 5838; baseline -0.003 -13"><span class='ocrx_word' id='word_1_660' title='bbox 1917 5787 1980 5825; x_wconf 92' lang='lat' dir='ltr'><strong>ac</strong></span> <span class='ocrx_word' id='word_1_661' title='bbox 2007 5770 2318 5825; x_wconf 85' lang='lat' dir='ltr'><strong>Nestorium</strong></span> <span class='ocrx_word' id='word_1_662' title='bbox 2345 5779 2402 5825; x_wconf 91' lang='lat' dir='ltr'><strong>et</strong></span> <span class='ocrx_word' id='word_1_663' title='bbox 2431 5770 2768 5834; x_wconf 83' lang='lat' dir='ltr'><strong>Dioscorum,</strong></span> <span class='ocrx_word' id='word_1_664' title='bbox 2799 5769 2890 5838; x_wconf 94' lang='lat' dir='ltr'><strong>qui</strong></span> <span class='ocrx_word' id='word_1_665' title='bbox 2935 5768 3127 5824; x_wconf 85' lang='lat' dir='ltr'><strong>similia</strong></span> <span class='ocrx_word' id='word_1_666' title='bbox 3167 5782 3197 5821; x_wconf 89' lang='lat' dir='ltr'><strong>e</strong></span> <span class='ocrx_word' id='word_1_667' title='bbox 3228 5767 3494 5822; x_wconf 88' lang='lat' dir='ltr'><strong>diametro</strong></span> 
     </span>
    </p>
   </div>
   <div class='ocr_carea' id='block_1_115' title="bbox 1919 5859 3498 5934">
    <p class='ocr_par' dir='ltr' id='par_1_115' title="bbox 1919 5859 3498 5934">
     <span class='ocr_line' id='line_1_116' title="bbox 1919 5859 3498 5934; baseline 0 -20"><span class='ocrx_word' id='word_1_668' title='bbox 1919 5877 2179 5934; x_wconf 73' lang='lat' dir='ltr'><strong>perverse</strong></span> <span class='ocrx_word' id='word_1_669' title='bbox 2226 5862 2532 5917; x_wconf 84' lang='lat' dir='ltr'><strong>ratiocinati</strong></span> <span class='ocrx_word' id='word_1_670' title='bbox 2581 5862 2816 5918; x_wconf 85' lang='lat' dir='ltr'><strong>fuerant.</strong></span> <span class='ocrx_word' id='word_1_671' title='bbox 2868 5862 3022 5932; x_wconf 81' lang='lat' dir='ltr'><strong>Apud</strong></span> <span class='ocrx_word' id='word_1_672' title='bbox 3067 5862 3264 5932; x_wconf 81' lang='lat' dir='ltr'><strong>regiam</strong></span> <span class='ocrx_word' id='word_1_673' title='bbox 3307 5859 3498 5916; x_wconf 86' lang='lat' dir='ltr'><strong>urbem</strong></span> 
     </span>
    </p>
   </div>
  </div>
