3868 6484
255 400 258 404 ’
366 387 481 451 283

1466 387 1841 448 SYMEONIS
1880 388 2460 449 METAPHRAST/E

3497 380 3606 444 284

360 511 582 556 centum
645 501 925 572 sexaginta
979 499 1223 571 quinque
1272 501 1579 557 Iustiniano
1638 503 1940 573 imperante

2081 501 2438 558 Ιουστινιανοῦ
2463 499 2558 555 τοῦ
2589 499 2827 572 μεγάλου
2875 495 3294 568 συνεληλύθασιν
3316 512 3330 528 ·
3379 496 3430 550 οἶ
3463 496 3610 568 Ὦρι-

362 605 758 657 convenerunt,
800 593 891 662 qui
931 592 1220 664 Origenem
1260 609 1548 664 corporum
1602 595 1931 648 animarum-

363 700 469 755 que
495 684 754 740 circuitus
781 684 1161 750 allirmantem,
1193 701 1408 741 necnon
1432 687 1596 741 etiam
1625 685 1932 741 Theodori-

365 787 477 831 tum
512 784 698 830 contra
723 776 1008 832 duodecim
1045 777 1226 849 Cyrilli
1258 777 1432 848 capita
1463 780 1721 834 audacter
1748 779 1933 835 invec-

365 877 500 931 tum,
526 867 873 938 anathemate
898 869 1269 938 perculerunt.
1307 869 1546 942 Byzantii
1572 886 1601 923 a
1630 870 1936 927 Constanti-

362 975 434 1013 no
463 969 650 1014 coacta
697 970 783 1014 est
829 961 1086 1030 synodus,
1127 977 1247 1030 qua
1292 961 1590 1017 Honorium
1627 962 1832 1025 Romae.
1863 977 1928 1017 ac

365 1050 613 1120 Sergium
652 1050 1176 1121 Constantinopolis,
1221 1054 1506 1124 episcopos
1539 1069 1701 1108 unam
1732 1055 1930 1108 volun-

366 1138 556 1196 tatem
587 1158 859 1212 unamque
899 1145 1270 1214 operationem
1322 1146 1664 1217 dogmatibus
1695 1147 1810 1202 suis
1833 1147 1932 1202 do-
1957 1210 1959 1213 η

263 1258 268 1262 -
363 1244 552 1286 centes
582 1232 765 1301 eiecit.

433 1325 489 1378 2.
554 1323 685 1390 Quae
753 1325 1122 1394 apostolorum
1202 1327 1577 1383 sanctionibus
1643 1311 1936 1386 Clementis

365 1430 529 1484 opera
559 1418 744 1482 editis,
775 1418 962 1472 furtim
986 1418 1054 1473 ab
1078 1419 1348 1474 bareticis
1372 1420 1574 1477 inserta
1593 1431 1742 1507 sunt,
1774 1438 1937 1493 repu-

366 1507 584 1562 dianda.

431 1601 485 1654 5.
527 1597 847 1655 Sacerdotes
876 1602 1073 1671 bigami
1102 1610 1264 1672 atque
1318 1603 1726 1672 impcenitentes
1769 1606 1936 1676 gradu

2037 595 2202 664 γένην
2232 592 2501 663 σωμάτων
2530 591 2626 645 καὶ
2643 590 2832 661 ψυχῶν
2855 589 3138 660 περιόδους
3161 588 3607 660 ἀποφηνάμενον,

2036 686 2130 739 καὶ
2160 684 2506 755 Θεοδώρητον
2562 683 2706 737 κατὰ
2732 681 2842 736 τῶν
2871 679 3080 735 δώδεκα
3128 679 3441 749 κεφαλαίων
3472 680 3611 753 θρα-

2038 776 2302 830 συνθέντα
2338 771 2610 844 Κυρίλλου
2644 773 3072 844 ἀνεθεμάτισαν.
3117 773 3243 825 Ἐπὶ
3277 771 3376 843 τὴν
3404 770 3614 834 Βύζαν-

2036 884 2128 920 τον
2159 866 2266 919 ὑπὸ
2295 865 2707 920 Κωνσταντίνου
2735 865 2834 918 τοῦ
2869 866 3210 936 Πωγωνάτου
3266 864 3611 918 συνείλεκται

2039 957 2277 1021 σύνοδος,
2336 957 2371 1027 ἢ
2414 956 2670 1027 Ὀνώριον
2719 957 2810 1012 τὸν
2851 954 3093 1029 Ῥώμης.
3140 957 3237 1011 καὶ
3261 955 3486 1026 Σέργιον
3516 953 3611 1006 τὸν

2036 1047 2136 1117 τῆς
2189 1044 2621 1111 Κωνσταντίνου,
2656 1047 2714 1100 ἓν
2767 1046 2982 1119 θέλημα
3006 1048 3102 1102 καὶ
3149 1045 3611 1119 μίανγὲνέργειαν

2038 1137 2470 1208 δογματίσαντας
2509 1118 2913 1209 ἀποϐέϐληκεν.
3298 1118 3324 1142 “

2113 1337 2178 1408 β’.
2225 1337 2308 1390 Τὰ
2343 1338 2494 1410 παρὰ
2533 1339 2641 1390 τῶν
2675 1337 3006 1410 ἑτεροδόξων
3060 1336 3405 1408 κλοπιμαίως
3444 1335 3614 1406 ἐμϐεο

2040 1426 2306 1499 ὁλημένα,
2333 1431 2456 1492 ταῖς
2488 1427 2806 1500 Κλήμεντος
2827 1427 3274 1483 τῶν-ἀποστόλων
3304 1426 3614 1491 δ-ιατάξεσιν

2039 1520 2218 1591 ἀποκή
2229 1536 2423 1590 ρυκτα.
3211 1594 3213 1596 η
3231 1597 3233 1600 ι

2109 1618 2182 1680 γ’.
2231 1611 2419 1682 ἰερείς
2445 1611 2664 1682 δίγαμοι
2688 1614 2782 1666 καὶ
2825 1611 3294 1684 ἁμεταμελέτητοι
3335 1609 3619 1680 καθῄρην-

365 1689 495 1742 moti
523 1701 649 1744 sunt
676 1708 688 1743 :
711 1691 805 1761 qui
846 1707 974 1747 vero
996 1693 1197 1767 malum
1219 1709 1250 1746 a
1283 1708 1342 1747 se
1371 1703 1743 1760 removerunt,
1784 1713 1938 1753 sacro

2081 1720 2152 1757 αι.
2198 1703 2262 1755 Οἱ
2286 1702 2344 1755 δὲ
2386 1701 2448 1756 τὸ
2490 1703 2661 1756 κακὸν
2691 1702 3090 1767 ἀπελάσαντες,
3133 1701 3237 1772 τῆς
3275 1697 3620 1769 λειτουργίας

364 1796 590 1836 munere
658 1799 830 1854 usque
899 1785 966 1838 ad
1027 1793 1237 1840 certum
1295 1795 1509 1856 tempus
1565 1789 1936 1847 abstinebant.

2041 1795 2134 1848 ἐπὶ
2202 1794 2367 1870 ῥητόν
2426 1793 2725 1848 παύσονται
2767 1795 2978 1866 χρόνον·
3014 1795 3117 1848 οὐκ
3169 1791 3387 1861 εὐλογεῖ
3441 1790 3547 1860 γὰρ
3589 1789 3622 1840 6

365 1870 548 1940 Neque
599 1874 743 1928 enim
792 1875 1064 1930 benedicit
1120 1878 1454 1945 vulneratus,
1505 1889 1561 1934 et
1601 1882 1693 1950 qui
1749 1893 1940 1939 contra

2082 1863 2408 1958 ραυματίας,
2435 1889 2527 1940 καὶ
2557 1889 2606 1940 oi
2631 1863 2966 1958 παρανόμως
2989 1885 3362 1957 γαμήσαντες.

366 1967 509 2036 leges
541 1968 949 2023 matrimonium
980 1979 1398 2025 contraxerunt.

433 2059 486 2111 4.
545 2059 609 2112 Et
655 2060 744 2129 qui
791 2069 917 2131 post
951 2061 1276 2116 viduitatem
1321 2063 1638 2134 conjugium
1671 2066 1940 2134 inierunt,

2119 2069 2180 2123 δ’.
2223 2069 2335 2123 Καὶ
2363 2069 2413 2122 οἱ
2441 2071 2579 2140 μετὰ
2612 2068 2708 2139 τὴν
2744 2068 3080 2140 χειροτονίαν
3109 2066 3455 2135 συζυγέντες,
3483 2064 3626 2132 μετὰ

363 2157 487 2217 post
518 2160 726 2204 certum
771 2159 983 2221 tempus
1011 2153 1270 2222 gradibus
1293 2153 1406 2208 suis
1434 2154 1812 2218 restituantur,
1868 2157 1944 2211 ita

2083 2161 2142 2213 δν
2157 2159 2318 2233 ῥητὸν
2329 2160 2520 2230 χρόνον
2534 2160 2657 2222 τοὺς
2677 2158 2775 2229 eae
2785 2160 2918 2230 μοὺς
2930 2157 3368 2229 γνωριζέτωσαν,
3383 2153 3629 2224 ἀπρόκο-

367 2252 566 2305 tamen,
617 2253 675 2298 ut
719 2245 784 2299 ad
817 2244 1037 2300 altiores
1067 2261 1180 2300 non
1209 2258 1652 2316 promoveantur,
1686 2248 1943 2320 conjugio

2081 2267 2143 2306 εοι
2178 2251 2449 2322 μένοντες,
2487 2249 2689 2320 δηλαδὴ
2713 2249 2814 2318 τὴν
2837 2248 3100 2317 συζυγίαν
3140 2247 3425 2316 ἀφέμενοι.
3465 2245 3530 2298 Ol
3565 2244 3629 2298 δὲ

366 2330 576 2386 scilicet
629 2330 876 2391 dimisso.
941 2335 1042 2402 Qui
1104 2353 1232 2392 vero
1284 2338 1447 2393 etiam
1488 2346 1611 2408 post
1659 2339 1943 2396 deﬁnitum

2081 2341 2192 2395 ιετὰ
2223 2333 2316 2394 τὸν
2345 2341 2493 2410 ὅρον,
2537 2341 2631 2394 καὶ
2678 2335 2950 2411 λυόμενοι,
2998 2337 3438 2412 ὲκκαθῃρημένυι
3464 2333 3632 2406 μενέ-

367 2433 601 2496 tempus.
625 2427 873 2486 dissoluti
898 2439 952 2484 et
983 2431 1216 2500 depositi
1249 2443 1525 2488 maneant.
2051 2448 2253 2486 τωσαν.
3092 2427 3099 2436 ⁷

437 2516 490 2571 5.
551 2518 797 2575 Clericus
858 2536 981 2576 cum
1051 2522 1264 2577 Domini
1329 2540 1527 2595 sponsa
1597 2525 1969 2587 matrimonio.

367 2611 1104 2685 copulatu.s,'deponatu.r:
1168 2616 1338 2675 laicus
1396 2633 1528 2674 vero
1570 2620 1948 2679 excommuni-

367 2714 544 2760 CCllll‘.

436 2797 488 2856 6.
523 2797 818 2856 Eunuchus
841 2801 1094 2857 sacerdos
1119 2802 1344 2857 ancillas
1371 2812 1464 2864 aut
1509 2801 1666 2868 alias,
1706 2805 1950 2875 exceptis

367 2898 614 2965 personis
640 2912 760 2977 qua;
791 2899 1101 2969 suspicione
1130 2909 1343 2961 vacant,
1386 2915 1456 2955 ne
1484 2899 1702 2956 habeat.

441 2993 491 3046 7.
541 2991 864 3057 Ordinatus,
922 2991 968 3049 si
1017 2993 1368 3050 matrimonio
1423 2994 1650 3063 junctus
1693 2995 1799 3061 sit,
1848 2996 1947 3052 de-

369 3083 612 3152 ponitur.
701 3094 710 3103 '

438 3173 489 3226 8.
526 3173 798 3228 Diaconos
823 3175 984 3231 etiam
1018 3176 1258 3233 cilicium
1289 3178 1517 3245 habens,
1572 3178 1678 3235 nisi
1711 3179 1950 3236 vicarius

2122 2483 2490 2595 liknptxbg
2514 2522 2702 2594 νύμφῃ
2728 2522 2864 2575 Θεοῦ
2905 2483 3311 2591 συναπτόμενος
3341 2517 3635 2589 καθαιρεί-

2055 2618 2187 2674 σθω.
2221 2614 2425 2679 Δαῐκδς
2454 2616 2512 2670 δὲ
2536 2613 2903 2686 ἀφοριζέσθω.

2129 2798 2207 2864 ς’.
2246 2798 2358 2851 Καὶ
2403 2794 2662 2867 εὐνοῦχος
2687 2795 2888 2866 ἱερεὺς,
2913 2791 3323 2863 θεραπαινίδας,
3353 2790 3384 2862 ἢ
3416 2789 3638 2859 ἑτέρας,

2056 2890 2197 2963 πλὴν
2223 2891 2330 2943 τῶν
2353 2889 2681 2944 ἀνυπόπτων
2722 2887 2796 2957 μὴ
2830 2884 3116 2955 κεκτήσθω
3141 2884 3470 2955 προσώπων.

2129 2983 2193 3050 ζ’.
2251 2984 2308 3038 '0
2333 2979 2750 3053 χειροτονηθεὶς,
2773 2978 2824 3032 εί
2857 2976 3176 3046 ζεύγνυται,
3210 2974 3578 3045 ηθαιρεῖται.

2126 3164 2196 3242 ητ.
2241 3167 2352 3221 Καὶ
2394 3166 2650 3236 όφφίκιον
2679 3164 2820 3237 ἔχων
2853 3162 3118 3246 διάκονος,
3151 3161 3201 3215 εί
3225 3159 3301 3231 μὴ
3330 3173 3643 3228 τοποτηρη-

442 3219 489 3226 ν-
526 3219 797 3228 --πνηη
824 3219 984 3231 -.......
1020 3219 1258 3233 -...-......
1291 3219 1517 3245 ............,
1573 3219 1678 3235 ...ω
1720 3219 1947 3236 ..υ-...η

369 3265 441 3316 sit
493 3264 820 3332 patriarchae
877 3276 973 3321 aut
1025 3268 1292 3339 episcopi,
1345 3269 1392 3324 si
1439 3279 1568 3326 ante
1601 3272 1947 3344 presbyteros

2244 3219 2608 3331 πατριάρχου,
2638 3257 2671 3328 ἢ
2701 3219 3026 3322 ἕπισκόπου,
3191 3219 3612 3322 τίὺνπρεσϐυτέ
3628 3279 3643 3290 -

260 3388 268 3396 -
369 3347 589 3420 sedeat,
608 3358 679 3414 sit
709 3361 956 3416 omnium
983 3371 1314 3432 postremus.

438 3451 493 3504 9.
534 3451 744 3522 ingredi
783 3469 1082 3524 cauponam
1109 3442 1530 3525 prohibitusiest
1554 3459 1946 3524 clericus,ma-

370 3542 453 3612 gis
480 3543 640 3598 etiam
665 3544 866 3600 habere
897 3547 1296 3616 prohibebitur.

444 3637 531 3692 10.
570 3637 769 3708 Azyma
797 3639 1109 3697 Iudaeorum
1137 3643 1481 3713 respuenda:
1512 3645 1605 3715 qui
1633 3660 1763 3702 vero
1784 3647 1949 3702 etiam

373 3727 616 3782 medicos
668 3729 815 3799 ipsos
861 3732 930 3786 ad
969 3747 1029 3788 se
1080 3742 1259 3800 vocat,
1317 3746 1410 3790 aut
1449 3751 1574 3791 cum
1608 3737 1675 3793 iis
1719 3739 1951 3807 lavatur,

374 3817 679 3887 ejiciendus
700 3834 802 3877 est.

446 3911 534 3967 11.
574 3911 642 3968 Ει
667 3914 709 3969 si
739 3915 943 3972 dictum
987 3916 1057 3972 sit
1086 3933 1196 3973 non
1216 3933 1338 3974 esse
1358 3920 1681 3990 ejiciendam
1705 3938 1950 3990 uxorem,

376 4009 557 4056 tamen
614 4006 880 4073 prolectui
936 4007 994 4062 in
1038 4010 1236 4064 melius
1273 4012 1686 4082 pr05picientes,
1734 4016 1953 4085 praesidi

375 4094 468 4164 qui
515 4096 814 4164 ordinatur,
849 4115 920 4160 ne
957 4102 1193 4172 amplius
1226 4118 1352 4160 cum
1386 4121 1555 4162 uxore
1587 4107 1818 4174 habitet,
1857 4109 1946 4164 de-

376 4199 714 4256 nuntiamus.
1564 4220 1569 4225 ·

451 4287 535 4340 12.
583 4289 842 4354 Quamvis
873 4292 1100 4350 Romani
1133 4311 1259 4350 eum
1284 4297 1376 4367 qui
1407 4297 1476 4352 ad
1517 4297 1864 4354 diaconatum
1897 4307 1954 4353 et

376 4380 806 4452 presbyteratum
830 4396 1202 4455 promovetur,
1225 4403 1446 4443 uxorem
1468 4389 1741 4446 dimittere
1763 4391 1952 4448 volue-

376 4471 526 4529 rint:
584 4489 686 4530 nos
726 4474 1080 4532 diaconorum
1109 4493 1172 4532 ac
1206 4479 1642 4550 presbyterorum
1674 4481 1948 4537 connubia

375 4566 556 4622 valere
581 4569 834 4626 volumus
860 4590 872 4626 :
905 4571 996 4643 qui
1024 4582 1208 4627 autem
1237 4571 1534 4630 dissolvere
1570 4576 1827 4647 coegerit,
1854 4576 1952 4631 de-
1989 4558 2031 4614 ί)

415 4669 637 4718 onetur.

415 4678 637 4718 onetur.
1590 4678 1594 4682 '

379 4678 412 4731 ρ
449 4753 534 4810 15.
567 4753 854 4827 Presbyter
885 4755 1104 4829 triginta
1150 4757 1310 4814 annis
1346 4757 1547 4822 minor,
1585 4767 1642 4814 et
1695 4759 1958 4817 diaconus

378 4843 568 4913 viginti
599 4846 860 4916 quinque,
897 4856 952 4901 et
975 4848 1282 4904 diaconissa
1302 4849 1702 4936 _quadraginta,
1735 4866 1798 4906 ac
1823 4852 1957 4907 sub-

377 4934 640 4990 diaconus
669 4936 880 5008 viginti,
905 4937 1215 5009 deponendi
1237 4934 1388 4995 sunt.

451 5121 538 5174 M.
572 5118 676 5185 Qui
697 5119 828 5175 dicit
850 5131 1060 5190 septem
1088 5119 1350 5177 diaconos
1377 5134 1521 5188 esse,
1547 5118 1702 5190 juxta
1734 5121 1790 5178 id
1815 5124 1960 5193 quod

379 5211 433 5264 in
468 5212 680 5266 actibus
714 5213 918 5268 dictum
951 5221 1053 5280 est,
1107 5214 1248 5268 sciat
1277 5227 1389 5267 non
1430 5213 1499 5268 de
1532 5213 1601 5268 iis
1631 5215 1722 5283 qui
1755 5223 1960 5286 myste-

379 5302 476 5358 riis
506 5303 847 5368 deserviunt,
875 5305 969 5360 sed
1001 5305 1069 5360 de
1091 5305 1159 5360 iis
1189 5305 1282 5375 qui
1311 5304 1519 5365 mensis
1555 5306 1956 5375 ministrabant,

379 5408 689 5448 sermonem
712 5409 855 5450 esse.
1398 5457 1403 5462 ,

454 5487 542 5542 15.
595 5487 699 5554 Qui
745 5487 974 5558 suscipit
1021 5497 1311 5544 externum
1362 5487 1621 5545 clericum
1658 5531 1673 5556 ,
1728 5506 1964 5562 eumque

380 5582 618 5649 ordinat,
649 5597 774 5640 cum
802 5583 942 5640 male
955 5583 1217 5652 ordinato
1247 5581 1559 5653 deponitur.
1629 5601 1631 5604 ·

454 5765 541 5821 16.
591 5766 693 5832 Qui
743 5778 966 5838 propter
993 5767 1354 5824 Barbarorum
1388 5766 1755 5822 incursionem
1783 5766 1961 5820 locum

391 5859 636 5927 mutavit,
671 5859 761 5917 ubi
806 5862 1095 5918 cessaverit
1127 5861 1386 5928 incursio,
1419 5867 1722 5917 revertatur
1751 5857 1816 5912 ad
1843 5872 1961 5911 eam

2058 3371 2168 3427 ρων
2198 3353 2586 3423 καθεζόμενος,
2609 3350 2864 3406 ἁπάντων
2893 3344 3267 3418 ὲσχατώτατος
3301 3343 3496 3398 ἔσοιτο.

2131 3445 2198 3502 θ’.
2245 3445 2487 3499 Είσιέναι
2543 3442 2828 3512 καπηλείῳ
2875 3439 3180 3494 κεκώλυται
3230 3433 3510 3508 κληρικὸς,
3543 3433 3647 3487 καὶ⁵

2055 3535 2606 3612 ἔχειν’κωλυοήσεται
2635 3533 2862 3604 μᾶλλον.

2129 3630 2179 3688 ι’.
2229 3630 2450 3700 ’Δζυμα
2497 3627 2770 3682 Ἰουδαίων
2820 3624 3165 3688 ἀπόπτυστα.
3225 3621 3286 3676 Ὀ
3325 3619 3382 3674 δὲ
3426 3619 3520 3673 καὶ
3557 3617 3644 3672 ία-

2055 3726 2221 3797 τροὺς
2255 3725 2454 3789 αὐτοὺς
2477 3720 2980 3796 προσκαλούμενος,
3015 3718 3048 3788 ἢ
3091 3714 3502 3786 συλλουόμενος,
3544 3710 3646 3764 έκ-

2058 3834 2272 3872 πτωτος
2279 3857 2294 3872 ο

2131 3834 2324 3960 Ξῗςῐέί
2365 3904 2462 3958 καὶ
2507 3901 2758 3956 λέλεκται
2786 3897 2862 3970 μὴ
2887 3894 3169 3952 ἐκϐάλλειν
3216 3892 3470 3962 γυναῖκα,
3505 3887 3649 3944 ἀλλὰ

2055 3999 2155 4070 τῆς
2195 4001 2289 4052 ἐπὶ
2326 3997 2387 4050 τὸ
2431 3997 2685 4065 κρεῖττον
2727 3990 3015 4062 προκοπῆς
3049 3982 3526 4059 προμηθούμενοι,
3560 3981 3648 4052 τῷ

2060 4085 2525 4160 χειροτονουμένῳ
2558 4081 2812 4155 προέδρῳ
2855 4076 3055 4150 μηκέτι
3113 4075 3384 4130 συνοικεῖν
3421 4072 3650 4140 γυναικὶ

2061 4177 2540 4250 παραγγέλλομεν.
2595 4223 2598 4226 .
2770 4216 2775 4221 .
2801 4207 2807 4214 -

2137 4273 2222 4346 ιβ’.
2263 4272 2383 4328 Κᾶδ
2411 4272 2462 4325 oi
2515 4269 2782 4339 Ῥωμαῖοι
2821 4265 2914 4322 τὸν
2950 4264 3032 4328 εἰς
3076 4257 3339 4341 διάκονον⁹
3365 4257 3459 4313 xci.
3506 4273 3652 4328 πρε-

2064 4368 2323 4440 σϐύτερον
2355 4365 2736 4438 προαγόμενον
2777 4360 2996 4429 ἀφεῖναι
3036 4355 3135 4427 τὴν
3191 4353 3422 4423 γυναῖκα
3451 4348 3650 4421 βεϐού-

2060 4467 2273 4538 ληνται,
2295 4465 2460 4535 ἡμεῖς
2491 4457 2771 4532 ἐρρῶσθαι
2798 4454 2868 4509 τὰ
2897 4451 3130 4520 διακόνῳ
3157 4447 3253 4502 καὶ
3283 4442 3652 4538 πρεσϐυτέρῳ

2065 4536 2369 4632 βουλόμεθα
2397 4553 2731 4609 συνοικέσια.
2759 4551 2820 4603 Ὀ
2845 4548 2902 4604 δὲ
2931 4544 3257 4619 βιαζόμενος
3295 4540 3477 4608 λῦσαι,
3510 4536 3652 4591 καθ-

2065 4650 2366 4725 ῃρημένος·
3111 4728 3122 4733 _
3252 4726 3266 4733 ,
3313 4723 3365 4733 _.
3632 4720 3642 4733 .

2135 4743 2225 4813 ιγ’.
2294 4737 2675 4814 Πρεσϐύτερος
2740 4728 3193 4806 τριακονταετίας
3247 4723 3485 4788 ἐνδέων,
3549 4723 3657 4772 καὶ

2061 4837 2311 4898 διάκονος
2339 4824 2876 4891 είκοσαπενταετίας,
2915 4825 3010 4880 καὶ
3028 4821 3345 4877 διακόνισσα
3379 4828 3654 4884 τεσσαρα-

2063 4925 2405 4992 κονταετίας,
2452 4924 2549 4978 καὶ
2585 4918 2931 4982 είκοσαετίας
2972 4913 3351 4978 ύποδιάκονος,
3382 4903 3657 4962 εὐκαθαίο

2103 5035 2236 5073 ετοι.

2069 5037 2236 5167 ρεῖἓῖ.
2255 5108 2575 5166 Γινωσκέτω
2597 5109 2626 5161 6
2653 5105 2828 5175 λέγων
2861 5099 3008 5157 ἑπτὰ
3021 5097 3310 5160 διακόνους
3338 5088 3480 5147 εἶναι
3504 5089 3668 5144 κατά’

2061 5207 2123 5262 τὸ
2156 5205 2447 5278 εἰρημένον
2476 5203 2596 5266 ταῖς
2627 5198 2922 5272 Πράξεσιν,
2955 5195 3040 5284 ὅτι
3067 5191 3128 5247 ού
3310 5186 3429 5284 τῶν
3465 5185 3655 5284 διακρ-

2063 5276 2341 5368 νουμένων
2375 5295 2488 5357 τοῖς
2535 5288 2856 5363 μυστηρίοις
2894 5287 2924 5338 6
2968 5283 3150 5352 λόγος,
3182 5279 3336 5350 ζάλλὰ
3371 5276 3499 5346 περὶ
3537 5276 3655 5327 τῶν

2064 5393 2184 5454 ταῖς
2211 5387 2510 5461 τραπέζαις
2541 5378 2982 5453 ὑπηρετούντων.

2141 5483 2224 5539 ιε’.
2349 5482 2408 5535 '0
2474 5475 2908 5550 προσδεχόμενος
2973 5469 3124 5538 ξένον
3189 5463 3492 5536 κληρικδν,
3556 5461 3657 5513 καὶ

2066 5573 2391 5649 χειροτονῶν
2417 5615 2432 5638 ,
2495 5571 2594 5625 σὺν
2651 5566 2730 5639 τῷ
2787 5563 2975 5626 κακῶς
3027 5555 3462 5632 χειροτονηθέντι
3517 5550 3649 5606 καθ-

2065 5666 2284 5738 ῄρηται.

2139 5765 2236 5823 ις’.
2277 5760 2336 5811 '0
2380 5757 2469 5810 διὰ
2509 5750 2856 5826 βαρϐαρικὴν
2923 5743 3226 5816 ἐπιδρομὴν
3284 5739 3656 5826 μεταναστὰς,

2070 5851 2426 5922 παυσαμένης
2470 5825 2914 5918 τῆςίὲπιδρομῆς
2938 5881 2952 5908 ,
3002 5834 3392 5893 παλινοστείτω
3430 5833 3496 5903 τῇ
3529 5825 3662 5885 καθ’
