3868 6476
309 399 419 460 281

1423 394 1798 458 SYMEONIS
1836 377 2440 451 METAPHRAS’P/E'

3456 389 3568 450 288

308 525 420 563 sam
455 507 940 578 quadragenariam
993 505 1107 561 ﬁeri
1138 506 1416 568 dixerunt,
1451 505 1711 560 validiore
1743 501 1880 554 facta

2027 499 2298 570 αράκοντα
2349 497 2441 566 ἔτη
2475 494 2747 565 γίνεσθαι,
2779 493 3173 565 κραταιοτέρας
3202 491 3302 560 τῆς
3337 491 3571 560 Ἐκκλη-

306 599 568 664 Εοι-Ιρείο,
594 614 693 653 nos
722 613 936 668 quoque
959 599 1124 654 citius
1145 599 1383 670 sigillum
1406 596 1673 652 monacho
1705 595 1880 662 impo-

2027 588 2107 653 ίας
2137 588 2529 659 γεγενημένης,
2562 588 2655 642 καὶ
2685 588 2851 658 ἡμεῖς
2881 584 3137 655 ὀξύτερον
3160 582 3260 654 τὴν
3293 583 3571 654 σφραγῖδα

306 691 516 744 nimus.
551 711 557 716 ·

377 780 466 834 52.
498 780 599 846 Qui
631 780 991 836 ineludendus
1019 789 1124 847 est,
1151 780 1442 836 triennium
1474 779 1527 833 in
1555 773 1883 833 monasterio
1942 803 1947 808 -

1983 679 2062 750 τῷ
2100 680 2386 749 μονάζοντι
2410 677 2817 751 σημαινόμεθα.

2055 770 2155 843 λβ’.
2203 772 2261 824 Ὀ
2295 771 2824 842 ἐγκλεισθησόμενος
2850 768 3097 840 τριετίαν
3152 765 3466 838 προδιάγων
3509 766 3571 816 ἐν

307 871 460 942 prius
519 871 710 941 degat;
768 887 832 926 ac
880 872 1194 940 priusquam
1241 871 1548 925 includatur
1579 868 1667 925 ubi
1717 869 1883 922 alium

2027 863 2063 935 ᾦ
2121 865 2487 934 μοναστηρίῳ,
2542 865 2636 917 καὶ
2682 862 2788 933 πρὸ
2826 861 2929 931 τῆς
2971 859 3330 928 ἐγκλείστρας
3383 859 3572 928 ἕτερον

307 980 511 1018 annum
557 965 798 1035 exegerit
851 966 930 1019 sic
961 965 1316 1036 ingrediatur,
1353 979 1528 1034 neque
1554 963 1883 1035 egrediatur,

308 1057 412 1111 nisi
438 1072 586 1110 mors
611 1065 705 1111 aut
724 1056 1030 1112 communis
1061 1057 1268 1111 utilitas
1293 1065 1468 1126 cogat.

379 1142 471 1201 33.
524 1148 810 1202 Solitarius
867 1148 1009 1217 pulla
1055 1157 1207 1204 veste
1239 1148 1483 1212 indutus,
1528 1153 1691 1215 atque
1729 1143 1887 1200 inde-

313 1245 525 1307 tonsds,
560 1242 666 1295 nisi
719 1242 1008 1297 tondeatur
1052 1242 1494 1312 monasterioque
1553 1241 1884 1314 includatur,

296 1331 449 1386 urbe
469 1333 792 1401 expellatur.
1161 1375 1175 1389 .

379 1424 471 1478 54.
524 1424 765 1490 Quilibet
815 1424 934 1480 vita:
977 1425 1271 1495 procellam
1331 1424 1580 1497 fugiens,
1630 1434 1792 1494 atque
1833 1424 1888 1478 in

316 1516 710 1570 monasterium
762 1514 975 1586 ingredi
1019 1499 1283 1586 cupiens,
1334 1516 1454 1586 ejus
1493 1516 1572 1570 rei
1612 1513 1890 1570 licentiam

318 1606 538 1661 habeat.

388 1699 478 1754 55.
514 1699 811 1756 Monachus
838 1700 1435 1770 'matrimoniojunctus
1472 1708 1565 1754 aut
1593 1699 1890 1763 fornicans,

315 1789 662 1847 fornicatoris
688 1807 908 1862 prauam
942 1792 1156 1847 subeat.
1196 1859 1208 1869 ο

388 1883 478 1938 56.
505 1882 767 1940 Parentes
798 1883 986 1951 ﬁliam,
1025 1899 1147 1955 quae
1184 1884 1482 1940 solitariam
1511 1881 1674 1937 vitam
1695 1882 1893 1954 degere

314 1974 653 2040 instituerit,
706 1975 894 2031 sericis
942 1976 1191 2031 vestibus
1236 1989 1346 2030 non
1399 1974 1666 2040 induent,
1709 1973 1894 2043 sicque

319 2065 561 2120 habitum
581 2067 630 2120 ei
663 2067 1118 2137 circumponent:
1149 2068 1255 2122 hoc
1277 2066 1424 2122 enim
1455 2066 1688 2121 labentis
1704 2065 1893 2120 mundi

243 2145 250 2151 ’
316 2159 620 2213 admonitio
644 2169 748 2215 est.

382 2253 472 2306 37.
533 2249 782 2306 Monialis
830 2267 943 2306 non
998 2252 1309 2325 egredietur
1340 2268 1372 2310 e
1412 2253 1748 2309 monasterio
1787 2253 1894 2308 nisi

315 2357 440 2397 cum
470 2343 856 2400 benedictione
890 2346 1194 2415 praeposita:
1221 2362 1236 2401 :
1298 2361 1364 2402 ac
1388 2361 1567 2417 neque
1593 2361 1723 2402 vero
1755 2345 1892 2413 sola,

315 2436 412 2491 sed
455 2451 580 2491 cum
629 2438 802 2492 altera
860 2438 1122 2494 seniore:
1167 2438 1300 2495 foris
1338 2449 1521 2495 autem
1545 2456 1890 2512 nequaquam

319 2529 904 2597 pernocletzsimiliter
929 2541 985 2587 et
1011 2532 1334 2598 monachus,
1368 2533 1475 2588 nisi
1504 2548 1627 2588 cum
1654 2534 1896 2605 praafecti

315 2622 497 2688 venia,
522 2624 855 2679 monasterio
885 2639 953 2680 ne
984 2625 1311 2696 egrediatur.

381 2716 471 2772 58.
535 2716 724 2787 Neque
775 2717 1062 2772 mulierem
1123 2718 1178 2772 in
1236 2719 1479 2773 virorum
1534 2718 1891 2786 monasterio,

315 2821 494 2875 neque
523 2807 700 2861 virum
728 2806 784 2860 in
818 2808 1074 2864 muliebri
1102 2808 1342 2864 dormire
1380 2817 1616 2878 oportet.

388 2896 479 2951 39.
521 2895 653 2963 Quae
695 2912 726 2952 a
779 2897 964 2979 futuro
1009 2898 1270 2969 episcopo
1315 2909 1566 2969 separata
1601 2908 1722 2965 est,
1767 2909 1894 2970 post

314 2989 716 3044 ordinationem
767 2990 1108 3061 ingrediatur
1140 2993 1556 3058 monasterium,
1597 2992 1790 3063 procul
1823 2994 1893 3048 ab

314 3079 556 3150 episcopi
585 3081 770 3147 domo,
791 3095 856 3136 ac
884 3080 1128 3152 episcopi
1157 3096 1288 3137 cura
1317 3081 1552 3138 fruatur.

383 3347 474 3402 40.
527 3346 970 3434 Qumcunquqex
1009 3364 1282 3408 consensu
1327 3351 1570 3422 episc0pi
1617 3360 1897 3407 exstructa

318 3449 450 3493 sunt
492 3440 848 3508 monasteria,
885 3457 999 3496 non
1032 3442 1264 3513 amplius
1289 3443 1568 3499 saecularia
1595 3442 1899 3498 diversoria

321 3536 477 3603 (lunt,
506 3553 686 3607 neque
723 3537 1077 3593 saecularibus
1117 3539 1434 3594 hominibus
1466 3540 1768 3595 elocantur.

391 3631 482 3686 4i.
542 3631 729 3702 Neque
785 3633 985 3689 laicum
1025 3633 1144 3689 alea
1186 3634 1376 3690 ludere
1422 3626 1682 3704 oportet:
1721 3649 1900 3705 neque

319 3721 641 3776 histrionem
675 3737 818 3778 esse.

380 3811 472 3864 42.
518 3811 708 3880 Neque
755 3811 1081 3881 spectaculis
1104 3822 1160 3869 et
1181 3811 1566 3883 venationibus
1594 3813 1896 3884 indulgere.

387 3905 478 3960 43.
509 3902 622 3958 'Per
657 3913 825 3960 totam
860 3905 1352 3976 quadragesimam,
1384 3907 1627 3976 exceptis
1657 3907 1895 3961 Domini-

318 3995 400 4051 cis
423 4005 479 4051 et
508 3995 768 4063 Sabbato,
803 4006 992 4053 sancta
1021 3998 1346 4054 oﬂ‘eruntur.

378 4106 471 4161 44.
521 4106 816 4180 Susceptps
843 4123 875 4163 a
907 4109 1234 4177 baptismate
1291 4107 1449 4172 filios,
1478 4122 1666 4163 eorum
1703 4107 1894 4162 matri-

317 4199 423 4254 bus
478 4200 720 4269 copulari
770 4215 881 4255 non
931 4200 1099 4255 sines.
1145 4200 1202 4256 Si
1259 4200 1384 4271 quis
1430 4217 1562 4256 vero
1611 4202 1896 4271 copulatus

317 4290 505 4358 fuerit,
551 4299 674 4362 post
715 4291 1161 4361 separationem,
1221 4307 1439 4363 poenam
1496 4307 1717 4363 quoque
1768 4292 1897 4347 sub-

319 4390 430 4437 eat.
1751 4446 1774 4476 ‘

383 4492 472 4548 45.
520 4493 643 4548 Non
701 4496 987 4565 permittes
1041 4498 1276 4568 patrueli
1341 4501 1689 4556 matrimonio
1741 4503 1900 4574 jung',

317 4585 640 4652 patruelem,
687 4559 867 4655 neque
906 4559 1115 4642 tiliae-et
1154 4588 1312 4643 matri
1348 4589 1518 4644 (ilium
1569 4601 1625 4646 et
1658 4559 1892 4663 patrem],
1936 4559 1978 4613 θ

320 4689 495 4744 neque
531 4675 747 4731 duobus
774 4676 1036 4733 fratribus
1063 4689 1289 4736 matrem
1319 4689 1373 4736 et
1417 4698 1688 4747 sororem.
1721 4699 1900 4754 neque

319 4767 531 4823 duabus
564 4771 844 4825 sororibus
882 4771 1098 4828 fratres.
1151 4773 1204 4828 Si
1233 4775 1362 4844 quid
1391 4792 1523 4831 vero
1565 4779 1672 4830 tale
1699 4779 1899 4832 factum

319 4861 506 4930 fuerit,
570 4872 695 4933 post
751 4865 1186 4936 dissolutionem,
1222 4870 1510 4938 septennio
1565 4871 1900 4940 pmnitentiat

319 4955 707 5025 subjiciantur.

387 5067 478 5122 46.
536 5065 765 5124 Romani
817 5068 1256 5143 Quadragesima:
1311 5071 1568 5128 Sabbatis
1618 5071 1894 5163 jejunant.

317 5155 588 5213 Admonet
620 5158 784 5230 igitur
840 5161 1080 5230 synodus
1105 5161 1161 5216 in
1197 5162 1282 5217 bis
1310 5162 1475 5217 etiam
1511 5155 1899 5218 canonem'va-

321 5250 452 5304 lere.

383 5360 472 5413 47.
513 5359 763 5415 Armenii
807 5377 907 5418 ova
935 5372 989 5418 et
1027 5377 1248 5418 caseum
1287 5363 1727 5435 Quadragesimaa
1758 5363 1898 5418 Sab-

318 5453 459 5508 batis
487 5454 834 5511 manducant.
900 5455 1176 5512 Statutum
1209 5458 1478 5530 estigitur
1510 5467 1680 5515 totum
1708 5452 1897 5514 orbem

319 5548 389 5600 ab
420 5546 504 5602 bis
541 5549 706 5603 etiam
731 5549 1008 5606 abstinere
1040 5568 1054 5604 :
1090 5550 1175 5609 sin
1213 5565 1364 5617 vero,
1414 5551 1634 5621 penitus
1682 5565 1900 5608 excom-

318 5655 610 5696 llllllllcal‘lo

385 5751 473 5806 48.
510 5753 706 5808 [.aicus
734 5752 835 5809 sibi
864 5753 965 5825 ipsi
997 5755 1434 5812 communionem
1467 5773 1572 5812 non
1601 5759 1844 5832 impertit
1879 5778 1891 5814 :

318 5845 399 5898 sia
436 5862 586 5915 vero,
614 5856 820 5917 septem
849 5848 1038 5904 diebus
1073 5853 1594 5908 excommunicatur.

1988 955 2232 1008 ἐνιαυτὸν
2264 953 2486 1024 μετιὼν,
2517 953 2692 1015 οὕτως
2716 953 2921 1014 εἰσίτω,
2953 952 3048 1003 καὶ
3087 949 3162 1020 μὴ
3195 949 3377 1015 ἐξίτω,
3412 950 3462 1001 εί
3497 949 3573 1019 μὴ

1990 1043 2226 1114 βιάζοιτο
2257 1044 2505 1106 θάνατος.
2543 1043 2576 1114 ἢ
2601 1041 2736 1113 πρὸς
2765 1042 2826 1095 τὸ
2849 1038 3029 1094 κοινὸν
3059 1037 3391 1093 λυσιτέλεια.

2060 1133 2160 1202 λγ’.
2201 1134 2584 1204 Μελανείμων,
2627 1135 2722 1187 καὶ
2768 1133 3158 1206 ἀκερσεκόμης.
3195 1130 3488 1202 ἐρημίτης,
3523 1129 3574 1180 εί

1993 1223 2068 1294 μὴ
2126 1226 2441 1296 κειρόμενος
2505 1224 2928 1294 ἐγκαταλέγοιτο
2997 1216 3350 1294 μοναστηρίῳ
3387 1260 3402 1284 .
3473 1220 3576 1288 τῆς

1992 1314 2200 1380 πόλεως
2232 1316 2648 1382 ἅπελαυνέσθω.

2062 1403 2156 1462 λδ’.
2203 1407 2420 1460 ’Ἄδειαν
2464 1407 2631 1472 ἄπας,
2666 1406 2746 1460 ὅτι
2779 1405 2890 1478 [ῖσ.
2922 1407 2950 1460 ὁ
2977 1405 3098 1479 τὴν]
3134 1406 3303 1477 ζάλην
3333 1404 3427 1458 τοῦ
3458 1403 3578 1475 βίου

1993 1496 2232 1566 φεύγων,
2283 1500 2379 1552 καὶ
2425 1500 2505 1562 είς
2553 1500 2918 1571 μοναστήριον
2948 1500 3179 1555 εἰσιέναι
3224 1499 3576 1572 βουλόμενος,

1994 1588 2370 1656 ἀπενέγκοιτο.

2063 1680 2155 1734 λε’.
2183 1682 2242 1736 '0
2273 1681 2503 1753 μοναχδς
2525 1680 2910 1754 ζευγνύμενος,
2938 1684 2970 1754 ἢ
3008 1683 3310 1756 πορνεύων,
3333 1682 3582 1754 δεχέσθω

1996 1773 2057 1826 τὸ
2078 1773 2172 1827 τοῦ
2207 1773 2561 1844 πορνεύοντος
2597 1776 2896 1848 ἐπιτίμιον.

1925 1839 1968 1895 Β
2014 1941 2021 1942 7
2067 1865 2176 1930 λς’.
2219 1839 2335 1920 Ουκ
2357 1867 2727 1938 ἀμφιάσουσιν
2751 1839 2806 1922 ὀἱ
2840 1874 3017 1939 γονεῖς
3051 1870 3259 1942 συρικῷ
3287 1870 3387 1942 τὴν
3437 1887 3580 1940 προ-

1995 1941 2258 2030 ἑλομένην
2293 1960 2546 2029 μονάσαι,
2567 1962 2664 2015 καὶ
2687 1960 2830 2015 οὕτω
2870 1963 2930 2015 τὸ
2949 1941 3140 2034 σχῆμα
3166 1962 3580 2034 περιθήσουσινο

1999 2047 2306 2118 ἀνάμνησις
2335 2049 2442 2120 γὰρ
2471 2048 2631 2103 τοῦτο
2654 2049 2747 2104 τοῦ
2781 2051 2996 2122 ῥέοντος
3029 2053 3256 2123 κόσμου.

2067 2225 2168 2292 λζ’.
2229 2228 2345 2282 Οὐκ
2393 2227 2560 2296 ἔξεισι
2595 2230 2876 2300 μονάσασα
2905 2233 3004 2302 τῆς
3047 2231 3237 2302 μονῆς,
3273 2232 3322 2285 εί
3351 2229 3428 2303 μὴ
3456 2233 3587 2302 μετ’

1997 2321 2248 2390 εὐλογίας
2297 2321 2398 2392 τῆς
2453 2321 2848 2394 προεστὼσης·
2900 2324 2998 2378 καὶ
3045 2324 3184 2395 μηδὲ
3227 2324 3387 2395 μόνη,
3440 2325 3586 2379 ἀλλὰ

2001 2414 2120 2486 μεθ’
2152 2415 2344 2485 ἐτέρας
2366 2413 2724 2486 πρεσϐύτιδος
2745 2431 2758 2447 ·
2790 2413 3080 2482 ἐξώκοιτος
3108 2417 3166 2470 δέ
3197 2417 3259 2470 τὺ
3288 2415 3488 2472 ἐπίπαν
3516 2419 3584 2472 οὐ

1997 2505 2232 2574 γίνεται.
2263 2507 2419 2560 Κατὰ
2443 2506 2609 2560 ταυτὺ
2628 2509 2723 2560 καὶ
2757 2508 3006 2576 μονὰζων
3028 2510 3078 2562 εί
3110 2508 3186 2582 μὴ
3217 2509 3343 2580 μετ’
3363 2511 3588 2582 ἐπιτρο-

2000 2599 2110 2670 πῆς
2138 2598 2446 2668 ἡγουμένου
2471 2598 2567 2666 τῆς
2597 2601 2767 2669 μονῆς
2799 2598 2874 2669 μὴ
2898 2599 3081 2664 ἐξίτω.

2041 2687 2172 2761 ’λη⁹.
2213 2688 2350 2742 Οὔτε
2381 2693 2620 2758 γυναῖκα
2649 2689 2828 2760 χρεὼν
2853 2690 3067 2762 ἀνδρῶν
3109 2689 3440 2761 καθευδῆσαι
3479 2707 3588 2762 μο-

2001 2783 2296 2854 ναστηρίῳ,
2331 2781 2457 2835 οὔτε
2489 2782 2764 2850 γυναικῶν
2789 2782 2985 2855 ἄνδρα.
3045 2805 3054 2814 ·

2012 2877 2015 2881 ’
2070 2874 2171 2928 λθ’.
2222 2875 2284 2928 Ἡ
2319 2875 2702 2945 διαζευχθεῖσα
2750 2875 2846 2950 τοῦ
2883 2875 3190 2931 ἐπισκόπου
3223 2875 3589 2950 [ἐπισκοπὴν]

1999 2966 2254 3032 δέξασθαι
2295 2966 2609 3037 μέλλοντος,
2642 2965 2780 3034 μετά
2831 2968 2929 3038 τὴν
2983 2969 3340 3039 χειροτονίαν,
3396 2969 3592 3022 εἰσίτω

2002 3058 2139 3130 πρὸς
2174 3057 2560 3128 μοναστήριον,
2611 3055 2706 3110 τοῦ
2761 3058 3065 3112 ἐπισκόπου
3098 3057 3218 3131 [τῆς
3252 3057 3588 3136 ἐπισκοπῆς]

1916 3192 1960 3251 c
1995 3153 2355 3226 πορρωτάτω,
2390 3150 2488 3205 καὶ
2531 3149 2855 3204 ἀπολαυέτω
2890 3150 2990 3221 τῆς
3043 3152 3304 3222 προνοίας
3325 3151 3420 3205 τοῦ
3459 3153 3589 3205 ἐπι-

2003 3246 2230 3300 σκόπου.

2077 3358 2150 3411 μ.
2193 3341 2337 3393 Ὅσα
2380 3339 2519 3393 κατὰ
2547 3340 2779 3412 γνώμην
2815 3339 3118 3394 ἐπισκόπου
3147 3339 3366 3409 πέπηγε
3416 3355 3588 3410 μονα-

2001 3436 2220 3506 στήρια,
2249 3434 2434 3488 οὐκέτι
2488 3433 2733 3511 κοσμικὰ
2804 3431 3134 3503 καταγώγια
3181 3432 3410 3501 γίνεται,
3460 3431 3590 3485 οὐδὲ

2000 3530 2288 3599 κοσμικοίς
2315 3526 2576 3599 ἀνδράσιν
2600 3525 2888 3578 ἐνδίδοται.

2077 3617 2187 3688 μα’.
2231 3617 2370 3671 Οὐδὲ
2417 3617 2509 3671 τὸν
2551 3617 2738 3671 λαϊκὸν
2776 3615 3050 3680 κυϐεύειν,
3083 3615 3222 3682 δέον⁹
3257 3615 3378 3672 οὐδὲ
3416 3617 3591 3686 μῖμον

2000 3725 2164 3763 ειναι.
2302 3755 2316 3767 .
2377 3736 2380 3740 ’

2075 3797 2186 3870 μβ’.
2227 3798 2363 3852 Οὐδέ
2389 3797 2654 3868 θεάτρων,
2688 3799 2783 3852 καὶ
2809 3796 3084 3870 κυνηγίων
3116 3797 3429 3867 ἀνέχεσθαι.

2073 3889 2182 3962 μγ’.
2207 3891 2301 3946 ’Δι’
2341 3891 2470 3962 ὅλης
2501 3891 2601 3962 τῆς
2629 3891 3110 3962 Τεσσαρακοστῆς,
3149 3890 3272 3962 δίχα
3299 3892 3594 3962 Κυριακῆς

1999 3983 2094 4036 καὶ
2115 3982 2418 4050 Σαϐϐἀτου,
2452 3983 2519 4037 τὰ
2549 3981 2883 4051 ἁγιασθέντα
2913 3982 3270 4054 προσάγεται.

2073 4090 2154 4163 μδ¹
2164 4134 2178 4148 .
2220 4093 2357 4156 Τοὺς
2374 4092 2804 4164 ἀναδεχομένους
2827 4093 3026 4156 παῖδας
3051 4093 3160 4148 ἀπὸ
3184 4092 3588 4164 βαπτίσματος,

1993 4185 2056 4239 οὔ
2089 4185 2425 4256 συναφθῆναι
2450 4188 2574 4248 ταῖς
2601 4185 2712 4238 τῶν
2741 4185 2949 4240 παίδων
2983 4187 3170 4250 ἐάσεις
3204 4187 3501 4258 μητράσιν·
3533 4188 3590 4240 εἰ

1996 4277 2053 4331 δέ
2082 4295 2164 4340 τις
2195 4277 2290 4330 καὶ
2315 4277 2639 4350 συναφθείη,
2669 4279 2813 4349 μετὰ
2835 4279 2896 4332 τὸ
2925 4280 3376 4350 ἀποσυναφθῆναι
3409 4281 3504 4332 καὶ
3526 4281 3600 4334 τὺ

1998 4370 2276 4440 ἐπιτίμιον
2310 4370 2491 4442 γνοίη.
2757 4377 2760 4379 “

2080 4479 2182 4550 με’.
2242 4480 2317 4534 Οὐ
2362 4483 2737 4552 συγχωρήσεις
2798 4482 3067 4555 ἐξαδέλφῃ
3119 4482 3422 4553 συζυγῆναι
3504 4482 3599 4548 ἐξ·

2007 4568 2256 4638 άδελφον,
2307 4568 2426 4623 οὐδὲ
2471 4569 2704 4641 θυγατρὶ
2730 4571 2823 4624 καὶ
2857 4573 3026 4642 μητρὶ
3081 4571 3198 4625 υἱὸν
3229 4573 3325 4624 καὶ
3353 4572 3596 4642 πατέρα,

2007 4659 2128 4712 οὐδὲ
2153 4659 2304 4712 δυσὶν
2333 4657 2582 4728 ἀδελφοῖς
2606 4661 2820 4731 μητέρα
2839 4661 2934 4714 καὶ
2961 4660 3258 4733 θυγατέρα·
3289 4661 3408 4715 οὐδὲ
3437 4663 3555 4716 δυσὶ
3580 4685 3604 4715 π.

1996 4749 2254 4818 ἀδελφαῖς
2305 4749 2591 4820 ἀδελφούς·
2650 4753 2699 4804 εί
2741 4751 2798 4804 δέ
2831 4770 2883 4805 τι
2934 4751 3174 4806 τοιοῦτον
3209 4755 3299 4806 καὶ
3355 4754 3568 4822 γένοιτο

2001 4843 2139 4913 μετὰ
2170 4844 2269 4914 τῆς
2303 4843 2630 4909 διαλύσεως,
2657 4844 2952 4899 ἑπταετίαν
2980 4845 3461 4902 ὑποπιπτέτωσαν.

2073 5070 2188 5141 μς’.
2247 5071 2311 5125 Οἱ
2363 5073 2622 5142 Ῥωμαῖοι
2654 5069 2723 5124 τὰ
2752 5069 2853 5139 τῆς
2877 5071 3334 5141 Τεσσαρακοστῆς
3362 5068 3586 5138 νηστεύ-

1995 5181 2113 5217 ουσι
2144 5164 2419 5218 Σάϐϐατα.
2472 5163 2917 5234 ’Υπομιμνήσκει
2960 5162 3146 5218 τοίνυν
3178 5164 3211 5234 ἠ
3247 5163 3463 5226 σύνοδος
3488 5163 3587 5215 καὶ
3672 5201 3680 5205 -

1996 5257 2090 5310 επὶ
2126 5256 2334 5311 τούτων
2364 5257 2455 5311 τὸν
2493 5255 2848 5310 ἅποστολικὸν
2873 5255 3075 5309 κανόνα
3105 5259 3349 5326 κρατεῖν.

2065 5365 2173 5440 μζῆ
2196 5370 2258 5424 Οἱ
2291 5368 2570 5440 Ἀρμένιοι
2595 5367 2678 5420 ὠὰ
2713 5367 2808 5420 καὶ
2836 5365 3002 5434 τυρὸν
3024 5368 3138 5430 τοῖς
3158 5367 3258 5436 τῆς
3295 5365 3585 5436 Τεσσαρα-

1993 5461 2194 5532 κοστῆς
2226 5461 2467 5515 ἐσθίουσι
2495 5459 2791 5514 Σάϐϐασινο
2830 5458 3060 5531 ὥρισται
3076 5459 3448 5512 τοίνυνπᾶσαν
3481 5457 3584 5529 τὴν

1993 5555 2321 5625 οἰκουμένην
2349 5554 2444 5608 καὶ
2471 5553 2677 5608 τούτων
2705 5551 3028 5624 ἀπέχεσθαι.
3056 5552 3116 5604 Ei
3145 5551 3202 5604 δὲ
3231 5551 3330 5621 μὴ,
3364 5552 3582 5617 πάντως

1997 5647 2375 5719 ἀφορίζεσθαι.

2071 5757 2181 5831 μη’.
2258 5755 2461 5820 Λαῖκὺς
2510 5757 2570 5810 οὐ
2607 5756 2958 5826 μεταδίδωσιν
3015 5757 3226 5829 ἐαυτῷ·
3290 5759 3336 5812 εί
3376 5758 3433 5812 δέ
3476 5758 3581 5830 μὴ,

1997 5854 2343 5924 ἐπταήμερον
2370 5848 2710 5921 ἀφορίζεται.
