3868 6488
279 370 389 432 Ξὲιθ

1449 405 1452 408 ο
1511 375 1845 436 ΕΡΙΤΟΜΕ
1879 377 2124 439 CANON
2137 380 2268 439 UM.

3425 384 3534 446 290

358 482 468 554 μθ’.
563 484 658 539 Ἐν
708 486 1018 558 εὐκτηρίοις
1079 472 1283 554 οἴκοις,⁶
1315 476 1537 542 ἔνδοθεν.
1571 489 1737 546 οἴκων
1768 492 1859 546 οὐκ

2039 493 2126 548 49.
2178 494 2238 547 In
2273 496 2524 551 oratoriis
2550 513 2670 566 qua:
2699 506 2828 553 sunt
2857 497 3000 551 intra
3034 508 3344 569 magnatum
3379 504 3543 560 (edes.

281 574 668 630 ἐπιτελέσουσι
709 578 1016 649 βάπτισμα.

355 674 422 722 ν’.
449 669 518 721 Et
538 687 621 734 τις
654 671 1006 743 ὑποκρίνεται
1037 673 1322 745 δαιμονᾷν,
1347 673 1414 727 τὰ
1445 673 1554 734 τῶν
1573 673 1863 745 δαιμονώνο

281 777 390 813 των
428 760 680 830 ἐπιτίμια
714 762 923 834 ὑποστή
933 782 1100 822 σεται.
1305 760 1307 762 ’
1446 758 1448 760 ⁷

354 847 456 902 να’.
519 852 617 910 Ὃς
640 852 831 906 ἑαυτὸν
861 856 1280 926 ἑκατοντάρχοις
1318 857 1350 928 ἢ
1385 858 1642 927 μάντεσιν
1670 857 1861 928 ἐπιδῷ.

282 939 359 1004 ὥς
397 960 447 994 τι
498 942 608 994 τῶν
637 946 969 1016 ἀπορρήτων
1019 947 1331 1016 μανθάνειν,
1374 947 1622 1012 ἑξαετίαν
1665 950 1863 1002 ὑποπι-

282 1033 486 1085 πτέτω·
521 1035 662 1110 κατὰ
691 1037 882 1090 ηταυτὰ
923 1039 1018 1090 καὶ
1050 1039 1077 1090 6
1101 1041 1300 1109 ὅρκους
1345 1043 1754 1112 ἐπισυρόμενος.
1802 1041 1862 1095 ’0

280 1125 336 1177 δὲ
366 1125 634 1196 ἀγύρταις
659 1126 776 1198 [γρ.
812 1128 1101 1200 ἀγυρτεὺς]
1130 1132 1224 1183 καὶ
1246 1132 1633 1200 νεφσδιὼκταις
1661 1133 1862 1186 κολλώ-

286 1236 468 1287 μενος,
503 1221 598 1273 καὶ
629 1223 938 1296 εἱμαρμένῃ
977 1225 1073 1278 καὶ
1103 1225 1242 1297 τύχῃ
1270 1227 1560 1288 πιστεύων,
1595 1228 1693 1297 τῆς
1736 1228 1863 1282 Ἐκ-

285 1311 518 1380 κλησίας
543 1313 988 1384 ἀποσυνάγωγος.

352 1401 454 1472 νβ’.
497 1405 896 1475 Περιαιρείσθω
937 1409 1035 1476 τῆς
1083 1407 1192 1461 τῶν
1221 1409 1428 1462 πιστῶν
1476 1411 1748 1474 πολιτείας
1795 1413 1865 1467 τὰ

282 1493 438 1562 βοτά,
505 1495 601 1548 καὶ
646 1497 728 1550 τὰ·
766 1497 1073 1568 β’ρωμάτια,
1129 1501 1224 1555 καὶ
1268 1503 1326 1555 αἱ
1377 1503 1631 1574 ὀρχήσεις
1677 1507 1733 1557 αἱ
1782 1509 1862 1569 εἰς
1903 1555 1925 1575 κ

283 1585 462 1648 θεοὺς,
501 1590 592 1639 καὶ
619 1590 685 1642 τὰ
705 1591 947 1659 κωμικὰ,
973 1593 1066 1645 καὶ
1096 1593 1165 1645 τὰ
1190 1595 1478 1665 σατυρικὰ,
1506 1595 1602 1649 καὶ
1621 1597 1861 1666 τραγικὰ

286 1668 582 1747 πρόσωπα,
618 1683 712 1734 καὶ
751 1683 784 1751 ἡ
812 1683 903 1734 ἐπὶ
937 1683 1116 1749 ληνοῖς
1139 1683 1233 1737 τοῦ
1265 1685 1519 1739 Διονύσου
1552 1687 1860 1758 ἐπίκλησις,

283 1769 380 1818 καὶ
413 1769 442 1819 ὁ
473 1769 566 1820 ἐπὶ
587 1771 700 1832 τοῖς
734 1769 909 1833 πίθοις
941 1772 1134 1840 γέλως.
1166 1775 1229 1827 υἱ
1257 1773 1315 1828 δὲ
1344 1776 1696 1847 ἐπιμένοντες
1722 1777 1862 1849 μετὰ

281 1861 376 1915 τὸν
403 1864 627 1929 κανόνα,
641 1864 968 1920 ’ὑπεύθυνοι.

353 1953 459 2022 νγ’.
503 1956 585 2008 Τὰ
601 1956 689 2025 ὑφ’
723 1957 988 2029 Ἑλλήνων
1011 1961 1430 2031 συμπλασθέντα
1461 1965 1865 2038 μαρτυρολόγια

287 2043 364 2114 μὴ
401 2046 840 2117 ἐκκλησιάζοιτο.
1120 2050 1123 2054 ’

355 2135 450 2192 νε,
488 2139 691 2220 ᾼαῖκδς
722 2140 793 2212 μὴ
823 2140 1069 2217 διδάσκῃ*
1097 2145 1174 2218 μὴ
1199 2145 1306 2220 γὰρ
1333 2148 1534 2215 πάντες
1561 2151 1861 2223 προφῆται,

287 2228 364 2300 μὴ
393 2231 593 2294 πάντες
623 2234 928 2290 ἀπόστολοι.

489 2323 554 2374 Ai
595 2324 652 2413 ἐν
693 2328 804 2390 τοῖς
836 2329 1218 2401 ἐργαστηρίοις
1260 2335 1318 2386 ἐν
1362 2337 1681 2409 νουμηνίαις
1727 2356 1866 2413 πυρο

284 2408 482 2475 καῖαὶ,
531 2411 626 2464 καὶ
672 2413 720 2464 οἱ
783 2415 986 2480 ταύτας
1048 2418 1475 2493 ὑπεραλλόμενοι
1503 2408 1531 2491 ,ί
1568 2408 1865 2498 καταργεί-

285 2499 525 2556 σθωσαν.

355 2591 465 2655 νς’.
508 2594 620 2666 Τὴν
671 2599 811 2667 μετὰ
859 2602 957 2672 τὴν
991 2603 1288 2659 ἀνάστασιν
1332 2607 1602 2680 ἑϐδομάδα
1659 2615 1897 2681 πᾶσαν,.

284 2685 397 2746 πᾶς
418 2685 869 2759 ἐκκλησιαζέσθω
909 2697 1119 2760 πιστός.
1548 2707 1556 2714 ’

354 2776 453 2840 νζ’.
509 2782 566 2832 Ὀ
606 2782 866 2853 κληρικὸς
890 2781 1028 2857 αἷμα
1052 2790 1248 2844 ἐσθίων
1286 2793 1638 2870 καθαιρείται
1661 2817 1674 2829 ·
1722 2802 1750 2853 ό
1784 2803 1861 2872 ,δὲ

282 2868 469 2934 λαῖκὺς
499 2873 834 2946 ἀφορίζεται.

357 2961 464 3054 νηί.
507 2967 584 3019 Οὐ
605 2967 914 3041 διαφθερεῖς
964 2972 1106 3028 θεῖον
1160 2975 1385 3046 βιϐλίον,
1423 2979 1545 3034 οὔτε
1575 2982 1723 3054 δοίης
1747 2985 1864 3040 δια-

285 3049 585 3124 φθαρῆναι,
624 3059 674 3111 εί
705 3058 780 3131 μὴ
800 3060 981 3115 τέλεον
1012 3067 1433 3136 κατηχρείωται.

355 3231 453 3286 νϐ’.
519 3235 582 3288 Εἰ
616 3237 691 3308 μὴ
743 3237 1016 3309 βασιλεὺς,
1062 3242 1211 3310 οὔτις
1237 3247 1348 3300 τῶν
1380 3248 1586 3306 λαῖκῶν
1619 3207 1700 3318 είς
1747 3256 1860 3310 ἱλα-

285 3325 510 3396 στήριον
537 3327 752 3386 εἴσεισι.

358 3417 418 3482 ξ’.
463 3421 679 3488 Γυναιξὶ
711 3425 890 3482 λαλεῖν
931 3431 1018 3483 ἐπ’
1051 3432 1376 3507 Ἐκκλησίᾳς
1416 3437 1516 3493 οὐκ
1567 3442 1856 3515 ἐπιτέτρα-

280 3529 438 3568 πται.

355 3603 456 3672 ξα’.
510 3609 851 3682 Ἀφορίζεται
884 3618 1199 3690 νομομαθὴς
1241 3621 1353 3676 ἔθει
1395 3623 1688 3698 Ἑλληνικῷ
1719 3630 1884 3702 χρώ-⁸

284 3714 487 3765 μενος,
558 3703 653 3757 καὶ
707 3705 956 3779 θεάτροις
1022 3711 1406 3785 ἐπαγόμενος,
1488 3721 1584 3772 καὶ
1646 3721 1859 3778 κυλύων

280 3792 556 3866 [κυλίων].

357 3880 456 3952 ἒβη
509 3884 692 3955 Κύρος
744 3887 878 3960 [ῖσ.
921 3892 1156 3965 Ἀκυρος
1181 3894 1237 3969 ],
1271 3899 1300 3951 6
1331 3899 1469 3970 μετὰ
1492 3900 1599 3954 τῶν
1649 3903 1856 3973 αἱρετι-

280 3974 397 4028 χῶν
447 3975 647 4048 γάμος,
698 3981 747 4034 oi
802 3982 858 4036 δὲ
905 3985 1306 4056 προλαϐόντες,
1362 3993 1410 4045 εἰ
1462 3993 1716 4062 ἐθέλοιεν,
1763 3997 1859 4066 μέ-

276 4082 442 4121 νοιεν.

354 4156 456 4227 ξγ’.
506 4161 564 4216 '0
594 4163 654 4216 ἐν
685 4165 870 4237 ἐδάφει
907 4171 1160 4242 σταυρὸς,
1193 4174 1536 4245 ἀφανίζεται.
1853 4225 1856 4228 ι

354 4250 447 4318 ξδ’.
510 4255 744 4325 Ἀγάπαι
800 4260 893 4314 καὶ
958 4264 1222 4320 ἀκούϐιτα
1281 4269 1589 4339 Κυριακαῐς
1641 4273 1702 4326 οὐ
1764 4291 1854 4328 τε-

275 4346 477 4400 λεῖται.
1401 4360 1405 4363 ’
1781 4359 1784 4363 ’

352 4434 447 4500 ξε’.
489 4439 754 4518 "Auno;
783 4449 998 4520 κραυγὴ
1027 4449 1120 4503 τοῦ
1147 4451 1439 4521 ψάλλοντος
1468 4459 1717 4527 ἀναιδῶς,
1759 4462 1854 4516 καὶ

273 4528 304 4577 6
345 4528 618 4600 ἐπιλέγων
655 4535 723 4590 τὰ
751 4538 850 4608 τῆς
888 4538 1237 4610 Ἐκκλησίας,
1269 4545 1610 4618 ἀνάρμοστα.

355 4729 464 4796 ξς’.
521 4734 613 4787 Ἑν
665 4735 794 4809 ἱερῷ
837 4741 1108 4815 περιϐόλῳ
1184 4746 1482 4816 καπηλεῖον
1529 4749 1850 4820 ἀσύστατον,

276 4823 378 4876 καὶ
406 4825 733 4898 πωλούμενα
758 4830 1024 4903 βρώματα
1050 4835 1278 4905 μάταια.

355 4915 418 4981 ξζ
436 4955 451 4969 .
481 4918 808 4988 Χριστιανὸς
840 4923 1084 4993 γυναιξὶν
1107 4929 1170 4982 οὐ
1198 4930 1532 4988 συλλούεται.

358 5027 460 5096 ξη’.
544 5030 601 5082 ὐ
658 5033 950 5100 φωτισθεὶς
999 5036 1096 5108 τὴν
1130 5037 1314 5093 πίστιν
1361 5041 1751 5111 ἀπαγγελλὲτω
1786 5048 1852 5117 τῇ

278 5119 513 5194 πέμπτῃ
530 5123 630 5194 τῆς
661 5125 973 5196 ἑϐδομάδος.

356 5228 452 5295 ξθ’.
506 5232 850 5321 ’Δφορίζεται
885 5240 913 5292 6
966 5240 1106 5310 μετὰ
1140 5240 1239 5313 τὴν
1287 5243 1479 5315 ἑορτὴν
1523 5247 1624 5317 τῆς
1665 5245 1856 5301 Θεοτόο

277 5339 382 5376 κου
428 5326 712 5396 σεμίδαλιν
761 5329 794 5401 ἢ
845 5330 973 5385 ἄλλο
1020 5333 1296 5398 σκευάζων
1331 5335 1422 5390 διὰ
1469 5337 1539 5392 τὰ
1587 5337 1856 5410 λεγόμενα

275 5415 487 5486 λόχεια.

352 5533 416 5582 d.
459 5527 524 5582 Ei
549 5529 633 5600 ,μὴ
666 5531 734 5584 δι’
767 5531 1014 5605 ἀνάγκην
1043 5536 1479 5609 ἀπολιμπάνεταί
1527 5557 1611 5603 τις
1662 5540 1856 5612 ἐκκλη-

281 5618 430 5683 σίας,
467 5622 562 5674 ἐπί⁵
581 5625 730 5695 τρισὶ
757 5627 1084 5698 Κυριακαῖς,
1112 5630 1499 5706 ἀκοινώνητος.

352 5737 453 5788 ea}.
493 5733 583 5804 Τῷ
614 5735 891 5813 Τρισαγίῳ
926 5740 1078 5814 ὕμνῳ
1109 5745 1136 5797 ό
1170 5746 1453 5804 συνάπτων
1485 5747 1564 5814 τὸ,
1594 5749 1858 5816 Σταυρω-

282 5823 430 5890 θείς,
457 5825 780 5898 ἑτερόδοξος.

1927 651 1930 653 Α
1971 583 2295 653 baptismum
2327 602 2432 638 non
2468 597 2745 659 peragent.

2044 672 2130 726 50.
2170 673 2226 726 Si
2250 675 2369 742 quis
2403 676 2620 731 simulat
2647 693 2704 732 se
2735 694 2764 732 a
2796 679 3064 735 daemonio
3092 681 3302 752 agitari,
3349 683 3542 738 daemo-

1973 762 2253 817 niacorum
2275 768 2554 834 supplicia
2593 769 2815 824 subibit.

2042 855 2129 908 5|.
2161 855 2418 925 Quisquis
2450 875 2506 912 se
2530 861 2940 918 centurionibus
2969 873 3065 918 aut
3093 867 3303 921 vatibus
3321 868 3542 932 addicit,

1972 958 2032 1002 ut
2085 949 2280 1002 secreti
2338 951 2539 1020 aliquid
2596 953 2789 1019 discat,
2851 971 2944 1010 sex
2987 973 3160 1013 annos
3209 961 3541 1029 paenitentia

1969 1031 2284 1110 sulijaceat:
2339 1045 2529 1098 eodem
2570 1046 2732 1100 modo
2775 1056 2828 1102 et
2865 1049 2957 1116 qui
2999 1050 3308 1118 iuramenta
3358 1064 3538 1108 extor-

1968 1143 2114 1201 quet.
2171 1134 2271 1200 Qui
2327 1138 2742 1194 circulatoribus
2774 1148 2829 1194 et
2856 1141 3218 1197 nebulonibus
3263 1146 3528 1204 adhreret.

1971 1241 2034 1278 ac
2064 1224 2175 1280 fato
2225 1236 2279 1280 et
2324 1226 2556 1283 fortunae
2588 1231 2780 1296 credit,
2831 1231 2899 1286 ab
2960 1231 3218 1288 Ecclesia:
3270 1223 3541 1290 conventu

1972 1320 2244 1374 arcendus
2276 1329 2380 1375 est.

2043 1409 2132 1464 5'2.
2192 1412 2232 1462 A
2267 1410 2512 1466 ﬁdelium
2530 1413 2652 1468 vitae
2679 1393 2886 1470 ratione
2915 1415 3233 1473 auferantur
3263 1432 3463 1489 pascua
3492 1429 3542 1474 et

1970 1503 2260 1569 brumalia,
2297 1514 2351 1560 et
2383 1506 2697 1562 saltationes
2724 1509 2776 1562 in
2807 1509 3035 1565 deorum
3077 1513 3364 1578 honorem,
3413 1527 3542 1566 nec-

1969 1615 2080 1653 non
2136 1600 2376 1663 comicae,
2420 1603 2664 1673 satyrica:
2699 1613 2754 1657 ct
2802 1606 3016 1674 tragica:
3063 1621 3330 1675 personae,
3387 1614 3545 1675 atque

1970 1690 2238 1746 invocatio
2266 1690 2458 1747 Bacchi
2493 1694 2544 1746 in
2579 1695 2957 1760 torcularibus,
3001 1697 3250 1764 risusque
3272 1698 3326 1752 in
3361 1699 3538 1753 doliis.

1971 1784 2072 1850 Qui
2131 1800 2263 1839 vero
2300 1797 2422 1855 post
2467 1787 2614 1841 hunc
2645 1803 2913 1842 canonem
2968 1787 3022 1842 in
3055 1788 3140 1844 his
3182 1791 3544 1858 perstiterint,

1968 1877 2212 1931 criminis
2247 1888 2408 1932 erunt
2428 1879 2668 1933 obnoxii.
3151 1878 3153 1880 ’

2036 1967 2124 2022 55.
2176 1969 2418 2024 Conﬁcta
2464 1986 2492 2024 a
2539 1970 2742 2026 Graecis
2789 1971 3190 2044 martyrologia,
3219 1973 3272 2028 in
3293 1973 3544 2030 ecclesiis

1964 2073 2033 2112 ne
2065 2059 2381 2114 recitentur.

2035 2151 2122 2206 54.
2150 2150 2344 2206 Laicus
2369 2167 2437 2207 ne
2467 2153 2692 2209 doceat:
2722 2170 2832 2209 non
2853 2156 2998 2211 enim
3023 2172 3213 2212 omnes
3239 2159 3542 2229 prephetze.
3591 2207 3597 2212 .

1965 2260 2143 2315 neque
2166 2262 2357 2303 onmes
2381 2251 2631 2318 apostoli.

2029 2341 2119 2394 55.
2181 2340 2315 2413 Rogi
2348 2343 2440 2418 qui
2470 2341 2523 2397 in
2552 2345 2793 2399 tabernis
2836 2345 3134 2401 noviluniis
3167 2357 3541 2415 exstruuntur,

1964 2433 2163 2505 quique
2187 2451 2280 2491 eos
2305 2439 2636 2506 transiliunt,
2669 2440 3022 2512 abrogentur.

2036 2617 2122 2672 56.
2161 2618 2294 2672 Tota
2329 2630 2449 2689 post
2479 2623 2936 2696 resurrectionem
2981 2624 3341 2692 hebdomada,
3383 2626 3543 2697 quili-

1964 2708 2052 2764 bet
2086 2711 2258 2765 ﬁdelis
2288 2713 2658 2768 ecclesiastico
2676 2715 2968 2770 conventui
3002 2715 3237 2772 intersit.

2035 2802 2124 2857 57.
2167 2802 2410 2858 Clericus
2443 2805 2762 2874 sanguinem
2815 2807 3152 2862 manducans
3203 2809 3531 2879 deponitur:
3577 2839 3584 2846 -

1963 2892 2137 2948 laicus
2169 2909 2299 2948 vero
2327 2897 2851 2950 exczrmmunicatur.

2035 2984 2122 3040 58.
2189 2984 2306 3040 Non
2353 3001 2672 3056 corrumpes
2720 2988 2965 3042 divinum
3011 2989 3298 3055 codicem,
3360 3008 3539 3063 neque

1965 3078 2426 3148 corrumpendum
2473 3078 2650 3147 dabis,
2680 3079 2784 3134 nisi
2809 3095 3036 3150 prorsus
3079 3081 3286 3138 inutilis
3314 3084 3386 3139 sit
3419 3086 3542 3146 red-

1887 3179 1931 3238 c
1964 3166 2134 3222 ditus.

2038 3259 2127 3314 59.
2179 3259 2381 3314 Przcter
2417 3260 2821 3331 imperatorem,
2863 3266 3046 3322 nullus
3073 3267 3336 3324 laicorum
3359 3270 3544 3340 propi-

1971 3349 2244 3404 tiatorium
2285 3351 2608 3422 ingreditur.

2038 3443 2127 3497 60.
2187 3443 2500 3500 Mulieribus
2549 3447 2694 3517 loqui
2747 3447 2802 3502 in
2847 3447 3114 3518 Ecclesia,
3167 3467 3274 3507 non
3308 3453 3539 3521 permis-

1967 3549 2088 3588 sum
2113 3546 2217 3591 est.

2036 3627 2128 3683 6i.
2211 3628 2725 3686 Excommunicatur
2769 3633 2901 3706 legis
2948 3636 3194 3713 peritus,
3245 3637 3336 3708 qui
3389 3653 3539 3693 more

1965 3723 2154 3794 gentili
2179 3723 2370 3792 utitur,
2397 3740 2461 3780 ac
2485 3727 2709 3782 theatris
2735 3727 2979 3794 adhibet,
3011 3739 3220 3786 et‘sese
3252 3732 3481 3786 volutat.

2034 3905 2123 3960 62.
2167 3904 2469 3960 invalidum
2483 3921 2622 3960 .cum
2649 3907 2923 3963 haereticis
2955 3909 3360 3965 matrimonium
3390 3929 3403 3966 :
3444 3913 3536 3981 qui

1963 4005 2145 4052 autem
2191 4006 2350 4053 antea
2403 4007 2812 4063 contraxerunt,
2853 4000 2898 4056 si
2929 4001 3117 4065 velint.
3151 4002 3214 4057 in.
3237 4018 3302 4058 eo
3321 4019 3538 4074 perma-

1963 4099 2148 4143 neant.

2035 4182 2123 4235 63.
2161 4181 2308 4236 Crux
2336 4181 2450 4237 solo
2479 4181 2764 4268 impressa,
2793 4175 3162 4242 oblitteratur.

2034 4272 2122 4326 64.
2166 4271 2363 4344 Agapae
2399 4282 2454 4328 et
2481 4269 2764 4336 accubitus
2785 4276 3081 4333 Dominicis
3113 4293 3224 4332 non
3261 4282 3536 4351 peragun-

1964 4371 2070 4417 ιιιν.

2034 4456 2122 4511 65.
2195 4453 2512 4512 inconditus
2570 4459 2776 4513 clamor
2832 4459 3080 4514 canentis
3136 4459 3532 4529 imprudenter,

1881 4543 1936 4602 D
1964 4547 2165 4618 quique
2196 4562 2259 4602 ea
2306 4564 2425 4618 qua:
2456 4548 2512 4602 in
2542 4547 2784 4605 Ecclesia
2813 4550 3072 4604 dicuntur
3096 4549 3269 4614 eﬂ‘ert,
3308 4551 3533 4606 minime

1870 4705 1880 4714 ,
1957 4651 2286 4714 congruunt.

2027 4751 2116 4807 66.
2169 4751 2316 4807 Intra
2374 4766 2589 4807 sacrum
2619 4760 2832 4822 septum
2865 4767 3108 4823 caupona
3133 4753 3390 4810 constitui
3419 4771 3528 4810 non

1956 4834 2117 4899 debet
2144 4863 2158 4899 :
2187 4860 2250 4900 ac
2276 4845 2474 4900 ibidem
2500 4844 2650 4899 cibos
2679 4843 2862 4907 vendi,
2911 4844 3178 4914 ineptum.

2023 4938 2113 4992 67.
2152 4938 2496 4994 Christianus
2517 4953 2641 4993 cum
2663 4937 2986 4993 mulieribus
3013 4953 3124 4992 non
3154 4938 3382 4994 lavatur.

2025 5047 2114 5101 68.
2174 5045 2510 5100 llluminatus
2559 5044 2749 5116 quinta
2794 5044 3150 5100 hebbomadae
3182 5043 3342 5135 ﬁdem
3366 5044 3530 5115 proii-

1960 5149 2156 5196 teatur.

2027 5248 2118 5304 69.
2190 5246 2704 5303 Excommunicatur
2742 5247 2832 5316 qui
2878 5250 3006 5316 post
3043 5243 3242 5299 festum
3286 5223 3532 5314 Deiparae

1957 5341 2188 5396 similam
2225 5349 2318 5396 aut
2380 5341 2528 5396 aliud
2557 5348 2802 5411 apparat,
2833 5347 3057 5411 propter
3087 5354 3152 5394 ea
3179 5353 3299 5409 quae
3328 5352 3530 5393 vocan-

1957 5440 2046 5487 tur
2071 5440 2189 5502 post
2212 5441 2424 5502 partum
2453 5440 2829 5504 purgamenta.

2029 5541 2116 5596 70.
2149 5540 2206 5597 Si
2233 5541 2355 5611 quis
2383 5541 2523 5596 circa
2553 5540 2935 5596 necessitatem
2959 5552 3057 5608 per
3084 5545 3195 5592 tres
3222 5534 3530 5591 Dominicas

1958 5630 2026 5686 ab
2055 5631 2281 5686 ecclesia
2303 5630 2465 5697 absit,
2491 5628 3011 5685 excommunicatur.

2033 5742 2119 5795 71.
2157 5740 2260 5807 Qui
2293 5745 2360 5795 ad
2392 5739 2695 5812 Trisagium
2717 5741 2978 5811 hymnum
3000 5734 3185 5808 adjicit
3206 5732 3359 5798 illud,
3389 5734 3526 5788 Cru-

1960 5832 2159 5901 ciﬁxus,
2188 5832 2476 5888 hrereticus
2503 5839 2775 5887 censetur.
