3868 6480
344 345 444 404 ῗ91

1265 337 1647 400 SYMEONIS
1691 337 2271 400 METAPHRASTA‘]
2315 338 2688 403 ANNALES.

3491 342 3599 406 292

412 455 496 508 72.
552 454 668 510 Non
709 457 923 527 sculpes
952 471 1149 527 agnum
1194 455 1247 509 in
1296 455 1520 529 ﬁguram
1555 455 1781 521 Christi,
1821 455 1914 510 sed

2092 452 2191 523 οβ’.
2234 455 2309 507 Οὐ
2347 453 2599 525 χαράξεις
2643 452 2811 524 ἀμνὸν
2870 455 2949 516 εἰς
2989 445 3156 509 τύπον
3186 450 3442 518 Χριστοῦ,
3484 440 3604 506 ἀλλ’

339 546 489 600 illum
523 547 722 617 ipsum.

411 640 497 694 75.
541 638 744 694 Servus
773 656 802 694 a
829 639 1052 695 domino
1077 639 1445 695 manumissus
1480 655 1663 694 coram
1693 639 1913 695 duobus

337 729 588 792 testibus,
613 731 888 785 servitutis
918 747 1116 801 expers
1137 731 1226 786 sit.

406 823 492 876 74.
547 820 650 888 Qui
690 835 982 894 congregat
1027 825 1338 881 meretrices
1378 825 1434 880 in
1466 825 1766 897 perniciem
1801 823 1915 880 ani-

335 929 545 972 marum
568 917 1093 970 excommunicatur.

407 1004 495 1058 75.
529 1005 659 1070 Quae
684 1021 714 1059 a
746 1007 858 1060 viro
885 1007 950 1061 ad
988 1003 1156 1062 alium
1182 1024 1240 1063 se
1269 1007 1503 1086 confert,
1537 1007 1784 1063 adultera
1808 1015 1912 1073 est;

334 1102 389 1147 et
425 1093 518 1163 qui
559 1095 626 1150 ab
663 1113 830 1151 uxore
865 1098 933 1152 ad
979 1099 1138 1152 aliam
1185 1115 1243 1154 se
1291 1101 1548 1170 applicat,
1602 1115 1667 1154 ex
1698 1097 1911 1153 Domini

333 1189 627 1252 sententia,
657 1190 816 1244 simili
848 1191 1080 1247 crimine
1113 1202 1348 1248 tenetur.
1765 1267 1780 1275 _

402 1279 491 1334 76.
542 1282 685 1336 Intra
725 1285 986 1354 templum
1032 1301 1198 1355 pecus
1225 1303 1335 1340 non
1369 1286 1758 1350 introducitur,
1804 1286 1912 1342 nisi

337 1374 571 1428 maxima
604 1377 904 1451 necessitas
932 1379 983 1431 in
1010 1379 1092 1434 via
1121 1379 1378 1451 coegerit.

399 1465 490 1519 77.
529 1466 760 1523 Maximo
826 1471 1065 1527 Sabbato
1120 1473 1262 1528 circa
1310 1472 1547 1528 mediam
1592 1481 1809 1529 noctem
1857 1473 1911 1529 in

331 1557 544 1627 jejunio
574 1565 1034 1630 perseverandum
1052 1574 1156 1619 est.

407 1651 493 1704 78.
549 1653 677 1708 Post
733 1657 1103 1726 vespertinum
1161 1658 1468 1729 ingressum
1531 1658 1788 1724 Sabbati,
1843 1675 1912 1715 ne

333 1741 681 1811 genuﬂectas.
1495 1801 1500 1807 .

404 1833 492 1887 79.
523 1833 660 1888 Tum
698 1835 789 1906 qui
823 1837 934 1905 dat,
972 1849 1085 1894 tum
1116 1857 1237 1910 quae
1280 1842 1482 1912 accipit
1518 1841 1919 1898 medicamenta

333 1925 672 1982 abortionem
711 1929 931 1997 cicntia,
961 1931 1270 1989 homicidze.

401 2017 490 2072 80.
538 2018 665 2074 Viro
715 2005 839 2076 noni
871 2036 1246 2094 comparente,
1301 2043 1421 2097 qua:
1488 2027 1805 2098 priusquam
1847 2028 1916 2083 de

333 2108 480 2162 illius
519 2111 670 2165 obitu
701 2115 833 2168 certi
881 2117 1083 2187 aliquid
1141 2121 1492 2190 compererit,
1523 2120 1614 2175 alii
1649 2121 1917 2191 nupserit,

338 2201 674 2258 mmchatur:
700 2204 783 2257 vir
806 2215 986 2260 autem
1014 2210 1106 2278 qui
1142 2226 1396 2267 reversus
1428 2212 1615 2281 fuerit,
1647 2211 1915 2282 siquidem

336 2292 653 2360 prazdictum
678 2295 770 2358 sit,
806 2298 1038 2367 accipiat
1067 2301 1261 2371 ipsam.

407 2384 496 2467 Si.
530 2383 632 2450 Qui
667 2389 853 2458 gentili
890 2407 1040 2446 more
1065 2393 1243 2462 jur‘at,‘
1272 2397 1609 2467 puniendus.

401 2473 491 2528 8-2.
533 2476 635 2542 Qui
689 2481 913 2550 capillos
953 2484 1264 2543 artiﬁciosis
1315 2490 1546 2545 nexibus
1600 2493 1919 2564 intorquent

331 2564 399 2620 ad
438 2570 802 2636 spectantium
835 2576 1155 2644 perniciem,
1190 2585 1724 2639 excommunicandi.

407 2655 497 2710 83.
539 2657 700 2715 Uxori
737 2663 1006 2735 addictus,
1037 2685 1101 2726 ac
1139 2687 1239 2742 per
1277 2682 1652 2747 contemptum
1685 2695 1916 2737 manens

337 2745 393 2800 in
443 2752 684 2822 templo,
733 2759 1034 2827 expellatur
1094 2764 1259 2819 etiam
1311 2783 1341 2823 e
1393 2771 1913 2828 catechumenorum

253 2827 285 2842 ”
332 2838 546 2896 ordine.

402 2931 494 2987 84.
536 2936 780 2997 Moechus
806 2954 890 2998 est
915 2945 1008 3017 qui
1033 2947 1190 3005 alteri
1227 2951 1613 3024 desponsatam
1648 2959 1820 3016 ducit.

2016 548 2226 599 ἐκεῖνον
2253 547 2442 600 αὐτόν.

2084 638 2186 708 ογ’.
2223 639 2708 714 Ἑλευθερούμενος
2759 642 2864 710 ὑπὸ
2919 641 3015 696 τοῦ
3060 640 3320 695 δεσπότου
3389 642 3596 709 δοῦλος,

1967 723 1969 726 ’
2017 733 2110 786 ἐπὶ
2139 732 2260 786 δυσὶ
2293 725 2587 804 μάρτυσιν,
2625 734 2712 805 εἴη
2745 733 3066 799 ἀδούλωτος.

2089 823 2184 880 οδ’.
2223 825 2282 880 '0
2305 827 2549 896 συνάγων
2587 826 2793 898 πόρνας
2827 828 2912 882 ἐπ’
2943 829 3142 901 όλίσθῳ
3167 829 3375 902 ψυχῶν,
3403 810 3602 903 ἀφορί-

2052 933 2194 971 εται.
2803 940 2806 947 ’

2052 933 2194 971 εται.
2803 940 2806 947 ·

2018 915 2050 980 ζ
2086 1008 2176 1064 οε’.
2210 1009 2274 1064 Ἡ
2305 1010 2364 1078 ἐξ
2395 1012 2584 1083 ἀνδρὸς
2622 1013 2707 1066 ἐπ’
2731 1013 2892 1071 ἄλλον
2924 1014 3097 1077 ἰοῦσα,
3140 1015 3385 1086 μοιχαλίς
3408 1032 3422 1047 ·
3449 1016 3543 1070 καὶ
3571 1017 3600 1068 6

2017 1099 2125 1154 ἀπὸ
2153 1102 2404 1171 γυναικὸς
2437 1103 2522 1156 ἐπ’
2553 1104 2740 1176 ἄλλην,
2771 1105 2913 1158 κατὰ
2943 1105 3034 1158 τὸν
3066 1105 3270 1175 Κύριον
3299 1105 3522 1175 ὁμοίως.

2089 1282 2197 1348 ος·’.
2251 1283 2420 1354 Ἰεροῦ
2468 1284 2614 1337 ἔνδον
2665 1283 2766 1337 οὐκ
2817 1284 3100 1352 εἰσάγεται
3156 1287 3372 1354 “ily”,
3426 1285 3476 1338 εί
3522 1285 3599 1358 μὴ

2015 1377 2431 1448 καταλαόούσης
2467 1378 2523 1430 ἐν
2560 1377 2664 1448 ὁδῷ
2699 1377 2960 1448 μεγίστης
2987 1376 3255 1449 ἀνάγκης.

2084 1468 2180 1534 02,".
2242 1469 2332 1539 Τῷ
2372 1467 2619 1538 μεγίστῳ
2666 1469 2949 1540 Σαϐϐάτῳ,
2994 1470 3124 1542 περὶ
3173 1468 3343 1542 μέσας
3399 1469 3603 1531 νύκτας

2013 1562 2112 1634 τὴν
2142 1561 2396 1631 νηστείαν
2427 1561 2764 1634 διαρκετέον.

2087 1660 2190 1726 οη’.
2226 1655 2383 1710 Μετὰ
2401 1656 2500 1728 τὴν
2533 1655 2826 1727 ἐσπιρινὴν
2854 1652 3036 1709 ἔσοδον
3069 1653 3164 1708 τοῦ
3195 1655 3498 1719 Σαϐϐάτου,
3524 1656 3601 1726 μὴ

2019 1748 2335 1821 γονυκλίνῃ.
2866 1779 2870 1782 -

2091 1836 2190 1891 00'.
2231 1838 2340 1891 Καὶ
2369 1840 2397 1893 6
2418 1838 2614 1906 διδοὺς,
2645 1839 2740 1894 καὶ
2765 1842 2798 1912 ἠ
2823 1839 3176 1913 λαμϐάνουσα
3201 1837 3598 1910 ἀμϐλωθριδια,

2022 1930 2359 2001 ἀνδροφόνοι.
2401 1996 2408 2008 Α,

2091 2031 2165 2078 π’.
2219 2024 2435 2095 Ἀνδρος
2485 2024 2917 2097 ἁφαντουμένου,
2973 2027 3006 2097 ἡ
3053 2025 3160 2097 πρὸ
3187 2027 3280 2080 τοῦ
3309 2024 3600 2092 πεισθῆναι

2021 2111 2283 2178 λαϐοῦσα,
2315 2117 2593 2185 μοιχᾶταιο
2615 2117 2645 2169 ὁ
2675 2117 2733 2172 δὲ
2771 2118 3108 2189 ἐπιστρέψας
3139 2118 3299 2189 ἀνὴρ,
3341 2119 3390 2170 εἰ
3419 2116 3604 2188 προεὶ-

2020 2222 2202 2277 ρηται,
2235 2207 2455 2278 λήψοιτο
2485 2210 2677 2280 αὑτήν.

2087 2392 2202 2448 πα’.
2227 2396 2288 2448 ’0
2327 2391 2652 2465 Ἐλ).ηνι›ςῶς
2670 2393 2992 2465 ὀμνύμενος,
3017 2393 3385 2466 ἐπιτιμητέος.

2089 2486 2200 2558 πβε.
2241 2488 2304 2540 Οἱ
2333 2477 2432 2550 τὰς
2461 2487 2637 2556 κόμας
2669 2486 2950 2556 ἐμπλοκῆς
2987 2487 3220 2558 ἐπινοίᾳ,
3257 2486 3392 2558 πρὸς
3417 2484 3603 2556 λύμην

2017 2579 2375 2651 ἐργαζόμενοι
2405 2577 2514 2631 τῶν
2549 2576 2823 2649 ὁρώντων,
2854 2579 3190 2647 ἀφοριστέοι.
3569 2572 3592 2591 ⁸

2089 2669 2200 2739 πγ’.
2248 2672 2306 2725 '0
2352 2669 2707 2740 ὑπογύναιος,
2747 2669 2845 2725 καὶ.
2875 2669 3378 2742 ’καταφρονητικῶς
3419 2669 3604 2742 μένων

2015 2765 2074 2817 ἐν
2107 2763 2258 2834 ἱερῷ,
2285 2763 2591 2829 ἐξωθείσθω
2620 2765 2714 2818 καὶ
2743 2763 2850 2818 τῶν
2890 2764 3336 2834 κατηχουμένων.

2085 2945 2190 3001 πδ’.
2247 2946 2451 3016 Μοιχός
2502 2947 2654 2999 ἐστιν
2707 2946 2736 2998 6
2775 2946 2875 3016 τὴν
2928 2946 3101 3017 ἑτέρῳ
3163 2945 3602 3018 μνηστευθεϊσαν

2016 3037 2131 3111 [γρ.
2174 3035 2558 3110 μνηστευθεὶς]
2586 3037 2874 3108 ἀγόμενος.

359 3095 364 3098 ’
402 3099 494 3205 ξό.
534 3090 782 3177 Quidam
831 3107 1059 3167 Judaico
1091 3130 1241 3171 more
1272 3117 1328 3172 in
1382 3122 1598 3191 templis
1647 3139 1913 3187 coxerunt

2069 3090 2191 3184 Γ’τιενῖ
2245 3090 2558 3191 ’ίουδαϊκιῖξξ
2588 3090 2645 3182 ἐν
2680 3090 2870 3200 ἱεροῖς
2893 3130 3043 3192 τινες
3069 3127 3280 3198 ἔφησαν
3323 3129 3456 3200 μέλη
3482 3143 3493 3158 ·
3533 3129 3601 3194 ὃς
3657 3144 3664 3147 '

331 3189 459 3245 mel.
506 3191 610 3258 Qui
662 3196 826 3265 igitur
859 3200 963 3256 hoc
1003 3208 1332 3274 permiserit,
1362 3222 1455 3265 aut
1483 3189 1589 3269 tale
1617 3221 1908 3290 acceperit,

331 3295 440 3334 non
501 3293 586 3338 est
631 3286 918 3346 habendus
970 3297 1244 3353 sacerdos.
1291 3300 1348 3353 Si
1399 3305 1520 3372 quis
1571 3322 1701 3362 vero
1749 3286 1912 3369 domo

331 3374 594 3437 attulerit,
631 3377 748 3447 ipse
773 3393 935 3452 prout
964 3385 1160 3442 sufficit
1195 3389 1469 3458 oﬂ‘erenti,
1502 3379 1753 3470 accipiat.

401 3466 490 3522 86.
547 3467 780 3528 Pictura:
832 3491 952 3544 quae
991 3477 1057 3533 ad
1099 3481 1278 3551 turpia
1327 3466 1908 3562 aspectum—movent,

331 3573 439 3612 non
460 3569 588 3614 sunt
609 3563 919 3634 pingendre.

400 3663 487 3718 87.
553 3665 861 3735 Manusin
915 3674 1093 3729 crucis
1162 3677 1386 3750 ﬁguram
1451 3688 1764 3756 componit,
1817 3692 1908 3761 qui
1969 3682 1986 3702 ’

329 3751 727 3814 Eucharistiam
756 3773 1074 3832 sumpturus
1095 3768 1320 3835 est.Qui
1339 3786 1472 3828 vero
1503 3751 1908 3847 receptaculum

327 3861 576 3914 aureum,
628 3861 724 3906 aut
778 3855 940 3909 aliam
987 3859 1271 3914 materiam
1310 3862 1429 3947 vice
1482 3882 1678 3923 manus
1731 3881 1907 3942 parat,

329 3943 911 4001 excommunicandus.

402 4031 492 4086 88.
569 4034 762 4092 Delicli
824 4041 1060 4109 qualitas
1112 4045 1168 4100 in
1219 4048 1473 4106 omnibus
1509 4054 1906 4122 consideratur,

2013 3224 2106 3279 οὖν
2127 3223 2286 3278 τοῦτο
2313 3222 2791 3295 συγχωρήσειεν,ἣ
2818 3221 2970 3276 λάϐοι
2987 3223 3249 3286 τοιοῦτον,
3272 3223 3370 3292 οὐχ
3395 3221 3571 3292 ἱερεύς
3587 3262 3600 3278 .

2015 3318 2077 3370 Et
2105 3316 2162 3369 δέ
2179 3333 2264 3381 τις
2300 3316 2512 3371 οἴκοθεν
2540 3317 2664 3386 ἄγει
2686 3310 2809 3380 ὦδε,
2828 3315 2971 3369 κατὰ
2995 3315 3055 3368 τὸ
3083 3315 3286 3383 ἀρκοῦν
3312 3315 3405 3369 τοῦ
3422 3333 3601 3388 προσ-

2014 3409 2240 3480 άγοντος
2265 3409 2513 3482 λήψοιτο.
2619 3417 2622 3421 ’

2086 3510 2204 3568 υπς’.
2238 3505 2304 3557 At
2339 3505 2475 3574 πρὸς
2509 3502 2579 3557 τὰ
2606 3504 2806 3574 αἰσχρὰ
2834 3501 3078 3557 κινοῧσαι
3106 3503 3203 3575 τὴν
3235 3505 3423 3578 ὅρασιν
3451 3521 3600 3576 γρα-

2013 3597 2133 3669 φαὶ,
2169 3597 2581 3668 άζωγράφητοι.

2084 3691 2193 3756 τις,
2236 3692 2349 3754 Τὰς
2379 3691 2639 3762 παλάμας
2668 3692 2747 3754 εἰς
2771 3693 3004 3763 σταυρὸν
3033 3693 3196 3746 τυποῖ
3216 3694 3246 3746 6
3283 3689 3600 3760 μεταληψό-

2015 3795 2198 3851 μενος⁸
2235 3783 2263 3835 6
2285 3781 2341 3833 δὲ
2366 3780 2572 3851 δοχεῖον
2599 3780 2855 3851 χρυσοῦν,
2889 3781 2922 3853 ἢ
2966 3782 3132 3855 ἄλλην
3163 3782 3298 3854 ὓλην
3326 3783 3445 3836 ἀντὶ
3482 3798 3600 3852 χει-

2010 3872 2102 3942 ρὸς
2132 3873 2435 3940 σκευάζων,
2474 3873 2816 3946 άφοριστέος.

2081 4055 2192 4128 πη’.
2247 4057 2312 4110 Ἦ
2361 4056 2460 4128 τῆς
2501 4058 2777 4129 ἁμαρτίας
2813 4059 2908 4113 ἐπὶ
2940 4059 3074 4114 πᾶσι
3121 4063 3401 4114 σκοπεϊται
3436 4063 3594 4115 ποιό-

328 4126 723 4196 conwrsioque
750 4131 1081 4216 perspicitur.
1105 4153 1126 4190 ι
1150 4123 1314 4208 atque
1340 4140 1413 4196 ita
1441 4143 1812 4203 misericordia
1837 4149 1906 4205 ad

2062 4123 2155 4219 ις.-
2176 4149 2268 4203 καὶ
2303 4150 2337 4222 ἠ
2368 4123 2672 4223 ἐστιστροῷὴ
2717 4150 3036 4224 καθορᾶται,
3068 4154 3160 4208 καὶ
3197 4154 3339 4210 οὓτω
3370 4157 3593 4226 μετρεῖ-

329 4229 640 4271 mensuram
669 4219 948 4277 tribuitur.

1087 4437 1389 4457 _-

330 4427 1066 4470 Μ,

2005 4257 2095 4294 ται
2126 4240 2187 4294 τὸ
2221 4240 2388 4306 ἔλεος.

1392 4446 3556 4494 ‘Wﬂ

763 4663 1750 4830 SYMEONIS
1864 4679 3100 4870 LOGOTHETfE

1618 4967 2271 5085 ANNALES

603 5170 793 5244 INDE
835 5183 888 5242 A
929 5184 1201 5249 REGNO
1247 5188 1534 5252 LEONIS
1578 5191 1898 5255 ARMENI
1940 5195 2203 5271 USQUE
2244 5199 2352 5263 AD
2398 5200 2926 5270 NICEPHORUM
2959 5205 3294 5270 PHOCAM

563 5315 692 5398 Vide,
718 5345 844 5399 inter
862 5345 1124 5412 scriptores
1170 5362 1288 5413 quos
1318 5351 1650 5418 complectitur
1671 5361 1826 5411 tomus
1853 5364 2017 5411 noster
2048 5359 2335 5415 centesimus
2365 5375 2538 5428 nonus,
2570 5365 2664 5418 col.
2696 5367 2806 5418 663.

1895 5535 1964 5551 —
