  <div class='ocr_page' id='page_1' title='image "/cluster/home/n/w/nwhite01/storage/ocr_20150623/114/hvd.32044019208123/150.png"; bbox 0 0 3868 6486; ppageno 0'>
   <div class='ocr_carea' id='block_1_1' title="bbox 1022 488 1868 515">
    <p class='ocr_par' dir='ltr' id='par_1_1' title="bbox 1022 488 1864 515">
     <span class='ocr_line' id='line_1_1' title="bbox 1022 488 1864 515; baseline 0.004 -4"><span class='ocrx_word' id='word_1_1' title='bbox 1022 489 1414 513; x_wconf 48' lang='lat' dir='ltr'><strong>man—.4</strong></span> <span class='ocrx_word' id='word_1_2' title='bbox 1425 488 1808 515; x_wconf 63' lang='lat'><strong>;.—-—_&quot;&#39;</strong></span> <span class='ocrx_word' id='word_1_3' title='bbox 1815 504 1864 514; x_wconf 74' lang='grc' dir='ltr'><strong>ο.-</strong></span> 
     </span>
    </p>
   </div>
   <div class='ocr_carea' id='block_1_2' title="bbox 275 488 578 499">
    <p class='ocr_par' dir='ltr' id='par_1_2' title="bbox 275 488 578 499">
     <span class='ocr_line' id='line_1_2' title="bbox 275 488 578 499; baseline 0.003 -1"><span class='ocrx_word' id='word_1_4' title='bbox 275 488 578 499; x_wconf 62' lang='grc' dir='ltr'><strong>-ι--οισα--ρ</strong></span> 
     </span>
    </p>
   </div>
   <div class='ocr_carea' id='block_1_3' title="bbox 2921 490 3402 518">
    <p class='ocr_par' dir='ltr' id='par_1_3' title="bbox 2921 490 3402 518">
     <span class='ocr_line' id='line_1_3' title="bbox 2921 490 3402 518; baseline 0.004 -2"><span class='ocrx_word' id='word_1_5' title='bbox 2921 490 3402 518; x_wconf 58' lang='lat' dir='ltr'><strong>mra</strong></span> 
     </span>
    </p>
   </div>
   <div class='ocr_carea' id='block_1_4' title="bbox 353 669 3370 931">
    <p class='ocr_par' dir='ltr' id='par_1_4' title="bbox 353 669 3370 931">
     <span class='ocr_line' id='line_1_4' title="bbox 353 669 3370 931; baseline 0.001 -81"><span class='ocrx_word' id='word_1_6' title='bbox 353 670 1530 931; x_wconf 87' lang='lat' dir='ltr'><strong>SYMEONIS</strong></span> <span class='ocrx_word' id='word_1_7' title='bbox 1660 669 3370 882; x_wconf 65' lang='lat' dir='ltr'><strong>METAPHBASTfE</strong></span> 
     </span>
    </p>
   </div>
   <div class='ocr_carea' id='block_1_5' title="bbox 1005 1013 2728 1156">
    <p class='ocr_par' dir='ltr' id='par_1_5' title="bbox 1005 1013 2728 1156">
     <span class='ocr_line' id='line_1_5' title="bbox 1005 1013 2728 1156; baseline 0.002 -27"><span class='ocrx_word' id='word_1_8' title='bbox 1005 1124 1009 1129; x_wconf 89' lang='lat'><em>_</em></span> <span class='ocrx_word' id='word_1_9' title='bbox 1082 1013 1660 1156; x_wconf 85' lang='lat' dir='ltr'><strong>OPERUM</strong></span> <span class='ocrx_word' id='word_1_10' title='bbox 1731 1016 2106 1129; x_wconf 82' lang='lat' dir='ltr'><strong>PARS</strong></span> <span class='ocrx_word' id='word_1_11' title='bbox 2191 1019 2728 1132; x_wconf 80' lang='lat' dir='ltr'><strong>TERTIA</strong></span> 
     </span>
    </p>
   </div>
   <div class='ocr_carea' id='block_1_6' title="bbox 1670 1281 2122 1328">
    <p class='ocr_par' dir='ltr' id='par_1_6' title="bbox 1670 1281 2122 1328">
     <span class='ocr_line' id='line_1_6' title="bbox 1670 1281 2122 1328; baseline 0.007 -3"><span class='ocrx_word' id='word_1_12' title='bbox 1670 1281 2122 1328; x_wconf 77' lang='lat' dir='ltr'><strong>COMPLECTENS</strong></span> 
     </span>
    </p>
   </div>
   <div class='ocr_carea' id='block_1_7' title="bbox 706 1426 3082 1500">
    <p class='ocr_par' dir='ltr' id='par_1_7' title="bbox 706 1426 3082 1500">
     <span class='ocr_line' id='line_1_7' title="bbox 706 1426 3082 1500; baseline 0.004 -15"><span class='ocrx_word' id='word_1_13' title='bbox 706 1426 940 1488; x_wconf 81' lang='lat' dir='ltr'><strong>VITAS</strong></span> <span class='ocrx_word' id='word_1_14' title='bbox 985 1427 1477 1490; x_wconf 78' lang='lat' dir='ltr'><strong>SANCTORUM</strong></span> <span class='ocrx_word' id='word_1_15' title='bbox 1523 1430 1570 1488; x_wconf 84' lang='lat' dir='ltr'><strong>A</strong></span> <span class='ocrx_word' id='word_1_16' title='bbox 1609 1426 1996 1494; x_wconf 84' lang='lat' dir='ltr'><strong>SYMEONE</strong></span> <span class='ocrx_word' id='word_1_17' title='bbox 2041 1434 2637 1498; x_wconf 75' lang='lat' dir='ltr'><strong>METAPHRASTE</strong></span> <span class='ocrx_word' id='word_1_18' title='bbox 2682 1437 3082 1500; x_wconf 80' lang='lat' dir='ltr'><strong>SCRIPTAS.</strong></span> 
     </span>
    </p>
   </div>
   <div class='ocr_carea' id='block_1_8' title="bbox 1217 1797 2561 1894">
    <p class='ocr_par' dir='ltr' id='par_1_8' title="bbox 1217 1797 2561 1894">
     <span class='ocr_line' id='line_1_8' title="bbox 1217 1797 2561 1894; baseline -0.002 -4"><span class='ocrx_word' id='word_1_19' title='bbox 1217 1799 1792 1894; x_wconf 84' lang='lat' dir='ltr'><strong>MONITUM</strong></span> <span class='ocrx_word' id='word_1_20' title='bbox 1876 1797 2561 1890; x_wconf 77' lang='lat' dir='ltr'><strong>EDITOBUM.</strong></span> 
     </span>
    </p>
   </div>
   <div class='ocr_carea' id='block_1_9' title="bbox 338 2010 3522 2108">
    <p class='ocr_par' dir='ltr' id='par_1_9' title="bbox 338 2010 3522 2108">
     <span class='ocr_line' id='line_1_9' title="bbox 338 2010 3522 2108; baseline -0 -15"><span class='ocrx_word' id='word_1_21' title='bbox 338 2010 721 2094; x_wconf 80' lang='lat' dir='ltr'><strong>Dillicillimum</strong></span> <span class='ocrx_word' id='word_1_22' title='bbox 767 2049 850 2096; x_wconf 92' lang='lat' dir='ltr'><strong>est</strong></span> <span class='ocrx_word' id='word_1_23' title='bbox 899 2042 953 2096; x_wconf 92' lang='lat' dir='ltr'><strong>in</strong></span> <span class='ocrx_word' id='word_1_24' title='bbox 1016 2040 1295 2097; x_wconf 83' lang='lat' dir='ltr'><strong>codicibus</strong></span> <span class='ocrx_word' id='word_1_25' title='bbox 1348 2055 1484 2096; x_wconf 88' lang='lat' dir='ltr'><strong>mss.</strong></span> <span class='ocrx_word' id='word_1_26' title='bbox 1538 2047 1595 2094; x_wconf 92' lang='lat' dir='ltr'><strong>et</strong></span> <span class='ocrx_word' id='word_1_27' title='bbox 1641 2038 1696 2094; x_wconf 92' lang='lat' dir='ltr'><strong>in</strong></span> <span class='ocrx_word' id='word_1_28' title='bbox 1755 2037 2105 2097; x_wconf 75' lang='lat' dir='ltr'><strong>editionibus.</strong></span> <span class='ocrx_word' id='word_1_29' title='bbox 2162 2037 2360 2108; x_wconf 84' lang='lat' dir='ltr'><strong>quibus</strong></span> <span class='ocrx_word' id='word_1_30' title='bbox 2424 2033 2562 2090; x_wconf 69' lang='lat' dir='ltr'><strong>Vitm</strong></span> <span class='ocrx_word' id='word_1_31' title='bbox 2634 2045 2947 2095; x_wconf 88' lang='lat' dir='ltr'><strong>sanctorum</strong></span> <span class='ocrx_word' id='word_1_32' title='bbox 3003 2033 3291 2106; x_wconf 68' lang='lat' dir='ltr'><strong>descripta:</strong></span> <span class='ocrx_word' id='word_1_33' title='bbox 3343 2047 3470 2092; x_wconf 91' lang='lat' dir='ltr'><strong>sunt</strong></span> <span class='ocrx_word' id='word_1_34' title='bbox 3508 2080 3522 2102; x_wconf 87' lang='lat'><strong>,</strong></span> 
     </span>
    </p>
   </div>
   <div class='ocr_carea' id='block_1_10' title="bbox 267 2129 3518 2204">
    <p class='ocr_par' dir='ltr' id='par_1_10' title="bbox 267 2129 3518 2204">
     <span class='ocr_line' id='line_1_10' title="bbox 267 2129 3518 2204; baseline 0 -20"><span class='ocrx_word' id='word_1_35' title='bbox 267 2129 418 2185; x_wconf 74' lang='lat' dir='ltr'><strong>Vitas</strong></span> <span class='ocrx_word' id='word_1_36' title='bbox 483 2147 516 2186; x_wconf 88' lang='lat' dir='ltr'><strong>a</strong></span> <span class='ocrx_word' id='word_1_37' title='bbox 599 2132 656 2187; x_wconf 93' lang='lat' dir='ltr'><strong>S.</strong></span> <span class='ocrx_word' id='word_1_38' title='bbox 722 2133 1086 2204; x_wconf 83' lang='lat' dir='ltr'><strong>Metaphraste</strong></span> <span class='ocrx_word' id='word_1_39' title='bbox 1149 2133 1379 2204; x_wconf 87' lang='lat' dir='ltr'><strong>scriptas</strong></span> <span class='ocrx_word' id='word_1_40' title='bbox 1417 2131 1732 2190; x_wconf 72' lang='lat' dir='ltr'><strong>discernere</strong></span> <span class='ocrx_word' id='word_1_41' title='bbox 1777 2132 1845 2187; x_wconf 87' lang='lat' dir='ltr'><strong>ab</strong></span> <span class='ocrx_word' id='word_1_42' title='bbox 1896 2132 1963 2186; x_wconf 90' lang='lat' dir='ltr'><strong>iis</strong></span> <span class='ocrx_word' id='word_1_43' title='bbox 2011 2147 2154 2203; x_wconf 81' lang='lat' dir='ltr'><strong>quas</strong></span> <span class='ocrx_word' id='word_1_44' title='bbox 2207 2130 2604 2200; x_wconf 83' lang='lat' dir='ltr'><strong>Melaphrastes</strong></span> <span class='ocrx_word' id='word_1_45' title='bbox 2656 2131 2741 2186; x_wconf 86' lang='lat' dir='ltr'><strong>vel</strong></span> <span class='ocrx_word' id='word_1_46' title='bbox 2785 2129 3133 2200; x_wconf 77' lang='lat' dir='ltr'><strong>interpolavit</strong></span> <span class='ocrx_word' id='word_1_47' title='bbox 3187 2168 3204 2196; x_wconf 89' lang='lat'><strong>,</strong></span> <span class='ocrx_word' id='word_1_48' title='bbox 3258 2131 3342 2185; x_wconf 88' lang='lat' dir='ltr'><strong>vel</strong></span> <span class='ocrx_word' id='word_1_49' title='bbox 3427 2131 3518 2185; x_wconf 73' lang='lat' dir='ltr'><strong>im.</strong></span> 
     </span>
    </p>
   </div>
   <div class='ocr_carea' id='block_1_11' title="bbox 189 2221 3517 2296">
    <p class='ocr_par' dir='ltr' id='par_1_11' title="bbox 189 2221 3517 2296">
     <span class='ocr_line' id='line_1_11' title="bbox 189 2221 3517 2296; baseline 0.001 -22"><span class='ocrx_word' id='word_1_50' title='bbox 189 2257 196 2264; x_wconf 74' lang='lat'><strong>-</strong></span> <span class='ocrx_word' id='word_1_51' title='bbox 263 2232 502 2277; x_wconf 89' lang='lat' dir='ltr'><strong>mutatas</strong></span> <span class='ocrx_word' id='word_1_52' title='bbox 547 2223 842 2294; x_wconf 73' lang='lat' dir='ltr'><strong>adoptavit,</strong></span> <span class='ocrx_word' id='word_1_53' title='bbox 875 2225 960 2280; x_wconf 87' lang='lat' dir='ltr'><strong>vel</strong></span> <span class='ocrx_word' id='word_1_54' title='bbox 1007 2239 1143 2296; x_wconf 87' lang='lat' dir='ltr'><strong>quas</strong></span> <span class='ocrx_word' id='word_1_55' title='bbox 1165 2223 1257 2280; x_wconf 84' lang='lat' dir='ltr'><strong>alii</strong></span> <span class='ocrx_word' id='word_1_56' title='bbox 1312 2233 1435 2295; x_wconf 91' lang='lat' dir='ltr'><strong>post</strong></span> <span class='ocrx_word' id='word_1_57' title='bbox 1484 2224 1904 2294; x_wconf 83' lang='lat' dir='ltr'><strong>Metaphrastem</strong></span> <span class='ocrx_word' id='word_1_58' title='bbox 1951 2238 2020 2278; x_wconf 78' lang='lat' dir='ltr'><strong>ex</strong></span> <span class='ocrx_word' id='word_1_59' title='bbox 2071 2222 2292 2294; x_wconf 88' lang='lat' dir='ltr'><strong>scriptis</strong></span> <span class='ocrx_word' id='word_1_60' title='bbox 2337 2223 2458 2291; x_wconf 87' lang='lat' dir='ltr'><strong>ejus</strong></span> <span class='ocrx_word' id='word_1_61' title='bbox 2493 2221 2866 2278; x_wconf 80' lang='lat' dir='ltr'><strong>confecerunt.</strong></span> <span class='ocrx_word' id='word_1_62' title='bbox 2909 2223 3046 2278; x_wconf 85' lang='lat' dir='ltr'><strong>Huic</strong></span> <span class='ocrx_word' id='word_1_63' title='bbox 3075 2223 3373 2278; x_wconf 79' lang='lat' dir='ltr'><strong>difﬁcultati</strong></span> <span class='ocrx_word' id='word_1_64' title='bbox 3435 2223 3517 2276; x_wconf 86' lang='lat' dir='ltr'><strong>lu-</strong></span> 
     </span>
    </p>
   </div>
   <div class='ocr_carea' id='block_1_12' title="bbox 265 2314 3512 2388">
    <p class='ocr_par' dir='ltr' id='par_1_12' title="bbox 265 2314 3512 2388">
     <span class='ocr_line' id='line_1_12' title="bbox 265 2314 3512 2388; baseline -0.001 -19"><span class='ocrx_word' id='word_1_65' title='bbox 265 2327 388 2369; x_wconf 89' lang='lat' dir='ltr'><strong>cem</strong></span> <span class='ocrx_word' id='word_1_66' title='bbox 413 2316 854 2386; x_wconf 84' lang='lat' dir='ltr'><strong>qualemcunque</strong></span> <span class='ocrx_word' id='word_1_67' title='bbox 881 2317 1173 2372; x_wconf 80' lang='lat' dir='ltr'><strong>aﬂ&#39;undunt</strong></span> <span class='ocrx_word' id='word_1_68' title='bbox 1200 2328 1312 2372; x_wconf 88' lang='lat' dir='ltr'><strong>tres</strong></span> <span class='ocrx_word' id='word_1_69' title='bbox 1341 2316 1570 2388; x_wconf 82' lang='lat' dir='ltr'><strong>catalogi</strong></span> <span class='ocrx_word' id='word_1_70' title='bbox 1604 2331 1740 2386; x_wconf 90' lang='lat' dir='ltr'><strong>quos</strong></span> <span class='ocrx_word' id='word_1_71' title='bbox 1766 2315 1877 2369; x_wconf 86' lang='lat' dir='ltr'><strong>Leo</strong></span> <span class='ocrx_word' id='word_1_72' title='bbox 1922 2314 2170 2379; x_wconf 81' lang='lat' dir='ltr'><strong>Allatius,</strong></span> <span class='ocrx_word' id='word_1_73' title='bbox 2217 2314 2284 2368; x_wconf 89' lang='lat' dir='ltr'><strong>de</strong></span> <span class='ocrx_word' id='word_1_74' title='bbox 2330 2315 2548 2384; x_wconf 89' lang='lat' dir='ltr'><strong>scriptis</strong></span> <span class='ocrx_word' id='word_1_75' title='bbox 2596 2317 2836 2370; x_wconf 84' lang='lat' dir='ltr'><strong>auctoris</strong></span> <span class='ocrx_word' id='word_1_76' title='bbox 2883 2317 3054 2370; x_wconf 84' lang='lat' dir='ltr'><strong>nostri</strong></span> <span class='ocrx_word' id='word_1_77' title='bbox 3091 2315 3326 2386; x_wconf 80' lang='lat' dir='ltr'><strong>agendo,</strong></span> <span class='ocrx_word' id='word_1_78' title='bbox 3365 2330 3512 2370; x_wconf 87' lang='lat' dir='ltr'><strong>con-</strong></span> 
     </span>
    </p>
   </div>
   <div class='ocr_carea' id='block_1_13' title="bbox 265 2403 3516 2477">
    <p class='ocr_par' dir='ltr' id='par_1_13' title="bbox 265 2403 3516 2477">
     <span class='ocr_line' id='line_1_13' title="bbox 265 2403 3516 2477; baseline 0.001 -19"><span class='ocrx_word' id='word_1_79' title='bbox 265 2403 401 2460; x_wconf 78' lang='lat' dir='ltr'><strong>fecit</strong></span> <span class='ocrx_word' id='word_1_80' title='bbox 434 2423 448 2459; x_wconf 90' lang='lat'>:</span> <span class='ocrx_word' id='word_1_81' title='bbox 484 2406 697 2474; x_wconf 89' lang='lat' dir='ltr'><strong>primus</strong></span> <span class='ocrx_word' id='word_1_82' title='bbox 720 2404 1205 2461; x_wconf 82' lang='lat' dir='ltr'><strong>scilicet-Vitarum</strong></span> <span class='ocrx_word' id='word_1_83' title='bbox 1231 2421 1366 2476; x_wconf 89' lang='lat' dir='ltr'><strong>quas</strong></span> <span class='ocrx_word' id='word_1_84' title='bbox 1403 2405 1807 2477; x_wconf 82' lang='lat' dir='ltr'><strong>Metaphrastes</strong></span> <span class='ocrx_word' id='word_1_85' title='bbox 1834 2404 2118 2473; x_wconf 87' lang='lat' dir='ltr'><strong>scripsisse</strong></span> <span class='ocrx_word' id='word_1_86' title='bbox 2153 2403 2389 2458; x_wconf 85' lang='lat' dir='ltr'><strong>refertur</strong></span> <span class='ocrx_word' id='word_1_87' title='bbox 2424 2405 2566 2474; x_wconf 89' lang='lat' dir='ltr'><strong>apud</strong></span> <span class='ocrx_word' id='word_1_88' title='bbox 2607 2405 2964 2476; x_wconf 87' lang='lat' dir='ltr'><strong>Lipomanum</strong></span> <span class='ocrx_word' id='word_1_89' title='bbox 2999 2415 3053 2461; x_wconf 91' lang='lat' dir='ltr'><strong>et</strong></span> <span class='ocrx_word' id='word_1_90' title='bbox 3081 2408 3224 2476; x_wconf 85' lang='lat' dir='ltr'><strong>apud</strong></span> <span class='ocrx_word' id='word_1_91' title='bbox 3254 2404 3472 2461; x_wconf 83' lang='lat' dir='ltr'><strong>Surium</strong></span> <span class='ocrx_word' id='word_1_92' title='bbox 3501 2425 3516 2470; x_wconf 89' lang='lat'><strong>;</strong></span> 
     </span>
    </p>
   </div>
   <div class='ocr_carea' id='block_1_14' title="bbox 267 2494 3523 2568">
    <p class='ocr_par' dir='ltr' id='par_1_14' title="bbox 267 2494 3523 2568">
     <span class='ocr_line' id='line_1_14' title="bbox 267 2494 3523 2568; baseline -0.001 -15"><span class='ocrx_word' id='word_1_93' title='bbox 267 2496 548 2553; x_wconf 90' lang='lat' dir='ltr'><strong>secundus</strong></span> <span class='ocrx_word' id='word_1_94' title='bbox 568 2497 818 2552; x_wconf 80' lang='lat' dir='ltr'><strong>Vitarum</strong></span> <span class='ocrx_word' id='word_1_95' title='bbox 851 2513 973 2566; x_wconf 69' lang='lat' dir='ltr'><strong>quae</strong></span> <span class='ocrx_word' id='word_1_96' title='bbox 994 2505 1148 2553; x_wconf 89' lang='lat' dir='ltr'><strong>certo</strong></span> <span class='ocrx_word' id='word_1_97' title='bbox 1177 2513 1208 2552; x_wconf 92' lang='lat' dir='ltr'><strong>a</strong></span> <span class='ocrx_word' id='word_1_98' title='bbox 1239 2496 1610 2568; x_wconf 86' lang='lat' dir='ltr'><strong>Metaphraste</strong></span> <span class='ocrx_word' id='word_1_99' title='bbox 1631 2495 1852 2564; x_wconf 61' lang='lat' dir='ltr'><strong>scripta).</strong></span> <span class='ocrx_word' id='word_1_100' title='bbox 1896 2510 2004 2549; x_wconf 91' lang='lat' dir='ltr'><strong>non</strong></span> <span class='ocrx_word' id='word_1_101' title='bbox 2050 2503 2216 2559; x_wconf 89' lang='lat' dir='ltr'><strong>sunt;</strong></span> <span class='ocrx_word' id='word_1_102' title='bbox 2251 2494 2445 2550; x_wconf 83' lang='lat' dir='ltr'><strong>tertiu‘s</strong></span> <span class='ocrx_word' id='word_1_103' title='bbox 2474 2494 2741 2561; x_wconf 81' lang='lat' dir='ltr'><strong>Vitarum,</strong></span> <span class='ocrx_word' id='word_1_104' title='bbox 2766 2511 2908 2566; x_wconf 76' lang='lat' dir='ltr'><strong>qute,</strong></span> <span class='ocrx_word' id='word_1_105' title='bbox 2939 2505 3144 2550; x_wconf 91' lang='lat' dir='ltr'><strong>attenta</strong></span> <span class='ocrx_word' id='word_1_106' title='bbox 3195 2498 3523 2551; x_wconf 87' lang='lat' dir='ltr'><strong>auctoritate</strong></span> 
     </span>
    </p>
   </div>
   <div class='ocr_carea' id='block_1_15' title="bbox 264 2585 3523 2665">
    <p class='ocr_par' dir='ltr' id='par_1_15' title="bbox 264 2585 3523 2665">
     <span class='ocr_line' id='line_1_15' title="bbox 264 2585 3523 2665; baseline -0.002 -21"><span class='ocrx_word' id='word_1_107' title='bbox 264 2593 520 2648; x_wconf 86' lang='lat' dir='ltr'><strong>codicum</strong></span> <span class='ocrx_word' id='word_1_108' title='bbox 539 2595 595 2647; x_wconf 83' lang='lat' dir='ltr'><strong>et</strong></span> <span class='ocrx_word' id='word_1_109' title='bbox 616 2590 968 2646; x_wconf 88' lang='lat' dir='ltr'><strong>considerata</strong></span> <span class='ocrx_word' id='word_1_110' title='bbox 998 2589 1277 2644; x_wconf 87' lang='lat' dir='ltr'><strong>scribendi</strong></span> <span class='ocrx_word' id='word_1_111' title='bbox 1313 2589 1553 2654; x_wconf 87' lang='lat' dir='ltr'><strong>ratione,</strong></span> <span class='ocrx_word' id='word_1_112' title='bbox 1590 2585 2014 2655; x_wconf 79' lang='lat' dir='ltr'><strong>Metapbrastem</strong></span> <span class='ocrx_word' id='word_1_113' title='bbox 2060 2594 2212 2640; x_wconf 89' lang='lat' dir='ltr'><strong>certo</strong></span> <span class='ocrx_word' id='word_1_114' title='bbox 2263 2596 2540 2665; x_wconf 79' lang='lat' dir='ltr'><strong>auctorem</strong></span> <span class='ocrx_word' id='word_1_115' title='bbox 2579 2586 2804 2640; x_wconf 80' lang='lat' dir='ltr'><strong>habent.</strong></span> <span class='ocrx_word' id='word_1_116' title='bbox 2839 2585 3077 2657; x_wconf 78' lang='lat' dir='ltr'><strong>Catalogi</strong></span> <span class='ocrx_word' id='word_1_117' title='bbox 3127 2587 3202 2641; x_wconf 91' lang='lat' dir='ltr'><strong>illi</strong></span> <span class='ocrx_word' id='word_1_118' title='bbox 3243 2603 3351 2640; x_wconf 92' lang='lat' dir='ltr'><strong>non</strong></span> <span class='ocrx_word' id='word_1_119' title='bbox 3386 2587 3523 2642; x_wconf 61' lang='lat' dir='ltr'><strong>levi-</strong></span> 
     </span>
    </p>
   </div>
   <div class='ocr_carea' id='block_1_16' title="bbox 267 2679 3526 2750">
    <p class='ocr_par' dir='ltr' id='par_1_16' title="bbox 267 2679 3526 2750">
     <span class='ocr_line' id='line_1_16' title="bbox 267 2679 3526 2750; baseline -0.002 -11"><span class='ocrx_word' id='word_1_120' title='bbox 267 2697 374 2750; x_wconf 59' lang='lat' dir='ltr'><strong>ger,</strong></span> <span class='ocrx_word' id='word_1_121' title='bbox 398 2685 494 2739; x_wconf 88' lang='lat' dir='ltr'><strong>sed</strong></span> <span class='ocrx_word' id='word_1_122' title='bbox 529 2695 740 2739; x_wconf 88' lang='lat' dir='ltr'><strong>mature</strong></span> <span class='ocrx_word' id='word_1_123' title='bbox 778 2682 1014 2739; x_wconf 81' lang='lat' dir='ltr'><strong>confecti</strong></span> <span class='ocrx_word' id='word_1_124' title='bbox 1048 2681 1214 2737; x_wconf 80' lang='lat' dir='ltr'><strong>fuisse</strong></span> <span class='ocrx_word' id='word_1_125' title='bbox 1255 2683 1536 2738; x_wconf 85' lang='lat' dir='ltr'><strong>videntur.</strong></span> <span class='ocrx_word' id='word_1_126' title='bbox 1568 2680 1781 2735; x_wconf 81' lang='lat' dir='ltr'><strong>Novum</strong></span> <span class='ocrx_word' id='word_1_127' title='bbox 1812 2679 2117 2746; x_wconf 79' lang='lat' dir='ltr'><strong>subsidium</strong></span> <span class='ocrx_word' id='word_1_128' title='bbox 2148 2680 2200 2734; x_wconf 92' lang='lat' dir='ltr'><strong>iu</strong></span> <span class='ocrx_word' id='word_1_129' title='bbox 2229 2680 2616 2735; x_wconf 85' lang='lat' dir='ltr'><strong>discernendis</strong></span> <span class='ocrx_word' id='word_1_130' title='bbox 2640 2679 2779 2736; x_wconf 87' lang='lat' dir='ltr'><strong>Vitis</strong></span> <span class='ocrx_word' id='word_1_131' title='bbox 2819 2691 3136 2737; x_wconf 88' lang='lat' dir='ltr'><strong>sanctorum</strong></span> <span class='ocrx_word' id='word_1_132' title='bbox 3160 2698 3189 2735; x_wconf 88' lang='lat' dir='ltr'><strong>a</strong></span> <span class='ocrx_word' id='word_1_133' title='bbox 3216 2681 3526 2750; x_wconf 66' lang='lat' dir='ltr'><strong>Mctaplira.</strong></span> 
     </span>
    </p>
   </div>
   <div class='ocr_carea' id='block_1_17' title="bbox 264 2773 3524 2847">
    <p class='ocr_par' dir='ltr' id='par_1_17' title="bbox 264 2773 3524 2847">
     <span class='ocr_line' id='line_1_17' title="bbox 264 2773 3524 2847; baseline -0.001 -17"><span class='ocrx_word' id='word_1_134' title='bbox 264 2787 349 2836; x_wconf 87' lang='lat' dir='ltr'><strong>ste</strong></span> <span class='ocrx_word' id='word_1_135' title='bbox 382 2780 624 2832; x_wconf 79' lang='lat' dir='ltr'><strong>exaratis</strong></span> <span class='ocrx_word' id='word_1_136' title='bbox 651 2775 906 2833; x_wconf 80' lang='lat' dir='ltr'><strong>conferre</strong></span> <span class='ocrx_word' id='word_1_137' title='bbox 929 2784 1162 2847; x_wconf 88' lang='lat' dir='ltr'><strong>possunt</strong></span> <span class='ocrx_word' id='word_1_138' title='bbox 1187 2776 1296 2830; x_wconf 93' lang='lat' dir='ltr'><strong>duo</strong></span> <span class='ocrx_word' id='word_1_139' title='bbox 1334 2774 1587 2842; x_wconf 74' lang='lat' dir='ltr'><strong>catalogi,</strong></span> <span class='ocrx_word' id='word_1_140' title='bbox 1611 2788 1750 2844; x_wconf 90' lang='lat' dir='ltr'><strong>quos</strong></span> <span class='ocrx_word' id='word_1_141' title='bbox 1797 2773 1886 2827; x_wconf 91' lang='lat' dir='ltr'><strong>hic</strong></span> <span class='ocrx_word' id='word_1_142' title='bbox 1913 2773 2255 2842; x_wconf 65' lang='lat' dir='ltr'><strong>subiicimus,</strong></span> <span class='ocrx_word' id='word_1_143' title='bbox 2304 2790 2446 2830; x_wconf 93' lang='lat' dir='ltr'><strong>unus</strong></span> <span class='ocrx_word' id='word_1_144' title='bbox 2483 2790 2648 2845; x_wconf 91' lang='lat' dir='ltr'><strong>quem</strong></span> <span class='ocrx_word' id='word_1_145' title='bbox 2683 2773 2978 2838; x_wconf 82' lang='lat' dir='ltr'><strong>Hanckius,</strong></span> <span class='ocrx_word' id='word_1_146' title='bbox 3025 2775 3080 2830; x_wconf 91' lang='lat' dir='ltr'><strong>in</strong></span> <span class='ocrx_word' id='word_1_147' title='bbox 3111 2775 3250 2830; x_wconf 89' lang='lat' dir='ltr'><strong>libro</strong></span> <span class='ocrx_word' id='word_1_148' title='bbox 3293 2790 3392 2829; x_wconf 91' lang='lat' dir='ltr'><strong>suo</strong></span> <span class='ocrx_word' id='word_1_149' title='bbox 3445 2774 3524 2827; x_wconf 80' lang='lat' dir='ltr'><strong>De</strong></span> 
     </span>
    </p>
   </div>
   <div class='ocr_carea' id='block_1_18' title="bbox 260 2855 3523 2941">
    <p class='ocr_par' dir='ltr' id='par_1_18' title="bbox 260 2855 3523 2941">
     <span class='ocr_line' id='line_1_18' title="bbox 260 2855 3523 2941; baseline 0.001 -19"><span class='ocrx_word' id='word_1_150' title='bbox 260 2871 610 2939; x_wconf 69' lang='lat' dir='ltr'><strong>scriptoribus</strong></span> <span class='ocrx_word' id='word_1_151' title='bbox 648 2869 988 2940; x_wconf 81' lang='lat' dir='ltr'><strong>Byzantinis,</strong></span> <span class='ocrx_word' id='word_1_152' title='bbox 1020 2885 1214 2941; x_wconf 79' lang='lat' dir='ltr'><strong>magna</strong></span> <span class='ocrx_word' id='word_1_153' title='bbox 1262 2855 1547 2940; x_wconf 76' lang='lat' dir='ltr'><strong>diligentia</strong></span> <span class='ocrx_word' id='word_1_154' title='bbox 1593 2865 1902 2936; x_wconf 87' lang='lat' dir='ltr'><strong>composuit</strong></span> <span class='ocrx_word' id='word_1_155' title='bbox 1926 2885 1944 2932; x_wconf 86' lang='lat'><strong>;</strong></span> <span class='ocrx_word' id='word_1_156' title='bbox 1967 2867 2102 2922; x_wconf 86' lang='lat' dir='ltr'><strong>alter</strong></span> <span class='ocrx_word' id='word_1_157' title='bbox 2121 2884 2285 2939; x_wconf 86' lang='lat' dir='ltr'><strong>quem</strong></span> <span class='ocrx_word' id='word_1_158' title='bbox 2314 2868 2502 2926; x_wconf 88' lang='lat' dir='ltr'><strong>Daniel</strong></span> <span class='ocrx_word' id='word_1_159' title='bbox 2533 2869 2608 2925; x_wconf 90' lang='lat' dir='ltr'><strong>De</strong></span> <span class='ocrx_word' id='word_1_160' title='bbox 2644 2868 2832 2926; x_wconf 82' lang='lat' dir='ltr'><strong>Nessel</strong></span> <span class='ocrx_word' id='word_1_161' title='bbox 2863 2867 3184 2926; x_wconf 80' lang='lat' dir='ltr'><strong>confecitex</strong></span> <span class='ocrx_word' id='word_1_162' title='bbox 3241 2869 3523 2926; x_wconf 84' lang='lat' dir='ltr'><strong>codicibus</strong></span> 
     </span>
    </p>
   </div>
   <div class='ocr_carea' id='block_1_19' title="bbox 251 2961 1740 3043">
    <p class='ocr_par' dir='ltr' id='par_1_19' title="bbox 251 2961 1740 3043">
     <span class='ocr_line' id='line_1_19' title="bbox 251 2961 1740 3043; baseline -0.001 -25"><span class='ocrx_word' id='word_1_163' title='bbox 251 2979 398 3043; x_wconf 78' lang='lat' dir='ltr'><strong>mss.</strong></span> <span class='ocrx_word' id='word_1_164' title='bbox 428 2963 773 3020; x_wconf 70' lang='lat' dir='ltr'><strong>bibliotheca:</strong></span> <span class='ocrx_word' id='word_1_165' title='bbox 794 2961 1253 3019; x_wconf 80' lang='lat' dir='ltr'><strong>Vindobonensis.</strong></span> <span class='ocrx_word' id='word_1_166' title='bbox 1279 2963 1376 3018; x_wconf 91' lang='lat' dir='ltr'><strong>Hic</strong></span> <span class='ocrx_word' id='word_1_167' title='bbox 1416 2973 1740 3035; x_wconf 81' lang='lat' dir='ltr'><strong>sequuntur.</strong></span> 
     </span>
    </p>
   </div>
   <div class='ocr_carea' id='block_1_20' title="bbox 1856 3127 1927 3140">
    <p class='ocr_par' dir='ltr' id='par_1_20' title="bbox 1856 3127 1927 3140">
     <span class='ocr_line' id='line_1_20' title="bbox 1856 3127 1927 3140; baseline 0 -2"><span class='ocrx_word' id='word_1_168' title='bbox 1856 3127 1927 3140; x_wconf 79' lang='lat'><strong>—</strong></span> 
     </span>
    </p>
   </div>
   <div class='ocr_carea' id='block_1_21' title="bbox 1548 3250 2350 3314">
    <p class='ocr_par' dir='ltr' id='par_1_21' title="bbox 1548 3250 2350 3314">
     <span class='ocr_line' id='line_1_21' title="bbox 1548 3250 2350 3314; baseline -0.005 0"><span class='ocrx_word' id='word_1_169' title='bbox 1548 3251 1892 3314; x_wconf 77' lang='lat' dir='ltr'><strong>MARTINI</strong></span> <span class='ocrx_word' id='word_1_170' title='bbox 1935 3250 2270 3312; x_wconf 85' lang='lat' dir='ltr'><strong>HANCKII</strong></span> <span class='ocrx_word' id='word_1_171' title='bbox 2342 3282 2350 3290; x_wconf 91' lang='lat'><strong>-</strong></span> 
     </span>
    </p>
   </div>
   <div class='ocr_carea' id='block_1_22' title="bbox 804 3399 2976 3483">
    <p class='ocr_par' dir='ltr' id='par_1_22' title="bbox 804 3399 2976 3483">
     <span class='ocr_line' id='line_1_22' title="bbox 804 3399 2976 3483; baseline -0 -16"><span class='ocrx_word' id='word_1_172' title='bbox 804 3403 1144 3483; x_wconf 82' lang='lat' dir='ltr'><strong>Catalogus</strong></span> <span class='ocrx_word' id='word_1_173' title='bbox 1187 3401 1482 3465; x_wconf 85' lang='lat' dir='ltr'><strong>Vitarum</strong></span> <span class='ocrx_word' id='word_1_174' title='bbox 1529 3418 1692 3480; x_wconf 85' lang='lat' dir='ltr'><strong>quas</strong></span> <span class='ocrx_word' id='word_1_175' title='bbox 1737 3401 2018 3481; x_wconf 82' lang='lat' dir='ltr'><strong>Symeou</strong></span> <span class='ocrx_word' id='word_1_176' title='bbox 2061 3399 2528 3479; x_wconf 83' lang='lat' dir='ltr'><strong>Metaphrasles</strong></span> <span class='ocrx_word' id='word_1_177' title='bbox 2583 3405 2976 3482; x_wconf 84' lang='lat' dir='ltr'><strong>composuit.</strong></span> 
     </span>
    </p>
   </div>
   <div class='ocr_carea' id='block_1_23' title="bbox 1201 3554 2597 3627">
    <p class='ocr_par' dir='ltr' id='par_1_23' title="bbox 1201 3554 2597 3627">
     <span class='ocr_line' id='line_1_23' title="bbox 1201 3554 2597 3627; baseline 0.001 -21"><span class='ocrx_word' id='word_1_178' title='bbox 1201 3558 1295 3621; x_wconf 89' lang='lat' dir='ltr'><strong>(De</strong></span> <span class='ocrx_word' id='word_1_179' title='bbox 1320 3554 1768 3627; x_wconf 80' lang='lat' dir='ltr'><strong>Byzantin._rerum</strong></span> <span class='ocrx_word' id='word_1_180' title='bbox 1789 3554 2019 3621; x_wconf 79' lang='lat' dir='ltr'><strong>scriptor.</strong></span> <span class='ocrx_word' id='word_1_181' title='bbox 2046 3558 2098 3606; x_wconf 87' lang='lat' dir='ltr'><strong>in</strong></span> <span class='ocrx_word' id='word_1_182' title='bbox 2119 3559 2187 3617; x_wconf 74' lang='grc' dir='ltr'><strong>ιο,</strong></span> <span class='ocrx_word' id='word_1_183' title='bbox 2211 3557 2391 3620; x_wconf 68' lang='lat' dir='ltr'><strong>Lipsiae.</strong></span> <span class='ocrx_word' id='word_1_184' title='bbox 2435 3557 2597 3621; x_wconf 82' lang='lat'><strong>1677).</strong></span> 
     </span>
    </p>
   </div>
   <div class='ocr_carea' id='block_1_24' title="bbox 333 3847 3521 3939">
    <p class='ocr_par' dir='ltr' id='par_1_24' title="bbox 333 3847 3521 3939">
     <span class='ocr_line' id='line_1_24' title="bbox 333 3847 3521 3939; baseline 0.003 -35"><span class='ocrx_word' id='word_1_185' title='bbox 333 3851 386 3904; x_wconf 75' lang='grc'><strong>1.</strong></span> <span class='ocrx_word' id='word_1_186' title='bbox 425 3849 660 3904; x_wconf 84' lang='lat' dir='ltr'><strong>Historia</strong></span> <span class='ocrx_word' id='word_1_187' title='bbox 696 3849 764 3904; x_wconf 87' lang='lat' dir='ltr'><strong>de</strong></span> <span class='ocrx_word' id='word_1_188' title='bbox 822 3848 1056 3921; x_wconf 71' lang='lat' dir='ltr'><strong>Martyrii</strong></span> <span class='ocrx_word' id='word_1_189' title='bbox 1096 3861 1152 3906; x_wconf 92' lang='lat' dir='ltr'><strong>et</strong></span> <span class='ocrx_word' id='word_1_190' title='bbox 1193 3848 1453 3906; x_wconf 79' lang='lat' dir='ltr'><strong>Marciani</strong></span> <span class='ocrx_word' id='word_1_191' title='bbox 1518 3849 1777 3921; x_wconf 85' lang='lat' dir='ltr'><strong>martyrio</strong></span> <span class='ocrx_word' id='word_1_192' title='bbox 1815 3866 1831 3905; x_wconf 89' lang='lat'><strong>:</strong></span> <span class='ocrx_word' id='word_1_193' title='bbox 1865 3847 1912 3902; x_wconf 81' lang='grc' dir='ltr'><strong>Δ</strong></span> <span class='ocrx_word' id='word_1_194' title='bbox 2010 3848 2063 3902; x_wconf 88' lang='lat'><strong>7.</strong></span> <span class='ocrx_word' id='word_1_195' title='bbox 2109 3847 2344 3904; x_wconf 83' lang='lat' dir='ltr'><strong>Historia</strong></span> <span class='ocrx_word' id='word_1_196' title='bbox 2393 3860 2460 3905; x_wconf 83' lang='lat' dir='ltr'><strong>tte</strong></span> <span class='ocrx_word' id='word_1_197' title='bbox 2522 3849 2696 3906; x_wconf 86' lang='lat' dir='ltr'><strong>sancti</strong></span> <span class='ocrx_word' id='word_1_198' title='bbox 2763 3847 2950 3905; x_wconf 82' lang='lat' dir='ltr'><strong>Jacobi</strong></span> <span class='ocrx_word' id='word_1_199' title='bbox 2999 3853 3228 3921; x_wconf 79' lang='lat' dir='ltr'><strong>apostoli</strong></span> <span class='ocrx_word' id='word_1_200' title='bbox 3294 3856 3411 3939; x_wconf 37' lang='lat' dir='ltr'><strong>vita.</strong></span> <span class='ocrx_word' id='word_1_201' title='bbox 3465 3869 3521 3916; x_wconf 89' lang='lat' dir='ltr'><strong>et</strong></span> 
     </span>
    </p>
   </div>
   <div class='ocr_carea' id='block_1_25' title="bbox 260 3941 2222 4013">
    <p class='ocr_par' dir='ltr' id='par_1_25' title="bbox 260 3941 2222 4013">
     <span class='ocr_line' id='line_1_25' title="bbox 260 3941 2222 4013; baseline 0.002 -20"><span class='ocrx_word' id='word_1_202' title='bbox 260 3955 495 4011; x_wconf 88' lang='lat' dir='ltr'><strong>quorum</strong></span> <span class='ocrx_word' id='word_1_203' title='bbox 532 3941 624 3996; x_wconf 88' lang='lat' dir='ltr'><strong>ille</strong></span> <span class='ocrx_word' id='word_1_204' title='bbox 645 3941 1034 4007; x_wconf 83' lang='lat' dir='ltr'><strong>subdiaconus,</strong></span> <span class='ocrx_word' id='word_1_205' title='bbox 1066 3943 1156 3998; x_wconf 86' lang='lat' dir='ltr'><strong>hic</strong></span> <span class='ocrx_word' id='word_1_206' title='bbox 1193 3952 1384 3998; x_wconf 88' lang='lat' dir='ltr'><strong>cautor</strong></span> <span class='ocrx_word' id='word_1_207' title='bbox 1415 3943 1668 3999; x_wconf 68' lang='lat' dir='ltr'><strong>Ecclesiae</strong></span> <span class='ocrx_word' id='word_1_208' title='bbox 1691 3942 1840 3998; x_wconf 84' lang='lat' dir='ltr'><strong>Con-</strong></span> <span class='ocrx_word' id='word_1_209' title='bbox 1942 3945 2222 4013; x_wconf 84' lang='lat' dir='ltr'><strong>martyrio.</strong></span> 
     </span>
    </p>
   </div>
   <div class='ocr_carea' id='block_1_26' title="bbox 261 4033 1840 4105">
    <p class='ocr_par' dir='ltr' id='par_1_26' title="bbox 261 4033 1840 4105">
     <span class='ocr_line' id='line_1_26' title="bbox 261 4033 1840 4105; baseline 0 -17"><span class='ocrx_word' id='word_1_210' title='bbox 261 4033 767 4103; x_wconf 62' lang='lat' dir='ltr'><strong>stantinOpolitanae</strong></span> <span class='ocrx_word' id='word_1_211' title='bbox 811 4051 828 4101; x_wconf 89' lang='lat'><strong>;</strong></span> <span class='ocrx_word' id='word_1_212' title='bbox 881 4043 1113 4105; x_wconf 89' lang='lat' dir='ltr'><strong>uterque</strong></span> <span class='ocrx_word' id='word_1_213' title='bbox 1159 4035 1310 4090; x_wconf 87' lang='lat' dir='ltr'><strong>Pauli</strong></span> <span class='ocrx_word' id='word_1_214' title='bbox 1372 4035 1840 4104; x_wconf 87' lang='lat' dir='ltr'><strong>Constantinopo-</strong></span> 
     </span>
    </p>
   </div>
   <div class='ocr_carea' id='block_1_27' title="bbox 259 4123 1841 4197">
    <p class='ocr_par' dir='ltr' id='par_1_27' title="bbox 259 4123 1841 4197">
     <span class='ocr_line' id='line_1_27' title="bbox 259 4123 1841 4197; baseline 0.003 -20"><span class='ocrx_word' id='word_1_215' title='bbox 259 4123 559 4178; x_wconf 83' lang='lat' dir='ltr'><strong>litauorum</strong></span> <span class='ocrx_word' id='word_1_216' title='bbox 615 4124 939 4194; x_wconf 69' lang='lat' dir='ltr'><strong>patriarchae</strong></span> <span class='ocrx_word' id='word_1_217' title='bbox 994 4126 1243 4182; x_wconf 89' lang='lat' dir='ltr'><strong>notarius</strong></span> <span class='ocrx_word' id='word_1_218' title='bbox 1293 4126 1441 4182; x_wconf 79' lang='lat' dir='ltr'><strong>fuit:</strong></span> <span class='ocrx_word' id='word_1_219' title='bbox 1476 4136 1707 4197; x_wconf 89' lang='lat' dir='ltr'><strong>uterque</strong></span> <span class='ocrx_word' id='word_1_220' title='bbox 1737 4126 1841 4181; x_wconf 89' lang='lat' dir='ltr'><strong>sub</strong></span> 
     </span>
    </p>
   </div>
   <div class='ocr_carea' id='block_1_28' title="bbox 261 4213 1838 4289">
    <p class='ocr_par' dir='ltr' id='par_1_28' title="bbox 261 4213 1838 4289">
     <span class='ocr_line' id='line_1_28' title="bbox 261 4213 1838 4289; baseline 0.004 -23"><span class='ocrx_word' id='word_1_221' title='bbox 261 4213 594 4282; x_wconf 88' lang='lat' dir='ltr'><strong>imperatore</strong></span> <span class='ocrx_word' id='word_1_222' title='bbox 644 4213 998 4279; x_wconf 85' lang='lat' dir='ltr'><strong>Constantio,</strong></span> <span class='ocrx_word' id='word_1_223' title='bbox 1055 4216 1399 4272; x_wconf 82' lang='lat' dir='ltr'><strong>Constantini</strong></span> <span class='ocrx_word' id='word_1_224' title='bbox 1455 4215 1636 4289; x_wconf 75' lang='lat' dir='ltr'><strong>Magni</strong></span> <span class='ocrx_word' id='word_1_225' title='bbox 1685 4217 1838 4282; x_wconf 82' lang='lat' dir='ltr'><strong>ﬁlio,</strong></span> 
     </span>
    </p>
   </div>
   <div class='ocr_carea' id='block_1_29' title="bbox 259 4306 1840 4378">
    <p class='ocr_par' dir='ltr' id='par_1_29' title="bbox 259 4306 1840 4378">
     <span class='ocr_line' id='line_1_29' title="bbox 259 4306 1840 4378; baseline 0.004 -20"><span class='ocrx_word' id='word_1_226' title='bbox 259 4306 497 4369; x_wconf 66' lang='lat' dir='ltr'><strong>Ariano;</strong></span> <span class='ocrx_word' id='word_1_227' title='bbox 530 4321 721 4362; x_wconf 79' lang='lat' dir='ltr'><strong>revera</strong></span> <span class='ocrx_word' id='word_1_228' title='bbox 764 4308 985 4377; x_wconf 89' lang='lat' dir='ltr'><strong>quidem</strong></span> <span class='ocrx_word' id='word_1_229' title='bbox 1021 4317 1240 4378; x_wconf 88' lang='lat' dir='ltr'><strong>propter</strong></span> <span class='ocrx_word' id='word_1_230' title='bbox 1273 4309 1676 4376; x_wconf 84' lang='lat' dir='ltr'><strong>orthodoxiam,</strong></span> <span class='ocrx_word' id='word_1_231' title='bbox 1743 4310 1840 4365; x_wconf 89' lang='lat' dir='ltr'><strong>sed</strong></span> 
     </span>
    </p>
   </div>
   <div class='ocr_carea' id='block_1_30' title="bbox 261 4399 1841 4474">
    <p class='ocr_par' dir='ltr' id='par_1_30' title="bbox 261 4399 1841 4474">
     <span class='ocr_line' id='line_1_30' title="bbox 261 4399 1841 4474; baseline 0.005 -24"><span class='ocrx_word' id='word_1_232' title='bbox 261 4406 448 4451; x_wconf 86' lang='lat' dir='ltr'><strong>tamen</strong></span> <span class='ocrx_word' id='word_1_233' title='bbox 485 4399 776 4454; x_wconf 88' lang='lat' dir='ltr'><strong>criminum</strong></span> <span class='ocrx_word' id='word_1_234' title='bbox 839 4409 1278 4471; x_wconf 87' lang='lat' dir='ltr'><strong>perpetratorum</strong></span> <span class='ocrx_word' id='word_1_235' title='bbox 1344 4403 1547 4474; x_wconf 85' lang='lat' dir='ltr'><strong>specie,</strong></span> <span class='ocrx_word' id='word_1_236' title='bbox 1606 4412 1841 4460; x_wconf 91' lang='lat' dir='ltr'><strong>mortem</strong></span> 
     </span>
    </p>
   </div>
   <div class='ocr_carea' id='block_1_31' title="bbox 259 4489 418 4543">
    <p class='ocr_par' dir='ltr' id='par_1_31' title="bbox 259 4489 418 4543">
     <span class='ocr_line' id='line_1_31' title="bbox 259 4489 418 4543; baseline 0.006 -2"><span class='ocrx_word' id='word_1_237' title='bbox 259 4489 418 4543; x_wconf 85' lang='lat' dir='ltr'><strong>obiit.</strong></span> 
     </span>
    </p>
   </div>
   <div class='ocr_carea' id='block_1_32' title="bbox 333 4581 1840 4661">
    <p class='ocr_par' dir='ltr' id='par_1_32' title="bbox 333 4581 1840 4661">
     <span class='ocr_line' id='line_1_32' title="bbox 333 4581 1840 4661; baseline 0.007 -25"><span class='ocrx_word' id='word_1_238' title='bbox 333 4581 390 4637; x_wconf 70' lang='grc'><strong>9..</strong></span> <span class='ocrx_word' id='word_1_239' title='bbox 431 4581 668 4641; x_wconf 74' lang='lat' dir='ltr'><strong>Historia</strong></span> <span class='ocrx_word' id='word_1_240' title='bbox 699 4585 765 4641; x_wconf 90' lang='lat' dir='ltr'><strong>de</strong></span> <span class='ocrx_word' id='word_1_241' title='bbox 800 4585 1028 4642; x_wconf 77' lang='lat' dir='ltr'><strong>Joannis</strong></span> <span class='ocrx_word' id='word_1_242' title='bbox 1069 4587 1464 4661; x_wconf 88' lang='lat' dir='ltr'><strong>Cbrysostomi,</strong></span> <span class='ocrx_word' id='word_1_243' title='bbox 1515 4589 1840 4647; x_wconf 84' lang='lat' dir='ltr'><strong>Antiocheni</strong></span> 
     </span>
    </p>
   </div>
   <div class='ocr_carea' id='block_1_33' title="bbox 262 4671 1840 4750">
    <p class='ocr_par' dir='ltr' id='par_1_33' title="bbox 262 4671 1840 4750">
     <span class='ocr_line' id='line_1_33' title="bbox 262 4671 1840 4750; baseline 0.008 -26"><span class='ocrx_word' id='word_1_244' title='bbox 262 4671 408 4743; x_wconf 83' lang='lat' dir='ltr'><strong>Syri,</strong></span> <span class='ocrx_word' id='word_1_245' title='bbox 437 4672 1168 4747; x_wconf 81' lang='lat' dir='ltr'><strong>Constantinopolitanorum</strong></span> <span class='ocrx_word' id='word_1_246' title='bbox 1217 4679 1542 4750; x_wconf 74' lang='lat' dir='ltr'><strong>patriarcha:</strong></span> <span class='ocrx_word' id='word_1_247' title='bbox 1572 4681 1840 4737; x_wconf 82' lang='lat' dir='ltr'><strong>vita.~Re-</strong></span> 
     </span>
    </p>
   </div>
   <div class='ocr_carea' id='block_1_34' title="bbox 261 4766 1839 4841">
    <p class='ocr_par' dir='ltr' id='par_1_34' title="bbox 261 4766 1839 4841">
     <span class='ocr_line' id='line_1_34' title="bbox 261 4766 1839 4841; baseline 0.009 -23"><span class='ocrx_word' id='word_1_248' title='bbox 261 4766 365 4820; x_wconf 80' lang='lat' dir='ltr'><strong>bus</strong></span> <span class='ocrx_word' id='word_1_249' title='bbox 403 4777 532 4822; x_wconf 89' lang='lat' dir='ltr'><strong>ante</strong></span> <span class='ocrx_word' id='word_1_250' title='bbox 579 4770 1007 4839; x_wconf 88' lang='lat' dir='ltr'><strong>patriarchatum</strong></span> <span class='ocrx_word' id='word_1_251' title='bbox 1061 4775 1129 4826; x_wconf 87' lang='lat' dir='ltr'><strong>ab</strong></span> <span class='ocrx_word' id='word_1_252' title='bbox 1179 4783 1300 4828; x_wconf 91' lang='lat' dir='ltr'><strong>ortu</strong></span> <span class='ocrx_word' id='word_1_253' title='bbox 1357 4815 1372 4841; x_wconf 94' lang='lat'><strong>,</strong></span> <span class='ocrx_word' id='word_1_254' title='bbox 1411 4774 1628 4831; x_wconf 88' lang='lat' dir='ltr'><strong>circiter</strong></span> <span class='ocrx_word' id='word_1_255' title='bbox 1663 4779 1727 4829; x_wconf 83' lang='lat' dir='ltr'><strong>A.</strong></span> <span class='ocrx_word' id='word_1_256' title='bbox 1776 4775 1839 4832; x_wconf 88' lang='lat' dir='ltr'><strong>C.</strong></span> 
     </span>
    </p>
   </div>
   <div class='ocr_carea' id='block_1_35' title="bbox 257 4854 1840 4936">
    <p class='ocr_par' dir='ltr' id='par_1_35' title="bbox 257 4854 1840 4936">
     <span class='ocr_line' id='line_1_35' title="bbox 257 4854 1840 4936; baseline 0.009 -30"><span class='ocrx_word' id='word_1_257' title='bbox 257 4854 388 4921; x_wconf 79' lang='lat'><strong>355,</strong></span> <span class='ocrx_word' id='word_1_258' title='bbox 425 4858 760 4927; x_wconf 64' lang='lat' dir='ltr'><strong>praemissis;</strong></span> <span class='ocrx_word' id='word_1_259' title='bbox 801 4860 993 4931; x_wconf 90' lang='lat' dir='ltr'><strong>incipit</strong></span> <span class='ocrx_word' id='word_1_260' title='bbox 1023 4877 1053 4916; x_wconf 85' lang='lat' dir='ltr'><strong>a</strong></span> <span class='ocrx_word' id='word_1_261' title='bbox 1081 4861 1458 4935; x_wconf 87' lang='lat' dir='ltr'><strong>Chrysostomi</strong></span> <span class='ocrx_word' id='word_1_262' title='bbox 1501 4865 1840 4936; x_wconf 87' lang='lat' dir='ltr'><strong>patriarcha-</strong></span> 
     </span>
    </p>
   </div>
   <div class='ocr_carea' id='block_1_36' title="bbox 259 4950 1838 5028">
    <p class='ocr_par' dir='ltr' id='par_1_36' title="bbox 259 4950 1838 5028">
     <span class='ocr_line' id='line_1_36' title="bbox 259 4950 1838 5028; baseline 0.009 -28"><span class='ocrx_word' id='word_1_263' title='bbox 259 4958 339 5013; x_wconf 87' lang='lat' dir='ltr'><strong>tu,</strong></span> <span class='ocrx_word' id='word_1_264' title='bbox 369 4952 431 5003; x_wconf 79' lang='grc' dir='ltr'><strong>Α.</strong></span> <span class='ocrx_word' id='word_1_265' title='bbox 468 4950 531 5005; x_wconf 91' lang='lat' dir='ltr'><strong>C.</strong></span> <span class='ocrx_word' id='word_1_266' title='bbox 565 4952 702 5018; x_wconf 75' lang='lat'><strong>398;</strong></span> <span class='ocrx_word' id='word_1_267' title='bbox 752 4954 955 5009; x_wconf 86' lang='lat' dir='ltr'><strong>desinit</strong></span> <span class='ocrx_word' id='word_1_268' title='bbox 1003 4956 1056 5010; x_wconf 91' lang='lat' dir='ltr'><strong>in</strong></span> <span class='ocrx_word' id='word_1_269' title='bbox 1083 4955 1462 5028; x_wconf 81' lang='lat' dir='ltr'><strong>Chrysostomi</strong></span> <span class='ocrx_word' id='word_1_270' title='bbox 1521 4960 1729 5026; x_wconf 78' lang='lat' dir='ltr'><strong>exsilio,</strong></span> <span class='ocrx_word' id='word_1_271' title='bbox 1773 4961 1838 5016; x_wconf 83' lang='lat' dir='ltr'><strong>A.</strong></span> 
     </span>
    </p>
   </div>
   <div class='ocr_carea' id='block_1_37' title="bbox 254 5037 1766 5118">
    <p class='ocr_par' dir='ltr' id='par_1_37' title="bbox 254 5037 1766 5118">
     <span class='ocr_line' id='line_1_37' title="bbox 254 5037 1766 5118; baseline 0.009 -25"><span class='ocrx_word' id='word_1_272' title='bbox 254 5037 319 5093; x_wconf 86' lang='lat' dir='ltr'><strong>C.</strong></span> <span class='ocrx_word' id='word_1_273' title='bbox 363 5042 468 5096; x_wconf 70' lang='grc'><strong>405</strong></span> <span class='ocrx_word' id='word_1_274' title='bbox 499 5060 514 5108; x_wconf 89' lang='grc'>;</span> <span class='ocrx_word' id='word_1_275' title='bbox 549 5045 712 5099; x_wconf 89' lang='lat' dir='ltr'><strong>rebus</strong></span> <span class='ocrx_word' id='word_1_276' title='bbox 736 5047 1042 5118; x_wconf 87' lang='lat' dir='ltr'><strong>subjunctis</strong></span> <span class='ocrx_word' id='word_1_277' title='bbox 1069 5050 1136 5102; x_wconf 82' lang='lat' dir='ltr'><strong>ad</strong></span> <span class='ocrx_word' id='word_1_278' title='bbox 1167 5050 1397 5118; x_wconf 89' lang='lat' dir='ltr'><strong>obitum,</strong></span> <span class='ocrx_word' id='word_1_279' title='bbox 1425 5052 1490 5107; x_wconf 83' lang='lat' dir='ltr'><strong>A.</strong></span> <span class='ocrx_word' id='word_1_280' title='bbox 1538 5053 1600 5108; x_wconf 74' lang='grc' dir='ltr'><strong>(Σ.</strong></span> <span class='ocrx_word' id='word_1_281' title='bbox 1641 5053 1766 5107; x_wconf 72' lang='grc'><strong>407.</strong></span> 
     </span>
    </p>
   </div>
   <div class='ocr_carea' id='block_1_38' title="bbox 335 5132 1838 5216">
    <p class='ocr_par' dir='ltr' id='par_1_38' title="bbox 335 5132 1838 5216">
     <span class='ocr_line' id='line_1_38' title="bbox 335 5132 1838 5216; baseline 0.009 -27"><span class='ocrx_word' id='word_1_282' title='bbox 335 5134 390 5190; x_wconf 80' lang='grc'><strong>5.</strong></span> <span class='ocrx_word' id='word_1_283' title='bbox 437 5132 676 5194; x_wconf 85' lang='lat' dir='ltr'><strong>Historia</strong></span> <span class='ocrx_word' id='word_1_284' title='bbox 731 5141 798 5195; x_wconf 91' lang='lat' dir='ltr'><strong>de</strong></span> <span class='ocrx_word' id='word_1_285' title='bbox 829 5141 1004 5198; x_wconf 71' lang='lat' dir='ltr'><strong>sancti</strong></span> <span class='ocrx_word' id='word_1_286' title='bbox 1036 5141 1272 5200; x_wconf 66' lang='lat' dir='ltr'><strong>Mattbmi</strong></span> <span class='ocrx_word' id='word_1_287' title='bbox 1312 5147 1540 5216; x_wconf 88' lang='lat' dir='ltr'><strong>apostoli</strong></span> <span class='ocrx_word' id='word_1_288' title='bbox 1575 5157 1630 5203; x_wconf 87' lang='lat' dir='ltr'><strong>et</strong></span> <span class='ocrx_word' id='word_1_289' title='bbox 1670 5163 1838 5202; x_wconf 87' lang='lat' dir='ltr'><strong>evan-</strong></span> 
     </span>
    </p>
   </div>
   <div class='ocr_carea' id='block_1_39' title="bbox 258 5233 1011 5316">
    <p class='ocr_par' dir='ltr' id='par_1_39' title="bbox 258 5233 1011 5316">
     <span class='ocr_line' id='line_1_39' title="bbox 258 5233 1011 5316; baseline 0.009 -29"><span class='ocrx_word' id='word_1_290' title='bbox 258 5233 466 5306; x_wconf 74' lang='lat' dir='ltr'><strong>gelista:</strong></span> <span class='ocrx_word' id='word_1_291' title='bbox 499 5236 607 5290; x_wconf 83' lang='lat' dir='ltr'><strong>vita</strong></span> <span class='ocrx_word' id='word_1_292' title='bbox 638 5245 696 5290; x_wconf 90' lang='lat' dir='ltr'><strong>et</strong></span> <span class='ocrx_word' id='word_1_293' title='bbox 728 5239 1011 5316; x_wconf 82' lang='lat' dir='ltr'><strong>martyrio.</strong></span> 
     </span>
    </p>
   </div>
   <div class='ocr_carea' id='block_1_40' title="bbox 326 5325 1836 5408">
    <p class='ocr_par' dir='ltr' id='par_1_40' title="bbox 326 5325 1836 5408">
     <span class='ocr_line' id='line_1_40' title="bbox 326 5325 1836 5408; baseline 0.006 -28"><span class='ocrx_word' id='word_1_294' title='bbox 326 5326 381 5381; x_wconf 78' lang='grc'><strong>4.</strong></span> <span class='ocrx_word' id='word_1_295' title='bbox 427 5325 664 5382; x_wconf 83' lang='lat' dir='ltr'><strong>Historia</strong></span> <span class='ocrx_word' id='word_1_296' title='bbox 719 5330 787 5384; x_wconf 90' lang='lat' dir='ltr'><strong>de</strong></span> <span class='ocrx_word' id='word_1_297' title='bbox 820 5331 992 5386; x_wconf 85' lang='lat' dir='ltr'><strong>sancti</strong></span> <span class='ocrx_word' id='word_1_298' title='bbox 1034 5331 1196 5388; x_wconf 70' lang='lat' dir='ltr'><strong>Luca:</strong></span> <span class='ocrx_word' id='word_1_299' title='bbox 1238 5334 1469 5404; x_wconf 88' lang='lat' dir='ltr'><strong>apostoli</strong></span> <span class='ocrx_word' id='word_1_300' title='bbox 1500 5343 1554 5391; x_wconf 88' lang='lat' dir='ltr'><strong>et</strong></span> <span class='ocrx_word' id='word_1_301' title='bbox 1599 5352 1836 5408; x_wconf 77' lang='lat' dir='ltr'><strong>evange-</strong></span> 
     </span>
    </p>
   </div>
   <div class='ocr_carea' id='block_1_41' title="bbox 258 5417 931 5494">
    <p class='ocr_par' dir='ltr' id='par_1_41' title="bbox 258 5417 931 5494">
     <span class='ocr_line' id='line_1_41' title="bbox 258 5417 931 5494; baseline 0.01 -24"><span class='ocrx_word' id='word_1_302' title='bbox 258 5417 396 5473; x_wconf 69' lang='lat' dir='ltr'><strong>listte</strong></span> <span class='ocrx_word' id='word_1_303' title='bbox 425 5419 534 5475; x_wconf 79' lang='lat' dir='ltr'><strong>vita</strong></span> <span class='ocrx_word' id='word_1_304' title='bbox 563 5430 617 5475; x_wconf 91' lang='lat' dir='ltr'><strong>et</strong></span> <span class='ocrx_word' id='word_1_305' title='bbox 650 5423 931 5494; x_wconf 88' lang='lat' dir='ltr'><strong>martyrio.</strong></span> 
     </span>
    </p>
   </div>
   <div class='ocr_carea' id='block_1_42' title="bbox 328 5511 1836 5592">
    <p class='ocr_par' dir='ltr' id='par_1_42' title="bbox 328 5511 1836 5592">
     <span class='ocr_line' id='line_1_42' title="bbox 328 5511 1836 5592; baseline 0.011 -29"><span class='ocrx_word' id='word_1_306' title='bbox 328 5511 384 5563; x_wconf 87' lang='lat'><strong>5.</strong></span> <span class='ocrx_word' id='word_1_307' title='bbox 425 5511 662 5570; x_wconf 87' lang='lat' dir='ltr'><strong>Historia</strong></span> <span class='ocrx_word' id='word_1_308' title='bbox 719 5515 788 5571; x_wconf 90' lang='lat' dir='ltr'><strong>de</strong></span> <span class='ocrx_word' id='word_1_309' title='bbox 835 5518 1010 5573; x_wconf 90' lang='lat' dir='ltr'><strong>sancti</strong></span> <span class='ocrx_word' id='word_1_310' title='bbox 1040 5516 1268 5576; x_wconf 87' lang='lat' dir='ltr'><strong>Joannis</strong></span> <span class='ocrx_word' id='word_1_311' title='bbox 1310 5521 1543 5592; x_wconf 89' lang='lat' dir='ltr'><strong>apostoli</strong></span> <span class='ocrx_word' id='word_1_312' title='bbox 1577 5531 1630 5576; x_wconf 90' lang='lat' dir='ltr'><strong>et</strong></span> <span class='ocrx_word' id='word_1_313' title='bbox 1670 5537 1836 5579; x_wconf 78' lang='lat' dir='ltr'><strong>evan-</strong></span> 
     </span>
    </p>
   </div>
   <div class='ocr_carea' id='block_1_43' title="bbox 257 5602 974 5681">
    <p class='ocr_par' dir='ltr' id='par_1_43' title="bbox 257 5602 974 5681">
     <span class='ocr_line' id='line_1_43' title="bbox 257 5602 974 5681; baseline 0.014 -26"><span class='ocrx_word' id='word_1_314' title='bbox 257 5602 465 5673; x_wconf 61' lang='lat' dir='ltr'><strong>gelista</strong></span> <span class='ocrx_word' id='word_1_315' title='bbox 488 5605 598 5661; x_wconf 80' lang='lat' dir='ltr'><strong>vita</strong></span> <span class='ocrx_word' id='word_1_316' title='bbox 617 5615 672 5662; x_wconf 93' lang='lat' dir='ltr'><strong>et</strong></span> <span class='ocrx_word' id='word_1_317' title='bbox 693 5613 974 5681; x_wconf 78' lang='lat' dir='ltr'><strong>martyrio.</strong></span> 
     </span>
    </p>
   </div>
   <div class='ocr_carea' id='block_1_44' title="bbox 327 5694 1838 5780">
    <p class='ocr_par' dir='ltr' id='par_1_44' title="bbox 327 5694 1838 5780">
     <span class='ocr_line' id='line_1_44' title="bbox 327 5694 1838 5780; baseline 0.01 -29"><span class='ocrx_word' id='word_1_318' title='bbox 327 5695 382 5752; x_wconf 89' lang='lat'><strong>6.</strong></span> <span class='ocrx_word' id='word_1_319' title='bbox 419 5694 656 5757; x_wconf 85' lang='lat' dir='ltr'><strong>Historia</strong></span> <span class='ocrx_word' id='word_1_320' title='bbox 702 5703 770 5758; x_wconf 76' lang='grc' dir='ltr'><strong>ιιθ</strong></span> <span class='ocrx_word' id='word_1_321' title='bbox 833 5705 1006 5761; x_wconf 90' lang='lat' dir='ltr'><strong>sancti</strong></span> <span class='ocrx_word' id='word_1_322' title='bbox 1065 5704 1298 5780; x_wconf 87' lang='lat' dir='ltr'><strong>Philippi</strong></span> <span class='ocrx_word' id='word_1_323' title='bbox 1342 5708 1572 5780; x_wconf 90' lang='lat' dir='ltr'><strong>apostoli</strong></span> <span class='ocrx_word' id='word_1_324' title='bbox 1617 5709 1728 5766; x_wconf 83' lang='lat' dir='ltr'><strong>vita</strong></span> <span class='ocrx_word' id='word_1_325' title='bbox 1784 5720 1838 5766; x_wconf 81' lang='lat' dir='ltr'><strong>et</strong></span> 
     </span>
    </p>
   </div>
   <div class='ocr_carea' id='block_1_45' title="bbox 261 5790 539 5862">
    <p class='ocr_par' dir='ltr' id='par_1_45' title="bbox 261 5790 539 5862">
     <span class='ocr_line' id='line_1_45' title="bbox 261 5790 539 5862; baseline 0.011 -19"><span class='ocrx_word' id='word_1_326' title='bbox 261 5790 539 5862; x_wconf 83' lang='lat' dir='ltr'><strong>martyrio.</strong></span> 
     </span>
    </p>
   </div>
   <div class='ocr_carea' id='block_1_46' title="bbox 2011 4033 3529 4106">
    <p class='ocr_par' dir='ltr' id='par_1_46' title="bbox 2011 4033 3529 4106">
     <span class='ocr_line' id='line_1_46' title="bbox 2011 4033 3529 4106; baseline 0.007 -17"><span class='ocrx_word' id='word_1_327' title='bbox 2011 4033 2067 4089; x_wconf 88' lang='lat'><strong>8.</strong></span> <span class='ocrx_word' id='word_1_328' title='bbox 2115 4034 2350 4090; x_wconf 90' lang='lat' dir='ltr'><strong>Historia</strong></span> <span class='ocrx_word' id='word_1_329' title='bbox 2399 4034 2468 4089; x_wconf 91' lang='lat' dir='ltr'><strong>de</strong></span> <span class='ocrx_word' id='word_1_330' title='bbox 2525 4033 2701 4090; x_wconf 82' lang='lat' dir='ltr'><strong>sancti</strong></span> <span class='ocrx_word' id='word_1_331' title='bbox 2753 4033 2978 4091; x_wconf 60' lang='lat' dir='ltr'><strong>Thomas</strong></span> <span class='ocrx_word' id='word_1_332' title='bbox 3032 4038 3262 4106; x_wconf 89' lang='lat' dir='ltr'><strong>apostoli</strong></span> <span class='ocrx_word' id='word_1_333' title='bbox 3299 4040 3408 4096; x_wconf 89' lang='lat' dir='ltr'><strong>vita</strong></span> <span class='ocrx_word' id='word_1_334' title='bbox 3466 4053 3529 4099; x_wconf 83' lang='lat' dir='ltr'><strong>et</strong></span> 
     </span>
    </p>
   </div>
   <div class='ocr_carea' id='block_1_47' title="bbox 1941 4112 2442 4200">
    <p class='ocr_par' dir='ltr' id='par_1_47' title="bbox 1941 4122 2303 4200">
     <span class='ocr_line' id='line_1_47' title="bbox 1941 4122 2303 4200; baseline 0 -17"><span class='ocrx_word' id='word_1_335' title='bbox 1941 4129 2221 4200; x_wconf 82' lang='lat' dir='ltr'><strong>martyrio.</strong></span> <span class='ocrx_word' id='word_1_336' title='bbox 2301 4122 2303 4124; x_wconf 58' lang='grc'><em>’</em></span> 
     </span>
    </p>
   </div>
   <div class='ocr_carea' id='block_1_48' title="bbox 2014 4220 3520 4300">
    <p class='ocr_par' dir='ltr' id='par_1_48' title="bbox 2014 4220 3520 4300">
     <span class='ocr_line' id='line_1_48' title="bbox 2014 4220 3520 4300; baseline 0.004 -24"><span class='ocrx_word' id='word_1_337' title='bbox 2014 4223 2066 4277; x_wconf 89' lang='grc'><strong>9.</strong></span> <span class='ocrx_word' id='word_1_338' title='bbox 2104 4220 2339 4275; x_wconf 90' lang='lat' dir='ltr'><strong>Historia</strong></span> <span class='ocrx_word' id='word_1_339' title='bbox 2366 4222 2432 4277; x_wconf 84' lang='lat' dir='ltr'><strong>de</strong></span> <span class='ocrx_word' id='word_1_340' title='bbox 2461 4221 2723 4291; x_wconf 85' lang='lat' dir='ltr'><strong>Sabbatii,</strong></span> <span class='ocrx_word' id='word_1_341' title='bbox 2749 4224 3028 4296; x_wconf 85' lang='lat' dir='ltr'><strong>Trophimi</strong></span> <span class='ocrx_word' id='word_1_342' title='bbox 3064 4238 3120 4284; x_wconf 90' lang='lat' dir='ltr'><strong>et</strong></span> <span class='ocrx_word' id='word_1_343' title='bbox 3145 4227 3520 4300; x_wconf 86' lang='lat' dir='ltr'><strong>Dorymedon-</strong></span> 
     </span>
    </p>
   </div>
   <div class='ocr_carea' id='block_1_49' title="bbox 1943 4313 3517 4388">
    <p class='ocr_par' dir='ltr' id='par_1_49' title="bbox 1943 4313 3517 4388">
     <span class='ocr_line' id='line_1_49' title="bbox 1943 4313 3517 4388; baseline 0.004 -20"><span class='ocrx_word' id='word_1_344' title='bbox 1943 4314 2013 4370; x_wconf 89' lang='lat' dir='ltr'><strong>tis</strong></span> <span class='ocrx_word' id='word_1_345' title='bbox 2057 4313 2340 4384; x_wconf 86' lang='lat' dir='ltr'><strong>martyrio,</strong></span> <span class='ocrx_word' id='word_1_346' title='bbox 2379 4315 2520 4384; x_wconf 88' lang='lat' dir='ltr'><strong>quod</strong></span> <span class='ocrx_word' id='word_1_347' title='bbox 2549 4314 2843 4374; x_wconf 86' lang='lat' dir='ltr'><strong>Sabbatius</strong></span> <span class='ocrx_word' id='word_1_348' title='bbox 2874 4321 3016 4388; x_wconf 88' lang='lat' dir='ltr'><strong>apud</strong></span> <span class='ocrx_word' id='word_1_349' title='bbox 3039 4321 3413 4378; x_wconf 84' lang='lat' dir='ltr'><strong>Antiocheuos</strong></span> <span class='ocrx_word' id='word_1_350' title='bbox 3463 4323 3517 4374; x_wconf 93' lang='lat' dir='ltr'><strong>in</strong></span> 
     </span>
    </p>
   </div>
   <div class='ocr_carea' id='block_1_50' title="bbox 1943 4405 3521 4484">
    <p class='ocr_par' dir='ltr' id='par_1_50' title="bbox 1943 4405 3521 4484">
     <span class='ocr_line' id='line_1_50' title="bbox 1943 4405 3521 4484; baseline 0.006 -23"><span class='ocrx_word' id='word_1_351' title='bbox 1943 4405 2116 4478; x_wconf 89' lang='lat' dir='ltr'><strong>Syria,</strong></span> <span class='ocrx_word' id='word_1_352' title='bbox 2151 4407 2484 4477; x_wconf 89' lang='lat' dir='ltr'><strong>Trophimus</strong></span> <span class='ocrx_word' id='word_1_353' title='bbox 2540 4418 2596 4462; x_wconf 90' lang='lat' dir='ltr'><strong>et</strong></span> <span class='ocrx_word' id='word_1_354' title='bbox 2629 4409 2972 4481; x_wconf 89' lang='lat' dir='ltr'><strong>Dorymedon</strong></span> <span class='ocrx_word' id='word_1_355' title='bbox 3002 4414 3146 4482; x_wconf 90' lang='lat' dir='ltr'><strong>apud</strong></span> <span class='ocrx_word' id='word_1_356' title='bbox 3199 4413 3521 4484; x_wconf 77' lang='lat' dir='ltr'><strong>Synadenos</strong></span> 
     </span>
    </p>
   </div>
   <div class='ocr_carea' id='block_1_51' title="bbox 1942 4498 3320 4570">
    <p class='ocr_par' dir='ltr' id='par_1_51' title="bbox 1942 4498 3320 4570">
     <span class='ocr_line' id='line_1_51' title="bbox 1942 4498 3320 4570; baseline 0.004 -16"><span class='ocrx_word' id='word_1_357' title='bbox 1942 4499 1999 4554; x_wconf 90' lang='lat' dir='ltr'><strong>in</strong></span> <span class='ocrx_word' id='word_1_358' title='bbox 2027 4499 2258 4570; x_wconf 77' lang='lat' dir='ltr'><strong>Phrygia</strong></span> <span class='ocrx_word' id='word_1_359' title='bbox 2302 4499 2403 4554; x_wconf 88' lang='lat' dir='ltr'><strong>sub</strong></span> <span class='ocrx_word' id='word_1_360' title='bbox 2433 4499 2764 4569; x_wconf 90' lang='lat' dir='ltr'><strong>imperatore</strong></span> <span class='ocrx_word' id='word_1_361' title='bbox 2793 4502 2974 4559; x_wconf 85' lang='lat' dir='ltr'><strong>Probo</strong></span> <span class='ocrx_word' id='word_1_362' title='bbox 3010 4498 3320 4562; x_wconf 85' lang='lat' dir='ltr'><strong>subierunt.</strong></span> 
     </span>
    </p>
   </div>
   <div class='ocr_carea' id='block_1_52' title="bbox 2013 4589 3519 4665">
    <p class='ocr_par' dir='ltr' id='par_1_52' title="bbox 2013 4589 3519 4665">
     <span class='ocr_line' id='line_1_52' title="bbox 2013 4589 3519 4665; baseline 0.005 -20"><span class='ocrx_word' id='word_1_363' title='bbox 2013 4589 2099 4645; x_wconf 74' lang='grc'><strong>10.</strong></span> <span class='ocrx_word' id='word_1_364' title='bbox 2153 4590 2388 4647; x_wconf 81' lang='lat' dir='ltr'><strong>Historia</strong></span> <span class='ocrx_word' id='word_1_365' title='bbox 2424 4593 2490 4648; x_wconf 91' lang='lat' dir='ltr'><strong>de</strong></span> <span class='ocrx_word' id='word_1_366' title='bbox 2537 4593 2772 4664; x_wconf 80' lang='lat' dir='ltr'><strong>Tliyrsii,</strong></span> <span class='ocrx_word' id='word_1_367' title='bbox 2809 4594 3017 4660; x_wconf 90' lang='lat' dir='ltr'><strong>Leucii,</strong></span> <span class='ocrx_word' id='word_1_368' title='bbox 3046 4595 3401 4665; x_wconf 76' lang='lat' dir='ltr'><strong>Philemonis,</strong></span> <span class='ocrx_word' id='word_1_369' title='bbox 3441 4599 3519 4653; x_wconf 81' lang='lat' dir='ltr'><strong>A-</strong></span> 
     </span>
    </p>
   </div>
   <div class='ocr_carea' id='block_1_53' title="bbox 1942 4682 3525 4762">
    <p class='ocr_par' dir='ltr' id='par_1_53' title="bbox 1942 4682 3525 4762">
     <span class='ocr_line' id='line_1_53' title="bbox 1942 4682 3525 4762; baseline 0.006 -25"><span class='ocrx_word' id='word_1_370' title='bbox 1942 4682 2240 4754; x_wconf 86' lang='lat' dir='ltr'><strong>polloniiet</strong></span> <span class='ocrx_word' id='word_1_371' title='bbox 2262 4684 2540 4740; x_wconf 90' lang='lat' dir='ltr'><strong>sociorum</strong></span> <span class='ocrx_word' id='word_1_372' title='bbox 2568 4685 2846 4755; x_wconf 82' lang='lat' dir='ltr'><strong>martyrio,</strong></span> <span class='ocrx_word' id='word_1_373' title='bbox 2879 4687 3024 4756; x_wconf 88' lang='lat' dir='ltr'><strong>quod</strong></span> <span class='ocrx_word' id='word_1_374' title='bbox 3052 4690 3105 4742; x_wconf 92' lang='lat' dir='ltr'><strong>in</strong></span> <span class='ocrx_word' id='word_1_375' title='bbox 3134 4688 3384 4762; x_wconf 87' lang='lat' dir='ltr'><strong>Bithynia</strong></span> <span class='ocrx_word' id='word_1_376' title='bbox 3417 4692 3525 4746; x_wconf 77' lang='lat' dir='ltr'><strong>sub“</strong></span> 
     </span>
    </p>
   </div>
   <div class='ocr_carea' id='block_1_54' title="bbox 1941 4774 2878 4849">
    <p class='ocr_par' dir='ltr' id='par_1_54' title="bbox 1941 4774 2878 4849">
     <span class='ocr_line' id='line_1_54' title="bbox 1941 4774 2878 4849; baseline 0.004 -21"><span class='ocrx_word' id='word_1_377' title='bbox 1941 4775 2266 4846; x_wconf 88' lang='lat' dir='ltr'><strong>imperatore</strong></span> <span class='ocrx_word' id='word_1_378' title='bbox 2299 4774 2463 4832; x_wconf 91' lang='lat' dir='ltr'><strong>Decio</strong></span> <span class='ocrx_word' id='word_1_379' title='bbox 2483 4776 2878 4849; x_wconf 79' lang='lat' dir='ltr'><strong>sustinuerunt.</strong></span> 
     </span>
    </p>
   </div>
   <div class='ocr_carea' id='block_1_55' title="bbox 2013 4854 3521 4948">
    <p class='ocr_par' dir='ltr' id='par_1_55' title="bbox 2013 4854 3521 4948">
     <span class='ocr_line' id='line_1_55' title="bbox 2013 4854 3521 4948; baseline 0.006 -26"><span class='ocrx_word' id='word_1_380' title='bbox 2013 4869 2100 4924; x_wconf 81' lang='grc'><strong>11.</strong></span> <span class='ocrx_word' id='word_1_381' title='bbox 2144 4869 2380 4926; x_wconf 90' lang='lat' dir='ltr'><strong>Historia</strong></span> <span class='ocrx_word' id='word_1_382' title='bbox 2419 4854 2485 4927; x_wconf 85' lang='lat' dir='ltr'><strong>de</strong></span> <span class='ocrx_word' id='word_1_383' title='bbox 2509 4854 2834 4936; x_wconf 61' lang='lat' dir='ltr'><strong>Menedorm,</strong></span> <span class='ocrx_word' id='word_1_384' title='bbox 2869 4871 3212 4942; x_wconf 81' lang='lat' dir='ltr'><strong>Metrodorae,</strong></span> <span class='ocrx_word' id='word_1_385' title='bbox 3240 4875 3521 4948; x_wconf 84' lang='lat' dir='ltr'><strong>Nympho-</strong></span> 
     </span>
    </p>
   </div>
   <div class='ocr_carea' id='block_1_56' title="bbox 1941 4961 3516 5041">
    <p class='ocr_par' dir='ltr' id='par_1_56' title="bbox 1941 4961 3516 5041">
     <span class='ocr_line' id='line_1_56' title="bbox 1941 4961 3516 5041; baseline 0.008 -25"><span class='ocrx_word' id='word_1_386' title='bbox 1941 4961 2088 5022; x_wconf 78' lang='lat' dir='ltr'><strong>dorae</strong></span> <span class='ocrx_word' id='word_1_387' title='bbox 2132 4965 2404 5036; x_wconf 80' lang='lat' dir='ltr'><strong>virginum</strong></span> <span class='ocrx_word' id='word_1_388' title='bbox 2450 4963 2804 5038; x_wconf 89' lang='lat' dir='ltr'><strong>Bithynarum</strong></span> <span class='ocrx_word' id='word_1_389' title='bbox 2838 4969 3098 5041; x_wconf 88' lang='lat' dir='ltr'><strong>martyrio</strong></span> <span class='ocrx_word' id='word_1_390' title='bbox 3139 5009 3155 5036; x_wconf 92' lang='lat'><strong>,</strong></span> <span class='ocrx_word' id='word_1_391' title='bbox 3215 4973 3362 5041; x_wconf 85' lang='lat' dir='ltr'><strong>quod</strong></span> <span class='ocrx_word' id='word_1_392' title='bbox 3408 4974 3516 5029; x_wconf 89' lang='lat' dir='ltr'><strong>sub</strong></span> 
     </span>
    </p>
   </div>
   <div class='ocr_carea' id='block_1_57' title="bbox 1942 5057 2918 5127">
    <p class='ocr_par' dir='ltr' id='par_1_57' title="bbox 1942 5057 2918 5127">
     <span class='ocr_line' id='line_1_57' title="bbox 1942 5057 2918 5127; baseline 0.006 -17"><span class='ocrx_word' id='word_1_393' title='bbox 1942 5057 2270 5127; x_wconf 90' lang='lat' dir='ltr'><strong>imperatore</strong></span> <span class='ocrx_word' id='word_1_394' title='bbox 2294 5058 2586 5115; x_wconf 80' lang='lat' dir='ltr'><strong>Maximino</strong></span> <span class='ocrx_word' id='word_1_395' title='bbox 2607 5060 2918 5116; x_wconf 88' lang='lat' dir='ltr'><strong>subierunt.</strong></span> 
     </span>
    </p>
   </div>
   <div class='ocr_carea' id='block_1_58' title="bbox 2014 5150 3514 5231">
    <p class='ocr_par' dir='ltr' id='par_1_58' title="bbox 2014 5150 3514 5231">
     <span class='ocr_line' id='line_1_58' title="bbox 2014 5150 3514 5231; baseline 0.007 -27"><span class='ocrx_word' id='word_1_396' title='bbox 2014 5150 2387 5222; x_wconf 35' lang='lat' dir='ltr'><strong>l2.,llistoria</strong></span> <span class='ocrx_word' id='word_1_397' title='bbox 2417 5161 2431 5206; x_wconf 84' lang='lat'><strong>.&#39;</strong></span> <span class='ocrx_word' id='word_1_398' title='bbox 2446 5153 2514 5208; x_wconf 92' lang='lat' dir='ltr'><strong>de</strong></span> <span class='ocrx_word' id='word_1_399' title='bbox 2558 5153 2830 5211; x_wconf 87' lang='lat' dir='ltr'><strong>Joannicii</strong></span> <span class='ocrx_word' id='word_1_400' title='bbox 2879 5156 3094 5212; x_wconf 88' lang='lat' dir='ltr'><strong>abbatis</strong></span> <span class='ocrx_word' id='word_1_401' title='bbox 3152 5159 3280 5225; x_wconf 91' lang='lat' dir='ltr'><strong>vita,</strong></span> <span class='ocrx_word' id='word_1_402' title='bbox 3317 5160 3409 5231; x_wconf 90' lang='lat' dir='ltr'><strong>qui</strong></span> <span class='ocrx_word' id='word_1_403' title='bbox 3457 5162 3514 5215; x_wconf 92' lang='lat' dir='ltr'><strong>in</strong></span> 
     </span>
    </p>
   </div>
   <div class='ocr_carea' id='block_1_59' title="bbox 1944 5242 3517 5321">
    <p class='ocr_par' dir='ltr' id='par_1_59' title="bbox 1944 5242 3517 5321">
     <span class='ocr_line' id='line_1_59' title="bbox 1944 5242 3517 5321; baseline 0.006 -24"><span class='ocrx_word' id='word_1_404' title='bbox 1944 5242 2209 5316; x_wconf 73' lang='lat' dir='ltr'><strong>Bithyniae</strong></span> <span class='ocrx_word' id='word_1_405' title='bbox 2227 5244 2346 5301; x_wconf 92' lang='lat' dir='ltr'><strong>vico</strong></span> <span class='ocrx_word' id='word_1_406' title='bbox 2375 5244 2666 5318; x_wconf 81' lang='lat' dir='ltr'><strong>Marycato,</strong></span> <span class='ocrx_word' id='word_1_407' title='bbox 2690 5263 2834 5302; x_wconf 89' lang='lat' dir='ltr'><strong>anno</strong></span> <span class='ocrx_word' id='word_1_408' title='bbox 2867 5248 3214 5321; x_wconf 87' lang='lat' dir='ltr'><strong>imperatoris</strong></span> <span class='ocrx_word' id='word_1_409' title='bbox 3230 5252 3426 5308; x_wconf 88' lang='lat' dir='ltr'><strong>Leonis</strong></span> <span class='ocrx_word' id='word_1_410' title='bbox 3452 5252 3517 5306; x_wconf 84' lang='lat' dir='ltr'><strong>IV</strong></span> 
     </span>
    </p>
   </div>
   <div class='ocr_carea' id='block_1_60' title="bbox 1944 5337 3518 5414">
    <p class='ocr_par' dir='ltr' id='par_1_60' title="bbox 1944 5337 3518 5414">
     <span class='ocr_line' id='line_1_60' title="bbox 1944 5337 3518 5414; baseline 0.004 -22"><span class='ocrx_word' id='word_1_411' title='bbox 1944 5337 2060 5410; x_wconf 89' lang='lat' dir='ltr'><strong>(qui</strong></span> <span class='ocrx_word' id='word_1_412' title='bbox 2108 5337 2527 5394; x_wconf 85' lang='lat' dir='ltr'><strong>Constantinum</strong></span> <span class='ocrx_word' id='word_1_413' title='bbox 2573 5339 2979 5412; x_wconf 80' lang='lat' dir='ltr'><strong>COpronyinum</strong></span> <span class='ocrx_word' id='word_1_414' title='bbox 3027 5352 3240 5414; x_wconf 88' lang='lat' dir='ltr'><strong>patrem</strong></span> <span class='ocrx_word' id='word_1_415' title='bbox 3303 5344 3518 5414; x_wconf 87' lang='lat' dir='ltr'><strong>habuit)</strong></span> 
     </span>
    </p>
   </div>
   <div class='ocr_carea' id='block_1_61' title="bbox 1945 5432 3522 5507">
    <p class='ocr_par' dir='ltr' id='par_1_61' title="bbox 1945 5432 3522 5507">
     <span class='ocr_line' id='line_1_61' title="bbox 1945 5432 3522 5507; baseline 0.003 -21"><span class='ocrx_word' id='word_1_416' title='bbox 1945 5432 2159 5487; x_wconf 84' lang='lat' dir='ltr'><strong>decimo</strong></span> <span class='ocrx_word' id='word_1_417' title='bbox 2189 5442 2403 5503; x_wconf 88' lang='lat' dir='ltr'><strong>quarto,</strong></span> <span class='ocrx_word' id='word_1_418' title='bbox 2439 5432 2645 5489; x_wconf 89' lang='lat' dir='ltr'><strong>Christi</strong></span> <span class='ocrx_word' id='word_1_419' title='bbox 2681 5433 2803 5499; x_wconf 80' lang='lat'><strong>793,</strong></span> <span class='ocrx_word' id='word_1_420' title='bbox 2836 5443 3018 5500; x_wconf 88' lang='lat' dir='ltr'><strong>natus,</strong></span> <span class='ocrx_word' id='word_1_421' title='bbox 3061 5445 3350 5507; x_wconf 87' lang='lat' dir='ltr'><strong>postquam</strong></span> <span class='ocrx_word' id='word_1_422' title='bbox 3402 5437 3522 5490; x_wconf 84' lang='lat' dir='ltr'><strong>ico-</strong></span> 
     </span>
    </p>
   </div>
   <div class='ocr_carea' id='block_1_62' title="bbox 1943 5523 3516 5593">
    <p class='ocr_par' dir='ltr' id='par_1_62' title="bbox 1943 5523 3516 5593">
     <span class='ocr_line' id='line_1_62' title="bbox 1943 5523 3516 5593; baseline 0.003 -16"><span class='ocrx_word' id='word_1_423' title='bbox 1943 5524 2246 5580; x_wconf 87' lang='lat' dir='ltr'><strong>nomacbus</strong></span> <span class='ocrx_word' id='word_1_424' title='bbox 2275 5523 2471 5589; x_wconf 80' lang='lat' dir='ltr'><strong>fuerat,</strong></span> <span class='ocrx_word' id='word_1_425' title='bbox 2503 5527 2630 5581; x_wconf 66' lang='lat' dir='ltr'><strong>vita</strong></span> <span class='ocrx_word' id='word_1_426' title='bbox 2661 5525 2916 5582; x_wconf 74' lang='lat' dir='ltr'><strong>solitariae</strong></span> <span class='ocrx_word' id='word_1_427' title='bbox 2948 5528 3148 5593; x_wconf 88' lang='lat' dir='ltr'><strong>cultor,</strong></span> <span class='ocrx_word' id='word_1_428' title='bbox 3186 5529 3406 5584; x_wconf 89' lang='lat' dir='ltr'><strong>tandem</strong></span> <span class='ocrx_word' id='word_1_429' title='bbox 3458 5529 3516 5583; x_wconf 91' lang='lat' dir='ltr'><strong>in</strong></span> 
     </span>
    </p>
   </div>
   <div class='ocr_carea' id='block_1_63' title="bbox 1938 5613 3517 5697">
    <p class='ocr_par' dir='ltr' id='par_1_63' title="bbox 1938 5613 3517 5697">
     <span class='ocr_line' id='line_1_63' title="bbox 1938 5613 3517 5697; baseline 0.005 -29"><span class='ocrx_word' id='word_1_430' title='bbox 1938 5613 2186 5686; x_wconf 90' lang='lat' dir='ltr'><strong>Bithynia</strong></span> <span class='ocrx_word' id='word_1_431' title='bbox 2212 5618 2530 5673; x_wconf 89' lang='lat' dir='ltr'><strong>monasterii</strong></span> <span class='ocrx_word' id='word_1_432' title='bbox 2567 5618 2714 5688; x_wconf 88' lang='lat' dir='ltr'><strong>quod</strong></span> <span class='ocrx_word' id='word_1_433' title='bbox 2746 5629 3094 5697; x_wconf 77' lang='lat' dir='ltr'><strong>exstruxerat</strong></span> <span class='ocrx_word' id='word_1_434' title='bbox 3120 5629 3177 5676; x_wconf 89' lang='lat' dir='ltr'><strong>et</strong></span> <span class='ocrx_word' id='word_1_435' title='bbox 3220 5619 3517 5676; x_wconf 83' lang='lat' dir='ltr'><strong>Eustachio</strong></span> 
     </span>
    </p>
   </div>
   <div class='ocr_carea' id='block_1_64' title="bbox 1939 5711 3513 5786">
    <p class='ocr_par' dir='ltr' id='par_1_64' title="bbox 1939 5711 3513 5786">
     <span class='ocr_line' id='line_1_64' title="bbox 1939 5711 3513 5786; baseline 0.003 -22"><span class='ocrx_word' id='word_1_436' title='bbox 1939 5712 2161 5782; x_wconf 89' lang='lat' dir='ltr'><strong>martyri</strong></span> <span class='ocrx_word' id='word_1_437' title='bbox 2197 5711 2576 5777; x_wconf 87' lang='lat' dir='ltr'><strong>dedicaverat,</strong></span> <span class='ocrx_word' id='word_1_438' title='bbox 2615 5713 2806 5778; x_wconf 89' lang='lat' dir='ltr'><strong>abbas,</strong></span> <span class='ocrx_word' id='word_1_439' title='bbox 2839 5729 2988 5770; x_wconf 86' lang='lat' dir='ltr'><strong>anno</strong></span> <span class='ocrx_word' id='word_1_440' title='bbox 3034 5715 3382 5786; x_wconf 85' lang='lat' dir='ltr'><strong>imperatoris</strong></span> <span class='ocrx_word' id='word_1_441' title='bbox 3412 5715 3513 5769; x_wconf 74' lang='lat' dir='ltr'><strong>Mi-</strong></span> 
     </span>
    </p>
   </div>
   <div class='ocr_carea' id='block_1_65' title="bbox 1940 5803 3307 5877">
    <p class='ocr_par' dir='ltr' id='par_1_65' title="bbox 1940 5803 3307 5877">
     <span class='ocr_line' id='line_1_65' title="bbox 1940 5803 3307 5877; baseline 0.004 -19"><span class='ocrx_word' id='word_1_442' title='bbox 1940 5803 2146 5861; x_wconf 87' lang='lat' dir='ltr'><strong>chaelis</strong></span> <span class='ocrx_word' id='word_1_443' title='bbox 2172 5805 2318 5860; x_wconf 89' lang='lat' dir='ltr'><strong>Balbi</strong></span> <span class='ocrx_word' id='word_1_444' title='bbox 2353 5806 2564 5877; x_wconf 89' lang='lat' dir='ltr'><strong>quinto,</strong></span> <span class='ocrx_word' id='word_1_445' title='bbox 2592 5817 2645 5862; x_wconf 84' lang='lat' dir='ltr'><strong>et</strong></span> <span class='ocrx_word' id='word_1_446' title='bbox 2679 5805 2883 5864; x_wconf 88' lang='lat' dir='ltr'><strong>Christi</strong></span> <span class='ocrx_word' id='word_1_447' title='bbox 2914 5807 3020 5864; x_wconf 74' lang='lat'><strong>825</strong></span> <span class='ocrx_word' id='word_1_448' title='bbox 3054 5807 3307 5865; x_wconf 87' lang='lat' dir='ltr'><strong>decessit.</strong></span> 
     </span>
    </p>
   </div>
  </div>
