3868 6482
377 376 492 440 295

1491 362 1792 426 SYMEON
1803 362 1870 420 IS
1919 361 1970 419 Μ
1979 360 2119 420 ETA
2127 346 2228 419 PH
2239 358 2281 416 li
2292 358 2333 414 Α
2341 357 2496 415 ΞΤΑΞ

3512 354 3619 418 296

442 490 530 544 15.
567 485 800 542 Historia
846 483 913 538 de
966 479 1201 535 Marcelli
1263 481 1663 533 Acmmetarum
1725 475 1935 528 abbatis
1977 495 2012 545 Α
2045 474 2098 526 in
2130 472 2314 525 Ionico
2347 472 2472 523 sinu
2504 469 2731 524 Cilicum
2769 469 3004 524 civitatis
3049 469 3355 539 episcopus.
3387 487 3511 524 cum
3533 488 3621 526 so-

369 580 478 633 vita
529 617 542 641 ,
591 577 682 647 qui
741 577 1033 644 Apameam
1084 570 1440 640 Bithynorum
1480 569 1668 620 urbem
1714 566 1942 634 patriam

367 678 592 732 nactus,
643 668 695 720 in
722 663 986 734 Bithyniae
1027 659 1379 724 monasterio,
1411 658 1554 728 quod
1606 657 1676 710 ob
1710 656 1944 726 hymnos

368 773 683 833 perpetuos,
738 757 1077 813 nondiurn'is
1111 763 1324 810 tanttnn
1360 753 1453 806 sed
1493 750 1655 804 etiam
1718 756 1942 800 noctur-

367 855 451 906 nis
480 851 813 921 temporibus
856 850 908 902 in
939 863 1004 902 eo
1035 845 1240 900 cantari
1272 843 1467 920 solitis,
1513 840 1847 907 ἁκοιμήτων,
1890 836 1942 890 id

367 954 579 998 estnon
620 945 1009 996 dormientium
1043 953 1244 992 nomen
1278 940 1583 1003 acceperat,
1616 932 1943 1000 imperatore

371 1037 551 1089 Leone
571 1032 799 1086 Thrace.
834 1032 898 1084 A.
933 1033 992 1085 C.
1026 1030 1152 1090 469,
1187 1028 1352 1082 abbas
1393 1026 1516 1079 fuit.

439 1129 526 1182 M.
581 1125 829 1198 Historia.
880 1125 948 1178 de
994 1120 1308 1192 Euphemiae
1369 1115 1606 1188 virginis
1644 1111 1938 1183 martyrio,

367 1222 513 1290 quod
541 1221 594 1273 in
623 1215 991 1273 Chalcedonia
1051 1215 1408 1283 Bithynorum
1457 1207 1676 1279 regione
1698 1205 1801 1285 sub
1837 1204 1940 1258 im-

371 1322 624 1383 peratore
662 1310 999 1364 Diocletiano
1022 1305 1301 1361 sustinuit.

442 1403 530 1456 15.
566 1399 796 1454 Historia
830 1399 896 1452 de
944 1396 1188 1451 Antbimi
1216 1389 1666 1463 Nicomediensis,
1693 1388 1944 1468 Nicome-

368 1494 638 1548 dicnsium
670 1489 928 1561 episcopi.
955 1487 1234 1558 martyrio,
1283 1484 1428 1555 quod
1476 1485 1578 1538 sub
1616 1482 1943 1551 imperatore

374 1586 696 1640 Maximiano
718 1597 910 1653 passus
927 1585 1028 1635 est.

443 1678 530 1733 16.
575 1677 811 1731 Historia
860 1673 928 1729 de
971 1672 1103 1750 .lndi
1141 1669 1401 1735 eunuchi,
1438 1668 1658 1722 Domnze
1717 1664 1942 1736 virginis

373 1781 427 1825 ct
451 1772 684 1825 aliorum
707 1766 980 1839 martyrio,
1011 1765 1100 1834 qui
1125 1765 1224 1818 sub
1254 1763 1582 1832 imperatore
1615 1756 1943 1812 Maximiano

373 1864 510 1917 intra
535 1854 903 1915 Nicomediam
953 1856 1213 1927 Bithynia:
1246 1856 1456 1919 urbem,
1486 1863 1597 1907 tum
1632 1851 1687 1904 in
1719 1850 1944 1904 incenso
1972 1829 2019 1888 Β

374 1955 578 2025 templo
620 1951 945 2009 Christianis
1003 1950 1233 2020 repleto,
1276 1955 1393 2001 tum
1425 1954 1576 2001 extra
1606 1942 1737 1998 illud
1770 1937 1947 2012 perie-

375 2058 521 2103 runt.
1181 2085 1191 2097 .

443 2139 532 2192 l7.
563 2137 798 2191 Historia
837 2137 901 2190 de
945 2134 1174 2190 Juliana:
1201 2131 1428 2205 virginis
1456 2129 1713 2199 martyrio
1743 2167 1756 2192 ,
1798 2121 1942 2194 quod

374 2233 516 2285 intra
570 2230 947 2307 Nicomediam.
985 2227 1216 2298 patriam
1266 2227 1367 2280 sub
1404 2224 1729 2293 imperatore
1773 2217 1946 2282 Maxi-

375 2326 556 2379 miano
583 2324 861 2399 sustinuit.
1028 2392 1030 2394 ν

457 2419 541 2473 18.
575 2417 806 2471 Historia
843 2415 909 2469 de
944 2413 1193 2468 Barbarae
1220 2410 1444 2480 virginis
1489 2403 1766 2477 martyrio,
1799 2405 1944 2474 quod

377 2510 704 2568 Nicomedia:
733 2509 837 2563 sub
863 2509 1189 2576 imperatore
1220 2503 1543 2557 Maximiano
1581 2498 1771 2552 subiit.

445 2606 530 2660 19.
560 2601 791 2657 Historia
842 2601 911 2655 de
963 2597 1230 2667 Eulampii
1273 2605 1327 2650 et
1363 2591 1663 2660 Eulampiaa
1691 2589 1944 2647 Nicome-

376 2697 650 2753 diensium
682 2694 866 2748 fratris
887 2691 1166 2747 etsororis
1202 2688 1483 2759 martyrio.

442 2788 533 2842 20.
570 2784 804 2840 Historia
829 2783 895 2839 de
922 2781 1192 2836 Theodori
1223 2780 1452 2850 Tyronis
1487 2778 1642 2850 (alias
1695 2771 1942 2842 Teronis)

375 2881 565 2934 militis
613 2875 910 2947 martyrio,
958 2874 1102 2945 quod
1158 2873 1305 2942 apud
1348 2873 1650 2926 Amasenos
1687 2870 1740 2923 in
1773 2869 1946 2923 Ponto
1991 2900 1994 2903 -

372 2973 474 3029 sub
499 2974 827 3042 imperatore
853 2969 1178 3024 Maximiano
1203 2967 1485 3021 suStinuit.

442 3065 532 3118 2t.
577 3062 813 3118 Historia
865 3061 932 3115 de
981 3060 1274 3114 Abrahami
1317 3057 1476 3130 Mysii
1537 3054 1782 3112 eremitae
1809 3054 1941 3121 vita,

2047 579 2168 616 rore
2189 578 2286 616 sua
2314 562 2576 624 Zenobia,
2619 563 2718 616 sub
2747 563 3071 632 imperatore
3107 558 3464 618 D-iOcletiano.
3490 578 3618 617 sus-

2047 655 2230 710 tinuit.
2734 653 2743 663 ’

2113 747 2204 802 29.
2236 748 2472 802 Historia
2499 747 2567 802 de
2621 745 3154 817 Sozonisppilionis,
3187 745 3358 815 patria
3405 744 3612 812 Cilicis,

2046 841 2324 911 martyrio,
2355 841 2498 910 quod
2554 840 2700 910 apud
2751 838 3282 908 Pompeiopolitanos
3320 838 3375 892 in
3407 838 3617 904 Cicilia,

2045 934 2147 987 sub
2173 932 2503 1002 imperatore
2529 931 2858 985 Maximiano
2887 931 3072 984 subiit.

2116 1023 2204 1080 50.
2239 1024 2476 1079 Historia
2501 1026 2569 1079 de
2616 1024 2880 1078 Bonifacii
2913 1023 3140 1076 Romani
3169 1022 3428 1096 martyrio
3473 1024 3618 1092 quod

2046 1115 2516 1186 apud'Tarsenses
2551 1117 2602 1169 in
2629 1115 2816 1170 Cilicia
2849 1114 3124 1169 sustinuit.

2116 1209 2202 1262 51.
2258 1208 2491 1262 Historia
2537 1209 2603 1262 de
2661 1207 2957 1262 Clementis
3004 1206 3274 1276 Ancyrani
3305 1205 3358 1259 in
3411 1205 3620 1260 Galatia

2044 1301 2286 1371 epiSCOpi
2317 1303 2425 1356 vita
2459 1311 2512 1355 et
2542 1300 2819 1370 martyrio,
2851 1299 2942 1368 qui
2974 1303 3035 1353 A.
3061 1297 3120 1352 C.
3153 1299 3254 1352 257
3288 1307 3440 1362 natu,
3465 1301 3531 1351 Α.
3557 1298 3618 1352 C.

2043 1393 2146 1447 277
2191 1394 2478 1463 epist-opus
2500 1401 2745 1457 creatus,
2773 1390 3004 1460 patriam
3029 1405 3181 1443 suam
3220 1390 3487 1460 Ancyram
3518 1388 3620 1441 sub

2045 1487 2374 1556 imperatore
2412 1485 2756 1550 Maximiano,
2777 1485 2995 1540 circiter
3032 1483 3096 1536 A.
3129 1482 3191 1537 C.
3216 1483 3340 1546 509,
3361 1483 3619 1554 martyrio

2045 1594 2144 1635 suo
2181 1579 2508 1634 nobilitavit.

2116 1673 2204 1727 52.
2239 1672 2472 1726 Historia
2499 1671 2565 1725 de
2596 1670 2836 1725 Platonis
2883 1666 3149 1740 Ancyrani
3173 1668 3374 1724 Galatae
3415 1675 3621 1736 marty-

2047 1769 2148 1833 rio,
2175 1769 2321 1840 quod
2357 1770 2409 1822 in
2445 1769 2616 1838 patria
2645 1769 2781 1823 urbe
2811 1769 3092 1824 sustinuit.

2119 1862 2208 1916 55.
2239 1861 2471 1915 Historia
2509 1861 2577 1915 de
2631 1862 2846 1915 Menna:
2878 1859 3114 1930 [Egyptii
3149 1858 3425 1935 martyrio,
3473 1856 3620 1928 quod

2048 1954 2443 2022 imperantibus
2497 1952 2835 2007 Diocletiano
2900 1961 2957 2007 et
3025 1950 3353 2005 Maximiano
3401 1950 3557 2004 miles
3601 1991 3618 2016 ,

2048 2052 2150 2105 sub
2183 2050 2372 2104 iisdem
2401 2050 2455 2104 in
2477 2048 2788 2104 Galatarum
2816 2048 2948 2101 urbe
2975 2046 3190 2116 Cotyzeo
3220 2045 3499 2100 sustinuit.

2117 2143 2205 2197 54.
2246 2141 2480 2196 Historia
2535 2141 2602 2195 de
2655 2139 2950 2200 Eustratii,
3003 2137 3298 2202 Auxentii,
3351 2134 3619 2207 Eugenii,
3668 2172 3674 2176 -

2047 2235 2321 2300 Mardarii,
2349 2247 2406 2289 et
2439 2234 2644 2289 Oresta:
2695 2234 2976 2304 martyrio,
3005 2233 3148 2302 quod
3171 2231 3272 2287 sui)
3322 2231 3622 2300 imperato-
3679 2231 3686 2238 “

2047 2329 2198 2382 ribus
2222 2326 2553 2382 Diocletiano
2577 2335 2632 2380 ct
2661 2325 2984 2379 Maximiano
3023 2324 3076 2377 in
3119 2322 3460 2393 Cappadocia
3491 2320 3613 2374 sub-

2048 2421 2253 2474 ierunt.

2118 2513 2207 2567 '53.
2273 2495 2506 2568 Historia
2556 2512 2622 2567 dc
2676 2511 2902 2582 Longini
2955 2507 3290 2565 centurionis
3337 2504 3616 2576 martyrio,

2049 2607 2140 2675 qui
2194 2606 2413 2662 natione
2447 2606 2684 2670 Judmus,
2751 2604 2953 2658 Christi
3015 2601 3306 2673 pendentis
3363 2599 3416 2652 in
3457 2612 3622 2652 cruce

2048 2710 2255 2765 custos,
2289 2701 2356 2755 ad
2393 2700 2706 2770 religionem
2742 2698 3104 2753 Christianam
3135 2689 3454 2755 conversus,
3493 2706 3624 2760 pcr-

2048 2793 2346 2847 sccutionis
2417 2801 2636 2845 auctore
2680 2774 2874 2857 Pilato,
2929 2788 3193 2843 Caesareae
3235 2784 3622 2855 Cappadocum

2049 2884 2203 2951 urbe,
2237 2893 2464 2937 mortem
2498 2899 2596 2951 pro
2617 2882 2836 2936 Christo
2866 2881 3096 2935 subiisse
3121 2879 3340 2933 dicitur.

2118 2977 2208 3031 56.
2241 2973 2498 3029 'Historia
2543 2973 2609 3026 de
2657 2963 2902 3026 Mercurii
2945 2970 3236 3042 martyrio,
3277 2967 3420 3038 quod
3461 2975 3621 3037 patre

2047 3068 2320 3124 Gordiano
2348 3069 2546 3137 Scytha
2571 3074 2750 3128 natus,
2781 3063 3010 3118 militum
3040 3064 3169 3126 dux,
3195 3061 3455 3116 Caesarea:
3479 3057 3625 3127 Cap-

372 3157 467 3227 qui
506 3155 704 3211 saeculo
751 3162 872 3223 post
899 3151 965 3207 C.
1027 3150 1093 3206 N.
1127 3161 1302 3213 sexto,
1331 3151 1545 3206 deserta
1579 3163 1778 3220 Sponsa
1823 3161 1941 3214 sua,

2069 3160 2314 3214 iadocum
2350 3160 2502 3225 urbe,
2536 3159 2638 3214 sub
2666 3159 2994 3226 imperatore
3025 3153 3185 3208 Decio
3217 3149 3496 3206 sustinuit.

375 3246 670 3304 solitariam
694 3244 760 3298 ad
793 3242 1201 3312 Hellespontum
1235 3243 1289 3295 in
1319 3241 1478 3314 Mysia
1513 3241 1679 3296 vitam
1715 3239 1844 3310 egit.

443 3333 536 3387 22.
579 3332 812 3386 Historia
855 3331 922 3386 de
968 3330 1316 3400 Theophanis
1348 3331 1454 3384 vita
1515 3373 1530 3397 ,
1573 3346 1734 3400 quem
1772 3327 1945 3398 patria

373 3423 1032 3492 Constantinopolitanum
1056 3427 1200 3494 Ager
1257 3439 1522 3494 magnus,
1587 3423 1641 3476 in
1698 3421 1946 3494 Sigriana

375 3514 554 3586 Mysiae
594 3513 820 3567 minoris
851 3513 1091 3584 regione,
1126 3515 1520 3568 monasterium
1560 3514 1749 3570 habuit
1775 3513 1945 3569 abba-

373 3616 505 3671 tem,
531 3607 750 3662 circiter
773 3605 837 3660 A.
874 3604 935 3660 C.
973 3606 1077 3661 818
1117 3614 1414 3661 mortuum.

441 3699 531 3752 25.
569 3694 802 3750 Historia
848 3693 915 3748 de
968 3693 1211 3753 Abercii.
1274 3693 1827 3764 Hieropolitanorum,
1888 3695 1971 3749 in'

375 3791 584 3845 minore
646 3788 896 3859 Phrygia,
932 3787 1173 3857 episcopi
1209 3788 1335 3854 vita,
1374 3789 1466 3858 qui
1502 3789 1604 3844 sub
1651 3790 1945 3858 imperato-

375 3884 526 3945 ribus
561 3880 630 3934 M.
657 3879 932 3934 Antonino
957 3889 1012 3932 et
1050 3878 1111 3934 L.
1141 3878 1284 3934 Vero
1316 3881 1527 3935 claruit.
1681 3933 1688 3939 _

445 3973 537 4028 24.
572 3972 804 4026 Historia
844 3972 910 4027 de
965 3972 1127 4043 Carpi
1168 3981 1224 4027 et
1262 3973 1443 4044 Papyli
1484 3975 1944 4045 Pergamenorum

376 4068 670 4136 Phrygum,
706 4065 981 4135 martyrio,
1029 4064 1171 4134 quod
1207 4065 1262 4118 in
1305 4065 1469 4136 Lydia
1505 4067 1942 4139 Thyatirensium

376 4161 464 4213 ille
493 4158 711 4228 quidem
755 4157 1065 4226 episcopus,
1119 4157 1208 4210 hic
1241 4166 1421 4211 autem
1476 4159 1759 4225 diaconus,
1819 4179 1944 4218 cum

378 4251 559 4312 sociis,
585 4250 687 4305 sub
716 4250 1043 4318 imperatore
1073 4249 1251 4320 Decio,
1287 4252 1684 4308 sustinuerunt.

437 4338 536 4391 .25.
569 4335 888 4407 Historia;de
910 4336 1174 4392 Timothei
1203 4340 1332 4404 vita,
1358 4343 1447 4410 qui
1478 4341 1720 4409 Lystram
1746 4345 1946 4416 Lycao-

376 4428 480 4482 niae
509 4427 783 4483 civitatem
824 4429 1049 4498 patriam
1095 4431 1302 4498 habuit,
1341 4431 1494 4488 Pauli
1524 4437 1752 4504 apostoli
1783 4437 1947 4493 disci-

375 4521 557 4590 pulus,
594 4520 825 4577 Joannis
854 4523 1197 4595 evangelista:
1217 4541 1522 4595 successor,
1577 4530 1939 4600 Ephesiorum
1977 4518 2020 4572 Ι)

377 4615 428 4668 in
462 4613 609 4670 lonia
642 4616 949 4687 episcopus,
990 4617 1208 4689 Ephesi,
1255 4619 1357 4675 sub
1390 4621 1717 4693 imperatore
1745 4623 1941 4689 Nerva,

373 4704 580 4778 inartyr
609 4708 807 4762 obiisse
833 4709 1054 4764 dicitur.

444 4797 534 4849 26.
568 4795 799 4851 Historia
845 4801 911 4876 de
952 4799 1195 4864 Eusebia:
1238 4803 1464 4872 virginis
1497 4802 1761 4860 Romana:
1812 4805 1943 4868 vita,

371 4902 494 4958 quae
525 4888 697 4960 virgo,
725 4904 850 4943 cum
883 4889 935 4942 in
971 4893 1160 4946 urbem
1185 4892 1356 4948 Cariae
1384 4894 1666 4965 Mylassam
1684 4896 1943 4962 venisset,

374 4981 596 5035 nomine
625 4997 725 5036 suo
751 4981 1109 5048 dissimulato,
1145 5001 1204 5040 se
1253 4986 1438 5055 ξένην,
1478 4987 1530 5041 id
1563 4998 1645 5042 est
1676 4989 1944 5057 hospitam

371 5074 555 5142 dixit;
603 5075 675 5129 ibi
716 5077 1106 5134 monasterium
1145 5078 1345 5134 Sancto
1397 5080 1675 5150 Stephano
1721 5083 1945 5153 martyri

371 5183 584 5222 sacrum
610 5169 885 5234 excitavit,
911 5170 965 5224 in
993 5186 1100 5240 quo
1123 5173 1289 5225 vitam
1321 5173 1518 5227 clausit
1541 5213 1554 5236 ,
1589 5173 1791 5229 saeculo
1823 5184 1945 5244 post

370 5259 433 5313 C.
459 5259 524 5314 N.
558 5261 769 5330 quinto.

439 5351 529 5405 27.
573 5353 808 5408 Historia
863 5353 929 5409 de
987 5353 1248 5408 Matronae
1291 5352 1583 5422 Pcrgensis
1607 5356 1761 5420 vita;
1822 5372 1944 5425 qua:

371 5443 612 5499 Matrona
638 5447 826 5500 urbem
874 5446 928 5500 in
962 5445 1276 5516 Pamphylia
1316 5446 1528 5522 Pergen
1558 5447 1787 5515 patriam
1843 5447 1942 5501 ha—

367 5536 503 5599 buit,
566 5535 858 5590 Domitiani
904 5552 1059 5601 uxor,
1110 5535 1404 5590 Theodatae
1450 5542 1645 5602 mater,
1670 5534 1788 5590 viro
1826 5545 1944 5589 tan-

366 5629 491 5683 dem
522 5627 831 5698 posthabito
874 5643 1186 5698 quanquam
1226 5627 1438 5694 invito,
1487 5626 1542 5680 in
1594 5629 1941 5683 monasteriis
2013 5641 2017 5644 '

369 5722 530 5778 vitam
562 5721 847 5797 transigit.

435 5814 526 5868 28.
555 5813 790 5870 Historia
820 5814 887 5872 de
906 5814 1131 5871 Zenobii
1175 5811 1456 5886 martyrio,
1482 5812 1643 5896 quod
1670 5813 1936 5882 OEgarum

2119 3250 2208 3304 57.
2241 3248 2476 3304 Historia
2523 3248 2589 3303 de
2627 3245 2914 3301 Mat-nantis
2942 3241 3304 3313 Paphlagonis
3339 3238 3620 3310 martyrio.

2049 3341 2190 3411 quod
2233 3339 2496 3395 Caesareae
2541 3337 2920 3411 Cappadocum
2957 3335 3109 3400 urbe,
3140 3333 3242 3388 sub
3291 3331 3625 3401 imperatore

2048 3433 2346 3487 Aureliano
2381 3431 2567 3487 subiit.

2119 3543 2207 3597 58.
2241 3542 2480 3619 Historia
2526 3541 2594 3597 de
2623 3537 2900 3595 Severiani
2933 3536 3118 3592 militis
3143 3535 3418 3606 martyrio,
3475 3534 3623 3604 quod

2047 3635 2312 3691 Czesarca:
2337 3633 2725 3707 Cappadocum
2755 3631 2891 3689 urbe
2915 3631 3017 3687 sub
3048 3630 3378 3703 imperatore
3408 3626 3624 3683 Licinio

2045 3729 2328 3786 sustinuit.

2118 3840 2206 3896 59.
2251 3838 2486 3893 Historia
2522 3839 2586 3891 de
2619 3835 2861 3907 Gregorii
2887 3833 3070 3888 Parthi
3105 3833 3250 3897 vita,
3302 3832 3396 3902 qui
3435 3830 3624 3884 multi-

2049 3932 2220 4002 plices
2302 3931 2372 3983 ab
2420 3928 2692 3982 Armeniis
2759 3927 3081 3982 a-mictiones
3139 3925 3211 3980 ob
3255 3922 3622 3978 Christianam

2050 4023 2367 4093 religionem
2403 4021 2612 4092 pas’sus,
2662 4020 2729 4074 ad
2773 4035 2892 4074 eam
2935 4027 2988 4073 et
3024 4032 3204 4088 regem
3253 4024 3309 4071 et
3360 4015 3624 4084 populum

2048 4113 2429 4168 Armeniorum
2448 4111 2745 4166 convertit:
2771 4111 2961 4184 horum
2977 4108 3288 4178 aliquandiu
3308 4108 3623 4176 cpiscopus,

2051 4207 2291 4263 tandem.
2323 4203 2635 4260 solitudinis
2697 4211 2938 4268 amator,
2989 4201 3158 4254 filium
3203 4199 3523 4253 Arostanem
3567 4198 3624 4251 in

2048 4297 2365 4367 episcopatu
2387 4309 2757 4349 successorem
2787 4293 3016 4365 accepit,
3041 4293 3132 4363 qui
3158 4289 3626 4346 conciliO‘Niczeno

2047 4386 2315 4450 interfuit,
2347 4383 2411 4439 A.
2443 4384 2505 4439 C.
2536 4385 2661 4440 525.

2118 4497 2208 4554 40.
2252 4499 2490 4554 Historia
2523 4499 2588 4553 de
2620 4497 2855 4561 Romuli,
2885 4497 3139 4563 Zenonis,
3175 4498 3402 4553 Eudoxii
3433 4507 3487 4552 et
3515 4496 3628 4550 Ma-

2050 4587 2182 4641 carii
2211 4589 2486 4659 martyrio,
2535 4589 2677 4657 quod
2713 4587 2978 4642 Romulus
3005 4589 3222 4657 quidem
3254 4589 3353 4644 sub
3387 4589 3628 4658 impera—

2053 4687 2170 4734 tore
2207 4679 2439 4750 Trajano
2463 4721 2476 4746 ,
2529 4679 2711 4734 caeteri
2742 4696 2872 4734 vero
2894 4681 2995 4735 sub
3042 4682 3367 4752 imperatore
3404 4681 3626 4735 Diocle-

2050 4772 2199 4826 tiano
2232 4773 2286 4826 in
2313 4773 2580 4826 Armenia:
2605 4772 2827 4827 minoris
2860 4774 2994 4827 urbe
3019 4773 3279 4838 Mclitine,
3308 4773 3622 4829 subierunt.

2119 4883 2208 4936 41.
2248 4882 2478 4936 Historia
2525 4881 2592 4936 de
2620 4880 2871 4936 Hieronis
2904 4892 2958 4936 et
2981 4883 3250 4937 sociorum
3313 4884 3574 4953 martyrio
3605 4901 3622 4950 ;

2048 4990 2114 5029 cx
2145 4973 2340 5044 quibus
2373 4975 2538 5027 Hiero
2569 4975 2756 5029 urbem
2802 4975 2855 5027 in
2888 4973 3224 5044 Cappadocia
3259 4972 3496 5045 Tyanam
3529 4991 3625 5044 pa-

2051 5066 2205 5119 triam
2239 5066 2458 5130 habuit,
2498 5081 2621 5120 cum
2655 5065 2723 5120 50
2767 5065 2929 5120 sociis
2971 5066 3288 5141 martyrium
3332 5066 3386 5118 in
3421 5065 3621 5120 Arme-

2047 5155 2152 5209 nia:
2190 5157 2412 5211 minoris
2455 5159 2586 5211 urbe
2618 5155 2855 5210 Melitine
2901 5155 3001 5209 sub
3042 5155 3460 5224 imperatoribus
3495 5153 3621 5210 Dio:-

2048 5249 2278 5304 cletiano
2303 5259 2357 5304 et
2385 5249 2708 5303 Maximiano
2737 5263 2950 5318 passus.

2117 5363 2202 5416 i2.
2245 5361 2481 5417 Historia
2509 5363 2576 5416 de
2603 5363 2670 5416 40
2703 5371 3019 5432 martyrum,
3052 5363 3120 5418 59
3147 5362 3374 5417 militum
3405 5363 3620 5432 Cappa-

2047 5457 2264 5520 docum,
2295 5472 2418 5511 cum
2451 5457 2896 5526 quadragesimus
2935 5458 3000 5510 ab
3049 5456 3113 5511 iis
3143 5457 3466 5528 aufugisset,
3497 5457 3618 5525 ejus

2047 5547 2164 5601 loco
2193 5549 2473 5602 custodem
2515 5548 2773 5616 carceris,
2813 5564 3080 5619 paganum
3111 5549 3410 5612 hominem,
3461 5547 3619 5602 Chii-

2046 5638 2281 5691 stiannm
2319 5647 2544 5707 repente
2571 5639 2768 5693 factum
2796 5679 2812 5705 ,
2838 5640 3079 5710 martyrii
3107 5641 3316 5694 socium
3347 5653 3617 5693 consecu-

2047 5738 2221 5782 torum
2254 5711 2528 5801 martyrio,
2552 5731 2693 5799 quod
2723 5731 2774 5784 in
2798 5731 3234 5788 Sebastianorum
3268 5732 3422 5796 urbe,
3453 5746 3616 5800 quam

2044 5822 2367 5877 vetustiores
2384 5822 2596 5878 quidem
2625 5823 2676 5876 in
2695 5823 3052 5886 Caooadoeia,
3078 5823 3404 5879 recentiores
3433 5830 3617 5875 autem
