3868 6470
275 364 383 424 237

1483 379 1836 441 VITARUM
1874 381 2332 448 CATALOGUS.

3420 407 3530 470 293

281 477 336 528 ίη
371 479 626 534 Armenia
660 483 872 538 minore
905 486 1063 541 sitam
1094 502 1152 542 es
1184 503 1214 542 e
1240 488 1459 557 docent,
1500 492 1600 546 sub
1630 491 1860 563 impera-
1885 492 1936 552 A
2033 493 2121 548 56.
2158 495 2389 552 Historia
2417 499 2482 556 de
2505 501 2737 559 Cornelii
2761 507 3100 565 centurionis
3120 511 3532 575 Palaestinoruut

274 574 394 621 tore
425 569 654 636 Licinio,
693 575 1090 632 sustinuerunt.
1523 625 1544 646 .

344 659 433 712 45.
480 659 713 718 Historia
755 664 824 719 de
867 665 1174 736 Spiridonis
1211 669 1265 722 in
1312 668 1488 726 insula
1515 672 1691 744 Cypro
1735 677 1854 746 epi-

271 753 423 822 scopi
457 752 946 826 Trimmythuntini
975 759 1103 825 vita,
1135 760 1228 829 qui
1255 763 1354 816 sub
1378 762 1701 833 imperatore
1717 766 1855 821 Con-

271 846 515 901 stantino
541 846 734 920 Magno
767 852 916 920 vixit,
957 863 1013 909 et
1059 855 1296 910 concilio
1326 857 1550 912 Nicaano
1582 859 1849 926 interfuit,

270 935 335 986 A.
372 936 430 989 C.
465 939 590 994 525.

341 1029 430 1082 Η.
468 1029 698 1088 Historia
742 1034 810 1089 de
854 1035 1044 1107 lgnatii
1073 1038 1423 1110 Theophori,
1478 1042 1851 1100 Antiochena-

273 1135 389 1171 rum
428 1121 483 1173 in
514 1121 665 1190 Syria
717 1125 979 1195 episcopi,
1011 1130 1274 1198 martyrio
1322 1132 1466 1200 quod
1502 1148 1646 1188 anno
1675 1133 1850 1204 impe-

270 1211 467 1266 ratoris
497 1212 716 1283 Trajani
760 1232 834 1278 xt,
864 1216 1062 1272 Christi
1090 1218 1210 1285 108,
1237 1219 1290 1274 in
1313 1223 1444 1276 urbe
1464 1224 1635 1278 Roma
1664 1225 1846 1279 subiit.

338 1303 427 1356 45.
475 1303 705 1358 Historia
739 1308 804 1360 de
835 1307 1056 1362 Lueiani
1087 1311 1364 1381 martyrio,
1392 1315 1483 1384 qui
1509 1314 1848 1370 Samosatam

267 1395 460 1448 urbem
489 1395 746 1466 Syrorum
801 1400 1029 1467 patriam
1085 1402 1314 1464 habuit,
1367 1406 1740 1462 Antiocltenus
1793 1409 1844 1464 in

265 1484 420 1554 Syria
451 1487 735 1557 presbyter
756 1488 892 1553 fuit;
928 1492 1071 1559 apud
1109 1492 1553 1551 Nicomedienses
1581 1498 1632 1550 in
1664 1496 1845 1570 Bitby.

263 1579 376 1641 nia,
415 1580 517 1632 sub
555 1581 883 1648 imperatore
914 1583 1228 1652 Maximino,
1265 1587 1484 1642 circiter
1535 1590 1599 1642 A.
1630 1590 1688 1645 C.
1717 1589 1841 1656 512,

263 1677 468 1738 martyr
498 1671 654 1726 obiit.

335 1761 424 1814 46.
452 1761 686 1818 Historia
705 1765 772 1820 de
793 1765 1545 1837 Cypriani,Antiochen0rum
1573 1773 1838 1846 episcopi,

259 1849 370 1904 vita
396 1861 453 1905 et
482 1856 742 1927 martyrio
768 1897 782 1922 ,
837 1859 980 1929 quod
1011 1875 1132 1914 eum
1171 1862 1378 1918 Iustina
1412 1843 1620 1936 virgine
1642 1843 1834 1922 Anti—o-
1867 1843 1912 1902 Β
1961 1951 1965 1953 Δ
2011 1866 2096 1920 60.
2139 1866 2372 1926 Historia
2399 1875 2466 1931 de
2490 1880 2778 1953 Acindyni,

259 1942 458 2006 chena,
486 1946 588 1999 sub
619 1947 944 2016 imperatore
975 1951 1160 2015 Decio,
1189 1954 1373 2010 subiit.

334 2033 421 2086 47.
467 2034 700 2092 Historia
737 2039 804 2094 de
831 2041 1058 2096 Artemii
1089 2045 1364 2116 martyrio,
1415 2062 1576 2118 quem
1606 2048 1841 2119 impera-

258 2128 346 2176 tor
377 2122 730 2183 Constantius
755 2129 986 2202 Egypto
1014 2135 1368 2203 praefecerat,
1413 2137 1708 2208 imperator
1734 2139 1837 2196 Ju-

168 2193 188 2248 ὐ
256 2215 436 2270 lianus
462 2218 808 2278 Antiochiam
831 2239 1107 2294 vocatum,
1146 2228 1350 2285 ibidem
1380 2240 1432 2286 et
1456 2232 1738 2304 provincia
1781 2243 1838 2291 et

255 2309 369 2363 vita
403 2313 649 2380 privavit.

325 2401 414 2456 «i8.
460 2403 696 2462 Historia
725 2408 794 2464 de
816 2408 1102 2480 Symeonis
1124 2413 1348 2487 Stylitaa,
1391 2433 1488 2473 seu
1520 2418 1836 2477 Columellze

251 2494 512 2558 senioris,
569 2500 790 2556 natione
817 2503 1006 2566 Cilicii,
1041 2508 1169 2571 vita,
1197 2510 1286 2578 qui
1309 2513 1638 2569 monasterio
1657 2531 1834 2586 egres-

251 2598 378 2651 sus,
432 2598 673 2644 montem
704 2591 1058 2650 Antiochense
1109 2598 1330 2654 ditionis
1380 2603 1434 2656 in
1465 2604 1623 2675 Syria
1663 2607 1828 2662 situm

249 2681 518 2747 ascendit,
549 2683 730 2754 ibique
766 2688 964 2744 multos
994 2705 1166 2746 annos
1194 2693 1248 2747 in
1289 2695 1557 2752 columnis
1593 2700 1826 2768 primunt

251 2769 596 2827 brevioribus
619 2815 634 2839 ,
687 2778 900 2833 tandem
941 2780 1007 2837 ad
1039 2783 1106 2836 40
1146 2785 1453 2841 cubitorum
1484 2789 1824 2846 altitudinem

248 2869 429 2915 erecta
487 2867 704 2921 stetisse
748 2869 988 2936 dicitur,
1044 2891 1188 2930 anno
1227 2877 1570 2948 imperatoris
1603 2881 1827 2938 Thracis

245 2961 462 3018 quarto,
492 2952 694 3010 Christi
725 2958 849 3024 460,
888 2972 1184 3022 mortuum.

322 3041 414 3096 49.
460 3044 693 3102 Historia
731 3049 798 3105 de
825 3053 1070 3120 Ananiae,
1106 3057 1264 3113 unius
1289 3074 1319 3114 e
1345 3059 1412 3114 70
1439 3062 1633 3120 Christi
1661 3066 1823 3122 disci-

245 3132 414 3201 pulis,
455 3139 732 3208 martyrio,
783 3145 925 3210 quod
967 3145 1020 3198 in
1057 3148 1261 3216 patria,
1317 3152 1370 3206 id
1410 3164 1511 3219 est,
1561 3153 1818 3228 Syrorum

244 3225 382 3279 urbe
404 3225 689 3295 Damasco,
722 3234 997 3292 sustinuit.
1447 3241 1452 3246 ’

315 3314 404 3371 50.
451 3315 684 3375 Historia
711 3326 777 3377 de
801 3325 1070 3396 Ephra-mi
1110 3329 1229 3401 Syri
1263 3331 1390 3399 vita,
1440 3335 1531 3404 qui
1561 3337 1818 3394 Edessam

239 3402 502 3473 Syrorum
540 3413 728 3466 urbem
752 3417 981 3484 patriam
1006 3421 1211 3487 habuit,
1242 3423 1495 3481 Ecclesiae
1527 3429 1816 3488 Edessena:

241 3495 559 3566 diaconum,
594 3505 694 3558 sub
722 3505 1045 3577 imperatore
1081 3512 1324 3581 Valente,
1363 3529 1609 3574 mortuus
1636 3533 1738 3576 est.

311 3588 400 3642 51.
444 3590 676 3650 Historia
703 3597 769 3652 de
802 3602 1228 3661 sanctiDanielis
1259 3610 1542 3680 prophetze
1569 3623 1624 3667 et
1651 3615 1811 3670 trium

235 3681 358 3747 ejus
387 3684 659 3740 sociorum
701 3689 828 3744 vita.

308 3772 397 3825 52.
442 3774 675 3833 Historia
707 3781 773 3836 de
802 3784 1108 3843 Charitonis
1135 3791 1483 3860 confessoris,
1514 3793 1809 3856 lconiensis

236 3861 494 3932 Lycaouii
525 3909 539 3930 ,
580 3871 688 3926 vita
716 3915 729 3938 ,
786 3877 876 3945 qui
919 3880 1019 3934 sub
1051 3881 1378 3952 imperatore
1405 3890 1698 3946 Aureliano
1722 3893 1809 3950 vix

233 3959 562 4028 martyrium
589 3963 795 4033 effugit,
831 3980 1024 4038 prwter
1065 3977 1168 4031 alia
1195 3979 1303 4035 duo
1328 3985 1653 4040 monaSteria
1689 3988 1808 4042 lau-

231 4060 350 4101 ram
408 4067 529 4119 qua:
558 4053 764 4111 Pharus
797 4075 1011 4131 quoque
1040 4066 1240 4122 dicitur
1277 4071 1330 4125 in
1360 4072 1640 4132 Palaestina
1671 4093 1807 4133 con-

225 4136 389 4201 didit,
417 4141 469 4195 in
495 4159 603 4213 quo
643 4154 969 4207 monasterio
1000 4167 1245 4214 mortuus
1270 4161 1374 4219 est.

301 4231 394 4284 55.
433 4233 670 4291 Historia
698 4241 764 4294 de
784 4243 986 4313 Cyriaci
1019 4251 1362 4309 anachoreta:
1389 4256 1516 4324 vita,
1542 4259 1634 4330 qui
1658 4277 1802 4317 anno

224 4321 578 4391 iniperatoris
598 4327 887 4388 Theodosii
907 4337 1143 4407 junioris
1175 4359 1260 4407 xc,
1293 4321 1644 4413 cursum.
1693 4353 1802 4407 Co-

224 4412 399 4467 rinibi
429 4426 590 4471 natus
613 4460 627 4482 ,
684 4436 807 4477 cum
844 4425 897 4480 in
943 4429 1190 4498 pluribus
1222 4440 1568 4496 monasteriis
1601 4445 1800 4514 egisset

221 4509 598 4576 monachum,
645 4530 743 4583 per
784 4521 1216 4592 quinquennium
1265 4534 1513 4598 eremita,
1567 4537 1801 4608 denique
1832 4552 1880 4610 ί)
1979 4539 2066 4594 68.

217 4593 274 4646 in
301 4597 616 4656 Charitonis
639 4612 1050 4680 monasterium,
1086 4618 1232 4686 quod
1266 4631 1382 4676 erat
1415 4624 1468 4677 in
1488 4624 1795 4696 Palaestina,

218 4698 506 4756 reversus,
557 4697 732 4751 artatis
762 4700 859 4754 l07
897 4705 1052 4759 annis
1087 4713 1394 4777 transactis,
1433 4731 1580 4771 anno
1619 4718 1794 4791 impe-

214 4781 417 4834 ratoris
441 4781 735 4844 Justiniani
772 4793 929 4862 primi
957 4811 1106 4864 xxxx,
1146 4801 1351 4860 Christi
1392 4807 1517 4874 555,
1541 4781 1712 4868 vitam.
1737 4815 1791 4870 in

210 4868 407 4925 eodem
439 4882 772 4936 monasterio
809 4885 1020 4943 clausit.

283 4963 372 5019 54.
413 4965 650 5027 Historia
676 4976 743 5030 de
776 4975 1041 5036 Theodori
1076 4984 1288 5056 Graptm
1316 4991 1447 5055 vita,
1493 4995 1582 5063 qui
1616 4997 1788 5066 patria

209 5053 742 5131 Hierosolymitanus
761 5071 899 5127 intra
917 5073 1254 5135 Palaestinam
1274 5082 1325 5136 in
1345 5082 1498 5140 Saba:
1524 5101 1790 5145 monaste-

209 5144 292 5199 rio
310 5153 632 5220 monachus,
653 5161 815 5215 multa
835 5175 1054 5235 propter
1072 5169 1367 5242 imaginum
1395 5178 1600 5233 cultum
1624 5197 1786 5250 quem

207 5235 564 5311 defendebat,
609 5250 677 5304 ab
706 5252 1122 5324 imperatoribus
1149 5235 1527 5325 leonomacbis
1547 5310 1562 5333 ,
1602 5235 1786 5328 Leone

204 5330 444 5392 Armeno
467 5380 482 5404 ,
507 5339 768 5400 Michaele
797 5346 964 5405 Balbo
997 5361 1052 5406 et
1074 5355 1378 5427 TheOphilo
1411 5330 1622 5432 passus,
1660 5377 1784 5422 tan-

203 5421 326 5478 dem
351 5429 499 5498 apud
531 5430 791 5504 Bithynos
827 5442 980 5496 exsul
1011 5444 1068 5498 in
1098 5421 1314 5504 carcere
1340 5421 1586 5511 mortuus
1619 5467 1721 5513 est.

272 5519 378 5598 55.“
424 5521 660 5581 Historia
703 5527 771 5582 de
829 5529 1052 5589 Melana
1095 5537 1355 5596 Romana:
1401 5546 1540 5613 vita,
1617 5565 1779 5619 quam

201 5607 485 5677 feminam,
540 5616 675 5672 inito
709 5620 852 5676 inter
881 5625 1050 5696 ipsam
1083 5637 1141 5685 et
1190 5635 1442 5690 maritum
1491 5641 1778 5700 continen-

200 5700 288 5754 tize
322 5711 500 5770 pacto,
545 5706 598 5761 in
626 5707 902 5768 Orientem
933 5716 1228 5788 digressam
1251 5763 1266 5784 ,
1311 5728 1545 5785 conditis
1573 5732 1778 5803 aliquot

198 5789 252 5844 in
283 5791 572 5852 Palaestina
602 5806 966 5872 monasteriis,
993 5809 1194 5868 ibidem
1225 5827 1493 5876 mortuam
1527 5789 1710 5884 refert.

403 5890 680 5955 Pnnot.
717 5897 836 5960 Gn.
884 5901 1094 5964 CXIV.
1480 5945 1486 5951 -
1685 5909 1716 5913 ”

1957 581 2308 642 Caesariensis
2351 590 2458 644 vita
2481 631 2496 656 ,
2541 609 2702 663 quem
2731 596 2922 655 Petrus
2950 605 3230 672 apostolus
3271 608 3340 663 ad
3367 610 3530 672 Chri-

1955 674 2184 729 stianam
2215 679 2529 750 religionem
2561 690 2850 745 convertit.

2024 764 2115 821 57.
2157 767 2390 825 Historia
2421 773 2487 828 de
2514 773 2848 834 Galactionis
2883 791 2938 837 et
2968 782 3271 855 Epistemes
3305 790 3413 846 vita
3475 803 3529 848 et

1954 859 2234 928 martyrio,
2280 879 2416 932 quos
2457 868 2734 940 coniuges,
2761 876 3102 934 matrimonio
3136 883 3298 937 vitam
3339 885 3527 941 solita-

1955 947 2086 1004 riam
2121 953 2488 1022 prieferentes,
2521 961 2576 1014 in
2616 969 2943 1023 monasteria
2983 971 3275 1043 digressos,
3307 981 3523 1035 tande'n

1953 1045 2270 1112 martyrium
2315 1047 2368 1103 in
2397 1049 2592 1108 Arabia
2624 1071 2792 1127 prope
2819 1058 3004 1117 Sinam
3056 1077 3296 1124 montem
3332 1088 3525 1142 passos

1951 1144 2072 1186 CSSG
2106 1146 2308 1192 narrat.

2018 1226 2106 1282 58.
2150 1228 2381 1289 Historia
2414 1236 2480 1290 de
2511 1235 2780 1308 Samonte,
2813 1241 3014 1307 Gurize,
3054 1248 3233 1314 Abibi,
3278 1254 3524 1327 Mesopo-

1952 1323 2242 1385 tamorum,
2265 1327 2541 1397 martyrio,
2575 1344 2806 1398 quorum
2842 1335 2950 1390 duo
2980 1338 3188 1407 priores
3219 1344 3319 1399 sub
3348 1347 3524 1417 impe-

1949 1417 2128 1464 ratore
2156 1411 2508 1484 Diocletiano,
2559 1422 2750 1477 tertius
2796 1427 2896 1481 sub
2942 1428 3271 1499 imperatore
3312 1436 3522 1495 Licinio

1948 1508 2214 1570 martyres
2247 1506 2520 1564 obierunt.

2012 1590 2097 1644 59.
2141 1593 2368 1651 Historia
2423 1601 2489 1656 de
2519 1603 2756 1662 Dauielis
2792 1607 2997 1682 Stylitat
3037 1614 3166 1680 vita,
3216 1617 3307 1686 qui
3339 1619 3516 1676 Meso-

1946 1684 2193 1748 potamia:
2222 1686 2398 1744 vicum
2438 1695 2664 1762 patriam
2697 1710 2910 1766 nactus,
2960 1707 3060 1759 sub
3099 1706 3520 1778 imperatoribus

1946 1769 2148 1840 Leone,
2178 1776 2417 1848 Zenone,
2450 1783 2706 1843 Basilisco
2737 1795 3062 1852 monachum
3097 1801 3228 1870 egit.

2820 1884 3034 1958 Pegasii
3055 1929 3070 1955 ,
3113 1892 3510 1967 Anempodisti.

1940 1951 2257 2024 Aphthonii,
2287 1963 2620 2037 Elpidiphori
2647 1951 2925 2047 martyrio,
2951 1951 3093 2050 quod
3123 1984 3178 2039 in
3199 1951 3514 2047 Persiasub

1942 2045 2146 2117 Sapore
2178 2053 2460 2113 Persarum
2494 2076 2618 2132 rege
2651 2067 3050 2128 sustinuerunt.

2010 2142 2100 2198 61.
2155 2145 2387 2204 Historia
2431 2152 2499 2207 de
2527 2153 2863 2226 Acepsimae,
2909 2162 3134 2236 Josepbi
3177 2179 3230 2226 et
3255 2172 3511 2235 Eithalze

1937 2233 2225 2292 Persarum
2268 2246 2545 2311 martyrio,
2597 2251 2745 2317 quod
2789 2252 2877 2308 ille
2917 2270 3506 2337 senexoetogenarius,

1938 2330 2027 2386 hic
2051 2335 2357 2406 presbyter,
2374 2338 2472 2395 iste
2495 2341 2754 2402 diaconus
2775 2347 2826 2403 in
2846 2349 3049 2422 Persia,
3075 2372 3200 2431 rege
3223 2360 3511 2421 Persarum

1938 2421 2163 2494 Sapore,
2195 2429 2495 2487 subierunt.

2008 2518 2096 2572 62.
2140 2517 2373 2578 Historia
2405 2525 2470 2580 de
2505 2527 2774 2588 Anastasii
2805 2533 2980 2592 Persae
3009 2540 3138 2606 vita,
3165 2545 3257 2615 qui
3285 2562 3349 2602 ex
3379 2549 3509 2606 Pcr-

1934 2606 2013 2660 sia
2042 2608 2094 2662 in
2115 2607 2450 2668 Palu-stiriam
2475 2619 2772 2686 profectus,
2800 2623 2854 2678 in
2880 2627 3149 2687 Anastasii
3175 2641 3506 2696 monasterio

1932 2711 2102 2767 prepe
2137 2698 2559 2774 Hierosolymam
2593 2711 2818 2777 urbem,
2864 2731 3009 2771 anno
3031 2719 3376 2791 imperatoris
3402 2730 3506 2785 lle-

1930 2789 2078 2842 raelii
2116 2807 2168 2856 ι,
2203 2791 2398 2848 Christi
2427 2797 2548 2862 620,
2580 2801 2744 2856 vitam
2760 2789 3284 2881 monasticaminiit;
3317 2815 3503 2887 postca

1929 2878 1984 2932 in
2009 2880 2245 2938 Persiam
2274 2902 2542 2956 reversus,
2596 2894 2698 2949 sub
2726 2895 2966 2954 Chosroe
3014 2901 3297 2962 Persarum
3354 2927 3499 2983 rege,

1927 2981 2150 3044 martyr,
2207 2993 2350 3033 anno
2399 2981 2739 3051 imperatoris
2797 2988 3028 3047 Heraclii
3086 3011 3236 3064 xvm,
3298 2999 3498 3061 Christi

1927 3065 2049 3132 628,
2079 3069 2241 3124 vitam
2273 3072 2484 3129 clausit.

1996 3159 2078 3212 65.
2124 3159 2414 3218 Historiam
2459 3167 2526 3222 de
2571 3168 2765 3226 Bacchi
2811 3183 2866 3228 et
2911 3176 3083 3248 Sergii
3126 3179 3494 3243 Romanorum

1924 3252 2216 3322 martyrio,
2269 3257 2415 3324 quod
2461 3259 2788 3330 imperatore
2840 3265 3164 3328 Maximiano
3197 3275 3250 3329 in
3291 3279 3494 3343 Africa.

1921 3344 2025 3398 sub
2059 3345 2179 3414 ejus
2215 3349 2474 3417 praefecto
2506 3353 2800 3420 Antiocho,
2833 3370 2960 3414 sunt
2987 3364 3148 3431 passi.

1990 3436 2076 3490 64.
2121 3437 2352 3494 Historia
2381 3444 2446 3496 de
2490 3443 2612 3497 Vari
2644 3447 3022 3521 sociorumque
3051 3461 3329 3528 martyrio,
3350 3466 3494 3532 qum]

1920 3525 1972 3580 iu
2002 3526 2258 3600 AZgypto,
2292 3534 2394 3589 sub
2443 3535 2769 3606 imperatore
2800 3540 3122 3600 Maximiano
3144 3587 3158 3612 ,
3194 3525 3489 3611 sustinue-

1918 3628 2065 3672 runt.
2795 3634 2799 3637 ’

1983 3710 2071 3765 65.
2116 3711 2349 3770 Historia
2381 3717 2448 3773 de
2476 3717 2746 3777 Caterina‘
2776 3726 2930 3793 (alias
2961 3729 3334 3809 Haecaterinae)
3385 3743 3490 3796 vir-

1915 3804 2053 3874 ginis
2095 3810 2377 3876 martyrio,
2427 3815 2570 3882 quod
2608 3815 2660 3868 in
2704 3816 2959 3890 Egypto,
3013 3827 3114 3882 sub
3157 3804 3487 3903 imperatore

1912 3896 2202 3966 Maxentio,
2238 3901 2576 3961 Alexandria:
2607 3910 2791 3968 subiit.

1983 3990 2070 4046 66.
2114 3993 2345 4051 Historia
2374 3999 2440 4053 de
2469 4000 2671 4066 Mensa,
2727 4004 3084 4081 Hermogenis
3121 4023 3174 4069 et
3211 4015 3483 4091 Engraphi

1911 4083 2192 4153 martyrio,
2252 4090 2397 4156 quod
2434 4091 2488 4144 in
2526 4093 2777 4166 Egypto,
2819 4101 2920 4155 sub
2951 4083 3482 4176 imperatoue'Ma-xi-

1910 4175 2079 4241 mino,
2117 4179 2455 4238 Alexandriae
2488 4189 2883 4248 sustinuerunt.

1974 4265 2062 4321 67.
2105 4267 2338 4326 Historia
2363 4275 2428 4328 de
2457 4276 2735 4346 Epimachi
2763 4283 3000 4356 Aﬂgyptii
3025 4296 3300 4364 martyrio,
3334 4306 3476 4369 quo!

1911 4357 2143 4414 Pelusini
2194 4367 2394 4422 montis
2429 4372 2655 4428 eremits
2709 4375 2763 4430 in
2794 4378 3283 4443 Alexandrinorum
3313 4392 3476 4466 A33);

1905 4449 2142 4517 ptiorum
2174 4455 2307 4510 urbe
2333 4458 2515 4513 subiit.

2105 4541 2339 4600 Historia
2369 4549 2436 4603 de
2480 4550 2762 4610 Athanasii
2817 4560 3055 4634 episcopi
3093 4568 3469 4644 Egyptiorum

1902 4629 2254 4688 Alexandrini
2285 4637 2429 4704 vita,
2475 4643 2565 4710 qui
2621 4644 2870 4703 Ecclesiae
2911 4629 3291 4720 Alexandrinae
3340 4685 3470 4738 pre-

1902 4721 2088 4792 sbyter
2113 4763 2128 4788 ,
2183 4725 2247 4781 A.
2279 4728 2342 4784 C.
2371 4731 2475 4786 325
2495 4775 2509 4796 ,
2559 4737 2788 4793 concilio
2810 4738 3032 4801 Niezeno
3075 4749 3316 4812 interfuit
3418 4762 3470 4816 in

1901 4815 2192 4874 Alexandri
2222 4821 2707 4884 Alexandrinorum
2758 4834 2994 4906 episcopi
3026 4849 3223 4904 mortui
3267 4850 3468 4915 locum.

1897 4904 1962 4962 Α.
2001 4907 2061 4964 C.
2093 4911 2226 4977 526,
2275 4915 2563 4988 episcopus
2604 4933 2839 4993 creatus,
2884 4904 3008 4988 cum
3057 4937 3147 4992 diu
3182 4957 3370 5012 graves
3401 4952 3468 5002 ab

1898 4997 2112 5056 Arianis
2154 5003 2480 5065 afﬂictiones
2518 5028 2727 5082 passus,
2775 5021 3149 5094 episcopatum
3182 4997 3363 5092 vannis
3397 5041 3465 5094 46

1897 5093 2187 5160 gessisset,
2247 5100 2348 5154 sub
2392 5103 2716 5173 imperatore
2744 5110 3170 5178 Valentiniano]
3217 5141 3467 5190 mortuus

1893 5191 1996 5246 est,
2029 5185 2092 5238 A.
2125 5186 2187 5242 Ο.
2225 5191 2351 5247 575.

1963 5278 2050 5334 69.
2094 5281 2326 5340 Historia
2377 5289 2444 5344 de
2487 5291 2866 5372 Euphrosyne,
2928 5305 3306 5374 Alexandrinae
3353 5323 3460 5377 vir-

1891 5369 2031 5439 ginis
2055 5371 2390 5445 Egyptiaca:
2425 5383 2531 5439 vita
2555 5427 2570 5450 ,
2617 5369 2754 5458 quas
2781 5394 2931 5466 virgo
2982 5402 3083 5456 sub
3130 5369 3457 5476 imperatore

1890 5459 2213 5531 Theodosio,
2238 5470 2453 5527 Arcadii
2495 5475 2626 5542 tilio,
2658 5491 2807 5546 nata,
2847 5459 3092 5548 vvitamin

1887 5555 2057 5610 ternis
2099 5573 2198 5627 per
2235 5577 2409 5620 annos
2465 5566 2552 5633 18,
2584 5570 2638 5625 in
2672 5581 3005 5636 monasterio
3038 5599 3135 5653 per
3161 5601 3336 5644 annos
3365 5593 3452 5655 58,

1883 5646 1935 5699 in
1967 5651 2126 5704 terris
2151 5668 2248 5721 per
2275 5671 2448 5713 annos
2478 5660 2546 5715 56
2579 5666 2710 5734 egit.
2744 5667 2962 5726 circiter
2980 5646 3134 5731 A.-C.
3158 5677 3265 5733 470
3293 5683 3444 5737 obiit.

1951 5739 2037 5794 70.
2081 5742 2316 5802 Historia
2357 5751 2424 5807 de
2456 5754 2755 5812 Theodorae
2799 5762 2937 5827 vita,
2993 5783 3156 5838 quam
3189 5771 3444 5833 feminam

1877 5835 2018 5902 apud
2070 5838 2468 5902 Alexandrinos
2510 5848 2564 5903 in
2603 5849 2831 5924 {Egypto
2875 5835 3057 5915 natam
3107 5864 3448 5936 imperatoris

3097 5957 3168 6018 10
