3868 6470
333 375 438 442 £99

334 588 661 643 adulterium
709 604 738 642 a
781 604 838 643 se
866 588 1217 642 commissum
1247 589 1466 643 deserto
1499 590 1715 653 marito,
1767 591 1906 644 intra

335 681 726 735 monasterium
773 681 841 734 ab
871 680 1197 734 Alexandria
1237 681 1560 736 milliaribus
1605 683 1908 736 octodecim

339 782 625 835 remotum,
663 772 803 827 inter
838 773 1138 827 monachos
1179 788 1278 843 pro
1322 773 1439 828 viro
1473 774 1734 841 habitam,
1782 775 1912 829 reli-

339 878 504 932 quum
537 878 710 918 aevum
742 865 1072 935 transegisse
1101 874 1306 920 narrat.

409 954 497 1007 7i.
537 952 772 1008 Historia
808 956 873 1008 de
904 953 1130 1009 Joannis
1159 955 1486 1022 Eleemonis,
1515 957 1567 1012 id
1590 967 1673 1012 est
1701 956 1912 1011 miseri-

338 1046 536 1110 cordis,
579 1047 1072 1103 Alexandrinorum
1101 1049 1338 1122 episcopi
1366 1051 1475 1106 vita
1496 1092 1510 1118 ,
1555 1051 1645 1122 qui
1681 1053 1908 1121 patriam

341 1136 396 1188 in
429 1135 661 1209 IEgypto
700 1140 1112 1204 Amathuntem,
1151 1143 1575 1212 patriarchatum
1604 1142 1656 1197 in
1687 1141 1919 1214 Egypto

344 1229 812 1297 Alexandrinum,
877 1249 1022 1288 anno
1077 1234 1420 1305 imperatoris
1474 1235 1673 1290 Phoca:
1705 1237 1918 1305 quinto,

345 1319 546 1376 Christi
583 1321 707 1390 606,
751 1335 967 1391 nactus,
1005 1326 1057 1380 in
1100 1329 1269 1398 patria
1301 1343 1408 1398 quo
1437 1329 1541 1383 iter
1567 1344 1692 1383 mox
1725 1343 1756 1382 e
1781 1329 1920 1383 vivis

347 1415 596 1470 abiturus
625 1403 960 1487 susceperat,
1003 1421 1146 1475 diem
1175 1437 1332 1476 suum
1375 1422 1534 1487 obiit,
1577 1437 1722 1477 anno
1751 1421 1923 1492 impe-

349 1508 544 1562 ratoris
576 1508 805 1565 Heraclii
839 1527 936 1574 vn,
965 1511 1164 1568 Christi
1197 1513 1321 1569 (il6.

422 1601 508 1656 72.
553 1601 786 1658 Historia
816 1605 885 1660 de
906 1606 1108 1676 Patapii
1137 1610 1380 1665 eremittu
1415 1609 1548 1677 vita,
1595 1611 1687 1682 qui
1713 1611 1927 1667 Thebas

351 1693 570 1764 Egypti
601 1696 789 1750 urbem
827 1699 1053 1768 patriam
1085 1700 1289 1755 habuit.

423 1786 509 1840 73.
549 1786 783 1842 Historia
815 1789 882 1844 de
907 1789 1123 1846 Aretho:
1147 1793 1424 1863 martyrio,
1456 1797 1599 1865 quod
1632 1798 1734 1852 sub
1757 1796 1922 1851 Eles-

1453 385 1828 448 SYMEONIS
1867 385 2441 452 METAPHRAST.E

336 498 573 550 ’IZt-nonis
603 499 940 568 temporibus
975 497 1174 553 ibidem
1211 498 1502 554 virtutibus
1531 501 1753 566 claram,
1794 509 1916 570 post
1947 506 1990 560 Α

3474 397 3594 459 300

2093 502 2177 558 79.
2222 505 2460 561 Historia
2495 506 2562 561 de
2592 507 2891 562 Anastasiae
2917 506 3173 565 Homanre
3196 508 3419 583 virginis
3446 527 3594 564 mar—

2017 595 2176 665 tyrio,
2209 598 2352 665 quotl
2381 600 2482 654 sub
2508 601 2833 670 imperatore
2865 602 3199 660 Diocletiano
3272 604 3465 660 subiit.

2087 691 2176 745 80.
2215 690 2451 747 Historia
2479 694 2545 749 de
2589 695 2884 750 Eleutherii
2908 740 2922 764 ,
2955 697 3126 766 patria
3163 697 3435 762 Romani,
3473 695 3602 766 Illy-

2019 781 2259 837 ricorum
2292 784 2529 855 episcopi
2575 788 2852 858 martyrio,
2905 789 3051 858 quod
3114 804 3238 843 cum
3280 782 3601 857 'Evamphia

2019 883 2214 937 matre,
2246 877 2348 930 sub
2376 877 2702 947 imperatore
2735 879 2996 942 Adriano,
3036 879 3316 935 sustinuit.

2095 970 2182 1024 8t.
2233 970 2467 1025 Historia
2516 972 2584 1026 de
2643 971 2841 1029 Niceta:
2891 972 3053 1029 Gothi
3118 972 3413 1044 martyrio,
3461 971 3604 1040 quod

2022 1061 2392 1116 Romanorum
2429 1063 2753 1134 imperatore
2801 1064 3082 1133 Gratiano,
3115 1066 3426 1120 Gothorum
3479 1077 3608 1132 rege

2025 1153 2376 1223 Athanarico,
2410 1156 2753 1213 Christianos
2795 1155 3003 1214 Gothos
3045 1167 3157 1213 tum
3192 1156 3419 1212 Danubii
3449 1170 3607 1210 acco-

2029 1247 2105 1301 las
2139 1255 2523 1316 persequente,
2549 1248 2828 1302 sustinuit.
3013 1319 3016 1322 ί

2099 1338 2187 1392 82,
2217 1339 2532 1394 Historizde
2561 1339 2802 1410 Gregorii
2830 1339 3070 1410 episcopi
3103 1337 3412 1395 Siculorum
3439 1335 3600 1405 Agri—

2031 1428 2238 1500 gentini
2299 1429 2430 1493 vita,
2481 1429 2570 1500 qui
2627 1446 2694 1485 ex
2728 1429 2846 1485 vico
2900 1429 2967 1484 ad
3013 1429 3366 1501 Agrigentum
3417 1429 3609 1480 urbem

2032 1531 2205 1587 ortus,
2258 1537 2288 1576 a
2317 1521 2552 1576 Macario
2582 1523 2870 1593 episcopus
2901 1521 3391 1588 Hierosolymitauo
3423 1521 3606 1574 diaco—

2034 1629 2136 1668 nus
2171 1611 2714 1685 Hierosolymitanus,
2733 1615 2946 1669 tandem
2977 1614 3045 1669 ab
3075 1613 3331 1683 episcopo
3366 1611 3612 1667 Romano

2036 1706 2329 1776 episcopus
2372 1704 2758 1777 Agrigentinus
2807 1705 3079 1762 Theodori
3127 1719 3413 1760 successor
3458 1719 3616 1759 crea-

2041 1807 2127 1853 lUS
2157 1808 2260 1854 εει.

365 1875 551 1972 haana:
594 1877 951 1972 iAEﬁthiopum
1003 1899 1130 1955 rege
1178 1862 1494 1942 Christiano
1521 1929 1535 1954 ,
1583 1890 1821 1946 civitatis
1876 1891 1932 1946 in
1965 1862 2006 1916 Β
2107 1889 2197 1944 85.
2239 1888 2472 1946 Historia
2506 1890 2572 1947 de
2602 1889 2827 1963 Agathae
2851 1890 3093 1962 virginis,
3118 1889 3290 1961 patria
3321 1890 3611 1972 Cptanaam,

355 1968 640 2040 Aithiopia
683 1971 946 2044 Nagranae
997 1990 1237 2044 praeses,
1299 1993 1425 2032 cum
1475 1995 1596 2034 eam
1643 1980 1937 2040 Duuaanus

357 2062 594 2116 Arabum
629 2079 720 2117 rex
752 2064 1076 2122 Christianis
1107 2068 1362 2125 inimicus
1391 2074 1786 2144 occupavisset,
1812 2093 1936 2133 cum

356 2153 479 2207 aliis
511 2155 843 2225 martyribus
871 2157 1029 2213 obiit.

430 2246 517 2302 74.
546 2245 781 2302 Historia
801 2248 868 2303 de
885 2250 1152 2329 Eustathii
1172 2255 1450 2325 martyrio,
1474 2257 1618 2326 quod
1643 2258 1744 2313 sub
1766 2258 1940 2329 impe-

359 2345 538 2392 ratore
572 2335 803 2407 Trajano
828 2339 936 2396 dux
971 2342 1224 2410 militum,
1255 2345 1357 2400 sub
1381 2347 1574 2401 eodem
1610 2349 1678 2402 ad
1717 2350 1936 2421 religio-

358 2443 485 2481 nem
519 2427 884 2486 Christianam
919 2448 1043 2487 eum
1070 2434 1183 2488 suis
1212 2450 1543 2505 conversus,
1605 2456 1726 2494 cum
1759 2442 1940 2498 Theo-

362 2519 500 2588 piste
535 2535 724 2586 uxore,
753 2522 958 2593 Agapio
991 2533 1045 2578 et
1067 2523 1364 2596 Theopisto
1393 2527 1538 2597 ﬁliis,
1571 2531 1672 2585 sub
1701 2531 1937 2603 impera-

367 2618 484 2664 t0<e
511 2611 767 2676 Adriano,
795 2613 848 2667 in
877 2616 1012 2670 urbe
1040 2615 1228 2684 Roma,
1259 2620 1444 2675 subiit.

432 2703 522 2756 75.
568 2703 804 2759 Historia
829 2705 897 2761 de
922 2705 1140 2778 Sophia:
1163 2711 1310 2765 Itala:
1338 2715 1617 2784 martyrio,
1643 2717 1786 2786 quod
1813 2733 1937 2772 eum

364 2794 538 2850 tribus
578 2795 718 2863 (iliis,
765 2798 889 2867 ﬁde,
941 2816 1037 2871 spe
1063 2810 1118 2857 et
1147 2804 1431 2871 eharilate,
1481 2808 1582 2864 sub
1614 2808 1940 2880 imperatore

364 2887 624 2953 Adriano,
655 2890 708 2944 in
741 2892 874 2948 urbe
899 2893 1090 2961 Bonna,
1131 2896 1319 2952 subiit.

435 2981 521 3036 76.
565 2983 801 3038 Historia
851 2985 918 3040 de
960 2987 1214 3058 Eugeniae
1247 2989 1504 3048 Romanae
1545 2994 1769 3065 virginis
1794 3011 1940 3050 mar-

371 3075 530 3142 tyrio,
561 3076 703 3143 quod
735 3076 788 3130 in
823 3077 956 3132 urbe
993 3078 1161 3134 Roma
1187 3121 1202 3146 ,
1256 3085 1356 3139 sub
1387 3085 1809 3156 imperatoribus
1834 3088 1940 3146 Va-

369 3161 576 3216 leriano
603 3173 656 3218 et
680 3164 902 3220 Galieno
929 3170 1208 3225 sustinuit.

434 3253 522 3308 77.
563 3252 799 3310 Historia
823 3257 889 3312 de
907 3257 1122 3332 Georgii
1144 3263 1442 3334 Capadocis
1480 3270 1762 3341 martyrio,
1786 3287 1947 3343 quem

371 3344 566 3416 vulgus
595 3361 720 3401 cum
756 3348 1001 3407 Dracone
1033 3369 1270 3426 pugnam
1306 3357 1496 3416 iniisse
1527 3372 1701 3431 putat,
1778 3365 1951 3436 impe-

372 3447 517 3531 rator
540 3439 905 3501 Diocletianus
931 3462 1054 3502 cum
1095 3449 1374 3511 tribunum
1415 3454 1670 3522 militum,
1715 3458 1950 3531 denique

371 3529 628 3586 comitem
676 3536 996 3601 creavisset,
1048 3539 1102 3592 in
1141 3541 1277 3596 urbe
1303 3540 1494 3610 Roma,
1541 3558 1763 3620 propter
1781 3529 1952 3620 Chri-

371 3624 600 3680 stianam
638 3628 952 3700 religionem
982 3634 1152 3688 occidi
1181 3635 1366 3706 jussit.

447 3719 534 3774 78.
573 3719 806 3777 Historia
836 3724 904 3779 de
934 3727 1232 3785 Anastasia:
1252 3730 1512 3787 Romana:
1545 3734 1721 3791 viduae
1745 3747 1946 3808 marty-

376 3810 480 3869 rio.
510 3813 730 3880 quodin
765 3817 897 3872 urbe
914 3817 1086 3874 Roma
1111 3821 1212 3877 sub
1239 3821 1565 3893 imperatore
1614 3826 1949 3886 Diocletiano

375 3903 655 3960 sustinuit.

2038 1982 2319 2052 martyrio,
2353 1985 2496 2053 quod
2526 1984 2666 2038 intra
2713 1983 2950 2038 Siciliam
2982 1983 3034 2036 in
3077 1983 3210 2037 urbe
3243 1981 3468 2044 Catana,
3508 1983 3610 2036 sub

2039 2073 2365 2144 imperatore
2436 2075 2597 2132 Decio
2663 2077 2884 2131 tertium
2942 2075 3285 2131 consulatum
3347 2085 3609 2146 gerente;

2037 2167 2104 2223 A.
2134 2166 2193 2221 C.
2223 2167 2350 2233 251,
2381 2169 2662 2224 sustinuit.

2109 2261 2198 2316 84.
2239 2260 2472 2318 Historia
2511 2261 2580 2317 de
2627 2260 2864 2333 Dionysii
2918 2259 3266 2331 Areopagitae
3308 2257 3619 2312 Athenien-

2039 2353 2138 2418 sis,
2174 2370 2336 2425 quem
2383 2365 2604 2412 sanctus
2636 2355 2836 2412 Paulus
2866 2355 3144 2426 apostolus
3189 2353 3255 2407 ad
3303 2351 3618 2422 religionem

2039 2450 2402 2505 Christianam
2463 2449 2754 2514 convertit,
2814 2449 2923 2503 vita
2969 2459 3024 2503 et
3062 2445 3344 2517 martyrio.
3399 2443 3620 2498 Primus

2039 2541 2454 2598 Atheniensium
2473 2541 2778 2611 episcopus,
2793 2554 2954 2610 quem
2976 2546 3159 2609 postea
3176 2538 3361 2607 plures
3386 2534 3620 2604 primum

2041 2634 2753 2704 Pat‘isiensiumepiscopum
2777 2632 2943 2687 fuisse
2975 2639 3224 2695 narrant,
3246 2628 3349 2685 sub
3383 2628 3624 2698 impera-

2043 2742 2160 2788 tore
2198 2731 2524 2793 Domitiano,
2557 2737 2758 2799 martyr
2786 2727 2940 2781 obiit.

2111 2824 2199 2879 85.
2223 2822 2453 2877 Historia
2467 2822 2532 2875 de
2549 2819 2876 2874 Theoctistze
2895 2817 3104 2872 Lesbiaa
3118 2814 3340 2886 virginis
3357 2812 3484 2874 vita,
3503 2828 3625 2879 quae

2041 2917 2193 2988 virgo
2227 2916 2455 2986 patriam
2491 2912 2682 2967 habuit
2729 2910 3092 2980 Methymnam
3125 2908 3314 2961 urbem
3364 2905 3421 2958 in
3465 2901 3624 2974 Egi-5

2043 3009 2208 3064 maris
2248 3022 2416 3078 pr0pe
2447 3004 2730 3076 Phrygiam
2764 3002 2903 3058 Asize
2937 2999 3273 3072 provinciam
3306 2997 3625 3053 Grzecorum

2048 3102 2226 3158 insula
2274 3100 2470 3164 Lesbo,
2517 3114 2638 3168 qua:
2687 3095 2964 3152 nonnullis
3003 3094 3168 3149 etiam
3206 3091 3460 3163 Mytilene
3489 3089 3628 3146 d'ci-

1969 3200 2015 3262 c
2049 3207 2156 3262 tur,
2189 3196 2356 3251 vitam
2389 3191 2740 3248 monasticam
2787 3190 2843 3245 in
2896 3188 3034 3243 Paro
3085 3186 3398 3243 Graecorum
3448 3183 3628 3237 insula

2049 3288 2234 3345 coluit.
3063 3340 3074 3351 ,

2121 3381 2210 3438 86.
2245 3378 2488 3450 Historia
2513 3377 2581 3432 de
2613 3376 2803 3432 decem
2836 3381 3132 3443 martyrum
3165 3367 3448 3440 martyrio,
3478 3363 3630 3436 quod

2050 3477 2104 3530 in
2155 3475 2469 3530 Graecorum
2516 3469 2691 3525 insula
2731 3467 2893 3524 Creta
2939 3467 3041 3521 sub
3079 3465 3410 3534 imperatore
3461 3458 3629 3512 Decio

2049 3567 2454 3624 sustinuerunt.

2119 3659 2207 3714 87.
2240 3657 2473 3712 Historia
2496 3655 2564 3710 de
2585 3653 2814 3708 Andreae
2840 3647 3121 3714 Cretensis
3147 3647 3280 3709 vita,
3301 3645 3392 3716 qui
3410 3643 3510 3699 sub
3528 3643 3639 3696 im-

2049 3760 2302 3823 peratore
2335 3747 2698 3804 Constantino
2729 3744 3072 3813 Copronymo
3105 3736 3462 3796 lcouomacho
3491 3736 3637 3790 ututi

2048 3861 2208 3918 quam
2242 3843 2536 3917 imaginum
2563 3840 2768 3896 cultum
2798 3839 3058 3895 damnare
3082 3834 3291 3890 maluit.

1562 4259 1938 4321 DANIELIS
1982 4260 2089 4320 DE
2134 4258 2434 4321 NESSEL

920 4401 1256 4482 Catalogus
1304 4403 1590 4466 Vitarum
1638 4425 1796 4486 quas
1843 4410 2121 4486 Symeon
2169 4406 2637 4485 Metaphrastes
2683 4400 3074 4481 composuit.

981 4553 1074 4616 (Et
1102 4553 1333 4620 Catalogo
1364 4556 1603 4607 Biblioth.
1642 4556 1922 4607 Vindobon.
1960 4569 2076 4604 mss.
2117 4555 2273 4605 Graec.
2300 4557 2349 4604 in
2381 4555 2460 4604 l'ol.
2489 4552 2670 4603 Indicis
2697 4553 2712 4602 Ι
2739 4564 2833 4614 pag
2890 4547 3024 4610 109.)

1960 4717 2034 4733 ψ

451 4820 754 4894 Symeonis,
787 4825 1113 4894 cognomine
1138 4823 1541 4896 Metaphrastre,
1571 4827 1663 4896 qui
1704 4827 1804 4883 fuit
1836 4843 1954 4882 ma-
1989 4832 2030 4888 D
2131 4823 2369 4879 Historia
2420 4816 2662 4889 martyrii
2693 4812 2868 4871 sancti
2897 4806 3199 4867 Eleutherii
3232 4802 3473 4878 episcopi
3508 4800 3644 4872 lily-

381 4911 546 4980 gister
578 4921 632 4966 et
653 4913 956 4980 logotbetes
996 4915 1051 4968 in
1072 4915 1194 4968 aula
1214 4914 1831 4986 ConstantinOpolitana,
1864 4919 1958 4973 de-

380 5005 631 5074 cimoque
668 5013 788 5074 post
825 5005 1105 5060 Christum
1136 5009 1333 5063 sazculo
1356 5007 1558 5074 ﬂoruit,

453 5099 687 5153 Historia
722 5098 846 5152 vita:
878 5097 936 5154 S.
975 5098 1184 5167 Alexii;

453 5187 685 5243 Historia
719 5191 959 5258 martyrii
994 5189 1051 5245 S.
1089 5189 1522 5247 Panteleemonis
1555 5209 1570 5258 ;

451 5280 688 5336 Historia
718 5281 844 5336 vitae
866 5282 923 5336 S.
952 5281 1181 5350 Nicolai,
1203 5283 1442 5354 episcopi
1473 5284 1772 5353 Myrensis;

453 5373 654 5429 Versus
707 5374 1105 5444 eompunctorii
1151 5374 1325 5430 forma
1358 5376 1721 5432 confessionis
1763 5391 1959 5431 secun-

381 5465 509 5527 dum
535 5465 781 5521 ordinem
812 5466 1211 5537 alphabeticum
1235 5484 1250 5534 ;

453 5559 736 5614 Canticum
772 5574 989 5614 sacrum
1011 5559 1200 5614 ordine
1222 5559 1566 5630 alphabetico
1592 5579 1604 5627 ;

453 5651 812 5724 Synaxarium
846 5653 902 5708 in
921 5651 1332 5710 cruciﬁxionem
1355 5649 1560 5706 Christi
1595 5652 1844 5707 versibus
1866 5667 1964 5724 po-

383 5745 575 5814 liticis;
1139 5793 1145 5799 .

451 5837 686 5895 Historia
717 5839 958 5911 martyrii
992 5838 1165 5896 sancti
1198 5837 1395 5894 Nicetes
1434 5834 1630 5903 Gothi;

2061 4917 2179 4983 riei,
2203 4924 2257 4970 et
2289 4911 2511 4968 historia
2538 4906 2778 4978 martyrii
2805 4903 2978 4958 sancti
3009 4899 3321 4970 Polyeucti;

2133 5007 2368 5063 Historia
2399 4999 2638 5071 martyrii
2671 4997 2843 5052 sancti
2867 4991 3126 5049 Demetrii
3163 4985 3534 5061 proconsulis;

2141 5101 2260 5156 Vita
2301 5105 2501 5153 sanctae
2551 5091 2757 5156 Mariae,
2804 5104 2924 5158 qua
2954 5087 3008 5140 in
3049 5082 3192 5140 virili
3237 5077 3509 5142 cmuobio,
3539 5074 3651 5128 sub

2063 5195 2251 5252 habitu
2290 5191 2430 5246 virili
2456 5197 2509 5245 et
2557 5186 2779 5242 nomine
2834 5180 3049 5246 Marini,
3091 5175 3435 5233 sanctissime
3482 5170 3650 5234 vixit,

2066 5300 2167 5341 nec
2205 5283 2307 5337 nisi
2342 5289 2461 5351 post
2490 5278 2696 5332 obitum
2728 5273 2929 5330 femina
2963 5268 3306 5341 deprehensa
3334 5272 3415 5318 est
3450 5279 3465 5326 ;

2135 5350 2388 5428 Historiaa
2436 5369 2564 5423 vitae
2591 5365 2773 5422 sancti
2833 5361 3065 5417 Joannis
3111 5353 3485 5428 Chrysostomi
3539 5350 3656 5406 fra-

2099 5477 2340 5521 mentum
2365 5481 2380 5527 ζ

2099 5485 2340 5521 mentum
2365 5485 2377 5492 -

2062 5485 2093 5539 g
2136 5556 2254 5610 Vita
2287 5505 2457 5609 saticti
2484 5547 2788 5621 Tryphonis
2841 5544 3114 5615 martyris,
3170 5539 3344 5611 patria
3387 5534 3655 5592 Camhsa-

2066 5645 2255 5702 densis
2277 5645 2331 5697 in
2361 5641 2612 5711 Phrygia,
2647 5636 2840 5692 Nicmaz
2874 5644 3054 5689 autem
3089 5634 3143 5686 in
3187 5627 3436 5700 Bithynia
3481 5626 3546 5678 Α.
3580 5623 3651 5680 G.

2065 5739 2172 5794 ‘250
2202 5737 2303 5791 sub
2333 5735 2466 5802 imp.
2501 5731 2664 5785 Decio
2689 5727 2869 5798 passi;

2143 5829 2450 5900 Martyrium
2479 5826 2648 5880 sancti
2671 5821 2859 5877 lsidori
2885 5811 3228 5872 Alexandrini
3248 5809 3523 5882 martyris.
