3868 6480
268 349 368 413 301

332 468 644 542 Martyrium
680 486 880 534 sancta:
909 481 1130 555 Agatha:
1158 490 1383 562 virginis
1414 505 1468 552 et
1490 502 1742 570 martyris
1767 518 1781 566 ;

326 559 643 633 Martyrium
684 581 997 630 sanctorum
1027 589 1342 652 martyrum,
1375 587 1604 656 Faustae,
1632 559 1830 647 'Eveia-

250 648 316 703 sii
345 660 401 705 et
431 653 710 713 Maximini
741 680 754 724 ;

329 740 445 798 Vita
477 746 620 802 beati
654 750 878 824 Eugenii
928 768 984 813 et
1033 759 1211 819 Mariae
1238 766 1356 836 ejus
1389 768 1512 825 filia:
1552 771 1606 826 in
1637 788 1826 831 coeno-

246 829 470 927 biosub
500 839 685 898 habitu
710 845 848 902 virili
878 849 1034 906 dictat
1065 829 1288 927 Marini;

318 925 629 1024 Martyrium
656 940 832 994 sancti
881 941 1191 1015 Nicephort,
1231 925 1479 1024 martyris
1503 956 1821 1015 Antiochiae

249 1013 302 1066 in
334 1015 485 1087 Syria
508 1037 523 1087 ;

323 1105 456 1212 Viti:
473 1121 526 1166 et
557 1120 868 1187 martyrium
926 1128 1098 1183 sancti
1153 1136 1404 1205 martyris
1449 1136 1631 1203 Blasii,
1701 1144 1820 1212 epi—

246 1199 395 1298 scopi
421 1199 683 1263 Sebastiaa
708 1209 761 1264 in
782 1211 1141 1288 Cappadocia,
1168 1229 1221 1276 et
1242 1199 1511 1282 sociorum
1535 1199 1652 1298 ejus
1673 1249 1689 1292 ς

316 1291 630 1388 Martyrium
672 1314 980 1363 sanctorum
1040 1310 1330 1384 Pamphili,
1359 1291 1612 1388 Valentii,
1645 1322 1816 1388 Pauli,

245 1379 484 1451 Seleuci,
528 1387 836 1465 Porphyrii,
879 1398 1166 1470 Theoduli,
1213 1406 1411 1464 Juliani
1458 1420 1511 1465 et
1545 1414 1816 1470 sociorum

243 1472 454 1576 (initio
497 1481 716 1548 quidem
747 1487 814 1543 ab
843 1488 1075 1549 Eusrbio
1129 1497 1298 1566 ipsius
1324 1501 1507 1564 fsancti
1546 1504 1815 1576 Pamphili

239 1567 417 1622 amico
449 1571 659 1642 intimo,
695 1586 750 1632 et
791 1581 1051 1638 Caesarea:
1099 1587 1151 1641 in
1207 1589 1504 1650 Palaestina
1558 1598 1814 1670 episcopo

237 1664 633 1760 conscriptum,
665 1672 850 1729 multis
881 1685 1062 1731 autem
1087 1689 1210 1749 post
1245 1686 1457 1742 sazculis
1483 1701 1512 1741 a
1542 1664 1813 1760 symeone

237 1749 608 1823 Metaphraste
637 1761 1072 1837 interpolatum);

307 1840 430 1898 Vita
466 1851 638 1904 sancti
667 1853 960 1911 Andronici
991 1868 1044 1913 et
1096 1863 1279 1918 uxoris
1305 1866 1424 1936 ejus
1443 1867 1757 1928 Athanasiae
1791 1891 1805 1940 ;
1841 1843 1885 1898 Β

309 1935 632 2012 Martyrium
660 1951 830 2002 sancti
870 1949 1081 2008 Orestis

232 2029 336 2082 sub
365 2029 495 2103 imp.
533 2033 897 2107 Diocletiano;

304 2122 626 2196 Martyrium
657 2134 832 2187 sancti
868 2133 1100 2189 Victoris
1134 2145 1189 2192 et
1218 2142 1392 2196 sancti
1415 2142 1802 2219 Stephanidis;

302 2216 616 2292 Martyrium
649 2227 820 2282 sancti
852 2226 1136 2296 Vincentii,
1170 2216 1572 2295 archiadiaconi
1592 2216 1803 2299 Caesar;

227 2316 518 2381 augustani
537 2333 553 2382 ;

299 2405 551 2463 Narratio
579 2411 826 2471 miraculi
853 2433 881 2472 a
914 2419 1364 2498 SS.fntartyribus
1388 2424 1577 2490 Guria.
1613 2426 1806 2482 Samo-

227 2511 297 2549 na
327 2507 383 2552 et
405 2500 599 2568 Abibo,
626 2504 842 2563 Edessa:
865 2511 1030 2581 editi;

296 2587 612 2662 Martyrium
645 2599 814 2653 sancti
846 2600 1118 2672 Platonis;

299 2680 582 2756 Martyria,
616 2685 753 2746 Vita:
770 2699 826 2746 et
862 2693 1120 2752 Encomia
1161 2696 1257 2755 SS.
1296 2700 1499 2756 mensis
1531 2699 1800 2766 Octobris,

223 2792 427 2848 nempe
461 2797 476 2834 :

295 2869 614 2943 Martyrium
647 2887 850 2934 sanetae
878 2881 1102 2938 Anania-
1131 2902 1146 2951 ;

293 2962 610 3036 Martyrium
653 2970 750 3026 SS.
785 2972 1035 3044 (.‘ypriani
1064 2985 1118 3030 et
1151 2976 1413 3045 Justinaz;

295 3055 614 3128 Martyrium
642 3064 816 3118 sancti
844 3064 1081 3136 Dionysii
1108 3066 1444 3140 Areopagita:
1470 3087 1484 3135 ;

291 3149 607 3220 Martyrium
635 3165 835 3211 sanctae
857 3157 1160 3215 Charitines
1185 3178 1200 3228 ;

291 3240 736 3302 Commentarius
760 3247 814 3302 in
852 3261 1098 3305 sanctum
1145 3253 1448 3322 apostolum
1482 3252 1742 3310 Thomam
1775 3275 1790 3323 ;

291 3331 612 3403 Martyrium
653 3335 750 3390 SS.
779 3336 953 3408 Sergii
990 3352 1044 3395 et
1068 3340 1265 3396 Bacchi
1304 3358 1320 3406 ;

288 3424 411 3480 Vita
442 3438 642 3483 sanctae
669 3430 896 3503 Pelagire
926 3433 1318 3503 Antiochense;

289 3519 605 3592 Martyrium
645 3523 745 3579 SS.
784 3525 1047 3598 Eulampii
1069 3541 1122 3586 et
1157 3533 1450 3606 Eulampim
1479 3554 1492 3599 ;

289 3613 602 3685 Martyrium
633 3615 734 3671 SS.
765 3617 946 3682 Probi.
975 3620 1202 3680 Tarachi
1238 3636 1292 3681 et
1321 3627 1651 3693 Andronici;

290 3704 604 3776 Martyrium
635 3707 730 3763 SS.
762 3709 944 3780 Carpi,
977 3712 1152 3785 Papyli
1187 3726 1242 3772 et
1267 3718 1541 3773 sociorum
1578 3736 1591 3780 ;

291 3795 609 3868 Martyrium
664 3798 760 3855 SS.
813 3800 1068 3870 Nazarii,
1114 3804 1401 3874 Gervasii,
1456 3807 1685 3864 Protasii
1740 3817 1794 3862 et

220 3884 364 3941 Celsi
392 3907 406 3954 ;

293 3979 604 4051 Martyrium
629 3986 795 4040 sancti
827 3987 1049 4042 Luciani
1072 4007 1087 4051 ;

286 4071 601 4143 Martyrium
628 4077 797 4132 sancti
828 4077 1050 4151 Longini
1079 4079 1424 4138 Centurionis
1456 4101 1471 4150 ;

290 4165 732 4224 Commentarius
761 4172 810 4223 in
851 4181 1097 4228 sanctum
1126 4176 1513 4247 evangelistam
1537 4175 1738 4230 Lucam
1775 4194 1789 4242 ;

288 4254 604 4325 Martyrium
625 4259 797 4313 sancti
840 4258 962 4314 Vari
1003 4278 1017 4325 ;

285 4345 599 4418 Martyrium
633 4350 803 4404 sancti
833 4353 1061 4408 Andreas
1085 4354 1140 4409 in
1166 4355 1305 4412 Crisi
1337 4374 1351 4420 ;

286 4435 606 4508 Martyrium
636 4441 808 4495 sancti
827 4442 1048 4499 Artemii
1085 4461 1101 4511 ;

292 4525 410 4580 Vita
441 4530 618 4582 sancti
646 4529 936 4588 Hilarionis
963 4551 976 4600 ;

291 4621 411 4675 Vita
431 4623 603 4677 sancti
642 4624 910 4692 Abericii;

289 4714 728 4770 Commentarius
775 4717 828 4770 in
872 4729 1118 4774 sanctum
1160 4723 1466 4792 apostolum
1518 4723 1787 4780 Iacobum

218 4805 440 4860 fratrem
466 4807 680 4861 Domini
713 4809 913 4864 dictum
941 4827 956 4876 ;

285 4896 600 4969 Martyrium
641 4900 700 4954 S.
730 4902 943 4956 Aretlize
976 4920 990 4966 ;

286 4991 600 5063 Martyrium
670 4991 770 5047 SS.
819 4993 1072 5050 Marciani
1129 5005 1186 5050 et
1241 4999 1484 5068 martyrii
1539 5000 1786 5055 notario-

221 5094 335 5133 rum
362 5098 376 5142 ;

289 5169 596 5241 Martyrium
632 5172 803 5229 sancti
837 5173 1090 5231 Demetrii
1123 5195 1138 5230 ε

287 5261 602 5335 Martyrium
628 5266 1138 5324 sanctaeAnastasite
1165 5269 1421 5326 Romanas
1450 5271 1680 5327 senioris
1706 5289 1721 5336 ;

287 5351 403 5408 Vita
436 5356 610 5412 sancti
647 5358 1141 5414 Abramiieremitze
1174 5378 1188 5428 ;

288 5445 602 5518 Martyrium
625 5448 722 5503 SS.
744 5449 967 5506 Zenobii
995 5461 1048 5506 et
1072 5451 1364 5520 Zenobize;

285 5538 599 5610 Martyrium
632 5541 808 5595 sancti
832 5542 1113 5612 Epimachi
1151 5559 1166 5606 ;

291 5628 408 5684 Vita
459 5631 634 5686 sancti
696 5630 924 5688 Joannis
969 5633 1339 5704 Cltrysostomi
1391 5636 1784 5708 archiepiscopi

219 5717 800 5791 Constantinopolitani
838 5740 852 5787 ;

285 5810 598 5884 Martyrium
629 5815 798 5869 sancti
833 5814 1069 5870 Platonis
1097 5835 1110 5882 ;

1123 1953 1318 2027 Tyana:
1363 1959 1419 2014 i-n
1470 1961 1809 2034 Cappadocia

1465 387 1813 450 VITARUM
1852 391 2188 454 CATALOG
2202 398 2317 457 US.

3403 418 3508 483 502

1863 507 1907 563 Α
2009 503 2320 577 Martyrium
2347 521 2551 568 sancta:
2581 514 2888 574 Catliarinae
2915 519 3142 594 virginis
3173 543 3192 592 ;

2007 593 2130 651 Vita
2150 602 2324 656 sancti
2349 603 2523 675 Alypii
2553 607 2758 677 Stylitm
2784 627 2799 675 ;

2003 685 2319 760 Martyrium
2356 697 2528 750 sancti
2558 697 2740 754 Jacobi
2770 700 2945 760 Persa;
2976 722 2991 770 ;

2002 777 2121 833 Vita
2145 790 2196 836 et
2220 787 2533 857 martyrium
2553 791 2726 846 sancti
2756 793 3044 865 Stephanis
3068 798 3309 855 Junioris
3346 819 3360 866 ;

1997 870 2438 933 Commentarius
2472 879 2902 950 iuSaAndream
2953 892 3258 958 apostolum
3295 909 3310 958 ;

1997 959 2247 1015 Narratio
2282 965 2527 1021 miraculi
2579 986 2608 1024 a
2649 982 2835 1028 saneto
2876 975 3137 1033 Michaele
3173 981 3496 1052 archangclo

1924 1048 2119 1108 Chonii
2140 1054 2254 1110 sive
2279 1056 2505 1114 Colossii
2540 1060 2592 1115 in
2619 1063 2846 1136 Phrygia
2869 1068 2999 1123 editi
3029 1085 3044 1135 ;

1992 1144 2245 1202 Narratio
2291 1149 2433 1213 vitm,
2468 1167 2647 1206 rerum
2697 1166 2970 1226 gestarum
3011 1168 3066 1214 et
3105 1160 3487 1217 miraculorum

1928 1237 2105 1291 sancti
2144 1237 2354 1295 Nicolai
2390 1241 2654 1314 Myrensis
2682 1245 2735 1300 in
2762 1246 2919 1319 Lycia
2945 1251 3183 1320 episcopi
3223 1269 3238 1318 ;

1991 1328 2305 1401 Martyrium
2328 1336 2501 1390 sancti
2532 1335 2734 1393 Niceta:
2767 1339 2930 1395 Gothi
2965 1359 2982 1407 ;

1986 1420 2300 1494 Martyrium
2332 1436 2533 1481 sancte
2563 1427 2876 1499 Euphemize
2909 1434 3170 1505 virginis;

1988 1511 2109 1568 Vita
2141 1517 2311 1570 sancti
2340 1518 2629 1581 Ambrosii.
2662 1522 2900 1594 episcopi
2926 1525 3336 1583 Mediolanensis
3367 1545 3383 1594 ;

1985 1602 2292 1677 Martyrium
2356 1607 2454 1666 SS.
2505 1609 2784 1680 Eustratii,
2844 1615 3139 1684 Auxentii,
3195 1618 3483 1692 Fulgentii,

1913 1693 2120 1751 Orestis
2151 1709 2204 1753 et
2232 1699 2482 1756 Martlarii
2510 1721 2523 1768 ;

1982 1789 2106 1846 Vita
2130 1802 2329 1849 sancta:
2359 1794 2657 1852 Theodora:
2693 1798 3072 1856 Alexandrina:
3106 1819 3121 1868 ;

1983 1883 2102 1938 Vita
2151 1887 2322 1940 sancti
2377 1888 2603 1944 Joannis
2649 1890 3110 1963 Eleemosynarii,
3158 1893 3481 1964 patriarchae

1911 1971 2234 2028 Autioelieni
2261 1993 2275 2040 ;

1980 2063 2214 2122 Historia
2245 2069 2482 2141 martyrii
2513 2072 2684 2126 sancti
2717 2072 2991 2145 Polyeucti
3034 2075 3224 2132 militis
3255 2086 3311 2132 et
3335 2091 3481 2130 mar-

1910 2158 2042 2228 tyris
2065 2175 2078 2224 ;

1982 2248 2302 2321 Martyrium
2326 2261 2525 2308 sanctm
2559 2254 2864 2310 Catltarinaz
2891 2256 3116 2328 virginis
3141 2274 3158 2323 ;

1977 2340 2097 2394 Vita
2124 2342 2294 2396 sancti
2328 2342 2614 2414 Symeouis
2647 2345 2851 2416 Stylita:
2894 2346 3052 2417 primi
3077 2347 3191 2403 sive
3218 2349 3474 2413 senioris,

1905 2431 1996 2500 qui
2029 2433 2091 2485 A.
2125 2431 2188 2487 C.
2221 2433 2326 2488 460
2357 2437 2680 2490 centenario
2707 2436 2880 2506 major
2909 2438 3046 2493 obiit
3074 2455 3090 2505 ;

1973 2521 2261 2578 Certamen
2291 2525 2465 2579 sancti
2497 2527 2736 2596 martyrii
2758 2526 3074 2594 Mamantis;

1973 2613 2260 2668 Certamen
2294 2615 2466 2670 sancti
2513 2617 2767 2688 martyris
2795 2617 3043 2674 Autliimi
3091 2618 3332 2690 episCOpi
3383 2617 3477 2672 Ni-

1902 2705 2183 2769 comedim,
2211 2706 2386 2774 quiA.
2426 2705 2489 2762 C.
2523 2707 2628 2761 302
2655 2723 2845 2776 passus
2876 2718 3000 2776 est;

1973 2792 2286 2864 Martyrium
2336 2794 2508 2850 sancti
2559 2795 2790 2868 Babylae,
2823 2797 3063 2868 episcopi
3105 2797 3468 2865 Antiocheni;

1972 2886 2221 2942 Narratio
2247 2888 2488 2943 miraculi
2517 2904 2548 2944 a
2574 2900 2763 2946 sancto
2826 2891 3084 2948 Michaele
3132 2893 3474 2965 archangelo

1900 2978 2098 3035 Chonii
2127 2981 2242 3036 sive
2271 2981 2508 3038 Colossis
2536 2983 2588 3038 in
2617 2983 2844 3056 Phrygia
2876 2985 3006 3042 editi
3037 3004 3052 3051 ;

1971 3071 2285 3143 Martyrium
2321 3072 2418 3128 SS.
2453 3073 2700 3139 Eudoxii,
2743 3074 2981 3141 Romuli,
3019 3074 3257 3131 Zenonis
3283 3081 3338 3129 et
3360 3072 3473 3128 Ma-

1827 3179 1874 3241 C
1905 3163 2034 3218 carii
2061 3180 2078 3231 ;

1969 3254 2282 3326 Martyrium
2314 3257 2487 3312 sancti
2517 3256 2768 3313 Sozontis
2793 3275 2808 3323 ;

1969 3346 2282 3418 Martyrium
2315 3350 2489 3404 sancti
2519 3348 2801 3404 Severiani
2835 3367 2850 3415 ;
3121 3394 3123 3396 -

1972 3437 2282 3510 Martyrium
2315 3441 2414 3494 SS.
2456 3449 2750 3512 martyrum
2787 3440 3114 3508 Menedoraa,
3146 3439 3471 3496 Metrodocaa

1896 3538 1950 3583 et
1983 3529 2382 3600 Nymphodocac
2411 3548 2425 3596 ;

1970 3619 2090 3674 Vita
2117 3630 2318 3675 sanctae
2345 3620 2649 3680 Theodoca:
2671 3623 3051 3682 Alexandrinae
3076 3643 3091 3692 ;

1966 3709 2276 3781 Martyrium
2314 3713 2485 3766 sancti
2519 3713 2833 3769 Autonomii
2859 3717 3100 3788 episcopi
3131 3735 3146 3784 ;

1968 3801 2075 3857 Res
2091 3813 2252 3872 gesta:
2288 3808 2460 3859 sancti
2507 3805 2740 3861 Cornelii
2772 3809 3146 3876 centurionis;

1968 3890 2281 3962 Martyrium
2313 3893 2486 3946 sancti
2509 3892 2714 3948 Nicetae
2741 3894 2900 3950 Gothi
2937 3911 2952 3960 ;

1966 3986 2280 4058 Martyrium
2309 3994 2512 4042 sanctae
2537 3987 2855 4057 Euphemia:
2891 4007 2905 4053 ;

1965 4079 2279 4149 Martyrium
2311 4087 2514 4134 sanctae
2563 4079 2782 4149 Sophiae
2829 4089 2884 4136 et
2920 4081 3150 4137 ﬁliarum
3194 4083 3334 4156 ejus,
3381 4083 3470 4140 Pi—

1895 4179 2062 4234 steos,
2091 4171 2297 4240 Elpidis
2334 4179 2390 4225 et
2413 4169 2625 4240 Agapes
2655 4189 2669 4236 ;

1969 4261 2281 4331 Martyrium
2324 4259 2427 4315 SS.
2480 4271 2774 4334 martyrum
2834 4264 3120 4334 Trophini,
3146 4266 3381 4322 Sabbatii
3415 4277 3469 4322 et

1898 4353 2292 4408 Dorimedontii
2321 4369 2337 4418 ;

1969 4445 2283 4516 Martyrium
2323 4446 2495 4501 sancti
2534 4445 2800 4501 Eustathii
2828 4455 2883 4500 et
2915 4448 3105 4503 uxoris
3138 4449 3257 4518 ejus
3286 4449 3466 4504 Theo-

1824 4526 1868 4580 D
1898 4537 2085 4608 pistes.
2119 4545 2174 4592 et
2197 4537 2427 4592 duorum
2461 4537 2718 4601 ﬁliorum,
2750 4538 2934 4608 Agapii
2956 4547 3010 4594 et
3041 4540 3320 4610 Theopisti
3349 4557 3365 4606 ἱ

1967 4628 2279 4700 Martyrium
2309 4638 2510 4684 sanctas
2541 4630 2755 4684 Ther-lae
2777 4631 3001 4702 virginis
3027 4649 3041 4696 ;

1968 4722 2086 4783 Vita
2136 4730 2336 4776 sancta!
2375 4721 2750 4791 Euphrosynat
2784 4722 3010 4792 virginis
3040 4724 3458 4791 Alexandrina);

1962 4811 2404 4868 Commentarius
2464 4814 2520 4868 in
2552 4821 2800 4868 sanetum
2842 4813 3107 4870 Joannem
3158 4818 3460 4887 apostolum

1893 4913 1948 4962 et
1979 4908 2367 4978 evangelistam
2403 4925 2417 4974 ;

1965 4996 2273 5069 Martyrium
2311 4999 2483 5053 sancti
2505 4998 2794 5054 Callistrati
2829 5009 2884 5056 et
2909 5001 3180 5056 sociorum
3218 5019 3233 5068 ;

1963 5088 2083 5142 Vita
2113 5091 2282 5145 sancti
2329 5089 2639 5145 Charitonis
2670 5090 2998 5146 confessoris
3030 5109 3045 5158 ;

1962 5180 2083 5235 Vita
2115 5182 2284 5236 sancti
2318 5180 2530 5252 Cyriaci
2591 5183 2932 5238 anachoreta:
2963 5201 2977 5249 ;

1961 5271 2084 5325 Vita
2111 5282 2165 5327 et
2192 5272 2509 5342 martyrium
2547 5273 2719 5326 sancti
2759 5271 3030 5344 Gregorii,
3066 5273 3308 5345 episcopi
3342 5291 3458 5328 ma.

1888 5381 2007 5435 gnte
2036 5365 2308 5420 Armeniae
2338 5382 2353 5430 ;

1959 5456 2269 5527 Martyrium
2326 5459 2496 5514 sancti
2550 5460 2782 5528 apostoli
2828 5467 2884 5514 et
2923 5459 3174 5531 martyris
3211 5460 3454 5513 Ananiae.

1891 5549 2009 5602 Vita
2036 5558 2090 5602 et
2110 5548 2425 5618 martyrium
2449 5548 2544 5605 SS.
2565 5560 2862 5623 martyrum
2891 5552 3142 5623 Cypriani
3161 5551 3458 5614 etJustinae

1887 5641 2114 5710 virginis
2140 5659 2155 5705 ;

1959 5733 2270 5804 Martyrium
2291 5734 2462 5788 sancti
2481 5733 2716 5804 Dionysii
2747 5733 3078 5802 Areopagitae
3113 5750 3126 5797 ;

1960 5823 2270 5896 Martyrium
2300 5835 2499 5882 sancta:
2525 5825 2847 5880 Cbaristina:
2878 5825 3102 5896 virginis
3133 5841 3149 5890 ;
