3868 6486
343 368 447 435 303
981 361 1360 424 SYMEONIS
1397 363 1975 424 METAPHRASTA‘.‘
2010 362 2367 426 VITARUM
2405 359 2875 424 CATALOGUS.
3481 357 3590 422 30L

343 475 348 481 ’
404 471 860 531 'Commentarius
884 470 939 525 in
966 479 1213 525 sanctum
1270 471 1576 541 apostolum
1611 470 1873 527 Thomam
1901 490 1914 539 ;
1944 483 1997 543 Α
2096 472 2414 544 Martyrium
2439 483 2640 530 sanctae
2665 473 2890 544 virginis
2921 470 3230 528 Cbaritines
3259 489 3274 538 ;

411 565 721 638 Martyrium
753 564 854 618 SS.
892 562 1067 632 Sergii
1103 572 1157 617 et
1188 561 1387 618 Bacchi
1428 581 1442 628 ;
2094 562 2211 617 Vita
2239 573 2295 618 et
2322 565 2640 634 paenitentia
2668 573 2870 620 sanctae
2898 562 3128 635 Pelagia‘.
3151 562 3518 619 Antiochena'.
3546 580 3564 632 ;

403 658 529 713 Vita
556 664 757 712 sancta
790 653 1020 723 Pelagite
1045 655 1407 709 Antiochena:
1437 672 1452 721 ;
1601 665 1606 671 ‘
2086 653 2398 723 Martyrium
2431 654 2531 707 SS.
2561 653 2824 724 Eulampii
2860 662 2912 708 et
2945 653 3243 724 Eulampia
3275 669 3291 719 ;

407 750 722 822 Martyrium
757 747 854 802 SS.
893 745 1162 816 Eulampii
1191 756 1247 801 et
1274 747 1570 818 Eulampia:
1600 766 1614 814 ;
2087 744 2404 816 Martyrium
2437 745 2667 817 Longini
2707 747 3047 802 centurionis
3079 763 3095 813 ;

409 843 721 914 Martyrium
751 839 856 896 SS.
892 840 1071 904 Probi,
1115 837 1378 910 Taraechi.
1411 850 1467 896 et
1512 840 1804 896 Andronici
1839 858 1853 906 ;
2084 837 2525 894 Commentarius
2556 840 2608 894 in
2645 851 2894 896 sanctum
2945 839 3250 910 apostolum
3278 847 3335 895 et
3356 851 3594 908 evange-

416 935 728 1006 Martyrium
761 933 860 988 SS.
891 933 1052 1003 Carpi
1085 932 1330 1003 episcopi
1379 932 1774 1005 Thyatirensis,
1808 933 1912 988 Pa-
2015 929 2195 984 listam
2231 929 2430 986 Lucam
2469 949 2484 997 ;

336 1027 443 1097 pyli
490 1024 702 1081 diaconi
723 1032 777 1078 e‘t
809 1023 1078 1079 sociorum
1107 1040 1122 1090 ;
2088 1019 2396 1091 Martyrium
2419 1021 2588 1076 sancti
2614 1021 2868 1075 Demetrii
2898 1037 2914 1086 ;

410 1117 530 1170 Vita
565 1123 620 1170 et
654 1123 934 1169 certamen
969 1112 1068 1168 SS.
1100 1122 1398 1186 martyrum
1447 1109 1680 1178 Nazarii,
1708 1109 1915 1166 Gerva-
2086 1111 2206 1166 Vita
2243 1113 2412 1167 sancti
2442 1112 2666 1169 Luciani
2699 1116 3000 1219 martyrisg

341 1208 429 1270 sii,
464 1206 695 1262 Protasii
727 1215 780 1260 et
811 1204 953 1260 Celsi
983 1222 998 1270 ;
2087 1202 2207 1258 Vita
2241 1215 2295 1259 et
2329 1207 2642 1278 martyrium
2672 1210 2845 1264 sancti
2891 1202 3152 1279 Ste'phani
3193 1209 3459 1280 iunioris,
3491 1209 3594 1264 ab-

409 1298 530 1352 Vita
552 1307 608 1352 et
637 1297 952 1368 martyrium
981 1294 1153 1350 sancti
1183 1293 1409 1350 Luciani
1442 1311 1459 1359 ;
2017 1295 2159 1350 hatis
2215 1298 2442 1384 montis.
2481 1297 2666 1354 Sancti
2706 1300 2982 1364 Auxentii,
3011 1315 3042 1354 e
3074 1300 3294 1372 regione
3343 1299 3589 1373 Byzantii

412 1387 728 1459 Martyrium
775 1386 950 1460 sancti
981 1385 1206 1456 Longini
1229 1383 1568 1440 centurionis
1599 1401 1614 1452 ;
2018 1385 2165 1440 circa
2196 1383 2501 1460 Bithyniam
2543 1390 2656 1454 siti,
2701 1392 2792 1460 qui
2830 1392 2894 1445 A.
2921 1390 2985 1446 C.
3017 1392 3142 1453 767,
3172 1392 3242 1447 ob
3279 1401 3592 1447 sanctarum

408 1478 721 1549 Martyrium
753 1459 935 1531 sancti.
955 1475 1184 1531 Andreae
1223 1476 1276 1530 in
1307 1476 1469 1532 Crisi.
2019 1459 2573 1548 imaginumcultum,
2603 1459 2732 1536 sub,
2760 1481 2894 1552 imp.
2919 1481 3282 1538 Constantino
3308 1482 3595 1556 Coprony-

418 1567 856 1623 Commentarius
897 1566 953 1620 in
984 1574 1230 1620 sanctum
1254 1565 1560 1636 apostolum
1589 1573 1646 1622 et
1676 1578 1918 1637 erange—
2020 1582 2111 1622 mo
2145 1583 2338 1638 passus
2369 1580 2452 1625 est
2481 1587 2496 1635 ;

348 1663 528 1716 listam
563 1659 762 1715 Lucam
795 1676 810 1724 ;
2089 1657 2405 1730 Martyrium
2429 1671 2632 1718 sanctae
2669 1663 2979 1720 Catharinze
3006 1665 3228 1736 virginis
3264 1683 3281 1734 ;
3505 1723 3511 1729 ,
3567 1729 3570 1732 ,

411 1753 724 1824 Martyrium
762 1753 935 1808 sancti
961 1751 1087 1807 Vari
1121 1762 1178 1809 et
1203 1753 1474 1810 sociorum
1503 1768 1522 1820 ς
2093 1747 2214 1804 Vita
2245 1752 2420 1807 sancti
2443 1753 2734 1819 Ambrosii,
2757 1755 2996 1825 episc0pi
3021 1755 3466 1810 Mediolanensis.

413 1845 725 1918 Martyrium
757 1845 928 1900 sancti
957 1845 1184 1900 Artemii
1214 1863 1230 1912 ;
1945 1840 1992 1900 B
2094 1841 2404 1915 Martyrium
2466 1844 2567 1899 SS.
2599 1856 2893 1920 martyrum
2926 1847 3104 1916 Mente
3160 1845 3502 1918 Hermogenii
3537 1856 3595 1902 et

409 1937 530 1992 Vita
569 1946 624 1992 et
653 1937 994 1993 conversatio
1023 1925 1197 1993 sancti
1226 1935 1515 1992 Hilarionis
1547 1952 1564 2004 ;
2021 1929 2291 2003 Eugrapbi
2319 1951 2334 2000 ;

411 2027 533 2083 Vita
563 2028 733 2083 sancti
760 2025 1001 2084 Aber'cii.
2093 2022 2405 2094 Martyrium
2437 2024 2536 2082 SS.
2557 2025 2838 2093 Eustratii,
2863 2027 3142 2095 Auxentii,
3175 2027 3423 2100 Eugenii,
3455 2026 3596 2081 Mar-

415 2107 862 2174 Commentariu's
898 2120 951 2173 in
1002 2127 1252 2174 sanctum
1308 2117 1613 2192 apostolum
1659 2117 1919 2175 Iacobum
2020 2115 2156 2171 darii
2181 2128 2236 2172 et
2266 2117 2524 2186 Orestis;

345 2211 788 2280 cognominatum
818 2209 1039 2266 fratrem
1079 2209 1331 2277 Domini;
2092 2205 2405 2279 Martyrium
2440 2208 2611 2264 sancti
2646 2208 2960 2282 Nicephori,
2990 2211 3244 2284 martyris
3288 2210 3596 2266 Antiochia

413 2302 728 2376 Martyrium
761 2302 935 2358 sancti
966 2302 1192 2358 Arethaa
1222 2312 1276 2358 et
1297 2303 1566 2358 sociorum
1602 2319 1616 2369 ;
2021 2295 2075 2350 in
2110 2295 2263 2368 Syria
2291 2315 2307 2365 ἰ
3058 2292 3087 2304 ⁸

418 2395 730 2466 Martyrium
768 2392 868 2448 SS.
901 2394 1158 2450 Marciani
1183 2404 1238 2451 et
1263 2394 1502 2468 martyrii
1546 2392 1918 2460 notariorum;
2092 2392 2417 2465 Martyrium
2439 2394 2610 2450 sancti
2645 2393 2806 2450 Blasii
2841 2413 2857 2464 ;

418 2486 734 2558 Martyrium
765 2486 939 2542 sancti
975 2487 1256 2544 Demetrii.
2093 2483 2407 2558 Martyrium
2437 2487 2608 2542 sancti
2629 2486 2831 2542 Nicetaa
2860 2487 3024 2543 Gothi
3049 2505 3065 2556 ;

417 2579 537 2634 Vita
557 2587 612 2636 et
640 2579 956 2651 martyrium
989 2589 1190 2638 sanctae
1216 2582 1470 2655 martyris
1486 2583 1786 2642 Anastasiae
1807 2588 1919 2644 Ro-

1380 2582 1470 2638 πτῖε
1486 2583 1786 2642 Ληαειεείω
1807 2588 1919 2644 Ro-
2095 2579 2406 2651 Martyrium
2435 2581 2609 2636 sancti
2636 2580 2863 2638 Ananiae
2892 2599 2907 2649 ;

349 2686 521 2726 mana:
549 2689 565 2739 ;
2093 2673 2534 2730 Commentarius
2566 2677 2618 2729 in
2648 2684 2898 2730 sanctum
2920 2673 3226 2746 apostolum
3262 2673 3552 2743 Thomam;

418 2763 536 2820 Vita
563 2765 733 2822 sancti
766 2765 1006 2824 Abramii
1035 2777 1090 2826 et
1111 2777 1312 2826 sancta:
1339 2767 1526 2827 Mariae
1563 2772 1744 2844 neptis
1767 2772 1918 2846 eius;
2092 2769 2406 2841 Martyrium
2431 2769 2602 2824 sancti
2635 2769 2887 2824 Demetrii
2913 2786 2928 2834 ς

426 2855 743 2931 Martyrium
770 2862 945 2919 sancti
971 2863 1195 2920 Zenobii
1219 2873 1275 2920 et
1303 2865 1510 2922 sororis
1543 2865 1664 2937 ejus
1695 2882 1714 2935 ;
2094 2859 2218 2915 Vita
2253 2861 2424 2915 sancti
2447 2859 2734 2933 Symeonis
2753 2859 2960 2932 Stylitaz
2977 2859 3136 2930 primi
3173 2860 3286 2915 sive
3324 2859 3597 2930 senioris;

423 2947 735 3022 Martyrium
757 2955 931 3012 sancti
962 2954 1244 3026 Epimachi
1270 2974 1292 3023 ;
1685 2953 1692 2955 ’
2096 2953 2410 3026 Martyrium
2435 2953 2612 3010 sancti
2644 2954 2824 3025 magni
2851 2953 3104 3024 martyris
3141 2953 3356 3025 Georgii
3387 2970 3405 3022 ;

423 3035 736 3113 Martyrium
763 3043 942 3123 sancti
973 3044 1216 3118 Dionysii
1251 3045 1587 3120 Areopagitm
1616 3063 1633 3114 ;
2096 3045 2411 3119 Martyrium
2443 3047 2618 3104 sancti
2650 3047 2910 3104 Eustratii
2928 3055 2984 3104 et
3003 3046 3296 3104 sociorum.
