3868 6490
878 645 1586 807 MENSIS
1717 630 2846 798 JANUARIUS.

2501 470 2945 482 mw

1537 1070 1693 1124 ΒΙοΣ
1722 1067 1845 1123 ΚΑΙ
1876 1065 2210 1121 ΠΟΛΙΤΕΙΑ

513 1246 732 1334 ΤΗΣ
789 1236 1106 1331 ΟΣΙΑΣ
1165 1233 1903 1326 ΕΥΦΡΟΣΥΝΗΣ
1957 1229 2177 1317 ΤΗΣ
2242 1229 2384 1313 ΕΝ
2432 1219 3229 1313 ΑΛΕΧΑΝΔΡΕΙΑ.

1829 1439 1900 1452 ﬂ

1408 1568 1602 1632 VlTA
1645 1567 1746 1628 ET
1804 1561 2370 1628 CONVERSATIO

665 1756 1147 1850 SANCTIE
1224 1745 2102 1843 EUPHROSYNES
2164 1739 3111 1831 ALEXANDBINIE.

1660 1924 1872 2001 (Anno
1902 1920 2068 2001 e20.)

283 2086 488 2154 [Graec
517 2097 651 2135 nunc
681 2082 894 2146 primum
934 2077 1098 2130 editur
1127 2091 1192 2129 ex
1214 2077 1324 2127 cod.
1361 2074 1688 2197 Βρὲηιίἒιὲἰῧξ
1704 2073 1982 2195 3311112031,,
1995 2069 2294 2198 λξῗεὲἓὶῦῗῖ.
2323 2083 2374 2122 n.
2401 2068 2541 2131 1526,
2564 2068 2606 2121 ιο
2625 2068 2721 2120 215
2739 2081 2754 2133 ;
2775 2067 2952 2120 Latine
2971 2080 3035 2120 ex
3057 2067 3207 2121 Surio
3231 2071 3292 2121 ad
3313 2070 3446 2121 diem
3484 2069 3524 2119 1ο

328 2457 410 2514 Αν,
457 2456 617 2525 Ἀρτι
667 2450 738 2503 τὰ
779 2446 1068 2518 Ῥωμαίων
1121 2445 1373 2516 σκῆπτρα
1405 2442 1684 2497 Θεοδοσίου
1736 2441 1831 2496 τοῦ

2006 2441 2051 2496 l.
2100 2440 2237 2497 Cum
2283 2438 2651 2494 Romanorum
2682 2446 2895 2509 sceptra
2933 2435 3276 2492 Theodosius
3301 2434 3520 2491 Arcadii

260 2551 455 2612 παιδὸς
510 2544 798 2618 Ἀρκαδίου
834 2539 1074 2602 εύσεὸῶς
1124 2537 1492 2600 διιθύνοντος,
1533 2535 1676 2606 ἀνήρ
1730 2551 1841 2596 τις,

259 2641 602 2712 Παφνούτιος
627 2638 822 2706 ὄνομα,
860 2632 1000 2686 κατὰ
1025 2631 1125 2702 τὴν
1175 2628 1570 2699 Ἀλεξανδρέων
1607 2623 1842 2697 μεγαλύ-

261 2735 420 2788 πολιν
466 2730 790 2803 ὲγνωρίζετο
821 2723 1037 2794 πλούτῳ
1084 2739 1141 2775 τε
1172 2719 1423 2790 δαψιλὴς,
1469 2719 1563 2772 καὶ
1593 2716 1844 2786 εὐγενείᾳ

261 2829 329 2895 τῇ
361 2823 506 2878 κατὰ
527 2822 732 2889 κόσμον
762 2834 824 2868 πε
836 2811 1084 2884 ριφανὴς,
1120 2809 1299 2880 πολλῷ
1325 2809 1382 2862 δὲ
1411 2809 1612 2877 μᾶλλον
1643 2805 1845 2875 ἀρετῆς

263 2911 484 2981 πλούτῳ
531 2906 738 2977 κομῶν,
775 2905 867 2958 καὶ
903 2899 1154 2971 εὐγενείᾳ
1184 2901 1378 2969 ’ψυχῆς
1417 2897 1843 2968 σεμνυνόμενος.

263 3002 493 3055 ιὐναικὶ
547 2995 700 3061 οὗτος
752 2994 1103 3060 συνέζευκται
1148 2990 1443 3061 φιλαρέτῳ,
1493 2989 1586 3042 καὶ
1643 2985 1846 3057 πολλὴν

266 3092 471 3164 ἐχούσῃ
514 3093 651 3162 πρὸς
692 3089 825 3142 Θεὸν
878 3087 974 3156 τὴν
1025 3083 1325 3146 εὐσέϐειαν,
1359 3083 1432 3144 ὡς
1471 3077 1610 3135 εἶναι
1639 3079 1846 3150 ταύτην

265 3189 365 3258 τὴν
396 3185 664 3253 συζυγίαν
701 3182 911 3252 ἀψευδῆ
947 3180 1024 3253 τῷ
1054 3181 1190 3246 ὄντι,
1220 3177 1314 3230 καὶ
1341 3175 1554 3239 οἰκείως
1581 3175 1639 3240 ἐξ
1669 3175 1854 3247 ἀμφο-

264 3279 446 3348 τέρων
476 3280 727 3348 ἔχουσαν,
765 3275 981 3344 Ταύτην
1018 3269 1368 3340 ,ἀτεκνοῦσαν
1420 3267 1563 3338 ὁρῶν
1622 3269 1651 3322 ό
1701 3267 1845 3341 ἀνὴρ

266 3367 479 3438 ὴνιᾶτοο
501 3369 596 3420 καὶ
629 3367 745 3429 πῶς
769 3367 878 3434 γὰρ
903 3364 1002 3430 ob;
1033 3363 1156 3416 ἐπεὶ
1195 3361 1291 3416 καὶ
1317 3362 1519 3432 γάμοις
1549 3359 1849 3430 ὡμιληκὼς

267 3459 432 3512 τοῦτο
471 3458 720 3528 βούλεται
773 3455 1200 3528 προηγουμένως
1250 3453 1313 3506 τὸ
1357 3452 1560 3506 παίδων
1592 3450 1852 3520 γενέσθαι

271 3556 480 3622 πατὴρ.
540 3551 752 3622 Ἐζήτει
784 3551 964 3604 τοίνυν
997 3549 1090 3604 τοῦ
1140 3547 1438 3609 λυποῦντος
1468 3545 1621 3598 λύσιν
1644 3546 1847 3614 εὑρεῖν,

271 3639 372 3691 καὶ
403 3641 469 3708 τῇ
525 3638 769 3709 κοινωνῷ
796 3637 888 3691 τοῦ
922 3637 1038 3708 βίου
1088 3637 1151 3690 τὸ
1182 3639 1414 3708 πρᾶγμα
1442 3633 1623 3698 καλῶς
1651 3651 1848 3688 κοινω-

274 3729 539 3798 σάμενος,
589 3731 726 3801 πρὸς
780 3729 872 3782 τὸν
938 3730 1117 3784 πάντα
1164 3729 1460 3798 δυνάμενον
1515 3727 1851 3794 καταφυγεῖν

1947 2534 2090 2590 ﬁlius
2121 2541 2356 2605 regeret,
2387 2532 2470 2586 vir
2505 2531 2746 2602 quidam.
2775 2531 3007 2586 nomine
3030 2529 3390 2599 Paphnutius,
3421 2542 3520 2583 co-

1947 2627 2308 2700 gnosceba-tur
2336 2625 2392 2680 in
2426 2640 2620 2696 magna
2649 2624 2874 2680 civitate
2899 2623 3282 2686 Alexandrina,
3317 2621 3521 2678 divitiis

1948 2719 2168 2791 quidem
2198 2718 2460 2788 locuples,
2512 2718 2606 2772 sed
2636 2718 2809 2772 multo
2861 2715 3031 2788 magis
3067 2714 3284 2771 virtutis
3316 2712 3523 2768 divitiis

1950 2821 2006 2867 et
2031 2811 2200 2866 animi
2228 2810 2509 2866 nobilitate
2539 2808 2852 2879 splendidus
2884 2823 2946 2863 ac
2980 2806 3286 2876 praeclarus.
3319 2807 3369 2859 is
3408 2820 3525 2860 ma-

1950 2903 2207 2959 trimonio
2229 2911 2347 2958 erat
2385 2902 2711 2972 conjunctus
2745 2899 2958 2954 mulieri
3000 2899 3212 2954 virtutis
3242 2898 3521 2964 studiosze,

1950 3004 2007 3050 et
2037 3011 2158 3065 qum
2186 3010 2379 3067 magna
2410 3003 2527 3050 erat
2570 2994 2626 3048 in
2659 2993 2831 3048 Deum
2865 2991 3085 3063 pietate,
3113 2991 3248 3046 adeo
3283 3000 3342 3046 ut
3379 2999 3527 3046 esset

1951 3087 2058 3142 hoc
2097 3101 2288 3142 revera
2341 3084 2564 3140 minime
2608 3084 2767 3140 fallax
2802 3083 3130 3155 conjugium,
3164 3091 3219 3138 et
3245 3082 3389 3152 quod
3429 3082 3527 3138 be-

1950 3179 2261 3235 nevolentia
2289 3179 2546 3248 utrinque
2578 3177 2888 3233 tenebatur.
2931 3174 3081 3230 Hanc
3112 3175 3251 3231 ﬁlios
3283 3191 3392 3229 non
3425 3176 3525 3228 ba-

1951 3273 2173 3327 bentem
2231 3286 2356 3326 cum
2410 3270 2620 3326 videret
2675 3270 2924 3336 maritus,
2979 3268 3278 3339 angebatur
3320 3268 3523 3322 animo.

1954 3363 2154 3431 Quidni
2187 3363 2373 3418 enim?
2400 3363 2537 3417 Nam
2584 3361 2898 3432 quicunque
2935 3362 3160 3430 junctus
3208 3369 3292 3415 est
3325 3359 3529 3414 matri-

1955 3455 2162 3516 monio,
2198 3454 2302 3508 hoc
2331 3452 2702 3523 principaliter
2727 3452 2897 3523 cupit,
2930 3468 2989 3506 se
3021 3452 3255 3506 ﬁliorum
3283 3466 3405 3505 esse
3433 3468 3498 3520 pa
3524 3481 3531 3492 -

1955 3554 2115 3604 trem.
2139 3547 2425 3612 Quaarebat
2453 3560 2583 3616 ergo
2613 3545 2858 3600 invenire
2886 3545 3172 3608 rationem,
3201 3557 3305 3612 qua
3332 3543 3400 3598 ab
3427 3543 3531 3597 hac

1953 3639 2278 3711 liberaretur
2325 3638 2572 3693 molestia
2607 3653 2621 3694 :
2656 3644 2710 3691 et
2739 3651 2860 3691 cum
2906 3651 3019 3690 rem
3047 3636 3173 3690 vitae
3221 3649 3332 3690 sua:
3368 3635 3530 3690 socia:

1954 3741 2103 3786 recte
2149 3731 2626 3794 communicasset,
2659 3730 2974 3785 consulebat
3017 3740 3076 3784 ut
3109 3729 3424 3801 confugeret
3461 3731 3531 3786 ad

276 3820 717 3874 συνεϐουλεύετο.
739 3822 907 3875 Ὅθεν
929 3822 961 3890 ἡ
996 3821 1094 3892 μὲν
1119 3820 1392 3890 νηστείαις
1420 3819 1512 3872 καὶ
1526 3820 1854 3888 προσευχαῖς

1960 3836 2081 3876 eum
2135 3821 2228 3892 qui
2261 3829 2440 3890 potest
2477 3821 2682 3875 omnia.
2733 3819 2996 3886 Quocirca
3040 3821 3128 3875 illa
3172 3821 3388 3891 quidem
3431 3837 3530 3877 va-

279 3914 692 3983 προσκειμένῃ,
747 3915 947 3967 ’Δνναν
1003 3914 1290 3983 ὲμιμεῖτοξ,
1356 3912 1452 3966 καὶ⁸
1507 3912 1572 3965 τὰ
1640 3911 1856 3981 ἐκείνης

277 4006 600 4074 ἐφθέγγετοο
641 4006 898 4072 Ἀδωνατ,
935 4006 1188 4074 λέγουσα,
1228 4006 1407 4072 Κύριε
1441 4002 1704 4068 Σαϐαὼθ,
1748 4004 1857 4058 ἐὰν

277 4098 623 4152 ἐπιϐλέπων
654 4098 989 4166 ἐπιϐλέψῃς
1028 4097 1127 4151 ἐπὶ
1176 4096 1291 4164 τὴν
1313 4097 1545 4162 δούλην
1589 4111 1728 4158 σου,
1754 4094 1854 4148 καὶ

276 4187 440 4256 δῲης
474 4208 578 4259 μοι
614 4191 831 4244 τέκνον
870 4191 940 4244 ἐκ
989 4190 1223 4260 μήτρας
1255 4188 1427 4258 ἐμῆς,
1473 4187 1552 4253 τῷ
1585 4188 1856 4256 δωρησα-

273 4281 440 4351 μένῳ
461 4297 563 4335 σοι
599 4283 882 4350 προσάξω
909 4283 1085 4337 τοῦτο
1109 4279 1254 4346 Θεῷ.
1287 4281 1347 4334 Ὀ
1379 4279 1436 4332 δὲ
1457 4282 1524 4334 τὰ
1551 4280 1670 4349 ἱερὰ
1692 4297 1858 4350 φρον-

278 4377 537 4442 τιστήρια
595 4375 811 4446 περιῄει
860 4375 985 4438 τοὺς
1023 4377 1080 4428 ὲν
1131 4375 1314 4436 αὐτοῖς
1357 4373 1727 4443 ἀσκουμένους
1780 4371 1859 4434 εἰς

282 4464 497 4516 ἱκεσίαν
528 4463 664 4518 Θεοῦ
690 4465 1114 4534 ἐκκαλούμενος.

357 4557 431 4609 B’.
470 4558 580 4610 Καὶ
607 4557 672 4628 δὴ
705 4559 846 4611 κατὰ
875 4575 925 4611 τι
955 4561 1204 4629 σεμνεῖον
1233 4557 1377 4629 ἱερὸν
1409 4553 1549 4610 εἶναι
1591 4559 1861 4613 πυνθάνε-

280 4664 375 4700 ται
407 4652 662 4717 γέροντα,
719 4643 764 4718 ᾧ
812 4650 1012 4721 πολλὴν
1058 4653 1092 4722 ἡ
1130 4651 1224 4704 τοῦ
1268 4650 1384 4720 βίου
1417 4649 1729 4719 καθαρότης
1763 4651 1860 4722 τὴν

283 4739 420 4808 πρὸς
446 4738 579 4792 Θεὸν
607 4742 970 4811 ἐμνηστεύετο
1000 4743 1314 4814 παρῤησίαν
1342 4760 1355 4775 ο
1390 4743 1565 4814 τούτῳ
1608 4745 1862 4815 παραϐα-

284 4829 390 4882 λὼν
423 4833 452 4884 ὁ
495 4833 851 4901 ιιαφνούτιος,
891 4834 988 4888 καὶ
1011 4834 1076 4888 τὰ
1114 4834 1456 4905 προσήκοντα
1474 4835 1863 4906 διομιλησάμε-

286 4941 395 4987 νος,
425 4920 546 4976 εἶτα
582 4925 677 4978 καὶ
710 4926 838 4996 περὶ
863 4926 973 4978 τῶν
999 4927 1380 4997 προκειμένων
1404 4927 1576 4997 ἠξίουο
1610 4928 1860 4982 Ἐπίόλε-

285 5014 384 5082 ψον
415 5015 502 5068 ἐπ’
530 5014 654 5084 ἐμὲ,
686 5015 892 5082 λέγων,
938 5018 1035 5070 καὶ
1083 5017 1182 5088 τὴν
1211 5019 1350 5090 ἐμὴν
1397 5020 1494 5084 ῐδε,
1532 5020 1730 5088 Πάτερ,
1766 5037 1862 5074 τα-
1889 5055 1931 5112 C

291 5105 572 5166 πείνωσιν,
618 5105 714 5159 καὶ
743 5106 804 5159 τὸ
841 5107 1066 5178 συνέχον
1090 5109 1188 5178 τῆς
1214 5108 1452 5178 ἀθυμίας
1494 5127 1582 5179 μοι
1617 5110 1862 5164 διάλυσον

290 5197 447 5265 νέφος
469 5197 549 5266 τῷ
577 5198 719 5265 φωτὶ
755 5198 863 5252 τῶν
897 5199 1005 5252 σῶν
1030 5198 1370 5271 προσευχῶν.
1403 5201 1607 5268 Χρόνος
1637 5200 1745 5270 γὰρ
1764 5201 1864 5271 ἤδη

287 5290 482 5358 συχνὸς
506 5329 521 5352 ,
562 5289 656 5359 ἀφ’
683 5284 745 5344 οὗ
781 5290 954 5344 συνὼν
1003 5292 1228 5360 γυναικὶ⁵
1274 5290 1540 5364 νεαζούσῃ
1576 5309 1634 5344 τε
1678 5291 1867 5364 ὥσπερ

291 5380 422 5448 ἐγὼ,
459 5383 554 5433 καὶ
577 5382 688 5435 τῶν
718 5383 783 5435 ἐκ
817 5381 912 5435 τοῦ
952 5385 1132 5453 γάμου
1162 5383 1406 5452 μετέχων
1433 5383 1731 5452 ὀχλήσεων,
1758 5382 1867 5435 τῶν

293 5472 356 5525 ὲκ
379 5472 573 5525 τούτου
623 5474 825 5538 καλῶν,
872 5475 1029 5544 εἴπερ
1077 5474 1233 5528 τοῦτο
1261 5474 1422 5528 καλὸν
1459 5477 1492 5544 ἡ
1532 5473 1862 5538 παιδοποιία,

293 5563 540 5628 ἐλεεινῶς
575 5564 980 5635 ἀπεστέρημαιο
1026 5565 1119 5618 καὶ
1145 5567 1212 5636 τῇ
1257 5564 1553 5619 ἀτεκνώσει
1583 5563 1702 5628 ὅλος
1731 5565 1862 5618 ἀθυ-

299 5653 394 5725 μία
443 5658 763 5726 συνέχομαι,
803 5658 850 5710 ει
903 5658 978 5729 μή
1013 5674 1066 5711 τι
1115 5657 1241 5714 ἄλλο
1282 5659 1410 5720 τοὺς
1451 5660 1515 5712 ὲκ
1549 5658 1658 5712 τῶν
1689 5659 1865 5727 γειτό-

369 5797 384 5826 ¹
424 5795 606 5867 llic-3.
642 5815 677 5864 ι,
721 5799 800 5853 ll.

1958 3929 2093 3968 rans
2118 3914 2344 3983 jejuniis
2385 3922 2440 3968 et
2469 3914 2737 3983 precibus,
2766 3913 2976 3968 Annam
3012 3914 3342 3979 imitabatur,
3367 3923 3421 3970 ct
3445 3931 3528 3979 ra,

1957 4026 2079 4079 quae
2108 4009 2217 4074 illa,
2251 4009 2572 4078 loquebatur
2603 4026 2617 4062 :
2649 4008 2878 4073 Adonai,
2915 4009 3122 4074 dicens,
3163 4009 3381 4063 Domine
3413 4009 3531 4064 Elei

1959 4101 2213 4166 Sabaoth,
2247 4102 2292 4155 si
2323 4101 2581 4171 aspiciens
2606 4103 2869 4170 aspexeris
2888 4118 3049 4170 super
3063 4101 3335 4168 ancillam,
3363 4110 3409 4156 et
3439 4101 3533 4156 de.

1958 4191 2098 4244 deris
2126 4193 2254 4245 mihi
2279 4191 2448 4260 ﬁlium
2485 4208 2548 4246 ea:
2572 4201 2721 4246 utero
2753 4208 2887 4256 meo,
2920 4193 3134 4261 o/feram
3161 4191 3254 4245 tibi
3275 4191 3403 4258 Deo,
3442 4195 3532 4262 qui

1961 4300 2012 4337 es
2039 4284 2306 4338 daturus‘.
2340 4283 2429 4338 Ille
2449 4292 2630 4338 autem
2652 4298 2805 4338 sacra
2832 4283 3017 4338 obibat
3039 4283 3388 4351 monasteria,
3413 4266 3528 4351 eos,

1960 4375 2052 4445 qui
2082 4375 2138 4430 in
2161 4375 2294 4447 ipsis
2322 4376 2734 4445 exercebantur,
2761 4390 3062 4448 provocans
3090 4377 3158 4431 ad
3194 4376 3386 4432 Deum.

2035 4555 2100 4611 Il.
2133 4555 2302 4611 Porro
2327 4563 2510 4610 autem
2545 4571 2670 4610 cum
2715 4554 3056 4610 audiisset-in
3100 4555 3332 4624 quodam
3378 4568 3534 4610 sacro

1961 4648 2292 4704 monasterio
2319 4663 2439 4701 esse
2466 4662 2674 4709 senem,
2696 4647 2783 4701 cui
2813 4661 3006 4717 magna
3026 4645 3149 4701 vitae
3171 4645 3378 4715 puritus
3399 4660 3534 4699 cono

1963 4739 2179 4795 ciliabat
2205 4739 2353 4808 apud.
2379 4739 2548 4792 Deum
2574 4737 2845 4800 ﬁduciam,
2878 4752 3019 4791 eum
3051 4737 3240 4791 adiens
3273 4735 3537 4805 Paphnu-

1962 4832 2092 4897 tius,
2118 4847 2264 4895 cum,
2289 4847 2410 4901 qua:
2433 4830 2810 4896 conveniebat,
2830 4839 2975 4885 esset
2991 4829 3316 4895 collocutus,
3339 4829 3540 4884 deinde

1965 4938 2090 4978 eum
2140 4924 2350 4995 rogavit
2378 4924 2447 4979 de
2492 4926 2578 4986 iis,
2612 4939 2733 4994 qua:
2775 4930 2932 4978 erant
2965 4923 3238 4992 proposita
3273 4940 3286 4978 :
3319 4922 3534 4992 Aspice,

1965 5015 2174 5081 dicens,
2208 5015 2274 5070 ad
2301 5031 2410 5078 me,
2441 5014 2623 5080 Pater,
2646 5024 2700 5070 et
2721 5015 2840 5070 vide
2866 5031 3041 5070 meam
3071 5014 3451 5078 humilitatem.
3483 5026 3540 5071 et

1965 5108 2087 5162 luce
2115 5115 2329 5162 tuarum
2349 5107 2654 5163 orationum
2680 5107 2890 5162 discute
2914 5107 3116 5163 nubem
3129 5107 3402 5172 maeroris,
3419 5121 3541 5176 quas

1965 5215 2053 5254 me
2087 5201 2306 5270 premit.
2341 5201 2437 5256 Est
2482 5201 2625 5255 enim
2662 5202 2772 5271 jam
2802 5202 3019 5272 longum
3061 5211 3298 5270 tempus,
3334 5215 3398 5254 ex
3432 5214 3541 5268 quo

1967 5307 2192 5347 versans
2231 5309 2354 5348 cum
2384 5308 2572 5360 uxore,
2600 5310 2718 5364 qua:
2741 5294 2836 5360 {est
2861 5309 3016 5362 aeque
3059 5301 3219 5363 atque
3250 5308 3351 5363 ego
3383 5291 3544 5360 juve-

1965 5383 2072 5448 nis,
2104 5393 2160 5438 et
2190 5385 2564 5450 molestiarum
2603 5386 2931 5442 matrimonii
2975 5384 3262 5454 particeps,
3291 5383 3376 5448 iis,
3419 5399 3541 5451 qua:

1971 5485 2175 5532 suntex
2198 5491 2282 5543 eo,
2299 5478 2476 5543 bonis,
2493 5478 2538 5533 si
2568 5478 2897 5534 matrimonii
2914 5479 3116 5533 bonum
3134 5485 3221 5532 est
3246 5475 3540 5530 liberorum

1971 5568 2266 5638 susceptio,
2300 5584 2420 5623 sum
2451 5569 2694 5639 privatus
2742 5568 3122 5624 miserabiliter
3154 5586 3168 5622 :
3201 5574 3257 5621 et
3285 5570 3540 5635 propter-

1971 5674 2033 5715 εει
2069 5660 2214 5729 (100d
2259 5675 2474 5721 caream
2502 5661 2703 5733 liberis,
2735 5661 2899 5721 totius
2929 5677 3144 5736 premor
3171 5658 3334 5718 animi
3379 5657 3538 5730 aegri-
