3868 6492
373 399 476 469 301

1589 390 1872 452 MENSIS
1909 389 2210 453 JANUAR
2227 394 2372 454 lUS.

3520 397 3630 460 308

372 512 581 575 tudine,
607 509 651 566 si
688 507 822 564 nihil
849 505 1012 570 aliud,
1039 505 1236 577 probra
1262 519 1371 558 non
1402 502 1586 558 ferens
1617 503 1945 566 vicinorum,

2059 523 2156 558 νων
2184 506 2245 559 ού
2273 507 2457 574 φέρων
2489 505 2850 574 ὀνειδισμοὺς,
2877 506 2934 559 οἵ
2970 524 3035 577 με
3067 505 3162 559 καὶ
3186 504 3630 572 ύποτωθάζοντες

367 600 460 672 qui
488 615 574 655 me
601 598 910 661 irridentes,
945 605 1200 664 tanquam
1253 593 1497 648 sterilem
1541 601 1597 647 et
1651 591 1945 647 infertilem

367 690 630 746 conviciis
663 695 945 758 appetunt.
1003 685 1130 740 Haec
1178 685 1266 739 ille
1311 683 1532 754 quidem
1569 682 1783 737 dicebat
1823 697 1946 735 cum

366 780 639 852 lacrymis,
670 778 1014 849 prehensans
1040 775 1206 846 pedes
1238 774 1569 829 sacrosancti
1601 774 1746 828 illius
1778 773 1944 827 senis.

370 877 462 928 Ille
504 884 683 928 autem
722 874 870 943 (sunt
915 872 1061 926 enim
1108 871 1505 935 misericordes,
1537 870 1628 940 qui
1660 870 1849 925 virtuti
1895 880 1950 925 et

369 967 480 1021 Deo
510 967 638 1020 dant
676 967 919 1035 operam)
947 965 1128 1018 verbis
1177 963 1414 1018 ﬂectitur
1452 963 1763 1033 Paphnutii,
1806 971 1860 1017 et
1889 977 1948 1017 se

371 1063 544 1109 totum
576 1054 785 1109 confert
831 1054 901 1108 ad
955 1053 1280 1108 orationem.
1339 1053 1476 1108 Justi
1518 1054 1697 1124 itaque
1751 1053 1945 1116 oratio,

368 1156 631 1216 Operante
665 1147 810 1216 apud
846 1147 1014 1200 Deum
1055 1144 1105 1197 vi
1135 1161 1347 1208 eorum,
1379 1161 1498 1216 qua:
1533 1145 1709 1216 ipsum
1751 1147 1815 1200 ad
1847 1147 1949 1200 hoc

371 1238 761 1306 provocabant,
797 1237 1022 1306 jejuniis
1059 1245 1115 1291 et
1165 1237 1442 1306 precibus,
1473 1245 1529 1292 et
1578 1236 1947 1292 communica-

373 1330 520 1382 tione
550 1343 612 1383 ac
639 1328 970 1398 benignitate
1016 1327 1067 1382 in
1120 1343 1408 1398 pauperes,
1458 1328 1560 1383 fuit
1596 1329 1843 1384 exaudita
1881 1329 1949 1383 ab

373 1438 460 1486 eo,
483 1422 574 1491 qui
609 1421 762 1476 audit
789 1435 982 1491 preces
1021 1435 1231 1483 eorum,
1264 1422 1356 1491 qui
1391 1421 1570 1491 ipsum
1611 1421 1866 1476 invocant
1894 1421 1948 1476 in

372 1515 602 1570 veritate
631 1533 642 1568 :
673 1524 730 1570 et
773 1513 1080 1584 Paphnutio
1113 1515 1353 1568 nascitur
1382 1514 1566 1578 ﬁliola,
1602 1531 1722 1584 qua:
1751 1515 1820 1569 ab
1870 1515 1952 1567 in-

373 1607 540 1660 fantia
569 1621 678 1674 prae
717 1619 775 1659 se
828 1603 1039 1658 ferebat
1074 1604 1327 1657 eximiam
1365 1603 1609 1673 corporis
1640 1603 1948 1674 pulchritu-

372 1695 556 1748 dinem
588 1712 600 1747 :
634 1709 755 1763 qua:
782 1693 944 1748 etiam
986 1693 1172 1762 utique
1221 1693 1602 1749 subindicabat
1648 1695 1950 1766 elegantem

374 1794 430 1839 et
454 1785 670 1848 scitum,
700 1784 793 1854 qui
825 1783 879 1838 in
907 1799 970 1838 ea
1012 1795 1198 1854 postea
1235 1785 1355 1847 fuit,
1391 1786 1631 1840 animum
1667 1805 1681 1841 :
1720 1796 1775 1842 et
1819 1803 1948 1857 pro-

2051 595 2123 658 ὡς
2152 595 2346 663 ἀγονόν
2387 612 2448 648 τε
2492 596 2587 649 καὶ
2636 597 2884 666 ἄκαρπον
2929 599 3043 660 τοῖς
3084 597 3310 650 ὀνείδεσι
3353 596 3625 666 βάλλουσι.

2052 687 2233 740 Ταῦτα
2289 689 2318 742 ό
2365 687 2464 758 μὲν
2516 689 2610 742 σὺν
2651 687 2917 759 δάκρυσιν
2965 688 3118 757 ἔλεγε
3151 687 3260 741 τῶν
3308 688 3402 741 τοῦ
3466 690 3619 743 θείου

2051 781 2304 851 γέροντος
2339 782 2553 834 ἐκείνου
2587 781 2765 834 ποδῶν
2817 781 3144 851 ἁπτόμενος.
3187 779 3246 833 Ὀ
3289 778 3346 832 δὲ
3381 781 3629 851 (συμπα-

2051 873 2162 936 θεῖς
2195 873 2304 944 γὰρ
2332 872 2426 926 καὶ
2458 871 2894 943 φιλοικτίρμονες
2925 875 2974 926 οί
2996 873 3164 943 ἀρετῇ
3199 875 3291 927 καλ⁵
3318 873 3436 943 Θεῷ
3459 891 3628 944 προσ-

2051 962 2361 1032 ανέχοντες)
2399 965 2514 1027 τοῖς
2546 963 2638 1018 τοῦ
2664 965 3000 1034 Παφνουτίου
3051 966 3362 1036 κάμπτεται
3393 968 3626 1037 ῥήμασι,

2051 1053 2148 1104 καὶ
2199 1052 2315 1105 ὃλον
2354 1051 2546 1105 ἑαυτὸν
2605 1052 2792 1122 φέρων
2843 1055 2908 1124 τῇ
2965 1057 3242 1126 προσευχῇ
3289 1056 3522 1110 δίδωσιν.
3565 1056 3628 1108 Ἥ

2049 1143 2142 1197 τοῦ
2197 1144 2409 1198 δικαίου
2459 1144 2636 1197 τοίνυν
2680 1144 2906 1214 δέησις,
2943 1145 3312 1216 ἐνεργουμένη
3368 1148 3434 1216 τῇ
3493 1145 3630 1215 πρὸς

2051 1234 2184 1288 Θεὸν
2219 1235 2400 1288 νεύσει
2454 1235 2562 1289 τῶν
2603 1237 2684 1299 είς
2741 1235 2898 1290 τοῦτο
2954 1236 3412 1307 προϐαλλομένων
3443 1236 3628 1299 αὐτὸν,

2050 1331 2170 1391 ταῖς
2193 1327 2472 1399 νηστείαις
2499 1345 2558 1380 τε
2594 1329 2689 1382 καὶ
2713 1331 2831 1392 ταῖς
2873 1332 3226 1399 προσευχαῖς,
3254 1328 3349 1381 καὶ
3379 1327 3455 1398 τῷ
3492 1328 3583 1396 πρ⁹
3604 1345 3629 1390 ς

2051 1422 2178 1483 τοὺς
2255 1419 2546 1489 δεομένους
2620 1421 2925 1490 κοινωνικῷ
2972 1438 3030 1474 τε
3082 1421 3176 1474 καὶ
3242 1421 3629 1490 φιλανθρώπῳ,

2052 1513 2392 1566 ἐπακούοντα
2439 1512 2563 1582 ἔσχε
2592 1513 2683 1566 τὸν
2711 1514 2799 1567 ἀεὶ
2849 1517 2946 1584 τῆς
2997 1513 3232 1584 δεήσεως
3273 1514 3630 1566 είσακούοντα

2051 1603 2159 1657 τῶν
2188 1607 2245 1657 ἐν
2288 1603 2514 1676 ἀληθείᾳ
2541 1605 2986 1675 ἐπικαλουμένων
3016 1606 3196 1659 αὐτόν.
3233 1607 3342 1658 Καὶ
3369 1605 3630 1674 γεννᾶται

2049 1698 2130 1768 τῷ
2160 1697 2483 1769 Παφνουτίῳ
2514 1698 2806 1770 θυγάτριον
2838 1698 3038 1770 πολλὴν
3062 1700 3126 1751 ἐκ
3159 1698 3395 1768 βρέφους
3428 1699 3633 1768 ἐμφαῖο

2053 1809 2142 1844 νον
2164 1792 2262 1860 τὴν
2293 1791 2612 1861 σωματικὴν
2646 1790 2978 1858 ὡραιότητα,
3017 1791 3138 1859 ἥτις
3181 1789 3321 1860 τάχα
3359 1789 3459 1858 τὴν
3491 1789 3632 1858 μετά

373 1878 520 1931 tinus
551 1875 766 1946 quidem
803 1875 962 1930 solvit
992 1876 1180 1931 matris
1213 1877 1448 1932 ﬁliorum
1493 1886 1809 1948 egestatem,
1842 1877 1950 1932 sol-

2059 1881 2224 1934 ταῦτα
2273 1885 2372 1950 τῆς
2411 1881 2586 1951 ψυχῆς
2619 1881 2962 1950 ὑπέμφαινεν
2993 1881 3336 1950 ἀστειότητα·
3369 1882 3462 1934 καὶ
3511 1879 3632 1932 λύει

371 1970 448 2024 vit
465 1979 644 2024 autem
666 1970 835 2039 patris
848 1985 1064 2039 quoque
1081 1970 1378 2024 tristitiam.
1399 1969 1468 2024 Ut
1484 1985 1612 2040 ergo
1631 1970 1792 2024 etiam
1809 1979 1951 2025 esset

371 2076 571 2118 nomen
596 2061 928 2116 conveniens
955 2062 1028 2115 illi
1051 2063 1148 2126 rei,
1174 2077 1334 2131 quam
1365 2063 1795 2124 erantassecuti,
1831 2077 1948 2116 eam

377 2145 622 2224 protinus
644 2153 927 2209 nominant
954 2152 1388 2224 Euphrosyucm,
1422 2153 1525 2208 hoc
1554 2164 1656 2221 est,
1683 2154 1946 2209 la-titiam.

443 2418 537 2474 Ill.
575 2416 728 2472 llanc
760 2430 891 2488 ergo
923 2415 1284 2486 Paphnutius,
1325 2433 1448 2472 cum
1484 2425 1629 2472 esset
1676 2417 1796 2472 ﬁdei
1837 2417 1951 2472 frit-

375 2520 516 2577 ctus,
533 2510 710 2564 alebat
729 2508 908 2578 potius
929 2507 1148 2572 virtute,
1169 2523 1330 2578 quam
1353 2509 1418 2564 iis
1445 2525 1565 2579 quae
1595 2524 1814 2564 carnem
1835 2509 1954 2579 pin-

374 2601 686 2674 guefaciunt
712 2609 800 2653 :et
827 2599 891 2654 iis
925 2614 1046 2669 quae
1084 2609 1230 2654 stant
1249 2615 1311 2654 ac
1338 2609 1579 2665 manent,
1603 2600 1769 2671 magis
1791 2616 1950 2671 quam

375 2695 442 2749 iis
490 2707 609 2762 qua:
644 2690 1014 2757 efﬂorescunt,
1058 2691 1348 2760 persuadet
1385 2692 1630 2746 animum
1671 2692 1950 2759 adhibere,

376 2795 432 2843 et
455 2787 649 2841 anima:
678 2800 863 2840 curam
898 2788 1103 2857 gerere}
1118 2787 1192 2843 rei
1225 2787 1568 2852 immortalis,
1593 2788 1765 2860 magis
1789 2803 1954 2858 quam

375 2879 493 2949 ejus
530 2879 673 2949 quod
702 2879 810 2934 cito
840 2881 1146 2944 marcescit,
1169 2880 1398 2936 docebat
1429 2881 1694 2950 corporis.
1726 2879 1954 2950 Ipsaque

375 2971 644 3042 aSpieiens
668 2972 735 3028 ad
771 2972 1027 3027 virtutem
1071 2980 1376 3039 parentum,
1410 2981 1466 3026 et
1492 2972 1560 3026 ab
1589 2971 1802 3027 illorum
1825 2987 1954 3042 pro-

373 3067 541 3120 bitate
567 3065 812 3120 annuum
837 3080 945 3119 non
971 3065 1181 3120 habens
1207 3065 1628 3136 discrepantem.
1654 3067 1952 3131 crescebat,

374 3164 436 3210 ut
464 3171 714 3225 corpore,
760 3156 832 3209 ita
859 3155 1023 3214 etiam
1069 3155 1263 3210 anima:
1289 3157 1714 3226 pulchritudine.
1747 3156 1876 3212 Erat
1903 3157 1954 3212 ei

368 3251 481 3316 jam
528 3264 706 3303 annus
752 3247 1127 3312 duodecimus,
1163 3254 1219 3302 et
1259 3256 1433 3303 mater
1481 3265 1512 3304 e
1541 3249 1650 3304 vita
1699 3249 1954 3320 praesenti

375 3346 701 3394 excesserat.
761 3336 895 3390 Filia
939 3345 1120 3392 autem
1171 3336 1250 3390 sic
1298 3337 1547 3404 formata,
1598 3349 1655 3395 et
1706 3339 1756 3394 ei
1797 3348 1957 3394 mtate

374 3431 705 3502 procedente
740 3431 993 3484 virtutem
1028 3431 1199 3500 magis
1230 3431 1438 3486 habens
1469 3433 1843 3496 accedentem,
1867 3433 1957 3488 de-

372 3525 647 3581 siderabat
691 3541 878 3580 verum
950 3541 1232 3596 sponsum,
1281 3536 1357 3594 et,
1411 3543 1574 3596 quam
1626 3528 1715 3583 ille
1761 3528 1954 3598 diligit,

376 3631 563 3671 curam
597 3617 819 3687 gerebat
846 3618 1044 3673 animae
1071 3619 1511 3689 pulchritudinis.
1537 3619 1642 3686 Qui
1665 3630 1846 3674 autem
1872 3628 1958 3674 at-

377 3707 675 3764 tendebant
704 3724 791 3762 res
839 3709 981 3764 solas
1024 3725 1334 3780 corporeas,
1365 3721 1421 3766 et
1458 3712 1773 3782 spectabant
1813 3712 1958 3766 illius

377 3796 610 3852 fortnam
642 3798 902 3867 corporis.
933 3807 988 3854 et
1031 3809 1177 3854 recte
1204 3800 1468 3862 sciebant,
1491 3816 1653 3870 quam
1683 3811 1830 3856 esset
1855 3816 1957 3856 no-

378 3884 476 3938 bili
500 3884 622 3940 loco
653 3896 798 3952 nata,
830 3896 1081 3941 octavum
1109 3889 1381 3943 decimum
1412 3889 1523 3959 jam
1555 3906 1759 3944 annum
1795 3907 1960 3962 agen-

379 3987 511 4036 tem,
565 3987 773 4046 patrem
825 3980 1233 4046 convenientes,
1265 3981 1523 4051 petebant
1569 3983 1625 4036 in
1676 3985 1958 4040 matrimo-

379 4066 551 4120 nium.
587 4066 635 4122 ls
665 4078 868 4134 autem,
901 4085 1024 4126 cum
1067 4087 1178 4126 non
1227 4083 1413 4142 posset
1454 4089 1642 4127 eorum
1691 4076 1958 4144 postulata

379 4157 666 4226 repellere,
689 4159 802 4224 uni,
826 4160 914 4228 qui
948 4163 1239 4230 praestabat
1267 4163 1521 4218 omnibus
1550 4164 1768 4233 Opibus,
1789 4165 1957 4236 gloria

379 4261 438 4307 et
477 4254 694 4318 virtute,
749 4253 1052 4325 despondet
1103 4258 1353 4326 puellam,
1403 4258 1691 4314 consilium
1733 4260 1957 4330 capiens

379 4343 506 4412 ejus.
556 4344 756 4399 virtute
808 4346 968 4417 longe
1044 4347 1496 4418 indignissimum,
1578 4361 1635 4405 ut
1692 4351 1786 4421 qui
1846 4367 1957 4407 non

378 4433 652 4502 aspexerit
685 4435 753 4488 ad
803 4433 923 4488 ﬁlia:
973 4450 1084 4489 suae
1123 4445 1345 4500 statum,
1395 4447 1450 4493 ct
1500 4438 1644 4495 illius
1685 4441 1737 4494 in
1789 4442 1957 4498 Deum

2059 1973 2159 2043 μὲν
2187 1972 2346 2036 εὐθὺς
2383 1972 2590 2043 μητρὸς
2624 1973 2902 2037 ἀτεκνίαν,
2937 1971 3053 2025 λύει
3097 1973 3152 2026 δὲ
3181 1973 3272 2024 καὶ
3304 1970 3507 2040 πατρὸς
3529 1969 3633 2039 τὴν

2063 2064 2389 2133 κατήφειαν.
2426 2063 2543 2115 Ἵνα
2589 2057 2681 2114 οὖν
2730 2063 2929 2114 οἰκεῖον
2964 2060 3100 2130 αὐτῇ
3150 2059 3244 2113 καὶ
3277 2059 3338 2112 τὸ
3369 2059 3540 2126 ὄνομα
3571 2051 3633 2130 ᾖ,

2055 2150 2226 2225 οὗπερ
2281 2153 2435 2208 αὐτοὶ
2477 2154 2803 2223 πράγματος
2836 2151 3128 2213 ἀπέλαυον,
3181 2149 3276 2202 τοῦ
3315 2148 3367 2217 γ’
3410 2150 3636 2216 ἐκείνην

2055 2245 2337 2299 καλεῖσθαι
2379 2244 2677 2312 διέγνωσαν
2703 2281 2718 2306 ,
2752 2242 2846 2295 καὶ
2893 2238 3243 2311 Εὐφροσύνην
3293 2237 3454 2299 εὐθὺς
3511 2234 3638 2288 δνο-

2059 2337 2312 2407 μάζουσι.

2130 2427 2208 2482 Γ’.
2233 2425 2450 2497 Ταύτην
2479 2421 2571 2480 οὖν
2604 2428 2632 2479 ὁ
2654 2423 2989 2492 Παφνούτιος
3035 2420 3196 2491 εὐχῆς
3228 2414 3393 2474 οὖσαν
3419 2415 3638 2487 καρπὸν

2055 2522 2228 2592 ἀρετῇ
2263 2519 2465 2591 μᾶλλον
2489 2518 2523 2588 ἢ
2549 2517 2667 2579 τοῖς
2690 2515 2792 2585 τὴν
2849 2514 3029 2583 σάρκα
3058 2509 3367 2564 πιαίνουσιν
3411 2507 3634 2576 ἔτρεφε,

2058 2613 2156 2668 καὶ
2221 2613 2335 2674 τοῖς
2383 2610 2582 2663 ἑστῶσι
2629 2607 2723 2661 καὶ
2781 2604 3124 2677 μένουσιν,ἦ
3173 2606 3284 2666 τοῖς
3331 2597 3639 2655 ἀπανθοῦσι

2059 2706 2416 2776 προσανέχειν
2434 2703 2711 2767 ἀνέπειθε,
2741 2702 2838 2754 καὶ
2857 2700 3032 2770 ψυχῆς
3062 2692 3640 2767 ἐπιμελεῖσθαιπράγ-

2061 2815 2231 2872 ματος
2262 2797 2553 2861 ἀθανάτου,
2597 2794 2628 2866 ἦ
2661 2793 2756 2846 τοῦ
2787 2794 2923 2863 ταχὺ
2960 2787 3358 2863 μαραινομένου
3386 2784 3638 2838 ἐδίδασκε

2059 2892 2329 2962 σώματος.
2379 2889 2490 2944 Καὶ
2533 2886 2674 2959 αύτη
2701 2886 2838 2957 πρός
2883 2902 2943 2939 τε
2993 2884 3091 2956 τὴν
3143 2881 3254 2936 τῶν
3291 2879 3639 2949 γεννητόρων

2059 2987 2258 3059 ἀρετὴν
2275 2985 2562 3056 ἀφορῶσα,
2586 2982 2681 3035 καὶ
2702 2981 2800 3050 τῆς
2830 2978 3056 3032 ἐκείνων
3095 2971 3505 3042 καλοκαγαθίας
3532 2970 3638 3040 τὴν

2058 3077 2284 3148 γνώμην
2336 3076 2438 3128 ούκ
2477 3071 2791 3144 ἀπᾴδουσαν
2833 3069 3032 3140 ἔχουσα
3062 3065 3297 3137 ηὔξανεν
3326 3062 3516 3132 ὥσπερ
3567 3061 3637 3130 δὴ

2061 3171 2300 3242 σώματι,
2335 3165 2479 3222 οὕτω
2534 3166 2628 3220 καὶ
2665 3162 2846 3235 ψυχῆς
2897 3161 3218 3232 ὡραιότητι.
3252 3158 3414 3220 Ἔτος
3458 3153 3642 3225 ταύτῃ

2059 3265 2358 3318 δωδέκατον
2384 3256 2473 3332 ἦν,
2504 3259 2596 3313 καὶ
2620 3258 2652 3325 ἠ
2690 3259 2874 3328 μήτηρ
2900 3253 3016 3324 βίου
3041 3251 3135 3306 τοῦ
3168 3249 3432 3321 παρόντος
3461 3246 3637 3315 ἀπῆν·

2058 3356 2246 3426 ήπαῖς
2278 3353 2336 3406 δὲ
2382 3350 2526 3405 οὕτω
2574 3346 3044 3420 διαπραττομένη,
3093 3343 3190 3396 καὶ
3263 3340 3364 3411 τῆς
3413 3338 3642 3409 ἡλικίας

2058 3447 2198 3516 αὐτῇ
2247 3442 2687 3515 προκοπτούσης,
2717 3441 2812 3493 καὶ
2831 3440 2931 3510 τὴν
2963 3436 3166 3507 ἀρετὴν
3206 3435 3402 3504 ἔχουσα
3433 3431 3641 3516 μᾶλλον

2059 3515 2490 3606 προστιθεμένην
2516 3575 2530 3599 ,
2557 3531 2648 3584 τὸν
2693 3528 2868 3599 ἀληθῆ
2918 3525 3168 3595 Νυμφίον
3202 3523 3408 3588 ἐπόθει,
3442 3523 3532 3576 καὶ
3576 3515 3641 3574 οὗ

2060 3629 2264 3689 ἐκεῖνος
2305 3625 2408 3696 ἐρᾷ
2433 3621 2666 3693 ψυχικοῦ
2701 3621 2932 3683 κάλλους
2957 3617 3302 3688 ἐπεμελεῖτο.
3329 3617 3392 3668 Ol
3434 3615 3492 3667 δὲ
3521 3615 3642 3676 τοῖς

2060 3722 2393 3788 σωματικοῖς
2429 3717 2617 3787 μόνοις
2662 3713 3067 3784 προσκείμενοι,
3102 3712 3201 3780 τήν
3226 3725 3285 3762 τε
3318 3707 3412 3760 τοῦ
3451 3705 3642 3776 σῶμα·

2058 3829 2149 3875 τος
2177 3812 2326 3880 ὥραν
2353 3808 2612 3880 δρῶντες,
2648 3808 2743 3860 καὶ
2773 3808 2920 3868 ὅπως
2963 3803 3242 3872 εὐγενείας
3279 3795 3425 3870 εἶχεν
3476 3799 3642 3866 ἀκριο

2060 3903 2170 3966 δῶς
2218 3902 2595 3970 ἐπιστάμενοι,
2635 3897 2779 3951 ὀκτὼ
2820 3897 2914 3950 καὶ
2957 3896 3186 3949 δέκατον
3220 3893 3336 3956 ἔτος
3381 3908 3480 3943 που
3516 3891 3639 3942 διας

2059 3993 2320 4054 νύουσαν,
2343 3993 2420 4053 εἰς
2444 3989 2641 4057 λόγους
2675 3987 2960 4057 ἐρχόμενοι
2982 3984 3059 4054 τῷ
3089 3983 3468 4052 γεγεννηκότι,
3499 3981 3642 4050 πρὶς

2063 4084 2360 4155 μνηστείαν
2387 4080 2591 4150 ταύτην
2632 4077 2879 4150 ᾐτοῦντο.
2926 4075 2984 4130 '0
3007 4075 3062 4128 δέ
3084 4073 3180 4137 τὰς
3203 4072 3411 4126 τούτων
3450 4069 3641 4122 ἐντεύ-

2062 4174 2172 4242 ξεις
2219 4174 2318 4243 ούχ
2361 4167 2476 4233 οἷός
2523 4187 2588 4223 τε
2649 4171 2725 4223 ὢν
2759 4168 3103 4232 ἀπώσασθαι,
3146 4169 3226 4221 ἐνὶ
3264 4166 3368 4219 τῶν
3419 4165 3641 4218 πάντων

2060 4265 2276 4336 πλούτῳ
2303 4281 2362 4317 τε
2391 4265 2487 4316 καὶ
2514 4262 2642 4335 δόξῃ
2674 4261 2770 4315 καὶ
2799 4264 2968 4332 ἀρετῇ
2988 4260 3317 4330 διαφέροντι,
3345 4256 3443 4327 τὴν
3471 4255 3641 4308 παῖδα

2061 4359 2454 4426 κατεγγυᾶται’
2482 4355 2748 4425 πολὺντῆς
2783 4353 2998 4417 οἰκείας
3031 4353 3234 4423 ἀρετῆς
3267 4349 3485 4414 ἀνάξιον
3511 4348 3642 4418 βου-

2061 4451 2416 4521 λευσάμενος,
2449 4449 2548 4502 ἆτε
2586 4447 2662 4518 μὴ
2706 4447 2844 4516 πρὸς
2875 4445 2974 4517 τὴν
3015 4446 3114 4513 τῆς
3147 4443 3335 4504 παιδὸς
3365 4440 3642 4494 κατάστα-

376 4523 635 4594 pietatem
679 4540 692 4576 :
725 4539 829 4580 nec
865 4525 1010 4594 quod
1046 4535 1156 4580 tota
1195 4527 1457 4583 evasisset
1499 4529 1613 4584 Deo
1651 4531 1953 4595 familiaris,

2065 4562 2150 4598 σιν
2180 4541 2412 4606 ἀπιδὼν,
2441 4541 2536 4594 καὶ
2568 4540 2632 4593 τὸ
2683 4539 2898 4607 ἐκείνης
2927 4537 3194 4605 φιλόθεον,
3238 4535 3330 4588 καὶ
3359 4535 3506 4596 ὅπως
3541 4533 3641 4601 ὅλη

378 4615 535 4685 eique
577 4616 676 4670 soli
725 4616 960 4686 placere,
1021 4630 1077 4674 et
1123 4620 1241 4690 ejus
1281 4637 1401 4677 esse
1447 4639 1646 4692 sponsa
1694 4636 1959 4696 perpetuo

377 4719 526 4764 esset
553 4709 826 4765 meditata.
861 4709 1066 4767 Horum
1106 4729 1234 4786 ergo
1264 4715 1354 4769 ille
1383 4717 1522 4771 nihil
1551 4728 1833 4788 reputans,
1860 4735 1957 4790 pa-

376 4808 534 4862 rabat
565 4809 785 4878 nuptias
812 4810 934 4864 ﬁlia:
961 4812 1182 4868 minime
1204 4816 1749 4874 convenientes.,Sed
1780 4819 1964 4872 zelans

377 4900 575 4954 zelavit
606 4901 870 4956 Dominus
897 4903 1017 4972 ejus
1049 4920 1216 4959 verus
1239 4921 1492 4976 sponsus,
1529 4916 1584 4962 et
1612 4908 1809 4977 abripit
1836 4911 1958 4978 qui-

375 4995 501 5049 dem
547 5010 578 5048 a
611 4997 980 5061 matrimonio,
1013 5008 1068 5053 et
1112 4999 1199 5064 iis,
1229 5017 1350 5070 qua:
1385 5017 1796 5071 consequuntur
1840 5021 1957 5058 ma-

376 5088 715 5154 trimonium,
749 5098 808 5144 ut
839 5093 1141 5160 procedens
1171 5095 1425 5148 ostendet
1451 5096 1627 5149 oratio
1660 5113 1673 5150 :
1707 5111 1824 5150 eam
1857 5114 1960 5152 au-

377 5187 485 5235 tem
513 5180 579 5234 ad
609 5181 769 5236 vitam
792 5184 1070 5252 compellit
1096 5185 1683 5255 praestantiorem,qu;e
1706 5201 1825 5240 eam
1855 5187 1956 5257 ipsi

373 5275 742 5345 conjungebat
766 5291 863 5346 per
888 5277 1116 5331 multam
1143 5278 1458 5346 puritatem.

444 5364 535 5420 ιν.
567 5366 699 5421 Nam
746 5382 870 5422 cum
898 5376 1053 5437 pater
1079 5367 1296 5435 quidem
1345 5367 1449 5421 hoc
1493 5368 1727 5438 cepisset
1770 5369 1955 5424 cousio

372 5460 528 5524 lium,
566 5476 674 5516 non
700 5472 848 5517 esset
876 5471 1057 5518 autem
1106 5461 1194 5514 illa
1223 5470 1358 5524 tuta,
1386 5462 1431 5516 si
1464 5479 1574 5518 non
1611 5465 1759 5518 senis
1803 5465 1956 5534 prius

372 5567 596 5620 precum
630 5553 920 5622 particeps,
952 5569 1182 5622 quarum
1221 5553 1336 5620 ipsa
1364 5564 1479 5608 erat
1504 5555 1736 5617 fructus,
1759 5555 1837 5608 sic
1865 5571 1955 5609 vc-

373 5642 518 5696 niret
549 5643 615 5698 ad
654 5643 893 5712 nuptias,
929 5643 1328 5699 benedictionis
1367 5645 1535 5713 gratia
1579 5645 1647 5700 ad
1700 5660 1952 5716 magnum

375 5732 526 5787 illum
559 5750 743 5789 senem
775 5734 922 5789 venit
956 5751 1078 5788 cum
1114 5743 1356 5805 parente.
1392 5735 1595 5790 Deinde
1643 5753 1764 5790 cum
1816 5736 1955 5791 illius

378 5825 636 5883 nudiissct
687 5842 988 5897 sermones,
1023 5835 1074 5882 ct
1117 5827 1508 5882 monachorum
1559 5836 1686 5884 tunc
1720 5829 1952 5898 primum

2061 4636 2179 4706 Θεῷ
2218 4633 2626 4705 προσῳκείωτο,
2680 4631 2774 4684 καὶ
2811 4628 2988 4700 τούτῳ
3045 4629 3242 4698 ἀρέσαι
3308 4626 3484 4696 μόνῳ,
3541 4626 3641 4676 καὶ

2061 4728 2208 4796 αύτῷ
2243 4724 2624 4796 νυμφευθῆναι
2665 4721 2752 4775 διὰ
2784 4721 3012 4792 μελέτης
3042 4719 3267 4773 ἐτίθετο.
3295 4717 3512 4770 Τούτων
3543 4712 3639 4768 οὖν

2061 4821 2268 4880 ἐκεῖνος
2317 4815 2473 4868 ούδέν
2510 4812 3003 4882 ὑπολογισάμενος,
3051 4813 3228 4880 γάμον
3265 4809 3542 4880 ἀπᾴδοντα
3569 4810 3636 4878 τῇ

2061 4908 2215 4963 παιδὶ
2247 4906 2685 4975 παρεσκεύαζεν.
2731 4905 2891 4958 Ἀλλὰ
2923 4904 3107 4974 ζηλῶν
3144 4902 3385 4971 ἐζήλωσε
3431 4901 3640 4968 Κύριος

2059 5002 2088 5054 ὁ
2121 4999 2324 5068 ἀληθὴς
2365 4998 2569 5066 ταύτης
2625 4997 2882 5066 νυμφίος,
2929 4998 3021 5049 καὶ
3055 4995 3371 5065 ἀφαρπάζει
3407 4993 3526 5064 μὲν,
3563 4993 3641 5055 ὡς

2059 5092 2264 5163 προῖὼν
2298 5094 2327 5144 δ
2385 5091 2543 5158 λόγος
2584 5090 2838 5160 δηλώσει,
2871 5089 3052 5159 γάμου
3098 5105 3158 5141 τε
3213 5090 3308 5140 καὶ
3351 5087 3459 5139 τῶν
3497 5087 3636 5156 μετὰ

2059 5186 2274 5255 γάμωνο
2309 5187 2389 5248 εἰς
2437 5185 2551 5256 βίον
2581 5185 2638 5237 δέ
2684 5184 2891 5253 ταύτην
2929 5182 3216 5252 κρείττονα
3255 5181 3506 5244 συνωθεῖ,
3548 5179 3638 5231 τὶν

2057 5278 2144 5330 διά
2178 5278 2380 5346 πολλῆς
2418 5277 2568 5346 αύτῷ
2619 5277 2960 5330 συνάπτοντα
2992 5274 3384 5345 καθαρότητος.

2129 5371 2200 5426 Δ’.
2242 5369 2329 5432 Ὠς
2367 5369 2476 5440 γὰρ
2515 5369 2689 5421 ταῦτα
2727 5368 2806 5438 τῷ
2839 5367 3008 5439 πατρὶ
3037 5367 3134 5436 μὲν
3168 5365 3509 5435 βεϐούλευτο,
3535 5365 3637 5416 ούκ

2057 5455 2124 5530 ἦν
2171 5461 2225 5512 δὲ
2272 5461 2512 5529 ἀσφαλὲς
2565 5461 2674 5530 ἄρα
2710 5461 2784 5530 μὴ
2847 5459 3236 5529 μετειληφυῖαν
3268 5460 3360 5512 καὶ
3403 5458 3510 5509 τῶν
3541 5454 3634 5509 τοῦ

2057 5554 2308 5622 γέροντος
2341 5553 2516 5622 εύχών
2545 5555 2836 5622 πρότερον,
2866 5546 2940 5605 ὧν
2972 5553 3065 5605 καὶ
3098 5551 3304 5622 καρπὸς
3341 5550 3636 5621 ἐτύγχανεν

2057 5645 2216 5714 αὑτὴ,
2248 5643 2390 5698 οὕτω
2427 5645 2564 5715 πρδς
2611 5645 2701 5697 τὸν
2730 5644 2910 5716 γάμον
2948 5645 3146 5707 ἐλθεῖν,
3190 5644 3442 5710 εὐλογίας
3472 5642 3632 5710 χάριν

2058 5737 2195 5808 πρὸς
2249 5736 2339 5789 τὸν
2409 5737 2584 5808 μέγαν
2631 5740 2837 5792 ἐκεῖνον
2889 5739 3006 5807 ἅμα
3043 5737 3122 5808 τῷ
3173 5737 3385 5790 τεκόντι
3448 5733 3628 5804 φοιτᾷ.

2061 5827 2191 5885 Εἶτα
2219 5829 2391 5900 λόγων
2426 5831 2634 5884 ἐκείνου
2664 5829 2967 5900 ἀκούσασα,
3002 5831 3092 5884 καὶ
3115 5829 3214 5900 τὴν
3248 5829 3352 5884 τῶν
3375 5827 3626 5899 μοναχών
