3868 6474
293 384 406 446 309

1431 388 1602 450 VITA
1644 391 1705 450 S.
1749 391 1955 451 EUPH
1965 392 2326 459 ROSYNES.

3457 392 3564 456 310

293 496 418 547 τότε
453 492 671 562 πρῶτον
705 493 983 563 ἑωρακυῖα
1033 495 1387 560 κατάστασιν,
1428 498 1710 565 πολλάκις,
1747 500 1878 572 ἔφη,

1988 501 2212 557 vidisset
2264 510 2485 568 statum,
2538 519 2680 574 saepe
2728 504 2864 560 dixit
2906 521 2920 558 :
2972 505 3121 562 Beati
3158 506 3250 577 qui
3295 508 3399 562 hoc
3444 511 3564 564 vita:

295 578 586 647 Μακάριοι
609 581 659 632 oi
688 580 1080 650 τὴνπολιτείαν
1105 583 1309 654 ταύτην
1333 585 1420 639 διὰ
1447 586 1578 640 Θεὸν
1616 591 1877 659 μετερχό-

259 686 264 688 ·
298 689 474 742 μενοι.
528 673 640 726 Καὶ
671 673 698 726 ὅ
729 690 790 741 γε
822 677 935 736 τοῖς
971 675 1303 746 διορατικοῖς
1341 681 1438 750 τῆς
1467 679 1648 751 ψυχῆς
1679 681 1879 749 ὀφθαλ-

297 767 419 835 μοῖς
446 766 584 836 ὅπερ
619 767 652 835 ἡ
687 767 958 836 παρθένος
988 767 1241 822 ἐϐούλετο
1276 769 1638 842 θεασάμενος,
1674 774 1880 829 κατάλ-

294 859 460 927 ληλον
508 859 647 930 αὐτῇ
696 863 934 914 ποιεῖται
986 860 1082 914 καὶ
1124 862 1224 934 τὴν
1272 864 1458 934 εὐχήν
1519 865 1577 918 ὐ
1621 865 1775 932 Θεὸς,
1805 867 1882 920 εί-

295 948 438 1014 πὼν,
473 950 533 1002 τὸ
565 951 812 1004 συνοῖσον
841 954 906 1021 τῇ
939 954 1030 1023 σῇ,
1058 952 1272 1018 τέκνον,
1315 955 1538 1026 ποιήσαι
1582 955 1751 1027 ψυχῇ,
1787 957 1883 1010 καὶ

297 1043 439 1112 πρὸς
469 1043 563 1095 τὸν
609 1043 776 1095 αὐτοῦ
821 1043 986 1111 φόϐον
1038 1045 1334 1115 στηρίξειε,
1373 1048 1606 1100 καὶτῶν
1647 1051 1878 1120 ἡτοιμα-

296 1134 518 1201 σμένων
548 1135 773 1202 ἀγαθῶν
819 1134 1070 1199 ἀξιώσειε
1103 1139 1216 1200 τοῖς
1260 1139 1684 1210 εὖηρεστηκὸσιν
1709 1142 1880 1213 αὐτῷ.

296 1224 482 1278 Ταῦτα
511 1224 701 1291 εἰπὼν,
740 1226 835 1280 καὶ
865 1227 1039 1290 οὕτως
1087 1229 1224 1300 αὐτῇ
1279 1231 1668 1301 ἐπευξάμενος,
1705 1233 1880 1304 ἐνίησι

294 1317 523 1371 διπλοῦν
553 1321 618 1389 τῇ
661 1318 876 1389 ἐκείνης
902 1321 1048 1392 ψυχῇ
1094 1323 1186 1375 τὸν
1222 1323 1360 1393 πρὸς
1386 1325 1520 1377 Θεὸν
1559 1325 1758 1393 ἔρωτα,
1785 1327 1880 1381 καὶ

291 1406 529 1460 ἀνάπτει
563 1409 924 1481 σφοδρότερον
954 1414 1054 1480 τὴν
1087 1411 1315 1467 ἐνοῦσαν
1347 1414 1484 1484 αὐτῇ
1520 1415 1694 1484 φλόγα
1744 1417 1883 1488 πρὸς

294 1498 630 1555 θεοσέϐειαν.
693 1501 1023 1556 Ἐπσνιοῦσα
1067 1504 1247 1557 τοίνυν
1308 1504 1492 1558 οἴκαδε
1522 1523 1534 1535 ·
1575 1508 1879 1578 Μακάριοι,

295 1590 465 1644 πάλιν
498 1591 704 1661 ἔλεγεν,
739 1595 785 1646 oi
811 1595 910 1666 τὴν
947 1595 1058 1648 τῶν
1084 1597 1332 1666 μοναχῶν
1366 1599 1752 1669 μετερχόμενοι
1781 1617 1881 1654 πο-

295 1681 528 1749 λιτείαν,
577 1684 659 1737 ὅτι
704 1686 982 1740 κάνταῦθα
1017 1687 1049 1756 ἦ
1082 1688 1234 1741 οὐδὲν
1273 1689 1598 1761 διαφέροντα
1629 1693 1728 1761 τῆς
1769 1691 1881 1747 τῶν

295 1774 549 1841 ἀγγέλων
600 1775 879 1839 πολιτείας
929 1777 1126 1846 βιοῦσι,
1172 1781 1267 1832 καὶ
1321 1780 1462 1851 μετὰ
1521 1781 1622 1850 τὴν
1669 1783 1879 1836 ἐνθένδε

291 1861 622 1932 ἀπαλλαγὴν
661 1865 756 1932 τῆς
794 1866 1014 1918 αἰωνίου
1051 1867 1198 1938 ζωῆς
1226 1868 1616 1925 ἀπολαύσουσι.

367 1950 444 2008 Ε⁹.
490 1955 602 2023 Τὴν
653 1955 709 2008 δὲ
753 1956 929 2010 οἰκίαν
971 1960 1356 2015 καταλαϐοῦσα
1390 1963 1583 2031 ἠμέλει
1633 1965 1731 2035 μὲν
1767 1965 1875 2019 σώ-

296 2060 472 2112 ματος
501 2045 891 2116 καλλωπισμοῦ
918 2049 1192 2115 τοσοῦτον,
1219 2051 1293 2115 ὡς
1319 2053 1456 2122 μηδὲ
1502 2055 1699 2126 ψυχρῷ
1727 2056 1878 2112 ὕδατι

293 2135 361 2189 τὸ
393 2137 687 2206 πρόσωπον
707 2138 1120 2205 ἀπονίπτεσθαι,
1150 2142 1378 2214 δάκρυσι
1407 2144 1463 2198 δὲ
1485 2146 1579 2198 καὶ
1599 2147 1878 2216 νηστείαις

293 2228 398 2297 τὴν
428 2229 527 2297 τῆς
567 2229 748 2301 ψυχῆς
783 2232 1106 2304 ὲῳαίδρυνεν
1143 2235 1477 2306 ὡραιότητα.
1515 2238 1880 2312 Περιδέρραια

293 2319 356 2372 δὲ
393 2321 490 2374 καὶ
519 2321 737 2388 ἐνώτια,
777 2324 872 2377 καὶ
910 2327 1112 2396 χρυσὸς
1164 2330 1192 2382 ό
1237 2331 1424 2400 χεῖρας
1473 2331 1696 2401 κοσμῶν
1743 2334 1881 2405 πρὸς

294 2409 390 2462 τὸν
423 2410 522 2480 τῆς
548 2410 726 2482 ψυχῆς
755 2412 963 2483 κόσμον
999 2416 1471 2487 μετερῤυθμίζετο
1505 2421 1619 2482 τοῖς
1651 2419 1880 2491 πένησιν

297 2502 830 2575 ὲπιχορηγούμενος.
887 2507 1002 2560 Οὐκ
1050 2504 1120 2579 ἦν
1164 2509 1299 2579 αὐτῇ
1352 2509 1515 2581 ἐσθὴς
1566 2511 1598 2581 ἡ
1663 2512 1880 2586 μαλακὴ

295 2593 787 2663 περισπούδαστος,
821 2595 936 2650 ἀλλ’
971 2598 1086 2653 ἀντ’
1140 2598 1355 2671 ἐκείνης
1405 2603 1439 2672 ἠ
1473 2601 1584 2654 τῶν
1626 2604 1880 2674 τριχίνων

295 2685 567 2752 ἁμφίασις
631 2688 1013 2754 ἐσπουδάζετο.
1081 2689 1391 2761 Ὀμηλίκων
1467 2692 1528 2745 οὐ
1581 2695 1702 2758 ταῖς
1745 2695 1881 2766 πρὸς

300 2775 501 2846 ἡδονήν
536 2795 587 2830 τι
617 2777 909 2847 λεγούσαις
939 2782 1074 2846 ὅλως
1118 2783 1298 2854 ἥδετο,
1350 2784 1489 2838 ἀλλὰ
1542 2788 1661 2850 ταῖς
1694 2788 1880 2858 ὅμοιον

297 2865 554 2936 ἐχούσαις
579 2869 718 2939 αὐτῇ
746 2871 838 2924 τὸν
867 2873 997 2942 πρὸς
1027 2874 1157 2926 Θεὸν
1189 2874 1390 2944 ἔρωτα,
1432 2877 1724 2942 διαπαντὸς
1758 2880 1883 2949 ἐφί-

295 2953 381 3008 λει
431 2959 816 3025 συγγενέσθαι.
853 2963 1043 3040 Γραῶν
1078 2965 1135 3019 δὲ
1169 2965 1363 3031 ὕθλους
1395 2971 1487 3022 καὶ
1523 2971 1884 3040 γυναικώδεις

295 3047 628 3116 κενουργίας
669 3050 820 3103 οὐδὲν
867 3052 1053 3123 ἄκρων
1103 3056 1274 3126 αὐτῆς
1321 3057 1434 3111 τῶν
1486 3059 1640 3113 ὢτων
1687 3061 1882 3132 ψαύειν

295 3137 684 3210 ἠνείχετο.Ἦν
715 3143 772 3196 δὲ
795 3145 933 3218 αὐτῇ
963 3147 1056 3200 καὶ
1082 3148 1239 3202 τοῦτο
1274 3149 1362 3203 διὰ
1395 3153 1654 3223 σπουδῆς,
1689 3155 1749 3208 τὸ
1768 3159 1882 3221 τοῖς

295 3231 595 3302 ἔνδημοῦσι
628 3236 735 3290 τῶν
781 3240 1050 3309 μοναχῶν,
1089 3243 1206 3310 οἵγε
1254 3244 1395 3297 κατὰ
1441 3247 1644 3299 σκοπὸν
1680 3249 1880 3322 εὐσεϐῆ
1909 3224 1952 3282 C

295 3325 378 3394 τῷ
407 3327 576 3397 πατρὶ
610 3330 1032 3399 παρενέϐαλλον,
1063 3334 1407 3402 διαλέγεσθαί
1452 3353 1511 3390 τε
1542 3339 1743 3409 μᾶλλον
1787 3345 1881 3398 καὶ

298 3416 429 3483 παρ’
465 3419 687 3474 ἐκείνων
712 3421 780 3475 τὰ
803 3421 919 3476 θεῖα
961 3424 1335 3484 διδάσκεσθαι.

327 3559 339 3567 ,
371 3507 461 3577 ς’.
497 3511 572 3563 Οὐ
607 3512 746 3567 πολὺ
776 3515 837 3568 τὸ
879 3517 936 3570 ὲν
973 3518 1124 3588 μέσῳ
1167 3520 1263 3573 καὶ
1288 3523 1684 3591 μετάπεμπτος
1714 3527 1743 3579 ό
1773 3543 1880 3581 πα-

295 3598 406 3669 τὴρ
437 3603 518 3664 εἰς
545 3602 608 3655 τὸ
637 3604 993 3677 ἀσκητήριον,
1033 3609 1119 3661 ἵνα
1145 3611 1174 3662 ὁ
1220 3612 1394 3679 μέγας
1421 3615 1624 3677 ἐκεῖνος
1654 3616 1883 3688 ἐτύγχα-

296 3707 412 3758 νεν,
442 3693 783 3764 ἀφικνεῖται,
811 3698 910 3768 τὴν
964 3700 1185 3772 μνήμην
1245 3705 1575 3760 ὲπιτελέσων
1621 3709 1717 3762 σὺν
1770 3713 1882 3775 τοῖς

300 3789 560 3856 μοναχοῖς
596 3787 690 3841 τοῦ
724 3790 1055 3862 δειμαμένου
1094 3794 1156 3847 τὸ
1198 3803 1636 3868 φροντιστήριον.
1685 3801 1881 3855 Δύτόθι

294 3876 430 3942 γοῦν
466 3877 560 3930 ἐπὶ
594 3881 740 3949 τρεῖς
762 3882 889 3944 ὅλας
924 3885 1138 3954 ἡμέρας
1167 3888 1259 3940 τοῦ
1290 3891 1432 3943 κατὰ
1469 3891 1646 3958 σάρκα
1677 3895 1882 3963 πατρὸς

294 3967 378 4036 τῷ
420 3972 772 4041 μοναστηρίῳ
800 3977 1248 4044 προσμείναντος,
1285 3980 1317 4049 ἡ
1341 3981 1661 4052 Εὐφροσύνη
1688 3985 1881 4054 καιροῦ

297 4059 601 4130 λαϐομένη,
639 4063 763 4116 τινὰ
825 4068 1296 4141 μεταστειλαμένη
1359 4071 1467 4125 τῶν
1517 4075 1766 4144 μοναχῶν
1817 4077 1883 4130 lx

294 4151 407 4204 τῶν
460 4155 559 4222 τῆς
618 4155 872 4225 Σκήτεως
928 4160 1214 4230 σεμνείων,
1276 4163 1431 4234 θεῖκῇ
1485 4166 1606 4218 τότε
1653 4169 1882 4242 προνοίᾳ.

294 4241 677 4332 καταλαϐόντα
701 4249 801 4316 τὴν
836 4248 1250 4322 Ἀλεξάνδρειαν
1292 4253 1490 4324 (μέγας
1519 4256 1573 4310 δὲ
1604 4255 1758 4324 οὗτος

294 4335 502 4404 ἀρετὴν
531 4331 646 4406 ἦν),
675 4337 826 4408 αὐτῷ
862 4341 1134 4396 κοινοῦται
1164 4345 1231 4397 τὰ
1261 4347 1358 4416 τῆς
1389 4347 1604 4419 βουλῆς.
1649 4353 1759 4406 Καὶ
1787 4355 1883 4406 αὺ-

295 4425 388 4489 τὸς
411 4427 594 4490 suos:
635 4432 938 4496 Ἤκουσας,
971 4434 1097 4506 ἔφη,
1130 4438 1225 4490 καὶ
1272 4439 1410 4510 αὑτὴ
1456 4441 1701 4510 φιλόθεος
1752 4445 1883 4500 οὖσα

295 4519 482 4583 καθὼς
527 4519 661 4596 όρᾷν
699 4525 829 4593 ἔχω,
865 4527 960 4579 καὶ
998 4529 1158 4594 θείοις
1208 4533 1639 4608 ὲνασχολουμένη
1691 4539 1879 4609 διδάγ⁴

298 4630 491 4682 μασιν,
531 4611 619 4668 οἷα
656 4618 714 4669 ἐν
745 4621 857 4682 τοῖς
884 4620 1238 4689 Εὑαγγελίοις
1264 4627 1428 4696 φησὶν
1469 4631 1496 4681 ὁ
1541 4630 1752 4702 Σωτὴρ,
1787 4639 1882 4688 καὶ

292 4703 375 4766 ὼς
403 4704 433 4755 ὁ
466 4707 644 4775 τιμῶν
689 4710 904 4777 πατέρα
939 4711 972 4780 ἢ
1025 4713 1237 4784 μητέρα
1291 4716 1432 4789 ὑπὲρ
1467 4720 1632 4772 αὑτὸν
1660 4723 1882 4790 ἀνάξιος

293 4795 465 4849 αὑτοῦ
490 4795 788 4853 δείκνυται.
820 4800 1006 4874 Ταύτῃ
1035 4807 1101 4875 τῇ
1126 4805 1448 4880 διδασκαλίᾳ
1471 4812 1753 4884 χρωμένη,
1787 4816 1882 4869 καὶ

291 4889 397 4956 τῆς
439 4888 766 4957 ἀποφάσεως
807 4892 1013 4964 ταύτης
1055 4897 1456 4969 άπαιωρήσασα
1485 4902 1583 4973 τὴν
1619 4903 1880 4972 διάνοιαν,

292 4978 399 5032 ὅσα
437 4978 800 5048 βεϐούλευσαι
836 4986 976 5055 ταχὺ
1035 4989 1419 5061 προθυμήθητι
1450 5033 1464 5057 ,
1527 4995 1621 5048 καὶ
1666 4995 1777 5066 πῦρ
1826 5000 1882 5051 ἐν

295 5071 508 5142 καρδίᾳ
539 5072 782 5129 λαϐοῦσα
822 5076 916 5130 τοῦ
957 5080 1049 5131 ἐπὶ
1079 5083 1182 5150 γῆς
1225 5083 1359 5136 αὐτὸ
1396 5085 1720 5155 βεϐληκότος
1757 5091 1890 5157 Χριο

298 5164 456 5230 στοῦ,
484 5166 723 5221 σπεῦσον
752 5171 826 5242 μὴ
855 5172 1100 5246 ῥᾳθυμίᾳ
1120 5175 1277 5230 τοῦτο
1307 5179 1400 5230 καὶ
1423 5180 1714 5244 ἀναϐολαῖς
1741 5184 1881 5236 ἁπο-

293 5439 370 5501 ὠς
397 5442 465 5494 τὶ
491 5443 609 5496 θεῖά
631 5463 769 5516 φησι
795 5448 990 5516 Λόγια,
1014 5451 1113 5504 καὶ
1145 5459 1436 5522 στραφεὶς
1463 5458 1550 5522 εἰς
1574 5456 1648 5510 τὰ
1666 5458 1883 5526 ὀπίσω,

291 5532 540 5600 εὔθετός
589 5536 766 5591 ἐστιν
812 5538 883 5592 ἐν
943 5539 1020 5609 τῇ
1059 5542 1350 5610 ,ϐασιλείᾳ
1403 5544 1526 5599 τῶν
1581 5549 1878 5616 οὐρανῶν.

294 5625 484 5680 Ταῦτα
543 5629 828 5701 πυθομένη
886 5634 1038 5703 παρὰ
1070 5635 1164 5688 τοῦ
1199 5635 1474 5706 γέροντος,
1522 5638 1725 5710 πολλὴν
1770 5641 1876 5694 εἰσ·

367 5811 387 5838 ³
415 5808 604 5865 Matth.
640 5827 690 5880 τ,
727 5811 812 5869 37.
893 5815 911 5845 ³
943 5814 1074 5871 Luc.
1101 5833 1196 5884 xu,
1227 5817 1313 5875 49.
1391 5818 1410 5849 ⁸
1450 5819 1582 5877 Luc.
1615 5837 1686 5888 ιχ,
1723 5821 1809 5877 62.

1905 1862 1952 1921 B

1908 4579 1962 4640 D

1983 609 2154 664 genus
2187 603 2410 665 propter
2437 596 2715 652 Christum
2748 598 3072 668 suscipiunt.
3104 598 3197 654 llle
3229 609 3409 655 autem
3439 619 3562 657 cum
3597 628 3605 634 -

1985 687 2154 740 animi
2191 688 2596 758 perspicacihus
2627 689 2819 757 oculis,
2852 691 2982 760 quid
3013 692 3191 762 puella
3216 692 3397 756 vellet,
3421 703 3567 748 esset

1983 779 2406 849 contemplatus,
2447 767 2650 850 preces
2684 797 2901 853 quoque
2950 783 3088 838 fudit
3127 785 3247 854 ejus
3294 785 3565 841 desiderio

1983 871 2372 926 convenientes
2419 891 2431 926 :
2468 872 2633 940 Deus,
2661 889 2695 928 ο
2725 874 2853 938 (ilia,
2887 874 3094 940 dicens,
3129 875 3289 932 faciat
3320 877 3461 946 quod
3492 877 3566 932 sit

1985 973 2090 1019 tuae
2124 964 2319 1020 anima:
2362 964 2606 1020 futurum
2641 966 3004 1030 conducibile,
3036 977 3091 1022 et
3121 969 3173 1022 in
3205 969 3325 1036 ejus
3371 969 3562 1024 timore

1983 1061 2286 1124 conﬁrmet,
2315 1069 2371 1115 et
2413 1061 2629 1132 dignam
2677 1070 2897 1116 censeat
2926 1062 3084 1118 bonis
3129 1064 3330 1134 paratis
3360 1064 3444 1129 iis,
3472 1065 3561 1134 qui

1983 1151 2084 1222 ipsi
2120 1154 2461 1222 placuerunt.
2497 1153 2635 1207 Cum
2683 1152 2798 1208 hzec
2829 1153 3078 1218 dixisset,
3112 1163 3165 1210 et
3210 1156 3289 1210 sic
3331 1156 3380 1210 ei
3421 1167 3566 1212 esset

1982 1253 2254 1314 precatus,
2275 1245 2417 1300 illius
2441 1245 2636 1300 anima:
2659 1245 2931 1316 duplicem
2970 1245 3213 1301 immittit
3241 1263 3368 1318 erga
3392 1248 3562 1302 Deum

1981 1353 2246 1402 amorem,
2279 1347 2335 1392 et
2356 1339 2735 1394 vehementius
2760 1339 3008 1394 accendit
3036 1355 3178 1403 eam,
3209 1355 3328 1409 quae
3365 1339 3559 1405 inerat,

1981 1423 2261 1494 pietatem.
2294 1425 2521 1479 Domum
2559 1441 2687 1498 ergo
2726 1436 3029 1494 revertens,
3071 1444 3263 1483 rursus
3300 1429 3513 1485 dicebat
3547 1448 3564 1485 :

1983 1515 2128 1570 Beati
2159 1517 2251 1586 qui
2297 1518 2604 1586 suscipiunt
2641 1519 2766 1574 vita:
2801 1535 2971 1590 genus
3009 1522 3394 1585 monasticum,
3431 1538 3566 1592 quo-

1982 1611 2125 1664 niam
2161 1618 2216 1664 et
2244 1610 2332 1664 hic
2362 1610 2439 1664 sic
2482 1611 2693 1678 vivunt,
2727 1623 2787 1666 ut
2820 1628 3011 1683 parum
3057 1624 3150 1668 aut
3191 1615 3328 1668 nihil
3366 1617 3434 1669 ab
3463 1631 3564 1669 an-

1983 1701 2115 1773 gelis
2149 1701 2404 1756 diﬂerant
2434 1721 2446 1756 :
2475 1711 2528 1756 et
2557 1715 2845 1774 postquam
2897 1705 3026 1760 hinc
3072 1707 3423 1772 excesserint,
3454 1705 3564 1762 vita

1985 1789 2239 1846 fruuntur
2272 1801 2499 1847 aatcrna.

2051 1969 2113 2024 V.
2155 1969 2291 2025 Cum
2323 1971 2540 2031 domum
2572 1979 2752 2028 autem
2783 1972 3042 2038 venisset,
3079 1975 3385 2047 negligebat
3430 1977 3558 2048 qui-

1979 2063 2103 2118 dem
2163 2065 2366 2120 cultum
2426 2066 2692 2135 corporis,
2760 2066 2896 2122 adeo
2944 2060 3004 2121 ut
3063 2083 3165 2123 nec
3224 2084 3361 2138 aqua
3433 2072 3560 2141 qui-

1981 2155 2103 2210 dem
2135 2155 2327 2225 frigida
2360 2155 2554 2211 faciem
2584 2157 2836 2212 lavaret-z
2871 2157 3126 2230 lacrymis
3155 2168 3337 2214 autem
3387 2169 3443 2216 et
3472 2163 3560 2232 je-

1975 2248 2166 2318 juuiis,
2201 2249 2397 2304 anima:
2442 2247 2747 2304 lmtiﬁcabat
2779 2251 3040 2320 speciem.
3072 2250 3318 2322 Turques
3354 2263 3559 2319 autem,

1982 2339 2220 2404 inaures,
2255 2347 2311 2394 ct
2370 2339 2612 2405 monilia,
2646 2349 2701 2394 et
2747 2356 2961 2406 aurum,
2996 2343 3141 2412 quod
3171 2359 3366 2399 manus
3405 2360 3563 2400 exor-

1983 2431 2169 2497 nabat,
2200 2430 2588 2486 traducebatur
2612 2431 2678 2486 ad
2710 2441 2960 2486 ornatum
3001 2433 3218 2499 animae,
3249 2436 3565 2506 suppedita-

1983 2531 2098 2579 tum
2129 2525 2480 2596 pauperibus.
2509 2523 2626 2580 Non
2658 2534 2776 2580 erat
2805 2526 2852 2580 ei
2885 2541 3030 2580 cura:
3059 2527 3237 2581 mollis
3262 2529 3445 2591 vestis,
3465 2529 3561 2584 sed

1983 2618 2126 2673 illius
2146 2619 2266 2674 loco
2289 2619 2337 2673 ei
2366 2634 2510 2674 curae
2536 2627 2656 2674 erat
2676 2619 2935 2674 inducere
2959 2618 3216 2674 cilicium.
3237 2620 3315 2674 Ex
3337 2621 3561 2690 mquali-

1982 2709 2086 2765 bus
2111 2726 2219 2764 non
2245 2709 2311 2765 iis
2339 2711 2563 2767 omnino
2611 2711 3007 2779 delectabatur,
3043 2729 3162 2782 quae
3205 2713 3565 2782 loquebantur

1982 2800 2048 2855 ad
2083 2801 2416 2872 voluptatem
2450 2821 2463 2856 :
2501 2803 2598 2858 sed
2628 2819 2750 2858 cum
2779 2804 2864 2870 iis,
2893 2819 3014 2873 quae
3045 2803 3145 2858 sibi
3198 2805 3433 2858 similem
3467 2805 3565 2859 ha-

1983 2893 2184 2949 bebant
2212 2894 2264 2948 in
2288 2894 2456 2950 Deum
2485 2911 2748 2960 amorem,
2781 2911 3000 2967 semper
3028 2897 3280 2952 lubenter
3308 2898 3564 2952 versaba-

1985 2991 2093 3038 tur.
2127 2985 2313 3042 Aniles
2352 2975 2534 3040 autem
2592 3001 2786 3058 nugas,
2819 2997 2876 3042 et
2920 3003 3089 3042 vanos
3118 2988 3406 3042 mulierum
3445 3002 3559 3042 sero

1984 3090 2194 3137 mones,
2218 3091 2288 3130 ne
2327 3091 2569 3132 summas
2599 3077 2817 3148 quidem
2849 3093 2977 3133 suas
3007 3094 3165 3133 aures
3195 3078 3410 3133 sinebat
3439 3087 3561 3132 tan-

1987 3182 2130 3238 gere.
2163 3165 2292 3222 Erat
2324 3183 2452 3223 vero
2499 3169 2603 3224 hoc
2629 3184 2844 3240 quoque
2875 3168 2923 3223 ei
2971 3169 3170 3234 studio,
3200 3184 3322 3223 cum
3357 3169 3444 3235 iis,
3471 3171 3564 3238 qui

1986 3257 2094 3312 illic
2124 3259 2503 3323 versabantur,
2547 3259 2853 3325 monachis,
2900 3262 3102 3329 quique
3137 3258 3224 3329 pia
3264 3258 3445 3328 aliqua
3495 3258 3566 3313 de

1983 3363 2145 3404 causa
2174 3349 2242 3404 ad
2275 3359 2484 3418 partem
2530 3350 2884 3416 accedebant,
2922 3350 3212 3415 disserere,
3243 3359 3298 3405 et
3344 3350 3413 3405 ab
3455 3349 3564 3404 illis

1983 3443 2166 3498 divina
2195 3444 2428 3498 discere.

2059 3535 2139 3590 Vl.
2173 3536 2292 3591 Non
2337 3537 2566 3591 multum
2620 3535 2928 3592 intercessit
2976 3535 3259 3602 temporis,
3306 3544 3360 3591 et
3411 3545 3564 3606 pater

1983 3627 2278 3682 accersitus
2306 3628 2455 3683 venit
2497 3629 2553 3682 in
2580 3629 2991 3693 monasterium,
3024 3628 3116 3682 ubi
3147 3636 3264 3683 erat
3307 3627 3396 3682 ille
3432 3644 3564 3682 ma-

1985 3733 2143 3789 gnus,
2174 3718 2335 3773 simul
2380 3733 2503 3773 cum
2549 3719 2832 3774 monachis
2877 3727 3198 3789 peracturus
3241 3718 3560 3773 memoriam

1985 3809 2150 3874 illius,
2180 3809 2270 3880 qui
2301 3817 2642 3864 exstruxerat
2679 3807 3095 3864 monasterium.
3124 3807 3261 3862 Cum
3294 3807 3404 3863 illic
3432 3823 3568 3879 ergo

1987 3906 2096 3952 tres
2123 3905 2265 3953 totos
2289 3897 2406 3953 dies
2437 3897 2728 3954 mansisset
2773 3898 2828 3952 in
2873 3898 3206 3953 monasterio
3252 3908 3406 3969 pater
3443 3897 3564 3968 ejus

1985 3989 2285 4044 secundum
2318 4005 2559 4054 carnem,
2595 3990 2957 4062 Euphrosyne
3000 3998 3224 4060 accepta
3255 3991 3563 4054 occasione,

1985 4091 2040 4137 et
2074 4084 2338 4138 accersito
2373 4086 2607 4154 quodam
2656 4084 2927 4139 monacho
2957 4099 3024 4140 ex
3057 4084 3404 4150 monasteriis
3435 4084 3564 4138 Sec-

1988 4178 2078 4240 tis,
2109 4178 2200 4248 qui
2254 4188 2383 4233 tunc
2420 4178 2604 4233 divina
2659 4177 3003 4247 providentia
3052 4185 3280 4232 venerat
3326 4176 3566 4230 Alexan-

1985 4267 2156 4323 driam
2181 4270 2318 4341 (erat
2337 4279 2516 4326 autem
2548 4269 2594 4324 is
2618 4285 2845 4338 magnus
2871 4267 3123 4337 virtute),
3151 4268 3201 4322 ei
3224 4283 3381 4323 suum
3411 4283 3568 4322 com-

1985 4356 2226 4410 municat
2271 4357 2582 4412 consilium.
2637 4357 2730 4411 llle
2772 4367 2952 4412 autem
2999 4374 3013 4411 :
3063 4357 3317 4422 Audiisti,
3366 4357 3564 4427 inquit,

1987 4447 2102 4516 ipsa
2131 4462 2346 4516 quoque
2397 4463 2521 4502 cum
2561 4449 2634 4503 sis
2681 4448 2768 4518 pia
2802 4449 2856 4501 in
2894 4447 3086 4515 Deum,
3119 4459 3382 4518 quantum
3435 4464 3572 4519 pos-

1988 4553 2108 4592 sum
2137 4539 2344 4600 videre,
2369 4548 2423 4593 et
2453 4548 2666 4594 versata
2699 4540 2755 4593 in
2801 4540 3047 4594 doctrina
3080 4539 3281 4601 divina,
3312 4555 3565 4608 quamam

1989 4629 2238 4686 Salvator
2264 4631 2396 4686 dicit
2427 4631 2482 4685 in
2531 4633 2857 4703 Evangeliis,
2897 4634 3042 4702 quod
3079 4633 3170 4703 qui
3221 4642 3429 4702 patrem
3473 4643 3568 4688 aut

1988 4733 2215 4779 matrem
2267 4726 2498 4779 honorat
2527 4726 2649 4796 plus
2676 4741 2838 4794 quam
2887 4727 3086 4796 ipsum,
3140 4727 3257 4796 ipso
3311 4725 3565 4796 indignus

1988 4801 2265 4872 ellicitur’.
2296 4817 2406 4872 "ac
2430 4831 2588 4872 utens
2613 4816 2884 4883 doctrina,
2907 4827 2962 4871 et
2985 4818 3089 4872 hac
3116 4817 3385 4872 sententia
3413 4827 3566 4870 tuutu

1987 4909 2203 4981 erigens
2237 4911 2502 4976 animum,
2532 4911 2675 4980 quod
2721 4913 2982 4976 statuisti,
3011 4912 3119 4966 cito
3151 4913 3283 4968 velis
3311 4912 3567 4967 eﬂ'ectum

1989 5002 2220 5056 reddere
2263 5021 2275 5055 :
2319 5011 2375 5056 et
2404 5003 2582 5070 ignem
2636 5003 2690 5056 in
2736 5005 2898 5059 corde
2944 5006 3249 5075 suscipiens
3295 5007 3434 5074 ejus,
3473 5007 3567 5074 qui

1985 5109 2108 5148 eum
2145 5094 2296 5148 misit
2343 5094 2397 5148 in
2451 5097 2696 5161 terram',
2726 5096 2851 5151 vide
2906 5112 2975 5152 ne
3026 5097 3272 5152 socordia
3323 5107 3378 5152 et
3415 5112 3565 5150 mora

1984 5200 2107 5240 eum
2137 5188 2452 5256 exstinguas
2480 5204 2494 5240 :
2523 5188 2618 5242 sed
2660 5203 2822 5257 quam
2854 5189 3086 5257 primum
3116 5189 3182 5243 ad
3209 5189 3369 5242 ﬁnem
3393 5189 3565 5242 dedu-

1863 5303 1887 5318 -
1983 5292 2075 5330 cas
2107 5277 2158 5331 id
2189 5278 2333 5346 quod
2365 5278 2550 5333 animo
2593 5279 2786 5349 agitas.
2839 5279 3005 5334 Nemo
3037 5281 3175 5334 enim
3210 5280 3419 5332 mittens
3453 5295 3568 5330 ma-

1867 5406 1881 5431 ,
1983 5384 2106 5420 num
2138 5370 2207 5421 ad
2237 5380 2483 5422 aratrum
2513 5372 2597 5438 (ut
2627 5370 2810 5425 divina
2837 5373 2969 5425 dicit
2998 5371 3326 5442 Scriptura),
3352 5380 3398 5424 et
3428 5379 3566 5423 retro

1983 5477 2276 5526 conversus,
2311 5473 2384 5516 est
2417 5474 2571 5533 aptus
2604 5482 2762 5536 regno
2793 5464 3088 5519 ccelortmt'.
3139 5467 3266 5518 ch
3295 5478 3419 5518 cum
3462 5475 3565 5515 au-

1991 5552 2218 5608 divisset
2249 5570 2279 5609 a
2304 5571 2454 5623 sene,
2484 5558 2605 5627 ejus
2637 5559 2817 5612 verbis
2842 5566 2994 5628 paret
3026 5557 3294 5627 protinus,
3321 5563 3375 5610 et
3403 5555 3478 5609 ab.
3499 5568 3566 5608 eo
3585 5585 3626 5624 ,τι

1993 5644 2148 5713 petit,
2215 5654 2271 5699 ut
2333 5649 2695 5706 mouasticum
2740 5659 3114 5717 consequatur
3162 5649 3426 5704 habitum.
3475 5646 3565 5701 Ille
