3868 6472
362 330 464 398 311
1572 340 1856 403 MENSIS
1891 345 2357 408 JANUARIUS.
3512 347 3618 414 312

361 454 543 502 autem
597 452 851 518 prompto
916 453 972 502 et
1023 444 1188 501 alacri
1255 446 1439 501 animo
1494 445 1758 518 implevit.
1794 448 1938 519 quod

2053 454 2197 525 ρέρει
2246 454 2337 507 καὶ
2375 454 2488 516 τοῖς
2523 452 2692 507 αὐτοῦ
2732 453 2911 523 λόγοις
2941 454 3101 519 εὐθὺς
3144 454 3245 526 τὴν
3283 454 3615 522 εὔπείθειαν,

362 553 553 610 preces
578 548 885 603 consuetas,
912 548 964 594 et
990 538 1253 610 quidquid
1277 548 1391 593 erat
1415 538 1468 593 in
1495 555 1645 594 more
1676 541 1935 611 positum,

2053 545 2140 599 καὶ
2191 544 2286 599 τοῦ
2341 544 2452 599 τῶν
2500 546 2753 616 μοναχῶν
2804 546 3106 618 ἀξιωθῆναι
3160 551 3441 617 σχήματος
3488 550 3619 621 παρ’

362 633 717 703 implevisset,
747 632 1047 687 monastico
1077 646 1198 686 eam
1235 632 1412 688 induit
1458 632 1666 688 habitu.
1700 633 1768 687 Et
1814 649 1939 689 cum

2053 639 2257 693 ἐκείνου
2287 640 2555 710 ὲπιςζήτεί⁸
2591 640 2686 693 καὶ
2726 640 2821 708 ὅγε
2858 640 3140 711 πρόθυμος
3162 635 3231 711 ἦν
3262 640 3326 694 τὸ
3356 638 3624 711 ζητούμε-

360 734 615 795 precatus
657 731 802 779 esset
852 724 901 778 ei
970 725 1130 778 linem
1185 738 1352 795 scopo
1403 726 1841 794 convenientem,
1885 725 1940 781 in

2053 746 2137 784 νον
2182 729 2514 800 ἐκπληροῦν,
2546 730 2640 784 καὶ
2671 730 2772 792 τὰς
2811 732 3062 801 συνήθεις
3096 732 3264 803 εὐχὰς
3292 731 3497 786 αὐτίκα
3526 734 3624 786 καὶ

361 832 521 872 suum
561 817 855 872 revertitur
886 817 1306 871 monasterium.

2053 822 2158 876 πᾶν
2207 824 2343 895 ὅπερ
2382 824 2571 896 ἔθιμον
2618 821 2686 897 ἦν
2741 827 3064 893 ἐκτελέσας,
3113 827 3175 881 τὸ
3212 826 3322 880 τῶν
3375 826 3624 899 μοναχῶν

361 912 498 982 αὐτῇ
538 911 853 983 περιϐάλλει
890 911 1097 983 σχῆμα.
1140 912 1549 985 Ἐπευξάμενός
1593 930 1652 968 τε
1683 914 1823 986 αὐτῇ
1880 913 2036 980 τέλος
2076 917 2153 989 τῷ
2195 919 2383 992 σκοπῷ
2414 921 2715 995 συμφέρον,
2768 925 2850 989 εἰς
2901 923 3001 996 τὴν
3035 922 3243 979 οἰκείαν
3285 923 3625 995 ἐπαναστρέ-

362 1024 452 1082 φει
494 1008 683 1079 μονήν.

438 1100 551 1156 VII.
599 1102 890 1174 Postquam
934 1112 1115 1159 autem
1163 1104 1284 1176 pius
1335 1104 1423 1159 ille
1474 1120 1638 1160 senex
1681 1106 1939 1163 recessis-

363 1204 466 1260 set,
504 1195 883 1252 considerabat
927 1197 1069 1267 apud
1115 1213 1173 1252 se
1220 1197 1617 1269 Euphrosyne,
1664 1199 1939 1269 quomodo

364 1296 420 1342 et
451 1287 543 1343 ubi
575 1287 677 1343 sibi
712 1288 896 1343 datum
937 1290 1004 1344 ad
1054 1299 1415 1344 mercaturam
1450 1299 1729 1345 exerceret
1766 1290 1941 1345 talen-

364 1391 506 1447 tum,
539 1380 769 1435 maxime
794 1395 916 1435 cum
954 1382 1119 1435 sciret
1154 1388 1364 1450 patrem
1393 1380 1498 1435 sibi
1540 1380 1658 1435 fore
1709 1380 1940 1451 impedi-

365 1484 554 1529 mento
584 1475 651 1529 ad
698 1474 752 1529 id
782 1474 925 1544 quod
961 1472 1322 1529 desiderabat.
1353 1472 1485 1527 Cum
1506 1488 1635 1544 ergo
1662 1473 1942 1543 quaesivis-

366 1577 448 1623 set
499 1567 742 1631 modum,
772 1583 870 1637 per
891 1582 1052 1637 quem
1082 1576 1265 1636 posset
1294 1566 1518 1620 omnino
1547 1567 1715 1621 latere
1752 1574 1808 1620 et
1848 1564 1942 1619 be-

366 1658 735 1713 nevolentiam
769 1658 956 1726 patris,
992 1666 1048 1713 et
1078 1657 1263 1726 sponsi
1297 1673 1562 1721 amorem,
1595 1659 1785 1713 statuit
1821 1658 1943 1727 quia

2118 1106 2193 1164 Z'.
2261 1108 2417 1162 Ἐπεὶ
2468 1108 2525 1162 δὲ
2575 1108 2672 1162 καὶ
2712 1110 2741 1163 ό
2789 1107 3046 1181 θεοφιλὴς
3101 1109 3308 1172 ἐκεῖνος
3356 1106 3626 1179 ἀνεχώρει

2047 1199 2384 1270 πρεσϐύτης,
2457 1201 2678 1255 ἐσκόπει
2731 1200 2852 1255 καθ’
2908 1201 3107 1272 ἑαυτὴν
3176 1202 3210 1272 ἡ
3278 1199 3624 1269 Εὐφροσύνη,

2048 1293 2166 1356 πῶς
2202 1292 2269 1346 ἂν
2300 1293 2395 1347 καλ⁵
2428 1291 2534 1347 ποῦ
2569 1293 2630 1347 τὺ
2670 1293 2826 1348 δοθὲν
2869 1293 3007 1364 αὐτῇ
3052 1291 3384 1364 ἑμπορεύσοι
3426 1291 3490 1345 τὸ
3532 1291 3629 1346 τά-

2044 1383 2258 1448 λαντον,
2303 1382 2482 1448 ἄλλως
2528 1401 2589 1437 τε
2633 1386 2730 1439 καὶ
2777 1386 2871 1438 τδν
2917 1384 3133 1455 πατέρα
3171 1385 3344 1438 εἰδυῖα
3375 1384 3628 1454 ἐμποδὼν

2047 1475 2187 1545 αὐτῇ
2223 1474 2363 1547 πρὸς
2410 1475 2472 1529 τδ
2524 1474 2859 1547 ποθούμενον
2911 1475 3156 1530 ἔσεσθαι.
3191 1476 3281 1540 Ὠς
3308 1475 3400 1530 οὖν
3440 1477 3627 1546 ἐζήτει

2047 1566 2246 1637 τρόπον
2272 1565 2340 1620 δι’
2371 1559 2433 1621 οὗ
2481 1566 2665 1620 λαθεῖν
2709 1567 2848 1631 ὅλως
2894 1567 3186 1638 δυνήσεται
3216 1568 3539 1639 γεννήτορός
3565 1584 3625 1620 τε

2050 1658 2303 1730 στοργὴν,
2329 1660 2424 1713 καὶ
2452 1660 2760 1730 μνηστῆρος
2790 1659 3023 1731 ἔρωτας,
3055 1658 3358 1714 ἀποθέσθαι
3396 1660 3497 1729 μὲν
3524 1676 3627 1729 γυ-

367 1751 488 1805 dem
519 1759 722 1804 vestem
753 1764 954 1805 exuere
1002 1751 1350 1817 muliebrem,
1381 1751 1592 1807 virilem
1640 1760 1823 1806 autem
1855 1750 1945 1805 in-

2053 1752 2297 1806 ναικείαν
2350 1752 2492 1822 έγνω
2529 1753 2742 1824 στολὴν,
2794 1752 2987 1823 ἀνδρὸς
3018 1752 3076 1807 δὲ
3115 1752 3629 1823 μεταμφιάσασθαι.

367 1845 590 1898 ducere.
643 1844 709 1899 Ει
736 1845 991 1915 quoniam
1034 1845 1239 1900 sciebat
1289 1860 1405 1909 eos,
1431 1844 1521 1915 qui
1566 1844 1736 1915 ipsam
1787 1853 1946 1900 erant

368 1938 708 2006 persecuturi
745 1946 999 2007 tanquam
1045 1937 1327 2004 feminam,
1363 1951 1484 1992 esse
1516 1946 1858 1992 scrutaturos
1889 1936 1946 1991 in

369 2030 717 2085 monasteriis
738 2029 1048 2092 mulierum,
1083 2029 1274 2085 statuit
1307 2030 1542 2099 seipsam
1574 2028 1842 2084 collocare
1888 2028 1947 2082 in

369 2136 602 2176 numero
622 2121 1035 2176 monachorum.
1061 2119 1171 2175 Hoc
1192 2129 1372 2174 autem
1399 2120 1684 2175 consilium
1703 2120 1945 2190 capiens,

370 2220 530 2268 nocte
558 2213 793 2282 quadam
820 2212 971 2268 exuit
998 2213 1215 2283 quidem
1262 2228 1417 2267 suam
1453 2222 1659 2267 vestem
1699 2221 1755 2267 et
1784 2211 1947 2267 simul

371 2320 497 2359 cum
529 2305 714 2360 tunica
741 2305 905 2361 etiam
954 2304 1274 2361 muliebrem
1305 2305 1455 2360 exuit
1477 2304 1944 2361 imbecillitatem:

372 2396 549 2455 induit
593 2406 774 2452 autem
824 2408 1030 2454 vestem
1077 2399 1390 2466 salutarem,
1439 2406 1496 2454 et
1542 2397 1948 2468 quamprimum

372 2495 770 2549 transmutatur
801 2490 854 2544 in
893 2490 1105 2547 virilem
1142 2491 1411 2546 habitum.
1465 2489 1672 2545 Deinde
1703 2504 1829 2545 cum
1868 2490 1949 2544 la-

374 2579 572 2634 tuisset
609 2580 927 2635 ancillarum
951 2580 1380 2645 multitudinem,
1414 2588 1470 2635 et
1521 2579 1668 2649 ipsos
1706 2580 1948 2650 parentis

372 2670 580 2735 oculos,
614 2679 669 2725 et
692 2671 836 2727 aedes
872 2670 1208 2742 despexisset
1234 2670 1518 2740 praeclaras
1536 2685 1597 2725 ac
1613 2668 1947 2741 magniﬁcas,

371 2760 572 2817 Christi
597 2777 815 2817 crucem
852 2762 1068 2829 tollens,
1099 2762 1349 2833 protinus
1385 2760 1540 2827 abiit,
1580 2760 1770 2816 volens
1792 2775 1850 2814 se
1876 2759 1951 2813 di-

371 2870 529 2926 gnam
566 2855 792 2911 reddere
819 2870 885 2910 eo
906 2854 1053 2926 quod
1087 2854 1451 2919 desiderabat,
1486 2853 1710 2908 etvenit
1732 2852 1797 2906 ad
1819 2851 1952 2906 illud

373 2948 784 3012 monasterium,
802 2948 887 3004 cui
912 2956 1146 3019 praeerat
1173 2964 1365 3015 senex,
1394 2948 1553 3017 cuius
1582 2960 1804 3017 precum
1831 2943 1952 2998 fue-

372 3049 455 3095 rat
486 3040 715 3095 fructus.
746 3039 815 3096 Et
848 3056 969 3095 cum
996 3040 1235 3095 venisset
1256 3040 1309 3094 in
1332 3045 1685 3109 conspectum
1712 3035 1951 3108 praefecti

374 3134 711 3198 monasterii,
735 3133 1065 3204 interrogata
1086 3131 1207 3198 fuit,
1234 3134 1483 3203 quisnam
1504 3142 1670 3195 esset,
1696 3140 1752 3186 et
1781 3131 1946 3197 unde,

373 3233 430 3280 et
455 3240 693 3294 quanam
717 3226 785 3281 de
818 3240 979 3281 causa
1006 3227 1072 3282 ad
1097 3240 1221 3280 eum
1256 3225 1603 3282 accessisset.
1638 3223 1731 3279 Illa
1766 3233 1947 3278 autem

374 3316 535 3391 dixit,
564 3332 624 3373 se
655 3317 836 3374 vocari
866 3317 1085 3388 quidem
1114 3317 1495 3389 Smaragdum,
1519 3332 1641 3372 esse
1677 3327 1860 3371 autem
1883 3331 1947 3371 ex

373 3407 495 3462 aula
553 3408 902 3479 imperatoris
933 3408 1035 3479 (sic
1064 3409 1210 3464 enim
1254 3408 1470 3465 dicebat
1501 3407 1688 3464 volens
1715 3405 1947 3474 latere);

377 3497 663 3569 reliquisse
690 3516 820 3557 vero
848 3501 1054 3567 omnia,
1080 3508 1142 3557 ut
1164 3500 1327 3556 infida
1369 3508 1424 3556 et
1450 3499 1682 3565 inutilia,
1705 3514 1770 3554 ac
1805 3497 1952 3554 desi-

374 3589 597 3647 derasse
623 3591 791 3647 vitam
836 3593 1296 3663 monachorum:
1348 3600 1405 3649 et
1434 3607 1499 3648 ex
1544 3592 1679 3648 urbe
1726 3590 1948 3662 quidem

376 3682 576 3754 fugisse
596 3683 761 3753 regia,
783 3693 844 3739 ut
862 3700 986 3755 qure
1011 3694 1155 3741 esset
1177 3686 1339 3755 plena
1363 3684 1707 3749 tumultibus,
1726 3693 1781 3739 et
1804 3680 1950 3754 quod

376 3776 674 3832 amicorum
698 3786 754 3831 et
772 3777 1121 3833 familiarium
1145 3777 1312 3833 nollet
1333 3778 1521 3833 vexari
1539 3778 1948 3849 congressione,

374 3879 431 3924 et
467 3868 537 3923 ab
568 3868 647 3923 eis
676 3868 998 3939 interrumpi
1024 3885 1185 3924 suum
1205 3869 1405 3940 quietis
1432 3870 1761 3926 desiderium
1787 3885 1949 3928 :cum

374 3968 557 4014 autem
616 3959 683 4013 de
735 3958 962 4015 istorum
1010 3961 1298 4017 sanctitate
1345 3964 1735 4018 monachorum
1781 3962 1949 4016 multa

375 4052 694 4113 audivisset.
732 4067 798 4107 eo
823 4054 1061 4116 venisse,
1097 4055 1143 4109 si
1180 4069 1289 4124 quo
1327 4065 1485 4126 pacto
1517 4054 1678 4126 digna
1720 4055 1951 4110 babere-

377 4154 466 4201 tur
492 4143 684 4199 referri
714 4143 768 4199 in
796 4160 984 4200 eorum
1016 4162 1327 4202 numerum.

449 4233 584 4289 Vill.
634 4234 874 4291 Lcetatus
921 4246 1008 4293 est
1052 4238 1134 4292 vir
1157 4238 1267 4304 ille,
1305 4248 1361 4294 et
1399 4240 1577 4296 verbis
1620 4249 1676 4296 et
1724 4255 1937 4295 morum

376 4328 642 4383 modestia
658 4327 1031 4397 admirandus,
1052 4340 1106 4385 et
1125 4348 1137 4383 :
1161 4330 1299 4388 Ecce
1312 4334 1727 4399 monasterium,
1747 4333 1943 4403 inquit,

377 4421 470 4486 fili,
492 4421 541 4477 si
571 4421 666 4477 tibi
687 4422 864 4492 placet
896 4423 1084 4478 referri
1113 4425 1475 4481 innumerum
1505 4426 1756 4493 fratrum,
1781 4443 1945 4483 nemo

2047 1843 2158 1897 Kal
2187 1844 2309 1897 ἐπεὶ
2333 1846 2460 1908 τοὺς
2495 1843 2783 1910 διώξοντας
2822 1844 2938 1915 ᾔδει
2972 1844 3049 1907 ὡς
3068 1845 3305 1913 γυναῖκα
3327 1843 3534 1913 ταύτην
3565 1845 3625 1897 ἂν

2050 1934 2321 2005 σεμνείοις
2347 1934 2644 2006 ἀνερευνᾷν
2695 1936 2995 2005 γυναικῶν,
3040 1936 3379 2007 μοναζόντων
3419 1936 3626 2007 ἑαυτὴν

2049 2022 2264 2094 ἔκρινεν
2299 2026 2669 2094 ἐγκατατάξαι
2718 2025 2886 2099 χορῷ.
2930 2026 3088 2082 Οὕτω
3115 2027 3173 2081 δὲ
3208 2026 3620 2098 βουλευσαμένη

2049 2115 2344 2170 ἀποδύεται
2368 2116 2469 2187 μὲν
2494 2115 2593 2186 τὴν
2619 2116 2755 2170 ίδίαν
2785 2116 3000 2187 στολὴν,
3030 2118 3124 2171 καὶ
3151 2116 3471 2187 ἀμαζχιτῶνι
3502 2132 3630 2169 συν·

2049 2206 2348 2262 ἀποδύεται
2377 2207 2473 2261 καὶ
2498 2206 2597 2279 τὴν
2618 2208 2938 2277 γυναικείαν
2966 2208 3272 2273 ἀσθένειαν,
3305 2206 3629 2261 ἑπενδύεται

2048 2303 2106 2359 δὲ
2133 2304 2346 2375 ἰμάτιον
2386 2302 2677 2376 σωτηρίου,
2703 2303 2799 2357 καὶ
2826 2303 2907 2366 εἰς
2937 2302 3131 2373 ἀνδρὸς
3157 2303 3343 2373 σχῆμα
3373 2302 3435 2355 τδ
3462 2303 3632 2373 τάχος

1998 2462 2005 2465 _
2053 2395 2572 2471 μεταρῤυθμίζεται.
2607 2389 2745 2450 Εἶτα
2767 2395 3011 2450 λαθοῦσα
3047 2394 3455 2464 θεραπαινίδιον
3486 2394 3632 2465 πλη-

2051 2492 2171 2556 θὺν,
2198 2488 2398 2554 αὐτούς
2428 2506 2489 2542 τε
2535 2488 2851 2559 ὀφθαλμοὺς
2905 2487 3014 2542 τῶν
3058 2487 3484 2558 γεγεννηκότων,
3528 2489 3632 2541 καὶ

2050 2583 2227 2645 οἰκίας
2269 2580 2598 2652 ὑπεριδοῦσα
2624 2580 2907 2651 λαμπρὰς,
2949 2579 3041 2634 τὸν
3064 2578 3159 2634 τοῦ
3189 2579 3427 2670 ξριστοῠ
3457 2595 3631 2633 σταυ-

2053 2676 2146 2747 ρὸν
2172 2673 2447 2745 ἀραμένη,
2481 2675 2643 2737 εὐθὺς
2689 2673 2879 2745 ἀπῄει,
2926 2672 3126 2745 ἑαυτὴν
3172 2672 3335 2737 ἀξίαν
3383 2670 3476 2725 τοῦ
3517 2689 3628 2726 πο·-

2053 2768 2319 2837 θουμένου
2346 2764 2795 2837 καταστήσασθαι
2820 2765 3143 2835 βουλομένη.
3176 2764 3320 2835 Πρὸς
3360 2764 3538 2818 ἐκεῖνό
3566 2780 3632 2818 τε

2051 2858 2112 2913 τὸ
2146 2859 2507 2929 μοναστήριον
2543 2860 2881 2927 ἀφικνεῖται,
2915 2852 2978 2912 οὗ
3025 2856 3320 2927 καθηγεῖτο
3358 2856 3387 2908 ὁ
3421 2856 3629 2927 γέρων,

2051 2940 2114 3002 οὗ
2161 2946 2225 3018 δὴ
2277 2946 2373 3000 καὶ
2402 2948 2512 3000 τῶν
2542 2946 2718 3016 εὐχῶν
2749 2947 2992 3016 ἐγεγόνει
3023 2947 3255 3018 καρπός·
3287 2948 3381 3001 καὶ
3409 2946 3499 3000 διὰ
3530 2944 3632 3000 τοῦ

2055 3041 2134 3104 εἰς
2164 3039 2324 3093 τοῦτο
2354 3038 2713 3109 τεταγμένου,
2765 3040 2873 3094 τῶν
2932 3039 3183 3112 μοναχῶν
3213 3038 3290 3110 τῷ
3320 3038 3635 3110 προεστῶτι

2050 3132 2149 3203 τῆς
2185 3130 2349 3203 μονῆς
2397 3132 2477 3195 εἰς
2514 3131 2635 3202 δψιν
2693 3130 2947 3198 ἐλθοῦσα,
2990 3131 3075 3196 τίς
3127 3148 3190 3185 τε
3224 3132 3321 3184 καὶ
3353 3131 3480 3185 ὅθεν
3512 3133 3629 3201 εἴη,

2050 3224 2144 3278 καὶ
2172 3222 2317 3287 τίνος
2362 3222 2525 3278 ἕνεκα
2564 3224 2701 3295 πρὸς
2731 3222 2896 3279 αὑτὸν
2940 3226 3322 3294 παραγένοιτο,
3352 3226 3632 3296 ηρωτᾶτο.

2061 3318 2127 3372 Ἥ
2164 3317 2240 3382 δὲ,
2277 3317 2602 3389 Σμάραγδος
2635 3318 2735 3387 μὲν
2769 3316 2875 3387 εφη
2917 3317 3221 3383 καλεῖσθαι,
3252 3313 3393 3372 εἶναι
3424 3318 3483 3371 δὲ
3525 3319 3636 3388 τῆς

2050 3409 2324 3482 βασιλείου
2357 3410 2529 3481 αὐλῆς
2569 3409 2733 3474 (οὕτω
2761 3410 2873 3482 γὰρ
2901 3408 3021 3464 εἶπε
3066 3408 3364 3481 βουλομένη
3393 3409 3637 3479 λαθεῖν),

2051 3503 2380 3559 καταλιπεῖν
2422 3503 2481 3558 δὲ
2511 3503 2693 3559 πάντα
2746 3503 2824 3567 ὼς
2878 3504 3088 3560 ἄπιστα
3117 3503 3216 3557 καὶ
3239 3502 3494 3571 ἀνόνητα,
3536 3501 3635 3555 τὸν

2048 3596 2107 3651 δὲ
2162 3596 2279 3669 βίον
2325 3594 2566 3667 ποθῆσαι
2605 3596 2718 3650 τῶν
2743 3595 3019 3667 μοναχῶν,
3056 3595 3155 3649 καὶ
3208 3595 3311 3665 τὴν
3342 3593 3441 3665 μὲν
3474 3592 3637 3663 βασι-

2049 3688 2169 3744 λίδα
2197 3686 2308 3743 τῶν
2349 3688 2555 3742 πόλεων
2593 3688 2855 3756 ἐκφυγεῖν
2894 3687 2969 3751 ὡς
3004 3686 3190 3758 πλήρη
3229 3684 3484 3758 θορύϐου,
3531 3685 3635 3739 καὶ

2050 3780 2128 3851 τῷ
2152 3780 2227 3852 μὴ
2261 3777 2547 3849 βούλεσθαι
2574 3780 2752 3849 φίλων
2780 3778 2877 3831 καὶ
2900 3777 3150 3848 συνήθων
3178 3776 3418 3848 ὁμιλίαις
3447 3774 3635 3846 όχλετο

2054 3872 2201 3939 σθαι,
2242 3873 2335 3926 καὶ
2367 3872 2460 3925 ὑπ’
2490 3871 2669 3926 αὐτῶν
2698 3871 3033 3942 μολύνεσθαι
3057 3870 3117 3923 τὸ
3155 3869 3450 3940 φιλήσυχον
3481 3867 3633 3921 κατά

2052 3964 2252 4036 πολλὴν
2301 3963 2357 4018 δὲ
2399 3963 2500 4034 τῆς
2531 3963 2685 4035 ὑμῶν
2747 3963 3036 4033 ἁγιότητος
3075 3960 3244 4032 ἀκοὴν
3295 3961 3364 4014 τά
3392 3958 3632 4013 ἐνταῦθα

2052 4054 2398 4121 κχταλαϐείν,
2434 4055 2488 4108 εί
2511 4072 2628 4119 πως
2668 4054 2961 4125 ἀξιωθείην
3023 4053 3277 4124 γενέσθαι
3316 4052 3445 4123 ὑμῖν
3501 4065 3633 4104 συν-

2051 4147 2328 4221 αρίθμιος.

2123 4241 2205 4294 fl'.
2255 4239 2491 4304 Ἡσθεὶς,
2531 4234 2625 4295 οὖν
2655 4241 2683 4294 ὁ
2713 4239 2966 4310 θεοφιλὴς
2998 4240 3204 4302 ίικείνος
3249 4236 3390 4309 ἀνὴρ
3425 4236 3539 4301 τοῖς
3564 4250 3632 4291 τε

2056 4330 2286 4401 ῥήμασι,
2341 4330 2433 4384 καὶ
2471 4333 2537 4401 τῇ
2577 4330 2687 4384 τῶν
2730 4330 2879 4401 ⁴ίλθῶν
2940 4331 3194 4402 εὐνομία,
3237 4331 3358 4393 καὶ,
3399 4327 3532 4383 Ἰδοῦ
3563 4329 3632 4382 τὸ

2057 4425 2440 4496 μοναστὴριον,
2472 4424 2598 4494 ἔφη,
2625 4426 2837 4492 τέκνον,
2871 4425 2925 4479 εί
2943 4442 3027 4479 σοι
3050 4424 3280 4495 ἀρεστὸν
3307 4423 3632 4495 ἐναρίθμιον

373 4520 457 4567 cst
479 4512 872 4582 prohibiturus.
909 4511 1015 4569 Sed
1054 4515 1311 4585 quoniam
1346 4530 1407 4572 es
1442 4525 1602 4572 aetate
1643 4518 1822 4573 adhuc
1859 4518 1946 4588 jn-

2053 4517 2306 4586 γενέσθαι
2354 4519 2467 4580 τοῖς
2518 4517 2792 4588 ἀδελφοῖς,
2848 4520 2877 4572 ό
2942 4518 3205 4572 κωλύσων
3236 4516 3433 4580 οὐδείς·
3485 4514 3632 4585 πλὴν

370 4603 547 4669 venis,
592 4616 649 4660 et
690 4613 865 4661 status
900 4607 1187 4665 monastici
1231 4608 1472 4664 nondum
1510 4609 1806 4679 perfectam
1837 4625 1948 4667 cm-

370 4695 496 4766 pisti
545 4697 938 4767 experientiam
963 4741 977 4763 ,
1026 4709 1244 4770 oportet
1281 4709 1331 4756 te
1364 4716 1487 4757 esse
1529 4703 1630 4756 sub
1664 4702 1944 4770 magistro,

372 4798 425 4842 et
453 4790 521 4844 ab
550 4806 616 4846 eo
639 4791 852 4847 discere
882 4793 1002 4846 vita:
1037 4792 1449 4863 perfectionem.
1480 4793 1567 4848 Illa
1591 4808 1771 4850 autem
1795 4812 1808 4848 :
1835 4793 1948 4849 Hoc

372 4894 590 4949 quoque
620 4882 750 4936 mihi
783 4893 869 4938 est
900 4886 1074 4947 cordi,
1099 4893 1154 4939 et
1185 4885 1308 4939 volo
1336 4899 1443 4938 non
1479 4900 1648 4939 unum
1678 4884 1874 4948 solum,
1900 4884 1946 4940 si

375 4971 609 5035 videtur,
647 4973 742 5029 sed
770 4976 969 5032 multos
1002 4976 1165 5034 etiam
1206 4978 1428 5041 habere,
1462 4977 1557 5047 qui
1593 4977 1660 5032 ad
1693 4977 1945 5032 virtutem

373 5077 462 5118 me
495 5063 606 5118 sint
649 5064 977 5122 iustituturi.
1012 5066 1103 5124 Sic
1142 5084 1228 5133 ea,
1259 5083 1382 5123 eum
1422 5079 1677 5139 tanquam
1714 5067 1947 5122 solidum

372 5164 428 5211 rt
459 5156 695 5212 validum
736 5157 1174 5227 fundamentum,
1224 5163 1343 5216 seni
1375 5161 1522 5231 prius
1544 5162 1764 5232 iecisset
1815 5161 1948 5217 obe-

372 5247 652 5315 dientiam,
690 5251 923 5306 traditur
948 5250 1155 5324 Agapio
1180 5255 1465 5317 monacho,
1497 5253 1586 5324 qui
1615 5262 1671 5309 ct
1706 5253 1762 5308 in
1786 5252 1947 5308 rebus

373 5339 572 5395 divinis
600 5351 718 5396 erat
761 5344 1043 5408 eruditus,
1086 5352 1140 5398 ct
1181 5355 1521 5415 processerat
1557 5345 1627 5399 ad
1678 5360 1945 5401 summam

374 5431 829 5500 impatibilitatem
864 5452 878 5488 :
914 5436 1058 5490 etab
1099 5450 1190 5500 eo,
1236 5444 1295 5490 ut
1320 5436 1494 5491 dicam
1544 5437 1689 5491 sicut
1731 5436 1948 5492 divinus

372 5523 564 5590 David,
594 5525 794 5581 diurno
827 5526 1045 5597 fingitur
1077 5527 1334 5598 figmento
1357 5569 1370 5589 ,
1406 5537 1461 5583 et
1489 5530 1836 5599 componitur
1877 5529 1946 5584 ad

370 5616 533 5672 vitam
563 5616 706 5690 piam
742 5633 807 5674 ac
846 5618 1171 5690 religiosam.
1210 5618 1688 5677 Verumcnimvcro
1727 5621 1819 5692 qui
1846 5636 1947 5678 no-

444 5789 520 5861 (Ι)
558 5790 820 5866 Agapitus
842 5797 1153 5853 nominatur
1183 5795 1391 5853 inVitis
1423 5797 1659 5852 Patrum.

2051 4610 2282 4684 ἐπείπερ
2316 4610 2397 4666 ἔτι
2438 4611 2564 4666 νέαν
2592 4611 2748 4681 ἄγεις
2776 4611 2880 4683 τὴν
2926 4610 3167 4681 ἠλικίαν,
3198 4609 3293 4663 καὶ
3324 4607 3632 4679 μοναχικῆς

2050 4703 2435 4765 καταστάσεως
2472 4702 2627 4757 οὔπω
2672 4705 2871 4775 πεῖραν
2896 4702 3132 4773 εῐληφας
3167 4700 3380 4771 ἐντελῆ,
3415 4699 3520 4754 ὑπὸ
3547 4699 3633 4752 δι-

2047 4795 2301 4867 δασκάλῳ
2325 4795 2583 4866 τετάχθαι
2612 4811 2673 4849 σε
2707 4795 2809 4857 δεῖ.
2843 4796 2939 4849 καὶ
2976 4796 3105 4866 παρ’
3133 4792 3303 4846 αὐτοῦ
3330 4790 3632 4863 μανθάνειν

2049 4887 2321 4950 πολιτείας
2349 4886 2740 4959 ἀκρίδειαν.Ἠ
2771 4885 2853 4952 δὲ,
2892 4887 3006 4941 Καὶ
3024 4885 3182 4940 τοῦτο
3211 4884 3352 4938 κατά
3377 4884 3628 4953 γνώμην,

2047 4972 2228 5043 εἶπεν,
2270 4978 2417 5047 spei,
2474 4979 2572 5033 καὶ
2623 4977 2885 5050 βούλομαι
2902 4978 3011 5056 ὀὐχ
3041 4977 3138 5031 ἕνα
3170 4977 3351 5047 μόνον,
3382 4977 3430 5027 εἰ
3455 4974 3628 5039 δοκεῖ,

2047 5070 2183 5125 ἀλλά
2206 5070 2301 5124 καί⁵
2333 5071 2562 5136 πολλοὺς
2595 5070 2744 5142 ἔχειν
2789 5072 2919 5135 τοὺς
2948 5070 3086 5140 πρὸς
3133 5070 3337 5141 ἀρετήν
3390 5085 3456 5138 με
3495 5082 3631 5121 παι-

2047 5163 2490 5236 δοτρισήσοντας.
2538 5163 2729 5228 Οὕτως
2776 5164 2918 5237 αὐτὴ
2954 5161 3210 5232 καθάπερ
3244 5161 3493 5232 θεμέλιον
3518 5160 3628 5231 ἀρ-

2051 5255 2196 5327 ραγῆ
2225 5255 2327 5327 τὴν
2373 5255 2622 5327 ὑπακοὴν
2674 5255 3236 5327 προκατασαλλομένη
3275 5254 3355 5325 τῷ
3386 5254 3625 5321 γέροντι,

2063 5347 2312 5417 Ἀγαπίῳ
2351 5347 2637 5418 μονάζοντι
2670 5349 3045 5419 παραδίδοται,
3078 5347 3148 5401 τά
3183 5364 3245 5401 τε
3294 5346 3414 5399 θεία
3449 5344 3623 5415 σοφῷ,

2049 5437 2143 5491 καὶ
2173 5437 2443 5501 ἀπαθείας
2489 5439 2570 5501 είς
2615 5438 2787 5509 ἄκρον
2820 5438 3095 5492 ἐλάσαντι·
3142 5438 3234 5490 καὶ
3263 5440 3393 5506 παρ’
3425 5435 3622 5499 αὑτοῦ,

2052 5529 2191 5583 κατά
2224 5528 2317 5582 τὸν
2351 5528 2494 5585 θεῖον
2548 5530 2714 5598 φάναι
2747 5531 2936 5599 Δαϐὶδ,
2973 5530 3239 5601 ῆμερινὴν
3273 5528 3626 5583 διεπλάττετο

2054 5621 2288 5690 πλάσιν,
2348 5623 2443 5677 καὶ
2505 5622 2640 5696 πρὸς
2698 5623 2796 5679 τὸν
2842 5623 3064 5693 θεοφιλῆ
3118 5621 3231 5693 βίον
3279 5620 3619 5694 ῥυθμίζεται.
