3868 6474
230 359 340 428 313

1374 362 1552 422 VITA
1592 362 1650 422 S.
1691 362 2269 426 EUPHROSYNES.

3405 355 3508 429 314

247 475 414 530 Ἀλλά
437 473 548 544 γάρ
585 475 614 528 ό
645 472 704 538 ἐξ
737 473 911 544 ἀρχῆς
941 471 1250 544 βασκαίνων
1298 473 1452 542 ἡμῖν,
1484 473 1579 527 καὶ
1617 473 1717 542 τὴν
1742 475 1822 527 οἱ-

1952 475 2011 530 ιίε
2040 477 2234 532 invidit
2284 476 2353 532 ab
2379 476 2558 542 initio,
2613 484 2667 532 et
2711 475 2978 548 gloriatur
3021 491 3080 532 se
3113 483 3287 531 totum
3317 476 3507 533 orbem

236 566 519 637 κουμένην
559 566 689 636 ὃλην
745 567 821 630 ὡς
852 566 1074 620 νοσσιὰν
1123 567 1544 637 ἐγκαυχώμενος
1589 568 1828 636 καταλή-

235 658 460 728 ψεσθαι,
493 659 594 712 οὐκ
619 658 782 728 ἔφερε
810 661 1047 727 γυναῖκα
1075 658 1218 728 ὀρῶν
1243 658 1469 730 βρόχους
1503 659 1666 713 αὑτοῦ
1700 659 1829 722 τοὺς

238 754 477 822 δεσμοὺς
508 752 981 825 ὑπεριπταμένην.
1015 755 1107 806 καὶ
1140 754 1272 806 ὡσεὶ
1306 755 1638 825 περιστερὰν
1666 771 1830 824 φερο-

246 845 422 916 μένην
452 844 530 915 τῷ
576 845 851 915 πνεύματι
881 847 1207 917 ὑπηνέμιον.
1238 847 1378 900 Ἀλλ’
1414 847 1672 917 ἐτρύχετο
1704 846 1827 917 βλέ-

244 955 366 990 πων
396 937 457 989 τὸ
494 937 760 1007 φρόνιμον
792 935 936 990 οὓτω
967 938 1064 1008 τῆς
1099 939 1434 1008 οἰκονομίας,
1474 939 1568 992 καὶ
1603 939 1739 1007 πρὸς
1769 937 1830 990 τὸ

247 1027 435 1080 λαθεῖν
481 1027 984 1096 διεσκευασμένον,
1039 1028 1131 1080 καὶ
1160 1027 1428 1098 ήσχαλλεν
1473 1027 1580 1080 ὑπὸ
1633 1025 1829 1098 νεαροῦ

248 1118 506 1187 σώματος
531 1119 626 1172 καὶ
649 1117 824 1172 ταῦτα
845 1118 1037 1189 θήλεος
1057 1119 1156 1182 τὰς
1187 1119 1352 1172 αὐτοῦ
1383 1119 1578 1190 τέχνας
1613 1119 1832 1172 διαπαι-

248 1210 488 1279 ζομένας
516 1210 678 1280 ὁρῶν.
721 1211 938 1280 Ἀμέλει
970 1210 1062 1264 καὶ
1089 1211 1217 1264 ποτὲ
1247 1211 1344 1281 μὲν
1369 1211 1539 1280 αὐτῆς
1561 1210 1660 1282 τὴν
1697 1210 1834 1280 πρὸς

248 1303 384 1356 Θεὸν
409 1303 702 1372 μέριμναν,
727 1303 890 1357 πόθον
921 1303 1012 1356 τὸν
1038 1304 1166 1373 περὶ
1193 1303 1319 1365 τοὺς
1349 1305 1525 1370 γονεῖς
1552 1303 1830 1366 ἀνάπτων,

248 1392 533 1461 περισπᾷν
572 1391 826 1444 ἔσπευδε·
878 1391 1008 1444 ποτὲ
1038 1392 1117 1455 δὲ,
1151 1390 1384 1444 πλούτου
1418 1392 1514 1444 καὶ
1545 1390 1705 1458 δόξης
1741 1390 1834 1442 καὶ

253 1484 574 1554 μνηστῆρος
622 1484 830 1554 μνήμῃ,
885 1483 1210 1553 διαχαυνοῦν
1263 1484 1438 1553 αὐτῆς
1483 1483 1544 1536 τὸ
1577 1481 1835 1552 φρόνημα

250 1578 604 1646 ἐμηχανᾶτο·
635 1575 714 1629 ἔτι
746 1577 801 1629 δὲ
835 1576 1082 1646 συνήθων
1133 1576 1230 1629 καὶ⁵
1285 1576 1491 1646 ἡλίκων
1549 1575 1835 1646 διατριϐάς

251 1668 697 1738 ὑπεμίμνησκενο
733 1667 872 1722 ἀλλὰ
922 1668 1269 1738 πανταχόθεν
1306 1668 1662 1740 προσϐάλλων
1694 1668 1833 1739 αὐτῇ

251 1760 349 1812 καὶ
419 1761 620 1830 πεῖραν
705 1760 868 1822 ἐνιεὶς
945 1760 1309 1831 ἀπεκρούετο.
1382 1760 1447 1814 Τί
1505 1756 1600 1814 οὖν
1655 1763 1834 1827 ποιεῖ;

1932 574 2130 633 terrae,
2181 575 2438 636 tanquam
2493 567 2720 631 nidum,
2772 561 3339 637 comprehensurum,
3398 583 3510 622 non

1930 656 2163 721 ferebat,
2199 658 2390 713 videns
2419 657 2702 713 mulierem
2735 659 2958 714 callidos
2991 675 3120 715 suos
3153 659 3376 730 laqueos
3419 675 3515 713 su-

1931 749 2338 818 pervolantem,
2369 759 2424 803 et
2453 759 2714 818 tanquam
2741 751 3049 805 columbam
3083 751 3334 821 spiritum
3383 748 3513 804 ferri

1932 842 2250 896 sublimem.
2278 841 2383 896 Sed
2427 841 2727 912 angebatur
2760 841 2948 898 videns
2975 852 3082 898 tam
3113 843 3352 913 prudens
3382 859 3515 898 con-

1933 936 2137 1000 silium,
2163 943 2217 989 et
2251 937 2396 1006 quod
2431 937 2503 990 ita
2533 951 2592 991 se
2621 938 2686 990 ad
2718 936 2995 990 latendum
3042 937 3376 990 instruxerat
3405 955 3418 990 :
3460 945 3516 990 ct

1933 1042 2073 1098 aegre
2093 1013 2299 1082 ferebat
2326 1027 2511 1082 videre
2560 1042 2687 1082 suas
2729 1036 2874 1082 artes
2902 1027 3048 1082 eludi
3079 1042 3108 1082 a
3132 1028 3357 1097 juvenili
3392 1042 3518 1082 cor-

1933 1132 2086 1187 pore,
2118 1132 2291 1186 eoquc
2321 1116 2592 1172 muliebri.
2638 1117 2942 1186 Aliquando
2969 1117 3188 1186 quidem
3217 1127 3366 1170 certe
3399 1118 3518 1186 ejus

1935 1210 1991 1263 in
2021 1207 2187 1262 Deum
2218 1225 2401 1263 curam
2431 1226 2494 1264 ac
2532 1209 2940 1264 meditationem
2985 1210 3238 1264 studebat
3264 1209 3517 1271 avellere,

1936 1311 2222 1371 parentum
2267 1303 2574 1356 accendens
2601 1302 2932 1357 desiderium
2963 1321 2976 1356 :
3015 1301 3306 1372 aliquando
3337 1310 3518 1355 autem

1937 1391 2275 1454 divitiarum,
2307 1391 2600 1462 gloriaeque
2631 1401 2686 1446 et
2723 1392 2910 1462 sponsi
2936 1390 3198 1445 memoria
3222 1390 3522 1444 conabatur

1936 1486 2057 1555 ejus
2096 1485 2344 1538 emollire
2385 1485 2633 1554 spiritus.
2688 1484 2957 1540 Praeterea
3003 1483 3052 1538 ei
3097 1482 3151 1536 in
3204 1481 3524 1534 memoriam

1940 1578 2228 1632 revocabat
2257 1577 2711 1632 consuetudinem
2741 1576 3090 1631 familiarium
3120 1582 3177 1629 et
3207 1573 3522 1643 aequalium.

1941 1669 2048 1724 Sed
2073 1687 2196 1724 cum
2218 1669 2368 1724 omni
2400 1685 2464 1724 ex
2499 1681 2650 1740 parte
2676 1685 2796 1724 eam
2825 1669 3233 1740 aggrederetur,
3257 1675 3314 1720 et
3342 1666 3393 1720 ei
3417 1665 3525 1718 im-

1940 1763 2182 1817 mitteret
2211 1763 2589 1826 tentationem,
2616 1761 3002 1832 repellebatur.
3035 1757 3175 1825 Quid
3198 1773 3326 1828 ergo
3355 1755 3526 1810 facit?

253 1851 381 1914 Τοῖς
417 1853 625 1922 ἐτέρων
662 1851 875 1921 ὄμμασι
906 1853 1266 1923 κατεμέρισεν
1295 1853 1506 1918 ἑαυτὸν,
1528 1853 1623 1905 καὶ
1655 1852 1836 1922 βέλεσι

1952 1855 2012 1910 Se
2045 1856 2272 1910 aliorum
2306 1856 2477 1909 oculis
2522 1854 2836 1924 dispertiit,
2872 1862 2929 1908 et
2970 1867 3064 1906 eos
3105 1851 3371 1906 sauciavit
3402 1849 3524 1904 telis

253 1943 482 2005 τούτους
529 1942 624 1998 τοῦ
657 1944 886 2007 κάλλους
933 1945 1102 2013 αὐτῆς
1163 1946 1622 2016 κατετίτρωσκεν.
1662 1947 1725 1998 Ol
1779 1945 1836 1998 δὲ

256 2037 477 2104 στέγειν
519 2038 594 2107 μὴ
631 2037 922 2106 δυνάμενοι
974 2037 1035 2090 τὸ
1084 2036 1334 2091 σύντονον
1387 2039 1485 2108 τῆς
1515 2038 1834 2109 ἐπιθυμίας,

254 2127 527 2197 κρύπτειν
571 2144 630 2180 τε
685 2127 747 2181 τὸ
787 2128 959 2192 πάθος
1023 2129 1226 2193 εἰδότες
1288 2131 1390 2184 οὐκ
1440 2131 1702 2200 ἀσφαλὲς,
1751 2151 1840 2186 πι-

256 2221 515 2274 στεύουσι
541 2221 601 2275 τὸ
641 2223 873 2292 πρᾶγμα
909 2221 984 2292 τῷ
1026 2223 1350 2294 προεστῶτι,
1398 2225 1492 2278 καὶ
1528 2227 1621 2279 τὸν
1653 2228 1716 2280 ἐκ
1745 2227 1838 2280 τοῦ

255 2313 502 2385 πονηροῦ
549 2313 960 2385 προσϐάλλοντα
1003 2315 1396 2387 θριαμϐεύουσι
1446 2313 1716 2389 πόλεμονθ
1749 2321 1842 2374 καὶ

259 2407 480 2474 γίνεται
518 2406 678 2459 τοῦτο
717 2407 905 2470 αὐτοῖς
947 2408 1053 2476 μὲν
1091 2409 1276 2474 ἄνεσις
1311 2410 1409 2473 τοῦ
1455 2413 1652 2476 κακοῦ,
1683 2416 1750 2485 τῇ
1783 2413 1841 2466 δὲ

260 2497 532 2568 κρείττων
579 2499 822 2563 ἐπίδοσις
859 2501 996 2570 πρὸς
1027 2501 1229 2572 ἀρετῆς
1262 2503 1600 2574 τελειότητα.
1640 2506 1700 2559 'O
1733 2507 1842 2577 γάρ

261 2591 364 2660 τῆς
397 2593 565 2660 μονῆς
603 2591 887 2664 προεστὼς
939 2594 1123 2657 αὐτοῖς
1160 2597 1258 2665 μὲν
1291 2598 1606 2664 κατάλληλα
1658 2599 1842 2668 τίθησι

261 2686 332 2753 τῇ
366 2683 506 2754 νόσῳ
537 2684 605 2736 τά
650 2683 942 2755 φάρμακα,
984 2689 1050 2757 τῇ
1083 2687 1140 2739 δὲ
1178 2691 1286 2740 τῶν
1319 2693 1706 2760 γεγενημένων
1733 2693 1848 2744 ἐπι-

265 2776 514 2846 σταμένῃ
543 2777 717 2841 οὐδὲν,
739 2777 1009 2848 Βούλομαί
1033 2797 1113 2845 σε,
1135 2781 1289 2850 φησὶ,
1319 2785 1506 2837 τέκνον
1536 2785 1844 2850 ἰδιαζόντως

263 2866 326 2919 ἐν
381 2883 490 2920 τινι
558 2868 756 2940 κελλίῳ
810 2869 1038 2939 διάγειν,
1081 2874 1138 2925 ἐν
1191 2867 1235 2942 ᾧ
1271 2875 1364 2927 τὸν
1409 2877 1846 2947 παραδεδομένον

267 2975 355 3012 σοι
373 2961 575 3014 κανόνα
596 2962 886 3031 τηροῦντα,
926 2966 1064 3035 μήτε
1096 2967 1247 3030 τινὰς
1276 2969 1393 3021 ἐκεῖ
1418 2971 1845 3040 παραδέχεσθαι,

271 3054 402 3123 μήθ’
433 3055 569 3117 ὅλως
602 3056 828 3122 ἐξιέναι,
867 3059 961 3111 καί
1013 3077 1157 3114 τισιν
1212 3062 1406 3114 ἑαυτὸν
1457 3064 1659 3118 διδόναι
1714 3067 1850 3138 πρὸς

265 3143 509 3214 ὁμιλίανο
557 3147 718 3212 μόνος
767 3147 822 3200 δὲ
884 3151 1021 3220 πρὸς
1059 3151 1127 3205 τὰ
1161 3151 1263 3221 τῆς
1314 3155 1506 3225 χρείας
1540 3156 1848 3228 διακονήσει

270 3254 358 3289 σοι
401 3239 431 3290 ό
471 3237 754 3306 Ἀγάπιος.
795 3238 932 3295 Eine
958 3285 972 3308 ,
1010 3245 1102 3298 καὶ
1166 3245 1328 3310 εὐθὺς
1386 3250 1712 3317 προστάττει
1772 3251 1848 3323 τῷ

282 3331 532 3403 ’Δγαπίῳ
558 3331 656 3403 τὴν
685 3333 912 3388 δέουσαν
962 3337 1303 3406 ἐπιμέλειαν,
1353 3339 1428 3411 μὴ
1457 3343 1514 3393 ἐν
1545 3345 1658 3405 τοῖς
1690 3361 1852 3397 πνευ-

273 3428 530 3494 ματικοῖς
568 3426 750 3494 μόνον,
785 3427 920 3480 ἀλλὰ
966 3430 1063 3483 καὶ
1113 3431 1171 3483 ἐν
1205 3433 1320 3494 τοῖς
1373 3438 1736 3502 σωματικοῖς,
1777 3436 1853 3498 ὼς

268 3511 389 3572 οἷόν
421 3537 482 3573 τε
537 3520 614 3590 τῷ
665 3522 972 3594 Σμαράγδῳ
1001 3524 1294 3592 ποιεῖσθαι,
1330 3525 1407 3589 ὡς
1448 3527 1514 3580 ἂν
1547 3529 1621 3599 μὴ
1661 3530 1852 3598 ἐτέρου

269 3610 422 3674 τινὸς
446 3611 662 3684 ἐπιδεὴς
683 3613 914 3680 γένοιτο.
965 3616 1241 3687 Ἀσμένως
1265 3615 1359 3672 οὖν
1393 3620 1427 3690 ἡ
1457 3621 1727 3692 μακαρία,
1761 3623 1857 3676 καὶ

270 3702 354 3766 ὡς
385 3702 526 3774 αὐτῇ
579 3703 752 3772 φίλον,
781 3706 1166 3777 ἀπαλλαγεῖσα
1223 3709 1523 3782 ὀχλήσεων,
1577 3713 1670 3767 τὸν
1719 3715 1856 3784 πρὸς

272 3792 514 3860 Χριστὸν
565 3793 894 3858 ἐπλεόναζεν
915 3796 1121 3868 ἔρωτα,
1161 3799 1254 3853 ἐπὶ
1285 3801 1469 3864 πόνοις
1505 3801 1604 3873 μὲν
1635 3801 1856 3869 πόνους,

273 3882 374 3935 ἐπὶ
401 3883 680 3951 νηστείαις
705 3883 762 3938 δέ
819 3887 1096 3956 νηστείαν,
1143 3889 1238 3942 καὶ
1292 3891 1386 3943 ἐπὶ
1431 3893 1553 3954 ταῖς
1594 3893 1858 3964 πρότερον

275 3973 611 4044 ἀγρυπνίαις
657 3974 879 4030 πλείονα
939 3979 1041 4048 τὴν
1091 3979 1232 4050 πρὸς
1283 3979 1374 4033 τὸν
1429 3981 1596 4034 ὕπνον
1626 3982 1860 4052 άμιλλαν

1943 1948 2066 2017 ejus
2110 1947 2556 2017 pulchritudinis.
2605 1945 2683 2001 llli
2730 1955 2909 2000 autem
2958 1960 3083 1999 cum
3131 1958 3240 1997 non
3305 1949 3530 2012 possent

1940 2039 2224 2092 continere
2296 2038 2678 2092 vehementem
2731 2037 3084 2106 cupiditatem
3121 2054 3133 2089 :
3168 2034 3372 2089 scirent
3429 2048 3532 2086 au--

1943 2140 2050 2185 tem
2083 2146 2189 2185 non
2221 2145 2345 2184 esse
2376 2139 2550 2184 tutum
2579 2131 2756 2184 celare
2785 2129 3034 2183 morbum
3055 2169 3068 2192 ,
3101 2141 3216 2180 rem
3261 2122 3530 2195 praefecto

1945 2224 2204 2294 aperiunt
2233 2243 2245 2278 :
2273 2233 2330 2278 et
2351 2223 2694 2292 triumphant
2737 2221 2804 2276 de
2854 2220 2997 2275 bello
3023 2263 3038 2285 ,
3111 2219 3256 2290 quod
3325 2217 3531 2270 illatum

1943 2315 2123 2371 fuerat
2173 2331 2204 2371 a
2269 2316 2526 2386 maligno.
2580 2315 2650 2369 Et
2704 2315 2808 2369 hoc
2859 2314 2918 2367 lit
2977 2313 3057 2367 eis
3119 2310 3341 2382 quidem
3404 2307 3530 2362 mali

1946 2408 2232 2472 remissio,
2310 2407 2386 2462 illi
2463 2415 2646 2462 autem
2719 2405 2897 2474 majus
2976 2404 3374 2458 incrementum
3467 2398 3534 2453 ad

1945 2499 2339 2572 perfectionem
2405 2498 2646 2555 virtutis.
2717 2496 3034 2552 Monasterii
3115 2495 3262 2550 enim
3343 2491 3537 2563 praefeo

1946 2602 2068 2646 ctus
2090 2591 2171 2646 eis
2199 2591 2581 2645 convenientia
2619 2591 2711 2644 dat
2761 2589 2937 2644 morbi
2981 2587 3423 2642 medicamenta:
3461 2584 3534 2638 illi

1946 2700 2079 2740 vero
2117 2685 2254 2737 nihil
2328 2685 2520 2738 scienti
2582 2698 2808 2748 eorum,
2873 2696 2993 2752 qua:
3057 2679 3195 2734 facta
3265 2677 3532 2732 fuerant:

1948 2774 2084 2830 Volo
2121 2783 2194 2839 te,
2228 2776 2424 2845 inquit.
2461 2791 2704 2831 seorsum
2747 2776 2946 2845 degere
2987 2773 3042 2827 in
3079 2772 3212 2828 cella
3259 2770 3456 2838 aliqua.
3484 2767 3537 2820 in

1949 2883 2054 2937 qua
2111 2867 2364 2922 traditam
2411 2869 2505 2922 tibi
2559 2883 2785 2923 servans
2835 2865 3113 2935 regulam,
3169 2876 3347 2929 neque
3393 2860 3536 2912 ullos

1951 2961 2060 3015 illic
2109 2961 2402 3025 admittes,
2435 2975 2611 3030 neque
2659 2958 2882 3013 omnino
2929 2954 3235 3027 egrediens,
3271 2966 3450 3020 neque
3487 2959 3540 3003 te

1953 3055 2078 3109 ullis
2123 3053 2390 3124 praebebis
2420 3054 2485 3108 ad
2517 3051 2960 3121 colloquendnm.
2999 3047 3158 3102 Solus
3190 3053 3392 3107 autem,
3419 3057 3542 3112 quae

1954 3146 2050 3200 tibi
2105 3153 2266 3200 erunt
2313 3145 2458 3208 usui,
2504 3141 2943 3199 subministrabit
2990 3139 3250 3210 Agapius.
3287 3135 3450 3195 Dixit,
3487 3142 3543 3187 ct

1955 3241 2134 3294 statim
2169 3239 2409 3309 prmcipit
2431 3238 2654 3308 Agapio,
2685 3234 3061 3304 utSmaragdi,
3106 3247 3266 3301 quam
3303 3236 3538 3298 oportet,

1957 3348 2142 3386 curam
2173 3340 2341 3401 gerat,
2367 3347 2476 3385 non
2501 3331 2674 3385 solum
2707 3329 2760 3382 in
2781 3327 3138 3397 spiritalibus,
3163 3324 3258 3378 sed
3286 3323 3448 3375 etiam
3486 3319 3543 3372 in

1955 3425 2021 3479 iis
2067 3441 2188 3494 quae
2237 3425 2303 3478 ad
2364 3439 2564 3493 corpus
2630 3422 2925 3493 pertinent,
2994 3417 3169 3488 quoad
3266 3415 3384 3483 ejus
3427 3413 3543 3468 fieri

1957 3517 2184 3586 poterit,
2237 3526 2296 3570 ut
2341 3516 2491 3569 nulla
2551 3530 2610 3569 re
2669 3512 2977 3567 necessaria
3036 3509 3290 3578 indigeat.
3359 3507 3544 3572 Itaque

1959 3609 2119 3662 beata
2162 3608 2272 3670 illa,
2305 3617 2366 3662 ut
2391 3607 2440 3661 ei
2489 3614 2600 3660 erat
2642 3613 2874 3676 gratum,
2925 3602 3153 3656 liberata
3201 3614 3228 3652 a
3258 3595 3542 3658 molestiis,

1957 3702 2012 3756 in
2096 3701 2374 3756 Christum
2443 3700 2614 3770 magis
2689 3698 2840 3753 auxit
2920 3708 3206 3758 amorem,
3269 3688 3545 3743 laboribus

1957 3793 2178 3864 quidem
2228 3793 2435 3848 addens
2483 3791 2736 3854 labores,
2789 3788 3013 3860 jejuniis
3043 3795 3223 3840 autem
3249 3781 3542 3852 jejunium,

1960 3895 2015 3939 et
2069 3884 2344 3955 prioribus
2378 3883 2574 3954 vigiliis
2617 3883 2920 3954 adjnngens
2971 3879 3237 3949 majorem
3285 3874 3546 3929 adversus

1961 3991 2213 4032 somnum
2262 3976 2714 4038 decertationem,
2771 3974 2906 4028 adeo
2957 3982 3019 4026 ut
3084 3978 3142 4024 et
3199 3969 3314 4038 ipse
3349 3967 3544 4020 videns

276 4067 601 4138 ποιουμένη,
625 4067 700 4131 ὡς
732 4068 942 4138 ὁρῶντα
992 4071 1084 4122 τὸν
1124 4071 1384 4138 Ἀγάπιον
1428 4073 1594 4126 αὐτόν
1640 4092 1699 4128 τε
1733 4075 1847 4128 θαυ-

1960 4070 2250 4123 miraretur
2277 4068 2532 4138 Agapius,
2562 4078 2615 4122 et
2643 4068 2756 4122 haec
2779 4067 2898 4121 aliis
2941 4063 3229 4120 manifesta
3261 4061 3541 4116 redderet.

281 4157 501 4228 μάζειν,
529 4161 622 4211 καὶ
648 4159 782 4228 δῆλα
808 4160 981 4215 ταῦτα
1003 4162 1098 4216 καὶ
1120 4165 1231 4226 τοῖς
1254 4163 1435 4227 ἄλλοις
1466 4167 1661 4220 ποιεῖν.
1694 4167 1860 4222 Ἀλλὰ

276 4249 456 4303 ταῦτα
486 4252 587 4320 μὲν
620 4249 748 4305 ὖστε
759 4269 870 4321 ρον.

353 4343 432 4399 9'.
471 4347 538 4397 *Α
569 4344 628 4397 δὲ
661 4345 910 4415 παρῆκεν
941 4348 970 4400 ό
994 4345 1170 4416 λόγος,
1201 4351 1280 4412 είς
1302 4350 1398 4422 τὴν
1425 4352 1604 4406 οἰκίαν
1635 4353 1863 4406 ἐπανελ-

277 4435 394 4491 θὼν
455 4439 563 4490 ἀπὸ
604 4439 702 4508 τῆς
756 4441 926 4510 μονῆς
983 4442 1012 4493 ὁ
1059 4442 1264 4513 πατὴρ,
1309 4446 1402 4498 καὶ
1458 4445 1558 4516 τὴν
1600 4446 1863 4516 φιλτάτην

1960 4161 2067 4217 Sed
2104 4161 2220 4216 haec
2248 4161 2467 4231 quidem
2499 4170 2712 4231 postea.

2034 4357 2126 4412 IX.
2154 4357 2284 4424 Qure
2313 4366 2497 4411 autem
2543 4351 2992 4424 praetermisimus
3036 4348 3238 4412 dicere,
3271 4358 3418 4398 nunc
3451 4358 3542 4396 re-

1967 4465 2306 4505 censeamus.
2377 4447 2512 4503 Cum
2570 4447 2689 4516 ejus
2761 4455 2916 4516 pater
2966 4443 3183 4496 tandem
3251 4438 3395 4493 domi
3439 4453 3544 4490 non

277 4531 450 4583 παῖδα
502 4531 577 4602 μὴ
623 4535 894 4603 εὑρηκὼς,
935 4534 1129 4605 πρῶτα
1184 4536 1282 4605 μὲν
1317 4515 1521 4601 παῖδας
1543 4539 1638 4591 καὶ
1669 4515 1847 4592 παιδί¹

1967 4544 2156 4596 atlesse
2216 4539 2592 4594 charissimam
2647 4537 2810 4591 tiliam
2865 4533 3252 4604 cognovisset,
3307 4527 3546 4596 primum

280 4637 424 4684 σκας
469 4624 989 4694 παραστησάμενος,
1031 4625 1365 4680 ἐπυνθάνετο
1418 4627 1537 4690 πῶς
1581 4629 1740 4682 τοῦτο
1766 4630 1860 4698 γέη

279 4729 446 4780 γονε,
501 4713 598 4766 καὶ
652 4715 790 4784 πρὸς
829 4715 952 4768 τίνα
1003 4716 1298 4786 πορευθείη
1346 4715 1456 4769 τῶν
1514 4719 1793 4785 συγγενῶν
1825 4720 1859 4790 ἢ

279 4803 535 4874 συνήθων
563 4805 597 4871 ἡ
625 4804 868 4876 θυγάτηρ
903 4807 1110 4876 ἠρώτα.
1169 4807 1256 4871 Ὠς
1290 4809 1346 4862 δὲ
1398 4804 1544 4863 οὗτοι
1581 4810 1679 4881 μὲν
1725 4810 1860 4881 ἔφη.

280 4913 408 4957 σαν,
445 4895 684 4965 ἑσπέρας
720 4898 860 4949 κατὰ
904 4897 964 4949 τὸ
993 4897 1224 4966 σύνηθες
1250 4897 1349 4961 τὰς
1381 4897 1477 4950 τοῦ
1507 4899 1861 4952 κοινωνίσκου

280 4986 582 5042 κλείσασαν
610 4987 780 5057 θύρας
810 4989 1137 5055 άφυπνῶσαι
1179 4993 1246 5059 τῇ
1285 4989 1462 5063 κλίνῃ,
1495 4991 1663 5044 ἕωθεν
1691 4991 1748 5044 δέ
1788 4992 1862 5061 μὴ

281 5081 585 5150 προῖούσης
620 5081 790 5150 αὐτῆς
823 5081 1085 5134 εἰσελθεῖν
1115 5083 1208 5135 καὶ
1238 5083 1401 5154 κενὴν
1434 5085 1605 5155 αὐτῆς
1639 5086 1735 5139 καὶ
1763 5087 1863 5155 τὴν

277 5174 478 5242 κλίνην
514 5174 610 5226 καὶ
652 5171 751 5243 τὴν
793 5173 970 5226 οίκίαν
999 5174 1197 5244 εὑρεῖνο
1243 5177 1394 5246 παρὰ
1433 5177 1525 5228 τὸν
1574 5177 1863 5248 μνηστῆρα

279 5265 540 5322 ἀπελθεῖν
558 5267 762 5335 ταύτην
793 5264 955 5335 ᾢετο,
982 5267 1076 5320 καὶ
1102 5266 1348 5337 πέμψας,
1389 5269 1439 5320 εἰ
1468 5269 1606 5338 πρὸς
1631 5269 1792 5322 αὑτὸν
1826 5273 1858 5340 ή

281 5359 612 5430 Εὐφροσύνη
676 5362 1056 5429 παραγέγονεν
1115 5359 1464 5416 ἐπυνθάνετο.
1535 5360 1623 5424 Ὠς
1664 5361 1720 5414 δὲ
1768 5363 1864 5414 καὶ

278 5454 448 5516 αἰτὸς
493 5457 522 5507 ὁ
564 5455 813 5524 μνηστήρ
857 5455 1012 5507 οὐδὲν
1049 5454 1160 5506 τῶν
1194 5453 1622 5523 συμϐεϐηκότων
1652 5453 1861 5523 μαθὼν,

277 5547 365 5615 τῷ
411 5545 660 5615 αίιρνιδίῳ
709 5545 808 5614 τῆς
847 5546 1109 5613 ἀγγελίας
1157 5547 1406 5617 ταραχῆς
1457 5549 1553 5599 καὶ
1626 5545 1860 5616 θορύϐου

282 5639 570 5707 πλησθεὶς,
613 5637 748 5707 πρὸς
798 5638 962 5691 αὐτὸν
997 5638 1396 5708 παραγέγονεν·
1441 5631 1567 5710 εὗρε
1600 5639 1691 5692 τὸν
1749 5640 1864 5694 Πα-

279 5730 535 5801 ιρνιύτιον
563 5731 668 5784 ὑπὸ
703 5729 812 5784 τῶν
833 5732 1114 5800 πατρικῶν
1137 5731 1460 5803 σπλάγχνων
1485 5733 1862 5803 νενικημένον,

279 5822 532 5877 τίλλοντά
570 5838 629 5877 τε
661 5821 723 5877 τὸ
751 5823 978 5894 γένειον,
1005 5825 1096 5880 καὶ
1141 5828 1249 5889 τοῖς
1287 5825 1433 5892 ὄνυξι
1479 5825 1576 5896 τὴν
1628 5825 1862 5898 παρειὰν

1966 4633 2182 4702 quidem
2229 4631 2477 4686 adductis
2523 4630 2740 4684 famulis
2779 4636 2833 4681 et
2874 4625 3106 4687 ancillis,
3147 4621 3364 4690 rogabat
3413 4619 3544 4687 quid

1965 4728 2070 4781 huc
2097 4733 2263 4791 esset,
2294 4723 2364 4778 ρι’
2375 4724 2772 4782 sciscitabatur,
2809 4721 2873 4774 ad
2917 4734 3080 4789 quem
3107 4731 3226 4770 eam
3259 4731 3326 4768 ex
3349 4727 3549 4781 cogna-

1967 4815 2034 4868 tis
2057 4823 2150 4868 ant
2201 4812 2554 4866 familiaribus
2605 4809 2847 4880 profecta
2895 4816 3039 4860 esset
3081 4804 3208 4858 lilia.
3257 4801 3394 4856 Cum
3450 4814 3547 4851 au-

1968 4916 2074 4961 tem
2107 4907 2143 4960 ii
2173 4907 2390 4976 quidem
2422 4905 2685 4958 dixissent
2710 4918 2827 4956 eam
2861 4913 3104 4969 vespere,
3149 4905 3456 4966 postquam,
3488 4900 3548 4944 ut

1965 5003 2342 5056 consueverat,
2369 4994 2567 5048 ostium
2592 4993 2877 5047 clausisset
2903 4987 3166 5047 cubiculi,
3189 4987 3242 5039 in
3271 4987 3409 5038 lecto
3423 4983 3550 5036 dor-

1966 5085 2151 5139 miisse
2181 5101 2377 5151 ;maue
2407 5094 2610 5148 autem,
2642 5100 2704 5137 ea
2740 5099 2850 5138 non
2893 5080 3248 5153 procedente,
3285 5090 3381 5130 eos
3423 5089 3548 5128 esse

1966 5177 2242 5246 ingressos
2263 5218 2276 5241 ,
2311 5187 2366 5232 et
2417 5177 2690 5232 invenisse
2723 5191 2952 5231 vacuum
2986 5176 3103 5242 ejus
3136 5173 3335 5226 lectum
3367 5177 3422 5223 et
3451 5167 3550 5222 do—

1966 5286 2138 5333 mum,
2190 5271 2557 5325 arbitrabatur
2585 5287 2704 5326 eam
2738 5271 2938 5324 abiisse
2967 5269 3032 5323 ad
3059 5281 3320 5338 sponsum
3348 5280 3361 5318 :
3399 5269 3451 5315 et
3479 5260 3547 5315 ad

1966 5379 2089 5418 eum
2133 5364 2374 5429 mittens,
2422 5364 2658 5434 rogavit,
2704 5380 2772 5417 an
2825 5364 2889 5417 ad
2935 5364 3112 5432 ipsum
3153 5359 3394 5414 venisset
3442 5353 3550 5407 Eu-

1966 5457 2261 5528 phrosyne.
2298 5457 2584 5526 Postquam
2633 5465 2814 5510 autem
2861 5457 2976 5526 ipse
3026 5467 3241 5522 quoque
3287 5460 3547 5519 sponsus.

1966 5549 2056 5617 qui
2086 5547 2218 5602 nihil
2252 5559 2532 5618 acceperat
2561 5565 2750 5602 eorum
2801 5563 2922 5616 qum
2950 5546 3261 5601 acciderant
3287 5580 3300 5605 .
3351 5552 3549 5606 repen-

1970 5639 2081 5694 tino
2127 5639 2322 5693 nuntio
2374 5640 2724 5709 perturbatus
2775 5639 2841 5692 ad
2891 5653 3015 5692 eum
3041 5634 3291 5695 accessit,
3337 5627 3547 5684 invenit

1970 5733 2334 5802 Paphnutium
2365 5733 2561 5786 victum
2598 5748 2627 5786 a
2669 5731 2909 5802 paternis
2938 5727 3258 5788 visceribus,
3291 5722 3545 5778 barbam-

1967 5843 2071 5898 qnc
2121 5826 2448 5895 vellentem,
2491 5835 2542 5882 et
2580 5841 2744 5899 genas
2791 5825 3114 5881 lacerantem
3151 5819 3458 5893 unguibus,
3489 5824 3546 5874 et
