3868 6470
395 341 503 408 315

1609 352 1894 414 MENSIS
1934 354 2409 418 JANUARIUS.

3546 367 3652 432 316

395 456 776 514 miserabiliter
801 455 1069 512 dicentem
1093 477 1105 513 :
1134 457 1253 525 Quo
1283 459 1524 531 proiecta
1559 477 1638 528 es,
1679 464 1784 517 ﬁlia
1809 465 1832 517 ?
1860 465 1968 519 Cur

2082 464 2492 530 καταξαίνονταο
2535 467 2651 529 καὶ,
2691 470 2790 522 Ποῖ
2817 469 3187 540 πεπόρευσαι,
3221 470 3412 525 τέκνον
3441 489 3454 538 ;
3487 472 3657 528 ἐλεει-

396 567 482 604 me
513 561 662 605 tuum
697 560 1009 621 parentem,
1040 551 1312 621 lugentem
1342 562 1396 608 et
1431 555 1636 610 tristem
1672 557 1971 626 reliquisti?

397 643 512 697 Non
545 653 595 698 te
624 644 688 698 ad
720 645 860 699 hanc
899 659 1049 714 Spem
1081 646 1312 708 alcbam.
1360 648 1453 704 sed
1496 659 1554 704 ut
1591 651 1845 704 haberem
1876 652 1972 706 ba-

396 735 577 788 culum
634 736 972 798 senectutis,
1015 747 1071 790 et
1107 737 1358 792 solatium
1414 740 1817 796 imbecillitatis.
1872 741 1969 796 llei

399 829 553 891 mihi,
575 827 699 890 lilia,
726 842 834 894 quo
859 828 1019 883 modo
1043 827 1211 884 feram
1238 831 1312 884 tui
1339 831 1662 887 orbitatem?
1687 832 1971 900 Quomodo

399 919 574 986 patiar
598 916 970 984 solitudinem,
993 933 1117 972 cum
1147 919 1199 972 in
1227 930 1276 974 te
1306 923 1418 975 sola
1443 936 1596 991 spem
1621 922 1971 976 deﬁxisscm?

398 1008 517 1062 Non
566 1017 650 1063 est
713 1009 846 1063 mihi
893 1011 1128 1079 amplius
1187 1012 1327 1066 ullus
1370 1013 1549 1076 (ilius,
1611 1021 1664 1067 ut
1720 1012 1791 1068 ad
1843 1030 1966 1068 eum

396 1100 678 1170 aspiciam,
701 1110 757 1156 et
777 1118 938 1171 quem
978 1111 1197 1171 propter
1243 1114 1293 1158 te
1339 1105 1494 1174 capio
1519 1145 1534 1170 ,
1575 1105 1776 1161 doloris
1804 1123 1870 1162 ex
1905 1124 1970 1162 eo

397 1195 668 1249 inveniam
733 1196 1005 1250 solatium.
1073 1195 1434 1252 Nlhilumiuus
1496 1199 1750 1265 dolebat,
1808 1214 1972 1269 quam

396 1297 570 1357 pater,
611 1303 864 1357 sponsus,
895 1299 950 1343 et
977 1291 1339 1345 contendebat
1377 1306 1498 1345 cum
1532 1290 1676 1348 illius
1704 1291 1970 1346 lamenta-

401 1383 659 1447 tionibus,
691 1393 886 1452 prtmer
927 1399 1077 1453 spem
1113 1385 1202 1438 ta'i
1248 1386 1390 1438 bono
1421 1385 1728 1440 frustratus.
1763 1386 1972 1439 Consu-

398 1477 544 1532 lebat
571 1487 771 1541 tamen,
801 1486 859 1531 ut
883 1478 1173 1532 viriliorcm
1199 1479 1536 1548 susciperent
1566 1479 1967 1550 cogitationem,

398 1580 454 1625 et
491 1571 670 1624 missis
722 1571 1215 1636 lamentationibus,
1260 1580 1544 1640 surgerent
1574 1571 1638 1624 ad
1671 1587 1788 1625 eam
1822 1588 1973 1641 quaa-

398 1662 646 1716 rendam.
707 1660 928 1715 Mittunt
969 1676 1098 1732 ergo
1151 1677 1311 1730 quam
1362 1663 1600 1730 primum
1649 1663 1704 1717 in
1749 1679 1968 1718 omnem

397 1761 627 1823 partem,
667 1752 760 1823 qui
805 1751 950 1805 illam
992 1761 1370 1806 scrutarentur
1405 1772 1418 1808 :
1452 1763 1503 1808 et
1550 1755 1972 1824 proﬁciscuntur

397 1845 606 1912 equites
637 1843 690 1897 in
724 1841 969 1915 Libyam.
1011 1852 1065 1898 et
1111 1842 1433 1916 Egyptum,
1483 1854 1539 1900 et
1581 1846 1752 1915 ipsam
1797 1847 1968 1901 Palae-

395 1935 613 1990 stinam.
638 1934 815 1990 Porta:
833 1947 1286 2006 praeoccupantur
1307 1937 1608 1999 civitatum,
1636 1949 1973 2007 occupantur

395 2034 605 2093 portus,
640 2024 763 2086 vite.
799 2026 975 2090 trivia,
1010 2035 1062 2080 et
1085 2027 1128 2079 si
1162 2026 1290 2096 quid
1317 2036 1453 2088 erat,
1483 2029 1627 2096 quod
1664 2028 1882 2092 latebat,
1917 2039 1974 2084 et

396 2126 608 2188 poterat
635 2117 832 2174 celare.
871 2118 978 2175 Sed
1024 2118 1117 2174 Dei
1154 2135 1312 2190 agna,
1346 2135 1469 2188 qute
1495 2121 1563 2174 ab
1604 2120 1724 2191 ipso
1751 2121 1967 2175 celaha-

399 2217 509 2273 tur,
555 2223 664 2262 non
715 2217 925 2279 poterat
975 2210 1091 2279 capi
1131 2210 1200 2265 ab
1243 2211 1307 2264 iis
1355 2211 1445 2280 qui
1495 2227 1612 2264 eam
1677 2212 1970 2282 cupiebant

397 2313 611 2370 capere.
645 2299 927 2366 Quomodo
963 2303 1133 2366 enim,
1168 2317 1293 2357 cum
1324 2302 1414 2358 ille
1447 2304 1662 2358 nollet?

467 2471 538 2528 Χ.
570 2471 732 2528 Omni
764 2489 892 2545 ergo
915 2491 982 2530 ex
1016 2485 1170 2545 parte
1215 2475 1414 2531 dubius
1437 2485 1555 2531 erat
1598 2486 1653 2531 et
1682 2479 1972 2548 perplexus

303 2567 306 2570 ’
403 2563 743 2635 Paphnutius
767 2606 782 2630 ,
814 2582 922 2620 non
965 2568 1170 2622 habens
1198 2610 1212 2633 ,
1257 2568 1348 2638 qui
1382 2583 1506 2622 eum
1549 2571 1925 2625 consolaretur
1956 2586 1971 2625 :

409 2672 532 2710 nam
569 2665 622 2711 et
660 2658 854 2712 domus
896 2659 1374 2715 lamentationibus
1419 2661 1578 2731 plena
1619 2671 1736 2717 erat
1777 2672 1834 2717 et
1873 2661 1976 2718 ﬂe-

402 2749 568 2812 tibus,
604 2760 660 2804 et
693 2750 954 2820 quidquid
981 2752 1029 2806 ei
1058 2752 1374 2808 occurrebat
1403 2754 1779 2824 spectandum,
1808 2755 1976 2811 duce-

2073 554 2181 617 νῶς
2213 555 2532 624 ἐπιλέγοντα
2557 573 2572 591 ο
2596 559 2650 610 τί
2679 575 2746 629 με
2777 561 2866 612 τὸν
2893 560 2984 613 σὺν
3019 562 3241 615 πενθεῖν
3273 563 3366 616 καὶ
3404 564 3654 636 σκυθρω-

2077 645 2269 710 πάζειν
2299 651 2596 719 γεννήτορα
2627 651 3064 718 καταλέλοιπαςς
3101 653 3204 706 οὐκ
3249 655 3343 707 ἐπὶ
3373 655 3654 721 τοιαύταις

2075 736 2286 789 ἐλπίσιν
2323 738 2644 808 ἀνέτρεφον,
2673 740 2787 793 ἀλλ’
2831 739 2972 794 ὥστε
3008 743 3314 814 βακτηρίαν
3341 745 3435 798 τοῦ
3468 748 3653 816 γήρως

2075 826 2240 896 ἔχειν,
2271 830 2364 883 καὶ
2391 831 2487 899 τῆς
2514 832 2801 896 ἀσθενείας
2861 834 3232 905 παράκλησιν.
3289 838 3359 890 Οἵ
3388 856 3478 907 μοι
3514 839 3528 894 l
3565 840 3654 893 τέ-

2075 933 2200 971 κνον
2225 919 2376 989 ἐμὸν,
2406 920 2522 984 πῶς
2550 921 2648 994 τὴν
2682 922 2782 993 σὴν
2812 925 2948 978 οῖσω
2976 927 3231 998 στέρησιν
3255 944 3271 994 ;
3299 929 3416 992 πῶς
3448 930 3656 996 ὲνέγγω

2075 1011 2176 1079 τὴν
2231 1011 2502 1080 μόνωσιν;
2537 1014 2629 1066 ἐπὶ
2684 1017 2766 1068 σοὶ
2817 1017 2955 1092 μόνῃ
2983 1017 3082 1082 τὰς
3125 1019 3351 1084 ἐλπίδας
3389 1021 3652 1075 σαλεύων·

2073 1099 2173 1152 οὑκ
2203 1099 2318 1154 ἔστι
2349 1118 2443 1170 μοι
2470 1103 2661 1156 τέκνον
2700 1104 2890 1174 ἕτερον
2912 1105 2985 1167 ώς
3021 1107 3107 1158 ἐπ’
3138 1105 3289 1177 αὺτῷ
3313 1107 3528 1176 βλέψαι,
3562 1109 3657 1161 καὶ

2072 1195 2172 1263 τῆς
2217 1197 2307 1249 ἐπὶ
2343 1198 2426 1250 σοὶ
2451 1197 2629 1268 λύπης
2662 1198 2944 1270 ἀναψυχὴν
2973 1201 3245 1269 ὲφευρεῖν.
3293 1197 3350 1253 '0
3403 1200 3655 1270 pvrjotijp

2073 1288 2130 1341 δὲ
2161 1289 2256 1342 καὶ
2279 1289 2440 1352 αὐτὸς
2460 1289 2612 1343 οὐδὲν
2639 1286 2802 1363 ἦττον
2829 1290 2922 1344 τοῦ
2949 1293 3154 1362 πατρὸς
3183 1292 3360 1361 ἤλγει,
3391 1292 3490 1346 καὶ
3521 1294 3659 1363 πρὸς

2073 1381 2199 1442 τοὺς
2218 1380 2428 1432 ἐκείνου
2455 1380 2684 1452 θρήνους
2721 1381 3108 1453 ἁμιλλώμενος
3133 1381 3222 1454 ἧν,
3249 1383 3495 1437 τοιούτου
3517 1403 3661 1454 παρ-

2075 1472 2266 1526 ελπίδα
2300 1472 2557 1542 ψευσθεὶς
2587 1473 2819 1542 ἀγαθοῦ.
2871 1475 3234 1529 Συνεϐούλευε
3277 1476 3335 1529 δὲ
3375 1479 3526 1547 ὅμως
3562 1478 3660 1529 ἁν-

2072 1564 2402 1637 δρικώτερόν
2435 1581 2489 1618 τι
2520 1566 2810 1636 φρονῆσαι,
2845 1567 3069 1621 καὶτῶν
3102 1567 3316 1638 θρήνων
3346 1567 3660 1637 ἀφεμένους

2075 1656 2166 1707 ἐπὶ
2217 1655 2317 1724 τὴν
2378 1654 2595 1724 ἐκείνης
2654 1655 3007 1726 διαναστῆναι
3061 1656 3312 1728 ζήτησιν.
3370 1659 3661 1728 Πέμπουσι

2072 1742 2166 1800 οὖν
2207 1748 2270 1800 τὸ
2313 1747 2476 1816 τάχος
2520 1748 2815 1818 ἅπανταχῆ
2862 1748 2989 1812 τοὺς
3020 1749 3224 1819 ταύτην
3264 1750 3663 1821 ἀνερευνήσον-

2072 1855 2195 1901 τας,
2253 1839 2348 1892 καὶ
2399 1839 2585 1897 ἱππεῖς
2642 1839 2951 1892 στέλλονται
3003 1842 3144 1893 κατά
3192 1858 3250 1894 τε
3307 1841 3517 1911 Λιϐύην
3566 1845 3663 1894 καὶ

2078 1929 2354 1996 Λίγυπτον
2391 1928 2487 1981 καὶ
2537 1929 2901 2000 Παλαιστίνην
2938 1930 3131 1998 αὐτὴν
3193 1931 3664 2001 προκαταλαμϐά-

2071 2037 2252 2074 νονται
2284 2020 2537 2089 λιμένες,
2575 2021 2741 2075 πύλαι
2772 2021 2979 2076 πόλεων
2999 2039 3011 2052 ·
3033 2023 3662 2095 προκαταλαμϐάνονται

2071 2113 2217 2174 ὁδοὶ,
2269 2113 2532 2182 ἄμφοδοι,
2569 2115 2926 2185 μοναστήρια,
2959 2115 3053 2167 καὶ
3111 2114 3166 2166 ετ
3189 2132 3242 2167 τι
3273 2114 3530 2168 λανθάνον
3569 2111 3661 2186 ἦν,

2075 2211 2168 2258 καὶ
2235 2206 2500 2277 κρύπτειν
2539 2206 2858 2277 δυνάμενον.
2901 2205 3043 2260 Ἀλλ’
3071 2209 3104 2276 ἡ
3157 2206 3250 2260 τοῦ
3297 2207 3432 2260 Θεοῦ
3486 2206 3668 2276 ἀμνὰς

2077 2300 2171 2352 ὑπ’
2228 2299 2396 2353 αὐτοῦ
2433 2301 2789 2371 κρυπτομένη
2838 2301 2951 2363 τοῖς
2979 2298 3163 2354 λαϐεῖν
3214 2300 3469 2369 ζητοῦσιν
3529 2299 3668 2369 ἅλη-

2073 2409 2206 2456 πτος
2255 2387 2343 2463 ἦν·
2380 2392 2498 2457 πῶς
2528 2393 2662 2464 γὰρ,
2707 2394 2916 2447 ἐκείνου
2972 2394 3047 2466 μὴ
3093 2393 3454 2464 βουλομένους

2145 2484 2198 2540 l'.
2233 2485 2505 2540 Πάντοθεν
2536 2482 2630 2540 οὖν
2685 2485 3061 2557 ἀπορούμενος
3109 2489 3136 2540 ό
3173 2486 3531 2556 Παφνούτιος,
3569 2487 3670 2542 καὶ

2073 2579 2149 2650 μὴ
2183 2579 2324 2650 ἔχων
2383 2580 2474 2634 τὸν
2533 2579 3110 2649 παραμυθησόμενον·
3176 2581 3211 2651 ἢ
3253 2596 3314 2632 τε
3371 2579 3480 2649 γὰρ
3515 2582 3672 2634 οἰκία

2077 2669 2294 2741 θρήνων
2323 2671 2419 2723 κα)⁸
2449 2669 2703 2741 ὀδυρμῶν
2735 2669 3086 2740 πεπλήρωτο,
3119 2670 3215 2728 καὶ
3258 2672 3366 2724 πᾶν
3396 2669 3457 2722 τδ
3491 2687 3670 2741 προσ-

2073 2763 2280 2817 πῖπτον
2315 2763 2394 2826 είς
2424 2763 2554 2816 θέαν
2586 2763 2720 2832 πρὸς
2754 2762 2977 2816 πλείονα
3001 2762 3096 2815 τοῦ
3122 2762 3327 2824 πάθους
3356 2762 3670 2834 ἀνάμνησιν

400 2841 492 2894 bat
531 2841 598 2896 ad
647 2842 906 2912 majorem
954 2844 1081 2899 mali
1127 2845 1608 2900 reminiscentiam.
1658 2846 1786 2901 Sive
1828 2848 1972 2902 enim

2082 2851 2227 2929 ἦγεν.
2261 2857 2386 2910 Εἴτε
2427 2856 2496 2910 τὰ
2549 2855 2744 2922 ἱμάτια
2798 2853 3052 2925 ἐκείνης,
3085 2854 3194 2908 εἴτε
3235 2871 3288 2908 τι
3329 2855 3576 2923 κόσμιον,
3625 2855 3666 2926 ἢ

401 2934 570 2988 vestis
615 2936 754 3004 ejus,
777 2951 888 2992 .seu
933 2947 1314 2992 ornamentum
1358 2937 1595 3008 aliquod,
1631 2947 1725 2993 aut
1773 2939 1976 3008 aliquid

400 3024 544 3078 aliud
576 3025 714 3080 forte
755 3027 1032 3082 videretur
1088 3043 1360 3097 praesens.
1398 3029 1448 3084 id
1488 3039 1606 3084 erat
1631 3030 1846 3084 occasio
1881 3030 1976 3084 fle-

2072 2949 2262 3020 ἓτερόν
2293 2966 2346 3002 τι
2379 2947 2524 3003 κατὰ
2549 2947 2728 3018 τύχην
2790 2947 2979 3018 ώράθη
3011 2946 3202 3016 παρὸν,
3251 2947 3473 3017 ἀφορμὴ
3503 2946 3670 3000 τοῦτο

2075 3037 2146 3114 ἦν
2198 3042 2475 3114 ὀδυρμῶν*
2510 3042 2606 3096 καὶ
2663 3041 2908 3111 δμμασιν
2969 3042 3154 3093 ἐκεῖνα
3201 3039 3528 3108 περιτιθεὶς,
3567 3039 3673 3092 καὶ

403 3117 584 3177 tuum,
630 3103 684 3167 et
715 3113 845 3167 illud
893 3115 1179 3185 imponens
1211 3117 1404 3183 oculis,
1458 3128 1514 3172 et
1567 3134 1689 3173 cutn
1740 3120 1977 3177 maximo

2082 3103 2436 3189 ποθεινότατα
2483 3103 2872 3205 περιστρέφων
2926 3103 3291 3202 κατάϐροχον*
3321 3103 3521 3184 ἐποίει
3553 3133 3676 3196 τοῖς

403 3215 628 3256 versans
664 3202 954 3270 desiderio,
1007 3206 1354 3263 humectabat
1417 3210 1687 3280 lacrymis.
1744 3211 1976 3268 Horrore

401 3306 533 3360 ergo
559 3294 710 3348 omni
740 3309 807 3349 ex
837 3306 990 3366 parte
1027 3303 1326 3368 appetitus,
1359 3308 1414 3356 et
1442 3318 1547 3358 non
1591 3304 1776 3358 valens
1806 3305 1978 3360 medi-

401 3391 713 3439 camentum
761 3386 1010 3445 invenire
1062 3393 1128 3446 ad
1191 3393 1485 3460 solatium,
1547 3396 1736 3451 statuit
1789 3412 1980 3453 rursus

403 3472 591 3529 venire
617 3476 964 3550 admagnum
995 3481 1146 3537 illum
1183 3499 1370 3540 senem
1392 3527 1406 3551 ,
1441 3503 1540 3557 per
1585 3502 1746 3558 quem
1785 3489 1980 3560 dignus

401 3575 522 3621 erat
551 3567 768 3625 habitus
793 3575 968 3629 vocari
995 3575 1114 3645 ejus
1141 3586 1315 3647 pater,
1346 3588 1402 3634 et
1434 3595 1656 3635 narrare
1679 3584 1820 3651 quod
1855 3597 1982 3637 eve-

405 3665 574 3711 nerat.
625 3658 714 3713 Sic
747 3660 892 3716 enim
925 3666 1220 3731 statuebat,
1247 3668 1391 3736 quod
1417 3669 1508 3738 qui
1539 3684 1682 3736 eam,
1713 3685 1833 3740 quae
1867 3685 1980 3727 non

402 3756 539 3812 erat,
571 3760 822 3819 potuerat
845 3755 957 3809 suis
987 3757 1230 3826 praebere
1259 3760 1534 3828 precibus,
1573 3761 1618 3815 is
1646 3777 1766 3816 eam
1806 3765 1974 3819 laten¢

405 3847 512 3894 tem
548 3843 746 3910 poterit
793 3845 1023 3900 reddere
1068 3848 1434 3904 manifestam.
1482 3850 1641 3906 Venit
1684 3852 1865 3923 itaque
1910 3855 1981 3910 ad

401 3947 568 3996 eum,
619 3941 675 3987 et
715 3934 782 3988 ad
824 3935 968 3990 illius
1003 3938 1171 4008 pedes
1222 3941 1513 4008 procidens
1549 3959 1562 3993 :
1599 3941 1696 3996 llei
1748 3945 1903 4004 mihi.
1948 3961 1981 4000 o

406 4021 590 4087 l’ater,
627 4023 882 4079 clamavit
916 4043 929 4080 :
970 4029 1181 4098 perdidi
1224 4030 1465 4085 fructum
1514 4041 1728 4089 tuarum
1781 4038 1982 4092 oratio-

406 4131 558 4180 num,
611 4127 666 4171 et
717 4133 835 4172 sum
887 4121 1054 4175 orbus
1099 4123 1298 4186 liberis,
1349 4124 1442 4193 qui
1479 4140 1577 4195 per
1615 4135 1666 4180 te
1696 4128 1979 4197 pulchram

409 4205 671 4261 habebam
709 4209 936 4278 prolem.
972 4211 1176 4267 Invidia
1224 4215 1456 4283 alicujus
1503 4217 1768 4273 dznmouis
1821 4222 1984 4290 periit

407 4294 763 4368 Euphrosyne
784 4299 1124 4357 domusmete
1153 4304 1367 4358 laetitia:
1398 4307 1560 4376 periit
1589 4317 1783 4376 praeter
1805 4325 1977 4380 spetn,

406 4387 557 4443 nullo
589 4390 795 4446 sciente
839 4407 903 4446 ex
946 4393 1288 4463 domesticis,
1340 4398 1428 4452 ubi
1476 4399 1566 4464 sit,
1613 4401 1696 4455 vel
1743 4418 1978 4471 quonam

2078 3227 2332 3298 δάκρυσι.
2372 3227 2719 3298 Πανταχόθεν
2752 3222 2847 3280 οὖν
2892 3229 2959 3296 τῇ
3011 3225 3156 3298 λύπῃ
3186 3223 3510 3294 βαλλόμενος
3535 3222 3676 3275 ἁνα-

2078 3320 2264 3391 ψυχὴν
2327 3320 2509 3390 εὑρεῖν
2547 3321 2621 3391 μὴ
2655 3319 2977 3389 δυνάμενος,
3010 3317 3147 3390 πρὸς
3179 3317 3272 3371 τὸν
3303 3319 3478 3387 μέγαν
3511 3313 3676 3377 αὖθις

2080 3413 2255 3467 ἐλθεῖν
2285 3411 2644 3466 ἐϐουλεύσατο
2693 3413 2946 3482 γέροντα,
2975 3410 3044 3464 δι’
3081 3404 3143 3463 οὗ
3181 3409 3365 3478 πατὴρ
3398 3407 3673 3476 κληθῆναι

2081 3504 2291 3572 ταύτης
2321 3503 2570 3575 ἠξίωται,
2601 3503 2777 3558 καὶτὸ
2800 3502 3023 3572 γεγονὸς
3052 3501 3438 3573 διηγήσασθαι.
3475 3500 3673 3571 Ἐκρι-

2079 3615 2137 3653 νε
2168 3598 2276 3670 γὰρ
2303 3595 2478 3662 οὕτως
2520 3597 2602 3650 ὅτι
2633 3613 2741 3667 περ
2789 3597 2818 3649 ὁ
2881 3595 2956 3666 μὴ
2995 3593 3166 3648 οὖσαν
3225 3595 3394 3662 αὐτὴν
3443 3591 3676 3656 δυνατδς

2081 3690 2377 3759 γενόμενος
2415 3687 2503 3742 διὰ
2539 3687 2651 3742 τῶν
2685 3685 2853 3740 αὑτοῦ
2893 3685 3074 3756 εὐχῶν
3116 3683 3423 3756 παρασχεῖν
3451 3721 3468 3746 ,
3509 3675 3676 3745 οὗτος

2079 3780 2144 3851 δὴ
2177 3780 2271 3834 καὶ
2321 3779 2690 3833 λανθάνουσαν
2735 3776 2918 3841 ἱκανὸς
2960 3776 3142 3830 ἔσεται
3212 3773 3457 3845 φανερὰν
3495 3771 3677 3842 αὐτὴν

2083 3875 2219 3945 ἡμῖν
2257 3871 2623 3938 καταστῆσαι.
2663 3872 2923 3942 Ἔρχεται
2969 3869 3102 3938 γοῦν
3146 3868 3283 3939 πρὸς
3333 3865 3518 3927 αὐτὸν,
3570 3863 3676 3918 καὶ

2080 3968 2194 4028 τοῖς
2223 3966 2428 4019 ἐκείνου
2453 3962 2582 4017 ποσὶ
2607 3961 2953 4033 προσπεσὼν,
2981 3962 3048 4014 Ol
3076 3977 3189 4031 μοι,
3215 3960 3416 4027 Πάτερ,
3448 3956 3674 4024 ἐϐόησε,

2081 4055 2173 4108 τὸν
2203 4053 2414 4124 καρπὸν
2446 4052 2556 4106 τῶν
2617 4053 2725 4105 σῶν
2769 4051 2946 4121 εὐχῶν
2985 4049 3329 4109 ἀπολώλεκα,
3368 4049 3463 4100 καὶ
3499 4047 3674 4108 ἄπαις

2083 4146 2112 4196 ὁ
2144 4143 2231 4197 διὰ
2265 4141 2358 4196 σοῦ
2397 4141 2691 4204 καλλίπαις
2727 4139 2998 4212 βασκανία
3031 4138 3178 4201 τινὸς
3219 4136 3525 4206 γεγένημαι
3553 4134 3678 4188 δαί-

2089 4252 2268 4303 μονος.
2303 4234 2522 4303 Οῖχεται
2551 4233 2650 4304 τῆς
2681 4233 2820 4303 ὲμῆς
2854 4233 3034 4295 οίκίας
3064 4232 3096 4302 ἡ
3126 4226 3477 4298 Εὑφροσύνη,
3521 4227 3674 4296 οῖχε-

2083 4343 2173 4378 ται
2212 4343 2285 4378 πα
2297 4325 2342 4395 ρ’
2370 4324 2580 4386 ἐλπίδα,
2613 4324 2841 4393 μηδενὸς
2863 4323 2972 4375 τῶν
2999 4323 3138 4376 οἴκοι
3165 4318 3525 4390 γινώσκοντος
3565 4317 3672 4370 ποῦ

2085 4419 2179 4471 καὶ
2229 4418 2382 4487 παρὰ
2414 4418 2538 4470 τίνα
2573 4415 2924 4488 πεπόρευται·
2954 4415 3180 4486 χάρισόν
3229 4430 3318 4482 μοι
3347 4408 3440 4466 οὖν
3475 4413 3538 4464 σὲ
3571 4409 3672 4464 καὶ

406 4481 472 4535 sit
522 4483 786 4552 profecta.
836 4483 912 4540 Te
943 4502 1072 4558 ergo
1120 4489 1252 4544 tnihi
1304 4492 1580 4560 paululum
1629 4499 1890 4560 concede,
1924 4507 1977 4551 et

2086 4507 2209 4567 τοὺς
2249 4481 2385 4575 μετὰ
2419 4505 2539 4571 σοῦ,
2575 4508 2670 4558 καὶ
2719 4481 2920 4577 μικρόν
3079 4481 3351 4576 σχολάσας
3386 4503 3476 4557 τὸν
3534 4500 3672 4571 παρ’

401 4589 517 4637 eos,
558 4575 647 4645 qui
679 4586 804 4631 sunt
837 4587 1043 4649 tecum;
1069 4593 1122 4637 et
1152 4583 1278 4661 huic
1315 4586 1389 4640 rei
1428 4601 1629 4642 vacans
1668 4590 1980 4658 aliquantu-

405 4667 538 4732 lum,
567 4681 692 4738 pete
717 4672 786 4726 ab
820 4689 905 4737 co,
937 4676 1028 4746 qui
1063 4693 1092 4731 a
1132 4678 1234 4748 piis
1273 4679 1505 4747 colitur,
1528 4691 1603 4736 -ut
1643 4684 1776 4737 mihi
1813 4683 1982 4752 signi-

404 4761 563 4822 ﬁcet,
614 4763 834 4819 ubinam
885 4768 956 4822 sit
1002 4769 1091 4822 lux
1133 4786 1378 4826 meorum
1431 4773 1733 4828 oculorum.
1784 4775 1982 4830 Flexus

406 4849 587 4920 itaque
625 4868 814 4917 senex,
851 4865 906 4910 et
933 4857 1117 4912 animo
1162 4861 1534 4930 perturbatus,
1564 4879 1687 4919 cum
1722 4864 1983 4935 Paphnu-

405 4941 466 4996 tii
517 4943 766 5013 lacrymis
819 4957 962 5002 esset
1013 4950 1379 5022 illacrymatus
1409 4996 1424 5019 ,
1473 4958 1704 5013 accersit
1761 4974 1982 5014 omnem

407 5032 826 5102 fraternitatem,
859 5049 1125 5097 eteorum
1146 5084 1160 5107 ,
1181 5060 1302 5115 quae
1328 5045 1636 5117 Paphnutio
1652 5050 1984 5112 acciderant,

407 5126 660 5194 proponit
696 5130 1063 5188 narrationem
1101 5154 1114 5189 :
1147 5135 1419 5207 jubetquej
1456 5149 1512 5194 ut
1561 5149 1726 5194 totam
1778 5140 1985 5195 hebdo-

407 5215 621 5270 madam
679 5232 738 5272 se
784 5219 994 5289 jejunio
1038 5225 1274 5290 dedant,
1323 5239 1378 5284 et
1427 5231 1696 5296 orationi,
1751 5233 1796 5287 si
1846 5233 1986 5290 forte

405 5306 564 5363 alieni
597 5317 930 5382 apparuerit,
969 5316 1188 5374 ubinam
1233 5335 1497 5376 terrarum
1539 5326 1704 5380 lateat
1737 5325 1989 5396 Euphro-

409 5414 552 5454 sme.

477 5493 565 5550 Xl.
611 5496 724 5552 Hoc
758 5509 935 5556 tamen
967 5503 1130 5570 facto,
1167 5506 1232 5560 ad
1267 5507 1495 5562 nihilum
1529 5511 1776 5566 redibant
1799 5527 1990 5568 eorum

407 5600 616 5654 preces.
650 5585 994 5648 Resistebant
1014 5597 1159 5650 enim
1181 5597 1550 5671 Euphro~yn;e
1580 5603 1876 5667 orationes,
1896 5621 1991 5675 pc-

411 5681 576 5736 tentis
609 5691 668 5738 ut
719 5685 1082 5757 ignoraretur.
1118 5689 1400 5749 Statucbat
1443 5711 1675 5766 namque
1726 5698 1868 5754 Deus
1919 5699 1992 5752 si-

411 5785 539 5828 nere
601 5776 747 5833 illum
803 5781 982 5850 potius
1051 5799 1242 5854 parum
1299 5787 1520 5860 lugere,
1585 5806 1746 5860 quam
1808 5791 1982 5863 ipsum

2085 4597 2239 4667 ὑμῶν
2256 4599 2690 4668 θεραπευόμενον
2723 4600 2964 4669 αῖτησαι,
3001 4596 3266 4668 γνωρίσαι
3309 4613 3424 4666 μοι,
3456 4592 3559 4647 ποῦ
3589 4593 3661 4646 ἂν

2086 4688 2289 4760 καῖεῐη
2340 4690 2399 4742 τὸ
2434 4689 2637 4760 φέγγος
2676 4689 2788 4742 τῶν
2837 4687 2987 4759 ἐμῶν
3018 4688 3335 4757 ὀφθαλμῶν.
3375 4683 3674 4754 Καμφθεὶς

2085 4779 2180 4836 οὖν
2235 4781 2264 4834 ὁ
2305 4781 2484 4852 γέρων
2527 4782 2622 4835 καὶ
2671 4779 2992 4852 συγχύσεως
3049 4779 3309 4850 πλησθεὶς
3359 4776 3458 4847 τὴν
3489 4772 3674 4844 ψυχὴν

2088 4877 2196 4938 τοῖς
2234 4854 2328 4928 τοῦ
2377 4873 2712 4940 Παφνουτίου
2765 4889 2827 4926 τε
2895 4872 3126 4943 δάκρυσι
3160 4868 3528 4941 ἐπιδακρύσας
3569 4867 3674 4920 αύ-

2086 4970 2198 5030 τὸς,
2257 4967 2648 5036 μετακαλεῖται
2718 4970 2902 5022 πᾶσαν
2951 4966 3050 5037 τὴν
3084 4966 3443 5036 ἀδελφότητα,
3476 4963 3574 5017 καὶ
3603 4963 3676 5016 τὰ

2087 5061 2180 5114 τοῦ
2213 5061 2550 5129 Παφνουτίου
2605 5063 2928 5134 προτίθησιν
2982 5064 3063 5124 είς
3118 5060 3394 5129 διήγησιν,
3428 5057 3556 5127 ὅλην
3610 5073 3673 5108 τις

2090 5154 2362 5223 ἑϐδομάδα
2411 5154 2635 5224 νηστείᾳ
2702 5153 2796 5206 καὶ
2868 5154 3146 5222 προσευχῇ
3189 5152 3417 5213 ἑαυτοὺς
3479 5145 3670 5200 δοῦναι

2089 5247 2438 5314 προστάττει,
2459 5247 2606 5308 ὅπως
2633 5244 2824 5315 ὀφθείη
2844 5245 2971 5309 τινὶ,
3004 5243 3108 5298 ποῦ
3138 5244 3240 5313 γῆς
3271 5245 3305 5314 ἠ
3340 5242 3666 5314 Εὑφροσύνη

2090 5354 2415 5408 κρυπτοιτο.

2162 5516 2268 5570 lA'.
2309 5513 2396 5578 Ὠς
2412 5515 2468 5569 δὲ
2497 5513 2686 5569 τούτου
2715 5515 3055 5584 πραχθέντος
3080 5516 3159 5578 είς
3187 5511 3347 5569 οὐδὲν
3372 5512 3572 5584 ἐχώρει
3603 5511 3676 5565 τὰ

2095 5611 2194 5678 τῆς
2227 5607 2392 5676 εὐχῆς
2412 5624 2426 5637 '
2458 5607 2798 5677 ἀντέπραττε
2844 5607 2954 5677 γὰρ
3003 5608 3036 5678 ἡ
3080 5609 3298 5677 ἐκείνης
3334 5603 3668 5673 αίτουμὲνης

2097 5698 2450 5767 ἀγνοηθῆναι·
2507 5698 2690 5770 ἔκρινε
2725 5699 2782 5752 δὲ
2814 5701 2905 5753 καὶ
2939 5699 3072 5764 Θεὸς
3117 5700 3208 5753 ἐπὶ
3241 5696 3437 5769 μικρὸν
3463 5696 3676 5749 ἐκεῖνον

2105 5793 2261 5847 ἐᾶσαι
2296 5789 2528 5859 πενθεῖν,
2576 5790 2608 5860 ἦ
2661 5789 2822 5844 αὑτὸν
2850 5789 3179 5846 ἀπαλάττων
3217 5787 3392 5860 λύπης
3428 5783 3672 5854 λυπῆσσι
