3868 6472
288 336 398 399 317

1456 344 1632 403 νιΤΑ
1671 344 1732 404 S.
1772 345 1976 406 EUPH
1987 344 2230 404 ROSYN
2237 346 2347 407 ES.

3455 355 3564 421 318

294 443 503 513 μᾶλλον
537 444 720 517 ψυχήν
746 485 760 509 ,
799 444 831 516 ἢ
873 445 967 500 καὶ
1007 445 1222 515 φύσεως
1271 449 1442 519 αὐτῆς
1492 453 1587 504 καὶ
1645 452 1872 521 στοργῆς

1985 453 2225 508 liberans
2268 471 2298 509 a
2347 455 2556 522 dolore,
2620 457 2808 515 dolore
2840 461 3013 533 magis
3051 461 3269 519 allicere
3303 466 3561 534 animam,

289 537 576 608 πατρικῆς
601 537 687 592 διὰ
726 539 817 592 τὸν
853 540 990 610 πρὸς
1029 540 1192 624 αύτὸν
1222 541 1459 612 ήλόγησε
1488 543 1671 596 πόθον⁹
1707 545 1882 607 ἄλλως

288 644 352 680 τε
393 626 451 679 δὲ
502 628 599 681 καὶ
632 627 729 681 τοῦ
775 629 851 700 μὴ
886 630 1197 701 περικοπὴν
1235 631 1420 686 δοῦναι
1459 635 1526 702 τῇ
1571 635 1749 704 ἀρετῇ
1789 632 1882 687 καὶ

291 720 558 790 ἐμπόδιον
583 761 599 783 ,
646 716 715 792 ἧς
755 722 864 774 τῶν
893 722 1112 776 πάντων
1168 721 1323 775 οὐδέν
1365 726 1484 776 ὲστι
1536 726 1878 798 τιμιώτερον.

305 813 464 864 Ἐπεὶ
489 811 666 866 ταῦτα
694 812 869 877 οὕτως
929 814 1242 881 συνέϐαινε,
1289 816 1457 886 φησιν
1506 819 1534 870 ὁ
1581 818 1758 890 γέρων
1803 818 1882 888 τῷ

292 904 661 975 Παφνουτίῳο
719 906 812 976 Μὴ
871 905 1092 976 ἀθύμει,
1149 906 1338 960 τέκνον
1378 910 1704 978 Παφνούτιε,
1745 910 1879 981 μηδὲ

291 994 373 1060 ῶς
420 1015 502 1060 τις
535 998 645 1052 τῶν
684 998 930 1053 ἀπίστων
969 999 1064 1053 καὶ
1107 1001 1286 1054 πάντα
1330 1001 1405 1072 τῷ
1441 1003 1565 1072 τῇδε
1596 1002 1695 1072 βίῳ
1735 1021 1882 1056 στοι-

290 1088 559 1160 χούντων,
591 1091 759 1161 μηδὲν
790 1091 846 1145 δὲ
885 1093 1048 1147 πλέον
1091 1095 1310 1164 φρονεῖν
1341 1095 1675 1165 δυναμένων,
1719 1098 1880 1165 ἀγεν-

289 1182 401 1245 νῶς
428 1182 620 1251 ὀδύρου
644 1185 741 1252 τὴν
769 1185 870 1252 τῆς
907 1184 1005 1255 σῆς
1035 1185 1228 1248 παιδὸς
1254 1185 1620 1257 ἀναχώρησιν·
1655 1189 1880 1240 πίστευε

288 1273 348 1326 δέ
378 1292 470 1344 μοι
497 1275 572 1345 τῷ
601 1275 821 1346 γέροντι
853 1275 1092 1344 θεοφιλεῖ
1119 1278 1310 1348 σκοπῷ
1341 1279 1545 1351 ταύτην
1581 1281 1875 1352 προϐῆναι,

289 1366 416 1418 ἐπεὶ
450 1367 550 1419 οὐκ
570 1365 637 1418 ἂν
663 1368 948 1439 ἀπέκρυψε
982 1369 1186 1439 Κύριος
1219 1371 1278 1423 τὸ
1312 1373 1532 1440 γεγονὸς
1569 1374 1661 1441 ἀφ’
1697 1373 1872 1442 ἡμῶν·

288 1459 614 1528 εὐχαρίστει
661 1455 754 1512 οὖν
805 1460 955 1530 αύτῴ
1004 1462 1112 1533 καὶ⁸
1148 1463 1448 1532 προσκύνει
1499 1469 1598 1536 τὴν
1642 1467 1783 1520 κατὰ
1816 1467 1877 1520 τὸ

286 1549 425 1604 αὐτὸ
454 1551 688 1621 ἀρέσκον
724 1552 1061 1622 οἰκονομίαν,
1113 1555 1205 1607 καὶ
1256 1554 1376 1624 ὄψει
1431 1558 1530 1627 μὲν
1581 1557 1748 1629 αὑτήν
1785 1577 1875 1628 μι-

286 1643 422 1713 κρὸν
476 1644 601 1696 ὅσον
643 1645 739 1696 καὶ
788 1644 929 1698 κατά
988 1646 1137 1699 τόνδε
1174 1647 1264 1701 τὸν
1335 1649 1471 1719 βίον,
1507 1650 1666 1722 εἴπερ
1709 1650 1867 1704 τοῦτο

284 1735 628 1806 ἀμφοτέροις
664 1734 968 1790 λυσιτελεῖ’
1017 1739 1066 1790 εί
1114 1739 1170 1791 δὲ
1213 1736 1298 1807 οὒ,
1339 1741 1478 1810 μετὰ
1511 1741 1610 1804 τὴν
1662 1742 1870 1796 ἐνθένδε

1986 558 2105 610 qua:
2149 552 2204 596 et
2239 553 2445 600 natura:
2515 556 2570 602 et
2617 556 2858 617 paterna:
2901 550 3294 609 benevolentiae
3346 565 3568 626 propter

1989 634 2168 704 ipsum
2197 637 2399 691 nullam
2441 638 2594 693 duxit
2624 641 2911 707 rationem,
2945 652 3000 698 et
3028 645 3254 715 alioqui,
3283 662 3352 702 ne
3390 657 3564 702 retar-

1986 727 2142 782 daret
2182 737 2238 783 et
2280 729 2567 800 impediret
2602 731 2897 799 virtutem,
2939 752 3044 805 qua
3095 737 3231 792 nihil
3292 747 3370 794 est
3421 756 3563 811 pra:-

1984 819 2236 874 stantius.
2265 821 2399 876 Cum
2429 822 2546 879 hac
2579 825 2653 879 ita
2674 827 3054 898 contigissent,
3086 829 3218 886 dicit
3249 846 3416 886 senex
3460 833 3564 888 Pa-

1982 910 2216 980 phnulio
2248 929 2261 965 :
2297 911 2376 966 Ne
2419 912 2496 966 sis
2539 915 2730 978 tristis,
2764 931 2796 970 o
2845 916 2916 969 fili
2949 915 3244 986 Paphuuli,
3269 935 3446 988 neque
3500 933 3562 976 ut

1981 1000 2251 1070 quispiam
2281 1017 2344 1056 cx
2387 1003 2718 1070 inﬁdelibus,
2749 1013 2804 1059 et
2838 1005 2929 1074 qui
2963 1007 3065 1060 hac
3093 1009 3199 1062 vita
3229 1009 3409 1062 omnia
3450 1026 3564 1066 me-

1985 1093 2233 1161 tiuntur,
2300 1095 2438 1149 nihil
2497 1108 2678 1151 autem
2735 1107 2963 1168 possunt
3016 1100 3248 1169 amplius
3297 1102 3559 1175 cogitare,

1982 1186 2178 1256 pusillo
2207 1197 2259 1241 et
2288 1187 2504 1258 abjecto
2525 1190 2710 1245 animo
2735 1189 2937 1247 deﬂeas
2967 1206 3245 1247 recessum
3273 1203 3379 1250 tua:
3409 1195 3558 1252 filiae.

1982 1278 2153 1334 Crede
2189 1290 2369 1335 autem
2399 1281 2533 1339 mihi
2565 1283 2706 1348 seni,
2733 1283 2874 1338 hanc
2906 1285 2992 1352 pio
3019 1293 3074 1338 et
3103 1285 3354 1356 religioso
3387 1303 3558 1357 scopo

1979 1387 2098 1426 esse
2113 1373 2630 1443 progressamzalias
2659 1392 2856 1446 nempe
2885 1392 2983 1432 nos
2997 1392 3106 1431 non
3137 1378 3386 1444 celasset,
3407 1379 3552 1449 quod

1978 1463 2179 1519 factum
2195 1476 2297 1530 est,
2313 1468 2709 1538 Dominus.Age
2724 1484 2853 1539 ergo
2875 1469 2975 1538 ipsi
2990 1469 3210 1538 gratias,
3228 1479 3279 1524 et
3292 1470 3555 1525 venerare

1977 1557 2462 1627 dispensationem,
2493 1576 2614 1630 quas
2642 1563 2722 1624 fit,
2752 1569 2811 1616 ut
2849 1562 2898 1615 ei
2949 1561 3167 1617 videtur
3203 1581 3216 1618 :
3254 1573 3310 1618 et
3339 1565 3550 1619 videbis

1979 1650 2200 1718 quidem
2231 1651 2401 1719 ipsam
2435 1652 2595 1720 paulo
2628 1661 2750 1722 post
2780 1653 2944 1707 etiam
2989 1654 3043 1707 in
3073 1654 3176 1708 hac
3209 1654 3339 1720 vita,
3373 1656 3417 1710 si
3449 1655 3553 1712 hoc

1979 1741 2232 1796 conducit
2267 1742 2510 1812 utrisque
2557 1761 2572 1798 :
2621 1746 2706 1798 sin
2754 1745 2956 1810 minus,
3000 1755 3285 1815 postquam
3331 1748 3552 1816 quidem

285 1825 616 1893 ἀπαλλαγὴν
684 1827 739 1879 αἱ
800 1826 942 1879 θεῖαι
993 1832 1192 1899 σκηναὶ
1256 1832 1474 1895 πάντως
1527 1833 1872 1904 ἀμφοτέρους

1980 1842 2127 1886 certe
2156 1849 2223 1887 ex
2266 1833 2368 1888 hac
2400 1837 2508 1889 vita
2552 1837 2930 1902 excesseritis,
2979 1837 3159 1892 divina
3207 1838 3552 1894 tabernacula

284 1917 638 1981 είσδέξονταυ
675 1918 834 1972 τοῦτο
864 1920 973 1990 γάρ
999 1937 1089 1990 μοι
1134 1921 1324 1975 δίδωσι
1359 1922 1458 1992 μὲν
1503 1927 1645 1977 νοεῖν
1692 1927 1754 1978 τὸ
1784 1926 1874 1979 σόν

283 2025 348 2061 τε
400 2011 497 2062 καὶ
551 2009 765 2080 ἐκείνης
822 2012 1139 2082 φιλευσεὸὲς
1194 2015 1289 2068 καὶ
1332 2015 1598 2083 φιλόθεον.
1632 2017 1818 2080 Οὕτως
1849 2021 1875 2071 ὁ

283 2100 628 2169 Παφνούτιος
669 2103 765 2172 τῆς
821 2105 1058 2174 ἀθυμίας
1091 2106 1274 2170 ἐνδοὺς
1328 2108 1610 2162 ἐπάνεισιν
1657 2110 1871 2175 οίκαδε,

283 2194 382 2246 καὶ
421 2196 490 2248 τά
547 2195 667 2248 κατ’
700 2195 862 2248 αὑτὸν
902 2192 961 2250 εὗ
1017 2197 1355 2269 διαθέμενος,
1403 2196 1560 2264 αὖθις
1588 2201 1872 2272 καταλαμο

283 2287 444 2341 εάνει
477 2287 540 2341 τὸ
581 2288 968 2359 μοναστήριον.

359 2379 464 2435 IB'.
511 2381 598 2444 Ὠς
647 2381 705 2434 δὲ
738 2381 977 2451 συνεχῶς
1006 2379 1149 2435 οὕτω
1205 2384 1272 2453 τῇ
1331 2385 1466 2454 μονῇ
1518 2384 1872 2454 προσεφοίτα,

283 2474 421 2535 τοὺς
469 2473 925 2546 σπουδαιοτέρους
980 2473 1090 2528 τῶν
1158 2475 1412 2545 μοναχῶν
1451 2474 1724 2547 ἐκζητῶν,
1776 2477 1872 2532 ἅτε

280 2565 387 2634 τῆς
411 2565 594 2618 αὐτῶν
629 2565 846 2635 ὁμιλίας
889 2566 1186 2620 ἀπολαύειν
1218 2565 1390 2637 φιλῶν
1429 2568 1554 2639 (ὅρα
1599 2571 1723 2632 τοὺς
1769 2571 1868 2642 ἀρ-

283 2661 490 2729 ρήτους
517 2658 616 2729 τῆς
651 2658 910 2730 προνοίας
934 2658 1170 2728 λόγους),
1209 2658 1398 2713 ἀκούει
1426 2660 1577 2731 παρὰ
1622 2662 1732 2714 τῶν
1773 2663 1873 2732 τῆς

284 2753 460 2822 μονῆς
496 2750 572 2814 ὡς
616 2751 701 2822 εἴη
738 2769 824 2816 τις
853 2750 962 2804 τῶν
995 2750 1248 2822 ἀδελφῶν
1300 2751 1428 2823 παρ’
1455 2754 1658 2816 αὐτοῖς,
1690 2754 1749 2806 ού
1779 2770 1875 2807 πο-

285 2845 389 2896 λὺν
423 2845 525 2914 μὲν
552 2845 644 2897 τὸν
676 2844 870 2914 χρόνον
919 2843 1128 2911 ἀσκῶν,
1177 2846 1260 2906 εἰς
1295 2844 1466 2917 ἀκρον
1499 2845 1556 2900 δὲ
1585 2845 1652 2898 δι’
1695 2845 1872 2914 ὀλίγον

279 2938 384 3008 τῆς
409 2938 614 3008 ἀρετῆς
643 2936 920 3008 ὲφθακὼς,
954 2937 1281 3008 Σμάραγδος
1325 2937 1476 3010 αύτῷ
1514 2936 1774 3010 τοῦνομα,
1814 2937 1873 3003 ἐξ

280 3030 464 3092 οἰκίας
505 3032 606 3101 μὲν
632 3029 932 3100 ἐπιφανοῦς
965 3031 1233 3098 γεγονὼς,
1266 3030 1482 3102 πλούτῳ
1517 3047 1576 3084 τε
1607 3032 1702 3084 καί⁵
1730 3031 1871 3102 χρή-

1979 1924 2168 1980 amhos
2196 1927 2420 1981 omnino
2463 1929 2754 1999 excipient.
2791 1929 2904 1985 lloc
2936 1931 3078 1985 enim
3113 1931 3245 1986 mihi
3287 1933 3378 1987 dat
3405 1933 3554 2003 cogi-

1980 2018 2201 2071 tandum
2239 2027 2387 2073 tanta
2433 2020 2576 2075 illius
2622 2022 2794 2091 pietas
2835 2033 2892 2078 et
2921 2038 3071 2077 amor
3114 2023 3166 2077 in
3213 2023 3398 2079 Deum.
3461 2024 3552 2080 Sic

1976 2107 2317 2178 Paphnutius
2349 2125 2472 2165 cum
2517 2113 2746 2167 multum
2796 2114 3099 2169 remisisset
3140 2115 3207 2169 de
3253 2131 3347 2169 sna
3383 2117 3551 2171 animi

1975 2199 2296 2270 a'gritudine
2315 2242 2329 2264 ,
2363 2201 2583 2256 domum
2613 2203 2785 2268 redit,
2822 2213 2876 2258 et
2907 2205 3069 2259 rebus
3102 2205 3216 2260 suis
3239 2205 3378 2261 bene
3402 2207 3552 2263 ordi-

1976 2291 2138 2354 natis,
2173 2293 2467 2378 revertitur
2494 2294 2548 2346 in
2580 2295 2995 2351 monasterium.

2047 2383 2159 2437 XII.
2184 2384 2318 2440 Cum
2371 2395 2552 2440 autem
2582 2386 2659 2441 sic
2699 2388 2914 2442 assidue
2943 2388 3230 2443 ventitaret
3266 2389 3319 2442 in
3362 2404 3553 2444 mona-

1976 2476 2224 2540 sterium,
2261 2476 2478 2534 virtutis
2508 2478 2866 2534 studiosiores
2912 2480 3197 2549 requirens
3231 2482 3550 2547 monachos,

1977 2579 2034 2625 ut
2097 2571 2188 2640 qui
2247 2570 2500 2626 lubenter
2562 2588 2750 2627 eorum
2821 2572 3094 2628 frueretur
3153 2573 3551 2627 consuetudine

1976 2664 2122 2735 (vide
2139 2663 2441 2718 ineffabiles
2463 2664 2704 2719 rationes
2729 2665 3083 2734 providentia:
3104 2665 3170 2735 !),
3190 2665 3337 2720 audit
3360 2683 3424 2719 ea
3442 2666 3553 2722 fra-

1976 2756 2150 2811 tribus
2181 2758 2520 2822 monasterii,
2547 2759 2691 2827 quod
2717 2758 2790 2812 sit
2815 2757 2960 2827 apud
2993 2773 3087 2812 eos
3111 2758 3330 2826 quidam
3361 2756 3549 2820 frater,

1972 2848 2064 2918 qui
2115 2864 2226 2904 non
2276 2848 2436 2922 longo
2482 2850 2700 2920 quidem
2749 2857 2996 2918 tempore
3052 2863 3112 2903 se
3161 2848 3441 2915 exercuit,
3481 2851 3551 2904 ad

1973 2959 2245 2998 summam
2313 2954 2497 2998 autem
2551 2943 2702 2998 brevi
2750 2943 2998 3012 pervenit
3050 2941 3305 2996 virtutem
3340 2959 3353 2995 :
3387 2943 3548 3012 eique

1972 3051 2176 3092 nomen
2207 3036 2566 3109 Smaragdus,
2618 3037 2817 3095 illustri
2855 3036 3073 3106 quidein
3107 3035 3224 3090 loco
3266 3045 3426 3090 natus
3452 3078 3466 3101 ,
3497 3045 3554 3090 et

283 3140 422 3193 μασι
475 3123 750 3194 περιττῶς
797 3121 1050 3194 ἐχούσηςο
1080 3122 1287 3176 τούτων
1345 3123 1402 3176 δὲ
1442 3126 1666 3177 πάντων
1703 3125 1872 3190 ὑπερ-

1980 3127 2066 3197 qui
2096 3127 2299 3183 divitiis
2330 3128 2664 3190 abundabat,
2703 3136 2759 3182 et
2790 3127 3039 3198 pecuniis
3085 3143 3099 3179 :
3146 3126 3230 3181 his
3261 3140 3388 3181 vero
3433 3141 3554 3182 om-

289 3216 420 3272 ιδὼν
459 3217 552 3270 τὸν
597 3217 705 3270 τῶν
759 3215 1008 3286 μοναχῶν
1066 3216 1240 3270 εἵλετο
1299 3215 1432 3286 βίον,
1469 3218 1563 3270 καὶ
1615 3217 1866 3271 τοσοῦτον

282 3312 446 3380 Errst
480 3311 556 3372 είς
603 3310 828 3379 ἀρετὴν,
876 3310 946 3372 ὼς
993 3309 1192 3380 μικροῦ
1223 3312 1388 3364 πᾶσιν
1419 3305 1561 3362 εἶναι
1605 3314 1718 3374 τοῖς
1747 3311 1866 3364 κατ’

282 3403 452 3457 αὐτὸν
480 3401 888 3472 ἀπαράμιλλος.
914 3403 1102 3455 Ἕλκει
1134 3401 1326 3455 τοῦτον
1353 3405 1385 3471 ή
1412 3403 1572 3472 ἀκοὴ,
1611 3403 1704 3454 καὶ
1733 3402 1870 3472 πρὸς

280 3496 408 3565 ὅφιν
437 3494 635 3549 ἐλθεῖν.
678 3495 1026 3564 Ἐντυγχάνει
1055 3495 1142 3548 διὰ
1167 3495 1262 3548 τοῦ
1304 3496 1566 3564 Ἀγαπίου
1602 3494 1680 3566 τῷ
1709 3495 1870 3565 δῆθεν

279 3588 463 3658 ἀνδρὶ,
495 3586 589 3640 καὶ
632 3587 946 3656 περιδλήτῳ
983 3587 1082 3657 τὴν
1128 3587 1466 3658 ἀρετήν,-Ἠ
1523 3587 1579 3640 δὲ
1623 3587 1719 3658 τὴν
1771 3585 1867 3640 τοῦ

283 3680 494 3748 πατρὸς
539 3678 664 3748 ,ὄψιν
703 3678 912 3742 ἰδοῦσα,
949 3679 1042 3731 καὶ
1069 3677 1276 3747 γνοῦσα
1309 3679 1429 3749 μὲν,
1466 3679 1527 3732 οὗ
1563 3679 1868 3747 γνωσθεῖσα

281 3773 345 3826 δὲ
379 3770 660 3843 (ἠλλοίωτο
695 3770 802 3840 γὰρ
826 3769 929 3822 ὑπὸ
953 3771 1049 3839 τῆς
1076 3770 1217 3838 ἄγαν
1250 3770 1620 3841 σκληρότητος
1646 3772 1739 3824 καὶ
1769 3771 1870 3840 τῆς

284 3865 535 3926 ἀσιτίας,
590 3863 686 3916 καὶ
745 3863 977 3930 ἀσαφεῖς
1031 3856 1148 3932 εἶχε
1215 3862 1344 3926 τοὺς
1385 3863 1740 3934 χαρακτῆρας
1768 3863 1868 3933 τῆς

284 3956 508 4027 ὂψεως),
541 3957 758 4009 νικᾶται
791 3956 858 4024 τῇ
901 3953 1083 4021 φύσει,
1112 3955 1205 4007 καὶ
1243 3957 1422 4024 ἡσυχῆ
1447 3954 1723 4025 ξδακρύων
1755 3955 1867 4024 χέει

285 4047 495 4117 πηγάς.
537 4046 596 4101 ’0
649 4046 705 4099 δὲ
742 4047 926 4117 πατὴρ
969 4047 1138 4117 αὐτῆς
1188 4047 1254 4099 ὲκ
1306 4045 1651 4110 κατανύξεως
1691 4047 1867 4100 ἐδόκει

288 4141 566 4211 σδμεῆναι
592 4179 607 4204 ,
651 4138 817 4208 μηδὲν
846 4140 986 4208 ἔχων
1035 4139 1284 4191 ὑπονοεῖν
1315 4137 1390 4200 ὡς
1424 4138 1586 4203 αὐτὸς
1634 4137 1722 4208 εἴη
1758 4139 1868 4206 τῶν

289 4234 544 4304 δακρύων
577 4234 610 4302 ἡ
656 4232 902 4303 ἀφορμὴ.
930 4234 997 4302 τῇ
1037 4232 1134 4303 θέᾳ
1173 4231 1381 4301 ταύτην
1421 4232 1630 4302 πλήξας
1661 4235 1726 4301 τῇ
1760 4249 1868 4286 πα-

284 4325 477 4395 τρικῇ.
511 4318 642 4375 Εἶτα
672 4324 1010 4392 παυσαμένη
1033 4321 1138 4375 τῶν
1161 4323 1409 4391 ὀδυρμῶν
1442 4323 1596 4376 οὐδὲν
1628 4324 1725 4393 μὲν
1759 4324 1868 4376 τῶν

285 4420 370 4480 εἰς
426 4415 628 4483 γνῶσιν
670 4413 950 4484 ὁμολογεῖ,
979 4415 1222 4486 νικήσειν
1251 4413 1439 4486 ὥσπερ
1489 4414 1867 4484 φιλονεικοῦσα

282 4509 386 4579 τὴν
419 4508 521 4578 ήδη
547 4508 752 4579 ταύτην
789 4509 1096 4578 νικήσασαν
1138 4505 1322 4576 φύσιν,
1351 4509 1446 4560 καὶ
1477 4507 1614 4578 πρὶς
1658 4507 1866 4578 δάκρυα
1893 4532 1948 4591 D

284 4601 682 4671 κατενεχθῆναι
728 4601 1242 4671 παρασκευάσασαν
1274 4617 1289 4632 ο
1347 4598 1618 4670 τοσαύτης
1657 4600 1715 4652 δὲ
1769 4603 1867 4668 τῆς

289 4696 566 4764 ὡφελείας
605 4694 769 4748 αὑτὸν
815 4693 1154 4764 ἐμπίπλησιν
1196 4692 1304 4745 ἀπό
1349 4709 1407 4744 τε
1453 4693 1552 4760 τῆς
1581 4691 1690 4743 τῶν
1725 4690 1876 4761 ήθῶν

286 4789 616 4858 εὐκοσμίας,
665 4787 774 4841 ἀπό
804 4803 864 4838 τε
897 4785 999 4855 τῆς
1043 4785 1154 4836 τῶν
1183 4785 1356 4851 λόγων
1391 4783 1760 4848 διδασκαλίας,
1798 4785 1873 4846 ὡς

289 4883 474 4954 πλήρη
535 4881 812 4950 θαύματος
863 4879 1148 4947 γεγονότα,
1189 4876 1482 4947 ἀφικέσθαι
1514 4893 1573 4928 τε
1614 4877 1748 4948 πρὸς
1781 4879 1873 4930 τὸν

287 4972 547 5042 γέροντα,
579 4969 680 5024 καὶ
733 4969 976 5041 μεγάλας
1025 4969 1175 5037 αύτῴ
1256 4971 1423 5036 φάναι
1491 4967 1589 5029 τὰς
1643 4968 1872 5037 χάριτας

287 5061 594 5130 ὁμολογεῖν,
644 5061 888 5114 τοιούτου
949 5060 1077 5124 θέας
1121 5059 1315 5129 ἀνδρὸς
1351 5060 1448 5112 καὶ
1471 5059 1686 5130 ὁμιλίας
1710 5060 1872 5130 ήξιωο

293 5156 478 5226 μένος.

365 5248 464 5300 1Γ’.
512 5244 688 5299 Ὀκτὼ
711 5244 890 5298 τοίνυν
918 5244 1064 5298 ἔτεσι
1101 5243 1236 5316 πρὸς
1267 5244 1560 5314 τριάκοντα
1580 5243 1671 5296 τὸν
1696 5243 1874 5296 τοιοῦ-

286 5357 381 5393 τον
447 5340 560 5410 βίον
614 5341 672 5392 ἐν
723 5339 801 5408 τῷ
839 5337 1188 5409 μοναστηρίῳ
1243 5335 1630 5406 ἡΕύφροσύνη
1664 5335 1871 5402 διενεγ-

286 5432 488 5498 κοῦσα,
527 5432 622 5484 καὶ
657 5432 868 5502 μηδενὶ,
898 5431 1049 5492 ὅστις
1110 5425 1198 5500 ἦν,
1250 5427 1529 5499 γνώριμος
1581 5427 1870 5496 γενομένη,

290 5526 458 5594 ἡνίκα
489 5525 601 5578 τῶν
647 5526 933 5594 παρόντων
964 5523 1071 5576 ἔδει
1116 5521 1322 5592 ταύτην
1362 5520 1685 5590 ἀπνδημεῖν,
1716 5521 1870 5592 θεῖκῇ

286 5636 400 5672 τινι
450 5620 670 5682 πάντως
729 5619 958 5689 προνοίᾳ
1013 5617 1396 5687 ὲνδημήσαντα
1448 5617 1571 5668 τότε
1612 5617 1677 5684 τῇ
1733 5615 1869 5683 μονῇ

287 5714 382 5763 vi»:
425 5713 635 5782 πατέρα
679 5711 1123 5781 μεταστέλλεται,
1161 5707 1300 5761 κατά
1346 5725 1399 5760 τι
1431 5707 1730 5778 χρεῶδεςή
1772 5723 1873 5774 μα-

291 5806 505 5877 καρία,
545 5805 638 5860 καὶ
692 5806 843 5875 τρεῖς
900 5804 1116 5874 ἡμέρας
1175 5802 1326 5874 παρὰ
1376 5805 1438 5874 τῇ
1485 5803 1620 5871 μονῇ
1688 5801 1872 5871 μένειν

1979 3219 2141 3274 nibus
2179 3220 2542 3290 contemptis,
2577 3223 2745 3274 vitam
2787 3219 2952 3291 elegit
2989 3219 3382 3286 monasticam,
3435 3225 3554 3272 lan-

1981 3323 2204 3382 tumque
2234 3312 2464 3380 profecit
2490 3312 2543 3364 in
2568 3311 2790 3375 virtute,
2821 3320 2882 3365 ut
2914 3325 3078 3365 nemo
3112 3310 3224 3364 fere
3248 3311 3318 3364 sit
3340 3325 3404 3365 ex
3435 3325 3556 3364 om-

1979 3405 2141 3458 nibus
2189 3404 2330 3468 aliis,
2367 3402 2457 3472 qui
2512 3403 2681 3472 possit
2729 3417 2854 3457 cum
2896 3417 2962 3456 eo
3011 3402 3365 3456 contendere.
3413 3402 3551 3456 Eut-

1979 3495 2144 3550 trahit
2176 3495 2405 3558 auditio,
2457 3503 2517 3549 ut
2562 3493 2748 3549 veniat
2779 3492 2834 3547 in
2865 3494 2986 3562 ejus
3032 3502 3406 3562 conspectum.
3449 3493 3553 3548 Per

1977 3587 2241 3658 Agapium
2285 3587 2467 3657 itaque
2500 3586 2757 3641 convenit
2789 3585 2941 3640 illum
2971 3585 3144 3639 virum
3188 3585 3387 3640 virtute
3426 3601 3552 3641 sus-

1975 3680 2306 3748 piciendum.
2345 3679 2437 3732 Illa
2468 3687 2649 3732 autem
2693 3693 2815 3731 cum
2869 3677 3039 3748 patris
3084 3676 3280 3731 faciem
3309 3678 3554 3747 aspexis-

1976 3779 2079 3835 set,
2113 3779 2168 3825 et
2215 3769 2558 3840 cognovisset
2598 3769 2856 3839 quidem,
2904 3785 3012 3824 non
3059 3778 3203 3824 esset
3249 3779 3428 3824 autem
3460 3786 3556 3825 co-

1975 3860 2122 3931 gnita
2185 3859 2410 3930 (mutata
2456 3859 2601 3914 enim
2639 3869 2756 3914 erat
2795 3869 3018 3930 propter
3064 3859 3287 3914 nimiam
3347 3863 3556 3930 asperi-

1976 3962 2139 4007 tatem
2183 3961 2237 4006 et
2291 3953 2548 4014 inediam,
2601 3959 2658 4006 et
2707 3952 2941 4006 habebat
2985 3967 3094 4006 non
3137 3959 3324 4021 aperta
3374 3953 3554 4009 vultus

1979 4045 2366 4112 lineamenta),
2412 4042 2647 4097 vincitur
2700 4057 2731 4096 a
2781 4052 3008 4108 natura,
3065 4051 3121 4095 et
3172 4041 3374 4096 sensim
3433 4041 3554 4096 fon-

1977 4149 2058 4192 tes
2097 4137 2302 4192 emiltit
2347 4137 2728 4206 lacryiuarum.
2780 4135 2939 4190 Pater
2983 4135 3317 4204 autemlejus
3364 4134 3553 4188 existi-

1974 4230 2157 4286 mabat
2201 4229 2305 4282 hoc
2349 4228 2568 4282 evenire
2610 4241 2674 4280 ex
2715 4227 3176 4296 compunctione,
3224 4240 3334 4278 nou
3369 4225 3554 4279 valens

1973 4318 2245 4387 conjicere
2289 4331 2346 4370 se
2393 4330 2514 4370 esse
2556 4315 2914 4385 lacrymarum
2947 4314 3291 4369 occasionem
3317 4354 3332 4378 ,
3368 4321 3427 4367 ut
3459 4313 3552 4383 qui

1973 4425 2090 4464 eam
2118 4416 2348 4478 paterno
2382 4407 2681 4462 sauciasset
2706 4406 3036 4476 Spectacula.
3074 4406 3274 4459 Deinde
3289 4419 3410 4458 cum
3435 4419 3554 4459 ces-

1975 4509 2147 4555 sasset
2176 4499 2309 4553 ﬂere
2331 4539 2346 4564 ,
2376 4499 2513 4552 nihil
2542 4497 2762 4567 quidem
2815 4497 3013 4550 fatetur
3041 4509 3254 4556 eorum,
3283 4509 3404 4562 qua:
3431 4507 3554 4560 per-

1979 4591 2222 4647 tinebant
2249 4587 2315 4643 ad
2345 4589 2734 4658 cognitionem,
2763 4586 2928 4640 veluti
2965 4585 3304 4639 contendens
3334 4584 3558 4638 vincere

1975 4693 2247 4748 naturam,
2289 4698 2411 4752 qua:
2440 4681 2551 4750 jam
2593 4695 2712 4734 eam
2757 4679 2978 4743 vicerat,
3006 4686 3060 4731 et
3103 4676 3362 4731 effecerat
3407 4686 3466 4730 ut
3502 4677 3554 4731 ei

1974 4776 2248 4830 orirentur
2295 4773 2567 4843 lacryune.
2623 4770 2793 4823 Tanta
2839 4776 3020 4822 autem
3053 4782 3178 4820 eum
3217 4765 3407 4834 implet
3444 4766 3555 4819 uti-

1974 4867 2161 4931 litate,
2195 4875 2249 4921 et
2292 4880 2357 4921 ex
2397 4878 2610 4919 morum
2651 4860 3050 4921 moderatione,
3101 4869 3157 4913 et
3208 4872 3274 4911 ex
3306 4856 3556 4910 doctrina

1975 4974 2310 5020 sermonum,
2348 4965 2409 5011 ut
2443 4955 2637 5026 plenus
2661 4951 3022 5008 admiratione
3052 4949 3344 5005 accesserit
3377 4949 3445 5003 ad
3476 4963 3558 5002 se-

1976 5067 2126 5113 nem,
2159 5061 2213 5104 et
2238 5048 2438 5104 dixerit
2469 5063 2528 5102 se
2559 5046 2788 5100 multum
2822 5045 2873 5100 ei
2909 5043 3108 5098 debere
3133 5085 3148 5110 ,
3187 5041 3332 5112 quod
3359 5041 3561 5111 dignus

1895 5162 1904 5172 -
1977 5141 2047 5196 sit
2068 5141 2307 5202 habitus,
2338 5139 2430 5208 qui
2463 5139 2622 5193 talem
2649 5138 2828 5190 virum
2853 5136 3062 5190 videret
3094 5144 3149 5190 et
3175 5133 3516 5188 conveniret.

2046 5243 2182 5297 Xlll.
2215 5244 2350 5296 Cum
2385 5242 2598 5313 triginta
2622 5240 2804 5309 itaque
2833 5248 2888 5294 et
2925 5248 3050 5293 octo
3073 5251 3247 5292 annos
3291 5237 3450 5290 talem
3473 5234 3558 5288 vi-

1976 5337 2104 5403 tam}
2128 5335 2481 5406 Euphrosyue
2507 5336 2704 5406 egisset
2734 5335 2790 5389 in
2835 5331 3185 5394 monasterio,
3223 5337 3277 5382 et
3303 5341 3556 5397 quaenam

1975 5436 2144 5494 esset,
2173 5428 2308 5482 nulli
2359 5428 2552 5482 fuisset
2603 5427 2828 5481 omnino
2869 5424 3104 5495 cognita,
3136 5420 3352 5490 quando
3391 5432 3557 5485 opor-

1976 5523 2124 5577 tebat
2149 5537 2269 5575 eam
2296 5537 2364 5576 ex
2389 5521 2492 5575 hac
2537 5520 2646 5573 vita
2693 5518 2994 5577 excedere.
3031 5523 3262 5585 patrem,
3304 5509 3395 5580 qui
3440 5523 3559 5560 om-

1974 5613 2106 5667 niuo
2140 5613 2320 5667 divina
2361 5613 2595 5682 quadam
2638 5608 2974 5680 providentia
3016 5616 3146 5661 tunc
3186 5611 3302 5658 erat
3336 5601 3389 5654 in
3438 5613 3558 5652 mo-

1975 5705 2236 5769 nasterio,
2258 5715 2482 5774 pr0pter
2508 5718 2664 5757 usum
2684 5701 2940 5770 aliquem,
2955 5696 3187 5752 accersit
3201 5694 3287 5746 illa
3306 5693 3481 5753 beata,
3503 5711 3513 5738 I
3538 5697 3563 5743 I

1979 5809 2152 5870 rogat,
2177 5807 2235 5853 ut
2253 5806 2363 5854 tres
2393 5795 2510 5852 dies
2541 5802 2759 5850 maneat
2787 5793 2842 5849 in
2865 5785 3221 5856 monasterio,
3241 5784 3430 5840 dicens
3448 5797 3564 5839 non
