3868 6466
341 364 451 432 319
1597 348 1881 411 MENSIS
1917 338 2382 419 JANUARIUS.
3478 320 3583 387 320

344 479 593 539 inutilem
632 490 752 532 eam
779 487 988 529 moram
1019 469 1119 527 sibi
1150 468 1286 523 fore.
1313 464 1417 520 Sed
1445 463 1533 518 cui
1555 477 1781 518 summae
1803 465 1922 515 erat
1951 510 1953 519 ,

2055 455 2185 523 ξιοῖ,
2240 454 2339 507 οὐκ
2376 447 2580 520 ἀκερδῆ
2616 445 2766 517 αὐτῷ
2817 442 3036 498 ἔσεσθαι
3088 438 3185 511 τὴν
3230 435 3588 507 πρισεδρεῐαν

514 533 583 625 de
629 566 947 624 charissima
978 561 1177 632 aliquid
1209 559 1348 616 scire
1384 557 1490 612 filia
1513 598 1526 621 ,
1552 564 1704 626 pater
1726 554 1918 609 lubens

2055 548 2222 617 αύτην
2253 542 2504 598 εἰποῦσα·
2537 539 2655 594 ἀλλ’
2698 539 2728 591 ὁ
2776 537 2869 593 διὰ
2897 536 3077 603 πάσης
3116 533 3258 604 ἔχων
3305 533 3585 604 φροντίδος

346 660 569 715 obediit.
596 657 734 712 Cum
765 662 946 710 autem
983 654 1094 723 jam
1126 650 1343 705 adesset
1369 647 1564 702 tertius
1593 654 1647 700 et
1677 645 1919 707 ultimus,

349 764 472 806 eum
497 764 665 819 prope
698 761 757 802 se
787 747 1033 809 advocat,
1056 745 1130 797 ’et
1159 741 1293 797 dicit
1326 758 1339 794 :
1371 737 1639 805 Quoniam
1669 736 1808 790 Deus
1834 751 1923 790 res

347 854 518 903 meas,
547 847 603 892 ut
631 838 818 901 voluit,
847 832 1267 893 administravit.
1301 840 1357 885 et
1381 837 1440 884 ut
1471 829 1524 882 in
1559 827 1833 898 proposito
1856 824 1924 880 ab

352 930 509 983 init'o
535 936 790 997 suscepto
828 938 1001 995 usque
1041 924 1107 979 ad
1149 922 1311 976 ﬁnem
1345 933 1720 990 permanerem
1744 958 1758 981 ,
1792 917 1924 971 mihi

354 1021 497 1076 vires
527 1020 747 1093 tribuit,
773 1018 897 1074 volo
921 1025 973 1072 te
1009 1016 1169 1071 hodie
1199 1015 1431 1068 liberare
1450 1010 1636 1067 multis
1664 1010 1928 1065 sollicitu-

351 1111 590 1176 dinibus,
626 1119 682 1165 et
719 1111 787 1165 de
818 1108 926 1163 illia
980 1115 1092 1169 tua,
1138 1105 1282 1176 quod
1334 1105 1468 1167 scio,
1505 1104 1731 1158 dicere:
1763 1116 1926 1170 quam

353 1210 439 1260 sat
471 1202 584 1256 scio
619 1210 671 1256 te
711 1199 883 1264 sitire,
930 1206 985 1253 et
1030 1197 1149 1268 ejus
1183 1194 1375 1250 ardere
1423 1193 1717 1250 desiderio.
1777 1191 1930 1247 Scias

354 1308 507 1363 ergo,
535 1291 732 1361 inquit,
762 1306 796 1345 ο
830 1298 1005 1358 pater,
1035 1304 1123 1343 me
1151 1303 1272 1342 esse
1302 1296 1448 1340 tuam
1482 1285 1646 1339 filiam
1694 1283 1929 1354 (vultum

355 1384 652 1438 ostendens
671 1398 835 1452 quam
863 1380 977 1435 fieri
1010 1383 1186 1450 potuit
1208 1376 1646 1445 evidentissime)
1681 1393 1696 1430 :
1728 1375 1934 1430 utlate-

360 1489 473 1529 rem
502 1482 708 1535 autem,
751 1488 835 1527 me
870 1472 928 1525 in
960 1472 1106 1527 hunc
1138 1477 1531 1524 transmutasse
1563 1468 1830 1527 habitum,
1864 1481 1932 1521 ex

358 1575 469 1632 quo
493 1559 624 1615 mihi
651 1560 875 1615 omnino
910 1558 1001 1614 Dei
1031 1557 1364 1629 benignitate
1395 1557 1600 1620 evenit,
1634 1566 1694 1611 ut
1726 1557 1852 1611 licet
1881 1565 1933 1611 te

360 1653 586 1708 viderim
629 1668 726 1723 per
782 1659 948 1708 totam
978 1651 1177 1715 vitam,
1201 1650 1408 1704 nullum
1435 1658 1614 1704 tamen
1644 1665 1675 1703 a
1707 1658 1762 1703 te
1799 1649 1934 1704 mihi

2018 638 2080 691 τδ
2124 634 2387 705 περὶτῆς
2436 630 2701 702 φιλτάτης
2750 628 2966 698 μαθεῖν,
3008 625 3318 695 ὑπήκουσεν
3359 626 3595 696 ἆσμετος

2020 732 2049 783 ὁ
2079 730 2283 798 πατήρ.
2326 726 2414 788 ’ος
2443 724 2502 779 δέ
2524 724 2558 793 ἡ
2582 722 2742 796 τρίτη
2775 721 2870 774 καὶ⁵
2905 718 3188 773 τελευταία
3215 718 3400 790 παρῆν
3425 735 3598 789 προσ-

2024 822 2272 876 καλεῖται
2298 818 2496 872 τούτου
2517 815 2745 886 πλησίον
2774 813 2968 883 αὐτῆς,
3000 813 3094 868 καί
3126 829 3316 883 φησιν’
3337 811 3597 882 Ἐπείπερ

2023 915 2091 967 τὰ
2117 912 2238 967 κατ’
2266 911 2364 981 ἐμὲ
2391 910 2421 963 ὁ
2447 909 2581 971 Θεὸς
2614 907 2804 977 ὥσπερ
2844 905 2941 959 καὶ
2978 904 3214 977 ἠθέλησε
3250 904 3596 976 ᾡκονόμησε.

2025 1005 2118 1059 καί
2147 1021 2215 1075 με
2230 1007 2297 1075 τῇ
2329 1002 2388 1070 ἐξ
2414 1002 2590 1072 ἀρχῆς
2612 999 2865 1070 προθέσει
2892 981 3189 1069 μεῖναιξκαὶ
3222 998 3387 1069 μέχρι
3412 998 3601 1061 τέλους

2027 1097 2297 1167 ἐνίσχυσε,
2333 1093 2599 1166 βούλομαί
2624 1108 2683 1146 σε
2714 1092 2923 1145 πολλῶν
2950 1091 3246 1162 φροντίδων
3293 1089 3602 1155 ἀπαλλάξαι

2027 1190 2127 1259 τὴν
2153 1190 2414 1262 τήμερον,
2443 1187 2539 1241 καὶ
2565 1185 2696 1257 περὶ
2733 1185 2833 1254 τῆς
2872 1184 2973 1253 σῆς
3004 1185 3181 1238 εἰπεῖν
3215 1181 3508 1250 θυγατρὸς,
3533 1182 3604 1251 ἢν

2029 1278 2147 1335 οἶδα
2176 1280 2318 1334 κατά
2349 1278 2449 1342 τὰς
2492 1278 2727 1346 ἐλάφους
2753 1275 2941 1346 διψᾷς,
2974 1275 3070 1328 καὶ
3105 1273 3182 1344 τῷ
3210 1272 3361 1345 πόθῳ
3397 1273 3608 1341 ταύτης

2032 1372 2384 1428 ἐκκέκαυσαι.
2412 1370 2552 1424 Ἴσθι
2579 1368 2891 1439 τοιγαροῦν,
2922 1360 2967 1421 ὧ
2998 1366 3195 1436 πάτερ,
3228 1365 3357 1434 ἔφη,
3406 1364 3469 1418 τὸ
3514 1364 3609 1416 σὺν

2031 1464 2223 1519 τέκνον
2265 1463 2532 1533 ὑπάρχειν
2586 1460 2719 1530 ἐμὲ,
2759 1459 2981 1524 δείξασα
3013 1457 3109 1511 καὶ
3144 1455 3243 1527 τὴν
3273 1456 3395 1525 δψιν
3432 1454 3607 1522 αὐτῷ,

2032 1555 2159 1611 καθ’
2192 1556 2317 1609 ὅσον
2342 1549 2457 1608 οἷόν
2487 1570 2547 1607 τε
2573 1550 2973 1624 φανερώτερον.
3009 1548 3119 1603 Τοῦ
3138 1549 3194 1603 δὲ
3228 1534 3410 1601 λαθεῖν
3441 1547 3610 1601 ἕνεκα

2035 1649 2117 1713 είς
2162 1648 2284 1702 τόδε
2328 1648 2390 1702 τδ
2437 1647 2623 1717 σχῆμα
2659 1643 2987 1716 μεταϐαλεῖν
3018 1642 3282 1713 ἐμαυτὴν,
3310 1641 3370 1704 ἐξ
3410 1633 3471 1694 οἶι
3518 1657 3612 1711 μοι

362 1745 582 1800 allatum
611 1745 680 1798 sit
701 1744 1148 1814 impedimentum
1188 1743 1244 1797 in
1271 1741 1620 1813 suscipiendo
1637 1742 1936 1797 certamine

2055 1739 2385 1812 προσγέγονε
2419 1737 2554 1791 Θεοῦ
2586 1736 2804 1799 πάντως
2846 1734 2990 1789 οὕτω
3025 1733 3467 1796 συνευδοκοῦντος
3488 1773 3504 1799 ,
3548 1732 3614 1784 τὸ

363 1835 818 1893 exercitationis:
856 1843 910 1890 et
948 1843 1005 1890 tu
1045 1849 1193 1890 nunc
1222 1834 1401 1900 adsis,
1444 1841 1503 1889 ut
1546 1833 1652 1888 tuis
1689 1834 1941 1890 manibus

2055 1831 2137 1885 καὶ
2171 1831 2231 1883 σέ
2272 1829 2361 1882 διά
2392 1827 2509 1898 βίου
2559 1826 2761 1890 παντὸς
2799 1827 2952 1897 ὁρᾷν,
2985 1825 3080 1878 καὶ
3127 1823 3281 1895 παρὰ
3311 1821 3404 1876 σοῦ
3445 1822 3615 1892 μηδὲν

366 1927 658 1998 sepulturae
702 1943 836 1983 mea:
882 1929 1211 1982 mandentur
1255 1927 1521 1997 reliquiae.
1556 1925 1648 1982 Sic
1691 1925 1847 1992 dixit,
1884 1934 1939 1981 et

2055 1925 2179 1994 πρὸς
2206 1922 2300 1997 τὸν
2333 1923 2433 1990 τῆς
2470 1919 2759 1989 ἀσκήσεως
2811 1917 3021 1987 ἀγῶνα,
3074 1912 3615 1986 παρεμποδίζεσθαιθ

368 2018 599 2076 Domino
636 2020 818 2075 statim
843 2019 1064 2075 tradidit
1095 2020 1355 2076 animam.

443 2277 582 2335 XIV.
633 2279 728 2336 llle
778 2291 960 2337 autem
997 2298 1057 2338 re
1095 2282 1373 2354 inopinata
1410 2283 1785 2355 stupefactus,
1834 2301 1945 2341 non

377 2370 675 2441 respirans,
708 2372 860 2426 humi
887 2374 1106 2439 cecidit,
1135 2383 1391 2446 tanquam
1428 2386 1699 2443 mortuus,
1723 2377 1859 2433 adeo
1892 2387 1950 2434 ut

384 2479 526 2534 aqua
555 2463 748 2520 faciem
775 2467 894 2536 ejus
923 2470 1218 2539 asperserit
1240 2470 1500 2541 Agapius,
1527 2480 1583 2527 et
1604 2487 1728 2527 cum
1742 2487 1867 2528 eum
1880 2473 1950 2528 ad

382 2569 443 2609 se
473 2565 803 2621 revocasset,
831 2561 1153 2630 rogaretqui
1171 2561 1372 2616 factum
1390 2562 1482 2629 sit,
1504 2563 1648 2632 quod
1665 2564 1714 2618 ei
1733 2564 1951 2621 defece-

383 2643 453 2700 rit
480 2647 717 2703 animus.
751 2647 846 2704 llle
876 2658 1057 2704 autem
1081 2651 1216 2706 dixit
1251 2667 1311 2708 se
1346 2652 1546 2708 vidisse
1571 2669 1659 2709 res
1684 2654 1820 2710 adeo
1852 2656 1952 2712 ad-

383 2738 694 2807 mirabiles,
723 2749 781 2797 ut
807 2753 1032 2813 cuperet
1059 2746 1223 2800 etiam
1255 2762 1381 2802 mox
1423 2747 1590 2802 vitam
1620 2764 1745 2804 cum
1777 2758 1953 2804 morte

383 2839 742 2886 commutare.
788 2833 988 2889 Deinde
1024 2850 1148 2890 cum
1188 2842 1542 2905 surrexisset,
1575 2849 1630 2896 et
1662 2840 1957 2896 circumfu-

387 2933 483 2972 sus
537 2920 740 2976 sanctis
790 2920 897 2977 illis
947 2935 1092 2979 esset
1146 2926 1410 2997 reliquiis,
1461 2937 1517 2984 et
1573 2945 1669 2985 eas
1712 2930 1957 3002 irrigaret

268 3084 273 3089 μ
384 3010 674 3079 lacrymis,
709 3019 767 3067 et
806 3015 1123 3070 commistos
1151 3019 1349 3087 gaudio
1376 3018 1537 3076 fletus
1581 3021 1875 3087 emitteret,
1903 3032 1959 3077 et

385 3100 647 3154 clamaret
678 3118 692 3155 :
726 3099 823 3156 Hei
884 3103 1036 3171 mihi,
1089 3104 1196 3160 filia
1236 3108 1545 3164 dulcissima
1566 3152 1580 3176 ,
1629 3126 1729 3167 cur
1758 3128 1867 3168 non
1902 3122 1956 3169 te

387 3189 523 3243 mihi
554 3189 648 3243 diu
688 3199 816 3247 ante
859 3195 1161 3262 aperuisti?
1201 3196 1311 3253 Cur
1356 3215 1468 3254 non
1521 3217 1607 3257 me
1638 3218 1745 3257 una
1774 3210 1953 3259 tecum

386 3285 729 3352 assumpsin
780 3286 985 3342 socium
1035 3290 1090 3345 in
1135 3307 1302 3361 opere
1360 3296 1439 3349 tui
1478 3299 1788 3368 propositi?
1839 3299 1958 3355 Heu

387 3388 476 3428 me
532 3376 811 3445 miserum,
859 3381 990 3450 quid
1037 3384 1168 3439 mihi
1222 3387 1456 3443 accidit!
1510 3390 1792 3455 Quomodo
1855 3393 1960 3448 fuit

389 3474 535 3519 tanta
578 3481 697 3522 mea
722 3467 1074 3538 ignorantia?
1103 3473 1387 3539 Quomodo
1418 3479 1728 3535 nesciebam
1772 3497 1860 3536 me
1903 3482 1959 3536 in

385 3557 638 3612 manibus
690 3558 895 3617 habere
917 3605 931 3627 ,
987 3566 1132 3633 quod
1161 3569 1549 3636 qurerebatur?
1594 3570 1735 3637 Quid
1770 3574 1959 3645 agam?

385 3648 680 3707 Festumne
737 3655 1061 3722 celebrabo,
1124 3660 1264 3714 hanc
1304 3662 1496 3718 videns
1536 3679 1657 3734 quae
1696 3668 1960 3735 processit

385 3755 453 3795 ex
483 3742 620 3797 meis
665 3744 899 3812 lumbis,
933 3762 1001 3801 an
1042 3748 1237 3820 lugebo
1283 3751 1461 3807 victus
1501 3754 1741 3822 paternis
1785 3755 1961 3809 visce-

387 3832 575 3889 ribus?
608 3834 715 3892 Sed
745 3852 857 3894 non
885 3849 969 3896 est
997 3841 1284 3897 honesturn
1321 3859 1416 3899 eos
1447 3845 1653 3915 lugere,
1681 3847 1770 3915 qui
1810 3857 1961 3917 post-

387 3940 550 3995 quam
580 3927 710 3983 hinc
739 3933 1096 3998 excesserint,
1130 3935 1336 3990 vadunt
1367 3936 1433 3991 ad
1458 3936 1623 3991 vitam
1652 3939 1958 4005 meliorem,

387 4017 602 4073 etiamsi
651 4031 845 4075 natura
889 4022 1222 4080 domesticos
1272 4027 1626 4103 amplectens,
1669 4044 1757 4084 me
1805 4039 1963 4101 cogat

390 4109 495 4164 hoc
527 4108 727 4166 facere.
782 4111 1263 4172 Verumenimrero
1307 4118 1585 4188 lugentem
1627 4136 1716 4175 me
1760 4122 1964 4191 excipit

387 4200 644 4272 gaudium
670 4241 685 4267 ,
726 4202 908 4260 fontes
962 4207 1266 4276 reprimens
1309 4209 1668 4281 lacrymarum
1697 4252 1713 4276 ,
1743 4222 1799 4268 et
1836 4230 1962 4283 per-

389 4291 577 4346 suadet
616 4299 675 4346 ut
721 4294 987 4363 postulem
1026 4312 1187 4365 quam
1233 4299 1467 4369 primum
1517 4301 1644 4356 hinc
1676 4304 1958 4358 excedere.

393 4382 520 4437 Scio
549 4383 693 4438 enim
729 4384 847 4440 fore
899 4395 961 4440 ut
1000 4402 1120 4442 eam
1148 4389 1380 4458 videam,
1415 4402 1471 4447 et
1516 4394 1584 4449 ab
1630 4410 1693 4449 ca
1749 4396 1959 4462 videar,

2040 2017 2135 2068 καὶ
2167 2014 2264 2067 νῦν
2292 2010 2551 2081 παρεῖναί
2586 2025 2646 2063 σε
2697 2009 2774 2072 ὡς
2806 2007 2873 2063 ἂν
2908 2007 3003 2063 καὶ
3036 2007 3193 2077 χερσὶ
3238 2006 3359 2069 ταῖς
3407 2006 3528 2067 σαῖς
3553 2001 3618 2057 τδ

2042 2107 2172 2176 ἐμὸν
2198 2105 2357 2177 τάφῳ
2388 2102 2700 2176 παραδοθῇς
2726 2101 3001 2172 λείψανον.
3025 2098 3211 2165 Οὕτως
3246 2093 3387 2164 εἰπε,
3413 2098 3509 2152 καὶ
3538 2094 3618 2166 τῷ

2044 2200 2234 2271 Κυρίῳ
2268 2198 2429 2261 εὐθὺς
2459 2195 2729 2268 παρέθετο
2755 2193 2857 2265 τὴν
2882 2192 3082 2264 ψυχήν.
3304 2260 3347 2268 __

2116 2290 2215 2346 1Δ’.
2264 2290 2324 2344 '0
2351 2290 2410 2343 δέ
2446 2288 2524 2361 τῷ
2574 2287 2967 2358 ἀπροσδοκήτῳ
3023 2284 3119 2339 τοῦ
3173 2283 3497 2354 πράγματος
3525 2282 3620 2335 ἐκ·

2047 2384 2277 2453 πλαγεὶς
2308 2381 2514 2445 ἄπνους
2552 2380 2686 2442 ὡσεὶ
2709 2378 2900 2451 νεκρὸς
2931 2377 3239 2432 κατέπεσεν
3271 2375 3365 2428 ἐπ”ί
3389 2376 3515 2445 γῆν,
3543 2373 3619 2437 ὡς

2050 2476 2204 2530 ῦδατι
2235 2476 2327 2529 τὸν
2368 2473 2633 2542 Ἀγάπιον
2674 2473 2736 2526 τδ
2763 2470 2954 2525 τούτου
2995 2467 3415 2540 περιρραντίσαι
3451 2467 3622 2537 πρόσ⁴

2053 2588 2226 2638 ωπον,
2273 2572 2365 2625 καὶ
2401 2567 2847 2639 ἀνακτησάμενον
2885 2566 3116 2637 ἐρωτᾷν,
3164 2562 3218 2617 τί
3247 2561 3486 2617 παθόντα
3514 2561 3628 2614 λειο

2051 2663 2299 2735 ποθυμίᾳ
2325 2662 2664 2731 περιπεσεῖνο
2687 2661 2779 2713 τὸν
2803 2658 2861 2711 δὲ
2893 2655 3065 2726 φάναι
3092 2652 3351 2708 τοιούτων
3384 2655 3462 2715 είς
3488 2651 3625 2704 θέαν

2053 2755 2375 2828 παραδόξων
2419 2752 2616 2818 ἐλθεῖν,
2642 2751 2718 2815 ὡς
2744 2748 2995 2821 ἐφίεσθαι
3021 2747 3115 2800 καὶ
3136 2747 3198 2799 τὸ
3222 2744 3323 2816 ζῇν
3343 2746 3424 2807 είς
3457 2743 3625 2814 τάχος

2055 2848 2369 2904 ἀποϐαλεῖν.
2410 2841 2548 2900 Εἶτα
2585 2842 2948 2899 διαναστάντα
2994 2841 3089 2895 καὶ
3123 2839 3202 2911 τῷ
3244 2838 3384 2909 ἁγίῳ
3430 2837 3625 2907 ἐκείνῳ

2003 2999 2010 3006 ,
2055 2940 2292 3009 λειψάνῳ
2337 2935 2698 3008 περιχυθέντα
2720 2932 2952 3005 δάκρυσί
2985 2947 3043 2984 τε
3071 2929 3203 2984 αὐτὸ
3235 2925 3625 2997 καταδρέχειν,

2058 3033 2153 3087 καὶ
2181 3029 2450 3101 ὀδυρμοὺς
2478 3028 2701 3097 ἀφιέναι
2729 3021 2888 3097 ἠδονῇ
2922 3022 3238 3095 συμμιγεῖς.
3274 3019 3384 3074 Καὶ
3417 3019 3471 3072 οῖ
3496 3018 3623 3088 per!

2060 3124 2271 3188 τέκνον,
2301 3122 2451 3194 βοᾷν,
2481 3119 2837 3189 γλυκύτατον,
2866 3116 2954 3170 διὰ
2979 3115 3032 3169 τί
3062 3115 3264 3185 σαυτήν
3292 3130 3381 3183 μοι
3410 3110 3485 3181 μὴ
3520 3108 3631 3177 πρὸ

2059 3204 2256 3271 πολλοῦ
2297 3214 2687 3283 άπεκάλυψαςς
2721 3211 2809 3265 διὰ
2861 3210 2914 3263 τί
2953 3207 3027 3281 μὴ
3061 3206 3399 3277 συνεργάτην
3432 3219 3500 3274 με
3525 3202 3629 3270 τῆς

2061 3310 2160 3380 σῆς
2185 3308 2494 3380 προθέσεως
2528 3303 2989 3376 συμπαρείληφας
3021 3318 3038 3366 ;
3068 3302 3123 3355 οῖ
3153 3315 3243 3371 μοι
3268 3297 3322 3351 τί
3346 3296 3630 3362 πέπονθας

2059 3402 2176 3464 πῶς
2219 3401 2472 3471 ἀγνόημα
2501 3396 2819 3468 τηλικοῦτον
2852 3394 3137 3465 ἠγνόησας
3174 3391 3298 3454 πῶς
3328 3390 3429 3444 οὐκ
3477 3386 3627 3458 ᾔδειν

2059 3493 2199 3564 ἔχων
2228 3494 2286 3547 ἐν
2316 3492 2476 3562 χερσὶ
2526 3492 2586 3544 τὸ
2623 3488 2983 3559 ζητούμενον;
3035 3485 3090 3537 τί
3133 3482 3331 3549 πάθως
3382 3477 3628 3550 ἑορτάσω

2057 3586 2260 3655 ταύτην
2288 3585 2385 3655 τὴν
2413 3583 2470 3650 ἐξ
2501 3582 2700 3652 ὀσφύος
2740 3597 2839 3653 μου
2875 3577 3131 3648 τοιαύτην
3152 3575 3328 3648 ὁρῶν;
3360 3574 3392 3643 ἢ
3424 3572 3631 3643 θρηνή-

2061 3693 2139 3730 σω
2169 3675 2501 3746 σπλάγχνοις
2542 3673 2843 3741 νικώμενος
2875 3670 3196 3741 πατρικοῖς;
3239 3666 3376 3720 ἀλλὰ
3410 3664 3630 3735 θρηνεῖν

2059 3767 2121 3821 ού
2159 3767 2325 3821 καλὸν
2373 3764 2500 3828 τοὺς
2545 3764 2683 3835 μετὰ
2713 3762 2812 3834 τὴν
2868 3760 3079 3814 ἐνθένδε
3137 3756 3458 3825 ἀπαλλαγὴν
3489 3754 3632 3823 πρὲς

2061 3857 2347 3926 κρείττονα
2385 3853 2788 3925 πορευομένους
2813 3850 3107 3921 διαγωγὴν,
3136 3849 3239 3903 κᾶν
3275 3848 3308 3916 ἡ
3335 3845 3496 3914 φύσις
3519 3843 3628 3896 τῶν

2059 3948 2279 4001 οἰκείων
2304 3945 2638 4016 ἀντεχομένη
2682 3944 2845 3996 τοῦτό
2904 3959 2968 4013 με
3013 3938 3400 4010 καταναγκάζη
3433 3939 3629 3990 ποιεῖν·

2062 4040 2200 4111 πλὴν
2232 4039 2368 4094 ἀλλὰ
2409 4035 2709 4109 θρηνοῦντά
2758 4051 2825 4105 με
2860 4034 3003 4107 χαρὰ
3032 4034 3332 4104 διαδέχεται
3359 4031 3485 4093 τοὺς
3517 4029 3632 4081 τῶν

2060 4130 2312 4202 δακρύων
2350 4130 2612 4199 κρουνοὺς
2659 4126 3058 4182 άναστέλλουσα
3081 4166 3097 4191 ,
3146 4125 3241 4177 καὶ
3283 4123 3381 4193 τὴν
3420 4122 3634 4177 ἐνθένδε

2064 4222 2398 4293 μετάστασιν
2431 4220 2607 4274 πείθει
2638 4221 2701 4273 τὸ
2725 4220 2889 4288 τάχος
2926 4216 3230 4287 ἐπιζητεῖν.
3262 4212 3394 4271 Οἶδα
3427 4216 3535 4283 γὰρ
3557 4213 3635 4277 ὡς

2061 4313 2264 4383 ὅψομαί
2290 4331 2351 4366 τε
2384 4313 2555 4384 αὐτὴν
2584 4313 2677 4366 καὶ
2708 4311 3016 4381 ὀφθήσομαι
3041 4307 3177 4361 Θεοῦ
3221 4305 3635 4375 φιλανθρωπίας

2063 4402 2220 4457 τοῦτο
2248 4401 2516 4471 διδούσης,
2558 4403 2654 4455 icui.
2687 4402 2764 4462 εἰς
2791 4401 2881 4453 τὸν
2913 4399 3084 4453 αίῶνα
3119 4397 3423 4466 συζήσομαι
3469 4397 3535 4465 τῇ
3577 4394 3639 4459 ἐξ

392 4473 496 4529 hoc
525 4476 859 4532 concedente
889 4477 984 4533 Dei
1014 4478 1379 4552 benignitate.
1408 4491 1465 4538 et
1490 4483 1652 4538 simul
1692 4486 1864 4540 vivam
1903 4486 1953 4540 in

2064 4495 2197 4565 ἐμοῦ
2231 4496 2328 4565 μὲν
2357 4494 2698 4566 γεννηθείσῃ,
2734 4493 2885 4564 αύτῷ
2914 4493 2971 4546 δέ
3005 4493 3239 4563 ζησάσῃ,
3273 4490 3367 4545 καὶ
3398 4489 3497 4561 τὴν
3532 4505 3639 4558 μα-

388 4566 585 4621 saecula
606 4584 731 4622 cum
751 4585 835 4637 ea,
868 4587 991 4641 qua:
1018 4586 1050 4626 a
1081 4588 1167 4628 me
1196 4575 1416 4644 quidem
1450 4586 1534 4632 est
1560 4580 1762 4649 genita,
1790 4580 1841 4634 ei
1866 4597 1953 4638 au-

2066 4587 2264 4657 καρίαν
2305 4585 2662 4657 παραθεμένῃ
2699 4584 2899 4657 ψυχήν.

391 4670 499 4714 tem
531 4661 683 4727 vixit,
715 4671 770 4717 et
796 4662 1008 4718 beatam
1042 4664 1118 4718 illi
1158 4667 1378 4722 tradidit
1402 4669 1659 4725 animam.

462 4750 575 4804 XV.
618 4752 715 4808 llis
756 4756 940 4811 verbis
968 4771 1095 4810 cum
1146 4765 1320 4811 totum
1370 4769 1551 4814 actum
1607 4760 1969 4815 intellexisset

392 4843 658 4913 Agapius,
693 4846 742 4900 id
776 4851 1065 4904 annuntiat
1098 4867 1224 4904 cum
1254 4852 1491 4907 clamore
1519 4862 1573 4906 et
1605 4853 1964 4909 admiratione

391 4934 650 5006 prwfecto
673 4946 726 4991 et
754 4937 1030 4994 fratribus.
1068 4941 1146 4996 Illi
1179 4952 1362 4998 autem
1399 4945 1801 5001 contendebant
1830 4948 1969 5001 alius

390 5025 559 5081 alium
592 5030 926 5097 praevenire,
977 5034 1336 5104 obstupefacti
1388 5053 1526 5092 nova
1559 5048 1613 5093 ct
1662 5039 1837 5094 aliena
1880 5056 1973 5095 au-

392 5117 600 5172 ditione
621 5157 636 5183 ,
678 5125 736 5173 et
769 5123 1021 5177 studebat
1057 5128 1428 5197 unusquisque
1465 5129 1671 5198 primus
1705 5145 1974 5185 veneran-

391 5208 490 5263 das
519 5210 772 5279 amplecti
804 5214 1082 5284 reliquias.
1115 5218 1253 5273 Cum
1282 5228 1464 5274 autem
1496 5222 1819 5277 accessisset
1851 5226 1973 5291 qui-

392 5301 516 5356 dam
547 5318 614 5357 ex
641 5304 900 5362 fratribus
933 5310 1108 5364 altero
1137 5312 1297 5366 oculo
1324 5314 1548 5368 orbatus
1568 5355 1583 5378 ,
1610 5313 1726 5384 ipse
1757 5331 1972 5385 quoque

389 5393 759 5462 amplexurus,
812 5396 987 5454 lucem
1033 5413 1117 5456 est
1162 5412 1448 5458 assecutus
1490 5405 1560 5459 ab
1592 5421 1691 5467 ea.
1735 5422 1855 5475 quae
1887 5408 1972 5461 ui-

393 5482 515 5536 vina
547 5483 670 5539 luce
699 5485 861 5558 digna
897 5498 1015 5543 erat
1046 5491 1227 5545 habita
1249 5530 1266 5554 ,
1294 5501 1354 5547 et
1376 5493 1517 5548 duos
1547 5495 1739 5549 habuit
1777 5495 1973 5550 illaesos

391 5578 611 5642 oculos,
647 5590 855 5635 certum
889 5582 1116 5639 effectus
1159 5585 1529 5642 testimonium
1569 5589 1712 5643 illius
1764 5590 1885 5643 fidei
1919 5598 1975 5644 et

394 5669 766 5736 beatitudinis,
811 5692 974 5746 quam
1019 5679 1110 5734 illa
1161 5679 1338 5735 fuerat
1378 5690 1650 5737 assecuta.
1694 5681 1813 5736 Non
1860 5698 1976 5735 am-

395 5762 539 5835 plius
560 5781 693 5838 ergo
714 5770 1007 5840 sepulturae
1038 5774 1427 5842 meminerant,
1460 5775 1552 5846 qui
1585 5774 1807 5832 aderant
1842 5794 1852 5830 :
1880 5776 1975 5832 scd

2137 4766 2240 4821 ιε’.
2273 4766 2495 4828 Τούτοις
2547 4766 2661 4827 τοῖς
2715 4766 2925 4837 ῥήμασι
2955 4764 3015 4818 τὸ
3064 4766 3172 4819 πᾶν
3217 4763 3313 4818 τοῦ
3359 4765 3641 4834 δράματος

2068 4860 2246 4920 συνεὶς
2273 4860 2300 4910 ὁ
2339 4857 2624 4923 Ἀγάπιος,
2668 4856 2767 4909 σὺν
2798 4855 2893 4927 βοῇ
2931 4856 3026 4909 καὶ
3064 4856 3303 4925 θαύματι
3330 4855 3642 4921 διαγγέλλει

2066 4949 2146 5018 τῷ
2194 4948 2482 5019 ἡγουμένῳ
2534 4964 2594 5000 τε
2660 4949 2754 5000 καὶ
2811 4950 2923 5009 τοῖς
2967 4947 3232 5016 ἀδελφοῖς.
3284 4947 3349 4999 Οἱ
3390 4947 3446 4998 δὲ
3475 4946 3639 5009 ἄλλος

2069 5042 2230 5096 ἄλλον
2273 5040 2497 5107 φθάνειν
2533 5039 2824 5109 ἠπείγοντο
2868 5038 2930 5090 τὸ
2973 5038 3158 5092 καινὸν
3199 5038 3294 5090 καὶ
3348 5038 3497 5103 ξένον
3538 5038 3641 5106 τῆς

2071 5136 2241 5204 ἀκοῆς
2290 5134 2739 5203 ἐκπληττόμενοι,
2798 5134 2892 5186 καὶ
2943 5134 3156 5201 πρῶτος
3204 5132 3431 5195 ἕκαστος
3467 5130 3529 5183 τὸ
3557 5146 3683 5183 τιο-

2074 5227 2345 5296 μιώτατον
2376 5226 2606 5279 ἔσπευδε
2664 5224 3101 5296 περιπτύξασθαι
3150 5222 3424 5290 λείψανον.
3468 5222 3557 5285 Ὠς
3584 5223 3642 5276 δέ

2070 5339 2153 5383 τις
2185 5321 2291 5375 τῶν
2357 5319 2603 5389 ἀδελφῶν
2634 5320 2727 5371 τὸν
2782 5319 2971 5390 ἕτερον
3020 5317 3306 5387 ὀφθαλμὸν
3359 5316 3647 5386 πηρωθεὶς

2073 5412 2365 5482 προσῆλθε,
2422 5412 2517 5466 καὶ
2577 5411 2741 5474 αὐτὸς
2801 5411 3211 5480 ἀσπασόμενος,
3255 5407 3434 5477 φωτὸς
3480 5405 3646 5475 ἔτυχε

2073 5503 2224 5573 παρὰ
2247 5507 2344 5574 τῆς
2375 5504 2551 5572 φωτὸς
2577 5503 2673 5556 τοῦ
2705 5502 2850 5556 θείου
2885 5501 3219 5572 ὴξιωμένης,
3257 5499 3369 5553 καὶ.
3391 5500 3519 5561 τοὺς
3548 5496 3647 5550 δύο

2073 5587 2215 5662 εἶχεν
2237 5594 2464 5657 ἀπαθεῖς
2495 5593 2825 5663 ὀφθαλμοὺς,
2854 5592 3152 5664 μαρτύριον
3175 5592 3466 5660 γενόμενος
3487 5590 3645 5657 ἀκρι-

2074 5685 2167 5749 ϐὲς
2198 5690 2298 5756 τῆς
2326 5687 2492 5740 αὐτοῦ
2526 5687 2780 5750 πίστεως,
2833 5685 2932 5740 καὶ
2986 5681 3055 5757 ἦς
3099 5686 3283 5756 ἐκείνη
3322 5680 3639 5753 κατηξιώθη

2081 5779 2500 5849 μακτριὸτητος.
2534 5779 2731 5833 Οὐκέτι
2786 5773 2880 5831 οὖν
2912 5777 3090 5847 ταφῆς
3118 5778 3167 5830 οἳ
3200 5775 3466 5847 παρόντες
3513 5772 3643 5846 ἐμέ-
