3868 6462
240 363 338 427 321

1225 359 1399 421 VITA
1440 361 1486 419 B
1545 358 2057 420 APOLLINARIS
2087 356 2490 431 ,VIRGINIS.

3386 359 3494 422 322

238 498 465 552 μνηντο,
521 478 659 532 ἀλλὰ
693 476 894 548 ταύτης
943 476 1318 546 ὲπιλαθέμενοι
1343 516 1358 540 ,
1389 475 1684 546 δοξοὶογίᾳ,
1715 476 1808 528 καὶ

1929 475 2028 545 :jus
2091 475 2278 538 obliti.
2344 473 2736 546 gloriﬁcutione
2799 481 2855 528 et
2918 472 3278 530 admiratione
3332 474 3495 530 divisi

241 571 482 640 θαύματι
525 569 662 638 μετὰ
693 570 864 640 χαρᾶς
914 567 1250 636 ἐμερίζοντο.
1296 567 1419 636 Ὀψὲ
1451 567 1506 619 δὲ
1541 568 1637 620 καὶ
1661 567 1813 634 μόλις

240 661 421 714 αὐτῶν
473 657 616 714 εἶναι
671 663 761 714 τὸν
814 660 1112 731 θησαυρὸν,
1148 659 1240 714 καὶ
1275 661 1412 730 μετὰ
1465 659 1564 730 τὴν
1613 659 1810 728 ταφὴν,

240 753 614 823 λογισάμενοι,
675 755 790 816 τοῖς
841 753 951 804 τῶν
1003 751 1257 822 πατέρων
1309 751 1554 820 μνήμασι
1613 749 1816 819 ταύτην

239 845 713 913 ἑγκατατίθενται,
765 845 906 913 φωτὶ
954 844 1084 915 θείῳ
1117 845 1179 896 τὸ
1210 845 1502 913 πρόσωπον
1547 841 1818 913 περιλαμ-

243 938 511 1006 πομένην.
560 937 618 989 ’0
667 937 854 1006 μέντοι
903 935 1107 1006 ταύτης
1139 935 1322 1005 πατὴρ
1356 934 1476 986 οὐδὲ
1512 933 1818 1002 ἀποστῆναι

245 1030 385 1100 μετά
412 1030 585 1083 ταῦτα
627 1035 726 1100 τῆς
778 1031 946 1099 μονῆς
981 1029 1118 1092 ὅλως
1175 1027 1356 1098 ἔκρινε
1383 1041 1396 1056 ⁸
1452 1025 1706 1080 τοσοῦτον
1764 1025 1820 1076 δὲ

247 1120 409 1190 μόνον
437 1119 786 1189 ἐκχωρήσας,
820 1121 944 1173 ὅσον
980 1119 1253 1187 διανεῖμαι
1291 1117 1360 1170 τὰ
1389 1116 1520 1170 ὄντα
1546 1115 1742 1185 πένησί
1762 1131 1820 1167 τε

245 1212 340 1264 καὶ
384 1211 728 1280 ἐκκλησίαις,
779 1216 875 1263 καὶ
913 1213 1024 1273 τοῖς
1065 1211 1240 1272 ἄλλως
1269 1209 1506 1270 εὐσεϐῶς
1544 1208 1700 1271 ζῶσι,
1730 1206 1824 1260 καὶ

243 1302 354 1355 τῶν
385 1302 708 1372 ἐπιτηδείων
755 1303 830 1372 μὴ
861 1301 1060 1363 ἱκανῶς
1093 1301 1299 1371 ἔχουσι,
1341 1299 1463 1354 τινὰ
1520 1299 1578 1352 δὲ
1623 1300 1717 1352 καὶ
1748 1297 1824 1367 τῷ

257 1393 515 1462 κοινοὸίῳ
550 1391 909 1462 καθιερῶσαι,
962 1392 1022 1445 τὸ
1076 1392 1202 1461 ἑξῆς
1241 1391 1430 1444 ἑαυτὸν
1474 1389 1655 1461 φέρων
1698 1407 1826 1443 συν-

243 1486 432 1540 τάττει
483 1488 599 1548 τοῖς
634 1486 904 1554 ἀδελφοῖς,
949 1483 1201 1544 κάκεῖνος
1232 1485 1324 1536 τὸν
1371 1482 1663 1536 ὑπόλοιπον
1703 1482 1828 1553 χρό-

247 1597 340 1633 νον
393 1578 490 1632 τοῦ
546 1577 664 1648 βίου
724 1577 960 1632 διατελεῖ
993 1577 1089 1629 ἐπὶ
1114 1576 1214 1645 τῆς
1255 1575 1449 1645 ψιάθου
1500 1591 1558 1626 τε
1593 1575 1686 1629 καὶ
1729 1575 1826 1644 τῆς

243 1672 442 1742 κέλλης
486 1671 589 1744 τῆς
630 1670 986 1740 Εὑφροσύνης
1024 1668 1505 1739 κατακλινόμενος,
1547 1668 1644 1721 καὶ
1685 1668 1830 1738 μέγα

242 1763 408 1816 τοῦτο
439 1766 520 1826 εἰς
553 1763 892 1832 εὐφροσύνην
920 1761 1230 1831 τιθέμενος.

1915 574 2220 620 erantcum
2267 567 2478 619 laetitia.
2531 565 2665 618 Cum
2720 571 2902 617 autem
2943 564 3033 618 vix
3076 565 3290 618 tandem
3339 581 3499 636 repu-

1916 666 2142 720 tassent,
2173 659 2335 712 etiam
2369 665 2493 726 post
2526 656 2862 724 sepulturam
2893 656 3143 710 eumdem
3183 664 3330 710 esset
3373 657 3498 711 the-

1917 763 2178 812 saurum,
2213 747 2355 800 illam
2408 748 2690 815 deponunt
2735 746 2789 798 in
2836 745 3208 799 monumentis
3251 755 3491 813 patrum,

1917 839 2037 894 lucc
2067 841 2247 894 divina
2300 856 2332 891 ιι
2388 839 2523 892 facie
2566 839 2905 892 illustratatn.
2948 837 3078 906 Ejus
3109 847 3290 892 autem
3334 847 3492 906 pater

1921 947 1990 986 ne
2019 947 2117 1003 cog
2143 933 2275 987 tavit
2313 931 2533 1001 quidem
2577 929 2860 984 discedere
2897 944 2927 984 a
2969 931 3322 984 monasterio.
3356 929 3495 986 Cum

1921 1037 2102 1082 autem
2159 1029 2334 1083 solum
2393 1036 2600 1082 tantum
2649 1026 2988 1087 recessisset,
3040 1036 3302 1094 quantum
3366 1026 3498 1081 satis

1921 1129 2068 1174 esset
2110 1120 2176 1173 ad
2207 1135 2332 1173 suas
2367 1119 2653 1173 facultates
2701 1117 3020 1171 dividendas
3064 1119 3394 1187 pauperibus
3443 1127 3497 1174 et

1923 1211 2200 1276 ecclesiis,
2258 1219 2314 1266 et
2375 1211 2439 1264 iis
2489 1211 2580 1280 qui
2627 1210 2823 1280 alioqui
2878 1209 2964 1279 pie
3007 1211 3232 1275 vivunt,
3279 1219 3335 1264 et
3388 1226 3497 1265 non

1926 1303 2130 1358 habent
2173 1319 2236 1357 ea
2265 1319 2384 1372 quae
2416 1311 2547 1357 sunt
2589 1302 2936 1367 necessaria;
2972 1302 3050 1356 uti
3090 1312 3268 1356 tamen
3317 1303 3497 1372 aliqua

1926 1382 2270 1450 consecraret
2295 1394 2562 1458 coenobio,
2609 1408 2667 1446 se
2696 1392 2953 1461 deinceps
2991 1392 3156 1447 refert
3205 1393 3256 1446 in
3307 1409 3502 1448 nume-

1927 1503 2048 1541 rum
2080 1486 2340 1548 fratrum,
2369 1493 2424 1540 et
2461 1485 2570 1538 illic
2611 1484 2881 1552 reliquum
2921 1483 3044 1538 vitae
3095 1492 3310 1553 tempus
3351 1493 3502 1538 tran-

1929 1579 2074 1650 sigit,
2108 1579 2162 1632 in
2193 1587 2374 1633 slorea
2410 1586 2464 1631 et
2493 1577 2626 1631 cella
2655 1575 3048 1646 Euphrosynes
3070 1578 3416 1645 recumbens,
3445 1587 3504 1632 et

1929 1673 1986 1728 id
2033 1687 2154 1727 esse
2184 1687 2434 1742 magnum
2457 1670 2664 1726 ducens
2691 1670 2756 1725 ad
2785 1670 3048 1726 laetitiam.

317 1854 421 1923 ις’
457 1821 593 1925 ’ἐτη
623 1821 715 1908 οὖν
758 1821 888 1908 δέκα
933 1855 1027 1908 καὶ
1049 1821 1220 1916 ἀὐτὸς
1263 1853 1341 1924 τῷ
1376 1853 1627 1923 κοινοόίῳ
1651 1851 1823 1923 τούτῳ

1995 1849 2133 1906 XVI.
2166 1849 2300 1904 Cum
2327 1865 2458 1920 ergo
2505 1848 2619 1919 ipse
2649 1864 2865 1919 quoque
2900 1848 3085 1903 decem
3124 1864 3296 1904 annos
3327 1857 3499 1903 trans-

245 1947 548 2015 διαγαγὼν,
579 1948 678 1998 κα)⁸
701 1945 974 1998 πολιτείαν
1005 1944 1295 2014 ἀκριϐείας
1325 1945 1508 2015 πλήρη
1534 1944 1826 2016 διηνυκὼς,

250 2037 488 2108 μετέστη
520 2036 652 2106 πρὸς
672 2034 896 2106 Κύριον,
937 2033 996 2086 τὸ
1022 2032 1211 2086 τούτου
1248 2031 1408 2102 σῶμα
1463 2031 1700 2101 ἐχόμενα
1733 2029 1828 2082 τοῦ

244 2130 344 2199 τῆς
378 2127 651 2198 θυγατρὸς
681 2127 845 2180 αὑτοῦ
885 2126 1070 2196 τιμίου
1099 2124 1349 2195 σώματος
1383 2123 1697 2194 ἐπισκήψας
1729 2141 1829 2176 κα·-

246 2221 549 2291 ταταθῆναι
575 2236 587 2249 ⁸
627 2219 810 2272 ἱκανὸν
841 2219 1000 2271 τοῦτο
1040 2218 1132 2270 καὶ
1163 2217 1302 2286 μετὰ
1351 2216 1582 2269 θάνατον
1614 2215 1832 2282 λογισά-

250 2329 412 2382 μενος
439 2312 789 2383 παραμύθιον
839 2313 996 2381 κωφῇ
1033 2311 1184 2363 κόνει
1217 2306 1540 2380 χαρίζεσθαι
1572 2307 1826 2376 σώματος

247 2405 532 2476 ιγγύτητα
566 2404 928 2474 ποθουμένου,
955 2405 1034 2466 εἰς
1075 2403 1298 2472 μνήμην
1331 2401 1555 2472 διηνεκῆ
1589 2400 1684 2454 καὶ
1737 2399 1826 2452 δό-

253 2496 353 2561 ξαν
380 2498 476 2550 τοῦ
505 2497 679 2551 ταῦτα
706 2497 878 2557 οὕτως
914 2496 1336 2565 οἰκονομηκότος
1363 2493 1518 2548 Θεοῦ·
1552 2488 1597 2561 ᾧ
1627 2492 1827 2564 πρέπει

251 2591 406 2644 πᾶσα
443 2590 593 2655 δόξα,
619 2593 776 2662 τιμὴ,
805 2591 902 2644 καὶ
933 2589 1324 2661 προσκύνησις,
1351 2589 1445 2643 νῦν
1479 2589 1575 2643 καὶ
1607 2589 1714 2654 ἀεὶ,
1737 2589 1829 2641 καὶ

250 2683 334 2745 εἰς
366 2683 498 2746 τοὺς
545 2683 748 2747 αἰῶνας
779 2683 886 2738 τῶν
925 2681 1160 2737 αἰώνων.
1206 2682 1402 2754 ’Δμήν.

253 2897 2416 2934 W

1915 1942 2125 2013 egisset
2159 1942 2212 1994 in
2258 1941 2624 2002 monasterio,
2665 1949 2718 1994 et
2759 1941 2926 1994 vitam
2951 1940 3249 2010 peregisset
3273 1956 3500 1996 accura-

1927 2044 2035 2089 tam
2070 2042 2125 2088 et
2149 2033 2462 2103 perlectam,
2494 2033 2748 2103 migravit
2776 2032 2843 2087 ad
2884 2031 3193 2097 Dominum,
3226 2047 3349 2086 cum
3392 2033 3504 2100 jus—

1928 2126 2090 2182 sisset
2115 2141 2272 2180 suum
2307 2140 2506 2194 corpus
2545 2123 2742 2193 deponi
2775 2138 2942 2192 prope
2976 2122 3163 2186 ﬁliam,
3207 2123 3310 2177 hoc
3338 2123 3502 2178 ctiam

1927 2227 2052 2289 post
2079 2226 2303 2272 mortem
2350 2217 2556 2271 ducens
2601 2230 2721 2270 esse
2763 2215 2895 2269 satis
2932 2214 3137 2277 solatii,
3184 2215 3349 2269 surdo
3390 2215 3506 2284 pul-

1933 2311 2044 2365 veri
2073 2309 2315 2380 corporis
2339 2309 2519 2380 largiri
2553 2309 3010 2379 propinquitatem
3029 2308 3167 2377 ejus,
3199 2307 3341 2377 quod
3358 2306 3505 2363 desi-

1931 2403 2121 2466 derat,
2163 2404 2231 2475 ad
2274 2413 2592 2473 perpetuam
2639 2401 2958 2456 memoriam
3009 2409 3067 2454 et
3103 2401 3327 2470 gloriam
3373 2399 3502 2466 Dei,

1933 2497 2023 2566 qui
2049 2496 2163 2551 haec
2188 2497 2265 2550 sic
2293 2497 2645 2565 dispensavit.
2695 2493 2867 2560 Quem
2911 2495 3068 2550 decet
3101 2494 3279 2548 omnis
3313 2493 3500 2562 gloria,

1932 2587 2109 2642 honor
2154 2597 2208 2642 et
2238 2587 2512 2653 adoratio,
2548 2601 2696 2641 nunc
2744 2595 2798 2641 et
2830 2586 2886 2640 in
2928 2585 3123 2641 saecula
3159 2585 3502 2641 saeculorum.

1928 2680 2122 2734 Amen.

2419 2893 3475 2925 Ἥ

1706 3075 2058 3193 VITA

901 3339 1317 3430 BEATIE
1397 3334 2198 3429 APOLLINABIS
2273 3336 2866 3430 VIRGINIS.

1686 3551 1898 3632 (Anno
1931 3550 2097 3630 ltOO.)

696 3730 862 3799 [Apud
886 3729 1083 3781 Surium
1105 3728 1163 3778 ad
1183 3727 1313 3777 diem
1333 3725 1364 3774 ὅ
1391 3724 1626 3783 Januarii,
1653 3730 1771 3772 tom.
1806 3722 1846 3782 Ι,
1877 3735 1986 3785 pag.
2013 3719 2089 3770 ιι.
2125 3721 2342 3772 Textum
2371 3721 2593 3771 Graecum
2615 3733 2715 3772 non
2738 3720 3064 3789 invenimus]

327 4062 371 4118 Ι.
427 4061 742 4130 lmperante
785 4058 839 4113 in
869 4058 1061 4129 primis
1120 4056 1212 4128 pio
1255 4057 1585 4127 imperatore
1622 4057 1835 4112 Anthe-
1864 4066 1909 4127 ο
1938 4054 2120 4120 lestia,
2144 4053 2290 4125 quod
2316 4042 2438 4110 eam
2479 4055 2644 4112 vellet
2674 4056 2905 4128 jungere
2953 4049 3322 4115 matrimonio.
3364 4061 3500 4118 Cum

249 4159 358 4212 mio
387 4156 488 4228 (‘2),
523 4154 864 4223 imperatoris
894 4152 1023 4214 ﬁlio,
1055 4151 1144 4220 qui
1173 4150 1364 4204 habuit
1387 4151 1522 4204 duas
1551 4150 1691 4205 ﬁlias
1715 4165 1729 4203 :
1763 4165 1831 4205 ex

251 4249 456 4317 quibus
502 4261 610 4300 una
663 4244 902 4298 habebat
949 4243 1201 4312 spiritum
1245 4241 1608 4304 immundum,
1657 4242 1828 4296 altera

250 4347 435 4392 autem
468 4336 538 4390 ab
561 4335 785 4388 ineunte
813 4341 972 4387 aetate
1009 4332 1235 4386 vacabat
1269 4330 1536 4396 ecclesiis,
1559 4331 1830 4403 martyriis

251 4440 301 4485 et
342 4427 710 4483 orationibus.
742 4425 874 4480 Erat
903 4439 1028 4479 vero
1048 4424 1173 4493 ejus
1217 4437 1422 4478 nomen
1473 4423 1826 4492 Apollinaris.

255 4523 398 4576 Cum
423 4527 489 4575 ea
526 4527 706 4572 autem
749 4527 896 4572 esset
941 4515 1117 4571 astatis
1175 4514 1451 4583 legitimae,
1511 4515 1830 4584 qurerehant

260 4615 383 4684 ejus
413 4618 670 4682 parentes
698 4623 818 4664 eam
851 4608 1046 4662 marito
1065 4607 1416 4677 conjungere,
1439 4619 1502 4660 ea
1524 4621 1655 4660 vero
1679 4607 1828 4662 nole-

251 4705 364 4760 bat.
403 4701 546 4755 Dicit
577 4714 706 4755 vero
735 4698 968 4768 quodam
995 4697 1083 4751 die
1117 4697 1231 4752 suis
1255 4697 1574 4766 parentibus
1606 4714 1619 4750 :
1654 4696 1829 4766 Cupio

253 4797 335 4850 ire
349 4795 404 4849 in
425 4792 840 4848 monasterium.
861 4789 923 4844 Ei
941 4799 1124 4844 autem
1144 4789 1333 4844 dicunt
1350 4798 1639 4858 parentes:
1666 4787 1830 4842 Volu-

252 4903 376 4942 mus
401 4895 453 4940 te
475 4885 676 4940 marito
708 4883 1059 4953 conjungere.
1094 4882 1167 4937 Ea
1196 4896 1328 4937 vero
1371 4881 1508 4937 dicit
1527 4880 1608 4936 eis
1636 4898 1650 4935 :
1691 4880 1827 4936 Nolo

251 4977 517 5048 conjungi
568 4977 786 5040 marito,
824 4974 921 5029 sed
950 4989 1110 5044 spero
1128 4973 1247 5028 fore
1294 4980 1354 5028 ut
1375 4972 1654 5043 quomodo
1685 4973 1828 5028 Deus

252 5077 472 5124 sanctas
497 5082 626 5122 suas
654 5066 895 5137 virgines
923 5066 1186 5122 custodiit
1215 5065 1546 5136 impollutas,
1581 5080 1669 5119 me
1693 5079 1826 5134 quo-

253 5177 357 5231 que
373 5162 428 5214 in
462 5175 564 5214 suo
593 5160 789 5214 timore
816 5159 1086 5214 custodiat
1116 5159 1477 5229 impollutam.
1496 5158 1708 5214 Novum
1728 5174 1828 5212 au-

255 5265 368 5309 tem
393 5265 447 5308 et
477 5252 800 5308 admirabile
829 5251 1111 5308 videbatur
1149 5253 1467 5323 parentibus
1511 5253 1658 5322 quod
1701 5267 1827 5307 cum

254 5355 401 5399 esset
444 5344 499 5398 id
546 5344 748 5407 aetatis,
807 5343 933 5398 talia
980 5343 1211 5409 diceret,
1263 5343 1437 5398 Deum
1481 5343 1821 5399 desiderans.

256 5436 466 5490 ltursus
507 5449 604 5490 eos
638 5435 882 5504 rogabat,
938 5445 997 5490 ιιι
1039 5451 1207 5490 unam
1252 5435 1589 5491 adducerent
1631 5451 1825 5492 mona-

257 5529 436 5591 cham,
471 5537 532 5581 ut
563 5541 684 5580 eam
711 5525 935 5581 doceret
962 5527 1280 5597 psalterium
1303 5535 1359 5582 et
1396 5527 1596 5598 legere.

324 5620 386 5676 ll.
421 5620 723 5691 Imperator
751 5629 934 5675 autem
956 5635 1067 5675 non
1110 5635 1274 5691 parva
1305 5619 1536 5676 aﬁ‘ectus
1574 5629 1661 5676 est
1709 5636 1828 5675 mo-

328 5780 403 5852 (2)
440 5778 567 5836 Fuit
604 5780 692 5836 hic
714 5779 1036 5837 Anthemius
1069 5781 1341 5837 Anthemii
1372 5781 1505 5852 imp.
1537 5798 1690 5850 avus,
1723 5780 2012 5837 Theodosii
2037 5781 2270 5853 jtm’oris
2305 5783 2356 5838 in
2389 5783 2620 5852 pueritia
2653 5781 2981 5838 moderator.

1933 4165 1998 4205 ea
2026 4158 2207 4202 autem
2233 4148 2553 4218 persisteret
2580 4156 2635 4203 et
2686 4151 2878 4204 arrhas
2927 4151 3092 4205 nollet
3131 4153 3399 4224 accipere,
3449 4156 3500 4210 ei

1932 4243 2120 4298 dicunt
2145 4241 2265 4310 ejus
2293 4249 2548 4311 parentes
2573 4258 2586 4294 :
2619 4239 2760 4307 Quid
2786 4243 2890 4306 vis,
2929 4241 3073 4296 ﬁlia?
3093 4243 3168 4298 Ea
3197 4259 3329 4301 vero
3357 4247 3492 4302 dicit

1932 4335 2013 4388 eis
2043 4351 2054 4386 :
2089 4331 2240 4401 Rogo
2260 4347 2380 4395 vos,
2413 4338 2474 4385 ut
2503 4347 2591 4386 me
2619 4331 2687 4387 ad
2719 4333 2890 4387 Deum
2922 4332 3222 4400 adducatis,
3270 4345 3332 4390 ut
3364 4352 3502 4393 mea:

1930 4423 2256 4493 virginitatis
2285 4422 2594 4477 mercedem
2620 4423 2925 4493 accipiatis.
2959 4421 3038 4478 Illi
3056 4434 3237 4480 autem
3263 4442 3387 4482 cum
3413 4429 3498 4482 vi-

1930 4517 2139 4572 dissent
2173 4516 2291 4585 ejus
2313 4523 2548 4570 mentem
2573 4530 2693 4570 esse
2723 4516 2862 4570 adeo
2904 4515 3113 4570 ﬁrmam
3145 4523 3203 4571 et
3240 4519 3497 4576 immobi-

1931 4608 2056 4673 lem,
2083 4615 2182 4661 eta
2213 4607 2323 4660 Deo
2360 4606 2496 4660 adeo
2524 4606 2694 4661 fuisse
2715 4616 2974 4672 amatam,
3006 4607 3196 4662 dicunt
3227 4608 3277 4663 ei
3312 4628 3326 4664 :
3364 4611 3501 4681 Spe-

1930 4715 2138 4763 ramus,
2163 4699 2290 4764 ﬁlia,
2324 4697 2440 4753 fore
2476 4706 2536 4752 ut
2570 4697 2661 4751 ﬁat
2690 4697 2785 4752 Dei
2824 4697 3096 4754 voluntas.
3126 4699 3321 4757 Paucis
3367 4719 3497 4760 vero

1931 4800 2053 4860 post
2083 4790 2276 4844 diebus
2299 4787 2730 4843 adduxeruntad
2747 4803 2865 4842 eam
2895 4789 3210 4858 monachas,
3237 4807 3360 4863 quae
3378 4809 3498 4850 eam

1930 4880 2236 4936 docuerunt
2263 4879 2586 4935 Psalterium
2641 4887 2696 4935 et
2725 4879 2906 4950 legere
2953 4879 3286 4951 Scripturas.

1999 4973 2093 5028 Ill.
2127 4973 2371 5040 Quodam
2393 4981 2572 5028 autem
2594 4973 2682 5028 die
2714 4989 2838 5029 cum
2865 4981 3094 5044 uterque
3122 4975 3496 5043 considerent,

1935 5080 2000 5120 ea
2025 5065 2157 5119 dicit
2189 5064 2509 5135 parentibus
2540 5080 2554 5118 :
2588 5065 2740 5136 Rogo
2766 5079 2864 5119 vos
2896 5072 2958 5119 ut
2989 5079 3077 5119 me
3111 5066 3401 5122 dimittatis
3438 5069 3493 5122 in

1929 5158 2048 5213 loca
2071 5166 2280 5223 sancta,
2309 5165 2370 5211 ut
2403 5171 2554 5211 orem
2579 5165 2635 5211 et
2677 5157 2900 5211 adorem
2961 5165 3208 5211 sanctam
3249 5173 3498 5213 resurre-

1929 5250 2167 5304 ctionem
2195 5257 2251 5304 et
2277 5251 2495 5303 crucem
2523 5248 2912 5303 venerabilem.
2939 5248 3020 5303 Illi
3038 5263 3168 5303 vero
3198 5264 3307 5304 non
3326 5250 3497 5305 babe-

1929 5342 2062 5397 bant
2092 5341 2434 5412 propositum
2493 5340 2804 5396 dimittendi
2856 5355 2999 5404 eam,
3049 5341 3308 5411 quoniam
3369 5357 3490 5398 eam

1933 5432 2104 5503 magis
2148 5433 2443 5496 amabant,
2495 5449 2656 5503 quam
2706 5448 2950 5488 sororem
2986 5433 3126 5503 ejus,
3158 5449 3278 5504 qua:
3319 5441 3493 5489 "vexa-

1929 5525 2108 5580 batur.
2153 5525 2288 5579 Cum
2345 5535 2526 5580 autem
2599 5526 2890 5594 interjecto
2933 5525 3112 5596 aliquo
3158 5525 3330 5594 spatio
3360 5535 3496 5580 tem-

1930 5617 2082 5689 poris
2147 5632 2209 5672 ea
2247 5617 2326 5672 eis
2384 5625 2531 5672 esset
2574 5618 2822 5683 molesta,
2875 5618 3039 5688 jussit
3066 5618 3381 5688 imperator,
3435 5627 3497 5674 ut

3399 5820 3430 5876 ἦ
