3868 6474
373 361 480 428 323

1599 361 1886 422 MENSIS
1928 359 2389 422 JANUARIUS.

3511 353 3614 418 321

374 489 440 541 ad
469 499 586 540 eam
630 481 977 537 deferrentur
1002 477 1159 550 pueri
1201 485 1256 533 et
1288 477 1518 544 ancillae,
1564 488 1618 533 et
1649 495 1841 532 aurum
1888 488 1944 533 et
1974 486 2017 540 Α
2048 478 2214 532 tabat.
2237 477 2294 530 In
2319 491 2384 528 eo
2407 482 2587 528 autem
2619 470 2760 533 loco,
2791 469 2971 539 inquo
2994 467 3226 523 habebat
3257 467 3502 531 domum.
3531 471 3615 524 in~

373 585 679 648 argentum,
705 573 838 629 etei
868 573 1062 628 dicunt
1093 571 1348 640 :Accipe,
1386 569 1514 635 lilia,
1557 579 1613 624 ct
1673 570 1869 625 recede
1926 587 1941 625 :

375 667 540 737 imple
570 675 753 721 votum
781 672 956 717 tuum.
986 663 1129 716 Deus
1154 661 1301 715 enim
1334 661 1450 714 vult
1505 668 1558 714 te
1615 675 1770 716 suam
1824 674 1945 714 esse

372 773 588 816 servam
625 771 829 827 :eaque
861 757 916 811 in
955 770 1146 810 navem
1171 754 1443 822 imposita,
1477 754 1562 810 his
1595 752 1780 822 pueris
1809 767 1943 806 con-

374 850 752 922 sequentibus,
781 849 1038 903 dixerunt
1062 847 1110 900 ei
1137 860 1150 899 :
1185 844 1340 911 Filia,
1371 854 1648 898 memento
1673 844 1847 898 nostri
1889 843 1945 897 in

373 943 577 998 sanctis
601 942 753 996 locis.
783 941 857 994 Ea
885 955 1014 995 vero
1035 938 1166 993 dicit
1199 952 1212 989 :
1250 935 1534 1002 Quomodo
1555 935 1688 990 mihi
1723 936 1943 990 satisfe-

375 1036 548 1101 cistis,
600 1050 696 1089 vos
717 1047 938 1104 quoque
971 1032 1022 1084 in
1045 1031 1133 1086 die
1154 1032 1296 1086 malo
1314 1029 1563 1084 liberabit
1588 1028 1865 1093 Dominus,
1890 1038 1948 1084 et

373 1127 695 1197 parentibus
723 1126 902 1178 valere
927 1122 1114 1192 jussis,
1149 1122 1314 1192 coepit
1343 1121 1620 1192 navigare.

448 1217 536 1273 IV.
561 1218 699 1272 Cum
726 1225 908 1271 autem
944 1215 1129 1285 paucis
1159 1214 1353 1270 diebus
1383 1212 1760 1282 pervenissent
1790 1211 1948 1265 Asca-

374 1309 577 1373 lonem,
611 1323 814 1380 paucos
834 1308 952 1361 dies
977 1306 1085 1360 illic
1123 1314 1444 1360 manserunt
1489 1312 1714 1376 propter
1760 1302 1929 1356 utaris

374 1404 748 1475 jactationem.
801 1401 922 1470 Ipsa
949 1413 1079 1454 vero
1100 1414 1263 1453 orans
1296 1398 1350 1450 in
1387 1397 1645 1452 omnibus
1696 1394 1946 1450 ccclesiis

378 1504 434 1550 et
463 1494 836 1557 monasteriis,
871 1493 952 1547 eis
1001 1505 1219 1561 quoque
1267 1490 1578 1553 exhibebat,
1616 1505 1738 1558 qua:
1787 1496 1946 1542 erant

379 1586 704 1642 necessaria.
745 1586 961 1653 Aliquot
991 1594 1172 1638 autem
1194 1593 1316 1654 post
1345 1581 1565 1646 diebus,
1602 1595 1727 1635 cum
1785 1579 1938 1633 inve-

379 1680 652 1734 nissemus
683 1679 932 1743 comites,
957 1676 1210 1730 venimus
1261 1675 1317 1728 in
1353 1681 1599 1728 sanctam
1642 1671 1941 1725 civitatem.

369 1771 618 1839 Cumque
650 1770 704 1823 in
727 1768 1016 1838 quemdam
1046 1768 1224 1821 locum
1257 1765 1672 1822 divertissemus
1724 1771 1946 1832 propter

2045 570 2194 625 venit
2238 582 2401 621 unam
2438 564 2696 628 vetulam,
2735 563 2821 618 cui
2868 561 3102 631 praebuit
3141 560 3409 615 modicam
3445 562 3608 617 bene-

2045 661 2363 722 dictionem,
2407 665 2462 710 et
2493 656 2627 710 dixit
2677 653 2726 708 ei
2783 671 2797 706 :
2845 652 3065 722 Accipe,
3098 667 3274 715 soror,
3313 661 3369 706 et
3429 653 3516 706 abi
3561 653 3616 707 in

2042 751 2350 814 ecclesiam,
2408 756 2465 803 et
2503 762 2625 801 eme
2673 745 2803 799 mihi
2847 759 3018 798 unum
3062 743 3459 798 lcbetonarium
3503 760 3618 798 mo—

2043 843 2336 907 nasticum,
2366 849 2422 896 et
2452 839 2709 894 similiter
2750 835 3052 899 humerale,
3103 843 3158 890 et
3218 835 3512 900 cucullam,
3559 844 3617 890 et

2043 933 2231 1002 accipe
2261 931 2424 985 etiam
2451 928 2750 1000 cingulum.
2786 925 2989 979 Abiens
3019 940 3150 979 vero
3183 925 3384 988 vetula,
3429 925 3478 979 ei
3516 925 3618 980 hac

2045 1025 2100 1080 in
2129 1039 2188 1079 re
2209 1023 2458 1078 inservit.
2500 1021 2638 1075 Cum
2664 1034 2728 1074 ea
2759 1027 2941 1072 autem
2979 1017 3269 1078 attulisset,
3331 1017 3381 1071 ei
3432 1032 3617 1086 preca-

2045 1123 2096 1169 ta
2127 1123 2212 1169 est
2243 1113 2434 1168 dicens
2467 1129 2482 1166 :
2538 1111 2680 1164 Deus
2721 1118 2774 1163 te
2813 1108 3052 1178 adjuvet,
3099 1105 3620 1176 Mamma.Cumque

2044 1206 2368 1276 accepisset,
2398 1204 2697 1260 occultavit
2728 1212 2953 1272 propter
2972 1215 3191 1270 pueros.
3225 1200 3455 1266 Quando
3518 1217 3617 1255 au-

2046 1307 2157 1353 tem
2192 1299 2361 1352 voluit
2391 1295 2573 1368 egredi
2605 1295 2672 1349 ad
2700 1302 2950 1348 sanetum
2986 1293 3221 1356 Menam,
3264 1293 3330 1348 iis
3359 1293 3620 1348 omnibus

2047 1390 2416 1452 manumissis,
2458 1389 2711 1442 dediteis
2737 1387 2788 1442 id
2809 1386 2952 1456 quod
2981 1395 3101 1440 erat
3145 1386 3214 1439 ad
3269 1384 3473 1440 victum
3515 1401 3620 1440 ne-

2044 1482 2364 1546 cessarium,
2387 1490 2442 1536 et
2461 1495 2556 1535 eos
2584 1479 2812 1534 dimisit.
2853 1476 2931 1530 Illi
2977 1492 3107 1532 vero
3137 1477 3186 1531 ei
3221 1475 3361 1531 bene
3403 1476 3614 1546 preCati

2046 1583 2419 1629 recesserunt.

2117 1663 2251 1719 Vlll.
2288 1663 2426 1718 Cum
2461 1673 2640 1718 autem
2699 1677 2886 1718 secum
2937 1660 3242 1731 accepisset
3293 1661 3613 1716 eunuchum

2047 1769 2238 1818 unum,
2273 1761 2327 1807 et
2368 1769 2537 1807 unum
2599 1768 2813 1816 senem,
2860 1751 2984 1806 navi
3034 1751 3262 1805 venitin
3325 1750 3615 1805 Lemnam.

374 1827 862 1924 nostrassarcinas,
883 1873 1190 1930 puerosque
1204 1858 1518 1920 ctancillas,
1539 1855 1750 1925 quiuna
1767 1861 1943 1916 erant,
1979 1827 2020 1882 Β
2047 1845 2292 1914 Cumque
2328 1845 2708 1914 pervenissent
2738 1844 2801 1898 ad
2831 1844 2977 1898 aedes
3009 1842 3311 1905 Philoxeni,
3346 1843 3540 1898 didicit
3574 1843 3621 1896 is

375 1954 650 2024 paululum
680 1951 1068 2021 requievimus.
1102 1950 1192 2004 Eis
1214 1961 1397 2004 autem
1431 1949 1567 2003 dixit
1597 1947 1751 2001 beata
1781 1945 1946 2015 Apol-

373 2049 566 2104 linaris
599 2067 612 2102 :
645 2047 822 2118 Agite,
877 2045 1168 2100 adoremus
1214 2045 1430 2100 beatam
1482 2040 1945 2096 resurrectionem

379 2149 436 2196 et
467 2139 830 2194 venerandam
847 2152 1087 2193 crucem.
1120 2137 1287 2192 Porro
1311 2147 1492 2191 autent
1517 2137 1598 2190 eis
1637 2134 1945 2196 orantibus,

373 2247 438 2286 ea
462 2231 652 2287 orabat
689 2245 788 2301 pro
803 2229 917 2283 suis
947 2228 1286 2298 parentibus.
1319 2226 1604 2296 Coepitque
1627 2224 1948 2280 benefacere

375 2319 482 2384 iis,
531 2319 623 2388 qui
672 2334 807 2388 opus
856 2319 1151 2373 habebant.
1205 2317 1362 2371 Ibant
1413 2332 1546 2372 vero
1603 2316 1822 2371 assidue
1878 2315 1946 2369 ad

374 2412 710 2466 monasteria
743 2410 1012 2482 virginum
1038 2409 1384 2480 perennium,
1410 2417 1467 2464 et
1489 2408 1557 2463 ad
1582 2423 1697 2471 eos,
1727 2407 1820 2477 qui
1857 2406 1943 2462 vi-

372 2512 482 2560 tam
509 2502 1139 2574 agebantmonasticam,
1170 2510 1226 2557 et
1247 2497 1631 2572 suppeditabat
1673 2500 1776 2566 eis,
1820 2513 1942 2568 qua:

371 2601 529 2648 erant
561 2591 888 2648 necessaria.

447 2684 507 2740 V.
553 2685 798 2752 Quodam
825 2694 1007 2739 autent
1038 2684 1127 2740 die
1159 2684 1290 2740 dicit
1311 2686 1405 2739 uni
1435 2699 1502 2738 ex
1535 2682 1601 2738 iis
1620 2683 1713 2754 qui
1737 2697 1860 2738 cum
1883 2696 1947 2738 ea

373 2779 733 2833 versabantur
764 2794 778 2831 :
814 2775 950 2832 Volo
972 2792 1088 2840 vos,
1118 2776 1163 2831 si
1197 2775 1341 2835 Deus
1366 2776 1516 2839 velit,
1549 2775 1801 2830 liberare.
1831 2773 1946 2827 Iloc

372 2882 554 2926 autem
582 2870 788 2935 audito,
822 2869 1000 2925 allecti
1025 2877 1154 2925 sunt
1174 2868 1443 2924 molestia.
1472 2868 1566 2921 Illa
1596 2868 1778 2936 itaque
1798 2866 1943 2921 dixit

371 2964 453 3017 eis
487 2982 498 3016 :
534 2961 612 3017 Ne
642 2963 762 3018 sitis
791 2963 976 3017 animo
999 2961 1169 3016 anxii.
1206 2960 1262 3015 Si
1297 2961 1437 3016 Deus
1465 2959 1608 3014 enim
1639 2959 1768 3025 quid
1798 2972 1949 3012 com-

376 3051 568 3122 pungit
600 3066 777 3106 meam
811 3050 1196 3114 humilitatem,
1256 3048 1510 3118 praebebo
1540 3047 1607 3102 ad
1648 3063 1747 3101 vos
1792 3047 1947 3100 alen-

377 3145 500 3198 dos.
530 3144 779 3213 Cumque
815 3143 851 3197 ii
881 3142 1222 3212 accepissent
1249 3142 1368 3210 ejus
1397 3139 1858 3204 benedictionem,
1893 3137 1941 3192 ei
1969 3168 2012 3231 α

374 3236 622 3306 ingentes
649 3235 846 3305 gratias
878 3234 1131 3305 agebant.
1190 3232 1330 3288 Cum
1383 3247 1516 3288 vero
1563 3231 1940 3294 recessissent,

371 3325 502 3378 abiit
538 3339 661 3378 cum
687 3323 775 3384 iis,
802 3323 893 3393 qui
915 3323 963 3377 ei
986 3329 1384 3384 remanserant,
1415 3321 1485 3375 ad
1517 3319 1814 3376 Jordanem
1851 3328 1944 3373 :et

374 3413 486 3466 illic
509 3427 702 3466 rursus
724 3410 952 3480 praebuit
982 3410 1067 3474 iis,
1093 3409 1186 3480 qui
1210 3425 1348 3480 opus
1379 3409 1674 3463 habebant.
1697 3408 1944 3477 (Eumque

372 3505 522 3560 illinc
548 3503 777 3575 profecti
831 3513 1032 3570 essent,
1085 3519 1274 3558 rursus
1317 3502 1547 3559 veniunt
1587 3501 1643 3555 in
1697 3509 1941 3556 sanctam

372 3598 669 3652 civitatem.

446 3688 535 3742 Vl.
560 3688 770 3758 Elapsis
792 3695 972 3743 autent
998 3687 1202 3758 aliquot
1227 3687 1443 3752 diebus,
1470 3701 1593 3742 cum
1617 3701 1768 3741 suam
1792 3700 1943 3740 com-

373 3778 577 3866 plesset
605 3779 924 3839 orationem,
958 3777 1090 3830 dicit
1120 3777 1200 3831 eis
1230 3777 1320 3846 qui
1353 3791 1460 3830 una
1496 3792 1620 3830 cum
1655 3792 1716 3830 ea
1745 3786 1940 3830 erant:

373 3870 590 3924 Fratres
634 3869 763 3932 mei,
788 3869 912 3922 volo
960 3883 1057 3923 vos
1105 3884 1324 3938 quoque
1371 3869 1626 3923 liberare.
1653 3867 1758 3922 Sed
1797 3882 1943 3922 nunc

372 3976 563 4016 eamus
585 3961 651 4014 ad
693 3960 1078 4014 Alexandriam
1129 3975 1302 4030 usque
1325 3968 1381 4015 et
1433 3970 1682 4015 sanctum
1729 3959 1940 4013 Menam

371 4052 682 4108 adoremus.
707 4050 786 4106 Illi
803 4067 932 4106 vero
949 4053 1201 4106 dixerunt
1223 4069 1236 4106 :
1261 4051 1330 4107 Ut
1345 4052 1524 4121 jubes,
1545 4051 1940 4107 domina.Cum

371 4143 741 4199 descendisset
766 4151 946 4197 autem
968 4144 1310 4204 Ascalonem.
1330 4143 1606 4198 distribuit
1633 4144 1687 4198 in
1733 4144 1819 4198 via
1852 4144 1938 4208 iis,

373 4235 464 4305 qui
491 4251 628 4305 opus
657 4235 931 4290 habebant
959 4253 972 4288 :
1006 4235 1338 4306 inventoque
1379 4236 1614 4307 navigio,
1643 4236 1784 4305 quod
1833 4236 1944 4290 ibat

370 4327 780 4392 Alexandriam,
806 4341 872 4381 eo
911 4327 1258 4396 navigarunt.
1283 4327 1506 4383 Audivit
1541 4337 1722 4383 autem
1743 4329 1810 4388 is.
1845 4327 1938 4398 qui

368 4428 714 4490 eratprmses
741 4434 810 4474 eo
857 4427 1121 4489 tempore,
1171 4427 1230 4474 et
1255 4419 1407 4474 misit
1442 4419 1508 4475 ad
1551 4434 1672 4474 eam
1715 4420 1943 4474 adorau-

2046 1939 2140 2008 qui
2179 1947 2298 1993 erat
2326 1937 2436 1994 illic
2474 1937 2927 1997 Paramonarius:
2961 1937 3220 2006 venitque
3263 1952 3388 1991 cum
3421 1949 3624 2007 magno

2048 2041 2332 2100 apparatu,
2403 2030 2644 2098 dicitque
2706 2029 2755 2084 ei
2801 2029 3142 2099 procidens:
3192 2029 3418 2083 Domina
3477 2045 3623 2093 mea,

2050 2123 2327 2192 ubijubes
2356 2137 2442 2177 me
2470 2137 2692 2176 manere
2719 2122 2895 2176 donec
2947 2120 3288 2184 ascendet-is,
3351 2129 3406 2174 et
3465 2130 3622 2175 tuam

2047 2215 2245 2271 feceris
2285 2214 2620 2270 orationem?
2656 2214 2774 2284 Ipsa
2801 2229 2931 2269 vero
2951 2228 3076 2268 eum
3109 2213 3318 2282 rogavit
3355 2228 3478 2266 cum
3532 2229 3618 2268 sa-

2047 2312 2353 2368 cramento,
2384 2312 2444 2358 ut
2465 2304 2603 2358 nihil
2627 2305 2694 2359 ad
2726 2318 2786 2358 se
2808 2303 3118 2358 aﬂ‘erretur.
3142 2303 3278 2357 Dicit
3307 2312 3489 2358 autem
3519 2303 3568 2358 ei
3605 2321 3620 2358 :

2049 2398 2156 2453 Fac
2211 2397 2450 2452 ofﬁcium
2477 2396 2777 2451 charitatis.
2815 2396 2968 2451 Aﬂer
3005 2396 3072 2450 ad
3097 2411 3182 2452 me
3220 2405 3457 2466 quatuor
3501 2397 3626 2451 ani-

2048 2489 2307 2554 malia,ut
2329 2489 2631 2544 ascendens
2660 2489 2884 2543 adorem
2935 2497 3184 2542 sanctum
3230 2487 3477 2550 Menam.
3528 2488 3626 2543 Ille

2048 2590 2226 2638 autem
2261 2582 2348 2636 die
2371 2581 2618 2652 sequenti
2643 2581 2868 2636 adduxit
2889 2580 3164 2636 animalia.
3191 2580 3267 2634 Ea
3293 2595 3424 2634 vero
3447 2579 3586 2634 dixit
3609 2599 3624 2642 ;

2049 2674 2226 2730 Crede
2247 2673 2495 2734 Domino.
2514 2674 2596 2728 eis
2617 2689 2728 2728 non
2758 2673 3030 2739 insidebo,
3059 2673 3163 2730 nisi
3190 2688 3378 2728 eorum
3411 2689 3628 2728 merce-

2048 2767 2168 2821 de-m
2192 2767 2412 2821 dedero.
2443 2765 2582 2822 Cum
2611 2766 2850 2820 dedisset
2885 2766 3168 2835 plusquam
3207 2766 3322 2821 dari
3373 2781 3616 2820 consue-

2048 2859 2240 2922 visset,
2280 2858 2542 2914 valedixit
2609 2873 2914 2913 meonomo.
2956 2857 3077 2927 Ipse
3135 2865 3320 2913 autem
3367 2859 3622 2923 recessit,

2047 2963 2267 3024 accepta
2297 2953 2364 3008 ab
2395 2969 2458 3008 ea
2493 2953 2900 3008 benedictione.

2120 3047 2210 3102 IX.
2243 3046 2379 3101 Cum
2435 3062 2498 3101 ea
2533 3055 2715 3101 autent
2763 3045 3120 3110 ascendisset,
3173 3043 3306 3100 fecit
3352 3053 3412 3099 ut
3454 3059 3626 3114 agaso

2048 3139 2208 3193 etiam
2241 3139 2474 3192 alterum
2513 3138 2715 3196 animal
2753 3137 3094 3192 ascenderet.
3125 3135 3371 3199 Cumque
3424 3151 3626 3205 perve-

2050 3231 2260 3285 ttissent
2283 3231 2348 3284 ad
2371 3229 3403 3300 sanctumMenam,(5)ejusvenerabile
3438 3230 3628 3283 moni-

2050 3330 2297 3376 mentum
2328 3322 2642 3378 adoravcre.
2677 3321 2897 3376 Audivit
2943 3331 3124 3376 autem
3173 3337 3516 3387 meonomus,
3555 3331 3618 3374 et

2048 3413 2198 3468 venit
2227 3412 2281 3466 in
2332 3413 2476 3466 clero
2496 3413 2561 3466 ad
2598 3428 2715 3467 eam
2739 3412 3095 3467 adorandam.
3123 3412 3217 3466 Illa
3273 3427 3406 3468 vero
3443 3427 3507 3466 ex
3556 3428 3630 3467 t-o

2049 3505 2238 3561 aﬂ‘ecta
2272 3515 2354 3560 est
2388 3505 2662 3561 molestia.
2693 3504 2915 3560 Nolehat
2942 3506 3086 3560 enim
3120 3513 3403 3574 cognosci,
3465 3520 3626 3559 asco-

2048 3613 2243 3654 uomus
2307 3606 2488 3651 autem
2543 3614 2662 3653 eam
2731 3599 2971 3668 rogabat,
3043 3598 3232 3652 dicetts
3286 3615 3300 3652 :
3365 3598 3629 3662 Domina,

2046 3690 2180 3760 jube
2236 3689 2291 3744 in
2335 3691 2498 3744 domo
2539 3704 2678 3743 mea.
2712 3690 2787 3743 Ea
2834 3705 2966 3744 vero
3010 3689 3141 3743 dicit
3177 3690 3227 3744 ei
3278 3704 3291 3741 :
3343 3689 3455 3758 Ego
3500 3689 3631 3742 volo

2051 3797 2218 3836 unum
2253 3782 2397 3836 diem
2428 3796 2652 3835 manere
2702 3781 2755 3834 in
2805 3781 3059 3845 ecclesia,
3104 3781 3282 3834 donec
3336 3795 3424 3834 me
3475 3777 3628 3831 Deus

2057 3871 2329 3927 dimiserit
2357 3887 2444 3936 eo,
2479 3887 2588 3941 quo
2627 3886 2746 3925 sum
2811 3871 3046 3936 abitura,
3095 3871 3352 3939 misitque
3393 3870 3460 3924 ad
3499 3885 3626 3923 eam

2050 3963 2225 4019 sancti
2246 3963 2707 4018 benedictionem.
2731 3961 3014 4017 Distribuit
3040 3973 3223 4016 autem
3246 3963 3331 4027 iis,
3363 3963 3453 4032 qui
3480 3976 3628 4031 Opus

2051 4055 2344 4110 habebant.
2396 4053 2526 4109 Post
2609 4063 2718 4109 tres
2763 4069 2894 4108 vero
2938 4054 3055 4109 dies
3102 4053 3237 4110 dicit
3289 4061 3573 4108 oeconon'to
3611 4073 3625 4107 :

2046 4147 2296 4218 Fungere
2326 4146 2504 4203 ofﬁcio
2534 4147 2840 4202 charitatis.
2871 4146 3064 4202 Prvehe
3100 4145 3231 4200 mihi
3268 4160 3433 4200 unam
3461 4145 3627 4199 lecti-

2049 4253 2190 4300 cam,
2225 4248 2282 4293 ut
2316 4241 2504 4293 abeam
2529 4248 2583 4293 et
2624 4239 2845 4293 adorem
2880 4236 3070 4292 Patres
3107 4235 3304 4291 Scetis.
3348 4235 3399 4289 Is
3434 4244 3625 4290 autem

2049 4331 2316 4386 accersito
2343 4346 2452 4384 uno
2479 4331 2780 4391 lecticario,
2812 4330 2950 4386 dixit
2975 4330 3023 4384 ei
3057 4348 3070 4383 :
3125 4329 3182 4384 lu
3239 4327 3465 4383 nomine
3514 4329 3616 4383 Dei

2050 4424 2187 4478 atl‘er
2216 4424 2282 4478 ad
2312 4438 2398 4478 me
2428 4423 2697 4478 lecticam.
2725 4424 2820 4479 Ille
2839 4439 2969 4478 vero
2998 4423 3135 4478 dixit
3166 4439 3180 4476 :
3221 4420 3462 4476 Iussisti.
3485 4420 3626 4472 Bea-

367 4512 515 4566 dam.
549 4513 622 4566 Ea
663 4526 794 4567 vero
847 4527 956 4566 non
997 4526 1155 4582 passa
1194 4520 1298 4577 est,
1339 4511 1433 4567 sed
1479 4522 1646 4568 noctu
1696 4513 1847 4567 venit
1883 4511 1940 4566 in
1977 4535 2019 4590 υ
2049 4523 2098 4567 ta
2129 4522 2310 4567 autem
2338 4513 2560 4567 adducit
2589 4513 2654 4567 ad
2691 4529 2750 4568 se
2776 4529 3031 4582 puerum,
3070 4510 3163 4581 qui
3217 4511 3268 4565 ei
3321 4525 3614 4565 remanse-

369 4604 702 4672 praatorium,
736 4613 792 4659 et
825 4605 1073 4659 adoravit
1129 4603 1416 4673 prtesidem
1441 4611 1498 4658 et
1523 4603 1644 4673 ejus
1690 4617 1938 4658 uxorem.

369 4698 452 4752 Ilii
485 4713 614 4752 vero
643 4696 711 4752 ad
732 4698 898 4768 pedes
917 4699 1035 4768 ejus
1081 4697 1392 4768 procidunt,
1443 4696 1690 4751 dicentes
1721 4713 1733 4748 :
1781 4695 1944 4760 Quat-

369 4805 584 4852 snmus,
623 4790 863 4854 domina,
890 4805 989 4844 cur
1025 4789 1105 4844 sic
1134 4788 1350 4843 fecisti?
1409 4785 1519 4841 Nos
1555 4786 1804 4840 misimus
1843 4783 1941 4854 qui

369 4881 621 4935 venirent
654 4881 720 4935 ad
755 4890 876 4936 tuos
898 4883 1086 4950 pedes.
1109 4889 1163 4934 et
1189 4891 1267 4944 tu,
1291 4877 1509 4935 domina
1527 4885 1735 4940 nostra,
1784 4876 1940 4930 veni-

372 4973 442 5028 sti
468 4972 536 5027 ad
569 4981 790 5027 nostros
847 4972 1051 5042 pedes?
1087 4972 1160 5026 Ea
1239 4987 1371 5028 vero
1429 4970 1563 5026 dicit
1594 4971 1676 5024 eis
1716 4985 1728 5022 :
1767 4967 1943 5022 Vultis

368 5065 503 5119 mihi
525 5079 647 5118 .rem
669 5071 873 5134 gratam
905 5063 1118 5119 facere?
1142 5064 1339 5119 Dicunt
1365 5064 1415 5119 ei
1444 5082 1456 5118 :
1490 5063 1672 5128 Certe,
1700 5059 1939 5115 domina.

370 5153 448 5209 Ea
482 5170 610 5210 vero
639 5155 771 5210 dicit
800 5154 878 5210 eis
909 5173 923 5209 :
955 5155 1223 5211 Dimittite
1271 5172 1379 5221 me,
1399 5155 1658 5226 quoniam
1695 5153 1822 5209 volo
1860 5153 1940 5207 ire
1981 5150 1992 5166 '

367 5256 585 5302 oratum
621 5247 688 5301 ad
717 5256 968 5302 sanctum
1004 5248 1241 5303 Menam.
1278 5249 1359 5303 Illi
1405 5261 1588 5303 autem
1635 5262 1758 5300 cum
1797 5259 1938 5315 pr'e-

365 5339 530 5394 claris
559 5337 722 5394 donis
765 5353 887 5394 eam
935 5340 1285 5395 dimiserunt.
1351 5340 1424 5395 Ea
1470 5355 1600 5395 vero
1640 5337 1936 5410 accipiens,

363 5430 550 5486 omnia
584 5431 858 5488 distribuit
889 5433 1243 5504 pauperibus.

434 5521 550 5578 VII.
581 5522 719 5579 Cum
752 5534 930 5581 autem
952 5525 1004 5579 iu
1024 5526 1244 5581 civitate
1263 5524 1553 5580 mansisset
1575 5539 1777 5595 paucos
1793 5523 1933 5586 dies,

361 5615 475 5670 ibat
501 5617 700 5688 ubique
736 5617 791 5673 in
821 5619 1172 5684 monasteria,
1219 5625 1275 5673 et
1303 5617 1522 5673 assidue
1549 5619 1630 5673 eis
1674 5616 1932 5688 suppedi-

2047 4617 2150 4668 rzt,
2188 4614 2243 4660 ct
2284 4605 2663 4660 benedictione
2695 4605 2743 4659 ei
2782 4604 2933 4668 data,
2979 4618 3102 4658 eum
3135 4617 3351 4672 quoque
3390 4600 3626 4668 dimisit,

2045 4697 2272 4752 dicens:
2307 4696 2413 4752 Ora
2448 4713 2544 4767 pro
2575 4712 2683 4751 me.

2121 4787 2182 4840 Χ.
2207 4789 2349 4842 Cum.
2375 4787 2623 4857 sequenti
2652 4796 2833 4842 autem
2868 4788 2956 4844 die
3002 4787 3242 4842 venisset
3281 4784 3620 4848 lecticarius,

2045 4879 2246 4933 mansit
2276 4879 2451 4934 donec
2514 4879 2616 4934 fuit
2647 4895 2899 4950 vespera.
2935 4879 3184 4950 Cumque
3265 4877 3623 4935 valedixisset

2049 4983 2341 5023 mconomo
2377 4975 2435 5023 et
2453 4983 2643 5038 puero,
2668 4970 2916 5025 ascendit
2943 4971 2996 5023 in
3031 4969 3363 5031 lecticulam,
3403 4968 3622 5023 habens

2045 5061 2193 5115 intus
2219 5068 2400 5116 vestes
2421 5061 2790 5126 monachicas,
2821 5070 2876 5116 et
2907 5061 3035 5118 fecit
3066 5071 3126 5116 ut
3151 5077 3293 5132 pone
3346 5060 3622 5115 ascende-

2044 5160 2128 5208 ret
2173 5153 2482 5216 eunuchus,
2535 5161 2663 5208 ante
2709 5163 2892 5208 autem
2943 5153 3272 5208 lecticarius.
3325 5151 3621 5222 Cmpitque

2044 5247 2202 5302 beata
2233 5263 2412 5312 orare,
2443 5263 2566 5302 eum
2599 5256 2745 5302 esset
2773 5248 2945 5310 intus,
2979 5259 3033 5302 et
3065 5263 3093 5301 a
3127 5246 3356 5302 Domino
3381 5247 3489 5300 Deo
3517 5260 3620 5314 pe-

2043 5347 2160 5394 tere
2186 5339 2475 5394 auxilium.
2504 5339 2662 5395 Circa
2697 5339 2932 5395 mediam
2955 5351 3138 5394 autem
3173 5348 3392 5395 noctem
3415 5352 3619 5408 perve-

2040 5433 2122 5486 nit
2145 5432 2210 5487 ad
2239 5433 2487 5501 paludem
2510 5448 2679 5503 prope
2712 5433 2939 5496 fontem,
2967 5433 3057 5503 qui
3080 5447 3250 5502 usque
3283 5433 3338 5486 in
3391 5431 3618 5486 hodier-

2039 5539 2170 5577 num
2201 5523 2344 5577 diem
2367 5523 2566 5579 dicitur
2589 5524 2732 5580 Fons
2758 5525 3105 5596 Apollinaris.
3132 5523 3380 5594 Cumque
3404 5523 3617 5579 lectica:

2040 5613 2211 5684 pelles
2245 5614 2570 5685 aperuisset,
2625 5615 2721 5671 Dei
2758 5615 3099 5688 providentia
3157 5615 3368 5671 invenit
3419 5613 3614 5668 ambos

430 5820 504 5889 (5)
546 5821 682 5878 Nota
728 5824 1008 5895 antiquum
1058 5840 1262 5880 morem
1302 5825 1594 5879 venerandi
1641 5825 1885 5894 sepulcra
1929 5831 2260 5878 sanctorum.
