3868 6462
243 348 355 410 325

1260 362 1435 423 VITA
1468 363 1533 424 B.
1578 364 2091 431 APOLLINARIS
2125 370 2494 437 VIRGINIS.

3401 372 3506 437 3‘26

243 463 605 557 ύρτιιξίοιῇιφει
631 465 879 539 Cumque
905 482 965 525 88
995 470 1241 528 Vestibus
1295 475 1539 531 εκυῖεερῑ
1593 477 1823 533 munda-
1849 481 1899 542 Α
1926 497 2048 541 sent
2099 502 2307 557 preces,
2360 489 2640 543 sederunt.
2684 484 2816 541 Eam
2856 493 3035 542 autem
3075 487 3281 557 rogavit
3340 488 3508 543 aldtus

244 554 334 609 nis
393 554 575 610 induit
638 571 701 613 se
763 561 1103 628 monasticis,
1159 564 1349 620 dicens
1408 585 1421 620 :
1473 566 1575 633 Qui
1629 569 1827 624 dedisti

248 643 606 713 principium,
636 656 697 702 ut
738 647 884 704 hunc
904 662 1153 707 sanctum
1192 671 1516 727 assequerer
1555 659 1826 726 habitum,

248 735 336 791 fac
367 752 459 792 me
489 737 732 809 dignam,
766 751 823 797 ut
853 758 979 799 eum
1008 745 1075 801 ad
1126 745 1289 802 ﬁnem
1333 750 1628 819 perducam
1677 768 1823 807 con—

247 838 515 899 gruenter
544 841 651 887 tua:
671 834 960 901 voluntati,
989 836 1240 894 Domine.
1260 840 1507 913 Cumque
1526 859 1588 898 se
1617 845 1828 914 signas-

247 930 353 988 set,
381 923 581 993 dejecit
606 940 666 980 se
699 941 730 981 e
763 928 979 996 lectica,
1017 939 1072 985 et
1121 932 1366 1003 ingressa
1391 937 1497 1002 fest
1548 939 1829 1009 paludem.

251 1011 402 1068 Deus
433 1024 619 1070 autem
649 1031 777 1072 cum
821 1020 1051 1078 vidisset
1083 1023 1204 1091 ejus
1260 1025 1314 1079 in
1356 1026 1532 1097 ipsum
1595 1029 1833 1084 charita-

249 1114 384 1169 tem,
423 1107 612 1164 ellecit
635 1119 697 1165 ut
733 1113 978 1181 quandiu
1018 1114 1175 1182 vixit,
1212 1118 1281 1174 ad
1320 1120 1720 1177 nutrimentum
1778 1123 1828 1178 ei

249 1200 432 1270 palma
463 1200 763 1257 suffecerit.

318 1293 414 1347 Xi.
466 1293 602 1349 Cum
638 1307 821 1352 autem
857 1297 1170 1355 lecticarius
1196 1308 1251 1356 et
1288 1304 1576 1360 eunuchus
1610 1307 1830 1362 excitati

247 1393 457 1442 essent.
490 1392 548 1438 et
579 1387 965 1457 cognovissent
1007 1404 1128 1444 eam
1159 1405 1271 1446 non
1327 1408 1449 1449 esse
1506 1395 1561 1449 in
1590 1398 1829 1464 lectica,

248 1473 407 1527 valde
436 1483 568 1529 sunt
617 1476 890 1533 admirati.
920 1476 1253 1536 Invenerunt
1299 1483 1447 1538 enim
1470 1494 1664 1547 vestes.
1698 1503 1834 1557 quas

249 1564 483 1630 ferebat,
535 1566 591 1621 in
624 1566 850 1634 lectica;
885 1570 1292 1643 redeuntesque
1340 1582 1690 1633 veneruntad
1711 1596 1835 1634 san-

247 1663 420 1721 ctum,
451 1664 509 1710 et
555 1671 842 1714 meonomo
867 1659 936 1715 de
971 1676 1033 1716 ea
1087 1664 1414 1732 retulerunt,
1450 1667 1572 1737 ejus
1617 1685 1832 1741 quoque

246 1755 435 1801 vestes
454 1748 506 1803 ei
533 1750 906 1807 ostendentes.
951 1750 1431 1828 Stupefactusque,
1459 1757 1514 1814 in
1553 1761 1830 1818 civitatem

247 1839 536 1912 ingressus
558 1851 641 1898 est
670 1858 795 1899 cum
813 1822 1090 1903 lecticario
1119 1858 1173 1904 et
1195 1822 1473 1918 eunucho,
1493 1860 1831 1925 etexposue«
1864 1822 1905 1876 θ

245 1943 375 1989 runt
406 1935 628 2006 praesidi
658 1951 775 1991 rem
805 1938 1137 1997 universam.
1164 1939 1378 2000 Praeses
1403 1961 1535 2001 vero
1568 1947 1831 2018 perterri-

249 2035 363 2093 tus,
386 2028 575 2084 scribit
600 2031 886 2101 epistolam
915 2031 985 2089 ad
1028 2042 1236 2104 patrem
1268 2036 1389 2107 ejus
1420 2037 1828 2109 imperatorem,

248 2119 573 2189 signiﬁcans
621 2122 670 2178 ei
711 2123 895 2179 omnia
943 2135 1366 2196 consequenter,
1420 2130 1605 2186 missis
1663 2132 1828 2188 etiam

247 2212 373 2280 ejus
401 2214 669 2269 vestibus.
698 2213 935 2286 Accepta
958 2226 1142 2272 autem
1169 2218 1288 2290 ejus
1315 2220 1546 2291 epistola
1590 2233 1646 2278 et
1669 2223 1828 2291 lecta,

246 2300 396 2358 ﬂevit
422 2320 629 2362 amare.
662 2305 799 2361 Cum
832 2323 966 2363 vero
1004 2309 1233 2367 vidisset
1257 2313 1421 2371 etiam
1456 2324 1639 2371 vestes
1684 2318 1828 2383 tiliae,

247 2394 426 2465 magis
452 2395 567 2451 suis
589 2396 842 2468 caligavit
878 2397 1203 2467 visceribus,
1228 2410 1284 2457 et
1316 2406 1485 2475 coepit
1528 2405 1660 2462 ﬂere
1706 2424 1830 2464 cum

246 2495 430 2541 matre
451 2488 589 2556 ejus,
621 2497 678 2542 et
708 2496 823 2543 toto
874 2499 1090 2547 senatu.
1118 2491 1311 2549 Postea
1369 2507 1551 2553 autem
1609 2501 1832 2570 quieve-

248 2586 406 2642 runt,
435 2577 551 2633 Deo
592 2588 815 2649 agentes
865 2582 1085 2651 gratias.
1156 2584 1445 2642 Dixitvero
1497 2587 1828 2659 imperator:

249 2667 400 2729 Deus
430 2669 522 2738 qui
548 2686 667 2726 eam
699 2673 930 2746 elegisti,
961 2675 1222 2731 conﬁrma
1243 2692 1365 2732 eam
1388 2678 1443 2733 in
1480 2687 1573 2735 tuo
1610 2681 1827 2739 timore.

248 2760 395 2817 Cum
428 2777 619 2819 omnes
649 2779 780 2837 ergo
826 2783 1019 2823 rursus
1047 2768 1345 2837 ﬂevissem,
1390 2773 1609 2843 quidam
1657 2793 1722 2831 ex
1767 2776 1831 2830 iis

248 2856 517 2911 dixerunt
544 2856 894 2926 imperatori:
928 2857 1164 2923 Revera,
1206 2861 1445 2928 domine,
1485 2879 1549 2919 ea
1592 2878 1677 2922 est
1717 2868 1825 2924 lilia

247 2944 328 3015 pii
349 2945 714 3015 imperatoris,
736 2962 801 3001 ea
838 2957 923 3002 cst
947 2947 1053 3002 (ilia
1079 2958 1185 3002 tum
1210 2950 1491 3018 potentiae.
1528 2950 1668 3007 llinc
1705 2968 1827 3008 ma-
1860 2980 1861 2983 η

249 3038 341 3110 gis
367 3046 740 3109 apparuerunt
769 3047 860 3094 tua
893 3040 1034 3096 bona
1057 3055 1243 3112 opera.
1272 3041 1520 3114 Cumque
1546 3060 1611 3100 ea
1665 3046 1834 3102 dixis-

254 3137 409 3195 sent,
436 3138 491 3184 et
526 3128 610 3184 bis
636 3129 814 3200 plura,
840 3144 1032 3186 omnes
1055 3146 1155 3201 pro
1183 3145 1247 3186 ea
1276 3133 1526 3189 orabant.

323 3217 446 3273 ΧΠ.
498 3217 638 3273 Cum
673 3219 830 3273 beata
862 3227 1046 3274 autem
1087 3220 1286 3276 multos
1324 3236 1498 3276 annos
1536 3222 1831 3278 mansisset

248 3308 309 3363 in
334 3308 557 3379 palude,
579 3315 635 3364 et
657 3316 879 3364 strenue
898 3309 1228 3364 deeertasset
1244 3309 1506 3366 adversus
1527 3311 1827 3375 diabolum.

249 3400 433 3456 evasit
457 3399 574 3469 ejus
604 3413 806 3469 corpus
841 3408 1096 3468 tanquam
1140 3398 1294 3469 pellis
1333 3403 1642 3458 testudinis.
1690 3403 1832 3459 Exe-

248 3508 379 3549 snm
412 3491 556 3545 enim
581 3490 759 3546 fuerat
799 3506 830 3545 a
863 3490 1152 3547 culicibus.
1196 3490 1316 3562 Ipsa
1343 3503 1522 3548 autem
1569 3509 1831 3550 consum-

251 3580 546 3651 ptafuerat
573 3580 642 3635 ab
671 3580 1024 3643 abstinentia,
1045 3591 1101 3635 et
1121 3596 1151 3634 a
1183 3582 1365 3652 regula
1404 3598 1566 3653 quam
1593 3587 1829 3655 Seipsam

250 3669 540 3725 docuerat.
586 3667 818 3735 Quando
842 3684 972 3724 vero
1039 3668 1300 3724 Dominus
1345 3669 1599 3727 Christus
1651 3674 1830 3730 voluit

250 3777 382 3819 eam
397 3761 576 3817 facere
600 3762 819 3832 dignam
849 3776 1053 3816 corona
1085 3772 1397 3818 sanctorum
1425 3765 1669 3832 Patrum,
1695 3766 1831 3822 fecit

252 3862 319 3910 ut
348 3868 411 3907 ea
445 3852 797 3924 egrederetur
818 3867 849 3907 e
890 3852 1103 3923 palude.
1145 3853 1502 3925 ignorabatur
1537 3866 1722 3912 autem
1764 3858 1834 3912 ab

254 3944 538 4005 omnibus,
577 3958 697 3999 eam
747 3957 868 3999 esse
899 3944 1179 4009 feminam,
1212 3945 1306 4000 sed
1338 3947 1626 4016 putabatur
1657 3964 1836 4003 eunu-

255 4039 421 4093 chus.
455 4034 719 4107 Apparuit
742 4050 873 4091 vero
906 4035 956 4091 ei
988 4035 1043 4091 in
1076 4038 1304 4102 somnis,
1349 4037 1441 4108 qui
1486 4039 1725 4096 dicebat.
1775 4039 1834 4097 Si

256 4130 386 4200 quis
421 4137 471 4183 te
500 4126 936 4197 interrogaverit,
964 4129 1236 4198 quomodo
1252 4132 1492 4199 voceris,
1521 4133 1631 4198 die,
1667 4133 1833 4188 Doro-

257 4224 444 4273 theus.
467 4217 602 4272 Cum
633 4226 779 4271 esset
800 4226 982 4272 autem
1018 4233 1200 4285 mane,
1232 4222 1473 4277 occurrit
1522 4223 1573 4278 ei
1606 4234 1835 4278 sanctus

256 4309 551 4375 Macarius,
570 4316 628 4364 et
658 4309 789 4365 dicit
839 4310 890 4365 ei
927 4309 1227 4376 :Benedic,
1277 4311 1460 4367 Pater.
1507 4313 1589 4369 illi
1627 4324 1833 4380 autem,

258 4403 390 4458 data
412 4401 515 4457 sibi
543 4402 778 4457 invicem
815 4401 1104 4468 eharitate',
1148 4402 1502 4468 ambulabant
1544 4406 1598 4461 in
1640 4407 1833 4461 solitu-

1930 576 2220 645 Macarius,
2249 580 2437 635 dicens
2466 597 2480 634 :
2504 580 2619 644 Dic,
2642 579 2802 643 mihi,
2822 579 3009 640 frater.
3040 580 3311 636 undenam
3332 584 3506 648 venis,

1931 676 1985 722 et
2005 670 2151 739 quod
2172 677 2255 725 est
2282 669 2376 724 tibi
2407 670 2648 724 nomen?
2684 669 2778 724 illa
2807 685 2936 724 vero
2970 670 3103 725 dixit
3132 689 3145 724 :
3181 671 3356 726 Vocor
3399 671 3508 727 llo-

1932 760 2179 823 rntheus,
2206 768 2406 814 etcum
2438 759 2731 814 audiissem
2765 759 2833 814 de
2865 759 3088 825 sanctis,
3118 763 3210 831 qui
3243 762 3330 817 hic
3357 770 3506 827 sunt,

1931 846 2206 913 Patribus,
2273 848 2419 903 volui
2458 865 2567 904 una
2597 864 2721 903 cum
2760 848 2843 904 eis
2877 849 3148 916 habitare,
3179 850 3224 904 si
3290 852 3394 906 sim
3425 850 3510 905 di-

1933 938 2092 1010 gitus.
2136 938 2279 995 Dicit
2304 948 2484 994 autem
2510 940 2559 994 ei
2592 954 2784 993 rursus
2814 954 2980 994 senex
3014 958 3026 993 :
3059 938 3340 1007 Quodnam
3371 956 3510 1011 opus

1933 1030 2104 1085 facis?
2133 1031 2208 1086 Ea
2238 1045 2369 1097 vero
2401 1029 2534 1086 dicit
2561 1047 2575 1085 :
2600 1028 2841 1096 Faciam,
2876 1029 2919 1084 si
2966 1031 3094 1100 quid
3143 1047 3232 1086 me
3255 1032 3430 1101 jubcs.
3461 1031 3511 1087 Is

1932 1132 2116 1177 autem
2164 1122 2405 1177 ostendit
2450 1121 2521 1186 ei,
2556 1129 2620 1176 ut
2654 1120 2856 1176 faceret
2889 1130 3159 1177 catenam.
3210 1122 3353 1178 Dens
3384 1138 3512 1178 vero

1932 1213 2119 1268 volens
2148 1214 2438 1269 ostendere
2477 1213 2596 1284 ejus
2624 1214 2791 1269 animi
2828 1214 3224 1279 fortitudinem,
3259 1229 3368 1269 non
3410 1216 3509 1269 de-

1934 1308 2159 1363 claravit
2188 1308 2369 1363 abbati
2417 1307 2652 1364 Macario
2688 1324 2805 1364 eam
2850 1324 2971 1365 esse
3014 1306 3294 1374 feminam,
3345 1310 3513 1365 sedis

1933 1410 2189 1469 tanquam
2223 1400 2401 1455 virum
2429 1401 2743 1456 eunuchum
2770 1417 2890 1456 eam
2925 1417 3043 1457 esse
3064 1400 3514 1472 putabatJluitas

1933 1500 2115 1546 autem
2137 1491 2448 1546 curationes
2478 1490 2622 1546 Deus
2646 1508 2741 1562 per
2766 1508 2885 1546 eam
2928 1492 3156 1563 peregit.

2004 1582 2146 1637 XIV.
2201 1581 2467 1637 Processu
2499 1593 2682 1639 autem
2732 1585 2994 1655 temporis
3024 1586 3261 1649 daemon,
3310 1586 3401 1658 qui
3429 1598 3513 1644 est

1936 1674 2092 1730 bonis
2118 1673 2371 1739 infestus,
2400 1675 2711 1746 aggreditur
2734 1676 2855 1747 ejus
2884 1691 3151 1744 sororem,
3181 1693 3301 1747 quae
3346 1694 3511 1734 vexa-

1934 1766 2097 1821 batur
2129 1782 2161 1821 a
2187 1765 2433 1820 daemone
2472 1783 2485 1819 :
2526 1774 2645 1820 erat
2691 1777 2873 1821 autem
2906 1782 3030 1821 eum
3064 1767 3509 1838 imperatoribus.

1933 1854 2222 1926 Coepitque
2247 1871 2365 1910 eam
2399 1856 2612 1910 daemon
2641 1857 2904 1923 lacerare,
2945 1868 3001 1913 et
3030 1859 3211 1914 dicere
3241 1878 3253 1914 :
3284 1859 3397 1915 Nisi
3423 1875 3512 1916 me

1932 1949 2277 2019 acceperitis,
2312 1957 2368 2002 et
2408 1947 2645 2002 tuleritis
2694 1948 2748 2003 in
2781 1949 3153 2013 solitudinem,
3191 1966 3255 2005 ex
3285 1966 3348 2005 ea
3399 1967 3512 2007 non

1931 2039 2197 2108 egrediar.
2239 2036 2464 2092 Volebat
2509 2054 2638 2094 vero
2693 2039 2908 2095 dtemon
2937 2039 3057 2110 ejus
3101 2054 3346 2095 sormem
3379 2057 3513 2107 con-

1932 2129 2169 2195 vincere,
2219 2130 2365 2201 quod
2407 2139 2552 2187 esset
2591 2130 2817 2186 femina.
2855 2129 3000 2185 Deus
3057 2145 3190 2185 vero
3239 2131 3513 2188 obstruxit

1933 2221 2255 2287 daemonem,
2289 2237 2360 2277 ne
2380 2238 2445 2278 ea
2474 2222 2699 2278 diceret.
2757 2221 2997 2277 Puellam
3028 2230 3207 2277 autent
3233 2223 3387 2278 valde
3418 2239 3514 2278 ur-

1933 2313 2093 2388 gebat
2126 2314 2364 2379 dazmon,
2396 2323 2457 2370 ut
2498 2312 2602 2369 iret
2631 2313 2684 2368 in
2717 2313 3092 2369 solitudinem.
3119 2311 3348 2380 Quidam
3380 2328 3514 2369 vero

1932 2418 1999 2457 ex
2037 2402 2362 2474 proceribus
2392 2402 2683 2458 consulunt
2706 2401 3045 2473 imperatori,
3070 2412 3130 2458 ut
3151 2418 3273 2458 eam
3308 2404 3508 2460 mit'at.

1933 2493 2088 2551 Tunc
2143 2495 2442 2567 imperator
2469 2494 2677 2550 dimisit
2721 2510 2842 2550 eam
2871 2510 2996 2550 cum
3027 2510 3226 2565 magno
3248 2497 3512 2551 comitatu

1931 2589 1999 2645 ad
2050 2589 2237 2645 Patres
2281 2589 2338 2643 in
2373 2588 2747 2644 solitudinem.
2776 2585 3023 2658 Cumque
3080 2586 3115 2641 ii
3143 2587 3422 2644 venissent
3456 2589 3511 2644 in

1932 2681 2158 2747 Seetim,
2209 2682 2364 2739 novit
2393 2688 2618 2736 sanctus
2651 2678 2939 2747 Macarius,
2967 2689 3191 2751 propter
3218 2696 3512 2750 quamnam

1933 2788 2152 2829 causam
2186 2772 2368 2827 adsint
2399 2771 2455 2826 in
2503 2770 2595 2826 illo
2620 2769 2762 2833 loco,
2811 2769 3001 2840 eisque
3054 2786 3378 2841 progressus
3411 2772 3513 2825 oh-

1932 2863 2098 2928 viam,
2126 2863 2341 2934 excepit
2368 2877 2484 2927 eos,
2516 2871 2573 2918 et
2601 2860 2737 2918 dixit
2775 2879 2788 2915 :
2821 2860 2961 2928 Quid
3011 2860 3119 2915 huc
3169 2861 3450 2927 acceditis,
3479 2876 3513 2916 ο

1934 2954 2068 3011 filii?
2102 2954 2176 3010 llii
2219 2971 2349 3010 vero
2375 2954 2671 3010 dixerunt:
2709 2950 2908 3008 Noster
2955 2950 3222 3021 imprimis
3251 2950 3370 3020 pius
3412 2952 3515 3006 im-

1931 3054 2155 3118 perator
2182 3044 2510 3101 Anthemius
2532 3043 2684 3098 misit
2714 3041 2879 3097 filiam
2909 3056 3087 3105 suam,
3119 3050 3180 3095 ut
3207 3057 3301 3111 per
3341 3042 3511 3097 Deum

1855 3150 1903 3215 ο
1936 3144 2159 3193 curetur
2185 3144 2241 3190 et
2297 3149 2490 3205 preces
2523 3141 2754 3189 vestras.
2795 3131 2933 3185 Cum
2963 3147 3083 3186 eam
3132 3141 3314 3186 autem
3356 3147 3517 3186 acce-

1934 3230 2108 3302 pisset
2145 3243 2176 3283 a
2205 3225 2568 3287 cubiculario,
2598 3224 2826 3279 deduxit
2853 3237 2973 3278 eam
3002 3222 3068 3277 ad
3123 3224 3378 3278 abbatem
3410 3223 3518 3280 Do-

1936 3321 2208 3382 rotheum,
2240 3326 2296 3373 et
2346 3317 2477 3371 dicit
2504 3316 2554 3370 oi
2612 3332 2626 3370 :
2666 3315 2916 3387 Fungere
2967 3314 3146 3370 cilicio
3178 3314 3465 3370 cbaritatis
3499 3335 3514 3372 :

1936 3407 2204 3476 Quoniam
2235 3414 2319 3461 est
2348 3405 2456 3459 lilia
2482 3404 2848 3475 imperatoris,
2883 3411 3093 3473 et0pus
3118 3403 3281 3458 habet
3300 3416 3518 3474 patrum

1941 3500 2195 3574 precibus
2226 3507 2282 3553 et
2340 3497 2556 3553 vestris.
2611 3496 2718 3552 Ora
2757 3511 2858 3567 pro
2904 3511 2989 3563 ea,
3022 3498 3083 3549 ut
3109 3502 3350 3551 curetur.
3390 3494 3516 3552 llaec

1940 3600 2025 3648 est
2052 3589 2196 3645 enim
2224 3603 2434 3643 merces
2462 3596 2573 3641 tua.

2010 3681 2129 3740 XV.
2180 3683 2310 3738 Haec
2358 3689 2540 3736 autem
2594 3695 2719 3736 cum
2754 3679 3042 3743 audiisset,
3074 3677 3239 3748 erepit
3275 3674 3428 3745 ﬂere,
3460 3687 3519 3735 et

1940 3776 2123 3833 dicere
2155 3792 2168 3829 :
2201 3773 2459 3841 Quisnam
2518 3788 2621 3845 ego
2652 3788 2772 3828 sum
2810 3778 3086 3843 peccator,
3118 3770 3262 3841 quod
3311 3770 3397 3857 de,
3429 3787 3521 3826 me

1941 3868 2105 3924 talem
2134 3865 2460 3937 concepistis
2489 3864 2836 3936 opinionem?
2865 3863 3129 3935 flexisque
3163 3862 3395 3935 genibus
3435 3859 3523 3918 dio

1941 3961 2102 4016 cebat
2119 3957 2396 4016 :Concede
2414 3956 2572 4023 mihi,
2592 3956 2777 4022 Pater,
2795 3963 2855 4010 ut
2875 3971 2993 4010 mea
3006 3964 3237 4026 peccata
3263 3953 3523 4011 defleam:

1940 4068 2065 4106 nam
2097 4050 2265 4106 multa
2295 4058 2443 4105 sunt.
2479 4047 2590 4121 Ego
2622 4049 2766 4104 enim
2796 4064 2916 4105 sum
2970 4048 3298 4110 imbecillus.
3333 4049 3524 4119 plane.

1942 4158 2049 4215 que
2091 4144 2241 4199 rudis
2270 4151 2329 4199 et
2377 4142 2599 4215 ignarus
2628 4141 2695 4196 ad
2733 4142 2876 4197 hanc
2908 4156 3044 4196 rem.
3086 4141 3226 4197 Dicit
3257 4142 3308 4196 ei
3357 4141 3526 4196 abbas

1945 4232 2258 4289 Macarius:
2297 4232 2496 4288 Annon
2528 4240 2658 4289 sunt
2695 4233 2862 4289 etiam
2889 4231 2983 4287 alii
3018 4230 3233 4298 Patres,
3283 4234 3375 4302 qui
3426 4247 3523 4301 per

1943 4326 2113 4380 Deum
2149 4323 2302 4396 signa
2331 4322 2577 4378 faciunt?
2611 4322 2716 4378 Sed
2741 4330 2923 4377 tamen
2946 4321 3063 4376 [nec
3092 4320 3355 4375 remansit
3382 4335 3528 4374 mer-

1943 4431 2056 4472 ces.
2080 4415 2173 4470 lila
2207 4428 2341 4471 vero
2368 4414 2499 4470 dicit
2523 4429 2536 4468 :
2569 4411 2691 4469 Fiat
2719 4412 2814 4469 Dei
2853 4411 3125 4475 voluntas,
3153 4418 3210 4465 et
3237 4418 3384 4465 mota
3410 4424 3525 4478 pa:-

258 4493 415 4549 dine.
449 4492 811 4565 interrogavit
846 4507 978 4547 vero
1012 4492 1337 4560 Dorotheus,
1368 4495 1563 4552 dicens
1594 4510 1614 4552 :
1651 4494 1834 4560 Pater,
1871 4514 1913 4568 ι)
1943 4507 2194 4570 nitentia,
2224 4519 2345 4559 eam
2376 4503 2588 4574 accepit
2635 4503 2692 4557 in
2719 4503 2934 4567 cellam,
2967 4509 3025 4556 et
3056 4498 3210 4554 novit
3236 4514 3357 4553 eam
3401 4512 3524 4553 esse

259 4587 388 4655 quis
419 4585 516 4639 es?
542 4582 639 4640 llle
671 4592 855 4639 autem
877 4584 1050 4639 dixit:
1075 4585 1187 4657 Ego
1212 4601 1334 4641 sum
1362 4586 1650 4644 Macarius.
1673 4588 1724 4643 is
1745 4604 1832 4644 ve-

261 4694 331 4731 ro
363 4677 537 4732 dixit:
568 4676 817 4748 Fungere
849 4675 1030 4731 ofﬁcio
1049 4677 1334 4735 charitatis
1367 4697 1382 4734 :
1416 4679 1536 4735 sine
1568 4696 1655 4736 me
1677 4681 1837 4737 babi-

262 4778 386 4824 tare
433 4783 555 4823 cum
584 4768 861 4824 fratribus.
894 4768 1135 4826 Praebuit
1167 4779 1352 4825 autem
1399 4772 1450 4826 ei
1473 4786 1689 4841 quoque
1727 4775 1839 4829 cel-

261 4862 375 4916 lam
406 4859 677 4931 protinus.
695 4860 895 4917 Totum
923 4876 1054 4934 ergo
1081 4862 1226 4917 diem
1257 4872 1317 4918 et
1351 4872 1568 4921 noctem
1624 4866 1842 4923 intense

262 4953 534 5009 offerebat
562 4951 674 5009 Deo
697 4953 1146 5024 supplicationes.
1177 4954 1356 5026 Coepit
1377 4965 1563 5013 autem
1585 4973 1705 5014 eam
1730 4969 1845 5016 ten-

263 5055 385 5101 tare
410 5044 660 5101 diabolus
675 5045 961 5101 nocturnis
980 5046 1307 5103 visionibus.
1344 5048 1508 5104 Beata
1559 5065 1690 5106 vero
1741 5052 1835 5108 illa

268 5136 632 5191 vehementer
654 5136 922 5192 adversus
940 5152 1068 5193 eum
1113 5139 1450 5205 decertabat,
1480 5156 1551 5197 ne
1596 5143 1844 5199 declara-

265 5234 354 5281 ret
385 5240 445 5281 se
480 5240 603 5280 esse
621 5225 923 5281 mulierem.
954 5227 1024 5283 Se
1049 5239 1231 5284 autem
1263 5245 1425 5301 supra
1446 5233 1667 5287 modum
1688 5248 1845 5289 exer-

264 5318 450 5383 cebat,
480 5333 658 5388 neque
679 5318 973 5373 ecclesiam
1027 5320 1391 5392 relinquebat,
1432 5338 1536 5379 nec
1581 5325 1842 5396 regulam,

264 5419 440 5466 noctu
472 5410 672 5480 diuque
713 5409 881 5465 Deum
908 5426 1095 5467 orans.

343 5502 478 5557 Xltl.
510 5501 759 5568 Quodam
802 5515 985 5558 autem
1037 5505 1127 5561 die
1167 5505 1335 5561 abbas
1378 5506 1645 5563 Macarius
1693 5510 1847 5563 venit

263 5594 327 5648 in
348 5592 469 5662 ejus
493 5590 706 5658 cellam,
737 5600 794 5647 et
837 5592 969 5649 dicit
995 5593 1046 5649 ei
1079 5611 1093 5648 :
1129 5594 1378 5667 Fungere
1406 5596 1583 5652 ollicio
1609 5598 1846 5653 charita-

268 5683 365 5746 tis,
415 5681 556 5737 bone
589 5680 798 5737 frater:
836 5683 1025 5739 emitte
1084 5687 1242 5740 nobis
1296 5701 1508 5756 preces.
1572 5688 1663 5742 illa
1716 5704 1846 5743 vero

268 5772 405 5829 dicit
436 5789 450 5825 :
478 5769 659 5837 Pater,
700 5788 800 5846 ego
829 5788 861 5829 a
885 5784 937 5831 te
966 5773 1088 5830 volo
1114 5775 1381 5834 benedici.
1411 5777 1657 5850 Cumque
1684 5779 1847 5835 fecis-

1943 4611 2208 4654 sororem.
2246 4593 2492 4663 ﬂensque
2514 4592 2851 4664 conquievit.
2881 4591 3009 4646 Eam
3041 4598 3224 4644 autem
3249 4587 3520 4657 amplexa,

1943 4685 2083 4741 dixit
2118 4703 2131 4737 :
2161 4683 2308 4739 Bene
2336 4681 2532 4737 venisti
2581 4696 2761 4737 soror.
2818 4680 2912 4735 Dei
2973 4693 3104 4734 vero
3134 4690 3299 4747 opere
3329 4676 3433 4730 fuit
3461 4691 3526 4729 os

1943 4758 2283 4832 obstructum
2340 4760 2595 4837 diem'oni,
2652 4787 2724 4827 ne
2784 4778 3037 4843 argueret
3091 4767 3345 4824 ancillam
3402 4765 3524 4830 Dei,

1944 4867 2089 4937 quod
2126 4873 2270 4922 esset
2290 4864 2513 4920 femina.
2545 4863 2681 4919 Cum
2714 4873 2897 4939 autem
2931 4861 3149 4917 daemon
3175 4873 3296 4914 eam
3327 4857 3419 4913 diu
3448 4855 3529 4911 af-

1944 4957 2172 5027 ﬂigeret,
2205 4972 2305 5026 per
2326 4970 2516 5025 preces
2540 4970 2668 5010 eum
2700 4953 2934 5009 domuit.

2017 5046 2159 5102 XVI.
2200 5048 2447 5113 Quodam
2492 5054 2677 5101 autem
2712 5046 2800 5101 die
2821 5044 3035 5100 daemon
3055 5042 3223 5114 cmpit
3242 5056 3362 5097 eam
3397 5038 3527 5094 allii-

1944 5155 2092 5212 gere.
2123 5140 2218 5195 llla
2247 5154 2379 5195 vero
2401 5152 2727 5210 exsurgens,
2765 5151 2963 5192 manus
2999 5149 3129 5191 suas
3183 5131 3429 5188 extendit
3469 5133 3525 5185 in

1945 5233 2165 5298 calum,
2187 5240 2243 5287 et
2261 5230 2398 5287 ﬂens
2423 5230 2534 5286 Deo
2552 5228 2876 5300 supplicavit
2897 5241 2995 5297 pro
3013 5240 3111 5281 sua
3138 5238 3345 5280 sorore.
3369 5221 3525 5276 Tunc

1945 5322 2189 5378 clamans
2220 5321 2452 5383 daemon,
2482 5317 2621 5374 dixit
2659 5332 2857 5388 magna
2882 5328 3017 5370 voce
3049 5331 3062 5369 :
3104 5311 3171 5378 Ο,
3195 5311 3246 5368 vi
3274 5310 3460 5381 pulsus
3492 5324 3523 5362 a

1948 5422 2002 5467 te
2029 5410 2297 5483 egredior.
2322 5409 2506 5480 anue
2525 5416 2820 5480 prostrata,
2842 5415 2927 5461 est
2949 5417 3220 5477 egressus.
3246 5402 3379 5457 Cum
3401 5414 3522 5455 eam

1947 5512 2127 5559 autem
2151 5502 2474 5572 accepisset,
2516 5500 2623 5556 fert
2650 5514 2839 5555 sanam
2869 5499 2923 5553 in
2980 5494 3264 5551 ecclesiam
3294 5492 3360 5546 ad
3411 5490 3517 5544 Pa-

1949 5603 2092 5650 trum
2125 5594 2313 5665 pedes,
2345 5593 2533 5649 dicens
2566 5608 2581 5645 :
2615 5590 2878 5663 ignoscite
2905 5586 3065 5648 mihi,
3089 5584 3235 5655 quod
3264 5582 3407 5636 inter
3424 5595 3524 5636 vos

1948 5688 2237 5758 peccarim.
2290 5685 2375 5739 llli
2420 5691 2600 5740 autem
2632 5682 2757 5736 data
2791 5695 2945 5752 pace,
2977 5683 3245 5733 vocarunt
3270 5672 3524 5727 homines

1950 5778 2314 5850 imperatoris,
2345 5786 2398 5834 et
2436 5777 2517 5832 eis
2572 5774 2917 5830 tradiderunt
2949 5784 3139 5827 sanam
3175 5766 3522 5838 imperatoris
