3868 6472
367 326 476 392 2‘27

1575 318 1866 382 MENSIS
1905 321 2364 382 JANUARIUS.

3508 319 3614 384 3‘2}

368 439 553 492 ίῑιιιιιιιι.
585 433 709 502 Qui,
737 431 973 488 adoratis
993 429 1247 488 omnibus
1267 426 1540 495 Patribus,
1561 430 1784 501 profecti
1815 439 1938 486 sunt
1969 435 2016 491 Α
2047 429 2301 484 dixerunt
2331 429 2378 484 ei
2429 445 2441 482 :
2476 425 2700 483 Nostine
2746 427 2926 484 hunc?
2955 426 3050 483 Illa
3087 442 3218 484 vero
3252 429 3615 500 respondens.

367 530 435 584 ad
481 529 882 598 imperatorem.
928 523 1161 594 Fuitque
1207 539 1464 592 magnum
1491 523 1742 594 gaudium
1771 525 1824 577 in
1856 523 1936 577 ci-

369 621 532 674 vitate
561 626 782 687 pr0pter
825 610 988 668 filiain
1024 613 1394 684 imperatoris,
1432 613 1708 682 Deumque
1737 613 1938 683 glorifi-

367 718 648 770 caverunt,
678 709 924 762 videntes
953 720 1202 777 magnam
1228 705 1420 774 puellae
1440 705 1783 760 modestiam.
1806 703 1939 757 Bea-

368 810 455 856 tus
488 811 666 854 autem
720 799 1026 853 Dorotheus
1073 813 1131 852 se
1185 797 1356 868 magis
1412 796 1739 862 humiliavit,
1776 810 1939 865 supra

369 895 586 950 modum
621 906 903 946 exercens.
947 890 1178 960 Fuitque
1212 887 1487 960 perfectus
1517 887 1764 959 signifer.

436 982 597 1036 XVII.
650 981 906 1036 Diabolus
936 989 1118 1032 autem
1167 994 1358 1034 rursus
1393 977 1540 1032 subit
1573 977 1743 1030 filiam
1768 976 1943 1044 impe-

367 1075 583 1134 ratoris.
615 1083 670 1128 et
716 1071 844 1126 facit
897 1081 956 1125 ut
998 1085 1281 1140 praegnans
1331 1077 1612 1139 appareat.
1655 1067 1941 1136 Coepitque

368 1167 662 1235 imperator
685 1163 821 1219 affici
866 1177 1058 1233 magno
1083 1162 1288 1225 dolore,
1315 1169 1369 1216 et
1397 1176 1516 1214 eam
1567 1158 1940 1229 interrogavit.

365 1260 555 1314 dicens
587 1277 600 1313 :
634 1259 710 1312 Ex
747 1273 854 1327 quo
888 1273 946 1310 es
981 1256 1301 1327 praegnans?
1353 1254 1428 1308 Ea
1470 1269 1599 1308 vero
1644 1251 1754 1307 illic
1805 1249 1942 1304 nihil

367 1352 510 1405 aliud
538 1350 836 1420 respondit,
872 1347 975 1402 nisi
1010 1349 1113 1401 hoc
1165 1347 1340 1401 solum
1371 1363 1383 1400 :
1440 1345 1635 1400 Nescio
1667 1344 1942 1398 undenam

369 1443 471 1496 hoc
500 1441 633 1494 mihi
659 1439 936 1493 acciderit.
971 1439 1272 1508 Imperator
1304 1452 1432 1492 vero
1475 1451 1594 1491 eam
1626 1437 1796 1505 magis
1818 1449 1944 1489 exa-

369 1531 630 1586 minabat.
669 1529 821 1583 Tunc
855 1529 900 1582 ei
940 1529 1168 1582 Satanas
1218 1528 1358 1581 hanc
1393 1526 1633 1597 suggerit
1660 1525 1944 1597 cogitatio-

366 1637 514 1686 nem,
545 1621 687 1691 quod
714 1621 1035 1683 monachus,
1066 1619 1156 1690 qui
1188 1635 1306 1674 eam
1339 1617 1799 1678 circnmducebal,
1826 1615 1945 1685 ipse

367 1729 486 1768 cam
521 1723 887 1783 praegnantem
938 1712 1260 1768 reddiderit.
1295 1710 1450 1765 Tunc
1500 1725 1693 1782 magna
1727 1710 1806 1763 ira
1855 1723 1945 1763 re-

2044 517 2179 572 dixit
2216 536 2228 571 :
2259 516 2463 572 Revera
2497 517 2585 572 hic
2617 527 2700 571 cst
2725 518 2813 571 ille
2837 519 3146 581 eunuchus,
3173 518 3263 588 qui
3295 529 3418 589 post
3447 519 3617 575 Deum

2041 625 2128 663 me
2159 609 2389 675 sanavit,
2417 618 2471 662 et
2495 609 2782 678 procidcns
2809 610 2875 664 ad
2901 610 3019 680 cjus
3041 610 3226 680 pedes,
3254 611 3464 679 rogavit
3491 627 3616 666 eum

2041 701 2107 755 dc
2137 717 2236 754 suo
2268 713 2440 756 utero.
2477 700 2579 767 Qui
2615 717 2738 756 cum
2762 717 2879 754 eam
2910 701 3194 766 erexisset,
3231 710 3286 754 et
3318 700 3436 769 ejus
3464 709 3618 755 utero

2043 809 2237 848 manus
2274 794 2643 864 imposuisset,
2673 811 2790 850 eam
2819 810 3008 849 sanam
3058 795 3316 850 reddidit.
3351 793 3489 849 Cum
3517 794 3620 848 hoc

2041 897 2227 940 autem
2250 887 2536 949 vidissent.
2567 888 2817 942 admirati
2848 897 2999 950 sunt,
3031 895 3086 940 et
3132 889 3299 941 Deum
3349 885 3619 957 glorifica-

2043 986 2261 1032 verunt.
2299 978 2559 1032 Dixerunt
2599 979 2779 1048 itaque
2811 994 2826 1032 :
2870 979 3009 1032 Vere
3038 979 3153 1033 hmc
3187 988 3270 1032 est
3298 979 3405 1032 tilia
3433 987 3618 1032 nostra

2043 1069 2387 1140 Apollinaris.
2418 1069 2544 1124 Fuit
2571 1079 2753 1124 autem
2804 1069 2966 1125 ﬂetus
3002 1085 3128 1126 cum
3176 1071 3370 1141 gaudio
3407 1071 3459 1123 in
3491 1070 3616 1124 aula

2046 1161 2412 1231 imperatoris.

2118 1251 2258 1306 XIX.
2301 1251 2436 1306 Cum
2461 1261 2642 1306 autem
2677 1269 2879 1323 paucos
2907 1253 3026 1308 dies
3063 1261 3276 1308 versata
3300 1262 3448 1307 esset
3477 1254 3622 1322 apud

2045 1353 2321 1412 parentes,
2344 1345 2527 1400 omnia
2580 1345 2660 1398 eis
2700 1345 2963 1399 narravit.
2996 1345 3128 1411 Qua:
3161 1360 3284 1399 cum
3316 1344 3620 1409 audissent,

2048 1436 2214 1489 Deum
2251 1435 2567 1490 laudarunt.
2623 1435 2903 1506 Rogarunt
2935 1451 3065 1491 vero
3115 1452 3256 1502 eam,
3294 1445 3354 1492 ut
3385 1453 3509 1491 cum
3543 1438 3625 1490 eis

2045 1533 2311 1608 maneret,
2373 1526 2468 1581 sed
2528 1541 2636 1580 non
2689 1536 2815 1580 tunc
2864 1538 3272 1598 persuaserunt.
3330 1529 3625 1598 Pr0pterea

2045 1626 2226 1674 autem
2259 1618 2402 1688 quod
2435 1617 2483 1672 ei
2518 1618 2904 1689 promiserant,
2937 1635 3058 1674 eam
3088 1637 3210 1675 cum
3243 1621 3430 1676 multis
3460 1621 3629 1692 lacry—

2046 1711 2150 1766 mis
2191 1710 2517 1764 emiserunt.
2572 1708 2801 1782 Rogavit
2845 1721 3028 1766 autem
3061 1722 3316 1782 parentes
3363 1728 3514 1777 suos,
3568 1721 3631 1768 ut

367 1804 544 1872 pletus
575 1803 889 1871 imperator,
928 1801 1075 1856 misit
1099 1801 1165 1856 ad
1215 1801 1552 1872 perdendum
1583 1815 1707 1854 eum
1741 1799 1940 1854 locum.
1975 1801 2018 1856 Β
2049 1817 2147 1872 pro
2193 1817 2253 1856 se
2285 1810 2526 1856 orarent.
2561 1801 2643 1856 Illi
2677 1817 2804 1857 vero
2820 1801 2869 1857 ei
2901 1803 3091 1858 dicunt
3121 1821 3135 1858 :
3183 1802 3326 1858 Deus
3353 1805 3440 1859 cui
3473 1803 3629 1858 fuisti

367 1896 500 1949 Cum
545 1904 726 1949 autem
759 1894 1034 1965 principes
1082 1909 1244 1964 quam
1279 1893 1565 1948 celerrime
1591 1893 1855 1947 abiissent
1888 1892 1942 1948 in

369 1991 591 2054 Scetim,
648 1998 900 2060 qua-runt
932 1988 1236 2057 intelligere
1287 2001 1372 2050 ea,
1424 2002 1545 2056 qua:
1580 1985 1688 2040 illic
1718 1985 1941 2052 fiebant,

369 2083 611 2138 dicentes
644 2099 655 2134 :
692 2081 822 2137 Date
871 2081 1030 2136 nobis
1064 2081 1416 2142 monachum,
1452 2079 1542 2148 qui
1579 2087 1943 2149 praegnantem

371 2171 604 2226 reddidit
630 2169 791 2224 filiam
835 2170 1200 2239 imperatoris.
1239 2168 1332 2222 Dei
1369 2183 1498 2222 vero
1519 2177 1742 2222 sanctus
1775 2149 1944 2222 Doro-

373 2259 532 2314 theus
572 2257 658 2311 his
705 2259 888 2313 verbis
917 2259 1139 2324 auditis,
1189 2259 1243 2312 in
1275 2259 1510 2312 medium
1544 2258 1828 2328 processit,
1872 2258 1948 2313 di-

371 2365 502 2404 cens
532 2369 544 2405 :
574 2351 682 2422 Ego
706 2365 844 2404 sum.
873 2350 1066 2406 AIIIicti
1091 2359 1218 2406 sunt
1247 2359 1427 2404 autem
1458 2350 1629 2403 sancti
1664 2349 1870 2413 Patres,
1892 2357 1948 2404 et

355 2442 624 2497 dixerunt
654 2459 668 2494 :
697 2440 806 2496 Nos
836 2457 1052 2512 quoque
1079 2451 1256 2496 tecum
1296 2441 1513 2496 ibimus.
1545 2441 1618 2495 Ea
1660 2456 1787 2495 vero
1813 2439 1949 2494 dixit

373 2535 453 2588 eis
485 2554 496 2587 :
541 2534 757 2588 Domini
781 2535 908 2599 mei,
947 2535 1287 2589 solummodo
1317 2544 1468 2589 orate
1499 2550 1595 2605 pro
1625 2550 1732 2598 me,
1761 2549 1948 2604 spero-

377 2641 481 2694 que
510 2624 563 2678 in
595 2624 726 2690 Deo,
757 2634 812 2678 et
847 2625 900 2679 in
939 2627 1134 2680 vestris
1175 2625 1447 2696 precibus,
1473 2624 1589 2679 fore
1616 2633 1676 2679 ut
1708 2625 1819 2680 cito
1852 2641 1948 2679 vos

375 2715 618 2779 adorem,
647 2725 702 2770 et
747 2717 1012 2770 abeuntes
1060 2716 1114 2770 in
1165 2717 1476 2782 ecclesiam,
1506 2723 1777 2771 venerunt
1825 2731 1947 2770 cum

376 2817 490 2862 toto
541 2819 816 2863 conventu
870 2808 1120 2875 fratrum,
1163 2807 1429 2879 factisque
1477 2810 1732 2880 precibus
1787 2807 1948 2862 simul

374 2899 575 2968 egressi
643 2908 812 2964 sunt,
869 2901 1204 2955 deducentes
1271 2901 1523 2955 abbatem
1595 2901 1948 2958 Dorotheum.

375 2987 591 3043 Sciebat
656 2989 801 3044 enim
860 2990 1028 3046 abbas
1085 2989 1372 3059 Macarius,
1433 2994 1489 3045 in
1549 2991 1641 3045 illo
1693 2991 1772 3046 nil
1833 3006 1953 3045 esse

375 3078 526 3132 mali.

450 3168 633 3224 XVIII.
660 3167 905 3241 Cumque
941 3170 978 3225 ii
1009 3170 1386 3241 pervenissent
1421 3171 1487 3226 ad
1542 3171 1944 3242 imperatorem.
1981 3139 2025 3201 ο

379 3260 613 3334 procidit
654 3263 721 3314 ad
765 3262 884 3331 ejus
914 3264 1084 3333 pedes
1127 3262 1295 3317 abbas
1336 3261 1660 3324 Dorotheus,
1709 3263 1898 3317 dicens
1934 3280 1948 3318 :

379 3351 528 3423 Rogo
559 3360 701 3406 tuam
745 3353 998 3423 pietatem
1054 3361 1112 3408 ut
1139 3369 1263 3408 cum
1296 3354 1514 3409 silentio
1556 3355 1739 3408 audiat
1765 3355 1832 3409 de
1863 3365 1952 3409 tua

382 3443 509 3497 filia.
545 3445 742 3500 Eamus
777 3461 1042 3512 seorsum,
1076 3456 1130 3501 et
1160 3463 1259 3518 ego
1299 3447 1452 3501 vobis
1488 3447 1721 3502 narrabo
1749 3447 1949 3501 omnia.

379 3533 496 3587 Non
526 3544 610 3589 est
631 3535 774 3589 enim
799 3535 847 3590 ei
875 3536 1094 3590 allatum
1121 3537 1329 3601 vitium,
1349 3552 1451 3591 nec
1473 3537 1635 3591 habet
1662 3536 1953 3606 quidquam

381 3624 530 3689 mali,
559 3625 726 3680 absit!
765 3625 1058 3696 Postquam
1099 3636 1280 3681 autem
1309 3627 1525 3682 iverunt
1562 3643 1808 3682 seorsum
1838 3628 1954 3697 ipsa

382 3727 436 3772 et
458 3728 715 3790 parentes
746 3719 885 3788 ejus,
915 3719 1052 3774 dixit
1085 3719 1204 3777 eis:
1236 3721 1338 3775 Per
1369 3720 1653 3775 Dominum
1681 3722 1954 3791 promitti-

383 3818 434 3862 te
479 3809 634 3875 mihi,
664 3809 808 3879 quod
839 3810 882 3864 si
927 3811 1289 3882 cognoveritis
1319 3811 1621 3877 veritatem,
1672 3811 1956 3868 dimittctis

384 3915 472 3953 me
505 3899 557 3952 in
592 3899 770 3954 locum
801 3914 1006 3954 meum.
1032 3900 1186 3967 Quod
1213 3915 1336 3954 cum
1359 3900 1407 3953 ei
1438 3900 1816 3969 promisissent
1862 3899 1958 3954 im-

385 3998 602 4059 perator
628 3997 682 4044 et
711 3989 830 4059 ejus
856 4005 1012 4055 uxor,
1041 3991 1180 4044 dixit
1210 3991 1288 4046 eis
1323 4007 1337 4045 :
1369 3989 1470 4056 Qui
1504 3999 1627 4060 post
1673 3991 1839 4044 Deum
1868 4007 1956 4045 sa-

385 4094 508 4133 nam
541 4079 670 4135 fecit
724 4080 887 4135 tiliam
924 4090 1178 4146 vestram,
1231 4089 1316 4136 est
1358 4096 1476 4135 mea
1536 4080 1813 4135 humilitas
1861 4095 1958 4150 per

383 4171 606 4226 Patrum
657 4188 869 4243 preces.
925 4173 1002 4228 Illi
1038 4190 1168 4229 vero
1221 4174 1305 4228 his
1334 4174 1530 4228 auditis
1575 4173 1955 4242 obstupefacti,

388 4276 636 4317 mansere
663 4263 819 4328 muti,
848 4273 903 4318 et
931 4263 1167 4318 attoniti.
1202 4263 1293 4319 Eis
1314 4272 1494 4317 autem
1523 4262 1656 4317 dixit
1681 4279 1694 4316 :
1723 4263 1834 4334 Ego
1862 4279 1958 4318 vos

385 4349 454 4404 de
503 4349 604 4404 hac
639 4365 695 4405 re
728 4351 920 4405 faciam
953 4353 1238 4414 certiores.
1287 4362 1342 4406 et
1365 4360 1556 4421 aperto
1584 4352 1721 4406 collo
1749 4351 1831 4406 sui
1865 4367 1958 4406 co-

389 4442 536 4507 lobii,
568 4442 804 4497 ostendit
838 4459 963 4498 suas
998 4459 1284 4508 mammas,
1319 4453 1377 4500 et
1411 4445 1542 4502 dixit
1586 4463 1599 4499 :
1654 4445 1830 4508 Pater,
1859 4461 1958 4515 ego

387 4548 505 4586 sum
543 4542 630 4587 tua
663 4533 768 4586 filia
797 4535 1146 4605 Apollinaris.
1179 4535 1331 4602 Quod
1377 4551 1500 4592 cum
1527 4537 1806 4592 audissent
1837 4537 1956 4606 ejus

388 4634 660 4695 parentes,
691 4627 1110 4698 obstupuerunt,
1143 4637 1198 4683 et
1225 4630 1408 4685 multa:
1461 4630 1594 4686 fusa:
1632 4641 1758 4685 sunt
1784 4631 1838 4684 in
1866 4631 1956 4685 illo

388 4715 475 4771 die
503 4716 772 4788 lacrymaa.
811 4719 1167 4776 Adduxerunt
1192 4729 1372 4780 autem
1405 4736 1556 4777 suam
1590 4736 1859 4786 sororem,
1907 4731 1962 4776 et

2050 1892 2344 1962 desponsa,
2374 1891 2492 1963 ipse
2526 1890 2769 1963 perﬁciet
2798 1900 2977 1947 tecum
3026 1893 3473 1948 misericordiam.
3514 1893 3630 1948 Me-

2047 1993 2234 2038 mento
2284 1992 2468 2038 autem
2511 1984 2704 2050 nostri,
2743 1983 2875 2048 filia,
2905 1984 2957 2038 in
2990 1985 3193 2039 sanctis
3214 1985 3320 2040 tuis
3342 1985 3618 2056 precibus.

2046 2075 2220 2142 Quam
2248 2091 2372 2131 cum
2416 2075 2649 2145 amplexi
2674 2086 2874 2140 essent,
2910 2076 3082 2146 ipsam
3131 2077 3480 2132 dimiserunt.
3516 2076 3634 2132 Vo-

2047 2167 2267 2222 luerunt
2317 2175 2498 2220 autcm
2539 2167 2587 2221 ei
2615 2167 2744 2221 dare
2781 2168 3066 2238 pecuniam
3115 2168 3181 2222 ad
3213 2184 3346 2223 usus
3376 2169 3627 2234 Patrum,

2049 2259 2139 2312 sed
2162 2275 2255 2314 eas
2289 2273 2396 2313 non
2423 2259 2650 2328 accepit.
2680 2259 2870 2315 dicens
2898 2277 2910 2313 :
2945 2260 3131 2315 Patres
3153 2260 3256 2315 mei
3285 2276 3392 2314 non
3430 2261 3637 2316 habent

2049 2364 2184 2416 Opus
2211 2349 2456 2418 pecuniis
2488 2349 2648 2417 hujus
2679 2351 2892 2416 mundi,
2923 2366 2990 2406 ne
3042 2368 3072 2405 a
3101 2351 3261 2408 bonis
3315 2355 3636 2408 excidamus

2050 2440 2727 2511 cmlestibus.'Factisque
2772 2444 3049 2512 precibus,
3097 2444 3425 2500 dimiserunt.
3473 2460 3634 2501 suam

2050 2531 2213 2586 filiam
2247 2533 2519 2588 laetantem
2542 2544 2597 2588 et
2632 2534 3020 2589 exsultantem.
3060 2535 3196 2590 Cum
3233 2552 3295 2592 ea
3325 2547 3508 2592 autem
3541 2553 3638 2592 ve-

2050 2623 2223 2676 nisset
2256 2622 2309 2674 in
2335 2623 2559 2686 Scetim,
2586 2635 3080 2694 susceperunteam
3116 2627 3312 2681 fratres
3339 2637 3395 2682 et
3425 2637 3634 2697 patres,

2051 2721 2107 2767 et
2137 2713 2307 2767 Deum
2361 2714 2744 2779 laudaverunt,
2777 2717 2918 2787 quod
2956 2717 3205 2772 rediisset
3241 2718 3408 2773 frater
3442 2734 3639 2774 eorum

2053 2819 2238 2868 sanus,
2269 2813 2322 2858 et
2348 2804 2490 2858 diem
2527 2803 2720 2860 festum
2757 2806 2804 2860 ei
2835 2805 3102 2862 fecerunt.

2123 2893 2244 2948 XX.
2276 2893 2467 2949 Paucis
2496 2905 2676 2950 autem
2721 2905 2845 2967 post
2874 2898 3090 2963 diebus,
3122 2898 3340 2969 quando
3379 2898 3642 2970 cognovit

2054 3003 2113 3042 se
2141 3003 2262 3042 esse
2316 3003 2346 3042 e
2393 2989 2595 3042 mundo
2619 2989 2911 3054 exituram,
2942 2990 3073 3045 dicit
3115 2990 3296 3046 abbati
3349 2991 3592 3046 Macario
3623 3010 3637 3046 :

2059 3076 2162 3131 Fac
2212 3077 2446 3133 oﬂicium
2504 3080 2807 3136 cbaritatis.
2874 3081 2929 3135 Si
2961 3083 3250 3154 contigerit
3300 3099 3387 3138 mc
3440 3099 3472 3138 e
3527 3084 3641 3140 vita

2060 3171 2342 3236 excedere,
2377 3187 2446 3226 ne
2471 3188 2557 3228 me
2583 3183 2912 3244 componant
2938 3175 3210 3230 monachi.
3259 3173 3309 3230 Is
3335 3190 3464 3230 vero
3503 3176 3644 3232 dicit

2060 3258 2106 3313 ei
2147 3277 2159 3312 :
2190 3258 2472 3326 Quomodo
2507 3270 2684 3331 potest
2717 3265 2818 3318 hoc
2848 3263 3004 3317 fieri?
3037 3264 3111 3318 Ea
3161 3274 3342 3320 autem
3379 3281 3644 3320 consum-

2059 3363 2224 3418 mata,
2251 3363 2519 3408 venerunt
2543 3356 2716 3408 sancti
2745 3356 2962 3424 Patres,
2987 3364 3046 3411 ut
3075 3365 3322 3413 sanctum
3349 3358 3468 3426 ejus
3503 3374 3644 3413 cor-

2060 3457 2163 3512 pus
2187 3442 2451 3498 lavarent.
2491 3442 2754 3499 Viderunt
2803 3455 2984 3499 autem
3013 3461 3130 3500 eam
3158 3462 3279 3502 esse
3311 3463 3445 3502 sexu
3472 3449 3640 3502 {cutio

2059 3548 2208 3596 nam,
2227 3543 2282 3587 et
2305 3535 2699 3599 exclamarunt,
2729 3535 2970 3591 dicentes
2997 3537 3212 3592 :Gloria
3252 3538 3368 3599 tibi.
3393 3539 3640 3603 Christe,

2061 3626 2150 3694 qui
2185 3626 2383 3680 inultos
2428 3626 2597 3680 habes
2645 3635 2865 3681 sanctos
2911 3629 3174 3684 occultos.
3211 3629 3524 3684 Admiratus
3557 3640 3648 3688 est

2011 3781 2014 3784 ν
2061 3726 2243 3770 autem
2293 3718 2460 3771 abbas
2490 3717 2777 3782 Macarius,
2810 3719 2954 3788 quod
2984 3721 3086 3774 hoc
3138 3721 3242 3776 sibi
3285 3737 3396 3776 non
3447 3721 3647 3778 fuisset

2061 3810 2382 3862 revelatum.
2423 3808 2538 3864 Una
2573 3825 2703 3864 vero
2732 3821 2892 3866 nocte
2936 3811 3080 3866 vitlet
3129 3813 3411 3878 visionem,
3438 3831 3559 3884 quae
3591 3815 3646 3869 ei

2063 3900 2197 3955 dicit
2233 3919 2245 3954 :
2281 3900 2359 3956 Ne
2405 3903 2622 3972 angaris
2654 3912 2961 3973 propterea.
3009 3902 3237 3974 Oportet
3263 3906 3407 3960 enim
3461 3914 3514 3960 te
3543 3922 3647 3962 co-

2062 3993 2244 4048 I'Ollal'i
2280 4009 2400 4047 cum
2433 3996 2635 4048 sanctis
2683 3993 2955 4058 Patribus,
3009 3995 3102 4064 qui
3143 4004 3275 4050 sunt
3323 4011 3355 4051 a
3415 3998 3642 4053 saeculo.

2065 4085 2220 4142 'I'unc
2244 4086 2290 4140 ei
2317 4085 2554 4140 narravit
2595 4085 2782 4151 vitam,
2807 4094 2862 4140 et
2885 4101 3086 4141 nomen
3121 4088 3313 4143 heata‘.
3342 4089 3646 4158 Allatisque

2065 4177 2267 4232 sanctis
2315 4177 2434 4246 ejus
2463 4177 2729 4246 reliquiis,
2781 4191 2898 4230 eam
2934 4186 3234 4247 posuerunt
3259 4177 3328 4233 ad
3370 4177 3644 4233 orientem

2065 4278 2265 4322 sanctae
2295 4267 2562 4331 ecclesiae,
2596 4266 2652 4320 in
2693 4275 2850 4320 antro
2881 4267 3094 4321 abbatis
3118 4266 3333 4319 Macarii
3356 4281 3481 4320 cum
3509 4281 3646 4336 gau-

2064 4359 2155 4413 dio
2187 4367 2241 4413 et
2272 4359 2438 4429 gloria
2471 4372 2639 4427 usque
2689 4356 2742 4410 in
2786 4357 3107 4411 hodiernum
3143 4357 3306 4419 diem,
3334 4372 3431 4427 per
3466 4357 3643 4411 Deum

2065 4458 2120 4503 et
2141 4458 2359 4503 sanctos
2382 4443 2570 4502 Patres
2603 4465 2615 4499 :
2647 4457 2702 4502 et
2723 4455 2844 4517 post
2864 4457 3065 4503 sanctae
3100 4447 3489 4502 dormitionem
3515 4463 3645 4516 per-

2063 4547 2297 4610 aguntur
2345 4538 2676 4602 curationes,
2726 4537 2901 4606 gratia
2967 4547 3021 4592 et
3075 4537 3366 4592 clementia
3427 4537 3642 4594 Domini

2064 4633 2236 4685 nostri
2287 4630 2420 4685 Jesu
2464 4629 2687 4685 Christi.
2719 4627 2817 4683 Cui
2855 4628 3024 4700 gloria
3053 4641 3108 4686 et
3143 4630 3385 4703 potentia
3419 4627 3477 4683 in
3534 4643 3645 4683 sae-

2071 4725 2213 4780 cuia.
2252 4724 2450 4777 Amen.
