3868 6466
1074 572 1220 659 DE
1299 571 1388 662 S.
1464 570 2033 662 SYMEONE
2108 571 2662 661 STYLITA.

1623 765 1837 837 (Anno
1869 761 2035 835 ιιϐο.)

1237 929 1383 995 [Acta
1417 929 1505 980 SS.
1541 930 1761 981 Bolland.
1790 929 2029 991 Januarii,
2058 940 2177 983 tom.
2204 935 2240 994 l,
2265 935 2345 985 die
2368 934 2442 1001 5.]

1800 1102 1876 1116 ﬁ

336 1230 364 1306 §
400 1235 436 1289 I.
468 1233 744 1304 Symconis
773 1232 982 1303 Stylita:
1018 1235 1238 1288 senioris
1270 1236 1464 1289 celebre
1495 1252 1701 1289 nomen.

296 1371 434 1428 Tres
478 1372 775 1442 Symeones
830 1369 1053 1441 Stylitas
1081 1370 1207 1426 fasti
1245 1371 1598 1427 ecclesiastici
1652 1372 1808 1427 exhi-

220 1464 379 1519 bent.
412 1464 614 1517 Scuior
669 1463 895 1533 ejusque
921 1463 1155 1517 instituti
1190 1463 1398 1532 primus
1439 1479 1637 1533 parens
1663 1465 1695 1519 5
1720 1462 1812 1518 Ja-

226 1559 408 1614 nuarii
466 1560 667 1616 colitur
712 1574 742 1613 a
801 1559 1030 1625 Latinis,
1063 1574 1093 1613 a
1140 1557 1345 1613 Graecis
1380 1558 1405 1610 1
1446 1556 1806 1628 Septembris.

225 1653 462 1710 Fallitur
502 1654 650 1708 enim
678 1653 947 1708 Batonius
988 1654 1118 1708 dum
1170 1654 1364 1708 scribit
1401 1652 1524 1723 ejus
1572 1652 1809 1708 natalem

226 1747 308 1818 agi
339 1747 414 1803 24
444 1744 587 1810 Maii,
622 1745 887 1816 Menolog.
945 1745 1235 1801 cardinalis
1274 1744 1455 1799 Sirleti
1483 1754 1688 1799 temere
1721 1760 1811 1799 se-

219 1847 406 1902 cutus.
442 1839 497 1892 in
534 1853 643 1906 quo
670 1852 795 1893 cum
831 1837 899 1891 de
924 1837 1140 1907 juniore
1172 1828 1440 1907 Symeone
1471 1851 1537 1891 eo
1570 1836 1659 1890 die
1684 1851 1811 1905 aga-

227 1940 332 1993 tur,
371 1930 506 1985 illud
558 1944 667 1984 non
718 1937 865 1984 recte
914 1928 1190 1998 adjicitur,
1223 1943 1308 1982 res
1337 1928 1405 1981 ab
1453 1942 1520 1981 eo
1566 1934 1744 1998 gestas
1780 1942 1810 1981 a

220 2016 572 2077 Thcodoreto
628 2019 751 2091 Cyri
803 2019 1062 2089 episcopo
1113 2019 1309 2073 littéris
1353 2019 1581 2072 traditas
1643 2033 1811 2073 esse:

224 2121 446 2170 constat
485 2114 634 2168 enim
688 2112 1100 2167 Theudoretum
1145 2111 1315 2165 multo
1356 2120 1485 2165 ante
1546 2111 1654 2165 \ita
1684 2110 1813 2165 fun-

223 2217 373 2262 ctum
406 2220 553 2267 esse,
594 2219 755 2274 quam
780 2202 966 2272 junior
998 2202 1230 2274 Symeon
1277 2211 1612 2256 nasceretur.
1665 2201 1816 2257 Alter

227 2296 394 2368 igitur
420 2294 655 2366 Symeon
685 2291 878 2364 Stylita
912 2294 970 2347 in
1010 2302 1193 2348 monte
1222 2290 1480 2355 mirabili,
1514 2290 1567 2343 in
1616 2290 1814 2363 Marty-

223 2387 430 2457 rologio
488 2385 733 2440 Boni-mo
782 2385 985 2439 relatus
1030 2385 1063 2438 5
1123 2383 1486 2454 Septembris,
1539 2384 1737 2438 colitur
1784 2401 1814 2438 a

224 2476 429 2532 Graecis
457 2476 530 2530 24
553 2475 701 2538 Maii,
734 2490 842 2545 quo
886 2476 973 2530 die
1003 2475 1071 2529 de
1128 2475 1220 2529 illo
1272 2473 1519 2544 pluribus
1569 2490 1810 2544 agemus.

1834 1240 1887 1299 Α
1916 1236 2178 1302 inclusus,
2214 1238 2268 1291 in
2294 1237 2633 1293 hebdomada
2658 1237 2839 1294 cibum
2876 1239 3041 1294 scmel
3070 1241 3310 1311 capiens,
3342 1257 3478 1313 pane

1915 1327 2322 1397 herbarumque
2370 1329 2642 1383 radicibus
2695 1338 2750 1383 et
2797 1343 2952 1398 aqua:
2999 1340 3130 1400 potu
3182 1332 3478 1386 victitabat.

1915 1418 2032 1485 Qua
2069 1419 2370 1475 admirabili
2410 1420 2738 1475 abstinentia
2772 1431 2824 1475 et
2853 1422 3141 1477 sanctitate
3174 1427 3274 1486 vir,
3298 1424 3480 1477 multis

1914 1515 2077 1568 etiam
2107 1515 2383 1569 miraculis
2412 1514 2589 1569 clarus
2616 1515 2868 1587 migravit
2892 1518 2959 1571 ad
2983 1516 3293 1572 Dominum.
3325 1536 3343 1567 ι
3385 1517 3471 1573 Ve-

1913 1621 2035 1660 rum
2071 1605 2215 1660 unde
2249 1606 2437 1661 didicit
2478 1605 2784 1661 Galesinius
2820 1622 2966 1663 cava:
3002 1609 3267 1663 columna:
3312 1610 3475 1663 inclu-

1914 1712 2034 1753 sum
2069 1697 2271 1752 fuisse?
2303 1697 2649 1753 Contrarium
2670 1700 2878 1768 patebit
2899 1715 2965 1754 ex
2995 1698 3023 1770 §
3073 1700 3342 1769 sequenti.
3376 1700 3485 1755 Nec

1914 1789 2083 1843 semel
2124 1788 2176 1842 in
2216 1790 2553 1844 hebdomada
2587 1791 2768 1844 cibum
2802 1791 3070 1860 capiebat.
3102 1792 3207 1843 nisi
3242 1791 3295 1844 in
3327 1790 3480 1859 prin-

1915 1882 1960 1936 ci
1968 1882 2058 1951 pio
2081 1882 2204 1937 vitae
2222 1883 2564 1949 monasticae;
2595 1883 2688 1937 sed
2707 1884 3119 1955 quadragesimo
3136 1885 3354 1938 demum
3371 1883 3482 1949 die,

1915 1984 1974 2028 ut
2005 1977 2057 2028 in
2088 1973 2212 2029 Vita
2245 1975 2477 2029 dicetur.

1985 2083 2012 2153 ᾗ
2073 2084 2135 2138 Il.
2172 2082 2379 2155 Stylitw
2409 2087 2547 2139 unde
2580 2085 2726 2140 dicti.
2766 2085 2893 2150 Qum
2934 2087 3187 2142 columna:
3218 2089 3412 2158 forma.

1988 2202 2041 2254 4.
2085 2198 2275 2270 Opera:
2316 2199 2554 2269 pretium
2582 2209 2702 2264 est,
2750 2199 2877 2254 dum
2912 2200 2978 2253 de
3009 2201 3212 2271 Stylitis
3252 2201 3482 2271 agimus.

1916 2310 2035 2364 qua:
2060 2294 2211 2348 vocis
2246 2294 2417 2358 notio,
2456 2309 2575 2361 qum
2618 2294 2879 2347 columna:
2912 2293 3081 2347 forma
3115 2293 3296 2355 fuerit,
3321 2308 3486 2362 expo-

1917 2404 2067 2442 nere.
2094 2387 2251 2442 Prius
2270 2388 2340 2441 ita
2363 2386 2600 2441 breviter
2618 2388 2931 2455 exsequitur
2949 2386 3276 2457 Rosweydus
3299 2395 3486 2440 noster

1919 2481 1973 2535 in
2015 2481 2303 2536 Notatione
2333 2480 2399 2534 ad
2432 2478 2487 2534 S.
2520 2478 2808 2548 Symeonis
2843 2478 3044 2550 Stylitae
3083 2480 3247 2534 vitam
3275 2500 3287 2535 :
3322 2500 3338 2531 ι
3370 2481 3481 2533 Du-

224 2571 447 2625 Tertius
468 2571 536 2624 ab
565 2570 755 2624 iisdem
800 2569 1003 2625 Graecis
1037 2568 1343 2622 celebratur
1364 2567 1434 2621 ‘26
1468 2568 1619 2632 Julii,
1648 2584 1809 2621 voca-
1840 2583 1881 2637 Β
1912 2573 2053 2627 citur
2098 2589 2128 2626 a
2163 2572 2531 2642 grammaticis
2564 2580 2618 2624 ct
2661 2570 2849 2634 στῦλος
2900 2581 2953 2625 et
2986 2571 3151 2641 στήλη
3196 2572 3263 2625 ab
3296 2574 3484 2626 eadem

223 2673 421 2734 turque
474 2663 757 2733 presbyter
808 2673 866 2717 et
926 2660 1388 2723 archimandrita;
1444 2660 1587 2712 idem
1614 2660 1812 2712 fortas-

224 2755 316 2818 sis,
345 2755 440 2824 qui
499 2771 527 2806 a
559 2752 769 2807 Joanne
802 2750 1021 2805 Moscho
1052 2764 1171 2818 cap.
1236 2750 1303 2803 57
1354 2747 1501 2802 Prati
1554 2749 1810 2818 spiritua-

224 2846 310 2911 lis,
334 2844 455 2899 sive
484 2844 607 2898 libri
660 2860 693 2896 ι
743 2843 809 2897 de
844 2842 981 2895 Vitis
1027 2841 1128 2896 PP.
1162 2841 1392 2896 fulmine
1413 2841 1555 2895 ictus
1600 2857 1810 2895 memo-

224 2946 401 2992 ratur.

292 3030 350 3084 2.
389 3028 675 3082 Seniorem
708 3024 781 3078 ita
818 3024 1063 3078 celebrat
1123 3022 1559 3095 Martyrologium
1613 3021 1814 3078 Roma-

224 3138 356 3177 num
413 3121 445 3174 5
468 3119 714 3174 Januarii
746 3136 760 3172 :
790 3136 808 3169 ι
849 3115 1157 3171 Antiochiae
1183 3115 1241 3170 S.
1283 3113 1571 3186 Symeouis
1615 3130 1809 3169 mona-

226 3215 335 3279 chi,
366 3213 460 3283 qui
497 3213 550 3266 in
576 3212 826 3266 columna
863 3219 1013 3264 stans
1048 3209 1248 3264 multos
1275 3222 1449 3263 annos
1479 3208 1632 3272 vixit,
1667 3207 1811 3262 unde

228 3311 282 3357 et
304 3302 519 3372 Stylita:
545 3316 748 3356 nomen
778 3301 988 3371 accepit
1025 3318 1039 3354 :
1075 3299 1234 3369 cujus
1259 3299 1365 3354 vita
1392 3307 1447 3352 et
1466 3299 1813 3353 conversatio

229 3393 445 3448 exstitit
502 3392 858 3447 admirabilis.
901 3412 919 3445 ι
978 3390 1181 3447 Eadem
1242 3389 1357 3444 lere
1406 3389 1609 3444 habent
1644 3389 1809 3453 Beda,

237 3486 549 3549 llrabanus,
585 3486 888 3548 l‘suardus,
922 3484 1195 3550 Bellinus;
1225 3492 1280 3538 et
1311 3483 1486 3540 fusius
1518 3484 1654 3549 Ado,
1683 3483 1815 3539 Not-

230 3577 419 3642 kerus,
451 3577 679 3646 aliique.
726 3576 1085 3647 Menologium
1137 3574 1507 3630 Graecoruml
1566 3575 1813 3644 Septem-

228 3666 379 3722 bris:
420 3686 439 3718 ί
479 3665 941 3721 Commemoratio
971 3667 1027 3718 S.
1066 3664 1125 3719 P.
1162 3665 1227 3718 N.
1259 3665 1546 3735 Symeonis
1581 3665 1811 3737 Stylitze,

229 3763 318 3830 qui
341 3760 449 3814 fuit
483 3761 586 3815 sub
614 3761 941 3828 imperatore
1002 3758 1183 3812 Leone
1215 3758 1428 3829 Magno,
1472 3770 1528 3813 et
1562 3759 1814 3831 lllartyrio

230 3852 592 3907 Antiocheam
647 3851 797 3905 urbis
831 3851 1107 3920 pontitice,
1141 3866 1171 3903 a
1209 3839 1487 3919 provincia
1512 3849 1716 3905 Cilicia:
1745 3865 1811 3904 ex

1916 2664 2125 2735 origine
2153 2664 2364 2733 ἵστημι,
2400 2672 2500 2715 sto.
2536 2662 2731 2718 Suidas
2757 2682 2769 2716 :
2795 2663 3076 2733 Στυλίτης,
3109 2667 3136 2717 ὁ
3176 2664 3267 2716 ἐπὶ
3308 2664 3487 2726 κίονος

1914 2757 2225 2824 ἱστάμενος,
2264 2773 2280 2804 ι
2324 2752 2539 2824 Stylita,
2571 2753 2660 2821 qui
2701 2753 3006 2807 columnam
3039 2754 3258 2807 insistit.
3292 2772 3310 2804 ι
3352 2752 3487 2816 Quis

1912 2847 2121 2916 primus
2165 2845 2306 2913 apud
2355 2845 2632 2898 Romanos
2674 2859 2838 2913 super
2875 2843 3184 2898 columnam
3234 2844 3484 2897 cellulam

1913 2937 2192 2999 struxerit,
2212 2937 2371 2990 docet
2388 2951 2489 2991 nos
2520 2935 2790 2990 Asconius
2816 2936 2868 2988 in
2887 2934 3166 2990 Ciceronis
3182 2938 3485 2992 orationem

1912 3028 1969 3082 in
2020 3028 2083 3094 Ο.
2114 3027 2412 3093 Caecilium,
2446 3043 2565 3097 qua:
2596 3027 2860 3081 Divinatio
2890 3028 2939 3080 in
2994 3026 3204 3081 Verrem
3251 3028 3483 3085 dicitur:

1919 3138 1937 3171 ι
1988 3120 2212 3175 Maenius
2264 3134 2389 3173 cum
2441 3120 2661 3174 domum
2711 3135 2864 3174 suam
2895 3121 3155 3174 venderet
3201 3120 3393 3176 Catoni
3435 3131 3490 3177 et

1919 3227 1939 3258 ι
1987 3208 2180 3263 Flacco
2222 3208 2545 3263 censoribus
2606 3216 2659 3261 ut
2720 3207 2793 3262 ibi
2834 3208 3057 3263 basilica
3105 3211 3485 3276 mdilicaretur,

1919 3319 1938 3351 ι
1986 3310 2277 3369 exceperat
2315 3300 2405 3368 jus
2452 3299 2553 3353 sibi
2588 3300 2752 3353 unius
2780 3300 3071 3362 columine,
3120 3307 3284 3371 Super
3326 3319 3487 3372 quam

1921 3409 1939 3440 ι
1990 3399 2194 3443 tectum
2230 3389 2521 3459 projiceret
2552 3404 2618 3443 ex
2659 3390 3068 3457 provolantibus
3094 3390 3313 3457 tabulis,
3344 3393 3489 3445 unde

1924 3499 1941 3527 ι
1987 3488 2043 3533 et
2083 3479 2198 3549 ipse
2242 3489 2297 3533 et
2326 3479 2528 3549 posteri
2565 3482 2684 3547 ejus
2715 3487 2963 3549 spectare
2996 3496 3197 3534 munus
3226 3482 3491 3552 gladiato-

1922 3592 1940 3624 ‹
1990 3573 2131 3626 rium
2164 3581 2407 3641 possent,
2440 3573 2583 3641 quod
2612 3572 2772 3627 etia‘m
2820 3581 2934 3627 tum
2968 3573 3020 3628 in
3054 3574 3170 3629 loro
3213 3577 3487 3635 dabatur:

1922 3686 1940 3719 ι
1987 3666 2131 3721 unde
2175 3666 2244 3719 ab
2306 3666 2497 3721 eodem
2545 3666 2738 3721 Mamio
2773 3667 2915 3722 dicta
2969 3676 3095 3724 sunt
3140 3666 3425 3725 Maeniana.
3462 3688 3481 3721 ι

1918 3758 2150 3813 Festus:
2187 3777 2204 3809 ι
2234 3757 2500 3813 Maeniana
2541 3758 2766 3812 aedificia
2811 3775 2839 3812 a
2887 3759 3078 3815 Maenio
3126 3769 3253 3816 sunt
3299 3764 3488 3832 appel-

1926 3872 1943 3902 ι
1992 3852 2097 3905 lata
2141 3870 2155 3905 :
2203 3851 2254 3905 is
2304 3851 2449 3904 enim
2496 3850 2706 3919 primus
2744 3850 2879 3905 ultra
2929 3852 3210 3907 columnas
3247 3854 3492 3909 extendit

231 3942 458 3998 castello
487 3941 658 3995 Sesan
691 3961 701 3993 :
730 3942 819 4009 qui
853 3941 1207 3995 monasticam
1239 3942 1403 3996 vitam
1431 3942 1707 4012 ingressus
1751 3943 1804 3995 in
1841 3921 1883 3979 θ
1928 3962 1943 3993 ι
1995 3944 2137 4014 tigna
2161 3984 2175 4005 ,
2232 3958 2341 4012 quo
2388 3942 2780 4012 ampliarcntur
2831 3944 3131 4010 superiora.
3190 3960 3209 3995 ›
3257 3942 3491 3998 Clossa:

231 4037 542 4090 columnam
600 4036 881 4101 ascendit;
940 4035 993 4086 in
1046 4049 1152 4102 qua
1200 4033 1554 4103 quadraginta
1597 4042 1805 4102 septem

230 4145 409 4184 annos
441 4129 617 4190 stetit,
651 4137 706 4180 et
739 4127 926 4180 multis
963 4142 1060 4194 per
1092 4142 1216 4180 eum
1243 4126 1406 4180 editis
1447 4126 1721 4181 miraculis
1753 4127 1803 4179 in

234 4237 364 4292 pace
425 4219 648 4288 quievit.
695 4237 713 4269 ι
771 4218 972 4271 Eadem
1024 4218 1226 4271 habent
1271 4232 1336 4271 eo
1378 4217 1468 4271 die
1494 4216 1720 4279 Mentea,
1753 4227 1809 4271 et

231 4314 549 4368 Gut-corum
581 4310 945 4380 Antliologion
996 4325 1026 4362 a
1061 4308 1339 4363 Clemente
1368 4307 1479 4362 \‘lll
1535 4309 1807 4379 approba-

231 4416 362 4460 tum.
400 4404 834 4471 Christophorus
871 4401 1137 4455 Patricius
1171 4409 1227 4454 et
1278 4400 1571 4455 Proconsul
1604 4401 1809 4469 Mityle-

227 4514 380 4553 nrcus
441 4499 494 4550 in
545 4496 785 4564 epitome
824 4493 1330 4564 Menologiicodem
1387 4492 1476 4548 die
1528 4494 1806 4563 εΣυμεὼν

229 4590 577 4661 ἀνυμνείσθω
638 4604 728 4656 μοι
760 4581 931 4656 οὗπερ
963 4584 1153 4647 στῦλος
1174 4585 1235 4637 τὸ
1263 4583 1569 4655 γνώρισμα.
1595 4604 1615 4635 ι
1660 4586 1805 4640 Lau-

227 4684 385 4737 datur
416 4697 448 4736 a
504 4697 592 4735 me
633 4680 890 4751 Symeon,
946 4678 1104 4747 cujus
1161 4677 1371 4747 insigne
1398 4678 1672 4731 columna.
1713 4697 1732 4729 ι

297 4775 351 4828 3.
378 4772 709 4827 Franciscus
727 4769 1064 4839 Maurolycus
1081 4768 1135 4821 in
1152 4767 1527 4838 Martyrologio
1548 4769 1615 4821 ad
1632 4769 1665 4822 5
1683 4768 1803 4824 Jan.

229 4867 299 4923 ita
329 4869 402 4923 de
439 4882 505 4921 eo
537 4865 727 4920 scribit
759 4884 772 4919 :
809 4882 828 4916 ι
864 4863 1021 4933 Apud
1058 4861 1404 4916 Antiochiam
1437 4862 1493 4914 ὃ.
1525 4860 1810 4932 Symeonis

228 4960 440 5032 Stylita:
481 4958 821 5013 admirabilis
863 4972 1033 5010 :nam
1080 4956 1135 5011 in
1183 4965 1348 5025 puteo
1385 4956 1532 5010 sicco
1561 4956 1809 5025 pluribus

231 5054 417 5118 annis,
447 5052 499 5105 in
535 5050 789 5106 columna
824 5064 919 5120 per
944 5064 1118 5104 annos
1146 5049 1503 5119 quadraginta
1533 5058 1687 5104 stans
1714 5064 1810 5104 su-

231 5161 328 5216 per
369 5160 544 5200 unum
589 5144 781 5212 pedem
810 5143 964 5196 vixit.
1003 5140 1325 5195 Defunctum
1361 5143 1524 5196 etiam
1552 5157 1683 5197 aves
1711 5143 1810 5197 de-

232 5236 524 5292 llcverunt.
553 5255 571 5286 ι
612 5235 718 5289 Sed
757 5233 958 5287 fallitur
996 5232 1356 5304 Mauroiycus,
1383 5234 1526 5303 quod
1561 5234 1614 5287 in
1646 5243 1811 5304 puteo

233 5331 377 5386 sicco
406 5330 689 5384 existimet
718 5327 967 5397 pluribus
993 5325 1155 5380 annis
1185 5327 1409 5391 vixisse,
1445 5327 1536 5381 ubi
1565 5328 1814 5395 pauculis

233 5430 445 5477 tantum
463 5420 659 5474 diebus
684 5418 786 5472 fuit
811 5436 825 5472 :
845 5434 1025 5488 neque
1052 5417 1195 5487 quod
1222 5419 1417 5483 innuit,
1443 5419 1663 5473 assidue
1682 5421 1821 5490 pede

233 5527 342 5566 uno
383 5511 544 5565 nixus
574 5511 628 5564 in
662 5510 913 5563 columna
947 5509 1119 5572 stetit,
1152 5508 1246 5563 sed
1278 5524 1387 5562 uno
1416 5511 1593 5564 solum
1649 5527 1817 5565 anno.

234 5603 430 5658 Petrus
456 5602 803 5659 Galesinius:
840 5621 859 5652 ι
887 5602 1172 5655 Antiochea
1200 5601 1260 5657 S.
1296 5602 1585 5670 Symeouis
1617 5602 1821 5674 Stylitaa

234 5700 512 5761 monachi,
530 5697 623 5767 qui
651 5698 705 5751 in
737 5697 1046 5750 columnam
1072 5712 1257 5751 cavam
1281 5698 1438 5750 annis
1461 5698 1817 5766 quadraginta

554 5795 823 5852 ΡΛΤιιυι..
856 5794 969 5849 Gn.
1009 5793 1231 5853 CXIV.

1921 4056 1940 4088 ‹
1986 4035 2335 4100 Maenianum,
2385 4034 2646 4106 ἑξώστρα.
2686 4035 3265 4107 Μρηξαηιιε,ὲκοέτης.
3301 4053 3319 4086 ι
3364 4034 3493 4090 Ιιςεο

1915 4129 2273 4199 Rosweydus.
2330 4130 2531 4183 Eadem
2593 4128 2705 4183 fere
2737 4128 2901 4184 habet
2932 4128 3178 4183 Raderus
3241 4127 3491 4183 Viridarii

1918 4231 2070 4290 parte
2120 4237 2200 4285 in,
2260 4236 2381 4291 cap.
2421 4222 2475 4285 4,
2506 4222 2573 4275 de
2615 4220 2848 4292 Stylitis,
2891 4222 2981 4291 qui
3022 4223 3229 4276 addidit
3264 4238 3277 4274 :
3312 4239 3329 4272 ι
3360 4220 3497 4290 Στή-

1918 4313 1983 4384 λη
2014 4322 2149 4372 erat,
2176 4312 2395 4381 proprie
2423 4315 2612 4381 cippus
2643 4312 2980 4381 sepultorum
3008 4312 3231 4365 tumulis
3270 4311 3492 4380 imposi-

1918 4416 2028 4472 tus,
2069 4421 2194 4460 cum
2227 4405 2600 4475 inscriptione.
2669 4424 2687 4456 ι
2730 4404 2958 4474 Moxque
3007 4404 3221 4468 sobdit,
3269 4403 3493 4473 στήλαις

1919 4497 2231 4570 ignominiae
2278 4514 2439 4552 causa
2497 4498 2811 4552 nocentium
2848 4497 2987 4551 facta
3048 4495 3270 4551 inscribi
3309 4495 3490 4557 solita,

1918 4592 2196 4661 fuisseque
2247 4590 2644 4661 quodammodo
2683 4590 2892 4645 tabulas
2922 4605 3019 4645 seu
3069 4590 3347 4643 columnas
3377 4605 3496 4657 pro-

1917 4683 2299 4752 scriptionum.
2329 4682 2486 4738 Unde
2518 4682 2672 4750 λόγον
2693 4682 3118 4753 στηλιτευτικόν,
3142 4680 3493 4751 etepistolam

1918 4776 2335 4846 στηλιτευτικὴν
2352 4791 2449 4846 pro
2480 4776 2681 4845 scripto
2702 4775 2911 4828 famoso
2934 4773 3126 4841 accipi,
3155 4790 3263 4844 quo
3285 4775 3359 4827 rei
3388 4775 3496 4827 cri-

1918 4864 2064 4917 mina
2092 4865 2309 4934 publice
2346 4865 2569 4935 legenda
2600 4875 2997 4935 proponuntur.

1988 4957 2041 5010 5.
2075 4955 2150 5009 De
2183 4955 2353 5011 forma
2378 4956 2449 5009 ita
2471 4956 2691 5010 disserit
2719 4954 2861 5009 idem
2893 4954 3142 5009 Raderus
3172 4970 3187 5007 :
3228 4975 3245 5005 ι
3277 4954 3498 5009 Colum-

1918 5063 2137 5111 narum,
2192 5063 2330 5117 quas
2391 5064 2493 5118 ego
2524 5047 2780 5101 omnibus
2807 5045 3025 5118 Egypti
3057 5046 3376 5116 prodigiosis
3402 5063 3497 5115 py-

1918 5140 2241 5205 ramidibus,
2290 5140 2579 5194 elaboratis
2630 5149 2685 5193 et
2742 5139 2902 5208 pictis
2930 5138 3211 5202 obeliscis,
3243 5138 3493 5202 colossis,

1919 5231 2299 5301 columnisque
2327 5231 2568 5301 Trajani,
2605 5241 2826 5301 propter
2861 5231 2973 5302 ipsa
3008 5247 3126 5299 quae
3162 5246 3326 5300 supra
3380 5231 3497 5285 illas

1921 5325 2200 5397 fulgebant
2230 5325 2405 5379 sidera
2436 5335 2709 5392 antepono
2729 5366 2742 5389 ,
2800 5323 2974 5377 forma
3002 5321 3117 5377 fere
3141 5322 3265 5389 fuit,
3309 5333 3367 5375 ut
3412 5338 3498 5373 nr-

1922 5421 2113 5485 bitror,
2147 5420 2400 5484 rotunda,
2434 5417 2663 5471 altitudo
2719 5416 2885 5469 varia.
2924 5416 3129 5470 Auctor
3157 5418 3303 5469 enim
3337 5413 3497 5484 Styli-

1924 5522 2097 5568 tarum
2148 5513 2383 5582 Symeon
2441 5512 2673 5579 primum
2727 5508 3068 5565 columellam
3104 5509 3350 5561 ascendit
3388 5521 3499 5559 non

1920 5606 2024 5658 nisi
2074 5620 2264 5659 senum
2325 5606 2632 5659 cubitorum
2671 5604 2805 5673 (sive
2846 5618 3040 5657 novem
3100 5604 3322 5674 pedum)
3372 5614 3494 5653 mox

1924 5697 2253 5750 duodenum.
2285 5708 2467 5763 postea
2499 5698 2746 5749 vicenum
2780 5697 2966 5759 duum,
3007 5704 3285 5764 postremo
3334 5692 3497 5747 trice-

3115 5789 3175 5845 ll
