3868 6480
402 320 503 385 331

1602 323 1886 384 MENSIS
1920 325 2378 391 JANUARIUS.

3542 314 3652 382 3:32

402 446 534 487 num
574 446 788 497 senum,
838 430 971 497 sive,
1010 439 1065 485 ut
1103 429 1445 501 Nicephorus
1471 441 1523 486 et
1575 433 1663 486 alii
1732 433 1971 498 tradunt,
2004 443 2049 497 Α
2082 437 2243 492 habet
2292 434 2633 505 Nicephorus
2683 433 2825 489 libro
2866 448 2979 498 xtv,
3010 448 3129 502 cap.
3163 431 3250 494 51,
3286 430 3338 483 in
3367 444 3474 500 quo
3496 444 3650 482 error

404 525 829 597 quadragenum.
867 522 1072 579 Modius
1103 538 1197 577 seu
1228 524 1360 577 cella
1392 525 1503 579 sive
1526 526 1859 581 domicilium
1884 544 1977 581 co-

406 620 609 675 lumnis
646 617 981 688 impositum,
1022 616 1076 669 in
1099 630 1206 685 quo
1244 615 1634 679 consistebant,
1673 617 1725 670 in
1758 632 1973 671 onmem

403 721 614 782 partem
645 711 802 766 binos
825 708 1039 764 cubitos
1083 723 1178 762 seu
1227 717 1338 762 tres
1360 708 1525 778 pedes
1558 709 1794 778 patebat,
1830 718 1975 764 tecto

403 806 573 869 nullo,
627 814 685 858 ut
717 803 887 857 libere
939 802 1135 856 ccelum
1166 815 1328 856 omne
1355 803 1879 872 contemplarentur,
1922 811 1976 856 et

402 897 658 952 onmibus
689 896 905 965 injuriis
958 893 1082 948 οωιί
1136 893 1366 963 expositi
1396 895 1654 962 majorem
1711 895 1977 949 haberent

404 989 703 1044 tolerantia:
756 996 994 1057 segetem
1045 995 1099 1040 et
1153 999 1407 1040 messem.
1463 985 1667 1041 Januas
1705 988 1977 1042 habebant

404 1079 669 1142 nonnulli,
700 1078 878 1132 nullas
927 1076 1039 1140 alii,
1067 1076 1210 1145 quod
1239 1076 1578 1146 tempestatis
1600 1077 1853 1131 violentia
1884 1094 1978 1146 pa-

403 1174 555 1226 rietis
581 1180 787 1241 partem
817 1168 1142 1239 disjecisset.
1172 1165 1341 1221 Scalae
1367 1168 1818 1235 admovebantur,
1851 1183 1975 1222 cum

404 1264 490 1319 vel
519 1264 607 1318 alii
640 1249 706 1317 ad
737 1262 861 1316 illos
884 1260 1258 1324 enitebantur,
1301 1258 1382 1312 vel
1408 1259 1480 1311 illi
1517 1259 1582 1314 ad
1615 1260 1749 1313 alios
1771 1275 1829 1314 se
1876 1260 1974 1314 de-

405 1358 708 1420 mitterent,
729 1353 872 1423 quod
889 1352 1107 1423 quidem
1135 1352 1216 1405 vel
1237 1366 1536 1420 nunquam,
1562 1352 1647 1406 vel
1668 1350 1733 1405 ad
1766 1367 1975 1406 summa

404 1448 640 1519 lleipuh.
713 1446 949 1517 pericula
1028 1444 1273 1497 devocati
1334 1443 1670 1498 laetitibant.
1733 1444 1977 1497 Statione

405 1557 570 1612 porro
598 1546 797 1593 aeterna
840 1551 898 1590 se
926 1534 1244 1589 cruciabam.
1282 1551 1294 1585 :
1343 1549 1444 1587 nec
1474 1535 1616 1588 enim
1654 1534 1867 1604 jacendi
1894 1537 1976 1588 νει

407 1628 765 1689 tlecumbendi
799 1627 1032 1698 spatium
1082 1636 1199 1681 erat
1222 1645 1234 1680 :
1260 1635 1514 1696 poterant
1544 1636 1719 1679 tamen
1750 1626 1975 1691 sedere;

405 1726 613 1781 sedisse
651 1735 780 1777 vero
827 1733 1092 1788 nusquam
1150 1718 1291 1787 lego.
1324 1732 1601 1786 nunquam
1642 1727 1793 1785 puto.
1842 1717 1975 1770 Nam

407 1817 614 1888 primus
658 1810 1017 1881 quadraginta
1061 1808 1253 1862 diebus
1296 1808 1528 1877 Sytneou
1582 1808 1646 1861 ad
1679 1809 1884 1861 trabem
1920 1826 1977 1862 se
2011 1791 2051 1846 Β

405 1906 608 1978 alligari
645 1904 877 1968 curavit,
921 1901 1216 1970 alterisque
1274 1900 1630 1970 quadraginta
1663 1916 1787 1953 mox
1845 1901 1979 1954 liber

404 2002 607 2070 absque
634 1994 967 2051 adminiculo
994 1992 1349 2056 consistebat,
1401 1994 1581 2045 medio
1614 2009 1842 2061 corpore
1891 2011 1980 2046 su-

404 2106 573 2163 perne
608 2090 755 2144 velut
805 2086 1165 2142 Ecclesiastes
1196 2087 1250 2139 in
1279 2086 1511 2139 amboue
1564 2087 1828 2139 exstabat.
1867 2085 1977 2139 Etsi

406 2188 471 2239 de
502 2183 757 2238 omnibus
797 2196 907 2235 non
939 2178 1271 2235 allirmarim.
1334 2199 1351 2229 ι
1394 2176 1669 2232 llactcnus
1717 2178 1975 2232 Itaderus.

406 2276 483 2330 De
513 2273 767 2329 domicilii
796 2288 959 2343 supra
983 2273 1293 2326 columnam
1333 2270 1651 2325 exmdiiicati
1700 2286 1975 2336 mensura,

405 2366 550 2421 idem
611 2373 841 2418 testatur
880 2362 1143 2433 Evagrius
1208 2361 1300 2416 lib.
1337 2378 1376 2424 ι.
1418 2376 1535 2429 cap.
1586 2360 1671 2423 15,
1710 2360 1796 2412 vix
1843 2359 1980 2414 duo-

408 2475 526 2514 rum
584 2458 752 2514 fuisse
813 2456 1148 2522 cubitorum,
1204 2463 1259 2510 et
1315 2452 1657 2523 Nicephorus
1720 2452 1814 2508 lib.
1867 2468 1978 2519 xiv,

406 2567 520 2623 cap.
556 2552 646 2608 5i.

648 2695 677 2769 ς
702 2696 792 2752 Ill.
833 2694 1017 2751 Sancti
1047 2692 1319 2765 Symeonis
1350 2692 1557 2763 Stylitc
1582 2702 1733 2747 tetas.

474 2825 528 2881 6.
561 2825 633 2881 De
662 2823 834 2881 sancti
906 2819 1190 2894 Symeonis
1217 2819 1507 2876 tetateha’c
1541 2820 1702 2875 tradit
1731 2819 1983 2892 Roswey-

403 2920 506 2976 dus
531 2927 743 2973 noster
793 2917 847 2970 in
908 2914 1197 2970 Notatione
1237 2914 1306 2968 ad
1340 2914 1460 2983 ejus
1502 2914 1665 2966 vitam
1725 2912 1819 2968 lib.
1857 2930 1871 2967 ι
1907 2912 1981 2967 De

402 3009 541 3065 Vitis
578 3006 681 3063 PP.
722 3026 741 3060 ι
781 3005 856 3062 De
879 3015 1126 3076 tempore
1174 3019 1283 3075 quo
1325 3004 1479 3070 vixit,
1508 3019 1575 3059 ex
1612 3004 1976 3072 Thcodoreto,

2078 533 2129 585 in
2159 546 2446 584 numerum
2499 529 2733 597 irrepsit.
2793 526 2926 580 Nam
2964 541 3061 596 pro
3096 523 3483 591 undetriginta,
3511 519 3651 573 scri-

2076 624 2312 677 bendum
2346 621 2586 691 triginta.
2624 622 2754 686 Qua:
2781 619 2989 689 putatio
3021 617 3065 671 si
3092 632 3219 670 vera
3270 626 3372 673 est.
3416 629 3527 667 non
3558 628 3652 678 po-

2077 717 2179 771 tuit
2213 715 2524 785 pervenisse
2561 714 2627 768 ad
2675 712 3034 768 centesimum
3062 726 3288 764 annum.
3318 706 3530 774 Alioqui
3561 719 3654 758 ne-

2075 822 2229 861 cesse
2252 815 2395 861 esset
2433 821 2679 860 asserere
2706 819 2856 866 eum,
2908 818 3032 857 cum
3069 816 3189 855 xuv
3216 809 3331 854 erat
3357 811 3652 856 annorum,

2077 899 2313 968 primum
2354 897 2657 974 ingressum
2691 910 2812 949 esse
2848 891 3236 947 monasterium
3284 906 3298 943 :
3359 886 3504 956 quod
3542 900 3651 939 non

2076 985 2306 1055 quadrat
2336 999 2461 1038 cum
2492 983 2613 1038 Vita
2643 982 2732 1037 hic
2785 983 2854 1037 ab
2882 980 3120 1034 Antonio
3146 978 3369 1047 scripta,
3400 976 3496 1046 qui
3527 990 3653 1029 eum

2077 1075 2260 1130 statim
2285 1075 2354 1129 ab
2383 1075 2750 1130 adolescentia
2780 1076 3083 1143 ingressum
3113 1086 3233 1126 esse
3261 1068 3654 1124 monasterium

2077 1169 2286 1223 scribit.

2149 1259 2202 1314 8.
2252 1280 2269 1312 ι
2310 1258 2387 1314 Ex
2438 1273 2547 1328 quo
2591 1258 2705 1312 ha'c
2758 1253 2889 1311 Vitae
2921 1270 3131 1309 summa
3180 1252 3449 1323 colligitur
3483 1268 3498 1308 :
3529 1264 3655 1304 cum

2077 1361 2196 1406 erat
2214 1351 2474 1406 tredecim
2501 1365 2792 1411 annorum,
2823 1347 3079 1418 pascebat
3105 1360 3254 1400 oves.
3288 1344 3417 1398 Inde
3441 1344 3658 1397 videtur

2079 1443 2362 1514 ingressus
2394 1442 2809 1503 monasterium,
2857 1439 2949 1494 ubi
2976 1440 3109 1492 vixit
3134 1451 3280 1491 anno
3305 1452 3344 1500 ι,
3405 1435 3533 1490 inde
3593 1450 3656 1487 ιιι

2079 1536 2239 1589 annis
2266 1536 2319 1589 in
2374 1536 2624 1589 clausura
2652 1552 2665 1586 :
2698 1542 2820 1602 post
2855 1549 2907 1586 tv
2935 1532 3094 1586 annis
3134 1530 3188 1583 in
3213 1529 3463 1583 colunma
3495 1527 3658 1582 cubi-

2081 1638 2261 1682 torum
2299 1642 2389 1694 tv;
2420 1627 2616 1681 iterum
2648 1641 2725 1679 ait
2761 1624 2923 1678 annis
2953 1624 3008 1676 in
3037 1622 3289 1677 columna
3348 1623 3657 1675 cubitorum

2084 1736 2185 1783 xtl,
2216 1735 2408 1774 rursus
2436 1735 2516 1773 xit
2539 1717 2699 1772 annis
2722 1718 2775 1771 in
2803 1717 3053 1771 columna
3073 1713 3381 1769 cubitorum
3408 1728 3497 1774 xx.
3536 1720 3663 1781 post

2083 1830 2134 1866 tv
2164 1828 2337 1865 annos
2390 1811 2448 1865 in
2501 1803 2755 1865 coluinna
2812 1808 3121 1862 cubitorum
3158 1821 3291 1868 xxx;
3321 1805 3540 1859 demum
3569 1817 3661 1857 xvt

2082 1919 2255 1958 annos
2278 1904 2332 1956 in
2363 1902 2616 1957 columna
2643 1901 2952 1956 cubitorum
2987 1916 3072 1953 η.
3121 1898 3299 1966 Atque
3348 1897 3422 1950 ita
3449 1894 3663 1950 exerci-

2084 1995 2303 2050 tationis
2326 1994 2454 2047 anni
2478 2010 2629 2048 exsut
2645 2000 2781 2064 gunt
2802 2008 2896 2057 LII,
2926 1990 3069 2045 haud
3090 1989 3320 2044 multum
3337 1986 3664 2042 diﬂ‘erentes

2082 2102 2110 2140 a
2139 2102 2370 2140 numero
2399 2086 2635 2156 Evagrii.

2152 2178 2205 2233 9.
2247 2196 2265 2228 ι
2323 2177 2482 2247 Apud
2516 2176 2920 2231 'l‘beodoretum
2968 2174 3218 2237 habetur,
3245 2170 3389 2243 quod
3424 2187 3460 2226 ιι
3485 2184 3665 2224 annos

2082 2271 2285 2324 mansit
2315 2269 2367 2323 in
2398 2270 2578 2340 primo
2606 2268 2974 2323 monasterio:
3001 2284 3032 2322 x
3057 2268 3216 2321 annis
3243 2267 3298 2320 in
3327 2263 3666 2319 monasterio

2082 2363 2363 2419 Heliodori
2419 2382 2431 2417 :
2477 2380 2532 2418 ιιι
2590 2379 2764 2418 annos
2817 2364 2872 2417 in
2927 2364 3052 2418 vico
3083 2361 3376 2414 Telanesso
3427 2376 3441 2412 :
3494 2362 3664 2412 xxv'ttt

2082 2457 2243 2512 annis
2277 2458 2328 2510 in
2363 2457 2638 2519 columna,
2664 2458 2717 2510 in
2758 2457 2811 2511 id
2851 2465 3088 2525 tempus,
3140 2469 3248 2525 quo
3280 2451 3666 2507 Theodoretus

2081 2551 2203 2621 ejus
2256 2549 2428 2603 \‘itam
2489 2550 2728 2619 scripsit.
2782 2548 2881 2603 llic
2930 2556 3140 2602 tantmn
3205 2546 3477 2600 habentur
3533 2543 3669 2599 anni

2081 2661 2214 2698 xun
2270 2642 2676 2698 exercitationis
2728 2658 2742 2694 :
2798 2639 2894 2694 sed
2925 2653 2995 2694 eo
3016 2646 3264 2707 tempore
3301 2636 3481 2691 adhuc
3524 2635 3670 2688 vive-

2081 2737 2194 2792 bat.

2154 2829 2240 2881 lO.
2284 2847 2303 2879 ι
2343 2826 2625 2883 Cedrenus
2654 2827 2707 2880 in
2743 2823 3081 2893 Comwndio
3132 2822 3372 2877 historia:
3427 2821 3525 2886 ait,
3570 2836 3665 2875 an.

2084 2938 2188 2977 xxv
2211 2921 2504 2976 Theodosii
2527 2920 2761 2991 junioris
2780 2934 2904 2973 eum
2921 2918 3226 2972 columnam
3248 2904 3596 2978 ascendisse;
3615 2921 3673 2971 et

2083 3030 2174 3068 an.
2241 3031 2288 3069 tv
2345 3014 2544 3068 Leonis
2604 3013 2711 3067 vita
2763 3014 3035 3066 tunctum.
3074 3010 3148 3063 Ex
3206 3024 3316 3079 quo
3369 3008 3671 3063 intervallo

406 3100 579 3171 inquit
602 3098 887 3162 Baronius,
915 3098 1035 3168 ejus
1061 3096 1358 3167 primordia
1375 3096 1552 3167 colligi
1581 3108 1825 3167 possunt,
1851 3096 1978 3153 dum

2089 3108 2233 3177 juxta
2291 3115 2608 3176 computum
2668 3104 2959 3159 Annalium
3017 3102 3234 3157 Baronii
3299 3100 3672 3156 coniiciuntur

405 3194 481 3247 ait
509 3192 817 3247 columnam
864 3189 973 3261 jam
1022 3187 1314 3243 incoluisse
1379 3190 1719 3259 temporibus
1775 3188 1976 3244 Mclctii

406 3283 645 3354 episcopi
677 3282 1025 3346 Antiocheni,
1057 3282 1152 3352 qui
1211 3282 1312 3337 sub
1343 3280 1569 3337 Valente
1624 3283 1756 3353 imp.
1819 3284 1975 3349 vixit,

404 3373 676 3444 desiitque
706 3373 775 3428 ab
809 3372 1064 3427 humanis
1098 3386 1164 3427 eo
1220 3387 1365 3426 anno
1418 3387 1529 3442 quo
1586 3372 1855 3427 celebrata
1898 3380 1981 3427 est

405 3483 596 3540 magna
653 3467 890 3539 synodus
944 3464 1545 3536 Constantinopolitana
1575 3504 1590 3528 ,
1662 3464 1873 3535 Siagrio
1928 3475 1985 3521 et

315 3576 319 3581 '
403 3559 676 3615 Euchario
694 3575 860 3625 coss.,
885 3561 977 3630 qui
1004 3568 1512 3614 numeraturannus
1540 3573 1571 3611 a
1595 3556 1985 3627 Christojuxta

404 3653 648 3708 veriores
674 3651 1117 3723 chronographos
1154 3650 1279 3706 581.
1329 3648 1641 3719 Supervixit
1669 3659 1850 3703 autem
1882 3649 1985 3718 Sy-

406 3759 588 3807 meon,
620 3753 679 3797 ut
713 3744 789 3798 ait
821 3741 1105 3799 Cedrenus
1126 3780 1142 3806 ,
1174 3755 1346 3810 usque
1379 3741 1447 3796 ad
1473 3756 1676 3794 annum
1707 3742 1739 3795 4
1789 3740 1985 3794 Leonis

407 3838 585 3907 Magni
614 3837 769 3906 imp.,
801 3836 945 3906 quod
974 3834 1137 3891 etiam
1168 3833 1436 3903 colligitur
1468 3847 1533 3886 ex
1573 3834 1722 3888 Actis
1752 3833 1986 3887 Danielis

407 3927 634 4000 Stylittr.
668 3927 760 3982 Est
794 3942 972 3982 annus
1030 3926 1076 3979 is
1104 3943 1130 3977 a
1170 3924 1388 3980 Christo
1445 3923 1572 3985 460,
1628 3940 1731 3991 qua
1776 3923 1987 3979 ratione

399 4025 513 4090 jam
540 4020 858 4077 centenario
884 4020 1060 4090 major
1084 4016 1797 4087 obdormissedignoscitur.
1826 4015 1989 4086 Apud

403 4113 780 4184 Nicephorum
846 4113 902 4167 in
960 4110 1204 4181 margine
1262 4109 1376 4164 edit
1431 4109 1602 4165 Paris.
1665 4124 1797 4163 ann.
1852 4109 1991 4165 1574

407 4205 641 4261 habetur
676 4204 870 4260 vixisse
925 4202 1251 4274 Symeonem
1317 4202 1416 4257 105
1446 4216 1621 4256 annos
1675 4219 1688 4255 :
1725 4203 1820 4258 sed
1851 4202 1988 4256 nihil

406 4300 514 4354 tale
542 4300 594 4353 in
625 4307 796 4353 textu.

479 4391 530 4445 7.
578 4410 596 4444 ι
632 4390 896 4462 Evagrius
921 4402 1188 4444 summam
1225 4385 1359 4441 Vitae
1389 4386 1508 4457 ejus
1532 4400 1723 4443 severe
1754 4392 1889 4441 acta:
1914 4386 1988 4440 ita

2081 3207 2291 3254 tantum
2320 3200 2449 3251 anni
2482 3196 2572 3252 28.
2612 3215 2630 3248 ι

2152 3290 2239 3343 Η.
2312 3288 2587 3343 Hactenus
2638 3286 2993 3358 llosweydus.
3044 3284 3269 3355 Singula
3301 3282 3670 3353 expendenda

2080 3391 2232 3437 sunt.
2267 3381 2344 3435 De
2376 3380 2615 3446 Meletio,
2663 3380 2915 3450 quicum
2968 3387 3156 3433 sancto
3214 3375 3487 3449 Symeone
3535 3375 3669 3442 egit.

2083 3475 2297 3544 accepit
2331 3472 2595 3528 Baronius
2634 3488 2699 3526 ex
2733 3471 3081 3525 Thcodoreto
3112 3486 3231 3539 cap.
3264 3468 3333 3522 εδ
3393 3467 3673 3523 Philuthei

2084 3568 2158 3621 ita
2185 3567 2460 3621 scribente
2491 3583 2505 3620 τ
2541 3584 2559 3617 ι
2599 3565 2894 3635 Postquam
2951 3572 3133 3619 autem
3165 3562 3416 3617 Melctins
3448 3562 3535 3616 ille
3571 3561 3673 3616 ad-

2084 3657 2375 3724 mirabilis,
2409 3658 2497 3713 cui
2528 3667 2659 3712 tunc
2684 3657 2939 3711 mandata
2985 3665 3106 3709 erat
3143 3669 3276 3708 cura
3320 3656 3674 3724 episcopatus

2087 3750 2328 3821 regionis
2357 3750 2712 3805 Antiochenm
2758 3748 3014 3811 civitatis,
3050 3747 3133 3801 vir
3185 3746 3437 3802 cordatus
3457 3755 3511 3799 et
3543 3761 3674 3815 pru-

2086 3841 2272 3896 dentia
2304 3841 2505 3906 clarus,
2545 3848 2602 3893 et
2644 3838 2845 3909 ingenii
2904 3837 3127 3892 solertia
3167 3846 3417 3901 ornatus,
3481 3854 3500 3888 ι
3559 3846 3671 3892 etc.

2087 3931 2165 3987 lta
2193 3932 2357 3987 vertit
2386 3930 2690 3986 Gentianus
2723 3931 3009 3985 llervelus.
3053 3929 3151 3982 Ast
3183 3929 3466 3985 Albericus
3526 3930 3676 3984 Len-

2089 4040 2189 4095 gus
2214 4022 2528 4077 Salentinus
2555 4038 2566 4074 :
2606 4038 2624 4072 ι
2657 4020 2791 4075 Cum
2820 4035 2948 4074 vero
2976 4017 3246 4082 Meletius,
3275 4017 3365 4086 qui
3396 4027 3524 4071 tunc
3555 4017 3674 4069 An-

2090 4114 2359 4169 tiochcuat
2392 4111 2599 4183 regioni
2622 4111 2914 4181 praefectus
2943 4119 3079 4164 erat.
3113 4127 3129 4160 ι
3163 4107 3373 4174 Quibus
3399 4122 3465 4161 ex
3491 4106 3675 4161 verbis

2091 4221 2202 4260 non
2229 4204 2436 4274 liquido
2498 4212 2718 4258 constat
2769 4202 3071 4257 Meletium'
3113 4202 3265 4257 illum
3310 4201 3674 4257 Antiochena:

2092 4297 2239 4352 sedis
2267 4296 2628 4363 patriarcham
2666 4295 2857 4359 fuisse,
2893 4295 3019 4349 licet
3049 4294 3101 4349 id
3143 4295 3289 4350 clare
3325 4303 3535 4349 asserat
3564 4295 3677 4348 Me-

2094 4390 2422 4460 taphrastes.
2483 4388 2540 4443 Si
2568 4389 2680 4459 jam
2729 4386 2856 4441 inde
2886 4402 2915 4439 a
2945 4385 3118 4458 Magni
3150 4385 3347 4441 Meletii
3380 4386 3560 4457 (cujus
3587 4388 3672 4439 vi-

405 4482 605 4555 colligit
631 4482 721 4538 lib.
763 4497 802 4548 I,
836 4496 957 4552 cap.
990 4481 1056 4536 15
1110 4499 1125 4535 :
1160 4480 1410 4552 Διέτριψε
1462 4480 1641 4535 τοίνυν
1703 4480 1762 4532 ὲν
1817 4477 1980 4550 σαρκὶ

2095 4490 2205 4535 tam
2246 4480 2312 4533 12
2352 4478 2627 4533 Februarii
2672 4477 2949 4547 dabimus)
2985 4487 3260 4548 tempore,
3314 4478 3368 4532 in
3415 4479 3669 4535 columna

403 4574 552 4627 τόνδε
608 4574 699 4628 τὸν
757 4574 893 4644 βίον,
924 4572 1223 4627 διαϐλέυων
1261 4571 1356 4642 ἐτη
1392 4572 1451 4640 ἐξ
1506 4572 1600 4627 καὶ
1629 4573 1985 4642 πεντήκοντα.

401 4664 494 4717 Ἐν
522 4664 624 4735 μὲν
656 4664 733 4735 τῷ
759 4664 963 4738 πρώτῳ
987 4665 1413 4737 φροντιστηριῳ,
1438 4664 1565 4718 ἔνθα
1596 4664 1663 4718 τὰ
1699 4664 1818 4717 θεῖα
1850 4680 1987 4716 κατ-

402 4757 604 4828 math],
663 4757 758 4828 ἔτη
807 4759 982 4811 ὲννέα·
1027 4760 1084 4810 ὲν
1122 4757 1178 4811 δὲ
1211 4758 1351 4829 αὐτῇ
1387 4756 1698 4829 καλουμένῃ
1737 4756 1985 4827 Μάνδρᾳ,

407 4847 549 4901 επτὰ
590 4849 683 4902 καὶ
729 4850 1161 4920 τεσσαράκονταο
1192 4850 1249 4902 ἕν
1284 4865 1392 4900 τινι
1425 4848 1522 4917 μὲν
1556 4847 1815 4916 στενωπῴ
1841 4846 1986 4898 ἔτεσι

403 4938 536 4995 οὲκα
568 4940 658 4995 τὸν
688 4941 875 5008 ἀγῶνα
900 4939 1158 5004 διανύσας
1185 4955 1199 4969 ⁶
1238 4942 1295 4994 ὲν
1329 4939 1384 4993 δὲ
1438 4938 1581 4991 κίοσι
1627 4936 1986 5007 βραχυτέροις

405 5029 567 5098 ἑπτὰ,
601 5031 697 5085 καὶ
719 5031 814 5105 ἐπὶ
846 5030 1446 5102 τεσσαρακονταπήχει,
1512 5027 1606 5097 ἔτη
1652 5025 1941 5096 τριάκοντα
1968 5043 1982 5078 :

410 5142 426 5173 ι
488 5122 595 5179 Iste
651 5122 949 5195 Symeones
1004 5124 1108 5177 hoc
1173 5135 1425 5176 severum
1474 5117 1689 5171 vivendi
1721 5131 1892 5190 genus
1926 5116 1981 5170 in

409 5232 428 5264 ι
474 5227 637 5267 carne
667 5213 983 5275 traducens,
1018 5212 1184 5265 vitam
1232 5209 1298 5265 ad
1346 5207 1415 5265 56
1445 5222 1623 5261 annos
1644 5206 1979 5277 propagavit.

408 5322 428 5355 ι
473 5304 609 5360 Nam
637 5305 692 5359 in
742 5304 1102 5368 monasterio,
1132 5304 1189 5358 in
1236 5317 1343 5370 quo
1392 5300 1623 5367 primum
1662 5300 1875 5354 divinas
1897 5300 1981 5354 vi-

408 5415 427 5448 ι
477 5397 640 5452 vendi
685 5396 1087 5469 praeceptiones
1146 5393 1355 5458 didicit,
1384 5406 1556 5446 annos
1613 5390 1746 5445 vixit
1794 5407 1870 5445 ix.
1922 5390 1981 5444 In

406 5510 426 5543 ι
473 5490 696 5547 Mandra
716 5500 923 5557 autem,
954 5490 1032 5545 sic
1055 5487 1203 5543 enim
1230 5496 1474 5549 vocatur,
1500 5501 1665 5549 van,
1695 5494 1857 5552 atque
1878 5484 1980 5539 ho-

406 5600 424 5631 ι
471 5598 591 5637 rum
614 5597 885 5637 annorum
929 5598 963 5635 x
1009 5580 1066 5633 in
1110 5578 1231 5633 loco
1269 5576 1559 5631 admodum
1589 5583 1817 5645 angusto
1846 5592 1982 5628 con-

409 5693 428 5726 ι
473 5675 604 5731 fecit
632 5692 647 5729 :
678 5676 735 5730 in
771 5672 1044 5730 columnis
1098 5668 1461 5731 brevioribus.
1516 5684 1612 5730 vn,
1639 5667 1878 5735 denique
1928 5668 1980 5721 in

409 5789 429 5820 ι
473 5767 724 5823 columna
771 5764 1127 5838 quadraginta
1180 5761 1509 5827 cubitorum,
1550 5776 1676 5814 xxx.
1717 5776 1734 5810 ι
1778 5756 1978 5815 Eadem

2098 4573 2340 4627 stetisset
2389 4571 2646 4641 Symcon,
2695 4573 2970 4640 quomodo
3023 4587 3134 4625 non
3179 4573 3299 4640 ejus
3344 4572 3557 4642 uspiam
3587 4574 3672 4627 vel

2097 4678 2321 4719 sanctus
2348 4663 2589 4718 Joannes
2645 4663 3086 4734 Chrysostomus,
3139 4664 3224 4718 vel
3257 4664 3401 4719 illius
3431 4664 3674 4734 mquales

2096 4757 2340 4812 historici
2369 4757 2788 4811 meminissent?
2830 4757 3080 4812 Arbitror
3128 4758 3294 4828 igitur
3326 4758 3472 4812 hunc
3507 4756 3672 4812 Mele-

2095 4852 2230 4905 tium
2265 4866 2293 4905 a
2324 4849 2667 4905 Theodorcto
2707 4851 3011 4914 laudatum,
3063 4852 3292 4905 alterius
3324 4852 3494 4906 fuisse
3526 4852 3673 4906 sedis

2074 4925 2436 5009 ‘episcOpum,
2501 4939 2557 4993 in
2614 4942 2837 5011 regione
2894 4941 3257 4997 Antiochena.
3304 4940 3438 4995 Nam
3473 4951 3675 5011 prteter

2091 5031 2370 5087 Meletium
2429 5032 2582 5087 illum
2639 5032 2972 5089 Theodoreti
3001 5035 3262 5105 collegam
3304 5035 3362 5089 in
3414 5034 3673 5089 concilia-

2091 5124 2219 5179 bulo
2237 5132 2431 5179 contra
2461 5134 2707 5179 sanctum
2731 5124 3014 5196 Cyrillum,
3036 5125 3394 5195 quifortassis
3417 5139 3446 5179 a
3470 5124 3675 5180 minori

2090 5216 2266 5285 aliqua
2301 5215 2430 5270 sede
2452 5215 2554 5270 sub
2607 5216 2950 5271 Antiocheno
2984 5216 3295 5287 patriarcha
3330 5216 3398 5270 ad
3447 5215 3676 5270 Neocw-

2088 5324 2404 5363 sarecnscm
2468 5308 2575 5363 fuit
2629 5309 2950 5374 translatus,
2997 5308 3136 5361 alius
3167 5322 3310 5377 saepe
3340 5317 3677 5362 memoratur

2087 5399 2144 5453 in
2175 5400 2385 5470 synodo
2409 5398 2843 5453 Chalcedonensi
2891 5396 3142 5451 Meletius
3181 5397 3410 5451 Larissae
3457 5398 3675 5466 cpisco-

2088 5507 2213 5560 pus,
2243 5492 2336 5561 qui
2370 5492 2426 5545 in
2480 5507 2544 5546 ea
2592 5491 2801 5562 synodo
2837 5490 2987 5543 vices
3020 5490 3156 5544 obiit
3193 5490 3557 5560 metropolitae
3588 5508 3673 5559 sui

2092 5582 2282 5636 Domni
2335 5582 2591 5652 Apameae
2635 5582 2807 5654 Syriae
2842 5598 2879 5636 ιι
2908 5581 3181 5651 episc0pi.
3219 5582 3314 5635 Est
3350 5590 3533 5636 autem
3564 5582 3674 5636 La-

2089 5672 2228 5725 rissa
2278 5672 2410 5726 urbs
2441 5672 2781 5738 Cassiotidis,
2814 5670 2931 5743 qua
2965 5673 3021 5726 in
3071 5673 3350 5742 provincia
3393 5681 3449 5727 et
3477 5674 3675 5729 Antio-

2084 5764 2205 5819 chia
2230 5779 2441 5833 quoque
2463 5773 2563 5822 est.
2592 5764 2919 5837 Quanquam
2938 5766 2982 5821 si
3008 5765 3098 5821 hic
3124 5765 3371 5823 Meletius
3397 5767 3521 5832 fuit,
3552 5782 3675 5822 non
