3868 6472
250 300 356 362 333
1079 305 1253 367 VlTA
1301 307 1362 367 S.
1398 303 1774 367 SYMEONIS
1807 294 2159 363 STYLIT.E.
2200 328 2257 339 -
2284 302 2672 364 ΡΗΟΕΕΜΙΑ.
3408 300 3517 368 334

246 415 470 471 videtur
496 426 612 471 tum
677 417 906 475 Larissae
931 420 1110 477 adhuc
1140 423 1433 494 episcopus
1490 421 1680 484 fuisse,
1711 435 1835 475 cum
1865 426 1912 482 Α
1945 419 1996 472 in
2034 427 2266 489 quatuor
2294 411 2492 490 pedum
2522 419 2775 474 columna
2804 417 2859 485 Δ,
2895 418 2951 472 in
2978 416 3264 474 duodecim
3298 418 3517 475 cubito-

248 508 469 562 eon'cilii
505 508 767 578 Ephesini
811 522 1075 580 tempore,
1102 529 1250 567 anno
1275 513 1375 567 451
1413 513 1702 582 episcopus
1729 504 1835 565 La-

253 600 413 654 rissa:
469 610 618 655 esset
672 601 944 669 Julianus,
994 606 1086 675 qui
1138 605 1313 659 eidem
1364 604 1836 660 sehismaticorum

251 691 620 746 conciliabulo
668 694 1016 765 subscripsit.
1047 694 1171 749 Fuit
1206 694 1451 750 fortassis
1481 693 1836 763 chorepisco-

255 798 362 851 pus
391 784 717 851 patriarchae
765 786 1091 841 Antiochcni
1122 806 1134 841 :
1179 803 1304 841 nam
1333 798 1387 842 et
1417 786 1680 857 quosdam
1710 784 1842 854 legi-

253 891 376 928 mus
395 876 627 930 concilio
656 875 1094 932 Chalcedonensi
1142 895 1241 949 per
1260 878 1686 948 ehorepiseopos
1710 877 1841 930 sub-

254 967 566 1035 scripsisse.
618 966 774 1033 Quod
843 985 1045 1024 munus
1094 980 1237 1025 esset
1293 969 1839 1039 chorepiscoporum,

253 1058 481 1126 exponit
512 1060 802 1113 concilium
851 1061 1276 1125 Antiochcnum,
1306 1078 1453 1117 anno
1480 1061 1680 1116 Christi
1712 1058 1839 1125 3H,

252 1147 573 1203 Marcellino
621 1146 677 1204 e't
729 1151 967 1206 Prohino
1014 1151 1169 1207 Coss.
1231 1153 1300 1207 ab
1364 1152 1581 1206 Arianis
1625 1149 1840 1220 episco-

255 1242 339 1309 pis
370 1242 730 1305 celebratum,
762 1261 885 1298 can.
909 1246 942 1301 8
966 1256 1020 1299 et
1059 1247 1142 1310 l0,
1173 1247 1266 1301 ubi
1297 1262 1393 1302 eos
1432 1253 1587 1300 vocat
1635 1245 1761 1306 τοὺς
1783 1245 1841 1295 ἐν

252 1339 374 1398 ταῖς
398 1335 613 1406 κώμαις
640 1337 673 1408 ἢ
698 1340 817 1401 ταῖς
847 1337 1072 1407 χώραις,
1097 1340 1131 1409 ἢ
1156 1341 1282 1401 τοὺς
1308 1339 1671 1409 καλουμένους
1695 1354 1839 1407 χωρ-

253 1428 616 1493 επισκόπους,
684 1449 701 1481 ι
768 1432 862 1500 qui
913 1431 968 1485 in
1021 1432 1157 1487 vicis
1215 1432 1299 1487 vel
1354 1432 1507 1502 pagis
1554 1428 1839 1484 constituti

254 1531 382 1574 sunt
412 1521 813 1592 chorepiscopi,
873 1541 892 1575 ι
930 1532 988 1578 ut
1022 1523 1187 1578 habet
1234 1524 1411 1597 versio
1440 1522 1677 1592 Dionysii
1715 1520 1838 1573 Exi-

254 1628 370 1683 gut.

327 1704 416 1757 19..
451 1702 506 1758 Si
531 1703 957 1775 chorepiscopus
976 1706 1241 1776 ejusmodi
1264 1705 1365 1760 fuit
1391 1705 1479 1759 ille
1493 1703 1842 1758 'l‘lzeodoreto

1944 526 2065 563 rum
2098 512 2349 566 columna
2386 514 2473 574 12,
2502 512 2555 565 in
2586 513 2839 567 columna
2875 512 3183 568 cubitorum
3214 512 3308 577 20,
3343 526 3520 568 annos

1943 600 2031 663 1-3,
2065 601 2118 654 in
2145 602 2394 655 columna
2431 602 2738 656 cubitorum
2779 603 2869 668 30,
2906 619 3081 659 annos
3120 605 3175 670 4,
3207 604 3426 659 tandem
3461 604 3516 658 in

1941 690 2191 743 columna
2212 690 2281 743 t0
2312 692 2620 746 cubitorum
2656 709 2830 746 annos
2862 692 2942 758 l6,
2980 694 3169 764 sicque
3207 693 3520 749 efﬁciuntur

1943 782 2068 835 vitae
2091 781 2160 836 68
2186 782 2272 836 vel
2296 782 2384 848 69,
2424 785 2741 839 monasticae
2783 786 3189 841 exercitationis
3215 786 3284 841 55
3325 787 3406 839 vel
3425 785 3517 847 56,

1941 872 2032 940 qui
2082 873 2149 926 ad
2196 889 2487 929 numerum
2523 873 2736 946 Evagrii
2778 876 3001 945 propius
3033 878 3519 945 accedunt:atqnc

1942 965 1990 1019 is
2018 982 2278 1021 numerus
2302 967 2622 1036 exprimitur
2662 969 2716 1021 in
2756 966 2946 1021 Latina
2974 969 3079 1022 vita
3102 986 3222 1039 cap.
3256 970 3306 1031 8,
3336 986 3391 1023 n.
3425 969 3515 1023 55.

1943 1056 2236 1113 Pauciores
2280 1060 2439 1129 longe
2481 1074 2657 1113 annos
2699 1070 2956 1114 numerat
2999 1061 3271 1115 Antonius
3313 1061 3364 1113 in
3408 1060 3515 1114 vita

1944 1150 2138 1220 prima,
2172 1167 2331 1220 quam
2359 1167 2388 1205 e
2419 1152 2624 1209 Grmcis
2668 1169 2797 1207 mss.
2836 1152 3089 1207 dabimus
3119 1171 3133 1219 ;
3166 1154 3261 1208 sed
3300 1154 3517 1223 aliquod

1944 1244 2201 1297 ηιθηάιιιιι
2244 1244 2531 1313 irrepsisse
2570 1245 2625 1299 in
2659 1255 2940 1316 comperto
2971 1255 3075 1301 est.

2155 1375 2182 1447 ς
2214 1374 2302 1430 lV.
2345 1375 2464 1430 Vita
2495 1375 2552 1431 S.
2601 1374 2872 1447 Symeonis
2899 1395 2932 1431 a
2964 1395 3065 1449 quo
3091 1379 3309 1446 scripta.

2018 1509 2105 1563 16.
2149 1508 2326 1564 Vitam
2362 1510 2418 1565 S.
2472 1510 2759 1582 Symeonis
2805 1512 3025 1583 scripsit
3071 1512 3349 1568 Antonius
3399 1514 3521 1584 ejus

1945 1602 2270 1674 discipulus,
2315 1619 2480 1675 quem
2525 1605 2793 1677 Evagrins
2825 1607 3128 1678 significat,
3174 1623 3298 1662 cum
3341 1608 3435 1663 lib.
3479 1625 3519 1672 ι,

1944 1711 2064 1766 cap.
2091 1699 2179 1763 15,
2210 1698 2284 1751 ita
2307 1698 2497 1753 scribit
2522 1716 2534 1751 :
2564 1696 2768 1752 Τούτου
2794 1699 2891 1762 τὰς
2916 1698 3244 1770 θεοσημεὶας
3273 1700 3522 1773 γέγραφε

257 1796 509 1851 laudatus
541 1796 786 1851 Meletins
814 1804 895 1867 (ut
934 1799 1155 1852 omnino
1186 1798 1351 1852 fuisse
1397 1797 1681 1868 eonjicio),
1721 1796 1833 1864 jam

1951 1790 2042 1858 μὲν
2070 1790 2165 1843 καί
2206 1808 2288 1855 τις
2328 1790 2434 1844 τῶν
2467 1791 2754 1845 αὐτοπτῶν
2797 1793 3126 1863 γενομένων,
3172 1794 3419 1865 γέγραφε
3464 1795 3519 1850 δὲ

254 1886 571 1945 euilabascit
594 1889 793 1942 calculi
818 1888 1108 1943 Baroniani
1140 1888 1578 1943 fundamentum.
1608 1887 1833 1941 Accedit

253 1981 400 2048 quod
450 1983 687 2035 Domnns
733 1980 1129 2045 Antiochcnus,
1180 1990 1237 2035 ut
1282 1980 1450 2034 refert
1496 1979 1834 2045 Nicephorus

256 2072 353 2125 lib.
385 2088 494 2137 x;v,
526 2088 575 2126 c.
606 2072 694 2138 5i,
723 2083 777 2127 et
806 2074 1065 2144 Evagrius
1100 2073 1191 2127 lib.
1222 2090 1261 2134 ι,
1294 2089 1344 2129 c.
1382 2074 1469 2138 l5,
1503 2074 1570 2127 ad
1611 2073 1835 2144 Symeo—

256 2180 384 2215 nem
424 2163 591 2227 venit,
626 2179 802 2234 eoque
838 2165 955 2218 viso
981 2174 1368 2221 consternatus
1397 2175 1478 2217 est
1508 2180 1618 2233 prae
1658 2162 1835 2217 admi-

257 2256 512 2309 ratione:
548 2255 693 2309 unde
731 2256 1042 2325 conjicitur,
1082 2270 1190 2308 non
1240 2256 1410 2309 multo
1451 2264 1577 2309 ante
1621 2254 1834 2324 cepisse

253 2350 585 2419 Symeonem
618 2349 671 2401 in
705 2348 926 2418 praealta
962 2348 1049 2401 illa
1088 2348 1339 2403 columna
1368 2346 1587 2401 morari.
1621 2345 1691 2399 At
1728 2344 1835 2399 Do-

257 2456 444 2504 mnus,
480 2450 540 2494 ut
567 2440 730 2495 habet
759 2439 1046 2506 Baronius,
1072 2455 1141 2492 an
1177 2439 1301 2502 4'52,
1332 2438 1399 2492 ab
1426 2453 1632 2502 eremo,
1662 2437 1834 2491 invito

260 2533 319 2589 S.
347 2534 639 2605 Euthymio
668 2533 914 2595 recessit,
952 2541 1009 2587 ut
1031 2531 1360 2586 avunculum
1389 2544 1548 2584 suum
1570 2529 1834 2583 Joannem

257 2627 667 2680 Antiochenam
708 2627 1073 2696 patriarcham
1113 2624 1362 2680 Nestorio
1390 2622 1664 2677 faventem
1699 2636 1835 2675 con-

259 2726 537 2771 verteret:
564 2730 711 2770 anno
736 2716 934 2771 deinde
955 2716 1060 2770 456
1111 2715 1161 2770 ei
1187 2715 1243 2769 in
1272 2715 1589 2785 episcopatu
1620 2725 1837 2767 succes-

258 2810 354 2863 sit.
401 2809 534 2874 Qure
583 2824 715 2863 vero
749 2808 795 2863 ei
845 2806 1036 2863 fuisset
1081 2807 1215 2862 tanti
1263 2806 1504 2877 stuporis
1544 2820 1741 2867 causa,
1791 2804 1836 2859 si

255 2902 373 2971 jam
418 2902 580 2957 annis
623 2901 1018 2971 quinquaginta
1058 2899 1351 2955 stationem
1388 2897 1538 2951 illam
1572 2904 1839 2951 tenu;sset

258 2994 497 3065 Symeon
522 2995 546 3048 ?
577 2994 755 3060 Quid?
798 2994 943 3064 quod
973 2994 1042 3048 ab
1074 3009 1140 3049 eo
1169 3003 1436 3063 tempore,
1470 3007 1579 3061 quo
1604 2990 1836 3062 rigidam

259 3087 415 3141 illam
463 3085 815 3142 abstinentiae
858 3087 1147 3149 rationem,
1197 3085 1298 3139 sub
1341 3083 1508 3137 Blasti
1557 3090 1652 3135 aut
1688 3080 1836 3135 Bassi
1869 3125 1914 3182 ε

261 3178 578 3248 disciplina,
592 3177 717 3232 iniit
740 3176 997 3249 Symcon,
1018 3191 1189 3245 usque
1209 3175 1336 3229 dum
1352 3172 1698 3228 l’hilotheum
1715 3171 1844 3226 seri.

270 3274 382 3343 psit
416 3272 815 3336 Theodoretus,
851 3270 980 3325 anni
1014 3268 1288 3324 ﬂuxerunt
1330 3267 1505 3322 solum
1549 3266 1652 3320 28?
1684 3264 1844 3334 Atqui

261 3364 427 3419 annis
456 3353 746 3418 minimum
774 3363 949 3418 tribus
978 3369 1105 3416 ante
1134 3360 1285 3415 illum
1322 3374 1445 3414 cum
1473 3358 1687 3413 Meletio
1717 3373 1848 3411 con-

264 3471 538 3526 gressum,
561 3470 682 3509 eam
705 3463 1076 3525 assurnpserat
1102 3453 1360 3508 inediam.
1384 3452 1526 3523 Ergo
1545 3452 1587 3505 si
1622 3450 1847 3521 Magnus

266 3546 520 3613 ueletius
539 3547 585 3601 is
610 3547 731 3611 fuit,
753 3546 866 3616 jam
892 3546 960 3600 ab
985 3561 1129 3599 anno
1146 3545 1248 3599 577
1275 3554 1366 3597 aut
1399 3543 1503 3597 578
1524 3539 1847 3595 numerandi

265 3635 342 3690 illi
386 3646 551 3692 erunt
596 3636 764 3700 anni;
812 3635 1000 3706 sicque
1040 3650 1184 3689 anno
1213 3632 1419 3688 Christi
1469 3632 1574 3687 405
1617 3632 1700 3685 vel
1745 3630 1848 3683 406

266 3729 558 3799 scripsisse
589 3727 988 3783 Theodorctum
1014 3728 1282 3782 fateamur
1306 3741 1531 3780 necesse
1556 3735 1672 3791 est;
1704 3725 1849 3794 quod

266 3823 508 3891 ipsemet
535 3820 757 3885 refellit,
786 3820 914 3875 dum
955 3821 1010 3875 in
1039 3820 1269 3890 epistola
1301 3820 1365 3873 ad
1399 3818 1695 3873 Eusebium
1732 3820 1848 3873 An-

269 3929 411 3985 cyra:
443 3912 764 3983 episcopum
794 3913 934 3968 inter
962 3913 1068 3967 alia
1092 3929 1122 3967 a
1153 3927 1213 3967 se
1234 3920 1357 3982 post
1376 3911 1641 3981 synodum
1664 3911 1850 3981 Ephe-

268 4007 444 4061 sinam
483 4005 687 4075 scripta
734 4014 986 4058 recenset
1020 4003 1219 4057 librum
1253 4003 1323 4057 de
1359 4003 1486 4057 vitis
1513 4014 1846 4057 sanctorum.

350 4099 438 4151 15.
480 4096 616 4151 Cum
646 4111 775 4167 ergo
801 4096 916 4151 ha:c
945 4096 1018 4150 ita
1040 4096 1168 4160 sint,
1191 4103 1240 4149 et
1263 4110 1549 4150 numerum
1581 4111 1849 4150 annorum

274 4190 346 4245 ab
378 4189 611 4258 Evagrio
646 4188 900 4242 traditum
924 4196 1222 4258 sequantur
1254 4187 1849 4258 Mentemlllenologium

271 4279 487 4342 Sirleti,
525 4288 579 4333 et
608 4278 974 4349 Anthulogion
1005 4293 1034 4331 a
1076 4277 1354 4334 Clemente
1386 4277 1492 4333 Vlll
1543 4280 1850 4348 probatum,

271 4386 386 4424 non
434 4370 593 4425 video
642 4385 741 4424 cur
783 4370 833 4425 ei
881 4370 1259 4440 refragemnr:
1295 4370 1597 4440 przesertim
1631 4386 1754 4426 cum
1796 4377 1851 4425 et

1933 1880 2028 1932 καὶ
2060 1880 2264 1948 λογίως
2293 1879 2525 1933 ἀπέθετο
2546 1882 2639 1934 καὶ
2667 1881 3012 1954 Θεοδὼρητος
3036 1870 3069 1936 ὅ
3088 1884 3198 1937 τῶν
3226 1886 3521 1956 Κυρεστῶν

1928 1973 2331 2044 ἐπισκοπήσας.
2370 1991 2387 2023 ι
2420 1973 2593 2045 Hujus
2623 1989 2711 2029 res
2742 1986 2922 2044 gestas
2950 2015 2965 2039 ,
3015 1991 3137 2046 qua:
3167 1978 3396 2032 omnino
3439 1980 3521 2034 dio

1940 2064 2077 2118 vin-.e
2105 2065 2325 2120 virtutis
2362 2065 2516 2135 signa
2548 2076 2724 2132 erant,
2759 2067 2982 2137 scripsit
3008 2068 3204 2137 aliquis
3236 2069 3392 2125 exiis
3426 2073 3519 2141 qui

1934 2153 2109 2209 oculis
2141 2163 2557 2224 conspexerant.
2591 2153 2825 2225 Scripsit
2847 2157 3035 2223 etiam,
3070 2157 3381 2227 diserteque
3410 2175 3520 2214 cx-

1933 2245 2121 2314 posuit
2152 2246 2533 2302 Theodoretus
2557 2248 2814 2318 Cyiensis
2840 2248 3152 2318 episcopus.
3185 2268 3204 2302 ο
3234 2249 3518 2322 Duplieem

1937 2337 2102 2390 vitam
2138 2337 2225 2391 hic
2271 2338 2493 2404 damus,
2544 2342 2702 2409 cujus
2745 2338 3016 2395 Antonius
3053 2352 3244 2396 auctor
3291 2343 3513 2398 eitatur.

1936 2427 2179 2483 Priorem
2211 2430 2398 2486 Graece
2445 2431 2703 2502 scriptam
2752 2447 2781 2486 e
2813 2432 3139 2488 bibliotheca
3166 2433 3517 2491 Serenissimi

1936 2520 2178 2576 Bavat‘ite
2221 2522 2379 2577 ducis
2429 2525 2769 2594 accepimus,
2829 2540 2991 2595 quam
3048 2525 3239 2580 Latine
3288 2527 3522 2582 reddidit

1937 2610 2258 2667 Guilielmus
2289 2614 2509 2671 Gratius
2536 2614 2829 2685 Brugensis
2856 2616 3145 2671 Societatis
3174 2626 3377 2673 nostrze
3417 2617 3520 2671 Sa-

1937 2702 2151 2757 cerdos.
2183 2703 2337 2771 Eam,
2366 2708 2491 2775 quia
2522 2706 2735 2762 brevior
2764 2707 2943 2777 longe,
2967 2708 3288 2762 crediderim
3343 2709 3527 2779 potius

1939 2796 2006 2848 ali
2023 2794 2262 2850 Antonio
2285 2812 2405 2852 esse
2425 2799 2710 2868 scriptam.
2740 2797 2816 2853 Ita
2842 2814 3076 2869 namque
3095 2799 3519 2871 Metaphrastes:

1938 2887 2126 2954 Μέγας
2142 2890 2320 2941 τοίνυν
2333 2889 2503 2954 οὕτως
2527 2888 2601 2943 ὣν
2620 2892 2714 2944 καὶ
2731 2891 2897 2955 πολὺς
2914 2891 3010 2965 τὴν
3026 2894 3214 2965 φήμην
3234 2895 3525 2966 γενόμενος

1944 2975 2159 3031 πολλῶν
2182 2976 2342 3048 ἔτυχε
2379 2980 2471 3032 καὶ
2496 2981 2605 3033 τῶν
2630 2981 2890 3050 γραφέων
2909 2997 2921 3010 ·
2948 2982 3063 3035 ἀλλ’
3096 2983 3272 3048 οὐδεὶς
3308 2985 3526 3040 οὐδέπω

1955 3066 2099 3119 κατὰ
2130 3063 2295 3138 μέροξ
2324 3070 2390 3121 τὰ
2439 3068 2560 3123 κατ’
2592 3069 2758 3124 αὑτοῦ
2788 3069 3067 3141 διεξῆλθεν
3086 3114 3100 3139 ,
3131 3074 3277 3138 ὅπως
3308 3074 3525 3131 ᾶπαντα.

1948 3156 2187 3227 καθῆκεν
2229 3160 2406 3231 ἑαυτῴ
2428 3176 2441 3190 ·
2476 3161 2598 3214 οὐδὲ
2630 3162 2889 3235 ἀκριϐῶς.
2924 3162 3071 3228 ὅπως
3102 3166 3308 3220 ἕκαστα
3352 3161 3523 3238 εἶχεν,
3620 3164 3635 3175 ’

1949 3249 2210 3320 ἔγραψεν.
2243 3270 2261 3303 ι
2303 3251 2528 3324 .‘llagnus
2551 3253 2717 3325 igitur
2745 3255 2880 3310 adeo
2908 3270 3031 3310 cum
3059 3266 3239 3324 esset,
3278 3258 3528 3331 famaque

1928 3344 2289 3417 celebratus,
2332 3346 2532 3401 multos
2574 3348 2792 3417 quidem
2840 3357 3035 3404 nactus
3072 3350 3371 3419 scriptores
3418 3360 3523 3407 est.

1950 3434 2149 3490 Verum
2179 3453 2341 3493 nemo
2379 3456 2602 3509 prorsus
2641 3441 2825 3495 omnia
2859 3444 3130 3509 quomodo
3162 3442 3208 3496 ei
3242 3446 3527 3500 evenerint

1950 3524 2262 3596 singillatim
2304 3529 2587 3597 exposuit;
2616 3544 2792 3598 neque
2820 3540 3095 3593 accurate,
3124 3540 3181 3584 ut
3204 3533 3412 3604 singula
3442 3551 3529 3590 se-

1950 3628 2010 3668 se
2041 3616 2351 3679 habuerint,
2392 3616 2628 3687 scripsit.
2661 3637 2681 3670 ›
2724 3618 2878 3685 Quod
2922 3620 3127 3675 scilicet
3156 3620 3426 3678 facturum
3466 3641 3524 3679 se

1951 3706 2347 3777 Metaphrastes
2382 3709 2687 3779 pollicetur.
2737 3709 2937 3765 Verum
2972 3712 3141 3767 altera
3172 3715 3378 3784 pridem
3423 3718 3525 3771 sub

1952 3798 2175 3852 Antonii
2213 3799 2435 3854 nomine
2467 3800 2685 3872 vulgata
2729 3801 2838 3855 vita
2880 3800 3025 3857 haud
3061 3804 3233 3857 multo
3270 3807 3524 3875 pauciora

1954 3891 2119 3945 habet
2149 3891 2535 3962 Metaphraste.

2026 3985 2114 4040 17.
2153 3985 2496 4040 Arbitratnur
2538 3986 2701 4057 igitur
2732 4003 2852 4043 eam
2882 3988 2992 4059 jam
3025 3989 3154 4044 olim
3188 4005 3253 4045 ex
3277 3989 3525 4046 breviore

1955 4078 2044 4132 illa
2081 4078 2299 4133 Antonii
2338 4081 2601 4134 relatione
2631 4082 3032 4147 concinnatam,
3064 4085 3263 4139 additis
3290 4101 3408 4154 qua:
3442 4088 3522 4139 vel

1954 4171 2097 4225 fama
2135 4171 2221 4225 vel
2254 4173 2481 4226 aliorum
2518 4173 2739 4243 scriptis
2768 4174 2836 4228 de
2879 4190 2946 4229 eo
2983 4175 3321 4230 ferebantur.
3366 4175 3527 4231 Certe

1953 4279 2117 4333 quem
2152 4263 2530 4320 Theodoretus
2556 4266 2691 4321 adeo
2718 4267 2989 4322 celebrem
3029 4269 3190 4323 tradit
3222 4268 3390 4323 fuisse
3418 4268 3528 4323 Ro-

1954 4371 2058 4411 ma:
2092 4366 2312 4428 totoque
2362 4358 2415 4412 in
2446 4357 2739 4414 Occidente
2763 4401 2777 4425 ,
2821 4361 2938 4429 ejus
2981 4376 3090 4415 non
3124 4360 3285 4415 isthic
3313 4378 3528 4431 quoque

272 4460 671 4531 Metaphrastes
711 4462 962 4517 assentiri
1003 4461 1272 4525 videatur,
1303 4463 1432 4515 dum
1469 4463 1545 4516 ait
1575 4473 1717 4517 totos
1749 4479 1841 4518 sex

1956 4446 2226 4517 vulgatam
2259 4447 2426 4501 fuisse
2452 4449 2640 4512 vitam,
2675 4449 2934 4504 credibile
2960 4465 3067 4504 non
3091 4459 3194 4503 est.
3220 4452 3351 4504 Eam
3380 4467 3411 4506 e
3439 4466 3528 4506 ve.

271 4564 330 4608 et
357 4555 753 4625 quinquaginta
787 4570 958 4609 annos
989 4554 1205 4619 vixisse,
1236 4555 1288 4608 in
1324 4555 1445 4610 vitae
1481 4555 1735 4609 nimirum
1770 4573 1850 4610 re-

272 4647 481 4717 ligiosae
510 4649 916 4702 exercitatione.

351 4738 440 4791 14.
488 4736 662 4802 Quem
693 4752 819 4791 vero
845 4736 1177 4803 Rosweydns
1204 4737 1259 4790 in
1286 4751 1545 4791 numeros
1571 4737 1712 4806 apud
1753 4737 1848 4792 Ni-

275 4829 582 4900 cephorum
619 4828 909 4899 irrepsisse
930 4845 1171 4884 errorem
1203 4837 1373 4891 notat,
1400 4830 1445 4882 is
1472 4846 1574 4883 nec
1603 4832 1655 4883 in
1684 4830 1851 4884 Fron-

278 4923 425 4976 tonis
484 4920 664 4974 Duca-i
713 4931 966 4975 accurata
1011 4920 1252 4975 editione
1302 4931 1582 4976 correctus
1632 4930 1734 4976 est.
1794 4920 1851 4975 In

276 5012 468 5067 Grch
490 5021 672 5066 tamen
700 5026 955 5081 expresse
984 5012 1183 5066 dicitur
1212 5011 1304 5080 ἔτη
1327 5012 1642 5081 τριάκοντα,
1675 5027 1851 5068 annos

275 5104 347 5161 50
387 5105 444 5158 in
473 5104 831 5174 quadraginta
864 5103 1173 5165 cubitorum
1205 5102 1459 5157 columna
1499 5104 1846 5175 transegisse.

274 5256 281 5261 _
350 5197 438 5251 15.
481 5197 655 5263 Quem
687 5196 886 5251 deinde
902 5212 970 5251 ex
994 5196 1105 5251 vita
1128 5194 1315 5249 Latina
1344 5210 1374 5248 a
1401 5208 1458 5248 se
1481 5195 1626 5249 edita
1650 5196 1851 5267 colligit

224 5316 229 5319 τ
275 5304 546 5343 annorum
578 5302 871 5341 numerum
905 5286 1254 5357 Rosweydus,
1275 5287 1342 5351 is,
1378 5285 1594 5340 utinfra
1628 5288 1850 5356 patebit,

277 5396 390 5434 non
421 5380 651 5433 omnino
670 5387 755 5433 est
778 5387 979 5442 certus,
1001 5392 1124 5430 cum
1148 5390 1281 5430 mss.
1309 5367 1546 5442 codices,
1574 5378 1855 5448 negligen-

286 5472 361 5526 tia
391 5470 741 5525 librariorum
777 5468 968 5534 vitiati,
1002 5468 1143 5523 haud
1183 5484 1370 5537 parum
1395 5468 1723 5538 discrepent.
1757 5469 1857 5524 Hic

278 5566 430 5634 iuxta
446 5580 566 5619 eam
588 5564 752 5619 vitam
774 5564 930 5618 nobis
949 5564 1180 5617 maxime
1197 5562 1519 5633 probaretur
1542 5561 1668 5630 (nisi
1688 5562 1859 5616 Theo-

281 5661 507 5714 doretus
535 5658 797 5725 obstaret)
833 5656 1072 5711 calculus
1094 5673 1108 5709 :
1133 5656 1187 5709 in
1212 5656 1373 5711 domo
1412 5663 1699 5725 parentum
1729 5655 1859 5711 vixit

282 5763 461 5806 annos
492 5749 576 5817 ιδ,
611 5749 665 5803 in
699 5748 876 5817 primo
908 5748 1245 5804 monasterio
1277 5748 1331 5814 ι,
1365 5748 1418 5802 in
1452 5749 1586 5803 cella
1611 5750 1665 5817 δ,
1694 5742 1859 5817 wit;

1955 4538 2257 4593 tustissimo
2307 4539 2493 4594 codice
2548 4542 2863 4595 monasterii
2908 4540 2965 4596 S.
3011 4542 3289 4595 Laurentii
3336 4543 3525 4599 Leodii

1955 4645 2175 4690 exarato
2197 4646 2323 4690 ante
2348 4651 2552 4689 annum
2576 4635 2780 4691 Christi
2814 4637 2969 4702 1054,
2997 4638 3358 4709 descripserat
3384 4637 3527 4694 Ros-

1955 4730 2176 4801 weydus
2206 4738 2411 4793 noster,
2442 4744 2604 4798 quam
2637 4743 2737 4783 nos
2768 4744 2891 4782 cum
2925 4730 3047 4783 aliis
3072 4746 3201 4786 mss.
3235 4731 3529 4802 lmper'alis

1958 4823 2275 4878 monasterii
2306 4820 2364 4877 S.
2400 4821 2617 4876 Maximi
2652 4821 2915 4902 Treviris,
2957 4823 3015 4877 S.
3042 4823 3222 4879 Mariae
3261 4825 3327 4880 de
3360 4824 3528 4896 Ripa-

1956 4920 2114 4983 torio,
2148 4916 2392 4974 ecclesiae
2425 4918 2483 4973 S.
2520 4919 2816 4973 Audomari
2857 4921 3209 4975 contulimus.
3252 4920 3307 4974 In
3342 4924 3530 4976 codice

1955 5012 2225 5081 Ripatorii
2244 5021 2360 5066 erat
2381 5011 2580 5081 passim
2603 5019 2898 5065 contracta.
2922 5011 3200 5077 Eamdem,
3226 5015 3319 5070 sed
3345 5013 3526 5084 phrasi

1958 5104 2280 5173 plerumque
2326 5102 2717 5172 aliquantulum
2759 5096 3325 5173 (liscrepantéfcdidit
3356 5106 3453 5163 lib.
3490 5123 3531 5169 ι,

1963 5197 2034 5249 De
2069 5192 2204 5249 Vitis
2233 5194 2336 5248 Pl‘.
2371 5193 2510 5248 idem
2545 5194 2898 5265 Rosweydus.

2030 5286 2118 5341 18.
2162 5288 2391 5341 Demum
2452 5284 2509 5340 S.
2560 5285 2844 5357 Symeonis
2896 5285 3058 5340 vitam
3107 5307 3123 5339 ι
3169 5290 3373 5359 optime
3408 5298 3534 5361 post

1959 5379 2208 5450 Magnum
2245 5379 2661 5444 Throdorilum,
2690 5397 2707 5429 ι
2743 5387 2801 5432 ut
2829 5379 3019 5433 scribit
3057 5378 3397 5450 Nicephorus
3435 5381 3530 5436 lib.

1959 5491 2068 5535 xw,
2116 5488 2165 5527 c.
2194 5462 2296 5538 '5l,
2355 5492 2372 5523 ι
2401 5480 2455 5525 et
2483 5472 2824 5542 cognominis
2858 5470 3092 5541 Symeon
3139 5470 3536 5541 Metaphrastcs

1962 5564 2322 5633 conscripsit;
2366 5578 2568 5617 novum
2602 5564 2873 5631 quoddam
2908 5572 2961 5615 et
2990 5564 3368 5617 admirandum
3393 5562 3447 5615 in
3472 5579 3535 5617 ea

1965 5674 2029 5712 ex
2068 5658 2245 5712 omnis
2282 5658 2498 5727 generis
2527 5656 2748 5711 cibariis
2782 5655 3085 5710 convivium
3122 5655 3376 5709 onmihns
3410 5671 3541 5725 pro-

1965 5767 2194 5821 ponens.
2230 5771 2247 5804 ι
2285 5751 2437 5807 lianc
2481 5749 2747 5809 Baronius
2775 5748 2829 5802 in
2856 5746 2979 5803 Not.
2997 5747 3063 5803 ad
3095 5747 3394 5819 Martyrol.,
3428 5748 3539 5803 Rite
