3868 6526
353 259 462 326 335

1564 258 1852 319 MENSIS
1889 257 2345 333 JANUABIUS.

3498 250 3616 312 336

350 376 516 430 tierus
554 379 708 441 parte
746 384 802 424 ιιι
839 367 1090 424 Viridarii
1127 367 1253 434 SS.,
1283 383 1407 438 cap.
1461 367 1524 434 ι;
1575 367 1822 423 Molanus
1863 368 1918 422 in
1951 380 1992 434 Α
2025 367 2214 423 Grteco
2243 363 2384 436 regis
2423 363 2624 428 Galliae,
2662 363 2853 417 Latine
2884 376 3096 418 versam
3139 361 3208 417 ab
3242 361 3434 416 eodem
3464 361 3615 438 (3μὶ-

351 467 554 520 Annal.
579 461 644 516 ad
673 457 940 532 Martyrol.
967 459 1568 528 Usuardi;'_lleribertus
1589 459 1921 531 Rosweydus
2026 457 2208 512 lielmo
2235 454 2421 510 Gratio
2453 464 2663 508 nostro.
2699 451 2888 508 Priora
2916 452 3098 507 omnia
3133 450 3247 506 fere
3272 451 3341 505 ad
3371 449 3616 530 verbum

355 557 410 611 in
426 553 564 611 Vitis
580 551 712 618 PP.;
734 550 926 607 Petrus
943 551 1291 608 Ribadineira
1307 553 1361 606 in
1383 551 1540 606 Flore
1562 551 1657 606 SS.
1678 553 1922 608 scribunt

353 662 464 706 non
505 652 738 700 exstare.
781 640 892 700 Nos
957 643 1116 712 primi
1158 659 1276 700 eam
1327 643 1656 714 proferimus
1703 657 1766 696 ex
1815 657 1916 697 ms.

2025 565 2055 604 e
2101 547 2434 603 Theodoreti
2501 545 2785 602 Philotheo
2827 560 2877 600 c.
2921 543 2992 600 26
3032 543 3306 614 descripta
3359 551 3512 611 sunt,
3550 550 3621 596 ut

2025 640 2326 697 conierenti
2357 639 2586 709 patebit!

1117 995 1799 1129 ΣΥΜΕΩΝ
1876 988 2860 1128 ΜΑΓΙΣΤΡΟΥ

1680 1224 1798 1276 ΚΑΙ
1841 1222 2252 1277 ΔΟΓΟΘΕΤΟΥ

1040 1389 1408 1477 ΛΟΓΟΣ
1486 1388 1658 1530 ΕΙΣ.
1732 1389 1959 1474 TON
2031 1390 2370 1478 ΟΣΙΟΝ
2442 1391 2897 1482 ΣΥΜΕΩΝ

1637 1571 1779 1625 ΤοΝ
1819 1567 1924 1624 EN
1966 1571 2051 1642 Τῼ
2087 1569 2335 1644 ΣΤΗΛῼ

589 1883 1310 2000 SYMEONIS
1407 1886 2097 2002 MAGISTRI
2189 1891 2370 2020 ET
2461 1890 3370 2006 LOGOTHETIE

1079 2121 1358 2214 VITA
1435 2120 1530 2211 S.
1608 2122 2224 2216 SYMEONIS
2303 2128 2857 2256 STYbIT/E

362 2311 587 2376 (Gratus
613 2316 782 2363 textus
816 2325 946 2363 nunc
968 2316 1176 2376 primum
1197 2313 1358 2376 prodit
1385 2326 1446 2364 ex
1489 2313 1680 2404 duobus
1711 2314 1981 2428 COGIngIBSS
2009 2317 2320 2445 rgﬁﬁmiis
2364 2319 2518 2372 Paris.
2547 2335 2597 2372 ιι.
2642 2321 2734 2373 156
2765 2335 2881 2375 sec.
2912 2337 2996 2373 aut
3021 2331 3076 2375 et
3111 2339 3162 2374 ιι.
3209 2325 3346 2387 1607,
3368 2339 3484 2378 sae.
3509 2339 3614 2385 ιη,

1787 2684 2014 2740 CAPUT
2050 2685 2090 2739 l.

916 2814 979 2874 S.
1011 2813 1288 2889 Symeonis
1319 2825 1486 2882 artus,
1517 2825 1562 2870 et
1594 2817 1713 2870 vita:
1745 2819 2005 2888 religiosae
2048 2819 2348 2872 rudimenta
2372 2819 2426 2870 in
2457 2817 2656 2871 duobus
2685 2820 3036 2874 monasteriis.

428 2988 478 3042 l.
498 2985 819 3056 Symeonem
835 2977 1010 3032 virum
1032 2974 1172 3030 fama
1189 2973 1630 3037 celeberrimum,
1649 2989 1936 3044 magnum-

2110 2972 2177 3026 α’.
2228 2975 2454 3042 Συμεὼν
2508 2972 2598 3026 τὸν
2631 2972 2797 3037 πάνυ,
2836 2975 2896 3027 τὸ
2934 2975 3074 3045 μέγα
3103 2975 3288 3048 θαῦμα
3311 2982 3410 3050 τῆς
3435 2982 3590 3038 οῑκου

356 3096 462 3151 que
491 3075 719 3133 habitati
750 3071 898 3126 orbis
921 3069 1245 3126 miraculum
1280 3075 1484 3121 norunt
1505 3082 1698 3122 omnes
1735 3068 1933 3151 Ιιοιιιοτ

358 3141 554 3227 norum
619 3163 851 3235 imperio
894 3160 1095 3216 subditi
1144 3178 1156 3213 :
1210 3160 1330 3228 ejus
1389 3175 1586 3213 nomen
1644 3173 1812 3228 usque
1867 3141 1936 3212 ad

355 3256 586 3328 Scythas
611 3263 666 3308 et
715 3249 986 3305 Nomatlas
1037 3246 1384 3317 pervolavit:
1444 3246 1645 3310 Persae,
1678 3257 1730 3301 et
1793 3245 1934 3310 ludi,

361 3347 796 3416 Ethiopumque
857 3341 1030 3405 natio,
1077 3348 1132 3395 et
1194 3338 1512 3409 quicunque
1577 3339 1734 3394 aliam
1788 3341 1936 3397 orbis

357 3441 572 3513 plagam
601 3435 868 3499 incolunt,
897 3419 1012 3487 alii.
1043 3433 1216 3488 oculis
1245 3433 1658 3502 perspicientes,
1690 3435 1937 3490 nonnulli

359 3531 549 3588 auditu
573 3529 696 3600 ejus
723 3541 813 3582 res
845 3534 1027 3598 gestas
1067 3535 1485 3596 cognoscentes,
1527 3541 1652 3580 eum
1686 3525 1938 3586 laudibus

357 3622 744 3698 praedicarunt.
774 3617 1000 3689 Magnus
1022 3615 1185 3688 igitur
1209 3615 1346 3672 adeo
1373 3630 1500 3671 cum
1527 3626 1672 3672 esset
1700 3631 1764 3672 ac
1793 3617 1938 3673 cele-

358 3721 494 3790 bris,
529 3717 730 3774 multos
758 3712 978 3784 quidem
1001 3709 1297 3780 scriptores
1329 3719 1660 3766 consecutus
1697 3720 1814 3776 est;
1845 3708 1939 3780 qui

361 3823 546 3870 tamen
591 3810 711 3879 ejus
759 3806 992 3880 virtutes
1041 3803 1309 3858 hactenus
1360 3801 1668 3874 singulatim
1732 3804 1938 3873 scripto

361 3901 836 3972 complecteretur,
867 3896 1076 3954 exstitit
1105 3910 1288 3960 nemo,
1326 3909 1502 3964 neque
1544 3895 1686 3950 ullus
1711 3897 1779 3952 ad
1821 3896 1939 3951 sin-

359 3997 513 4068 gulas
565 3999 820 4049 accurate
883 3987 1292 4062 percensendas
1348 3987 1588 4042 animum
1657 3987 1936 4058 applicuit.

363 4091 568 4146 Verum
597 4084 690 4157 qui
729 4079 1104 4154 superioribus
1135 4079 1472 4148 temporibus
1501 4077 1654 4133 brevi
1685 4092 1941 4148 compen-

363 4183 456 4238 dio
495 4181 562 4238 de
587 4179 707 4249 ejus
730 4175 839 4231 vita
871 4171 1268 4235 disseruerunt,
1295 4169 1541 4240 quaedam
1559 4185 1680 4240 quae
1705 4170 1940 4227 mediam

361 4275 486 4345 ejus
523 4278 738 4340 aetatem
772 4265 1058 4321 continent
1097 4259 1302 4319 cursim
1335 4263 1794 4332 perstrinxerunt,
1851 4278 1941 4318 ne-

365 4371 474 4436 que
503 4370 610 4416 tam
657 4355 902 4414 celebres
961 4355 1080 4424 ejus
1109 4354 1354 4410 actiones
1383 4354 1452 4409 ad
1481 4357 1644 4409 linem
1677 4355 1942 4426 perduxe-
1970 4401 2012 4459 Ο

367 4465 518 4510 runt.
547 4450 894 4522 Quapropter
949 4446 1096 4502 utilis
1126 4447 1361 4520 maxime
1391 4445 1460 4500 de
1490 4445 1596 4502 hoc
1628 4447 1746 4502 viro
1783 4447 1943 4502 nobis

366 4560 548 4603 sermo
573 4541 790 4600 iuturus
830 4557 845 4594 :
904 4553 1130 4618 remque
1186 4554 1216 4594 a
1247 4538 1422 4610 capite
1451 4539 1751 4606 ordiemur,
1781 4549 1944 4610 atque

366 4637 433 4693 ad
466 4637 630 4697 linem
660 4646 1076 4707 prosequemur.
1112 4629 1222 4687 Sed
1260 4646 1454 4686 vereor
1483 4646 1554 4686 ne
1605 4631 1836 4702 posteris
1864 4630 1946 4686 fa-

366 4729 618 4786 bularum
639 4723 893 4790 similior,
919 4731 976 4778 et
997 4721 1142 4786 nuda
1169 4737 1201 4776 a
1240 4721 1465 4776 veritate
1491 4719 1732 4774 narratio
1760 4718 1949 4773 videa-

374 4832 482 4876 tur.
520 4818 939 4875 Consueverunt
971 4814 1118 4869 enim
1147 4814 1399 4868 homines
1433 4821 1630 4868 natura
1658 4811 1834 4866 metiri
1860 4825 1947 4866 res

369 4908 722 4983 praeteritas:
774 4906 863 4961 ubi
926 4920 1058 4959 vero
1109 4905 1388 4975 quippiam
1446 4910 1655 4956 natura;
1688 4902 1949 4956 terminos

373 4998 694 5064 excesserit,
721 4997 901 5053 omnis
926 4997 994 5051 de
1045 5011 1112 5052 eo
1138 5011 1319 5051 rerum
1347 4995 1654 5050 divinarum
1679 4991 1950 5064 imperitis

372 5075 542 5150 falsus
571 5105 696 5148 esse
759 5105 941 5145 sermo
987 5089 1348 5144 existimatur.
1377 5085 1646 5154 Quoniam
1697 5100 1828 5140 vero
1858 5085 1948 5140 hic

375 5185 459 5240 vir
488 5192 700 5238 natura!
725 5181 938 5253 legibus
987 5196 1096 5236 non
1141 5181 1328 5245 cessit,
1359 5195 1423 5235 ac
1458 5193 1525 5234 ne
1557 5179 1795 5233 humana
1827 5178 1950 5246 qui-

371 5276 498 5334 dem
526 5288 722 5348 passus
772 5281 880 5338 est,
924 5288 1113 5328 verum
1145 5272 1588 5342 incorporeorum
1621 5270 1677 5324 in
1730 5271 1950 5326 mortali

372 5381 602 5438 corpore
640 5363 880 5422 ostendit
935 5363 1334 5426 constantiam;
1389 5379 1513 5418 eum
1550 5363 1851 5434 praesertim
1885 5363 1950 5418 iis

370 5457 463 5528 qui
491 5457 560 5512 ab
593 5471 658 5511 eo
675 5454 858 5511 divina
892 5453 1069 5510 edocti
1097 5461 1245 5518 sunt,
1281 5463 1425 5509 terra
1450 5454 1630 5508 omnis
1685 5468 1748 5508 ac
1777 5453 1947 5520 maria

367 5549 492 5620 ipsa
536 5546 744 5621 repleta
791 5545 932 5614 sint;
977 5546 1107 5602 hinc
1137 5544 1300 5617 igitur
1350 5545 1720 5601 narrationem
1771 5559 1946 5598 meam

371 5639 661 5697 inchoabo.

2043 3069 2234 3141 μένης,
2272 3069 2421 3120 ἴσασι
2457 3064 2556 3137 μὲν
2608 3066 2808 3130 πάντες
2837 3067 2883 3119 οἱ
2931 3071 3030 3138 τῆς
3069 3069 3356 3140 Ῥωμαίων
3407 3076 3618 3144 ἡγεμο-

2040 3163 2156 3225 νίας
2215 3162 2483 3232 ὑπήκοοι·
2521 3157 2726 3240 ἔδραμε
2773 3159 2828 3212 δὲ
2885 3160 3176 3231 καὶμέχρι
3231 3163 3456 3217 Σκυθῶν
3503 3167 3616 3220 τῶν

2039 3252 2287 3322 νομάδων
2349 3253 2414 3321 τῇ
2447 3248 2638 3321 φήμῃ·
2680 3251 2780 3321 ἥδη
2817 3249 2996 3304 δὲκαὶ
3043 3252 3274 3322 Πέρσαι,
3310 3255 3406 3307 καὶ
3442 3255 3614 3320 Ἰνδοὶ,

2039 3348 2133 3400 καὶ
2178 3345 2454 3400 Αἰθιόπων
2475 3346 2628 3416 ἔθνη.
2665 3346 2762 3400 καὶ
2785 3346 2902 3398 ὅσοι
2939 3344 3040 3415 τῆς
3068 3345 3171 3414 γῆς
3196 3344 3328 3398 ἄλλο
3353 3363 3408 3400 τι
3452 3347 3618 3419 μέρος

2037 3441 2209 3494 οἰκεῖν
2241 3440 2457 3509 ἔλαχον,
2507 3439 2558 3493 οἱ
2600 3437 2700 3508 μὲν
2733 3436 2854 3507 ὄψει
2885 3436 2956 3490 τὰ
2987 3437 3220 3500 ἐκείνου,
3273 3439 3320 3490 οε
3375 3437 3433 3490 δὲ
3477 3439 3618 3510 ἀκοῇ

2041 3533 2488 3606 παραλαϐόντες,
2553 3531 2799 3602 γλώττης
2865 3528 3077 3602 τρυφὴν
3120 3529 3212 3583 τδν
3280 3531 3450 3602 ἄνδρα
3522 3548 3621 3586 πε·

2039 3625 2312 3696 ποίηνται.
2370 3625 2560 3694 Μέγας
2592 3624 2774 3677 τοίνυν
2819 3615 2972 3686 οὗτος
3000 3619 3098 3685 ὢν,
3153 3621 3246 3674 καὶ
3304 3622 3474 3684 πολὺς
3522 3621 3621 3692 τὴν

2041 3719 2229 3789 φήμην
2268 3719 2580 3788 γενόμενος,
2609 3713 2822 3768 πολλῶν
2877 3711 3036 3784 ἔτυχε
3082 3713 3178 3766 καὶ
3209 3713 3319 3765 τῶν
3373 3729 3622 3783 συγγρα-

2041 3811 2218 3878 φέων·
2248 3808 2362 3863 ἀλλ’
2401 3809 2576 3872 οὐδεὶς
2633 3806 2845 3861 οὐδέπω
2897 3805 3040 3860 κατά
3079 3805 3243 3877 μέρος
3279 3805 3347 3858 τὰ
3369 3805 3494 3859 κατ’
3525 3807 3620 3858 αὐ·

2039 3904 2132 3958 τὸν
2171 3902 2469 3972 διεξῆλθεν,
2494 3901 2671 3964 οὐδεὶς
2701 3899 2924 3954 ἅπαντα
2957 3900 3203 3968 καθῆκεν
3244 3899 3458 3964 ἑαυτὸν,
3501 3899 3623 3952 οὐδὲ

2043 3997 2310 4068 ἀκριϐῶς,
2343 3996 2491 4058 ὅπως
2519 3997 2730 4049 ἕκαστα
2758 3990 2906 4064 εἶχεν
2951 3992 3256 4062 ἀνέγραψε.
3293 3991 3455 4046 Ἀλλὰ
3498 3992 3623 4052 τοὺς

2043 4088 2154 4142 ἄνω
2181 4087 2406 4158 χρόνους
2437 4089 2494 4139 ὲν
2513 4084 2946 4156 κεφαλαιώδεσιν
3001 4085 3288 4154 ἑπιτομαῖς
3345 4081 3618 4144 εἰπόντες,

2044 4180 2162 4234 ἔνιά
2195 4196 2252 4232 τε
2302 4179 2413 4233 τῶν
2456 4179 2514 4232 ἐν
2549 4174 2698 4249 μέσῳ
2736 4177 3114 4248 παρέδραμον,
3167 4177 3259 4229 καὶ
3313 4175 3437 4228 οὐδὲ
3485 4175 3623 4244 πρὸς

2049 4271 2183 4326 αὐτὸ
2222 4270 2284 4323 τὸ
2312 4269 2463 4334 τέλος
2491 4269 2598 4322 τῶν
2629 4269 2820 4322 τούτου
2868 4268 3123 4338 πράξεων
3149 4263 3336 4338 ἦλθον.
3371 4267 3534 4336 Ἡμῖν
3566 4266 3621 4318 δὲ

2051 4367 2324 4439 χρήσιμος
2355 4365 2590 4434 μάλιστα
2623 4365 2650 4416 ὁ
2677 4363 2806 4434 περὶ
2831 4362 2995 4416 αὐτοῦ
3026 4362 3182 4429 λόγος
3207 4363 3378 4422 ἔσται,
3417 4360 3622 4414 ἄνωθέν

2046 4477 2106 4513 τε
2132 4458 2482 4530 ἀρχομένοις,
2526 4457 2620 4511 καὶ
2655 4456 2747 4509 ἐπὶ
2773 4454 2841 4507 τὰ
2861 4454 3146 4506 τελευταῖα
3179 4451 3274 4504 τοῦ
3308 4452 3500 4522 ἀνδρὸς
3528 4469 3624 4504 κα-

2046 4551 2402 4616 ταϐιϐάζουσι
2445 4551 2540 4621 τὴν
2593 4549 2864 4618 διήγησιν.
2917 4545 3082 4599 Ἀλλὰ
3111 4545 3324 4596 δέδοικα
3375 4547 3450 4614 μὴ
3513 4547 3624 4606 τοῖς

2053 4642 2192 4712 μετὰ
2215 4643 2389 4696 ταῦτα
2419 4641 2586 4710 μῦθος
2613 4636 2752 4693 εἶναι
2788 4637 2915 4708 δόξῃ
2945 4639 3042 4708 τῆς
3063 4635 3320 4706 ἀληθείας
3339 4651 3624 4703 γεγυμνω-

2051 4735 2232 4804 μένος.
2263 4733 2479 4786 Φιλοῦσι
2533 4733 2641 4800 γὰρ
2697 4732 2745 4783 οἱ
2787 4730 3068 4798 ἄνθρωποι
3101 4731 3167 4796 τῇ
3209 4727 3370 4795 φύσει
3401 4728 3622 4795 μετρεῖν

2049 4826 2116 4880 τὰ
2149 4825 2426 4895 γινόμενα·
2467 4826 2517 4876 εἰ
2541 4823 2597 4876 δέ
2632 4841 2682 4876 τι
2717 4824 2825 4875 τῶν
2863 4821 3036 4890 αὐτῆς
3067 4821 3208 4890 ὅρων
3246 4817 3506 4871 ἐπέκεινα
3542 4818 3626 4870 λέ-

2049 4935 2198 4988 γοιτο
2217 4958 2230 4983 ,
2293 4917 2496 4988 ψευδὴς
2529 4920 2642 4980 τοῖς
2669 4915 2779 4970 τῶν
2811 4915 2973 4969 θείων
3003 4915 3274 4984 ἀμυήτοις
3308 4914 3337 4965 ό
3366 4913 3525 4979 λόγος
3547 4932 3628 4966 νο-

2058 5012 2295 5082 μίζεται.
2335 5011 2554 5082 Ἐπειδὴ
2610 5011 2668 5063 δὲ
2704 5006 2859 5073 οὗτος
2893 5008 3068 5078 αὐτῆς
3113 5007 3330 5074 φύσεως
3359 5005 3471 5072 εἶξε
3505 5007 3630 5060 θεσ-

2061 5108 2204 5175 μοῖς,
2233 5104 2354 5158 οὐδὲ
2377 5102 2695 5175 ἀνθρώπινα
2719 5107 2904 5156 πονεῖν
2927 5103 3130 5167 εἵλετο,
3167 5103 3301 5156 ἀλλὰ
3324 5100 3630 5170 ἀσωμάτων

2055 5198 2116 5250 ὲν
2153 5195 2366 5266 σώματι
2397 5195 2576 5266 θνητῴ
2620 5195 2934 5260 ἐπεδείξατο
2983 5195 3284 5267 καρτερίαν
3310 5211 3324 5224 ·
3365 5193 3543 5255 ἄλλως
3571 5209 3630 5244 τε

2055 5289 2152 5342 καὶ
2183 5289 2290 5342 τῶν
2313 5289 2380 5341 τὰ
2402 5288 2519 5341 θεῖα
2554 5288 3004 5358 πεπαιδευμένων
3043 5288 3116 5358 γῆ
3145 5303 3204 5340 τε
3234 5287 3383 5338 πᾶσα
3416 5283 3629 5352 πλήρης

2055 5381 2147 5433 καὶ
2207 5379 2473 5447 θάλασσα,
2536 5380 2746 5435 ἕνθενδὲ
2802 5397 2890 5451 μοι
2934 5379 3168 5451 ἀρκτέον
3217 5378 3312 5432 τοῦ
3355 5375 3629 5448 διηγήμα-

2053 5490 2164 5536 τος.
