3868 6488
199 476 304 542 337

196 681 547 752 διακειμένη,
573 682 738 736 Σισὰν
776 682 832 734 δὲ
857 681 1027 752 αὐτὴν
1052 680 1405 750 ὀνομάζουσι.
1446 682 1540 734 Ἐκ
1568 682 1774 751 ταύτης

193 777 221 827 ὁ
258 773 576 843 θαυμαστὸς
624 772 849 841 Συμεὼν
878 769 1031 836 οὗτος
1070 774 1391 841 ὁρμώμενος
1414 816 1425 827 .
1464 774 1780 843 Ποιμαίνειν

195 863 492 933 θρέμματα
538 862 600 915 τὸ
650 862 869 928 πρῶτον
920 862 1022 915 ὑπὸ
1065 861 1172 913 τῶν
1239 864 1650 931 γεγεννηκότων
1704 865 1779 916 δι-

194 957 480 1022 δάσκεται,
546 957 633 1009 ἵνα
685 958 780 1009 καὶ
831 957 975 1009 κατὰ
1017 957 1174 1009 τοῦτο
1215 960 1328 1018 τοῖς
1385 957 1648 1026 μεγάλοις
1682 958 1780 1028 τὴν

194 1049 400 1118 ἀρετὴν
462 1046 697 1110 ἐκείνοις
751 1047 1205 1117 συναριθμεῖται*
1277 1046 1471 1100 Ἰακὼϐ
1531 1048 1609 1117 τῷ
1669 1066 1780 1101 πα·-

192 1140 455 1211 τριάρχῃ,
486 1140 652 1209 φημὶ,
688 1141 780 1192 καὶ
821 1138 1021 1209 Ἰωσὴφ
1063 1139 1142 1208 τῷ
1192 1139 1451 1209 σώφρονι,
1493 1142 1685 1193 Μωσεῖ
1722 1157 1779 1191 τε

194 1231 272 1302 τῷ
298 1232 586 1303 νομοθέτῃ,
627 1234 725 1287 καὶ
757 1233 920 1285 Δαόὶδ
946 1233 1025 1302 τῷ
1068 1233 1280 1302 βασιλεί
1340 1233 1435 1284 καὶ
1493 1234 1775 1303 προφήτῃ,

196 1326 293 1377 καὶ
356 1324 610 1395 Μιχαίᾳ,
659 1326 756 1378 καὶ⁷
814 1327 929 1389 τοῖς
984 1326 1105 1378 κατ’
1177 1326 1423 1388 ἐκείνους
1477 1325 1645 1388 Θεξοις
1691 1328 1783 1378 ἁν-

203 1417 388 1485 δράτι.
674 1412 679 1417 ’

265 1507 601 1577 γ⁹.Νιςρετοῦ
640 1509 698 1562 δεῖ
722 1525 869 1562 -ποτε
921 1510 1121 1564 πολλοῦ
1165 1512 1483 1580 γενομένου,
1533 1514 1625 1564 καὶ
1672 1511 1780 1562 τῶν

197 1598 490 1666 προϐάτων
512 1599 660 1653 ἔνδον
696 1600 878 1670 μένειν
906 1603 1367 1672 ἠναγκασμένων,
1405 1604 1601 1674 σχολῆς
1648 1606 1781 1657 ἁποο

195 1691 428 1754 λαύσας,
461 1692 541 1755 εἰς
566 1691 659 1744 τὸν
690 1691 835 1746 θεῖον
884 1692 1024 1747 νεὼν
1057 1693 1197 1763 μετὰ
1234 1693 1343 1746 τῶν
1372 1694 1639 1747 τεκόντων
1674 1694 1782 1765 ἀφ-

198 1782 367 1834 ίκετο.
399 1783 514 1853 Τῆς
546 1782 911 1855 εύαγγελικῆς
935 1785 1114 1838 τοίνυν
1145 1788 1331 1856 φωνῆς
1365 1786 1627 1849 ἀκούσας,
1670 1803 1778 1856 μα-

193 1872 538 1943 καριζούσης
612 1874 711 1945 μὲν
745 1875 871 1938 τοὺς
924 1875 1217 1939 κλαίοντας
1275 1876 1367 1928 καὶ⁵
1420 1876 1777 1941 πενθούντας,

195 1964 419 2027 ἀθλίους
469 1965 527 2018 δὲ
552 1968 678 2030 τοὺς
711 1965 986 2034 γελῶντας
1026 1967 1429 2037 ἀποκαλούσης,
1458 1968 1555 2021 καὶ
1602 1967 1777 2037 ζηλω-
1813 1945 1854 2003 Β

194 2057 319 2121 τοὺς
344 2057 720 2128 ὀνομαζούσης
752 2061 880 2123 τοὺς
913 2059 1013 2132 τὴν
1057 2059 1235 2130 ψυχὴν
1268 2060 1516 2129 καθαρὰν
1574 2076 1776 2129 κεκτηι

198 2149 420 2219 μένους,
453 2151 545 2203 καὶ
570 2152 639 2204 τὰ
668 2151 803 2205 ἄλλα
832 2152 930 2205 ὅσα
963 2150 1173 2215 τούτοις
1200 2150 1579 2215 συνέζευκται,
1611 2150 1775 2219 ἤρετό

195 2258 318 2294 τινα
375 2242 489 2296 τῶν
539 2244 862 2313 παρόντωνο
923 2244 977 2296 τί
1031 2244 1097 2297 ἄν
1136 2260 1219 2306 τις
1254 2245 1509 2314 ποιήσας,
1567 2244 1776 2296 τούτων

194 2332 430 2385 ἕκαστον
475 2336 770 2405 κτήσαιτο;
818 2334 1016 2396 Τὸνδὲ,
1060 2331 1151 2405 (ἦν
1209 2335 1317 2404 γὰρ
1349 2338 1442 2390 καὶ
1494 2331 1669 2400 οὗτος,
1701 2334 1776 2398 ὡς

195 2424 373 2479 ἔοικεν
407 2428 647 2497 ἐργάτης
670 2428 771 2498 τῆς
793 2428 1018 2498 ἀρετῆς)
1047 2429 1138 2481 τὸν
1169 2430 1458 2499 μοναδικὸν
1484 2430 1630 2500 αὐτῷ
1663 2429 1776 2499 βίον

195 2519 601 2589 ύπαγορεύσαι,
652 2519 750 2573 καὶ
779 2520 880 2589 τὴν
910 2520 1087 2589 ἄκραν
1133 2522 1349 2591 ἐκείνην
1383 2522 1659 2585 ὑποδεῖξαι
1691 2539 1779 2590 ιρι-

195 2610 480 2679 λοσοφίαν.

265 2702 331 2755 δ’.
362 2702 665 2771 Δεξάμενος
698 2705 878 2758 τοίνυν
900 2705 994 2759 τοῦ
1023 2706 1168 2759 θείου
1198 2706 1355 2775 λόγου
1378 2707 1443 2759 τὰ
1464 2707 1775 2776 σπέρματα,

196 2794 293 2846 καὶ
310 2798 433 2858 ταῖς
454 2794 697 2864 βαθείαις
716 2801 814 2868 τῆς
832 2799 1014 2870 ψυχῆς
1033 2799 1226 2864 αὖλαξι
1244 2798 1415 2853 ταῦτα
1432 2798 1663 2869 κρύψας,
1689 2801 1780 2852 ἐπὶ

194 2886 289 2940 τὶν
334 2886 568 2957 πλησίον
600 2888 709 2942 τῶν
755 2891 916 2961 ἱερῶν
946 2892 1242 2963 μαρτύρων
1293 2892 1586 2962 ἀποτρέχει
1634 2891 1776 2946 ναόν.

190 2975 299 3028 ’Ἑν
330 2974 509 3045 τούτῳ
540 2978 596 3031 δὲ
628 2981 693 3048 τῇ
712 2981 781 3049 γῇ
806 2979 864 3032 τὸ
888 2982 1139 3050 μέτωπον
1177 2980 1272 3034 καὶ
1302 2982 1369 3034 τὰ
1387 2982 1589 3049 γόνατα
1613 2997 1783 3050 προσ-

192 3065 416 3134 ερείσας
481 3068 717 3122 ἱκετεύει
772 3068 863 3122 τὸν
921 3073 1128 3132 πάντας
1189 3070 1514 3142 ἀνθρώπους
1584 3071 1782 3134 σώζειν

199 3156 484 3223 ἐθέλοντα,
528 3159 804 3231 ὁδηγῆσαι
864 3163 1028 3216 αὐτὸν
1086 3164 1223 3233 πρὸς
1262 3162 1361 3235 τὴν
1414 3163 1628 3217 τελείαν
1682 3164 1784 3232 τῆς

198 3250 486 3314 εὐσεϐείας
544 3252 698 3307 ὁδόνο
738 3254 834 3307 ἐπὶ
875 3254 1010 3308 πολὺ
1036 3255 1093 3308 δὲ
1126 3255 1316 3308 τοῦτον
1349 3254 1640 3325 διατρίψας
1689 3255 1782 3309 τὸν

196 3343 422 3410 τρόπον,
447 3344 824 3399 ὑπολισθαίνει
849 3347 951 3417 ήδη
976 3347 1109 3417 πρὸς
1143 3346 1336 3410 ὕπνον,
1370 3346 1505 3417 ὄναρ
1546 3346 1606 3400 δὲ
1635 3347 1783 3399 τόνδε

197 3437 321 3505 ἐρᾷ.
367 3437 656 3507 Ὀρύττειν
699 3438 879 3491 ἐδόκει
908 3439 1160 3508 θεμέλια,
1190 3434 1311 3494 εῐτά
1358 3456 1506 3501 τινος
1552 3439 1786 3505 ἑστῶτος

196 3524 442 3590 ἀκούειν,
479 3527 555 3589 ώς
579 3526 662 3580 ἐτι
691 3526 945 3597 βαθύνειν
968 3527 1028 3580 τὸ
1066 3528 1293 3599 ὄρυγμα
1335 3528 1437 3583 δεῖ.
1471 3529 1787 3597 Προστεθει-

201 3613 313 3678 κὼς
341 3615 525 3668 τοίνυν
546 3616 623 3679 ὡς
654 3617 909 3670 ἐκέλευσε
940 3618 1126 3686 βάθος,
1185 3619 1350 3672 πάλιν
1399 3620 1658 3687 ἐπειρᾶτο
1712 3620 1737 3669 ῖ
1745 3637 1790 3669 ι-

200 3708 607 3763 αναπαύεεθαιο
623 3710 761 3764 ἀλλὰ
781 3711 875 3764 καὶ
893 3708 1047 3775 αὖθις
1064 3711 1311 3782 ὀρύττειν
1325 3712 1472 3781 αὑτῴ
1488 3713 1761 3782 προσέτατ
1773 3741 1790 3751 -

201 3816 290 3850 τεν
319 3801 350 3852 ὁ
376 3800 592 3865 φανεὶς,
631 3801 729 3853 καὶ
795 3802 868 3872 μὴ
893 3802 1083 3872 λήγειν
1116 3803 1211 3857 τοῦ
1239 3804 1420 3857 πόνου.
1454 3803 1585 3873 Τρὶς
1613 3803 1670 3856 δὲ
1695 3804 1789 3857 καὶ

200 3891 458 3957 τετράκις
517 3892 677 3945 τοῦτο
710 3895 1122 3964 παρεγγυήσας,
1189 3895 1341 3958 τέλος
1376 3895 1583 3967 ἐπειδὴ
1638 3900 1791 3968 παρὰ

201 3988 299 4051 τὴν
347 3983 447 4036 τοῦ
489 3983 688 4053 βάθους
732 3985 1039 4057 ὑπερϐολὴν
1093 3987 1190 4057 οὐχ
1247 3982 1358 4041 οἷόν
1386 3970 1466 4041 ’ἐι
1510 3985 1578 4059 ἦν
1627 3989 1790 4042 πλέον

204 4073 475 4141 ὀρύττειν,
503 4076 870 4147 ἀποχρώντως
900 4073 1001 4148 εἶχ’
1043 4079 1146 4148 ἔφη
1188 4080 1249 4132 τὸ
1299 4080 1481 4151 βάθος,
1518 4085 1612 4137 καὶ
1641 4088 1788 4139 οἰκο-

208 4164 393 4233 δομεῖν
430 4166 689 4247 ἐκέλευσε
741 4168 837 4222 τοῦ
893 4170 1107 4235 λοιποῦ,
1136 4171 1212 4233 ὡς
1236 4172 1503 4242 λήξαντός
1546 4192 1606 4228 τε
1640 4176 1790 4248 αὐτῷ

207 4256 302 4309 τοῦ
356 4258 526 4313 πόνου
568 4261 793 4332 καὶτῆς
834 4262 1146 4332 οἰκοδομίας
1191 4264 1467 4337 ἑπομένης
1528 4267 1789 4332 εὐκόλως.

209 4351 396 4423 Ταύτῃ
420 4356 486 4424 τῇ
526 4356 830 4426 προρῤήσει
864 4357 934 4410 τὰ
962 4357 1268 4427 πράγματα
1295 4363 1565 4430 μαρτυρεῖ
1592 4377 1605 4392 ·
1632 4360 1791 4415 τοῦτο

217 4443 314 4515 γὰρ
348 4445 446 4498 καὶ
477 4446 512 4515 ὴ
540 4445 665 4515 ὄψις
700 4447 889 4518 ἐδήλου
916 4449 1000 4504 ὅτι
1031 4449 1177 4520 πέρα
1203 4468 1261 4503 τε
1294 4451 1393 4520 τῆς
1432 4451 1647 4521 φύσεώς
1674 4454 1788 4507 ἐστι

202 4536 274 4588 τὰ
298 4537 585 4607 γινόμενα,
617 4539 711 4592 καὶ
739 4540 821 4594 ὅτι
852 4540 993 4608 μετὰ
1019 4543 1144 4606 τοὺς
1199 4543 1501 4614 ὑπερφυεῖς
1547 4545 1790 4610 ἐκείνους

1278 482 1455 543 VITA
1496 481 1553 539 S.
1594 477 1972 539 SYMEONIS
2012 479 2368 547 STYLIT/E.

269 590 336 660 β’.
396 589 577 659 Κώμη
628 590 712 652 τίς
737 592 855 642 ἐστι
912 590 1114 660 μεταξὺ
1150 590 1336 661 Σύρων
1383 592 1477 644 καὶ
1517 590 1759 643 Κιλίκων
1797 596 1840 647 Α

3361 479 3467 541 333

1936 588 1991 642 2.
2026 589 2186 647 Vicus
2241 594 2460 662 quidam
2516 594 2655 650 inter
2687 576 2897 664 Syriam
2947 599 3003 649 et
3024 588 3270 648 Ciliciam
3302 590 3443 647 situs

1886 689 1991 745 est,
2027 681 2219 739 incolze
2252 685 2429 741 Sisam
2457 688 2530 758 (l)
2564 688 2852 743 nominant
2874 706 2886 743 :
2907 704 2971 743 ex
2995 688 3086 742 illo
3105 674 3467 743 admirandus

1886 773 1976 827 hic
2011 774 2244 845 Symcon
2280 779 2544 834 oriundus
2576 780 2697 835 fuit.
2751 781 2829 836 Ac
2885 764 3130 850 primum
3167 779 3387 849 quidem
3437 795 3468 833 a

1887 864 2201 934 parentibus
2220 878 2350 923 mres
2377 886 2596 938 paScere
2615 872 2860 936 docetur,
2892 882 2950 927 ut
2978 872 3030 925 in
3060 888 3124 927 eo
3148 886 3466 941 magnarum

1885 958 2158 1025 quondam
2212 958 2476 1014 virtutum
2536 962 2665 1017 viris
2703 950 3117 1027 adnumeretur,
3151 962 3350 1022 Jacob.
3386 961 3469 1014 in—

1883 1065 2066 1118 quam,
2118 1053 2471 1120 patriarchae,
2527 1054 2731 1125 Joscph
2786 1050 3110 1116 continenti,
3164 1052 3331 1122 Moysi
3386 1052 3465 1104 le~

1883 1142 2145 1209 gislatori,
2209 1144 2393 1199 Davidi
2465 1146 2573 1217 regi
2638 1156 2692 1202 et
2754 1146 3053 1216 prophetae,
3134 1155 3195 1200 ut
3258 1152 3313 1199 et
3373 1143 3465 1194 Mi-

1884 1234 2054 1299 cheaa,
2080 1237 2399 1308 czeterisque
2432 1239 2649 1294 demum
2685 1239 3048 1294 sanctissimis
3101 1239 3220 1309 ejus
3263 1239 3468 1295 ordinis

1887 1344 2039 1382 νει-ιε.

1955 1510 2005 1563 5.
2042 1510 2177 1565 Cum
2208 1526 2335 1564 vero
2361 1511 2654 1581 aliqmndo
2684 1511 2754 1565 ob
2786 1511 3010 1565 nimiam
3051 1511 3157 1564 vim
3201 1509 3408 1563 nivium
3436 1524 3468 1562 e

1884 1598 2023 1653 cmlo
2070 1600 2355 1667 labentem
2414 1615 2544 1655 oves
2597 1599 2741 1655 domi
2802 1615 3025 1654 manere
3098 1608 3465 1667 cogerentur,

1883 1688 2053 1743 otium
2090 1700 2283 1744 nactus
2311 1690 2382 1744 ad
2416 1705 2624 1745 sacram
2661 1689 2955 1745 ecclesiam
2983 1704 3105 1742 cum
3147 1687 3466 1757 parentibus

1883 1778 2153 1834 concessit
2186 1779 2331 1833 :illic
2364 1795 2486 1833 cum
2511 1796 2699 1833 vocem
2729 1780 3097 1851 cvangelicam
3121 1777 3464 1840 inaudiissct,

1883 1887 2004 1942 quae
2059 1873 2306 1942 lugentes
2347 1881 2402 1925 et
2457 1871 2649 1927 (lentes
2695 1872 2884 1927 beatos
2913 1872 3195 1944 praedicat,
3223 1869 3468 1924 infelices

1883 1978 2014 2019 vero
2038 1964 2278 2019 ridentes
2320 1965 2631 2030 denuntiat,
2659 1966 2901 2035 itemque
2941 1964 3245 2019 imitatione
3275 1963 3468 2033 dignos

1885 2074 2079 2113 omnes
2132 2060 2224 2128 qui
2271 2061 2477 2113 mundo
2515 2068 2642 2113 sunt
2694 2061 2879 2124 corde,
2911 2067 2967 2114 et
3013 2071 3352 2127 quacunque
3384 2055 3470 2109 his

1883 2150 2088 2205 similia
2121 2151 2375 2220 adjuncta
2401 2159 2565 2218 sunt;
2591 2166 2766 2205 unum
2792 2168 2821 2206 e
2853 2150 3212 2220 praesentibus
3237 2149 3470 2201 interro-

1883 2243 2050 2313 gavit.
2113 2243 2310 2312 ecquid
2368 2244 2489 2312 quis
2535 2244 2790 2297 faciendo
2818 2245 3012 2296 borum
3040 2240 3250 2313 singula
3278 2254 3469 2294 conse-

1884 2346 2181 2404 queretur;
2227 2344 2338 2389 tum
2370 2335 2529 2399 alter,
2589 2336 2680 2403 qui
2740 2346 2787 2389 et
2828 2334 3068 2398 virtutis,
3119 2343 3171 2387 ut
3220 2340 3465 2402 apparet,

1886 2427 2062 2480 cultor
2086 2436 2220 2491 erat,
2253 2429 2613 2482 monasticam
2661 2427 2710 2479 ei
2762 2427 2925 2480 tilam
2977 2426 3193 2489 suadet,
3240 2425 3469 2495 ejusque

1886 2518 2173 2573 sublimem
2210 2519 2609 2588 pliilosOpliiam
2630 2520 2892 2573 ostendit.

1956 2693 2008 2745 4.
2038 2694 2293 2762 Symcon,
2316 2691 2476 2761 igitur
2508 2690 2746 2761 acceptis
2774 2690 2941 2744 divini
2978 2690 3127 2744 verbi
3148 2689 3468 2751 seminibus,

1888 2785 2063 2854 iisque
2117 2786 2172 2838 in
2227 2785 2436 2837 intimis
2481 2783 2647 2837 animi
2709 2782 3017 2837 recessibus
3054 2781 3355 2847 absconsis,
3401 2780 3471 2834 ad

1888 2877 2192 2946 prOximnm
2251 2891 2530 2930 sacrorum
2584 2885 2883 2945 martyrum
2960 2875 3218 2944 templuzn
3284 2873 3473 2928 confu-

1889 2970 1987 3039 git,
2018 2968 2129 3023 illic
2150 2968 2290 3023 faeie
2323 2977 2378 3023 et
2418 2968 2650 3037 genibus
2713 2968 2769 3021 in
2803 2975 3003 3021 terram
3036 2965 3249 3028 deﬁxis,
3302 2963 3471 3017 Deum

1889 3062 1980 3132 qui
2008 3076 2200 3116 omnes
2257 3061 2511 3115 homines
2548 3060 2758 3114 salvare
2790 3059 2941 3128 cupit
2992 3069 3265 3127 precatur,
3319 3063 3378 3109 ut
3404 3055 3471 3109 ad

1892 3153 2347 3222 rectam'pietatis
2383 3153 2521 3207 viam
2550 3152 2764 3223 dirigat.
2803 3150 2937 3206 lluic
2968 3149 3045 3204 rei
3078 3150 3203 3202 dum
3229 3148 3475 3218 aliquan-

1892 3246 1984 3301 diu
2008 3246 2265 3309 intendit,
2301 3246 2559 3315 paulatim
2583 3247 2637 3300 in
2671 3260 2924 3301 somnum
2957 3240 3249 3304 delabitur,
3282 3257 3345 3295 ac
3369 3241 3474 3295 tale

1892 3338 2109 3393 demum
2144 3337 2319 3392 visum
2351 3338 2651 3408 cognoscit.
2695 3337 3068 3391 Fundamenta
3099 3335 3346 3404 qnzedam
3368 3333 3471 3387 sibi

1891 3431 2130 3486 ell‘odere
2162 3432 2310 3484 visus
2352 3441 2455 3493 est,
2507 3431 2705 3485 deinde
2736 3431 2805 3483 ab
2855 3438 3066 3484 astante
3097 3430 3332 3499 quodam
3377 3443 3475 3481 au-

1892 3525 2031 3587 dire,
2083 3534 2142 3578 ut
2201 3523 2401 3577 fossam
2460 3522 2639 3576 adhuc
2675 3522 2842 3575 altius
2871 3520 3112 3575 ellodiat.
3141 3521 3277 3574 Cum
3313 3520 3474 3590 igitur

1887 3619 2019 3688 jam.
2048 3617 2126 3670 nti
2156 3617 2368 3683 jussnm
2401 3615 2599 3677 fuerat,
2626 3613 2907 3668 eﬂossioni
2967 3614 3276 3679 institisset,
3310 3611 3475 3682 coepit

1891 3710 1959 3763 ab
1981 3722 2147 3779 opere
2170 3706 2471 3777 quiescere.
2497 3704 2636 3761 Cum
2682 3721 2810 3761 ecce
2849 3721 3060 3770 rursus,
3087 3706 3179 3775 qni
3206 3718 3476 3775 apparue-

1892 3810 1998 3867 rat,
2038 3800 2267 3855 ulterius
2325 3799 2561 3854 ell'odere
2617 3797 2789 3869 jubet,
2835 3813 3010 3868 neque
3059 3799 3126 3852 ab
3155 3812 3322 3868 opere
3352 3811 3474 3850 ces-

1891 3910 2032 3950 sare.
2075 3894 2213 3948 Cum
2248 3893 2410 3947 tertio
2436 3908 2498 3946 ac
2542 3901 2736 3961 quarto
2767 3892 2870 3947 hoc
2900 3892 3012 3946 lieri
3048 3891 3377 3954 mandasset,
3411 3904 3477 3943 ae

1892 3987 2113 4041 tandem
2160 3987 2231 4041 ob
2281 3986 2503 4039 nimiam
2563 3987 2723 4040 fossae
2778 3984 3200 4054 profunditatem
3242 3983 3481 4053 amplius

1894 4076 2081 4135 fodere
2121 4095 2230 4133 non
2258 4079 2483 4144 valeret,
2516 4081 2649 4135 satis
2697 4080 2809 4148 jam
2845 4078 3104 4133 ell'ossum
3138 4094 3258 4133 esse
3289 4077 3473 4132 deela-

1896 4180 2001 4236 rat,
2025 4187 2088 4225 ac
2122 4169 2410 4226 aediﬁcium
2447 4171 2585 4226 strui
2630 4172 2884 4241 imperat,
2908 4186 3087 4240 neque
3122 4187 3187 4226 eo
3231 4188 3261 4224 a
3286 4171 3474 4227 labore

1891 4263 2001 4332 jam
2059 4270 2310 4316 cessante
2371 4260 2645 4315 dillicilem
2679 4261 2939 4331 deinceps
2972 4261 3087 4316 fore
3141 4269 3474 4316 structuram

1896 4344 2100 4406 monet.
2136 4350 2272 4405 Huic
2306 4351 2566 4406 vaticinio
2602 4352 2885 4421 respondit
2911 4362 3163 4407 eventus.
3194 4352 3475 4423 Signiﬁca-

1894 4445 1990 4500 bat
2041 4445 2187 4498 enim
2240 4444 2400 4509 visio,
2454 4445 2601 4514 quod
2657 4460 2779 4515 quae
2832 4446 3091 4517 deinceps
3148 4447 3215 4500 ab
3268 4460 3334 4500 eo
3377 4462 3475 4517 ge-

1895 4544 1978 4589 sta
2044 4540 2172 4590 sunt
2225 4543 2434 4588 natura:
2497 4534 2703 4590 limites
2761 4536 3112 4591 excederent.
3179 4535 3475 4591 Monastica

206 4628 406 4704 πόης
433 4629 531 4694 οὓς
556 4631 659 4702 τὴν
710 4632 885 4705 ἀρχὴν
918 4636 947 4688 ὁ
972 4635 1199 4706 Συμεὼν
1254 4635 1584 4705 ἠγωνίσατο,
1647 4640 1784 4693 κατὰ

1897 4627 2044 4682 enim
2074 4626 2182 4681 vita
2220 4634 2345 4696 post
2370 4625 2603 4681 eximios
2629 4626 2751 4682 illos
2781 4628 3019 4691 labores,
3045 4643 3180 4697 quos
3230 4628 3285 4681 in
3331 4628 3477 4698 prin-

207 4718 339 4791 ῥοῦν
358 4720 388 4775 δ
419 4720 721 4793 ἀσκητικδς
750 4725 897 4796 αὗτῷ
922 4727 1339 4798 διανυσθὴσεται
1381 4726 1511 4797 βίος.

278 4908 341 4957 ε’.
377 4901 622 4956 Ἐκεῖθεν
652 4903 682 4956 ὄ
704 4903 928 4973 Συμεὼν
960 4904 1225 4969 ἀναστὰς,
1259 4905 1353 4958 ἐπὶ
1378 4904 1440 4958 τὸ
1472 4906 1793 4973 ἑκγειτόνων

203 4994 465 5061 ἀσκητῶν
502 5011 664 5048 τινων
689 4996 1035 5064 καταγώγιον
1068 4995 1404 5066 μεταϐαίνει.
1439 4994 1541 5049 Δύο
1569 4996 1627 5050 δὲ
1660 5014 1792 5050 συνο

200 5084 438 5153 αγαγὼν
487 5084 701 5149 τούτοις
764 5086 858 5156 ἐτη
908 5087 1003 5141 καὶ
1038 5086 1378 5157 τελεωτέρας
1434 5088 1633 5158 ἀρετῆς
1667 5090 1767 5161 ἐρα

204 5176 383 5243 σθεὶς,
426 5177 661 5233 Τελεδὰν
701 5180 921 5252 ἐκείνην
959 5180 1061 5251 τὴν
1097 5178 1294 5251 κώμην
1354 5181 1791 5251 καταλαμδάνει,

205 5269 335 5322 καθ’
357 5268 470 5341 ﬁve
501 5267 817 5341 θαυμαστὸς
862 5271 1187 5341 Ἡλιόδωρος
1235 5270 1337 5342 τὴν
1361 5271 1470 5327 τῶν
1501 5273 1600 5325 σὺν
1642 5274 1793 5344 αὐτῷ

244 5486 361 5610 ἀεὶ)
403 5485 785 5544 Theodoretus
822 5486 990 5546 Sesan
1021 5500 1191 5547 vocat.
1231 5492 1419 5551 Graece
1454 5495 1545 5551 hic
1581 5506 1664 5551 est
1706 5497 1798 5550 Σιο

208 5574 341 5610 σαν.

284 5625 426 5698 (2-5)
466 5626 611 5684 Fusa
634 5629 966 5688 describitur
993 5632 1209 5690 Teledze
1223 5634 1362 5691 situs
1379 5634 1589 5690 25km.
1611 5637 1665 5690 in
1683 5637 1792 5692 vita

205 5697 269 5777 ξ.
296 5697 874 5777 ἘμεειὲἰῙ-Ιηλνίια-β,
910 5703 1149 5761 Danielis
1179 5705 1386 5777 Stylita‘.
1418 5707 1477 5761 ll
1530 5706 1787 5761 Decemb.

204 5768 434 5830 Telada,
466 5770 735 5825 Τελλαδὰν
764 5771 983 5829 dicitur.

287 5842 362 5909 (ὃ)
403 5839 975 5918 Theodoretusaddit
1039 5860 1147 5918 non
1187 5845 1493 5918 ingressum
1532 5862 1653 5902 esse
1686 5846 1785 5918 Sy-

206 5926 339 5965 mco
362 5929 465 5967 .etn
523 5915 913 5967 monasterium
947 5915 1001 5968 S.
1038 5914 1287 5980 Eusebii,
1322 5917 1417 5972 sed
1452 5918 1595 5973 aliud
1638 5914 1780 5988 quod

1893 4722 2039 4791 eipio
2072 4721 2317 4775 exercuit
2348 4720 2606 4791 Symeon,
2639 4720 2714 4774 illi
2763 4736 2829 4775 ex
2863 4720 3030 4775 animi
3063 4721 3335 4776 sententia
3353 4736 3476 4777 suc-

1891 4810 2079 4868 cessit.

1965 4904 2017 4958 5.
2047 4903 2178 4959 Inde
2206 4918 2329 4958 cum
2358 4904 2707 4971 surrexisset,
2734 4905 2799 4959 ad
2820 4904 3058 4960 vicinum
3081 4906 3473 4960 monachorum

1892 5004 2096 5051 emtum
2127 4995 2385 5062 divertit;
2443 4997 2536 5051 ubi
2594 4997 2817 5052 biennio
2870 5007 3262 5063 commoratus,
3294 4998 3474 5068 perle-

1890 5088 2078 5143 ctioris
2104 5087 2325 5142 virtutis
2350 5088 2650 5157 cupidusin
2677 5088 2932 5143 Tcledam
2961 5090 3101 5158 (2-5)
3124 5106 3318 5161 pagum
3345 5106 3475 5145 con-

1893 5181 2092 5247 cessit;
2124 5181 2181 5234 in
2204 5195 2315 5250 quo
2353 5180 2659 5236 admirabili
2687 5183 2805 5237 viro
2844 5182 3134 5239 Heliodoro
3167 5186 3239 5255 (ί)
3283 5199 3475 5238 mona»

1894 5276 2196 5329 nachornm
2251 5290 2382 5329 cura
2429 5283 2549 5329 erat
2578 5277 2911 5342 concredita,
2956 5280 3048 5349 qui
3103 5280 3399 5350 equinque
3423 5287 3477 5333 et

1897 5512 1962 5552 ex
1989 5511 2054 5550 eo
2087 5495 2431 5566 germinavit,
2462 5495 2789 5550 zediiicatum
2832 5493 2899 5548 ab
2934 5492 3217 5566 Ensebona
3249 5500 3303 5545 et
3348 5489 3471 5566 Abi-

1899 5576 2047 5632 tone,
2089 5557 2294 5634 quibus
2340 5557 2448 5620 vita
2483 5566 2681 5620 functis
2720 5564 2983 5619 successit
3026 5560 3360 5634 Heliodorus.
3401 5557 3474 5611 De

1896 5638 1999 5691 hoc
2035 5630 2237 5691 autem
2300 5634 2592 5691 Heliodoro
2651 5650 2812 5706 agere
2848 5630 3474 5706 ividetnr_Sozomenus

1892 5707 2095 5782 lib._vl,
2128 5721 2248 5776 cap.
2282 5708 2351 5760 55
2376 5716 2430 5761 et
2467 5707 2557 5782 ξιιμ,
2603 5702 2711 5782 ubi
2726 5705 2970 5761 celebres
3000 5702 3309 5782 leesyrize
3356 5714 3474 5752 mo-

1890 5778 2099 5852 naehos
2144 5788 2417 5852 recenset.
2465 5776 2858 5852 Theodoretus
2892 5789 3020 5852 cum_
3064 5787 3131 5828 eo
3176 5776 3471 5852 egissese.

1890 5848 2565 5975 ejusqueﬁimplicitalem
2606 5856 2661 5902 et
2693 5847 2858 5902 animi
2903 5843 3195 5916 puritatem
3229 5843 3474 5900 admira-

1891 5929 2138 5975 tuntscn
2180 5928 2240 5973 tt.
2866 5964 2877 5972 .

1891 5921 2240 5977 tumscribit.
