3868 6476
330 443 438 509 339

1525 442 1810 505 MENSIS
1841 441 2306 504 JANU‘ARIUS.

3485 440 3594 504 3i0‘

333 552 616 626 sexaginta
661 551 865 625 quibus.
922 551 1132 609 vixerat
1187 549 1388 618 annis,
1447 551 1670 606 totidem
1743 549 1912 606 tribus

2023 549 2355 604 πεπίστευτο
2390 550 2749 622 προστασίαν,
2785 549 2845 614 ὃς
2869 549 2965 622 ἔτη
3016 549 3118 620 μιν
3147 549 3311 604 πέντε
3341 551 3435 605 καὶ
3465 551 3592 620 ἑξή-

333 643 592 715 demptis,
625 659 686 699 se
716 643 774 698 in
795 643 928 698 cella
955 642 1331 705 concluserat,
1365 649 1476 696 tres
1505 640 1652 696 enim
1683 641 1739 696 in
1770 640 1911 694 lacte

331 744 387 792 et
421 734 652 790 inl'antili
715 733 1060 789 institutione
1107 731 1483 804 consumpsit;
1536 746 1660 786 nam
1693 747 1722 785 a
1751 730 1912 784 tertio

330 828 510 884 artatis
541 843 687 884 anno
740 843 769 881 a
802 826 1125 898 parentibus
1165 826 1276 881 Deo
1323 835 1407 881 est
1444 833 1818 892 consecratus,
1857 831 1912 878 et

335 923 482 978 hunc
509 919 880 976 admirabilem
910 917 1301 975 monachorum
1367 933 1582 991 gregem
1634 917 1912 989 ingressus

332 1025 438 1072 est.
473 1013 568 1070 Vir
598 1015 689 1069 hic
746 1013 996 1082 exemplo
1049 1011 1230 1083 magni
1265 1011 1410 1066 illius
1457 1009 1630 1066 Jacob
1679 1009 1911 1080 simplex

331 1113 471 1171 erat,
511 1120 576 1160 ac
605 1120 672 1160 eo
725 1104 946 1160 demum
981 1102 1418 1158 mansuetudinis
1451 1117 1515 1156 ac
1544 1100 1759 1172 pietatis
1785 1116 1912 1172 per-

333 1205 580 1264 venerat,
625 1206 683 1253 ut
715 1197 979 1253 asceticas
1011 1195 1160 1266 leges
1204 1211 1606 1268 supergressus,
1661 1193 1912 1249 homines

333 1303 527 1344 omnes
591 1288 740 1344 omni
794 1288 1055 1344 virtutum
1089 1303 1289 1358 genere
1329 1295 1636 1358 superaret,
1688 1301 1753 1342 ac
1807 1283 1910 1356 ipsi

337 1382 448 1436 Deo
467 1381 685 1440 demum
726 1380 1064 1452 propinquus
1095 1380 1270 1436 ﬂeret.

405 1557 459 1613 6.
503 1557 580 1614 Ad
617 1559 765 1614 hunc
801 1559 1153 1630 quinquertio
1192 1570 1378 1614 noster
1413 1560 1775 1630 perveniens,
1821 1560 1911 1617 ille

336 1651 556 1720 pietatis
586 1661 820 1707 certator
846 1653 1034 1706 decem
1064 1653 1118 1706 in
1158 1652 1259 1706 hoc
1292 1653 1563 1722 Spirituali
1605 1653 1910 1708 certamine

335 1745 603 1816 transegit
630 1759 843 1800 annos:
873 1745 967 1815 qui
1023 1762 1146 1799 cum
1194 1745 1466 1816 octoginta
1511 1745 1910 1800 commilitones

335 1834 584 1898 haberet,
611 1849 804 1890 omnes
834 1835 1094 1900 anteivit;
1124 1835 1352 1904 aliisque
1375 1844 1495 1905 post
1515 1835 1740 1890 biduum
1767 1851 1910 1890 sem.

2012 658 2177 696 κοντα
2205 642 2412 702 διεϐίω,
2444 642 2681 697 τοσαῦτα
2708 641 2766 696 δὲ
2797 641 2967 714 τριῶν
2996 641 3228 696 δεόντων
3258 643 3318 697 ἐν
3363 644 3592 715 οἰκίσκῳ

2012 732 2306 805 καθείρκτο
2323 750 2337 762 ·
2361 733 2534 787 ταῦτα
2550 733 2660 803 γὰρ
2678 731 2828 804 αύτῷ
2840 732 2908 786 τὰ
2929 731 3056 804 τρία
3079 731 3384 802 ένγάλακτι
3401 733 3593 803 ἑτρίΰη

2012 825 2106 877 καὶ
2135 826 2412 887 παιδικαίς
2448 827 2725 894 ἀγωγαῖςο
2764 823 2900 894 ὁμοῦ
2923 841 2982 877 τε
3012 825 3122 894 γὰρ
3157 825 3340 894 τρίτον
3372 825 3493 888 ἔτος
3525 821 3592 892 ἧν

2011 915 2271 984 γεγονὼς,
2300 919 2394 970 καὶ
2413 917 2586 988 δῶρον
2607 917 2769 980 εὐθὺς
2790 915 2943 989 παρὰ
2965 917 3078 971 τῶν
3102 919 3373 971 τεκόντων
3421 919 3590 988 ἀνέθη

2011 1007 2152 1078 Θεῷ,
2181 1010 2274 1063 καὶ
2297 990 2398 1079 τήν
2422 995 2735 1078 θαυμασίαν
2766 1008 2970 1080 ἀγέλην
2999 1008 3315 1079 εἰσελήλυθε
3361 1011 3593 1080 ταύτην.

2026 1101 2195 1172 Ἀνὴρ
2225 1093 2380 1166 οὗτος
2414 1101 2693 1165 ἄπλαστος
2717 1101 2836 1172 μὲν,
2869 1102 3014 1157 κατὰ
3039 1101 3132 1156 τὸν
3179 1103 3354 1172 μέγαν
3380 1105 3592 1159 ἐκεῖνον

2013 1193 2108 1247 καὶ
2141 1193 2448 1262 θαυμάσιον
2481 1193 2696 1256 Ἰακὼϐ,
2729 1194 3038 1266 πρᾳότητος
3063 1194 3122 1248 δὲ
3145 1195 3241 1248 καὶ
3276 1194 3592 1264 καθαρότηο

2012 1301 2104 1348 τος
2134 1286 2216 1348 εἰς
2245 1285 2402 1339 τοῦτο
2432 1285 2652 1351 ἐλάσας,
2681 1285 2758 1349 ὡς
2785 1285 2912 1349 τοὺς
2937 1285 3274 1356 ἁσκητικούς
3302 1303 3363 1339 τε
3396 1286 3596 1357 νόμους

2015 1376 2450 1447 ύπεραναϐῆναι,
2487 1376 2582 1430 καὶ
2614 1377 2825 1440 πάντας
2855 1375 2996 1430 κατὰ
3053 1378 3162 1430 πᾶν
3209 1376 3414 1447 ἀρετῆς
3447 1371 3594 1441 εἶδος

1932 1477 1942 1486 '
2013 1466 2334 1538 ἀνθρώπους
2375 1469 2758 1536 παρενεγκεῖν,
2791 1467 2887 1522 καὶ
2909 1467 3030 1538 Θεῷ
3051 1468 3374 1540 πλησιάσαι.

2085 1567 2160 1624 ς’.
2194 1559 2337 1630 Πρὸς
2361 1559 2550 1613 τοῦτον
2577 1561 2604 1613 ὁ
2640 1560 2936 1624 πένταθλος
2959 1560 3290 1630 ἀφικόμενος
3315 1554 3472 1625 οὗτος
3494 1562 3598 1631 τῆς

2013 1653 2292 1716 εὐσεϐείας
2325 1652 2666 1724 ἀγωνοθέτης
2697 1653 2828 1706 δέκα
2861 1652 2962 1722 μὲν
2996 1652 3297 1706 διετέλεσεν
3327 1653 3600 1722 ἀγωνιζό-

2016 1763 2173 1817 μενος
2201 1745 2296 1816 ἒτη
2316 1763 2328 1775 ·
2355 1745 2682 1816 ὀγδοήκοντα
2711 1745 2769 1798 δὲ
2794 1745 3200 1814 συναγωνιστάς
3237 1745 3400 1816 ἔχων,
3420 1746 3597 1816 ὑπερ-

2013 1839 2266 1910 ηκόντισε
2319 1837 2547 1900 πάντας,
2615 1840 2711 1891 καὶ
2747 1838 2859 1890 τῶν
2878 1837 3053 1892 ἄλλων
3077 1837 3230 1910 παρὰ
3261 1837 3356 1891 δύο
3389 1854 3593 1908 τρεφοο

334 1941 434 1993 per
478 1925 661 1980 cibum
713 1899 1087 1992 sumcntibus,
1143 1899 1278 1993 ipse-
1313 1899 1480 1980 totam
1519 1927 1909 1981 hebdomadam

2020 1899 2194 2001 μένων
2235 1930 2472 2001 ἡμέρας,
2503 1899 2668 1993 αὐτὸς
2722 1933 2902 1984 πᾶσαν
2932 1930 3120 1994 ἄσιτος
3153 1899 3258 2002 ἦγε
3292 1931 3390 1998 τὴν
3425 1899 3596 1984 ’ἑϐδο-

336 2017 458 2072 sine
502 2017 624 2072 cibo
671 2017 904 2073 ducebat
936 2019 1120 2088 :qnod
1177 2019 1385 2088 reliqua
1433 2017 1803 2074 consodalium
1839 2017 1917 2090 (5)

337 2109 494 2164 turba
533 2125 676 2181 azgre
715 2110 1010 2165 admodum
1061 2109 1291 2174 ferebat,
1325 2111 1528 2180 quippe
1564 2110 1656 2180 qui
1691 2110 1918 2182 Symeo—

336 2217 462 2256 nem
493 2201 694 2256 imitari
729 2201 996 2272 nequivit,
1024 2203 1252 2273 ejusque
1286 2201 1568 2272 spirituale
1593 2203 1914 2257 exercitium

339 2291 716 2350 confusionem
756 2307 820 2347 ac
866 2293 1227 2350 temeritatem
1267 2293 1558 2366 quamdam
1605 2308 1726 2347 esse
1771 2293 1917 2352 dice-

337 2385 493 2443 bant.

2017 2025 2177 2093 μάδα.
2217 2022 2630 2093 Ἑδυσχέραινον
2661 2016 2754 2076 οὖν
2783 2021 3047 2089 πολλάκις
3073 2023 3101 2076 ό
3137 2022 3400 2086 σύναθλος
3438 2014 3600 2086 οὗτος

2011 2115 2194 2186 χορὸς,
2214 2116 2309 2169 ire
2343 2113 2628 2184 μιμεῖσθαι
2657 2113 2749 2167 τὸν
2779 2113 3004 2182 Συμεὼν
3044 2114 3106 2168 ού
3151 2105 3464 2186 δυνάμενοι,
3501 2115 3604 2167 καὶ

2014 2208 2322 2277 άσκητικῆς
2356 2204 2636 2270 πολιτείας
2661 2204 2924 2277 σύγχυσιν
2969 2207 3032 2260 τδ
3076 2207 3309 2279 πρᾶγμα
3333 2206 3429 2263 καὶ
3459 2206 3608 2262 ἀτασ-

2015 2299 2135 2365 ξίαν
2168 2298 2422 2357 ἐκάλουν.

1788 2524 2011 2582 CAPLT
2046 2523 2110 2580 Il.

1418 2646 1758 2713 Pwnitentia,
1803 2657 1852 2699 et
1887 2647 2202 2700 abstinentia
2231 2643 2508 2697 mirabilis.

409 2771 462 2823 Ἰ.
507 2769 709 2824 Verum
739 2783 855 2824 non
891 2767 948 2822 in
993 2767 1060 2822 iis
1103 2768 1268 2824 rebus
1303 2769 1478 2832 stetit,
1522 2783 1703 2838 neque
1728 2781 1916 2838 prom-

338 2861 665 2932 ptitudinem
695 2861 836 2916 banc
869 2861 1122 2922 frenavit,
1161 2861 1256 2916 sed
1275 2861 1549 2915 occultum
1577 2860 1918 2914 occultorum

337 2957 580 3011 ninnium
601 2955 888 3012 scrutatori
912 2953 1022 3009 Deo
1049 2964 1324 3010 certamen
1353 2953 1572 3008 obtulit.
1590 2951 1770 3006 Nostis
1801 2967 1921 3006 om-

2088 2763 2154 2826 ζ’.
2190 2763 2250 2815 ὐ
2293 2761 2349 2815 δὲ
2374 2762 2436 2815 ού
2471 2758 2634 2830 μέχρι
2685 2756 2878 2811 τούτου
2899 2755 3085 2808 ἵστατο
3115 2753 3295 2824 μόνον,
3329 2752 3440 2806 οὐδ’
3471 2753 3602 2823 ἐχαυ-

2016 2855 2166 2910 λίνου
2193 2856 2292 2923 τὴν
2323 2852 2671 2924 προθυμίανο
2717 2849 2855 2905 ἀλλά
2885 2867 2936 2903 τι
2980 2849 3078 2902 καὶ
3110 2846 3340 2917 κρύφιον
3372 2845 3450 2915 τῷ
3487 2845 3602 2898 τῶν

2018 2951 2265 3021 κρυφίων
2303 2947 2564 3016 έξεταστῇ
2610 2943 2898 3013 ἀγώνισμα
2945 2941 3159 3012 ἔφερεν.
3217 2939 3282 2992 Ἦ
3333 2938 3442 3007 γὰρ
3491 2937 3602 2990 sua

340 3063 440 3103 nes
463 3047 538 3118 (6)
573 3063 735 3118 quam
769 3047 970 3117 asperi,
999 3061 1272 3116 quamque
1311 3046 1396 3101 vel
1439 3043 1632 3101 leviter
1670 3043 1912 3097 manibus

2025 3041 2286 3110 φοινίκων
2343 3037 2694 3108 πεπλεγμένη
2732 3037 2964 3105 σχοῖνος,
3022 3035 3139 3088 ἴστε
3193 3031 3415 3093 πάντες,
3447 3031 3597 3092 ὅπως

337 3141 524 3197 attacti
559 3138 775 3194 molesti
805 3139 917 3194 sint
953 3138 1114 3193 funes
1164 3154 1231 3193 ex
1275 3139 1450 3209 palma
1498 3136 1758 3192 contexti.
1797 3135 1908 3190 Tali
1944 3159 1994 3224 ο

340 3234 472 3289 fune
491 3232 724 3303 Symeon
749 3230 963 3285 lumbos
985 3229 1257 3300 cingebat,
1279 3245 1388 3283 non
1412 3236 1623 3282 tantum
1651 3227 1912 3291 exterius,

340 3325 444 3380 scd‘
467 3332 524 3378 et
559 3322 670 3378 cuti
703 3322 859 3394 quasi
887 3321 1105 3394 agnaSci
1141 3320 1395 3386 faciebat,
1425 3335 1489 3374 ac
1512 3321 1585 3374 ita
1617 3319 1914 3373 vehemen-

343 3425 426 3469 ter
457 3413 774 3486 stringebat,
804 3421 864 3467 ut
893 3411 1070 3466 omnis
1107 3411 1192 3466 illa
1211 3413 1458 3481 corporis
1482 3425 1606 3479 pars
1631 3409 1684 3464 in
1707 3409 1912 3463 saniem

341 3505 702 3578 undequaque
743 3505 1034 3562 dilllueret.
1070 3505 1266 3562 Decem
1315 3506 1434 3561 dies
1462 3505 1812 3574 autamplius
1841 3504 1912 3558 ita

343 3606 700 3672 transegerat,
741 3616 867 3656 cum
901 3615 1052 3664 ecce,
1095 3601 1278 3655 ulcere
1325 3598 1435 3669 jam
1477 3599 1910 3670 ingravesrcnle,

340 3691 528 3748 sanies
569 3708 676 3747 una
717 3709 841 3748 eum
883 3692 1148 3764 sanguine
1182 3693 1308 3747 inde
1343 3691 1618 3762 proﬂuens
1657 3691 1911 3745 latentem

339 3783 490 3839 intus
515 3782 726 3854 plagam
751 3783 1132 3838 denuntiabat.
1157 3782 1297 3836 Tum
1331 3796 1478 3834 unus
1515 3796 1583 3836 ex
1623 3779 1914 3850 spectanti.

340 3875 462 3940 bus,
498 3889 620 3944 quas
653 3874 786 3928 tanti
814 3874 1095 3942 sanguinis
1130 3889 1292 3929 causa
1336 3879 1502 3937 esset,
1539 3870 1914 3941 interrogavit.

339 3966 479 4021 Dum
529 3965 761 4036 Symcon
812 3965 948 4019 nihil
1003 3964 1231 4020 omnino
1255 3964 1460 4020 doloris
1489 3963 1714 4018 subesse
1758 3962 1910 4026 dicit,

337 4038 654 4125 neutiquam
677 4055 967 4126 persuasit,
992 4056 1256 4126 sanguine
1279 4055 1332 4110 in
1353 4054 1596 4109 omnium
1617 4061 1914 4124 conspectu

338 4147 636 4213 deﬂuente,
659 4164 722 4204 ac
745 4163 909 4220 supra
941 4164 1160 4204 omnem
1195 4148 1296 4202 viri
1319 4148 1610 4203 clamorem
1634 4149 1916 4217 etpatien-

338 4241 471 4298 tiam
493 4240 924 4304 contradicente,
948 4249 1002 4296 et
1022 4240 1178 4310 quasi
1199 4240 1266 4294 de
1293 4239 1550 4312 mysterio
1573 4238 1913 4308 triumphan-

338 4341 420 4387 te.
457 4331 644 4401 Itaque
675 4348 801 4388 cum
845 4334 1066 4403 quidam
1099 4349 1130 4388 ο
1179 4332 1648 4388 commilitonibus
1691 4346 1911 4386 manum

337 4426 607 4482 violenter
643 4428 698 4482 in
751 4427 895 4482 latus
939 4426 1234 4491 intulisset,
1272 4426 1489 4482 tandem
1523 4441 1740 4481 causam
1778 4425 1914 4478 didi-

2020 3134 2248 3204 τραχεῖά
2273 3133 2333 3186 τέ
2357 3133 2477 3185 ἐστι
2531 3133 2626 3185 καὶ
2651 3128 2952 3200 ψαυούσαις
2971 3129 3132 3194 μόνον
3164 3143 3224 3198 χε
3233 3127 3322 3196 ρσὶ
3341 3125 3486 3192 λυπῇ
3497 3124 3598 3194 ρά*

2020 3225 2136 3278 ἀλλ’
2178 3227 2206 3276 ό
2235 3221 2460 3292 Συμεὼν
2489 3220 2782 3291 καὶταύτῃ
2827 3219 3054 3284 διέζωσε
3109 3217 3207 3288 τὴν
3249 3216 3456 3285 όστρύνο
3493 3217 3598 3269 οὐκ

2017 3317 2218 3382 ἔξωθεν
2248 3315 2516 3386 περιθεὶς,
2544 3313 2659 3367 ἀλλ’
2693 3311 2840 3382 αὐτῷ
2871 3311 3192 3381 προσφύσας
3229 3309 3308 3380 τῷ
3345 3309 3600 3379 δέρματι,

2017 3413 2110 3463 καὶ
2133 3408 2276 3462 οὕτω
2294 3408 2415 3461 λίαν
2449 3403 2806 3476 συνέσφιγξεν
2828 3444 2842 3467 ,
2866 3403 2942 3467 ὡς
2965 3404 3110 3456 ἆπαν
3130 3403 3306 3455 ἐκεῖνο
3329 3401 3514 3470 κύκλῳ
3539 3401 3602 3452 τὸ

2020 3502 2184 3571 μέρος
2215 3500 2451 3554 έλκῶσαι
2495 3497 2524 3551 ὃ
2574 3499 2904 3568 περιεχεῖτο.
2941 3495 3032 3559 Ὠς
3060 3495 3114 3548 δὲ
3145 3493 3364 3558 πλείους
3395 3493 3427 3564 ἢ
3468 3492 3602 3546 δέκα

2016 3591 2230 3661 ἡμέρας
2252 3587 2438 3642 τοῦτον
2463 3586 2731 3640 διετέλεσε
2763 3586 2852 3640 τὸν
2880 3585 3101 3656 τρόπον,
3131 3585 3224 3638 καὶ
3251 3583 3347 3638 τοῦ
3402 3583 3602 3645 ἕλκους

2016 3680 2396 3755 χαλεπωτέραν
2419 3679 2729 3750 γινομένου,
2759 3678 2894 3750 ἰχὼρ
2919 3679 3152 3748 αἵματος
3182 3677 3395 3730 ἐκεῖθεν
3427 3677 3603 3746 ἁπορο

2017 3773 2157 3840 ῥέων
2172 3773 2272 3836 τῆς
2292 3773 2430 3834 τέως
2445 3769 2814 3836 λανθανούσης
2835 3770 3051 3839 πληγῆς
3071 3767 3284 3834 ἐγίνετο
3317 3768 3562 3837 μηνυτής
3584 3782 3598 3797 ·

2015 3865 2179 3936 ἤρετό
2199 3882 2282 3926 τις
2303 3864 2467 3916 αὑτὸν
2501 3861 2836 3932 Θεασάμενος
2861 3861 2944 3924 τίς
2969 3861 3000 3930 ἡ
3049 3860 3200 3914 αἰτία
3225 3858 3319 3912 τοῦ
3343 3859 3598 3927 αἵματος.

2031 3955 2093 4010 ὐ
2121 3955 2176 4008 δὲ
2219 3956 2384 4026 μηδὲν
2415 3954 2564 4026 ἔχειν
2595 3953 2819 4023 ἀνιαρὸν
2874 3953 3050 4020 λέγων
3097 3953 3202 4005 οὐκ
3249 3951 3458 4012 ἔπειθε,
3499 3949 3598 4002 τοῦ

2015 4053 2073 4105 ὲν
2107 4051 2408 4122 ὀφθαλμοῖς
2436 4049 2838 4122 κατάρρέοντος
2873 4047 3128 4116 αἵματος,
3162 4045 3348 4118 μεῖζον
3381 4047 3476 4100 καὶ
3501 4049 3602 4114 τῆς

2015 4143 2112 4196 τοῦ
2142 4142 2441 4212 πάσχοντος
2473 4143 2658 4212 φωνῆς
2677 4141 2772 4194 καὶ
2799 4143 2899 4210 τῆς
2929 4141 3208 4211 ὑπομονῆς
3239 4139 3602 4208 ἀντιφθεγγο-

2020 4235 2182 4305 μένου
2222 4236 2320 4288 καὶ⁵
2347 4235 2784 4306 θριαμϐεύοντος
2817 4235 2879 4287 τὸ
2901 4234 3222 4305 μυστήριον.
3259 4231 3602 4302 Βιασάμενος

2013 4326 2194 4380 τοίνυν
2224 4327 2252 4379 ό
2285 4326 2718 4396 συναγωνιστὴς,
2755 4328 2849 4380 καὶ
2881 4327 2982 4398 τὴν
3032 4330 3191 4398 χεῖρα
3238 4325 3484 4390 ἐνέϐαλε,
3508 4327 3604 4379 καὶ

2013 4423 2113 4489 τὴν
2145 4420 2322 4473 αἰτίαν
2349 4419 2648 4490 κατέμαθε,
2703 4421 2799 4472 καὶ
2829 4421 3036 4488 ταύτην
3075 4419 3155 4491 τῷ
3204 4419 3603 4490 προστάττοντι

337 4517 432 4582 cit,
476 4533 702 4588 remque
745 4533 964 4576 omnem
1001 4517 1259 4588 praefecto
1304 4517 1617 4572 nuntiavit:
1647 4519 1741 4586 qui
1782 4531 1908 4571 eum

2020 4511 2380 4580 κατεμήνυεν.
2424 4509 2482 4564 '0
2519 4509 2576 4562 δὲ
2603 4509 2804 4563 αὐτίκα
2855 4510 2949 4563 καὶ
2978 4507 3253 4580 ἐπιτιμῶν
3284 4508 3377 4562 καὶ
3410 4523 3600 4578 παρα-

335 4622 462 4666 ιιιιηι
492 4610 732 4680 graviter
762 4609 1214 4680 reprehenderet,
1254 4623 1318 4663 ac
1354 4607 1552 4679 jurgiis
1593 4615 1796 4661 tantam
1833 4605 1913 4660 rei

337 4699 712 4758 crudelitatem
744 4711 1020 4772 argueret,
1050 4702 1135 4756 vix
1161 4701 1378 4757 tandem
1399 4701 1618 4758 vinculo
1636 4700 1909 4762 liberavit,

337 4807 447 4861 quo
483 4807 542 4847 se
582 4793 716 4848 solvi
749 4793 968 4864 quidem
1004 4796 1276 4864 patienter
1305 4792 1456 4856 tulit;
1491 4807 1680 4846 verum
1723 4801 1782 4846 ut
1823 4791 1910 4845 ul-

337 4881 448 4935 reri
498 4881 714 4952 aliquod
770 4885 1075 4940 remedium
1120 4884 1510 4944 adhiberetur,
1555 4880 1911 4951 pertinaciter

333 4971 549 5030 obstitit
577 4971 676 5042 (7).

403 5061 460 5118 8.
505 5062 688 5128 Quare
735 5078 860 5119 cum
891 5061 1114 5119 ascetici
1155 5063 1369 5118 sodales
1407 5063 1523 5118 hate
1556 5069 1612 5117 et
1640 5059 1916 5130 eiusmodi

333 5153 438 5207 alia
504 5152 826 5224 Symconem
879 5163 1284 5224 perpetrantem
1336 5154 1625 5216 viderent.
1675 5159 1731 5207 et
1781 5151 1913 5207 hinc

331 5244 554 5315 quidem
586 5261 760 5315 neque
787 5261 848 5300 se
877 5261 1000 5306 cum
1033 5247 1274 5302 minimis
1303 5245 1424 5314 eius
1453 5243 1750 5300 virtutibus
1773 5258 1909 5298 con-

331 5345 546 5392 certare
576 5351 756 5407 posse,
786 5336 912 5392 inde
936 5337 1180 5407 superari
1214 5352 1272 5391 se
1299 5351 1407 5390 non
1434 5335 1692 5399 ferentes,
1723 5334 1906 5402 jusse-

333 5435 462 5482 runt
491 5436 549 5483 ut
591 5443 620 5480 a
658 5443 796 5500 pago
823 5427 1127 5494 recederet,
1157 5442 1226 5482 nc
1269 5425 1403 5490 fors,
1437 5434 1497 5479 ut
1531 5425 1772 5486 aiebant,
1807 5422 1910 5475 itu-

331 5519 706 5578 becillioribus
745 5520 926 5574 damni
967 5520 1198 5590 alicujus
1242 5534 1414 5575 causa
1455 5517 1768 5575 exsisteret.
1805 5513 1909 5592 Sy-

2013 4597 2218 4660 καλῶν,
2242 4599 2337 4654 καὶ
2365 4598 2460 4652 τοῦ
2482 4599 2812 4670 πράγματος
2840 4599 2939 4670 τὴν
2968 4598 3230 4670 ὠμότητα
3273 4598 3599 4660 διαϐάλλων.

2014 4691 2166 4760 μόλις
2194 4693 2400 4746 ἐκεῖνον
2421 4691 2577 4744 ἔλυσε
2600 4691 2706 4744 τῶν
2738 4691 2977 4761 δεσμῶν.
3019 4691 3137 4744 ἀλλ’
3174 4687 3243 4760 ἦν
3271 4691 3301 4744 ὁ
3326 4690 3597 4758 γεννάδας

2014 4783 2177 4852 μέχρι
2214 4783 2312 4851 μὲν
2339 4783 2433 4836 τοῦ
2461 4783 2690 4850 λυθῆναι
2746 4783 2850 4853 τῆς
2883 4784 3098 4854 σχοίνου
3145 4783 3410 4852 ὑπήκοος
3456 4780 3598 4845 ὦςτε

2009 4874 2066 4927 δὲ
2097 4874 2434 4944 θεραπεύσαι
2469 4875 2530 4928 τὸ
2563 4875 2743 4939 ῑλκος,
2772 4875 3097 4938 ένστατικδς
3163 4875 3260 4928 καὶ
3287 4874 3408 4928 λίαν
3444 4877 3602 4944 ἰσχυ-

2014 4965 2337 5036 ρογνὼμων.

2082 5063 2152 5128 η’.
2195 5059 2259 5110 υἱ
2295 5059 2352 5110 ὲν
2379 5060 2446 5129 τῇ
2483 5058 2754 5130 ἀσκητικῇ
2781 5059 2962 5114 τοίνυν
2989 5059 3320 5130 παλαίστρᾳ,
3347 5057 3442 5111 καὶ
3459 5055 3600 5112 ἄλλα

2009 5151 2233 5204 τοιαῦτα
2270 5149 2486 5220 δρῶντα
2507 5153 2760 5221 ὁρῶντες,
2789 5153 2884 5206 καὶ
2907 5153 3050 5206 ὥστε
3089 5153 3189 5222 μὲν
3218 5150 3596 5223 ἀμιλληθῆναι

2014 5241 2149 5312 μηδὲ
2187 5245 2302 5306 τοῖς
2363 5246 2580 5314 μικροῖς
2637 5243 2745 5297 τῶν
2788 5245 2998 5299 ἐκείνου
3058 5245 3236 5297 πόνων
3281 5243 3596 5311 δυνάμενοι,

2011 5333 2152 5386 ὥστε
2205 5334 2262 5387 δὲ
2312 5335 2475 5388 πάλιν
2527 5336 2756 5400 ἑαυτοὺς
2811 5338 2944 5407 ὁρᾷν
2995 5334 3464 5403 ἀπολειπομένους
3517 5331 3596 5404 μὴ

2011 5423 2374 5494 ἀνασχόμενοι
2395 5463 2410 5490 ,
2472 5425 2775 5494 ἀναχωρεῖν
2824 5424 2916 5476 τὸν
2971 5421 3196 5492 Συμεὼν
3252 5421 3352 5490 τῆς
3394 5417 3596 5487 κώμης

1986 5485 2296 5580 έκέλέύόν,
2331 5485 2478 5578 ὃπως
2505 5485 2729 5586 μὴητοίς
2777 5485 3186 5585 ἀσθενέστερον,
3217 5485 3502 5579 λέγοντας,
3531 5485 3596 5560 τὸ

331 5628 492 5670 meon
522 5613 588 5669 ad
618 5613 820 5668 montis
847 5612 1199 5668 solitudinem
1229 5626 1462 5683 pergens
1492 5609 1698 5665 invenit
1729 5608 1912 5663 lacum

2020 5605 2181 5676 σῶμα
2225 5606 2616 5677 διακειμένοις,
2667 5606 2764 5658 καὶ
2821 5605 3018 5676 ζηλοῦν
3045 5605 3114 5659 τὰ
3159 5603 3303 5673 ὑπὲρ
3359 5599 3594 5670 δύναμιν

401 5757 479 5827 (5)
522 5757 695 5812 Etiam
727 5757 873 5828 ipsos
897 5755 1154 5830 pras’des
1167 5772 1309 5828 aegre
1339 5753 1390 5809 id
1419 5753 1605 5808 tulisse
1621 5750 1699 5806 ait
1729 5749 1911 5806 Theo-

403 5845 428 5868 τ’

403 5845 428 5875 τ’
489 5846 503 5876 1
561 5867 576 5881 .

331 5832 484 5962 dgitci)‘
501 5843 890 5956 lTsheodoretus
923 5901 1038 5956 haec
1060 5915 1120 5955 se
1151 5899 1218 5954 ab
1254 5915 1339 5962 eo,
1367 5897 1454 5970 qui
1486 5909 1610 5950 cum
1635 5894 1747 5947 iure
1769 5891 1908 5946 scri-

2019 5746 2174 5805 beret
2201 5744 2535 5816 monasterio
2562 5756 2813 5816 praeerat.
2827 5748 2954 5804 dicit
2969 5745 3266 5816 accepisse.

2055 5817 2166 5900 ⁹(τ)
2197 5814 2379 5888 Longe
2415 5810 2576 5870 aliter
2623 5827 2916 5877 narrantur
2961 5817 3076 5873 haec
3102 5810 3190 5873 "in
3223 5813 3345 5870 aliis
3373 5810 3594 5870 duabus

2017 5899 2164 5946 νιῐιδ.
