3868 6468
296 426 400 491 3ίί

1371 428 1549 487 VlTA
1586 431 1644 489 S.
1691 427 2065 489 SYMEONIS
2100 427 2451 488 STYLIT£.

3424 420 3530 485 342

286 547 674 618 πειρωμένοις,
710 544 913 615 βλάϐης
938 542 1110 605 αἴτιος
1148 543 1392 611 γένηται.
1444 540 1705 604 Ἐξελθὼν
1743 530 1849 593 τοίέ

1961 541 2250 607 qnemdam
2283 538 2399 592 sine
2437 552 2596 606 aqua.
2634 550 2734 589 nec
2762 536 3052 590 admodum
3095 533 3444 604 profundum,
3479 534 3531 588 in

283 656 401 700 νυν,
435 639 530 692 καὶ
564 638 632 691 τὰ
672 636 989 708 ὲρημότατα
1024 634 1119 685 τοῦ
1170 633 1327 703 ὅρους
1386 632 1732 696 καταλαϐὼν,
1768 633 1861 684 καί

282 744 406 779 τινα
458 725 662 778 λάκκον
707 723 884 793 εύρὼν
950 721 1235 791 ἄνυδρόντε
1277 721 1368 773 καί
1399 720 1519 771 λίαν
1547 719 1733 789 βαθὺν,
1784 721 1863 782 εἰς

282 815 474 869 τοῦτον
506 816 759 885 καθίησιν
788 815 999 880 ἑαυτὸν,
1035 816 1136 884 τῆς
1168 813 1432 883 συνήθους
1457 814 1621 881 εὐχῆς
1640 814 1697 864 ἐν
1716 813 1863 877 αὑτῷ

284 910 379 961 καὶ
406 908 729 977 φιλοσοφίας
768 908 1046 978 ἐχόμενος.
1105 907 1276 959 Πέντε
1304 906 1362 959 δὲ
1416 905 1642 975 ἡμερῶν
1676 905 1862 972 διαγε-

282 1004 550 1073 νομένων,
600 1004 976 1074 μεταμελῆσαι
1016 1001 1170 1066 αὖθις
1190 1004 1301 1064 τοῖς
1333 1000 1430 1069 τῆς
1460 1002 1860 1071 ὑποχωρήσεως

282 1097 379 1151 τοῦ
415 1098 609 1169 ἀνδρὸς
639 1098 831 1161 αἰτίοις
851 1115 867 1128 '
907 1097 1016 1151 τῶν
1040 1100 1099 1167 ὲν
1130 1098 1316 1160 αὐτοῖς
1343 1096 1438 1150 δύο
1462 1096 1611 1158 τινὰς
1655 1095 1856 1149 ἀπολε-

285 1188 514 1260 ξάμενοι
547 1191 691 1244 κατά
723 1191 952 1262 ζήτησιν
977 1191 1256 1262 πέμπουσι
1278 1189 1371 1243 τοῦ
1412 1188 1664 1260 Συμεὼν·
1715 1183 1861 1259 ἧνδὲ

285 1283 474 1345 αὐτοῖς
533 1283 847 1353 εἰρημένον,
890 1285 943 1338 εῐ
972 1301 1074 1337 που
1099 1282 1289 1336 τοῦτον
1334 1282 1516 1351 εὑρεῖν
1555 1279 1855 1349 δυνηθεῖεν,

284 1369 420 1438 πρὸς
440 1371 502 1423 τὸ
541 1371 717 1424 κοινὸν
740 1374 1109 1441 ἐπαναγαγεῖν
1147 1373 1582 1443 φροντιστήριον.
1644 1372 1859 1424 Παντα-

282 1458 382 1527 χοῦ
426 1460 605 1513 τοίνυν
661 1460 756 1513 τοῦ
813 1462 974 1533 ὅρους
1023 1462 1399 1533 περιελθόντες
1470 1464 1859 1531 ἐντυγχάνουσι

280 1551 512 1621 ποιμέσι
543 1553 897 1624 θρεμμάτων,
930 1556 1025 1609 καὶ
1053 1555 1411 1609 πυνθάνονται
1442 1554 1641 1617 αὐτῶν,
1671 1553 1725 1605 εἴ
1754 1552 1857 1606 πού

279 1659 403 1694 τινα
447 1644 689 1698 τοιοῦτον
740 1646 929 1712 ίδοιεν,
989 1647 1087 1717 τὴν
1130 1646 1346 1717 μορφήν
1391 1646 1595 1709 αὐτοῖς,
1657 1645 1750 1697 καὶ
1799 1643 1859 1697 τὸ

279 1735 495 1805 σχῆμα,
523 1737 620 1790 καὶ
647 1737 747 1807 τὴν
774 1740 1045 1808 ἀιαϐολὴν
1084 1738 1176 1792 τοῦ
1205 1738 1418 1809 ἀνδρὸς,
1463 1738 1651 1806 σαφῶς
1682 1736 1858 1790 πάντα

1964 645 2124 698 quem
2168 644 2224 682 se
2255 628 2491 685 demisit.
2523 627 2800 681 consuetis
2838 625 3093 696 precibus
3129 641 3190 679 ac
3228 625 3531 678 meditatio-

1964 721 2128 774 nibus
2171 720 2448 774 insistens.
2488 718 2615 771 Post
2647 718 2886 787 quinque
2926 718 3044 772 dies
3094 717 3219 772 facti
3269 717 3533 785 poenitere

1963 812 2131 881 coepit
2160 826 2272 873 eos,
2309 810 2400 879 qui
2432 824 2596 865 causa
2627 809 2961 865 dimissionis
3004 810 3218 864 fuerant
3252 810 3328 877 (8)
3355 828 3367 868 ;
3395 825 3533 876 qua-

1963 911 2186 972 pmpter
2213 902 2349 955 duos
2381 917 2446 954 ex
2476 902 2622 956 omni
2659 916 2885 955 numero
2921 901 3163 956 delectos
3192 903 3256 955 ad
3306 901 3531 971 Symeo-

1963 1010 2088 1049 nem
2128 995 2482 1064 quaarendum
2526 995 2813 1059 miserunt,
2850 994 3047 1064 quibus
3092 994 3426 1051 mandatum.
3473 1003 3533 1048 ut

1964 1087 2010 1142 si
2045 1102 2272 1156 nsquam
2305 1102 2429 1142 eum
2464 1087 2792 1149 invenirent.
2825 1088 2889 1141 ad
2917 1102 3202 1142 commune
3222 1087 3532 1141 coenobium

1965 1180 2307 1234 reducerent.
2345 1180 2423 1234 llli
2471 1190 2709 1235 montem
2742 1180 2939 1249 passim
2974 1180 3293 1233 aberrantes
3342 1178 3395 1231 in
3436 1193 3529 1248 pa~

1965 1280 2143 1328 stores
2169 1272 2353 1326 ovium
2388 1273 2656 1337 incidunt,
2680 1288 2815 1342 quos
2838 1288 2959 1326 cum
2987 1271 3053 1326 de
3071 1271 3162 1325 illo
3184 1270 3283 1323 viri
3310 1270 3533 1323 formam

1965 1374 2019 1420 et
2051 1365 2300 1420 habitum
2342 1365 2736 1431 describentes,
2770 1365 3216 1436 interrogassent,
3246 1362 3422 1417 lacum
3457 1362 3538 1416 eis

1964 1459 2293 1525 proximum,
2328 1457 2381 1508 in
2411 1470 2573 1524 quem
2619 1470 2677 1508 se
2717 1455 3045 1523 coniecerat.
3081 1452 3249 1523 digito
3278 1450 3539 1506 ostende-

1965 1558 2113 1604 runt.
2156 1549 2237 1602 llli
2274 1548 2338 1602 ad
2377 1550 2555 1602 locum
2585 1548 2927 1607 festinantes.
2961 1547 3286 1618 Symeonem
3314 1544 3540 1599 nomine

1963 1655 2064 1695 suo
2091 1646 2399 1701 evocatum,
2442 1638 2572 1693 fune
2601 1639 2839 1693 demisso
2893 1654 2925 1693 e
2968 1647 3133 1707 puteo
3164 1644 3538 1701 extraxerunt,

1964 1746 2074 1785 non
2101 1731 2217 1786 sine
2245 1747 2438 1802 magno
2461 1732 2647 1785 labore
2671 1747 2685 1783 :
2724 1731 2860 1785 solet
2882 1730 3024 1784 enim
3049 1729 3317 1784 descensu
3353 1743 3542 1783 ascen-

275 1823 696 1895 διηγησάμενοι.
733 1830 795 1882 Οἱ
846 1828 904 1882 δὲ
958 1830 1184 1901 πλησίον
1214 1829 1319 1901 γὰρ
1361 1825 1428 1900 ἦν
1457 1826 1849 1892 καταδεδυκὼς,

1960 1844 2054 1882 sus
2077 1843 2197 1882 esse
2228 1828 2514 1882 dillicilior.

274 1914 369 1967 τὸν
426 1914 631 1971 λάκκον
684 1919 867 1981 αὐτοῖς
929 1920 1010 1992 τῷ
1075 1920 1325 1990 δακτύλῳ
1381 1919 1816 1973 ύποδεικνύουσι.
1872 1919 2100 1972 Ἐκεῖνοι
2166 1919 2244 1988 τῷ
2278 1920 2430 1989 τόπῳ
2484 1919 2647 1983 εὐθὺς
2705 1920 3027 1983 ἐπιστάντες
3068 1918 3293 1988 ὀνόματι
3323 1917 3411 1971 τὸν
3441 1918 3540 1970 Συ-

277 2008 429 2079 μεὼν
470 2011 700 2066 ἐκάλουν
745 2014 839 2067 καὶ
886 2013 1119 2085 σχοινίον
1169 2014 1500 2085 κομίσαντες
1552 2014 1648 2067 σὺν
1702 2012 1883 2083 πολλῷ
1923 2014 2087 2066 αὐτὸν
2133 2016 2473 2085 ἀνιμήσαντο
2531 2015 2711 2086 πόνῳο
2747 2016 2808 2069 οὐ
2837 2016 2941 2087 γὰρ
2976 2018 3042 2086 τῇ
3075 2015 3288 2085 καθόδῳ
3356 2034 3537 2089 παρα-

276 2105 528 2172 πλησίως
554 2108 791 2177 εὐπετής
817 2110 934 2161 ἐστι
967 2108 1060 2162 καὶ
1091 2110 1123 2180 ή
1154 2108 1358 2171 ἄνοδος.

346 2197 414 2252 θ’.
448 2195 578 2253 Εἶτα
631 2200 725 2253 καὶ
763 2201 905 2271 πρὸς
946 2203 1047 2271 τὴν
1080 2200 1420 2268 ἀδελφότητα
1469 2200 1566 2253 σὺν
1587 2200 1736 2272 αύτῷ
1767 2202 1860 2255 καὶ

273 2289 338 2341 τὸ
369 2292 738 2361 μοναστήριον
773 2292 1157 2360 ἐπανήκουσιν.
1198 2289 1412 2358 Ὀλίγον
1442 2291 1498 2344 δὲ
1525 2293 1654 2363 παρ’
1677 2293 1861 2353 αὐτοῖς

275 2380 336 2447 ἐξ
365 2383 578 2435 ἐκείνου
614 2382 904 2453 διατρίψας
933 2382 1145 2455 χρόνον,
1176 2385 1256 2448 εἰς
1286 2384 1581 2438 Τελανισδν
1632 2385 1860 2453 ἀφίκετο

275 2477 475 2547 κώμην
520 2475 678 2547 (α’ύτη
729 2476 785 2529 δὲ
812 2476 946 2546 πρὸς
969 2478 1034 2547 τῇ
1066 2477 1312 2547 ὑπωρείᾳ
1328 2476 1422 2530 τοῦ
1448 2477 1609 2547 ὅρους
1634 2478 1856 2545 κεῖται)-

275 2568 337 2620 ἐν
369 2570 544 2639 ταύτῃ
592 2567 789 2638 μικρὸν
822 2568 1065 2621 οἰκίσκον
1124 2567 1304 2637 εὑρὼν
1358 2567 1543 2639 τρίτον
1587 2569 1737 2637 ἑξῆς,
1800 2569 1859 2621 ἐν

275 2655 430 2725 αὐτῷ
469 2656 762 2725 καθεῖρκτο
790 2658 1057 2710 ἐνιαυτόν.
1090 2655 1284 2721 Αὖξειν
1310 2656 1368 2710 δὲ
1402 2658 1490 2711 ἀεὶ
1518 2658 1617 2727 τῆς
1655 2658 1858 2728 ἀρετῆς

274 2745 514 2797 πλοῦτον
552 2745 893 2814 φιλονεικῶν,
958 2747 1095 2817 μετᾶ
1136 2746 1245 2800 τῶν
1288 2747 1464 2803 ἄλλων
1496 2749 1705 2816 Μωῦσῆ
1762 2749 1858 2800 καὶ

286 2834 448 2887 Ἠλία
474 2835 575 2904 τὴν
603 2834 774 2903 καλὴν
800 2835 1035 2905 ἅμιλλαν
1064 2837 1381 2905 ἁμιλλᾶται,
1425 2837 1523 2891 καὶ
1557 2837 1689 2909 παρ’
1729 2837 1858 2901 ὅλας

270 2930 681 2996 τετταράκοντα
716 2930 810 2982 καί
834 2926 987 2995 οὗτος
1014 2932 1226 3005 ἡμέρας
1257 2933 1441 2998 ἄσιτος
1473 2935 1740 3006 διαμένει.
1774 2992 1781 2999 ,

344 3026 399 3073 ι’.
437 3020 640 3085 Βλάσος
672 3022 729 3076 δέ
760 3040 842 3088 τις
876 3023 1016 3096 ἀνὴρ
1050 3024 1309 3097 θεοσεϐὴς
1355 3028 1447 3080 καὶ
1475 3030 1679 3101 σφόδρα
1718 3034 1855 3104 πρὸς

268 3116 372 3182 τήν
402 3114 515 3167 τῶν
567 3115 813 3185 ἀδελφῶν
847 3118 988 3191 ὁρῶν
1037 3118 1387 3189 εὐδοκίμησιν
1429 3120 1521 3173 καὶ
1544 3123 1850 3191 ὠφέλειαν,

269 3201 451 3266 ἄλλως
483 3220 543 3257 τε
586 3204 679 3258 καὶ
708 3208 818 3269 τοῖς
844 3207 985 3260 κατά
1007 3205 1202 3277 κώμας
1236 3206 1442 3279 ἱερεῦσι
1468 3207 1527 3260 τὸ
1550 3211 1852 3280 τηνικαῦτα

269 3297 606 3360 ἐπιστατῶν,
636 3299 914 3369 πανταχοῦ
940 3301 1179 3373 περιῄει,
1214 3304 1352 3373 πρὸς
1393 3305 1484 3358 τὸν
1546 3306 1850 3376 ἀσκητικὸν

271 3387 388 3457 βίον
416 3390 545 3452 τοὺς
571 3391 630 3443 ὲν
656 3390 847 3454 αὐταῖς
874 3391 1184 3461 ύπαλείφει,
1213 3394 1309 3447 καὶ
1334 3395 1555 3449 πλείονα
1594 3396 1850 3467 παρέχων

2033 2198 2088 2252 9.
2127 2198 2257 2252 lude
2302 2211 2518 2251 rursum
2553 2196 2619 2251 ad
2653 2203 2853 2250 coetum
2886 2194 3114 2249 fratrum
3160 2195 3539 2257 reduxerunt:

1964 2292 2053 2347 ubi
2081 2290 2315 2362 Symeon
2343 2290 2537 2361 exiguo
2577 2298 2819 2360 tempore
2853 2299 3114 2357 moratus,
3141 2292 3205 2345 ad
3225 2292 3540 2349 Telanisum

1963 2383 2037 2454 (9)
2069 2399 2263 2455 pagum
2289 2382 2582 2446 concessit,
2615 2382 2683 2454 (is
2712 2382 2786 2438 'ad
2812 2383 3004 2452 pedem
3038 2384 3239 2440 montis
3267 2386 3402 2442 situs
3434 2389 3539 2459 est)

1964 2475 2052 2529 ubi
2076 2490 2239 2544 parva
2266 2481 2477 2543 reperta
2503 2488 2650 2537 casa,
2678 2473 2731 2526 in
2762 2488 2880 2528 eam
2910 2476 3148 2530 triennio
3170 2491 3227 2531 se
3252 2478 3539 2534 conclusit.

1963 2565 2060 2621 llic
2094 2582 2260 2636 porro
2296 2581 2573 2636 nunquam
2629 2582 2737 2619 non
2768 2567 3030 2622 virtutum
3067 2568 3284 2625 divitias
3315 2571 3416 2625 sibi
3449 2587 3541 2627 ac-

1961 2659 2237 2712 cumulare
2259 2659 2778 2720 eontendebat,cum
2804 2659 2981 2730 Moyse
2999 2671 3054 2716 et
3082 2663 3196 2717 El7a
3221 2665 3537 2733 prmclarum

1959 2761 2231 2807 certamen
2269 2751 2463 2817 iniens,
2511 2752 2867 2825 quadraginta
2909 2754 3053 2825 ipsos
3095 2757 3213 2812 dies
3252 2758 3369 2814 sine
3416 2760 3538 2815 cibo

1960 2845 2311 2915 perdurabnt.

3086 2962 3104 2993 I

2032 3024 2116 3079 10.
2160 3024 2349 3079 Blasus
2366 3038 2495 3079 vero
2519 3035 2635 3078 erat
2659 3026 2741 3080 vir
2768 3027 2821 3079 in
2844 3027 3011 3081 Deum
3071 3022 3355 3099 religiosus
3401 3028 3535 3099 (l0),

1956 3122 2011 3169 ct
2050 3115 2205 3169 valde
2245 3117 2535 3171 attendens
2580 3117 2647 3170 ad
2702 3116 2931 3172 fratrum
2985 3120 3434 3189 approbationem
3482 3132 3539 3177 et

1957 3208 2277 3275 utilitatem;
2313 3217 2577 3278 praeterea
2624 3211 3003 3266 sacerdotibus
3035 3212 3088 3266 in
3124 3213 3259 3268 vicis
3289 3214 3538 3285 degenti-

1956 3298 2056 3352 bus
2101 3305 2214 3351 tum
2260 3300 2523 3369 temporis
2565 3298 2890 3369 puerei-tus,
2947 3300 3373 3372 circumquaque
3419 3304 3535 3358 loca

1954 3389 2056 3443 sibi
2091 3389 2402 3443 concredita
2429 3390 2636 3455 obibat,
2670 3392 2737 3445 ad
2780 3392 2942 3445 vitam
2973 3393 3306 3462 spiritualem
3341 3411 3533 3449 mona—

268 3480 458 3542 αὐτοῖς
481 3480 582 3552 τὴν
616 3481 744 3553 περὶ
763 3481 860 3545 τὰς
890 3483 1054 3553 εὐχάς
1082 3485 1381 3556 καρτερίαν
1410 3486 1504 3539 καὶ
1529 3487 1629 3557 τήν
1654 3491 1712 3542 ἐν
1726 3491 1847 3553 ταῖς

1958 3480 2085 3535 chos
2103 3479 2275 3549 magis
2293 3480 2571 3549 magisque
2597 3479 2913 3544 roborabat,
2939 3483 3004 3536 ad
3024 3498 3244 3551 precum
3272 3484 3533 3554 majorem

266 3572 547 3642 νηστείαις
574 3574 833 3629 ἐπίδοσιν.
859 3569 1025 3638 Οὗτος
1058 3576 1269 3645 ἀπῆλθε
1294 3577 1392 3645 μὲν
1416 3579 1846 3649 ὲπισκεῲόμενός

266 3680 400 3716 ποτε
445 3664 541 3717 καὶ
575 3665 667 3717 τὸν
714 3665 974 3737 Συμεών·
1023 3669 1051 3720 ὁ
1085 3668 1142 3721 δὲ
1174 3667 1479 3739 σύμϐουλον
1521 3672 1726 3726 σκοποῦ
1755 3672 1847 3728 τὸν

266 3755 437 3826 ἄνδρα
458 3756 750 3825 λαμϐάνει,
782 3758 872 3810 καὶ
900 3758 969 3812 τά
993 3759 1094 3830 τῆς
1116 3760 1343 3832 γνώμης
1373 3762 1669 3816 κοινοῦται.
1736 3765 1846 3819 Καὶ

264 3849 295 3900 δ
320 3847 531 3912 Βλάσος
556 3849 619 3902 τδ
644 3848 740 3903 τοῦ
780 3851 1104 3922 πράγματος
1131 3854 1370 3924 ἐργῶδες
1407 3856 1503 3908 καὶ
1535 3855 1707 3925 βίαιον
1760 3858 1846 3910 ὲν-

265 3940 579 4011 νοούμενος,
616 3944 965 3999 συνεϐούλευε
994 3946 1087 3998 καὶ
1107 3945 1344 4016 παρῄνει
1373 3946 1451 4016 τῷ
1498 3949 1725 4018 Συμεὼν
1768 3951 1842 4022 μὴ

265 4029 355 4083 τὸν
381 4028 558 4099 βίαιον
586 4029 817 4085 θάνατον
845 4032 1046 4103 ἀρετὴν
1071 4027 1210 4087 εἶναι
1245 4034 1507 4104 νομίζειν,
1536 4037 1846 4093 τούναντίον

272 4121 372 4190 μὲν
399 4120 496 4175 οὖν
552 4123 751 4177 κακίαν
795 4124 1053 4195 ἐσχάτην,
1100 4126 1196 4180 καὶ
1250 4125 1387 4180 Θεοῦ
1436 4129 1719 4199 χωρισμὸν
1744 4130 1841 4184 καὶ

266 4214 448 4284 ψυχῆς
474 4214 552 4278 ὡς
585 4214 801 4283 ἀληθῶς
849 4217 1019 4286 αὐτῆς
1054 4216 1303 4275 θάνατον.
1344 4236 1363 4270 ι
1390 4219 1622 4284 Ούκοῦν,
1655 4222 1773 4276 ἀλλ’
1798 4218 1845 4277 ὦ

271 4305 482 4376 Πάτερ,
516 4308 546 4359 δ
573 4304 799 4376 Συμεὼν
830 4307 957 4377 ἔφη,
980 4307 1111 4363 δέκα
1140 4326 1229 4378 μοι
1253 4310 1446 4381 ἄρτους
1476 4313 1722 4383 παράθου
1748 4314 1844 4368 καὶ

269 4398 505 4468 στάμνον
537 4398 746 4463 ὓδατος,
774 4401 869 4454 καὶ
890 4402 957 4454 ἂν
990 4400 1082 4455 ίδω
1106 4402 1166 4454 τὸ
1202 4402 1360 4473 σῶμα
1409 4406 1616 4475 τροφῆς
1647 4406 1844 4479 δεόμε-

266 4506 377 4554 νον,
423 4491 810 4561 μεταλήψομαί
848 4508 912 4560 γε
945 4492 1147 4557 αὐτῶν,
1179 4496 1273 4548 κιιί¹
1302 4494 1460 4548 τοῦτο
1513 4500 1843 4571 παραμυθή-

272 4599 438 4653 σομαι
486 4583 557 4637 τὰ
616 4585 823 4639 εἰκότα.
851 4586 1003 4639 Ἐπεὶ
1041 4582 1133 4641 οὖν
1166 4588 1348 4652 καλῶς
1402 4587 1579 4655 ἔδοξεν
1609 4591 1753 4662 ἔχειν
1773 4593 1842 4647 τὰ

266 4676 562 4745 εἰρημένα,
608 4677 999 4748 παρατίθενται
1027 4678 1126 4749 μὲν
1152 4680 1278 4733 οἵτε
1307 4681 1463 4751 ἄρτοι
1494 4681 1655 4746 εὐθὺς
1689 4685 1843 4756 αύτῷ

1953 3570 2295 3625 tolerantiam
2320 3585 2382 3624 ac
2400 3571 2731 3641 jejuniorum
2748 3573 3145 3628 incrementum
3169 3575 3530 3631 adhortando.

1949 3660 2188 3731 Contigit
2216 3670 2399 3716 autem
2429 3671 2490 3716 ut
2539 3662 2832 3732 aliquando
2865 3679 2930 3718 ex
2963 3662 3140 3719 olIicio
3174 3680 3392 3735 quoque
3438 3667 3541 3738 Sy-

1949 3765 2201 3805 meonem
2235 3750 2507 3817 visitaret;
2540 3752 2632 3821 qui
2675 3752 2853 3807 virum
2886 3761 3095 3808 tantum
3150 3764 3409 3824 tanquam
3445 3757 3534 3809 in-

1948 3841 2122 3896 stituti
2156 3842 2240 3897 sui
2272 3844 2640 3899 consultorem
2671 3846 2902 3916 excepit,
2933 3862 3057 3901 cum
3104 3863 3280 3918 eoque
3336 3864 3535 3906 arcana

1949 3933 2151 3988 mentis
2177 3950 2291 3990 suae
2316 3936 2764 3992 communicavit.
2801 3936 2991 3993 Blasus
3019 3939 3147 3993 dum
3182 3956 3354 4010 usque
3389 3942 3524 3994 adeo

1949 4026 2179 4082 arduum
2220 4042 2285 4081 ac
2338 4027 2638 4082 violentum
2683 4028 2902 4084 vivendi
2967 4032 3187 4085 modum
3236 4034 3532 4103 cognoscit,

1949 4119 2095 4174 serio
2128 4119 2452 4191 Symeonem
2485 4131 2691 4185 monet,
2723 4123 3025 4193 suadetque
3062 4140 3132 4179 ne
3162 4134 3393 4179 mortem
3419 4128 3529 4180 vio-

1947 4210 2150 4265 lentam
2184 4211 2407 4266 virtutis
2438 4212 2559 4267 loco
2587 4212 2788 4269 habeat
2815 4231 2828 4279 ;
2855 4224 3041 4269 contra
3062 4231 3191 4269 vero
3222 4216 3535 4286 huiusmodi

1948 4301 2205 4357 virtutem
2235 4314 2534 4358 extremam
2598 4305 2948 4370 dementiam,
2984 4323 3049 4362 ac
3095 4322 3126 4361 ο
3164 4308 3275 4363 Deo
3320 4325 3535 4379 separa-

1949 4399 2177 4460 tionem,
2230 4396 2430 4451 animat
2478 4397 2713 4466 denique
2761 4408 2991 4453 mortem
3052 4402 3532 4469 praesentissimam

1947 4505 2069 4545 esse
2100 4489 2398 4544 existimet.
2432 4488 2727 4545 Enimvero
2754 4491 2820 4545 ad
2854 4491 2971 4545 haec
3006 4490 3239 4562 Symeon
3272 4507 3287 4545 :
3337 4494 3530 4546 Decem

1949 4597 2118 4653 panes
2140 4583 2293 4651 juxta
2325 4597 2408 4636 me
2441 4582 2669 4647 colloca,
2702 4598 2919 4638 necnon
2952 4597 3107 4652 aquae
3138 4584 3439 4650 vasculum,
3474 4594 3534 4638 ut

1948 4690 2073 4728 eum
2110 4674 2294 4728 videro
2320 4688 2519 4743 corpus
2550 4674 2813 4728 alimento
2835 4674 3298 4745 indigere,statim
3325 4676 3532 4744 aliquid

262 4768 441 4820 καὶτὸ
474 4767 649 4839 ὕδωρ·
683 4768 921 4822 κλείεται
952 4770 1066 4841 δὲή
1108 4769 1201 4824 τοῦ
1262 4773 1508 4826 οἰκίσκον
1549 4774 1710 4847 θύρα,
1748 4779 1844 4831 καὶ

1958 4782 2184 4832 sumam,
2218 4766 2457 4836 illudque
2507 4766 2704 4820 merito
2736 4765 3055 4821 rcfocillem.
3115 4766 3379 4820 Probatur
3432 4766 3533 4838 Sy-

262 4860 333 4913 τά
373 4859 601 4929 κλεῖθρα
635 4860 802 4931 πηλὸς
831 4857 899 4932 ἦν
948 4862 1150 4926 ἔξωθεν
1179 4862 1352 4937 ταύτῃ
1407 4867 1848 4937 περιπλαττόμε-

262 4966 375 5011 νυς,
409 4949 483 5010 ὡς
504 4948 571 5003 ἄν
602 4950 766 5004 παντὶ
793 4951 994 5012 ἄϐατος
1020 4952 1104 5021 εἴη
1124 4951 1201 5019 τῷ
1231 4954 1533 5022 προσιόντι.
1553 4956 1772 5028 Ἐπειδὴ
1788 4957 1847 5010 δὲ

264 5039 298 5107 ή
322 5038 736 5111 τεσσαρακοστή
769 5040 877 5094 τῶν
910 5041 1131 5112 ἡμερῶν
1158 5037 1316 5113 ἧκεν,
1364 5043 1691 5112 ἐφίσταταιὸ
1709 5045 1844 5100 θαυ-

266 5130 475 5199 μαστὸς
510 5130 716 5195 Βλάσος
746 5132 822 5202 τῷ
850 5132 1106 5203 δωματίῳ
1144 5136 1221 5197 εἰς
1243 5134 1533 5204 ἐπίσκεψιν
1564 5136 1659 5188 καὶ
1684 5136 1844 5201 αὖθις

264 5219 362 5274 τοῦ
403 5220 666 5291 Συμεών
720 5226 785 5277 τὰ
809 5224 1035 5296 κλεῖθρά
1070 5242 1128 5279 τε
1175 5226 1266 5279 τὸν
1300 5227 1473 5297 πηλὸν
1504 5227 1721 5297 ἀφελὼν
1745 5229 1839 5283 καὶ

265 5312 367 5381 τῆς
407 5313 579 5384 θύρας
602 5315 739 5369 εἴσω
785 5318 1077 5387 γενόμενος
1116 5312 1245 5389 εὗρε
1284 5318 1384 5388 μὲν
1407 5319 1515 5373 τῶν
1542 5320 1721 5389 ἄρτων
1748 5319 1839 5373 τὸν

265 5402 501 5475 ἀριθμὸν
555 5406 676 5460 οὐδὲ
711 5407 1049 5478 βραχύτατον
1092 5409 1257 5480 μέρος
1312 5411 1580 5475 ἐνδέοντα,
1622 5407 1746 5482 εὗρε
1782 5412 1839 5464 δὲ

268 5497 457 5568 πλήρη
515 5497 615 5570 τὴν
661 5502 899 5570 στάμνον
952 5502 1045 5556 τοῦ
1080 5502 1305 5566 ἰῖιδατος⁹
1365 5505 1467 5573 ὁρᾷ
1513 5503 1570 5557 δὲ
1620 5506 1712 5558 καὶ
1748 5505 1845 5558 τὸν

268 5697 838 5825 ῐεέεέὃζΐιιοοᾱοτυιυε
867 5702 999 5759 dieit
1026 5703 1191 5759 fuisse
1221 5698 1362 5761 illius
1394 5709 1659 5777 palaestrae
1700 5723 1838 5777 prae-

346 5838 425 5909 (9)
476 5840 686 5898 Theod.
734 5841 1066 5901 Telmessum
1095 5885 1108 5912 ,
1164 5854 1218 5903 et
1267 5847 1435 5916 addit,
1482 5849 1659 5906 vicum
1693 5849 1845 5907 illum

1948 4860 2160 4914 meonis
2186 4860 2459 4914 sententia
2485 4877 2498 4914 :
2532 4873 2701 4927 panes
2726 4874 2850 4911 cum
2881 4873 3022 4928 aqua
3049 4858 3203 4927 juxta
3224 4868 3526 4927 ponuntur,

1945 4948 2275 5002 clauduntur
2320 4946 2665 5002 domunculm
2719 4944 2886 5011 fores,
2922 4954 2978 5000 et
3009 4960 3143 5000 serae
3191 4946 3311 5000 Ῑοι⁴0
3340 4936 3527 5017 argilla

1945 5041 2427 5102 circumlinuntur,
2467 5048 2527 5094 ut
2554 5039 2708 5094 locus
2745 5038 2918 5094 cuivis
2961 5039 3184 5094 adeunti
3218 5038 3527 5095 inaccessos

1946 5145 2183 5190 maneat.
2216 5136 2533 5191 Transactis
2582 5135 2799 5189 tandem
2828 5133 2897 5189 40
2929 5134 3121 5189 diebus
3150 5144 3290 5189 astat
3318 5149 3415 5204 pro
3446 5133 3529 5189 [ο-

1949 5226 2101 5280 ribus
2130 5226 2470 5282 admirabilis
2515 5225 2605 5280 ille
2638 5226 2846 5289 Blasus,
2871 5225 3197 5297 Symeonem
3236 5228 3417 5280 dcnuo
3444 5225 3526 5280 vi-

1950 5321 2211 5372 sitaturus
2238 5318 2530 5381 accedens,
2564 5317 2656 5386 qui
2706 5318 2943 5372 claustro
2977 5317 3269 5387 argillaceo
3312 5317 3531 5372 sublato

1950 5410 2171 5465 domum
2233 5410 2533 5480 ingressus,
2591 5424 2791 5480 panum
2837 5424 3125 5463 uulnerum
3178 5425 3247 5463 ne
3304 5410 3529 5465 minima

1952 5505 2173 5575 quidem
2205 5515 2357 5575 parte
2411 5507 2714 5569 minutum,
2753 5515 2924 5561 utrem
2982 5520 3120 5575 aqua
3175 5505 3353 5559 adhuc
3407 5503 3524 5573 ple-

1951 5705 2255 5787 subjectum
2286 5708 2554 5762 cacumini
2596 5710 2816 5787 montis,
2850 5708 2903 5762 in
2934 5724 3041 5778 quo
3068 5716 3251 5787 postea
3276 5704 3523 5763 sublimis

1953 5785 2122 5830 stetit.
2159 5776 2383 5832 llarzeus
2414 5788 2571 5833 vocat
2606 5780 2917 5833 Telasimzm
2954 5776 3236 5846 oppidum.

2025 5847 2135 5914 (l0)
2180 5846 2384 5905 Theod.
2419 5848 2641 5904 Bassum
2681 5859 2853 5905 vocat.
