3868 6468
235 447 347 511 3ίῦ

1308 444 1481 503 VlTA
1525 431 1588 503 δῇ
1631 431 2011 537 ΞΥΜΕῼΝἷὸ
2048 444 2401 507 S'FYLITrE.

3383 436 3488 516 3'46

232 560 351 629 ἤτω
382 556 664 627 ἐχόμενος.
704 556 791 608 Ἑν
821 555 898 625 τῷ
938 557 1322 626 προειρημένῳ
1366 558 1547 611 τοίνυν
1574 558 1786 628 οίκίσκιγ

1911 561 2292 628 progrediatur
2315 561 2580 614 narratio.
2609 561 2668 615 ln
2701 563 2954 631 praedicta
2981 562 3307 619 domuncula
3341 581 3489 637 post-

230 650 417 717 τρίτον
464 647 903 717 διακαρτερήσας
934 647 1180 700 ἐνιαυτὸν
1211 649 1302 699 ἐπὶ
1350 650 1449 718 τὴν
1498 649 1807 719 πολυθρύλο

231 740 396 807 λητον
427 737 647 805 ἐκείνην
698 737 792 788 τοῦ
840 737 1000 808 ὅρους
1053 738 1302 808 κοφυφὴν
1367 739 1673 805 ἀναϐαίνει,
1716 741 1807 792 καὶ

231 828 422 898 κύκλῳ
442 827 646 897 τειχίον
675 827 1104 897 περιϐαλόμενος
1137 827 1402 899 ὕπαιθρον
1457 830 1556 900 μὲν
1599 833 1696 900 τὴν
1725 832 1817 884 οἵ-’

232 939 399 990 κησιν
419 918 556 992 εἶχε,
595 920 836 975 καύσωνι
864 923 958 975 καὶ
990 921 1158 992 ψύχει
1185 922 1459 979 παλαίων.
1488 924 1711 977 Ἀλυσιν
1746 924 1805 977 δὲ

234 1015 463 1082 σιδηρᾶν
517 1015 739 1085 πήχεων
767 1014 941 1067 εἴκοσι
999 1015 1391 1083 κατεσκεύασε,
1446 1017 1538 1071 καὶ
1576 1018 1804 1086 θάτερον

235 1107 335 1174 μὲν
358 1106 471 1159 τῶν
515 1106 701 1175 ἄκρων
723 1105 893 1177 αὐτῆς
923 1106 1102 1178 πέτρᾳ
1148 1109 1254 1160 τινί¹
1293 1110 1526 1181 μεγίστῃ
1563 1110 1803 1182 ὲνείρας,

232 1198 459 1271 θάτερον
484 1199 541 1253 δὲ
567 1199 654 1254 διά
681 1217 825 1264 τινος
854 1202 1045 1271 κρίκου
1073 1202 1151 1271 τῷ
1184 1204 1368 1273 οἰκείῳ
1420 1204 1542 1257 ποδὶ
1569 1206 1807 1273 ἐνήρμο-

233 1305 343 1353 σεν,
385 1288 460 1349 ὡς
487 1288 553 1343 ἂν
585 1290 723 1359 μηδὲ
752 1290 958 1361 σφόδρα
981 1290 1180 1345 ἐθέλων
1214 1292 1321 1357 ἕξω
1348 1292 1456 1345 τῶν
1490 1293 1630 1364 ὅρων
1662 1294 1808 1348 ὲκεί-

230 1398 337 1434 νων
358 1380 538 1435 ἀπίοι.
569 1381 850 1453 Διέτριϐεν
896 1382 1047 1436 ἔνδον
1082 1384 1166 1436 ἀεὶ
1195 1382 1270 1454 τῷ
1310 1385 1552 1454 οὐρανίῳ
1613 1385 1801 1438 κάλλει

234 1472 382 1539 μόνῳ
417 1471 763 1536 ἑνατενίζων,
790 1474 902 1535 τοῖς
933 1475 990 1526 ὲν
1017 1473 1167 1543 αὐτῷ
1199 1491 1259 1526 τε
1278 1474 1545 1543 θεάμασιν
1577 1475 1801 1545 ἒμφιλο·

228 1565 446 1633 χωρῶν,
476 1565 572 1617 καὶ
600 1565 809 1618 πλείονι
840 1565 917 1637 τῷ
966 1566 1117 1636 πόθῳ
1147 1568 1242 1620 καὶ
1288 1566 1607 1637 θερμοτέρῳ
1664 1568 1801 1635 πρὸς

228 1655 441 1709 ἐκείνου
480 1655 814 1728 δημιουργὸν
849 1659 1205 1728 ἀναγόμενος.
1242 1659 1500 1722 Μελέτιος
1534 1659 1613 1722 δὲ,
1646 1654 1687 1727 ᾦ
1732 1661 1799 1712 τὰ

225 1746 322 1814 τῆς
341 1746 631 1811 εὐσεϐείας
660 1748 962 1818 τηνικαῦτα
1008 1749 1309 1819 ἐνίδραστο,
1345 1750 1435 1802 τδν
1482 1751 1799 1819 ἀρχιερατι-

222 1837 318 1891 xcv
355 1840 549 1909 θρόνον
586 1840 685 1909 τῆς
727 1843 999 1911 Ἀντιόχου
1048 1838 1271 1904 διέπων,
1318 1842 1457 1909 μετᾶ
1524 1842 1649 1895 θέαν
1705 1843 1796 1895 τοῦ

1915 667 2079 720 qnam
2107 654 2344 708 triennio
2362 655 2730 722 perdurasset,
2757 656 3088 709 celebratum
3111 656 3261 710 illum
3286 660 3486 714 montis

1911 745 2172 799 verticem
2233 747 2499 809 ascendit,
2567 747 2655 800 ubi
2705 748 3053 803 circumcirca
3087 765 3241 803 muro
3276 750 3485 805 cinctus

1913 851 2096 891 casam
2157 839 2459 893 subdialem
2504 841 2713 905 habuit,
2766 842 2816 894 in
2869 857 2973 911 qua
3028 859 3149 897 cum
3198 845 3396 916 frigore
3431 857 3485 900 et

1913 928 2093 982 calore
2144 929 2475 983 luctabatur.
2527 932 2606 985 Ad
2644 933 2758 985 hzec
2796 944 3044 988 catenam
3086 951 3117 989 e
3145 935 3288 990 ferro
3315 937 3484 1006 longi-

1914 1019 2104 1073 tudine
2122 1020 2429 1075 cubitorum
2465 1021 2650 1091 viginti
2684 1023 2784 1077 sibi
2813 1035 3110 1094 comparat,
3138 1028 3291 1097 cujus
3317 1045 3477 1081 uuam

1910 1111 2309 1166 extremitatem
2355 1113 2558 1183 ingenti
2614 1128 2745 1168 saxo
2807 1115 3070 1181 annectit,
3112 1118 3334 1172 alteram
3388 1135 3482 1186 prr

1908 1204 2170 1257 annulum
2208 1206 2428 1275 proprio
2470 1208 2592 1276 pedi
2615 1209 2837 1278 adaptat
2869 1208 3003 1275 (15).
3038 1218 3096 1263 ut
3127 1227 3191 1263 ne
3221 1212 3262 1265 si
3322 1213 3478 1265 vclle-t

1907 1295 2126 1364 quidem
2152 1297 2351 1353 limites
2370 1308 2604 1354 statutos
2623 1301 2859 1355 transire
2882 1312 3083 1371 posset.
3108 1302 3306 1356 Verum
3333 1304 3479 1358 intus

1908 1397 2174 1455 perpetuo
2230 1390 2568 1454 morabatur,
2632 1392 2725 1446 uni
2774 1393 2912 1447 cualo
2964 1394 3285 1458 intendens;
3317 1395 3477 1461 inque

1905 1480 2025 1546 ejus
2053 1481 2125 1534 ita
2159 1481 2405 1536 bmrebat
2427 1482 2636 1539 deﬁxus
2669 1494 2914 1553 aspectu,
2969 1487 3120 1554 quasi
3150 1486 3260 1553 jam
3297 1487 3477 1539 animo

1906 1569 2214 1626 inhabitare
2246 1572 2563 1642 videretur;
2598 1575 2793 1643 majori
2840 1584 3021 1630 tamen
3053 1592 3117 1630 ac
3164 1576 3473 1630 ferventiori

1905 1661 2175 1717 desiderio
2200 1663 2256 1716 in
2279 1665 2584 1720 caelestium
2615 1680 2798 1719 rerum
2821 1666 3154 1720 conditorem
3179 1666 3473 1719 ferebatur.

1905 1749 2060 1805 Tunc
2108 1750 2358 1806 Melctius
2389 1752 2523 1823 (14),
2556 1754 2640 1807 vir
2671 1754 2721 1806 in
2763 1769 2869 1822 quo
2901 1755 3097 1824 religio
3131 1754 3312 1808 sedem
3346 1753 3476 1806 fixe-

1906 1849 2007 1904 rat,
2078 1843 2169 1910 qui
2236 1843 2613 1913 patriarcbalis
2678 1844 2979 1899 Antiochiae
3039 1844 3218 1899 throni
3278 1843 3473 1914 guber-

221 1931 418 2003 ἀνδρὸς
440 1934 852 2004 παραγεγονὼς.
882 1931 969 1988 οἷα
999 1936 1098 2004 τῆς
1132 1937 1259 2004 περὶ
1281 1934 1445 1988 αὑτοῦ
1488 1937 1678 2005 φήμης
1709 1937 1786 1991 διὸ

1906 1933 2097 1987 uacula
2124 1935 2364 1997 tenebat,
2392 1935 2457 1989 ad
2488 1937 2584 1988 viri
2638 1936 3008 2004 spectaculum
3036 1937 3269 2000 excitus,
3330 1934 3468 1987 fama

220 2026 444 2078 πάντων
469 2021 775 2093 χωρούσης.
812 2022 1033 2093 Ἐπειδὴ
1090 2024 1279 2077 τοῦτον
1313 2024 1484 2088 οὕτως
1547 2026 1796 2096 ὑπαίθρῳ

218 2119 282 2186 τῇ
324 2115 576 2185 διαγωγῇ
635 2112 920 2183 χρώμενον
959 2110 1088 2176 εἶδε,
1151 2115 1286 2185 πρὸς
1340 2115 1403 2168 δὲ
1432 2117 1527 2170 καὶ
1582 2115 1660 2184 τῷ
1688 2117 1794 2168 ἀπὸ

222 2213 339 2281 σιδὴ
352 2229 451 2282 ρου
485 2211 672 2280 δεσμῷ
699 2211 792 2263 τὸν
817 2212 1005 2282 ’ἕτερον
1035 2210 1144 2265 τῶν
1177 2212 1355 2265 ποδῶν
1390 2212 1792 2281 πεπεδημένον,

216 2305 287 2358 τὰ
308 2305 410 2374 μὲν
433 2303 572 2357 ἄλλα
599 2304 655 2356 ἐν
673 2304 950 2372 θαύματος
973 2303 1378 2373 λόγῳιὲποιείτο
1397 2319 1410 2332 ·
1439 2305 1531 2358 τὸν
1557 2303 1613 2357 δὲ
1641 2304 1793 2374 σίδη-

218 2415 312 2469 ρον
337 2397 443 2451 οὐκ
469 2396 684 2467 ἐπῄνει,
718 2397 970 2466 περιττὸν
989 2398 1152 2451 αὐτὸν
1191 2396 1331 2451 εἶναι
1368 2399 1562 2465 λέγων,
1591 2398 1796 2470 ἀρκού-

217 2505 318 2557 σης
346 2488 448 2558 τῆς
480 2487 922 2559 γνὼμηςὶογικὰ
944 2488 1019 2560 τῷ
1040 2490 1252 2559 σώματι
1276 2491 1577 2562 περιθεῖναι
1595 2492 1791 2562 δεσμά.

215 2582 475 2635 Πείθεται
504 2581 718 2645 τούτοις
770 2583 799 2634 ὁ
824 2582 1136 2652 θαυμαστὸς
1168 2584 1413 2651 Συμεὼν,
1451 2588 1544 2637 καὶ
1588 2584 1794 2653 χαλκέα

214 2674 492 2744 κληθῆναι
520 2673 807 2739 κελεύσας,
836 2674 994 2727 λῦσαι
1021 2676 1118 2744 μὲν
1141 2677 1424 2746 ἐπιτρέπει
1451 2677 1546 2729 τοῦ
1571 2677 1791 2746 σιδήρου

213 2765 308 2817 τὸν
345 2766 487 2819 πόδα
507 2781 523 2797 ⁸
545 2768 574 2818 ό
596 2766 654 2819 δὲ
682 2765 777 2819 καὶ
804 2765 1013 2829 λυθεὶς,
1042 2766 1191 2834 ὅμως
1222 2766 1341 2818 οὐδὲ
1376 2766 1517 2820 οὕτω
1540 2769 1667 2829 τοὺς
1692 2767 1794 2835 τῆς

215 2855 467 2918 ἁλύσεως
509 2856 869 2926 ὑπερέϐαινεν
921 2857 1113 2925 ὄρους’
1152 2860 1366 2925 συνεῖχε
1430 2861 1538 2928 γὰρ
1593 2857 1792 2927 μᾶλλον

215 2946 382 3005 αιίτὸν
412 2948 440 3000 ὁ
493 2947 587 3002 τοῦ
636 2946 877 3021 Χριστοῦ
915 2946 1077 3010 πόθος
1130 2949 1240 2998 τῶν
1293 2947 1400 3001 ἀπὸ
1440 2948 1531 3000 τοῦ
1571 2949 1791 3020 σιδήρου

214 3032 454 3110 δεσμῶν.

284 3133 370 3187 ιδ’.
414 3132 566 3186 Καθὺ
597 3133 654 3186 δὲ
697 3132 865 3202 μέρος
904 3133 998 3186 τοῦ
1028 3134 1259 3195 σκέλους
1293 3136 1319 3186 ὁ
1354 3133 1569 3202 σίδηρος
1602 3134 1791 3188 τοῦτον

212 3224 643 3296 περιελάμϐανε,
693 3225 824 3295 δορά
855 3225 1127 3295 προϐάτου
1182 3224 1658 3295 προῦποϐέϐλητο,
1696 3225 1787 3303 τξλν
1815 3247 1858 3305 c

211 3318 331 3369 ἶσον
364 3318 460 3368 καὶ
491 3317 628 3387 αὕτη
655 3317 731 3387 τῷ
758 3317 962 3386 σιδήρῳ
986 3317 1080 3370 τοῦ
1103 3317 1325 3381 σκέλους
1360 3319 1634 3387 ἐπέχουσα
1698 3319 1786 3371 τό·

210 3423 333 3469 πον,
356 3406 509 3467 ὅπως
534 3405 609 3474 μὴ
642 3407 825 3475 γυμνῇ
857 3404 1201 3475 προσομιλῶν
1247 3408 1312 3475 τῇ
1347 3404 1511 3475 σαρκὶ
1545 3420 1790 3473 τραυμασ

206 3497 348 3557 τίζοι
377 3512 439 3549 τε
469 3495 663 3563 αὐτὴν,
685 3495 780 3548 καὶ
809 3495 990 3572 φέρων
1029 3495 1110 3559 είς
1138 3495 1349 3562 πληγὰς
1374 3495 1522 3564 ἀνιᾷ.
1570 3493 1786 3564 Ἐπειδὴ

207 3586 328 3652 οὖν,
359 3588 448 3640 ὅτε
477 3586 572 3640 τοῦ
618 3588 838 3659 σιδήρου
872 3586 1062 3657 λυθείη
1107 3587 1329 3656 δεσμὸς,
1358 3588 1452 3640 καὶ
1492 3586 1526 3656 ἠ
1559 3586 1783 3640 ὑποκει-

212 3680 349 3748 μένη
378 3677 707 3748 ἀφαιρεθείη
758 3678 912 3750 δορὰ,
952 3679 1135 3750 κόρεις
1173 3679 1392 3742 πλείους
1423 3678 1533 3733 τῶν
1580 3679 1785 3732 εἴκοσιν

205 3769 620 3837 ἐμφωλεύοντες
649 3770 727 3839 τῷ
750 3771 931 3825 σκέλει
951 3771 1206 3842 ὁρῶνται,
1240 3773 1335 3826 καὶ
1363 3773 1463 3842 τὴν
1496 3772 1676 3843 σάρκα
1703 3772 1781 3842 τῷ

206 3860 350 3931 ἁγίῳ
403 3861 813 3931 ἐπινεμόμενοι.
862 3863 971 3917 Καί
1024 3880 1091 3932 με
1143 3865 1331 3934 μηδεὶς
1375 3864 1784 3934 ὲπιχλευαζέτω

203 3949 307 4015 τῆς
336 3949 580 4020 ἱστορίας
609 3950 683 4012 ὠς
716 3952 966 4021 μεγάλων
989 3953 1169 4022 ἔργων
1189 3954 1283 4007 καὶ
1310 3954 1606 4024 ὑπερφυῶν
1643 3971 1780 4007 παν-

201 4057 265 4093 τα
278 4040 436 4113 κόθεν
458 4043 861 4112 περιρῤεόντων
883 4059 897 4075 ·
918 4042 1030 4111 ἐγὼ
1050 4044 1128 4107 δὲ,
1156 4045 1278 4098 οὐδὲ
1299 4044 1409 4097 τῶν
1432 4044 1779 4098 λεπτοτάτων

199 4134 535 4204 ἀφίσταμαι,
573 4136 694 4188 οὐδὲ
743 4137 854 4206 γὰρ
887 4138 970 4189 ὅτι
1020 4138 1193 4206 μικρὰ
1242 4137 1438 4201 ταῦτα,
1489 4138 1536 4190 οἱ
1594 4137 1781 4208 κόρεις

200 4225 371 4293 φημὶ.
409 4226 583 4296 μικρὰ
620 4228 767 4297 καὶὴ
798 4229 933 4300 πρὸς
963 4228 1063 4292 τὰς
1098 4228 1310 4298 πληγὰς
1344 4229 1451 4283 τῶν
1481 4229 1778 4299 δηγμάτων

197 4316 385 4388 ὀδύνη,
426 4319 520 4370 καὶ
573 4319 827 4372 τοσοῦτον
873 4322 1123 4390 ἐμποιεῖν
1163 4319 1433 4389 δυναμένη
1478 4319 1541 4372 τὸ
1571 4320 1772 4389 ἄλγοςο

197 4411 380 4463 ἴσασιν
407 4412 456 4464 oi
481 4411 908 4480 πεπειρωμένοι.
951 4412 1192 4483 Ἀπόχρη
1246 4411 1344 4481 μὲν
1373 4410 1484 4480 γὰρ
1510 4411 1604 4465 καὶ
1627 4413 1655 4465 ὁ
1686 4411 1772 4464 σί-

192 4502 360 4583 δηρος
401 4503 483 4565 εἰς
525 4503 768 4573 μείζονος
812 4503 1085 4570 ἀπόδειξιν
1130 4503 1451 4574 καρτερίας,
1485 4503 1550 4555 τὸ
1575 4503 1631 4556 δὲ
1679 4502 1775 4556 καὶ

1893 2025 2003 2093 jam
2042 2025 2194 2096 longe
2225 2025 2439 2096 lateque
2464 2038 2737 2090 currente,
2769 2037 3052 2096 postquam
3080 2027 3231 2080 illum
3253 2027 3352 2079 sub
3383 2027 3471 2079 dio

1899 2115 2142 2171 habitare
2172 2117 2323 2182 vidit,
2350 2118 2414 2173 ad
2446 2117 2562 2173 hzec
2587 2127 2831 2173 catenam
2896 2118 3125 2173 ferream
3161 2118 3313 2171 alteri
3348 2119 3467 2186 pedi

1899 2207 2211 2279 alligatam;
2255 2210 2360 2263 alia
2394 2211 2614 2279 quidem
2657 2210 3034 2267 admirationis
3088 2210 3208 2263 loco
3258 2210 3466 2276 habuit,

1900 2298 2132 2355 ferream
2186 2310 2371 2356 autem
2405 2314 2651 2357 catenam
2701 2304 2927 2356 minime
2961 2303 3225 2372 probavit,
3280 2319 3469 2373 snper-

1897 2390 2063 2446 ﬂuam
2095 2406 2216 2447 esse
2270 2392 2480 2461 dicens,
2539 2394 2977 2464 quandoquidem
3022 2411 3175 2450 mens
3204 2395 3473 2451 suliiccrvt

1896 2485 1963 2540 ad
2010 2487 2393 2555 apponendum
2454 2484 2665 2543 vincula
2709 2488 3052 2542 rationabilia
3084 2489 3317 2556 corpori.
3370 2488 3467 2544 llis

1897 2578 2015 2632 sine
2043 2592 2190 2632 mora
2230 2579 2579 2635 admirandus
2600 2580 2689 2634 ille
2727 2581 2962 2650 Symeon
2995 2580 3353 2651 obtemperat.
3402 2598 3467 2637 ac

1896 2665 2051 2721 fabro
2084 2668 2266 2721 vocari
2289 2670 2458 2739 jusso,
2494 2670 2685 2739 pedem
2716 2670 2891 2723 ferreo
2921 2669 3139 2725 vinculo
3195 2671 3327 2725 solvi
3366 2673 3467 2725 im-

1898 2770 2053 2829 perat
2086 2782 2097 2815 :
2127 2776 2313 2815 verum
2346 2763 2585 2828 solutus,
2622 2779 2802 2833 neque
2855 2762 2931 2816 sic
2961 2772 3165 2819 catena:
3204 2766 3463 2836 te’rminos

1897 2852 2129 2906 excessit
2159 2870 2172 2906 :
2227 2853 2433 2924 quippe
2464 2869 2617 2908 amor
2653 2855 2851 2910 Christi
2885 2854 3037 2909 illum
3058 2854 3207 2909 omni
3245 2857 3464 2913 vinculo

1896 2943 2075 3002 ferreo
2104 2946 2275 3019 magis
2309 2946 2555 3002 strictum
2589 2948 2824 3003 tenebat.

1967 3117 2058 3174 u.
2097 3118 2265 3174 Porro
2302 3122 2352 3176 ei
2378 3122 2524 3176 tibiae
2551 3119 2711 3191 pa'rti,’
2748 3134 2872 3192 quae
2903 3120 3048 3177 ferro
3073 3118 3461 3190 circumlige-

1895 3210 2075 3277 batur,
2125 3213 2282 3281 pellis
2317 3223 2433 3268 erat
2470 3213 2633 3269 ovina
2680 3214 2977 3284 supposita,
3005 3231 3123 3284 qua:
3155 3215 3297 3270 idem
3334 3231 3458 3268 cum

1896 3292 2040 3356 ferro
2062 3302 2210 3358 tibia:
2242 3304 2477 3373 spatium
2508 3306 2827 3375 occupabat,
2880 3321 2949 3360 ne
2976 3305 3114 3359 forte
3156 3307 3207 3358 in
3260 3305 3458 3359 nudam

1891 3408 2112 3449 carnem
2173 3396 2484 3467 impingens
2511 3412 2629 3451 eam
2669 3399 2903 3467 graviter
2944 3398 3266 3453 vulneraret.
3308 3398 3459 3451 Post-

1888 3501 2050 3556 quam
2087 3487 2251 3556 igitur
2294 3487 2471 3543 ferrea
2501 3498 2691 3544 catena
2744 3491 2920 3544 soluta
2954 3499 3057 3555 est,
3089 3505 3150 3545 ac
3179 3492 3477 3559 supposita.

1888 3580 2045 3649 pellis
2072 3580 2270 3646 ablata,
2301 3581 2522 3639 cimices
2558 3583 2741 3652 plures
2764 3582 2978 3650 (15-16)
2999 3598 3159 3651 quam
3188 3582 3375 3652 viginti
3399 3583 3455 3637 in

1886 3671 2019 3726 tibia
2045 3672 2163 3741 ejus
2216 3672 2516 3734 latitantes,
2549 3689 2879 3742 carnemque
2914 3680 3269 3744 depasccntes
3290 3689 3458 3743 appa-

1885 3779 2064 3818 ruere.
2095 3764 2283 3832 Neque
2313 3780 2399 3820 me
2444 3765 2533 3820 hic
2583 3766 2872 3835 quisquam
2915 3767 3039 3834 jure
3069 3767 3452 3836 reprehendat,

1883 3857 1976 3926 qui
2010 3856 2112 3911 ista
2139 3872 2379 3922 narrem,
2405 3873 2529 3912 cum
2556 3859 2658 3913 alia
2697 3874 2889 3929 magna
2917 3868 2972 3914 et
3025 3858 3456 3928 supernaturalia

1883 3957 2194 4017 suppetant,
2227 3963 2349 4016 quae
2382 3960 2884 4005 commemorentur
2914 3966 3100 4020 opera.
3120 3950 3252 4006 Nam
3278 3967 3455 4020 neque

1880 4038 1997 4094 haec
2034 4040 2351 4095 tenuissima
2382 4041 2816 4110 przetermittam,
2850 4057 3028 4112 neque
3056 4044 3198 4111 quod
3229 4044 3454 4098 cimices

1881 4131 2074 4202 exigua
2095 4140 2225 4187 sunt
2250 4131 2598 4196 animalcnla,
2624 4132 2827 4187 idcirco
2864 4142 2920 4188 et
2965 4134 3189 4204 exiguos
3239 4133 3292 4186 in
3350 4134 3454 4187 hu-

1880 4238 2042 4278 mano
2091 4239 2322 4293 corpore
2379 4224 2655 4279 morsibus
2680 4224 2795 4280 suis
2821 4225 3040 4281 dolores
3104 4236 3313 4292 creant,
3360 4236 3455 4281 aut

1878 4317 2061 4369 minus
2097 4316 2292 4370 indunt
2319 4315 2600 4371 molestire.
2629 4316 2843 4370 Norunt
2868 4317 2920 4372 id
2951 4319 3041 4383 qui
3068 4318 3272 4387 experti
3303 4328 3453 4372 sunt.

1880 4401 2193 4457 Suiliciebat
2245 4403 2497 4473 equidem
2553 4415 2746 4460 catena
2795 4406 2864 4460 ad
2895 4405 3115 4473 majoris
3154 4408 3457 4464 tolerantiae

1878 4492 2180 4561 specimen,
2222 4501 2414 4548 Verum
2460 4494 2850 4551 accedentibus
2878 4495 3103 4565 insuper
3144 4497 3447 4563 cimicibus,

191 4598 328 4659 τοὺς
360 4598 545 4668 κόρεις
582 4602 871 4669 προσῆναι,
894 4601 988 4653 καὶ
1015 4599 1207 4670 χρόνον
1228 4597 1480 4653 τοσοῦτον
1509 4597 1585 4667 τῷ
1614 4598 1769 4669 κακῷ

1895 4587 2032 4634 ηειηιο
2065 4589 2310 4653 tempore
2341 4582 2395 4634 in
2448 4581 2551 4636 hoc
2586 4582 2727 4635 malo
2785 4583 3100 4652 perdurare,
3148 4586 3455 4653 praesertim.

188 4687 374 4759 τούτῳ
402 4690 778 4760 εύκαρτερείν,
803 4691 979 4755 ἄλλως
999 4708 1059 4744 τε
1090 4690 1152 4744 τὸ
1176 4691 1272 4745 καὶ
1303 4693 1432 4762 ῥᾷον
1457 4690 1517 4745 ὃν
1539 4695 1605 4763 τῇ
1624 4693 1768 4763 χειρὶ

190 4778 419 4843 τούτους
448 4782 710 4846 πατάξαι,
764 4784 858 4837 καὶ
907 4784 1015 4837 τῶν
1043 4782 1243 4837 ὀδυνῶν
1276 4783 1676 4854 ἀπαλλαγῆναι,
1706 4783 1769 4836 τὸ

185 4869 247 4924 δὲ
279 4870 508 4940 τρέφειν
558 4888 619 4926 τε
666 4875 864 4943 μᾶλλον
916 4876 1012 4929 καὶ
1055 4874 1435 4929 καταπιαίνειν
1469 4875 1665 4938 αὐτοὺς
1696 4878 1762 4946 τῇ

186 4962 380 5031 σαρκὶ,
410 4963 536 5017 τίνα
564 4965 860 5035 καρτερίας
885 4967 1190 5039 ὑπερϐολὴν
1216 4967 1572 5035 καταλείπεις

264 5176 341 5236 ιε’.
368 5183 483 5255 Τῆς
528 5186 621 5239 τοῦ
635 5185 857 5257 Συμεὼν
892 5188 1071 5241 τοίνυν
1097 5190 1287 5259 φήμης
1314 5192 1416 5243 οὐκ
1444 5190 1594 5244 ἔστιν
1618 5192 1768 5255 ὅπως

185 5274 267 5345 μὴ
315 5275 662 5348 διαθεούσης,
719 5278 1046 5348 συρρέοντας
1101 5280 1237 5352 πρὸς
1295 5280 1458 5333 αὑτὸν
1510 5281 1668 5351 ἴσμεν
1705 5285 1766 5336 ού

184 5367 313 5428 τοὺς
347 5368 413 5419 ἐκ
450 5366 711 5436 γειτόνων
752 5369 932 5439 μόνον,
971 5370 1107 5424 ἀλλὰ
1140 5372 1265 5434 τοὺς
1319 5373 1419 5442 μὲν
1464 5374 1768 5444 ἀπέχοντας

182 5458 398 5513 πολλῶν
429 5460 655 5532 ἡμερῶν
701 5462 840 5531 ὁδὸν,
889 5464 1015 5526 τοὺς
1050 5464 1108 5517 δὲ
1154 5465 1246 5517 καὶ
1288 5465 1472 5535 μηνῶν
1497 5507 1510 5528 ,
1557 5468 1648 5519 καὶ
1690 5468 1766 5533 ὡς

182 5550 419 5606 ἑκαστον
447 5547 562 5623 εἶχε
594 5552 801 5617 πάθους
847 5557 947 5626 τὴν
987 5556 1285 5627 θεραπείαν
1336 5558 1639 5623 αἰτοῦντας.
1677 5562 1754 5613 Ού

256 5752 275 5817 ί
285 5752 368 5817 l3)
411 5753 742 5824 Theodoret.
776 5755 959 5810 dextro
993 5758 1130 5824 pedi.

411 5823 547 5888 Quis
572 5825 659 5899 hic
674 5825 836 5899 fuerit
858 5823 1123 5899 Aleletius,
1149 5827 1500 5897 qumsivimus
1525 5828 1576 5883 in
1600 5832 1752 5899 przef.

188 5889 217 5960 ς
252 5893 303 5947 '5.
332 5892 580 5960 flatu-us,
613 5893 857 5960 Grasius,
890 5896 968 5951 Me
997 5889 1278 5967 apltrastes
1315 5908 1369 5952 ct
1413 5900 1499 5952 alii
1558 5889 1750 5956 Aittio-

1876 4685 1998 4724 cum
2027 4668 2185 4724 facile
2214 4680 2363 4731 esset
2387 4679 2443 4725 et
2466 4686 2628 4724 manu
2680 4671 2950 4735 occidere,
2981 4681 3037 4725 et
3073 4665 3149 4725 sic
3175 4686 3205 4724 a
3238 4673 3446 4727 dolori-

1873 4761 1976 4815 bus
2003 4762 2241 4827 liberari,
2284 4778 2420 4832 quos
2455 4763 2565 4833 jam
2614 4772 2803 4816 contra
2834 4771 2889 4816 et
2923 4764 3129 4817 nutrire
3166 4767 3449 4837 pergebat,

1873 4862 1928 4907 et
1996 4854 2214 4925 propria
2267 4870 2431 4910 carne
2497 4854 2781 4926 saginare,
2842 4870 3001 4923 quam
3062 4871 3169 4910 non
3228 4859 3445 4913 tandem

1871 4945 2221 5015 quantumvis
2252 4946 2478 5000 illustris
2507 4944 2805 5000 tolerantiae
2853 4948 3282 5017 magnitudinem
3304 4951 3446 5005 adu:-

1869 5037 2039 5105 quat?

1939 5193 2021 5248 l5.
2061 5192 2346 5263 Symeonis
2379 5195 2541 5267 igitur
2579 5196 2721 5251 fama
2773 5197 2884 5269 jam
2918 5199 3106 5254 nescio
3151 5214 3285 5269 quas
3329 5215 3439 5255 non

1863 5288 2011 5342 orbis
2030 5288 2213 5359 plagas
2235 5288 2394 5361 longe
2423 5291 2640 5362 lateque
2664 5303 3041 5362 percurrente,
3062 5295 3128 5349 ad
3158 5309 3280 5350 eum
3311 5311 3441 5349 con-

1862 5378 2081 5434 fluxisse
2111 5381 2364 5435 novimus
2398 5397 2505 5436 non
2542 5392 2751 5438 tantum
2782 5385 3013 5453 vicinos,
3051 5402 3240 5441 verum
3273 5388 3467 5442 ctiam'

1861 5471 2150 5525 multorum
2180 5472 2413 5537 dierum,
2450 5474 2558 5529 imo
2592 5477 2860 5531 mensium
2913 5477 3107 5531 itinere
3140 5479 3430 5542 distantes,

1861 5577 1965 5631 qua
1997 5561 2225 5632 quisque
2257 5566 2612 5635 torquebatur
2629 5567 2898 5633 molestia,
2938 5568 3057 5639 ejus
3095 5570 3431 5624 curationem

1856 5764 2440 5837 chenum‘episcopum
2480 5767 2702 5822 faciunt.

1927 5833 2140 5923 (lii-16)
2180 5833 2480 5923 l‘iou’recte
2512 5839 2673 5923 yertit
2706 5836 2936 5923 Yillegas
2983 5837 3265 5923 mosquit‘Ot
3314 5836 3433 5895 sive

1852 5903 2141 5971 cynipltcs;
2174 5906 2410 5961 chinches
2443 5908 2609 5963 voluit
2638 5903 2899 5963 scribere.
