3868 6468
382 412 488 477 347

1595 415 1880 476 MENSIS
1920 416 2002 475 JA
2018 416 2061 474 Ν
2076 418 2170 477 UA
2183 420 2385 480 RIUS.

3547 418 3654 479 348

384 529 710 602 ﬂagitantes.
743 527 926 598 Neque
956 529 1146 599 quales
1175 530 1240 584 ad
1275 546 1399 585 eum
1423 529 1811 590 adventabant.
1834 529 1967 582 tales

2089 533 2257 586 ιέντοι
2283 537 2347 603 τῇ
2386 535 2521 605 πρὸς
2553 534 2716 587 αὑτὸν
2741 533 2922 602 ἀφίξει
2959 533 3348 601 παραπλησίαν
3371 533 3656 586 ἐποιοῦντο

389 626 803 679 revertebantur
839 623 972 678 :sed
996 639 1118 678 cum
1143 624 1325 678 tristes
1369 633 1425 678 et
1454 625 1632 679 moesti
1686 624 1961 686 venirent,

387 712 495 770 laeti
517 724 572 770 et
606 714 804 769 hilares
827 715 1179 772 recedebant.
1207 729 1428 769 suarum
1459 714 1653 785 singuli
1689 715 1878 784 a-griiu
1904 716 1966 768 'i-

388 819 519 858 num
550 813 761 873 reperta
793 807 1106 867 curatione;
1141 805 1377 873 denique
1423 805 1570 858 onmi
1600 806 1886 859 vexatione
1914 816 1968 860 et

387 896 696 952 calamitate
728 897 994 964 deposita.
1023 897 1143 952 lmta
1178 911 1308 950 voce
1343 905 1397 950 et
1427 896 1605 965 'ingna
1631 896 1830 966 gratias
1861 897 1969 950 Deo

388 1000 444 1046 et
470 991 722 1062 Sytneoni
746 1001 987 1062 agentes.
1018 990 1210 1046 Omnis
1231 990 1395 1060 igitur
1421 989 1525 1050 via.
1551 1006 1673 1059 qua:
1707 989 1772 1042 ad
1824 991 1970 1044 hunc

389 1084 662 1138 medicum
684 1083 911 1148 ferebat,
933 1082 1031 1138 fori
1050 1083 1285 1152 speciem
1304 1081 1638 1147 imitabatur;
1655 1081 1804 1135 locus
1818 1097 1972 1143 vero.

390 1179 446 1232 in
478 1193 637 1246 quem
665 1176 892 1231 allluens
919 1177 1209 1230 multitudo
1241 1176 1694 1247 congregabatur,
1736 1174 1974 1230 civitatis

392 1271 623 1326 formam
653 1270 966 1333 exhibebat,
1023 1270 1108 1324 his
1141 1269 1389 1324 morbum
1452 1269 1836 1324 miserabiliter
1879 1268 1975 1348 de-

393 1365 756 1432 plorantibus,
784 1364 905 1419 aliis
934 1363 1186 1433 adeptam
1223 1363 1511 1417 sanitatem
1545 1361 1970 1417 celebrantibus.

391 1458 581 1529 Neque
630 1459 732 1512 hoc
782 1457 949 1512 semel
991 1465 1224 1519 tantum,
1263 1455 1359 1510 sed
1417 1454 1615 1525 saepius
1659 1454 1874 1521 accidit,
1913 1465 1976 1512 ut

393 1550 486 1620 qui
517 1549 699 1620 populi
730 1549 942 1604 turbam
971 1548 1190 1602 eminus
1224 1547 1502 1610 cernebat,
1535 1547 1812 1602 civitatem
1854 1563 1978 1602 esse

394 1642 729 1711 conjiceret;
783 1641 1035 1695 cominus
1110 1651 1290 1695 autem
1357 1639 1637 1696 accedenti
1696 1657 1805 1696 non
1864 1641 1978 1710 jam

393 1734 608 1799 civitas,
634 1735 729 1789 sed
755 1734 1051 1788 multarmn
1110 1735 1329 1789 urbium
1385 1735 1737 1806 congregatio
1779 1750 1981 1791 secun-

395 1825 526 1880 dum
551 1824 957 1880 multitudinem
979 1825 1364 1881 distinctarum
1386 1840 1505 1882 esse
1532 1826 1834 1882 videretur.

468 2088 556 2143 16.
597 2087 738 2156 Quid
787 2089 950 2145 modo
994 2091 1192 2147 attinet
1235 2091 1402 2162 Syros
1455 2103 1551 2148 aut
1596 2094 1829 2160 Cilices,
1885 2106 1982 2152 aut

398 2183 720 2238 Plitenicum
778 2199 968 2255 greges
1009 2201 1366 2250 enumerare,
1425 2197 1520 2241 aut
1559 2189 1980 2259 quibuscnnqne

398 2274 770 2332 Romanorum
797 2278 1033 2333 innotuit
1055 2280 1368 2348 sceptrum?
1393 2281 1564 2336 Etiam
1591 2283 1978 2338 lsmaelitarum

397 2369 572 2432 natio,
609 2379 665 2425 et
695 2370 960 2433 Arabum,
995 2372 1281 2427 Persarum
1318 2389 1554 2442 quoque.
1595 2375 1978 2430 Armeniorum

397 2472 455 2518 et
485 2464 800 2534 quicunque
846 2462 1076 2519 Iberiam
1113 2467 1346 2536 populus
1383 2467 1591 2527 incolit.
1640 2483 1706 2522 eo
1735 2467 1982 2522 conflue-

399 2557 512 2612 bat.
548 2555 688 2622 Quin
717 2557 825 2611 imo
851 2565 908 2612 et
938 2555 1230 2614 "emeritae
1253 2569 1308 2614 et
1337 2559 1424 2615 his
1448 2561 1788 2623 remotiores,
1819 2561 1980 2630 hujus

398 2648 756 2720 multilinguae
776 2649 1149 2704 multitudinis
1178 2667 1470 2706 numerum
1499 2652 1817 2722 implebant.
1876 2653 1980 2706 Ad-

397 2742 778 2796 ventabantex
805 2741 1101 2800 Occidente
1117 2761 1225 2799 non
1261 2746 1442 2817 pauci,
1475 2756 1534 2802 ut
1569 2746 1834 2814 Britanni,
1883 2746 1978 2802 lli-

397 2836 552 2906 spani
581 2845 637 2891 et
671 2837 829 2903 Galli,
863 2845 920 2894 et
957 2839 1272 2909 quicunque
1321 2839 1464 2895 inter
1490 2841 1696 2896 medias
1728 2841 1978 2913 regiones

399 2927 801 2986 inhabitabant.

471 3021 562 3077 l7.
605 3023 702 3077 Vix
729 3024 912 3080 verbis
934 3025 1245 3095 exprimere
1274 3026 1426 3091 licet,
1453 3036 1718 3096 quantum
1745 3027 1798 3082 in
1830 3026 1978 3083 Italia

399 3115 569 3186 huius
607 3115 708 3170 viri
753 3117 927 3172 virtus
973 3119 1356 3187 splenduerit:
1390 3120 1594 3174 etenim
1637 3118 1811 3174 Roma
1860 3119 1980 3190 ipsa

2069 624 2164 677 καὶ
2194 625 2290 696 τὴν
2322 626 2583 680 ἐπάνοδον
2615 644 2627 656 ·
2665 625 2802 682 ἀλλὰ
2835 625 3050 692 στυγνοὶ
3080 628 3173 677 καὶ
3199 628 3462 694 κατηφεῖς
3495 626 3656 695 ἐρχόο-

2074 733 2246 786 μενοι,
2282 717 2497 787 φαιδροὶ
2549 719 2644 770 καὶ
2706 719 3026 786 περιχαρεῖς
3079 715 3504 785 ἀπηλλάττοντο,
3546 717 3654 768 τῶν

2071 809 2436 877 ἐνοχλούντων
2489 809 2722 872 ἕκαστος
2775 808 2927 861 λύσιν
2966 808 3240 878 εὑρόντες,
3288 808 3382 860 καὶ
3417 807 3516 879 τὴν
3557 810 3656 861 ἐπ-

2073 900 2268 971 ήρειαν
2301 903 2419 954 ἐκεῖ
2459 902 2642 955 πᾶσαν
2685 904 2779 953 καὶ
2818 901 2917 968 τὴν
2960 900 3249 969 συμφορὰν
3297 900 3653 968 ἀποθέμενοι,

2074 993 2170 1047 καὶ
2202 993 2301 1056 τὰς
2334 993 2687 1064 εὐχαριστίας
2731 994 2962 1064 εὐφήμῳ
2989 994 3082 1046 καὶ
3118 995 3268 1064 φωνῇ
3309 993 3405 1046 καὶ
3439 993 3658 1066 γλώττῃ

2073 1083 2194 1154 Θεῷ
2247 1085 2446 1155 καὶτῷ
2481 1085 2706 1154 Συμεὼν
2756 1085 3196 1153 ἀναπέμποντες.
3245 1086 3400 1138 Πᾶσα
3423 1086 3524 1156 μὲν
3565 1082 3659 1138 οὖν

2075 1180 2191 1244 ὁδὸς
2250 1179 2341 1232 διὰ
2386 1179 2546 1233 τοῦτο
2589 1180 2722 1251 πρὸς
2773 1180 2862 1232 τὸν
2904 1180 3087 1249 ίατρον
3121 1181 3366 1250 φέρουσα
3421 1179 3658 1251 πλήθους

2077 1269 2285 1340 ἀγοράν
2339 1271 2632 1341 ἐμιμεῖτο⁶
2682 1270 2743 1323 τὸ
2805 1271 2860 1324 δὲ
2910 1270 3109 1343 χωρίον
3149 1271 3206 1322 ὲν
3244 1262 3288 1338 ᾧ
3331 1270 3392 1323 τὸ
3459 1272 3659 1342 περιρο

2080 1362 2201 1433 ρέον
2247 1361 2566 1430 συνελέγετο
2626 1360 2856 1433 πλῆθος,
2916 1363 3124 1425 πόλεως
3177 1361 3298 1430 ὄψιν
3341 1362 3658 1434 παρείχετο,

2080 1453 2174 1505 καὶ
2227 1451 2437 1516 πόλεως
2493 1451 2589 1506 νῦν
2647 1453 2745 1522 μὲν
2798 1453 2896 1524 τὴν
2962 1454 3114 1506 νόσον
3161 1453 3410 1516 ἐλεεινῶς
3467 1455 3659 1526 ὀδυρο-

2083 1544 2282 1613 μένων,
2314 1545 2410 1598 νῦν
2442 1544 2500 1598 δὲ
2527 1543 3008 1616 πανηγυριζόντων
3035 1545 3134 1616 τὴν
3169 1546 3331 1599 ἴασιν.
3364 1548 3473 1600 Καὶ
3503 1547 3662 1602 τοῦτο

2081 1632 2178 1701 ούχ
2217 1631 2384 1698 ἅρπαξ,
2415 1633 2552 1687 ἀλλὰ
2603 1635 2699 1687 καὶ
2745 1633 3005 1698 πολλάκις
3054 1635 3292 1703 ἐγένετο,
3357 1637 3452 1690 καὶ
3508 1637 3663 1691 πόλιν

2087 1724 2186 1794 μὲν
2211 1720 2279 1795 ἦν
2311 1725 2528 1780 εἰκάσαι
2567 1725 2853 1798 πόρρωθεν
2877 1725 2969 1779 τὸν
3001 1725 3157 1795 ὄχλον
3199 1727 3384 1790 ἰδόντι,
3427 1729 3665 1798 πλησιά-

2088 1833 2243 1870 σαντι
2271 1817 2328 1871 δὲ
2367 1818 2466 1870 οὐκ
2497 1818 2578 1872 ἔτι
2617 1817 2793 1881 πόλις,
2833 1817 2969 1874 ἀλλὰ
3009 1818 3220 1871 πολλῶν
3251 1820 3426 1873 ἐδόκει
3461 1826 3662 1892 συστή-

2086 1924 2234 1975 ματα
2264 1906 2476 1961 πόλεων
2507 1909 2648 1962 κατὰ
2685 1907 2889 1979 πλῆθος
2923 1907 3156 1963 ἑκάστου
3194 1911 3259 1980 τῇ
3289 1910 3504 1983 γλώττῃ
3529 1912 3669 1966 διαι-

2085 2017 2180 2072 ρου
2188 2001 2386 2072 μένων.

2154 2093 2240 2160 ιζ’.
2305 2095 2416 2150 Καὶ
2469 2096 2521 2149 τί
2571 2096 2655 2151 δεῖ
2705 2096 2911 2168 Σύρους
2950 2097 2985 2169 ἢ
3021 2097 3258 2162 Κίλικας
3311 2097 3343 2168 ἢ
3400 2097 3667 2151 Φοινίκων

2083 2186 2406 2254 καταλέγειν
2436 2187 2660 2256 ἀγέλας,
2695 2188 2732 2256 ἦ
2763 2189 2857 2243 καὶ
2885 2190 3032 2252 ὅσοις
3063 2189 3248 2253 ἄλλοις
3276 2190 3337 2243 τδ
3378 2190 3669 2258 Ῥωμαίων

2081 2276 2394 2348 ὠνόμασται
2436 2278 2765 2350 σκῆπτρον;
2818 2279 2979 2334 Ἀλλά
3033 2281 3130 2334 καὶ
3187 2280 3549 2352 Ἰσμαηλιτῶν
3577 2283 3670 2334 καὶ

2094 2371 2342 2440 Ἀράϐων
2377 2370 2529 2442 ἔθνη.
2562 2371 2789 2446 Περσῶν
2819 2390 2878 2427 τε
2925 2373 3022 2428 καὶ
3075 2375 3402 2444 Ἀρμενίων,
3445 2375 3543 2428 καὶ
3572 2376 3668 2428 ὅσα

2081 2465 2179 2536 τὴν
2225 2464 2466 2535 Ἰϐηρίαν
2507 2465 2729 2536 νέμεται
2765 2466 2921 2537 γένη.
2962 2467 3072 2520 Καὶ
3103 2467 3168 2537 δὴ
3203 2468 3300 2522 καὶ
3335 2469 3386 2521 oi
3439 2467 3670 2539 Ὁμηρί-

2069 2565 2172 2612 “ται
2205 2560 2299 2612 καὶ
2328 2559 2378 2611 οἱ
2406 2555 2611 2612 τούτων
2646 2559 2940 2630 ἐνδότεροι,
2964 2559 3242 2631 πλήρωμα
3276 2561 3372 2614 καὶ
3396 2553 3550 2614 οὗτοι
3577 2561 3669 2613 τοῦ

2082 2643 2470 2714 πολυγλώσσου
2529 2645 2766 2717 πλήθους
2811 2648 3023 2702 ἐκείνου
3072 2650 3329 2716 ἐγίνοντο.
3387 2650 3670 2717 Ἀφίκοντο

2079 2743 2134 2796 δὲ
2167 2743 2259 2798 καὶ
2290 2743 2397 2797 τῶν
2413 2745 2715 2814 Ἐσπερίων
2735 2744 2836 2798 οὐκ
2865 2745 3057 2814 ὀλίγοι,
3091 2746 3384 2817 Βρεττανοὶ
3407 2747 3556 2814 λέγω
3580 2747 3670 2798 καὶ

2092 2835 2336 2890 Ὶσπανοὶ
2363 2837 2458 2889 καὶ
2491 2837 2749 2902 Γαλάται,
2785 2837 2882 2890 καὶ
2921 2839 3038 2894 ὅσοι
3082 2838 3180 2908 τὴν
3220 2838 3427 2909 μεταξὺ
3466 2838 3670 2892 τούτων

2083 2927 2266 2999 χώραν
2290 2927 2522 2984 οἰκοῦσι.

2157 3020 2247 3088 ιη’.
2297 3021 2361 3075 Ἦ
2391 3021 2499 3092 γὰρ
2543 3021 2741 3078 Ἰταλία
2796 3023 2918 3077 οὐδὲ
2971 3021 3034 3078 εὖ
3097 3023 3274 3076 εἰπεῖν
3361 3037 3458 3076 σον
3507 3020 3668 3093 ἢτοῦ

2083 3115 2276 3187 ἀνδρὸς
2311 3115 2480 3186 ἀρετὴ
2506 3118 2564 3169 ἐν
2593 3116 2766 3188 ταύτῃ
2805 3115 3075 3186 ἐξέλαμψε
3107 3132 3123 3148 ·
3154 3116 3252 3169 καὶ
3283 3115 3389 3186 γὰρ
3419 3115 3670 3170 τοσοῦτον

399 3216 613 3263 tantum
665 3209 813 3265 hunc
854 3210 1229 3266 admirabilem
1266 3211 1442 3266 virum
1488 3213 1791 3282 obstupuit,
1855 3223 1976 3266 tan-

2089 3207 2119 3276 ἡ
2154 3207 2342 3276 Ῥώμη
2372 3207 2463 3259 τὸν
2487 3207 2808 3278 θαυμαστὸν
2834 3206 3177 3276 κατεπλάγη,
3203 3206 3299 3260 καὶ
3327 3204 3477 3259 οὕτω
3505 3204 3669 3274 πολλὴ

401 3309 626 3370 tumque
659 3300 709 3356 ei
735 3301 963 3357 honoris
993 3311 1048 3358 et
1069 3304 1433 3359 venerationis
1459 3306 1731 3370 exhibuit,
1761 3315 1818 3361 ut
1845 3306 1984 3360 mul-

403 3391 472 3446 tis
501 3391 702 3462 passim
721 3392 1015 3459 columnis,
1049 3393 1372 3462 porticibus,
1402 3395 1762 3450 thalamorum
1789 3396 1979 3466 septis,

399 3486 639 3556 denique
673 3487 868 3557 quovis
895 3486 1012 3542 fere
1046 3488 1165 3544 loco
1193 3490 1312 3558 ejus
1353 3489 1588 3559 efﬁgiem
1620 3489 1978 3561 insculperet,

399 3579 556 3648 quasi
589 3579 934 3635 inlinitorum
969 3580 1240 3638 honorum
1273 3581 1591 3639 thesaurum
1619 3582 1744 3638 inde
1787 3598 1984 3638 conse-

399 3680 614 3728 cutura.

471 3765 559 3822 18.
603 3764 679 3821 Ea
712 3767 766 3822 in
803 3767 958 3822 vultu
991 3767 1278 3839 Symeonis
1305 3768 1476 3840 gratia
1509 3777 1564 3824 et
1593 3768 1758 3824 decor
1799 3769 1984 3824 elucea

402 3855 516 3922 bat,
547 3865 608 3910 ut
645 3857 690 3910 si
733 3857 858 3927 quis
887 3857 1041 3912 alteri
1088 3858 1336 3914 infensus
1368 3867 1425 3914 et
1463 3859 1743 3925 inimicus,
1773 3860 1826 3914 in
1859 3875 1984 3914 eum

401 3949 728 4017 conjecisset
749 3948 958 4013 oculos,
990 3965 1154 4004 omne
1180 3951 1324 4006 illico
1346 3950 1532 4006 odium
1565 3960 1621 4006 et
1643 3951 1985 4007 inimicitiam

404 4041 453 4096 ei
487 4027 552 4096 ex
589 4043 776 4096 animo
814 4042 1069 4096 eraderet
1105 4043 1190 4097 vel
1224 4059 1368 4098 unus
1403 4043 1551 4098 illius
1581 4056 1866 4114 aSpertus;
1903 4057 1988 4100 at-

401 4152 509 4205 que
537 4137 814 4205 amicitiae,
848 4138 1227 4194 consensionis
1259 4155 1322 4193 ac
1345 4138 1744 4194 benevolentiae
1767 4139 1987 4196 vinculo

401 4230 619 4286 animos
645 4229 882 4284 invicem
911 4230 1298 4302 adstringeret.
1324 4231 1481 4296 Quod
1504 4231 1631 4286 inde
1663 4231 1882 4302 planum
1905 4232 1983 4288 ﬁt.

403 4322 583 4378 Variae
611 4337 675 4378 ex
707 4323 775 4378 iis
817 4323 1094 4395 gentibus,
1143 4339 1265 4394 qua:
1295 4325 1363 4379 ad
1398 4324 1577 4396 ipsum
1615 4325 1985 4394 conﬂuebant,

402 4414 556 4485 prius
579 4421 770 4470 mutuo
793 4415 1392 4488 sanguinejgaudentes.
1420 4425 1710 4486 postquam
1733 4417 1989 4486 utrinque

403 4507 459 4562 in
498 4507 685 4565 Sancti
713 4516 1070 4579 conspectum
1105 4507 1407 4576 venissent,
1457 4508 1775 4564 inimicitias
1805 4509 1989 4579 primo

2085 3315 2168 3362 τις
2198 3293 2266 3369 ἦν
2296 3301 2516 3368 τιμῶσα
2545 3301 2736 3353 τοῦτον
2766 3300 2862 3354 καὶ
2900 3299 3192 3370 σεϐομένη,
3212 3298 3289 3362 ὡς
3321 3297 3414 3350 καὶ
3449 3296 3673 3360 πολλαῖς

2085 3392 2150 3465 δὴ
2184 3394 2404 3462 πύλαις,
2436 3396 2532 3449 καὶ
2585 3395 2966 3466 προπυλαίοις,
3008 3396 3104 3450 καὶ
3160 3393 3424 3464 θαλάμων
3456 3394 3670 3463 τοίχοις,

2087 3487 2180 3542 καὶ
2206 3488 2484 3558 πανταχοῦ
2533 3489 2632 3560 τὴν
2661 3489 2848 3543 εἰκόνα
2885 3488 2981 3560 τὴν
3027 3488 3192 3556 ἁγίαν
3229 3487 3441 3542 ἐκείνου
3495 3487 3675 3556 διαχα-

2089 3583 2276 3653 ράξαι,
2300 3583 2489 3656 ῶσπερ
2529 3581 2653 3636 τινὰ
2679 3582 2890 3654 μυρίων
2920 3580 3174 3635 ἐντεῦθεν
3205 3580 3428 3650 ἀγαθῶν
3465 3580 3672 3651 θησαυ-

2091 3675 2184 3749 ρὸν
2228 3675 2628 3744 ἐπισπώμενοι.

2161 3768 2249 3840 ιη’.
2293 3765 2402 3823 Ἦν
2434 3769 2616 3824 τοίνυν
2667 3770 2700 3839 ἡ
2746 3771 2812 3840 τῇ
2851 3768 2972 3838 ὕψει
3015 3770 3111 3820 τοῦ
3147 3765 3376 3838 Συμεὼν
3428 3766 3650 3836 προλάμ

2090 3881 2268 3918 πουσα
2301 3863 2480 3935 χάρις.
2535 3863 2622 3916 οία
2683 3863 2780 3916 καὶ
2842 3861 3007 3916 ἰδόντι
3063 3862 3170 3914 τινὶ
3227 3859 3490 3930 ἀπεχθῶς
3545 3860 3676 3930 πρὸς

2089 3959 2278 4026 ἕτερον
2319 3957 2496 4028 ἔχοντι
2547 3957 2638 4009 καὶ
2688 3955 3022 4024 άδιαιρόρως,
3064 3954 3220 4008 λύσιν
3259 3953 3359 4022 μὲν
3393 3953 3550 4020 αύτῷ
3581 3950 3677 4018 τῆ·

2088 4049 2386 4120 ἀπεχθείας
2422 4050 2516 4102 καὶ
2561 4049 2658 4118 τῆς
2701 4049 2968 4120 διαφορᾶς
3015 4046 3355 4116 ἐμποιῆσαι,
3401 4044 3591 4116 δεσμῷ
3623 4041 3676 4096 δὲ

2092 4145 2352 4215 συνδῆσαι
2410 4145 2584 4212 φιλίας
2632 4142 2686 4196 εἴ
2712 4160 2840 4196 τουν
2877 4141 3186 4212 συμπνοίας
3225 4139 3320 4194 καὶ
3375 4137 3632 4208 ὁμονοίας
3659 4150 3673 4168 ⁸

2091 4237 2186 4292 καὶ
2212 4236 2373 4290 τοῦτο
2400 4236 2558 4308 δῆλον
2585 4233 2859 4289 ἐντεῦθεν.
2896 4233 3074 4287 Πολλά
3112 4234 3220 4304 γὰρ
3248 4231 3360 4286 τῶν
3395 4230 3548 4300 αὑτῷ
3581 4245 3675 4283 πε·

2093 4331 2424 4405 ριρρεόντων
2470 4329 2639 4383 ἐθνῶν
2675 4328 2756 4400 τῷ
2801 4327 3157 4398 καταλλήλων
3184 4327 3458 4399 πρότερον
3491 4325 3674 4395 αἵματι

2091 4424 2352 4496 χαίροντα
2387 4464 2400 4484 ,
2473 4421 2692 4475 ἐπειδάν
2744 4420 2950 4474 ἔλθοιεν
3008 4421 3090 4483 είς
3146 4419 3271 4489 ὄψιν
3319 4420 3562 4490 ἑκάτερα
3603 4413 3674 4485 τῷ

2093 4513 2258 4584 ἁγίῳ,
2286 4511 2600 4566 διελύσαντο
2629 4513 2728 4582 μὲν
2765 4513 2825 4564 τὸ
2859 4509 3044 4580 ἔχθος,
3079 4510 3174 4564 καὶ
3207 4509 3466 4578 ἀλλήλοις
3495 4505 3675 4560 ἐσπεί-

399 4598 622 4669 quidem
653 4598 1047 4666 dissolvebant,
1073 4597 1253 4654 {cadus
1281 4598 1409 4654 dein
1435 4599 1579 4655 inter
1613 4615 1673 4655 se
1705 4599 1981 4670 percutie-

2092 4583 2272 4659 σαντο.
2304 4598 2435 4655 Εἶτα
2483 4603 2574 4655 καὶ
2603 4603 2682 4665 είς
2730 4599 2944 4669 ἀγαθὴν
2977 4599 3096 4672 ἔριν
3146 4598 3450 4670 ἐτρέψαντο
3497 4597 3676 4656 αὐτοῖς

401 4697 566 4764 bant;
604 4699 659 4753 in
693 4698 1008 4769 praeclaram
1039 4696 1298 4766 deinceps
1329 4696 1738 4751 contentionem
1762 4695 1986 4764 antiqua

402 4798 789 4846 convertentes
821 4789 1066 4852 dissidia,
1111 4789 1242 4844 dum
1285 4788 1518 4858 quisque
1555 4787 1692 4842 alios
1735 4795 1991 4841 antever-

403 4885 521 4932 tere
571 4891 636 4932 ac
667 4877 770 4931 viri
805 4876 1244 4932 benedictionem
1289 4876 1438 4946 prior
1475 4874 1736 4946 consequi
1771 4889 1989 4928 summo

404 4969 590 5026 studio
626 4971 876 5026 enititur.
907 4971 1093 5026 Sancti
1125 4987 1344 5042 qnoqtte
1372 4970 1472 5024 vlri
1497 4969 1666 5040 pedes
1697 4968 1864 5023 labris
1895 4975 1989 5021 aut

405 5065 661 5120 manibus
690 5064 1024 5138 contingere
1065 5079 1322 5135 magnum
1358 5063 1661 5119 videbatur.
1710 5061 1861 5116 Multi
1892 5061 1986 5129 qui

404 5160 602 5232 pellem
637 5167 848 5214 tantum
897 5174 1004 5228 qua
1044 5159 1380 5216 vestiebatur
1413 5157 1491 5222 (id
1532 5157 1679 5212 enim
1711 5156 1760 5210 ei
1807 5154 1984 5209 solum

405 5251 790 5312 indumentum
817 5251 956 5320 erat)
981 5253 1396 5323 contingebant,
1429 5266 1648 5306 omnem
1683 5248 1908 5304 omnino
1933 5263 1992 5302 se

403 5341 846 5400 benedictionem
883 5344 1112 5414 adeptos
1145 5344 1317 5401 fuisse
1345 5343 1757 5398 existimabant.
1793 5340 1992 5396 Verum

404 5449 628 5488 manum
657 5435 779 5505 ejus
802 5445 1149 5493 contrectare
1196 5449 1291 5493 aut
1312 5453 1406 5494 ore
1433 5436 1693 5501 osculari,
1725 5435 1776 5488 id
1804 5447 1994 5488 eorum

407 5533 528 5582 erat
573 5525 772 5596 quibus
819 5526 1162 5586 familiaritas
1191 5546 1259 5586 ex
1305 5531 1506 5586 virtute
1539 5536 1822 5584 contracta
1862 5526 1996 5581 ube-

405 5616 609 5674 riorem
645 5617 765 5677 aliis
797 5620 1104 5681 libertatem
1137 5624 1497 5682 concedebat.

2086 4696 2186 4760 τὰς
2217 4693 2509 4761 διαλλαγὰς
2555 4695 2785 4760 ἕκαστος
2819 4693 3000 4748 αὐτῶν
3049 4691 3361 4762 προφθάναι
3385 4731 3401 4756 ,
3451 4690 3544 4744 καὶ
3582 4687 3674 4756 τὴν

2087 4791 2182 4846 τοῦ
2214 4789 2405 4861 ἀνδρὸς
2442 4788 2696 4856 εὐλογίαν
2721 4789 2937 4858 πρῶτος
2971 4784 3278 4855 ἀξιωθῆναι
3313 4779 3675 4852 φιλονεικοῦν-

2087 4901 2200 4947 τες.
2229 4880 2302 4935 Τὸ
2336 4881 2393 4935 δέ
2417 4881 2510 4933 καὶ
2546 4879 2656 4932 τῶν
2693 4878 2868 4947 ἁγίων
2911 4877 3121 4932 ἐκείνου
3175 4876 3356 4929 ποδῶν
3402 4875 3605 4945 χείλεσι
3644 4870 3671 4936 ἦ

2089 4976 2186 5030 καὶ
2231 4974 2421 5047 χερσὶν
2467 4971 2708 5042 ἅψασθαι
2767 4971 2908 5041 μέγα
2961 4969 3161 5023 ἐδόκει.
3213 4969 3278 5023 Οί
3318 4966 3507 5021 πολλοὶ
3535 4964 3590 5018 δέ
3623 4963 3668 5013 εί

2097 5073 2193 5123 καὶ
2227 5069 2326 5137 τῆς
2359 5067 2542 5138 δορᾶς,
2572 5066 2640 5136 ἦν
2688 5060 2842 5128 οὗτος
2881 5063 3229 5132 περιέκειτο,
3269 5059 3540 5130 ψαύσειαν
3583 5055 3674 5124 μό-

2097 5179 2208 5226 νον,
2247 5160 2400 5232 (asta
2431 5160 2540 5230 γὰρ
2561 5155 2628 5230 ἧν
2652 5157 2856 5226 ἔνδυμα
2882 5156 2957 5226 τῷ
2985 5153 3170 5224 ἁγίῳ),
3199 5155 3383 5206 πᾶσαν
3407 5151 3673 5221 τρυγῆσαι

2091 5253 2188 5324 τὴν
2219 5251 2472 5320 εὐλογίαν
2508 5249 2776 5320 ἐνόμιζον.
2819 5245 2894 5300 Τὸ
2931 5247 3117 5317 μέντοι
3157 5245 3342 5317 χειρὸς
3392 5243 3586 5310 θίγειν,
3639 5235 3668 5304 ἢ

2095 5345 2239 5398 κατὰ
2269 5343 2444 5413 στόμα
2495 5338 3002 5411 προσπτύσσεσθαι,
3056 5339 3116 5392 ού
3175 5338 3286 5393 τῶν
3346 5335 3556 5390 πολλῶν
3585 5327 3668 5400 ἦν,

2095 5435 2212 5489 ἀλλ’
2241 5432 2323 5498 οἷς
2355 5437 2388 5505 ἡ
2419 5434 2483 5488 ἐκ
2503 5435 2602 5502 τῆς
2627 5433 2828 5505 ἀρετῆς
2852 5431 3124 5501 οἰκειότης
3152 5427 3547 5500 δαψιλεστέραν
3569 5420 3674 5478 τῶἰ

2096 5527 2275 5584 ἄλλων
2299 5525 2398 5596 τὴν
2427 5525 2741 5596 παρρησίαν
2775 5524 2969 5578 ἐδίδου.
