3868 6466
232 431 342 495 359

1299 452 1475 514 VITA
1512 455 1575 515 S.
1617 454 1992 518 SYMEONIS
2028 450 2385 525 STYLITrE.

3397 471 3510 534 350.

1394 583 1431 597 ‘
1674 583 1900 640 CAPUT
1928 585 2019 643 IV.

1250 696 1589 763 Columhnart's
1615 706 1781 762 statio
1806 745 1820 771 ,
1872 708 2093 776 probata
2139 731 2171 766 a
2208 713 2479 771 Patribus.

300 829 389 884 ιθ’.
448 829 670 905 Ἐπειδὴ
713 834 772 888 δέ
824 835 1063 908 ἀριθμοῦ
1114 841 1397 912 κρείττους
1429 840 1573 917 ἦσαν
1606 845 1657 899 οί
1708 847 1810 915 ἀφ-

1993 850 2081 906 19.
2120 851 2256 909 Cum
2297 870 2429 910 vero
2459 856 2784 914 accedentes
2823 873 3043 916 omnem
3085 877 3374 919 numerum
3405 880 3507 921 es-

229 922 569 994 ικνούμενοι,
603 928 801 998 πρῶτα
826 929 927 999 μὲν
955 931 1222 989 ἐκκλίνων
1272 936 1332 990 τὸ
1356 938 1491 990 πολὺ
1542 941 1640 1009 τῆς
1690 940 1819 1011 περὶ

226 1014 394 1068 αὐτὸν
434 1018 625 1090 τιμῆς,
646 1019 840 1075 ἔπειτα
857 1025 953 1076 καὶ
984 1024 1078 1079 τοῦ
1112 1027 1440 1099 πράγματος
1467 1030 1529 1084 τὸ
1556 1031 1816 1084 ἐπίπονον

225 1104 619 1177 δυσχεραίνων,
655 1111 833 1176 ἄλλως
866 1131 928 1167 τε
969 1117 1067 1170 καὶ
1125 1120 1263 1190 πρὸς
1312 1120 1561 1191 οὐρανὸν,
1600 1122 1676 1186 ὡς
1704 1117 1817 1175 οἷόν

226 1212 287 1247 τε
317 1199 393 1269 μὴ
414 1196 696 1270 λογισμοῖς
727 1204 890 1272 μόνον
920 1208 1015 1262 καὶ
1046 1208 1332 1281 θεωρίαις,
1364 1213 1501 1267 ἀλλὰ
1539 1214 1634 1268 καὶ
1665 1214 1816 1287 αὐτῷ

228 1288 450 1360 σώματι
480 1293 804 1363 πλησιάζειν
827 1298 1205 1366 ἐσπουδακὼς,
1236 1303 1336 1374 τὴν
1364 1304 1460 1358 ἐπὶ
1501 1305 1595 1359 τοῦ
1636 1306 1816 1370 κίονος

226 1381 621 1454 ἐμηχανήσατο
654 1385 865 1441 στάσιν.
904 1388 1016 1440 Καὶ
1043 1389 1236 1459 πρῶτα
1271 1391 1396 1462 μὲν,
1421 1393 1503 1456 είς
1536 1391 1596 1458 ἓξ
1621 1394 1649 1446 6
1680 1393 1815 1448 κίων

225 1471 379 1543 αὐτῷ
409 1473 717 1530 άνετείνετο
758 1477 953 1548 πήχεις
978 1495 992 1510 ο
1024 1474 1144 1534 εἶτα
1164 1482 1243 1545 είς
1269 1483 1363 1536 δύο
1392 1484 1683 1555 ἀνατρέχει
1719 1486 1815 1538 καὶ

224 1562 380 1627 τέλος
432 1564 492 1631 ἐξ
522 1566 714 1639 πήχεις
749 1568 811 1623 τὸ
862 1570 971 1623 πᾶν
1016 1569 1153 1640 ὕψος
1208 1571 1304 1625 ἐπὶ
1359 1573 1468 1626 τῶν
1516 1576 1813 1647 τριάκοντα

222 1654 405 1726 ἔσχεν.

293 1746 365 1801 τί.
396 1748 461 1801 Ei
490 1748 550 1803 δέ
595 1751 693 1804 καὶ
729 1751 866 1824 αὐτὴ
916 1754 1218 1825 παράδοξος
1250 1758 1284 1828 ἡ
1335 1757 1567 1817 ἐπίνοια,
1605 1758 1815 1828 θαυμα-

222 1833 350 1888 στὸν
369 1836 531 1890 οὐδέν
555 1854 571 1869 ο
595 1841 806 1895 πολλῶν
834 1844 945 1913 γάρ
969 1844 1279 1915 ἔμπροσθεν
1311 1848 1404 1901 καὶ
1430 1848 1702 1918 μεγάλων,
1731 1848 1811 1915 οἷς

220 1926 321 1980 οὐκ
342 1926 464 1982 ἔστι
493 1930 728 2002 μίμησις
755 1933 865 1986 οὐδ’
888 1935 1197 2006 ὑπόδειγμα
1226 1937 1305 2008 τῷ
1344 1937 1556 2009 ἀθλητῇ
1583 1940 1810 2009 προδιη-

221 2019 533 2088 νυσμένων,
561 2022 656 2075 καὶ
674 2022 703 2074 6
732 2024 978 2096 κιονίτης
1001 2019 1160 2091 οὗτος
1187 2027 1303 2095 βίος
1330 2030 1430 2100 οὐχ
1450 2030 1533 2082 δτι
1562 2030 1638 2100 μὴ
1672 2030 1812 2100 ἔχων

1920 941 2198 1011 cederent,
2246 945 2485 1015 primum
2529 956 2585 1002 ut
2626 948 2892 1004 honorem
2926 952 3251 1018 declinaret,
3300 956 3502 1012 deinde

1919 1034 2067 1103 quod
2108 1035 2357 1091 molestia
2408 1040 2770 1109 gravabatur;
2825 1049 2938 1095 tum
3003 1044 3131 1112 quia
3190 1046 3352 1111 caelo,
3394 1063 3502 1117 qua

1919 1133 2150 1194 poterat,
2182 1143 2293 1182 non
2322 1137 2533 1185 tantum
2561 1140 2746 1187 mente
2783 1139 2841 1187 et
2874 1134 3227 1204 cogitatione,
3257 1139 3353 1193 sed
3381 1155 3505 1194 cor-

1918 1233 2049 1287 pore
2092 1235 2309 1290 quoque
2338 1221 2479 1292 ipso,
2528 1233 2682 1279 tanto
2721 1240 2844 1281 esse
2876 1226 3112 1282 vicinior
3151 1240 3500 1302 percuperet,

1918 1308 2064 1364 illam
2089 1312 2416 1384 excogitavit
2450 1313 2504 1367 in
2537 1314 2796 1369 columna
2827 1318 3143 1372 stationem.
3171 1318 3239 1374 Et
3264 1322 3500 1391 primum

1916 1401 2136 1471 quidem
2163 1404 2416 1459 columna
2445 1405 2513 1459 ad
2549 1422 2646 1461 sex
2680 1417 2863 1462 erecta
2907 1408 3121 1465 cubitos
3147 1419 3255 1475 est,
3301 1413 3504 1469 deinde

1915 1494 1982 1549 ad
2029 1496 2359 1561 duodecim,
2411 1507 2532 1569 post
2582 1500 2649 1554 ad
2699 1500 2888 1572 viginti
2935 1503 3075 1558 duos
3122 1514 3350 1560 extensa
3395 1515 3501 1570 est,

1917 1586 2134 1642 tandem
2176 1596 2289 1643 tota
2329 1588 2561 1645 altitudo
2603 1590 2821 1663 triginta
2861 1607 2956 1648 sex
2998 1595 3241 1649 constitit
3279 1596 3500 1651 cubitis.

1983 1679 2073 1735 20.
2121 1680 2177 1735 Si
2212 1681 2535 1751 quibusdam
2565 1699 2769 1738 novum
2810 1686 2911 1740 hoc
2943 1701 3006 1739 ac
3054 1702 3225 1757 prope
3265 1689 3505 1743 incredi-

1913 1771 2021 1827 bile
2038 1771 2306 1839 videatur,
2330 1774 2531 1829 mirum
2551 1790 2660 1829 non
2685 1784 2768 1832 est
2788 1796 2801 1831 :
2821 1791 2944 1831 cum
2968 1778 3115 1832 enim
3142 1780 3309 1834 multa
3328 1796 3503 1851 eaque

1916 1876 2128 1933 magna,
2159 1879 2396 1932 quorum
2425 1865 2633 1919 nullum
2653 1866 2803 1932 prius
2824 1868 3106 1938 exemplar
3129 1871 3409 1938 exstabat,
3431 1872 3501 1926 ab

1913 1953 2019 2007 huc
2042 1954 2220 2023 pugile
2238 1954 2476 2024 primum
2494 1966 2751 2027 suscepta
2766 1958 2898 2024 sint;
2922 1968 3033 2013 tum
3052 1970 3200 2016 certe
3217 1963 3502 2018 columna-

1914 2045 1987 2099 ris
2002 2045 2088 2098 illa
2110 2045 2362 2111 vita,non
2381 2047 2555 2102 solum
2570 2049 2697 2118 quia
2714 2051 2965 2121 exemplo
2982 2058 3130 2105 caret
3146 2062 3504 2108 contemnen-

100 2126 123 2143 ο
220 2109 533 2218 ύπόδειγμα
581 2116 904 2184 περιοπτέος
928 2128 946 2147 ⁷’
996 2118 1113 2172 ἀλλ’
1152 2120 1233 2173 δτι
1267 2120 1469 2208 μᾶλλρν
1499 2121 1663 2185 αὐτὸς
1701 2122 1804 2174 ὑπ-

1918 2138 1983 2193 da
2011 2154 2119 2193 non
2153 2148 2256 2205 cst,
2287 2155 2477 2195 verum
2510 2143 2674 2198 etiam
2700 2145 2825 2212 quia
2856 2144 2976 2199 sine
3000 2145 3110 2200 ullo
3160 2146 3412 2216 exemplo
3446 2147 3505 2203 in

219 2202 409 2275 ἄρχων
434 2205 750 2272 ἐπαινετέος
779 2224 794 2239 ·
824 2209 1004 2275 ἄλλως
1032 2229 1095 2265 τε
1119 2215 1214 2266 καὶ
1240 2189 1315 2276 ὥς
1342 2189 1442 2266 οὑῖι
1467 2213 1597 2268 ἄνευ
1619 2213 1807 2282 κρείτ-

215 2312 371 2360 τονος
408 2297 718 2368 ἐπισκοπῆς
763 2300 923 2355 τοῦτό
980 2319 1045 2371 γε
1096 2306 1194 2356 καὶ
1249 2304 1532 2377 θειοτέρας
1581 2305 1648 2359 τά
1681 2305 1809 2376 ἑξῆς

196 2389 599 2461 μαρτυρείτω.
638 2390 777 2457 Τοὺς
807 2393 915 2466 γάρ
961 2394 1316 2467 Ἰσμαηλίτας
1354 2398 1434 2461 είς
1466 2397 1667 2460 πολλάς
1709 2398 1809 2467 μὲν

216 2480 671 2553 πληθυνθμένους
706 2485 997 2557 μυριάδας,
1019 2488 1158 2557 τῷδε
1198 2488 1301 2559 τῆς
1324 2489 1581 2555 ἀσεϐείας
1624 2490 1813 2547 σκότει

216 2574 780 2646 συγκεκλεισμένους,
830 2580 858 2633 6
905 2579 1091 2643 καινὸς
1146 2575 1302 2645 οὗτος
1345 2581 1442 2634 ἐπὶ
1478 2582 1571 2635 τοῦ
1629 2582 1809 2646 κίονος

216 2663 336 2733 βίος
389 2666 606 2721 ἐκεῖθέν
656 2685 718 2722 τε
758 2669 1100 2732 ἀνεσώσατο,
1152 2672 1247 2725 καὶ
1299 2673 1449 2743 αὐτῷ
1506 2674 1615 2728 τῶν
1647 2674 1808 2728 θείων

216 2756 401 2823 λόγων
423 2760 567 2827 φωτὶ
593 2761 691 2826 τάς
722 2762 904 2816 αὐτῶν
935 2763 1177 2828 διανοίας
1210 2767 1634 2839 περιαστράψας
1657 2767 1806 2831 υἱοὺς

217 2850 408 2919 φωτὸς
454 2852 550 2906 καὶ
602 2853 819 2924 ἡμέρας
848 2856 977 2920 τοὺς
1008 2856 1140 2928 πρὶν
1168 2858 1269 2927 τῆς
1311 2858 1509 2923 νυκτὸς
1562 2860 1657 2912 καὶ
1711 2857 1807 2912 τοῦ

218 2943 452 3008 σκότους
481 2944 704 3011 ἔδειξεν.
743 2947 799 3001 ’Δ
811 2948 964 3019 μέλει
989 2950 1086 3002 καὶ
1117 2949 1318 3019 νόμους
1347 2950 1498 3020 παρά
1527 2952 1624 3021 τῆς
1658 2952 1807 3021 ἱερᾶς

214 3039 441 3110 ἐκείνης
494 3039 778 3112 δεχόμενοι
841 3042 1111 3114 γλώττης,
1158 3044 1269 3097 τῶν
1322 3044 1424 3113 τῆς
1488 3045 1809 3115 Ἀφροδίτης

211 3132 427 3203 ὀργίων
473 3135 729 3205 (πάτριος
764 3136 877 3207 γάρ
908 3137 1196 3208 ἐκείνοιςὴ
1228 3136 1441 3208 δαίμων
1481 3138 1618 3209 αὑτὴ
1651 3138 1806 3208 Θεὸς)

220 3225 534 3297 προθύμως
582 3228 902 3295 ἀφίσταντο.
957 3228 1151 3282 Πολλοὶ
1202 3229 1259 3283 δέ
1301 3230 1396 3282 καὶ
1438 3230 1684 3300 Ἰϐήρων,
1733 3229 1809 3294 ὡς

214 3318 382 3389 ἔφην,
413 3321 511 3375 καὶ
533 3320 759 3391 Περσῶν
780 3322 875 3375 καὶ
909 3323 1213 3392 Ἀρμενίων
1239 3324 1451 3394 μακρὸν
1477 3325 1576 3396 τῆς
1599 3325 1809 3388 οἰκείας

215 3411 443 3482 ἀπάτης
474 3412 718 3487 ⁸γέλωτα
778 3415 1145 3485 καταχέαντες
1208 3419 1276 3487 τῇ
1327 3418 1657 3489 εὐαγγελικῇ
1712 3420 1808 3472 καὶ

218 3505 381 3559 αὐτοὶ
407 3505 729 3577 διδασκαλίᾳ
757 3508 1067 3563 συνέθεντο.

296 3603 406 3651 κα¹.
455 3597 646 3652 Ἢνίκα
675 3599 731 3653 δέ
771 3602 874 3670 τὴν
921 3602 1115 3673 καινὴν
1154 3602 1360 3674 ταύτην
1405 3606 1433 3658 6
1456 3605 1684 3676 Συμεὼν
1714 3605 1810 3658 ἐπὶ

215 3689 316 3750 τοῦ
343 3690 526 3755 κίονος
556 3691 833 3746 πολιτείαν
856 3696 1209 3763 ἐπενοήσατο,
1236 3698 1521 3768 πανταχοῦ
1555 3698 1655 3769 τῆς
1687 3698 1808 3752 κατ’

216 3785 388 3838 αὐτὸν
418 3786 612 3855 φήμης
639 3784 804 3851 ὀξέως
832 3786 1168 3857 διαδοθείσης
1221 3788 1391 3859 (φιλεῖ
1440 3790 1550 3862 γάρ
1574 3792 1634 3842 ἐν
1666 3790 1810 3844 οὕτω

217 3880 431 3941 καινοῖς
482 3878 817 3952 ’πράγμασιν
871 3878 1011 3951 αὕτη
1081 3881 1367 3952 ταχυτέρῳ
1439 3881 1675 3953 μάλιστα
1732 3881 1810 3953 τῷ

216 3969 410 4041 πτερῷ
461 3970 824 4043 κεχρῆσθαι),
866 3973 916 4024 οί
951 3972 1051 4041 τὴν
1087 3971 1296 4044 ἔρημον
1337 3976 1450 4035 τοῖς
1492 3974 1810 4044 ἅσκητικοῖς

217 4062 408 4126 ἄθλοις
463 4062 561 4117 καὶ⁸
608 4063 791 4126 πόνοις
838 4063 1095 4133 οὐράνιον
1145 4064 1599 4135 ἀπεργασάμενοι
1655 4065 1811 4120 πόλιν

218 4154 359 4209 θεῖοι
384 4155 650 4227 Πατέρες,
689 4155 770 4227 τῷ
792 4157 1115 4224 καινοφανεῖ
1145 4157 1320 4228 τούτῳ
1368 4159 1812 4227 καταπλαγέντες

217 4248 320 4302 καὶ
381 4248 578 4321 ξενικῷ
630 4248 727 4303 τοῦ
780 4250 1233 4322 ἐπιτηδεύματος,
1300 4251 1581 4305 στέλλουσί
1656 4269 1811 4316 τινας

218 4345 381 4413 παρὰ
413 4346 505 4399 τδν
535 4346 829 4417 μετάρσιον
861 4348 1072 4400 ἐκεῖνον
1108 4346 1400 4417 ἄνθρωπον
1431 4363 1446 4379 ·
1479 4348 1576 4400 καὶ
1600 4346 1811 4410 τούτοις

215 4436 569 4491 ἐντέλλονται
605 4437 701 4508 τῆς
726 4436 883 4509 ξένης
906 4438 1005 4509 μὲν
1028 4438 1176 4509 αὑτῷ
1197 4438 1440 4501 ἐπινοίας
1464 4440 1809 4509 ἐπιτιμῆσαι,

216 4524 437 4590 διδάξαι
469 4524 528 4579 δὲ
568 4527 668 4594 τὴν
690 4528 1066 4598 τετριμμένην
1108 4529 1205 4582 καὶ
1255 4528 1461 4599 συνήθη
1499 4532 1612 4590 τοῖς
1635 4530 1811 4597 ἁγίοις

224 4617 590 4687 πορεύεσθαι,
626 4620 722 4673 καὶ
774 4619 849 4691 μὴ
887 4619 1089 4689 ταύτης
1124 4626 1511 4692 καταφρονεῖν,
1549 4622 1616 4694 ἢν
1653 4623 1811 4693 χορὸς

219 4708 503 4764 τοσούτων
528 4709 820 4783 μακαρίων
846 4710 1072 4776 ὁδεύσας
1104 4715 1240 4782 πρὸς
1257 4713 1488 4783 οὐρανόν
1524 4730 1585 4766 τε
1613 4714 1811 4782 ἀνελη-

1914 2233 2221 2303 exemplum
2259 2234 2440 2303 potius
2489 2236 2768 2306 proposita
2808 2237 3019 2292 caeteris
3057 2246 3160 2305 cst,
3209 2239 3499 2295 laudanda.

1915 2324 2220 2379 Praesertim
2243 2327 2385 2395 quod
2431 2342 2544 2383 non
2573 2328 2693 2383 sine
2731 2336 2942 2383 matura
2964 2327 3411 2384 consideratione
3438 2347 3506 2387 ac

1913 2414 2096 2470 divino
2132 2415 2395 2472 instinctu
2425 2416 2630 2473 factum
2658 2435 2799 2483 esse,
2831 2435 2953 2488 quae
2977 2420 3237 2490 deinceps
3261 2435 3504 2491 sequun-

1915 2518 2023 2573 tttr,
2063 2518 2319 2564 testatum
2349 2509 2587 2577 facient;
2624 2511 2932 2568 lsmaelitas
2959 2513 3106 2567 enim
3145 2514 3281 2583 (l7),
3313 2514 3405 2584 qui
3432 2514 3501 2568 ad

1911 2602 2097 2673 plures
2123 2603 2398 2674 utyriadas
2428 2613 2809 2669 excreverant,
2839 2621 2905 2660 ac
2930 2605 3225 2676 itnpietatis
3265 2606 3502 2661 tenebris

1912 2703 2071 2750 erant
2114 2695 2368 2762 involuti,
2405 2711 2548 2751 nova
2583 2697 2701 2751 haec
2730 2698 2957 2767 agendae
2994 2698 3049 2751 in
3083 2698 3340 2753 columna
3374 2698 3502 2753 vitae

1912 2788 2051 2844 ratio
2083 2787 2212 2842 inde
2257 2787 2481 2856 eripuit,
2528 2803 2592 2842 ac
2635 2788 2804 2842 divini
2860 2788 3008 2843 verbi
3053 2788 3260 2843 lumine
3306 2804 3501 2845 eorum

1912 2885 2125 2932 mentes
2176 2872 2478 2939 illustrans,
2539 2875 2679 2930 filios
2731 2874 2867 2929 lucis
2914 2882 2969 2928 et
3008 2874 3146 2939 diei,
3184 2875 3275 2944 qui
3328 2874 3505 2929 noctis

1911 2971 2062 3041 prius
2094 2980 2149 3026 et
2180 2972 2528 3026 tenebrarum
2564 2969 2657 3023 ﬁlii
2701 2977 2881 3033 erant,
2919 2968 3225 3047 constituit.
3259 2966 3502 3036 Denique

1911 3065 2181 3135 susceptis
2222 3081 2253 3119 a
2299 3065 2485 3120 divino
2521 3063 2615 3117 illo
2658 3077 2753 3116 ore
2800 3061 3033 3132 legibus,
3071 3058 3305 3113 Veneris
3352 3058 3499 3130 orgia

1912 3158 2025 3227 (hic
2049 3159 2194 3213 enim
2224 3157 2437 3213 daemon
2469 3155 2641 3226 patria
2678 3155 2744 3209 iis
2778 3156 2876 3208 dea
2923 3162 3042 3208 erat
3073 3152 3210 3222 (l8))
3242 3159 3495 3222 prompte

1910 3251 2252 3305 abdicarunt.
2288 3248 2440 3303 Multi
2490 3263 2624 3303 vero
2673 3248 2976 3309 Iberorum,
3023 3244 3103 3298 uti
3141 3244 3347 3299 dictum
3393 3251 3500 3305 est,

1910 3339 2199 3396 Persarum
2226 3356 2290 3395 ac
2313 3337 2719 3399 Armeniorum,
2755 3336 2961 3407 avitum
2989 3349 3234 3390 errorem
3263 3332 3504 3387 ludibrio

1911 3435 2197 3500 habentes,
2222 3433 2558 3504 evangelicae
2580 3438 2635 3485 et
2658 3430 2758 3500 ipsi
2788 3429 3052 3485 doctrinae
3078 3426 3501 3495 adjunctivsunt.

1981 3614 2073 3671 2|.
2112 3613 2282 3686 Igitur
2313 3612 2442 3667 dum
2472 3625 2678 3664 novam
2716 3609 2857 3662 hanc
2894 3607 3130 3678 Symeon
3158 3605 3210 3658 in
3246 3604 3502 3659 columna

1910 3708 2125 3764 vivendi
2154 3707 2422 3761 rationem
2462 3701 2849 3772 excogitasset,
2889 3698 3029 3753 fama
3059 3699 3179 3767 ejus
3213 3712 3375 3766 quam
3409 3710 3502 3750 ce-

1910 3800 2133 3856 lerrime
2157 3811 2599 3869 quaquaversum
2641 3793 2858 3861 vulgata
2895 3791 3037 3860 (ipsa
3064 3789 3209 3845 enim
3250 3788 3305 3842 in
3340 3788 3503 3854 rebus

1911 3892 2048 3947 adeo
2078 3890 2236 3946 novis
2275 3887 2634 3943 celerioribus
2677 3883 3080 3955 quodammodo
3124 3880 3198 3935 uti
3234 3879 3337 3933 alis
3370 3894 3497 3933 conc

1911 3984 2148 4051 suevit).
2188 3982 2381 4037 Patres
2411 3980 2503 4052 qui
2557 3976 2929 4048 spiritualibus
2951 3973 3225 4030 exercitiis
3271 3973 3382 4041 (lO)
3437 3984 3504 4028 ac

1911 4076 2193 4131 laboribus
2231 4090 2296 4130 ex
2336 4088 2526 4129 eremo
2569 4070 2850 4127 coalestem
2883 4067 3176 4139 quamdam
3224 4065 3499 4120 civitatem

1912 4169 2206 4234 faciebant,
2240 4169 2342 4222 hoc
2375 4179 2485 4221 tam
2522 4164 2787 4219 inusitato
2816 4177 2880 4216 ac
2919 4160 3210 4230 peregrino
3243 4160 3505 4226 obstupe-

1912 4261 2042 4316 facti
2092 4263 2217 4315 vitaa
2258 4259 2510 4314 inStituto
2537 4299 2551 4321 ,
2600 4255 2865 4325 quosdam
2910 4253 2977 4307 ad
3014 4252 3307 4307 sublimem
3354 4249 3503 4303 hunc

1915 4354 2196 4408 hominem
2244 4351 2501 4413 mittunt,
2550 4348 2726 4417 iisque
2760 4345 3108 4416 praecipiunt,
3162 4351 3223 4397 ut
3267 4343 3338 4396 ob
3389 4352 3498 4393 tam

1912 4441 2230 4513 peregrinas
2264 4440 2617 4494 inventiones
2656 4453 2784 4493 eum
2813 4434 3238 4506 reprehendant,
3274 4447 3339 4485 ac
3370 4445 3503 4484 con-

1913 4543 2122 4589 suetam
2139 4547 2202 4586 ac
2218 4530 2402 4585 tritam
2423 4529 2682 4583 omnibus
2700 4529 2905 4583 sanctis
2925 4525 3065 4580 viam
3083 4523 3221 4575 inire
3243 4521 3499 4582 doceant,

1913 4641 2092 4697 neque
2143 4640 2262 4680 eam
2312 4631 2709 4685 contemnere,
2764 4633 2927 4688 quam
2975 4622 3164 4669 tantus
3213 4613 3498 4666 beatorum

1914 4720 2117 4775 chorus
2144 4715 2392 4777 calcavit,
2434 4727 2649 4782 quoque
2686 4711 2754 4765 ad
2789 4709 2986 4763 cmlutn
3023 4703 3310 4774 pervenit,
3340 4708 3495 4754 aeter-

222 4802 382 4858 λύθει
415 4803 514 4858 καὶ
553 4804 770 4876 σκηνῶν
802 4805 1029 4858 ἐκείνων
1083 4806 1193 4858 τῶν
1237 4807 1425 4875 άῖδίων
1481 4806 1760 4877 ἐπέϐησαν
1790 4822 1803 4836 ο

1918 4825 2093 4880 neque
2119 4808 2208 4862 illa
2230 4805 2434 4861 subivit
2455 4800 2827 4857 tabernacula.
2855 4796 3030 4852 Veriti
3061 4793 3261 4849 deinde
3292 4806 3363 4891 ne
3395 4791 3498 4844 hoc

223 4893 349 4951 εἶτα
377 4896 657 4960 δείσαντες
697 4896 774 4968 μὴ
823 4898 884 4951 τὸ
928 4899 1169 4969 ἐννόημα
1210 4899 1501 4969 θεάρεστον
1561 4895 1639 4969 ᾖ,
1698 4899 1810 4952 οἵδε

222 4988 589 5060 ἀνθρωπίνως
649 4989 713 5043 τὸ
766 4991 1001 5061 πρᾶγμα
1065 4988 1444 5060 στοχάζονται,
1501 4990 1597 5044 καὶ
1656 4990 1813 5044 τοῦτο

223 5085 639 5155 ἐπισκήπτουσι
664 5086 779 5149 τοῖς
818 5085 1274 5156 ἀπεσταλμένοις,
1315 5084 1392 5148 ὥς
1424 5087 1473 5137 εἰ
1514 5086 1610 5154 μὲν
1653 5086 1812 5139 ἴδοιεν

221 5179 318 5230 τὶν
350 5177 521 5250 ἄνδρα
572 5179 664 5232 τοῦ
707 5178 912 5232 οἰκείου
954 5178 1264 5249 θελήματος
1318 5179 1671 5250 ἐξιστάμενον
1720 5180 1815 5233 καὶ

223 5272 367 5342 πρὸς
401 5271 502 5343 τὴν
529 5271 743 5326 ἐκεῖθεν
784 5271 1004 5327 εἴκοντα
1049 5272 1300 5338 κάθοδον,
1340 5270 1585 5341 ἐπίσχειν
1622 5271 1813 5325 τοῦτον

222 5364 391 5425 εὐθὺς
422 5363 519 5417 καὶ
572 5362 816 5416 κελεύειν
868 5362 1088 5433 ἔχεσθαι
1147 5365 1246 5435 τῆς
1298 5363 1640 5435 προθέσεως,
1677 5363 1812 5433 μηδὲ

221 5455 454 5526 ἀμελεῖν
492 5454 590 5508 τοῦ
629 5454 861 5509 σκοποῦ.
908 5454 1065 5509 Οὖτω
1107 5454 1218 5526 γὰρ
1263 5454 1329 5508 ἂν
1381 5454 1531 5508 θείαν
1558 5472 1619 5508 τε
1672 5449 1813 5508 εἶναι

294 5612 414 5683 (l7)
457 5609 655 5683 Fusius
674 5611 793 5683 haec
807 5610 1025 5683 deducit
1040 5609 1437 5683 Theodorettts,
1455 5620 1511 5664 et
1533 5611 1812 5667 Cedrenus

220 5674 526 5740 ad'an'num
549 5676 621 5734 25
674 5674 967 5737 Theodosii
994 5680 1249 5744 iunioris.

260 5753 408 5822 ,(18)
448 5753 596 5808 ldetn
631 5761 844 5807 cauth
870 5768 932 5807 ex
963 5752 1192 5820 Evagrio
1218 5750 1309 5804 lib.
1330 5766 1419 5822 _\_‘l,
1454 5765 1574 5819 cap.
1602 5750 1693 5822 2f,
1716 5749 1808 5804 ubi

227 5818 415 5885 refert,
466 5838 689 5876 auream
735 5822 964 5878 Veneris
991 5818 1226 5876 Statuam
1267 5836 1295 5873 a
1329 5818 1602 5874 Naama’uc
1638 5821 1806 5874 Sara-

222 5909 491 5953 cenorum
516 5893 679 5961 duce,
710 5895 832 5965 igne
866 5892 1229 5963 liquefactam,
1258 5900 1533 5962 erogatum
1584 5892 1636 5945 itt
1668 5908 1804 5961 pau-

1913 4879 2032 4969 ejus
2074 4896 2383 4952 institutum
2426 4905 2619 4946 revera
2653 4888 2762 4942 Deo
2794 4886 3055 4955 placeret,
3091 4882 3235 4937 hanc
3263 4879 3384 4948 eius
3411 4893 3500 4932 ace

1914 4991 2116 5045 tionem
2141 4982 2441 5057 periclitari
2471 4980 2780 5053 cupientes,
2808 4978 2909 5032 hoc
2930 4976 3038 5030 illis
3063 4988 3202 5043 quos
3228 4971 3296 5026 ad
3325 4969 3500 5057 ipsum

1913 5056 2201 5135 mittebant
2236 5074 2596 5134 mandarunt,
2632 5077 2691 5124 ut
2725 5067 2769 5123 si
2791 5067 2968 5121 virum
2998 5062 3251 5118 viderent
3279 5056 3503 5133 propria

1913 5173 2100 5229 relicta
2136 5169 2463 5223 voluntatee
2494 5160 2716 5217 sublimi
2758 5159 2899 5216 velle
2929 5153 3291 5213 descendere,
3318 5147 3503 5204 statim

1920 5278 1980 5319 se
2012 5265 2379 5331 opponerent,
2410 5270 2476 5311 ac
2516 5254 2697 5325 primo
2730 5249 3014 5324 proposito
3041 5246 3311 5301 inluerere
3338 5239 3502 5331 jube-

1922 5328 2289 5421 retttineque
2331 5364 2557 5419 scopum
2608 5346 2883 5417 negligere
2933 5338 3336 5411 permitterent.
3390 5328 3502 5384 Hac

1923 5450 2072 5506 enim
2099 5445 2311 5501 ratione
2341 5443 2396 5499 id
2417 5442 2544 5498 vitae
2567 5439 2882 5494 institutum
2916 5429 3137 5489 nonnisi
3166 5442 3199 5481 a
3244 5423 3353 5478 Deo
3374 5436 3501 5491 pro-

1888 5612 1893 5617 '
1910 5619 2091 5678 μετεξ-

1981 5644 2091 5745 ὶῖὸἱ
2133 5673 2316 5745 Deest
2336 5665 2853 5745 hoc-_Theqdoretsz-
2902 5655 3153 5745 Briso}?
3175 5657 3246 5745 es.
3268 5644 3499 5745 3:29:12

1909 5713 2762 5813 nihiltibi“?5.7?Fﬁicephuo
2784 5734 2890 5811 ιίυς.
2910 5713 3503 5813 κιῖν,εὲι1;.ἱ¹;.ῗὲ¹1ί¹3.ῗ
3552 5758 3559 5765 ·

1909 5785 2075 5871 135.362.
2093 5785 2341 5887 ginta-0‘;
2365 5785 3236 5887 aiciil‘éi'igypuafﬂigens
3266 5786 3402 5840 hanc
3427 5785 3501 5842 ad

1910 5889 2085 5943 virum
2118 5874 2367 5941 sanetum
2398 5882 2622 5936 missam
2653 5874 2774 5931 esse
2805 5874 3160 5940 legationem.
