3868 6472
353 422 452 489 351

1547 431 1600 488 Μ
1615 429 1832 489 ENSIS
1878 427 2328 490 JANUARIUS.

3499 429 3604 492 33⁵2

353 540 548 596 cedere
589 541 856 610 arbitrati,
894 558 1004 600 non
1035 545 1270 615 amplius
1299 561 1418 603 esse
1449 547 1594 616 quod
1629 548 1696 603 de
1729 547 1928 603 futuris

2038 543 2198 616 ᾤοντο
2247 543 2346 613 τὴν
2399 543 2735 613 οἰκονομίαν,
2774 544 2872 597 οὐκ
2904 544 2984 598 ἔτι
3026 544 3276 614 περὶτοῦ
3320 546 3603 614 μέλλοντος

353 630 690 702 ambigerem
719 650 732 686 :
759 633 848 688 ubi
882 634 1030 690 enim
1065 636 1268 690 bonum
1297 645 1381 691 est
1413 635 1650 705 initium,
1683 639 1843 692 talem
1869 649 1924 693 et

351 721 556 776 exitum
587 721 702 778 fore
733 723 938 792 liquido
957 735 1187 781 constat.
1212 727 1412 782 Contra
1441 744 1571 782 vero
1600 729 1644 784 si
1674 729 1922 800 indigna-

355 816 526 868 retur,
555 824 655 863 nec
681 810 1106 868 admonitionem
1138 814 1220 868 vel
1253 813 1303 867 in
1335 815 1562 872 minimo
1590 815 1919 880 admitteret,

353 913 544 952 verum
569 901 890 971 simpliciter
909 913 964 958 et
995 905 1113 960 sine
1144 905 1352 959 ratione
1376 908 1605 976 propria:
1633 907 1924 964 voluntatis

353 988 578 1044 ductum
618 991 964 1062 sequeretur,
991 996 1194 1051 clarum
1220 1013 1338 1051 esse
1378 997 1535 1067 longe
1563 1013 1686 1052 eum
1727 1000 1794 1052 ab
1824 1000 1924 1052 hu-

353 1078 602 1136 militatis
643 1081 840 1137 virtute
869 1085 1082 1148 abesse,
1118 1095 1280 1156 atque
1307 1087 1442 1142 advo
1474 1088 1738 1157 ejusmodi
1775 1089 1925 1156 rogi.

355 1170 590 1226 lationes
635 1175 849 1228 nonnisi
901 1193 930 1230 a
978 1178 1216 1248 maligno
1271 1179 1318 1234 ei
1380 1191 1660 1250 suggestus
1694 1181 1925 1250 jndicari

355 1270 626 1330 oportere.
659 1263 844 1334 Itaque
873 1268 1132 1322 mandant
1165 1276 1221 1322 ut
1257 1269 1300 1323 si
1339 1269 1411 1323 ita
1448 1285 1533 1323 res
1568 1269 1786 1334 habeat,
1813 1279 1927 1325 sta-

357 1351 452 1407 tim
484 1354 611 1410 inde
643 1359 903 1425 avellant,
943 1368 998 1413 et
1037 1361 1116 1413 vel
1146 1361 1377 1416 invitum
1409 1361 1744 1417 descendere
1769 1377 1798 1416 a
1835 1377 1927 1419 co-

356 1443 544 1500 lumna
584 1461 801 1521 cogant.

427 1537 528 1594 22.
573 1537 838 1598 Mandatis
866 1544 970 1600 hoc
999 1555 1158 1616 pacto
1189 1546 1490 1617 conceptis,
1521 1555 1807 1618 postquam
1849 1549 1924 1602 le-

357 1627 463 1697 gati
495 1630 563 1684 ad
588 1629 910 1702 Symeonem
940 1637 1117 1690 omnis
1147 1639 1474 1693 obedientire
1507 1650 1562 1696 et
1605 1641 1928 1696 humilitatis

359 1727 636 1784 parentem
665 1736 1052 1792 pervenerunt,
1100 1728 1153 1784 bi
1188 1729 1270 1783 vel
1289 1745 1354 1782 ex
1385 1732 1500 1784 solo
1527 1741 1749 1802 aspectu
1779 1749 1930 1788 com-

359 1808 560 1876 pellare
593 1827 720 1866 eum
762 1829 870 1882 prae
919 1820 1227 1872 reverentia
1269 1821 1418 1874 obliti
1468 1822 1717 1889 fuerunt,
1750 1839 1928 1894 neque

359 1897 556 1953 intueri
587 1915 711 1956 eum
745 1905 860 1958 ausi
891 1915 1051 1975 sunt;
1086 1916 1266 1963 tamen
1301 1918 1412 1964 tum
1455 1921 1678 1982 prepter
1706 1889 1928 1970 mitten-
1963 1889 2001 1942 Β

361 1985 493 2042 tium
539 1989 758 2046 Patrum
796 1995 1110 2051 mandatum
1145 2000 1294 2066 (haec
1338 2003 1608 2070 siquidem
1643 2005 1927 2061 ministerii

358 2081 642 2153 perfectio)
677 2085 777 2155 ipsi
817 2091 1000 2142 omnia
1029 2091 1130 2145 sibi
1157 2108 1186 2145 a
1230 2093 1481 2150 Patrihns
1517 2099 1810 2152 commissa
1839 2085 1931 2154 ex-

361 2181 590 2238 ponunt.
620 2174 712 2229 ille
743 2193 872 2232 vero
905 2194 1192 2237 man~ueto
1222 2185 1425 2248 animo,
1460 2201 1584 2242 vere
1613 2202 1932 2247 mansuetus

361 2261 478 2328 ipse
511 2271 566 2318 et
609 2264 829 2320 humilis
861 2271 1045 2336 corde,
1080 2275 1558 2342 reprehensionem
1590 2279 1788 2345 ferens,
1827 2299 1933 2336 non

361 2347 726 2421 cetttradixit,
771 2376 878 2415 non
925 2363 1235 2432 indignatus
1282 2365 1394 2432 est',
1438 2383 1548 2423 non
1597 2371 1652 2424 in
1689 2374 1933 2428 convicia

363 2449 632 2516 prorupit,
668 2449 775 2504 imo
808 2467 985 2523 neque
1030 2473 1216 2525 parum
1247 2474 1424 2529 neque
1455 2461 1686 2517 multum
1725 2463 1935 2522 locutus

360 2547 469 2602 est;
507 2545 692 2596 verbm
721 2543 869 2599 vnltu
905 2547 1134 2602 maxime
1165 2550 1320 2604 hilari
1373 2553 1653 2624 oculisque
1681 2557 1934 2615 demissis

361 2631 790 2704 objurgationem
819 2651 1151 2712 acceptans,
1183 2645 1371 2715 gratiis
1403 2646 1508 2700 Deo
1542 2649 1780 2717 primum
1812 2651 1938 2704 reli-

361 2720 511 2791 giose
553 2730 708 2795 actis,
753 2740 916 2801 atque
953 2732 1084 2804 ipsis
1126 2737 1326 2792 deinde
1357 2737 1609 2794 Patrihus
1647 2756 1743 2810 pro
1787 2751 1933 2796 tanta

361 2827 489 2866 cura
517 2824 571 2870 et
607 2821 974 2877 sollicitudine
1000 2825 1294 2894 plurimum
1319 2844 1378 2884 se
1405 2829 1604 2884 debere
1635 2831 1932 2900 professus,

361 2907 676 2978 neutiquam
707 2923 995 2970 cunctatus
1029 2933 1060 2971 e
1103 2918 1352 2973 columna
1385 2920 1718 2976 descendere
1758 2934 1932 2989 parat.

359 2997 437 3053 llli
474 3017 604 3056 vero
634 3005 816 3060 statim
843 3007 890 3061 id
933 3017 1240 3076 vetuerunt,
1271 3010 1491 3066 Patrum
1531 3025 1772 3069 mentem
1807 3033 1936 3086 ape.-

360 3093 586 3182 rientes,
624 3113 852 3183 quorum
883 3103 1206 3158 auctoritate
1253 3105 1544 3159 stabilitam
1590 3117 1852 3176 perpetuo
1881 3118 1938 3165 et

2026 633 2393 698 ἐνδοιάζοντες
2433 631 2574 705 ἦσαν
2608 653 2620 665 ο
2671 637 2744 698 ὡς
2801 637 2901 690 οὐκ
2948 636 3150 704 ἀγαθὸν
3195 639 3336 707 ἀρχῇ
3365 637 3607 711 τοσαύτῃ

2025 731 2330 798 ἀπαντήσοι
2378 730 2474 782 καὶ
2508 730 2660 793 τέλος
2693 747 2705 761 ·
2743 731 2790 783 εί
2840 731 2896 784 δὲ
2929 729 3348 800 δυσανασχετῶν
3377 731 3481 798 είη,
3511 733 3608 785 καὶ

2026 823 2147 874 ούδέ
2185 822 2356 893 ὀλίγῳ
2393 823 2489 889 τῆς
2527 822 2837 889 συμϐουλῆς
2891 821 3240 890 ἀνεχόμενος,
3273 822 3391 875 ἀλλ’
3419 823 3609 885 ἁπλῶς

2026 911 2170 966 οὕτω
2225 913 2319 966 καὶ
2365 912 2663 981 ἀλογίστως
2721 911 2796 982 τῷ
2841 913 3028 983 οἰκείῳ
3085 913 3353 984 θελήματι
3397 915 3652 984 ἕποιτο,ι

2029 1003 2186 1072 δῆλον
2213 1004 2288 1064 ὡς
2315 1005 2531 1074 μακρὰν
2560 1005 2660 1072 τῆς
2689 1005 3198 1075 ταπεινοφροσύνης
3244 1007 3360 1060 ἐστὶ
3392 1007 3613 1070 πάντως

2027 1095 2235 1162 ἔλεγον,
2265 1096 2293 1148 ὅ
2329 1113 2411 1158 τις
2443 1095 2510 1150 ἂν
2557 1095 2634 1166 μὴ
2688 1096 2807 1166 οὐχὶ
2859 1095 2948 1150 τὸν
3001 1098 3238 1166 πονηρὸν
3287 1099 3437 1166 αὺτῷ
3481 1101 3612 1162 τοὺς

2027 1189 2322 1257 λογισμοὺς
2353 1189 2577 1251 τούτους
2617 1189 3051 1256 ὑποϐεϐληκέναι
3097 1193 3252 1260 φαίη.
3291 1192 3484 1246 Ἔνθεν
3526 1211 3612 1245 τοι

2028 1279 2124 1332 καὶ
2173 1282 2460 1350 κατασπᾷν
2511 1280 2698 1333 τοῦτον
2752 1282 2801 1334 εί
2835 1279 3008 1345 οὕτως
3043 1283 3154 1352 ἔχοι
3195 1285 3464 1347 ἐκέλευον,
3515 1285 3614 1340 καὶ

2029 1373 2232 1426 ἄκοντα
2269 1371 2360 1428 τοῦ
2394 1373 2572 1436 κίονος
2614 1374 2899 1443 κατάγειν.

2102 1551 2391 1608 κδ’.οὖτω
2429 1555 2527 1626 τῆς
2573 1555 2794 1625 ἐντολῆς
2842 1556 3096 1626 ἐχούσης.
3133 1557 3321 1623 ἐπειδὴ
3376 1559 3427 1612 οἱ
3473 1561 3617 1630 πρέ-

2034 1645 2182 1706 σϐεις
2216 1646 2352 1714 πρὸς
2386 1647 2476 1698 τὸν
2507 1647 2606 1716 τῆς
2637 1647 2884 1716 ὑπακοῆς
2914 1649 3006 1701 καὶ
3037 1649 3137 1716 τῆς
3186 1652 3620 1721 ταπεινοφροσύ-

2031 1755 2128 1806 νης
2162 1737 2376 1805 πατέρα
2413 1737 2636 1808 Συμεὼν
2679 1739 2960 1806 ἀφίκοντο,
3004 1735 3150 1794 οὗτοι
3183 1741 3284 1810 μὲν
3313 1743 3407 1796 ἀπ’
3440 1744 3618 1814 αὐτῆς

2033 1827 2157 1892 θέας
2205 1845 2261 1882 τε
2309 1829 2404 1881 καὶ
2459 1829 2948 1900 προσαγορεύσεως
3010 1832 3192 1896 αἰδοῦς
3261 1835 3396 1904 πρὸς
3451 1837 3619 1889 αὑτὸν

2032 1921 2404 1991 ἐπλήσθησαν,
2447 1923 2542 1974 καὶ
2599 1922 2783 1976 οὐκέτι
2830 1925 2952 1976 ούδέ
3005 1925 3348 1978 ἀντιϐλέπειν
3403 1925 3504 1981 οἷοί
3558 1946 3618 1982 τε

2031 2008 2171 2083 ἦσαν
2194 2030 2208 2044 ο
2250 2005 2400 2083 ὅμως
2431 2013 2516 2067 διά
2549 2031 2608 2067 τε
2635 2016 2734 2086 τὴν
2756 2017 3316 2072 τῶνάπεσταλκότων
3351 2021 3618 2090 Πατέρων

2033 2104 2253 2174 ἐντολὴν
2289 2104 2415 2173 (καὶ
2440 2107 2569 2160 αὐτὸ
2595 2107 2658 2176 δὴ
2688 2108 2846 2162 τοῦτο
2874 2109 2932 2163 τὸ
2958 2110 3058 2180 τῆς
3089 2112 3363 2177 διακονίας
3399 2115 3614 2186 καλὸν),

2035 2201 2428 2269 καταλέγουσιν
2461 2203 2612 2273 αὐτῷ
2641 2205 2816 2258 πάντα
2847 2206 2914 2258 τὰ
2945 2206 3037 2260 ὑπ’
3067 2207 3290 2260 ἐκείνων
3310 2212 3578 2280 είρημένα
3599 2229 3616 2246 ο
3678 2244 3688 2252 -

2033 2291 2062 2342 ὁ
2089 2292 2142 2343 δέ
2177 2293 2369 2360 πρᾶος,
2402 2293 2430 2345 δ
2473 2294 2644 2362 πρᾶος
2671 2291 2749 2362 τῷ
2777 2293 2890 2346 δντι
2918 2294 3011 2347 καὶ
3035 2295 3287 2356 ταπεινὸς
3307 2299 3371 2366 τῇ
3392 2298 3618 2368 καρδίᾳ,

2037 2383 2133 2452 τὴν
2186 2383 2504 2452 ἐπιτίμησιν
2550 2381 2788 2451 ἐνεγκὼν
2817 2386 2919 2438 οὐκ
2948 2387 3220 2452 ἀντεῖπεν,
3251 2389 3350 2442 οὐκ
3403 2391 3620 2456 ἠγανά-

2038 2499 2261 2552 κτησεν,
2310 2483 2432 2536 οὖδέ
2477 2483 2690 2554 διέσυρε
2738 2485 2965 2554 ταύτην,
2999 2485 3059 2537 ού
3110 2485 3307 2554 μικρὸν
3355 2484 3510 2537 οὐδὲν
3553 2485 3618 2536 οὐ

2041 2577 2184 2646 μέγα
2217 2575 2518 2644 ἐφθέγξατο
2544 2593 2557 2606 ·
2589 2577 2706 2630 ἀλλ’
2737 2578 2818 2630 ὅτι
2857 2578 3092 2646 μάλιστα
3125 2575 3292 2647 ἱλαρῷ
3324 2577 3416 2629 καὶ
3463 2575 3621 2628 xci-cro

2037 2668 2244 2721 νεύοντι
2279 2667 2573 2737 βλέμματι,
2603 2667 2701 2738 τὴν
2742 2669 3062 2738 ἐπιτίμησιν
3107 2667 3509 2737 ἀποδεξάμενος
3537 2666 3619 2735 τῷ

2039 2760 2158 2828 Θεῷ
2190 2777 2248 2813 τε
2271 2759 2369 2830 τὴν
2393 2759 2745 2832 εὐχαριστίαν
2764 2760 3014 2822 ἀποδοὺς,
3042 2761 3134 2812 καὶ
3163 2757 3334 2828 χάριν
3353 2759 3452 2826 τῆς
3485 2760 3620 2828 περὶ

2039 2851 2200 2906 αὐτὸν
2231 2851 2508 2922 φροντίδος
2540 2853 2652 2916 τοῖς
2683 2852 2956 2920 Πατράσιν
2983 2853 3343 2920 ὁμολογήσας,
3377 2851 3451 2920 μὴ
3487 2850 3622 2919 μελ-

2037 2943 2208 3013 λήσας
2242 2943 2427 3013 μηδὲν,
2471 2943 2723 2996 κατιέναι
2771 2943 2864 2996 τοῦ
2899 2941 3092 2995 στύλου
3122 2942 3416 3012 ἐπεχείρει.
3460 2942 3524 2995 Οἱ
3562 2942 3622 2996 δὲ

2042 3035 2274 3104 ἐπέσχον
2309 3051 2368 3087 τε
2401 3035 2621 3100 αὐτίκα,
2657 3035 2752 3088 καὶ
2777 3035 2878 3106 τὴν
2919 3035 3026 3088 τῶν
3054 3036 3313 3106 Πατέρων
3342 3035 3492 3104 αὐτῷ
3521 3037 3622 3088 ἀν-

2042 3125 2320 3196 εκάλυψαν
2364 3125 2591 3196 γνώμην
2618 3144 2632 3160 ο
2679 3123 2797 3180 εἶτα
2836 3126 3068 3196 μόνιμον
3115 3127 3214 3196 μὲν
3255 3127 3350 3178 xo‘t
3393 3127 3624 3196 διηνεκῆ

359 3199 714 3268 approbatam
741 3201 796 3254 in
819 3204 1068 3258 columna
1099 3208 1390 3261 stationem
1415 3221 1536 3262 esse
1565 3207 1932 3264 declararunt.

2040 3219 2138 3286 τὴν
2171 3219 2262 3271 ἐπὶ
2293 3218 2386 3271 τοῦ
2422 3219 2601 3282 κίονος
2653 3221 2879 3284 στάσιν,
2928 3220 3160 3290 χρηστὸν
3207 3219 3264 3273 δέ
3317 3219 3467 3282 τέλος
3522 3221 3626 3272 καὶ

361 3289 600 3360 Denique
639 3293 902 3360 Optimum
936 3296 1097 3351 ﬁnem
1157 3312 1222 3352 ac
1283 3297 1492 3352 ﬁrmam
1551 3299 1932 3355 continuerunt

2039 3310 2263 3379 βεϐαίαν
2301 3309 2410 3362 τῶν
2442 3310 2682 3379 συνεχῶν
2711 3309 2889 3362 πόνων
2917 3310 3220 3362 ἀνάπαυσιν
3255 3308 3624 3377 ἐπευξάμενοι

359 3384 608 3440 laborum
647 3389 886 3458 quietem
927 3391 1184 3464 Symeoni
1241 3403 1560 3464 precantes,
1603 3395 1729 3450 inde
1786 3397 1932 3450 abie-

2038 3401 2114 3472 τῷ
2147 3398 2391 3472 Συμεὼν,
2427 3399 2845 3470 ἀπηλλάγησαν.
2890 3399 3050 3454 Ἀλλὰ
3093 3399 3153 3452 τὸ
3186 3397 3286 3469 μὲν
3325 3399 3424 3469 τῆς
3452 3398 3624 3452 αὑτοῦ

362 3486 508 3530 runt.
569 3477 672 3534 Sed
724 3489 780 3536 et
829 3481 951 3551 ejus
1040 3484 1364 3540 humilitatis
1442 3485 1830 3540 sublimitatem
1886 3496 1932 3541 et

2038 3492 2538 3562 ταπεινοφροσύνης
2573 3489 2705 3562 ὕψος
2742 3491 2836 3544 καὶ
2862 3491 2960 3562 τῆς
2991 3491 3240 3560 ὑπακοῆς
3261 3490 3325 3544 τὸ
3361 3489 3624 3562 μέγεθος,

359 3569 687 3630 obedientite
735 3576 1165 3648 magnitudinem
1221 3578 1280 3633 in
1317 3577 1442 3632 aliis
1502 3577 1690 3634 multis
1750 3579 1932 3634 videre

2039 3585 2146 3640 xiv
2176 3583 2390 3648 πολλοῖς
2416 3583 2481 3638 ἄν
2512 3600 2594 3647 τις
2622 3582 2830 3654 ἑτέροις
2863 3582 3088 3638 κατίδοι.

359 3659 506 3718 licet.

1804 3809 2032 3866 CAPUT
2069 3809 2128 3864 Υ.

889 3927 1094 3982 Divinis
1128 3929 1405 3994 inhaerens,
1434 3931 1593 3984 matri
1617 3931 1779 3983 etiam
1808 3930 1890 3983 sui
1920 3939 2254 3998 conspectum
2289 3939 2447 3999 negat
2483 3945 2502 3983 :
2530 3931 2792 4000 defuncta:
2823 3938 3088 4000 parentat.

429 4045 518 4101 23.
563 4045 762 4102 Verum
785 4047 1054 4108 Ordinem.
1086 4065 1248 4118 quem
1274 4049 1521 4104 incidens
1553 4051 1796 4120 praecidit
1816 4066 1942 4104 nar-

362 4139 522 4204 ratio,
555 4140 772 4194 tandem
805 4149 990 4194 nostra
1012 4157 1298 4196 resumens
1323 4153 1557 4212 exponat
1579 4143 1776 4196 oratio.
1801 4143 1936 4195 Cum

363 4235 648 4292 lsmaelitae
684 4237 736 4292 in
771 4237 945 4293 tribus
984 4237 1226 4296 distincti
1268 4239 1337 4294 ad
1379 4237 1702 4310 Symv‘onem
1750 4237 1940 4292 salutis

361 4331 554 4386 ducem
587 4331 942 4398 accederent,
983 4339 1145 4400 atque
1179 4334 1377 4386 avitam
1411 4331 1741 4401 impietatem
1783 4331 1940 4386 dete-

2113 4049 2217 4115 κγ’.
2265 4049 2338 4100 Τὸ
2389 4048 2446 4101 δέ
2501 4047 2724 4116 συνεχὲς
2770 4048 2869 4114 τῆς
2924 4043 3282 4106 ἀκολουθίας,
3329 4041 3358 4095 ὃ
3403 4041 3626 4112 διέκοψε

2041 4139 2134 4192 νῦν
2169 4142 2301 4207 ήαῖν
2356 4141 2388 4208 ἡ
2448 4135 2880 4207 παρεμπεσοῦσα
2927 4135 3196 4203 διήγησις,
3259 4132 3542 4186 ἀναλαϐὼν
3598 4137 3628 4188 ὁ

2039 4233 2195 4300 λόγος
2223 4230 2473 4300 δηλώσει.
2506 4228 2664 4283 Κατὰ
2686 4227 2862 4296 φυλὰς
2885 4227 2948 4295 δὴ
2987 4225 3093 4278 τῶν
3138 4223 3497 4296 Ἰσμαηλιτῶν
3543 4224 3626 4295 τῷ

2038 4327 2137 4396 τῆς
2181 4323 2457 4394 σωτηρίας
2499 4322 2678 4393 ὁδηγῷ
2729 4317 2956 4390 Συμεὼν
2991 4318 3348 4388 προσιόντων,
3387 4319 3478 4370 καὶ
3523 4317 3625 4388 τὴν

362 4430 658 4486 starentnr,
709 4421 898 4476 divino
935 4423 1174 4492 denique
1218 4423 1548 4492 baptismate
1595 4422 1927 4487 fruerentur,

2041 4413 2303 4486 πατρῴαν
2333 4412 2587 4466 ἀσέϐειαν
2619 4411 2990 4479 ἀρνουμένων,
3032 4409 3125 4461 καὶ
3162 4407 3256 4460 τοῦ
3302 4405 3447 4460 θείου
3482 4407 3623 4458 ἀπο-

361 4511 450 4565 aiii
480 4511 602 4568 aliis
631 4527 912 4568 sacrorum
946 4515 1217 4569 rationem
1251 4515 1566 4581 tradentes;
1611 4515 1800 4570 aderat
1833 4514 1934 4568 ali-

357 4606 574 4672 quando
601 4617 656 4663 et
685 4607 1067 4664 Theodoretns
1098 4609 1356 4664 Ecclesize
1375 4609 1494 4678 Cyri
1529 4610 1759 4663 antistes
1795 4608 1930 4679 (‘20).

362 4699 420 4753 lii
449 4701 613 4770 igitur
643 4717 751 4756 non
786 4703 1038 4773 exiguam
1073 4702 1256 4773 populi
1287 4702 1689 4756 multitudinem
1725 4699 1810 4755 vir
1839 4699 1933 4754 Dei

357 4789 536 4851 oﬂ‘ert,
571 4788 929 4862 hortaturque
963 4801 1022 4848 ut
1067 4807 1364 4848 consuetas
1401 4807 1570 4862 super
1609 4807 1704 4845 eos
1744 4804 1936 4858 preces

361 4884 464 4937 ree'
476 4891 572 4937 tet.
597 4897 798 4952 eosque
819 4885 1074 4955 baptizet.
1111 4885 1246 4941 Dum
1273 4886 1393 4956 ejus
1427 4885 1694 4939 mandatis
1723 4884 1935 4938 obtem-

361 4989 552 5042 perare
589 4976 822 5030 antistes
857 4978 1188 5048 aggreditur,
1222 4979 1444 5032 illorum
1471 4977 1702 5047 quisque
1731 4976 1936 5045 primus

358 5065 647 5122 criminum
703 5082 926 5122 suorum
955 5069 1148 5123 sordes
1191 5069 1375 5124 eluere
1409 5068 1544 5139 (2|),
1575 5082 1794 5122 necnon
1834 5065 1938 5118 im-

361 5159 578 5229 pietatis
633 5159 874 5214 illnviem
939 5161 1252 5231 abstergere
1307 5159 1708 5224 contendebat;
1763 5157 1938 5226 quivis

359 5252 512 5324 prior
535 5251 764 5324 gratiam
805 5251 1072 5322 consequi
1122 5259 1409 5324 satagens,
1447 5253 1598 5307 litem
1647 5249 1936 5321 quamdam

435 5410 550 5482 (20)
593 5411 769 5482 Cyrus
816 5421 1136 5468 recensetur
1187 5413 1256 5468 ob
1295 5411 1537 5466 Auherto
1587 5409 1936 5482 Miraeointer

363 5479 691 5551 metrdpoles
744 5483 1162 5549 autocephalas,
1213 5482 1540 5551 patriarcha:
1593 5479 1936 5536 Antiocheno

362 5553 661 5622 subiectas.
695 5553 866 5608 Distat
898 5554 1132 5608 duorum
1165 5553 1374 5622 dierum
1416 5552 1716 5622 itineredab
1748 5551 1939 5606 Antio-

362 5619 598 5694 chiatut
629 5624 743 5694 ipse
768 5639 887 5692 cap.
907 5624 943 5677 2
985 5623 1150 5680 tradit
1183 5619 1732 5694 Tltcodorelus._Non
1765 5627 1849 5694 e_s_t
1876 5634 1939 5694 ea

363 5709 501 5771 ripae
519 5689 816 5771 Ptolomaeo
837 5689 1122 5771 Cyropolis
1151 5694 1353 5771 dicitur
1384 5709 1397 5746 :
1425 5707 1547 5744 nam
1575 5689 1940 5771 Cerpqlisjn

312 5756 329 5771 ’
366 5756 538 5842 [lt-Mihi
565 5774 666 5842 est
677 5765 742 5819 ad
773 5756 923 5842 _mar'e
957 5756 1258 5842 Casp_ium_;
1294 5760 1468 5842 Cyrus
1507 5756 1942 5842 vero_in'.Syria,

366 5831 585 5906 Κύῤῥος
633 5833 936 5906 Stephano,
1002 5831 1145 5892 unde
1195 5831 1552 5905 Κυρρἐστης,
1605 5840 1661 5886 ιιι
1719 5831 1836 5894 ait,
1889 5839 1944 5884 et

2037 4509 2310 4562 λαυόντων
2345 4506 2740 4576 βαπτίσματος,
2774 4503 2922 4558 ἄλλοι
2967 4502 3066 4570 μὲν
3097 4501 3292 4562 ἄλλους
3326 4516 3624 4569 μυσταγω-

2032 4603 2253 4672 γοῦντες
2277 4601 2492 4655 ἐτέλουν
2521 4612 2534 4626 ·
2586 4599 2772 4668 παρῆν
2801 4598 2858 4650 δέ
2888 4613 3018 4650 ποτε
3045 4597 3137 4649 καὶ
3171 4596 3199 4647 ὁ
3219 4595 3319 4662 τῆς
3347 4595 3491 4647 κατά
3530 4595 3626 4648 τὸν

2033 4696 2214 4764 Κῦρον
2235 4693 2535 4764 ’ἐκκλησίας
2563 4691 2841 4763 προεστὼς
2881 4689 3244 4761 Θεοδώρητος.
3275 4689 3482 4756 Πλῆθος
3511 4687 3626 4742 τοί-

2033 4805 2128 4842 νυν
2151 4786 2252 4839 oin:
2278 4785 2460 4852 ὀλίγον
2483 4784 2513 4836 ὀ
2544 4782 2688 4853 ἀνὴρ
2715 4781 2812 4836 καὶ
2845 4779 2995 4844 αὑτῷ
3019 4779 3398 4851 παρατίθεται,
3426 4780 3524 4841 τάς
3561 4795 3620 4831 τε

2036 4879 2292 4950 συνήθεις
2339 4877 2507 4946 εὐχὰς
2549 4877 2732 4938 αὐτοῖς
2770 4876 3019 4927 ἐπειπεῖν
3063 4875 3157 4924 καὶ
3189 4871 3450 4942 βαπτίσαι
3489 4871 3617 4924 τού-

2034 4990 2160 5036 τους
2183 4969 2572 5042 προτρέπεται.
2618 4968 2678 5021 'O
2713 4969 2810 5037 μὲν
2837 4966 2931 5020 οὖν
2967 4967 3194 5032 ἀγαγεῖν
3227 4966 3308 5029 είς
3337 4963 3498 5031 ἔργον
3521 4963 3622 5034 τὴν

2035 5065 2255 5130 ἐντολὴν
2284 5062 2561 5133 ἐπεχείρει
2593 5077 2608 5094 ⁸
2637 5061 2686 5114 oi
2712 5059 2769 5114 δὲ
2811 5058 3218 5113 ἀπολούσασθαι
3249 5057 3466 5126 πρῶτος
3487 5055 3622 5108 Exa-

2038 5173 2160 5218 στος
2193 5155 2294 5226 τὴν
2319 5153 2427 5208 τῶν
2463 5153 2654 5206 παθῶν
2689 5151 2824 5214 ἰλὺν,
2849 5151 2941 5202 καὶ
2966 5149 3063 5219 τὴν
3099 5148 3353 5203 ἀσέϐειαν
3393 5149 3486 5202 καὶ
3528 5147 3624 5200 τὸν

2041 5247 2210 5319 ῥύπον
2239 5242 2694 5314 φιλονεικοῦντες,
2735 5239 2830 5295 καὶ
2869 5239 3022 5302 ποῖός
3063 5255 3149 5302 τις
3185 5239 3451 5310 πρότερος
3483 5237 3626 5307 (pbd:

2034 5405 2181 5478 regio
2245 5399 2784 5479 ipsa_Kupg§oonxﬁ.
2858 5396 3163 5479 Pltli'ttlllil‘tl
3195 5409 3414 5479 quoque
3443 5393 3624 5479 ,δύρ-

2036 5466 2125 5546 ῥοξ
2150 5466 2392 5546 estised
2420 5466 2616 5546 vereor
2644 5479 2702 5546 ut
2733 5466 2912 5546 recte;
2937 5467 3066 5521 Nam
3089 5466 3392 5546 __P_rocopio
3443 5466 3624 5546 lib.".u

2034 5535 2394 5608 ile—aediﬁciis
2449 5539 2772 5598 Iustiniani.
2833 5538 3014 5607 Κῦρος
3073 5535 3390 5608 ᾱίοἰιιιτ.ξει
3449 5535 3625 5608 tradi-

2038 5629 2123 5672 ιιιι·
2158 5634 2188 5672 a
2234 5604 2436 5665 Iudaeis
2482 5611 2767 5675 aediﬁcata,
2813 5617 2868 5665 et
2910 5604 2980 5662 de
3023 5608 3143 5678 Cyri
3207 5606 3350 5680 regis
3395 5604 3623 5662 nomine

2039 5689 2226 5820 dicit?”
2263 5757 2416 5827 Apud
2449 5753 2856 5827 Theodoretum
2889 5747 3156 5827 baptismi
3206 5747 3356 5804 nulla
3386 5745 3619 5814 mentio,

2043 5827 2134 5884 sed
2159 5819 2326 5885 setius
2351 5824 2702 5884 sacerdotalis
2728 5819 3148 5878 benedictionis.
