3868 6470
243 285 359 349 353

1328 278 1501 340 VITA
1550 280 1608 341 S.
1650 279 2030 340 SYMEO‘NIS
2070 282 2423 341 STYLI’L‘E.

3420 284 3528 350 354

245 413 335 450 σοι
365 392 467 466 τῆς
509 392 732 465 χάριτος
772 388 1080 460 μετασχὼν,
1132 388 1249 460 εριν
1289 389 1349 442 τδ
1377 391 1611 460 πρᾶγμα
1648 388 1829 445 ποιού-

1940 405 2005 445 ex
2036 407 2093 444 re
2124 406 2277 446 sacra
2320 390 2557 446 faciebat
2601 408 2614 445 :
2656 392 2727 446 ita
2760 391 3025 448 inurbane
3048 393 3113 448 ad
3139 409 3263 448 eum
3295 411 3529 453 concur-

248 504 427 557 μενοι,
480 484 962 556 βαρϐαρικώτερον
994 481 1413 553 συνδραμόντες,
1433 483 1484 535 οἱ
1519 483 1618 553 μὲν
1653 477 1830 538 εἷλκον

244 585 433 650 αὐτὸν,
468 586 519 637 οί
544 583 601 636 δὲ
630 580 914 639 ἀνθεῖλκον
940 597 954 613 ο
992 581 1042 634 oi
1076 580 1134 633 δὲ
1171 578 1485 649 ἀφεστῶτες
1515 577 1624 630 τῶν
1658 576 1831 630 ἄλλων

245 674 639 739 ἐπιϐαίνοντες,
674 673 768 727 καὶ
804 673 902 735 τὰς
941 673 1130 742 χεῖρας
1182 668 1580 740 προτείνοντες,
1632 669 1681 719 οἱ
1732 667 1831 737 μὲν

243 767 341 821 τοῦ
378 767 661 835 πώγωνος,
709 766 760 818 οἱ
806 766 862 818 δὲ
917 764 1025 818 τῶν
1087 762 1321 833 ἱματίων
1366 760 1830 831 ἐπελαμϐάνοντο,

243 857 386 910 ὥστε
419 855 622 926 μικροῦ
678 855 780 910 κᾶν
834 853 1199 908 διεσπάσαντο
1245 852 1336 905 τὸν
1373 850 1563 923 ἄνδρα,
1595 852 1644 903 εί
1700 849 1775 920 μὴ
1805 849 1833 902 6

244 947 553 1016 θαυμάσιος
584 945 793 1002 ἄνωθεν
824 943 1049 1015 Συμεὼν
1086 943 1390 1013 ἐμϐοήσας,
1436 942 1534 1005 τὰς
1564 942 1833 1005 ἀτάκτους

242 1037 390 1091 οὕτω
435 1038 751 1092 κατέστειλε
788 1036 1000 1098 τούτοις
1034 1037 1233 1107 ὁρμὰς,
1275 1034 1351 1098 ὡς
1389 1034 1590 1088 αὐτίκα
1626 1033 1834 1096 πάντας

245 1130 601 1198 μεταλαϐεῖν,
625 1132 684 1182 ὲν
707 1130 896 1200 κόσμῳ
928 1145 989 1182 τε
1018 1128 1117 1199 τῆς
1148 1127 1371 1198 χάριτος
1396 1126 1708 1196 μετασχεῖν,
1739 1124 1834 1178 καὶ

241 1222 325 1287 τῷ
353 1221 490 1291 θείῳ
506 1221 861 1291 τελειωθῆναι
888 1220 1255 1293 βαπτίσματι.
1283 1217 1441 1273 Οὕτω
1462 1217 1641 1272 τοίνυν
1672 1219 1705 1287 ή
1735 1216 1834 1288 τῆς

238 1313 457 1367 ἐκείνου
512 1313 760 1384 γλώττης
817 1312 1044 1383 λαμπάς
1076 1311 1173 1364 καὶ
1227 1310 1561 1364 δεδίττεσθαι
1618 1308 1713 1374 οὓς
1766 1309 1833 1364 ἂν

244 1402 513 1471 βούλοιτο,
543 1404 636 1455 καὶ
668 1402 924 1470 φωτίζειν
952 1397 1089 1471 εἶχε,
1120 1401 1217 1473 τῆς
1241 1400 1349 1454 τῶν
1377 1399 1621 1468 ἀδελφῶν
1648 1398 1833 1452 ἕνεκεν

241 1492 520 1561 σωτηρίας
564 1493 873 1563 ἀμφότερα.
914 1492 1165 1563 Μελέτην
1209 1509 1275 1561 γε
1329 1491 1437 1564 μὴν
1476 1492 1698 1561 διηνεκῆ
1736 1493 1833 1555 τάς

258 1566 600 1645 Δεσποτικάς
667 1584 886 1647 ἐντολὰς
944 1588 1200 1649 ἐποιεῖτο,
1256 1582 1373 1637 ἀλλ’
1410 1584 1470 1637 οὐ
1522 1584 1682 1653 μέχρι
1733 1583 1831 1653 τῆς

236 1675 451 1727 τούτων
484 1676 771 1746 τηρήσεως
807 1676 989 1746 ἵστησι
1019 1676 1079 1729 τὸ
1115 1674 1420 1745 φιλόπονον,
1478 1674 1595 1729 ἀλλ’
1643 1673 1831 1744 ὥσπερ

1937 484 2151 550 rebant,
2198 485 2289 538 alii
2342 485 2568 539 horsum
2600 500 2745 539 eum
2791 486 3101 557 trahebant,
3160 488 3253 542 alii
3284 490 3524 545 vicissim

1936 576 2309 631 retrahebant.
2346 575 2448 642 Qui
2474 592 2605 631 vero
2637 577 2932 644 distabant,
2968 579 3021 632 in
3069 580 3206 633 alios
3269 580 3518 637 incurre-

1936 664 2087 732 bant,
2107 674 2162 720 et
2192 682 2386 722 manus
2416 668 2835 737 protendebant.
2869 669 3101 735 Quidam
3126 672 3244 741 ejus
3274 673 3522 741 barbam,

1936 757 2186 811 nonnulli
2234 768 2442 813 vestem
2475 760 2964 830 apprehendebant
3000 780 3012 816 :
3066 778 3258 834 parum
3289 765 3524 835 denique

1936 850 2127 904 aberat
2151 850 2283 920 quin
2300 852 2481 906 virum
2502 852 2898 923 discerperent,
2921 854 3025 908 nisi
3049 856 3403 912 admirandus
3420 858 3526 930 Sy-

1937 956 2096 996 meon
2131 958 2196 996 ex
2224 941 2334 997 alto
2363 958 2555 999 vocem
2611 944 2896 1000 extulisset
2928 946 3040 1001 :ita
3071 948 3219 1007 enim
3248 948 3528 1004 inordina-

1938 1042 2023 1097 tos
2052 1033 2266 1089 illorum
2326 1035 2565 1105 impetus
2594 1036 2954 1106 compescuit,
3012 1046 3071 1091 ut
3099 1053 3292 1094 omnes
3337 1041 3524 1095 statim

1936 1133 2305 1193 mutarentur,
2359 1133 2523 1196 atque
2551 1126 2620 1182 ad
2661 1127 3071 1198 percipiendam
3124 1131 3351 1200 gratiam
3397 1146 3523 1187 cum

1935 1218 2084 1275 omni
2116 1218 2383 1275 modestia
2407 1219 2756 1286 accederent,
2803 1235 2869 1277 ac
2892 1220 3077 1276 divino
3108 1221 3324 1277 lavacro
3352 1224 3528 1293 tinge-

1937 1316 2146 1361 rentur.
2198 1307 2276 1363 Ita
2334 1309 2455 1378 ejus
2486 1308 2685 1381 linguae
2716 1309 2826 1376 fax,
2858 1319 2914 1364 et
2944 1319 3153 1366 terrere
3177 1327 3313 1381 quos
3342 1314 3523 1377 vellet,

1936 1408 1991 1453 et
2029 1398 2339 1455 illuminare
2389 1410 2599 1472 poterat
2642 1419 2657 1465 ;
2721 1410 3014 1473 utrumque
3062 1404 3210 1459 enim
3272 1405 3527 1461 fraternae

1936 1489 2127 1545 salutis
2154 1507 2317 1546 causa
2350 1494 2662 1561 praestabat.
2709 1495 2785 1549 De
2814 1495 3014 1550 divinis
3054 1496 3342 1565 praeceptis
3390 1512 3527 1551 con-

1937 1580 2121 1633 tinuas
2166 1581 2551 1636 meditationes
2584 1583 2925 1639 instituebat.
2968 1583 3170 1639 Verum
3236 1602 3413 1655 neque
3468 1587 3524 1641 in

1942 1670 2138 1725 borum
2203 1672 2552 1727 observantia
2626 1674 2747 1743 ejus
2803 1674 3118 1745 quiescebat
3180 1675 3447 1730 industria
3508 1697 3521 1732 :

237 1768 289 1819 εξ
325 1769 400 1837 μή
431 1785 482 1819 τι
517 1744 746 1830 idem;
777 1744 991 1820 οἴκοθεν
1036 1744 1341 1838 προσθήσοι
1382 1768 1477 1821 καὶ
1526 1766 1687 1820 πλέον
1736 1766 1829 1834 ζη-

1937 1764 2041 1818 nisi
2092 1764 2238 1818 enim
2298 1763 2429 1834 quid
2486 1766 2722 1835 amplius
2753 1766 2839 1820 bis
2889 1767 3211 1830 addidisset,
3241 1782 3349 1821 non
3399 1770 3525 1823 vul-

240 1861 374 1928 μίαν
398 1861 460 1913 οὐ
486 1859 585 1931 τὴν
613 1859 883 1932 τυχοῦσαν
911 1859 1237 1931 ἡγούμενος,
1269 1859 1441 1923 οὕτως
1468 1859 1737 1930 ἀνενδὸτῳ
1764 1863 1828 1930 τῇ

238 1952 450 2022 σπουδῇ
479 1953 678 2027 ἔχρῆτο
698 1952 795 2007 καὶ
824 1950 967 2009 οὕτω
993 1953 1129 2022 πρὸς
1155 1950 1330 2005 ταῦτα
1352 1951 1613 2005 διέκειτοῐ

312 2045 415 2098 κδ’.
485 2045 703 2114 ’Δμέλει
764 2045 870 2116 γὰρ
907 2047 1003 2098 καὶ
1056 2043 1272 2115 πατέρα
1337 2044 1459 2114 μὲν,
1504 2044 1577 2106 ὡς
1609 2045 1636 2096 6
1675 2043 1828 2111 λόγος

237 2136 458 2206 φθάσας
494 2136 754 2209 ἐδήλωσε.
784 2136 1102 2193 καταλείπει
1130 2137 1224 2190 καὶ
1257 2136 1492 2208 μητέρα,
1523 2136 1601 2207 τῷ
1631 2136 1828 2191 ποθουο

238 2233 392 2303 μένῳ
426 2231 481 2284 δὲ
519 2232 822 2298 ἀκολουθεῖ,
861 2234 953 2286 καὶ
987 2233 1111 2294 ὅλος
1145 2231 1240 2285 τοῦ
1272 2233 1407 2301 πρὸς
1440 2235 1603 2287 αὑτὸν
1629 2233 1830 2304 ἔρωτος

235 2324 475 2393 γίνεται,
524 2325 551 2378 ὃ
584 2325 682 2393 τῆς
714 2325 1053 2396 Δεσποτικῆς
1095 2326 1315 2397 ἐντολῆς
1346 2330 1464 2380 ἐστι
1494 2328 1556 2380 τὸ
1599 2329 1830 2399 ἀκρότα-

234 2436 331 2469 τον
356 2435 371 2450 ·
423 2418 563 2489 πλὴν
597 2417 736 2471 ἀλλὰ
766 2422 863 2471 καὶ
894 2418 1055 2471 τοῦτο
1086 2418 1444 2488 προστίθησιν
1475 2421 1568 2489 ἀφ’
1610 2420 1825 2475 ἑαυτοῦ.

245 2511 427 2563 Ἐπτά
456 2512 565 2582 γάρ
590 2512 684 2564 καὶ
714 2513 920 2597 εἴκοσιν
946 2511 1085 2565 ἐτῶν
1114 2513 1529 2580 διαγεγονότων,
1562 2515 1654 2584 ἀφ’
1681 2510 1743 2568 οὗ
1764 2517 1827 2590 δὴ

237 2601 459 2672 φύσεώς
487 2621 544 2655 τε
576 2603 811 2674 θεσμοὺς
850 2606 943 2658 καὶ
975 2605 1043 2658 τά
1066 2608 1125 2659 ὲν
1149 2606 1229 2675 τῷ
1259 2606 1449 2677 κόσμῳ
1471 2607 1650 2662 πάντα
1677 2610 1705 2663 6
1729 2612 1830 2663 ὑπ-

232 2694 539 2765 ιρκόσμιος
568 2690 722 2775 οὗτος
748 2696 1049 2767 ἠρνήσατο,
1083 2697 1143 2750 τὸ
1172 2698 1417 2766 ἔμφυτον
1448 2701 1481 2768 ἡ
1514 2700 1700 2767 μήτηρ
1731 2698 1827 2767 τῆς

238 2788 633 2858 φιλοστοργίας
672 2789 784 2860 πῦρ
811 2790 905 2842 καὶ
928 2790 1221 2862 ἐγκάρδιον
1246 2791 1325 2843 ἔτι
1357 2795 1467 2849 τοῖς
1496 2792 1827 2860 σπλάγχνοις

236 2877 507 2943 φέρουσα,
546 2879 640 2929 καὶ
694 2879 765 2947 μή
812 2878 985 2942 ἄλλως
1020 2882 1361 2934 κατασϐέσαι
1406 2882 1681 2952 δυναμένη
1729 2881 1827 2950 τὴν

238 2969 439 3041 ςλὸγα,
500 2970 654 3040 παρά
707 2972 798 3023 τὸν
843 2974 902 3024 ὲν
961 2974 1128 3043 σαρκὶ
1177 2975 1364 3026 τοῦτον
1419 2975 1659 3045 άσαρκον
1713 2976 1827 3026 υἱὸν

1934 1871 2061 1924 gare
2089 1855 2349 1910 damnum
2368 1856 2736 1913 existimasset
2763 1875 2777 1913 ι
2804 1867 2912 1914 tam
2942 1860 3226 1916 irremisse
3257 1852 3519 1917 utebatur

1935 1948 2137 2008 studio.
2164 1957 2219 2001 et
2250 1957 2357 2002 tam
2378 1949 2655 2005 indefesso
2690 1950 2743 2004 in
2770 1951 2856 2006 his
2882 1953 3142 2009 omnibus
3158 1962 3276 2008 erat
3296 1954 3516 2009 animo!

2003 2038 2092 2093 24.
2122 2040 2189 2094 Et
2214 2047 2428 2110 patrem
2464 2040 2706 2110 quidem,
2748 2041 2828 2095 uti
2863 2042 3012 2111 prius
3041 2044 3271 2098 relatum
3297 2054 3399 2113 est,
3425 2046 3523 2102 sed

1932 2140 1982 2184 et
2018 2141 2248 2186 matrem
2276 2132 2517 2202 reliquit,
2547 2133 2621 2186 illi
2649 2133 2748 2188 soli
2779 2148 2943 2203 quem
2974 2136 3521 2203 amabatadhaerens,

1932 2222 2161 2294 ejusque
2191 2224 2361 2278 amori
2393 2232 2538 2279 totus
2572 2223 2884 2291 intendens,
2918 2227 3060 2296 quod
3092 2225 3356 2281 Dominiei
3380 2245 3524 2299 prte-

1932 2316 2075 2385 cepti
2107 2324 2272 2385 caput
2301 2323 2401 2369 est.
2438 2316 2545 2371 Sed
2566 2325 2618 2371 et
2638 2315 2767 2371 illud
2794 2316 2861 2371 ad
2888 2328 3085 2372 etetera
3113 2334 3179 2372 ex
3213 2318 3393 2389 seipso
3422 2321 3522 2375 ad-

1931 2408 2088 2464 didit.
2121 2405 2345 2478 Septem
2387 2416 2442 2462 et
2478 2402 2677 2481 viginti
2700 2408 2813 2480 (22)
2843 2409 2954 2479 jam
2988 2408 3124 2479 lapsi
3167 2418 3325 2463 erant
3370 2410 3522 2477 anni,

1931 2518 1996 2556 ex
2026 2517 2133 2572 quo
2171 2509 2380 2555 naturae
2409 2502 2577 2573 leges,
2624 2518 2855 2573 quaeque
2893 2502 2950 2556 in
2988 2503 3195 2557 mundo
3246 2513 3392 2570 sunt,
3441 2505 3525 2558 vir

1932 2592 2023 2647 hic
2049 2592 2253 2646 mundo
2282 2590 2550 2645 excelsior
2580 2591 2926 2647 abdicaverat
2960 2610 2973 2647 :
3008 2608 3131 2647 cum
3173 2609 3301 2647 ecce
3324 2604 3520 2659 mater,

1930 2687 2179 2738 innatum
2217 2683 2391 2738 filialis
2426 2682 2657 2739 affectus
2685 2685 2866 2756 ignem
2894 2685 3037 2739 intra
3057 2686 3265 2741 viscera
3290 2703 3386 2741 sua
3426 2702 3522 2758 ge-

1932 2793 2077 2843 rens,
2115 2794 2292 2847 neque
2321 2778 2477 2832 aliter
2508 2779 2696 2832 valens
2739 2778 3011 2843 flammam
3042 2780 3419 2849 exstinguere,
3451 2779 3518 2832 ad

1931 2870 2098 2924 filium
2132 2886 2291 2938 suurn
2322 2870 2474 2935 abiit,
2501 2871 2680 2924 adhuc
2707 2870 2761 2924 in
2792 2886 2959 2924 carne
2985 2869 3105 2924 sine
3138 2886 3304 2923 carne
3336 2871 3522 2924 viven-

1932 2974 2040 3018 tem
2074 2963 2168 3030 (ita
2204 2978 2290 3018 me
2312 2963 2379 3017 de
2404 2978 2471 3017 eo
2518 2964 2666 3032 loqui
2697 2963 2833 3019 ratio
2864 2953 3028 3034 cogit)
3065 2964 3294 3033 cupiens
3341 2962 3514 3018 filium

236 3064 459 3121 ἄπεισιν
498 3062 692 3131 (οὕτως
717 3063 825 3133 γὰρ
860 3066 887 3115 6
921 3064 1078 3133 λόγος
1109 3068 1284 3118 εἰπεῖν
1334 3067 1602 3136 βιάζεται)
1645 3070 1827 3139 γλιχο-

1935 3058 2160 3124 intueri,
2202 3067 2257 3112 et
2306 3057 2425 3126 ejus
2455 3057 2560 3111 frui
2589 3058 2881 3128 colloquio.
2922 3072 3030 3126 quo
3077 3067 3229 3111 tanto
3276 3066 3521 3127 tempore

236 3153 379 3223 μένη
410 3154 504 3206 καὶ
526 3154 649 3222 ὄψιν
681 3155 809 3208 ἰδεῖν
833 3155 927 3208 τοῦ
955 3157 1166 3220 παιδὸς,
1197 3157 1291 3209 καὶ
1324 3159 1541 3229 ὁμιλίας
1574 3162 1824 3222 ἀκοῦσαι,

234 3238 308 3315 ἧς
346 3246 438 3298 ἐπὶ
464 3246 722 3301 τοσοῦτον
757 3250 1105 3319 ἀπεστέρητο
1141 3251 1354 3321 χρόνον.
1408 3254 1464 3305 'U
1498 3253 1553 3306 δὲ
1593 3255 1692 3323 τῆς
1725 3273 1828 3324 μη-

234 3335 369 3405 τρδς
406 3335 593 3404 μαθὼν
623 3338 723 3407 τὴν
754 3339 1052 3409 ἐπιδημίαν
1082 3340 1185 3409 ὂρα
1215 3342 1331 3404 πῶς
1362 3343 1573 3412 μερίζει
1608 3345 1701 3396 καὶ
1732 3344 1829 3415 τὴν

235 3431 408 3497 τιμὴν
432 3430 497 3499 τῇ
542 3430 735 3500 μητρὶ,
778 3432 875 3483 καὶ
910 3430 989 3502 τῷ
1020 3432 1121 3502 τὴν
1161 3432 1385 3503 ἐντολὴν
1430 3434 1829 3505 ὑπερϐάλλοντι

236 3517 391 3587 νῖμῳ
430 3517 490 3569 τὸ
536 3519 752 3574 ἄλυτον.
786 3521 863 3573 Οὐ
913 3522 1285 3594 παραδέχεται
1335 3524 1436 3595 μὲν
1479 3525 1575 3594 τὴν
1635 3544 1829 3580 συντυ-

236 3608 384 3679 χέαν,
422 3596 789 3684 διαπέμπεται
814 3612 870 3665 δὲ
908 3614 1044 3686 πρὸς
1074 3617 1241 3688 αὐτὴν
1266 3617 1443 3687 λέγων
1470 3636 1481 3649 ·
1524 3618 1615 3674 «El
1651 3622 1755 3687 σοὶ,
1785 3617 1831 3676 ὧ

239 3703 443 3773 μῆτερ,
477 3702 646 3773 δοκεῖ,
680 3705 779 3777 τὴν
812 3705 1060 3778 ἀλλήλων
1092 3707 1221 3762 θέαν
1274 3710 1350 3780 τῷ
1407 3711 1621 3766 ἐκεῖθεν
1672 3715 1831 3770 αίῶνι

234 3794 658 3867 ταμιευσόμεθα
681 3810 697 3825 ⁸
738 3799 834 3850 καὶ
864 3800 1024 3870 εἰπερ
1059 3800 1351 3871 εὐάρεστος
1381 3802 1501 3873 Θεῷ
1541 3806 1756 3870 πάντως
1795 3808 1829 3879 ή

239 3885 489 3939 πολιτεία
554 3886 736 3958 ήμῶν,
793 3888 935 3961 μετὰ
985 3890 1084 3962 τὴν
1141 3892 1394 3945 ἐντεῦθεν
1445 3894 1714 3965 ἐκδημίαν
1772 3899 1830 3952 ὲν

235 3980 464 4051 Χριστῷ
499 3982 769 4053 ἀλλήλους
799 3983 1068 4054 ὀψόμεθα,
1092 3985 1273 4056 πολλῷ
1299 3986 1626 4058 οἰκειότερόν
1649 4007 1709 4044 τε
1737 3993 1831 4045 καὶ

236 4074 729 4147 γνωριμώτερον.»
764 4077 870 4130 Καὶ
900 4078 927 4129 ὁ
955 4078 1053 4147 μὲν
1079 4079 1283 4147 ἐμήνυε
1316 4078 1489 4132 ταῦτα
1531 4082 1626 4134 καὶ
1650 4084 1832 4138 ὑπετί-

235 4164 325 4219 θει
359 4180 372 4193 ’
400 4166 525 4218 ἐπεὶ
555 4166 612 4219 δὲ
645 4169 745 4237 τὴν
792 4168 1008 4238 μητέρα
1064 4171 1095 4238 ή
1141 4169 1237 4241 τὴν
1294 4169 1475 4241 ψυχὴν
1529 4174 1828 4228 ἐκκαίουσα

238 4260 377 4328 φλὸξ
408 4260 701 4312 αἰσθέσθαι
748 4261 856 4313 τῶν
914 4262 1225 4332 λεγομένων
1275 4264 1374 4317 οὐκ
1423 4266 1533 4330 εἴα,
1576 4268 1689 4320 ἀλλ’
1734 4271 1832 4321 ἐπ-

236 4354 403 4420 έμενε
446 4352 530 4404 ἔτι
583 4352 681 4421 τὴν
726 4352 1025 4423 ἐπιθυμίαν
1058 4354 1507 4425 προϐαλλομένης
1533 4358 1629 4427 τῆς
1660 4358 1787 4422 θέας
1813 4376 1825 4389 ·

1932 3156 2203 3203 caruerat.
2258 3148 2378 3219 ipse
2406 3163 2537 3202 vero
2581 3148 2858 3203 intellecto
2888 3147 3079 3201 matris
3105 3147 3364 3209 adventu,
3396 3147 3520 3201 vide

1929 3239 2208 3310 quomodo
2224 3249 2279 3293 et
2309 3237 2466 3293 matri
2488 3239 2753 3292 honorem
2779 3239 3014 3308 partitus
3043 3236 3132 3302 sit,
3166 3246 3219 3290 et
3251 3247 3523 3307 prtecepto

1931 3332 2276 3387 satisfecerit.
2313 3333 2444 3403 Ejus
2476 3347 2831 3403 congressum
2880 3331 3097 3402 quidem
3132 3346 3241 3385 non
3282 3331 3517 3397 admisit,

1930 3441 2121 3480 verum
2146 3426 2262 3480 hazc
2293 3425 2343 3480 ei
2368 3425 2531 3495 jussit
2558 3425 2863 3479 renuntiari
2891 3444 2903 3478 :
2930 3423 2987 3479 Si
3020 3425 3136 3489 tibi,
3170 3441 3203 3479 ο
3227 3434 3421 3488 mater,
3450 3429 3522 3478 ita

1930 3517 2109 3572 visum
2145 3516 2334 3579 fuerit,
2389 3526 2640 3570 mutuum
2693 3525 2974 3585 aspectum
3040 3516 3095 3569 in
3148 3516 3294 3569 aliud
3342 3532 3519 3571 :evum

1930 3610 2370 3677 reservabimus;
2404 3616 2459 3664 et
2508 3609 2553 3664 si
2599 3610 2822 3678 quidem
2855 3618 3003 3680 grata
3042 3608 3206 3663 fuerit
3247 3608 3356 3663 Deo
3385 3624 3523 3663 con-

1930 3700 2167 3756 versatio
2199 3710 2404 3766 nostra,
2449 3709 2737 3771 postquam
2771 3699 2901 3754 hinc
2940 3690 3435 3770 emigraverimus,'
3465 3700 3517 3753 in

1931 3792 2151 3847 Christo
2175 3791 2409 3847 invicem
2437 3793 2610 3846 multo
2642 3791 2962 3847 familiarius
2992 3792 3304 3860 clariusque
3368 3793 3523 3845 vidc-

1930 3884 2133 3941 bimus.
2164 3882 2289 3939 Htec
2311 3884 2379 3938 ad
2426 3899 2545 3937 eam
2572 3883 2763 3937 referri
2814 3884 2998 3952 jussit.
3032 3882 3137 3937 Sed
3192 3899 3314 3937 cum
3349 3893 3523 3949 mater

1930 3993 2044 4049 prae
2072 3975 2275 4030 amoris
2310 3974 2548 4038 flamma,
2576 3974 2812 4027 animam
2873 3974 3021 4028 intus
3080 3983 3364 4033 exurente,
3401 3990 3524 4041 qua:

1933 4069 2076 4123 dicta
2136 4068 2354 4121 fuerant
2410 4084 2517 4121 non
2552 4067 2932 4126 intellexisset.
2986 4066 3081 4119 sed
3108 4065 3284 4118 adhuc
3314 4064 3407 4117 filii
3441 4064 3524 4116 vi-

1932 4161 2095 4216 dendi
2130 4160 2400 4214 desiderio
2430 4159 2719 4230 flagraret;
2779 4158 2888 4229 Ego
2926 4159 3168 4227 quidem,
3206 4157 3390 4211 denuo
3426 4173 3524 4225 per

1932 4251 2187 4323 nuntium
2233 4251 2326 4313 ait,
2360 4267 2391 4305 0
2422 4262 2614 4313 mater,
2667 4251 2808 4320 quod
2842 4250 3060 4319 utrique
3096 4260 3347 4303 nostrum
3384 4266 3512 4302 conv

1933 4342 2160 4396 veniens
2193 4352 2275 4395 est
2300 4344 2513 4396 mallem
2535 4343 2822 4396 admittere
2857 4354 2927 4405 te,
2960 4358 3136 4411 neque
3165 4344 3233 4395 ita
3270 4351 3519 4395 nmmum

234 4445 383 4512 Ἐγὼ
408 4438 595 4515 μὲν,ὧ
622 4445 882 4515 μῆτερ,τὸ
922 4446 1175 4512 δεύτερον
1233 4447 1370 4519 αὐτῇ
1399 4449 1613 4517 μηνύει,
1648 4451 1739 4504 καί
1772 4468 1828 4502 σε

1938 4449 2288 4503 congressum
2344 4450 2554 4504 urgere.
2623 4435 2916 4504 Postquam
2991 4452 3120 4489 vero
3179 4446 3396 4497 cuneta,
3463 4447 3522 4488 ut

230 4539 299 4590 τὸ
357 4541 516 4609 κοινῇ
577 4543 857 4609 συμφέρον
921 4538 1202 4609 ἑκατέροις
1251 4541 1385 4607 ἡμῖν
1464 4541 1831 4605 ἀποδέξασθαι

234 4632 443 4701 μᾶλλον
479 4630 752 4701 ἡγούμην,
800 4632 895 4685 καὶ
927 4632 1028 4684 οὐκ
1067 4630 1133 4685 ἂν
1166 4630 1311 4683 οὕτω
1361 4633 1682 4697 κατεπεῖξαι
1732 4636 1830 4707 τὴν

232 4725 558 4795 συντυχίαν.
606 4725 824 4794 Ἐπειδὴ
855 4724 911 4777 δὲ
950 4728 1046 4794 τῆς
1084 4726 1182 4794 σῆς
1212 4725 1287 4788 ὡς
1314 4723 1426 4794 ὁρῶ
1456 4724 1688 4795 δεύτερά
1724 4729 1828 4780 είσι

231 4817 421 4871 πάντα
444 4817 710 4888 ἐφέσεως,
748 4817 886 4880 τέως
926 4818 1023 4887 μὲν
1063 4817 1297 4888 ἡσυχίαν
1328 4817 1483 4884 ἄγειν
1533 4820 1824 4889 προσήκει.

236 4908 494 4980 Ὅψομαι
517 4908 572 4961 δέ
609 4925 665 4960 σε
706 4908 822 4979 μετ’
851 4909 1052 4977 ὀλίγον,
1085 4908 1243 4962 τοῦτο
1273 4909 1382 4977 γὰρ
1411 4910 1556 4976 ἔδοξε
1582 4911 1659 4980 τῷ
1684 4912 1825 4982 Θεῷ.

244 5000 317 5054 Ἦ
350 4997 444 5054 οὖν
484 5001 672 5071 μήτηρ
711 5000 784 5065 ὼς
822 5000 1017 5072 ἥδιστά
1054 5018 1115 5053 τε
1166 5002 1261 5054 καὶ
1320 5002 1683 5057 εὐκταιότατα
1732 5004 1830 5077 τὴν

229 5090 562 5164 ὑπότχεσιν’
599 5091 902 5164 δεξαμένη,
963 5092 1298 5165 μετεώριστο
1348 5094 1441 5147 ὑπ’
1502 5095 1673 5165 αὐτῆς
1731 5097 1830 5166 τήν

224 5185 436 5256 ψυχὴν,
463 5185 561 5238 καὶ
596 5186 717 5248 ταῖς
754 5184 967 5237 ὲλπίσιν
992 5184 1224 5253 εὐθύμει
1257 5185 1350 5238 καὶ
1374 5185 1617 5257 ἔχαιρεν,
1645 5186 1739 5256 ὅλη
1772 5205 1829 5239 τε

223 5276 330 5330 τοῦ
363 5278 656 5349 μέλλοντος
694 5272 783 5348 ἦν,
828 5278 923 5330 καὶ
970 5278 1195 5348 μονονοὺ
1241 5279 1486 5351 παρόντα
1515 5278 1605 5331 τὸν
1659 5279 1821 5333 παῖδα

224 5372 388 5442 ὖρῇίν,
416 5371 512 5424 καὶ
545 5370 899 5439 περιϐάλλειν
933 5375 1025 5423 καὶ
1056 5369 1561 5441 προσπτύσσεσθαι,
1598 5374 1689 5425 καὶ
1721 5372 1821 5438 τῆς

223 5462 401 5519 αὐτοῦ
433 5464 625 5533 φωνῆς
657 5463 880 5516 ἀκούειν
910 5463 1109 5517 ἐδόκει.
1164 5464 1251 5515 Ἑν
1293 5465 1404 5527 ὅσῳ
1425 5463 1480 5517 δὲ
1511 5465 1681 5518 ταῦτα
1707 5466 1826 5518 τοῦ·

218 5571 325 5610 τον
352 5552 470 5626 εἶχε
498 5556 593 5608 τὸν
628 5555 827 5613 τρόπον
854 5573 869 5587 ·
904 5555 1272 5627 καταστρέφει
1308 5555 1408 5624 μὲν
1438 5555 1683 5624 ἄφνωτον
1710 5556 1823 5623 βίον

302 5736 417 5809 (’22)
462 5735 591 5790 llaec
624 5736 693 5789 dc
723 5746 895 5791 matre
920 5735 1144 5792 historia
1194 5736 1346 5791 deest
1377 5734 1742 5790 'fheodoreto.

1934 4526 2114 4591 video,
2169 4526 2311 4577 votis
2361 4527 2468 4581 tuis
2512 4528 2811 4594 posteriora
2838 4528 3014 4591 ducis,
3046 4537 3204 4581 antea
3237 4544 3320 4581 me
3363 4530 3490 4597 quie

1876 4634 1881 4641 '
1934 4632 2087 4672 scere
2119 4628 2353 4687 oportet.
2394 4617 2470 4671 Te
2501 4635 2630 4672 vero
2660 4618 2809 4673 brevi
2842 4620 3038 4673 videbo
3072 4635 3085 4671 :
3118 4619 3189 4671 ita
3221 4620 3366 4673 enim
3408 4624 3516 4671 Deo

1928 4711 2107 4765 visum
2140 4720 2243 4765 est.
2276 4712 2467 4774 Mater,
2522 4727 2737 4766 summa
2790 4727 2911 4765 eum
2944 4713 3222 4780 voluptate
3256 4730 3319 4766 ac
3380 4716 3514 4767 desi-

1930 4801 2082 4856 derio
2105 4800 2467 4871 promissione
2499 4810 2801 4870 acceptata,
2834 4800 3078 4880 animum
3114 4803 3308 4862 erexit.
3336 4814 3389 4855 et
3418 4818 3515 4871 spe

1931 4912 2012 4967 rei
2069 4912 2266 4966 fnturze
2308 4922 2518 4967 tantum
2580 4912 2764 4984 gavisa
2805 4928 2869 4966 ac
2936 4913 3233 4967 exliilarata
3298 4913 3419 4975 fuit,
3458 4922 3519 4967 ut

1931 5001 2101 5056 filium
2133 5017 2303 5072 prope
2350 5002 2462 5071 jam
2511 5012 2838 5071 prmsentem
2896 5003 3105 5067 videre,
3130 5018 3365 5072 eumque
3402 5019 3519 5056 am-

1926 5096 2095 5175 plecti
2143 5111 2209 5150 ac
2238 5096 2498 5156 osculari,
2536 5095 2773 5165 denique
2796 5096 2906 5164 jam
2933 5096 3053 5164 ejus
3102 5109 3292 5148 vocem
3327 5094 3519 5148 audire

1932 5189 2228 5242 videretur.
2262 5187 2370 5243 Res
2412 5187 2559 5242 hunc
2602 5188 2811 5242 exitum
2853 5188 3047 5243 sortita
3075 5194 3179 5241 est.
3211 5186 3305 5240 llla
3353 5186 3519 5255 paulo

1933 5288 2060 5351 post
2096 5280 2260 5351 vitam
2295 5279 2489 5346 finivit,
2543 5280 2894 5351 animamque
2949 5280 3059 5334 Deo
3110 5278 3353 5339 tradidit,
3395 5291 3516 5345 quae

1933 5372 2061 5428 felix
2096 5381 2151 5426 et
2173 5372 2329 5428 beata
2363 5372 2419 5426 in
2450 5373 2560 5430 vita
2594 5372 2791 5439 fuerat,
2818 5373 2988 5428 multo
3024 5372 3125 5427 sub
3170 5371 3346 5425 linem
3389 5368 3518 5424 feli-

1935 5466 2070 5530 cior,
2097 5466 2243 5537 quod
2271 5465 2394 5521 talis
2418 5464 2510 5520 ﬁlii
2558 5476 2730 5521 mater
2751 5466 3043 5531 audiverit,
3085 5463 3359 5533 tantisque
3405 5463 3518 5515 vir-

1938 5558 2148 5612 tutibus
2179 5566 2429 5613 ornatum
2459 5568 2581 5627 post
2605 5574 2662 5612 se
2698 5557 3005 5627 reliquerit.
