3868 6494
308 378 321 389 δ
374 300 487 369 διδ

1576 306 1863 368 MENSIS
1902 298 2361 367 JANUABIUS.

3535 307 3637 373 3'56

353 403 585 493 ἐκείνη,
610 420 705 475 καὶ
727 420 824 492 τὴν
849 420 1026 491 ψυχὴν
1051 418 1128 491 τῷ
1152 417 1269 490 Θεῷ
1300 420 1673 491 προστίθεται,
1713 420 1963 491 μακαρία
1998 420 2091 473 τὸν
2125 420 2235 491 βίον
2300 420 2372 482 ὼς
2401 418 2637 490 άληθῶς,
2699 420 2877 492 πολλῷ
2898 421 2993 475 τοῦ
3016 422 3205 487 τέλους
3228 425 3636 498 μακαριωτέρα,

375 516 458 571 δτι
498 517 741 570 τοιούτου
780 515 970 579 παιδὸς
1004 516 1205 587 ἤκουσε
1253 518 1458 586 μήτηρ,
1508 517 1603 570 καὶ
1653 517 1732 578 είς
1782 515 1942 569 τοῦτο
1984 516 2187 585 ἀρετῆς
2216 515 2441 568 ἐλθόντα
2492 515 2584 569 τὸν
2624 517 2740 568 υἱὸν
2771 516 3176 572 καταλέλοιπεν.

448 610 540 664 25.
569 608 793 663 Divinus
817 623 949 663 vero
976 608 1213 679 Symeon
1237 608 1380 662 intra
1413 609 1695 664 mandram
1724 609 1819 679 (ita
1872 624 1966 662 co—

2142 614 2241 662 κε’.
2285 608 2345 661 Ὀ
2371 606 2513 670 θεῖος
2542 609 2600 661 δὲ
2624 608 2852 679 Συμεὼν
2886 609 2980 663 τὸν
3007 609 3214 680 ταύτης
3252 610 3444 681 νεκρὸν
3481 614 3539 666 ἐν
3566 614 3642 685 τῷ

376 702 576 756 lumnae
603 702 841 755 ambitus
860 702 1172 770 vocabatur)
1205 703 1324 772 ejus
1349 715 1550 771 corpus
1567 699 1756 755 inferri
1779 698 1965 770 jussit,

376 804 494 847 erat
527 793 670 847 enim
696 793 905 848 circum
936 793 1247 848 columnam
1308 808 1500 847 murus
1534 793 1855 857 aedificatus,
1910 800 1970 844 ut

378 887 699 942 mulieribus
752 886 964 957 ingredi
997 885 1081 940 fas
1108 901 1217 940 non
1259 895 1429 941 esset.
1478 884 1772 954 Postquam
1806 883 1970 953 igitur

376 994 550 1034 mater
586 980 734 1034 illata
770 988 946 1043 esset;
989 979 1122 1034 vidit
1154 995 1275 1034 eam
1308 979 1472 1043 ﬁlius,
1506 975 1967 1048 quemadmodum

374 1074 530 1144 prius
556 1076 666 1144 poll
690 1076 832 1129 citus
867 1072 1047 1128 fuerat
1080 1091 1094 1129 :
1125 1074 1211 1129 cui
1247 1083 1536 1145 postquam
1573 1081 1837 1127 consueta
1863 1071 1970 1125 im-

375 1164 589 1231 pendit,
643 1178 946 1233 precesque
1005 1178 1106 1233 pro
1158 1179 1221 1218 ea
1254 1163 1412 1225 fudit,
1451 1163 1605 1233 juxta
1659 1162 1972 1218 columnam

377 1255 672 1324 sepultura:
723 1256 1023 1312 mandavit.
1074 1254 1151 1310 Ita
1200 1257 1359 1310 matri
1408 1256 1651 1311 debitum
1702 1255 1969 1309 honorem

376 1346 688 1414 impertitus
752 1357 877 1413 est,
938 1358 993 1403 et
1044 1347 1389 1403 Dominicum
1462 1353 1796 1419 praeceptum
1858 1360 1969 1401 non

378 1449 590 1493 tantum
650 1441 968 1508 custodivit,
1028 1442 1124 1498 sed
1160 1449 1213 1497 et
1246 1444 1467 1513 proprio
1492 1440 1741 1512 profectu
1769 1454 1970 1511 augere

378 1543 639 1600 perrexnt.

2065 702 2166 771 τῆς
2218 701 2458 770 μάνδρας
2518 701 2699 772 (τοῦτο
2729 702 2840 773 γὰρ
2885 703 2914 755 δ
2963 700 3059 754 τοῦ
3111 702 3305 756 στύλου
3362 703 3642 774 περίϐολος

2069 793 2341 864 ἐκαλεῖτο)
2378 795 2755 864 εἰσενεχθῆναι
2787 797 3137 866 προστάττει,
3186 797 3644 868 περιῳκοδομεὴο

2066 885 2176 955 γάρ
2199 903 2251 938 τι
2287 884 2553 938 πάντοθεν
2581 885 2785 955 τειχίον
2824 885 2901 956 τῷ
2927 885 3087 952 κίονι,
3112 884 3254 938 ὥστε
3295 886 3369 955 μὴ
3405 884 3643 954 γυναιξὶν

2065 978 2339 1045 είσιτητδν
2384 975 2540 1030 εἶναι.
2593 977 2959 1048 Είσαχθείσης
3013 976 3307 1050 τοιγαροῦν
3361 977 3511 1047 αὐτῷ
3547 978 3646 1047 τῆς

2076 1069 2315 1141 μητέρος
2337 1069 2692 1138 τεθνηκυίας,
2722 1070 2985 1124 ἐθεάσατο
3011 1070 3183 1142 αὐτὴν
3210 1070 3353 1124 κατά
3373 1071 3443 1123 τά
3473 1072 3644 1140 ἐπηγ-

2069 1161 2333 1233 γελμένα,
2385 1162 2479 1215 καὶ
2526 1160 2594 1215 τὰ
2645 1162 2876 1217 εἰωθότα
2937 1162 3163 1226 τελέσας
3192 1164 3287 1217 καὶ
3319 1164 3456 1234 αὐτῇ
3489 1164 3648 1215 ἐπευο

2070 1253 2319 1325 ξάμενος,
2352 1252 2520 1306 αὐτοῦ
2550 1270 2656 1306 που
2689 1253 2884 1308 θάπτει
2916 1253 3068 1325 παρά
3116 1254 3195 1324 τῷ
3251 1253 3449 1323 στύλῳ.
3494 1252 3647 1306 Οὖτω

2067 1347 2163 1401 καὶ
2190 1350 2255 1418 τῇ
2298 1348 2465 1418 μητρὶ
2507 1348 2607 1418 τὴν
2644 1348 2809 1420 τιμὴν
2843 1349 3113 1417 ἀπεδίδου,
3141 1349 3237 1402 καὶ
3267 1347 3363 1419 τὴν
3396 1348 3650 1399 Δεσποτι-

2068 1439 2172 1508 κῆν
2206 1440 2429 1511 ἐντολὴν
2453 1441 2552 1493 οὐκ
2579 1443 2659 1505 είς
2679 1441 2834 1505 τέλος
2860 1438 2964 1513 ἦγε
2994 1442 3179 1514 μόνον,
3210 1439 3346 1494 ἀλλὰ
3371 1439 3465 1493 καὶ
3496 1437 3649 1499 ίδίαις

2067 1531 2247 1597 αὔξων
2274 1532 2547 1586 ἐδείκνυτο
2569 1536 2893 1605 προκοπαῖς.

1836 1671 2067 1729 CAPUT
2103 1674 2193 1730 Vl.

1510 1787 1678 1843 Varia
1702 1790 1991 1847 Ismaelitis
2033 1790 2228 1844 collata
2258 1789 2528 1858 beneﬁcia.

448 1899 540 1956 26.
569 1899 776 1958 Exinde
800 1901 999 1957 iterum
1025 1901 1181 1973 quasi
1206 1902 1293 1958 fax
1326 1904 1632 1961 clarissima
1655 1907 1807 1961 omni
1852 1906 1969 1962 vir—

2146 1911 2260 1966 κς’.
2326 1902 2610 1957 Ἐντεῦθεν
2647 1898 2737 1957 οἷά
2794 1919 2879 1966 τις
2942 1900 3151 1973 πυρσὸς
3211 1899 3477 1972 διαφανὴς
3548 1902 3656 1965 ταῖς

380 2003 557 2048 tntum
595 1993 925 2048 ‘eximiarum
966 2010 1168 2065 genere
1225 1997 1570 2067 reSplenduit
1624 2016 1638 2052 :
1673 1999 1874 2068 quibus
1917 2009 1971 2055 et

379 2090 437 2143 in
470 2089 815 2143 densissimis
841 2091 1019 2144 noctis
1066 2091 1330 2155 tenebris,
1359 2091 1623 2161 quasique
1654 2093 1819 2149 maris
1847 2110 1972 2164 pro-

379 2180 555 2245 cellis,
594 2181 889 2250 impietatis
942 2182 1189 2251 inquam,
1217 2179 1484 2252 jacentes,
1518 2185 1586 2238 ad
1617 2200 1807 2239 verum
1840 2186 1967 2240 reli-

380 2270 557 2341 gionis
594 2285 808 2337 portum
857 2274 1191 2343 perducebat
1236 2291 1250 2330 :
1294 2274 1606 2345 multosque
1636 2274 1820 2331 videre
1855 2286 1972 2332 erat

380 2379 486 2433 ope
504 2365 789 2434 Sychnis
819 2366 1116 2421 serenioris
1146 2382 1294 2422 aura:
1320 2364 1713 2435 tranquillitate
1741 2368 1967 2438 perfrui,

384 2455 556 2510 Erant
581 2457 873 2525 aliquando
907 2458 1068 2512 simul
1095 2458 1216 2512 duae
1244 2459 1365 2527 ejus
1399 2459 1534 2529 (25).
1591 2476 1753 2529 quam
1808 2462 1972 2531 paulo

382 2558 510 2602 ante
550 2549 977 2603 commemoravi
1006 2590 1020 2615 ,
1076 2550 1255 2621 gentis
1316 2552 1711 2607 lsmaelitarnm
1760 2553 1968 2619 tribus;

382 2647 615 2708 utraque
647 2640 878 2709 supplex
925 2655 992 2695 ex
1020 2641 1139 2711 ejus
1171 2656 1266 2695 ore
1298 2640 1740 2698 benedictionem
1781 2656 1972 2714 postu-

380 2728 552 2796 labat,
586 2740 645 2786 ut
668 2747 789 2786 eam
816 2734 969 2803 quasi
1026 2734 1229 2788 donum
1260 2735 1657 2804 amplissimum
1693 2752 1793 2791 suo
1844 2736 1974 2807 phy-

382 2823 572 2879 larcbn
602 2823 845 2879 deferret
872 2843 886 2880 :
919 2842 1106 2880 verum
1136 2828 1280 2883 circa
1315 2829 1495 2899 ipsum
1526 2830 1731 2883 donum
1754 2839 1976 2880 conten-

385 2915 460 2971 tio
491 2925 718 2987 repente
780 2932 845 2972 ac
893 2918 1095 2973 seditio
1149 2920 1294 2975 inter
1324 2936 1420 2975 eos
1471 2935 1580 2974 non
1612 2920 1750 2974 levis
1781 2920 1973 2973 oborta

383 3014 500 3071 est;
547 3021 655 3058 una
694 3022 818 3075 pars
852 3022 952 3061 suo
983 3007 1220 3076 primum
1276 3009 1497 3064 tribuno
1530 3010 1971 3064 benedictionem

383 3095 736 3151 deferendam
761 3099 1044 3164 censebat,
1080 3098 1249 3154 altera
1280 3116 1439 3155 suum
1473 3101 1798 3169 praeferebat
1830 3116 1973 3171 prae-

387 3185 622 3254 fectum,
687 3203 751 3243 ac
810 3190 1109 3259 przvripere
1174 3190 1615 3246 benedictionem
1670 3193 1970 3246 nitebatur.

2072 1995 2385 2067 ὐπερφυέσι
2438 1996 2705 2073 πάντοθεν
2763 1997 2987 2066 ἀρεταῖς
3038 1993 3357 2065 ἐκλάμπων,
3411 1995 3541 2057 τούς
3602 1996 3656 2047 ἐν

2072 2089 2447 2161 χαλεπωτάτῳ
2470 2088 2666 2152 νυκτὸς
2694 2087 2926 2142 κλύδωνι
2949 2087 3045 2158 τῆς
3067 2086 3320 2150 ἀσεϐείας
3351 2088 3654 2156 κειμένους,

2072 2182 2262 2255 ὥσπερ
2312 2181 2406 2233 ἐπὶ
2456 2180 2652 2250 λιμένα
2694 2178 2794 2251 τὴν
2847 2177 3131 2231 εὐσέϐειαν
3182 2176 3514 2247 καθωδήγει,
3564 2177 3660 2231 καὶ

2075 2272 2305 2337 πολλοὺς
2374 2268 2442 2343 ἧν
2492 2270 2562 2325 δι’
2588 2271 2754 2325 αὐτοῦ
2785 2271 3029 2342 γαλήνης
3078 2271 3212 2343 ὀρᾷν
3261 2271 3656 2333 ἀπολαύοντας.

2074 2365 2213 2418 Ποτέ
2255 2362 2386 2433 γοῦν
2439 2363 2590 2434 αὐτῷ
2641 2362 2736 2417 δύο
2766 2365 2906 2416 κατά
2938 2363 3135 2416 ταύτὸν
3176 2360 3273 2414 τοῦ
3333 2360 3517 2431 μικρῷ
3572 2378 3658 2429 μοι

2073 2456 2311 2527 πρόσθεν
2363 2458 2654 2527 εἰρημένου
2704 2456 2890 2519 ἔθνους
2938 2455 3048 2508 τῶν
3100 2454 3459 2526 Ἰσμαηλιτῶν
3512 2470 3659 2525 ’παρ⁴⁵

2075 2553 2217 2621 ἦσαν
2273 2547 2480 2617 φυλαί·
2538 2548 2784 2617 λιπαρῶς
2822 2546 3061 2616 ἑκατέρα
3113 2545 3505 2616 προσκειμένη,
3566 2545 3659 2598 καὶ

2074 2641 2173 2712 τὴν
2207 2640 2296 2693 διὰ
2328 2639 2554 2709 χειλέων
2574 2639 2827 2707 εὐλογίαν
2856 2638 3102 2704 αἰτοῦσα,
3132 2637 3275 2690 ὥστε
3295 2637 3466 2707 δῶρον
3490 2637 3659 2709 ἡδέως

2075 2729 2248 2800 αὐτὴν
2275 2729 2355 2798 τῷ
2383 2727 2646 2799 φυλάρχῳ
2678 2727 2907 2797 κομίσαι
2933 2742 2949 2756 ·
2985 2727 3082 2779 καὶ
3111 2729 3240 2794 περὶ
3259 2728 3319 2778 τὸ
3343 2726 3516 2796 δῶρον
3549 2726 3662 2796 ἔρις

2077 2822 2270 2885 αὐταῖς
2312 2821 2575 2890 ἐμπίπτει
2611 2820 2838 2891 σφόδρα,
2884 2823 2979 2873 καὶ
3020 2820 3207 2882 στάσις
3257 2819 3537 2886 ἐγγίνεται
3570 2838 3664 2890 με·

2076 2913 2234 2978 ταξύ.
2280 2913 2342 2967 Ἦ
2378 2914 2475 2983 μὲν
2508 2913 2617 2984 γάρ
2650 2914 2741 2966 τὸν
2772 2915 2973 2966 οἰκεῖον
3006 2912 3161 2981 ἔλεγε
3211 2911 3487 2982 φύλαρχον
3527 2913 3667 2984 χρῆ-

2078 3024 2167 3059 ναι
2222 3008 2488 3076 πρότερον
2543 3004 2829 3070 ἀξιοῦσθαι
2889 3005 2986 3075 τῆς
3034 3005 3283 3071 εὐλογίας
3313 3022 3328 3036 ο
3367 3007 3401 3075 ἡ
3460 3005 3519 3058 δέ
3571 3007 3662 3060 τὸν

2079 3100 2283 3169 ἐαυτῆς
2316 3098 2613 3170 προετίθει,
2648 3099 2743 3151 καὶ⁵
2790 3097 3166 3170 προαρπάζειν
3206 3098 3353 3169 αὐτῷ
3383 3100 3482 3168 τὴν
3514 3097 3666 3150 εὐλοο

2080 3192 2208 3259 γίαν
2236 3190 2590 3255 ἐσπούδαζεν.
2628 3189 2784 3242 Οὕτω
2821 3189 2956 3260 πρὸς
3004 3187 3269 3259 ἀλλήλους
3313 3189 3421 3242 τῶν
3478 3189 3665 3258 φυλῶν

383 3278 574 3350 Itaque
602 3280 857 3337 tribubus
895 3283 1040 3337 inter
1087 3299 1146 3338 se
1184 3284 1595 3349 dissidentibus,
1639 3284 1693 3339 in
1725 3284 1971 3340 barbari-

2078 3283 2487 3353 διαφερομένων
2531 3283 2611 3344 είς
2640 3280 2982 3351 βαρϐαρικὴν
3018 3280 3083 3333 ἂν
3116 3280 3377 3350 ὠμότητα
3437 3281 3470 3349 ἡ
3514 3280 3668 3349 φιλο-

385 3389 505 3428 cam
535 3373 913 3429 crudelitatem
970 3390 1058 3431 res
1115 3377 1409 3447 erupisset,
1468 3376 1572 3431 nisi
1601 3376 1859 3447 Symeon,
1890 3378 1973 3430 vir

386 3464 535 3534 pacis
561 3474 618 3520 et
669 3467 978 3522 concordia:
1026 3468 1471 3535 amantissimus,
1488 3471 1635 3541 gravi
1669 3469 1973 3523 commina-

386 3556 535 3613 tione
561 3558 856 3614 tumultum
881 3560 1131 3616 sedasset
1177 3561 1311 3633 (24),
1344 3573 1400 3617 et
1428 3562 1622 3632 aequali
1658 3562 1973 3632 precatione

382 3656 439 3703 et
494 3648 877 3706 benedictione
934 3652 1212 3721 impertita
1268 3654 1323 3707 in
1357 3670 1491 3724 pace
1530 3669 1626 3708 eos
1652 3653 1971 3709 dimisisset.

384 3740 525 3798 Tum
556 3743 775 3798 demum
836 3744 1086 3809 vidisses,
1133 3745 1288 3815 prius
1343 3745 1613 3810 inﬁdeles,
1666 3762 1730 3801 ac
1784 3755 1975 3801 contra

384 3834 640 3905 pietatem
670 3835 911 3905 linguam
944 3836 1100 3906 quasi
1130 3837 1339 3891 hastam
1373 3838 1671 3903 vibrantes,
1698 3853 1845 3892 nunc
1873 3853 1974 3907 pro

385 3926 489 3982 viri
518 3928 694 3983 sancti
718 3928 1103 3983 benedictione
1139 3929 1344 3999 quaevis
1399 3928 1576 3984 facere
1629 3937 1685 3984 et
1736 3930 1840 3999 pati
1876 3930 1976 3983 eli-

385 4026 578 4087 gentes
630 4016 818 4088 Neque
852 4018 1017 4073 etiam
1043 4018 1099 4072 in
1127 4019 1363 4075 invicem
1405 4020 1479 4075 ita
1509 4020 1834 4085 saeviisscnt,
1863 4022 1971 4077 nisi

386 4109 556 4163 divini
581 4110 746 4179 hujus
776 4110 880 4165 viri
910 4111 1349 4168 benedictionem
1384 4112 1677 4167 maximam
1728 4114 1836 4169 vim
1870 4113 1972 4168 lia-

386 4201 515 4255 bere
546 4201 708 4271 plane
740 4202 1123 4258 credidissent.

457 4292 547 4346 27.
580 4293 733 4349 Nunc
762 4295 899 4349 alius
923 4296 1216 4366 prwfectus
1246 4297 1300 4351 in
1333 4296 1571 4351 medium
1600 4297 1847 4367 prodeat,
1872 4297 1971 4353 Sa-

384 4401 709 4441 racenorum
749 4394 805 4441 et
834 4388 951 4457 ipse
1003 4390 1279 4459 princeps.
1340 4391 1389 4443 ls
1436 4392 1705 4445 aceedens
1753 4407 1970 4447 sacrum

383 4479 517 4534 illud
546 4480 853 4536 obtestatur
884 4490 1067 4552 caput,
1105 4493 1163 4535 ut
1184 4498 1252 4536 ne
1286 4494 1544 4554 gravetur
1576 4484 1826 4553 opitulari
1852 4483 1971 4539 viro

384 4572 439 4626 in
466 4572 551 4627 via
572 4575 834 4627 membris
854 4575 1105 4644 corporis
1135 4576 1314 4631 soluto
1340 4592 1353 4629 :
1381 4575 1597 4631 dicebat
1617 4586 1801 4631 autem
1825 4578 1973 4632 hunc
1998 4609 2053 4670 Ι)

378 4664 536 4734 juxta
583 4664 911 4721 Callinicum
947 4667 1088 4737 (hac
1145 4678 1266 4722 erat
1312 4684 1408 4722 arx
1443 4667 1700 4739 maxima)
1740 4669 1973 4725 subiisse

384 4760 786 4829 aegritudinem,
835 4777 955 4815 eam
982 4777 1112 4816 vero
1135 4761 1189 4815 in
1215 4762 1400 4834 vigore
1443 4771 1499 4817 et
1521 4763 1702 4817 adhuc
1729 4763 1782 4817 in
1816 4779 1979 4817 exor-

381 4851 474 4906 dio
505 4867 657 4919 esse;
685 4865 741 4908 et
762 4855 1010 4909 morbum
1035 4856 1084 4908 ei
1112 4871 1233 4909 esse
1256 4855 1659 4926 gravissimum,
1694 4864 1809 4910 tum
1831 4856 1975 4925 quod

380 4945 744 5000 decumbendi
794 4948 1067 5011 insuetus,
1126 4956 1241 5003 tum
1275 4948 1419 5018 quod
1460 4949 1816 5004 vehementes
1850 4950 1971 5003 illas

379 5038 628 5092 laborum
654 5039 937 5094 molestias
984 5057 1247 5111 superare
1277 5050 1510 5111 optaret.
1536 5042 1663 5097 Haec
1692 5042 1780 5096 ille
1810 5059 1970 5114 roga-

381 5131 505 5197 bat;
551 5130 823 5201 simulque
864 5132 1022 5201 jubet
1076 5133 1360 5188 hominem
1422 5134 1683 5189 membris
1734 5134 1971 5190 fractum

382 5222 676 5289 introduci,
706 5234 870 5293 atque
916 5225 1235 5279 admirando
1274 5224 1531 5297 Symeoni
1561 5226 1783 5294 dignum
1817 5243 1970 5280 com-

384 5313 739 5370 miseratione
790 5317 1162 5386 spectaculum
1220 5317 1472 5387 preponi,
1528 5317 1573 5370 si
1609 5332 1714 5385 qua
1763 5319 1972 5372 ratione

384 5406 506 5477 ipso
536 5407 863 5464 calamitatis
888 5420 1114 5479 aSpectu
1146 5426 1270 5463 eum
1307 5411 1375 5462 ad
1406 5408 1835 5463 misericordiam
1888 5408 1973 5462 in-

2077 3376 2257 3429 νεικία
2282 3375 2493 3438 τούτοις
2519 3372 2822 3445 ἐχώρησεν,
2854 3374 2903 3425 εί
2939 3372 3013 3444 μὴ
3043 3375 3071 3425 ὁ
3102 3373 3203 3439 τῆς
3221 3375 3444 3442 είρήνης
3481 3373 3667 3435 αὐτοῖς

2079 3468 2172 3521 καὶ
2205 3469 2305 3537 τῆς
2347 3465 2602 3536 ὁμονοίας
2657 3464 2944 3535 ἄνθρωπος
2989 3463 3292 3532 ἀπειλήσας
3347 3464 3665 3519 διεσκέδασε

2078 3560 2305 3624 ταύτας,
2338 3561 2433 3613 καὶ
2461 3562 2561 3629 τῆς
2595 3558 2787 3628 ὁμοίας
2819 3556 3058 3622 ἀξιώσας
3085 3557 3253 3626 εὐχῆς
3290 3574 3349 3610 τε
3380 3559 3474 3611 καὶ
3510 3557 3668 3612 εὐλο-

2081 3652 2211 3719 γίας
2242 3652 2517 3704 ἀπέλυσεν
2552 3653 2609 3704 ἐν
2638 3652 2853 3722 εἰρήνῃ.
2905 3650 3014 3703 Καὶ
3052 3651 3155 3719 ὅρα
3215 3667 3306 3720 μοι
3361 3650 3489 3714 τοὺς
3536 3653 3668 3721 πρὶν

2080 3744 2369 3808 ἀπίστους,
2421 3746 2517 3797 καὶ
2569 3743 2691 3796 κατ’
2741 3741 2915 3810 αὐτῆς
2965 3742 3067 3811 τὴν
3105 3741 3350 3810 γλῶτταν
3403 3736 3488 3794 οἷα
3536 3743 3667 3813 δόρυ

2081 3837 2359 3900 κινοῦντες
2413 3836 2513 3907 τῆς
2570 3826 2874 3899 εὐσεϐείας,
2908 3833 3006 3888 νῦν
3037 3835 3178 3904 ὑπὲρ
3213 3834 3310 3904 τῆς
3358 3833 3453 3886 τοῦ
3502 3835 3666 3902 ἁγίου

2082 3930 2332 3999 εὐλογίας
2361 3930 2539 4000 πάντα
2571 3928 2663 3981 καὶ
2687 3926 2892 3998 πρᾶξαι
2924 3926 3020 3979 καὶ
3043 3926 3235 3979 παθεῖν
3270 3926 3667 3997 αίρουμένουρ

2080 4024 2143 4076 οὐ
2177 4023 2286 4094 γὰρ
2316 4022 2380 4076 ἂν
2413 4021 2558 4075 οὓτω
2592 4021 2714 4074 κατ’
2765 4019 3010 4090 ἀλλήλων
3040 4019 3340 4088 ἐμάνησαν,
3378 4021 3426 4071 εί
3457 4020 3533 4089 μὴ
3569 4036 3666 4090 με·

2080 4114 2273 4183 γίστην
2316 4113 2462 4183 ἔχειν
2514 4112 2746 4181 δύναμιν
2799 4110 2897 4180 τὴν
2930 4110 3025 4163 τοῦ
3054 4109 3199 4163 θείου
3234 4112 3423 4163 τούτου
3471 4111 3669 4182 ἀνδρὸς

2079 4207 2331 4274 εὐλογίαν
2361 4207 2578 4269 πάντως
2617 4204 2919 4257 ἐπίστευον.

2150 4300 2253 4362 κζ’.
2283 4297 2444 4349 Ἀλλὰ
2465 4296 2534 4363 γά
2543 4313 2574 4367 ρ
2602 4297 2862 4348 ἐπεισίτω
2887 4295 2963 4365 τῷ
2988 4295 3132 4365 λόγῳ
3156 4293 3431 4364 φύλαρχος
3454 4296 3542 4348 ἐτε
3555 4314 3666 4367 ρος,

2078 4392 2417 4463 Σαρακηνῶν
2456 4389 2513 4442 δέ
2552 4390 2648 4441 καὶ
2686 4388 2848 4452 αὐτὸς
2889 4389 3092 4459 ἄρχων.
3124 4383 3289 4451 Οὗτος
3320 4388 3383 4459 δὴ
3416 4407 3669 4459 παραγε-

2077 4483 2272 4556 γονὼς,
2302 4483 2401 4553 τὴν
2437 4482 2588 4535 θείαν
2618 4482 2834 4553 ἐκείνην
2875 4465 3083 4535 ίκέτειῖε
3113 4481 3354 4551 κεφαλὴν
3384 4484 3669 4552 ἐπαμῦναι

2080 4576 2236 4647 ἀνδρὶ
2276 4575 2417 4628 κατά
2450 4574 2548 4644 τὴν
2591 4574 2709 4627 ὁδὸν
2741 4573 3035 4645 παρεθέντι
3064 4575 3131 4626 τὰ
3159 4573 3294 4644 μέλη
3326 4573 3420 4626 τοῦ
3480 4574 3671 4644 σώμα-

2080 4686 2171 4733 τος
2204 4685 2219 4702 ο
2258 4667 2410 4735 ἔλεγε
2442 4667 2497 4720 δὲ
2537 4666 2695 4720 τοῦτο
2727 4668 2870 4720 κατὰ
2896 4667 2995 4738 τὴν
3031 4665 3357 4721 Καλλίνικον
3384 4669 3672 4739 (φρούριον

2078 4762 2133 4815 δέ
2166 4761 2307 4830 αὐτὴ
2342 4756 2624 4830 μέγιστον)
2658 4758 3114 4830 ὑπομεμνηκέναι
3149 4761 3210 4812 τὸ
3244 4760 3439 4825 πάθος,
3481 4762 3669 4832 ἀκμά-

2082 4854 2195 4920 ζειν
2225 4854 2282 4907 δέ
2309 4854 2404 4906 καὶ
2440 4854 2497 4906 ἐν
2527 4851 2838 4923 προοιμίοις
2866 4852 3050 4905 οὐκέτι
3082 4847 3243 4917 εἶναι,
3275 4851 3351 4915 ὡς
3376 4854 3473 4906 καὶ
3498 4851 3671 4924 βαρυο

2078 4948 2248 5016 τάτην
2296 4945 2359 5015 δή
2408 4963 2509 4999 που
2565 4947 2663 5015 τὴν
2715 4947 2869 4998 νόσον
2891 4943 2970 5016 τῷ
2996 4961 3055 4997 τε
3085 4944 3241 5015 ἀήθει
3271 4945 3371 5014 τῆς
3401 4945 3672 4997 κατακλῖ-

2083 5054 2241 5102 σεως,
2282 5038 2377 5089 καὶ
2421 5040 2540 5099 ταῖς
2581 5037 2838 5106 σφοδραῖς
2873 5038 3108 5099 ἐκείναις
3164 5037 3275 5089 τῶν
3326 5036 3514 5120 ςτὸνων
3545 5035 3673 5091 ὀδό·-

2076 5148 2197 5192 ναις
2224 5130 2492 5199 ὑπάρχειν
2530 5128 2609 5199 τῷ
2643 5130 2925 5198 κάμνοντι.
2959 5127 3145 5182 Ταῦτά
3196 5145 3257 5180 τε
3310 5128 3481 5181 ἐδεῖτο
3507 5146 3523 5160 ’
3574 5129 3670 5182 καὶ

2078 5225 2290 5279 κελεύει
2345 5223 2437 5276 τὸν
2491 5223 2740 5276 ἐνεθέντα
2792 5222 2887 5274 τὸν
2940 5221 3374 5291 παρακείμενον,
3427 5221 3669 5274 ἐλεεινὸν

2078 5318 2261 5387 θέαμα
2290 5316 2366 5386 τῷ
2390 5315 2694 5385 θαυμαστῷ
2721 5311 2949 5384 Συμεὼν
2989 5313 3343 5384 προτεθῆναι,
3365 5312 3419 5365 εἴ
3445 5331 3565 5376 πως
3598 5315 3666 5383 τῇ

2075 5410 2174 5477 τῆς
2233 5409 2522 5478 συμφορᾶς
2578 5408 2700 5476 ὄψει
2749 5406 2971 5459 ἐλκύσει
3014 5404 3106 5457 τὸν
3140 5405 3308 5459 ἔλεον.
3349 5405 3406 5457 '0
3438 5406 3538 5473 μὲν
3572 5402 3671 5458 οὐν

381 5501 648 5555 ﬂecteret.
673 5499 768 5556 llle
792 5519 921 5557 vero
943 5504 1245 5573 productus
1274 5502 1329 5556 in
1356 5502 1619 5567 medium,
1664 5502 1968 5555 immissum

2078 5498 2377 5571 προτεθεὶς,
2435 5502 2497 5553 τὸ
2550 5499 2913 5568 κατασκῆψαν
2969 5500 3049 5561 είς
3106 5499 3269 5552 αὐτὸν
3329 5497 3502 5551 κακὸν
3569 5498 3668 5550 ἀν-

451 5679 565 5749 (9.5)
606 5678 989 5737 Theodoretus
1024 5698 1082 5736 se
1110 5691 1436 5751 pmscntem
1470 5681 1640 5737 fuisse
1666 5682 1762 5748 ait,
1792 5691 1845 5737 et
1873 5698 1969 5738 co-

382 5760 569 5806 natum
602 5753 781 5807 verbis
814 5754 1106 5808 tumultum
1146 5753 1360 5807 sedare.

2150 5681 2265 5805 l(24)
2308 5681 2469 5737 Addit
2505 5679 2913 5746 Theodoretus,
2964 5679 3086 5734 illos
3131 5692 3298 5734 canes
3339 5677 3409 5733 ab
3450 5692 3519 5733 eo
3564 5695 3669 5734 vo-

2169 5767 2252 5805 os.

2080 5767 2252 5808 ςιιιοε.
