3868 6466
270 299 382 364 357

1340 304 1515 363 VITA
1566 305 1624 363 S.
1663 304 2042 367 SYMEONIS
2080 309 2430 371 STYLlTnE.

3415 311 3525 381 3.58

270 411 548 477 εκλαιετο,
585 408 791 463 καὶτὸν
814 409 967 477 ἅγιον
992 410 1073 472 είς
1101 405 1280 463 οἶκτον
1313 414 1723 483 προσεκαλεῖτο,
1763 427 1847 467 και

1960 419 2011 472 in
2046 436 2105 473 se
2132 423 2330 475 malum
2364 421 2614 488 deflebat,
2643 433 2695 476 ct
2721 433 2964 477 sanctum
2991 421 3166 476 virum
3202 423 3269 477 ad
3299 426 3524 480 cummi.

270 504 376 573 τὴν
403 503 728 572 ἀπαλλαγὴν
770 504 952 572 ἐζήτει
984 502 1078 555 τοῦ
1119 503 1345 565 πάθους.
1395 506 1453 559 '0
1490 506 1545 558 δὲ
1577 509 1745 577 ταχὺς
1775 510 1851 568 εἰς

273 600 427 654 ἔλεον
455 592 611 661 οὗτος
645 599 739 650 καὶ
771 595 937 658 πολὺς
963 597 1062 665 τὴν
1100 596 1463 665 συμπαθείαν,
1488 600 1588 670 τῆς
1617 599 1850 670 ψυχικῆς

273 694 373 746 καὶ
406 691 513 763 πρὸ
538 690 633 743 τοῦ
668 690 919 760 σώματος
968 689 1261 760 θεραπείας
1294 691 1612 759 κηδόμενος,
1657 692 1852 762 ἐξομό-

275 789 478 842 σασθαι
523 787 621 855 τὴν
653 786 761 838 τῶν
791 788 1077 855 προγόνων
1121 785 1373 839 ἀσέϐειαν
1405 788 1731 857 ἐπισκήπτει
1775 786 1851 858 τῷ

272 880 544 948 κάμνοντι
576 894 589 906 ·
643 877 760 948 ᾔδει
808 878 918 946 γὰρ
962 877 1125 931 αὑτὸν
1153 877 1232 930 ἔτι
1266 878 1391 948 περὶ
1419 878 1624 949 ταύτην
1651 877 1850 932 ποθού-

276 989 462 1040 μενον.
495 970 604 1023 Καὶ
646 970 720 1033 ὡς
769 970 1022 1038 ἀσμένως
1055 986 1114 1021 τε
1154 970 1374 1038 ἤκουσε,
1434 973 1525 1024 καὶ
1566 971 1624 1023 τὸ
1665 971 1850 1023 κελευ-

274 1065 406 1117 σθὲν
438 1063 839 1131 ὲξεπλήρωσεν,
878 1056 998 1114 εἶτα
1027 1061 1086 1113 τὸ
1131 1062 1274 1131 μέγα
1311 1061 1495 1132 θαῦμα
1534 1066 1633 1133 τῆς
1665 1066 1848 1117 οίκου-

275 1156 445 1223 μένης
478 1156 505 1205 ό
535 1153 759 1224 Συμεὼν
794 1153 976 1223 ἤρετο,
1002 1153 1048 1204 εί
1072 1152 1319 1205 πιστεύοι
1344 1152 1421 1223 τῷ
1446 1154 1618 1225 Πατρι
1647 1157 1741 1207 καὶ
1771 1156 1847 1225 τῷ

275 1247 555 1315 μονογενεῖ
598 1244 734 1313 Υίῴ,
769 1246 861 1297 καὶ
890 1244 968 1314 τῷ
1014 1244 1290 1315 Πνεύματι
1322 1246 1459 1316 ἁγίῳ
1488 1262 1503 1276 ·
1538 1247 1633 1301 τοῦ
1659 1248 1714 1300 δὲ
1761 1267 1850 1301 πι-

272 1338 490 1390 στεύειν
535 1337 994 1406 ὁμολογήσαντος,
1035 1337 1294 1402 Ταύταις,
1341 1338 1468 1408 ἕιρη,
1506 1341 1626 1403 ταῖς
1676 1358 1850 1411 προσ-

269 1430 524 1499 ηγορίαις
556 1427 847 1493 πιστεύων,
879 1430 1139 1500 ἀνάσθητι
1161 1446 1177 1463 ⁶
1223 1432 1321 1485 καὶ
1356 1434 1383 1485 ὁ
1403 1432 1558 1500 λόγος
1590 1433 1752 1496 εὐθὺς
1783 1432 1849 1503 (ὣ

268 1521 371 1583 τῆς
402 1519 614 1586 ἁφάτου
656 1535 751 1570 σου
793 1520 920 1588 περὶ
946 1520 1035 1573 τὸν
1060 1521 1250 1591 ἄνδρα,
1290 1522 1515 1592 Χριστὲ,
1565 1524 1845 1592 χάριτοςι)

269 1610 542 1680 θεραπεία
569 1610 646 1680 τῷ
673 1611 987 1680 παρειμένῳ
1026 1610 1121 1665 τοῦ
1151 1612 1359 1676 πάθους
1387 1614 1625 1681 ἐγένετο.
1674 1615 1847 1666 Ἐκεῖ-

266 1720 361 1766 νος
385 1703 442 1756 δὲ
466 1703 556 1756 τὸν
591 1705 788 1756 οἰκεῖον
840 1703 1114 1757 κάνταῦθα
1164 1705 1440 1775 Δεσπότην
1490 1704 1842 1775 μιμούμενος,

1957 510 2281 564 serationcm
2336 513 2692 580 provocabat,
2724 514 2960 583 denique
2989 528 3019 567 a
3073 514 3214 568 malo
3248 529 3349 568 suo
3384 515 3522 570 lihe-

1956 602 2064 656 rari
2090 604 2410 672 postulabat.
2446 604 2543 660 llic
2571 623 2700 660 vero
2727 608 2875 661 celer
2905 607 2971 660 ad
3003 604 3519 669 commiserandum,

1954 711 2017 750 ac
2060 695 2262 750 multus
2310 696 2376 750 ad
2402 699 2862 767 compatiendum,
2911 699 2978 753 de
3016 698 3210 752 animae
3243 698 3523 751 curatione

1954 784 2103 854 prius
2158 801 2319 855 quam
2372 788 2616 856 corporis
2665 789 2948 862 sollicitus,
3001 804 3203 859 aegrum
3234 796 3518 856 parentum

1952 893 2172 932 suorum
2230 880 2560 950 impietatem
2620 881 2869 950 abjurare
2910 880 3332 951 jubctzsciebat
3369 879 3514 932 enim

1952 987 2076 1026 eum
2116 973 2297 1027 adhuc
2324 974 2427 1027 hac
2456 973 2737 1028 delectari.
2760 973 2829 1028 Ut
2859 988 2986 1028 vero
3021 974 3197 1028 libens
3221 970 3518 1033 obaudivit,

1951 1071 2005 1117 et
2041 1063 2196 1130 jussa
2258 1063 2609 1133 adimplevit;
2643 1073 2753 1117 tum
2789 1066 3043 1135 Symeon,
3091 1079 3219 1117 vere
3264 1077 3517 1131 magnum

1891 1213 1900 1223 ,
1950 1158 2101 1213 orbis
2130 1158 2478 1225 miraculum,
2526 1160 2839 1215 sciscitatur
2858 1177 2923 1213 ex
2954 1176 3045 1225 eo,
3078 1158 3217 1213 Num
3245 1158 3429 1213 credat
3462 1155 3517 1209 in

1949 1252 2185 1318 Patrem,
2213 1254 2440 1323 ejusque
2470 1254 2806 1325 unigenitum
2836 1253 3054 1318 Filium,
3089 1268 3152 1307 ac
3177 1252 3229 1303 in
3255 1250 3516 1320 Spiritum

1950 1353 2220 1396 sanetum.
2260 1342 2396 1396 Dum
2419 1359 2547 1398 vero
2564 1344 2702 1398 alter
2729 1360 2788 1398 se
2822 1344 3044 1398 credere
3083 1343 3260 1412 palam
3294 1342 3515 1415 fatetur,

1950 1435 2006 1487 ln
2039 1434 2188 1496 istas,
2223 1434 2419 1503 inquit,
2440 1450 2701 1504 personas
2716 1435 2966 1499 credens,
2993 1449 3153 1503 surge
3181 1451 3192 1485 :
3225 1432 3521 1499 statimque

1949 1536 2128 1575 sermo
2160 1521 2212 1590 (ο
2240 1522 2571 1577 ineffabilem
2603 1533 2750 1577 tuam
2773 1522 2988 1577 Christe
3015 1538 3139 1593 erga
3180 1521 3354 1574 virum
3392 1536 3517 1590 gra-

1951 1614 2137 1681 tiam!)
2187 1615 2349 1670 debili
2418 1616 2667 1671 dolorum
2712 1618 2937 1683 curatio
2993 1615 3223 1669 eﬂ‘ectus
3270 1622 3371 1667 est.
3422 1612 3518 1666 Ille

1948 1716 2128 1760 autem
2171 1706 2306 1778 (25),
2351 1706 2639 1762 Dominum
2687 1723 2848 1762 suum
2899 1708 3061 1760 etiam
3108 1706 3196 1758 hic
3249 1704 3513 1767 imitatus,

267 1796 368 1848 καὶ
409 1794 509 1865 τὴν
544 1794 732 1863 κλίνην
767 1794 861 1846 ἐπὶ
888 1794 997 1847 τῶν
1032 1793 1200 1866 ὤμων
1236 1796 1385 1865 αύτῷ
1414 1795 1711 1866 προσέταξε
1745 1796 1841 1865 φέ-

1953 1810 2069 1849 cum
2128 1797 2408 1866 prOprinm
2455 1797 2716 1852 lectulum
2765 1797 3010 1851 humeris
3069 1795 3281 1850 deferre
3330 1793 3511 1863 jussit,

271 1903 411 1957 ρειν,
453 1887 588 1955 ὅπερ
619 1887 700 1949 τίς
731 1885 954 1955 μείζονα
990 1885 1119 1951 τοὺς
1159 1886 1437 1958 παρόντας
1492 1887 1842 1959 εὐχαριστίαν

268 1977 667 2048 προετρέψατο.

342 2068 452 2141 κη’.
488 2070 670 2135 Ἄξιον
715 2069 771 2123 δὲ
813 2068 948 2140 μηδὲ
1000 2067 1159 2123 τοῦτο
1209 2068 1609 2142 παραδραμεῖν.
1678 2070 1843 2141 Ἀνήρ

266 2180 357 2226 τις
390 2162 500 2216 τῶν
545 2164 623 2226 είς
656 2162 892 2233 Χριστὸν
923 2162 1365 2216 πεπιστευκότων
1402 2162 1778 2249 Ἰσμαηλιτῶν,
1814 2162 1843 2213 ό

270 2256 565 2327 ἐπίσημος,
598 2254 763 2326 εὐχὴν
792 2254 896 2308 ὑπὸ
939 2256 1176 2328 μάρ-τυρι
1221 2254 1298 2325 τῷ
1337 2248 1621 2325 σεϐἆσμίῳ
1669 2253 1843 2324 τούτῳ

267 2348 504 2417 Συμεὼν
536 2347 759 2418 ηὔξατο,
793 2346 868 2418 μὴ
900 2347 965 2402 ἄν
1011 2364 1157 2410 τινος
1191 2347 1438 2418 ἐμψύχου
1485 2346 1624 2412 ζώου
1681 2346 1843 2417 μέχρι

270 2442 373 2510 τῆς
406 2439 663 2509 τελευτῆς
702 2440 995 2510 μετασχεῖν
1021 2454 1035 2468 ·
1067 2439 1244 2509 χρόνῳ
1268 2438 1324 2491 δὲ
1356 2436 1583 2508 ὕστερον
1615 2437 1715 2491 οὐκ
1746 2430 1844 2490 οἷδ’

273 2534 447 2595 ὅπως,
504 2533 538 2605 ἢ
584 2530 980 2603 nemnem
1030 2533 1128 2602 τῆς
1160 2532 1342 2602 εὐχῆς,
1371 2531 1403 2600 ἢ
1437 2531 1513 2601 τῷ
1546 2530 1712 2601 λίχνῳ
1744 2529 1843 2599 τῆς

274 2621 576 2690 ἐπιθυμίας
625 2620 954 2685 δελεασθεὶς,
1008 2620 1157 2692 ὄρνιν
1205 2637 1263 2673 τε
1320 2618 1467 2673 θύειν
1512 2622 1604 2673 καὶ
1644 2619 1844 2672 ἐσθίειν

271 2712 583 2780 ἐπιχειρεῖ·
634 2712 667 2781 ἡ
722 2711 779 2764 δὲ
842 2709 909 2781 (ὣ
970 2711 1293 2782 πράγματος
1342 2710 1710 2782 άπορῤήτουί)
1764 2710 1845 2773 είς

268 2803 426 2855 λίθου
504 2802 828 2872 μετεϐάλετο
903 2802 1098 2872 φύσιν·
1165 2802 1415 2856 ἐντεῦθεν
1469 2802 1589 2857 οὐδὲ
1642 2802 1845 2873 σφόδρα

273 2895 586 2967 βουλομένῳ
614 2895 814 2949 ἐσθίειν
840 2895 989 2965 ἐξῆν,
1020 2894 1112 2949 τοῦ
1145 2895 1296 2949 λίθου
1337 2894 1436 2968 τὴν
1486 2895 1661 2968 ὁρμὴν
1710 2896 1845 2950 ἀνα-

275 2989 609 3052 στέλλοντος.
634 2989 1022 3057 Καταπλαγεὶς
1045 2983 1137 3043 οὖν
1164 2988 1193 3041 ὁ
1224 2987 1496 3060 βάρϐαρος
1526 2990 1616 3042 ἐπὶ
1644 2989 1841 3061 τούτῳ,

270 3082 366 3137 τὸν
388 3082 490 3150 τῆς
519 3079 804 3150 μετανοίας
833 3079 1147 3134 διδάσκαλον
1178 3080 1355 3150 πολλῷ
1379 3080 1455 3155 τῷ
1475 3082 1629 3151 τάχει
1672 3099 1843 3135 κατα-

271 3174 634 3246 λαμϐάνεται,
669 3173 727 3226 ὲν
767 3170 1091 3244 συντριμμῷ
1123 3188 1181 3225 τε
1206 3173 1429 3243 καρδίας
1453 3173 1515 3227 τὸ
1539 3174 1845 3245 ἁμάρτημα

273 3264 367 3317 καὶ
392 3262 485 3314 τὸν
515 3260 736 3330 ἔλεγχον
769 3258 1162 3326 ἀνακαλύπτει,
1202 3259 1299 3314 καὶ
1323 3262 1494 3316 δεῖται
1522 3261 1598 3327 ὡς
1626 3263 1847 3317 δύνατον

278 3355 611 3409 ἱλεὼσασθαι
643 3353 703 3406 τὸ
731 3352 872 3406 θεῖον
907 3350 1077 3423 αὐτῷ,
1104 3353 1187 3422 ἐφ’
1221 3348 1302 3418 οἷς
1333 3354 1597 3425 ἐψεύσατο
1623 3355 1720 3418 τὰς
1750 3358 1846 3409 ἑπ-

272 3447 557 3517 αγγελίας,
580 3445 676 3499 καὶ
700 3447 798 3498 οὐκ
839 3447 1056 3517 ἀστοχεῖ
1079 3446 1177 3517 τῆς
1212 3446 1500 3517 αἰτήσεως.
1545 3446 1618 3501 Τὸ
1660 3449 1846 3519 μέντοι

272 3540 415 3594 κατὰ
445 3538 546 3609 τὴν
580 3539 731 3610 ϐρνιν
762 3537 969 3608 θαῦμα,
997 3538 1045 3591 εί
1084 3538 1179 3592 καὶ
1211 3537 1286 3609 μὴ
1323 3539 1541 3606 αὐτίκα,
1576 3544 1753 3613 χρόνῳ
1789 3542 1847 3597 δὲ

272 3632 526 3701 ὕστερον,
589 3630 684 3683 καὶ
733 3628 1044 3700 ὀφθαλμοὺς
1094 3630 1306 3685 πολλῶν
1356 3626 1472 3703 εἶχε
1524 3632 1844 3704 μάρτυρας·

272 3726 489 3788 πολλοῖς
519 3725 631 3794 γάρ
657 3722 719 3776 τδ
770 3722 963 3792 στῆθος
990 3723 1130 3794 μετὰ
1158 3723 1333 3777 ταῦτα
1382 3723 1594 3794 ὡράθη,
1645 3728 1704 3780 τὸ
1749 3725 1847 3795 μὲν

273 3820 477 3871 οἰκεῖον
513 3814 796 3879 ἁποσῶζον
864 3814 1070 3886 σχῆμα,
1123 3816 1187 3869 ἐκ
1237 3814 1385 3868 λίθου
1436 3816 1492 3869 δὲ
1532 3818 1625 3871 καὶ
1657 3818 1847 3873 ὀστέου

277 3911 639 3980 συγκείμενον
668 3927 683 3940 ⁸
719 3908 811 3962 τοῦ
859 3910 958 3978 μὲν
996 3907 1183 3962 ὀστέου
1215 3908 1317 3981 τὴν
1348 3908 1409 3974 ἐξ
1456 3912 1628 3982 ἀρχῆς
1660 3913 1849 3966 οὐσίαν

280 4001 605 4072 μηνύοντος,
644 4002 743 4071 τὴν
772 4000 830 4052 δὲ
876 4000 1358 4071 περιαρμοσμένης
1403 4003 1552 4073 αὐτῷ
1594 4002 1847 4068 λιθώδους

272 4096 488 4160 ούσίας,
515 4096 613 4163 τῆς
646 4092 845 4160 σαρκὸς
868 4090 1286 4161 στηλιτευούσης
1318 4092 1636 4163 μεταϐολήν.

341 4186 446 4241 κθ’.
491 4186 686 4248 Ἀλλος
720 4184 777 4237 δὲ
798 4184 899 4253 τῆς
931 4184 1100 4254 φυλῆς
1130 4184 1229 4252 μὲν
1259 4184 1593 4256 Σαρακηνῶν
1621 4187 1848 4259 ἐξηγού-

271 4298 457 4352 μενος,
515 4281 582 4349 τῇ
633 4278 690 4332 δὲ
740 4278 847 4331 τῶν
883 4275 1091 4331 πιστῶν
1120 4276 1291 4350 ἀγέλῃ
1323 4276 1520 4345 συνὼν,
1570 4280 1706 4351 πρὸς
1758 4282 1848 4334 τὸν

271 4373 451 4439 μέγαν
482 4371 577 4422 καὶ
607 4370 768 4431 αὐτὸς
796 4371 1016 4440 ἔρχεται
1044 4369 1325 4438 Συμεῶνα·
1351 4371 1443 4422 καὶ
1475 4370 1650 4440 τυχὼν
1685 4372 1848 4442 εύχῆς

1946 1885 2091 1956 quod
2112 1897 2166 1940 et
2211 1896 2505 1957 praesentes
2537 1887 2604 1943 ad
2634 1886 2893 1957 majorem
2919 1886 3212 1955 gratiarum
3244 1883 3511 1938 actionem

1941 1977 2353 2036 adhortabatur.
2623 2030 2634 2042 .

2011 2067 2104 2125 28.
2144 2070 2209 2124 Et
2239 2071 2342 2126 hoc
2369 2070 2679 2141 neutiquam
2701 2067 3136 2139 praztereundum
3168 2065 3381 2121 silentio
3404 2078 3509 2120 est.

1948 2159 2041 2218 Vir
2062 2161 2281 2233 quidam
2317 2162 2462 2217 inter
2492 2163 2818 2225 lsmaelitas,
2856 2161 2948 2231 qui
2968 2161 3078 2231 jam
3109 2159 3326 2214 Christo
3348 2158 3512 2212 dede-

1942 2262 2067 2309 rant
2106 2254 2350 2320 nomina,
2383 2254 2632 2319 illustris,
2662 2262 2850 2309 votum
2892 2262 3031 2308 teste
3077 2250 3371 2306 venerabili
3410 2249 3512 2322 Sya

1943 2361 2138 2402 meone
2174 2356 2535 2419 nuncuparat,
2569 2361 2631 2403 88
2681 2361 2958 2417 nttnquam
2993 2344 3059 2399 ad
3083 2354 3312 2399 mortem
3342 2357 3514 2413 usque

1941 2451 2009 2494 ex
2035 2436 2256 2495 animali
2285 2440 2428 2509 quod
2457 2439 2623 2495 vitam
2652 2438 2934 2494 habuisset
2961 2444 3323 2508 gustaturum.
3347 2433 3512 2490 Tem-

1943 2530 2094 2601 poris
2111 2546 2366 2588 successu
2393 2532 2578 2587 nescio
2615 2548 2723 2601 qua
2758 2531 2992 2600 ratione,
3019 2528 3134 2585 sive
3154 2528 3259 2583 voti
3289 2527 3511 2593 oblitus,

1945 2638 2040 2679 seu
2074 2625 2535 2695 concupiscentiae
2570 2624 2736 2679 illicio
2767 2624 3067 2687 inescatus,
3099 2636 3253 2675 avem
3280 2617 3511 2685 occidit;

1944 2738 2106 2792 quam
2146 2720 2276 2777 dum
2319 2721 2608 2775 comedere
2650 2727 2808 2790 parat
2854 2722 2912 2786 (0
2943 2733 3057 2773 rem
3089 2712 3515 2787 prodigiosaml)

1946 2816 2001 2870 in
2042 2814 2235 2886 lapidis
2270 2814 2535 2886 evestigio
2569 2821 2773 2867 mutata
2814 2821 2898 2868 est
2927 2822 3211 2875 naturam;
3243 2810 3388 2864 unde
3414 2824 3513 2863 ne—

1946 2924 2053 2978 que
2100 2907 2393 2964 admodum
2446 2906 2647 2962 volenti
2689 2914 2910 2977 gustare
2958 2901 3131 2965 licuit,
3180 2900 3320 2972 lapis
3366 2900 3511 2954 enim

1944 3003 2246 3072 appetitum
2264 2999 2613 3071 reprimebat.
2640 2999 2910 3054 Barbarus
2934 2998 3099 3053 homo
3124 2997 3226 3053 hac
3247 3013 3305 3051 re
3328 3003 3517 3063 stupeo

1951 3097 2152 3164 factus,
2195 3097 2316 3153 sine
2358 3111 2507 3151 mora
2539 3095 2879 3167 poenitentiae
2908 3092 3227 3164 magistrum
3275 3090 3513 3156 accedit,

1948 3198 2230 3260 peccatum
2259 3204 2418 3244 suum
2448 3196 2505 3244 et
2546 3187 2702 3256 culpa
2744 3201 2956 3242 summa
2987 3184 3312 3240 contritione
3338 3182 3517 3238 cordis

1947 3284 2152 3354 aperit;
2193 3290 2347 3355 rogat
2389 3297 2494 3351 qua
2534 3280 2651 3337 ﬁeri
2705 3280 2760 3335 id
2815 3279 3017 3342 possit,
3048 3279 3125 3331 uti
3162 3276 3373 3331 Numen
3413 3273 3514 3330 sibi

1946 3373 2236 3443 propitium
2266 3372 2478 3437 reddat,
2501 3370 2586 3424 cui
2619 3370 2796 3424 datam
2836 3369 2994 3423 fidem
3029 3365 3312 3423 fefellerit:
3338 3379 3517 3434 neque

1947 3467 2209 3537 petitione
2235 3480 2330 3519 sua
2363 3464 2655 3518 frustratus
2686 3461 2809 3515 fuit.
2842 3460 2976 3515 Nam
3007 3459 3148 3529 quod
3180 3459 3320 3513 circa
3359 3471 3514 3514 avem

1949 3558 2180 3629 contigit
2213 3556 2534 3611 miraculum
2559 3594 2572 3616 ,
2614 3552 2743 3608 licet
2784 3568 2895 3606 non
2930 3551 3142 3613 statim,
3178 3559 3301 3620 post
3334 3558 3513 3603 tamen

1947 3651 2211 3720 temporis
2239 3662 2494 3704 successu
2518 3644 2876 3719 plurimorum
2894 3644 3081 3700 oculos
3096 3652 3264 3699 testes
3290 3643 3514 3705 habuit;

1947 3754 2139 3815 pectus
2166 3742 2317 3796 enim
2360 3741 2494 3809 (26),
2526 3738 2671 3810 quod
2705 3737 2982 3808 propriam
3015 3736 3240 3807 figuram
3263 3734 3512 3801 retinuit,

1948 3852 1978 3889 a
2002 3834 2188 3888 multis
2208 3841 2391 3902 postea
2420 3830 2599 3884 visum
2623 3837 2708 3884 est
2730 3843 2799 3883 ex
2815 3842 2937 3882 osse
2955 3835 3209 3882 constare
3237 3834 3292 3881 et
3312 3826 3511 3896 lapide,

1951 3935 2011 3981 ut
2056 3941 2120 3980 os
2159 3924 2535 3995 primigeniam
2594 3920 2898 3977 declararet
2933 3927 3206 3977 naturam.
3261 3916 3515 3987 superiua

1948 4018 2112 4073 ducta
2133 4031 2263 4071 vero
2278 4013 2490 4084 lapidea
2517 4012 2843 4077 substantia,
2870 4011 3052 4067 carnis
3079 4017 3373 4065 testaretur
3388 4024 3519 4064 con—

1949 4111 2279 4165 versionem.

2018 4201 2109 4257 29.
2149 4199 2303 4253 Alius
2329 4195 2547 4266 quidam
2587 4195 2760 4250 tribus
2789 4194 3185 4249 Saracenorum
3224 4194 3338 4263 (27)
3371 4208 3517 4263 pra:—

1950 4290 2127 4348 fectus
2148 4289 2389 4345 ﬁdelium
2427 4285 2575 4358 gregi
2614 4285 2905 4355 ascriptus,
2931 4284 2999 4339 ad
3026 4299 3284 4353 magnum
3313 4293 3367 4338 et
3399 4282 3519 4354 ipse

1949 4383 2100 4437 venit
2134 4382 2480 4453 Symeoncm.
2516 4378 2872 4447 Tandemque
2909 4384 3235 4431 consecutus
3274 4376 3329 4430 id
3363 4376 3522 4444 cujus

265 4457 335 4533 ἧς
357 4459 570 4525 ἐπόθει,
605 4462 699 4513 καὶ
729 4460 796 4512 δι’
825 4460 893 4530 ἢν
920 4458 1171 4527 ἀφίκετο,
1200 4459 1279 4531 τῷ
1311 4459 1448 4514 κίονι
1473 4461 1843 4532 παρεκάθητο,

1953 4473 2121 4545 gratia
2143 4480 2388 4535 venerat,
2415 4471 2684 4526 columnae
2716 4468 2938 4531 assedit,
2968 4466 3322 4522 suavissimas
3351 4481 3522 4521 sacrae

266 4556 337 4608 τὰ
372 4553 573 4624 ἥδιστα
610 4555 710 4622 τῆς
754 4553 903 4621 ίερᾶς
932 4553 1143 4623 ἐκείνης
1184 4551 1429 4622 γλώττης
1459 4553 1591 4623 ἄνθη
1613 4555 1853 4623 τρυγῶν,

268 4647 364 4698 καὶ
406 4646 578 4713 αὐτῆς
607 4644 699 4717 ῶς
721 4644 914 4713 ἐκείνῳ
956 4628 1185 4696 δυνὶιτδν
1216 4642 1526 4697 ἀπολαύων.
1564 4645 1653 4699 Ἐν
1677 4647 1852 4718 τούτῳ

269 4737 327 4789 δὲ
350 4737 459 4789 τῶν
490 4736 632 4789 κατὰ
678 4735 773 4788 τοῦ
808 4734 1031 4798 σκέλους
1076 4735 1353 4806 ἑρπόντων
1392 4735 1470 4807 τῷ
1518 4736 1658 4807 ἁγίῳ
1711 4755 1853 4792 σκω-

269 4830 457 4898 λήκων
491 4829 609 4897 (καὶ
638 4828 748 4899 γάρ
780 4832 845 4898 τῇ
874 4829 1114 4899 διηνεκεῖ
1142 4828 1329 4903 ἐκείνῃ
1365 4831 1553 4883 στάσει
1583 4833 1672 4884 καὶ
1698 4831 1853 4885 ἀνεν-

268 4922 409 4992 δὸτῳ
440 4922 538 4975 τοῦ
588 4921 745 4984 ποδὸς
773 4921 920 4975 ἕλκει
956 4922 1213 4993 βρύοντος
1251 4923 1504 4994 διατριϐὴ
1551 4924 1848 4996 σκωλήκων

269 5016 334 5067 τὸ
388 5014 581 5099 σκέλος
629 5014 937 5082 γεγένητο),
976 5007 1057 5075 εἷς
1111 5013 1206 5067 τοῦ
1266 5013 1457 5070 στύλον
1512 5016 1851 5081 ὲκκυλισθεὶς

268 5107 465 5159 πίπτει
498 5106 637 5176 πρὸς
667 5105 776 5159 τῶν
799 5103 893 5157 τοῦ
935 5104 1212 5177 φυλάρχου
1253 5108 1450 5162 ποδῶν.
1494 5108 1553 5163 Ὀ
1576 5108 1634 5163 δὲ
1666 5109 1853 5164 ἀνελέ-

271 5217 406 5268 γετο
453 5198 666 5268 ταχέως
712 5199 869 5269 χερσὶ
918 5197 1218 5262 ποθούσαις
1278 5199 1368 5253 τὸν
1425 5199 1702 5273 σκώληκα,
1760 5203 1855 5257 καὶ

269 5291 475 5359 τιμίως
515 5290 897 5355 ὲνεκολποῦτο,
934 5291 1233 5362 ὀφθαλμοῖς
1260 5309 1320 5346 τε
1347 5293 1442 5346 καὶ
1471 5295 1720 5363 στόματι,
1759 5295 1856 5348 καὶ

267 5383 396 5446 ὠσὶ,
440 5383 665 5436 καὶτῶν
694 5382 867 5436 ἄλλων
894 5384 1123 5455 ίὲκάστῳ
1178 5385 1366 5455 μέλει,
1411 5380 1500 5440 οἷα
1553 5386 1618 5458 δὴ
1667 5386 1855 5441 παθῶν

343 5518 460 5587 (25)
501 5516 878 5588 Theodoretus
920 5517 1037 5588 hrcc
1075 5519 1240 5588 paulo
1279 5520 1474 5574 aliter:
1532 5539 1549 5571 ι
1576 5520 1749 5576 Iussit
1784 5529 1848 5576 ut

272 5589 452 5661 tribus
481 5586 794 5661 praefectum
813 5588 927 5661 suis
947 5586 1112 5641 ferret
1129 5590 1373 5644 humeris
1398 5606 1566 5660 usque
1588 5593 1653 5647 ad
1671 5592 1848 5661 ipsum

274 5656 692 5734 tabernaculum
724 5656 937 5726 (habuit
972 5666 1151 5712 autem
1194 5674 1396 5734 corpus
1435 5656 1753 5734 maximum)
1793 5673 1849 5718 et

271 5726 365 5782 ille
393 5725 617 5797 quidem
644 5741 713 5782 eo
737 5725 958 5795 accepto
988 5736 1164 5782 stat'm
1194 5725 1347 5785 abiit.
1383 5748 1400 5781 ι

1956 4564 2102 4619 illius
2134 4562 2332 4633 linguae
2359 4561 2523 4617 flores
2553 4576 2804 4630 carpens,
2835 4559 3062 4629 ejusque
3091 4572 3366 4621 sermone,
3391 4557 3546 4611 dum-

1950 4655 2170 4719 licebat,
2200 4654 2511 4723 perfruens.
2549 4654 2760 4707 Interea
2798 4652 3065 4706 vermium
3100 4667 3131 4705 e
3169 4664 3326 4704 sacro
3354 4665 3519 4703 crure

1952 4746 2361 4802 scaturientium
2392 4746 2539 4811 (nam
2570 4761 2633 4799 ex
2666 4743 2883 4799 assidua
2915 4743 3002 4797 illa
3034 4751 3090 4798 et
3123 4742 3394 4797 irremissa
3418 4749 3525 4797 sta-

1952 4838 2100 4892 tione
2134 4837 2272 4906 pede
2297 4836 2453 4891 ulcus
2479 4835 2858 4897 contraliente,
2896 4834 3025 4888 tibia
3055 4834 3321 4889 vermium
3350 4831 3526 4902 quod-

1948 4927 2070 4982 dam
2102 4927 2470 4982 habitaculum
2493 4935 2610 4981 erat
2630 4924 2845 4995 eﬂecta)
2878 4940 3022 4979 unus
3066 4940 3098 4979 e
3144 4924 3396 4979 columna
3423 4923 3524 4978 de-

1948 5019 2169 5074 volutus
2216 5027 2347 5073 ante
2402 5016 2642 5088 praefecti
2693 5016 2862 5086 pedes
2904 5015 3138 5080 decidit,
3190 5030 3353 5084 quem
3400 5015 3522 5084 ipse

1948 5110 2209 5181 evestigio
2249 5109 2423 5165 avidis
2458 5108 2712 5163 manibus
2742 5107 2993 5179 collegit,
3038 5116 3093 5162 et
3132 5106 3432 5161 honorifice
3465 5106 3521 5161 in

1951 5201 2131 5256 sinum
2162 5201 2423 5272 reposuit,
2449 5201 2751 5269 oculisque,
2787 5200 2889 5265 ori.
2915 5199 3141 5255 auribus
3168 5213 3231 5253 ac
3260 5196 3525 5254 membris

1952 5294 2183 5359 caeteris,
2212 5293 2384 5349 veluti
2412 5292 2655 5347 omnium
2686 5292 2997 5346 morborum
3043 5293 3288 5346 levamen
3323 5290 3518 5344 admo-

1952 5386 2115 5442 vebat
2137 5402 2152 5441 :
2178 5393 2234 5460 e_l
2257 5386 2313 5456 (ο
2334 5384 2538 5440 amoris
2560 5399 2841 5440 excessum
2862 5383 2900 5453 ί)
2918 5399 3027 5439 non
3054 5398 3294 5438 vermem
3323 5394 3443 5436 esse
3463 5377 3520 5433 id

2028 5520 2139 5590 (‘26)
2180 5520 2374 5585 Aliter,
2415 5530 2471 5574 at
2510 5536 2619 5573 non
2657 5529 2823 5583 recte,
2855 5529 2913 5572 ut
2951 5518 3176 5590 opinor._
3194 5512 3521 5590 Theodoreti

1957 5586 2228 5658 interpres
2256 5606 2352 5653 att.
2400 5589 2516 5644 avis
2551 5599 2757 5655 partem
2797 5605 2860 5643 ex
2912 5602 3033 5642 osse
3077 5595 3130 5639 et
3163 5586 3337 5656 lapide
3380 5597 3521 5642 con-

1953 5671 2186 5719 stantem
2214 5660 2384 5715 visam
2422 5660 2478 5713 in
2510 5660 2630 5729 ejus
2652 5668 2886 5729 pectore;

2024 5729 2137 5801 (27)
2174 5731 2335 5786 Deest
2366 5731 2469 5787 hoc
2503 5725 2822 5785 miraculum
2854 5725 3218 5781 Theodoreto.
