3868 6468
296 403 403 485 263

1533 394 1815 455 MENSIS
1853 392 2314 455 JANUARIUS.

3430 389 3549 456 εει

302 520 397 574 Illa
420 516 721 586 ιιι-ροςῑωιη
752 514 952 588 libens
979 513 1122 583 apud
1171 526 1229 567 se
1253 509 1642 566 asservandum
1678 522 1864 563 susce-

1967 525 2072 561 τινι
2100 507 2209 562 τῶν
2243 508 2665 581 συστρατιωτῶν
2712 511 2782 579 τῇ
2829 509 3049 578 γυναικὶ
3108 508 3537 564 καταλείπουσιο

300 612 398 682 pit.
452 623 635 679 parem
698 604 924 676 gratiam
967 603 1170 658 abillis
1200 602 1461 671 consequi
1514 601 1735 664 volens;
1796 599 1867 654 ita

297 701 443 757 enim
472 714 594 755 cum
632 696 697 752 iis
726 696 1122 766 paciscebatur,
1146 703 1203 748 ut
1226 711 1384 749 suum
1407 693 1638 748 vicissim
1664 708 1866 763 equum

297 790 510 847 illorum
544 787 667 843 lidei
714 787 1104 851 committeret,
1138 792 1490 855 posteaquam
1522 797 1551 835 a
1583 780 1869 852 Symeonis

296 892 517 952 aspectu
567 880 797 935 reduces
847 879 1050 932 reversi
1084 886 1268 931 essent
1296 893 1311 930 :
1350 890 1415 930 ea
1446 873 1523 928 illi
1552 874 1712 928 unica
1747 881 1864 928 erat

296 991 445 1039 cura,
472 989 538 1030 eo
588 987 778 1027 omnes
807 970 1164 1041 cogitationes
1189 982 1315 1023 suas
1338 966 1625 1038 dirigebat,
1668 973 1727 1020 ut
1767 964 1869 1019 viri

295 1064 466 1121 sancti
496 1069 845 1132 conspectum
877 1062 1169 1123 obtineret,
1224 1058 1453 1128 ejusque
1484 1056 1866 1112 benedictione

296 1160 592 1213 frueretur.
654 1154 850 1209 Verum
886 1154 1199 1222 neutiquam
1262 1152 1312 1206 ei
1368 1151 1599 1221 contigit
1636 1158 1695 1204 ut
1731 1150 1870 1204 votis

297 1250 412 1307 anis
441 1249 742 1321 potiretur:
772 1258 1126 1317 posteaqmm
1148 1244 1290 1298 enim
1318 1243 1520 1297 milites
1548 1241 1617 1297 ad
1650 1240 1871 1312 Symeo-

300 1359 425 1398 nem
478 1340 857 1412 pervenissent
908 1348 963 1394 et
1021 1338 1130 1391 voti
1176 1336 1285 1405 jam
1345 1342 1530 1388 essent
1567 1342 1866 1403 compotes,

302 1445 416 1488 tum
449 1433 524 1489 sic
556 1433 622 1486 ad
653 1445 748 1485 eos
778 1430 995 1484 divinus
1023 1427 1255 1499 Symeon
1292 1444 1305 1481 :
1348 1426 1502 1482 Unus
1527 1425 1744 1495 quidem
1775 1438 1867 1477 ve-

299 1538 495 1591 strum,
520 1526 616 1587 ait,
645 1524 867 1579 relictus
894 1531 997 1586 est,
1038 1522 1104 1575 ad
1134 1536 1295 1590 quem
1326 1533 1452 1574 cum
1487 1516 1866 1588 perveneritis,

298 1616 546 1672 nuntiate
580 1620 631 1670 ei
667 1615 720 1669 in
752 1616 869 1670 haec
916 1613 1075 1667 νεὼ-ι
1121 1629 1133 1665 :
1187 1611 1383 1666 Mentis
1440 1620 1545 1666 ture
1597 1609 1770 1665 oratio
1800 1607 1867 1662 ad

297 1723 457 1763 aures
508 1707 718 1762 Domini
779 1705 1026 1775 pervenit
1077 1704 1224 1773 (29);
1251 1704 1361 1774 jam
1411 1702 1672 1758 Dominus
1700 1703 1864 1765 Deus,

297 1801 387 1870 qui
418 1799 606 1853 intima
636 1798 814 1853 cordis
850 1796 1117 1851 desideria
1142 1805 1195 1851 et
1225 1795 1576 1865 cogitationes
1614 1810 1867 1864 perscru-

300 1902 461 1955 tatur,
500 1889 936 1947 benedictionem
960 1889 1054 1944 tibi
1086 1904 1239 1942 suam
1272 1887 1578 1957 impertitus
1594 1895 1677 1942 est
1703 1904 1717 1940 :
1749 1886 1866 1956 ejus

297 1995 623 2045 consecutus
652 1982 1085 2039 benedictionem
1121 1988 1174 2035 et
1230 1995 1445 2034 summa
1472 1988 1746 2042 votorum,
1782 1978 1868 2032 ni-

301 2077 376 2131 hil
410 2092 638 2131 neccsse
671 2078 774 2130 erit
805 2076 910 2129 huc
944 2074 1148 2128 venias.
1194 2072 1289 2125 llis
1315 2071 1382 2127 ab
1414 2071 1719 2126 admirabili
1767 2067 1868 2140 Sy-

299 2182 495 2224 meone
542 2166 729 2231 dictis,
775 2166 974 2219 milites
1034 2173 1189 2233 septo
1250 2163 1456 2234 egressi
1514 2177 1627 2217 non
1689 2161 1869 2215 minus

299 2261 470 2316 sancti
531 2260 631 2314 viri
697 2258 986 2327 alloquium
1047 2241 1468 2327 obstupuerunt,
1516 2270 1678 2326 quam
1733 2254 1867 2309 foris

299 2354 470 2410 relicti
499 2351 889 2408 commilitonis
914 2349 1163 2405 admirati
1194 2360 1323 2405 sunt
1363 2350 1621 2405 virtutem
1667 2348 1868 2419 (adhuc

298 2444 445 2499 enim
480 2444 668 2498 militis
734 2442 950 2495 nomine
998 2440 1373 2512 indigitahant,
1406 2455 1567 2510 quam
1623 2438 1866 2495 nondum

299 2538 581 2593 mulierem
607 2551 727 2591 esse
764 2535 1234 2591 subodorabantur
1260 2532 1278 2603 )
1304 2551 1318 2586 :
1346 2542 1497 2588 tanto
1551 2533 1695 2587 enim
1725 2540 1867 2587 tam-

297 2646 405 2700 que
438 2631 598 2685 beato
628 2643 723 2684 ore
754 2627 1173 2697 deprzedieatum
1229 2625 1451 2680 nonnisi
1513 2624 1729 2680 eximiis
1756 2624 1867 2679 vir-

298 2732 473 2777 tutum
510 2714 842 2775 ornamentis
866 2719 1177 2774 decoratum
1204 2732 1325 2774 esse
1351 2719 1666 2773 credebant.
1699 2714 1867 2772 Foras

296 2815 460 2884 igitur
515 2812 740 2884 egressi,
790 2811 941 2881 jussa
997 2811 1278 2875 continuo,
1329 2827 1450 2882 qua
1490 2811 1544 2864 in
1592 2810 1866 2864 mandatis

296 2907 590 2971 habebant,
619 2905 939 2961 nuntiarunt
970 2921 985 2970 ;
1015 2912 1130 2958 tum
1157 2904 1317 2957 variis
1350 2901 1865 2974 interrogationibus

298 3000 509 3055 beatam
537 3005 841 3053 matronam
900 2995 1214 3065 latigarunt,
1253 3003 1309 3049 et
1332 3009 1581 3064 quaenam
1609 3003 1773 3059 esset,
1811 3002 1868 3048 et

297 3088 439 3143 unde
469 3088 632 3141 tantis
665 3086 923 3141 virtutum
976 3086 1184 3141 meritis
1226 3094 1438 3140 ornata.
1498 3083 1687 3153 Neque
1718 3084 1864 3139 enim

1969 599 2121 653 οὔπω
2142 600 2296 670 δῆλον
2320 601 2377 654 δν
2393 601 2467 665 ώς
2485 602 2571 670 εῐη
2589 602 2724 671 γυνή
2745 639 2758 653 .
2775 601 2841 653 Ἠ
2867 600 2923 653 δὲ
2947 598 3043 672 τὴν
3070 602 3542 673 παρακαταθήκην

1971 692 2201 762 ἑτοίμως
2233 692 2472 760 ἐδέξατο,
2503 693 2612 749 τῶν
2658 693 2788 747 ῐσων
2840 694 2935 747 καὶ
2985 693 3126 765 αὐτὴ
3172 696 3354 763 τυχεῖν
3404 693 3542 765 παρ’

1970 786 2200 849 ἐκείνοις
2225 786 2506 852 ἐθέλουσα,
2531 786 2735 840 καὶτὸν
2756 787 2952 839 οἰκεῖον
2980 786 3140 839 πάλιν
3163 787 3346 849 αὐτοῖς
3371 805 3441 838 πα
3452 803 3546 857 pa.-

1972 878 2305 932 καταθέσθαι
2338 879 2522 942 ἵππον,
2558 877 2724 931 ἑπειδ⁹
2779 878 2844 930 ἄν
2883 876 3210 947 θεασάμενοι
3246 876 3338 930 τὸν
3382 879 3539 945 ᾶγιον

1971 970 2357 1042 ἁναστρέψωσι
2382 988 2396 1002 ·
2433 971 2630 1042 μελέτη
2659 972 2767 1043 γὰρ
2809 968 2878 1044 ἦν
2921 970 3059 1043 αὐτῇ
3094 970 3155 1023 τὸ
3200 971 3432 1040 πρᾶγμα
3460 970 3546 1022 δι·

1968 1064 2193 1133 ηνεκὴς,
2229 1063 2324 1117 καὶ
2369 1064 2505 1131 πρὸς
2563 1062 2721 1115 τοῦτο
2772 1063 2931 1130 μόνον
2954 1060 3129 1132 ἑώρα,
3160 1061 3307 1123 ὅπως
3339 1077 3399 1112 τε
3430 1060 3536 1113 ῖόοι

1972 1158 2065 1211 τὸν
2093 1157 2287 1228 ἄνδρα,
2318 1156 2416 1210 καὶ
2441 1157 2588 1217 ὅπως
2618 1156 2718 1223 τῆς
2750 1156 2881 1225 παρ’
2908 1153 3073 1207 αὑτοῦ
3096 1152 3349 1221 εὐλογίας
3379 1150 3547 1216 ἀξιω-

1972 1249 2115 1319 θείη.
2161 1248 2302 1302 Ἀλλ’
2331 1249 2432 1302 οῦκ
2476 1249 2756 1316 ἐξεγένετο
2784 1246 3093 1301 ἀπολαῦσαι
3120 1245 3258 1315 αὐτῇ
3284 1245 3384 1313 τῆς
3413 1245 3543 1296 ἐπιε-

1973 1343 2173 1414 θυμίας
2195 1358 2211 1373 °
2243 1342 2432 1411 ἐπειδὴ
2461 1344 2569 1412 γὰρ
2592 1341 2667 1404 ὡς
2699 1339 2791 1394 τδν
2830 1340 2985 1409 ἅγιον
3011 1336 3176 1411 ἦλθον
3198 1339 3247 1392 οἱ
3277 1335 3546 1409 στρατιῶδ

1971 1453 2084 1498 ται,
2116 1439 2212 1488 καὶ
2234 1435 2421 1505 ἔτυχον
2449 1434 2549 1506 ήδη
2581 1428 2655 1488 ὧν
2683 1433 2992 1503 ἐπεθύμουν
3020 1449 3032 1461 ·
3066 1432 3410 1502 Στρατιώτης
3436 1430 3538 1499 μὲν

1970 1521 2054 1591 εἷς
2088 1528 2146 1595 ὲξ
2170 1528 2345 1598 ὑμῶν,
2369 1528 2397 1580 ὁ
2418 1527 2561 1592 θεῖος
2590 1527 2728 1598 πρὸς
2771 1525 2967 1589 αὐτοὺς
2999 1524 3104 1595 ἔφη
3140 1521 3386 1595 Συμεὼν,
3432 1524 3538 1574 {me

1970 1622 2195 1693 ελείφθη
2221 1638 2237 1653 ·
2270 1622 2428 1692 ὑμεῖς
2450 1621 2508 1675 δὲ
2540 1617 2712 1674 suae
2737 1619 2803 1673 ἂν
2821 1620 2956 1690 πρὸς
2987 1619 3150 1673 αῦτδν
3181 1616 3540 1687 ἱπανέλθητε,

1975 1712 2167 1765 εῐπατε
2201 1710 2397 1780 τούτῳ,
2426 1710 2581 1775 ώςἭ
2601 1711 2702 1781 τῆς
2725 1710 2905 1779 ψυχῆς
2929 1727 3024 1763 σου
3054 1707 3331 1780 προσευχὴ
3363 1707 3441 1769 είς
3469 1706 3542 1758 τά

1969 1797 2083 1857 ὦτα
2109 1803 2205 1858 τοῦ
2256 1805 2461 1875 Κυρίου
2515 1802 2823 1874 ἁνὲση,καὶ
2853 1802 3122 1874 ηὐλόγησέ
3166 1818 3226 1854 σε
3271 1798 3475 1869 Κύριος
3511 1802 3542 1852 ὁ

1967 1896 2099 1960 Θεὸς
2126 1897 2155 1950 ὁ
2175 1894 2466 1965 ἐξεταστὴς
2510 1895 2859 1967 ἐνθυμήσεων
2910 1896 3005 1950 καὶ
3042 1894 3260 1949 ἐννοιῶν
3285 1893 3540 1964 καρδίας,

1973 1990 2068 2042 καὶ
2100 1988 2468 2059 εὐλογημένος
2508 1983 2559 2042 ei
2586 1988 2876 2063 cQKupirp
2896 2004 2909 2018 ·
2940 1988 3000 2041 τὸ
3033 1989 3207 2058 πέρας
3242 1985 3335 2040 οῦν
3360 1986 3537 2057 ἔχοντι

1965 2080 2066 2151 τῆς
2094 2079 2352 2149 σπουδῆς,
2389 2079 2587 2150 μηκέτι
2622 2097 2706 2133 σοι
2730 2080 2894 2152 δεήσῃ
2922 2080 3021 2149 τῆς
3055 2079 3190 2150 πρὸς
3213 2079 3280 2133 τὰ
3297 2077 3538 2132 ἐνταῦθα

1967 2170 2110 2227 ὁδοῦ.
2143 2171 2332 2226 Ταῦτα
2377 2172 2472 2227 τοῦ
2508 2171 2824 2242 θαυμαστοῦ
2856 2170 3084 2242 Συμεὼν
3115 2170 3423 2243 εἰρηκότος,
3448 2172 3537 2237 ἑξ·-

1971 2264 2140 2329 ιόντες
2174 2260 2230 2317 οῖ’
2255 2263 2582 2333 στρατιῶται
2612 2263 2709 2318 τοῦ
2761 2263 3052 2336 περιϐόλου
3100 2263 3538 2332 κατεπλήττοντο

1971 2357 2068 2427 μὲν
2096 2357 2198 2427 τῆς
2250 2356 2611 2428 προρρήσεως
2653 2356 2747 2410 τὸν
2792 2357 2980 2428 ἄνδρα,
3022 2354 3331 2425 ἐθαύμαζον
3353 2354 3538 2420 δὲιτέιν

1968 2446 2365 2517 ὑπολειφθέντα
2394 2447 2739 2520 στρατιώτην
2766 2446 2867 2516 τῆς
2893 2447 3094 2516 ἀρετῆς
3116 2445 3220 2516 (ἔτι
3243 2444 3353 2515 γὰρ
3373 2460 3539 2514 στρα-

1965 2539 2170 2609 τιώτην
2199 2537 2385 2608 ἠξίουν
2434 2537 2647 2602 καλεῖν,
2679 2536 2758 2610 τῷ
2784 2539 2951 2609 μήπω
2994 2537 3247 2606 γενέσθαι
3277 2537 3434 2608 δῆλον
3458 2537 3537 2601 ὡς

1967 2630 2053 2703 εἴη
2116 2632 2289 2703 γυνή)
2321 2631 2412 2684 τὸν
2458 2632 2567 2702 γὰρ
2608 2632 2878 2703 τοσαύτης
2917 2632 3192 2702 εὐφημίας
3220 2630 3352 2704 παρ’
3391 2629 3538 2684 οῦτω

1970 2725 2213 2796 μεγάλης
2258 2723 2354 2777 καὶ
2407 2724 2680 2795 μακαρίας
2724 2723 2971 2794 γλώττης
3030 2722 3361 2793 ἠξιωμένον,
3415 2721 3536 2786 πῶς

1966 2816 2088 2889 οὐχὶ
2128 2816 2224 2870 καὶ
2265 2816 2524 2886 μεγάλοις
2558 2815 2948 2888 κατορθώμασι
2972 2816 3357 2887 κεκοσμῆσθαι
3380 2815 3536 2884 νομί-

1967 2909 2081 2974 ζειν
2130 2908 2333 2979 έχρῆνς
2375 2908 2592 2979 Ἐπειδὴ
2628 2908 2805 2963 τοίνυν
2848 2908 3072 2979 ἐξῆλθον
3116 2909 3212 2963 τοῦ
3244 2908 3534 2978 περιϐόλου

1965 3000 2374 3069 ἀπαγγέλλουσι
2401 2999 2499 3068 μὲν
2530 2998 2674 3070 άπερ
2704 3000 2879 3053 εἰπεῖν
2916 2999 3327 3070 ἐπετράπησαν»
3360 2999 3533 3071 πσλλῇ

1964 3089 2022 3144 δὲ
2050 3091 2187 3160 πρὸς
2219 3090 2316 3161 τὴν
2346 3092 2622 3161 μακαρίαν
2645 3092 2860 3161 ἐκείνην
2890 3092 3188 3162 κέχρηνται
3226 3092 3293 3161 τῇ
3321 3090 3528 3160 δεήσει,

298 3181 409 3235 ullo
438 3188 618 3249 pacto,
655 3178 946 3242 addebant,
980 3177 1292 3232 mellilluum
1337 3177 1469 3233 illud
1500 3184 1556 3233 et
1584 3194 1749 3233 suave
1778 3194 1859 3243 os,

1968 3183 2052 3247 τίς
2070 3199 2130 3235 τε
2144 3183 2225 3251 εἴη
2244 3183 2338 3235 καὶ
2352 3184 2379 3235 ὅ
2402 3183 2453 3236 τί
2477 3182 2607 3236 ποτέ
2630 3185 2749 3236 ἐστι
2776 3183 2882 3237 τῶν
2902 3184 3073 3254 αὐτῆς
3094 3182 3551 3253 κατορθωμάτων

299 3273 456 3327 beata
505 3271 597 3326 illa
649 3270 936 3343 Symeonis
975 3270 1162 3343 lingua
1225 3280 1334 3326 tam
1386 3270 1741 3327 honoriﬁcam
1788 3272 1865 3326 tui

299 3362 632 3430 mentionem
699 3360 939 3427 fecisset,
989 3361 1093 3417 nisi
1145 3361 1320 3418 latens
1361 3362 1557 3433 aliquis
1602 3363 1865 3418 virtutum

298 3435 587 3507 thesaurus
643 3449 696 3504 in
736 3458 787 3505 te
807 3459 952 3506 esset
986 3452 1317 3507 reconditus.
1343 3451 1482 3507 Tum
1509 3451 1618 3519 illa,
1648 3453 1866 3524 cognito

300 3545 441 3617 quod
470 3544 604 3599 nihil
643 3559 826 3599 rerum
870 3560 1091 3598 suarum
1158 3545 1333 3599 virum
1368 3554 1617 3599 sanctum
1647 3545 1862 3609 lateret,

298 3638 464 3691 animi
492 3636 573 3692 sui
605 3651 800 3691 arcana
833 3636 960 3691 viris
983 3635 1088 3690 illis
1118 3637 1200 3692 vel
1228 3638 1392 3692 invita
1421 3637 1645 3701 detexit,
1676 3636 1865 3691 dicens

299 3732 354 3785 in
385 3732 501 3786 hanc
543 3730 739 3784 verba:
778 3728 861 3782 Me
886 3729 1126 3799 quidem,
1155 3728 1369 3791 fratres.
1417 3731 1625 3800 pridem
1676 3730 1867 3801 ingens

296 3831 546 3876 sanctum
577 3821 751 3874 virum
797 3835 978 3875 coram
1010 3821 1327 3891 aspiciendi,
1363 3832 1418 3876 et
1447 3838 1567 3893 quae
1590 3822 1645 3877 in
1674 3838 1741 3879 eo
1778 3823 1865 3877 in-

297 3921 426 3967 sunt
458 3911 692 3982 Spiritus
729 3911 871 3965 dona
895 3920 950 3966 et
981 3913 1180 3983 gratias
1207 3913 1381 3968 oculis
1415 3915 1670 3970 cernendi
1700 3931 1865 3970 occu-

298 4004 445 4074 pavit
506 4004 872 4065 desiderium;
934 4019 1060 4058 cum
1111 4019 1242 4060 vero
1300 4006 1500 4060 vallum
1554 4007 1863 4077 oppositum

300 4094 621 4150 mulieribus
651 4109 992 4164 nequaquam
1021 4095 1227 4167 ingredi
1267 4096 1470 4163 liceret,
1516 4114 1729 4168 mquum
1772 4100 1860 4169 ju-

296 4184 471 4239 dicavi
499 4199 690 4239 sexum
715 4187 987 4240 occultare
1020 4188 1236 4257 (mulier
1265 4188 1412 4243 enim
1465 4192 1607 4260 sum)
1640 4191 1865 4263 ejusque

293 4277 596 4333 contuitum
628 4284 744 4333 arte
791 4279 1007 4349 assequi
1058 4297 1071 4332 :
1123 4295 1310 4335 verum
1357 4297 1480 4336 cum
1536 4284 1705 4338 latere
1749 4300 1864 4339 non

295 4370 497 4441 possim
554 4386 678 4425 eum
740 4372 833 4441 qui
884 4373 1047 4427 etiam
1095 4376 1433 4428 occultorum
1482 4385 1566 4430 est
1594 4377 1860 4446 cognitor,

293 4460 488 4515 lubens
520 4461 646 4516 hinc
678 4462 949 4527 recedam,
983 4478 1160 4533 neque
1196 4464 1451 4520 mandato
1476 4465 1605 4523 huic
1627 4469 1865 4540 refraga-

1966 3275 2027 3329 τὸ
2059 3274 2288 3346 μέγεθος
2312 3274 2570 3344 δηλῶσαι.
2604 3274 2743 3329 Οὐδὲ
2779 3275 2888 3346 γὰρ
2937 3275 3003 3329 ἂν
3047 3275 3288 3338 πάντως,
3318 3275 3531 3343 ἔλεγον,

1965 3365 2028 3420 τδ
2082 3365 2338 3437 μελιχρὸν
2369 3367 2545 3419 ἐκεῖνο
2594 3352 2688 3420 καὶ
2726 3366 2824 3437 ἡδὺ
2855 3364 3053 3436 στόμα,
3087 3368 3120 3437 η
3154 3366 3403 3438 μακαρία
3432 3364 3534 3419 τοῦ

1967 3458 2193 3530 Συμεὼν
2228 3458 2466 3527 γλῶττα,
2498 3458 2589 3512 διὰ
2660 3457 2862 3529 πολλῆς
2908 3475 2968 3512 σε
3012 3456 3156 3513 οὕτω
3180 3459 3280 3529 τῆς
3310 3458 3534 3528 μνήμης

1964 3547 2123 3624 ἦγεν,
2153 3553 2203 3605 εἰ
2236 3552 2311 3623 μή
2342 3569 2425 3614 τις
2452 3551 2730 3606 λανθάνων
2785 3551 3012 3613 πλοῦτος
3070 3551 3283 3620 ἀρετῶν
3335 3550 3393 3603 ὲν
3448 3549 3537 3605 σοι

1964 3642 2390 3715 τεθησαὺριστο.
2430 3642 2498 3696 Ἦ
2521 3643 2579 3696 δὲ
2618 3644 2821 3711 γνοῦσα
2852 3643 2927 3709 ώς
2959 3645 3066 3713 ἄρα
3110 3644 3202 3698 τὸν
3225 3643 3379 3710 ἅγιον
3410 3639 3535 3695 κατ’

1965 3737 2136 3807 αὐτὴν
2159 3738 2309 3791 οὐδὲν
2340 3736 2600 3807 ἐλελήθει,
2642 3736 3011 3790 ἁνακαλύπτει
3044 3738 3157 3800 τοῖς
3191 3736 3406 3807 ἁδράσι,
3436 3735 3535 3787 καὶ

1968 3828 2046 3899 μὴ
2070 3827 2392 3900 βουλομένη,
2418 3829 2618 3890 πάντα,
2655 3826 2751 3880 καί
2795 3843 2931 3897 φησι
2953 3843 2967 3857 ο
2987 3825 3116 3897 Ἐμὲ
3137 3826 3257 3897 μὲν,
3286 3827 3530 3894 ἀδελφοὶ,

1966 3920 2137 3975 πολὺν
2156 3923 2349 3992 χρόνον
2381 3921 2522 3984 θεῖος
2556 3918 2699 3991 εἶχεν
2726 3920 2866 3990 ἔρως
2894 3920 3035 3973 κατὰ
3068 3918 3195 3973 θέαν
3215 3918 3309 3973 τοῦ
3336 3920 3532 3989 ἀνδρὸς

1966 4013 2287 4082 ἀφικέσθαι,
2320 4014 2539 4083 καὶτῆς
2570 4014 2627 4065 ὲν
2657 4011 2805 4082 αὑτῷ
2841 4012 2934 4065 τοῦ
2959 4012 3271 4082 ΙΙνεύματος
3312 4013 3536 4083 χάριτος

1966 4105 2146 4166 αὐτοῖς
2192 4103 2492 4173 ὀφθαλμοῖς
2532 4102 2876 4159 ἀπολαῦσαι·
2912 4103 3100 4174 ἐπειδὴ
3135 4103 3191 4155 δὲ
3221 4104 3322 4156 οὐκ
3351 4103 3537 4172 ἐφεῖτο

1967 4198 2229 4265 γυναιξὶν
2262 4196 2563 4249 ἐπιϐαίνειν
2581 4196 2675 4249 τοῦ
2704 4194 3013 4267 περιϐόλου,
3046 4195 3163 4248 δέον
3192 4194 3378 4267 ᾠήθην
3395 4196 3535 4266 κρύ-

1964 4289 2063 4358 ψαι
2091 4290 2191 4358 τὴν
2219 4288 2381 4358 φύσιν
2410 4288 2548 4359 (εἰμὶ
2574 4289 2684 4358 γὰρ
2729 4287 2914 4359 γυνὴ),
2943 4289 3037 4341 καὶ
3060 4286 3158 4358 τήν
3208 4287 3336 4341 θέαν
3375 4288 3537 4358 σοφί-

1966 4381 2197 4435 σασθαι·
2234 4381 2350 4435 ἀλλ’
2381 4380 2569 4448 ἐπειδὴ
2616 4380 2708 4434 καὶ
2746 4380 2997 4451 γνώστης
3039 4380 3283 4450 κρυφίων
3310 4382 3340 4434 ὁ
3368 4381 3534 4451 ἀνὴρ,

1966 4475 2062 4526 καὶ
2083 4472 2206 4525 οὐδὲ
2251 4471 2394 4526 οὕτω
2447 4472 2631 4526 λαθεῖν
2682 4472 2913 4538 ἔξεστιν,
2966 4473 3162 4543 ἄπειμι
3194 4473 3402 4530 λοιπὸν.
3441 4475 3538 4527 καὶ

298 4553 416 4619 hor,
447 4553 559 4622 jam
583 4554 730 4610 enim
762 4554 1199 4611 benedictionem
1228 4556 1479 4624 obtinui;
1522 4574 1701 4631 neque
1734 4563 1861 4632 quia

1967 4563 2066 4618 οὐκ
2098 4563 2537 4634 ἀντιφθέγγομαι
2578 4563 2655 4634 τῷ
2694 4564 3076 4634 προστάγματι
3099 4563 3377 4635 ⁴ὴξίωμαι
3425 4564 3540 4636 γὰρ

295 4643 447 4708 latui,
481 4645 576 4699 sed
597 4647 722 4714 quia
744 4644 1083 4715 deprehensa
1112 4661 1256 4712 sum,
1283 4649 1509 4719 gratiam
1536 4666 1700 4720 quam
1720 4654 1865 4708 volui

294 4733 600 4803 impetravi.
650 4734 745 4790 His
795 4736 957 4791 dictis
1002 4751 1034 4791 a
1083 4736 1253 4806 proba
1286 4736 1374 4793 illa
1404 4740 1653 4806 muliere,
1692 4742 1862 4797 multo

295 4826 470 4896 magis
492 4826 741 4881 admirati
762 4836 892 4881 sunt
919 4826 1098 4883 virum
1122 4827 1344 4895 milites,
1379 4838 1434 4885 et
1461 4829 1518 4884 in
1561 4844 1713 4886 suam
1740 4835 1864 4903 qui-

292 4931 399 4988 que
431 4916 691 4973 ditionem
717 4917 918 4973 reversi
946 4923 1094 4973 sunt.

365 5189 481 5258 (29)
512 5186 790 5264 Disparem
821 5200 1076 5246 eventum
1114 5192 1306 5250 similis
1350 5194 1588 5264 consilii,
1620 5198 1712 5254 sed
1737 5217 1860 5255 cum

291 5260 470 5337 aliqua
527 5260 619 5337 (ut
656 5264 903 5331 apparet)
957 5264 1263 5337 temeritate
1305 5276 1362 5320 et
1410 5260 1741 5337 procacitate
1769 5286 1862 5324 su-

289 5331 481 5408 scepti,
509 5330 676 5408 refert
712 5330 935 5408 sanctus
959 5331 1183 5408 Gregor.
1217 5330 1428 5390 Turon:
1452 5335 1528 5391 De
1540 5336 1710 5408 gloria
1737 5355 1857 5394 cou-

288 5398 415 5467 l'esi.
439 5415 560 5523 cap).
596 5401 686 5467 26,
726 5400 816 5455 ubi
843 5401 909 5455 de
932 5398 1122 5456 sancto
1139 5402 1409 5474 Symeone
1431 5398 1597 5477 agens
1634 5409 1705 5462 ita
1731 5411 1868 5464 scri-

288 5473 371 5523 bit
394 5487 409 5523 :
456 5489 475 5521 ι
552 5482 803 5523 ostouam
837 5486 967 5523 vero
991 5472 1260 5523 columnae
1274 5474 1489 5523 editiori
1511 5477 1868 5523 sesanctitam

288 5473 409 5526 bit:
456 5489 475 5521 ι
507 5472 803 5540 Postquam
837 5486 967 5527 vero
991 5472 1260 5528 columnae
1274 5472 1490 5531 editiori
1511 5477 1869 5534 sesanctitate

288 5540 506 5612 fervens
535 5541 761 5605 invexit,
784 5555 894 5596 non
916 5542 1080 5612 modo
1104 5553 1378 5607 extranea:
1402 5545 1641 5612 mulieri,
1673 5561 1863 5604 verum

287 5611 454 5666 etiam
482 5626 585 5686 nec
614 5613 847 5686 propria:
869 5610 1032 5686 matri
1076 5627 1136 5668 se
1151 5614 1461 5686 videndum
1496 5610 1769 5686 permisit.
1806 5620 1868 5672 Et

287 5694 436 5735 nunc
472 5684 637 5754 etiam
689 5681 868 5754 locum
902 5683 1081 5753 ipsum
1115 5683 1185 5739 ab
1214 5681 1380 5754 hujus
1418 5681 1579 5742 sex'us
1615 5687 1869 5742 defensat

286 5762 534 5830 accessu.
569 5752 703 5806 Nam
732 5752 934 5830 lerunt,
971 5754 1261 5830 quamdam
1290 5752 1595 5830 mulierem
1619 5758 1865 5830 indutam

294 5824 466 5876 fuisse
515 5833 668 5879 veste
724 5825 892 5890 virili,
922 5835 975 5878 et
1011 5826 1064 5880 in
1095 5824 1369 5882 basilicam
1394 5827 1598 5895 ingredi
1628 5827 1862 5884 voluisse

1967 4652 2069 4725 ήδη
2115 4654 2216 4725 τῆς
2272 4654 2544 4722 εὐλογίας,
2579 4655 2641 4707 οὐ
2679 4653 2746 4707 δι’
2774 4647 2850 4708 ὦν
2886 4652 3040 4719 ἔδοξα
3072 4654 3277 4720 λαθεῖν,
3301 4654 3419 4709 ἀλλ’
3441 4654 3537 4723 ἀφ.

1968 4740 2045 4800 ὧν
2070 4746 2266 4811 ἑάλων,
2309 4745 2409 4814 τῆς
2452 4746 2676 4817 χάριτος
2720 4744 3097 4800 ἀπολαύσασα.
3143 4745 3385 4800 Τοιαῦτα
3436 4747 3538 4816 τῆς

1968 4839 2212 4909 χρηστῆς
2243 4838 2460 4907 ἐκείνης
2505 4839 2764 4905 γυναικὸς
2801 4836 3200 4909 διεξελθούσης,
3228 4838 3322 4891 ἐπὶ
3373 4839 3540 4893 πλέον

1970 4928 2356 4999 θαυμάσαντες
2395 4928 2488 4983 τὸν
2537 4927 2706 4998 ἄνδρα
2735 4928 2783 4980 ei.
2823 4928 3174 4998 στρατιῶται,
3206 4928 3341 5001 πρὸς
3364 4928 3433 4982 τά
3459 4930 3542 4982 οἱ-

1974 5023 2096 5074 κεῖα
2125 5020 2354 5084 ἕκαστος
2379 5021 2705 5092 ἐπανῄεσαν.

1966 5204 2253 5278 columnae.
2285 5203 2766 5278 Tractavitsecum
2808 5207 3030 5278 misera,
3059 5221 3219 5278 agere
3244 5222 3403 5277 posse
3440 5223 3494 5276 pr
3517 5227 3544 5262 r

1964 5272 2369 5346 indumentum,
2397 5275 2541 5346 quod
2571 5275 2736 5346 latere
2766 5284 2950 5346 posset
2979 5272 3339 5346 AltiSsimtim,
3378 5272 3538 5343 igni»-

1964 5357 2091 5415 rans
2126 5344 2255 5415 illud
2276 5343 2539 5414 Apos’toli,
2574 5364 2592 5396 ι
2627 5345 2751 5415 quia
2767 5343 2925 5400 'Deus
2961 5362 3068 5400 non
3102 5345 3390 5408 irridetur;
3433 5366 3452 5397 ι
3487 5356 3544 5400 «οι

1967 5411 2089 5468 licet
2123 5412 2199 5486 ibi
2234 5411 2459 5486 veniens
2485 5416 2551 5486 ad
2583 5411 2842 5485 templum
2874 5416 3047 5471 erexit
3076 5418 3292 5486 pedem,
3324 5427 3384 5470 ut
3410 5431 3542 5470 san-

1965 5491 2114 5553 ctum
2141 5484 2513 5554 ingrederetur
2536 5484 2725 5549 limen,
2758 5493 2937 5540 tamen
2971 5484 3220 5554 protinus
3240 5496 3542 5553 retrorsum

1966 5552 2132 5626 ruens
2150 5552 2364 5626 cecidit.
2401 5562 2456 5608 et
2484 5563 2694 5626 mortua
2729 5564 2813 5626 est
2849 5574 2862 5610 :
2898 5552 3140 5626 satisque
3169 5556 3270 5610 fuit
3298 5552 3539 5625 populis.

1964 5636 2034 5695 ne
2086 5624 2202 5679 hac
2266 5624 2408 5679 ultra
2463 5624 2659 5678 mulier
2701 5625 2806 5678 ulla
2852 5624 3229 5695 prmsumeret,
3295 5624 3418 5681 eum
3480 5630 3540 5680 in

1964 5691 2121 5746 istam
2149 5702 2399 5768 cerneret
2432 5695 2690 5768 ultionem
2707 5691 2959 5768 pessime
3001 5696 3316 5768 irrogatam.
3363 5715 3381 5747 ι
3419 5698 3543 5750 Ade)

1963 5776 2177 5836 quoque
2216 5763 2536 5836 Viennensis
2555 5765 2658 5836 ‘inA
2694 5763 3098 5836 Martyrologio,
3123 5763 3452 5829 'Notkerus.
3480 5776 3544 5823 et

1964 5834 2210 5892 qua'dam
2248 5849 2379 5888 mss.
2420 5833 2522 5889 sub
2553 5832 2708 5890 Beda:
2742 5832 3156 5902 nominefidem
3201 5836 3464 5895 referunt.
