3868 6502
302 442 409 505 365

1368 446 1547 508 VITA
1584 446 1650 504 S.
1688 430 2063 531 SYMEONIS
2100 440 2452 500 STYLITIE;

3437 418 3543 496 1.133

1758 572 1985 629 CAPUT
2018 573 2110 629 IX.

1376 691 1618 748 Antiochi
1640 682 1861 747 latronis
1886 695 2171 757 conversio,
2189 688 2278 761 pia
2312 690 2475 746 mors.

374 809 473 882 λ,β’.
510 808 621 864 Καὶ
654 807 814 864 τοῦτο
846 793 943 879 μὲν
966 808 1031 882 δὴ
1060 796 1320 866 τοιοῦτον.
1372 811 1589 864 Ἐκεῖνον
1621 812 1676 866 δὲ
1703 811 1786 876 τίς
1814 812 1878 864 ἂν

2055 809 2144 867 52.
2176 794 2375 890 Ειειιοο
2403 805 2621 878 quidem
2665 784 2987 862 miraculum
3034 784 3158 862 tale.
3206 783 3341 873 Quis
3368 815 3550 861 autem

311 902 690 975 παραδραμεῖν
743 896 1048 973 ἐθελήσειεν
1074 924 1090 969 ;
1120 892 1339 974 Λῃστῆς
1395 899 1484 974 ἦν,
1517 905 1612 958 καὶ
1668 904 1879 975 λῃστῶν

309 998 337 1048 ὁ
362 992 745 1065 χαλεπώτατος
766 989 864 1047 καὶ
892 994 1342 1065 μιαιφονώτατδς.
1384 995 1656 1066 ’Δντίοχος
1687 996 1877 1066 ὄνομα,

310 1086 407 1154 τὴν
432 1085 750 1155 ἐπωνυμίαν
801 1086 1107 1154 Ἀγόνατος.
1151 1078 1320 1150 Οὗτος
1363 1083 1500 1160 ἦρχε
1529 1089 1628 1159 μὲν
1657 1088 1880 1161 λῃστρι-

311 1176 408 1230 κοῦ
461 1172 707 1246 στίφους,
744 1175 967 1248 ἐκράτει
990 1177 1047 1231 δὲ
1072 1178 1134 1231 οὗ
1177 1179 1378 1247 μᾶλλον
1410 1179 1519 1231 τῶν
1570 1179 1884 1250 ἀρχομένων

308 1269 374 1337 τῇ
404 1267 568 1337 βουλῇ
594 1269 719 1319 ὅσον
747 1269 812 1338 τῇ
847 1268 946 1336 τῆς
977 1265 1158 1339 χειρὸς
1202 1269 1376 1340 τόλμῃ
1412 1270 1504 1323 καὶ
1533 1266 1612 1339 τῷ
1660 1264 1757 1340 τῆς
1783 1269 1885 1341 ψυ-

311 1358 407 1425 χῆς
464 1356 678 1428 θράσει,
726 1360 823 1410 καὶ
856 1360 922 1429 τῇ
975 1360 1103 1430 περὶ
1138 1360 1264 1423 τοὺς
1309 1359 1592 1424 κινδύνους
1631 1355 1880 1430 ἀπονοία.

312 1446 469 1499 υῦτω
499 1447 609 1517 γὰρ
642 1447 894 1518 σώματος
927 1443 1041 1518 εἶχε
1077 1450 1268 1519 ῥώμης
1312 1451 1406 1503 καὶ
1439 1452 1662 1522 ταχείας
1686 1448 1883 1519 ποδῶν,

309 1539 403 1591 καὶ
449 1539 675 1593 τοσοῦτο
719 1540 931 1604 τούτοις
982 1540 1226 1613 ἐθάρρει,
1268 1541 1354 1606 ὠς
1398 1543 1494 1596 καὶ
1538 1542 1887 1615 πολυανθρω-

313 1630 571 1694 ποτάτοις
608 1631 827 1702 κώμαις
860 1633 952 1685 καὶ
982 1633 1170 1697 αὐτοῖς
1223 1634 1399 1706 δήπου
1420 1634 1519 1703 τῆς
1554 1635 1886 1706 Ἀντιοχείας

313 1723 658 1790 προαστείοις
703 1724 1012 1796 ὲπιφοιτᾷν,
1062 1725 1354 1780 καὶταῦτα
1400 1720 1718 1795 ληϊζεσθὰι*
1749 1730 1799 1782 εἰ
1829 1728 1886 1782 δέ

312 1814 415 1866 που
451 1813 754 1868 κα¹ιῖππων
797 1815 1054 1886 ἐπιϐῆναι
1110 1815 1314 1889 δεήσοι,
1346 1812 1585 1890 θηλειῶν
1631 1802 1887 1885 ἐπέϐαινε

311 1905 401 1959 διὰ
437 1905 502 1958 τδ
526 1906 712 1978 τάχος.
763 1906 964 1962 Τοῦτον
1021 1905 1210 1980 ἐπειδὴ
1259 1908 1427 1973 πολὺς
1461 1898 1597 1982 ἦγεν
1639 1912 1672 1981 ἡ
1703 1912 1886 1981 φήμη,

312 1996 537 2069 ἁναίεην
565 1996 707 2051 οὕτω
737 2002 803 2073 τῇ
839 1998 1065 2071 λῃστείᾳ
1084 1999 1387 2071 χρώμενον,
1411 1986 1698 2073 ἐνήδρευον
1726 2002 1888 2057 αὐτὸν

312 2084 524 2150 πολλοὶ,
555 2087 651 2141 καὶ
670 2090 717 2142 οί
736 2072 991 2152 κολάζειν
1007 2090 1132 2154 τοὺς
1161 2091 1266 2143 ἀτα
1276 2072 1890 2161 κτοῦνταςὲπιτετραμέ-

1981 909 2271 973 prmtcreat
2310 898 2452 969 quod
2485 899 2741 969 deinceps
2788 896 3068 952 narratum
3106 898 3211 953 eo?
3234 897 3394 952 Latro
3429 913 3550 953 om-

1983 997 2134 1048 nium
2177 994 2493 1064 praedonum
2522 983 2681 1062 longe
2728 991 3160 1055 crudelissimus,
3220 1000 3277 1046 et
3317 991 3553 1046 maxime

1981 1084 2429 1154 sanguinolentus
2496 1072 2630 1151 (ΞΟ),
2686 1081 2986 1136 Antiochus
3051 1081 3292 1147 nomine,
3347 1095 3554 1151 cogno-

1984 1189 2168 1232 mento
2217 1168 2515 1248 Agonatus,
2562 1165 2883 1230 sicariorum
2937 1172 3149 1248 cohorti
3202 1160 3451 1241 praeerat,
3499 1181 3557 1227 οι

1983 1284 2092 1323 non
2127 1269 2297 1339 magis
2329 1267 2561 1322 consilio
2605 1281 2765 1334 quam
2802 1256 3000 1318 virium
3056 1245 3251 1318 robore
3304 1250 3358 1317 et
3388 1263 3556 1318 animi

1984 1363 2207 1416 audacia
2294 1360 2526 1416 subditis
2588 1357 2933 1428 imperitabat
2990 1364 3151 1426 atque
3234 1355 3434 1427 insigni
3497 1355 3558 1410 in

1983 1452 2247 1508 adeundis
2292 1450 2550 1522 periculis
2591 1450 2915 1505 temeritate.
2953 1440 3189 1502 Tantum
3232 1447 3377 1501 enim
3431 1462 3557 1502 coro

1985 1545 2133 1619 poris
2165 1545 2383 1619 robore,
2413 1552 2470 1597 et
2502 1542 2701 1619 pedum
2722 1612 2723 1615 η
2744 1540 3023 1596 celeritate
3066 1529 3324 1611 pollebat,
3375 1535 3561 1615 itaque

1985 1638 2052 1693 iis
2077 1616 2295 1701 fidebat,
2326 1646 2385 1709 ut
2411 1616 2862 1709 populosissimos
2892 1647 3078 1703 pagos,
3110 1632 3272 1709 etiam
3304 1632 3420 1703 ipsa
3444 1633 3558 1686 Ané

1987 1728 2203 1806 tiocltiae
2259 1708 2410 1783 urbis
2468 1708 2729 1782 suburbia
2782 1714 3042 1806 invadere
3080 1736 3145 1779 ac
3181 1708 3419 1794 diripere
3447 1726 3556 1779 non

1985 1796 2281 1891 dubitaret.
2312 1817 2368 1873 Si
2392 1802 2611 1888 quando
2632 1831 2777 1886 equo
2807 1796 2933 1870 vehi
2961 1830 3188 1871 necesse
3216 1802 3354 1889 erat,
3388 1830 3561 1884 equas

1986 1910 2057 1964 ob
2079 1909 2343 1988 majorem
2372 1908 2712 1988 celeritatem
2755 1908 3177 1963 conscendebat.
3215 1906 3371 1963 Hunc
3409 1918 3560 1979 post-

1987 2016 2148 2071 quam
2183 1984 2477 2077 mul'torum
2544 1984 2687 2055 fama
2732 2000 2991 2072 vulgavit,
3038 2001 3189 2056 nullo
3231 2002 3559 2072 prohibente

1986 2095 2112 2149 vitae
2132 2074 2469 2163 praedatoria:
2496 2107 2720 2163 operam
2748 2093 3000 2159 dantem,
3028 2092 3181 2149 multi
3213 2094 3289 2165 illi
3330 2093 3562 2152 insidias

316 2181 490 2251 μένοι,
542 2180 687 2234 ’ὥστε
732 2180 824 2235 τὸν
861 2180 1133 2252 Ἀντίοχον
1193 2181 1475 2235 συλλαϐεῖν
1521 2184 1649 2254 περὶ
1683 2181 1885 2247 παντὸς

2000 2191 2331 2263 struxerunt,
2368 2172 2484 2239 tum
2516 2184 2858 2255 potissimum
2893 2185 3092 2254 quibus
3115 2184 3408 2257 ﬂagitiosos
3457 2203 3561 2258 pu-

313 2268 615 2325 ἒποιοῦντο.
659 2273 749 2325 Ἐν
783 2272 1082 2358 πανδοκείῳ
1120 2272 1253 2342 γοῦν
1300 2290 1429 2327 ποτε
1485 2273 1821 2338 καταλύσας,
1858 2277 1886 2328 ὁ

316 2360 416 2435 μὲν
471 2364 602 2434 περ)⁸
651 2366 846 2429 πότους
893 2360 1007 2434 εἶχε
1052 2365 1147 2420 καὶ
1199 2365 1394 2434 μέθας,
1428 2364 1778 2438 στρατιωτῶν
1830 2364 1888 2420 δὲ

318 2457 507 2523 στῖφος
536 2454 878 2526 πεντήκοντα
904 2456 1041 2527 πρὸς
1090 2463 1202 2520 τοῖς
1259 2455 1453 2511 ἑκατὸν
1493 2454 1717 2529 ἀνδράσι
1748 2458 1888 2528 πλη-

320 2549 609 2620 ρούμενον,
636 2548 827 2618 καιρὸν
856 2548 920 2620 δὴ
960 2548 1150 2602 τοῦτον
1193 2549 1504 2621 ἐπιτήδειον
1543 2553 1642 2621 τῆς
1678 2534 1888 2607 ἐκείνου

320 2640 637 2710 συλλήψεως
698 2640 1015 2708 οἰηθέντες,
1068 2640 1449 2710 περιίστανται
1508 2640 1769 2697 πάντοθεν
1829 2642 1891 2695 τὸ

318 2733 636 2803 πανδοχεῖον
657 2745 671 2762 ⁸
702 2735 729 2786 ὁ
753 2730 808 2786 δὲ
841 2733 918 2796 ὡς
952 2729 1148 2804 ᾔσθετο
1180 2734 1279 2803 τῆς
1306 2733 1626 2804 ἐπιϐουλῆς,
1660 2733 1782 2786 οὗτε
1815 2733 1892 2803 τῷ

317 2824 419 2894 τῆς
449 2824 686 2896 γαστρὸς
715 2825 921 2896 φόρτῳ,
950 2824 1073 2879 οὔτε
1122 2827 1200 2895 τῷ
1253 2825 1347 2879 106
1382 2826 1528 2882 οίνου
1576 2828 1730 2900 κάρῳ
1787 2829 1886 2899 τὴν

319 2915 622 2990 λῃστρικὴν
652 2916 856 2987 τόλμην
887 2919 1074 2986 φανεὶς
1106 2918 1466 2991 ἀτονώτερος,
1505 2920 1683 2972 πνέων
1708 2937 1766 2972 τε
1800 2920 1889 2972 θυ-

326 3007 429 3077 μοῦ
468 3007 778 3073 ἀνίσταται,
807 3009 901 3063 καὶ
938 3009 1047 3063 τῶν
1098 3010 1330 3080 ἱματίων
1369 3012 1470 3064 ὃσα
1516 3012 1702 3081 φέρειν
1731 3010 1892 3082 ἄχθος

322 3099 472 3168 αὐτῴ
497 3094 567 3169 ἦν
603 3099 811 3161 ἐπιθεὶς
852 3102 919 3171 τῇ
939 3101 1110 3170 ἵππῳ,
1133 3104 1249 3166 ταῖς
1282 3100 1560 3172 παλάμαις
1587 3102 1896 3174 ἀναιρεῖται

322 3190 384 3243 τὸ
411 3190 587 3259 ξίφος,
619 3191 714 3243 καὶ
744 3190 904 3245 τοῦτο
940 3193 1184 3263 συνεχῶς
1214 3193 1630 3263 ἀνατεινόμενος
1674 3194 1895 3266 θυμοει⁹

322 3275 429 3345 δῶς
456 3283 598 3351 ἄγαν
622 3283 715 3336 καὶ
745 3282 987 3354 μανικῶς
1012 3285 1203 3356 μηδενὶ
1225 3284 1553 3356 πλησιάζειν
1577 3285 1725 3357 αὐτῷ
1754 3304 1898 3359 παρ-

325 3374 530 3445 ηγγῦα,
570 3376 666 3428 καὶ
696 3375 926 3446 φοϐερὸς
968 3376 1138 3447 ἐξῄει.
1177 3373 1386 3442 ’Ἄλλως
1411 3395 1473 3431 τε
1532 3378 1628 3432 καὶ
1670 3378 1899 3450 ήῖππος

328 3462 476 3537 αὐτῷ
500 3466 856 3520 συνεϐάλλετο
880 3464 1016 3539 πρὸς
1039 3467 1373 3539 κατάπληξιν
1398 3470 1563 3540 μέρος
1579 3470 1639 3523 οὔ
1668 3471 1862 3541 μικρόν
1882 3487 1895 3500 ·

327 3558 393 3618 ἑκ
424 3564 626 3619 πολλοῦ
666 3566 775 3636 γὰρ
802 3563 940 3636 αὐτῇ
994 3554 1395 3637 δεδιδαγμένον,
1431 3548 1532 3630 λάξ
1571 3583 1631 3618 τε
1668 3567 1776 3629 τοῖς
1804 3552 1902 3635 ἐμ.-

329 3654 616 3728 προσθίοις
642 3659 798 3711 ποσὶν
827 3658 1084 3711 ἐπέϐαινε
1112 3658 1221 3712 τῶν
1242 3656 1383 3712 κατὰ
1412 3659 1704 3730 πρόσωπον
1720 3660 1900 3713 ὑπαν-

327 3747 571 3816 τώντων,
601 3749 709 3803 τῶν
741 3750 960 3821 σαρκῶν
984 3768 1044 3803 τε
1061 3751 1266 3822 ἥπτετο
1286 3752 1397 3816 τοῖς
1418 3737 1617 3817 ὀδοῦσι,
1644 3751 1742 3806 καὶ
1766 3751 1903 3816 ὅλως

328 3827 478 3912 δεινή
506 3840 589 3906 τις
619 3838 686 3914 ἦν
721 3839 1068 3915 καταπλῆξαι
1118 3844 1210 3896 τὸν
1259 3844 1662 3914 προσπεσόντα,
1698 3844 1793 3899 καὶ
1823 3846 1903 3908 εἰς

329 3933 447 3995 δέος
501 3935 709 4002 ἄφατον
757 3936 1036 4006 ἐμϐαλεῖν.
1068 3936 1290 4000 Τούτοις
1345 3936 1636 4007 τοιγαροῦν
1686 3936 1751 4011 τὸν
1794 3936 1903 3989 τῶν

333 4025 685 4097 στρατιωτῶν
721 4028 924 4097 πλῆθος
969 4028 1323 4099 διαταράξας,
1352 4028 1527 4091 ἄλλως
1569 4045 1630 4081 τε
1672 4029 1770 4082 καὶ
1805 4028 1904 4096 τὴν

328 4120 541 4193 οἰκείαν
580 4118 771 4189 φήμην
805 4118 1265 4188 προοδοποιοῦσαν
1297 4117 1460 4189 ἔχων,
1486 4120 1581 4171 καὶ
1621 4118 1692 4172 τὰ
1734 4117 1907 4171 πολλὰ

335 4194 925 4280 συγκατεργαζομένην
950 4209 1118 4281 αὐτῷ,
1151 4206 1244 4263 κάι
1276 4209 1382 4281 πρὸ
1408 4212 1503 4281 τῆς
1535 4210 1746 4263 ἐκείνου
1779 4207 1907 4272 θέας

335 4303 502 4373 φόϐον
529 4306 645 4368 τοῖς
694 4302 909 4366 πολλοῖς
934 4300 1292 4373 ἐμποιοῦσαν,
1330 4286 1421 4356 τὸν
1467 4302 1693 4373 ἔσχατον
1731 4298 1910 4354 κίνδυ-

334 4413 423 4471 νον
448 4395 738 4464 διαφεύγει
770 4411 783 4426 ·
819 4398 911 4449 καὶ
953 4397 1051 4466 τῆς
1082 4376 1248 4450 ἵππου
1274 4392 1469 4459 ἐπιϐὰς
1507 4390 1599 4449 οἷά
1627 4393 1909 4471 «eam»;

334 4469 545 4559 λῃστὴς
578 4490 672 4540 ἐπὶ
702 4486 793 4540 τὸν
823 4489 879 4540 ἐν
916 4486 994 4557 τῷ
1052 4486 1228 4558 στύλῳ
1276 4485 1696 4558 προσηλωμένον
1745 4501 1912 4538 κατα·-

342 4579 542 4646 ςοεύγει
565 4592 580 4606 ⁸
612 4577 733 4649 ᾔδει
770 4578 878 4647 γὰρ
909 4578 1072 4631 αὐτὸν
1116 4578 1364 4654 μαθητὴν
1384 4578 1515 4631 ὅντα
1539 4576 1633 4631 τοῦ
1667 4593 1911 4654 σταυρω‹

341 4659 527 4731 θέντος
560 4667 703 4739 ὑπὲρ
735 4668 838 4738 τῆς
870 4668 964 4722 τοῦ
1018 4652 1217 4732 παντδς
1267 4668 1562 4740 σωτηρίας.
1593 4652 1700 4720 Καὶ
1743 4667 1915 4719 ταῦτα

337 4746 547 4832 λῃστὴς
595 4759 695 4824 ῶν,
752 4764 871 4826 καὶ,
910 4748 1095 4816 Σῶσον
1127 4761 1306 4833 ψυχὴν
1353 4759 1752 4831 ἀπολλυμένην,
1791 4759 1915 4826 ἅγιε

1989 2277 2176 2332 niendi
2218 2291 2351 2331 cura
2384 2276 2676 2332 commissa
2704 2285 2807 2339 est,
2848 2277 3179 2332 Antiochum
3197 2279 3560 2348 comprehen-

1989 2369 2120 2425 dere
2156 2368 2285 2424 totis
2336 2368 2546 2424 viribus
2578 2368 2758 2423 adnisi
2793 2377 2942 2423 sunt.
2991 2365 3131 2424 Cum
3185 2369 3476 2440 aliquando
3506 2370 3560 2424 in

1991 2461 2228 2531 hospitio
2254 2464 2582 2525 moraretur,
2616 2460 2797 2531 ibique
2834 2468 3068 2531 potaret,
3104 2452 3340 2516 militum
3364 2461 3563 2534 cohors

1991 2551 2383 2623 quinquaginta
2416 2566 2580 2621 supra
2618 2562 2860 2616 centum,
2889 2552 2992 2607 hoc
3044 2552 3301 2607 idoneum
3333 2552 3401 2608 ad
3437 2568 3563 2608 eum

1992 2644 2317 2716 capiendum
2348 2653 2562 2715 tempus
2595 2652 2733 2708 rata,
2784 2645 3005 2700 domum
3056 2646 3299 2716 undique
3327 2646 3566 2701 circum-

1992 2738 2143 2792 dant.
2198 2736 2298 2793 Hic
2347 2752 2477 2792 vero
2528 2746 2588 2791 ut
2638 2737 2810 2792 sensit
2862 2737 3105 2803 insidias,
3155 2753 3331 2808 neque
3360 2738 3570 2795 ventris

1993 2844 2179 2894 onere,
2202 2845 2382 2899 neque
2407 2829 2524 2895 vini
2551 2837 2778 2884 veterno
2805 2829 3103 2898 quidquam
3150 2829 3219 2883 de
3244 2830 3567 2899 praedatoria

1995 2921 2221 2976 audacia
2262 2921 2570 2983 remittens,
2599 2920 2881 2976 iracundia
2910 2929 3151 2976 aestuans
3182 2922 3445 2993 exsurgit,
3478 2921 3567 2977 ine

1994 3016 2380 3072 dumentorum
2448 3014 2665 3070 sarcina
2721 3023 2924 3084 quanta
2984 3014 3160 3084 potuit
3217 3013 3570 3070 festinatione

1997 3098 2150 3177 equa:
2180 3106 2452 3177 imposita,
2483 3122 2648 3161 manu
2672 3106 2908 3178 gladium
2932 3106 3132 3173 educit,
3152 3120 3327 3177 eoque
3348 3107 3571 3162 assidue

1999 3197 2056 3252 in
2085 3213 2213 3254 aere
2244 3200 2417 3254 instar
2461 3198 2651 3253 furiosi
2704 3206 2760 3253 et
2788 3198 3058 3254 dementis
3087 3198 3324 3277 vibrath
3362 3198 3569 3255 nemini

2000 3291 2103 3347 sibi
2124 3288 2600 3362 appropinquandi
2624 3290 2754 3346 fecit
2806 3291 3113 3360 licentiam;
3150 3300 3406 3362 totusque
3433 3292 3573 3348 adeo

2002 3382 2359 3439 formidabilis
2379 3382 2617 3453 hospitio
2644 3383 2939 3455 egreditur.
2966 3384 3033 3438 Et
3059 3399 3199 3453 equa
3228 3399 3339 3439 non
3377 3381 3570 3454 parum

2001 3475 2069 3530 ad
2091 3484 2357 3530 terrorem
2397 3475 2777 3531 incutiendum
2818 3474 2918 3544 ipsi
2951 3475 3188 3545 profuit;
3217 3475 3306 3530 illa
3335 3477 3483 3531 enim
3517 3485 3574 3531 et

2002 3567 2243 3624 calcibus
2289 3567 2654 3623 anterioribus
2697 3566 2975 3621 insiliebat
3017 3566 3074 3621 in
3117 3576 3489 3633 occurrentes,
3518 3577 3574 3623 et

2003 3658 2260 3716 dentibus
2292 3657 2597 3725 mordebat,
2620 3657 2890 3728 planeque
2924 3656 3201 3713 sutiiciens
3258 3665 3375 3713 erat
3422 3672 3577 3713 accc:

2006 3751 2198 3807 dentes
2223 3749 2541 3821 percellere,
2569 3758 2627 3806 et
2663 3763 2921 3821 magnum
2950 3749 3017 3805 iis
3040 3758 3301 3804 terrorem
3324 3747 3572 3818 injicere.

2006 3842 2105 3900 llis
2141 3842 2400 3899 omnibus
2422 3857 2547 3897 cum
2576 3841 2810 3896 militum
2844 3838 3251 3895 multitudinem
3284 3839 3571 3902 turbasset,

2008 3936 2217 3991 habens
2245 3942 2506 4005 praeterea
2524 3934 2721 3988 famam
2744 3947 2928 3987 rerum
2949 3940 3220 4003 gestarum
3243 3930 3409 3986 veluti
3433 3929 3579 3985 viam

2009 4025 2115 4082 sibi
2146 4025 2503 4096 aperientem,
2548 4023 2890 4093 multumque
2917 4030 3321 4092 cooperantem,
3353 4035 3418 4075 ac
3451 4019 3601 4090 plu-'

2010 4121 2180 4189 ribus,
2211 4120 2304 4191 qui
2322 4134 2449 4174 eum
2482 4117 2714 4174 necdum
2737 4117 3004 4180 viderant,
3037 4125 3300 4171 terrorem
3321 4113 3576 4184 injicien-

2012 4225 2145 4285 tcm,
2198 4208 2505 4270 extremum
2545 4211 2847 4284 periculum
2889 4210 3136 4266 devitat:
3193 4217 3250 4264 et
3279 4221 3582 4264 conscenso

2010 4309 2279 4379 iumento,
2294 4316 2551 4374 tanquam
2578 4304 2716 4359 alter
2743 4303 2881 4357 latro
2908 4301 2977 4357 ad
3030 4299 3355 4373 Symeonem
3377 4298 3583 4353 colum-

2013 4415 2100 4455 na:
2136 4399 2353 4454 alﬁxum
2379 4395 2666 4466 confugit:
2696 4401 2926 4471 noverat
2950 4392 3098 4447 enim
3149 4407 3275 4446 eum
3316 4390 3464 4445 illius
3489 4387 3583 4459 qui

2015 4506 2116 4565 pro
2145 4489 2370 4545 humani
2396 4487 2614 4558 generis
2642 4485 2817 4540 salute
2842 4483 2991 4539 cruci
3023 4482 3212 4536 afﬁxus
3241 4480 3439 4540 fuerat,
3460 4493 3585 4533 esse
3674 4514 3677 4515 ν

2015 4581 2363 4653 discipulum.
2393 4580 2472 4634 Ac
2501 4587 2616 4633 tum
2638 4577 2860 4647 quidem
2902 4574 3061 4639 latro,
3092 4582 3236 4628 totus
3263 4572 3449 4627 dolore
3478 4569 3586 4624 frav

2016 4683 2159 4738 ctus,
2201 4667 2575 4725 miserandum
2625 4665 2682 4720 in
2737 4663 2964 4720 modum
3020 4661 3233 4716 eminus
3261 4659 3531 4715 clamabat
3569 4675 3583 4711 :

2018 4764 2179 4821 Salva
2207 4762 2448 4817 animam
2494 4763 2839 4832 pereuntem,
2895 4760 3085 4809 sancte
3132 4751 3258 4817 Dei;
3287 4765 3464 4816 serva,
3496 4750 3588 4806 in-

334 4852 434 4905 τοῦ
460 4852 621 4918 θεοῦ,
652 4853 846 4918 σῶσον,
887 4853 1227 4924 κοπτόμενος
1265 4854 1360 4907 καὶ
1396 4836 1576 4921 ἀλγῶν
1633 4848 1899 4921 πόρῤωθει

2019 4869 2204 4929 quam,
2244 4853 2388 4907 hanc
2414 4848 2670 4904 animam.
2730 4845 2915 4900 Ebeul
2942 4842 3087 4915 quod
3117 4841 3250 4897 mihi
3289 4840 3395 4897 erit
3436 4839 3589 4932 refuf

340 4945 607 5009 ἐλεεινῶς
664 4946 833 4999 ἐϐόα’
873 4945 927 4999 οἵ
977 4963 1088 5018 μοι,
1123 4946 1206 5008 τίς
1249 4945 1402 4999 ἔσται
1454 4963 1545 5015 μοι
1587 4944 1916 5014 καταφυγῆς

338 5040 466 5092 τίνα
503 5038 727 5112 σωτῆρα
773 5039 882 5094 τῶν
931 5038 1117 5093 κακῶν
1163 5037 1478 5110 ὲξευρὴσως
1513 5037 1718 5107 οἴχεται
1769 5037 1922 5088 πᾶσα

345 5135 646 5202 σωτηρίας
673 5132 848 5195 ἐλπὶς,
884 5130 1006 5183 οὐδὲ
1044 5129 1144 5200 τὴν
1183 5130 1480 5199 θεραπείαν
1506 5127 1689 5197 ζητεῖν
1718 5125 1798 5177 ἔτι
1830 5140 1921 5193 μοι

340 5220 594 5276 λείπεται
613 5240 630 5255 ο
662 5223 872 5294 μυρίων
896 5221 1141 5275 θανάτων
1160 5221 1268 5289 ἐγὼ
1289 5221 1375 5274 διὰ
1399 5220 1460 5273 τὸ
1491 5219 1726 5281 συνειδὸς
1751 5217 1921 5281 ἄξιος,

343 5305 444 5369 καὶ
472 5316 533 5368 οὐ
571 5315 799 5377 τούτους
829 5312 940 5383 ἐγὼ
972 5312 1273 5376 δέδοικα,εί
1306 5313 1399 5365 καὶ
1429 5310 1686 5374 πολλάκις
1713 5309 1922 5363 ἀποθα-

343 5410 461 5462 νεῖν
488 5408 641 5477 ἐξῆν.
667 5395 733 5462 Τί
771 5408 882 5479 γὰρ
909 5410 937 5462 ὁ
967 5408 1057 5462 διὰ
1082 5406 1266 5475 ξίφους
1312 5405 1436 5475 ἐμοὶ
1480 5404 1708 5467 θάνατος
1753 5402 1920 5471 φοϐε-

343 5499 447 5572 ρόν
476 5516 492 5566 ;
519 5500 572 5553 τί
602 5501 658 5553 δὲ
691 5500 947 5554 τοσοῦτον
978 5501 1059 5562 είς
1101 5497 1369 5568 τιμωρίαν
1419 5495 1513 5549 τοῦ
1544 5494 1809 5566 παρόντος
1833 5493 1929 5561 μό.

343 5600 441 5648 νον
465 5591 798 5663 στερηθῆναι
832 5591 1007 5659 φωτὸς
1062 5588 1140 5659 τῷ
1179 5587 1370 5641 τούτου
1416 5586 1643 5650 πολλοὺς
1678 5583 1923 5639 ἀπαλλά-

347 5683 529 5750 ξαντι,
551 5688 648 5740 καὶ
674 5684 966 5756 ὁμοφύλοις
982 5682 1104 5737 καθ’
1135 5682 1372 5753 ἑκάστην
1391 5679 1588 5751 αἵμασι
1614 5678 1921 5749 λουομὲνῳς

2018 4944 2202 5021 gium?
2236 4957 2525 5020 quemnam
2558 4939 2736 4994 omnis
2750 4936 2879 4991 mali
2908 4935 3255 5005 depulsorem
3278 4931 3592 4988 inveniam?

2017 5039 2197 5095 omnis
2241 5035 2375 5091 abiit
2398 5031 2589 5089 salutis
2632 5045 2799 5100 spes:
2834 5043 3015 5099 neque
3075 5026 3211 5082 mihi
3251 5026 3589 5083 curationem

2018 5129 2159 5184 ultra
2197 5121 2478 5194 quaerendi
2519 5130 2731 5189 tempus
2762 5117 3034 5188 reliquum
3073 5125 3199 5172 est:
3254 5115 3403 5171 mille
3439 5128 3592 5167 mor-

2019 5216 2166 5271 tibus
2189 5212 2260 5268 ob
2282 5200 2691 5268 malefactorum
2750 5207 3142 5263 conscientiam
3196 5207 3395 5278 dignus
3422 5218 3543 5261 sum
3572 5219 3588 5257 :

2021 5311 2200 5377 neque
2247 5318 2341 5359 eas
2392 5300 2710 5365 reformido,
2770 5298 2898 5355 licet
2950 5299 3151 5371 saepius
3204 5297 3343 5354 mori
3382 5297 3599 5351 liceret.

2021 5398 2162 5465 Quid
2188 5396 2334 5452 enim
2356 5409 2477 5465 quae
2493 5390 2639 5449 ferro
2661 5392 3019 5448 consciscitur
3047 5405 3197 5447 mors
3249 5383 3590 5444 formidabile

2020 5486 2225 5545 habet?
2249 5480 2580 5560 Quantulum
2602 5482 2707 5540 hoc
2754 5482 2999 5554 supplicii
3022 5490 3126 5547 est,
3151 5478 3319 5536 semel
3340 5467 3591 5548 presenti

2021 5579 2196 5637 solum
2231 5577 2354 5632 luce
2402 5575 2630 5647 privari,
2676 5575 2727 5631 ei
2778 5574 2872 5645 qui
2911 5573 3099 5629 multis
3153 5570 3320 5627 vitam
3365 5565 3590 5630 ademit,

2022 5686 2193 5743 seque
2221 5669 2465 5742 quotidie
2493 5666 2881 5723 contribulium
2913 5663 3176 5736 sanguine
3229 5655 3461 5732 polluit?
3486 5653 3595 5708 Ve-

428 5860 539 5936 (38)
579 5863 884 5929 Ἀγόνατος,
927 5863 1038 5917 sine
1066 5860 1296 5932 genibus.
1340 5858 1402 5912 ld.
1427 5857 1562 5912 forte
1582 5846 1631 5911 ei
1662 5871 1725 5909 ex
1757 5846 1934 5922 aliquo
1970 5848 2167 5906 eventu
2200 5863 2499 5920 cognomen
2536 5845 2784 5912 adhaesit,
2820 5842 2992 5913 inquit
3033 5838 3382 5910 Bosweydus.
