3868 6470
307 392 418 455 369
1385 387 1562 449 VITA
1600 386 1673 447 S.‘
1698 384 1911 447 SYME‘

2016 383 2081 447 IS
2116 376 2473 445 ετωτιτ.
3465 366 3572 431 370

309 519 508 573 κρυσιν
543 501 865 573 ἐμερίζετοο
895 498 967 554 τά
1021 500 1122 570 μέν
1169 516 1232 568 γε
1264 495 1334 569 ἦν
1381 499 1480 566 τῆς
1505 496 1817 568 μετανοίας,
1852 496 1886 565 ἡ

2016 508 2110 550 iace
2162 491 2311 548 enim
2365 505 2394 547 a
2428 487 2753 545 delictorum
2796 481 3155 548 remissione,
3221 478 3313 535 illa
3367 494 3497 536 vero
3538 496 3569 543 ρ

306 592 367 645 δέ
391 590 491 660 τῆς
523 588 779 659 ἀφέσεως
795 603 807 617 ·
840 584 935 641 καλ⁵
959 586 1047 640 διὰ
1076 586 1337 641 πάντωνό
1353 586 1449 639 ἐπὶ
1468 587 1633 639 πᾶσιν
1663 586 1888 654 ὑμνεῖτο

2016 587 2307 652 ιωιιίιθῐιιίι
2356 581 2847 656 proﬁciscebatur;
2903 589 3069 650 atque
3120 576 3191 633 ob
3221 576 3337 633 haec
3391 573 3574 631 omnia

306 679 464 745 Θεὸς,
496 680 589 733 καὶ
623 679 808 749 σωτὴρ
836 679 865 732 ό
908 677 1119 732 ἐκείνου
1168 676 1424 748 θεράπων
1463 676 1883 748 ἀνεκηρύττετο,

319 766 418 829 Ὦς
453 767 511 821 δὲ
538 764 714 820 ταῦτα
737 767 769 836 ἡ
796 766 1003 821 ἄνωθεν
1025 765 1297 838 ᾠκονόμει
1353 766 1607 838 Πρόνοια,
1652 765 1746 819 καὶ
1792 766 1888 819 τὸν

315 859 487 927 μέγαν
508 859 603 912 ἐπὶ
627 859 789 913 πλέον
823 859 1052 929 Συμεὼν
1090 858 1493 929 μεγαλύνουσα,
1520 858 1616 912 καὶ
1655 858 1755 921 τὰς
1791 860 1890 928 τῆς

315 949 608 1021 μετανοίας
629 950 802 1004 ἅπασι
824 950 998 1012 πύλας
1044 953 1124 1014 είς
1151 952 1212 1005 τὺ
1250 951 1348 1021 τῆς
1394 950 1669 1022 σωτηρίας
1720 952 1891 1021 ἀπρο-

313 1041 593 1109 φασίστως
624 1041 758 1113 ἑρᾴν
792 1043 1170 1112 διανοίγουσα.

383 1239 477 1295 λδ⁰.
503 1239 579 1294 re
605 1241 1020 1312 στρατιωτικὸν,
1048 1242 1273 1309 ἄγνοιαν
1334 1242 1552 1313 ἔχοντες
1590 1241 1701 1296 τῶν
1728 1257 1893 1311 γεγε-

316 1331 564 1403 νημένων
597 1330 763 1403 (πρὸς
787 1332 898 1405 γὰρ
938 1333 1002 1387 τὸ
1047 1333 1485 1405 σπουδαζόμενον
1518 1335 1661 1389 ὥστε
1694 1335 1892 1391 συλλα-

317 1425 434 1476 ϐεῖν
453 1423 547 1476 τὸν
588 1425 886 1495 ’Δντίοχον,
911 1426 1089 1490 ἄλλως
1145 1442 1205 1481 τε
1246 1429 1341 1481 καὶ
1369 1429 1470 1499 τῆς
1497 1426 1594 1481 τοῦ
1625 1427 1919 1501 πράγμα-⁸

316 1530 410 1578 τος
435 1515 629 1587 φήμης
656 1515 745 1570 διὰ
773 1516 834 1571 τὺ
860 1517 1163 1588 παράδοξον
1188 1518 1288 1573 οὐκ
1314 1518 1658 1589 ἐξαρκούσης
1689 1518 1771 1581 εις
1801 1516 1895 1572 πι-

320 1624 460 1669 στιν,
486 1609 536 1660 εί
568 1610 643 1679 μή
675 1625 761 1672 τις
812 1609 946 1663 αὐτὸ
993 1611 1087 1664 καὶ
1137 1612 1422 1682 γινόμενον
1480 1610 1608 1681 ῐόοι)
1634 1649 1649 1674 ,
1688 1610 1896 1680 μείζονι

320 1697 660 1768 χρησάμενοι
689 1701 859 1773 τόλμῃ
903 1703 997 1756 καὶ
1027 1702 1296 1775 ἀναιδείᾳ,
1333 1703 1467 1773 πρὸς
1485 1702 1577 1756 τὸν
1596 1700 1771 1771 μέγαν
1797 1696 1898 1755 αὖ·

319 1786 405 1849 θις
435 1788 664 1858 Συμεὼν
694 1790 1072 1860 ἀφικνοῦνται,
1101 1796 1218 1859 καὶ,
1246 1794 1351 1848 Τὸν
1383 1793 1451 1847 τὰ
1471 1794 1755 1848 δεινότατα
1782 1796 1900 1865 είρ-

321 1880 602 1949 γασμένον
625 1882 717 1935 τὸν
750 1883 819 1937 τά
845 1886 1077 1955 μέγιστα
1107 1885 1408 1957 ἠδικηκότα
1439 1887 1533 1940 καὶ
1564 1886 1897 1958 συγγνώμης

319 1972 543 2042 ἁπάσης
599 1975 844 2045 μείζονα,
890 1977 980 2031 τὸν
1018 1979 1113 2033 ἐπὶ
1146 1983 1259 2041 τοῖς
1282 1980 1535 2049 ἐσχάτοις
1568 1979 1766 2032 ἁλόντα
1795 1995 1897 2032 κα-

322 2066 459 2129 κοῖς,
489 2065 582 2120 τὸν
600 2070 779 2123 κοινὸν
802 2070 903 2141 τῆς
922 2061 1131 2137 πόλεως
1148 2072 1462 2142 άναιρέτην,
1489 2072 1728 2144 παράδος
1741 2073 1895 2141 ἡμῖν,

321 2154 558 2227 ἐϐόησαν
580 2176 594 2191 ο
610 2160 665 2213 τί
691 2163 785 2237 καὶ
808 2163 916 2216 τῶν
934 2167 1203 2234 κειμένων
1226 2166 1407 2234 νόμων
1429 2166 1529 2236 τὴν
1547 2165 1648 2236 σὴν
1674 2165 1899 2236 γνώμην

323 2247 481 2315 ἄγεις
535 2254 978 2325 προτιμοτέραν,
1016 2258 1111 2309 καὶ
1150 2259 1243 2310 τδν
1285 2256 1609 2327 ὑπεριδόντα
1662 2255 1896 2321 τούτων,

325 2338 698 2414 φιλανθρώπῳ
732 2347 1078 2416 συμπαθείας
1105 2348 1338 2417 ὄμματι,
1375 2349 1473 2417 τῆς
1513 2347 1901 2418 ἐπηρτημένης

327 2436 443 2498 τοῖς
474 2437 805 2509 κακούργοις
833 2441 1109 2512 τιμωρίας
1135 2441 1413 2507 ἐξελέσθαι
1444 2443 1765 2511 φιλονεικεῖς
1792 2457 1805 2506 ;
1843 2442 1903 2495 '0

326 2525 385 2580 δὲ
417 2529 554 2599 μηδὲ
583 2531 818 2586 ἐνταῦθα
858 2534 958 2604 τῆς
1001 2535 1266 2605 συνήθους
1303 2536 1614 2606 πραότητος
1668 2534 1906 2605 μεταδα-

326 2615 455 2679 λὼν,
485 2619 685 2690 ἱλαρῶς
711 2621 853 2677 οὕτω
893 2626 987 2678 καὶ
1033 2625 1226 2695 πράως
1265 2628 1451 2690 αὐτοῖς
1500 2627 1862 2698 ἀποκρίνεται
1887 2642 1900 2655 °

327 2706 456 2761 Ὀτι
497 2709 598 2778 μὲν
629 2713 729 2766 οὐκ
752 2713 863 2783 ἐγὼ
907 2714 997 2769 τδν
1035 2715 1204 2786 ἄνδρα
1257 2717 1709 2788 μετεστειλάμην,
1736 2717 1852 2772 ἀλλ’
1878 2720 1908 2773 ὁ

331 2802 512 2866 κοινὸς
540 2804 796 2862 ἁπάντων
847 2808 1124 2881 Δεσπότης
1169 2810 1360 2865 τοῦτον
1396 2811 1627 2865 ἐνταῦθα
1661 2812 1906 2883 ἤγαγεν,

332 2894 446 2965 ἐγώ
466 2914 528 2950 τε
558 2898 824 2971 πρότερον
850 2897 1002 2955 εἷπον
1025 2903 1153 2974 ύμῖν
1175 2905 1298 2976 ἤδη,
1329 2905 1420 2957 καὶ
1443 2903 1539 2957 νῦν
1556 2903 1686 2973 γοῦν
1708 2907 1736 2959 ό
1761 2905 1906 2958 ἐκεί-

334 3003 428 3041 νου
457 2989 630 3060 τάφος
658 2992 1077 3064 ἁπαραγράπτῳ
1110 2997 1387 3067 μαρτυρία
1409 2998 1509 3067 τὴν
1538 2996 1796 3067 ἀλήθειαν
1819 2997 1909 3067 βε-

335 3078 586 3138 σαιοῦται
606 3101 620 3115 ο
661 3088 689 3139 ό
713 3087 822 3156 γὰρ
848 3089 1011 3141 αὐτὸν
1033 3089 1170 3159 πρὸς
1200 3090 1489 3159 μετάνοιαν
1531 3089 1789 3155 καλέσας,
1819 3080 1912 3143 οὗ-

1927 1854 1976 1914 Β

1992 679 2315 735 laudabatnr
2369 677 2514 731 Deus
2559 673 2628 730 ab
2684 672 2970 738 omnibus,
3018 678 3075 725 et
3130 668 3373 725 salvator
3429 667 3575 723 illius

1994 775 2227 830 famulus
2278 772 2514 844 Symeon
2581 767 2977 826 celebrabatur.
3057 764 3150 820 Sic
3206 773 3394 821 autem
3454 762 3572 827 btec

1993 882 2226 939 superna
2253 862 2670 921 administrabat
2692 858 3060 919 Providentia.
3091 871 3212 927 qua:
3239 864 3296 911 et
3320 869 3576 925 magnum

1996 959 2324 1030 Symeonem
2355 954 2527 1027 magis
2551 951 2865 1017 extollebat,
2901 948 3266 1019 omnibusque
3306 939 3582 1017 poeniten-

1997 1051 2081 1107 tia:
2105 1059 2318 1122 portam
2344 1048 2413 1105 ad
2447 1047 2680 1104 salutem
2714 1043 2834 1103 sine
2858 1041 3212 1104 excusatione
3244 1037 3552 1110 amplecten

1996 1144 2118 1200 dam
2146 1142 2451 1214 aperiebat.

2066 1255 2155 1310 σι.
2196 1252 2394 1308 Milites
2422 1266 2615 1307 eorum
2659 1263 2783 1320 quae
2816 1246 3160 1317 contigerant
3199 1241 3373 1314 ignari
3412 1241 3582 1309 (nam

1998 1349 2055 1404 in
2088 1347 2145 1403 id
2176 1361 2369 1412 unum,
2403 1354 2461 1400 ut
2497 1343 2830 1399 Antiochum
2862 1335 3418 1408 comprehenderent,
3463 1347 3585 1387 om-

1996 1458 2097 1498 nes
2142 1440 2289 1496 vires
2331 1437 2715 1503 conferebant;
2757 1433 3063 1505 praesertim
3102 1443 3228 1485 cum
3275 1439 3465 1482 rumor
3506 1424 3587 1480 rei

1999 1545 2163 1608 gesta:
2210 1540 2434 1604 propter
2477 1529 2604 1585 facti
2657 1524 3009 1583 insolentiam
3056 1522 3475 1591 haudquaquam
3518 1516 3588 1571 ad

2001 1607 2163 1683 fidem
2198 1624 2503 1680 faciendam
2537 1618 2791 1677 sufﬁcere
2817 1616 3118 1680 videretur,
3144 1612 3252 1667 nisi
3276 1610 3399 1681 quis
3439 1607 3584 1679 quod

2004 1717 2208 1773 factum
2239 1722 2357 1770 erat
2383 1713 2560 1768 oculis
2584 1710 2700 1781 ipse
2727 1708 2842 1763 suis
2866 1704 3188 1777 spectasset)
3219 1718 3232 1756 :
3259 1702 3446 1770 itaque
3471 1713 3588 1753 ma-

2000 1809 2101 1881 jori
2136 1823 2302 1880 quam
2343 1815 2501 1860 antea
2552 1801 2862 1858 temeritate
2912 1804 2968 1853 et
3005 1792 3341 1865 impudentia
3374 1789 3440 1844 ad
3472 1804 3589 1844 ma-

2002 1879 2187 1970 gnum
2214 1896 2539 1967 Symeonem
2589 1889 2881 1953 accedunt,
2912 1894 2967 1942 et
3004 1884 3286 1941 bominem
3326 1879 3590 1951 gravissi-

2003 1966 2218 2038 morum
2258 1966 2561 2037 facinorum
2610 1983 2979 2048 patratorem,
3022 1970 3115 2042 qui
3162 1969 3393 2041 injurias
3440 1966 3588 2021 omni

2006 2075 2160 2130 venia
2188 2073 2425 2143 majores
2450 2070 2746 2133 intulisset,
2779 2068 2836 2121 in
2876 2063 3130 2120 maximis
3166 2060 3467 2120 sceleribus
3496 2059 3591 2112 dc-

2005 2168 2379 2237 prehensum,
2434 2162 2672 2232 denique
2725 2158 2877 2214 urbis
2928 2157 3204 2211 universa:
3255 2165 3588 2216 eversorem,

2007 2274 2204 2330 magno
2232 2257 2470 2312 clamore
2503 2253 2643 2309 tradi
2687 2251 2790 2307 sibi
2821 2248 3194 2322 postulabant,
3250 2245 3357 2299 ista
3387 2239 3594 2298 vocife-

2008 2360 2194 2406 rantes
2234 2364 2250 2402 :
2287 2349 2439 2404 Itane
2485 2347 2701 2418 legibus
2739 2343 2997 2400 omnibus
3034 2356 3100 2396 ac
3151 2336 3391 2394 decretis
3439 2343 3594 2389 tuum

2009 2442 2273 2515 judicium
2302 2440 2699 2512 prmierendum
2721 2450 2914 2493 censes
2936 2475 2951 2501 ,
2977 2445 3280 2501 eorumque
3304 2437 3522 2483 contem
3532 2442 3596 2496 p-

2013 2545 2185 2591 torem
2202 2533 2440 2605 benigno
2457 2532 2523 2587 ad
2541 2528 3078 2586 commiserationem
3094 2530 3317 2595 aspectu
3332 2518 3597 2575 intueris?

2012 2627 2224 2683 meritis
2249 2624 2533 2696 suppliciis
2554 2624 2799 2678 eximere
2826 2615 3154 2674 contendis?
3184 2613 3277 2667 Ille
3301 2626 3431 2666 vero
3457 2607 3595 2663 nihil

2013 2721 2081 2776 de
2108 2718 2265 2775 solita
2292 2717 2515 2772 lenitate
2548 2714 2835 2770 remittens
2862 2710 3024 2766 hilari
3053 2716 3106 2763 et
3128 2713 3416 2764 mansueto
3442 2700 3594 2755 vultu

2016 2811 2300 2883 respondit
2331 2828 2343 2866 :
2374 2808 2642 2876 Quoniam
2683 2821 2793 2860 non
2822 2818 2921 2875 ego
2954 2802 3133 2857 virum
3163 2798 3272 2852 huc
3303 2793 3595 2858 accersivi,

2017 2907 2110 2961 sed
2133 2904 2440 2961 communis
2459 2901 2705 2957 omnium
2740 2897 3002 2952 Dominus
3036 2895 3143 2948 huc
3162 2906 3290 2946 eum
3321 2887 3594 2960 perduxit,

2016 3000 2161 3070 quod
2178 2999 2410 3069 primum
2432 3010 2532 3067 ego
2548 2992 2779 3057 asserui,
2797 2991 3029 3060 idipsum
3054 3000 3199 3042 nunc
3214 2983 3263 3053 ej
3273 2998 3336 3038 us
3356 2982 3598 3037 tumulus

2021 3091 2297 3147 indelebili
2348 3087 2594 3145 veritatis
2643 3083 2960 3142 teStimonio
3010 3078 3342 3136 conﬁrmat:
3382 3073 3476 3144 qui
3528 3073 3597 3128 ad

335 3189 431 3228 του
464 3176 628 3229 αὐτὸν
662 3179 886 3232 καὶτῶν
916 3180 1129 3235 ἐνθένδε
1154 3182 1480 3251 μετέστησε,
1502 3182 1596 3235 καὶ
1624 3183 1761 3253 πρὸς
1787 3184 1911 3235 ἐαυ-

2021 3183 2402 3255 poenitentiam
2434 3196 2559 3236 eum
2593 3177 2829 3240 vocavit,
2878 3174 3021 3231 idem
3053 3180 3110 3227 et
3138 3171 3268 3226 hinc
3295 3164 3596 3229 transtulit,

2156 3275 2170 3279 -
2380 3274 2393 3279 -
2589 3271 2600 3279 .
2721 3270 2732 3279 .
2820 3268 2852 3279 ,Α
3056 3264 3092 3279 ..
3136 3263 3168 3279 _.
3286 3275 3392 3279 LW
3433 3257 3596 3279 ,Μηκ

339 3267 432 3320 τὸν
455 3269 520 3322 ἐκ
548 3269 660 3322 τῶν
709 3272 992 3343 ἐπικήρων
1053 3274 1477 3344 μετεκαλέσατο.
1508 3273 1693 3327 Ταῦτα
1726 3274 1911 3345 ἐπειδὴ

2022 3288 2078 3332 et
2105 3275 2173 3331 ad
2202 3291 2262 3330 se
2283 3290 2351 3329 ex
2380 3271 2634 3328 humanis
2657 3268 2880 3341 eripuit.
2915 3266 3012 3321 llis
3040 3263 3233 3327 dictis,
3274 3275 3398 3315 cum
3433 3257 3599 3313 funus

338 3363 368 3413 ό
395 3359 707 3431 θαυμαστὸς
736 3363 962 3434 Συμεὼν
988 3360 1165 3434 εἶπεν,
1199 3366 1673 3419 καϊύπεδείκνυτο
1700 3367 1800 3438 ήδη
1822 3367 1911 3420 καὶ

2023 3369 2131 3424 illis
2159 3365 2495 3423 admirabilis
2523 3364 2759 3435 Symeon
2785 3374 2968 3416 coram
2998 3355 3334 3418 ostenderet,
3352 3350 3600 3408 omnium

340 3451 572 3538 6_sd:po;
594 3455 799 3516 αὐτοῖς,
836 3452 1039 3527 τρόμος
1066 3473 1125 3508 τε
1157 3457 1284 3538 τοὺς
1311 3456 1511 3526 ἄνδρας
1543 3459 1911 3520 ἀνυπόστατος

2022 3460 2234 3514 animos
2262 3466 2465 3512 tremor
2486 3453 2822 3511 incredibilis
2845 3450 3155 3521 occupavit,
3182 3462 3251 3503 ex
3282 3461 3392 3517 quo
3413 3444 3602 3516 ingen-

343 3534 479 3606 εἷλε,
517 3544 611 3596 καὶ
639 3543 1004 3613 χαλεπώτατα
1033 3540 1145 3619 εἶχε
1167 3534 1341 3601 ἐἶτα
1374 3547 1546 3602 πολλὰ
1585 3547 1911 3619 συγγνώμην

2020 3560 2129 3605 tem
2156 3548 2402 3604 dolorem
2443 3560 2774 3616 concepere,
2813 3542 3015 3599 deinde
3044 3540 3249 3595 erroris
3274 3538 3358 3592 sui
3389 3550 3419 3591 a
3442 3536 3601 3592 beata

344 3632 791 3706 ἐξαιτησάμενοι,
822 3640 916 3692 καὶ
951 3639 1097 3709 παρὰ
1128 3640 1229 3709 τῆς
1263 3640 1545 3711 μακαρίας
1578 3640 1797 3710 ἐκείνης
1826 3639 1911 3693 λα-

2021 3642 2111 3697 illa
2134 3641 2314 3696 anima
2345 3640 2503 3696 venia
2531 3639 2776 3704 Obtenta,
2805 3637 2972 3707 hujus
3001 3634 3247 3690 miraculi
3284 3632 3601 3703 promulga.

345 3728 530 3792 δόντες
551 3729 753 3802 ψυχῆς,
778 3730 1002 3801 ἄγγελοί
1032 3750 1090 3787 τε
1117 3732 1211 3787 τοῦ
1235 3733 1515 3804 θαύματος
1543 3732 1795 3803 ἀψευδεῖς
1823 3734 1911 3786 καὶ

346 3820 588 3891 κήρυκες
635 3822 966 3896 ἐπανῄεσαν.

2023 3743 2189 3797 tores,
2219 3748 2281 3788 ac
2305 3732 2527 3787 minime
2552 3730 2774 3790 fallaces
2798 3732 3080 3804 praecones
3109 3725 3386 3784 abici-unt.

346 3837 588 3890 κηρυκες
635 3837 840 3890 επανῃε
851 3841 966 3878 σαν.

1797 4013 2027 4070 CAPUT
2060 4013 2131 4068 Χ.

1396 4184 1645 4240 Absentia
1667 4195 1715 4237 et
1750 4185 1931 4255 futura
1974 4181 2226 4235 divinitus
2254 4178 2544 4249 cognoscit.

416 4352 515 4407 λε’.
558 4349 723 4420 Ἦμίν
747 4349 803 4402 δὲ
841 4350 936 4402 καὶ
981 4348 1111 4411 ναῦς
1142 4349 1198 4401 ἐν
1227 4347 1307 4419 τῷ
1337 4314 1540 4435 τούτου.
1561 4351 1669 4403 τῶν
1696 4347 1911 4420 θαυμάσ-

2089 4344 2179 4400 55.
2205 4341 2369 4399 Nobis
2401 4342 2454 4397 in
2481 4342 2585 4398 hoc
2608 4338 2991 4397 miraculorum
3016 4337 3205 4415 pelago
3227 4334 3381 4390 navis
3402 4331 3610 4390 inﬁnita

348 4464 457 4502 των
491 4443 721 4510 πελάγει
754 4439 1005 4511 φερέσθω
1039 4440 1389 4511 μυριοφόρος,
1425 4427 1540 4495 καί
1564 4438 1661 4510 τὴν
1706 4442 1769 4494 ἐκ
1812 4440 1911 4493 τῶν

2029 4437 2211 4495 ferens
2234 4437 2572 4517 proferatur,
2607 4436 2987 4504 salutemque,
3025 4445 3250 4503 precum
3292 4429 3411 4500 ejus
3440 4427 3609 4483 inter-

350 4540 563 4595 ἐκείνου
595 4534 918 4607 προσευχῶν
941 4533 1218 4605 σωτηρίαν
1250 4535 1361 4596 τοῖς
1394 4534 1452 4585 ἐν
1473 4532 1622 4604 αὐτῷ
1647 4532 1927 4586 κινδυνεύ-

351 4647 470 4685 ουσι
500 4626 847 4702 παρεχέσθω·
885 4624 1267 4696 χαλεπώτατον
1293 4624 1391 4694 μὲν
1421 4623 1531 4692 γὰρ
1565 4625 1770 4691 ταύτην
1800 4623 1931 4677 κλυ-

346 4722 543 4778 δώνιον
571 4723 714 4775 κατὰ
746 4720 918 4789 μέσην
952 4717 1083 4771 ποτέ
1138 4717 1238 4784 τὴν
1295 4715 1573 4770 θάλασσαν
1626 4711 1762 4785 εἶχε,
1798 4732 1932 4770 κατ-

348 4814 536 4869 εδύετο
558 4813 616 4865 δὲ
636 4812 760 4884 ἤδη,
785 4810 1140 4881 σφοδρότερον
1161 4808 1299 4879 αὐτῇ
1322 4807 1430 4861 τῶν
1464 4806 1726 4877 κυμάτων
1757 4822 1932 4877 προσ-

352 4905 737 4979 ρηγνυμένων.
784 4904 893 4956 Καὶ
923 4904 973 4956 ol
1012 4901 1268 4964 πλέοντες
1319 4901 1499 4968 πάσης
1559 4897 1660 4970 μὲν
1711 4896 1929 4968 τέχνης,

354 5003 543 5069 πάσης
598 4998 656 5051 δέ
720 4996 965 5067 χρηστῆς
1021 4994 1351 5063 ἀπογνόντες
1416 4991 1654 5053 ἐλπίδος,
1718 4990 1779 5043 τὸ
1840 4990 1931 5043 ἔσ-

351 5107 518 5162 χατον
537 5088 802 5161 ἀλλήλους
844 5087 1234 5157 προσειπόντες
1282 5083 1377 5138 καὶ
1424 5081 1777 5145 ἐπιϐαλόντες
1840 5082 1933 5134 καὶ⁵

351 5185 445 5236 τον
484 5183 733 5235 κίνδυνον
791 5181 1081 5251 μένοντες,
1114 5177 1211 5248 ὀψὲ
1262 5178 1358 5247 τὴν
1405 5176 1643 5247 ἐσχάτην
1684 5175 1933 5244 ἄγκυραν

351 5276 666 5347 βάλλονται,
696 5275 788 5329 καὶ
836 5272 932 5327 τοῦ
973 5273 1201 5343 Συμεὼν
1232 5272 1370 5342 πρὸς
1400 5270 1490 5323 τὸν
1526 5269 1705 5323 κοινὸν
1732 5267 1934 5322 Δεσπόο

348 5384 455 5442 την
503 5366 960 5435 ἐπιμνησθέντες,
988 5364 1126 5436 ὁμοῦ
1162 5381 1221 5417 τε
1281 5364 1443 5417 αὑτὸν
1494 5362 1588 5416 ἐπὶ
1626 5360 1822 5414 στύλου
1853 5355 1934 5413 εἶ-

352 5479 450 5533 χον
471 5461 618 5532 ὑπὲρ
644 5460 746 5530 τῆς
773 5458 956 5513 αὐτῶν
997 5457 1273 5529 σωτηρίας
1323 5455 1597 5525 δεόμενον,
1656 5454 1752 5508 καὶ
1799 5454 1934 5524 ὁμοῦ

351 5554 572 5618 τούτοις
607 5551 702 5606 ἐπὶ
730 5551 828 5622 τῆς
859 5548 995 5615 νεὼς
1029 5550 1193 5604 πάλιν
1218 5550 1658 5617 ἐπιφαινόμενον·
1686 5547 1781 5600 καὶ
1801 5563 1937 5619 χρη-

361 5648 493 5701 στοῦ
528 5648 628 5717 μὲν
655 5646 816 5710 εὐθὺς
841 5644 1176 5701 ἀπολαύουσι
1205 5644 1300 5699 τοῦ
1321 5643 1592 5712 πελάγους
1616 5681 1631 5707 ,
1666 5641 1852 5713 λεπτὴ⁸
1876 5642 1936 5695 δέ

357 5753 446 5800 τις
473 5736 619 5809 αὖρα
656 5736 945 5809 ⁶ττεριᾶπνει
973 5736 1220 5800 τούτους,
1252 5735 1346 5789 καί
1378 5734 1571 5806 πλήρει
1603 5733 1937 5804 φερομένους

2032 4539 2220 4594 ventu,
2253 4527 2696 4599 periclitantibus
2730 4526 2785 4580 in
2819 4522 2957 4581 mari
2989 4523 3252 4594 praebeat.
3285 4518 3436 4577 lianc
3465 4517 3612 4573 enim

2032 4621 2323 4693 aliquando
2345 4621 2397 4674 in
2418 4618 2600 4674 medio
2624 4618 2759 4673 mari
2782 4616 3104 4689 gravissima
3128 4611 3366 4685 procella
3390 4610 3610 4681 invasit,

2034 4723 2088 4768 et
2110 4715 2222 4784 jam
2251 4712 2404 4771 illisis
2435 4711 2505 4767 ad
2524 4726 2642 4766 eam
2673 4724 2869 4780 magna
2895 4708 2947 4764 vi
2973 4706 3232 4763 ﬂuctibus
3262 4719 3434 4777 prope
3463 4717 3613 4758 mer-

2033 4807 2210 4880 genda
2240 4804 2551 4861 videbatur.
2594 4799 2923 4873 Navigantes
2958 4798 3109 4854 omni
3152 4804 3308 4860 arte.
3354 4794 3615 4864 omnique

2036 4901 2115 4956 rei
2133 4900 2272 4955 bene
2292 4896 2543 4970 gerendae
2562 4910 2659 4966 spe
2679 4893 2944 4964 deposita,
2966 4899 3240 4962 postrema
3260 4887 3360 4944 sibi
3379 4887 3615 4942 invicem

2035 4993 2225 5049 salutis
2242 4992 2409 5046 verba
2428 4990 2571 5044 inter
2593 4985 3037 5058 amplcxandum,
3062 4982 3364 5053 periculum
3388 4994 3619 5050 eXSpec-

2039 5093 2237 5149 tantes,
2271 5080 2725 5152 impertiebantur
2751 5094 2766 5132 :
2792 5077 3012 5135 tandem
3043 5075 3288 5130 ultimam
3318 5073 3617 5131 anchoram

2033 5177 2264 5248 iaciunt,
2295 5183 2350 5229 et
2381 5170 2675 5240 Symeonis
2697 5169 2764 5224 ad
2796 5183 3148 5225 communem
3176 5166 3466 5221 Dominum
3499 5180 3616 5219 mc-

2037 5269 2263 5324 moriam
2292 5266 2641 5331 rel'ricantes,
2669 5261 2943 5332 simulque
2971 5275 3097 5316 eum
3142 5259 3199 5314 in
3230 5256 3484 5312 columna
3516 5255 3618 5308 ha-

2037 5362 2277 5417 buerunt
2308 5374 2408 5429 pro
2433 5372 2531 5413 sua
2559 5356 2736 5411 salute
2758 5355 3180 5424 deprecantem,
3211 5358 3267 5405 et
3302 5346 3463 5404 simul
3486 5345 3618 5415 ipsis

2039 5466 2230 5508 rursus
2270 5452 2325 5506 in
2363 5448 2488 5505 navi
2519 5457 2875 5519 apparentem
2900 5463 2916 5501 :
2938 5453 2995 5500 et
3022 5458 3150 5498 mox
3181 5455 3329 5497 mare
3366 5437 3614 5494 sedatum

2041 5553 2443 5617 perceperunt;
2494 5558 2618 5597 nam
2668 5542 2776 5597 leni
2817 5556 2943 5596 mox
2989 5553 3121 5593 aura
3159 5535 3393 5596 amante,
3443 5528 3617 5602 plenis

2040 5642 2174 5698 velis
2206 5656 2305 5713 per
2342 5637 2694 5710 tranquillum
2717 5634 2941 5706 pelagus
2973 5627 3212 5696 deducti,
3237 5625 3301 5682 ad
3328 5623 3616 5681 continen-

2041 5742 2150 5790 tem
2180 5738 2568 5805 pervenerunt.

356 5833 440 5903 τῷ
466 5833 621 5906 ίστὶῳ
648 5834 735 5889 διὰ
782 5833 1050 5904 σωθερας
1089 5832 1187 5905 τὴς
1225 5830 1498 5901 θαλάσσης
1546 5833 1578 5901 η
1623 5832 1816 5901 γὲρσοις
1871 5828 2100 5898 ἐδέχετο.
