3868 6466
222 362 325 432 8ἹῙ

1455 364 1741 427 MENSIS
1785 366 2242 430 IANUABIUS.

3363 363 3475 427 372

290 476 382 534 36.
403 474 513 532 Nec
536 476 667 532 illud
688 478 754 533 de
773 493 841 534 eo
864 486 1234 548 praetereatur.
1258 479 1475 552 Virgam
1498 481 1791 551 aliquando

1965 483 2074 546 λς’.
2113 482 2254 535 Ἀλλ’
2284 482 2432 544 ὅπως
2464 496 2532 552 με
2573 480 2707 552 μηδὲ
2755 481 2912 535 τοῦτο
2942 481 3049 534 τῶν
3080 480 3295 534 ἐκείνου
3327 495 3474 546 παρ·-

217 584 249 625 e
287 568 428 624 caelo
461 567 735 640 delapsam
767 570 951 626 videre
993 570 1144 627 visus
1165 571 1398 642 Symeon
1427 589 1441 627 :
1467 570 1786 643 Flagellum,

217 661 415 732 inquit.
452 661 609 716 nobis
638 662 779 717 Deus
806 671 927 733 post
964 663 1101 718 duos
1137 678 1311 719 annos
1346 663 1626 719 immittet.
1669 663 1787 718 Jam

218 763 435 824 tempus
462 754 530 808 ab
574 768 641 808 eo
680 754 1058 825 pmscriptum
1093 756 1319 819 aderat,
1359 764 1416 810 et
1458 764 1600 809 terra
1655 755 1791 810 nihil

217 846 448 925 omnino
487 845 644 911 tulit,
701 845 969 900 imbribus
1000 862 1228 909 carens;
1279 847 1472 917 ingens
1519 847 1788 916 siquidem

221 937 443 995 siccitas
487 954 605 992 cam
636 948 949 1008 occuparat,
985 948 1040 993 et
1081 939 1244 993 simul
1276 939 1449 994 fames
1493 954 1555 993 ac
1598 938 1789 1009 pestis,

218 1030 362 1084 mala
403 1030 531 1085 inde
569 1031 971 1101 provenientia,
1002 1030 1192 1101 quavis
1222 1046 1378 1101 paena
1409 1030 1623 1101 gravius
1672 1043 1789 1084 eam

219 1117 554 1188 allligebant,
601 1119 960 1188 hominesque
999 1133 1180 1173 amare
1234 1117 1571 1171 cruciabant.
1629 1116 1793 1174 Tales

219 1210 388 1290 igitur
417 1210 655 1266 habebat
689 1210 875 1266 oculos
898 1212 1101 1265 mentis
1130 1211 1385 1281 Symeon,
1410 1209 1483 1263 ita
1506 1208 1651 1264 omni
1681 1218 1793 1264 ter-

221 1316 352 1356 rena
385 1301 618 1373 caligine
667 1310 1041 1373 perpurgatos,
1077 1313 1137 1356 ut
1187 1300 1369 1355 futura
1415 1301 1597 1355 omnia
1637 1301 1792 1371 quasi

217 1394 330 1463 jam
356 1395 643 1465 praesentia
667 1395 990 1450 intueretur.
1012 1394 1217 1449 Deinde
1240 1394 1487 1465 praedixit
1506 1409 1793 1448 erucarum

223 1484 459 1554 plagam.
491 1483 692 1540 Verum
731 1499 843 1547 non
893 1484 967 1539 ita
1008 1484 1059 1539 in
1110 1482 1207 1537 Dei
1258 1483 1336 1539 ira
1381 1482 1792 1553 praenuntiauda

223 1575 371 1633 celer
396 1583 452 1630 et
490 1583 774 1647 promptus
807 1584 947 1640 erat,
979 1583 1041 1630 ut
1066 1574 1134 1629 ad
1165 1575 1369 1630 malum
1409 1574 1793 1645 depellendum

221 1667 506 1739 negligens
540 1676 632 1721 aut
678 1668 952 1737 impotens
983 1675 1154 1733 esset;
1196 1666 1289 1724 sed
1324 1682 1443 1721 eam
1477 1666 1548 1722 ob
1576 1682 1793 1726 causam

221 1758 615 1829 praemonebat,
636 1768 695 1813 ut
712 1758 939 1829 praevisa
960 1759 1141 1813 minus
1155 1766 1445 1816 nocerent:
1462 1758 1607 1817 Intra
1625 1760 1794 1824 enim,

1892 572 2058 626 ἐλθοιο
2093 572 2316 626 Ῥάὸδον
2346 571 2474 626 ποτὲ
2504 570 2600 625 τοῦ
2638 570 2870 642 οὐρανοῦ
2897 571 3352 641 καταφερομένην
3380 568 3472 621 δό-

1890 668 1988 735 ξας
2016 667 2166 732 ἰδεῖν,
2192 666 2469 734 Μάστιγα,
2499 658 2671 729 εἶπεν,
2696 665 2828 733 ἡμῖν
2848 665 2875 715 ὁ
2896 663 3028 726 Θεὸς
3055 662 3193 731 μετὰ
3218 660 3371 714 δεῦτε
3382 676 3476 727 ρον

1891 759 2011 821 ἔτος
2039 759 2334 829 ὲπαφήσει.
2375 756 2576 826 Ἐπῆγε
2603 757 2785 809 τοίνυν
2810 756 2838 807 ὁ
2864 755 3057 825 χρόνος
3105 754 3205 822 τὴν
3266 751 3476 821 προθε-

1894 850 2083 915 σμίαν,
2121 851 2217 901 καὶ
2246 848 2277 917 ἡ
2304 846 2378 916 γῆ
2419 847 2519 916 μιν
2550 845 2703 898 οὐδὲν
2723 844 2974 898 ἐδεδώκει
3016 844 3343 914 στερηθεῖσα
3375 839 3473 894 τοῦ

1891 940 2098 993 ἄνωθεν
2122 938 2332 1002 ὓδατος,
2365 937 2576 1009 αὐχμὸς
2604 936 2663 990 δὲ
2692 937 2862 1005 αὐτὴν
2915 935 3235 1013 κατειλήφει
3266 934 3469 1002 μέγας,

1892 1033 1985 1085 καὶ
2014 1031 2168 1100 λιμὸς
2185 1029 2320 1101 ὁμοῦ
2339 1029 2431 1083 καὶ
2455 1028 2663 1099 λοιμὸς,
2679 1029 2748 1081 τὰ
2764 1028 2970 1081 ἐκεῖθεν
2988 1027 3280 1095 τικτόμενα
3303 1025 3474 1092 κακὰ,

1892 1120 2161 1193 τιμωρίας
2190 1138 2249 1175 τε
2279 1121 2460 1189 πάσης
2490 1120 2873 1190 χαλεπώτερον
2914 1116 3119 1187 ταύτην
3154 1114 3471 1186 ἐμάστιζον,

1895 1214 1990 1267 καὶ
2016 1214 2141 1277 τοὺς
2171 1212 2496 1284 ἀνθρώπους
2521 1211 2736 1283 πικρῶς
2769 1209 3112 1282 ἐμερίζοντο.
3144 1207 3369 1261 Τοιοῦτο
3401 1202 3473 1277 ἦν

1894 1306 2044 1377 αὐτῷ
2069 1306 2131 1359 τὸ
2171 1306 2271 1377 τῆς
2296 1306 2475 1376 ψυχῆς
2511 1305 2688 1376 ὄμμα,
2727 1304 2908 1374 πάσης
2950 1302 3149 1372 ἀχλύος
3191 1298 3472 1368 περιγείου

1894 1398 2324 1477 γιεκαθαρμένον,
2374 1398 2468 1451 καὶ
2509 1395 2587 1460 ὡς
2638 1395 2885 1467 παρόντα
2935 1394 3041 1465 ἤδη
3098 1391 3167 1446 τά
3209 1388 3478 1461 μέλλοντα.

1895 1491 2160 1562 προορῶν.
2197 1484 2332 1543 Εἶτα
2365 1489 2459 1542 καὶ
2499 1489 2728 1560 κάμπης
2776 1485 3087 1557 προσϐολὴν
3136 1480 3471 1554 προμηνύει.

1908 1582 2067 1636 Ἀλλὰ
2092 1581 2322 1653 γὰρούκ
2346 1580 2488 1636 ὥστε
2521 1580 2618 1650 μὲν
2652 1578 2821 1653 ὀργὴν
2866 1578 3176 1647 προειπεῖν,
3208 1573 3353 1628 οὕτω
3375 1589 3476 1627 τα-

1899 1674 1997 1743 χῦς
2021 1669 2089 1745 ἦν
2116 1672 2212 1726 καὶ⁹
2240 1673 2556 1743 πρόχειρος,
2581 1670 2723 1730 ὥστε
2746 1670 2805 1728 δὶ
2833 1669 2894 1722 τὸ
2922 1668 3093 1721 δεινὸν
3118 1666 3312 1735 στῆσαι
3335 1667 3477 1732 ἀμε-

1898 1766 1995 1837 λὴς
2028 1766 2060 1837 ἢ
2093 1765 2353 1828 ἀδύνατος
2377 1782 2393 1798 ·
2426 1764 2540 1818 ἀλλ’
2570 1765 2898 1832 ἐπήνεγκεν,
2914 1760 2987 1824 ὡς
3020 1760 3185 1814 Οὐδὲν
3213 1760 3354 1826 μέγα
3382 1755 3478 1808 λυ-

221 1844 524 1917 inquiebat,
562 1849 737 1903 minas
765 1848 941 1903 adhuc
981 1849 1198 1903 decreta
1236 1856 1345 1903 stat
1385 1864 1546 1919 pcena
1572 1868 1585 1905 :
1616 1849 1794 1905 solum

1904 1859 2155 1927 μανεϊται
2185 1874 2199 1889 ο
2238 1858 2403 1928 μέχρι
2433 1857 2544 1930 γὰρ
2566 1856 2668 1925 τῆς
2695 1854 2926 1921 ἀπειλῆς
2958 1854 2990 1922 ἡ
3018 1852 3271 1920 βάσανος,
3305 1850 3469 1919 μόνον

222 1959 343 2013 qua:
364 1942 708 2013 peccavimus
739 1945 1095 2013 corrigamus.
1118 1943 1233 1999 Hoc
1253 1958 1383 1999 vero
1415 1944 1650 2007 dicebat,
1674 1960 1799 2013 pro-

224 2036 466 2108 priorum
502 2036 751 2091 laborum
782 2048 932 2092 recte
966 2036 1108 2096 facta
1158 2044 1387 2108 tegens:
1414 2036 1545 2093 hinc
1582 2047 1635 2094 et
1688 2055 1795 2093 non

225 2139 335 2185 tam
365 2144 517 2184 suam
546 2144 674 2199 erga
704 2129 874 2184 Deum
910 2128 1185 2195 ﬁduciam,
1218 2144 1380 2199 quam
1423 2131 1639 2185 illorum
1682 2146 1800 2201 pm-

226 2221 512 2276 nitcntiam
547 2228 796 2276 testatam
848 2236 970 2277 esse
1003 2221 1246 2287 volebat;
1295 2231 1524 2277 noverat
1562 2223 1707 2277 enim
1741 2239 1802 2280 se

225 2312 445 2383 indigna
484 2328 676 2385 passos
727 2330 833 2369 non
876 2315 1271 2384 neglecturum,
1324 2315 1419 2370 sed
1455 2316 1524 2370 ita
1553 2315 1691 2381 fore,
1742 2324 1802 2371 ut

227 2405 447 2475 propria
480 2404 921 2475 interpellatione
973 2405 1107 2460 iram
1140 2404 1311 2459 divini
1351 2403 1605 2461 Numinis
1638 2406 1797 2460 seda-

150 2539 162 2547 .
229 2505 337 2561 ret,
370 2495 771 2567 imminensque
799 2495 1066 2568 flagellum
1103 2498 1297 2552 sistere
1331 2512 1389 2552 se
1420 2512 1582 2567 posse
1627 2498 1799 2552 conli-

230 2587 410 2642 dcbat.
456 2588 709 2644 Nondum
761 2588 925 2660 igitur
963 2589 1183 2661 triginta
1232 2590 1348 2645 dies
1387 2590 1558 2660 elapsi
1603 2601 1799 2655 erant,

231 2695 356 2735 eum
380 2696 507 2737 ecce
529 2681 721 2754 ingens
738 2697 1024 2738 erucarum
1047 2682 1375 2743 circumfusa
1393 2683 1569 2739 nubes
1606 2700 1797 2754 parum

228 2773 404 2829 abfuit
428 2774 558 2844 quin
591 2782 756 2829 totam
786 2785 942 2829 terra:
974 2774 1162 2831 faciem
1197 2785 1506 2845 occuparet.
1538 2777 1799 2838 Homines

228 2881 407 2937 neque
435 2866 566 2937 quid
597 2866 723 2921 boni
746 2867 813 2922 de
842 2866 1027 2922 futuro
1060 2877 1345 2937 sperarent
1375 2868 1667 2936 habebant,
1701 2884 1798 2924 ne-

226 2971 334 3025 que
360 2972 510 3024 vero,
547 2956 590 3013 si
632 2972 753 3027 qua:
781 2958 911 3013 mali
943 2958 1140 3013 solutio
1184 2958 1367 3013 futura
1396 2970 1564 3023 esset,
1596 2974 1800 3030 cogno-

228 3062 381 3103 scere
410 3056 697 3118 poterant;
727 3049 963 3118 denique
994 3050 1059 3103 de
1088 3058 1240 3103 tanto
1262 3050 1533 3119 reptilium
1556 3051 1798 3120 periculo

227 3139 512 3195 evadendo
563 3142 782 3209 penitus
830 3141 939 3211 jam
986 3141 1382 3211 desperabant,
1433 3157 1610 3213 neque
1649 3144 1794 3199 aliud

226 3247 389 3301 quam
422 3232 904 3301 praesentissimum
939 3233 1065 3289 inde
1113 3233 1342 3288 exitium
1372 3236 1796 3304 exspectabant,

229 3334 386 3378 terra:
411 3323 679 3381 fructibus
694 3326 892 3395 partim
915 3326 1160 3380 nondum
1181 3327 1584 3394 enascentibus,
1605 3328 1798 3398 partim

228 3414 299 3468 ab
326 3416 507 3470 erucis
534 3415 647 3485 jam
683 3417 1038 3487 consumptis.
1070 3416 1301 3490 Symeon
1345 3435 1470 3476 vero
1499 3422 1586 3476 vix
1632 3421 1798 3479 Deum

230 3514 348 3562 erat
390 3506 744 3577 deprecatus,
782 3524 906 3563 cum
944 3524 1073 3567 ecce
1127 3511 1306 3567 omnis
1366 3527 1653 3569 erucarum
1703 3530 1801 3569 eo-

230 3597 341 3668 pia,
386 3614 510 3669 quae
557 3600 930 3670 iumentorum
966 3603 1223 3672 pabulum
1270 3603 1384 3663 fere
1438 3604 1801 3663 labefactavc-

231 3700 333 3755 rat,
367 3692 637 3763 extemplo
665 3702 987 3764 consumpta
1018 3704 1119 3756 est.
1158 3704 1315 3749 terra:
1344 3694 1587 3766 frugibus
1616 3697 1671 3752 in
1704 3698 1803 3756 bo?

232 3783 439 3841 minum
466 3799 597 3839 usus
626 3784 1208 3854 accommodatisnullo
1241 3788 1458 3857 penitus
1473 3799 1803 3845 nocumento

230 3874 399 3935 illato.

303 3969 392 4023 57.
438 3967 665 4041 Dignum
698 3970 843 4041 quod
888 3970 975 4026 his
1018 3970 1246 4028 addatur
1274 3981 1328 4027 et
1359 3972 1508 4029 illud.
1543 3972 1673 4030 Dua‘.
1704 3975 1805 4031 ali-

233 4062 449 4131 quando
471 4064 631 4134 virga:
658 4063 786 4119 huic
803 4064 1157 4121 invisibilium
1184 4066 1410 4122 istarum
1435 4083 1616 4122 rerum
1649 4084 1805 4139 spec-

234 4153 396 4215 tatori
450 4168 482 4208 e
520 4154 658 4210 coelo
692 4154 889 4210 deferri
939 4156 1070 4212 visae
1119 4157 1369 4222 fuerant,
1421 4174 1647 4229 quarum
1698 4177 1803 4216 una

234 4262 430 4317 versus
468 4248 735 4319 orientem
771 4244 936 4303 so'lem
984 4249 1368 4318 incumbebat,
1408 4255 1574 4308 altera
1614 4269 1805 4311 versus

232 4339 565 4409 aquilonem.
597 4341 731 4396 Eam
779 4341 1042 4397 visionem
1078 4342 1364 4399 Persarum
1397 4353 1451 4400 et
1480 4345 1803 4418 Scytharum

235 4448 291 4488 In
318 4433 596 4490 Romanos
615 4434 973 4506 irruptionem
1000 4437 1244 4494 indicare
1258 4439 1569 4511 declaravit,
1598 4443 1807 4497 ethanc

1900 1948 1997 2002 ἐὰν
2026 1948 2437 2019 ἁμαρτάνοντες
2493 1948 2936 2019 ἐπιστρέψωμεν.
2980 1943 3150 2005 Τοῦτο
3206 1942 3264 1993 δὲ
3292 1936 3470 2001 εἶπεν,

1898 2040 2007 2093 τῶν
2035 2040 2251 2094 οἰκείων
2291 2041 2471 2093 πόνων
2510 2038 2774 2109 κρύπτων
2823 2039 2892 2091 τά
2924 2034 3325 2106 κατορθώματα
3346 2049 3359 2063 ·
3382 2033 3474 2093 διὰ

1901 2131 2060 2186 τοῦτο
2088 2132 2197 2204 γὰρ
2224 2133 2318 2186 καὶ
2345 2133 2444 2201 τῆς
2471 2131 2696 2185 ἐκείνων
2725 2130 3039 2201 μετανοίας,
3068 2128 3130 2181 οὐ
3158 2128 3253 2196 τῆς
3282 2123 3475 2179 ἑαυτοῦ

1905 2222 2043 2295 πρὸς
2065 2223 2161 2280 τὸν
2190 2224 2323 2278 Θεὸν
2353 2222 2692 2294 παρρησίας,
2731 2223 2793 2275 τὸ
2820 2223 3053 2292 πρᾶγμα
3086 2219 3293 2274 ἐτίθετο
3316 2237 3329 2251 ·
3357 2218 3474 2289 ᾔδει

1899 2316 2008 2386 γὰρ
2041 2315 2115 2381 ὡς
2162 2314 2224 2370 οὐ
2281 2315 2604 2387 περιόψεται
2655 2314 2856 2376 αὐτοὺς
2905 2314 3092 2377 κακῶς
3144 2314 3473 2381 πάσχοντας,

1899 2408 2036 2462 ἀλλὰ
2080 2410 2148 2480 τῇ
2188 2407 2366 2480 οἰκεία
2407 2407 2655 2478 πρδςτδν
2684 2408 2963 2477 Δεσπότην
3005 2403 3242 2469 ἐντεύξει
3279 2403 3475 2470 κοιμήε

1902 2517 2013 2553 σειε
2034 2499 2223 2553 λοιπὸν
2252 2499 2352 2569 τὴν
2380 2499 2576 2570 ὀργὴν,
2605 2498 2700 2551 καὶ
2758 2500 2946 2567 στήσει
2986 2497 3108 2550 κατ’
3140 2496 3319 2550 αὐτῶν
3368 2496 3469 2551 ex.

1904 2592 2327 2664 ανατεινομένην
2352 2594 2450 2664 τὴν
2476 2592 2737 2663 μάστιγα.
2775 2591 2942 2646 Οὔπω
2974 2591 3156 2645 τοίνυν
3183 2593 3477 2661 τριάκοντα

1905 2685 1967 2737 τὸ
1997 2686 2092 2739 ἀπ’
2121 2684 2332 2737 ἐκείνου
2368 2682 2645 2755 παρῆλθον
2678 2683 2905 2755 ἡμέραι,
2934 2684 3027 2736 καὶ
3072 2684 3303 2753 κάμπης
3338 2680 3474 2735 πολύ

1899 2796 1953 2831 τι
1979 2780 2140 2848 νέφος
2174 2776 2469 2848 περιχυθὲν
2504 2776 2701 2847 μικροῦ
2747 2776 2857 2831 δεῖν
2901 2775 2962 2828 τὸ
3008 2776 3299 2847 πρόσωπον
3328 2774 3475 2828 ἅπαν

1900 2871 2096 2939 ὲπέσχε
2139 2874 2239 2939 τῆς
2265 2874 2389 2940 γῆς.
2424 2872 2534 2929 Καὶ
2554 2871 2602 2923 oi
2633 2872 2733 2941 μὲν
2758 2869 3035 2940 ἄνθρωποι
3054 2867 3175 2921 οὐδὲ
3200 2866 3339 2937 ὑπὲρ
3366 2866 3477 2919 τῶν

1903 2964 2207 3034 μελλόντων
2234 2964 2456 3035 θαρρεῖν
2480 2959 2648 3035 εἶχον,
2665 2963 2786 3016 οὐδὲ
2808 2962 3005 3016 εἰδέναι
3034 2961 3218 3029 σαφῶς
3251 2959 3303 3012 εί
3341 2959 3472 3013 ποτᾶ

1899 3072 1983 3118 τις
2015 3042 2168 3109 ἔσται
2194 3055 2288 3109 τοῦ
2324 3055 2497 3112 κακοῦ
2523 3054 2675 3118 λύσις
2697 3071 2710 3085 ·
2732 3055 2922 3125 ἀμέλει
2961 3054 3056 3111 καὶ
3096 3053 3319 3114 ἑαυτοὺς
3364 3052 3468 3103 άπ-

1900 3147 2221 3216 εγίνωσκον,
2246 3149 2324 3213 ὡς
2351 3148 2411 3202 οὐ
2461 3148 2553 3201 τὸν
2586 3150 2650 3201 ὲκ
2679 3148 2780 3216 τῆς
2819 3148 3049 3216 κάμπης
3088 3145 3329 3202 κίνδυνον
3360 3144 3480 3201 δια-

1902 3239 2219 3311 δράσοντας,
2242 3240 2377 3295 ἀλλὰ
2405 3240 2590 3317 κακῷς
2634 3239 3053 3303 ἀπολουμένους.
3090 3236 3338 3308 καρπῶν,
3363 3234 3483 3291 τῶν.

1906 3333 2004 3403 μὲν
2031 3333 2153 3387 οὐδὲ
2187 3332 2547 3401 ἀναφύντων,·
2563 3331 2671 3385 τῶν
2698 3331 2872 3384 δὲύπὸ
2893 3330 2991 3399 τῆς
3014 3329 3238 3398 κάμπης
3268 3326 3477 3381 ἀναλωο

1903 3425 2128 3483 θέντων.
2163 3426 2221 3480 Ὀ
2266 3426 2320 3480 δὲ
2365 3426 2567 3496 χρῆται
2620 3427 2685 3495 τῇ
2715 3424 2851 3495 πρὸς
2879 3422 3119 3483 τὸνβεὸν
3144 3420 3345 3488 δεήσει,
3381 3417 3479 3472 καὶ

1901 3518 1935 3587 ἠ
1969 3516 2166 3587 κάμπη
2189 3516 2354 3580 εὐθὺς·
2374 3518 2438 3570 ὲκ
2470 3516 2671 3578 ποδῶν,
2696 3515 2787 3567 τὸν
2815 3514 2921 3565 τῶν
2945 3512 3154 3580 ἀλόγων
3175 3509 3322 3582 χιλδν
3345 3510 3481 3579 βρα-
3536 3524 3550 3534 ’

1902 3610 2005 3681 χέα
2024 3609 2407 3681 λυμηναμένη,
2435 3608 2532 3679 τῆς
2557 3624 2619 3676 γε
2650 3606 2755 3677 μὴν
2786 3604 2895 3658 τῶν
2927 3603 3228 3674 ἀνθρώπων
3268 3600 3476 3671 τροφῆς

1907 3700 2017 3754 οὐδ’
2037 3702 2188 3771 ὅπως
2213 3700 2307 3759 οὖν
2354 3700 2634 3779 ἁψαμένη,
2674 3697 2796 3760 οὐδέ
2826 3714 2880 3751 τι
2908 3695 3104 3770 βλάϐος
3161 3695 3343 3765 αὐτοῖς
3377 3694 3481 3762 ἐμ-

1907 3793 2201 3863 ποιήσασα.

1974 3968 2073 4036 λξ.
2111 3968 2332 4033 Τούτοις
2366 3968 2516 4034 ἄξιον
2552 3969 2727 4022 ἐκεῖνο
2757 3966 3100 4040 προσθεῖναιο
3140 3963 3243 4018 Δύο
3290 3963 3479 4037 ράὄδοι

1908 4064 2038 4117 ποτὲ
2070 4061 2148 4133 τῷ
2207 4061 2316 4116 τῶν
2369 4061 2612 4114 ἀθεάτων
2678 4060 2851 4130 τούτῳ
2901 4058 3065 4130 θεατῇ
3127 4056 3184 4123 ἐξ
3246 4054 3480 4126 οὐρανοῆ

1906 4136 2344 4225 καταφερόμεναι
2374 4152 2652 4222 ὤφθησαν·
2688 4146 2761 4205 ὧν
2790 4154 2823 4222 ἡ
2880 4151 2977 4221 μὲν
3015 4150 3150 4219 πρὸς
3192 4151 3479 4219 ἀνίσχοντα

1908 4247 2252 4316 ἐπέσκηπτεν
2284 4247 2454 4316 ἥλιον,
2496 4247 2530 4315 ἠ
2589 4246 2645 4298 δὲ
2694 4246 2827 4314 πρὸς
2856 4238 3081 4315 βορρᾶν.
3150 4240 3364 4309 Πέρσας
3419 4239 3479 4291 δὲ

1907 4337 2015 4408 ἄρα
2070 4338 2164 4389 καὶ
2213 4335 2422 4412 Σκιξθας
2472 4336 2610 4388 κατὰ
2652 4333 2936 4403 Ῥωμαίων
2984 4330 3295 4402 στρατειξειν
3333 4346 3479 4399 παρ-

1908 4429 2094 4499 εδήλου
2118 4429 2187 4481 τά
2216 4431 2312 4499 τῆς
2342 4428 2467 4491 θέας
2493 4445 2503 4458 ·
2529 4427 2624 4481 καὶ
2646 4428 2745 4499 τὴν
2780 4428 2876 4496 μὲν
2909 4426 3030 4493 ὄψιν
3060 4426 3354 4497 διηγήσατο
3369 4425 3483 4485 τοῖς

232 4523 498 4580 visionem
531 4527 893 4597 praesentibus
953 4528 1190 4582 narravit
1235 4529 1469 4599 (ει-δε).
1516 4531 1637 4601 ipse
1676 4547 1799 4587 vero

1910 4520 2196 4593 παροῦσιν.
2240 4520 2411 4579 Αὐτὸς
2438 4520 2495 4572 δὲ
2549 4519 2780 4588 δάκρυσι
2812 4517 2904 4571 καὶ
2964 4516 3343 4587 παρακλήσεσι
3385 4513 3484 4567 καὶ

232 4616 406 4671 multa
427 4617 788 4689 lacrymarum
809 4617 1123 4689 profusione
1140 4629 1194 4674 ct
1206 4621 1459 4690 precibus
1476 4621 1587 4677 Deo
1600 4624 1808 4693 suppli-

233 4707 394 4781 cabat
420 4727 434 4765 :
459 4724 638 4779 neque
656 4709 806 4779 prius
836 4710 905 4765 ab
939 4710 1184 4766 oratione
1200 4711 1422 4776 destitit,
1450 4728 1610 4782 quam
1629 4712 1808 4768 Persae

230 4798 287 4853 in
305 4797 584 4854 Romanos
606 4799 838 4864 incitati,
857 4799 1004 4854 civili
1035 4800 1180 4855 inter
1204 4815 1263 4855 se
1282 4800 1623 4879 dissensione
1644 4802 1806 4856 obor-

231 4896 310 4952 ta,
349 4896 663 4958 apparatum
693 4890 981 4946 militarem
1007 4890 1388 4947 dissolverent.
1416 4892 1628 4963 Scythae
1653 4909 1802 4955 vero,

230 4978 449 5051 cognita
477 4980 768 5035 Persarum
802 4981 1170 5048 cunctatione,
1213 4989 1268 5037 et
1306 4982 1406 5053 ipsi
1455 4982 1804 5052 quieverunt,

232 5083 412 5143 neque
442 5068 602 5141 vulgo
639 5084 861 5125 sensum
892 5071 1275 5128 commotionis
1307 5072 1675 5143 prmbuerunt.

305 5251 397 5331 58.
439 5251 585 5308 Talis
617 5258 736 5307 erat
771 5252 1107 5310 admirabilis
1133 5254 1223 5310 ille
1249 5254 1489 5327 Symeon
1511 5273 1524 5309 :
1550 5253 1622 5310 ita
1656 5268 1810 5308 com-

305 5435 512 5507 (51-52)
552 5436 725 5494 Aliter
760 5437 1161 5505 Theodoretus,
1210 5456 1230 5489 ι
1276 5437 1335 5494 1η
1382 5446 1581 5493 terram
1635 5446 1817 5493 autem

233 5510 556 5562 orientalem
584 5510 919 5564 cadebantet
948 5509 1358 5565 occidentalem.
1374 5527 1392 5559 ι
1415 5507 1679 5563 Baronius
1699 5509 1816 5562 hare

234 5577 303 5649 ad
317 5594 520 5651 annum
539 5578 640 5633 4‘20
663 5579 841 5651 refert,
854 5581 1072 5651 quando
1085 5589 1297 5634 mortuo
1314 5578 1579 5649 lsdigerde
1592 5592 1809 5633 succes-

237 5647 331 5721 sor
360 5647 666 5721 Vara‘ranes
709 5647 887 5705 fmdus
922 5652 1088 5721 rupit,
1116 5653 1261 5721 malo
1289 5647 1511 5721 squnt
1545 5664 1662 5721 non
1692 5656 1805 5700 lum

237 5718 551 5791 inexordio
584 5718 701 5789 ipso
731 5722 966 5791 sopitum
992 5717 1083 5776 est
1107 5721 1178 5775 ob
1210 5719 1399 5791 civi_lcs
1433 5717 1805 5791 dissensiones

240 5788 461 5863 bellum,
487 5795 548 5843 ut
574 5786 724 5877 patet
742 5786 809 5847 ei
838 5792 904 5848 iis
929 5805 1052 5865 qua:
1082 5799 1264 5847 narrat
1300 5786 1550 5842 Socrates
1578 5787 1671 5841 lib.
1702 5802 1795 5855 vn,

1912 4612 2167 4674 ἱκετείαις
2210 4612 2270 4663 τὸ
2325 4610 2480 4663 Θείον
2543 4609 2889 4680 ἑξελιπάρειο
2942 4610 3035 4660 καὶ
3092 4607 3152 4659 οὐ
3218 4604 3483 4676 πρότερον

1906 4701 2078 4771 ἀνῆκε
2109 4700 2384 4770 δεόμενος,
2416 4700 2519 4762 ἕως
2541 4692 2602 4752 οὗ
2642 4700 2691 4751 οἱ
2725 4698 2868 4750 κατὰ
2917 4698 3204 4766 Ῥωμαίων
3234 4694 3483 4763 κινηθὲν·
3579 4704 3588 4710 ·

1906 4809 1997 4856 τες
2052 4792 2258 4863 Πέρσαι
2287 4791 2385 4860 μὲν
2420 4792 2603 4844 στάσει
2640 4792 2746 4843 τινὶ
2803 4789 3049 4858 ἐμφυλίῳ
3088 4788 3167 4849 είς
3216 4786 3482 4854 ἀλλήλους

1906 4885 2220 4941 διελύσαντο
2257 4884 2355 4954 τὴν
2398 4882 2775 4953 παρασκευὴν,
2809 4884 2868 4933 τὺ
2915 4880 2973 4932 δὲ
3025 4878 3316 4939 Σκυθικδν,
3384 4875 3483 4943 τὴν

1906 4978 2015 5030 τῶν
2031 4976 2257 5048 Περσῶν
2282 4976 2543 5045 συστολὴν
2568 4975 2850 5043 μαθόντες,
2875 4972 3160 5044 ἠρέμησαν
3193 4972 3285 5023 καὶ
3308 4969 3481 5029 αὐτοὶ,

1909 5069 2004 5122 καὶ
2029 5068 2151 5123 οὐδὲ
2188 5066 2440 5138 αἴσθησιν
2484 5068 2756 5138 παρέσχον
2784 5068 2894 5129 τοῖς
2933 5064 3148 5128 πολλοῖς
3180 5062 3273 5115 τοῦ
3324 5063 3484 5126 κινή-

1913 5180 2102 5232 ματος.

1982 5253 2080 5326 λη’.
2122 5255 2374 5319 Τοιοῦτος
2432 5251 2503 5327 ἦν
2553 5255 2581 5308 ὁ
2620 5253 2918 5323 θαυμάσιος
2968 5246 3156 5316 οὗτος,
3209 5249 3303 5303 καὶ
3340 5246 3486 5300 οὕτω

1921 5454 2044 5508 cap.
2083 5438 2167 5500 18.
2209 5440 2352 5508 quod
2394 5437 2485 5493 hic
2528 5441 2583 5494 S.
2636 5437 2921 5508 Symeouis
2967 5436 3221 5508 precibus
3272 5432 3481 5508 factum

1915 5504 2104 5563 scribit
2145 5504 2520 5564 Themloretns
2563 5520 2617 5564 ct
2666 5504 3069 5577 Sletaphrastes.
3128 5505 3200 5558 De
3258 5504 3483 5577 regibus
3560 5564 3565 5567 _

1915 5578 2199 5634 Persarum
2253 5579 2579 5649 Isdigerdcm
2626 5588 2680 5632 et
2732 5574 3309 5649 Vararancnusccuns
3356 5574 3478 5649 vide

1908 5650 2189 5770 ﬁgathiam
2222 5649 2313 5702 lib.
2352 5642 2401 5702 εἶ’
2428 5659 2481 5703 et
2512 5651 2724 5704 Petrum
2758 5646 3058 5702 Teixeiram
3082 5646 3179 5699 lib.
3214 5645 3319 5700 tdc
3347 5642 3476 5735 Reg.

1952 5736 2050 5770 era.

1952 5736 2050 5774 ενδ.
