3886 6468
314 359 386 425 37
392 344 439 424 9‘

1566 357 1851 419 MENSIS
1878 358 2341 420 JANUARIUS.

3482 356 3601 422 330

319 472 508 545 digitis
530 471 873 547 applicabat;
914 473 1071 531 facile
1108 473 1258 530 enim
1299 482 1492 530 venter
1538 475 1610 531 ob
1656 474 1901 530 alimenti

2030 489 2104 535 ra;
2134 472 2315 544 ἀφῆκε
2345 469 2443 543 τὴν
2487 470 2689 542 ψῆφον,
2742 469 3114 526 κατακύπτων
3157 468 3214 523 δὲ
3241 468 3303 523 rb
3336 469 3602 540 μέτωπον

318 565 593 623 defectum
624 568 843 623 dorsum
871 565 1072 623 inﬂecti
1100 566 1449 624 uermittebat
1479 566 1615 639 (40).

390 839 481 893 ιδ.
524 838 696 895 Porro
719 857 783 898 ex
807 843 895 898 illa
932 854 1196 916 perpetua
1223 858 1279 904 et
1309 856 1473 918 supra
1507 859 1761 905 naturam
1802 851 1903 907 ad-

319 931 554 987 mirabili
587 935 822 989 statinne
857 937 1135 1003 eﬂ‘ertum,
1165 949 1226 994 ut
1254 940 1308 995 in
1336 943 1509 996 altero
1538 944 1677 1012 pede
1710 943 1903 1012 ingens

321 1024 478 1077 ulcus
506 1029 870 1085 contraxerit.
904 1045 935 1083 e
965 1046 1071 1099 quo
1101 1031 1331 1101 plurima
1370 1034 1552 1088 sanies
1604 1033 1899 1092 deﬂuebat.

324 1114 528 1170 Verum
577 1119 713 1174 nihil
765 1120 959 1175 horum
1005 1122 1123 1193 ejus
1166 1123 1565 1194 philosophiam
1610 1127 1901 1195 repressit;

322 1210 508 1263 omnia
544 1213 690 1267 enim
715 1229 977 1285 generose
1010 1217 1252 1285 pertulit,
1287 1217 1501 1273 labores
1526 1219 1695 1274 animi
1719 1236 1907 1290 prom-

322 1299 594 1368 ptitudine
614 1302 857 1357 vincens.
882 1303 1047 1361 Ulcus
1064 1322 1192 1361 vero
1209 1306 1351 1362 istud
1374 1307 1589 1363 cuidam
1612 1310 1905 1380 aliquando

322 1393 617 1447 ostendere
648 1404 868 1450 coactus
889 1408 992 1451 est.
1023 1400 1150 1453 Erat
1183 1400 1328 1454 enim
1370 1401 1452 1454 vir
1477 1401 1696 1471 quidam
1729 1403 1907 1473 digni-

324 1489 436 1538 tate
462 1484 744 1550 diaconus,
780 1490 996 1545 virtutis
1027 1490 1303 1547 studiosus
1328 1510 1343 1547 ;
1368 1494 1413 1546 is
1440 1492 1729 1563 Symeonis
1762 1495 1904 1550 fama

326 1574 560 1639 excitus,
598 1579 749 1633 venit
784 1579 1042 1634 Ravenna
1075 1582 1208 1649 (4|),
1239 1593 1295 1638 et
1327 1585 1482 1639 collis
1518 1586 1662 1640 illius
1697 1588 1905 1643 vertice

330 1676 655 1730 conscenso,
700 1667 794 1722 Dic
826 1667 983 1728 mihi.
1018 1670 1115 1733 ait,
1151 1685 1248 1739 per
1284 1672 1457 1740 ipsam
1491 1675 1800 1740 veritatem,
1835 1691 1903 1728 an

327 1763 384 1807 tu
416 1754 580 1810 homo
609 1771 691 1816 es,
736 1772 805 1812 an
838 1774 970 1813 vero
1000 1760 1101 1813 alia
1148 1763 1394 1831 quasdam
1434 1772 1629 1818 natura
1662 1766 1907 1834 corporis

2006 564 2097 618 ἀεὶ
2133 568 2249 627 τοῖς
2280 564 2391 620 τῶν
2441 563 2618 617 ποδῶν
2650 561 2935 628 δακτύλοις
2975 563 3301 635 προσήρειδε
3322 579 3336 593 ·
3368 563 3456 617 διὰ
3484 562 3605 630 γὰρ

2006 657 2104 730 τὴν
2132 657 2232 729 τῆς
2253 657 2459 729 τροφῆς
2504 656 2712 712 ἔνδειαν
2758 659 2792 730 ἡ
2845 658 3061 729 γαστὴρ
3116 655 3363 721 εὐπετῶς
3402 656 3605 711 ἐπικύ-

2007 748 2240 803 πτεσθαι
2262 748 2341 817 τῷ
2371 748 2528 820 νώτῳ
2558 767 2632 803 πα
2641 751 2838 820 ρεῖχεν.
3608 776 3617 785 -

2082 848 2186 914 με’.
2227 842 2363 897 ’Δπδ
2420 844 2670 913 μέντοιγε
2697 844 2797 914 τῆς
2830 842 3146 913 ὑπερφυοῦς
3204 842 3421 913 ἐκείνης
3464 842 3606 897 στά-

2010 953 2148 999 σεως
2203 936 2419 1008 χρόνιον
2449 935 2608 1000 ἕλκος
2637 935 2851 1006 θατέρῳ
2886 936 3011 990 ποδὶ
3044 936 3401 1005 ἐγγενόμενον
3447 936 3608 989 πλεῖς

2013 1047 2138 1083 στον
2196 1031 2409 1084 ἐκεῖθεν
2469 1030 2643 1102 ἰχῶρα
2693 1029 2993 1100 ἒξέκρινεν.
3064 1030 3205 1085 Ἀλλ’
3249 1030 3399 1100 ὅμως
3447 1030 3607 1083 οῦδὲν

2008 1121 2215 1173 τούτων
2252 1119 2483 1196 ηλεγχεν
2538 1117 2704 1173 αὐτοῦ
2762 1118 2861 1190 τὴν
2913 1118 3269 1187 φιλοσοφίαν·
3322 1118 3485 1189 ἔφερε
3540 1116 3606 1170 δέ

2011 1213 2189 1266 πάντα
2221 1212 2508 1281 γενναίως,
2534 1215 2600 1283 τῇ
2632 1211 2914 1284 προθυμίᾳ
2940 1212 3051 1265 τῶν
3090 1210 3269 1269 πόνων
3318 1210 3608 1280 περιγινό-

2015 1323 2195 1377 μενος.
2232 1304 2407 1359 Τοῦτο
2432 1304 2487 1359 δὲ
2517 1304 2579 1358 τδ
2623 1305 2780 1369 ἕλκος
2835 1307 2929 1359 καὶ
2974 1304 3268 1369 ὑποδεῖξαι
3304 1307 3409 1359 τινί
3466 1321 3610 1365 ποτε

1956 1464 1971 1477 _
2011 1396 2357 1469 ἠναγκάσθη.
2390 1396 2556 1468 Ἀνὴρ
2580 1398 2690 1469 γάρ
2736 1414 2821 1461 τις
2852 1397 2946 1451 τὸν
2971 1397 3182 1468 βαθμὸν
3212 1397 3479 1462 διάκονος,
3506 1396 3607 1450 τὸν

2013 1491 2214 1563 τρόπον
2268 1489 2582 1562 φιλάρετος,
2612 1492 2679 1561 τῇ
2732 1490 2860 1561 περὶ
2914 1489 3008 1543 τὸν
3042 1490 3271 1560 Συμεὼν
3306 1490 3463 1561 φήμῃ
3502 1506 3606 1542 κε-

2013 1582 2331 1654 κινημένος,
2368 1581 2599 1649 ἀφίκετό
2655 1600 2789 1635 ποτε
2847 1581 2957 1637 ἀπὸ
2996 1581 3314 1655 Ῥαϐέννης,
3358 1584 3453 1635 καὶ
3500 1582 3607 1651 τὴν

2013 1675 2259 1746 κορυφὴν
2298 1673 2516 1745 ἐκείνην
2567 1672 2925 1727 καταλαϐών
2961 1673 3093 1727 Εἰπέ
3146 1692 3258 1745 μοι,
3301 1673 3429 1745 ἔφη,
3462 1674 3610 1746 πρὸς

2013 1770 2111 1840 τῆς
2166 1765 2446 1838 ἀληθείας,
2504 1767 2664 1830 αὐτὸς
2704 1761 2814 1837 ἆρά
2875 1785 2938 1836 γε
2992 1765 3280 1839 ἄνθρωπος
3320 1763 3451 1840 εί,ἧ
3502 1784 3590 1829 τις

324 1860 540 1914 evpers,
565 1856 622 1902 et
650 1850 944 1905 humanam
978 1851 1207 1924 eliigiem
1236 1856 1518 1910 ementita.
1553 1856 1706 1911 lianc
1738 1859 1907 1913 inter-

2030 1860 2183 1931 ἑτέρα
2216 1859 2379 1926 φύσις
2428 1859 2745 1929 ἀσώματος,
2777 1858 2875 1931 τὴν
2910 1859 3262 1931 ἀνθρωπίνην
3314 1859 3615 1930 ὑποκρινο-

327 1937 663 2004 rogationem
716 1956 838 1993 cum
875 1949 1120 1997 astantes
1170 1944 1395 2000 moleste
1429 1946 1656 2009 ferrent,
1690 1947 1911 2004 divinus

328 2025 562 2097 Symeon
606 2031 897 2086 tumultum
936 2034 1168 2101 sedavit,
1204 2045 1259 2090 et
1296 2037 1362 2090 ad
1396 2037 1545 2092 illum
1592 2054 1910 2106 conversus,

329 2118 495 2181 Quid.
545 2120 739 2189 inquit.
791 2138 879 2177 me
930 2132 986 2178 tu
1022 2123 1131 2180 hoc
1170 2127 1364 2197 rogas!
1403 2126 1687 2183 Subnectit
1733 2133 1910 2188 alter:

332 2210 489 2275 Quia.
525 2227 884 2283 quoscunque
923 2216 990 2271 dc
1022 2226 1073 2273 te
1107 2219 1271 2273 audio
1295 2235 1600 2275 sermonem
1629 2222 1910 2289 facientes,

330 2316 435 2356 nec
455 2304 635 2358 cibum
655 2321 887 2371 sumere,
912 2324 1013 2364 nec
1043 2326 1293 2365 somnum
1320 2326 1518 2381 capere
1540 2322 1591 2367 te
1611 2313 1910 2380 afﬁrmant;

331 2403 625 2465 utrumque
654 2412 781 2453 vero
813 2398 1017 2453 homini
1047 2402 1325 2470 proprium
1353 2419 1368 2461 :
1393 2419 1572 2472 neque
1594 2406 1739 2458 enim
1762 2405 1911 2473 quis-

331 2485 475 2553 piam
509 2486 647 2541 hanc
689 2488 898 2543 habens
925 2501 1175 2546 naturam
1210 2495 1328 2547 sine
1363 2509 1558 2548 somno
1592 2505 1686 2551 aut
1734 2498 1916 2553 nutri-

332 2590 518 2632 mento
550 2580 703 2635 vivit.
732 2582 813 2637 Ad
852 2584 966 2639 haec
995 2586 1235 2655 Symeon
1268 2588 1442 2644 scalas
1467 2590 1736 2645 columnae
1762 2591 1917 2646 adbi-

334 2671 447 2724 beri
485 2671 663 2740 jubet,
695 2681 750 2727 et
776 2676 844 2730 ad
888 2691 949 2730 se
982 2686 1042 2733 ut
1076 2681 1337 2734 ascendat
1386 2689 1572 2736 monet
1600 2703 1611 2736 :
1636 2699 1744 2753 quo
1789 2699 1913 2738 cum

272 2782 281 2789 ο
333 2767 602 2831 pervenit,
629 2766 804 2835 primo
827 2769 1045 2838 quidem
1066 2787 1261 2826 manus
1281 2776 1612 2844 cognoscere
1636 2777 1915 2847 praecpil.

331 2854 528 2909 deinde
557 2857 700 2913 intra
731 2870 937 2916 vestem
967 2863 1249 2932 pelliceam
1280 2866 1391 2936 (42)
1421 2882 1643 2921 manum
1669 2866 1915 2937 injicere,

333 2962 513 3017 neque
561 2952 738 3007 solum
794 2954 963 3024 pedes
1011 2958 1235 3023 videre,
1286 2960 1381 3013 sed
1436 2968 1491 3014 et
1535 2960 1916 3031 gravissimum

334 3036 466 3092 illud
506 3041 661 3096 ulcus
700 3045 963 3111 aSpicere.
1019 3045 1116 3099 Vix
1161 3050 1278 3101 visa
1326 3048 1528 3103 ulceris
1570 3051 1920 3105 scaturientis

335 3130 733 3201 magnitudine,
769 3149 801 3188 e
865 3136 1119 3190 columna
1155 3136 1461 3204 descendit,
1485 3148 1539 3193 et
1571 3140 1640 3195 ad
1663 3139 1916 3196 Theodo-

2024 1951 2157 2021 μένη
2184 1948 2471 2004 διάπλασιν
2492 1951 3005 2021 ;Δυσχεραινάντων
3030 1950 3088 2004 δὲ
3118 1951 3254 2022 πρὸς
3276 1950 3373 2022 τὴν
3391 1949 3619 2029 ἐρώτη...

2018 2061 2101 2097 σιν
2128 2043 2237 2096 τῶν
2269 2042 2578 2112 παρόντων,
2610 2042 2702 2095 τδν
2738 2041 2971 2113 θόρυϐον
3019 2042 3203 2107 αὐτοῖς
3236 2043 3264 2095 ὀ
3304 2042 3449 2106 θεῖος
3497 2043 3615 2095 Συ-

2020 2136 2166 2208 μεὼν
2192 2136 2573 2198 καταστείλας.
2617 2136 2712 2189 καὶ
2750 2135 2885 2206 πρὸς
2914 2137 3121 2189 ἐκεῖνον
3150 2135 3508 2205 ἐπιστρέψας,
3541 2135 3615 2193 Τί

2017 2244 2173 2291 ποτε,
2211 2227 2365 2297 φησὶ,
2388 2227 2545 2279 τοῦτό
2567 2227 2810 2297 μεῇρους
2830 2225 2937 2280 Τοῦ
2955 2226 3010 2279 δὲ
3036 2227 3336 2298 εἰρηκότος,
3353 2227 3433 2279 ὅτι
3460 2227 3614 2279 Πάν-

2014 2338 2124 2373 των
2144 2318 2327 2372 ἀκούω
2367 2317 2730 2389 θρυλούντων,
2772 2318 2848 2381 ώς
2895 2317 3022 2371 οὕτε
3065 2319 3291 2383 ἐσθίεις,
3319 2317 3444 2372 οὔτε
3475 2320 3619 2374 καθ-

2016 2410 2191 2473 εύδεις
2220 2427 2233 2439 ·
2269 2410 2530 2482 ἑκάτερον
2558 2410 2614 2464 δὲ
2642 2409 2915 2481 ἀνθρώπῳ
2947 2412 3080 2465 ἴδιον
3104 2428 3116 2442 ·
3149 2413 3210 2464 ού
3234 2414 3343 2483 γάρ
3400 2411 3468 2466 ἄν
3513 2429 3608 2478 τις

2016 2502 2221 2574 ταύτην
2254 2502 2394 2573 ἔχων
2422 2503 2520 2573 τὴν
2547 2502 2710 2571 φύσιν
2740 2504 2944 2572 τροφῆς
2976 2502 3100 2573 δίχα
3121 2503 3215 2557 καὶ
3247 2502 3418 2556 ὕπνου
3445 2503 3612 2575 pieq-

2020 2596 2340 2665 ἐπιτεθῆναι
2379 2599 2711 2668 προστάττει
2741 2596 2819 2665 τῷ
2851 2597 2990 2649 κίονι
3045 2596 3311 2665 κλίμακα,
3355 2598 3616 2651 κάκεῖνον

2019 2691 2094 2754 ὡς
2141 2691 2306 2745 αὐτὸν
2353 2691 2660 2761 ἀναϐῆναιο
2701 2691 2825 2744 ἐπεὶ
2873 2689 2928 2744 δὲ
2988 2691 3089 2762 ἤδη
3130 2691 3368 2756 ἁνέλθοι,
3416 2690 3620 2762 πρῶτα

2023 2783 2123 2855 μὲν
2154 2783 2501 2855 καταμαθεῖν
2546 2783 2648 2849 τὰς
2682 2786 2871 2856 χεῖρας
2910 2782 3279 2852 ἐπετρέπετο·
3317 2779 3435 2836 εἶτα
3478 2782 3621 2835 εἴσω

2019 2876 2112 2930 τοῦ
2166 2877 2493 2948 δερματίνου
2550 2876 2900 2947 περιϐολαίου
2935 2876 3035 2948 τὴν
3088 2878 3244 2947 χεῖρα
3286 2876 3491 2947 βαλεῖν,
3519 2876 3619 2928 καὶ

2031 2971 2161 3025 ἰδεῖν
2197 2969 2274 3043 μὴ
2304 2970 2430 3033 τοὺς
2464 2970 2635 3030 πόδας
2671 2968 2853 3039 μόνον,
2887 2968 3023 3020 ἀλλά
3052 2969 3147 3020 καὶ
3185 2967 3244 3019 τὸ
3287 2964 3627 3037 χαλεπώταε

2021 3081 2114 3117 τον
2143 3062 2301 3125 ἕλκος
2352 3064 2548 3117 ἐκεῖνο.
2595 3060 2740 3115 Ἰδὼν
2779 3061 2835 3114 δὲ
2880 3060 2978 3133 τὴν
3009 3059 3102 3113 τοῦ
3139 3059 3334 3119 ἕλκους
3370 3056 3620 3128 ὑπερϐο-

2024 3152 2143 3220 λὴν,
2175 3153 2268 3206 τού
2301 3151 2495 3207 στόλου
2521 3170 2581 3206 τε
2602 3149 2985 3223 κατεληλύθει,
3017 3150 3113 3204 καὶ
3142 3150 3279 3220 πρὸς
3305 3148 3365 3202 δν
3396 3150 3424 3202 ὁ
3454 3149 3631 3217 λόγος

336 3230 538 3315 rerum,
563 3226 630 3277 de
655 3238 762 3292 quo
788 3224 941 3295 prius
963 3241 1143 3282 sermo
1168 3227 1376 3295 incidit,
1410 3229 1708 3299 profectus,
1732 3231 1915 3286 omnia

2030 3199 2240 3313 φθέίσας
2288 3244 2525 3309 ἐδήλωσε
2590 3199 2939 3315 Θεοδώρητον
2971 3199 2985 3217 1
3013 3199 3373 3313 ἀφικόμενος,
3432 3199 3625 3294 πάύτα,

335 3322 597 3368 accurate
622 3319 888 3374 narravit.
922 3319 1052 3375 Inde
1077 3322 1130 3374 in
1163 3322 1390 3390 patriam
1426 3325 1721 3391 revertitur
1740 3340 1920 3395 praeco

335 3405 733 3464 disertissimus
805 3429 1024 3469 omnem
1075 3424 1329 3469 naturam
1378 3417 1762 3472 ercedentium
1822 3419 1919 3475 viri

338 3498 504 3567 hujus
538 3503 922 3565 certaminum.

406 3591 499 3647 46.
541 3593 676 3650 Aliis
727 3598 873 3651 enim
913 3602 1278 3658 certatoribus
1312 3603 1523 3660 dierum
1557 3606 1923 3665 circumvolu-

338 3681 518 3738 tiones
549 3697 700 3756 grata
732 3688 962 3757 quadam
999 3695 1324 3751 remissione
1351 3697 1566 3754 labores
1604 3702 1919 3772 excipiunt;

340 3773 471 3863 huic
504 3794 635 3832 vero
682 3782 961 3838 continua:
1004 3786 1151 3841 illius
1190 3790 1530 3858 paenitentia:
1574 3793 1755 3863 quies.
1804 3805 1925 3850 erat

340 3862 590 3920 laborum
627 3871 880 3926 mutatio.
913 3873 1006 3928 Sui
1042 3876 1154 3944 jam
1184 3880 1521 3937 occubuerat
1558 3885 1695 3953 (i5),
1736 3886 1827 3941 ille
1855 3887 1925 3942 ad

341 3954 742 4028 intelligihilem
769 3971 823 4017 et
860 3964 1206 4024 inocciduum
1240 3970 1421 4028 Solem
1455 3990 1651 4030 manus
1682 3986 1797 4032 tum
1829 3994 1927 4033 cx-

340 4050 597 4136 tendens.
631 4062 821 4110 noctes
849 4057 1090 4128 integras
1139 4063 1339 4126 stabat,
1388 4081 1570 4136 neque
1599 4084 1791 4125 somno
1828 4072 1928 4127 de-

342 4134 555 4203 linitus,
589 4158 770 4212 neque
811 4145 1025 4217 ignavia
1061 4151 1256 4218 victus,
1287 4153 1463 4210 donec
1482 4134 1582 4212 ille
1617 4159 1812 4215 iterum
1858 4162 1926 4216 ad

343 4232 571 4287 orientis
592 4235 929 4294 horizontem
955 4253 1340 4312 reverteretur,
1372 4260 1428 4304 et
1455 4252 1632 4307 noctis
1656 4254 1927 4311 tristitiam

343 4323 450 4379 diei
484 4339 805 4386 amoenitate
832 4335 1170 4390 terminaret.
1197 4337 1289 4393 llis
1318 4338 1514 4397 deinde
1539 4347 1930 4413 certaminibus

343 4418 602 4473 exercitia
631 4421 754 4487 alia,
783 4423 902 4478 alire
930 4440 1147 4495 praxes,
1175 4428 1406 4484 aliarum
1438 4431 1674 4506 denique
1704 4451 1927 4507 precum

341 4508 492 4564 modi
529 4512 700 4569 multo
730 4514 1062 4574 ditiiciliorcs
1089 4521 1478 4583 succedebant.

415 4790 506 4845 47.
546 4790 623 4846 ita
655 4793 744 4848 ille
777 4794 830 4849 in
861 4795 1027 4851 tantis
1058 4796 1348 4863 molestiis,
1379 4808 1529 4856 tanta
1557 4817 1738 4859 rerum
1788 4819 1931 4873 prte-

345 4883 493 4939 ciare
529 4894 804 4955 gestarum
841 4888 1006 4955 mole,
1044 4900 1197 4947 tanta
1249 4892 1635 4949 miraculorum
1680 4897 1931 4952 multitu-

344 4977 494 5039 due,
528 4978 746 5034 virtutis
769 4981 1007 5038 culmine
1036 4999 1285 5051 ascenso,
1306 4987 1494 5045 multis
1522 4988 1713 5059 spatiis
1740 5005 1932 5046 omnes

347 5071 607 5127 mortales
642 5071 804 5145 longe
840 5089 1251 5151 supergressus,
1296 5079 1369 5137 ita
1399 5089 1518 5138 erat
1558 5083 1727 5138 animi
1764 5098 1933 5141 sensu

421 5248 535 5319 (50)
561 5247 750 5307 Paullo
773 5251 933 5308 aliter
952 5253 1353 5312 Theodoretus:
1379 5276 1398 5310 ι
1417 5257 1554 5311 Nam
1578 5273 1703 5314 cum
1734 5266 1929 5314 venter

348 5320 523 5378 semel
545 5321 599 5375 in
632 5323 1314 5398 hebdomadaalimentum
1338 5328 1587 5396 accipiat,
1618 5329 1780 5398 idque
1809 5330 1925 5383 exi-

349 5408 423 5461 gu
448 5407 539 5455 un,
564 5403 827 5462 quantum
854 5403 940 5449 est
958 5395 1269 5450 divinorum
1303 5395 1772 5453 sacramentorum
1803 5414 1926 5462 par-

353 5462 619 5531 ticipatio,
638 5465 1143 5532 dorsoconceditut
1159 5465 1315 5521 facile
1340 5466 1667 5523 inﬂectatur.
1704 5488 1724 5520 ι
1770 5462 1925 5523 Unde

2022 3338 2296 3407 διηγεῖται
2347 3338 2443 3392 σὺν
2487 3337 2763 3409 ἀκριϐείᾳ.
2811 3335 3051 3390 Ἐκεῖθεν
3095 3352 3155 3387 τε
3213 3333 3347 3406 πρὸς
3377 3332 3475 3403 τὴν
3506 3349 3622 3385 πα-

2021 3429 2177 3500 τρίδα
2216 3431 2499 3494 ἐπάνεισι,
2545 3427 2726 3500 κήρυξ
2777 3427 2886 3483 τῶν
2912 3426 3208 3499 ὑπερφυῶν
3259 3424 3355 3479 τοῦ
3417 3423 3622 3497 ἀνδρὸς

2021 3516 2200 3572 ἄθλων
2227 3515 2636 3588 λαμπρότατος.

2101 3607 2221 3679 μς’.
2256 3608 2383 3673 Toi‘;
2425 3610 2526 3680 μὲν
2557 3609 2741 3674 ἀλλοις
2767 3608 2879 3664 τῶν
2908 3608 3093 3666 καλῶν
3125 3609 3457 3677 ἀγωνισταῖς
3511 3623 3623 3660 7:5-

2030 3700 2193 3773 ρίοδοί
2247 3718 2391 3765 τινες
2455 3701 2681 3772 ἡμερῶν
2744 3702 2839 3756 καὶ
2894 3700 3233 3771 προθεσμίαι
3282 3698 3501 3752 ἀνέσεσι
3531 3697 3625 3750 δε-

2030 3791 2268 3857 ξιοῦνται
2312 3795 2437 3857 τοὺς
2469 3794 2699 3858 πόνους·
2736 3793 2815 3863 τῷ
2843 3793 2899 3847 δὲ
2943 3793 3045 3862 τῆς
3101 3791 3359 3863 συνεχοῦς
3397 3791 3619 3861 ἐκείνης

2027 3883 2322 3957 καρτερίας
2355 3885 2664 3948 ἀνάπαυσις
2698 3881 2765 3955 ἦν
2796 3886 2828 3954 ἡ
2864 3883 3002 3953 πρὸς
3054 3884 3275 3954 ἑτέρους
3308 3883 3416 3935 τῶν
3442 3882 3625 3935 πόνων

2032 3977 2325 4048 μεταϐολή.
2378 3977 2536 4031 Ἔδυε
2600 3977 2700 4049 μὲν
2759 3977 2869 4047 γάρ
2918 3976 2947 4030 ό
2986 3976 3159 4049 ἣλιος,
3193 3980 3221 4031 ὁ
3250 3976 3305 4030 δὲ
3337 3976 3473 4049 πρὸς
3527 3975 3627 4030 τὸν

2031 4066 2221 4136 νοητὸν
2250 4067 2342 4121 καὶ
2373 4067 2565 4122 ἄδυτον
2605 4067 2795 4121 Ἥλιον
2823 4067 2923 4131 τὰς
2954 4070 3145 4138 χεῖρας
3178 4067 3385 4139 ἀνέχων
3412 4066 3627 4121 παννύη

2031 4178 2148 4231 χιον
2177 4160 2399 4232 ἔστηκε,
2428 4160 2555 4215 οὔτε
2595 4161 2750 4233 ὕπνῳ
2797 4160 3149 4231 θελγόμενος,
3186 4161 3311 4215 οὔτε
3362 4161 3508 4232 ὄκνῳ
3535 4178 3624 4214 νι-

2028 4252 2294 4323 κώμενος,
2325 4252 2433 4316 ἕως
2465 4253 2531 4307 ἂν
2560 4246 2716 4316 οὗτος
2750 4256 2830 4318 είς
2868 4254 2958 4308 τὸν
3002 4252 3137 4325 ἑῷον
3171 4252 3325 4316 αὖθις
3360 4253 3623 4322 ὁρίζοντα.

2030 4344 2259 4412 γένοιτο,
2297 4344 2392 4401 καὶ
2416 4343 2476 4398 τὸ
2514 4344 2612 4414 τῆς
2657 4345 2850 4409 νυκτὸς
2884 4344 3209 4417 σκυθρωπὸν
3239 4343 3317 4418 τῷ
3350 4346 3448 4418 τῆς
3476 4345 3625 4415 ἡμέ-

2034 4452 2128 4506 ρας
2156 4434 2427 4491 διαλύσειε
2473 4428 2808 4509 μειδιάματι.
2871 4432 3004 4491 Εἶτα
3036 4438 3127 4490 τὸν
3190 4437 3379 4506 ἀγῶνα
3427 4436 3626 4490 τοῦτον

1954 4529 2217 4628 Βέτεραι
2267 4530 2428 4583 πάλιν
2485 4532 2769 4601 ἀσκήσεις,
2815 4531 2908 4584 καὶ
2957 4530 3184 4603 πράξεις
3236 4529 3445 4601 ἕτεραι,
3528 4530 3628 4583 καὶ

2039 4619 2358 4693 προσευχῶν
2414 4621 2587 4677 ἄλλων
2639 4623 2829 4692 τρόποι
2885 4620 3065 4692 πολλῷ
3125 4619 3416 4693 βαρύτεροι
3450 4619 3627 4675 διεδέ-

2037 4729 2213 4785 χοντο.

2113 4805 2219 4877 μζ’.
2270 4805 2427 4859 Οὕτω
2477 4805 2658 4863 τοίνυν
2699 4806 2793 4860 καὶ
2846 4808 2902 4860 ἐν
2957 4805 3233 4869 τοσούτοις
3297 4805 3480 4870 πόνοις
3528 4805 3629 4860 καὶ

2038 4897 2478 4971 κατορθωμάτων
2515 4898 2667 4970 ύγκῳ
2694 4899 2787 4952 καὶ
2824 4898 3020 4970 πλήθει
3055 4898 3355 4969 θαυμάτων
3378 4899 3477 4969 τὴν
3515 4898 3629 4952 τῶν

2038 4991 2249 5065 ἀρετῶν
2292 4992 2541 5063 κορυφὴν
2599 4991 3127 5063 ὑπεραναϐεϐηκὼς,
3179 4992 3276 5046 καί
3332 4989 3515 5061 πολλῷ
3547 4988 3627 5060 τῷ

2043 5085 2193 5157 μέσῳ
2245 5084 2456 5148 πάντας
2483 5081 2811 5155 ἀνθρώπους
2847 5082 3227 5157 παρενεγκὼν,
3257 5082 3432 5146 οὕτως
3461 5077 3532 5155 ἦν
3563 5081 3628 5137 τὸ

2036 5257 2256 5341 nonnisi
2277 5257 2707 5341 quadragesimo
2743 5257 2852 5341 die,
2881 5266 3070 5329 postea
3309 5257 3366 5341 in
3413 5256 3627 5341 hebdo:

2036 5330 2195 5384 mada
2240 5329 2425 5383 cibum
2471 5327 2689 5383 sumere
2727 5327 2948 5383 solitum
2999 5328 3213 5385 scribit.
3267 5329 3414 5383 Idem
3460 5327 3636 5385 habet

2036 5400 2352 5469 Alphonsus
2387 5398 2639 5469 Villegas.
2679 5466 2696 5469 _
2863 5410 2867 5415 '
3353 5468 3361 5469 ί

2092 5466 2203 5538 (41)
2246 5466 2625 5526 Τιιεοάοτθὶιιε
2652 5466 2894 5538 Heneti,
2929 5469 2994 5524 ab
3021 5469 3314 5533 Arabeua;
3347 5468 3547 5539 Longi,
3592 5487 3627 5523 a

347 5535 647 5604 colligitur,
675 5551 801 5590 eum
831 5534 1062 5606 singulis
1088 5536 1444 5592 hebdomadis
1472 5539 1689 5593 solitum
1721 5538 1926 5594 Christi
2021 5534 2311 5593 mamma.

351 5620 555 5679 corpus
586 5606 885 5679 percipere.
915 5607 1050 5661 Nam
1081 5607 1124 5661 si
1154 5607 1221 5662 de
1247 5607 1354 5662 alio
1382 5607 1504 5679 cibo
1530 5618 1716 5679 ageret
1748 5608 1929 5665 Theo-

349 5674 602 5741 deretus,
633 5674 821 5732 secum
851 5676 969 5749 ipse
1014 5690 1299 5749 pugnaret.
1338 5678 1433 5749 qui
1461 5674 1591 5749 ante
1624 5680 1929 5749 scripserit,

351 5759 480 5817 eum
526 5748 943 5817 quadragesimo
989 5748 1165 5805 solum
1213 5748 1302 5804 die
1339 5748 1462 5802 cibo
1504 5748 1652 5803 reﬁci
1695 5748 1929 5804 consuc-

355 5816 523 5871 vissc.
569 5816 790 5875 llaraeus
834 5829 983 5877 certe
1031 5818 1135 5877 sibi
1183 5818 1526 5887 contradicit,
1570 5818 1698 5874 dtuu
1754 5820 1930 5893 primo

2098 5611 2211 5680 (ιε)
2253 5609 2488 5681 \_li_llegas
2509 5618 2568 5667 et
2600 5610 2799 5667 Bibad.
2829 5610 3122 5666 cilicinam.

2100 5678 2213 5750 (t3)
2256 5678 2636 5739 Theo'doretus
2664 5683 2782 5739 hzec
2797 5699 2918 5738 cum
2950 5682 3107 5741 festis
3133 5681 3198 5737 fa.
3221 5681 3377 5738 litare
3403 5679 3634 5743 solitum

2032 5752 2240 5808 scribit.
