3886 6460
236 391 341 460 39.9

1330 395 1507 455 VITA
1546 396 1610 455 S.
1645 393 2030 456 SYMEONIS
2069 392 2423 456 STYLIT3E.

3377 397 3485 460 350

241 505 581 582 μετακομιδή
604 505 712 559 ἀπο
735 503 838 575 τῆς
870 505 1109 579 μάνδρας
1154 507 1289 579 πρὸς
1342 508 1440 579 τὴν
1475 508 1804 579 ’Δντιόχειαν

1910 509 2048 564 sacri
2084 510 2329 580 corporis
2350 509 2515 562 funus
2541 523 2605 562 ex
2634 507 2858 562 mandra
2880 507 2934 562 in
2969 508 3157 563 urbem
3186 506 3482 564 Antioche-

234 605 419 675 ἤγετο,
448 600 525 672 τῷ
558 599 656 669 μὲν
676 599 783 652 τῶν
802 598 1103 669 λαμπάδων
1130 601 1270 668 φωτὶ
1302 601 1526 670 στυγνὸν
1547 600 1803 654 δεικνῦσα

233 699 324 749 τὴν
355 694 528 765 ἣλιον,
557 691 639 762 Δτῷ
697 690 755 744 δὲ
795 691 901 744 τῶν
943 693 1379 762 προπεμπόντων
1436 691 1652 762 πλήθει,
1696 694 1805 746 τῶν

232 805 291 841 τε
327 782 950 857 προῦπαντώντων,καὶ
998 783 1103 836 τῶν
1142 784 1407 837 πάντοθεν
1471 784 1531 849 ἐξ
1585 784 1806 854 ἀπάσης

232 878 447 953 ἡλικίας
485 876 912 948 περιρρεόντων,
954 876 1085 928 αὐτό
1129 892 1188 927 τε
1215 876 1274 928 τὸ
1300 876 1425 946 ὅρος
1451 878 1546 932 καὶ
1571 877 1669 942 τὰς
1706 893 1806 929 πε-

229 972 416 1034 διάδας
468 967 900 1039 στενοχιυροῦσα.
949 968 1134 1037 Παρῆν
1183 968 1237 1021 δὲ
1288 970 1381 1023 καὶ
1430 972 1459 1023 ὁ
1496 970 1604 1025 τῶν
1654 969 1805 1043 ἐῴιυν

231 1063 527 1131 ταγμάτων
562 1058 868 1129 στρατηγὸς
907 1058 1314 1128 Ἀρδαὸοὐριος.
1345 1060 1470 1122 τοὺς
1488 1063 1614 1122 περὶ
1643 1062 1807 1115 αὑτὸν

232 1151 563 1223 δορυφόρους
598 1150 844 1220 φύλακας
873 1147 948 1218 τῷ
977 1148 1221 1219 λειψάνῳ
1247 1150 1683 1220 ἐγκαταστήσας,
1713 1153 1807 1204 καὶ

231 1245 331 1312 τὴν
364 1243 585 1296 ἐκείνων
617 1239 867 1310 φυλακὴν
893 1240 1150 1311 μέγιστον
1174 1240 1402 1309 κώλυμα
1429 1244 1549 1305 ταῖς
1568 1242 1675 1294 τῶν
1709 1244 1807 1294 πό-

231 1335 368 1389 λεων
404 1335 611 1403 ἐφόδοις
641 1333 977 1403 ἐπιτειχίσας
1006 1348 1022 1364 ·
1058 1332 1426 1402 ἐφιλονείκουν
1465 1332 1573 1402 γὰρ
1597 1334 1802 1403 ἑκάστη

228 1432 320 1484 τὸν
347 1432 540 1485 ἄσυλον
558 1429 743 1484 τοῦτον
762 1428 1033 1501 θησαυρὸν
1055 1428 1461 1501 προαρπάσασα
1485 1431 1615 1503 παρ’
1635 1432 1800 1502 ἑαυτῇ

232 1522 575 1576 καταθεῖναι.

301 1613 399 1677 νζ¹.
442 1614 527 1665 Ἐν
561 1614 796 1683 ὀχήματι
825 1612 1004 1667 τοίνυν
1031 1612 1126 1668 τοῦ
1172 1610 1319 1683 ἱεροῦ
1369 1610 1617 1683 σώματος
1644 1630 1803 1684 φερο-

233 1706 420 1774 μένου,
463 1705 538 1768 ὠς
562 1706 663 1775 ἤδη
704 1704 847 1758 κατὰ
871 1704 968 1775 τὴν
995 1703 1178 1776 Μερδν
1213 1703 1275 1757 τὸ
1320 1704 1521 1774 χωρίον
1565 1705 1803 1773 ἐγένετο,

229 1800 363 1868 ὅπερ
397 1798 457 1850 ἐν
488 1796 639 1868 δεξιᾷ
676 1797 897 1851 εἰσιόντι
924 1796 1021 1867 τὴν
1059 1796 1391 1866 Ἀντιόχειαν
1441 1798 1639 1859 κεῖται,
1674 1794 1805 1866 ἔστη

1907 616 2032 655 nam
2051 601 2392 670 deportatum
2408 588 2766 655 est.M.lestum
2788 598 3187 669 quodammodo
3204 606 3260 654 et
3276 600 3483 655 tristem

1908 691 2076 746 solem
2124 690 2392 745 elIiciebat
2436 690 2702 744 luminum
2746 690 2937 762 ingens
2993 691 3173 762 copia,
3213 695 3486 747 comitan-

1909 783 2041 838 tium
2064 798 2217 851 aaque
2242 790 2404 851 atque
2428 782 2764 836 obviantium
2791 800 2805 848 ;
2840 792 2894 837 et
2932 785 3287 854 undequaque
3307 787 3486 841 oumis

1905 874 2083 929 aetatis
2105 889 2170 927 eo
2202 855 2593 929 conﬂuentium
2628 874 2917 927 multitudo
2949 884 3187 929 montem
3225 879 3399 945 ipsum
3430 886 3485 931 et

1907 981 2128 1035 campos
2172 974 2431 1036 angustos
2461 965 2741 1019 reddebat.
2774 965 2972 1019 Aderat
3003 965 3231 1019 oriental
3260 983 3347 1019 mu
3388 983 3483 1020 co-

1906 1057 2117 1128 piarum
2149 1057 2256 1111 dux
2291 1056 2664 1119 Ardaburius,
2717 1057 2806 1125 qui
2860 1072 2987 1111 suos
3035 1058 3272 1112 hastatus
3316 1060 3485 1113 sacris

1908 1148 2151 1218 reliquiis
2199 1146 2466 1202 adhibens
2515 1146 2790 1208 custodes.
2823 1159 2878 1201 et
2920 1148 3132 1201 illorum
3183 1152 3480 1202 custodum

1906 1252 2164 1311 tanquam
2212 1257 2427 1295 murum
2456 1256 2767 1309 opponens,
2815 1238 3076 1295 adversus
3109 1240 3318 1293 urbium
3357 1243 3420 1293 vi:
3445 1243 3488 1291 i-

1908 1350 2101 1389 narum
2131 1334 2412 1388 incursum
2454 1332 2734 1386 tnuniebat
2760 1351 2773 1385 :
2803 1334 3030 1402 singula:
3058 1347 3203 1385 enim
3236 1329 3484 1385 civitates

1908 1428 2011 1483 sibi
2051 1444 2269 1484 sacrum
2299 1428 2445 1482 hunc
2475 1427 2787 1481 thesaurum
2819 1422 3111 1496 praeripere
3141 1435 3301 1495 atque
3338 1422 3483 1497 apud

1908 1537 1968 1576 se
1997 1521 2266 1577 collocare
2293 1518 2606 1575 studebant.

1982 1610 2073 1665 57.
2114 1609 2250 1665 Cum
2288 1609 2494 1665 interea
2528 1609 2667 1664 sacri
2694 1608 2937 1679 corporis
2958 1611 3170 1665 sarcina
3202 1609 3370 1664 rlreda
3396 1610 3486 1665 de-

1907 1701 2015 1756 lata
2046 1702 2113 1756 ad
2148 1717 2274 1756 eum
2311 1702 2489 1756 locum
2520 1699 2632 1771 (54)
2665 1701 2751 1753 cui
2782 1699 2957 1755 Meroe
2992 1716 3213 1761 nomen,
3247 1704 3338 1770 qui
3366 1704 3481 1754 An-

1911 1790 2171 1847 tiochiam
2217 1791 2568 1851 venientibus
2609 1790 2677 1845 ad
2716 1792 2966 1845 dextrum
3009 1792 3150 1845 latus
3192 1794 3330 1845 situs
3372 1804 3479 1856 est,

233 1865 554 1959 μὲννὰθρόον
582 1865 641 1939 ab
673 1886 878 1957 ὄχημα,
916 1865 1013 1941 καὶ
1052 1886 1153 1957 τῆς
1212 1865 1305 1939 ἐπὶ
1351 1885 1451 1956 τὴν
1503 1885 1656 1939 πόλιν
1694 1865 1801 1956 είργ

1911 1883 2273 1953 pervenisset,
2302 1898 2498 1937 currus
2543 1883 2725 1938 subito
2775 1880 3072 1938 immobilis
3101 1883 3272 1949 stetit,
3317 1894 3481 1949 atque

228 1996 354 2048 γετο
379 1978 631 2050 πορείας.
669 1977 975 2047 Ἐκπληξις
1022 1977 1079 2031 δὲ
1139 1976 1351 2040 πάντας
1385 1977 1479 2029 καὶ
1522 1975 1640 2039 δέος
1692 1970 1805 2044 εἶχε

228 2074 290 2141 τῇ
308 2069 611 2141 παραδόξῳ
636 2069 728 2123 τοῦ
751 2070 1031 2139 ὀχήματος
1062 2067 1346 2138 ἐπισχέσει
1376 2084 1392 2099 ·
1426 2065 1522 2120 καί
1549 2084 1636 2131 τις
1658 2067 1759 2134 άνὴ
1770 2084 1801 2136 ρ

228 2163 357 2226 τῶν,
379 2161 415 2215 ἃ.
439 2161 606 2214 πολλὰ
658 2160 780 2214 κατ’
820 2163 995 2214 ἐκεῖνο
1023 2156 1087 2230 ἦν
1111 2159 1171 2212 τὸ
1201 2158 1396 2231 χωρίον
1414 2196 1431 2224 ,
1503 2157 1825 2228 μνημάτων-

228 2253 573 2323 ἰξορμηθεὶς,
608 2251 795 2323 δρόμῳ
820 2251 972 2321 παρὰ
1008 2256 1107 2321 τὴν
1146 2251 1302 2321 ἱεράν
1354 2248 1552 2320 ἐχώρει
1603 2247 1761 2319 σορόν
1784 2261 1799 2277 ο

226 2347 362 2400 ἄλλα
392 2363 452 2397 τε
483 2344 765 2415 περιπαθῆ
807 2343 945 2415 βοῶν
994 2344 1088 2397 καὶ
1150 2341 1546 2414 ὀλοφυρόμενος
1575 2339 1674 2394 τοῦ
1701 2338 1806 2410 μύ-

228 2453 355 2500 σους
410 2435 659 2498 ἐλεεινῶς
710 2435 927 2498 ἐαυτὸν,
962 2433 1227 2505 άνεθῆναί
1284 2449 1341 2486 τε
1394 2432 1493 2503 τῆς
1546 2431 1807 2502 μάστιγος

226 2531 397 2583 ἐδεῖτο
442 2531 536 2583 καὶ
583 2529 691 2583 τιῖν
748 2530 963 2599 δεσμῶν
1000 2545 1014 2560 ο
1042 2518 1112 2603 ἦν
1152 2528 1209 2582 δὲ
1257 2529 1292 2600 ή
1331 2526 1528 2599 μάστιξ
1576 2525 1807 2596 πονηρὸς

226 2622 399 2675 πάλαι
442 2614 652 2690 δαίμων
686 2621 1027 2693 ἐπιπηδήσας
1048 2620 1218 2691 αὐτῷ,
1242 2623 1322 2685 είς
1354 2619 1546 2691 νεκρόν
1572 2635 1623 2672 τι
1646 2617 1805 2688 σῶμα

225 2711 484 2779 γυναικὲς
507 2711 848 2781 ἐνυῦρίσαντι
885 2708 1229 2782 στρεὸλώσας
1260 2726 1321 2762 τε
1363 2708 1529 2764 αὑτοῦ
1564 2709 1662 2768 τὰς
1693 2708 1806 2778 χεῖ-

176 2847 183 2853 .
226 2821 324 2875 ρας
352 2804 512 2867 εὐθὺς
537 2803 752 2867 ἀλύτοις
782 2802 1023 2874 δεσμοῖς,
1067 2804 1163 2858 καὶ
1196 2804 1321 2866 τοὺς
1353 2800 1663 2873 ὀφθαλμοὺς
1696 2801 1809 2853 δια-

227 2891 489 2962 πρέψας,
538 2895 631 2944 καὶ
656 2892 856 2962 τρόμον
895 2893 1043 2962 αὐτῷ
1091 2894 1420 2964 ἐμποιήσας,
1456 2893 1552 2945 καὶ
1598 2889 1808 2962 δεσμώ-

224 3002 322 3054 την
363 2987 511 3055 παρὰ
539 2987 616 3057 τῷ
651 2986 748 3055 τῆς
782 2984 1118 3057 ὑδρισμένης
1146 2989 1302 3056 τάφῳ
1327 2986 1490 3057 μέχρι
1520 2986 1614 3039 καὶ
1642 3002 1803 3058 τηνι-

226 3077 406 3131 καῦτα
440 3079 809 3149 κατέχων,καὶ
843 3079 1079 3148 συνεχῶς
1112 3079 1275 3133 αὐτὸν
1299 3079 1677 3147 καταϐάλλων,
1705 3081 1807 3153 τῆς

1908 1976 1976 2030 ab
2011 1990 2077 2030 eo
2108 1974 2253 2045 quod
2290 1975 2346 2030 in
2384 1975 2575 2030 urbem
2610 1973 2817 2030 ferebat
2852 1976 3044 2031 itinere
3075 1979 3294 2045 penitus
3328 1993 3483 2032 arce-

1907 2068 2089 2124 batur.
2121 2067 2245 2123 llaec
2275 2068 2557 2138 inopinata
2593 2084 2789 2123 currus
2827 2070 3062 2124 retentio
3090 2062 3344 2124 omnibus
3380 2072 3480 2125 ad-

1910 2161 2256 2216 mirationem
2285 2177 2395 2215 non
2433 2162 2615 2216 minus
2640 2177 2800 2232 quam
2835 2172 3099 2217 terrorem
3145 2155 3350 2231 injecit.
3386 2155 3482 2219 Vir

1906 2246 2126 2320 quidam
2173 2265 2205 2305 e
2252 2258 2647 2314 monumento,
2697 2252 2878 2321 qualia
2922 2268 3032 2306 non
3084 2268 3253 2322 pauca
3318 2256 3479 2321 juxta

1906 2339 2085 2397 locum
2113 2339 2262 2394 illum
2298 2350 2456 2396 erant
2484 2341 2724 2406 condita,
2751 2342 2956 2413 impetu
2985 2360 3258 2415 egressus,
3285 2361 3481 2416 magno

1907 2447 2069 2487 cursu
2102 2431 2169 2485 ad
2202 2446 2419 2486 sacrum
2450 2432 2688 2486 loculum
2725 2432 3002 2493 ferebatur
3024 2452 3039 2491 :
3061 2444 3117 2490 et
3145 2442 3267 2489 Cum
3302 2439 3483 2492 varios

1907 2523 2073 2578 animi
2104 2526 2369 2579 tumultus
2406 2524 2713 2581 vociferans
2757 2534 3067 2592 testaretur,
3113 2531 3225 2582 tum
3276 2530 3481 2584 scelera

1908 2613 2022 2685 ipse
2047 2631 2142 2670 sua
2167 2615 2547 2671 miserabiliter
2574 2616 3004 2683 lamentabatur;
3025 2616 3227 2674 adba-c
3253 2621 3483 2675 vinculis

1907 2715 1962 2762 et
2006 2706 2217 2778 ﬂagello
2252 2709 2385 2762 solvi
2430 2709 2741 2779 postulabat
2780 2727 2794 2763 :
2827 2726 2989 2781 porro
3037 2712 3325 2784 ﬂagellum,
3369 2730 3478 2783 quo

1907 2801 2406 2863 crueiabatur,erat
2426 2802 2636 2856 daemon
2656 2802 2948 2873 malignus,
2969 2806 3057 2873 qui
3076 2806 3203 2859 olim
3228 2806 3280 2859 in
3303 2806 3479 2876 ips-rm

1906 2892 2151 2947 mulieris
2175 2893 2426 2949 cadaveri
2459 2895 2770 2964 petulanter
2812 2895 2917 2949 vim
2951 2897 3300 2963 inferentem,
3342 2900 3481 2953 insi-

1908 2983 2089 3049 lierat,
2128 2984 2440 3054 statimque,
2473 3001 2667 3040 manus
2716 2986 2792 3040 illi
2835 2988 3216 3043 insolubilibus
3249 2990 3483 3045 vinculis

1907 3075 2309 3147 constringens,
2349 3086 2404 3131 et
2431 3077 2619 3133 oculos
2666 3077 2807 3133 {cede
2857 3090 3245 3150 contorquens,
3275 3092 3485 3137 tremoe

226 3170 471 3239 χαλεπῆς
497 3168 685 3241 ὥσπερ
719 3170 925 3241 ὕϐρεως
959 3170 1171 3241 ἐκείνης
1210 3170 1363 3234 δίκαις
1389 3171 1685 3226 ἐκτίνοντα.
1709 3167 1804 3227 Ὧν

1915 3180 2138 3234 remque
2165 3165 2457 3228 incutiens,
2498 3167 2738 3221 vinctqu
2764 3168 2876 3238 jam
2918 3169 3041 3223 inde
3078 3171 3233 3239 juxta
3270 3171 3483 3229 violatae

222 3258 286 3331 δὴ
313 3262 538 3316 πάντων
565 3262 781 3317 ἐλέλυτο
805 3262 1129 3334 παραδόξως
1157 3267 1222 3335 τῇ
1244 3263 1388 3335 σορῴ
1413 3265 1800 3338 προσδραμὼν,

225 3354 318 3407 καὶ
354 3352 415 3406 τὸ
446 3355 547 3424 μὲν
572 3354 755 3426 ὄχημα
784 3356 1013 3409 ἐκινεῖτο
1043 3356 1264 3419 αὐτίκα,
1304 3356 1398 3410 καὶ
1443 3356 1803 3427 λαμπρότατα

224 3445 320 3515 τὴν
352 3444 507 3498 πόλιν
537 3446 786 3519 είσῄει,ή
833 3446 889 3500 δὲ
914 3447 1006 3501 τὸν
1067 3447 1402 3518 ποθούμενον
1448 3448 1682 3518 δέχεται,
1709 3449 1803 3503 καὶ

222 3540 335 3600 τοῖς
364 3538 585 3602 οἰκείοις
618 3540 840 3603 κόλποις
874 3539 1250 3594 ἐναποτίθεται
1276 3543 1342 3613 τῇ
1398 3542 1802 3613 ἐπιφανεστάτῃ

224 3629 314 3682 τοῦ
370 3628 680 3684 Κασσιανοῦ
726 3631 1013 3704 ἐκκλησίᾳ.
1048 3629 1245 3705 Μικρῷ
1299 3633 1356 3687 δὲ
1390 3632 1615 3704 ὕστερον
1654 3635 1805 3699 θείας

224 3720 403 3791 ὅψεως
438 3723 891 3795 ἐπιφοιτησάσης,
925 3724 1069 3795 ἱερὸν
1095 3727 1282 3798 ἕτερον
1305 3726 1531 3794 πλησίον
1546 3725 1803 3798 ἱδρύεται·

225 3813 318 3867 καὶ
352 3813 411 3868 τὸ
441 3815 581 3868 θεῖον
611 3818 668 3869 ἐν
697 3816 844 3887 αὐτῷ
903 3816 1257 3888 μετατίθεται
1329 3817 1600 3889 λείψανον.
1636 3819 1704 3873 Ὅ
1742 3836 1805 3889 γε

228 3904 338 3975 μὴν
392 3903 485 3957 τοῦ
545 3904 716 3958 κακοῦ
743 3906 885 3977 παρ’
932 3905 1097 3959 αὑτοῦ
1128 3906 1226 3978 τήν
1289 3903 1445 3961 λύσιν
1509 3906 1708 3978 εὑρὼν,
1744 3910 1804 3962 οὐ

231 3996 425 4068 μικρὸν
450 3995 509 4061 ἐξ
540 3998 748 4051 ἐκείνου
783 3998 945 4069 μέρος
967 4000 1047 4061 είς
1076 3998 1807 4072 ἀρετὴνέπιδοὺς,νεωκόρος

225 4082 378 4137 τοῦδε
411 4086 624 4153 γίνεται
681 4086 774 4139 τοῦ
801 4086 928 4154 νεὼ,
979 4088 1072 4142 καὶ
1126 4089 1223 4159 τήν
1294 4089 1388 4142 τοῦ
1433 4089 1550 4159 βίου
1578 4091 1712 4161 πρὸς
1742 4091 1803 4145 τὸ

227 4174 439 4244 βέλτιον
468 4177 791 4249 μεταϐολὴν,
812 4175 1024 4233 δικαίαν
1049 4181 1283 4251 ἀμοιϐὴν
1307 4179 1384 4250 τῷ
1399 4180 1539 4251 ἁγίῳ
1569 4181 1800 4235 ἐκτίνεν

223 4265 254 4319 δ
277 4269 374 4322 καὶ
402 4267 606 4338 μᾶλλον
655 4270 1034 4325 ποθεινότατον
1077 4270 1227 4342 αὐτῷ
1307 4266 1397 4344 ἦν,
1437 4270 1588 4343 ήτοῦ
1619 4272 1801 4326 ἱκέτου

227 4360 493 4431 σωτηρία.

1912 3257 2159 3311 mulieris
2212 3260 2522 3328 sepulcrum
2557 3261 2662 3314 huc
2711 3275 2881 3331 usque
2917 3261 3244 3328 detinuerat,
3273 3272 3329 3320 et
3372 3273 3483 3318 tam

1910 3346 2138 3417 insignis
2194 3349 2537 3402 contumelia:
2575 3365 2765 3419 paruas
2812 3352 3210 3420 persolvet-tem
3267 3356 3485 3412 assidue

1911 3439 2245 3510 opprimens.
2274 3440 2484 3506 Quibus
2513 3442 2744 3495 vinculis
2771 3433 2895 3497 mox
2936 3451 2995 3497 ut
3026 3444 3093 3498 ad
3129 3442 3365 3500 loculum
3393 3464 3483 3501 sa-

1910 3548 2065 3595 mum
2087 3531 2341 3597 accurrit,
2368 3533 2548 3587 statim
2572 3534 2829 3589 liberatus
2852 3545 2935 3590 est
2951 3553 2963 3590 :
2978 3553 3086 3606 quo
3108 3537 3268 3603 facto,
3287 3554 3487 3594 currus

1909 3626 2054 3680 illico
2101 3634 2283 3680 motus
2326 3636 2441 3692 est,
2488 3635 2543 3681 et
2592 3628 3035 3696 splendidissimo
3082 3642 3346 3700 apparatu
3425 3632 3482 3686 in

1905 3719 2099 3773 urbem
2130 3714 2333 3786 illatus,
2368 3719 2735 3774 desideratum
2768 3721 3085 3776 thesaurum
3118 3724 3338 3793 proprio
3363 3741 3484 3795 gre-

1904 3814 2016 3866 mio
2044 3812 2304 3882 suscepit,
2332 3826 2396 3866 ac
2442 3810 2500 3866 in
2538 3811 2737 3865 illustri
2764 3809 3012 3868 Cassiani
3049 3816 3281 3870 ecclesia
3312 3816 3484 3870 collo-

1904 3905 2069 3960 cavit.
2114 3902 2283 3959 Paulo
2318 3904 2518 3959 deinde
2561 3913 2685 3973 post
2722 3898 2905 3959 divina
2968 3904 3177 3961 visione
3216 3922 3482 3975 superve-

1905 3996 2114 4062 niente,
2162 3995 2309 4049 aliud
2352 3996 2615 4065 templum
2667 3993 2724 4049 in
2774 3995 2955 4050 vicino
3006 3996 3125 4050 loco
3157 3997 3482 4051 aedilitatum

1908 4084 2034 4149 fuit,
2067 4084 2122 4137 in
2152 4099 2261 4154 quo
2304 4099 2458 4139 sacra
2502 4084 2713 4155 lipsana
2746 4080 3007 4140 collocata
3038 4096 3182 4141 sunt.
3229 4082 3320 4141 ille
3352 4102 3484 4144 vero

1911 4177 2007 4247 qui
2042 4176 2171 4231 mali
2214 4175 2463 4232 levamen
2503 4179 2573 4233 ab
2621 4178 2743 4247 ipso
2785 4190 3115 4234 consecutus
3144 4180 3341 4244 fuerat,
3372 4197 3485 4238 rcn

1911 4272 2108 4341 exiguo
2140 4270 2209 4324 ab
2236 4270 2327 4324 illo
2376 4279 2625 4341 tempore
2674 4271 2728 4325 in
2761 4273 2962 4327 virtute
2994 4289 3284 4343 pregressu
3316 4272 3483 4340 laeto,

1912 4360 2016 4414 fuit
2056 4360 2221 4430 hujus
2253 4360 2439 4430 templi
2469 4362 2724 4429 aedituus,
2755 4373 2810 4417 et
2852 4366 2978 4418 vita:
3017 4364 3069 4418 in
3098 4366 3295 4419 melius
3330 4382 3484 4419 com-

229 4456 590 4510 mutationem
614 4494 632 4523 ,
668 4454 872 4527 justam
902 4453 1211 4510 mercedem
1267 4461 1460 4510 sancto
1500 4454 1764 4526 persolvit
1794 4471 1809 4510 :
1870 4468 1975 4509 nec
2038 4452 2145 4507 ulla
2183 4452 2386 4524 gratior
2427 4451 2689 4525 supplicis
2727 4454 2899 4526 ipsius
2936 4455 3110 4513 salute
3147 4456 3392 4515 accidet:
3427 4468 3483 4525 ei

225 4552 353 4617 pote
384 4554 462 4602 at.

1680 4703 1905 4763 CAPUT
1943 4700 2061 4760 XV.

863 4847 1119 4920 Reliquiae
1148 4866 1181 4903 a
1204 4842 1375 4904 Leone
1400 4849 1530 4919 imp.
1564 4851 1824 4918 expetitae.
1855 4848 2125 4921 Templum
2168 4851 2226 4904 in
2248 4856 2444 4917 monte,
2475 4850 2532 4905 in
2553 4865 2656 4921 quo
2684 4846 2848 4906 stetit.

198 5060 203 5065 ἢ
294 4998 402 5062 ντί.
444 4990 557 5060 Τῆς
581 4989 639 5043 δὲ
667 4990 776 5043 τῶν
802 4989 1069 5060 λειψάνων
1104 4992 1263 5062 σοροῦ
1291 4992 1471 5047 πάντα
1496 4994 1660 5047 τόπον
1688 4995 1799 5056 τοῖς

1975 4994 2066 5050 58.
2105 4992 2240 5049 Cum
2262 4994 2460 5050 deinde
2476 5010 2629 5050 sacra
2651 5009 2786 5049 urna
2808 5010 3027 5049 omnem
3045 4994 3189 5051 circa
3205 4998 3482 5067 regionem

223 5077 472 5153 θαύμασι
499 5079 995 5152 διαλαμϐανούσης,
1025 5083 1055 5136 ὁ
1084 5083 1185 5154 τήν
1217 5083 1596 5156 αὐτοκράτορα
1662 5084 1801 5138 Ῥω-

226 5174 409 5242 μαίοις
438 5172 644 5226 διέπων
669 5172 866 5242 ἀρχὴν,
897 5166 958 5228 οὗ
993 5172 1059 5245 δή
1103 5174 1287 5245 μικρῷ
1320 5175 1555 5247 πρόσθεν
1588 5178 1617 5229 ὁ
1642 5174 1819 5243 λόγος.

221 5265 495 5339 ἐμνήσθη,
529 5266 836 5338 γράμματα
865 5265 1074 5336 πέμπει
1123 5268 1608 5339 Αντιοχεΰσιν,νέφ’
1634 5262 1715 5331 οἷς
1742 5268 1801 5321 τὸ

221 5355 316 5410 τοῦ
346 5356 511 5426 ἁγίου
540 5356 701 5428 σῶμα
725 5355 858 5428 πρὸς
881 5357 980 5427 τὴν
1009 5354 1261 5426 βασιλίδα
1276 5356 1431 5412 πόλιν
1460 5357 1798 5427 διακομίσαι.

222 5544 489 5616 adeptus,
519 5557 642 5616 eam
673 5558 824 5616 anno
843 5542 1173 5616 {lidimisit
1202 5543 1273 5598 ob
1308 5542 1601 5599 seditiones
1625 5538 1803 5598 Zeno-

226 5616 315 5670 nis
332 5613 569 5670 comitis
596 5622 653 5669 et
665 5613 828 5670 ‘l’etri
865 5613 1110 5670 Fullonis
1143 5628 1311 5685 opera
1336 5622 1527 5669 contra
1563 5629 1622 5670 se
1650 5616 1800 5669 exci-

224 5694 417 5823 ιῖΙιῗέιί)
458 5753 520 5809 ln
535 5754 708 5810 altera
728 5752 852 5809 Vita
882 5752 1183 5823 estMeroe.
1200 5750 1334 5823 Nam
1354 5761 1552 5823 prater
1580 5750 1799 5806 Meroen

226 5819 545 5897 Εῐιιὶορίιε,
574 5824 690 5879 εστι
712 5826 806 5881 καὶ
833 5822 1045 5896 Μερόη,
1077 5823 1250 5894 inquit
1284 5819 1595 5895 Stephanus
1616 5861 1631 5889 ,
1661 5826 1799 5876 amat

1908 5086 2296 5142 miraculorum
2335 5086 2477 5141 fama
2523 5086 2999 5156 complecteretur,
3043 5088 3136 5160 qui
3173 5087 3482 5146 Romanum

1909 5176 2201 5248 imperium
2229 5176 2662 5243 administrabat,
2705 5179 2772 5232 de
2800 5193 2910 5247 quo
2939 5179 3102 5248 paulo
3130 5191 3258 5236 ante
3302 5198 3483 5237 sermo

1909 5266 2123 5334 incidit,
2150 5267 2218 5323 ad
2240 5268 2615 5325 Antiochenos
2646 5269 2855 5326 litteras
2884 5273 3093 5337 scribit,
3122 5274 3321 5344 quibus
3343 5275 3483 5331 sacri

1907 5358 2154 5431 corporis
2196 5360 2421 5417 exuvias
2459 5361 2530 5418 ad
2562 5362 2766 5437 regiam
2802 5364 2992 5420 urbem
3021 5366 3289 5437 asportari
3321 5382 3487 5422 man-

1911 5542 2329 5619 ιὶναιιοληέις-ιιτῐιςΔ
2378 5544 2509 5619 περὶ
2561 5546 2796 5619 Δάφνην
2839 5545 3191 5619 ’Δντιοχείας.
3242 5565 3262 5619 ι
3300 5546 3397 5602 Est
3428 5556 3485 5604 et

1908 5615 2090 5688 Meroe
2140 5615 2208 5671 ad
2232 5615 2517 5688 orientem
2548 5615 2851 5673 Antiochia:
2880 5615 3097 5688 quc'ad
3134 5618 3429 5688 Daphnen:
3453 5635 3476 5669 ι

1908 5686 1983 5741 ita
2015 5687 2125 5757 ille,
2152 5686 2246 5756 qui
2271 5687 2398 5742 alibi
2426 5686 2686 5757 Daphnen
2732 5689 2812 5742 ait
2843 5686 2964 5743 esse
3000 5705 3020 5738 ι
3062 5687 3481 5745 celeberrimum

1906 5756 2227 5815 suburbium
2249 5756 2555 5817 Antiochiae
2576 5772 2766 5817 versus
2787 5757 3075 5817 orientem.
3112 5775 3135 5812 ι
