3886 6514
643 694 794 787 DE
865 697 960 786 S.
1045 700 1574 797 LUCIANO
1648 709 2427 812 PRESBYTEBO
2523 724 3142 827 MABTYBE.

1353 924 1521 988 (Anno
1539 931 1648 982 512.
1675 932 1797 983 Acta
1828 933 1916 987 SS.
1963 937 2191 990 Bolland.
2215 939 2328 989 Jan.
2355 943 2427 1004 7.)

389 1223 418 1296 §
450 1225 494 1280 l.
516 1255 588 1271 -—
608 1222 837 1284 Luciani
861 1234 1138 1303 sanctitas,
1164 1235 1410 1294 doctrina
1435 1243 1714 1299 catholica.

320 1350 650 1410 Celebratur
681 1355 950 1427 gloriosus
980 1360 1072 1416 hic
1110 1373 1318 1436 martyr
1347 1381 1413 1422 ac
1460 1367 1650 1424 doctor
1684 1371 1714 1424 7
1742 1370 1838 1427 Ja-

1869 1258 1914 1310 Α
1946 1253 2107 1323 doxa,
2146 1263 2411 1330 alterum,
2454 1279 2561 1332 quo
2601 1273 2849 1336 tempore
2877 1268 3092 1330 obierit.
3128 1273 3279 1341 Quod
3314 1279 3379 1339 ad
3407 1281 3518 1350 pri-

1942 1360 2086 1400 mum
2134 1354 2350 1421 attinet,
2404 1357 2530 1426 quia
2568 1357 2617 1410 id
2648 1359 2816 1413 nostri
2857 1376 2963 1417 non
3002 1373 3087 1418 est
3117 1364 3373 1438 instituti,
3401 1374 3517 1426 sin-

245 1442 426 1496 numi
474 1459 504 1498 a
541 1444 771 1515 Latinis,
797 1464 827 1502 a
856 1448 1059 1507 Gmcis
1097 1469 1244 1510 nunc
1293 1457 1362 1512 15
1386 1457 1741 1527 Octobris"u
1770 1478 1837 1521 ex
1939 1438 2185 1507 gulornm
2217 1446 2317 1502 SS.
2350 1449 2553 1516 scripla
2598 1453 2928 1521 expendere,
2984 1455 3110 1513 dum
3154 1469 3369 1517 constet
3418 1478 3515 1520 eos

242 1532 552 1607 Menologio
584 1548 640 1594 et
671 1538 889 1598 Menaeis
914 1553 1079 1612 patet,
1105 1556 1268 1618 atque
1310 1548 1638 1623 Anthologio
1659 1571 1688 1609 a
1715 1554 1837 1612 Cle-

1939 1532 1990 1583 in
2047 1536 2315 1593 catholica
2373 1541 2476 1596 fide
2502 1556 2624 1598 esse
2656 1554 2900 1602 mortuos
2952 1557 3117 1620 atque
3165 1552 3220 1608 in
3271 1555 3511 1613 cwlitum

244 1637 429 1681 mente
454 1627 564 1682 VIII
590 1634 887 1701 approbato
913 1650 929 1700 ;
957 1636 1084 1690 olim
1106 1653 1235 1693 vero
1273 1643 1462 1698 eodem
1491 1658 1599 1713 quo
1622 1657 1678 1701 et
1698 1648 1835 1703 obiit
1936 1636 2161 1714 "umero
2209 1627 2277 1683 ab
2315 1630 2558 1688 Emesm
2605 1637 2841 1714 εοβιεοτίο
2898 1639 2951 1692 id
3003 1642 3168 1699 Verbo
3215 1644 3389 1703 δ⁰¹υ¹¹³
3420 1648 3513 1707 hic

240 1719 328 1775 die
352 1720 383 1774 7
404 1720 677 1788 Januarii,
701 1736 758 1779 ut
779 1725 948 1795 liquet
989 1742 1054 1784 ex
1082 1728 1140 1785 S.
1170 1730 1544 1804 Chrysostomi
1578 1753 1833 1797 sermone

238 1812 507 1880 postridie
563 1815 1038 1887 Theophaniorum
1081 1822 1133 1877 in
1196 1822 1339 1880 illius
1370 1825 1582 1883 Iaudem
1622 1829 1827 1886 habito.

234 1900 313 1956 De
341 1918 407 1957 eo
441 1903 720 1981 Usuardus
749 1926 805 1962 τι
838 1909 1038 1966 Eodem
1067 1912 1155 1969 die
1177 1912 1237 1969 Β.
1271 1913 1518 1982 Luciani,
1537 1919 1830 1978 Antioche-

232 2009 320 2048 na:
346 1995 607 2056 Ecclesiae
637 2002 938 2075 presbyteri
959 2016 1015 2062 et
1041 2007 1319 2080 inartyris,
1348 2010 1464 2080 qui,
1495 2013 1629 2069 satis
1645 2013 1827 2071 clarus

231 2084 486 2145 doctrina
544 2101 600 2148 et
637 2092 969 2164 eloquentia,
1013 2113 1208 2168 passus
1260 2115 1346 2157 est
1387 2101 1716 2162 Nicomedia:
1753 2107 1825 2162 ob

228 2177 437 2236 Christi
480 2183 881 2243 confessionem
935 2188 990 2245 in
1046 2191 1431 2261 persecutione
1502 2193 1820 2267 Maximini;

226 2273 586 2346 sepultusque
621 2288 704 2334 est
741 2279 1052 2350 Iielenopoli
1086 2281 1376 2355 Bithyniae.
1403 2304 1424 2339 ι
1472 2285 1672 2343 Eadem
1707 2287 1823 2345 fere

230 2361 298 2419 de
350 2380 418 2421 eo
444 2368 743 2437 pradicant
795 2370 1035 2429 Bellinus
1073 2374 1141 2431 de
1161 2373 1370 2443 Padua,
1406 2387 1462 2434 et
1493 2377 1819 2452 Martyrolo-

222 2455 382 2523 gium
414 2459 740 2530 Romanum,
782 2464 885 2519 nisi
920 2465 1065 2536 quod
1099 2481 1209 2523 non
1242 2468 1344 2525 sub
1369 2467 1690 2538 Maximino,
1720 2471 1819 2528 sed

226 2552 330 2606 sub
370 2551 701 2612 Maximiano
733 2572 952 2629 passum
980 2558 1169 2616 volunt
1197 2579 1212 2630 ;
1240 2563 1342 2620 Sub
1369 2562 1668 2621 Maximino
1689 2579 1813 2636 pas-

216 2658 347 2705 sum
372 2645 575 2703 habent
597 2645 741 2705 Beda
759 2662 814 2709 et
842 2653 959 2708 Ado
984 2655 1189 2710 excusi.

294 2733 572 2794 Prolixius
618 2738 736 2809 ejus
755 2741 988 2813 elogium
1022 2744 1091 2799 ah
1124 2745 1283 2812 actis,
1321 2760 1441 2817 quae
1492 2747 1632 2804 infra
1660 2749 1813 2806 dabi-

221 2842 367 2890 mus,
420 2832 640 2898 paulum
683 2833 1020 2905 discrepans,
1069 2838 1232 2894 habet
1264 2836 1554 2908 Notkerus,
1593 2850 1811 2903 etlmss.

219 2920 429 2976 Adonis
471 2921 850 2996 Martyrologia
919 2933 1372 2989 monasteriorum
1420 2935 1480 2991 ὃ.
1533 2933 1813 2995 Laurentii

210 3008 406 3068 Leodii
455 3025 508 3068 et
532 3012 856 3075 Lobtensis:
886 3039 907 3074 ι
944 3021 1013 3077 Ει
1047 3022 1313 3080 Nativitas
1343 3024 1399 3083 S.
1436 3024 1662 3085 Luciani
1699 3031 1812 3086 An-

216 3104 486 3162 tiochena:
532 3106 789 3167 Ecclesia:
827 3113 1154 3186 presbyteri,
1185 3125 1240 3174 et
1263 3119 1546 3189 martyris,
1570 3121 1672 3177 viri
1710 3123 1808 3178 do-

212 3194 442 3253 ctissimi
486 3206 648 3269 atque
689 3200 1160 3275 eloquentissimi,
1209 3208 1303 3278 qui
1361 3207 1691 3285 Nicomediae
1738 3213 1808 3269 ob

213 3286 612 3346 confessionem
671 3292 870 3350 Christi
931 3311 1141 3366 passus,
1170 3310 1224 3356 et
1262 3300 1316 3356 in
1362 3311 1598 3373 quatuor
1626 3315 1807 3375 partes

208 3377 483 3436 dissectus
499 3393 620 3439 est:
647 3386 844 3457 quibus
881 3388 935 3444 in
978 3392 1204 3460 singulis
1227 3391 1494 3463 Iapididus
1525 3394 1726 3465 ligatis,
1751 3406 1807 3454 et

214 3467 270 3523 in
298 3486 451 3527 mare
480 3476 764 3543 demersis,
795 3479 897 3535 alia
930 3482 1019 3538 die
1055 3481 1374 3556 Ilelenopoli
1420 3484 1690 3558 Bithyniae
1718 3487 1802 3543 in-

208 3568 423 3633 tegrum
456 3581 651 3639 corpus
686 3585 812 3627 cum
842 3572 976 3642 ipsis
1019 3572 1290 3646 lapidibus
1319 3577 1599 3634 inventum
1631 3580 1801 3635 hono-

212 3655 367 3713 riﬁce
412 3664 686 3729 sepultum
719 3674 826 3719 est.
856 3661 1030 3731 Quam
1082 3667 1294 3735 urbem,
1327 3683 1450 3723 cum
1493 3668 1644 3739 prius
1669 3669 1800 3726 Dre-

204 3765 350 3819 pana
380 3763 693 3821 vocaretur,
720 3755 771 3810 in
803 3756 1063 3813 honorem
1092 3756 1332 3828 ejusdem
1376 3761 1630 3831 martyris
1653 3759 1799 3815 Con-

207 3833 498 3899 Stantinus‘
534 3845 830 3916 imperator
863 3850 1196 3916 instaurans,
1242 3867 1310 3907 ex
1351 3852 1576 3908 nomine
1604 3853 1796 3909 matris

1934 1712 2293 1785 attingemus;
2353 1712 2830 1790 prmsertinrcum
2892 1730 2943 1784 id
2993 1732 3206 1801 plenius
3260 1747 3507 1797 acturum

1931 1808 2312 1869 esseseiamus
2350 1813 2566 1871 Petrum
2600 1818 2811 1874 llalloix
2857 1835 3130 1894 nostrum;
3183 1829 3271 1885 cui
3325 1832 3509 1889 crudi-

1935 1896 2144 1954 tissimo
2174 1901 2290 1958 viro
2338 1920 2533 1974 precor
2568 1918 2619 1962 ut
2667 1907 2866 1966 multos
2914 1913 3057 1970 Deus
3103 1917 3302 1974 addere
3331 1935 3504 1980 annos

1929 1987 2080 2045 velit.
2123 1990 2257 2046 Nam
2290 2012 2409 2066 qua:
2431 1999 2725 2071 editlitjam
2751 2002 3153 2062 chanctorum
3179 2011 3503 2081 scriptorum

1927 2078 2181 2138 Ecclesiae
2219 2086 2543 2146 -0rientalis
2598 2093 2759 2149 rebus
2808 2098 2977 2166 gestis
3033 2101 3332 2171 volumina,
3389 2115 3502 2160 tum

1924 2181 2114 2227 sancto
2139 2174 2582 2238 illiLaatiensium
2613 2183 2792 2240 abbati
2821 2186 3055 2246 Antonio
3086 2191 3304 2262 Wingio
3353 2197 3503 2251 miri-
3582 2269 3586 2273 _

1926 2260 2024 2314 tice
2048 2262 2295 2332 probata,
2342 2277 2450 2323 tum
2484 2272 2551 2326 ab
2608 2274 2732 2331 aliis
2771 2276 2907 2334 viris
2956 2260 3240 2338 cruditiss.
3285 2285 3359 2338 ita
3393 2287 3502 2341 lau-

1922 2350 2038 2406 dari
2072 2355 2208 2421 scio,
2228 2368 2284 2411 ut
2315 2371 2471 2431 neget
2485 2376 2543 2418 se
2560 2363 2725 2420 alium
2757 2367 3079 2438 scriptorem
3106 2371 3303 2444 majori
3322 2373 3501 2444 legere

1920 2442 2087 2533 animi
2124 2446 2435 2518 voluptate,
2497 2454 2759 2528 quidquid
2799 2459 2964 2531 aliqui
3009 2442 3202 2533 secus:
3230 2442 3495 2526 sentiant.

1920 2529 2027 2588 Sed
2058 2535 2126 2591 ad
2149 2549 2394 2596 sanctum
2420 2542 2718 2603 Lucianum
2747 2529 3109 2612 revertamur.

1842 2606 1891 2667 Β
1987 2642 2040 2699 5.
2065 2642 2199 2700 Cum
2222 2650 2486 2707 acerrime
2505 2652 2936 2716 Sabellianorum
2958 2678 3173 2729 errores
3188 2671 3497 2739 confutaret

1917 2732 2210 2801 Lucianus,
2252 2742 2446 2798 ardore
2493 2744 2877 2831 disputationis
2930 2769 3002 2813 eo
3038 2766 3120 2817 est
3179 2732 3491 2831 provectus,

1918 2837 1976 2880 ut
2004 2829 2164 2897 paulo
2201 2831 2448 2890 licentius
2473 2834 2526 2892 in
2557 2826 2887 2897 contrariam
2908 2856 3116 2916 partem
3138 2826 3489 2927 inclinasset,

1914 2929 1972 2975 et
2004 2935 2125 2977 cum
2157 2924 2234 2980 illi
2264 2941 2617 2995 personarum
2662 2932 2715 2988 in
2748 2932 3012 3003 Trinitate
3040 2924 3492 3009 tollerentitunne

1914 3012 2232 3083 discrimen,
2285 3019 2359 3075 ita
2392 3020 2508 3092 ipse
2541 3040 2804 3095 personas
2837 3029 3152 3093 distinxisse
3209 3014 3358 3107 visus
3394 3040 3488 3108 sit,

1915 3115 1971 3159 ut
1994 3107 2161 3177 ipsam
2181 3114 2580 3181 quodammodo
2609 3131 2891 3188 separaret
2914 3124 3298 3191 substantiam.
3332 3107 3487 3200 Quod

1911 3194 2056 3252 idem
2083 3210 2276 3258 sancto
2318 3202 2576 3274 Dionysio
2614 3207 2982 3268 Alexandrino
3020 3215 3245 3286 (dequo
3276 3194 3491 3283 17va

1910 3288 2139 3360 vemb.),
2165 3291 2424 3350 adversus
2455 3295 2629 3373 ipsum
2652 3301 2831 3370 agenti
2854 3302 3172 3374 Sabellium,
3202 3323 3484 3377 evenerat.

1910 3377 1980 3435 Et
2004 3382 2146 3437 sicut
2181 3382 2436 3457 Dionysio
2466 3388 2533 3442 ab
2562 3390 2832 3464 episcopis
2864 3394 3046 3467 Libya:
3072 3400 3372 3467 exhibitum
3400 3420 3489 3469 es;

1909 3474 2205 3544 negotium,
2230 3477 2366 3532 adeo
2396 3487 2451 3533 ut
2488 3495 2709 3538 causam
2740 3487 3044 3554 oportuerit
3075 3492 3143 3547 ad
3176 3491 3486 3561 Bonranum

1908 3564 2221 3632 pontificem
2266 3567 2490 3635 deierri.
2530 3585 2561 3629 a
2598 3587 2706 3640 quo
2738 3576 2886 3631 oruni
2921 3578 3144 3636 haeresis
3171 3586 3485 3654 suspicione

1896 3667 1993 3711 est
2019 3657 2337 3729 absolutus;
2385 3661 2461 3715 ita
2519 3661 2793 3722 Lucianus
2827 3668 3017 3729 eadem
3047 3687 3208 3729 causa
3236 3678 3481 3748 exagita-

1905 3756 2011 3814 tus,
2052 3758 2212 3818 atque
2236 3766 2268 3806 a
2297 3753 2471 3810 tribus
2492 3756 2596 3812 sibi
2626 3757 2859 3816 invicem
2883 3764 3303 3825 succedentibus
3360 3773 3481 3841 epig-

1901 3839 2473 3909 scopisAntiochenis,
2501 3846 2569 3900 ab
2602 3847 2844 3915 Ecclesia
2881 3869 3098 3926 quoque
3134 3860 3339 3929 eiectus
3367 3839 3474 3923 est.

205 3948 322 3991 sua
362 3934 735 4009 Helenopolim
771 3943 1124 4013 nuncupavit.
1182 3961 1203 3996 ι
1262 3943 1463 4000 Eadem
1515 3944 1631 4001 fere
1659 3960 1792 4002 mss.

1905 3929 2060 3988 Patet
2109 3933 2160 3988 id
2195 3950 2258 3990 es
2286 3937 2519 4008 epistola
2557 3941 2615 3996 S.
2667 3942 2962 4005 Alexandri
3004 3949 3187 4018 Episc.
3228 3955 3472 4019 Alexan.

205 4024 501 4094 Lmiense,
530 4039 587 4085 et
623 4030 682 4087 S.
717 4030 933 4087 Martini
966 4032 1224 4099 Tornaci,
1269 4051 1334 4090 ac
1365 4036 1688 4094 Florarium.
1717 4043 1789 4095 At

203 4132 340 4175 mss.
386 4118 446 4177 S.
485 4119 703 4176 Martini
766 4122 1010 4180 Treviris
1055 4136 1110 4180 et
1144 4127 1204 4181 ὃ.
1237 4126 1423 4184 Maria:
1455 4129 1776 4202 Ultrajecti:

209 4221 231 4258 ι
261 4204 324 4261 In
360 4204 676 4269 Nicomedia
707 4209 936 4268 Luciani
969 4213 1291 4286 presbyteri,
1330 4221 1421 4288 qui
1469 4221 1521 4275 in
1550 4233 1785 4290 quatuor

202 4308 389 4368 partes
433 4300 658 4368 fractus,
689 4303 745 4359 in
789 4320 938 4361 mare
969 4307 1272 4376 demersus,
1305 4312 1514 4382 integer
1535 4315 1784 4372 inventus

201 4400 309 4447 est.
338 4410 360 4445 ›
402 4391 696 4451 Herninere
742 4412 958 4467 quoque
1005 4399 1065 4454 S.
1111 4401 1333 4457 Luciani
1381 4405 1486 4461 hoc
1510 4406 1598 4461 die
1633 4419 1782 4464 vetus

93 4543 99 4547 _
198 4477 643 4553 Hartyrologium
683 4482 1008 4553 Romanum,
1042 4504 1143 4545 ms.
1176 4488 1782 4563 S.Hieronymi,Wan-

202 4574 506 4640 dclbertus,
537 4578 910 4650 Maurolycus,
945 4582 1275 4651 Galesinius,
1313 4586 1534 4658 aliique.

188 4670 195 4713 ι
270 4665 330 4721 5.
371 4666 434 4721 S.
473 4666 841 4742 Hieronymus
874 4673 969 4727 lib.
1005 4673 1084 4729 De
1146 4676 1490 4746 scriptoribus
1534 4679 1781 4735 ecclesia~

198 4761 367 4828 uicis,
400 4776 523 4831 cup.
549 4762 636 4828 77,
670 4763 744 4819 ita
789 4766 851 4821 ὃ.
885 4764 1186 4824 Lucianum
1239 4770 1480 4829 celebrat
1525 4789 1539 4827 :
1582 4791 1600 4825 ι
1666 4773 1777 4829 Lu-

199 4854 391 4911 cianus
424 4857 514 4913 «vir
537 4856 953 4924 disertissimus,
984 4859 1338 4919 Antiochense
1364 4863 1624 4921 Ecclesia:
1650 4881 1776 4937 pre-

196 4946 405 5017 shyter,
437 4957 644 5006 tantum
677 4951 731 5006 in
790 4951 1197 5023 Scripturarum
1253 4958 1431 5013 studio
1484 4958 1773 5029 laboravit,

198 5048 256 5093 ut
279 5054 455 5111 usque
486 5056 629 5097 nunc
678 5042 925 5111 quaedam
978 5045 1317 5117 exemplaria
1368 5049 1775 5122 Scripturarum

194 5128 468 5189 Luetanea
491 5145 893 5203 nuncupentur.
918 5134 1189 5192 Feruntur
1216 5140 1340 5210 ejus
1368 5144 1435 5196 de
1465 5143 1567 5198 lide
1585 5143 1770 5213 libelli,

194 5231 248 5278 et
271 5222 472 5279 breves
501 5224 572 5279 ad
602 5226 900 5287 nonnullos
935 5227 1203 5300 epistola.
1240 5231 1442 5291 Passus
1470 5243 1557 5289 est
1610 5234 1771 5292 Nico-

1892 4020 2064 4091 ,drini,
2096 4037 2258 4093 quam
2300 4025 2468 4084 refert
2502 4029 2877 4093 Theodoretus
2901 4037 3046 4099 Hist.
3076 4040 3282 4103 Eccl“.
3310 4047 3404 4106 lib.
3429 4065 3471 4116 ι,

1901 4129 2020 4184 cap.
2056 4116 2113 4182 ι,
2144 4119 2231 4173 ubi
2288 4120 2390 4175 ista
2420 4121 2669 4194 leguntur
2701 4143 2716 4182 :
2757 4146 2776 4180 ι
2824 4128 2961 4186 Tum
2995 4133 3315 4203 pestiferum
3350 4150 3471 4199 stu,

1888 4207 2045 4263 dium
2104 4208 2256 4266 Pauli
2312 4213 2676 4284 Samosateni,
2733 4222 2974 4293 episcopi
3016 4227 3336 4297 Antiochiae,
3373 4221 3468 4301 qni

1893 4298 2126 4356 concilio
2181 4303 2425 4358 omnium
2486 4308 2685 4378 ubique
2718 4312 3093 4384 episcoporum
3137 4329 3298 4389 atque
3333 4298 3466 4379 adeo

1887 4390 2093 4462 judicio
2128 4392 2388 4453 Ecclesia:
2423 4398 2631 4468 eiectus
2669 4413 2753 4458 est
2808 4417 2826 4458 :
2872 4406 3032 4473 cujus
3060 4423 3331 4476 perversa:
3367 4414 3469 4471 do-

1892 4479 2083 4536 ctrinae
2110 4479 2383 4544 Lucianus
2417 4500 2702 4547 successor
2723 4490 2921 4558 factus,
2945 4496 3236 4549 multorum
3291 4514 3464 4556 atmo-

1890 4585 2010 4626 rum
2041 4572 2238 4643 spatio,
2283 4577 2389 4633 hoc
2443 4588 2547 4644 est,
2583 4582 2844 4649 tantiSper
2871 4582 3000 4638 dum
3036 4596 3147 4639 tres
3184 4589 3458 4661 .episcopi,

1886 4663 2031 4719 alius
2072 4674 2196 4735 post
2222 4666 2417 4731 alium,
2458 4669 2755 4724 Ecclesiam
2788 4671 2933 4729 illam
2960 4688 3175 4738 rexere,
3204 4677 3462 4743 exclusus

1885 4759 1955 4815 ab
1974 4759 2218 4819 Ecclesia
2244 4763 2460 4820 mansit.
2496 4782 2517 4817 ι
2550 4765 2683 4825 Dum
2712 4780 2841 4819 vero
2863 4767 3085 4836 scriptis
3110 4767 3307 4835 libellis
3331 4772 3458 4839 fidei

1883 4865 1996 4908 suae
2029 4852 2394 4923 integritatem
2429 4857 2566 4915 tueri
2595 4865 2823 4911 conatur
2839 4855 3137 4927 Lucianus,
3170 4859 3296 4919 dolo
3317 4861 3460 4923 Pan-

1884 4945 2039 5000 cratii
2081 4947 2374 5005 Sabelliani
2421 4950 2475 5002 in
2533 4963 2727 5004 manus
2753 4951 2904 5006 venit
2928 4965 3366 5024 persecuturum,
3402 4969 3459 5019 et

1883 5036 2118 5105 glorioso
2144 5038 2410 5109 martyrio
2437 5034 2732 5095 coronatus
2760 5050 2866 5096 est.

1950 5145 2003 5201 6.
2066 5146 2173 5203 Sed
2221 5162 2398 5217 neque
2440 5146 3067 5223 :Hieronyatus,-neque
3127 5154 3459 5226 aliusrquie-

1879 5253 2038 5308 quam
2062 5241 2231 5296 aliter
2265 5241 2336 5297 de
2360 5256 2429 5297 eo
2448 5243 2695 5311 scripsit,
2719 5258 2887 5314 quam
2918 5255 2977 5302 ut
3002 5248 3076 5304 de
3103 5249 3221 5302 viro
3240 5251 3456 5320 egregie

194 5320 387 5375 media
419 5319 495 5376 ob
555 5320 954 5381 wnfessionem
986 5325 1212 5391 Christi,
1244 5327 1345 5382 sub
1396 5330 1775 5397 persecutione
1804 5324 1852 5380 D
1880 5328 2168 5387 catholico.
2220 5329 2306 5385 Ex
2351 5329 2639 5401 discipqu
2690 5340 2879 5395 tamen
2920 5336 3045 5406 eius
3106 5336 3349 5404 quidam,
3378 5319 3458 5392 ac

194 5407 473 5465 llaxirnini
504 5452 521 5478 ,
589 5414 945 5484 sepultusque
1004 5416 1317 5489 Helenopoii
1377 5419 1662 5492 Bithyniae.
1735 5442 1756 5475 ι

191 5499 393 5559 Eadem
440 5502 565 5561 fere
619 5504 892 5563 Honorius
946 5508 1497 5579 Augustoduuensis,
1555 5527 1607 5567 c.
1671 5512 1762 5582 77,

190 5593 281 5651 sed
318 5592 684 5657 falliturrdum
717 5595 1047 5657 Nicomedia
1071 5600 1252 5671 Epise.
1283 5599 1452 5657 fuisse
1485 5603 1696 5659 scribit.

251 5687 310 5744 4.
349 5687 474 5743 Duo
524 5690 593 5744 de
619 5688 677 5747 ὃ.
718 5690 958 5748 Luciano
984 5693 1226 5749 revocari
1284 5696 1339 5750 in
1393 5697 1766 5754 controversia

186 5792 457 5851 possunt;
518 5783 775 5850 primum,
816 5794 1035 5841 rectene
1064 5788 1296 5845 senserit
1336 5790 1399 5846 de
1435 5790 1539 5847 tlde
1572 5792 1765 5848 ortho-

426 5876 706 5940 ΡΑτιιοι..
745 5875 865 5939 Gn.
899 5876 1121 5940 CXIV.

1879 5419 1994 5475 fere
2016 5430 2169 5476 antea
2189 5421 2490 5479 idololatria
2520 5425 2804 5493 maculati,
2838 5430 2892 5480 in
2923 5427 3036 5480 Arii
3066 5435 3268 5479 sectam
3284 5426 3460 5479 decli-

1881 5522 2080 5569 narunt
2107 5532 2122 5570 :
2152 5522 2207 5570 et
2232 5531 2363 5573 suos
2391 5518 2558 5575 Arius
2583 5517 3016 5577 Collucianistas
3042 5515 3363 5584 appellabat.
3392 5515 3462 5568 Et

1876 5605 2103 5676 Niceph.
2135 5604 2395 5664 Callistus
2437 5609 2547 5664 lib.
2568 5622 2798 5679 1|,.cap.
2828 5610 2888 5675 5,
2919 5607 3081 5663 tradit
3106 5605 3232 5658 fidei
3256 5602 3464 5656 formu-

1875 5697 1981 5751 Iam
2012 5696 2327 5765 quamdam,
2355 5699 2748 5757 Arianismum
2798 5697 3155 5753 redolentem,
3184 5708 3203 5740 ι
3234 5688 3471 5744 Luciano

1874 5788 1994 5844 viro
2027 5785 2232 5856 divino,
2254 5800 2313 5847 et
2352 5788 2410 5846 in
2447 5788 2634 5845 sacris
2665 5785 2905 5842 Litteris
2939 5794 3106 5853 supra
3138 5784 3362 5831 caeteros
3382 5786 3479 5842 aI"

3096 5862 3180 5929 13
