3886 6470
247 348 355 416 397

1561 353 1740 418 νιΤΑ
1772 357 1832 417 S.
1872 353 2210 419 LUCIANI.

3413 364 3526 430 338

246 466 466 519 cutione
490 463 836 521 interfectum
868 479 1009 524 esse.
1034 465 1194 535 Nam,
1221 477 1277 523 ut
1305 469 1472 526 etiam
1505 469 1756 526 Petavius
1780 483 1835 526 et
1865 485 1916 546 Α
1944 472 2059 526 hac
2107 470 2322 540 adjecta
2373 477 2520 535 sunt,
2549 478 2605 527 et
2645 469 2863 542 quidem
2907 471 2988 540 (ut
3038 471 3272 544 videtur)
3306 474 3524 542 Larum.

245 557 521 612 Baronius
572 558 835 626 fatentur,
889 561 1166 616 Maximini
1222 561 1374 632 jussu
1425 565 1658 620 conlit-ta
1714 577 1843 620 sunt

244 651 510 718 probrosa
549 651 634 704 illa
667 653 821 706 Pilati
845 654 978 708 Acta
1020 672 1033 709 :
1066 665 1123 708 at
1153 658 1242 726 qui
1274 672 1334 712 ea
1371 656 1645 724 refutavit,
1677 670 1736 712 ut
1763 660 1846 713 in-

245 741 327 794 fra
357 757 425 795 ex
453 741 670 797 Rul'ﬁno
706 745 974 812 dicemus,
1009 744 1068 801 S.
1105 748 1411 816 Lucianus;
1442 765 1572 822 ergo
1592 766 1694 805 non
1724 761 1845 806 erat

247 840 376 885 ante
403 848 600 886 novam
635 833 780 888 illam
823 837 1073 891 obortam
1116 855 1144 892 a
1189 839 1482 894 Maximino
1504 844 1844 911 persecutio-

248 935 368 973 nem
396 923 645 978 sublatus
688 939 718 978 e
765 927 963 981 medio.
1001 927 1462 1000 ld'argumentum
1499 934 1588 1002 qui
1614 934 1841 988 convelli

245 1012 439 1080 possit,
501 1029 608 1067 non
671 1015 877 1081 video;
919 1017 1025 1071 nisi
1085 1018 1225 1075 forte
1279 1021 1508 1090 cuipiam
1555 1023 1742 1077 veniat
1787 1024 1841 1076 in

248 1115 508 1171 mentem,
541 1107 655 1160 haec
701 1122 730 1159 a
771 1106 990 1162 ltuflino
1052 1126 1177 1165 esse
1235 1113 1504 1178 conﬁcta,
1547 1117 1660 1170 sive
1707 1131 1840 1185 sup-

246 1196 444 1264 posita.
481 1197 594 1263 Qua
641 1200 853 1255 ratione
903 1203 1166 1270 quidlibet
1211 1205 1392 1274 negari
1433 1207 1650 1276 poterit.
1678 1207 1839 1263 Nice-

247 1287 453 1356 phorus
480 1305 697 1358 quoque
741 1289 888 1346 Hist.
922 1290 1123 1348 Eccles.
1156 1295 1250 1350 lib.
1281 1312 1376 1360 vn,
1411 1313 1458 1351 c.
1493 1298 1586 1362 27,
1637 1300 1842 1355 diserte

249 1379 360 1431 haec
383 1381 485 1433 sub
515 1380 810 1437 Maximino
838 1395 990 1452 gesta
1022 1387 1216 1452 tradit;
1256 1387 1383 1442 licet
1409 1403 1530 1456 cap.
1565 1388 1654 1456 i6,
1677 1390 1842 1446 Ense-

250 1466 396 1518 hium
437 1482 685 1534 secutus,
721 1489 842 1527 cum
882 1476 1120 1530 illustres
1146 1489 1414 1548 martyres
1436 1480 1754 1535 Diocletiani
1787 1493 1841 1536 et

249 1557 568 1615 Maximiani
594 1568 973 1630 persecutione
996 1569 1207 1624 occisos
1229 1580 1475 1626 recenset
1514 1571 1836 1642 Lucianmn,

248 1671 466 1725 quoque
495 1659 559 1711 iis
585 1660 976 1717 adnumerarit.

319 1746 408 1799 tl.
443 1748 511 1798 At
539 1749 603 1803 de
639 1750 722 1803 his
755 1753 908 1806 satis.
947 1753 1127 1824 Agunt
1155 1755 1221 1808 de
1249 1755 1308 1809 S.
1339 1755 1601 1821 Luciano,
1643 1767 1839 1827 praeter

1950 559 2053 615 Hie
2083 575 2246 630 porro
2281 561 2526 631 quisquis
2557 563 2773 617 demum
2807 564 2900 629 sit,
2933 564 3004 617 ita
3039 564 3231 620 scribit
3261 566 3353 622 lib.
3387 584 3427 624 ιι
3471 571 3526 625 in

1950 651 2050 706 Job
2091 654 2233 706 circa
2286 654 2521 707 medium
2558 673 2572 708 :
2609 673 2629 707 ι
2665 655 2739 710 Ita
2768 667 3182 714 consummatus
3211 669 3296 715 est
3338 661 3530 717 beatus

1949 752 2114 813 atque
2177 744 2448 812 gloriosus
2487 745 2789 809 Luciauus,
2831 747 3041 803 lucidus
3077 749 3444 815 vita,lucidus
3476 761 3529 806 ct

1951 837 2072 901 lide,
2107 831 2318 889 lucidus
2358 837 2522 890 etiam
2556 839 2856 894 tolerantiae
2901 841 3392 898 consummatione.
3447 842 3530 899 0b

1947 927 2050 981 hoc
2081 927 2225 981 cnim
2261 926 2535 988 Lucianus
2586 931 3000 998 cognominatus
3024 942 3128 997 est,
3159 941 3413 1002 tanquam
3445 933 3532 988 lu-

1948 1020 2121 1084 cidus,
2181 1029 2274 1072 aut
2334 1020 2554 1089 proprio
2612 1021 2813 1075 lumine
2866 1021 2969 1076 sibi
3005 1022 3236 1093 fulgens,
3271 1035 3364 1079 aut
3403 1026 3528 1083 aliis

1946 1112 2152 1170 lucens.
2187 1113 2287 1168 llic
2320 1130 2555 1185 namque
2587 1115 2781 1171 beatus
2813 1114 3097 1173 duodecim
3129 1119 3321 1177 diebus
3362 1139 3528 1193 supra

1947 1213 2114 1259 testas
2145 1206 2372 1276 pollinas
2402 1219 2684 1272 extensus.
2723 1211 2880 1264 tertia
2923 1211 3135 1266 decima
3171 1214 3257 1268 die
3285 1225 3368 1270 est
3394 1231 3529 1270 con-

1945 1306 2266 1352 summatns.
2337 1316 2357 1349 ι
2425 1299 2564 1365 Quid
2628 1295 2738 1354 sint
2795 1313 2946 1357 testa:
2996 1304 3234 1373 pollinae,
3295 1323 3384 1360 me
3450 1307 3530 1363 la-

1946 1395 2042 1443 tet.
2095 1390 2359 1446 Batonius
2424 1391 2584 1445 habet
2617 1401 2786 1450 testas
2815 1396 3038 1463 nniltas,
3082 1399 3247 1454 veluti
3280 1400 3528 1473 δστρακα

1945 1481 2115 1535 πολλὰ
2141 1485 2405 1554 scriptum
2438 1496 2580 1540 esset
2612 1490 2678 1541 ab
2708 1500 2954 1545 auctore.
3003 1491 3145 1558 Quid
3190 1494 3235 1548 si
3263 1504 3526 1551 testatum

1943 1575 2172 1642 pollines
2229 1578 2672 1648 interpretemur,
2710 1582 2824 1637 sive
2857 1590 3030 1640 testas
3087 1585 3306 1655 pollinis
3356 1589 3529 1644 instar

1943 1669 2302 1723 comminutas
2335 1671 2358 1723 ?

2020 1760 2108 1814 12.
2165 1760 2473 1820 S.Luciani
2529 1767 2580 1821 in
2636 1767 2866 1825 Galliam
2923 1772 3217 1830 translatas
3249 1789 3372 1831 esse
3398 1774 3530 1831 reli-

248 1835 457 1895 eitatos
491 1837 851 1908 citundosque
899 1842 951 1894 in
1011 1841 1188 1909 Notis,
1240 1844 1563 1902 Vincentius
1617 1848 1835 1905 Delvac.
1872 1875 1913 1930 Β
1944 1850 2124 1922 quias,
2180 1864 2412 1911 testatur
2474 1858 2525 1913 in
2574 1859 2921 1935 Martyrolog.
2971 1865 3252 1922 Gallicano
3279 1869 3529 1929 Andreas

246 1925 344 1980 lib.
377 1943 500 1992 sui,
530 1944 648 1998 cap.
685 1932 751 1984 t3
775 1942 828 1986 et
871 1933 935 1988 14
977 1951 992 2000 ;
1023 1935 1217 1992 Petrus
1252 1939 1318 1992 de
1349 1938 1548 2004 Natal.,
1569 1943 1844 2013 corrigen-

248 2017 350 2071 dns
379 2029 580 2085 tamen,
612 2021 738 2075 dmn
767 2025 867 2077 sub
896 2025 1223 2080 Maximiano
1247 2044 1464 2098 passmn
1493 2032 1844 2086 scribit-tem-

248 2124 383 2176 pore
422 2111 652 2166 Antheri
685 2129 835 2183 papae
875 2117 956 2186 (S.
1021 2119 1299 2176 Antherus
1358 2125 1457 2176 sub
1497 2122 1641 2178 Julio
1669 2124 1843 2179 Maxi-

248 2201 399 2253 mino
428 2217 519 2256 an.
557 2204 662 2259 39.6
707 2208 921 2262 occisus
965 2220 1080 2274 est,
1116 2222 1172 2264 ut
1213 2214 1246 2266 5
1279 2212 1402 2267 Jan.
1436 2217 1692 2286 diximus)
1722 2218 1836 2282 ;.S.

245 2289 526 2347 Lucianus
552 2297 652 2350 sub
672 2297 888 2354 Galerio
917 2301 1209 2358 Maximino
1231 2322 1320 2360 an.
1355 2307 1484 2369 512.
1507 2325 1626 2363 cmn
1654 2309 1840 2366 Roma:

248 2385 473 2440 sederet
507 2386 566 2443 S.
635 2390 986 2460 Melchiades,
1025 2397 1091 2450 de
1120 2415 1226 2467 quo
1262 2399 1328 2453 10
1361 2401 1614 2456 Decemb.
1647 2400 1840 2458 Memi-

247 2477 331 2532 nit
385 2478 612 2536 Luciani
670 2483 943 2541 Marianas
1003 2487 1269 2546 Victorius
1301 2495 1526 2550 scholiis
1561 2496 1614 2550 in
1676 2499 1834 2567 epist.

247 2569 354 2625 107
411 2571 470 2626 S.
531 2573 866 2645 Hieronymi,
900 2578 1186 2638 Cornelius
1220 2583 1467 2654 Grasius,
1533 2598 1661 2644 tom.
1694 2589 1734 2653 l,
1773 2591 1838 2646 de

169 2684 175 2690 -
249 2661 391 2715 Vitis
419 2660 520 2718 SS.
555 2667 690 2720 Acta
730 2667 845 2734 ejus
893 2669 1110 2740 Bclgice
1147 2677 1317 2730 edidit
1352 2676 1663 2733 lleribertus
1726 2681 1838 2736 Ro-

251 2755 495 2808 SWeitlns
537 2769 760 2824 noster;
796 2760 982 2815 ltalice
1017 2763 1297 2832 aliquanto
1319 2771 1588 2837 cupiosius
1617 2769 1836 2828 Gabriel

246 2843 528 2916 i-‘lamma;
587 2849 791 2906 Gallice
833 2854 1075 2910 Renatus
1113 2857 1436 2916 Benedictus
1458 2878 1714 2933 perquam
1747 2882 1836 2922 ac~

245 2949 463 2992 curate.
494 2941 625 3010 Ejus
656 2943 892 3015 denique
947 2948 1194 3004 meminit
1241 2964 1434 3007 auctor
1487 2954 1836 3012 Commenta-

249 3031 463 3084 riorum
495 3034 547 3086 iu
577 3033 678 3090 Job
700 3078 715 3101 ,
771 3054 892 3108 quae
943 3039 1163 3112 Origeni
1194 3045 1533 3116 tribuuntur;
1586 3050 1712 3106 licet
1750 3053 1836 3108 vel

246 3121 380 3175 inde
428 3134 612 3191 pateat
669 3129 814 3184 illius
861 3147 967 3186 non
1016 3147 1160 3200 esse,
1191 3137 1390 3206 quippe
1418 3140 1513 3206 qui
1570 3141 1658 3194 ditt
1708 3154 1834 3200 ante

1951 1945 2282 2016 Saussayus,
2320 1947 2394 2001 ita
2441 1952 2688 2008 scribens
2722 1971 2735 2008 :
2780 1973 2798 2006 ‹
2840 1954 3050 2012 Natalis
3091 1957 3270 2014 sancti
3297 1956 3526 2014 Luciani

1945 2039 2268 2094 Antiocheni
2325 2044 2626 2113 presbyteri
2676 2054 2730 2100 et
2760 2051 3044 2119 martyris.
3075 2051 3350 2116 doctrina,
3406 2051 3520 2106 elo-

1946 2131 2166 2199 quentia
2201 2139 2254 2185 et
2307 2136 2594 2190 sanctitate
2621 2137 2933 2208 clarissimi,
2967 2140 3527 2211 quiNicomedizesub

1946 2221 2240 2279 Maximino
2265 2223 2486 2281 Cmsare
2530 2231 2598 2283 ob
2625 2231 2832 2286 Christi
2872 2233 3278 2290 confessionem
3309 2250 3525 2307 passus,

1942 2327 1997 2370 et
2024 2316 2075 2370 in
2117 2327 2350 2386 quatuor
2378 2330 2562 2388 partes
2603 2321 2873 2379 dissertus
2906 2334 2990 2381 est
3023 2341 3036 2380 :
3067 2327 3265 2396 quibus
3295 2328 3527 2398 singulis

1943 2407 2215 2478 lapidibus
2259 2413 2497 2483 alligatis
2523 2455 2539 2479 ,
2571 2424 2623 2469 et
2656 2417 2707 2469 in
2738 2432 2888 2473 mare
2937 2418 3227 2487 demersis,
3264 2420 3528 2490 postridie

1943 2501 1997 2555 in
2033 2501 2346 2574 Helenopoli
2376 2506 2642 2578 Bithynia:
2677 2509 2945 2580 integrum
2997 2528 3194 2582 corpus
3239 2529 3364 2569 cum
3399 2515 3529 2584 ipsis

1943 2593 2214 2663 lapidibus
2263 2597 2540 2652 inventum
2583 2609 2695 2666 est,
2756 2602 3103 2673 lideliumque
3149 2620 3361 2660 summa
3403 2623 3525 2662 cum

1939 2689 2294 2742 veneratione
2340 2691 2630 2760 sepultum.
2671 2696 2739 2748 At
2766 2695 3014 2751 decursis
3041 2698 3249 2769 aliquot
3273 2700 3396 2756 inde
3420 2717 3527 2757 sm-

1939 2778 2078 2832 culis
2113 2779 2162 2833 id
2205 2795 2268 2833 ex
2291 2779 2515 2836 Oriente
2541 2796 2854 2854 susceptum
2881 2786 3110 2844 Carolus
3137 2788 3366 2859 Magnus
3392 2795 3528 2849 Are-

1939 2869 2106 2923 latutn
2131 2871 2344 2936 detulit,
2369 2874 2743 2944 aediﬁcataque
2782 2879 2835 2931 in
2877 2878 2995 2950 ejus
3013 2880 3274 2935 honorem
3294 2883 3528 2940 ecclesia

1940 2961 2051 3016 illic
2114 2963 2415 3021 honorifice
2457 2969 2762 3024 recondidit
2815 2986 2914 3042 per
2981 2970 3280 3041 Turpinum
3337 2975 3528 3031 archi-

1939 3057 2252 3128 episcopum
2304 3059 2627 3120 Remensem
2688 3085 2702 3121 :
2736 3082 2842 3136 qua
2872 3085 2934 3124 ex
2971 3085 3032 3125 re
3092 3071 3297 3127 Arelati
3331 3071 3529 3128 festiva

1939 3149 2102 3205 hodie
2141 3154 2280 3210 tanti
2340 3158 2595 3228 martyris
2628 3173 2694 3214 ex
2729 3161 2875 3218 avito
2909 3178 3063 3222 more
3092 3165 3290 3222 colitur
3321 3181 3528 3224 memo-

249 3209 559 3272 Lucianum
593 3219 830 3277 obierit:
883 3235 980 3279 aut
1037 3240 1243 3285 certea
1302 3230 1525 3287 librario
1576 3237 1831 3307 quopiam
1862 3239 1906 3296 C
1945 3244 2046 3298 ria.
2089 3264 2109 3299 ›

1123 3429 1557 3446 *ᾗ

1569 3439 1644 3450 ...-

2477 3454 3491 3484 —_..._.._______._.______.

1277 3579 1526 3677 ΒΙοΣ
1602 3595 1799 3680 ΚΑΙ
1873 3601 2518 3694 ΜΑΡΤΥΡΙΟΝ
2531 3647 2536 3652 ·

323 3773 627 3892 ΤΟΥ
683 3778 1149 3902 AI‘IOY
1240 3751 1833 3914 IEPOMA

1946 3803 2407 3921 ΓΥΡΟΣ
2493 3803 3438 3930 ΛΟΥΚΙΑΝΟΥ.

1452 4181 1656 4247 VITA.
1691 4187 1798 4249 ET
1838 4189 2334 4257 MARTYRIUM

830 4355 1626 4458 SACROSANCTI
1707 4371 2320 4469 MARTYRIS
2391 4383 2941 4475 LUCIANI.

830 4627 1021 4696 (Greca
1044 4632 1400 4698 descripsimus
1417 4647 1482 4687 ex
1502 4649 1596 4688 ms.
1621 4637 1793 4690 codice
1813 4637 2114 4693 Coisliniano
2134 4656 2183 4695 ιι.
2211 4643 2322 4708 145,
2341 4644 2512 4696 seculi
2552 4660 2605 4699 ι.
2637 4646 2776 4698 Eutr.
2798 4647 2975 4710 Pan.)

1733 4959 1964 5020 CAPUT
1991 4962 2034 5023 Ι.

1345 5090 1405 5148 S.
1436 5092 1663 5150 Luciani
1690 5098 1884 5166 patria,
1913 5103 2150 5166 virtutes,
2181 5100 2429 5156 eruditio.

329 5211 397 5270 α’.
435 5214 732 5284 Σαμόσατα
760 5217 914 5284 πόλις
942 5218 1054 5307 τῆς
1097 5221 1299 5294 Συρίας
1342 5227 1513 5293 ἐστὶν,
1549 5230 1838 5303 Εὐφράτης

2019 5231 2301 5289 Samosata
2331 5235 2510 5305 (Uest
2536 5234 2730 5290 civitas
2773 5231 2966 5307 Syria,
3007 5248 3170 5306 quam
3199 5234 3514 5306 praeterﬂuit

242 5311 312 5378 τῇ
345 5308 501 5362 πόλει
531 5313 829 5381 πιραῤῥεῖ,
858 5305 1107 5386 πατρὶςή
1135 5317 1288 5382 πόλις
1310 5320 1631 5375 Λουκιανοῦ.
1663 5316 1836 5390 Οὗτος

1946 5326 2270 5396 Euphrates.
2305 5327 2382 5382 Ea
2437 5329 2628 5384 civitas
2661 5327 2764 5383 fuit
2786 5305 2958 5396 patria
2993 5305 3239 5396 Luciani,
3293 5328 3380 5384 ubi
3411 5326 3516 5384 fuit

243 5402 360 5453 τῶν
399 5397 460 5454 εὖ
484 5403 788 5469 γεγονότων
840 5406 1002 5477 ἀνὴρ,
1036 5407 1109 5469 di,
1139 5409 1167 5462 ὁ
1200 5413 1329 5482 περὶ
1364 5413 1534 5467 αὐτοῦ
1564 5416 1722 5485 λόγος
1747 5419 1830 5472 δι-

243 5487 425 5557 δάξει.
450 5493 780 5566 Γεννήτορες
811 5494 1133 5567 Χριστιανοὶ
1153 5500 1231 5572 τῷ
1257 5501 1412 5575 ἀνδρί
1435 5521 1449 5536 ο
1483 5509 1687 5579 σπουδὴ
1719 5512 1831 5575 τοῖς

245 5583 578 5656 γεννήτορσι
611 5588 914 5644 Λουκιανὺν
941 5591 1008 5645 ἐκ
1043 5591 1274 5666 πρώτης
1317 5595 1507 5667 τριχὸς
1541 5602 1608 5669 τῇ
1641 5601 1826 5656 Θεοσε-

1942 5419 2171 5474 honesto
2193 5419 2311 5474 loco
2335 5428 2516 5484 natus,
2546 5433 2605 5475 ut
2632 5421 2747 5476 haec
2779 5422 2996 5475 docebit
3025 5437 3164 5491 quae,
3200 5423 3264 5476 de
3302 5435 3368 5474 eo
3403 5430 3509 5474 tra-

1938 5493 2131 5577 ctabit,
2159 5513 2353 5568 oratio.
2385 5509 2650 5570 Parentes
2693 5515 2812 5580 ejus
2838 5522 2994 5568 erant
3044 5510 3358 5567 Christiani.
3395 5510 3515 5565 Ma-

1935 5619 2100 5673 gnum
2138 5613 2318 5659 autem
2351 5607 2590 5661 studium
2625 5606 2730 5660 fuit
2755 5604 3093 5676 parentibus,
3129 5613 3185 5657 ut
3213 5600 3510 5657 Lucianum

333 5741 437 5834 ΨΑ
471 5740 767 5834 §amosalta
790 5748 860 5834 ad
889 5750 1163 5834 dextram,
1194 5755 1368 5834 ripam
1413 5757 1726 5834 Euphratis,
1754 5759 1844 5834 ubi
1951 5759 2251 5834 provincia.
2286 5761 2649 5834 Menologium
2688 5761 2876 5831 habet
2908 5772 2976 5814 ex
3023 5755 3307 5814 Antiochia
3343 5755 3520 5832 Syrias

251 5805 350 5866 hic
368 5805 536 5883 ponte
568 5818 779 5886 lapideo
815 5826 1021 5878 stratus
1053 5805 1211 5892 erat;
1232 5805 1832 5899 iit'coiﬁiﬁéﬁé'shi;

1931 5839 2121 5918 ortum
2152 5832 2323 5893 fuisse
2350 5834 2410 5892 S.
2438 5832 2771 5892 Lucianum.
