3886 6500
320 386 482 450 "399

1573 385 1857 449 MENSIS
1905 382 2372 450 JANUARIUS.

3542 386 3660 451 ιοο

377 498 694 559 aRineuute
719 506 878 555 :etate
931 497 986 551 in
1025 497 1289 568 religione
1320 507 1522 569 eterga
1550 492 1719 553 Deum
1758 497 1920 569 pietat

2026 495 2183 567 ,σείᾳ
2230 493 2631 566 ῥυθμίζεσθαι·
2670 492 2765 546 καὶ
2813 493 3245 566 τελευτήσαντες
3289 495 3465 567 ἄμφω
3522 500 3655 552 νέον

378 595 740 650 inlstituerent.
799 589 973 646 Ambo
1010 596 1142 647 vero
1184 605 1214 646 e
1270 592 1405 646 vivis
1438 590 1788 652 excedentes.
1830 606 1953 645 eum

376 688 689 756 relinquunt
733 694 959 754 puerum
1000 683 1282 740 duodecim
1324 696 1496 740 annos
1524 694 1735 739 natum.
1770 682 1820 737 is
1854 696 1954 737 au-

376 788 504 841 tem,
536 779 638 832 hac
689 775 805 831 sola
849 774 1015 831 veluti
1046 774 1420 831 consolatione
1459 775 1702 840 inventa,
1731 784 1956 845 pmpter

363 866 633 935 iacturam
669 877 956 938 parentum
1005 865 1250 937 confugit
1280 866 1346 922 ad
1401 865 1642 922 divinum
1680 866 1952 936 quoddam

371 961 654 1035 templum,
709 964 965 1019 Omnibus
998 963 1111 1019 suis
1134 962 1339 1019 divitiis
1363 962 1669 1019 distributis
1698 964 1955 1034 pauperi-

366 1054 490 1119 bus,
515 1062 569 1109 et
604 1054 657 1109 in
688 1055 865 1125 prima
910 1064 1070 1112 aetate
1100 1069 1223 1111 cum
1255 1054 1512 1124 Macario,
1543 1058 1635 1126 qui
1670 1055 1953 1112 habitabat

364 1136 625 1203 Edessam
653 1145 828 1219 (2),et
866 1146 1265 1204 sacrosLibros
1303 1148 1781 1218 interpretabatur,
1822 1162 1951 1205 con-

364 1252 584 1311 gressus
619 1246 675 1294 et
711 1248 985 1307 versatus,
1019 1238 1284 1316 quidquid
1307 1249 1426 1295 erat
1449 1243 1513 1296 in
1537 1240 1618 1296 eis
1644 1238 1948 1311 pulcherri-

363 1347 536 1397 mum,
578 1345 751 1403 pauco
784 1340 1025 1402 tempore
1052 1329 1291 1402 collegit.

398 1423 488 1480 42.
510 1423 719 1479 Etcum
745 1424 983 1494 primum
1001 1422 1218 1494 quidem
1234 1424 1557 1482 accessisset
1573 1425 1641 1482 ad
1669 1426 1947 1484 lavacrum

324 1516 813 1588 ‘regenerationis,
842 1530 940 1588 per
972 1529 1168 1587 aquam
1199 1525 1253 1572 et
1286 1518 1537 1588 spiritum
1570 1528 1946 1590 regeneratus,

358 1602 651 1665 declinavit
682 1608 751 1664 ad
781 1606 946 1663 vitam
982 1609 1344 1663 monasticam
1378 1606 1457 1680 (3)
1497 1627 1513 1663 :
1573 1608 1769 1665 deinde
1821 1624 1943 1665 cum

356 1700 405 1757 ei
437 1700 613 1756 visum
659 1710 827 1766 esset,
874 1714 905 1755 a
939 1699 1066 1756 vino
1092 1708 1149 1756 et
1193 1699 1553 1757 obsoniorum
1587 1716 1683 1758 esu
1719 1702 1942 1759 omnino

356 1788 656 1858 abstinere,
697 1791 884 1847 statim
941 1790 1197 1862 tanquam
1226 1806 1297 1848 ex
1330 1793 1646 1849 carceribus
1673 1794 1943 1865 depugna-

2060 589 2224 642 αὐτὸν
2271 586 2697 642 καταλείπουσιν
2747 586 2868 650 ἔτος
2914 604 3016 641 που
3068 588 3375 643 δωδέκατον
3418 592 3660 658 ἄγοντα.

2071 679 2130 732 Ὀ
2158 679 2216 732 δὲ
2247 679 2419 750 μόνην
2449 678 2641 750 ὦσπρ
2688 678 3036 749 παράκλησιν
3071 681 3165 733 ἐπὶ
3197 682 3266 752 τῇ
3294 680 3406 733 τῶν
3441 682 3655 751 γονέων

2057 771 2300 843 ἀποσολῇ
2360 772 2454 826 τὸν
2506 771 2641 827 Θεὸν
2694 769 2968 843 εὑρηκὼς,
3002 771 3090 836 είς
3121 788 3245 825 τινα
3297 770 3442 826 θετον
3473 790 3655 826 κατα-

2057 864 2253 935 φεύγει
2286 865 2436 933 ναὸν,
2475 865 2653 920 πάντα
2683 868 2794 929 τοῖς
2818 865 3140 934 πενομένοις
3161 866 3252 919 τὸν
3278 865 3509 920 πλοῦτον
3530 868 3657 920 δια-

2055 957 2409 1028 νειμάμενος,
2439 958 2535 1013 καὶ
2568 958 2724 1029 παρά
2756 955 2858 1028 τὴν
2884 956 3108 1028 πρώτην
3129 957 3354 1030 ἠλικίαν
3385 959 3653 1032 μακαρίῳ

2054 1050 2162 1104 τινὶ
2194 1050 2294 1123 τὴν
2332 1050 2564 1105 Ἔδεσαν
2611 1051 2874 1115 οἰκοῦντι,
2910 1049 3008 1105 καὶ
3050 1051 3151 1117 τὰς
3205 1053 3359 1124 ἱερὰς
3404 1052 3651 1125 διερμη-
3732 1107 3736 1110 .

2054 1137 2264 1191 νεύοντι
2298 1137 2520 1208 βίὸλους
2557 1139 2714 1210 ἀνδρὶ
2756 1141 3176 1211 συγγενόμενος,
3226 1143 3335 1195 πᾶν
3360 1143 3459 1196 ὅτι
3502 1141 3649 1197 κάλ-

2052 1229 2233 1285 λιστον
2282 1232 2342 1284 ἐν
2394 1229 2622 1296 ταύταις
2680 1231 2927 1304 ὑπῆρχεν
2965 1234 3025 1286 ἐν
3091 1232 3260 1304 ὀλίγῳ
3296 1234 3478 1307 χρόνῳ
3510 1250 3646 1287 συν-

2050 1324 2225 1394 ἐλεεε.

2122 1419 2188 1491 β’.
2229 1420 2341 1476 Καὶ
2373 1420 2566 1493 πρῶτα
2595 1416 2697 1494 μὲν
2723 1420 2801 1494 τῷ
2828 1422 2929 1494 τῆς
2963 1421 3390 1492 παλιγγενεσίας
3420 1421 3647 1495 λουτρῷ

2048 1513 2385 1588 προσελθὼν,
2424 1514 2493 1569 δι’
2517 1512 2711 1579 ὕδατός
2741 1532 2802 1569 τε
2848 1515 2947 1570 καὶ
2979 1514 3296 1586 πνεύματος
3339 1516 3648 1588 ἁναγεννη-

2046 1605 2183 1674 θεὶς,
2214 1608 2352 1681 πρὸς
2372 1608 2467 1663 τὸν
2495 1608 2788 1681 μοναδικδν
2826 1609 3090 1663 ἀπέκλινε
3127 1607 3242 1680 βίον
3270 1626 3283 1639 ο
3309 1608 3502 1662 ἔπειτα
3540 1608 3649 1663 δό-

2045 1698 2142 1766 ξαν
2181 1699 2332 1772 αὐτῷ
2356 1698 2454 1754 τοῦ
2477 1701 2623 1753 οίνου
2650 1716 2711 1753 τε
2755 1700 2854 1753 καὶ
2884 1700 2981 1772 τῆς
3029 1698 3338 1771 ὀψοφαγίας
3367 1701 3449 1764 είς
3473 1699 3644 1764 τέλος

2041 1792 2369 1864 ἀπέχεσθαι,
2403 1793 2567 1857 εὐθὺς
2598 1791 2790 1864 ὥσπερ
2833 1794 2899 1846 ὲκ
2929 1792 3156 1864 πρώτης
3189 1793 3462 1865 γραμμῆς
3488 1794 3643 1865 πρὸς

344 1885 448 1941 «bat
501 1884 761 1942 advdsus
802 1892 994 1942 omnes
1061 1885 1244 1942 carnis
1293 1887 1628 1958 voluptates.
1686 1862 1920 1958 Seipsun

2043 1862 2235 1956 ἡδονὰς
2257 1885 2441 1949 πάσας
2469 1884 2567 1950 τὰς
2589 1885 2695 1956 τῆς
2723 1862 2928 1957 σαρκὶς
2963 1862 3318 1958 ἀπεμάχετο(
3346 1862 3643 1957 νηστείαις

338 1980 531 2034 autem
563 1974 804 2035 formans
827 1975 1072 2049 jejuniis,
1107 1991 1167 2034 se
1192 1976 1263 2033 ad
1294 1968 1437 2034 hanc
1468 1977 1682 2034 ﬁrmam
1734 1987 1791 2035 et
1817 1990 1935 2034 sta-

334 2064 515 2128 bilem
542 2066 767 2128 deduxit
790 2071 1266 2138 consuetudinem,
1304 2080 1365 2127 ut
1410 2086 1553 2127 nona
1584 2072 1717 2127 liora
1767 2072 1938 2129 semel

352 2164 406 2220 in
447 2164 538 2220 die
585 2165 920 2220 comederet.
979 2162 1153 2218 Erant
1185 2172 1366 2219 autem
1414 2164 1465 2219 ei
1521 2164 1684 2220 etiam
1714 2165 1936 2236 quidam

324 2252 486 2312 certi
515 2256 727 2312 dierum
778 2255 1039 2321 ambitus,
1089 2256 1145 2311 in
1200 2254 1396 2321 auibus
1429 2264 1538 2312 tota
1590 2257 1934 2315 hebdomada

330 2349 703 2420 permanebat
758 2344 998 2420 jejunus.
1052 2348 1357 2404 Plurimum
1414 2360 1597 2407 autem
1651 2353 1777 2407 vita:
1824 2368 1936 2408 sua:

349 2448 565 2509 tempus
602 2440 954 2510 impendebat
982 2438 1239 2509 precibus
1269 2448 1325 2495 et
1362 2439 1640 2513 lacrymis.
1693 2442 1738 2495 A
1777 2456 1932 2498 scur-

346 2533 552 2590 rilitate
579 2541 634 2588 et
656 2530 773 2588 risu
802 2540 1015 2588 tantum
1038 2531 1250 2598 aberat,
1278 2543 1542 2603 quantum
1562 2533 1839 2605 judicabat
1866 2550 1930 2590 ea

345 2640 469 2682 esse
496 2625 625 2680 vere
662 2622 916 2681 ridicula.
965 2620 1170 2679 Contra
1213 2633 1393 2678 autem
1426 2637 1522 2679 eos
1554 2626 1645 2694 qui
1675 2624 1932 2695 lugebant

344 2714 604 2774 studebat
633 2714 862 2781 imitari,
917 2721 968 2771 et
1009 2713 1359 2770 existimabat
1388 2728 1510 2771 esse
1536 2718 1728 2787 dignos
1758 2711 1931 2774 beati-

343 2804 645 2864 tudinibus.
703 2805 992 2862 Silentium
1041 2816 1224 2862 autem
1270 2805 1574 2879 amplexus,
1610 2818 1666 2863 et
1696 2810 1929 2867 assidua:

342 2900 560 2957 deditus
590 2898 953 2967 meditationi,
986 2897 1274 2955 videbatur
1294 2914 1509 2970 semper
1531 2901 1929 2971 cogitabundus

340 3000 396 3048 et
458 2990 683 3048 tristitia
748 2992 941 3063 plenus
990 2990 1056 3048 iis
1110 2991 1202 3063 qui
1267 2991 1351 3047 ad.
1389 3007 1514 3048 eum
1575 2994 1924 3062 accedebant,

339 3082 556 3142 etiamsi
582 3083 778 3155 spiritu
813 3084 866 3139 in
900 3097 959 3140 se
986 3093 1250 3155 perpetuo
1278 3084 1578 3141 exsultaret
1623 3095 1677 3142 et
1707 3087 1923 3144 lzctare-

2040 1973 2099 2029 δὲ
2127 1973 2316 2030 τυπῶν
2347 1975 2543 2031 ἑαυτὸν
2584 1978 2665 2041 είς
2698 1975 2856 2040 Εθους
2904 1975 3083 2047 ἤγαγε
3137 1975 3301 2049 πῆξιν
3335 1976 3479 2031 κατὰ
3525 1977 3641 2047 τὴν

2040 2068 2271 2140 ὲννάτην
2297 2067 2447 2141 ὥραν
2481 2066 2629 2136 ἅπαξ
2677 2069 2782 2142 τῆς
2833 2069 3053 2144 ἡμέρας
3090 2069 3412 2135 σιτίζεσθαι.
3441 2067 3637 2124 ’Ἡσαν

2036 2159 2094 2215 δὲ
2118 2160 2210 2216 καί
2242 2176 2388 2226 τινες
2417 2160 2566 2233 αὐτῷ
2614 2163 2843 2235 ἡμερῶν
2894 2163 3159 2236 περίοδοι,
3191 2164 3251 2218 έν
3283 2158 3373 2228 αἷς
3405 2163 3501 2220 καὶ
3525 2162 3636 2233 ὅλη

2036 2252 2225 2307 τοῦτον
2257 2249 2403 2324 εἶχεν
2429 2256 2463 2326 ἡ
2494 2255 2753 2326 έόδομάς.
2809 2255 2917 2311 Τόν
2966 2273 3031 2326 γε
3086 2255 3194 2329 μὴν
3244 2257 3468 2311 πλείονα
3522 2255 3639 2328 τῆς

2036 2344 2183 2417 ζωῆς
2218 2348 2414 2419 χρόνον
2449 2351 2782 2419 προσευχαῖς
2827 2348 2921 2402 καὶ
2970 2347 3236 2420 δάκρυσιν
3263 2347 3496 2418 ἔνεμεν·
3527 2346 3638 2400 εὑ-

2035 2437 2335 2503 τραπελίας
2369 2438 2469 2509 μὲν
2523 2434 2619 2492 οὖν
2667 2438 2926 2493 τοσοῦτον
2985 2440 3180 2509 ἀπεῖχε
3224 2437 3321 2493 καὶ
3358 2439 3635 2508 γέλωτος,

2032 2529 2143 2599 ὅσῳ
2166 2528 2341 2584 ταῦτα
2373 2528 2466 2585 καὶ
2494 2528 2753 2599 γελώτων
2797 2530 3015 2601 ἀληθῶς
3048 2531 3262 2603 ἔκρινεν
3308 2531 3455 2598 ἄξια.
3484 2530 3638 2583 Τοῦ-

2034 2619 2249 2674 ναντίον
2276 2620 2333 2674 δὲ
2362 2622 2489 2685 τοὺς
2514 2620 2846 2686 πενθοῦντας
2873 2623 2966 2676 καὶ⁹
3005 2622 3204 2693 ζηλοῦν
3235 2621 3490 2689 ἔσπευδε,
3518 2623 3633 2677 καὶ

2034 2712 2406 2784 μακαρισμῶν
2431 2713 2615 2779 ἀξίους
2662 2714 2883 2785 ἡγεῖτο·
2911 2715 3008 2786 τὴν
3038 2715 3096 2769 δὲ
3125 2715 3337 2789 σιωπὴν
3370 2713 3633 2779 ἀσπαζό-
3676 2704 3685 2711 ’

2034 2819 2217 2871 μενος,
2250 2802 2343 2857 καὶ
2381 2806 2448 2875 τῇ
2482 2808 2702 2875 συνεχεῖ
2722 2804 2922 2878 μελέτῃ
2948 2806 3344 2877 προσκείμενος
3367 2805 3461 2860 ἐπὶ
3491 2822 3633 2859 συν·

2028 2894 2179 2958 νοίας
2195 2894 2376 2966 ὼρᾶτο
2394 2895 2499 2961 ἀεὶ,
2522 2898 2616 2950 καὶ⁵
2638 2898 2943 2970 κατηφείας
2962 2899 3177 2971 πλήρης
3199 2901 3311 2963 τοῖς
3331 2897 3632 2969 παραϐάλ-

2027 2984 2236 3050 λουσιν,
2256 2985 2306 3038 εί
2331 2985 2425 3038 καὶ
2451 2985 2528 3057 τῷ
2553 2988 2826 3060 πνεύματι
2844 2988 2931 3043 διὰ
2950 2988 3151 3053 παντὸς
3174 2991 3232 3043 ἐν
3255 2988 3432 3061 ἑαυτῷ
3445 2989 3631 3059 ἠγαλ-

2025 3076 2180 3131 λιᾶτο
2212 3075 2309 3131 καὶ
2336 3076 2578 3150 ἔχαιρεν.
2602 3074 2663 3133 Ei
2685 3079 2742 3134 δέ
2762 3096 2892 3135 ποτε
2918 3082 3012 3136 καὶ
3044 3082 3195 3154 ῥῆμα
3235 3080 3438 3148 δόξειεν
3460 3082 3627 3154 αὐτῷ

342 3188 449 3234 tur.
494 3176 555 3234 Si
608 3176 828 3248 quando
881 3184 1065 3234 autem
1116 3178 1343 3233 verbum
1396 3179 1448 3234 ei
1486 3178 1568 3236 ex
1601 3195 1700 3238 ore
1748 3181 1919 3239 visum

2028 3168 2295 3240 προέσθαι
2323 3170 2420 3225 τοῦ
2451 3172 2744 3239 στόματος,
2788 3173 2845 3226 al
2888 3171 3029 3226 θεῖαι
3055 3172 3270 3244 Γραφαὶ
3305 3174 3367 3227 τὸ
3409 3172 3621 3227 λαλού-

336 3278 487 3328 esset
506 3270 778 3336 emittere,
805 3269 1006 3327 divina:
1052 3269 1351 3342 Scriptura:
1394 3283 1554 3329 erant
1582 3274 1636 3330 id
1657 3278 1801 3346 quod
1836 3276 1920 3332 lo-

341 3365 632 3437 quebatur.
658 3362 868 3420 Tantus
897 3363 1042 3420 enim
1068 3378 1258 3421 earum
1300 3364 1519 3423 divinus
1550 3381 1705 3423 amor
1741 3366 1919 3440 ipsum

337 3464 580 3530 ceperat,
625 3464 687 3513 ut
714 3457 804 3513 vix
832 3470 1083 3513 somnum
1116 3456 1277 3514 vellet
1302 3471 1500 3529 capere
1522 3467 1749 3530 propter
1787 3476 1921 3517 con-

338 3550 550 3608 tinuam
603 3564 792 3606 earum
853 3549 1288 3607 meditationem.
1330 3549 1392 3609 Si
1458 3552 1677 3623 quando
1733 3563 1918 3611 autem

322 3657 532 3717 corpus
558 3641 780 3700 volebat
823 3642 1097 3699 modicum
1139 3643 1506 3715 requiescere,
1548 3659 1659 3702 non
1711 3645 1918 3718 absque

322 3737 545 3793 intensa
566 3734 836 3801 oratione,
853 3748 956 3790 nec
971 3733 1091 3790 sine
1110 3734 1300 3791 calidis
1315 3735 1578 3808 lacrymis
1597 3745 1655 3792 et
1677 3750 1914 3806 genuum

320 3816 565 3899 ﬂexione
590 3814 845 3883 somnum
882 3825 1154 3882 sumebat.
1194 3822 1308 3881 Sed
1335 3826 1453 3883 haec
1500 3827 1745 3897 quidem,
1786 3826 1914 3882 dum

327 3918 594 3992 puerilem
652 3914 831 3975 adhuc
892 3912 1081 3989 ageret
1141 3917 1383 3982 aetatem,
1430 3912 1472 3972 ὀ
1517 3927 1713 3974 sancto
1767 3927 1914 3976 recte

318 4018 480 4083 gesta
513 4017 662 4066 sunt.

398 4103 455 4158 5.
488 4101 993 4172 Postquam-autem
1024 4100 1091 4156 ab
1131 4114 1192 4156 ea
1218 4099 1333 4169 jam
1376 4101 1631 4166 excessit,
1661 4108 1719 4155 et
1745 4102 1912 4173 coepit

325 4206 449 4248 esse
479 4190 1079 4257 adolescens,carnem
1125 4191 1345 4262 quidem
1387 4191 1588 4246 nullam
1627 4207 1749 4247 cum
1795 4195 1910 4263 Spi-

323 4286 435 4341 ritu
464 4286 760 4357 agitantem
799 4283 1125 4341 seditionem
1173 4284 1408 4340 reddidit
1439 4298 1537 4352 per
1566 4286 1743 4341 sancti
1777 4283 1908 4356 Spi-

316 4380 464 4436 tritus
492 4379 895 4450 operationem;
924 4377 1250 4449 quibusdam
1300 4388 1480 4433 autem
1514 4390 1634 4449 quae
1678 4388 1808 4435 sunt
1837 4378 1905 4434 ad

319 4488 479 4530 esum
499 4471 657 4528 valde
685 4471 867 4536 exilia,
893 4486 1094 4542 corpus
1118 4460 1419 4536 reﬁciebat,
1446 4473 1583 4527 adeo
1614 4482 1672 4527 ut
1702 4472 1901 4528 multos

2027 3275 2191 3329 μενον
2218 3256 2288 3334 ἦν
2310 3277 2326 3294 ·
2350 3261 2739 3333 τοσοῦτος,γάρ
2765 3262 2916 3335 αὑτῷ
2951 3262 3095 3327 θεῖος
3116 3262 3323 3318 τούτων
3346 3264 3484 3343 ξρως
3516 3266 3619 3318 ὲν-

2022 3349 2285 3423 έσκηψεν,
2318 3352 2395 3417 ὡς
2422 3352 2563 3425 μηδὲ
2590 3351 2763 3407 ὕπνου
2795 3353 2982 3424 σχεδὸν
3017 3352 3223 3409 ἐθέλειν
3245 3358 3311 3426 τῇ
3332 3355 3459 3427 περὶ
3480 3354 3619 3409 ταύ-

2018 3458 2117 3515 τας
2147 3442 2394 3516 διηνεκεῖ
2436 3445 2636 3518 μελέτῃ
2686 3445 3160 3518 μεταλαμϐάνειν
3210 3445 3266 3500 εί
3299 3463 3428 3501 ποτε
3460 3447 3518 3503 δὲ
3540 3448 3616 3503 τὸ

2020 3534 2183 3608 σῶμα
2211 3538 2279 3593 τὰ
2322 3539 2522 3612 μέτρια
2570 3538 2971 3595 διαναπαὺσειν
3017 3538 3300 3611 ἠϐούλετο,
3328 3541 3430 3596 οὐκ
3468 3542 3611 3597 ἄνευ

2017 3632 2330 3706 προσευχῆς
2363 3632 2642 3699 ὲκτενοῦς,
2692 3633 2819 3687 οὐδὲ
2874 3631 3003 3688 ἄνευ
3060 3632 3280 3705 θερμῶν
3322 3632 3608 3706 δακρύων,

2016 3725 2113 3780 καὶ
2151 3725 2401 3796 γονάτων
2435 3725 2671 3790 κλίσεως
2701 3723 2873 3780 ὕπνου
2912 3727 3186 3798 μετεῖχεν.
3227 3725 3390 3783 Ἀλλὰ
3424 3725 3611 3784 ταῦτα

2017 3816 2121 3887 μὲν
2153 3815 2383 3890 πρώτην
2410 3819 2506 3874 καὶ
2563 3818 2825 3893 παιδικὴν
2874 3816 3064 3890 ἄγοντι
3106 3819 3212 3894 τὴν
3266 3819 3483 3894 ἡλικίαν
3515 3820 3606 3894 τῷ

2014 3906 2159 3981 ἆγίῳ
2182 3906 2535 3982 κατώρθωτο.

2078 4105 2155 4175 γ’.
2204 4106 2359 4161 Ἐπεὶ
2387 4106 2445 4161 δὲ
2472 4108 2575 4180 ήδη
2609 4107 2816 4180 ταῦτην
2864 4126 2925 4163 τε
2960 4109 3230 4182 ὑπερέϐη,
3263 4112 3358 4167 καὶ
3396 4112 3478 4176 είς
3506 4127 3604 4166 νε-

2008 4196 2265 4261 ανίσκους
2286 4194 2465 4252 τελεῖν
2486 4198 2716 4270 ήρξατο,
2756 4199 3124 4254 ἀστασίαστον
3155 4198 3255 4270 μὲν
3274 4200 3374 4272 τὴν
3406 4198 3599 4271 σάρκα

2005 4290 2083 4362 τῷ
2121 4290 2393 4361 πνεύματι
2419 4294 2484 4363 τῇ
2521 4291 2772 4365 ἐνεργείᾳ
2802 4291 2896 4346 τοῦ
2926 4293 3084 4362 ἁγίου
3104 4292 3424 4362 Πνεύματος
3446 4308 3598 4364 παρ-

2006 4384 2309 4454 εστήσατο·
2334 4382 2448 4436 τισὶ
2480 4382 2538 4437 δὲ
2568 4383 2677 4437 τῶν
2728 4386 2810 4450 είς
2851 4382 3057 4456 βρῶσιν
3082 4384 3297 4439 λεπτῶν
3330 4385 3393 4439 τὸ
3424 4386 3599 4456 σῶμα

2006 4475 2252 4546 συνίστη,
2286 4474 2363 4539 ὡς
2384 4474 2470 4545 ἐφ’
2502 4475 2717 4541 ἱκαναῖς
2746 4476 2982 4549 ἡμέραις
3002 4478 3154 4547 ἄρτῳ
3189 4477 3339 4548 μόνῳ
3384 4477 3598 4549 κεχρῆς⁵

319 4568 438 4625 dies
471 4564 593 4623 solo
632 4579 773 4638 pane
799 4572 1138 4629 vesceretur,
1168 4573 1223 4618 et
1249 4577 1320 4619 ne
1360 4576 1500 4633 pane
1537 4564 1754 4634 quidem
1785 4563 1904 4634 piu-

2026 4566 2156 4632 ι’θαι,
2189 4569 2285 4623 καὶ
2341 4567 2480 4639 μηδὲ
2528 4569 2680 4640 ἄρτῳ
2715 4572 2838 4633 ταῖς
2867 4568 3133 4637 πλείοσιν,
3172 4569 3314 4626 ἀλλά
3354 4586 3462 4623 τινι
3489 4571 3595 4625 καὶ

311 4658 494 4725 ribus,
558 4657 654 4714 sed
703 4656 770 4713 iis
818 4665 941 4728 quae
976 4651 1050 4711 eo
1104 4662 1263 4710 erant
1299 4654 1369 4711 ad
1422 4652 1677 4711 alendum
1724 4652 1903 4725 magis

308 4749 502 4808 exilia.
561 4748 717 4820 Aqua
771 4756 955 4803 autem
1006 4755 1127 4803 erat
1184 4746 1237 4803 ei
1293 4754 1452 4816 potus
1520 4744 1897 4801 suavissimus.

314 4845 724 4912 Nonnunquam
762 4852 944 4896 autem
973 4838 1284 4895 abstinebat
1303 4838 1472 4893 etiam
1502 4838 1570 4892 ab
1592 4852 1693 4893 usu
1734 4836 1895 4907 ignis.

383 4937 443 4992 4.
475 4933 722 5003 Cumque
747 4930 826 4988 sic
853 4930 1190 5002 pervenisset
1221 4928 1290 4985 ad
1331 4942 1551 4985 omnem
1603 4927 1897 4983 humanam

310 5029 598 5093 virtutem,
627 5025 735 5081 fuit
757 5023 867 5081 cito
895 5022 1234 5081 clarissimus
1258 5021 1503 5079 omnium
1554 5020 1638 5076 sui
1687 5030 1897 5091 tempo-

311 5125 415 5180 ris.
443 5119 696 5190 Seipsum
725 5130 855 5189 ergo
903 5116 1072 5173 tradit
1104 5114 1361 5173 Ecclesiae
1408 5113 1802 5183 Antiochum;
1838 5122 1896 5168 et

303 5230 437 5275 cum
485 5210 847 5287 processisset
893 5210 963 5265 ad
1000 5208 1383 5274 sacerdotium,
1436 5206 1720 5262 constituit
1784 5206 1930 5262 illic.

308 5308 613 5368 maximum
646 5286 844 5361 ludum
900 5300 1226 5358 litterarium
1273 5298 1374 5374 (4),
1430 5299 1500 5358 iis
1545 5300 1640 5373 qui
1689 5298 1891 5371 ubique

296 5552 338 5561 Η
374 5458 694 5561 ’(ἳλβιίεεεο
728 5444 856 5525 urbe
880 5454 1480 5538 MesopOtainizc,'haud
1534 5465 1723 5538 procul
1783 5456 1883 5521 Sa-

307 5542 913 5690 ώῗέῗῐξξιωοηεειιίἕν
957 5609 1177 5690 ιιιυιιιιο
1223 5606 1346 5662 ί¹¹⁰⁸
1393 5607 1883 5690 “Mum-3".

302 5675 472 5761 liquis
499 5688 604 5742 iiiis
637 5675 1344 5761 temporibus,‘priusquam
1389 5676 1635 5761 cm‘nobia
1668 5675 1883 5761 publice

291 5744 789 5877 θὸῶιοήιιιοεειηὲᾑ
818 5744 1039 5835 consuli
1081 5744 1267 5875 ροῗξει
1293 5789 1306 5813 ,
1352 5762 1410 5802 c.
1444 5748 1502 5831 _6
1551 5744 1884 5829 Hierarehite

299 5828 668 5877 ccclizsimlicw
734 5862 747 5874 .
788 5820 1051 5877 Dionvsu.
1076 5832 1131 5877 et
1199 5817 1489 5875 allhasans
1518 5816 1881 5873 Cordernno-

299 5816 668 5885 ecclesiasticae
686 5816 747 5877 Β.
771 5816 1057 5894 Dionysii,
1076 5816 1131 5877 et
1150 5816 1489 5894 Baithasaris
1518 5816 1881 5894 (Σόγδοι-ἱερο-

686 5876 1141 5963 animadversio;
1174 5880 1382 5950 notatio
1402 5882 1542 5947 item
1564 5881 1718 5944 Petri
1746 5876 1879 5944 llat-

700 6004 861 6013 AM...

2001 4659 2196 4713 τούτου
2226 4659 2368 4730 προς
2390 4660 2616 4731 τροφὴν
2640 4658 2976 4732 λεπτοτέριρ.
3005 4660 3192 4732 ’Υδωρ
3214 4659 3271 4715 δὲ
3302 4658 3451 4731 αὐτῷ
3486 4674 3596 4713 πο-

1999 4750 2095 4806 τδν
2120 4751 2342 4824 ἥδιστον
2360 4766 2374 4780 ·
2395 4750 2516 4805 ἔστι
2543 4751 2600 4806 δὲ
2621 4752 2713 4806 ὅτε
2744 4753 2839 4809 καὶ
2872 4752 2974 4825 τῆς
2996 4752 3091 4807 τοῦ
3124 4752 3296 4826 πυρὸς
3324 4752 3594 4823 ἀπείχετο

2000 4844 2274 4914 χρήσεως.

2066 4933 2132 4990 δ’.
2167 4934 2279 4988 Καὶ
2306 4933 2481 4999 οὕτως
2532 4936 2613 4999 είς
2639 4934 2789 4989 ἅπαν
2832 4933 2931 5005 τῆς
2964 4935 3088 4988 κατ’
3109 4933 3398 5005 ἄνθρωπον
3448 4937 3589 5006 ἁρε-

1996 5024 2097 5097 τῆς
2139 5025 2474 5098 ἀφικόμενος
2519 5027 2631 5080 τῶν
2691 5028 2776 5097 ἐφ’
2818 5026 3014 5081 ἑαυτοῦ
3064 5028 3301 5099 τάχιστα
3360 5026 3588 5080 πάντων

1992 5117 2241 5190 ὑπῆρξεν
2271 5117 2727 5189 ὀνομαστότατος.
2759 5116 2837 5189 Τῇ
2874 5116 2968 5171 οὖν
3015 5117 3337 5188 Ἀντιοχέων
3381 5116 3587 5188 ἐκκλη-

1995 5209 2087 5280 σίᾳ
2108 5207 2293 5281 φέρων
2318 5208 2513 5263 ἑαυτὸν
2535 5206 2773 5275 δίδωσιν,
2793 5206 2889 5261 καὶ
2906 5209 2987 5271 είς
3012 5209 3056 5261 ίε
3066 5206 3312 5280 ρωσύνην
3337 5206 3581 5277 προϐὰς,

1991 5300 2367 5356 διδασκαλεῖον
2402 5300 2663 5373 μέγιστον
2695 5300 2814 5356 ἐκεῖ
2840 5301 3235 5372 συνεστήσατο,
3264 5299 3373 5355 τῶν
3400 5301 3587 5355 ἁπαν-

1984 5462 2094 5548 lojx
2127 5458 2297 5524 uuStri
2328 5466 2384 5520 in
2416 5468 2540 5536 cap.
2572 5463 2604 5517 7
2627 5458 2768 5521 Vita:
2813 5456 3053 5532 ejusdem
3078 5458 3144 5517 S.
3170 5446 3423 5532 Dionysii
3452 5474 3483 5514 a
3510 5462 3579 5517 ἐι

1982 5536 2163 5678 eda?
2181 5604 2410 5678 Schol’as
2447 5602 2603 5678 olim,
2644 5602 2974 5678 presertim
2998 5616 3180 5678 sacrae
3195 5599 3577 5666 catecheseos,

1983 5692 2013 5730 a
2064 5672 2400 5732 Christianis
2457 5672 2773 5731 doctoribus
2828 5673 3028 5742 aperiri
3081 5672 3296 5742 solitas,
3352 5681 3578 5742 constat

1974 5761 2051 5803 ex
2106 5746 2361 5810 Eusebio,
2401 5745 2659 5809 Baronio,
2719 5740 2886 5802 Petro
2917 5741 3134 5799 Halloix
3186 5753 3228 5799 t.
3265 5740 3578 5807 Ιιιςυειυίιὶσ

1979 5816 2324 5888 scriptorum,
2358 5815 2410 5870 in
2460 5814 2743 5888 Pantaeno,
2800 5824 2856 5872 et
2911 5814 3003 5872 hic
3053 5830 3205 5873 num.
3244 5814 3297 5880 1,
3344 5810 3577 5870 ﬂacarii

1980 5884 2246 5948 Ede‘sseni
2285 5888 2552 5958 exemplo.
