3886 6466
292 380 394 448 401

1595 374 1770 436 ΥΙΤΑ
1820 373 1880 432 S.
1924 367 2260 431 LUCIANI.

3457 358 3561 421 ιω

292 492 462 570 ταχοῦ
510 489 978 554 σπουδαιοτάτων,
1028 487 1106 551 ὡς
1154 485 1321 540 αὑτὸν
1381 483 1680 554 ἀλλαχόθεν
1733 481 1872 550 ἄλλῳ

1985 485 2136 532 erant
2166 472 2568 536 studiosissimi,
2597 469 2812 524 aliunde
2839 469 2906 524 ad
2943 468 3119 537 ipsum
3146 468 3554 527 accedentibus.

293 583 735 655 ἀφικνουμένων.
779 583 1028 652 Ἤσκητο
1079 579 1136 634 δὲ
1172 578 1271 650 τὴν
1298 575 1656 648 ὁξυγραφίαν,
1692 575 1786 628 καὶ
1817 573 1878 626 τὸ

294 674 509 732 ἐκεῖθεν
534 675 686 744 αὐτῷ
709 672 1092 746 ποριζόμενον,
1122 671 1239 743 ἅμα
1263 670 1361 742 μὲν
1389 669 1566 740 ἐαυτῷ
1598 667 1732 740 πρὸς
1753 683 1876 738 τρο-

294 772 422 839 φὴν,
453 770 572 837 ἅμα
606 769 664 822 δὲ
707 767 804 821 καὶ
837 770 952 832 τοϊς
988 768 1217 838 πένησιν
1252 765 1531 836 ἐχορήγει·
1575 763 1668 816 καὶ
1697 762 1806 831 γὰρ
1827 763 1875 814 εί

297 864 373 934 μὴ
400 861 534 931 πρὶν
564 861 599 933 ἦ
627 861 835 930 τροφῆς
861 851 1018 924 οὗτος
1064 858 1389 930 μεταλάϐοι.
1431 857 1609 927 ἕτεροι
1639 857 1734 910 τοῦ
1767 856 1877 910 ἀπὸ

293 955 402 1007 τῶν
431 952 598 1006 αὐτοῦ
645 952 843 1024 χειρῶν
874 950 991 1022 βίου
1023 950 1376 1020 μετάσχοιεν,
1402 948 1618 1002 ἀδικίαν
1650 949 1712 1001 τὸ
1741 949 1880 1016 πρᾶο

295 1063 412 1116 γμα
441 1045 671 1098 ἐτίθετο.
707 1037 877 1106 Οὗτος
912 1039 1005 1097 οὖν
1038 1041 1130 1095 καὶ
1179 1042 1281 1106 τὰς
1317 1040 1470 1113 ίεράς
1509 1039 1723 1112 βίϐλους
1754 1039 1876 1092 ίδὼν

294 1138 428 1190 πολὺ
465 1136 527 1190 τὺ
552 1137 708 1190 νόθον
737 1135 1146 1205 εἰσδεξαμένας,
1185 1135 1280 1189 τοῦ
1304 1152 1364 1188 τε
1398 1135 1594 1206 χρόνου
1631 1133 1876 1204 λυμηνα-

297 1229 462 1296 μένου
499 1228 672 1282 πολλὰ
700 1227 812 1280 τῶν
844 1227 902 1280 ὲν
934 1226 1152 1290 αὐταῖς,
1196 1227 1290 1280 καὶ
1337 1226 1437 1296 τῆς
1482 1223 1740 1296 συνεχοῦς
1781 1224 1876 1291 ἀφ’

295 1322 499 1392 ἑτέρων
523 1321 602 1383 είς
637 1320 804 1390 ἕτερα
838 1319 1202 1390 μεταθέσεως,
1235 1317 1328 1373 καὶ
1366 1319 1550 1386 μέντοι
1590 1317 1682 1370 καί
1711 1333 1874 1370 τινων

294 1415 601 1484 ἀνθρώπων
655 1413 1040 1484 πονηροτάτων
1089 1413 1138 1466 οἳ
1195 1412 1289 1466 τοῦ
1339 1409 1697 1480 Ἑλληνισμοῦ
1739 1425 1875 1480 προ-

293 1503 624 1573 εστήκεσαν,
661 1502 1013 1574 παρατρέψαι
1045 1502 1136 1557 τὸν
1182 1504 1242 1556 ἐν
1292 1503 1485 1564 αὐταῖς
1515 1501 1641 1553 νοῦν
1679 1517 1874 1572 πειρα-

296 1595 576 1664 σαμένων,
610 1595 705 1648 καὶ
744 1595 880 1650 πολὺ
906 1595 966 1649 τὸ
995 1594 1249 1666 κίϐδηλον
1291 1594 1350 1647 ὲν
1381 1595 1608 1658 ταύταις
1637 1594 1876 1646 διασπει-

296 1687 536 1757 ράντων,
575 1687 741 1749 αὐτὸς
767 1689 987 1750 ἁπάσας
1025 1685 1311 1742 ἀναλαϐὼν
1345 1686 1408 1740 ὲκ
1455 1688 1554 1756 τῆς
1597 1685 1874 1755 Ἐϐραῖδος

291 1778 638 1838 ἀνενεώσατο
673 1778 941 1850 γλώττης,
971 1779 1039 1851 ἣν
1092 1780 1186 1833 καὶ
1226 1777 1396 1849 αὐτὴν
1430 1774 1760 1848 ἠκριϐωκὼς
1795 1777 1876 1838 είς

1982 571 2040 626 in
2072 571 2327 626 celeriter
2371 578 2552 623 autem
2602 564 2894 620 scribendo
2943 573 3063 620 erat
3113 565 3470 630 exercitatus,
3505 575 3563 621 ct

1981 663 2121 732 quod
2154 675 2221 716 ex
2272 673 2338 716 eo
2385 658 2730 729 acquirebat.
2780 656 2940 713 simul
2971 657 3188 727 quidem
3241 668 3299 713 et
3358 657 3460 712 sibi
3491 659 3558 711 ad

1981 756 2320 820 alimentum,
2375 761 2430 807 et
2483 753 2813 822 pauperibus
2875 750 3278 821 suppeditabat.
3346 751 3558 805 Etenim

1981 845 2108 912 nisi,
2155 844 2473 916 priusquam
2516 843 2632 913 ipse
2676 842 2856 896 cibum
2914 851 3176 906 sumeret,
3224 840 3317 895 alii
3360 842 3557 905 victus,

1979 953 2138 1009 quem
2166 936 2420 992 manibus
2450 934 2749 1005 quaerebat.
2780 941 2962 988 essent
2980 932 3292 1001 participes,
3315 929 3559 997 iniquum

1979 1044 2100 1086 esse
2135 1029 2388 1084 ducebat.
2437 1027 2491 1082 Is
2521 1039 2650 1095 ergo
2688 1040 2810 1080 cum
2858 1025 3086 1079 vidisset
3138 1037 3324 1079 sacros
3367 1022 3559 1078 Libros

1980 1139 2101 1179 esse
2124 1121 2277 1175 valde
2301 1119 2655 1184 adulteratns,
2685 1132 2807 1172 cum
2852 1126 2901 1170 et
2937 1125 3150 1184 tempus
3187 1114 3354 1169 multa
3406 1115 3458 1168 in
3482 1115 3562 1167 eis

1979 1213 2334 1281 corrupisset,
2373 1209 2742 1278 continuaque
2769 1207 2836 1262 ab
2863 1206 2986 1260 aliis
3018 1206 3070 1260 in
3114 1203 3215 1259 alia
3249 1204 3560 1264 translatio.

1978 1315 2033 1361 et
2062 1307 2280 1374 quidam
2341 1302 2591 1358 homines
2634 1296 3068 1363 sceleratissimi,
3127 1297 3218 1366 qui
3274 1295 3560 1364 gentilitati

1979 1405 2269 1470 praeerant,
2294 1395 2470 1449 conati
2494 1402 2677 1448 essent
2699 1400 3011 1460 pervertere
3039 1403 3228 1444 eorum
3253 1387 3563 1457 intelligen—

1980 1490 2150 1553 tiam;
2185 1488 2301 1556 ipse
2327 1500 2518 1540 omnes
2560 1499 2750 1538 rursus
2773 1482 3027 1553 sumpsit,
3064 1490 3119 1535 et
3143 1495 3207 1535 ex
3264 1479 3444 1548 lingua
3474 1495 3561 1533 reo

1979 1578 2199 1633 novavit
2228 1576 2514 1641 llehraica,
2550 1590 2712 1644 quam
2775 1574 2947 1642 ipsam
2978 1586 3194 1642 quoque
3237 1571 3446 1627 sciebat
3467 1585 3562 1625 θοι·

1981 1669 2351 1734 euratissime,
2418 1668 2469 1721 in
2509 1666 2590 1722 eis
2621 1663 2959 1735 corrigendis
3007 1663 3300 1733 plurimum
3360 1661 3562 1716 laboris

1982 1759 2290 1816 conferens.
2351 1761 2520 1816 Porro
2566 1766 2748 1812 autem
2805 1756 3112 1812 divinorum
3192 1768 3407 1824 quoque
3465 1756 3563 1809 do-

292 1865 362 1918 τά
390 1865 630 1935 μάλιστα
665 1863 754 1939 ἦν,
796 1869 959 1923 πόνον
995 1870 1062 1941 τῇ
1092 1866 1466 1939 ὲπανορθώσει
1496 1869 1578 1921 ὅτι
1623 1867 1872 1919 πλεῖστον

1985 1863 2223 1924 gmatum
2247 1852 2537 1922 puritatem
2596 1851 2717 1919 quis
2770 1849 2838 1904 ab
2866 1849 2971 1903 alio
3002 1862 3067 1902 ex
3101 1848 3166 1902 iis
3203 1846 3296 1916 qui
3347 1846 3564 1901 fuerunt

293 1957 773 2025 είσενεγκάμενος.
807 1960 883 2014 Οὐ
935 1961 1044 2031 μὴν
1091 1960 1168 2024 δὲ,
1210 1959 1345 2012 ἀλλὰ
1385 1960 1481 2013 καὶ
1524 1956 1877 2028 καθαρότητα

291 2046 405 2100 τῶν
438 2047 604 2102 θείων
639 2050 953 2121 δογμάτων,
982 2050 1066 2116 τίς
1090 2048 1157 2104 ἀν
1210 2050 1302 2120 ὑφ’
1351 2049 1542 2121 ἑτέρου
1588 2047 1697 2100 τῶν
1751 2047 1875 2100 κατ’

291 2139 505 2194 ὶκεῖνον
537 2140 629 2195 τὸν
661 2141 855 2213 χρόνον
885 2143 1196 2216 γενομένων
1229 2141 1369 2214 ὑπὲρ
1394 2141 1585 2196 τοῦτον
1607 2139 1756 2211 εὖροι
1781 2158 1877 2209 φυ-

291 2228 633 2288 λαττομένην
655 2251 674 2288 :
1767 2249 1774 2252 '
1832 2263 1837 2269 ο

362 2248 633 2307 ττομενην
655 2251 674 2302 ;
1767 2249 1774 2252 '

1981 1946 2072 2001 illo
2113 1954 2374 2011 tempore,
2410 1942 2602 1996 melius
2631 1956 2793 2010 quam
2825 1941 2892 1996 ab
2935 1940 3050 2010 ipso
3087 1939 3251 1994 fuisse
3281 1946 3557 1993 servatam

1981 2036 2289 2092 invenerit?

1753 2350 1982 2408 CAPUT
2014 2351 2078 2408 ll.

996 2467 1060 2523 8.
1115 2467 1379 2522 Lat-ianus
1431 2469 1907 2538 comprehenditur.
1967 2465 2262 2522 Puerorum
2297 2464 2617 2526 constantia.

366 2575 430 2630 ετ.
472 2575 692 2647 Ἐπειδὴ
725 2576 782 2630 δὲ
831 2576 1176 2649 Μαξιμιανὸς
1219 2583 1247 2634 ὁ
1299 2581 1554 2652 βασιλεὺς
1617 2581 1877 2652 ὲλύττησε

288 2671 438 2726 κατά
466 2671 569 2741 τῆς
595 2671 926 2743 Ἐκκλησίας
956 2674 1050 2727 τοῦ
1079 2675 1318 2746 Χριστοῦ
1342 2676 1546 2729 λύσσαν
1568 2676 1874 2748 ἀμήχανον,

290 2765 428 2837 ῥᾷον
461 2764 708 2836 οἰόμενος
741 2765 799 2831 ἐξ
831 2765 1134 2838 ἀνθρώπων
1165 2767 1357 2823 θέσθαι
1387 2771 1448 2824 τὸ
1475 2771 1587 2824 τῶν
1609 2773 1874 2840 Χριστια-

286 2855 403 2910 νῶν
434 2856 626 2934 ὄνομα,
660 2859 707 2911 εί
741 2859 867 2924 τοὺς
901 2860 959 2913 ἐν
1012 2861 1178 2913 πᾶσιν
1234 2862 1571 2932 ἀκροτάτους
1626 2861 1873 2917 ἐκποδὼν

285 2947 548 3022 δυνηθείη
585 2950 937 3021 ποιήσασθαι,
979 2952 1211 3007 ἐπύθετο
1235 2955 1334 3025 μὲν
1364 2956 1493 3027 περὶ
1522 2956 1618 3010 τοῦ
1650 2957 1868 3027 ἀνδρὸς,

286 3041 391 3095 ἅτε
426 3043 629 3111 πολλῆς
661 3044 940 3115 πανταχοῦ
982 3046 1110 3116 περὶ
1144 3047 1311 3100 αὐτοῦ
1346 3047 1447 3120 τῆς
1473 3051 1664 3121 φήμης
1689 3051 1873 3107 διαθε-

286 3135 352 3186 οὑ
366 3151 465 3204 σης
484 3151 498 3166 '
528 3135 702 3198 δεινὸς
747 3136 802 3188 δὲ
833 3135 997 3190 αὑτὸν
1032 3137 1174 3206 ἔρως
1202 3139 1422 3208 εἰσῆλθε
1455 3141 1547 3194 τὸν
1567 3143 1735 3213 ἄνδρα
1757 3161 1872 3216 χει-

287 3226 731 3336 ρίῖἰσασθαιηΚαὶ
750 3229 958 3299 πέμπει
990 3229 1052 3301 δὴ
1077 3232 1204 3293 τοὺς
1227 3232 1373 3303 χειρ)⁸
1394 3233 1835 3305 συλληψομένους
1854 3255 1868 3271 ο
1899 3276 1944 3336 C

286 3319 320 3370 ὁ
356 3319 412 3372 δὲ
474 3317 684 3389 μαθὼν,
727 3321 827 3372 οὐκ
867 3320 1171 3390 αὐτόμολος
1217 3326 1297 3388 εἰς
1325 3324 1417 3377 τὸν
1480 3326 1727 3381 κίνδυνον
1779 3325 1869 3400 ἦν,

285 3411 430 3466 ἀλλὰ
452 3412 539 3466 διὰ
567 3411 815 3482 φυλακῆς
845 3415 1082 3467 ἐποιεῖτο
1129 3415 1221 3468 καὶ
1257 3417 1557 3486 ἀσφαλείας
1590 3421 1777 3490 μηδὲν,
1814 3422 1874 3475 τό

285 3522 357 3573 γε
407 3507 488 3568 είς
521 3506 684 3560 αὐτὸν
719 3501 856 3579 ἧκον
922 3508 1297 3580 ῥιψοκίνδυνον
1351 3510 1641 3581 ὑπομεῖναι
1699 3513 1872 3580 δόξαι,

289 3597 432 3666 μηδὲ
456 3599 553 3665 τὴν
596 3599 924 3668 Ἐκκλησίαν
963 3602 1207 3674 μεγάλην
1253 3603 1352 3674 τὴν
1396 3604 1482 3672 ἐφ’
1516 3606 1695 3677 ἐαυτῷ
1743 3624 1876 3661 κατ-

286 3691 496 3758 ήφειαν
529 3691 880 3764 προξενῆσαι.
915 3694 1192 3764 ’Δσφαλὴς
1235 3696 1366 3765 γοῦν
1399 3699 1480 3762 είς
1517 3697 1750 3768 δύναμιν
1782 3694 1872 3770 ἦν,

285 3784 369 3846 ὡς
395 3782 555 3836 τοῦτο
589 3784 682 3837 καὶ
709 3785 802 3838 τοῦ
841 3787 1050 3856 Κυρίου
1085 3789 1451 3859 πεποιηκότος
1479 3807 1536 3843 τε
1568 3791 1662 3843 καὶ
1695 3790 1874 3844 διαλε-

290 3875 553 3946 ξαμένου,
595 3875 689 3928 καὶ
738 3875 851 3929 τῶν
892 3877 1059 3931 αὐτοῦ
1104 3878 1365 3951 μαθητῶν
1403 3881 1622 3950 ὁμοίως.
1671 3881 1783 3935 Καὶ
1809 3881 1872 3952 δὴ

284 3965 394 4035 τῆς
420 3966 629 4031 πόλεως
662 3967 942 4032 ὑπεκστὰς
969 3971 1056 4022 ἐπ’
1086 3969 1257 4040 ἀγροῦ
1281 3989 1426 4036 τινος
1461 3972 1678 4044 ὑπῆρχε
1706 3990 1874 4027 κατα.

285 4058 692 4132 κρυπτόμενος.
727 4060 1076 4132 Παγκράτιος
1115 4061 1172 4114 δέ
1203 4079 1287 4126 τις
1327 4065 1426 4132 τῆς
1459 4065 1629 4134 αὐτῆς
1672 4065 1876 4120 Ἀντιοο

284 4150 467 4220 χείας,
496 4151 598 4221 τὴν
639 4152 740 4222 μὲν
769 4153 864 4206 τοῦ
889 4153 1263 4224 πρεσϐυτέρου
1295 4157 1461 4226 τιμὴν
1498 4156 1658 4228 ἔχων,
1692 4157 1791 4222 τῆς
1817 4158 1874 4213 δὲ

285 4241 587 4296 Σαϐελλίου
605 4244 886 4316 ὑποφρονή
897 4261 1062 4314 μασιν
1089 4245 1552 4317 ὑπενηνεγμένος,
1584 4250 1650 4303 ὲκ
1674 4250 1872 4304 πολλοῦ

283 4337 359 4404 τῇ
397 4333 493 4388 τοῦ
524 4335 717 4407 ἀνδρὸς
754 4336 878 4407 δόξῃ
897 4336 1323 4406 διαϐασκαίνων,
1345 4340 1676 4412 προδίδωσιν
1710 4344 1872 4398 αὐτὸν

282 4429 408 4489 τοῖς
441 4424 830 4496 ἀναζητοῦσιν.

366 4524 439 4584 ς’.
469 4517 580 4571 Καὶ
613 4519 642 4572 ὁ
675 4519 774 4589 μὲν
806 4521 897 4574 ἐπὶ
927 4521 1027 4592 τὴν
1060 4521 1434 4594 Νικομήδειαν
1465 4526 1653 4596 ἥγειτο
1681 4526 1874 4598 τεθνη-

2057 2581 2112 2635 5.
2165 2578 2301 2635 Cum
2342 2577 2546 2632 autem
2582 2573 2941 2630 Maximianus
2968 2573 3265 2644 imperator
3326 2571 3591 2626 maxima-

1981 2670 2212 2740 quadam
2252 2669 2402 2722 rabie
2431 2676 2576 2722 esset
2628 2667 2868 2737 percitus
2905 2663 3165 2719 adversus
3219 2661 3420 2718 Christi
3456 2660 3561 2717 Ec-

1981 2759 2225 2822 clesiam,
2269 2765 2665 2824 conareturque
2712 2753 3084 2810 Christianum
3137 2766 3330 2808 nomen
3379 2750 3561 2807 delere

1979 2863 2042 2904 ex
2078 2846 2409 2910 hominibus,
2444 2859 2540 2898 eos
2571 2843 2662 2914 qui
2711 2851 2872 2897 erant
2904 2841 3100 2898 summi
3153 2841 3296 2896 inter
3347 2855 3559 2906 omnes,

1981 2937 2297 3008 longissime
2330 2949 2610 2990 removere
2639 2934 2889 2998 studens,
2919 2932 2985 2988 de
3009 2930 3103 2988 illo
3137 2930 3350 3000 quidem
3385 2929 3557 2995 audit,

1980 3041 2039 3087 ut
2059 3032 2126 3087 de
2152 3027 2258 3100 quo
2285 3045 2478 3100 magna
2505 3026 2646 3083 fama
2667 3027 2992 3099 pervaderet
3031 3026 3085 3081 in
3121 3040 3314 3081 omnes
3337 3033 3554 3092 partes:

1980 3139 2234 3195 magnum
2296 3136 2426 3177 vero
2466 3137 2592 3178 eum
2651 3121 2877 3176 incessit
2935 3118 3261 3174 desiderium
3318 3115 3466 3171 illum
3503 3115 3557 3170 in

1979 3229 2129 3268 suam
2161 3212 2437 3283 redigendi
2480 3219 2824 3281 potestatem.
2884 3208 3045 3264 Mittit
3089 3209 3255 3278 igitur
3310 3206 3402 3276 qui
3435 3221 3556 3274 eum

1978 3307 2517 3377 comprehenderent.
2540 3305 2636 3362 Ille
2664 3321 2790 3361 vero
2837 3320 2959 3359 cum
3007 3303 3058 3358 id
3089 3303 3417 3367 rescivisset,
3451 3315 3556 3356 non

1976 3414 2034 3455 se
2066 3416 2160 3455 sua
2194 3407 2384 3470 sponte
2431 3399 2664 3469 conjecit
2695 3399 2746 3452 in
2777 3397 3099 3466 periculum,
3133 3397 3226 3450 sed
3269 3394 3559 3465 diligenter

1974 3491 2218 3556 cavebat,
2252 3499 2514 3559 quantum
2537 3489 2589 3542 in
2617 3502 2681 3543 eo
2713 3487 2878 3543 situm
2910 3479 3046 3549 erat,
3085 3501 3150 3540 ne
3181 3486 3454 3541 videretur
3483 3495 3560 3540 te-

1976 3598 2126 3639 mere
2180 3585 2330 3638 adire
2390 3581 2649 3652 pericula,
2709 3596 2888 3651 neque
2933 3579 3193 3635 Ecclesiae
3245 3589 3469 3648 prepter
3500 3591 3558 3630 se

1977 3690 2224 3745 magnam
2261 3672 2455 3728 atferre
2486 3673 2786 3729 tristitiam.
2850 3671 2966 3728 Sibi
3026 3685 3157 3740 ergo
3191 3669 3415 3725 cavebat
3460 3683 3557 3738 pro

1977 3767 2204 3831 viribus,
2240 3772 2424 3834 utpote
2457 3763 2598 3832 quod
2663 3764 2765 3818 hoc
2821 3777 3038 3832 quoque
3078 3760 3342 3816 Dominus
3393 3759 3552 3815 fecis-

1977 3865 2080 3918 set,
2103 3866 2156 3911 et
2184 3855 2428 3918 dixisset,
2462 3863 2516 3908 et
2556 3854 2675 3924 ejus
2737 3852 2986 3922 discipuli
3019 3851 3294 3907 similiter.
3332 3852 3374 3906 Ε
3415 3851 3548 3906 civi-

1979 3953 2088 4000 tate
2123 3947 2305 4015 itaque
2335 3947 2629 4009 excedens,
2664 3946 2718 3999 in
2752 3959 2882 4014 agro
2905 3943 3138 4013 quodam
3168 3943 3392 3998 latebat.
3417 3942 3553 3996 Pan—

1978 4040 2181 4096 cratius
2211 4050 2391 4096 autem
2427 4040 2648 4110 quidam
2695 4039 3093 4102 Antinchenus,
3121 4039 3214 4109 qui
3257 4037 3560 4110 presbyteri

1977 4131 2192 4200 quidem
2237 4140 2360 4185 erat
2388 4130 2652 4186 honorem
2687 4141 2998 4196 assecutus,
3033 4130 3172 4185 idem
3202 4144 3333 4185 vero
3355 4129 3558 4186 sentie-

1976 4229 2069 4277 bat
2105 4220 2247 4292 quod
2281 4221 2550 4277 Sabellius
2596 4221 2694 4291 (5),
2723 4221 2836 4290 jam
2867 4221 2961 4277 diu
3013 4229 3141 4278 ante
3171 4220 3316 4283 illius
3362 4220 3571 4292 glorias.

1976 4312 2243 4379 invidens,
2265 4313 2439 4384 ipsum
2473 4315 2654 4384 prodit
2676 4313 2742 4369 iis
2767 4313 2858 4384 qui
2891 4315 3259 4385 quaerebam.

2047 4552 2101 4596 ο.
2129 4540 2193 4595 Ει
2226 4541 2313 4597 ille
2342 4541 2560 4612 quidem
2589 4541 2962 4597 Nicomediam
2995 4541 3296 4600 ducebatur
3329 4542 3586 4595 moritu--

287 4609 547 4680 ξόμενοςο
591 4613 711 4664 ἐκεῖ
743 4612 843 4682 μὲν
887 4614 996 4684 γὰρ
1023 4615 1051 4668 ὁ
1095 4615 1441 4686 Μαξιμιανὺς
1481 4613 1570 4687 ἦν,
1591 4617 1760 4679 πολὺς
1809 4618 1868 4672 δὲ

1985 4650 2095 4690 rus.
2124 4635 2241 4690 Illic
2271 4635 2415 4690 enim
2467 4644 2583 4690 erat
2633 4633 3016 4702 Maximianus,
3063 4633 3154 4704 qui
3210 4647 3458 4704 magnam
3504 4643 3559 4690 et

282 4701 389 4757 καὶ
415 4703 760 4767 παντοδαπὸς
790 4705 999 4774 ἐγίνετο
1025 4706 1221 4775 φθόνος
1247 4707 1355 4760 τῶν
1379 4708 1472 4763 τὸν
1505 4709 1741 4780 Χριστὸν
1773 4711 1875 4781 ἀρ-

281 4797 498 4850 νεῖσθαι
555 4795 628 4867 μη
671 4796 1030 4866 βουλομένων.
1085 4799 1195 4852 Καὶ
1240 4798 1398 4854 τοῦτο
1456 4800 1575 4871 μὲν,
1610 4801 1872 4872 Ἀνθιμον

280 4887 390 4957 τῆς
415 4887 586 4957 αὐτῆς
598 4888 727 4941 ὄντα
741 4889 1109 4960 Νικομηδείας
1122 4893 1418 4956 ἐπίσκοπος
1435 4892 1643 4946 ἀνελὼν
1663 4895 1689 4948 ὀ
1702 4892 1874 4960 Μαξι·

285 4981 484 5049 gms;
514 4981 650 5051 πυρὶ
670 4983 1056 5052 παραδέδωκεν
1087 5001 1102 5015 ο
1161 4985 1320 5039 τοῦτο
1341 4987 1396 5040 δὲ
1426 4988 1632 5059 Πέτρον
1652 4989 1743 5043 τὸν
1771 4989 1872 5061 τῆς

295 5073 715 5144 Ἀλεξανδρείας
749 5076 946 5148 ἔφορον
969 5093 983 5108 ⁸
1015 5078 1176 5131 τοῦτο
1221 5079 1300 5143 δὲ,
1355 5081 1586 5146 πολλοὺς
1627 5082 1869 5152 ἀγαθούς

278 5181 350 5216 τε
383 5163 481 5217 καὶ
516 5166 798 5232 γενναίους
849 5167 1070 5240 ἄνδρας.
1109 5169 1221 5224 Καὶ
1281 5173 1362 5234 είς
1396 5173 1622 5226 τοσοῦτο
1658 5176 1868 5246 προέϐη

278 5255 390 5324 τῆς
420 5258 514 5310 ἐπὶ
542 5259 755 5324 τούτοις
782 5259 1086 5334 ὠμότητος,
1111 5263 1250 5316 ὥστε
1284 5265 1376 5317 καὶ
1420 5266 1494 5338 μὴ
1527 5268 1734 5322 παίδων
1771 5288 1867 5341 νη-

282 5349 430 5403 πίων
465 5353 663 5423 κομιδῇ
704 5354 1007 5423 φείδεσθαι,
1055 5355 1193 5408 ἀλλὰ
1235 5355 1330 5410 καὶ
1351 5359 1549 5423 αὐτοὺς
1577 5362 1823 5432 ἀναιρεῖν
1847 5379 1862 5393 ο

357 5526 749 5610 (5)75aliellius-
795 5531 1390 5610 tollebatpersonarum
1422 5539 1472 5593 in
1521 5543 1863 5599 sanctissima

278 5597 557 5682 Trinitate
585 5601 898 5684 discrimen,
928 5597 1072 5659 unde
1104 5608 1461 5684 sequebatur,
1488 5610 1701 5668 Patrem
1725 5597 1866 5684 quo;

279 5684 391 5751 que
431 5681 770 5751 rn‘carnatum
805 5687 927 5751 esse
950 5684 1014 5751 et
1056 5691 1310 5751 passum;
1345 5681 1412 5739 ad
1451 5683 1562 5738 haec
1583 5681 1863 5740 materiam

279 5744 586 5813 ingenitam
619 5744 918 5813 asserebat.
977 5744 1110 5813 Quin
1162 5744 1332 5806 fusius
1382 5751 1545 5808 tradit
1574 5752 1866 5813 ,Baronius

279 5819 423 5884 tom.
451 5809 513 5867 ll.
543 5826 633 5867 an.
670 5811 798 5881 260,
831 5831 884 5872 n.
918 5814 977 5871 6i
1000 5809 1064 5873 ὀι
1093 5832 1211 5888 seq.
1571 5812 1595 5827 ⁵

1975 4741 2137 4781 omne
2166 4741 2334 4798 genus
2384 4725 2586 4782 easdem
2627 4723 2861 4780 faciebat
2893 4738 3105 4792 eorum,
3144 4723 3234 4794 qui
3279 4723 3557 4780 Christum

1979 4832 2084 4872 non
2123 4817 2376 4873 volebant
2405 4831 2622 4887 negare.
2675 4813 2810 4870 Nam
2850 4824 2905 4870 et
2953 4815 3272 4872 Anthimum
3323 4816 3423 4889 (6),
3465 4818 3560 4888 qui

1977 4916 2098 4962 erat
2130 4909 2418 4978 episcOpus
2451 4908 2692 4977 ejusdem
2711 4905 3424 4972 Nicomedi:e,interfectum
3449 4909 3556 4980 igni

1977 4999 2221 5065 tradidit,
2273 5008 2328 5054 et
2359 5001 2576 5055 Petrum
2628 4997 2928 5053 antistitem
2955 4997 3032 5070 (7)
3088 4997 3450 5065 Alexandriae,
3502 5011 3557 5056 et

1977 5089 2176 5145 multos
2203 5091 2337 5146 alios
2368 5091 2656 5161 praeclaros
2689 5098 2742 5144 et
2770 5087 2938 5144 fortes
2964 5089 3125 5144 viros.
3161 5088 3464 5156 Quinetiam
3489 5092 3555 5146 ad

1974 5189 2181 5235 tantam
2213 5183 2478 5250 processit
2500 5182 2784 5248 saevitiam,
2821 5189 2880 5236 ut
2912 5196 2980 5235 ne
3004 5179 3303 5239 infantibus
3335 5182 3553 5254 quidem
3600 5237 3605 5241 .

1969 5281 2237 5340 parceret,
2286 5273 2378 5326 sed
2425 5272 2570 5340 ipsos
2609 5288 2826 5344 quoque
2877 5270 3254 5342 interimeret;
3296 5274 3552 5345 quoniam

1967 5377 2066 5417 nec
2111 5372 2326 5432 poterat
2363 5367 2580 5435 quidem
2611 5367 2692 5421 eis
2720 5363 3066 5436 persuadere,
3096 5374 3154 5420 ut
3188 5375 3581 5438 gustarentea-

2056 5544 2124 5615 ’6)
2165 5545 2237 5599 De
2307 5545 2364 5601 S.
2421 5545 3432 5618 Anthimo“cpiscopo'Nicomediensi
3499 5561 3555 5604 et

1976 5624 2214 5687 martyre
2235 5630 2456 5687 agemus
2484 5617 2553 5671 27
2587 5616 2760 5687 April.

2053 5685 2129 5754 (7)
2163 5685 2429 5758 ⁸ξηξηιιιῆ
2497 5685 2851 5742 Alexandrini
2917 5687 3156 5758 episcopi
3187 5686 3358 5742 vitam
3391 5688 3550 5744 dabi-

1977 5771 2098 5812 mus
2157 5755 2229 5812 26
2263 5755 2520 5815 Novemb.
2553 5758 2645 5813 ubi
2687 5759 2752 5814 de
2787 5755 3029 5829 tempore
3084 5755 3247 5813 eazdis
3269 5759 3388 5826 ejus
3413 5775 3540 5831 age-

1976 5842 2120 5882 mus.
