3886 6504
312 432 449 519 tua
528 469 565 491 .-
1513 432 1796 495 MENSIS
1821 431 2283 494 JANUARIUS.
3472 428 3587 495 tot

314 569 441 620 quae
471 535 919 610 sacrificabantur
940 550 1301 609 daemonibus.
1343 547 1464 606 Non
1492 550 1633 605 enim
1659 562 1848 618 persna

2056 543 2147 600 ότι
2168 545 2245 618 μὴ
2273 542 2495 607 δυνατὸς
2526 538 2594 616 ἦν
2616 544 2830 600 πείθειν
2861 542 3060 608 αὐτοὺς
3082 540 3449 614 ἀπογεύεσθαι
3468 546 3586 600 τῶν

315 646 503 710 debat,
539 643 634 699 sed
681 642 1005 698 resistebant
1033 643 1211 713 pueri,
1260 652 1448 712 aperte
1496 639 1832 696 corroborati

2051 644 2114 706 ti;
2147 641 2368 708 δαίμοσι
2408 639 2713 710 θυομένων.
2744 640 2820 694 Οὐ
2850 638 2960 712 γὰρ
2988 638 3229 707 ἔπειθεν,
3259 640 3374 695 ἀλλ’
3394 642 3585 695 ἀντεῖ-

314 736 575 808 quodam,
613 733 758 806 quod
797 736 897 791 sub
944 743 1221 803 aspectum
1271 744 1460 804 aperte
1509 747 1615 788 non
1647 730 1848 785 cadeba

2051 749 2096 785 ›ν
2115 733 2164 786 oi.
2204 732 2392 795 παῖδες
2421 730 2525 784 ὑπό
2554 748 2699 794 τινος
2744 731 3018 800 ἐπιδήλως
3054 732 3292 802 ἀοράτου
3326 731 3585 802 βοηθείας

257 808 266 897 δ
315 828 542 891 auxilio,
567 828 634 882 ad
672 827 845 897 magis
875 823 1203 896 arguendam
1248 826 1577 887 daemonum,
1620 832 1677 877 et
1704 836 1791 876 eor

2051 820 2379 891 ιυρούμενοι,
2420 820 2557 892 πρὸς
2585 820 2808 891 ἔλεγχον
2841 820 3065 891 μείζονα
3108 822 3209 892 τῆς
3245 823 3355 875 τῶν
3382 821 3585 893 δαιμό-

248 896 268 948 ί
315 920 408 989 qui
458 920 540 975 eis
572 896 898 986 inserviunt,
957 935 1065 974 non
1122 918 1294 974 solum
1338 916 1767 986 improbitatem,

2053 930 2106 965 ον
2133 912 2364 966 καὶτῶν
2425 913 2636 976 τούτοις
2692 914 3162 984 ὑπηρετουμένων
3214 916 3275 968 οὑ
3314 915 3587 985 πονηρίας

313 1013 475 1068 etiam
527 1011 953 1068 imbecillitatem
992 1011 1303 1080 :siquitlem
1342 1018 1542 1078 apertae
1570 1016 1689 1062 erat
1730 1005 1847 1060 ἱιιιὺι

2053 1003 2103 1073 5η
2152 1002 2334 1072 μόνον,
2377 1002 2515 1056 ἀλλὰ
2571 997 2666 1056 καὶ
2697 1000 3033 1069 ’ἀσθενείαςο
3073 1004 3234 1077 εἴπερ
3300 1007 3587 1075 ἐμφανοῦς

314 1102 582 1167 cillitatis,
613 1117 721 1158 non
756 1116 915 1173 posse
962 1101 1173 1157 firmam
1206 1116 1270 1156 ac
1301 1100 1535 1155 validam
1578 1112 1730 1153 suam
1769 1097 1848 1151 red

2054 1093 2284 1157 τθενείας
2310 1090 2379 1167 ἦν
2400 1094 2462 1148 τὸ
2489 1095 2565 1166 μὴ
2608 1095 2871 1150 δύνασθαι
2914 1097 3144 1169 κυρείαν
3177 1097 3445 1162 ἐπιδεῖξαι
3478 1101 3588 1171 τὴν

313 1192 444 1247 dere
468 1192 816 1259 sententiam,
841 1191 1078 1246 maxime
1125 1206 1248 1246 cum
1293 1189 1479 1246 omnia
1519 1194 1803 1256 cuperent,
1842 1206 1847 1234 ‹

2050 1187 2209 1240 ιυτῶν
2235 1186 2463 1259 γνώμην
2506 1188 2683 1243 πάντα
2727 1189 3235 1261 προθυμουμένους.
3281 1191 3456 1253 ἄλλως
3493 1209 3584 1260 τε,

312 1284 498 1339 omnia
525 1285 919 1354 experirentur.
948 1283 1073 1338 Fuit
1095 1293 1278 1339 autem
1313 1281 1608 1337 maximum
1633 1277 1846 1334 auxiliut

2052 1279 2094 1332 ti.
2122 1281 2256 1333 πᾶσι
2286 1279 2386 1352 τὴν
2423 1284 2619 1353 πεῖραν
2667 1282 3048 1352 προσάγοντας
3069 1299 3084 1313 ο
3119 1282 3215 1337 καὶ
3254 1283 3355 1353 μὲν
3382 1284 3445 1353 δὴ
3478 1283 3586 1351 καὶ

313 1376 406 1445 iis,
440 1378 532 1447 qui
553 1378 896 1434 considerate
930 1387 984 1432 et
1009 1391 1076 1432 ex
1097 1376 1309 1446 judicio
1355 1372 1729 1436 decertabant,
1762 1386 1847 1440 put

2052 1371 2257 1442 ›ήθημα
2291 1372 2548 1444 μέγιστον
2580 1374 2792 1442 ἐγίνετο
2820 1376 2935 1438 τοῖς
2953 1374 3305 1445 ἐπιλογισμοῦ
3330 1376 3425 1429 καὶ⁵
3454 1375 3586 1447 κρί-

313 1482 499 1523 rorum
531 1468 599 1521 ad
635 1476 862 1523 mortem
891 1480 1062 1535 usque
1107 1465 1370 1521 fortitudo
1395 1474 1449 1519 et
1477 1461 1804 1529 constantia,
1837 1477 1847 1515 ι

2054 1481 2139 1527 ;ως
2169 1465 2653 1538 ἀγωνιζομένοιςὴ
2673 1465 2785 1520 τῶν
2815 1466 3022 1521 παίδων
3039 1467 3166 1537 ἄχρι
3188 1466 3420 1521 θανάτου
3441 1484 3588 1539 καρ-

280 1527 405 1629 ’ῳιί
431 1559 842 1625 erubescerent,
880 1558 924 1615 si
955 1567 1309 1615 cernerentur
1353 1556 1536 1626 pueris
1582 1554 1814 1609 inferior

2091 1556 2155 1609 ιία
2180 1527 2274 1609 καὶ
2308 1527 2592 1624 ἔνστασις,⁷
2614 1527 2673 1611 ἐν
2706 1558 2940 1631 αίσχύνῃ
2969 1527 3334 1628 ποιουμένοις,
3369 1559 3417 1611 εί
3446 1527 3625 1629 πάι-ἓ

312 1650 476 1706 rebus
507 1650 764 1720 gravibus
792 1660 847 1706 et
871 1652 1083 1720 asperis
1114 1651 1301 1716 illatis,
1328 1651 1472 1705 sicut
1521 1648 1619 1715 illi,
1668 1663 1772 1701 non
1804 1662 1846 1700 ι’(

2052 1660 2102 1698 ον
2126 1643 2340 1713 ὀφθεῖεν
2367 1646 2565 1716 ἥττους
2595 1648 2661 1718 τῇ
2688 1645 2798 1699 τῶν
2818 1646 3009 1700 δεινῶν
3027 1647 3294 1719 ἐπαγωγῇ
3326 1646 3405 1711 ὡς
3426 1648 3586 1701 ἐκεῖ-

311 1743 588 1799 sistentes.
625 1742 945 1813 Quicunque
970 1752 1151 1798 autem
1175 1758 1364 1798 rursus
1393 1742 1775 1811 frangerentur
1802 1754 1845 1808 pl

2056 1753 2079 1787 ιι
2123 1736 2199 1807 μὴ
2223 1736 2633 1809 άνθιστάμενοι.
2668 1738 2823 1792 Ὅσοι
2853 1738 2911 1792 δὲ
2942 1739 3105 1793 πάλιν
3149 1739 3289 1809 πρὸς
3314 1740 3442 1801 τοὺς
3465 1756 3590 1794 κιν-

287 1811 523 1900 ⁸ι’ἰοιιιίε,
559 1834 627 1889 iis
646 1811 938 1906 puerorum
981 1835 1360 1905 perpessiones
1390 1832 1687 1890 afi‘erebant
1708 1846 1821 1902 rept

2056 1846 2185 1892 vou;
2214 1830 2509 1884 όκλάσειαν
2542 1830 2769 1894 τούτους
2798 1832 2879 1894 είς
2910 1830 3250 1902 κατηγορίαν
3303 1831 3479 1883 ἐτέλει
3508 1829 3590 1885 τὰ

313 1924 652 1989 bensionem,
678 1927 823 1995 quod
856 1942 969 1982 non
1011 1936 1120 1981 tam
1156 1937 1378 1997 propter
1417 1926 1686 1980 malorum
1716 1939 1843 1994 grav

2056 1919 2106 1973 iw
2138 1921 2348 1976 παίδων
2394 1922 2716 1993 παθήματα,
2747 1922 2823 1987 ὼς
2865 1924 2991 1995 οὐχὶ
3031 1899 3297 1995 βαρύτητι
3331 1922 3442 1976 τῶν
3471 1922 3590 1976 δει⁴

313 2023 505 2078 tatem,
536 2028 696 2084 quam
733 2022 955 2084 propter
1007 2016 1173 2070 animi
1214 2015 1518 2080 mollitiem,
1576 2030 1672 2070 eos
1727 2014 1847 2068 τίεις

2048 2012 2105 2064 ὒν
2133 2013 2357 2082 μᾶλλον,
2388 2013 2422 2086 ἢ
2457 2014 2789 2085 χαλαρότητι
2836 2014 3116 2084 λογισμῶν
3167 2014 3408 2080 οἰκείων,
3474 2012 3582 2086 τὴν

311 2104 479 2173 fuisse
502 2114 814 2175 appareret.
840 2105 933 2162 Sic
956 2107 1093 2162 nihil
1120 2118 1345 2174 temere,
1388 2123 1487 2163 nec
1525 2108 1731 2177 absque
1757 2122 1845 2178 opt

2054 2122 2165 2159 ιταν
2194 2106 2680 2178 ὑπομεμενηκότες
2727 2106 3049 2179 φανείησαν.
3084 2106 3275 2172 Οὕτως
3316 2107 3470 2160 οὐδὲν
3508 2108 3588 2160 εί-

312 2212 399 2252 ma
434 2199 647 2254 ratione
679 2213 853 2267 neque
882 2208 987 2265 est,
1042 2215 1220 2270 neque
1266 2200 1389 2266 fuit,
1436 2214 1612 2269 neque
1658 2214 1836 2268 unqua

2051 2199 2152 2251 ιῖον
2177 2198 2301 2252 οὐδὲ
2331 2198 2494 2266 λόγου
2515 2198 2612 2253 τοῦ
2645 2198 2941 2270 κρατίστου
2972 2200 3140 2272 χωρὶς
3169 2197 3298 2253 οὔτε
3325 2194 3415 2270 ἦν,
3450 2197 3585 2253 οὔτε

310 2289 478 2345 fuerit
527 2305 717 2345 eorum
749 2306 870 2360 quae
898 2307 930 2346 a
983 2291 1091 2348 Deo
1122 2293 1498 2348 conceduntur
1526 2301 1582 2347 et
1626 2291 1743 2361 ejus
1774 2306 1844 2359 pri

2052 2307 2166 2355 :cw,
2195 2289 2320 2343 οὔτε
2351 2295 2563 2362 μήποτε
2607 2292 2838 2363 γένηται
2880 2292 2990 2346 τῶν
3035 2291 3142 2347 ὑπὸ
3182 2290 3318 2345 Θεοῦ
3357 2276 3453 2344 καὶ
3478 2292 3586 2362 τῆς

309 2382 550 2439 videntia
606 2402 620 2440 :
672 2386 942 2453 quomodo
978 2394 1108 2441 tunc
1158 2386 1323 2440 multa
1375 2385 1594 2455 quidem
1642 2385 1789 2438 varia
1841 2412 1843 2427 ι

2054 2378 2168 2432 ιτοῦ
2190 2382 2450 2453 προνοίας
2476 2383 2950 2455 συγχωρουμένων
2971 2399 2985 2415 ο
3005 2382 3196 2455 ὥσπερ
3225 2378 3318 2436 οὖν
3346 2383 3439 2436 καὶ
3452 2382 3588 2437 τότα

312 2474 630 2545 multiplicia
665 2486 967 2532 evenerunt
989 2477 1042 2533 in
1073 2479 1274 2549 pueris.
1317 2478 1397 2532 Ex
1424 2478 1623 2549 quibus
1644 2476 1846 2533 omnibt

2050 2478 2215 2533 δικίλα
2240 2480 2341 2550 μὲν
2367 2481 2463 2534 καὶ
2484 2480 2621 2535 ἄλλα
2646 2481 2775 2552 περὶ
2794 2480 2923 2544 τοὺς
2943 2480 3139 2543 παῖδας
3156 2478 3366 2547 ἐγίνετο
3383 2477 3532 2549 πάθη
3561 2492 3584 2514 ο

313 2584 478 2623 unum
495 2570 746 2637 narrabo,
772 2572 915 2642 quod
942 2580 1027 2627 est
1061 2572 1296 2627 maxime
1331 2573 1551 2643 dignum
1581 2580 1641 2627 ut
1673 2570 1847 2626 mande

2045 2585 2055 2618 ρ
2091 2567 2168 2635 δὲ,
2192 2569 2222 2623 ὃ
2252 2571 2347 2624 καὶ
2373 2570 2596 2642 μνήμης
2625 2570 2741 2624 ἔστι
2766 2570 3002 2641 μάλιστα
3024 2569 3196 2637 ἄξιον,
3218 2568 3579 2641 διηγήσομαι.

314 2674 400 2717 tur
426 2664 722 2720 memoriae.
751 2662 843 2718 Sic
867 2665 1012 2719 enim
1032 2664 1197 2719 habet
1228 2683 1242 2720 :

916 2665 1012 2719 tim
1032 2664 1197 2719 habet
1228 2683 1242 2720 :
1998 2661 2155 2733 Ἔχει
2189 2662 2299 2732 γὰρ
2328 2658 2450 2720 ὦδε.

384 2755 436 2811 7.
465 2755 825 2812 Maximianus
864 2773 986 2813 cum
1018 2759 1153 2814 duos
1178 2758 1439 2828 quosdam
1468 2773 1666 2830 pueros
1695 2773 1894 2830 genere

2066 2755 2132 2823 ς’.
2167 2756 2226 2809 Ὅ
2254 2753 2597 2824 Μαξιμιανὸς
2623 2753 2718 2808 δύο
2765 2754 2921 2818 τινάς
2960 2753 3159 2818 παῖδας
3206 2752 3471 2822 ἀδελφοὺς
3509 2751 3582 2805 τδ

307 2845 529 2913 fratres,
560 2847 755 2902 illustri
780 2848 898 2904 loco
925 2858 1105 2915 natos,
1127 2850 1693 2917 curassetsisteudos;
1719 2849 1841 2918 prin

2046 2852 2173 2918 ἑνος,
2201 2849 2312 2903 τῶν
2363 2848 2634 2920 λαμπρῶν
2680 2848 3019 2919 γενομένων,
3048 2847 3580 2919 παραστησάμενος.

306 2935 526 3003 quidem
541 2938 841 2992 conabatur
864 2953 960 2995 eos
981 2939 1301 3010 quibusdam
1317 2939 1601 3009 promissis
1623 2939 1802 2995 inesca
1813 2955 1840 2992 rt

2046 2948 2062 2997 ι
2089 2942 2284 3013 πρῶτα
2322 2941 2424 3012 μὲν
2450 2940 2780 3013 ὑποσχέσεσι
2802 2958 2948 2996 τισιν
2969 2942 3246 3013 ἐπεχείρει
3274 2940 3580 3006 δελεάζειν,

307 3025 507 3090 quibus
575 3025 925 3081 existimabat
990 3041 1188 3096 pueros
1256 3029 1495 3083 maxime
1537 3029 1841 3085 illiciendos

2053 3054 2110 3102 ας
2148 3035 2285 3108 ᾤετο
2337 3034 2530 3089 παισὶν
2584 3036 2668 3088 ὅτι
2710 3034 2950 3107 μάλιστα
2994 3031 3324 3106 γενήσεσθαι
3359 3033 3587 3099 ἐπαγω-

307 3122 494 3182 postea
522 3114 685 3179 jussit
702 3116 780 3170 eis
802 3115 985 3171 all‘erri
1008 3132 1073 3172 ex
1092 3117 1185 3182 iis,
1212 3133 1335 3188 qua:
1354 3128 1512 3175 erant
1526 3120 1668 3190 apud
1694 3121 1841 3189 ipsun

2050 3128 2262 3192 ιτάταςυ
2302 3126 2397 3182 καὶ
2436 3126 2771 3198 προσφέρειν
2807 3124 3058 3180 ἐκέλευεν
3088 3125 3272 3188 αὐτοῖς
3302 3124 3411 3177 τῶν
3443 3121 3584 3194 παρ’

307 3203 619 3270 sacrificiis,
651 3216 704 3260 et
731 3221 854 3276 quae
883 3207 1191 3265 videntibus
1243 3210 1426 3279 pueris
1465 3211 1841 3267 sacrificavera

2052 3220 2147 3292 mp
2175 3219 2454 3291 θυμάτων,
2492 3214 2567 3273 ὧν
2598 3220 2684 3272 ἐπ’
2719 3217 3020 3289 ὀφθαλμοῖς
3039 3216 3150 3270 τῶν
3175 3215 3380 3270 παίδων
3404 3213 3586 3278 θύσας

309 3304 447 3351 utet
471 3305 779 3367 gustarent,
813 3309 868 3355 et
925 3300 1090 3355 nullis
1147 3302 1307 3358 malis
1348 3303 1723 3361 afficerentur.
1781 3305 1843 3361 lll

2052 3330 2090 3377 ν,
2131 3312 2217 3381 ἐφ’
2250 3304 2356 3379 ᾧτε
2383 3309 2824 3379 ἀπογεύσασθαι,
2859 3309 2955 3363 καὶ
2983 3306 3171 3362 κακῶν
3203 3305 3435 3367 ἀπαθεῖς
3458 3306 3586 3376 μεῖ-

308 3395 489 3442 autem
525 3391 924 3459 aversantibus,
945 3402 1002 3448 et
1038 3392 1379 3462 defleutihus,
1411 3406 1467 3452 et
1502 3405 1560 3452 ut
1617 3409 1841 3467 p0teran

2049 3421 2111 3458 ιι.
2144 3403 2267 3457 Τῶν
2304 3403 2361 3457 δὲ
2399 3403 2899 3473 ἀποστρεφομένων
2936 3417 2997 3455 τε
3025 3400 3121 3455 καὶ
3147 3398 3583 3461 ἀνακλαιόντων,

304 3477 491 3552 lingua
536 3482 618 3537 eis
675 3483 1009 3541 balbutiente
1067 3486 1396 3553 dicentibus,
1448 3489 1593 3558 quod
1666 3507 1774 3545 nott
1816 3507 1838 3547 s

2050 3498 2095 3551 xi.
2124 3497 2200 3560 ὡς
2220 3496 2484 3569 ἠδύναντο
2509 3495 2828 3567 φασκόντων
2861 3494 2962 3563 τῆς
2990 3491 3246 3562 γλώσσης
3279 3492 3464 3553 αὐτοῖς
3492 3488 3584 3543 ἔτι

304 3571 623 3631 didicissent
658 3589 688 3629 a
723 3575 1061 3644 parentibus,
1083 3579 1180 3633 sed
1206 3577 1345 3633 alius
1380 3587 1524 3634 esset
1544 3583 1757 3648 modus,
1788 3598 1838 3652 qt

2052 3588 2417 3660 ελλιζομένης,
2468 3589 2563 3641 καὶ
2596 3588 2679 3640 ὅτι
2708 3587 2806 3656 οὺχ
2832 3585 3006 3648 οὕτως
3034 3584 3186 3655 παρὰ
3225 3587 3338 3648 τοῖς
3363 3582 3586 3637 ἑαυτῶν

303 3666 343 3721 ii
369 3669 692 3734 utebantur;
753 3668 991 3726 minatus
1045 3681 1152 3737 est,
1204 3673 1272 3726 ab
1307 3674 1382 3725 ira
1439 3684 1700 3739 mutatus,
1761 3692 1831 3743 qu

2050 3682 2273 3752 ιτράσιν
2305 3679 2692 3751 μεμαθηκότες
2720 3679 2933 3749 εἴησαν,
2961 3678 3077 3732 ἀλλ’
3111 3677 3299 3749 ἔτερος
3338 3677 3421 3744 εἴη
3446 3675 3584 3747 τρό-

301 3753 468 3809 etiam
501 3757 666 3811 variis
710 3772 805 3811 eos
835 3756 1012 3813 all‘ecit
1042 3760 1380 3815 verberibus.
1421 3760 1555 3817 Cum
1592 3778 1720 3818 vero
1745 3780 1835 3834 pur

2051 3775 2148 3838 >ς’ό
2172 3773 2303 3844 παρ’
2333 3773 2567 3836 ἐκείνοις
2600 3771 2949 3842 τελούμενος,
2985 3769 3204 3840 ἠπείλει
3239 3766 3585 3840 μεταϐαλλό-

304 3845 522 3899 fortiter
561 3846 901 3913 resisterent,
949 3857 1004 3903 et
1066 3849 1214 3902 nullo
1266 3851 1424 3904 modo
1467 3853 1742 3918 cederent,
1798 3869 1838 3908 ε‹

2050 3882 2161 3930 ενος
2190 3861 2369 3931 αὖθις,
2406 3866 2503 3919 καὶ
2526 3864 2591 3936 δὴ
2638 3864 2734 3917 καὶ
2779 3862 3280 3935 προσῆγεναύτοῖς
3323 3859 3584 3925 ποικίλας

306 3937 497 4006 utique
519 3936 699 3990 divina
726 3939 1018 3994 roboraute
1032 3939 1235 3996 virtute
1268 3957 1283 4006 ;
1310 3942 1526 4010 quidam
1549 3958 1579 3998 e
1608 3947 1834 4014 sophiin

2049 3958 2202 4021 ἱκίας.
2243 3952 2333 4020 Ὠς
2364 3956 2420 4009 δὲ
2448 3957 2541 4009 καὶ
2577 3955 2713 4025 πρὸς
2756 3953 2961 4018 ταύτας
2988 3954 3038 4008 oi
3067 3953 3253 4017 παῖδες
3285 3951 3583 4023 ἀπομαχό-

307 4031 400 4098 qui
456 4029 568 4085 illic
596 4032 790 4086 aderat
838 4031 1000 4087 simul
1049 4048 1171 4088 cum
1208 4034 1558 4106 imperatore,
1593 4048 1647 4093 et
1677 4042 1743 4094 ad
1781 4042 1841 4095 ita

2050 4068 2152 4105 ενοι
2194 4050 2431 4116 ἵσταντο,
2478 4050 2574 4103 καὶ
2617 4048 2870 4117 οὐδαμῶς
2924 4045 3231 4101 ἐνεδίδοσαν
3275 4046 3373 4114 τῆς
3421 4044 3584 4110 θείας

304 4140 430 4181 eum
467 4126 703 4181 maxime
729 4127 993 4184 incitabat
1044 4138 1100 4183 et
1136 4130 1457 4196 inducebat,
1514 4132 1785 4202 pollicitus
1811 4151 1838 4190 e

2049 4141 2190 4204 ltob;
2211 4140 2384 4210 δήπου
2418 4138 2765 4209 ρωννυούσης
2793 4138 3083 4207 δυνάμεως
3107 4153 3121 4167 ·
3152 4137 3263 4192 τῶν
3299 4136 3383 4199 τὶς
3417 4153 3583 4205 σοφιο

306 4235 367 4275 se
384 4219 567 4275 statim
598 4219 919 4275 eﬂ'ecturum
955 4230 1013 4277 ut
1045 4222 1147 4292 ipsi
1177 4224 1549 4282 comederent.
1584 4225 1833 4282 Ridicqu

2051 4233 2138 4288 τῶν
2168 4232 2339 4287 ἐκεῖθι
2374 4232 2451 4303 τῷ
2507 4232 2719 4303 βασιλεῖ
2778 4228 2971 4302 παρὼν
3000 4231 3028 4283 ό
3056 4228 3195 4301 πρὸς
3243 4227 3311 4283 τὰ
3348 4229 3585 4284 τοιαῦτα

306 4313 451 4368 enim
487 4304 608 4369 esse
636 4313 873 4379 dicebat,
913 4313 1014 4369 sia
1040 4315 1227 4385 pueris
1269 4316 1446 4371 adhuc
1470 4317 1840 4373 balbutientth

2055 4324 2241 4378 ξλιστα
2266 4323 2571 4395 παρορμῶν
2604 4339 2664 4375 τε
2716 4323 2810 4376 καὶ
2842 4321 3246 4392 ὑφηγούμενος,
3278 4320 3440 4384 αὐτὸς
3473 4321 3589 4375 ὐπ-

307 4405 626 4460 viderentur
650 4404 897 4476 superari
928 4403 1297 4462 Romanorum
1342 4407 1725 4476 imperatores.
1761 4408 1836 4463 Ta

2056 4437 2129 4490 ’τη
2167 4418 2621 4490 παρασκευάσειν
2649 4415 2848 4479 αὐτοὺς
2880 4414 3081 4468 αὐτίκα
3110 4413 3419 4486 βρώσεσθαι
3439 4432 3590 4467 παν-

304 4498 434 4566 quid
457 4512 586 4568 ergo
641 4498 986 4553 machinatur
1018 4513 1032 4551 :
1069 4513 1191 4553 cum
1222 4498 1417 4569 sinapii
1450 4504 1737 4571 quamdam
1763 4518 1838 4557 act

2054 4530 2087 4578 ις
2121 4510 2215 4566 τοῦ
2274 4511 2762 4582 προσφερομένου·
2803 4507 3212 4576 καταγέλαστον
3264 4507 3373 4578 γὰρ
3434 4503 3588 4562 εἷναι

308 4591 575 4669 tissimam
604 4598 659 4645 et
686 4591 918 4655 toleratu
951 4590 1328 4653 difficillimam
1364 4594 1728 4664 excogitasset
1755 4611 1842 4651 cor

2054 4606 2205 4659 ιιίδων
2230 4604 2309 4658 ἔτι
2349 4601 2759 4675 ψελλιζομὲνων
2796 4604 3020 4670 φανεῖεν
3070 4601 3122 4655 oi
3160 4599 3450 4671 Ῥωμαίων
3480 4599 3588 4669 βα-

299 4683 616 4750 fectionem,
646 4697 832 4747 eorum
873 4683 1093 4753 quidem
1143 4696 1306 4755 caput
1332 4686 1456 4756 pilis
1487 4687 1709 4742 nudavit
1734 4706 1748 4756 ;
1771 4703 1833 4743 cu

2051 4698 2167 4760 ,λεῖς
2204 4695 2402 4767 ἥττους
2438 4693 2742 4762 γενόμενοι.
2773 4691 3102 4761 Μηχανᾶται
3129 4690 3309 4743 τοίνυν
3337 4690 3544 4743 τοιόνδε
3568 4708 3585 4723 ·

302 4786 485 4837 autem
542 4776 923 4833 medicamenti
997 4777 1088 4843 id,
1127 4778 1268 4845 quod
1301 4786 1421 4833 erat
1469 4780 1836 4837 crassissimur

2054 4790 2203 4849 ιπυος
2242 4785 2364 4840 τινὰ
2411 4785 2611 4854 σκευὴν
2667 4782 2935 4855 ὀξυτάτην
2991 4782 3088 4835 καὶ
3135 4782 3588 4854 δυσκαρτέρητον

303 4869 578 4936 illivisset,
611 4878 671 4924 ut
693 4884 759 4925 ex
791 4870 998 4940 majore
1033 4871 1287 4934 materia,
1324 4872 1601 4941 repentina
1633 4881 1687 4927 et
1722 4875 1837 4944 ιητι]‹

2052 4880 2314 4949 ιινοήσας,
2350 4875 2583 4944 ἐψίλωσε
2622 4876 2720 4946 μὲν
2782 4875 2964 4938 αὐτοῖς
3013 4874 3113 4937 τὰς
3169 4857 3418 4944 κεφαλὰς
3466 4875 3586 4928 τῶν

302 4963 466 5021 simul
522 4963 693 5018 virtus
733 4962 1056 5032 profundum
1093 4974 1431 5033 penetraret,
1469 4965 1522 5019 in
1554 4966 1675 5031 igne
1699 4982 1836 5022 act-et

2053 4967 2200 5039 ιιχῶν
2226 4984 2241 4999 ο
2272 4967 2426 5020 τοῦδε
2465 4966 2759 5036 φαρμάκου
2796 4964 3113 5035 παχύτατον
3143 4965 3476 5030 ἐπιπλάσας,
3508 4964 3587 5017 ἵν’

300 5071 421 5112 sum
454 5070 549 5109 eos
573 5055 752 5113 iutulit
782 5054 1057 5117 balneum,
1082 5054 1194 5111 Hoc
1220 5058 1270 5109 iu
1294 5056 1413 5111 loco
1439 5056 1612 5126 pueri,
1638 5072 1757 5111 cum
1795 5072 1834 5110 ν‹

2052 5078 2059 5113 :
2091 5058 2338 5122 πλείονος
2367 5059 2464 5127 τῆς
2502 5057 2632 5127 ὕλης
2684 5057 2857 5127 ἀθρόα
2902 5058 2998 5111 καὶ
3047 5056 3251 5111 πλείων
3279 5059 3312 5127 ἠ
3342 5056 3586 5126 δύναμις

305 5149 408 5206 luti
442 5150 675 5221 quodam
701 5148 926 5209 fulmine
972 5149 1082 5205 icta
1123 5158 1310 5207 essent
1338 5164 1525 5211 eorum
1558 5150 1755 5217 capita,
1790 5149 1839 5203 Ιιι

2058 5150 2152 5205 τοῦ
2196 5150 2395 5221 βάθους
2421 5150 2818 5220 καθαπτομένη
2843 5191 2859 5216 ,
2893 5150 2976 5213 είς
3001 5149 3333 5218 πυριφλεγὲς
3369 5148 3589 5202 εἰσεκό-

297 5246 418 5314 ipsa
480 5244 614 5299 hora
645 5241 868 5303 fuerunt
926 5242 1175 5302 inclinati
1237 5243 1304 5295 ad
1339 5242 1511 5297 solmn
1546 5256 1738 5311 usque.
1778 5239 1831 5294 Νη

2054 5262 2126 5297 res
2163 5244 2463 5316 βαλανεῖον.
2505 5242 2772 5298 Ἐνταῦθα
2810 5242 2875 5314 δὴ
2920 5242 2971 5298 οἱ
3012 5242 3205 5305 παῖδες
3256 5241 3443 5310 ὥσπερ
3469 5241 3588 5293 τινὶ

302 5335 475 5391 multo
502 5345 624 5407 post
650 5337 850 5391 cadens
876 5349 1067 5390 eorum
1086 5344 1246 5393 aetate
1269 5336 1446 5390 minor
1470 5334 1617 5405 prior
1635 5341 1718 5397 est
1742 5349 1836 5388 moi

2056 5338 2273 5409 ιηστῆρι
2297 5337 2397 5401 τὰς
2427 5335 2674 5405 κεφαλὰς
2705 5335 2995 5406 βληθέντες
3024 5334 3278 5403 αὐθωρὸν
3304 5331 3590 5401 συνεκάμ-

302 5437 450 5493 tuus,
508 5442 631 5482 cum
694 5441 800 5481 non
858 5427 1141 5497 ,potuisset
1212 5425 1471 5480 resistere
1532 5422 1828 5495 magnitudi

2055 5433 2207 5498 ιησαν
2241 5429 2436 5500 μέχρις
2461 5428 2716 5497 ἐδάφους.
2764 5430 2875 5483 Καὶ
2909 5427 3029 5499 μετ’
3054 5425 3116 5479 οὐ
3154 5425 3290 5479 πολὺ
3336 5421 3519 5477 πεσὼν
3555 5426 3589 5478 ὁ

303 5517 541 5580 ﬂatnmze
586 5534 831 5577 accensa
865 5520 918 5574 in
951 5518 1208 5577 calvaria.
1268 5516 1400 5572 Cum
1435 5525 1611 5570 autem
1644 5516 1782 5571 alter
1807 5533 1837 5566 v

2054 5517 2256 5588 ώτερος
2311 5518 2492 5571 αὐτῶν
2536 5517 2748 5585 ἔθανεν,
2777 5518 2878 5572 οὐκ
2911 5515 3186 5587 ἀντισχὼν
3221 5515 3359 5584 πρὸς
3382 5514 3443 5568 τὸ
3477 5514 3588 5583 μὲ-

303 5611 478 5667 disset
506 5610 731 5668 fratrem
757 5612 1044 5675 cecidisse.
1081 5625 1242 5683 quam
1270 5609 1504 5663 maxima
1556 5609 1730 5677 potuit
1754 5621 1837 5661 vet

2060 5609 2149 5673 θος
2178 5610 2277 5678 τῆς
2309 5609 2638 5681 ὲξαφθείσης
2662 5609 2760 5663 τοῦ
2788 5609 3016 5681 κρανίου
3041 5607 3240 5677 φλογός
3274 5623 3288 5639 ·
3308 5608 3336 5661 ό
3364 5606 3423 5659 δὲ
3458 5606 3591 5660 ἓτε-

300 5704 441 5761 bona
474 5707 636 5761 verba
666 5714 751 5761 est
797 5704 1013 5770 elfatus,
1065 5702 1251 5757 fratris
1305 5702 1585 5755 exsultans
1633 5698 1826 5753 victori

2049 5719 2085 5765 ις
2109 5701 2185 5765 ὡς
2218 5696 2325 5754 εἶδε
2378 5701 2618 5756 πεσόντα
2647 5701 2739 5755 τὸν
2783 5700 3014 5771 ἀδελφὸν
3048 5700 3408 5770 ἀνευφήμησε
3433 5700 3583 5768 ὁπη-

303 5812 535 5868 eumque
575 5798 858 5869 amplexus
892 5804 978 5852 est
1006 5805 1060 5849 et
1092 5794 1390 5859 osculatus,
1423 5803 1475 5849 et
1517 5810 1639 5849 eum
1670 5791 1837 5864 procl:

2056 5811 2143 5848 κον
2171 5793 2404 5865 ἠδύνατο
2437 5793 2695 5864 μέγιστον
2724 5796 2790 5867 τῇ
2816 5793 2910 5848 τοῦ
2936 5791 3167 5862 ἀδελφοῦ
3192 5791 3318 5865 νίκῃ
3339 5789 3590 5859 ὲπαγαλυ

301 5890 469 5953 tuat'it
526 5890 808 5963 victorem,
868 5885 1763 5969 assidueexclatnausijt‘ater
1796 5908 1832 5939 ..:

2058 5905 2238 5962 μενος,
2271 5888 2365 5945 καὶ
2394 5885 2717 5974 περιλαϐὼν
2760 5888 2922 5944 αὐτὸν
2974 5886 3171 5958 ἐφίλει,
3213 5888 3308 5941 καὶ
3347 5882 3585 5963 νικηφόο
