3886 6466
309 403 419 470 405

1604 387 1790 452 νΙΤΑ
1821 385 1885 448 S.
1929 381 2268 445 LUCIANL

3463 361 3600 428 406*

315 536 409 594 ρον
438 516 593 576 ὲδόα.
623 513 719 571 καὶ
744 513 984 585 συνεχῶς
1006 526 1022 543 ·
1047 509 1273 581 Ἀδελφέ
1308 524 1434 581 μου,
1460 505 1776 575 νενίκηκας,
1798 501 1890 555 ἔκ·
1916 546 1924 561 ι

2019 495 2196 560 'icisti,
2235 495 2408 551 donec
2441 491 2543 546 hoc
2582 488 2784 545 dictum
2824 486 3114 556 eloquens,
3155 493 3389 551 eumque
3418 491 3571 533 com-

313 610 568 684 εκράγει,
604 608 800 680 μέχρις
840 600 902 660 οὒ
935 605 1033 661 xui.
1058 598 1219 667 αὐτὸς
1250 602 1410 658 τοῦτο
1456 601 1586 664 ἔπος
1623 597 1889 667 ἐπιφθεγ-

315 705 546 774 γόμενος
580 700 729 772 αὐτῷ
750 699 845 754 καὶ
875 696 1209 766 περιπλεγνύ
1219 712 1379 767 μενος
1406 693 1501 747 καλ⁸
1524 689 1696 761 φιλῶν
1720 704 1893 759 προσ-

315 793 686 856 απέπνευσεν,
727 789 823 843 καὶ
858 788 1036 842 ἔκειτο
1074 787 1174 858 ἤδη
1220 784 1313 838 τδν
1342 781 1569 852 ἀδελφὸν
1602 778 1890 847 ὲνηγκαλι-

319 885 541 957 σμένος.
573 883 686 936 Καὶ
711 880 886 943 πάθος
927 880 1184 951 μέγιστον
1221 876 1285 946 δὴ
1305 874 1495 929 τοῦτον
1524 874 1645 927 κατ’
1682 870 1890 924 ἐκεῖνον

317 976 518 1046 συνέϐη
564 973 658 1027 τὸν
689 974 903 1046 χρόνον,
943 972 1043 1027 καὶ
1089 971 1203 1033 τοῖς
1246 967 1447 1039 ὁρῶσιν
1502 963 1892 1022 ἑλεεινότατον,

319 1069 490 1138 αὐτῆς
512 1068 685 1137 δήπου
717 1067 819 1136 τῆς
851 1064 1066 1134 ἡλικίας
1096 1064 1178 1125 εἰς
1224 1056 1406 1113 οἶκτον
1435 1057 1534 1120 τὰς
1563 1054 1672 1108 τῶν
1709 1049 1896 1106 πλειό-

317 1176 427 1212 νων
454 1158 681 1229 γνώμας
703 1155 1122 1227 ἐπισπωμένης.
1146 1152 1259 1207 Καὶ
1277 1149 1499 1212 τούτους
1522 1147 1622 1216 μὲν
1641 1146 1690 1198 oi
1722 1158 1894 1214 προσ-

319 1254 548 1320 ήκοντες
583 1249 898 1320 ἀνελόμενοι
928 1248 1025 1301 σὺν
1050 1248 1163 1309 τοῖς
1194 1243 1375 1306 ἄλλοις
1404 1238 1610 1309 ἔθαψαν
1628 1235 1786 1289 παισὶ
1808 1232 1897 1286 διά

319 1344 383 1396 τὸ
411 1343 593 1396 κοινὸν
629 1344 729 1415 τῆς
759 1342 942 1403 αἰτίας
966 1358 980 1372 ·
1004 1341 1100 1394 καὶ
1123 1337 1219 1391 νῦν
1247 1335 1396 1390 ἐστιν
1419 1331 1601 1389 αὐτῶν
1644 1331 1706 1383 τὸ
1750 1342 1896 1398 μαρο

320 1432 511 1503 τύριον
539 1432 669 1503 περὶ
702 1432 801 1504 τὴν
822 1430 1216 1501 Νικομήδειαν,
1247 1427 1359 1482 τῶν
1396 1423 1606 1497 νηπίων
1638 1418 1783 1475 οὕτω
1809 1416 1897 1489 μέ-

320 1540 416 1595 χρι
439 1524 535 1578 τοῦ
563 1525 830 1599 παρόντος
859 1523 1297 1594 ὀνομαζομένων.

1994 590 2234 661 plectens
2249 594 2304 641 et
2325 581 2728 652 osculans,jipse
2750 591 2963 648 quoque
2981 571 3283 644 exspiravit
3307 579 3361 627 et
3382 569 3575 639 iacuit,

1996 680 2221 736 fratrem
2276 676 2387 745 jam
2421 674 2565 730 ulnis
2599 682 2807 727 tenens.
2845 668 3058 725 Accidit
3106 673 3287 722 autem
3321 662 3412 718 illo
3439 669 3576 716 tem—

1996 788 2131 844 pore
2180 772 2293 826 btec
2337 767 2614 838 perpessio
2651 763 2913 827 maxima,
2963 770 3015 818 et
3058 761 3145 827 iis,
3174 757 3269 828 qui
3299 755 3577 815 videbant,

1998 863 2237 921 maxime
2267 857 2616 923 miserabilis,
2648 856 2764 925 ipsa
2804 854 3018 923 quidem
3052 860 3199 905 certe
3228 857 3389 917 aetate
3412 854 3581 900 attra-

1999 954 2163 1010 hente
2188 953 2548 1021 plurimorum
2573 949 2785 1002 animos
2813 940 3354 1002 admiscricordiam.
3394 937 3459 993 Et
3486 949 3580 992 eos

1999 1046 2218 1116 quidem
2252 1043 2288 1098 ii
2330 1042 2423 1112 qui
2454 1039 2519 1094 ad
2545 1039 2693 1110 ipsos
2734 1050 2933 1108 genere
2964 1035 3286 1099 attinebant,
3312 1045 3434 1087 cum
3462 1041 3583 1083 sus-

2002 1136 2277 1197 tulissent,
2309 1130 2637 1201 sepelierunt
2663 1142 2784 1182 cum
2807 1125 2928 1181 aliis
2956 1122 3165 1194 pueris,
3196 1128 3421 1192 propter
3445 1131 3578 1172 cau-

2000 1240 2074 1281 sae
2104 1222 2573 1297 communitatem.
2606 1218 2673 1273 Et
2701 1217 2805 1271 hoc
2827 1223 2911 1271 est
2944 1214 3261 1289 martyrium
3295 1213 3439 1268 circa
3488 1206 3582 1263 Ni-

2002 1316 2323 1377 comediam.
2351 1313 2496 1383 quod
2534 1311 2849 1367 nominatur
2903 1305 3221 1378 martyrium
3272 1302 3582 1366 infantium,
3608 1354 3633 1359 η

2012 1425 2182 1481 usque
2212 1408 2264 1463 iu
2297 1407 2612 1463 hodiernam
2636 1402 2804 1460 diem.
2890 1390 2896 1397 ’

1756 1645 1986 1709 CAPUT
2018 1643 2110 1700 Ill;

1138 1780 1406 1835 Lucianus
1443 1776 1615 1832 varios
1658 1765 1913 1827 convertit
1950 1778 1970 1816 :
2012 1757 2297 1830 conjicitur
2324 1756 2379 1809 in
2420 1765 2708 1808 carcerem.

394 1900 467 1966 η’.
512 1895 575 1951 ’0
594 1895 651 1950 δὲ
684 1895 981 1960 Λουκιανὸς
1012 1895 1200 1967 ἐπειδὴ
1242 1897 1343 1964 τῆς
1377 1885 1770 1948 Καππαδοκίας
1802 1884 1899 1936 ἒπ-

2071 1873 2129 1926 8.
2155 1870 2290 1926 Cum
2313 1875 2490 1922 autem
2523 1865 2817 1928 Lucianus,
2847 1858 2974 1916 dum
3001 1857 3312 1922 duceretur,
3350 1854 3634 1911 νιειιίεειιιυηΔ

2124 1962 2153 1967 -
2317 1959 2331 1967 ·
2407 1958 2418 1967 ·
2555 1955 2620 1967 ηι-
2745 1961 2756 1967 -
3069 1957 3131 1967 .-.
3194 1945 3446 1967 -----.ι--..
3479 1942 3587 1967 :n:__

321 1986 424 2058 ἕδη
456 1988 759 2059 φερόμενός
788 2003 930 2041 τισιν
974 1987 1232 2057 ἐντυχὼν,
1269 1981 1389 2037 ἐκεῖ
1424 1980 1532 2035 τῶν
1565 1979 1673 2040 τοῖς
1710 1974 1897 2036 ὅπλοις

325 2079 803 2151 στρατευομένων,
831 2080 1180 2151 Χριστιανοῖς
1243 2078 1340 2147 μὲν
1389 2070 1563 2137 οὖσιν,
1616 2072 1693 2132 είς
1732 2066 1898 2136 ἀρνή-

322 2187 465 2235 σεως
509 2170 568 2225 δέ
605 2188 724 2235 πως
761 2171 1009 2241 ἀνάγκην
1048 2168 1426 2240 ἀφικομένοις,
1458 2162 1774 2220 ἀνεκαλεῖτο
1800 2159 1897 2220 τὰς

320 2263 552 2333 γνώμας
574 2263 779 2329 αὐτῶν,
808 2262 1133 2325 ὑποδεικνὺς
1169 2277 1230 2315 τε
1263 2259 1359 2314 καὶ
1392 2254 1793 2327 ὑφηγούμενος,
1822 2249 1899 2313 ὡς

322 2358 689 2428 αἰσχρότατον
719 2355 784 2410 ἂν
810 2357 894 2427 εῖη
927 2355 1167 2421 πάντων,
1198 2353 1399 2425 ἄνδρας
1422 2351 1517 2405 καὶ
1542 2348 1716 2403 ταῦτα
1733 2360 1899 2413 στρα-

322 2446 530 2512 τιὼτας
559 2449 807 2517 ἀγεννεῖς
833 2446 1089 2519 ὀφθῆναι,
1113 2447 1207 2500 καὶ
1240 2446 1376 2516 πρὸς
1414 2442 1513 2513 τὴν
1539 2440 1632 2502 τοῦ
1663 2437 1899 2494 θανάτου

324 2541 525 2609 πεῖραν
554 2538 979 2610 ἀτολμωτάτους
1004 2555 1019 2569 ·
1047 2532 1120 2592 ὧν
1158 2537 1255 2591 καὶ
1290 2537 1550 2606 γυναῖκες
1588 2530 1691 2604 ἤδη
1730 2529 1899 2593 τινὲς,

329 2631 536 2701 μᾶλλον
565 2631 623 2686 δὲ
652 2633 748 2686 καὶ
796 2632 987 2695 παῖδες
1025 2630 1288 2700 γεγόνασι
1338 2624 1645 2700 κρείττονες
1663 2638 1678 2653 ·
1708 2620 1828 2685 πῶς
1854 2619 1901 2673 δ’

330 2722 399 2776 ἂν
427 2725 609 2794 ὑμεῖς,
641 2723 768 2795 ἔφη,
787 2723 883 2777 τοῦ
908 2723 1179 2794 ὲπικὴρου
1214 2719 1480 2792 βασιλέως
1511 2710 1902 2788 προκινδυνεύ-

331 2832 488 2886 σητε,
518 2817 611 2870 τὸν
633 2818 887 2887 οὐράνιον
922 2816 1157 2884 ἑτοίμως
1195 2813 1338 2867 οὕτω
1372 2808 1777 2882 προδεδωκότες
1802 2822 1818 2872 ;
1848 2804 1903 2859 τί

328 2912 389 2966 δὲ
425 2913 517 2966 καὶ
543 2913 605 2966 τὸ
641 2913 935 2984 χὺρωμαῆ
971 2911 1239 2982 φύλαγμα
1282 2910 1412 2979 ὑμῖν
1466 2908 1761 2978 γενήσεται
1794 2918 1905 2956 σω-

327 3005 558 3074 τηρίας,
588 3007 638 3058 εί
686 3008 893 3070 ἐκεῖνος
940 3006 1086 3075 ὑμᾶς
1129 3002 1331 3056 αὐτίκα
1366 2990 1656 3072 τύχῃθτῶν
1691 2994 1903 3051 ἐνθένδε

335 3096 874 3167 μεταπεμψάμενος;
904 3092 1028 3166 Ἀρ*
1060 3097 1290 3149 ἐννοεῖτε
1313 3092 1388 3157 ὡς
1416 3089 1577 3152 αὐτὸς
1606 3088 1784 3142 διέπει
1812 3086 1906 3141 καὶ

330 3188 667 3259 πρυτανεύει
691 3190 810 3243 τόδε
839 3191 901 3244 τὸ
923 3191 1066 3254 πᾶν;
1095 3189 1347 3251 κάκεῖνος
1393 3185 1508 3240 ἔστι
1545 3182 1692 3254 ζωῆς
1726 3199 1785 3235 τε
1812 3180 1906 3236 καὶ

333 3280 567 3335 θανάτου
618 3281 843 3352 κύριος;
891 3281 1079 3354 ῐίολλῷ
1129 3282 1311 3335 τοίνυν
1371 3278 1580 3350 βέλτιόν
1639 3279 1755 3330 ἔστι
1808 3274 1903 3328 τοῦ

334 3375 609 3444 παρόντος
644 3375 762 3446 βίου
793 3376 954 3445 λόγον
988 3375 1198 3430 ἐλάττω
1229 3372 1636 3444 ποιησαμένους
1654 3360 1749 3439 τῆς
1775 3365 1905 3439 παρ’

334 3468 529 3538 ἐκείνῳ
555 3471 742 3538 τυχεῖν
772 3469 1138 3539 ἀτελευτήτου
1174 3465 1600 3539 μακαριότητος,
1630 3462 1664 3535 ἢ
1695 3462 1793 3531 τῆς
1818 3462 1909 3514 ἒν·

330 3556 511 3611 ταῦθα
549 3557 695 3630 ζωῆς
722 3560 1176 3635 περισχομένους,
1207 3558 1414 3629 ταύτης
1453 3556 1510 3610 δὲ
1556 3555 1711 3608 οὐδὲν
1746 3550 1909 3625 ἦττον

332 3649 681 3721 διαμαρτεῖν,
736 3652 1029 3722 μέλλοντας
1048 3651 1178 3716 ἴσως
1209 3650 1304 3706 καὶ
1333 3650 1438 3703 ὑπὸ
1467 3646 1744 3718 πολεμίων
1772 3645 1911 3699 ταύ-

334 3762 437 3816 την
468 3745 857 3817 ἀφαιρεθῆναι,
899 3746 1160 3815 κάκείνης
1206 3760 1267 3797 τε
1306 3742 1583 3801 ἐκπεσεῖν,
1627 3740 1724 3793 καὶ
1755 3740 1912 3809 δίκην

336 3834 417 3887 ἔτι
434 3835 657 3901 διδόναι,
682 3835 1189 3908 κολασθησομένους
1209 3834 1473 3892 ἀθάνατα.
1498 3829 1733 3894 Τούτους
1766 3830 1913 3883 ἐκεῖ·

338 3945 421 3980 νοι
447 3927 734 3998 δεξάμενοι
761 3929 889 3993 τοὺς
917 3929 1132 3998 λόγους,
1164 3927 1601 3998 ὲγνωσιμάχουν,
1629 3924 1723 3977 καὶ
1780 3939 1912 3993 μετ-

338 4018 508 4089 έμελε
563 4019 747 4090 σφίσιν
791 4019 1214 4091 ἀρνησαμένοις,
1268 4018 1362 4072 καὶ
1400 4015 1557 4079 αὖθις
1579 4016 1664 4083 ἐφ’
1687 4013 1915 4077 ἑαυτοὺς

340 4112 734 4198 ἐπανελθόντες
765 4114 860 4167 καλ⁸
893 4111 1435 4183 παρῤησιασάμενοι,
1481 4108 1575 4162 τὸν
1606 4106 1747 4176 ὑπὲρ
1780 4106 1918 4175 Χρι-

342 4206 474 4257 στοῦ
508 4197 744 4259 θάνατον
777 4206 826 4258 οῖ
854 4206 1073 4268 πλείους
1099 4204 1435 4272 ὑπέστησαν,
1460 4200 1611 4264 ὄντες
1630 4199 1729 4252 οὐκ
1760 4197 1919 4251 ὲλάτ-

337 4315 471 4362 τους
504 4300 596 4351 τὸν
623 4299 856 4370 ἀριθμὸν
903 4299 1351 4369 τεσσαράκοντα’
1386 4294 1532 4357 τινες
1574 4293 1632 4347 δὲ
1689 4291 1782 4346 καὶ
1813 4290 1919 4343 πά-

345 4407 472 4454 σαις
500 4391 781 4446 κολάσεων
809 4391 979 4455 ἰδέαις
1024 4388 1593 4462 προσαγωνισάμενοι,
1642 4384 1920 4452 ὲπέζησαν

343 4483 429 4535 ἔτι
473 4482 644 4554 μηδὲν
695 4484 922 4552 ἀγεννὲς
963 4483 1101 4552 μετά
1140 4481 1239 4553 τὴν
1264 4478 1524 4550 δευτέραν
1563 4479 1758 4546 πεῖραν
1782 4475 1920 4527 ὑπο-

349 4573 752 4643 μεμενηκότες,
785 4572 922 4627 ἀλλά
950 4572 1045 4626 καὶ
1076 4571 1176 4642 τὴν
1216 4572 1490 4641 προτέραν
1514 4569 1608 4639 τῆς
1636 4568 1920 4639 ἀρνήσεως

342 4663 503 4731 δίκην
552 4667 617 4735 τῇ
679 4663 777 4719 νῦν
819 4665 961 4737 ὑπὲρ
1019 4663 1302 4727 εὐσεϐείας
1357 4660 1607 4716 ὲνστόισει
1660 4658 1918 4714 διαλυσά-

350 4771 527 4822 μενοι.

421 4842 489 4897 θ’.
536 4843 595 4898 ’Θ
626 4844 685 4898 δὲ
715 4843 1013 4908 Λουκιανὸς
1046 4845 1299 4916 πάρεργα
1330 4842 1430 4913 τῆς
1467 4840 1587 4896 όδοῦ
1619 4839 1794 4895 ταῦτα
1830 4840 1924 4894 καὶ

347 4934 576 4989 τοιαῦτα
608 4937 778 4991 πλείω
802 4937 1261 5008 διαπραξάμενος,
1306 4939 1385 5000 είς
1421 4937 1521 5006 τὴν
1548 4933 1923 5003 Νικομήδειαν

350 5027 655 5099 ἐκομίσθη·
680 5029 871 5084 τούτου
904 5030 960 5083 δὲ
990 5031 1085 5085 τοῦ
1133 5030 1328 5102 ἀνδρὸς
1363 5028 1622 5100 ὁμιληταὶ
1661 5024 1921 5095 γεγόνασι

353 5121 598 5185 πλείους,
630 5122 729 5177 καὶ
758 5124 808 5175 oi
842 5123 942 5194 μὲν
980 5123 1170 5177 αὐτόθι
1218 5122 1586 5193 συμπαρῆσαν
1615 5118 1763 5188 αὐτῷ
1786 5119 1927 5171 κατά

347 5211 453 5284 τὴν
467 5212 833 5285 Νικομήδειαν
857 5215 1246 5286 ἀγωνιζομένῳ
1275 5230 1288 5246 ’
1320 5216 1368 5267 oi
1398 5213 1454 5266 δὲ
1477 5209 1563 5265 ob-
1592 5209 1653 5276 ἐξ
1677 5203 1751 5263 ὧν
1777 5224 1925 5271 τινες

352 5306 742 5377 προσαλόντων
771 5308 964 5372 αὐτοῖς
988 5309 1100 5362 τῶν
1122 5307 1402 5378 ἑλληνίσαι
1436 5302 1804 5375 βιασαμένων,
1837 5301 1925 5354 ἐν·

351 5397 547 5452 έδοσαν
580 5401 677 5470 μὲν
705 5400 775 5455 τὰ
805 5400 1001 5471 πρῶτα
1050 5400 1127 5472 μὴ
1164 5387 1487 5467 δυνηθέντες
1526 5396 1760 5466 ἀρκέσαι
1789 5394 1926 5464 πρὸς

350 5488 456 5553 τὰς
482 5482 791 5562 βασάνουςῖ
818 5493 1011 5547 ἔπειτα
1038 5495 1221 5563 μέντοι
1254 5487 1554 5553 Λουκιανὸς
1589 5488 1618 5541 ό
1650 5487 1792 5550 θεῖος
1822 5486 1927 5557 (ἔτι

351 5585 468 5656 γὰρ
490 5587 609 5656 ἔζη)
637 5587 1156 5660 προσκαλεσάμενος
1184 5584 1405 5650 αὐτοὺς,
1446 5583 1543 5638 καὶ
1579 5580 1761 5652 λόγοις
1785 5596 1920 5634 παν-

429 5750 505 5819 (8)
543 5750 680 5806 Hinc
708 5758 874 5820 patet,
906 5747 1157 5820 terrestri
1203 5746 1399 5820 itinere
1432 5745 1735 5804 Antiochiae
1767 5741 1930 5801 Nico-

358 5816 593 5878 mediam
625 5816 940 5892 perductum
984 5835 1103 5878 esse
1136 5816 1458 5874 Lucianum.

2006 1964 2059 2019 in
2091 1958 2510 2032 Cappadociam
2549 1955 2659 2029 (8),
2707 1961 2762 2008 et
2792 1950 3137 2007 convenisset
3187 1945 3449 2017 quosdam
3479 1942 3589 1997 illic

2006 2054 2231 2114 milites,
2265 2050 2353 2120 qui
2385 2057 2540 2103 erant
2585 2045 2802 2115 quidem
2831 2038 3152 2107 Christiani,
3182 2035 3357 2093 coacti
3406 2039 3588 2088 autem

2006 2146 2223 2201 fuerant
2252 2144 2753 2212 abnegare,eorum
2788 2143 3026 2189 mentem
3063 2129 3359 2195 revocavit,
3389 2137 3591 2182 oSten-

2005 2237 2227 2291 denset
2257 2244 2560 2301 exponens,
2595 2227 2741 2299 quod
2792 2225 2863 2281 sit
2912 2223 3154 2279 omnium
3196 2218 3590 2289 turpissimum,

2005 2327 2157 2382 viros
2188 2337 2391 2394 eosque
2418 2320 2618 2377 milites
2648 2316 2819 2374 videri
2839 2315 3076 2385 ignavos
3104 2308 3589 2382 tte—pusillanimes.

2006 2427 2061 2475 et
2118 2418 2183 2472 ad
2233 2414 2426 2471 mortis
2482 2412 2791 2467 adeundum
2843 2406 3142 2478 periculum
3196 2401 3592 2465 timidissimas,

2008 2510 2206 2579 quibus
2228 2504 2602 2578 qutedamjam
2637 2502 2873 2567 feminae,
2905 2508 3069 2570 atque
3094 2497 3229 2553 adeo
3249 2495 3418 2567 pueri,
3441 2492 3597 2549 fuere

2007 2597 2337 2666 superiores.
2380 2592 2664 2662 Quomodo
2716 2599 2895 2646 autem
2957 2603 3074 2654 vos,
3103 2587 3301 2657 inquit,
3335 2599 3433 2655 pro
3470 2597 3597 2654 rege

2009 2690 2214 2747 caduco
2267 2697 2325 2744 et
2366 2694 2582 2741 terreno
2635 2682 2875 2754 pericula
2916 2677 3155 2746 adibitis,
3189 2678 3283 2748 qui
3319 2676 3593 2733 cmlestem

2008 2790 2119 2836 tam
2144 2779 2254 2835 cito
2279 2773 2669 2849 prodideritis?
2702 2773 2856 2842 Quod
2884 2772 3063 2827 autem
3101 2769 3206 2825 erit
3235 2768 3389 2823 vobis
3419 2768 3597 2821 inuui-

2012 2882 2253 2926 mentum
2283 2866 2705 2939 autprtesidium
2732 2863 2950 2928 salutis,
2984 2861 3029 2918 si
3062 2861 3151 2917 ille
3182 2875 3277 2914 vos
3307 2873 3433 2914 mox
3469 2858 3595 2911 hinc

2012 2960 2374 3017 accersierit?
2418 2956 2538 3013 Non
2579 2955 2831 3028 cogitatis
2877 2967 3000 3008 eum
3048 2951 3151 3007 ltoc
3199 2949 3506 3004 universum
3541 2956 3609 3001 tt:

2011 3069 2201 3126 regere
2223 3063 2278 3112 et
2310 3051 2726 3116 administrare;
2776 3046 3051 3116 illumque
3080 3054 3135 3100 et
3178 3042 3299 3097 vita:
3327 3054 3447 3097 esse
3483 3038 3596 3095 dis-

2019 3153 2389 3219 pensatorem,
2420 3151 2477 3198 et
2501 3140 2693 3196 mortis
2738 3134 3065 3195 dominum?
3118 3133 3217 3190 Est
3261 3147 3393 3205 ergo
3435 3132 3597 3203 longe

1931 3243 1979 3305 C
2011 3240 2234 3303 melius,
2265 3244 2588 3309 praesentem
2619 3233 2786 3287 vitam
2814 3231 2991 3286 minus
3013 3236 3286 3292 curantes,
3316 3223 3596 3294 consequi,
3678 3279 3685 3283 _

2016 3345 2135 3400 qua
2196 3328 2337 3400 apud
2366 3327 2536 3382 ‘illum
2605 3336 2893 3393 nunquam
2923 3320 3141 3385 desinit,
3188 3316 3596 3376 beatitudinem.

2015 3438 2175 3492 quam
2202 3422 2389 3485 vitam,
2429 3434 2551 3489 quae
2584 3417 2670 3472 hic
2705 3427 2812 3479 est,
2847 3412 3259 3484 amplectentes,
3283 3410 3352 3463 ab
3388 3408 3495 3464 hac
3517 3407 3598 3462 ui-

2018 3513 2126 3568 hilo
2154 3512 2331 3568 secius
2358 3509 2629 3575 excidere,
2664 3515 2726 3562 ut
2768 3505 2858 3577 qui
2909 3503 3049 3560 forte
3095 3500 3216 3557 sitis
3256 3509 3312 3555 et
3340 3499 3444 3555 hac
3490 3499 3599 3569 pri-
3673 3548 3679 3555 .

2018 3602 2179 3658 vandi
2214 3604 2281 3657 ab
2320 3600 2594 3663 hostibus,
2616 3609 2671 3655 et
2704 3599 2851 3654 illam
2893 3611 3001 3651 non
3038 3590 3360 3658 assecuturi,
3380 3599 3436 3646 et
3461 3605 3597 3660 pra:-

2021 3706 2171 3752 terea
2201 3695 2404 3750 daturi
2431 3708 2618 3765 pinnas
2647 3691 2901 3763 puniendi
2963 3686 3325 3745 immortales.
3357 3683 3437 3739 illi
3470 3698 3599 3752 ergo

2020 3805 2140 3846 cum
2166 3789 2281 3844 lta'c
2296 3785 2650 3853 audivissent,
2682 3785 3047 3857 resipuerunt,
3070 3792 3124 3837 et
3149 3796 3244 3837 eos
3265 3778 3518 3852 pwttituit
3540 3793 3600 3832 se

2020 3896 2268 3954 negasse.
2303 3879 2509 3936 Etcum
2546 3894 2737 3935 rursus
2789 3879 2855 3933 ad
2890 3891 2949 3932 sc
2998 3876 3305 3941 rediissent,
3341 3881 3395 3929 et
3435 3869 3601 3926 libere
3667 3932 3670 3934 γ

2020 3984 2201 4030 essent
2244 3971 2432 4034 locuti,
2471 3969 2692 4041 plurimi
2721 3967 2798 4039 (9)
2823 3956 3044 4038 propter
3071 3964 3349 4020 Christum
3370 3974 3597 4018 mortem

2022 4065 2327 4127 subierunt,
2361 4076 2484 4118 cum
2519 4069 2702 4117 essent
2737 4075 2841 4114 non
2872 4057 3157 4131 pauciores
3186 4070 3413 4111 numero
3433 4068 3599 4125 quam

2024 4158 2421 4227 quadraginta;
2463 4153 2706 4209 nonnulli
2725 4162 2906 4207 autem
2947 4167 3069 4205 cum
3097 4150 3467 4205 decertassent
3507 4146 3603 4200 ad-

2025 4263 2214 4303 versus
2243 4246 2425 4301 omnia
2450 4261 2648 4315 genere
2682 4243 3090 4316 suppliciorum,
3117 4242 3375 4297 vixerunt
3397 4241 3598 4303 adhuc,

2026 4353 2147 4393 cum
2181 4337 2308 4391 nihil
2340 4347 2494 4406 turpe
2529 4347 2584 4392 et
2612 4337 2862 4406 ignavum
2905 4348 3016 4405 pre:
3042 4346 3102 4387 se
3139 4331 3389 4386 tulissent
3420 4329 3472 4383 in
3515 4342 3603 4383 se-

2028 4430 2200 4484 cunda
2231 4428 2569 4499 experientia
2597 4445 2614 4495 ;
2642 4428 2735 4484 sed
2764 4430 2914 4497 prius
2945 4439 3160 4496 quoque
3200 4422 3467 4492 judicium
3508 4434 3603 4475 ne-

2031 4520 2285 4590 gationis,
2334 4520 2534 4575 invicta
2594 4519 2849 4591 deinceps
2902 4533 3013 4589 pro.
3046 4517 3246 4587 pietate
3302 4512 3607 4571 constantia

1953 4606 1996 4663 Ι)
2026 4613 2375 4670 delcvisscnt.

2099 4852 2153 4907 9.
2173 4849 2450 4906 Lucianus
2480 4857 2681 4913 autem,
2704 4862 2826 4902 cum
2852 4845 2905 4901 in
2929 4845 3159 4901 transitu
3179 4844 3392 4901 itineris
3413 4844 3528 4900 lucc
3555 4851 3618 4899 et

2031 4942 2181 5012 plura
2203 4941 2509 5009 huiusmodi
2541 4939 2833 5003 clieeisset,
2857 4939 3068 4994 delatus
3098 4946 3183 4995 est
3216 4935 3607 4992 Nicomediam.

2032 5034 2203 5104 Hujus
2220 5043 2400 5089 autem
2424 5033 2525 5088 viri
2547 5033 2699 5088 fuere
2724 5031 2875 5086 multi
2897 5030 3213 5097 familiares,
3233 5040 3288 5085 et
3309 5044 3375 5085 ex
3391 5029 3458 5084 iis
3475 5043 3610 5085 non-

2034 5126 2162 5181 nulli
2180 5141 2302 5180 cum
2326 5139 2392 5180 eo
2419 5124 2643 5179 aderant
2670 5124 2980 5179 decertante
2998 5121 3344 5179 Nicomediae.
3372 5120 3462 5177 alii
3485 5122 3615 5179 abeo

2034 5224 2175 5273 ιλιι.
2205 5215 2283 5271 Ex
2315 5216 2510 5287 quibus
2547 5231 2668 5270 cum
2710 5215 2874 5285 aliqui
2905 5216 2970 5270 ad
3017 5230 3113 5270 eos
3155 5214 3517 5274 accessissent
3552 5213 3627 5279 ii,

2033 5304 2123 5375 qui
2180 5305 2446 5377 cogebant
2500 5302 2840 5361 Christianos
2897 5305 3061 5361 ritum
3110 5304 3265 5379 sequi
3332 5305 3611 5379 gentium,

2035 5400 2212 5469 primo
2239 5396 2460 5469 quidem
2494 5409 2801 5464 cesserunt,
2855 5409 2911 5453 ut
2964 5399 3058 5469 qui
3090 5414 3197 5454 non
3251 5405 3473 5468 possent
3504 5404 3614 5449 tor-

2040 5489 2239 5545 mentis
2292 5489 2584 5559 sutﬁcerc;
2621 5501 2674 5545 at
2702 5507 2822 5544 cum
2865 5491 3085 5547 divinus
3119 5486 3613 5559 Luciauus.(adhuc

2028 5583 2171 5638 enim
2196 5580 2539 5653 vivebat)cos
2565 5584 2631 5638 ad
2667 5599 2725 5637 sc
2750 5582 3153 5650 accersivisset,
3182 5590 3239 5636 et
3262 5592 3421 5635 omne
3443 5591 3613 5646 genus

2111 5744 2189 5813 (9)
2224 5743 2285 5799 lii
2346 5758 2468 5799 cum
2515 5742 2637 5798 aliis
2654 5741 2913 5813 fortasse
2944 5742 2999 5797 in
3047 5740 3245 5797 eadem
3273 5734 3613 5809 Cappadocia

2040 5812 2214 5885 passis
2236 5815 2484 5871 coluntur
2515 5813 2586 5870 25
2620 5812 2763 5871 Maii.
