3886 6458
253 390 367 459 389

1357 393 1534 456 VITA
1573 396 1636 454 S.
1672 392 2056 455 SYMEONIS
2097 394 2449 455 STYLITE.

3404 396 3512 459 390

259 504 607 580 μετακομιδὴ
631 505 739 558 ἀπο
763 503 865 575 τῆς
897 504 1137 577 μάνδρας
1181 506 1315 578 πρὸς
1369 508 1466 578 τήν
1502 507 1832 579 Ἀντιόχειαν

1937 508 2075 563 sacri
2111 508 2355 579 corporis
2378 508 2541 561 funus
2568 522 2631 560 ex
2662 506 2885 561 mandra
2906 506 2961 560 in
2995 506 3183 561 urbem
3212 504 3509 563 Antioche-

253 603 445 674 ἤγετο,
474 600 552 671 τῷ
585 598 683 669 μὲν
703 599 811 652 τῶν
829 598 1130 668 λαμπάδων
1157 600 1298 667 φωτὶ
1329 601 1554 669 στυγνὸν
1575 600 1830 653 δεικνῦσα

252 698 350 749 τὸν
380 694 555 764 ἥλιον,
589 691 667 761 τῷ
724 689 782 743 δὲ
822 691 929 744 τῶν
970 692 1406 761 προπεμπόντων
1463 690 1679 760 πλήθει,
1723 693 1832 745 τῶν

252 804 317 841 τε
352 783 857 857 προῦπαντὼντων,
882 782 977 836 καὶ
1024 782 1130 835 τῶν
1169 783 1433 836 πάντοθεν
1498 782 1558 848 ἐξ
1612 783 1833 853 ἁπάσης

252 876 473 952 ἡλικίας
512 876 939 948 περιρρεόντων,
981 875 1112 927 αὑτό
1156 891 1215 926 τε
1242 875 1301 927 τὸ
1327 875 1452 945 ὅρος
1478 876 1696 941 καὶτὰς
1734 892 1834 928 πε-

250 971 441 1033 διάδας
494 967 927 1038 στενοχωροῦσα.
976 967 1161 1036 Παρῆν
1210 967 1264 1020 δὲ
1315 970 1408 1021 καὶ
1457 971 1486 1022 6
1523 969 1631 1024 τῶν
1680 967 1832 1041 ἑῴων

252 1062 554 1130 ταγμάτων
589 1058 895 1129 στρατηγὸς
934 1058 1341 1128 Ἀρδαόούριος.
1372 1059 1497 1121 τοὺς
1516 1062 1641 1121 περὶ
1670 1061 1834 1113 αὐτὸν

252 1150 592 1222 δορυφόρους
626 1150 871 1219 φύλακας
900 1147 975 1218 τῷ
1004 1147 1248 1218 λειψάνῳ
1273 1150 1709 1218 ἐγκαταστήσας,
1739 1152 1834 1203 καὶ

252 1244 355 1312 τὴν
387 1243 613 1296 ἐκείνων
644 1239 893 1310 φυλακὴν
919 1239 1177 1310 μέγιστον
1201 1239 1429 1309 κώλυμα
1456 1243 1576 1303 ταῖς
1595 1241 1702 1293 τῶν
1736 1242 1834 1293 πό-

252 1333 393 1388 λεων
430 1335 638 1403 ἐφέδοις
669 1332 1004 1402 ἐπιτειχίσας
1033 1347 1049 1363 ·
1085 1330 1453 1401 ἐφιλονείκουν
1492 1331 1600 1401 γὰρ
1624 1333 1828 1401 ἑκάστη

248 1431 345 1483 τὸν
372 1431 568 1483 ἄσυλον
586 1429 770 1483 τοῦτον
789 1428 1060 1500 θησαυρὸν
1082 1427 1488 1501 προαρπάσασα
1512 1430 1642 1501 παρ’
1661 1431 1827 1502 ἑαυτῇ

254 1522 602 1576 καταθεῖναι.

269 1620 273 1624 ’
328 1612 426 1676 vi".
468 1613 555 1665 Ἐν
589 1613 824 1682 ὀχήματι
852 1612 1031 1667 τοίνυν
1058 1611 1153 1667 τοῦ
1200 1610 1346 1682 ίεροῦ
1396 1610 1644 1682 σώματος
1671 1629 1830 1683 φερο-

257 1705 448 1774 μένου,
491 1704 565 1767 ὡς
591 1705 691 1774 ἤδη
731 1704 874 1757 κατὰ
897 1703 995 1774 τὴν
1022 1702 1205 1775 Μερὸν
1240 1702 1302 1756 τὸ
1347 1703 1548 1774 χωρίον
1592 1704 1830 1771 ἐγένετο,

251 1798 390 1867 ὅπερ
425 1798 485 1849 ἐν
515 1796 667 1867 δεξιᾷ
703 1796 925 1849 εἰσιόντι
952 1795 1048 1866 τὴν
1087 1795 1418 1865 ’Δντιόχειαν
1468 1797 1666 1858 κεῖται,
1701 1793 1833 1865 ἔστη

258 1864 581 1958 μὲν-ἀθρόον
610 1864 669 1939 τι
700 1886 905 1956 δχημα,
943 1864 1040 1940 καὶ
1079 1885 1180 1957 τῆς
1239 1864 1332 1938 ἐπὶ
1378 1884 1478 1955 τὴν
1530 1884 1683 1938 πόλιν
1721 1864 1829 1954 εῖρ
1861 1864 1908 1922 Β

251 1995 382 2048 γετο
408 1978 659 2049 πορείας.
697 1976 1003 2046 Ἔκπληξις
1050 1977 1107 2030 δὲ
1167 1975 1379 2039 πάντας
1412 1976 1506 2028 καὶ
1549 1974 1667 2038 δέος
1720 1970 1832 2043 εἶχε

251 2073 319 2141 τῇ
334 2068 639 2141 παραδόξῳ
665 2068 756 2122 τοῦ
778 2069 1058 2138 ὀχήματος
1090 2066 1374 2137 ἐπισχέσει
1404 2083 1419 2097 ·
1453 2064 1549 2120 καί
1576 2083 1663 2130 τις
1685 2066 1828 2135 ἀνὴρ

252 2162 385 2226 τῶν,
406 2160 443 2214 ἃ
467 2160 635 2213 πολλὰ
686 2159 808 2213 κατ’
847 2162 1022 2213 ἐκεῖνο
1050 2155 1115 2230 ἦν
1138 2158 1198 2212 τὸ
1228 2157 1424 2229 χωρίον
1442 2195 1458 2223 ,
1530 2157 1853 2227 μνημάτωνο

252 2252 601 2322 ἐξορμηοεὶς,
636 2250 823 2323 δρόμῳ
848 2250 999 2320 παρὰ
1035 2256 1134 2321 τὴν
1174 2250 1329 2320 ἱεράν
1382 2247 1580 2319 ἐχώρει
1631 2246 1788 2318 σορόν
1812 2260 1826 2275 ο

251 2347 389 2400 ἄλλα
419 2362 480 2397 τε
511 2344 793 2415 περιπαθῆ
835 2342 972 2414 βοῶν
1021 2344 1115 2397 καὶ
1177 2340 1574 2413 ὀλοφυρόμενος
1603 2338 1700 2393 τοῦ
1728 2338 1833 2409 μύ-

254 2453 382 2499 σους
437 2434 688 2498 ἐλεεινῶς
738 2434 955 2497 ἐαυτὸν,
990 2432 1255 2504 ἀνεθῆναι
1311 2448 1369 2485 τε
1422 2430 1521 2501 τῆς
1574 2430 1834 2501 μάστιγος

251 2531 424 2583 ἐδεῖτο
470 2530 564 2583 καὶ
610 2528 719 2582 τᾶν
776 2529 991 2598 δεσμῶν
1028 2545 1041 2559 ⁸
1069 2517 1139 2602 ἦν
1180 2527 1237 2581 δὲ
1285 2529 1319 2599 ἠ
1358 2525 1555 2598 μάστιξ
1604 2524 1835 2594 πονηρδς

252 2621 426 2675 πάλαι
470 2612 680 2690 δαίμων
715 2620 1055 2692 ἐπιπηδήσας
1076 2620 1245 2690 αὐτῷ,
1271 2622 1350 2684 είς
1382 2618 1574 2690 νεκρόν
1599 2634 1651 2671 τι
1673 2616 1833 2687 σῶμα

251 2710 511 2778 γυναικὶς
535 2710 875 2781 ἐνυὸρίσαντι
912 2708 1257 2781 στρεδλώσας
1287 2725 1349 2761 τε
1391 2707 1557 2762 αὐτοῦ
1592 2708 1690 2767 τὰς
1720 2707 1834 2777 χεῖ-

194 2848 203 2853 .
253 2820 354 2874 ρας
379 2803 541 2866 εὐθὺς
565 2803 779 2866 ἀλύτοις
810 2802 1051 2873 δεσμοῖς,
1095 2803 1192 2856 καὶ
1224 2803 1349 2865 τοὺς
1381 2800 1691 2871 ὀφθαλμοὺς
1723 2800 1837 2852 δια-

255 2889 517 2962 στρέψας,
566 2893 659 2943 καὶ
685 2891 884 2961 τρόμον
923 2891 1071 2961 αὑτῷ
1119 2893 1448 2963 ἐμποιήσας,
1484 2892 1579 2945 καλ⁵
1626 2888 1835 2961 δεσμώ-

252 3002 354 3053 την
390 2986 539 3053 παρᾶ
567 2985 645 3056 τῷ
679 2985 777 3053 τῆς
810 2984 1145 3056 ὑδρισμένης
1175 2988 1330 3055 τάφῳ
1355 2985 1517 3056 μέχρι
1548 2985 1642 3038 καὶ
1670 3000 1831 3056 τηνι-

253 3077 433 3130 καῦτα
467 3079 838 3148 κατέχων,κα“ι
870 3078 1107 3148 συνεχῶς
1140 3078 1303 3132 αὑτὸν
1327 3077 1705 3145 καταὸάλλων,
1733 3079 1835 3152 τῆς

1934 615 2059 653 nam
2077 600 2419 669 deportatum
2435 596 2593 653 est.M
2603 588 2793 653 .estum
2814 597 3214 668 quodammodo
3230 604 3286 653 et
3302 598 3511 653 tristem

1934 690 2103 745 solem
2150 689 2419 744 eiliciebat
2462 688 2729 743 luminum
2773 689 2963 761 ingens
3019 690 3199 761 copia.
3239 693 3513 745 comitan-

1935 782 2068 836 tium
2091 797 2244 851 mque
2269 788 2430 851 atque
2455 780 2791 834 obviantium
2817 799 2831 846 ;
2866 790 2921 836 et
2958 784 3313 853 undequaqne
3333 786 3513 839 omnis

1932 872 2110 928 anatis
2132 888 2197 926 eo
2228 854 2619 928 conﬂuentium
2655 873 2944 926 multitudo
2975 884 3213 928 montem
3252 878 3426 943 ipsum
3456 884 3511 929 et

1934 980 2155 1034 campos
2198 973 2457 1035 angustos
2488 964 2768 1018 reddebat.
2801 964 2999 1018 Aderat
3029 964 3257 1018 oriental
3286 982 3373 1018 um
3415 982 3510 1018 co-

1934 1056 2144 1127 piarum
2175 1056 2283 1110 dux
2317 1056 2691 1117 Ardaburius,
2743 1055 2833 1124 qui
2886 1071 3014 1109 suos
3061 1057 3299 1111 hastatus
3342 1059 3511 1112 sat-ris

1935 1147 2178 1217 reliquiis
2226 1143 2493 1201 adhibens
2542 1146 2817 1207 custodes,
2850 1158 2905 1200 ct
2946 1146 3159 1200 illm-um
3210 1150 3398 1201 (-ustod
3424 1165 3507 1200 am

1933 1250 2191 1310 tanquam
2239 1255 2454 1293 murum
2483 1255 2793 1308 opponi-ns,
2842 1237 3103 1293 adversus
3136 1239 3344 1291 urbium
3384 1241 3514 1291 viri-

1934 1348 2128 1389 narum
2157 1333 2439 1387 incursum
2481 1331 2761 1384 muniebat
2787 1350 2800 1384 :
2830 1333 3057 1401 singulae
3085 1346 3229 1383 enim
3263 1328 3510 1383 (:iV'ilalvs

1936 1427 2038 1482 sibi
2077 1442 2296 1482 sacrum
2326 1427 2471 1481 hunc
2501 1426 2814 1480 thesaurum
2846 1422 3138 1495 praeripere
3167 1434 3328 1494 atque
3365 1420 3510 1495 apud

1935 1536 1994 1575 se
2024 1520 2293 1575 collocare
2320 1519 2632 1574 studebant.

2008 1610 2099 1664 57.
2141 1608 2276 1664 Cum
2314 1608 2521 1664 interea
2555 1608 2694 1663 sacri
2722 1607 2963 1677 corporis
2985 1610 3197 1663 sarcina
3229 1607 3398 1663 rbeda
3423 1606 3512 1663 de-

1934 1700 2041 1755 lata
2073 1701 2139 1755 ad
2174 1716 2300 1755 eum
2338 1701 2516 1755 locum
2547 1698 2659 1770 (54)
2692 1700 2778 1752 cui
2808 1698 2983 1754 Meros
3019 1715 3239 1761 nomen.
3274 1702 3364 1768 qui
3392 1702 3508 1753 An-

1938 1790 2198 1845 tiochiam
2243 1790 2595 1850 venientibus
2636 1789 2703 1843 ad
2743 1791 2993 1844 dextrum
3036 1791 3176 1844 latus
3219 1793 3356 1844 situs
3398 1802 3507 1855 est,

1937 1882 2299 1952 pervenisset,
2328 1897 2526 1936 currus
2570 1882 2753 1936 subito
2802 1882 3098 1936 immobilis
3128 1882 3299 1947 stetit,
3344 1893 3509 1949 atque

1935 1975 2003 2029 ab
2038 1989 2104 2029 eo
2136 1973 2281 2044 quod
2317 1974 2372 2029 in
2411 1974 2602 2030 urbem
2638 1972 2844 2029 ferebat
2878 1975 3071 2030 itinere
3102 1978 3321 2044 penitus
3355 1992 3509 2030 arce-

1935 2067 2115 2123 batur.
2148 2066 2272 2122 Hmc
2302 2067 2584 2137 inopinata
2621 2082 2816 2122 currus
2854 2069 3089 2122 retentio
3118 2061 3371 2123 omnibus
3407 2071 3507 2124 ad-

1938 2160 2284 2215 mirationem
2312 2176 2422 2214 non
2460 2161 2642 2214 minus
2667 2176 2828 2231 quam
2862 2170 3126 2216 terrorem
3172 2154 3377 2230 injecit.
3414 2154 3509 2217 Vir

1933 2246 2153 2320 quidam
2200 2264 2232 2304 e
2279 2257 2674 2313 monumento,
2724 2251 2904 2320 qualia
2949 2266 3059 2305 non
3110 2267 3280 2320 pauca
3346 2254 3506 2320 juxta

1934 2338 2112 2395 locum
2141 2338 2290 2393 illum
2325 2349 2483 2395 erant
2511 2340 2751 2404 condita,
2778 2341 2983 2412 impetu
3011 2358 3285 2413 egressus,
3312 2360 3508 2414 magno

1935 2445 2097 2486 cursu
2129 2430 2196 2485 ad
2230 2446 2446 2485 sacrum
2478 2431 2716 2485 loculum
2752 2432 3029 2492 ferebatur
3051 2452 3066 2489 :
3089 2443 3144 2489 et
3172 2448 3295 2488 cum
3329 2438 3510 2490 varios

1935 2522 2100 2578 animi
2132 2526 2397 2578 tumultus
2434 2523 2740 2579 vociferans
2784 2533 3094 2592 testaretur,
3140 2531 3253 2581 tum
3303 2529 3509 2583 seelera

1935 2612 2049 2684 ipse
2075 2629 2170 2669 sua
2194 2614 2575 2670 miserabiliter
2602 2614 3032 2683 lamentabatur;
3053 2614 3254 2673 adbacc
3280 2619 3510 2674 vinculis

1935 2714 1990 2761 et
2033 2706 2245 2777 ﬂagello
2280 2708 2413 2761 solvi
2458 2708 2769 2777 postulabat
2808 2725 3016 2779 :porro
3064 2710 3353 2782 ﬂagellum,
3396 2729 3506 2782 quo

1935 2800 2433 2861 cruciabatur,erat
2454 2801 2664 2855 daemon
2685 2801 2975 2872 malignus,
2996 2805 3084 2871 qui
3103 2805 3230 2857 olim
3256 2805 3308 2858 in
3330 2805 3507 2875 ipsum

1933 2891 2178 2947 mulieris
2202 2892 2453 2948 cadaveri
2487 2893 2797 2963 petulanter
2840 2894 2945 2948 vim
2979 2896 3328 2963 inferentem,
3370 2899 3509 2952 insi-

1936 2982 2117 3047 lierat,
2156 2983 2467 3053 statimque,
2500 3000 2694 3039 manus
2743 2985 2820 3038 illi
2862 2986 3243 3041 insolubilibus
3276 2990 3511 3044 vinculis

1935 3074 2337 3146 constringens,
2376 3086 2431 3131 et
2458 3076 2646 3131 oculos
2693 3076 2835 3132 {cede
2884 3088 3272 3149 contorquens.
3303 3091 3513 3135 tremo~

254 3169 498 3239 χαλεπῆς
525 3168 713 3240 ὥσπερ
747 3169 953 3240 ὕϐρεως
987 3169 1199 3240 ἐκείνης
1237 3169 1391 3233 δίκας
1417 3170 1713 3225 ἐκτίνοντα.
1737 3166 1832 3226 τΩν

1943 3179 2166 3233 remque
2192 3164 2485 3227 incutiens,
2524 3166 2765 3221 vinctum
2792 3166 2904 3237 jam
2946 3168 3069 3221 inde
3106 3169 3260 3237 juxta
3298 3170 3511 3227 violata:

250 3258 320 3331 δὴ
347 3262 566 3315 πάντων
593 3261 809 3316 ἐλέλυτο
833 3261 1156 3333 παραδόξως
1185 3265 1251 3334 τῇ
1272 3262 1415 3334 σορῷ
1441 3264 1828 3336 προσδραμὼν,

253 3352 352 3406 καὶ
382 3352 442 3405 τὸ
474 3354 575 3423 μὲν
600 3353 783 3425 ὄχημα
811 3356 1042 3408 ἐκινεῖτο
1071 3355 1292 3419 αὐτίκα,
1332 3355 1425 3409 καὶ
1471 3355 1831 3426 λαμπρότατα

253 3444 353 3515 τὴν
380 3444 535 3497 πόλιν
565 3445 814 3517 είσῄει,ή
860 3444 917 3498 δὲ
942 3446 1035 3499 τὸν
1095 3446 1430 3517 ποθούμενον
1475 3446 1710 3517 δέχεται,
1736 3448 1831 3501 καὶ

252 3539 367 3599 τοῖς
390 3537 613 3601 οἰκείοις
647 3539 868 3602 κόλποις
902 3537 1278 3592 ἐναποτίθεται
1304 3542 1371 3612 τῇ
1426 3541 1830 3612 ἐπιφανεστάτῃ

253 3628 347 3681 τοῦ
396 3628 708 3683 Κασσιανοῦ
754 3630 1040 3703 ἐκκλησίᾳ.
1076 3628 1273 3703 Μικρῷ
1327 3633 1384 3686 δὲ
1418 3630 1643 3703 ὕστερον
1682 3634 1833 3697 Θείας

253 3719 430 3790 ὅψεως
465 3723 919 3794 ἐπιφοιτησὰσης,
952 3723 1097 3794 ἱερὸν
1123 3725 1310 3797 ἕτερον
1333 3725 1560 3793 πλησίον
1574 3724 1831 3797 ἱδρύεταιο

254 3813 351 3866 καὶ
378 3813 438 3868 τὸ
468 3814 609 3868 θεῖον
639 3817 696 3868 ἐν
725 3815 872 3886 αὐτῷ
931 3815 1285 3887 μετατίθεται
1357 3816 1628 3888 λείψανον.
1664 3817 1732 3872 Ὅ
1770 3835 1833 3888 γε

258 3903 368 3974 μὴν
419 3902 513 3956 τοῦ
573 3904 744 3958 κακοῦ
771 3905 913 3976 παρ’
960 3904 1125 3959 αὐτοῦ
1156 3905 1254 3977 τὴν
1317 3902 1473 3960 λύσιν
1537 3905 1736 3978 εὑρὼν,
1772 3909 1832 3961 οὐ

260 3996 454 4066 μικρὸν
479 3995 538 4060 ἐξ
568 3997 776 4050 ἐκείνου
810 3997 973 4069 μέρος
995 3999 1075 4060 εἰς
1104 3997 1835 4071 ἀρετὴνὲπιδοὺς,νεωκόρος

254 4082 409 4136 τοῦδε
440 4086 652 4152 γίνεται
710 4085 802 4139 τοῦ
829 4086 956 4152 νεὼ,
1008 4088 1101 4141 καὶ
1154 4088 1251 4158 τήν
1322 4088 1416 4142 τοῦ
1461 4088 1578 4159 βίου
1606 4090 1740 4160 πρὸς
1770 4090 1832 4144 τὸ

256 4173 467 4244 βέλτιον
495 4176 818 4248 μεταϐολήν,
840 4174 1052 4232 δικαίαν
1078 4179 1311 4250 ἀμοιϐὴν
1335 4178 1412 4249 τῷ
1427 4180 1567 4251 ἁγίῳ
1598 4180 1828 4234 ἐκτίνειο

252 4264 284 4319 δ
308 4266 634 4337 καὶμᾶλλον
683 4269 1062 4324 ποθεινότατον
1105 4269 1255 4341 αὐτῷ
1335 4266 1425 4343 ἦν,
1465 4269 1615 4342 ήτοῦ
1647 4271 1829 4324 ἱκέτου

257 4360 521 4430 σωτηρία.

1940 3256 2187 3310 mulieris
2240 3259 2550 3326 sepulcrum
2584 3260 2689 3312 huc
2738 3273 2909 3330 usque
2945 3260 3271 3327 detinuerat,
3301 3271 3357 3318 et
3400 3272 3510 3317 tam

1938 3345 2166 3417 insignis
2222 3348 2565 3401 contumeliae
2603 3364 2793 3418 paruas
2840 3342 3238 3419 persolvet-tem
3295 3354 3513 3411 assidue

1939 3438 2273 3509 Oppritneus.
2302 3439 2511 3504 Quibus
2540 3441 2772 3493 vinculis
2799 3432 2923 3495 mox
2964 3450 3023 3496 ut
3055 3442 3121 3497 ad
3157 3440 3393 3498 loculum
3421 3462 3511 3499 sa-

1939 3547 2093 3593 rtum
2115 3530 2369 3596 accurrit,
2397 3532 2575 3586 statim
2600 3533 2857 3587 liberatus
2880 3544 2962 3589 est
2978 3552 2991 3589 :
3006 3552 3114 3605 quo
3135 3536 3296 3600 facto,
3315 3552 3514 3593 eurrus

1938 3625 2082 3679 illico
2129 3634 2311 3679 motus
2353 3635 2468 3691 est,
2516 3634 2571 3680 et
2620 3627 3062 3695 Splendidissima
3109 3640 3374 3698 apparatu
3453 3630 3510 3684 in

1933 3718 2127 3773 urbem
2158 3713 2360 3785 illatus,
2396 3718 2763 3773 desideratum
2795 3720 3112 3775 thesaurum
3146 3722 3366 3792 proprio
3391 3739 3512 3794 gre-

1932 3812 2044 3865 mio
2072 3811 2333 3880 suscepit,
2360 3824 2424 3865 ac
2470 3809 2528 3864 iu
2566 3809 2764 3864 illustri
2792 3808 3039 3867 Cassiani
3076 3814 3309 3868 ecclesia
3340 3815 3511 3868 collo-

1933 3903 2097 3959 cavit.
2142 3901 2312 3957 Paulo
2347 3903 2545 3958 deinde
2589 3911 2713 3972 post
2750 3898 2933 3958 divina
2995 3902 3204 3959 visione
3243 3920 3509 3973 superve-

1933 3995 2143 4061 niente,
2190 3994 2336 4048 aliud
2381 3995 2643 4065 templum
2694 3992 2752 4047 in
2801 3994 2982 4049 vicino
3034 3994 3153 4049 loco
3185 3996 3509 4049 aedilitatum

1937 4083 2062 4148 fuit,
2094 4083 2149 4136 in
2180 4098 2289 4153 quo
2333 4098 2486 4138 sacra
2530 4083 2740 4154 lipsana
2774 4078 3035 4139 collocata
3066 4094 3210 4140 sunt.
3257 4082 3348 4140 ille
3380 4101 3512 4142 vero

1940 4176 2035 4246 qui
2071 4175 2199 4230 mali
2242 4174 2491 4231 levamen
2531 4177 2601 4232 ab
2650 4177 2771 4246 ipso
2813 4188 3142 4233 consecutus
3172 4178 3369 4242 fuerat.
3399 4196 3513 4237 [αι

1939 4271 2136 4340 exiguo
2168 4268 2238 4323 ab
2263 4268 2355 4323 illo
2405 4278 2653 4339 tempore
2702 4269 2756 4324 in
2788 4272 2990 4326 virtute
3022 4288 3311 4341 progressu
3344 4271 3511 4338 (aeto,

1941 4359 2044 4413 fuit
2084 4359 2248 4428 hujus
2281 4359 2466 4429 templi
2497 4360 2753 4427 a'dituus,
2784 4372 2838 4416 et
2881 4364 3005 4416 vita:
3045 4363 3097 4416 in
3126 4365 3323 4417 melius
3358 4380 3512 4418 com-

260 4456 618 4510 mutationem
642 4493 660 4522 ,
696 4453 899 4525 justam
929 4452 1239 4509 mercedem
1295 4460 1488 4509 sancto
1528 4453 1792 4525 persolvit
1822 4470 1837 4509 :
1898 4466 2003 4507 nec
2065 4451 2173 4505 ulla
2211 4451 2413 4522 gratior
2455 4449 2717 4524 supplicis
2755 4452 2927 4524 ipsius
2964 4453 3138 4511 salute
3175 4455 3420 4513 accidet:
3455 4467 3511 4523 ei

254 4552 383 4617 pote
414 4554 491 4601 at.

1708 4702 1933 4762 CAPUT
1971 4700 2089 4760 XV.

891 4846 1147 4919 Reliquiae
1177 4865 1209 4901 a
1233 4842 1403 4903 Leone
1428 4847 1558 4917 imp.
1592 4850 1852 4916 expetitae.
1883 4847 2153 4919 Templum
2197 4850 2254 4903 tu
2277 4854 2472 4915 monte,
2504 4849 2560 4903 in
2582 4864 2684 4919 quo
2712 4844 2876 4904 stetit.

224 5062 229 5066 ⁸
325 4997 432 5060 νῆ’.
473 4989 585 5060 Τῆς
609 4989 665 5042 δὲ
694 4989 803 5042 τῶν
829 4989 1097 5059 λειψάνων
1132 4990 1292 5061 σοροῦ
1319 4991 1499 5045 πάντα
1525 4993 1689 5046 τόπον
1717 4994 1828 5055 τοῖς

2003 4993 2094 5049 58.
2133 4991 2267 5048 Cum
2290 4992 2488 5049 deinde
2504 5008 2657 5048 sacra
2678 5008 2814 5047 urna
2836 5008 3054 5048 omnem
3073 4992 3216 5050 circa
3232 4996 3510 5066 regionem

254 5075 500 5151 θαιῖμασι
527 5079 1023 5151 διαλαμϐανούσης,
1053 5082 1083 5135 6
1113 5081 1213 5153 τὴν
1246 5082 1624 5155 αὐτοκράτορα
1691 5082 1829 5137 Ῥω-

256 5174 439 5242 μαίοις
468 5172 670 5225 διέπων
696 5171 893 5241 ἀρχὴν,
924 5165 986 5227 οὗ
1021 5171 1087 5244 δὴ
1131 5173 1315 5244 μικρῷ
1349 5173 1583 5245 πρόσθεν
1617 5176 1645 5228 6
1670 5173 1847 5242 λόγος.

250 5265 522 5338 ἐμνήσθη,
556 5266 863 5337 γράμματα
892 5264 1101 5335 πέμπει
1151 5267 1523 5337 Αντιοχεῦσιν,
1551 5266 1637 5336 ἐφ’
1663 5260 1744 5329 οἷς
1770 5266 1830 5320 τὸ

249 5355 347 5410 τοῦ
377 5355 539 5426 ἁγίου
567 5356 728 5427 σῶμα
752 5354 885 5427 πρὸς
909 5356 1007 5426 τὴν
1037 5352 1289 5425 βασιλίδα
1304 5354 1459 5411 πόλιν
1488 5355 1826 5425 διακομίσαι.

250 5546 513 5615 adeptus,
546 5557 668 5615 eam
700 5557 852 5615 anno
870 5541 1201 5615 qldimisit
1230 5542 1302 5597 ob
1336 5540 1629 5597 seditiones
1654 5535 1831 5615 Zeno-

254 5617 344 5670 nis
360 5612 595 5669 'comitis
622 5621 679 5669 et
692 5612 855 5670 ‘Petri
892 5612 1138 5668 Fullonis
1171 5627 1339 5683 opera
1365 5621 1555 5667 contra
1591 5627 1649 5667 se
1678 5613 1828 5667 exci-

252 5694 445 5823 ωιῗέλ)
485 5753 547 5808 In
561 5753 735 5809 altera
754 5751 879 5808 Vita
908 5751 1211 5823 estAMeroe.
1228 5749 1363 5823 Nam
1382 5759 1581 5823 praeter
1608 5748 1828 5803 Meroen

253 5818 572 5897 Ethiopiar,
602 5823 717 5878 ἐστι
739 5826 833 5880 καὶ
860 5821 1074 5894 Μερόη,
1104 5822 1278 5893 inquit
1312 5818 1623 5896 Stephanus
1644 5859 1659 5886 ,
1689 5824 1828 5873 κατὰ

1936 5085 2323 5141 miraculorum
2362 5085 2505 5140 fama
2551 5084 3027 5154 Complecteretur,
3071 5087 3163 5158 qui
3201 5086 3511 5144 Romanum

1937 5174 2229 5246 imperium
2257 5174 2690 5241 administrabat,
2733 5177 2800 5230 de
2829 5191 2939 5246 quo
2967 5177 3130 5247 paulo
3158 5189 3286 5235 ante
3330 5196 3511 5236 sermo

1937 5265 2151 5333 incidit,
2178 5265 2246 5322 ad
2268 5266 2644 5323 Antiochenos
2674 5267 2883 5325 litteras
2912 5272 3121 5336 scribit,
3150 5273 3349 5343 quibus
3370 5274 3511 5329 sacri

1936 5357 2182 5429 corporis
2224 5358 2450 5415 exuvias
2487 5359 2559 5416 ad
2590 5360 2795 5434 regiam
2831 5362 3020 5418 urbem
3049 5364 3317 5435 asportari
3348 5380 3514 5421 man-

1940 5540 2357 5617 giyarolhcfrﬁg
2406 5542 2537 5617 napi.
2590 5544 2825 5617 Δάφνην
2867 5544 3219 5617 ’Δντιοχείας.
3270 5563 3290 5617 ι
3328 5544 3424 5600 Est
3456 5555 3514 5602 ct

1937 5612 2119 5686 Meroe
2169 5613 2237 5669 ad
2261 5612 2545 5686 orientem
2572 5612 2880 5686 Antiochiae
2909 5612 3126 5686 quaead
3163 5616 3504 5684 Daphnenzs

1936 5683 2012 5755 ita
2044 5684 2154 5755 ille,
2181 5684 2275 5754 qui
2300 5684 2427 5739 alibi
2454 5683 2715 5755 Daphnen
2761 5686 2840 5740 ait
2872 5683 2992 5741 esse
3028 5703 3048 5736 ι
3090 5685 3509 5743 celeberrimum

1934 5753 2256 5813 suburbium
2278 5753 2584 5814 Antiochia:
2604 5770 2795 5814 versus
2816 5755 3104 5815 orientem.
3140 5773 3163 5810 ι
