3886 6452
266 442 3488 525 mw

636 683 787 775 DE
858 685 953 774 S.
1038 687 1568 782 LUCIANO
1642 693 2420 795 PRESBYTEBO
2516 700 3135 806 MARTYBE.

1347 911 1514 975 (Anno
1533 916 1642 967 312.
1669 916 1791 968 Acta
1822 917 1910 971 SS.
1958 921 2185 973 Bolland.
2209 922 2322 972 Jan.
2349 925 2421 987 7.)

1833 1099 1902 1110 ...-

386 1213 415 1285 ς
445 1215 489 1269 Ι.
511 1244 583 1260 -
603 1210 831 1272 aniaui
856 1221 1133 1290 sanctitas,
1160 1222 1405 1280 doctrina
1430 1228 1709 1283 catholica.

317 1340 646 1398 Celebratur
677 1343 945 1415 gloriosus
975 1347 1067 1402 hic
1106 1360 1314 1422 martyr
1343 1367 1409 1408 ac
1455 1353 1646 1409 doctor
1679 1355 1709 1409 7
1738 1354 1834 1411 Ja-

243 1432 422 1486 nuarii
447 1448 499 1489 .a
537 1433 766 1503 Latinis,
793 1451 822 1491 a
852 1436 1054 1494 Graecis
1093 1456 1239 1497 nunc
1289 1443 1358 1498 l5
1381 1443 1654 1511 Octobris,
1676 1457 1736 1502 ut
1764 1463 1833 1505 ex

240 1522 547 1596 Menologio
580 1536 636 1582 et
667 1527 884 1585 Menaeis
910 1540 1075 1600 patet,
1102 1544 1265 1605 atque
1306 1535 1633 1608 Anthoiogio
1655 1555 1684 1594 a
1710 1538 1832 1597 Cie-

241 1627 425 1671 mente
449 1616 560 1671 Vili
587 1622 884 1689 approbato
910 1637 926 1688 ;
954 1623 1081 1678 olim
1104 1640 1231 1681 vero
1269 1629 1459 1683 eodem
1487 1644 1594 1698 quo
1621 1642 1675 1686 et
1694 1633 1832 1687 obiit

237 1709 324 1764 die
349 1709 380 1764 7
399 1709 675 1778 Januarii,
697 1724 755 1767 ut
777 1713 945 1783 liquet
986 1729 1051 1771 ex
1079 1716 1137 1772 S.
1166 1717 1541 1790 Chrysostumi
1578 1738 1830 1782 sermone

235 1801 504 1870 postridie
560 1804 1036 1875 Theophaniorum
1079 1809 1131 1865 in
1193 1809 1336 1866 illius
1368 1811 1579 1868 laudem
1618 1814 1824 1870 habito.

232 1890 309 1946 De
337 1907 401 1946 eo
437 1892 716 1969 Usuardus
747 1914 803 1951 :t
836 1897 1036 1954 Eodem
1065 1899 1153 1956 die
1174 1899 1235 1955 B.
1269 1899 1828 1967 Luciani,Antiociie-

228 1999 315 2038 nae
340 1984 605 2044 Ecclesia
635 1990 935 2063 presbyteri
957 2003 1013 2048 et
1039 1994 1317 2066 martyris,
1346 1996 1461 2066 qui,
1492 1998 1626 2055 satis
1643 1997 1825 2055 clarus

227 2075 484 2133 doctrina
536 2090 598 2136 et
634 2081 967 2152 eloquentia,
1011 2099 1206 2154 passus
1256 2100 1344 2143 est
1385 2086 1715 2146 Nicomedia:
1750 2091 1823 2146 ob

226 2167 433 2226 Christi
476 2172 880 2231 confessionem
934 2176 988 2231 in
1044 2178 1429 2248 persecutione
1500 2178 1819 2251 Maximini;

226 2263 584 2336 sepultusque
619 2277 703 2322 est
740 2267 1050 2338 lielenopoli
1085 2269 1375 2342 Bithyniae.
1402 2290 1422 2325 ι
1470 2271 1671 2328 Eadem
1706 2271 1821 2329 lere

227 2352 294 2409 de
347 2369 416 2410 eo
442 2357 742 2426 praedicant
795 2358 1034 2416 Beliinus
1071 2361 1140 2417 de
1160 2359 1369 2429 Padua,
1406 2372 1461 2420 et
1493 2363 1818 2437 Martyrolo-

216 2445 381 2514 siam
412 2448 739 2518 Romanum,
781 2452 885 2507 nisi
919 2453 1065 2523 quod
1098 2467 1209 2509 non
1242 2455 1343 2511 sub
1369 2453 1689 2523 Maximino,
1719 2456 1818 2513 sed

216 2542 327 2601 sub
370 2541 701 2601 Maximiano
733 2560 951 2617 passum
980 2545 1168 2603 volunt
1197 2566 1212 2616 ;
1239 2549 1342 2606 Sub
1369 2548 1668 2606 Maximino
1689 2564 1812 2621 pas-

214 2648 345 2695 sum
373 2635 575 2692 habent
597 2634 740 2694 Beda
758 2650 813 2697 et
842 2641 959 2695 Ado
984 2641 1189 2697 excusi.

289 2723 573 2783 Prolixius
619 2727 735 2797 ejus
754 2729 988 2801 elogium
1022 2731 1091 2786 ab
1124 2732 1283 2798 actis,
1321 2747 1441 2802 qua:
1493 2732 1633 2789 infra
1661 2734 1814 2790 dabi-

218 2833 370 2880 mus,
422 2821 640 2888 paulum
683 2822 1021 2892 discrepans,
1070 2825 1233 2880 habet.
1265 2823 1555 2893 Notkerus,
1594 2836 1651 2884 et
1681 2845 1811 2887 mss.

216 2911 431 2966 Adonis
470 2910 850 2984 Martyrologia
920 2919 1372 2975 monasteriorum
1421 2921 1481 2977 S.
1534 2917 1814 2980 Laurentii

209 2998 408 3058 Leodii
455 3014 509 3058 et
533 3001 857 3063 chtensis:
888 3027 908 3062 t
946 3009 1014 3064 Et
1048 3009 1314 3066 Nativitas
1345 3010 1400 3069 S.
1438 3011 1663 3070 Luciani
1700 3015 1813 3071 An-

214 3094 487 3151 tiochenae
534 3095 791 3154 Ecclesia:
828 3101 1156 3173 presbyteri,
1187 3111 1242 3160 et
1265 3105 1547 3176 martyris,
1572 3106 1674 3163 viri
1712 3107 1810 3163 do-

211 3185 444 3243 ctissimi
488 3195 649 3258 atque
690 3189 1162 3261 eloquentissimi,
1212 3195 1305 3264 qui
1362 3191 1693 3265 Nicomediae
1740 3198 1810 3254 ob

213 3275 613 3335 confessionem
672 3281 871 3338 Christi
933 3299 1143 3353 passus,
1172 3296 1227 3343 et
1264 3286 1318 3341 in
1364 3296 1600 3359 quatuor
1629 3300 1809 3359 partes

208 3368 485 3426 dissectus
501 3382 622 3428 est:
649 3373 847 3445 quibus
884 3376 937 3432 in
981 3378 1206 3447 singulis
1229 3378 1496 3449 lapididus
1528 3379 1729 3450 ligatis,
1753 3390 1810 3438 et

214 3457 268 3514 in
298 3476 453 3517 mare
482 3465 767 3531 demersis,
797 3466 899 3523 alia
933 3468 1022 3524 die
1059 3468 1377 3542 lleienopoli
1423 3470 1693 3543 Bithyniae
1721 3472 1805 3527 in-

208 3559 426 3623 tegrum
458 3570 654 3628 corpus
688 3573 816 3616 cum
845 3559 980 3630 ipsis
1022 3559 1294 3632 lapidibus
1323 3562 1602 3620 inventum
1634 3564 1804 3619 bono-

212 3646 368 3703 riiice
416 3653 689 3718 sepultum
721 3662 829 3707 est.
859 3649 1034 3718 Quam
1085 3654 1298 3721 urbem,
1331 3668 1454 3709 cum
1497 3653 1648 3724 prius
1673 3653 1803 3710 Dre-

205 3755 352 3810 pana
382 3752 695 3808 vocaretur,
722 3743 775 3798 in
807 3743 1068 3800 honorem
1096 3743 1336 3815 ejusdem
1380 3746 1635 3816 martyris
1657 3744 1803 3800 Con-

208 3833 489 3889 stantinus
538 3834 834 3905 imperator
867 3837 1201 3901 instaurans,
1246 3852 1315 3893 ex
1355 3837 1580 3894 nomine
1608 3837 1800 3894 matris

206 3939 325 3981 sua:
364 3924 738 3998 llelenOpolim
774 3930 1129 4000 nuncupavit.
1187 3947 1209 3982 ι
1268 3929 1468 3985 Eadem
1520 3930 1636 3986 fere
1664 3944 1797 3986 mss.
1826 3948 1870 4007 ς

207 4014 505 4083 Letiense,
534 4028 590 4073 et
627 4019 686 4075 S.
720 4019 937 4075 Martini
971 4020 1229 4086 Tornaci,
1274 4037 1339 4077 ac
1370 4022 1693 4078 Florarium.
1722 4027 1794 4079 At

206 4122 344 4166 mss.
392 4107 451 4166 S.
489 4108 707 4165 Martini
770 4110 1014 4167 Treviris
1060 4123 1115 4167 et
1149 4111 1428 4169 ﬁniat-iac
1461 4114 1782 4186 Ultrajecti:

210 4212 233 4248 ι
263 4195 329 4251 ln
366 4194 681 4257 Nicomedia
711 4196 941 4257 aniaui
974 4200 1296 4274 presbyteri,
1335 4206 1427 4274 qui
1474 4206 1526 4259 in
1555 4216 1792 4275 quatuor

206 4298 395 4358 partes
439 4289 663 4357 fractus,
694 4291 751 4347 in
794 4309 943 4349 mare
975 4295 1277 4361 demersus,
1310 4298 1520 4368 integer
1540 4300 1791 4356 inventus

204 4390 314 4438 est.
344 4400 367 4435 ι»
407 4381 701 4440 hieminere
749 4401 963 4455 quoque
1011 4386 1070 4441 S.
1116 4388 1339 4443 Luciani
1387 4391 1492 4446 hoc
1516 4392 1790 4448 dievetus

100 4534 105 4538 _
202 4468 649 4542 Martyrologium
690 4470 1014 4540 Romanum,
1048 4491 1150 4532 ms.
1183 4475 1789 4549 S.Hieronymi,Wan-

206 4564 512 4629 dclbertus,
543 4567 915 4639 Maurolycns,
952 4570 1282 4636 Galesinius,
1319 4572 1541 4643 aliique.

190 4660 198 4723 ξ
274 4656 337 4711 5.
378 4656 441 4711 S.
480 4656 848 4731 Hieronymus
881 4661 976 4715 iib.
1012 4661 1091 4717 De
1153 4662 1497 4733 scriptoribus
1541 4663 1788 4720 ecclesia-

201 4751 374 4818 sticis,
406 4765 529 4821 cap.
556 4751 643 4816 77,
677 4752 751 4811 ita
797 4754 859 4809 S.
892 4752 1192 4811 Lucianum
1246 4756 1487 4813 celebrat
1532 4774 1547 4811 :
1589 4776 1608 4810 ι
1674 4758 1784 4813 Lu-

202 4845 397 4903 cianus
430 4846 521 4901 (vir
544 4845 961 4912 disertissimus,
991 4846 1345 4905 Antiochense
1371 4848 1631 4905 Ecclesia:
1657 4866 1783 4921 pre-

199 4936 413 5008 sbyter,
443 4947 651 4995 tantum
683 4939 738 4994 in
798 4938 1204 5010 Scripturarum
1260 4944 1439 4999 studio
1492 4943 1780 5011 laboravit,

202 5039 262 5085 ut
285 5045 463 5101 usque
493 5046 637 5087 nunc
686 5031 933 5100 quaedam
985 5032 1324 5103 exemplaria
1378 5035 1783 5106 Scripturarum

200 5119 476 5179 Metanira
500 5133 901 5193 nuncupentur.
926 5122 1197 5179 Feruntur
1224 5126 1348 5196 ejus
1375 5130 1442 5181 de
1473 5128 1575 5183 tida
1593 5128 1779 5197 libelli,

199 5221 255 5268 et
278 5213 480 5271 breves
510 5215 580 5271 ad
617 5205 908 5275 nonnullos
940 5216 1211 5287 epistola.
1248 5212 1451 5277 Passus
1480 5228 1566 5274 est
1618 5219 1780 5277 Nico-

1863 1242 1908 1294 Α
1941 1237 2102 1307 «laxa,
2141 1246 2407 1312 alterum,
2449 1261 2556 1314 quo
2597 1255 2845 1318 tempore
2872 1249 3087 1309 obierit.
3123 1253 3274 1321 Quod
3309 1258 3374 1317 ad
3402 1260 3513 1329 pri-

1938 1344 2081 1383 mum
2129 1337 2346 1403 attinet,
2399 1338 2526 1409 quia
2564 1339 2613 1392 id
2643 1340 2812 1395 nostri
2853 1357 2959 1397 non
2998 1353 3083 1398 est
3113 1344 3369 1416 instituti,
3396 1353 3513 1405 sin-

1934 1416 2181 1491 gulorum
2213 1429 2313 1485 SS.
2346 1432 2549 1499 scripta
2594 1434 2923 1503 expendere,
2979 1435 3106 1493 dum
3150 1449 3365 1494 constet
3414 1457 3510 1499 eos

1934 1516 1986 1567 in
2043 1519 2311 1577 catholica
2369 1523 2472 1578 ﬁde
2498 1538 2620 1580 esse
2652 1534 2896 1583 mortuos
2948 1538 3113 1601 atque
3161 1532 3216 1588 in
3267 1534 3507 1591 caelitum

1932 1620 2157 1664 numero
2205 1610 2274 1666 ab
2311 1613 2554 1670 Ecclesia
2601 1618 2837 1684 censeri,
2894 1620 2946 1673 id
2999 1606 3164 1678 verbo
3212 1624 3386 1681 solum
3416 1626 3509 1686 llic

1930 1696 2290 1768 attingemus;
2350 1692 2673 1772 praesertim
2704 1724 2826 1763 cum
2889 1710 2939 1765 id
2990 1712 3203 1782 plenius
3256 1726 3504 1775 acturum

1928 1802 2049 1846 esse
2068 1792 2309 1855 sciamus
2347 1795 2563 1853 Petrum
2597 1799 2807 1856 lIailoix
2854 1816 3127 1874 nosu'nm;
3180 1809 3268 1864 cui
3321 1810 3506 1866 erudi—

1932 1880 2141 1938 tissimo
2171 1884 2287 1941 viro
2335 1903 2530 1957 precor
2564 1900 2615 1943 nl
2663 1890 2863 1947 multos
2912 1894 3054 1950 Deus
3101 1897 3299 1953 addere
3327 1914 3501 1957 annos

1926 1971 2078 2028 velit.
2120 1973 2254 2030 Nam
2287 1994 2407 2048 qua:
2428 1980 2723 2052 ediditjam
2748 1982 3150 2041 chanctorum
3176 1989 3500 2059 scriptorum

1925 2062 2179 2121 Ecclesiae
2217 2068 2541 2128 ~0rientalis
2596 2074 2757 2130 rebus
2806 2079 2974 2147 gestis
3030 2080 3330 2149 volumina,
3386 2092 3498 2137 tum

1923 2165 2113 2211 sancto
2138 2158 2580 2219 iiiiLaatiensium
2612 2165 2791 2221 abbati
2820 2166 3052 2226 Antonio
3084 2171 3302 2241 Wingio
3351 2175 3501 2229 miri-
3580 2248 3583 2251 Ἴ

1924 2244 2023 2298 tice
2046 2246 2293 2315 probata,
2340 2260 2448 2306 tum
2482 2253 2550 2308 ab
2607 2255 2731 2312 aliis
2770 2257 2905 2314 viris
2955 2259 3233 2317 eruditiss.
3283 2264 3357 2317 ita
3391 2265 3500 2321 lan-

1921 2334 2036 2389 dari
2071 2338 2283 2402 scio,ut
2313 2353 2541 2413 negetse
2558 2345 2725 2401 alium
2756 2348 3078 2419 scriptorem
3105 2351 3302 2424 majori
3321 2352 3500 2424 legere

1919 2426 2086 2482 animi
2122 2429 2434 2500 voluptate,
2496 2436 2759 2509 quidquid
2798 2440 2963 2511 aliqui
3009 2456 3172 2507 secus
3228 2446 3494 2505 sentiant.

1919 2513 2026 2571 Sed
2058 2518 2126 2574 ad
2149 2532 2394 2579 sanctum
2419 2524 2717 2583 Lucianum
2748 2542 3109 2591 revertamur.

1842 2590 1890 2651 Β
1987 2626 2040 2682 5.
2065 2626 2199 2684 Cum
2221 2632 2486 2689 acerrime
2504 2634 2936 2697 Sabellianornm
2958 2658 3173 2704 errores
3188 2650 3497 2717 confutaret

1918 2716 2210 2784 Lucianus.
2251 2725 2447 2781 ardore
2493 2727 2878 2810 disputationis
2934 2750 3002 2795 eo
3039 2746 3121 2795 est
3180 2753 3492 2810 provectus,

1918 2821 1976 2864 ut
2005 2813 2164 2881 paulo
2201 2814 2448 2873 licentius
2474 2817 2527 2875 in
2557 2807 2887 2878 contrariam
2910 2836 3117 2897 partem
3139 2807 3490 2905 inclinatas“,

1916 2912 1972 2958 et
2005 2919 2126 2960 cum
2158 2907 2235 2963 iiii
2265 2923 2618 2978 personarum
2662 2914 2715 2970 in
2749 2914 3013 2983 Trinitate
3046 2918 3493 2985 tollerent‘onme

1915 2996 2234 3065 discrimen,
2286 3001 2359 3057 ita
2393 3003 2509 3074 ipse
2542 3021 2806 3076 personas
2838 3010 3153 3073 distinxisse
3210 2994 3359 3074 visus
3395 3019 3489 3086 sit,

1916 3099 1972 3144 ut
1995 3091 2163 3161 ipsam
2182 3097 2581 3164 quodammodo
2609 3112 2893 3169 separaret
2914 3105 3300 3167 substantiam.
3333 3110 3489 3179 Quod

1913 3179 2058 3236 idem
2085 3193 2278 3241 sancto
2319 3185 2577 3257 Dionysio
2615 3188 2985 3249 Alexandrino
3023 3194 3112 3265 (de
3138 3213 3247 3266 quo
3278 3199 3344 3255 l7
3381 3198 3493 3263 No-

1912 3271 2141 3343 vemb.),
2167 3275 2426 3333 adversus
2457 3277 2631 3354 ipsum
2654 3282 2833 3351 agenti
2857 3282 3174 3354 Sabellium,
3204 3302 3486 3355 evenerat.

1913 3361 1982 3418 Et
2007 3365 2149 3420 sicut
2183 3365 2437 3440 Dionysio
2467 3370 2535 3424 ab
2564 3372 2834 3445 episcopis
2867 3375 3049 3448 Libya:
3074 3379 3374 3446 exhibitura
3403 3398 3492 3447 es;

1912 3458 2208 3527 negotium,
2233 3460 2368 3514 adeo
2398 3470 2454 3515 ut
2490 3477 2712 3520 causam
2743 3467 3046 3535 oportuerit
3079 3471 3146 3526 ad
3180 3471 3488 3537 Romanum

1912 3547 2224 3616 pontificem
2268 3549 2493 3617 deierri,
2533 3567 2563 3609 a
2600 3568 2709 3622 quo
2740 3557 2890 3613 omni
2925 3559 3147 3617 haeresis
3174 3565 3487 3633 suspicione

1900 3650 1996 3695 est
2024 3640 2340 3711 absolutus;
2387 3643 2463 3697 ita
2522 3643 2797 3703 Lucianus
2830 3649 3020 3713 eadem
3050 3666 3212 3708 causa
3240 3657 3484 3727 exagita-

1909 3740 2015 3797 tus,
2056 3742 2216 3801 atque
2241 3749 2271 3787 a
2301 3734 2475 3792 tribus
2496 3737 2600 3795 sibi
2629 3738 2862 3796 invicem
2887 3744 3307 3804 succedentibus
3363 3752 3485 3821 epip

1898 3823 2477 3893 .scopisAntiochenis,
2505 3828 2573 3882 ab
2606 3829 2849 3895 Ecclesia
2885 3849 3102 3905 quoque
3139 3839 3343 3909 ejectus
3371 3853 3478 3903 est.

1900 3912 2064 3972 Patet
2113 3916 2164 3971 id
2199 3932 2263 3972 ex
2292 3918 2524 3989 epistola
2561 3922 2619 3977 Ξ.
2672 3923 2966 3985 Alexandri
3008 3929 3191 3998 Episc.
3233 3935 3478 3995 Alexan.

1904 4004 2069 4073 drini,
2101 4020 2262 4076 quam
2305 4007 2474 4065 refert
2507 4010 2882 4073 Theodoretus
2906 4018 3051 4079 Hist.
3085 4020 3287 4081 [ἔσεισι.
3316 4026 3411 4086 lib.
3434 4045 3478 4096 ι.

1906 4112 2025 4168 cap.
2061 4099 2118 4165 4,
2149 4102 2236 4157 ubi
2293 4101 2395 4157 ista
2424 4102 2674 4176 leguntur
2706 4124 2721 4163 :
2762 4127 2781 4161 ι
2829 4109 2966 4169 Tum
3000 4116 3321 4184 pestiferum
3356 4130 3478 4179 ειυφ

1894 4190 2051 4246 dium
2109 4191 2261 4248 Pauli
2317 4195 2682 4266 Samosateni,
2738 4203 2979 4274 episcopi
3021 4208 3344 4278 Antiochiae,
3381 4202 3477 4282 qui

1899 4281 2131 4338 concilio
2186 4286 2430 4340 omnium
2492 4290 2691 4360 ubique
2724 4293 3099 4365 episcoporum
3144 4310 3305 4370 atque
3341 4281 3475 4361 adeo

1894 4374 2098 4445 judicio
2134 4375 2394 4437 Ecclesia:
2429 4380 2638 4451 ejectus
2675 4395 2760 4439 est
2815 4399 2833 4440 :
2872 4387 3039 4455 cujus
3068 4405 3339 4459 perversa:
3375 4396 3477 4454 do-

1899 4462 2089 4519 ctrinm
2117 4462 2390 4527 Lucianus
2423 4482 2708 4531 successor
2731 4472 2928 4540 factus,
2952 4478 3244 4532 lllttllortlm
3299 4497 3473 4539 atmo-

1898 4568 2017 4609 rum
2048 4555 2245 4626 spatio,
2290 4559 2395 4615 hoc
2450 4570 2554 4626 est,
2591 4564 2852 4631 tantisper
2879 4566 3008 4621 dum
3044 4579 3154 4623 tres
3192 4573 3468 4645 .episcopi,

1894 4646 2040 4702 alius
2079 4657 2203 4718 post
2230 4648 2424 4715 alium,
2465 4652 2763 4709 Ecclesiam
2796 4654 2941 4711 illam
2972 4671 3183 4723 rexere,
3213 4661 3471 4727 exclusus

1893 4742 1964 4799 ab
1982 4742 2225 4807 Ecclesia
2251 4746 2468 4802 mansit.
2505 4765 2525 4800 ι
2558 4748 2691 4807 Dum
2721 4764 2850 4804 vero
2872 4750 3092 4821 scriptis
3118 4751 3315 4820 libellis
3339 4757 3468 4823 ﬁdei

1891 4848 2005 4891 suae
2038 4835 2403 4906 integritatem
2437 4840 2574 4901 tueri
2604 4850 2831 4897 conatur
2848 4840 3145 4913 Lucianus,
3176 4845 3303 4903 dolo
3324 4846 3468 4907 Pan-

1892 4928 2049 4983 cratii
2090 4930 2383 4988 Sabelliani
2429 4933 2484 4987 in
2543 4948 2735 4999 manus
2762 4937 2913 4997 venit
2936 4951 3375 5012 persecutorum,
3410 4956 3467 5006 et

1891 5019 2128 5088 glorioso
2154 5022 2420 5093 martyrio
2446 5018 2741 5082 coronatus
2769 5038 2873 5084 est.

1952 5128 2014 5185 .6.
2066 5129 2183 5186 Sed
2231 5147 2407 5203 neque
2450 5132 3072 5212 :Hieronymus,-neque
3132 5143 3465 5217 aiiusquis-

1889 5237 2049 5292 quam
2074 5225 2242 5281 aliter
2276 5227 2346 5283 de
2370 5242 2439 5283 eo
2458 5229 2703 5299 scripsit,
2726 5247 2891 5302 quam
2922 5244 2980 5290 ut
3006 5237 3079 5293 de
3108 5239 3224 5292 viro
3244 5242 3462 5313 egregie

200 5310 396 5367 media:
428 5309 503 5366 ob
564 5309 962 5369 confessionem
994 5312 1221 5378 Christi,
1253 5313 1354 5368 sub
1404 5315 1784 5382 persecutione
1814 5308 1861 5365 D
1889 5312 2181 5371 catholico.
2232 5314 2318 5370 Ex
2361 5315 2646 5388 discipulis
2697 5329 2879 5384 tamen
2920 5325 3045 5394 eius
3106 5327 3353 5396 quidam,
3377 5308 3463 5387 vae

199 5399 483 5456 Maximini
513 5442 530 5467 ,
598 5403 953 5472 sepultusque
1013 5403 1326 5475 ﬂetencpcii
1386 5405 1672 5477 Bithyniae.
1745 5426 1766 5460 ι

198 5491 404 5549 Eadem
452 5492 573 5551 fere
627 5492 901 5552 Honorius
955 5496 1507 5566 Augustodunensis,
1564 5512 1617 5552 c.
1681 5497 1772 5566 77,

196 5583 294 5642 sed
333 5582 692 5649 fallitur'dmn
726 5584 1056 5643 Nicomediae.
1080 5588 1262 5659 Episc.
1293 5586 1462 5643 luisse
1496 5588 1706 5644 scribit.

264 5677 324 5734 4.
362 5677 485 5733 Duo
534 5680 602 5734 de
628 5678 686 5735 S.
727 5679 969 5737 Luciano
992 5680 1235 5738 revocari
1294 5682 1348 5737 in
1403 5682 1776 5739 controversia

197 5782 469 5841 possunt;
529 5773 784 5841 primum,
825 5782 1045 5829 rectene
1074 5776 1307 5833 senserit
1347 5777 1409 5833 de
1446 5776 1551 5833 [ide
1584 5777 1776 5834 ortho-

439 5866 717 5929 Ρηιιοι..
755 5865 875 5929 Gn.
908 5865 1131 5929 CXIV.

1889 5403 2004 5461 fere
2026 5415 2181 5462 antea
2202 5407 2500 5466 idolelatria
2530 5413 2804 5482 maculati,
2838 5418 2890 5469 in
2920 5416 3033 5470 Arii
3065 5428 3270 5473 sectam
3286 5421 3462 5477 decli-

1891 5509 2091 5555 narunt
2118 5519 2134 5558 :
2164 5509 2220 5556 et
2245 5517 2375 5558 suos
2402 5505 2567 5563 Arius
2591 5505 3010 5567 Collucianistas
3037 5511 3362 5579 appellabat.
3392 5514 3461 5568 Et

1886 5590 2115 5663 Niceph.
2138 5591 2406 5651 Callistus
2448 5596 2545 5653 lib.
2577 5613 2790 5670 u,cap.
2819 5600 2877 5666 5,
2909 5600 3071 5659 tradit
3096 5603 3225 5658 tidei
3252 5601 3460 5657 formu-

1887 5679 1993 5736 lam
2024 5683 2340 5751 quamdam,
2368 5685 2740 5743 Arianismum
2787 5690 3137 5755 redolentem,
3167 5709 3187 5743 ι
3219 5691 3461 5749 Luciano

1886 5773 2006 5830 viro
2039 5772 2245 5843 divino,
2267 5787 2326 5834 et
2365 5776 2422 5833 in
2459 5779 2636 5837 sacris
2664 5778 2885 5837 Litteris
2919 5794 3082 5851 supra
3114 5789 3341 5837 caeteros
3363 5794 3462 5851 ap.

3069 5868 3141 5936 13
