3886 6482
361 363 468 428 395

1562 353 1846 414 MENSIS
1897 350 2360 412 JANUARIUS.

3523 343 3640 407 396

353 482 527 546 pu‘me
557 473 769 529 erudito
844 491 861 522 ι
890 470 1025 526 falso
1047 483 1075 522 a
1100 466 1419 537 quibusdam
1459 463 1777 533 ascriptam,
1828 479 1845 512 ι
1883 471 1938 514 ιιι
1971 478 2012 534 Α
2043 475 2236 531 nymns
2258 460 2328 513 De
2365 458 2609 528 scriptor.
2639 456 2822 512 eccles.
2850 456 2900 510 in
2920 455 3183 511 Luciano.
3203 453 3400 510 Errore
3426 454 3639 509 factum

351 568 708 640 arriplitudine
735 567 990 635 martyris
1045 575 1147 615 suo
1172 561 1375 628 scripto
1411 558 1790 613 celebritatem
1826 570 1948 609 vcn-

350 663 617 716 dicarent.
655 676 674 709 ι
717 656 861 712 Idem
884 654 1050 710 refert
1077 651 1467 708 Sozomenusl.
1500 666 1584 716 ιιι,
1610 664 1658 703 c.
1681 650 1736 702 5.
1773 647 1948 702 Mace-

351 749 570 806 doniani
601 759 814 816 quoque
849 743 908 799 S.
938 742 1198 807 Luciano,
1229 751 1284 795 ut
1337 740 1420 795 sui
1455 737 1658 794 erroris
1712 735 1943 800 fautore,

355 842 495 897 falso
523 839 917 911 gloriabantur,
970 846 1031 891 ut
1057 834 1293 890 ostendit
1330 832 1390 888 S.
1440 832 1701 886 Athanas.
1739 828 1864 882 dial.
1889 827 1943 880 3s

359 935 434 988 De
460 933 519 989 S.
579 931 856 996 Trinitate,
888 931 978 1001 qui
1016 939 1191 983 tamen
1249 927 1390 983 idem
1425 940 1484 980 se
1513 924 1756 984 credere,
1802 920 1944 989 quod

357 1026 646 1086 Lucianus,
689 1023 860 1077 libere
904 1020 1225 1089 profitetur,
1287 1029 1339 1072 et
1390 1018 1442 1070 in
1498 1013 1716 1086 synopsi
1773 1025 1946 1066 sacrm

354 1117 651 1188 Scriptura:
673 1130 820 1177 eum,
846 1121 953 1167 uta
983 1110 1372 1166 catholicorum
1398 1107 1642 1176 partibus
1679 1112 1941 1163 stantem,

343 1213 460 1269 hoc
499 1209 694 1266 illustri
728 1207 910 1261 laudat
955 1205 1147 1271 elogio,
1186 1217 1351 1272 agens
1385 1202 1450 1254 de
1477 1199 1718 1255 editione
1755 1210 1944 1251 sacro-

357 1319 479 1360 rum
515 1299 874 1362 voluminum,
921 1311 1041 1366 qua:
1068 1294 1359 1362 .Lucianea
1406 1288 1733 1359 appellatur.
1777 1305 1794 1338 ι
1838 1285 1940 1339 Se-

359 1397 548 1466 ptima,
581 1392 777 1462 inquit,
801 1398 856 1444 et
877 1398 1147 1459 postrema
1180 1385 1354 1441 sancti
1384 1381 1606 1437 Luciani
1642 1379 1818 1450 magni
1857 1393 1945 1430 as-

359 1500 494 1545 ceta:
524 1495 576 1541 et
620 1485 877 1552 martyris
907 1491 1010 1544 est,
1038 1479 1127 1548 qui
1160 1486 1214 1532 et
1241 1477 1356 1546 ipse
1391 1490 1514 1530 cum
1550 1473 1601 1527 in
1657 1470 1943 1541 praedictas

361 1580 659 1640 versiones.
689 1583 744 1630 et
774 1573 1070 1629 Hebraicos
1100 1571 1267 1624 libros
1309 1567 1606 1627 incidisset,
1639 1573 1694 1618 et
1720 1563 1944 1646 diligen-

358 1684 442 1728 ter
461 1686 581 1742 quaa
614 1667 942 1723 veldeerant
967 1663 1052 1719 vel
1079 1663 1219 1717 ultra
1247 1661 1528 1716 veritatem
1561 1647 1942 1712 redundabant

360 1766 547 1828 verba,
572 1761 917 1831 inspexisset,
949 1772 1012 1810 ac
1045 1755 1158 1810 suis
1182 1752 1559 1825 qumquelocis
1589 1749 1938 1814 correxisset;

2052 552 2280 613 videtur,
2320 560 2377 604 ιιι
2399 561 2501 604 tam
2538 549 2925 619 Metaphrastes
2953 564 3113 618 quam
3147 549 3344 603 Suidas
3369 562 3493 602 eum
3530 549 3644 602 sub

2054 645 2380 698 Maximiano
2427 645 2689 716 martyrio
2736 645 3056 698 occubuisse
3112 645 3318 699 dicant.
3371 662 3389 694 ι
3428 643 3527 696 Ast
3577 641 3641 695 in
3681 710 3684 717 ε

2053 736 2343 789 Annalibus
2395 735 2445 790 id
2479 737 2624 790 visus
2677 746 2758 790 est
2796 750 3082 789 revocasse
3117 735 3403 796 Baronius,
3441 733 3506 784 ad
3535 748 3642 786 an.

2050 825 2175 892 5H,
2198 841 2254 879 ιι.
2299 825 2354 890 3,
2391 825 2634 879 scribens
2655 825 2754 878 sub
2779 823 2995 878 Galerio
3021 823 3366 888 Maximiano,
3395 837 3498 875 non
3535 837 3647 874 au-

2051 928 2157 972 tem
2183 916 2499 981 Maximino,
2526 915 2850 970 Maximiano
2882 931 2974 969 vin
3007 924 3062 968 et
3101 914 3309 968 Licinio
3333 929 3472 968 coss.
3503 927 3644 982 pas-

2049 1023 2168 1062 sum
2199 1023 2343 1074 esse,
2365 1008 2678 1078 priusquam
2703 1009 2881 1062 edicto
2911 1007 3020 1060 lato
3045 1005 3471 1076 persecutionem
3491 1007 3642 1059 idem

2049 1099 2348 1170 imperator
2377 1101 2708 1168 prohiberet.
2737 1099 2880 1153 Idem
2924 1100 3120 1153 asserit
3166 1099 3454 1170 Dionysius
3475 1096 3648 1167 Peta-

2048 1192 2167 1244 vius
2201 1200 2383 1245 noster
2408 1190 2480 1243 De
2511 1189 2758 1242 doctrina
2787 1197 2949 1259 temp.
2977 1189 3072 1242 lib.
3108 1204 3224 1243 xttt.
3262 1187 3318 1241 In
3349 1203 3467 1242 eam
3501 1204 3640 1242 sen-

2047 1282 2269 1335 tentiam
2314 1283 2564 1335 inductus
2594 1281 2683 1335 hic
2715 1283 2945 1346 videtur,
2993 1293 3156 1349 atque
3191 1282 3301 1350 ipse
3331 1281 3493 1334 etiam
3530 1281 3642 1334 Ba-

2050 1375 2260 1437 ronins,
2292 1385 2576 1443 propterea
2608 1373 2751 1442 quod
2776 1373 3040 1428 Eusebius
3065 1411 3078 1436 ,
3100 1371 3194 1426 lib.
3231 1387 3350 1434 vni,
3378 1387 3498 1441 cap.
3531 1371 3635 1437 25,

2048 1459 2338 1521 l'eccnsens
2387 1465 2712 1520 celebriorcs
2768 1475 3034 1534 martyres
3079 1464 3169 1532 qui
3204 1463 3532 1520 Diocletiani
3571 1475 3637 1519 et.

2051 1556 2362 1612 Maximiani
2389 1557 2761 1624 persecutione
2780 1555 3022 1627 martyrii
3042 1556 3274 1624 palmam
3289 1557 3464 1626 adepti
3481 1565 3640 1622 sunt,

2048 1651 2283 1704 nondum
2313 1657 2740 1704 commemorata
2772 1649 3014 1717 ejusdem
3065 1650 3461 1717 persecutionis
3485 1650 3634 1704 inhi.

2047 1743 2272 1810 bitione,
2321 1741 2615 1796 anianum
2668 1757 2884 1812 quoque
2932 1741 3073 1795 inter
3106 1756 3200 1796 eos
3253 1755 3503 1798 recenset
3549 1744 3642 1798 his

358 1821 675 1913 versionem.
710 1854 852 1907 hanc
903 1821 1230 1906 Christianis
1288 1821 1544 1900 fratribus
1573 1843 1777 1898 edidit:
1818 1854 1939 1909 quae
1974 1821 2020 1878 Β
2053 1836 2232 1890 verbis
2261 1849 2275 1886 :
2307 1853 2326 1886 ι
2360 1833 2437 1887 Ex
2471 1835 2796 1904 martyribus
2814 1847 2942 1888 vero
2964 1831 3338 1900 Antiochenis,
3360 1832 3642 1890 Lucianus

359 1965 490 2007 sane
515 1954 633 2019 post
662 1947 780 2018 ejus
802 1953 1073 2001 certamen
1113 1951 1167 1996 et
1186 1941 1516 2010 martyrium
1553 1937 1790 2004 ejusdem
1815 1949 1945 1988 san-

359 2043 431 2099 cti
455 2040 706 2100 Luciani,
755 2037 896 2107 quod
938 2035 1036 2090 sub
1071 2031 1401 2088 Diocletiano
1427 2039 1478 2083 et
1508 2027 1835 2112 Maximiano
1860 2033 1945 2093 ty-

361 2135 550 2190 rannis
577 2130 858 2195 sustinuit,
892 2127 1030 2180 libro
1055 2123 1303 2178 videlicet
1324 2121 1539 2190 propria
1569 2117 1744 2188 ipsius
1775 2128 1941 2169 manu

363 2225 678 2292 conscripto
724 2221 1135 2289 comprehensa,
1163 2213 1490 2269 Nicomedia:
1535 2212 1634 2266 sub
1669 2208 1942 2263 Constan-

365 2321 480 2374 tino
531 2331 659 2385 rege
701 2314 913 2381 Magno,
945 2311 1082 2381 apud
1112 2309 1328 2362 Jndteos
1375 2305 1426 2359 in
1467 2303 1674 2375 pariete
1721 2297 1940 2355 armarii

366 2411 516 2466 calce
539 2406 868 2470 circumlito,
907 2403 996 2458 ubi
1030 2401 1289 2456 custodia:
1317 2397 1489 2467 gratia
1537 2394 1712 2464 posita
1745 2391 1940 2452 fuerat,

366 2503 586 2559 inventa
626 2508 731 2555 est.
764 2516 783 2550 ι
813 2495 891 2551 De
919 2496 1020 2550 hac
1042 2494 1229 2548 eadem
1262 2489 1496 2544 editione
1525 2485 1744 2540 llieron.
1783 2484 1942 2553 epist.

365 2593 496 2658 107,
546 2607 668 2662 quas
694 2598 776 2644 est
802 2586 1047 2660 prml‘atio
1083 2584 1136 2638 in
1169 2582 1366 2636 librum
1400 2577 1848 2649 Paralipomenon
1878 2573 1943 2626 ad

365 2681 741 2740 Chromatium
767 2695 786 2734 :
818 2696 837 2730 ι
864 2675 1000 2732 Nam
1033 2673 1358 2729 Alexandria
1383 2669 1713 2739 etIEgyptus
1743 2668 1796 2721 in
1847 2664 1948 2720 Se-

369 2775 649 2847 ptuaginta
691 2771 804 2828 suis
841 2749 1167 2840 Hesychium
1201 2764 1386 2820 laudat
1437 2773 1715 2816 auctorem
1754 2775 1767 2810 :
1799 2756 1947 2812 Con-

357 2861 749 2934 stantinopolis
796 2874 967 2930 usque
1020 2854 1360 2912 Antiochiam
1400 2851 1624 2908 Luciani
1688 2848 1946 2919 martyris

370 2955 698 3026 exemplaria
753 2953 950 3023 probat
1009 2965 1024 3002 :
1079 2946 1269 3001 media:
1331 2943 1472 2998 inter
1525 2943 1622 2996 has
1654 2939 1946 3012 provinciae

369 3043 931 3104 Palaestinos-codices
959 3041 1162 3111 legunt,
1181 3051 1318 3107 quos
1359 3036 1428 3090 ab
1460 3035 1667 3104 origine
1697 3032 1946 3085 elabora-

372 3148 480 3203 tos,
511 3134 773 3192 Eusebius
807 3139 861 3186 et
895 3127 1208 3197 Pamphilus
1244 3123 1600 3193 vulgaverunt
1628 3137 1642 3173 :
1671 3121 1944 3189 totiusque

371 3230 520 3283 orbis
579 3225 843 3280 haeinter
883 3235 944 3277 se
990 3219 1198 3274 trifaria
1236 3216 1496 3270 varietate
1538 3221 1940 3283 compuguat.)

371 3315 673 3372 Pertractat
720 3313 839 3369 haec
869 3311 1112 3383 pluribus
1149 3308 1350 3362 Baron.
1383 3314 1512 3360 tom.
1558 3303 1628 3359 111
1652 3302 1847 3357 Annal.
1874 3303 1942 3357 ad

371 3425 460 3464 an.
481 3408 605 3475 511,
635 3424 688 3464 n.
722 3407 789 3474 ες
824 3407 1062 3476 itemque
1083 3401 1150 3458 ad
1173 3416 1261 3457 an.
1286 3400 1415 3468 518,
1449 3398 1585 3455 ιι.“14
1611 3405 1666 3454 et
1688 3411 1804 3467 seq.
1823 3407 1876 3452 et
1896 3396 1948 3450 in

373 3503 516 3560 notis
544 3506 610 3556 ad
642 3497 1106 3570 Martyrologium.

586 3588 616 3662 ς
647 3589 710 3644 ll.
759 3588 817 3643 S.
849 3585 1075 3641 Luciani
1121 3593 1261 3650 acta,
1294 3591 1497 3654 tempus
1527 3580 1734 3636 mortis.

444 3685 497 3742 7.
529 3683 660 3738 Acta
689 3680 860 3736 sancti
880 3678 1104 3733 Luciani
1123 3675 1189 3730 ab
1212 3676 1434 3745 antiquo
1449 3669 1951 3740 auctoredescripla

371 3779 684 3844 insertaque
705 3770 1028 3829 Collectioni
1075 3767 1476 3836 Metaphrastae,
1505 3776 1560 3820 et
1591 3763 1782 3818 Latine
1802 3761 1949 3816 edita

369 3886 402 3924 ιι
443 3867 742 3936 Lipomano
815 3877 876 3915 ac
910 3860 1089 3924 Surio,
1142 3874 1161 3908 ι
1223 3869 1478 3924 germana
1535 3863 1591 3907 et
1627 3852 1949 3919 scriptorum
1987 3888 1990 3890 -

369 3967 633 4032 perpetua
661 3955 919 4010 memoria
941 3950 1315 4007 commendata
1347 3966 1366 4000 ι
1404 3954 1565 4002 vocat
1593 3945 1858 3999 Duronius
1883 3942 1951 3996 ad

371 4068 464 4108 an.
506 4051 632 4115 511,
660 4066 714 4103 ιι.
754 4049 808 4103 5.
866 4046 962 4101 llis
1005 4059 1069 4100 ex
1116 4041 1309 4096 Bullini
1355 4039 1497 4094 Hist.
1530 4037 1714 4092 eccles.
1751 4037 1844 4090 lib.
1874 4051 1952 4099 ιι,

371 4159 492 4215 cap.
518 4144 572 4210 6,
611 4141 855 4212 quaedam
882 4139 1292 4208 subjungemus.
1321 4131 1456 4188 Nam
1494 4147 1611 4201 qua:
1643 4129 1752 4194 ille,
1785 4127 1954 4182 Euse-

356 4238 519 4292 «bium
552 4238 916 4302 interpretans
939 4241 994 4285 et
1012 4227 1244 4284 subinde
1265 4221 1626 4294 ampliﬁcans,
1666 4221 1734 4276 de
1774 4233 1955 4290 perse-

369 4327 587 4384 cutione
615 4331 736 4396 post
765 4322 1007 4378 inducias
1055 4333 1151 4373 sex
1203 4315 1468 4371 mensium
1531 4311 1860 4368 Christianis
1883 4325 1951 4365 ex

359 4418 572 4476 Galerii
598 4412 910 4470 Maximiani
933 4407 1262 4465 Armentarii
1287 4405 1462 4460 edicto
1479 4403 1715 4459 indultas
1736 4417 1948 4457 rursum

2047 1929 2164 1997 ejus
2219 1931 2470 1996 par-(scite
2525 1931 2807 2001 presbyter
2878 1929 2982 1998 piis
3021 1929 3147 1984 vita:
3187 1930 3454 1984 institutis
3498 1946 3641 1999 prae-

2050 2022 2441 2085 stantissimus,
2477 2025 2567 2092 qui
2613 2022 2938 2077 Nicomedia:
2963 2023 3084 2094 ipso
3107 2034 3372 2093 praesente
3398 2025 3644 2096 impera—

2049 2129 2184 2183 tore,
2210 2117 2434 2172 coeleste
2465 2116 2670 2172 Christi
2703 2132 2926 2188 regnum
2959 2133 3212 2174 sermone
3257 2119 3489 2190 primum
3539 2135 3642 2190 per

2047 2211 2384 2281 Apologiam,
2419 2210 2614 2266 deinde
2644 2211 2804 2265 rebus
2840 2213 3004 2280 gestis
3034 2213 3211 2279 palam
3248 2213 3585 2282 przedicavit.
3612 2230 3634 2265 ι

2116 2303 2170 2358 9.
2196 2303 2294 2356 Ast
2318 2303 2488 2372 ipsius
2514 2317 2730 2374 quoque
2758 2302 3032 2358 Maximini
3058 2307 3365 2374 persecutio
3401 2321 3506 2359 non
3528 2306 3641 2361 alia

2047 2395 2229 2449 habita
2258 2406 2342 2450 est
2402 2396 2470 2448 ah
2517 2411 2577 2450 ea
2615 2412 2777 2465 quam
2835 2395 2905 2449 illi
2948 2396 3076 2450 olim
3121 2401 3473 2462 suscitarant,
3511 2398 3644 2453 licet

2048 2484 2192 2537 circa
2255 2483 2566 2537 Maximiani
2621 2483 2951 2538 Armentarii
2995 2486 3203 2538 obitum
3248 2484 3525 2553 paululum
3551 2487 3643 2540 in-

2052 2577 2306 2631 termissa
2335 2593 2347 2626 :
2380 2587 2432 2630 ut
2475 2577 2719 2645 potuerit
2753 2577 2846 2646 qui
2885 2576 3161 2630 Maximini
3204 2577 3358 2646 jussu
3392 2580 3641 2632 trucida-

2049 2676 2135 2721 tus
2167 2677 2270 2732 est,
2311 2666 2618 2720 Maximiani
2683 2667 3048 2735 persecutioni
3106 2669 3326 2724 ascribi.
3378 2667 3496 2734 Qua
3542 2685 3640 2724 ra-

2051 2762 2195 2815 tione
2220 2762 2494 2831 explicare
2546 2761 2649 2830 ipsi
2691 2775 2909 2830 quoque
2954 2769 3244 2831 cegunlur,
3283 2765 3428 2832 quod
3475 2777 3541 2817 ex
3571 2761 3637 2820 S.

2045 2851 2342 2907 Athanasio
2389 2867 2553 2922 supra
2613 2869 2666 2905 ιι.
2709 2852 2741 2906 6
2781 2852 3082 2920 attulimus,
3111 2855 3204 2923 qui
3273 2855 3513 2907 occisum
3571 2853 3614 2909 S

2047 2942 2347 2997 Lucianum
2408 2943 2600 2998 scribit
2649 2942 2750 2997 sub
2805 2943 3140 2998 Diocletiano
3184 2955 3240 2999 et
3272 2942 3634 3000 Maximiano.

2052 3035 2274 3088 Videtur
2301 3047 2426 3103 ergo
2451 3033 2720 3087 Lucianus
2739 3043 3024 3102 postquam
3045 3033 3342 3089 Antiochiae
3361 3035 3643 3090 recruduit

1974 3163 2016 3220 ϐ
2051 3126 2478 3220 persecutio‘sub
2513 3125 2674 3179 linem
2697 3127 2820 3179 anni
2850 3127 2946 3180 511
2989 3125 3432 3195 comprehensus.
3466 3127 3641 3197 quue

2055 3215 2210 3270 facile
2259 3215 2575 3285 probabitur
2604 3215 2652 3271 ei
2683 3217 2773 3285 qui
2814 3217 3022 3270 initium
3073 3217 3193 3270 libri
3237 3233 3288 3271 Ix
3319 3217 3642 3274 Eusebianw

2052 3308 2305 3363 Historiae
2339 3317 2544 3363 attente
2574 3308 2886 3379 perlegerit.
2915 3306 3016 3363 Ubi
3055 3324 3176 3363 cum
3205 3311 3377 3377 cap.i
3413 3311 3642 3364 simula-

2055 3409 2162 3452 tam
2220 3399 2614 3467 persecutionis
2671 3399 3046 3453 remissionem
3092 3408 3406 3466 narrasset,
3450 3414 3570 3469 cap.
3600 3399 3642 3454 2

2054 3487 2346 3543 Theotecni
2386 3487 2657 3554 fraudem,
2714 3493 2875 3543 tertio
2904 3503 3041 3543 nova
3073 3489 3246 3544 edicta
3269 3505 3299 3542 a
3333 3490 3642 3546 Maximino

2051 3581 2199 3644 lata.
2256 3592 2450 3653 quarto
2507 3585 2739 3637 conﬁcta
2805 3581 2963 3636 Pilati
3019 3591 3140 3636 acta
3223 3591 3508 3646 recenset;
3568 3599 3643 3641 ac

2051 3673 2241 3742 quinto
2288 3673 2504 3728 tandem
2535 3674 2709 3729 caedes
2762 3673 2926 3728 variis
2971 3672 3102 3727 locis
3156 3682 3517 3743 perpetratas,
3567 3690 3643 3732 ac

2054 3762 2370 3816 nominatim
2406 3761 2609 3816 Silvani
2630 3763 2871 3832 episcopi
2909 3763 3180 3826 Emeseni,
3214 3763 3359 3820 Petri
3391 3767 3642 3822 Alexan-

2054 3850 2194 3904 drini
2252 3866 2317 3906 ac
2366 3851 2594 3908 Luciani
2626 3865 3038 3910 commemorat.
3066 3857 3146 3911 Ac
3189 3856 3256 3911 de
3288 3859 3390 3914 hoc
3416 3860 3639 3928 quidem

2053 3941 2154 3994 ista
2173 3944 2363 3996 scribit
2396 3943 2658 3999 Eusebius
2693 3962 2707 4000 :
2744 3964 2763 3998 ι
2789 3943 3059 4001 Lucianus
3093 3951 3219 4003 item
3245 3949 3498 4004 Ecclesia
3517 3951 3640 4004 An-

2057 4029 2322 4086 tiochenze
2372 4037 2679 4105 presbyter,
2730 4039 2816 4090 vir
2848 4052 2972 4091 cum
3023 4038 3147 4094 aliis
3190 4041 3350 4095 rebus
3379 4044 3640 4100 omnibus

2052 4124 2210 4179 facile
2245 4125 2471 4194 primus,
2505 4135 2617 4180 tum
2639 4127 2970 4182 continentia
2999 4129 3255 4196 eximius,
3289 4141 3342 4185 et
3387 4131 3440 4184 in
3462 4133 3642 4188 sacris

2052 4215 2354 4285 disciplinis
2378 4217 2465 4270 diu
2491 4217 2826 4287 multumque
2871 4222 3226 4286 exercitatus,
3254 4222 3321 4276 ad
3352 4223 3640 4278 civitatem

2053 4305 2565 4375 Nicomediensium,
2585 4309 2636 4362 in
2659 4324 2763 4378 qua
2797 4320 2908 4364 tum
2937 4311 3234 4381 imperator
3255 4315 3639 4370 commoraba-

2055 4413 2161 4468 tur,
2186 4400 2488 4469 deductus;
2519 4416 2640 4456 cum
2661 4416 2843 4457 coram
2867 4405 3016 4458 urbis
3051 4404 3308 4476 przefecto
3327 4407 3641 4479 apologiam

370 4529 402 4566 a
433 4510 651 4566 Galerio
677 4505 969 4562 Maximino
994 4500 1265 4558 concitata
1317 4511 1436 4566 cap.
1467 4495 1504 4550 Ξ
1534 4511 1564 4551 e
1598 4495 1950 4566 sequentibus
1976 4510 2028 4568 1)
2056 4510 2153 4563 pro
2170 4495 2370 4549 Christi
2420 4495 2688 4559 doctrina,
2718 4498 2871 4567 cujus
2901 4501 3261 4566 patrocinium
3294 4512 3637 4572 susceperat,

369 4615 606 4677 quatuor
639 4605 1050 4660 commemorat,
1092 4602 1201 4648 tam
1259 4606 1321 4647 ea
1363 4591 1416 4645 in
1449 4604 1552 4644 ms.
1593 4587 1877 4658 Ripatorii,
1901 4596 1955 4640 et

373 4691 553 4750 ms.-S.
595 4689 874 4746 Maximini
907 4685 1174 4746 Treviris.
1201 4683 1301 4737 sub
1326 4680 1480 4735 titulo
1501 4681 1758 4734 Actorum
1780 4679 1952 4733 sancti

367 4787 600 4844 Luciani
632 4785 1124 4852 exstabant,quam
1143 4780 1195 4832 in
1218 4777 1408 4833 codice
1429 4774 1740 4831 Trevirensi
1775 4774 1954 4830 verbis

373 4879 594 4951 paulum
630 4891 660 4931 a
689 4873 889 4930 Bullini
931 4870 1168 4929 editione
1214 4869 1596 4939 discrepantia.
1625 4865 1735 4920 Nos
1775 4880 1838 4921 ea
1861 4879 1954 4921 so-

371 4974 486 5036 lum
533 4969 992 5030 transcribemus,
1032 4978 1150 5034 qua:
1202 4961 1419 5032 proprie
1459 4961 1525 5014 ad
1554 4959 1612 5015 S.
1657 4959 1953 5015 Lucianum

372 5071 637 5132 spectant.
670 5059 944 5114 Addemus
1002 5070 1122 5126 qua:
1179 5055 1232 5107 in
1271 5052 1583 5106 Graecorum
1647 5051 1863 5106 Menaeis
1897 5060 1952 5106 et

373 5151 698 5222 Antbologio
727 5152 794 5203 de
837 5162 904 5203 eo
947 5147 1246 5202 recitantur
1295 5159 1310 5197 :
1347 5158 1410 5198 ac
1435 5142 1650 5198 demum
1694 5143 1950 5198 nonnulla

375 5260 440 5298 ex
469 5241 692 5299 bomilia
725 5239 899 5296 sancti
937 5236 1161 5294 Joannis
1193 5235 1570 5307 Chrysostomi
1617 5236 1672 5290 in
1713 5235 1772 5290 8.
1809 5250 1952 5289 mar.

375 5348 548 5408 tyrem
589 5333 922 5397 Lucianum',
981 5345 1104 5402 qua
1156 5337 1238 5385 est
1257 5327 1347 5394 16,
1411 5338 1540 5384 tom.
1593 5325 1658 5381 Ill
1713 5325 1949 5398 Operam

373 5429 492 5500 ejus
540 5425 950 5482 Griecoistine
999 5423 1273 5479 editorum
1338 5436 1368 5476 a
1416 5421 1690 5477 Frontone
1733 5419 1946 5476 Dircaeo.

451 5501 613 5575 8.‘De
637 5521 878 5588 tempore
902 5516 1146 5588 martyrii
1192 5515 1313 5586 ejus
1338 5515 1438 5569 ista
1464 5513 1654 5570 scribit
1687 5514 1951 5568 Baronius

377 5612 430 5666 in
453 5611 595 5665 notis
633 5611 700 5664 ad
733 5607 1186 5680 Martyrologium
1223 5623 1239 5664 :
1275 5625 1293 5659 ι
1333 5606 1489 5663 Hunc
1517 5607 1619 5661 sub
1660 5605 1954 5661 Maximino

377 5716 619 5770 passum,
651 5698 914 5755 Eusebius
943 5708 1072 5756 tunc
1105 5701 1290 5756 vivens
1318 5741 1332 5766 ,
1372 5715 1434 5754 ac
1463 5707 1615 5768 gesta
1653 5712 1952 5767 martyrum

374 5791 643 5862 scribens,
683 5799 910 5848 testatur
933 5789 1127 5860 libus,
1158 5806 1278 5863 cap.
1307 5791 1360 5848 5.
1386 5790 1622 5859 ldipsum
1669 5787 1725 5842 S.
1763 5785 1954 5841 Hiero-

2060 4588 2360 4648 recitasset,
2388 4586 2440 4642 in
2491 4603 2766 4644 carcerem
2796 4591 3072 4660 conjectus
3105 4602 3206 4660 est,
3252 4594 3434 4664 ibique
3461 4597 3637 4650 truci-

2057 4679 2236 4732 datus.
2259 4677 2360 4733 Tot
2383 4679 2521 4733 mala
2553 4692 2606 4734 et
2637 4689 2746 4735 tam
2771 4683 2954 4751 gravia
2996 4684 3144 4738 brevi
3168 4687 3429 4755 temporis
3456 4687 3642 4755 spatio

2057 4789 2085 4825 a
2109 4771 2402 4845 Maximino
2419 4773 2591 4844 (certo
2617 4773 2786 4844 liquet
2813 4789 2880 4828 ex
2905 4777 3353 4832 antecedentibus
3367 4787 3419 4832 et
3440 4792 3643 4832 conse-

2055 4865 2364 4934 quentibus,
2396 4865 2463 4921 de
2484 4864 2700 4921 Galerio
2733 4851 3049 4933 Maximino,
3067 4881 3178 4923 non
3209 4869 3644 4925 deArmentario

2054 4973 2176 5013 esse
2207 4960 2537 5028 sermonem)
2591 4960 2807 5016 virtutis
2839 4970 2895 5016 et
2943 4960 3244 5016 honestatis
3295 4961 3641 5028 adversario,

2055 5057 2242 5103 contra
2267 5063 2364 5104 nos
2390 5061 2700 5119 comparata
2731 5061 2887 5106 erant
2924 5069 2937 5104 :
2978 5053 3113 5108 adeo
3133 5062 3189 5106 ut
3214 5054 3328 5107 hate
3361 5054 3642 5123 posterior

2054 5142 2361 5210 persecutio
2418 5141 2472 5195 id
2534 5143 2792 5212 temporis
2843 5143 3098 5210 excitata,
3149 5143 3322 5200 multo
3364 5146 3638 5212 acerbior,

2053 5250 2214 5303 quam
2256 5235 2422 5304 prior,
2461 5235 2616 5291 nobis
2647 5238 2939 5292 videretur.
2974 5257 2994 5290 ι
3035 5237 3160 5293 Haec
3195 5238 3480 5294 Eusebius.
3502 5239 3641 5306 Qua

2055 5325 2322 5380 Baronius
2349 5340 2474 5381 cum
2505 5325 2744 5382 refutare
2780 5344 2884 5382 non
2912 5339 3120 5400 posset,
3149 5331 3219 5386 ab
3235 5331 3472 5386 Eusebio
3493 5331 3642 5387 scri-

2036 5406 2144 5489 ‘pta
2182 5428 2366 5488 negat,
2392 5418 2484 5472 sed
2509 5417 2576 5473 ab
2595 5419 2704 5474 alio
2725 5421 3023 5490 supposita.

2129 5511 2213 5566 10.
2243 5511 2316 5566 De
2346 5509 2404 5565 S.
2435 5511 2596 5567 Petro
2622 5512 2998 5570 Alexandrino
3019 5529 3244 5583 agemus
3267 5515 3341 5572 26
3367 5514 3638 5572 Novemb.

2054 5603 2145 5659 ubi
2194 5603 2407 5657 Baronii
2451 5614 2766 5675 argumenta
2813 5609 3219 5674 expendentur,
3258 5612 3463 5677 quaead
3505 5622 3637 5663 eum

2055 5697 2323 5766 praecipue
2353 5699 2644 5767 pertinent.
2673 5699 2741 5753 At
2787 5700 2855 5754 de
2892 5697 3136 5755 Luciano
3161 5700 3449 5755 manifeste
3500 5715 3636 5766 pro-

2056 5790 2237 5854 batur,
2271 5788 2486 5845 nonnisi
2521 5788 2622 5845 sub
2651 5789 2944 5848 Maximino
2975 5782 3395 5850 recrudescente
3444 5805 3638 5859 perse-
