3886 6482
243 374 354 443 397

1559 365 1738 430 VITA
1770 367 1831 426 S.
1869 360 2209 428 LUCIANI.

3411 357 3524 421 338

244 492 466 546 cutione
488 487 836 543 interfectum
867 499 1008 542 esse.
1034 483 1194 552 Nam,
1221 493 1277 539 ut
1305 484 1471 540 etiam
1503 482 1755 538 Petavius
1779 493 1834 536 et
1865 495 1916 556 Α
1942 480 2058 533 haec
2107 476 2321 546 adjecta
2372 479 2519 538 sunt,
2549 479 2604 528 et
2644 469 2862 542 quidem
2905 469 2986 538 (ut
3037 467 3270 539 videtur)
3305 466 3523 534 Laﬁio.

244 583 521 638 Baronius
572 581 835 647 fatentur,
889 581 1166 635 Maximini
1223 578 1374 649 jussu
1425 577 1658 633 conlicta
1715 587 1844 630 sunt

245 677 512 744 probrosa
551 675 635 728 illa
667 674 822 728 Pilati
846 675 979 728 Acta
1021 690 1034 726 :
1067 683 1124 726 at
1154 674 1243 742 qui
1275 687 1335 727 ea
1371 670 1646 735 refutavit,
1679 681 1737 723 ιιι
1765 671 1847 724 in-

248 767 334 821 fra
364 783 430 821 ex
457 765 672 820 Rnliino
708 767 975 831 dicemus,
1011 763 1070 819 S.
1105 765 1413 830 Lucianus;
1444 779 1575 834 ergo
1595 777 1697 817 non
1727 771 1848 816 crat

250 867 384 911 ante
410 872 604 910 novam
638 855 783 908 illam
825 857 1076 909 obortam
1119 872 1148 909 a
1193 855 1485 908 Maximino
1508 855 1848 924 persecutio-

251 963 377 1000 nem
403 946 648 1000 sublatus
691 961 721 1000 e
768 946 968 1000 medio.
1005 945 1466 1016 ld'argumentum
1503 947 1592 1015 qui
1618 944 1846 999 convelli

249 1038 446 1108 possit,
506 1052 613 1090 non
674 1035 882 1100 video;
924 1036 1029 1089 nisi
1091 1035 1230 1091 forte
1283 1035 1512 1104 cuipiam
1561 1035 1747 1089 veniat
1792 1035 1846 1086 in

254 1140 514 1195 mentem,
547 1131 660 1182 haec
706 1143 736 1180 ει
776 1127 996 1182 ιὶυΙἸὶιιο
1059 1143 1182 1182 esse
1241 1129 1510 1191 conficta,
1553 1129 1666 1180 sive
1714 1143 1847 1196 sup-

253 1221 452 1290 posita.
488 1221 601 1286 Qua
646 1221 860 1276 ratione
910 1221 1174 1290 quidlibet
1218 1219 1400 1290 negari
1441 1220 1658 1290 poterit.
1686 1219 1847 1273 Nice-

255 1315 462 1382 pliorus
488 1327 704 1381 quoque
749 1310 896 1367 Hist.
931 1310 1131 1366 Eccles.
1165 1312 1258 1365 lib.
1289 1327 1384 1374 vn,
1420 1327 1467 1365 c.
1502 1311 1594 1374 ‘27,
1646 1311 1850 1364 diserte

257 1406 373 1457 hsce
396 1405 494 1458 sub
524 1403 819 1458 Maximino
848 1414 998 1473 gesta
1031 1403 1224 1468 tradit;
1265 1402 1392 1457 licet
1419 1417 1540 1470 cap.
1574 1401 1663 1466 16,
1687 1401 1850 1456 Euse-

259 1493 409 1546 bium
449 1506 694 1557 secutus,
731 1511 853 1548 cum
892 1495 1131 1549 illustres
1155 1503 1424 1564 martyres
1446 1493 1764 1548 Diocletiani
1797 1503 1852 1547 et

259 1583 578 1640 Maximiani
604 1588 984 1654 persecutione
1007 1587 1218 1641 occisos
1240 1593 1486 1641 recenset
1525 1584 1848 1652 Lucianuin,

259 1697 478 1750 quoque
507 1683 572 1734 iis
596 1683 987 1736 adnumerarit.

334 1771 422 1824 tl.
456 1773 524 1823 At
552 1773 616 1826 de
651 1773 735 1825 his
767 1773 921 1826 satis.
961 1773 1140 1842 Agunt
1168 1771 1234 1825 de
1262 1771 1320 1824 S.
1352 1770 1615 1833 aniano,
1657 1777 1852 1838 praeter

1951 568 2053 623 Hic
2084 582 2246 637 porro
2281 564 2526 634 quisquis
2557 565 2774 617 demum
2807 563 2900 627 sit,
2933 561 3004 614 ita
3039 560 3231 616 scribit
3261 561 3353 615 lib.
3387 577 3427 617 ιι
3471 563 3526 618 in

1951 660 2051 714 Job
2091 660 2234 713 circa
2287 657 2522 710 medium
2559 675 2572 710 :
2610 674 2630 708 ι
2666 656 2740 709 lla
2769 662 3182 711 consummatus
3213 662 3297 709 est
3338 654 3530 709 beatus

1951 760 2116 820 atque
2179 748 2450 818 gloriosus
2490 747 2791 808 Lucianus,
2833 745 3043 799 lucidus
3078 743 3446 809 vita,lucidus
3478 753 3531 798 ct

1954 845 2076 908 title,
2110 838 2321 896 lucidus
2362 840 2525 894 etiam
2559 841 2860 894 tolerantia:
2904 835 3396 892 consummatione.
3450 834 3533 891 0b

1952 935 2054 989 hoc
2086 933 2228 988 enim
2266 931 2538 990 Lucianus
2590 929 3004 998 cognominatus
3029 938 3132 992 est,
3163 936 3416 996 tanquam
3449 925 3536 980 lu-

1953 1028 2126 1091 cidus,
2186 1034 2280 1077 aut
2339 1022 2559 1092 proprio
2617 1021 2819 1074 lumine
2871 1019 2974 1073 sibi
3009 1019 3240 1088 fulgens,
3276 1028 3370 1072 aut
3408 1018 3532 1074 aliis

1953 1121 2158 1176 lucens.
2194 1118 2294 1172 llic
2326 1131 2560 1186 namque
2593 1116 2787 1172 beatus
2820 1113 3104 1169 duodecim
3135 1115 3326 1171 diebus
3368 1131 3533 1185 supra

1954 1221 2121 1267 testas
2153 1211 2378 1282 pollinas
2410 1221 2691 1272 extensus.
2731 1210 2888 1263 tertia
2931 1208 3142 1263 decima
3178 1209 3264 1262 die
3291 1217 3375 1264 est
3401 1224 3536 1262 con-

1953 1312 2274 1357 summatus.
2346 1321 2365 1353 ›
2433 1302 2572 1368 Quid
2637 1295 2747 1355 sint
2803 1311 2954 1355 testm
3005 1300 3241 1370 pollinae,
3303 1316 3391 1353 me
3457 1298 3537 1354 la-

1954 1404 2050 1451 tet.
2103 1395 2368 1450 Baronius
2432 1395 2594 1448 habet
2626 1403 2796 1449 testas
2825 1393 3047 1459 multas,
3091 1394 3256 1448 veluti
3289 1393 3537 1465 ὄστρακα

1955 1488 2125 1542 πολλὰ
2151 1490 2415 1559 scriptum
2447 1497 2590 1542 esset
2622 1491 2689 1541 ab
2718 1499 2966 1544 auctore.
3013 1487 3156 1554 Quid
3200 1488 3244 1543 si
3273 1497 3536 1544 testarum

1954 1582 2183 1651 pollines
2241 1583 2684 1651 interpretemur,
2721 1582 2836 1638 sive
2867 1588 3042 1638 testas
3098 1580 3317 1650 pollinis
3366 1582 3540 1637 instar

1955 1675 2314 1728 comminutas
2347 1675 2370 1727 ?

2032 1768 2121 1820 12.
2179 1765 2486 1823 S.Luciani
2541 1769 2594 1823 in
2649 1769 2879 1824 Galliam
2936 1768 3230 1826 translatas
3262 1782 3384 1824 esse
3411 1765 3544 1824 reli-

263 1862 472 1923 citatos
505 1860 865 1929 citandosque
913 1862 966 1914 in
1025 1860 1202 1926 Notis,
1254 1860 1577 1915 Vincentius
1631 1859 1849 1914 Belvac.
1887 1858 2138 1938 unias,
2194 1868 2426 1914 testatur
2488 1861 2540 1915 in
2589 1861 2935 1933 Martyrolog.
2985 1863 3265 1918 Gallicano
3293 1862 3544 1921 Andreas

261 1952 359 2006 lib.
394 1969 516 2015 xm,
545 1968 664 2022 cap.
699 1954 766 2006 i3
789 1963 842 2006 et
887 1953 950 2008 14
991 1970 1006 2018 ;
1037 1953 1232 2008 Petrus
1267 1955 1333 2008 de
1363 1952 1859 2024 Nalal.,corrigen-

263 2044 367 2097 dus
395 2055 596 2109 tamen,
628 2043 754 2097 dum
782 2045 883 2098 sub
912 2044 1239 2098 Maximiano
1263 2059 1480 2114 passum
1509 2044 1860 2097 scribit-tem-

266 2151 400 2204 pore
440 2136 668 2188 Anlheri
701 2151 852 2204 papae
891 2137 973 2205 (S.
1038 2137 1316 2192 Antberus
1375 2139 1474 2190 sub
1514 2135 1658 2191 .lulio
1687 2135 1860 2190 Maxi-

267 2227 418 2278 mino
446 2243 536 2280 an.
575 2227 680 2282 5‘26
724 2229 939 2282 occisus
983 2238 1098 2291 est,
1135 2239 1190 2282 nt
1231 2229 1264 2282 5
1297 2227 1420 2282 Jan.
1455 2229 1710 2297 diximus)
1741 2228 1854 2293 με.

266 2315 544 2372 anianus
570 2321 670 2373 sub
690 2319 907 2375 Galerio
936 2321 1228 2374 Maximino
1250 2337 1340 2375 an.
1375 2322 1503 2383 512,
1527 2337 1646 2374 cum
1673 2321 1860 2375 Roma:

269 2411 493 2464 sederet
526 2410 585 2467 S.
655 2412 1006 2479 Melchiades,
1045 2416 1112 2468 de
1140 2431 1247 2484 quo
1283 2414 1348 2468 10
1381 2415 1635 2469 Decemb.
1667 2410 1860 2468 Memi-

268 2504 351 2558 nit
406 2503 633 2559 Luciani
690 2505 964 2560 Marianos
1024 2506 1291 2563 Victorius
1323 2509 1547 2564 scholiis
1583 2508 1634 2562 in
1697 2510 1856 2578 epist.

267 2596 374 2652 107
433 2596 492 2651 S.
552 2597 887 2666 Hieronymi,
922 2597 1209 2654 Cornelius
1242 2599 1489 2668 Grasius,
1555 2611 1684 2656 tom.
1715 2600 1757 2665 l,
1796 2601 1862 2656 de

187 2712 193 2719 -
270 2688 414 2741 \‘itis
441 2685 542 2742 SS.
576 2690 712 2742 Acta
753 2687 868 2755 ejus
916 2689 1132 2759 Bclgice
1171 2693 1341 2746 edidit
1375 2691 1687 2761 lleribertus
1749 2691 1862 2746 Ro-

275 2780 518 2835 :weidus
560 2791 783 2846 noster;
819 2781 1006 2835 ltalice
1041 2781 1322 2849 aliquanto
1343 2784 1612 2851 capiosius
1642 2781 1861 2837 Gabriel

269 2869 552 2939 Flamma;
611 2872 816 2928 Gallice
858 2874 1100 2929 Renatus
1138 2875 1462 2930 Benedictus
1484 2891 1740 2944 perquam
1773 2891 1862 2931 ac-

269 2975 488 3017 curate.
519 2965 650 3034 Ejus
681 2966 918 3036 denique
973 2966 1220 3021 meminit
1267 2979 1460 3021 auctor
1513 2967 1863 3022 Commenta-

274 3057 489 3110 riorum
521 3059 573 3110 in
603 3056 704 3113 Job
726 3100 741 3123 ,
797 3075 918 3129 (illa:
970 3059 1190 3130 Origeni
1221 3061 1561 3128 tribuuntur;
1614 3058 1739 3117 licet
1778 3062 1864 3117 vel

273 3148 407 3201 inde
455 3158 639 3216 pateat
697 3151 843 3205 illius
888 3167 995 3206 non
1044 3165 1188 3216 esse,
1220 3152 1417 3221 quippe
1447 3153 1541 3220 qui
1599 3153 1687 3206 diu
1736 3163 1863 3209 ante

1965 1953 2298 2023 Saussayus,
2335 1951 2408 2005 ita
2456 1954 2750 2008 scribens:
2795 1972 2814 2004 ι
2856 1953 3065 2008 Natalis
3106 1952 3285 2008 sancti
3312 1950 3542 2006 Luciani

1962 2045 2285 2099 Antiocheni
2341 2047 2643 2116 presbyteri
2693 2054 2747 2100 et
2776 2047 3060 2117 martyris.
3091 2045 3366 2110 doctrina,
3422 2043 3536 2100 elo-

1962 2138 2184 2207 quentia
2218 2145 2272 2190 et
2325 2139 2611 2192 sanctitate
2639 2137 2950 2204 clarissimi,
2985 2135 3426 2208 quiNicomedize
3442 2135 3544 2192 sub

1964 2229 2258 2284 Maximino
2283 2227 2504 2284 Cmsare
2548 2233 2616 2284 ob
2644 2231 2850 2285 Christi
2891 2229 3297 2286 confessionem
3327 2243 3543 2300 passus,

1962 2334 2016 2378 et
2043 2324 2095 2377 in
2136 2332 2368 2392 quatuor
2397 2331 2582 2390 partes
2622 2322 2892 2376 dissertus
2925 2331 3010 2378 est
3042 2337 3056 2377 :
3087 2322 3284 2393 quibus
3315 2320 3547 2390 singulis

1964 2416 2235 2485 lapidibus
2279 2416 2518 2486 alligatis
2544 2456 2560 2481 ,
2591 2425 2644 2470 et
2676 2417 2728 2469 in
2759 2431 2908 2471 mare
2958 2415 3248 2482 demersis,
3284 2411 3548 2485 postridie

1964 2509 2018 2562 in
2054 2509 2368 2579 l‘lelenopoli
2397 2509 2665 2580 Bithynia:
2698 2510 2967 2579 integrum
3019 2524 3216 2578 corpus
3261 2523 3386 2563 cum
3420 2507 3550 2577 ipsis

1966 2601 2236 2671 lapidibus
2285 2602 2562 2656 inventum
2605 2609 2718 2666 est,
2779 2600 3125 2670 lideliumque
3173 2615 3384 2654 summa
3426 2615 3547 2654 cum

1962 2695 2317 2748 veneratione
2363 2693 2655 2764 sepultum.
2694 2696 2762 2748 At
2791 2694 3038 2749 decursis
3065 2694 3273 2763 aliquot
3297 2693 3420 2748 inde
3443 2708 3550 2748 scc-

1964 2786 2102 2840 culis
2137 2786 2186 2839 id
2228 2801 2292 2839 ex
2314 2784 2540 2840 Oriente
2566 2795 2878 2854 susceptum
2905 2784 3135 2839 Carolus
3161 2783 3390 2852 Magnus
3418 2786 3553 2840 Are-

1963 2877 2131 2931 latum
2156 2876 2369 2940 detulit,
2394 2877 2769 2945 aedilicalaque
2809 2877 2861 2930 in
2903 2876 3021 2947 ejus
3038 2877 3300 2931 honorem
3319 2875 3554 2931 ecclesia

1967 2969 2076 3023 illic
2139 2968 2441 3024 honorifice
2483 2969 2789 3024 recondidit
2841 2985 2941 3040 per
3008 2967 3306 3036 Turpinum
3364 2966 3554 3022 archi—

1967 3065 2279 3134 episcopum
2330 3063 2655 3121 Remensem
2716 3086 2730 3122 :
2764 3081 2870 3135 qua
2900 3083 2962 3122 ex
2999 3082 3060 3122 rc
3119 3065 3324 3121 Arelati
3359 3064 3555 3121 festiva

1967 3157 2130 3212 hodie
2169 3159 2310 3214 tanti
2369 3161 2623 3232 martyris
2656 3174 2722 3214 ex
2757 3161 2904 3217 avito
2938 3175 3092 3218 more
3121 3160 3319 3218 colitur
3349 3173 3557 3216 memo-

278 3236 588 3296 anianum
620 3243 858 3300 obierit:
913 3254 1009 3298 aut
1065 3257 1271 3301 certea
1331 3245 1554 3301 librario
1606 3248 1860 3318 quopiam
1892 3248 1935 3305 C
1974 3251 2076 3306 ria.
2119 3270 2138 3305 ›

866 3445 1074 3459 -*
1097 3445 1588 3459 -M
1602 3451 1675 3462 ,ρο

1311 3591 1559 3690 ΒΙοΣ
1636 3605 1833 3690 ΚΑΙ
1906 3607 2569 3696 ΜΑΡΤΥΡΙΟΝ·

360 3797 661 3915 ΤΟΥ
718 3799 1184 3920 ΑΓΙΟΥ
1276 3762 2442 3926 ΙΕΡΟΜΑΡΤΥΡΟΣ
2529 3803 3476 3927 ΛΟΥΚΙΑΝΟΥ.

1491 4195 1696 4259 νιΤΑ.
1731 4196 1837 4258 ΕΤ
1879 4194 2374 4261 MARTYRIUM

871 4374 1668 4470 SACROSANCTI
1748 4381 2363 4474 MARTYRIS
2434 4384 2984 4517 LUCIANI.

875 4647 1065 4716 (Greca
1089 4649 1445 4714 descripsimus
1461 4660 1526 4701 ex
1546 4661 1640 4700 ms.
1665 4647 1838 4699 codice
1859 4645 2159 4701 Coisliniano
2179 4662 2228 4701 ιι.
2256 4649 2366 4713 145,
2387 4647 2558 4700 seculi
2598 4663 2651 4701 ι.
2683 4647 2822 4699 Eon.
2843 4646 3022 4710 Pan.)

1781 4968 2012 5029 CAPUT
2039 4969 2083 5030 Ι.

1395 5103 1456 5162 S.
1487 5105 1713 5162 ιιιίὶαηὶ
1740 5107 1934 5176 patria,
1962 5111 2201 5173 virtutes,
2231 5106 2480 5162 eruditio.

381 5237 449 5295 α’.
486 5238 782 5308 Σαμόσατα
810 5237 964 5304 πόλις
1001 5237 1104 5309 τῆς
1147 5239 1350 5312 Συρίας
1393 5241 1565 5306 ἐστὶν,
1599 5240 1858 5312 Εὐφράτῃ

1967 5282 1968 5294 χ
2070 5239 2353 5296 Samosata
2383 5241 2562 5310 (l)est
2588 5237 2782 5295 civitas
2824 5235 3018 5310 Syriae,
3060 5249 3224 5314 quam
3253 5237 3571 5309 praeterﬂuit

287 5337 368 5404 τῇ
399 5333 553 5387 πόλει
581 5334 880 5403 πιραρῤεἷ,
909 5325 1159 5404 πατρὶςή
1186 5333 1339 5397 πόλις
1363 5332 1684 5386 Λουκιανοῦ.
1716 5326 1888 5398 Οὗτος

290 5429 414 5481 τεῖον
453 5422 513 5480 εὖ
537 5426 840 5493 γεγονότων
893 5425 1055 5496 ἀνὴρ,
1089 5425 1162 5486 ὼε
1192 5426 1220 5478 ὁ
1252 5428 1382 5496 περὶ
1417 5425 1587 5480 αὐτοῦ
1617 5427 1776 5494 λόγος
1801 5428 1883 5481 δι-

291 5516 478 5583 δάξει.
504 5518 833 5589 Γεννήτορες
865 5514 1187 5586 Χριστιανοὶ
1206 5515 1285 5587 τῷ
1311 5515 1465 5589 ἀνδρί
1490 5535 1502 5549 ·
1537 5519 1742 5588 σπουδὴ
1773 5521 1885 5584 τοῖς

294 5611 632 5680 τεννήτορσι
665 5608 968 5665 Λουκιανὸν
995 5610 1062 5663 ἐκ
1097 5607 1329 5681 πρώτης
1373 5609 1562 5680 τριχὸς
1596 5613 1663 5681 τῇ
1695 5611 1881 5665 θεοσε-

389 5765 469 5839 (ι)
525 5765 815 5823 Samosata
845 5768 912 5824 ad
944 5769 1192 5824 dextram
1252 5770 1426 5840 ripam
1470 5769 1783 5840 Euphratis,
1811 5769 1901 5840 ubi

303 5832 408 5891 hic
427 5832 594 5908 ponte
625 5840 836 5908 lapideo
872 5847 1078 5896 stratus
1110 5849 1249 5907 erat,
1290 5832 1347 5896 in
1381 5832 1688 5910 Comaéene
1718 5832 1890 5908 syria:

1996 5333 2324 5403 Euphrates.
2358 5333 2435 5388 Ea
2490 5333 2680 5389 civitas
2715 5331 2817 5386 fuit
2839 5333 3011 5400 patria
3046 5331 3294 5399 Luclani,
3348 5331 3436 5388 ubi
3468 5330 3572 5388 fuit

1995 5427 2225 5504 honesto
2247 5426 2365 5481 loco
2389 5433 2570 5488 natus,
2600 5436 2658 5480 ut
2686 5425 2800 5481 lucc
2832 5425 3049 5480 docebit
3078 5441 3218 5495 quae,
3254 5426 3320 5480 de
3358 5439 3425 5479 eo
3460 5435 3566 5479 tra-

1993 5518 2186 5584 ctabit,
2215 5519 2408 5574 oratio.
2440 5514 2704 5574 Parentes
2747 5519 2864 5584 ejus
2889 5527 3047 5574 erant
3097 5515 3415 5572 Christiani.
3453 5515 3573 5572 Ma-

1992 5627 2156 5682 gnum
2193 5619 2374 5666 autem
2407 5612 2645 5667 studium
2679 5611 2783 5666 fuit
2807 5610 3146 5682 pereuntibus,
3182 5620 3238 5664 ut
3267 5607 3568 5666 Lucianum

2009 5768 2309 5843 provincia.
2344 5768 2704 5843 nenologium
2741 5769 2922 5842 habet,
2957 5783 3027 5826 ex
3073 5765 3361 5826 Antiochia
3398 5765 3576 5843 Syria

1989 5839 2180 5929 crtum
2211 5840 2382 5900 fuisse
2408 5840 2468 5898 Β.
2497 5839 2822 5915 Lucianum.
