3886 6472
276 383 378 453 401

1577 360 1754 438 vim
1802 373 1862 433 s.
1907 366 2243 432 LUCIANI.

3439 352 3544 417 40::

276 495 446 574 ταχοῦ
493 491 962 557 σπουδαιοτάτων,
1011 488 1089 553 ὡς
1137 487 1305 543 αὐτὸν
1364 483 1664 556 ἀλλαχόθεν
1715 481 1861 574 ἄλλω

1974 484 2120 532 erant
2149 470 2553 535 studiosissimi,
2580 466 2796 522 aliunde
2822 465 2891 520 ad
2926 464 3103 534 ipsum
3129 464 3539 523 accedentibus.

278 572 719 661 ἀφικνουμένων.
762 585 1012 655 Ἤσκητο
1062 580 1121 637 δὲ
1155 580 1255 651 τὴν
1282 575 1640 651 ὀξυγραφίαν,
1676 574 1770 630 καλ
1800 572 1861 627 τὸ

280 677 493 737 ἐκεῖθεν
518 678 670 748 αὐτῷ
692 675 1077 749 ποριζόμενον,
1106 673 1223 746 ἅμα
1247 671 1345 744 μὲν
1372 669 1550 741 ἑαυτῷ
1582 667 1717 740 πρὸς
1736 683 1860 738 τρο-

280 776 406 844 φὴν.
436 772 556 841 ἅμα
589 771 649 824 δὲ
691 770 788 824 καὶ
821 772 935 835 τοῖς
972 769 1202 840 πένησιν
1236 766 1516 837 ἐχορήγειο
1558 763 1653 818 καὶ
1681 762 1790 831 γὰρ
1810 762 1859 815 εί

283 867 358 938 μὴ
384 865 518 934 πρὶν
547 863 584 937 ἢ
610 864 820 934 τροφῆς
845 853 1003 927 οὗτος
1048 859 1375 932 μεταλάϐοι.
1415 858 1594 928 ἕτεροι
1623 856 1719 911 τοῦ
1751 856 1862 910 ἀπὸ

279 958 388 1017 τῶν
415 955 583 1010 αὐτοῦ
629 954 828 1027 χειρῶν
859 952 976 1024 βίου
1008 951 1361 1023 μετάσχοιεν,
1387 948 1604 1003 ἀδικίαν
1634 948 1697 1002 τὸ
1725 949 1865 1017 πρᾶο

280 1067 397 1120 γμα
426 1047 656 1102 ἐτίθετο.
690 1038 862 1108 Οὗτος
896 1040 990 1099 οὖν
1022 1042 1115 1098 καὶ
1164 1041 1266 1108 τὰς
1301 1041 1455 1114 ἱερὰς
1493 1040 1708 1113 βίϐλους
1738 1037 1861 1093 ίδὼν
1898 1082 1911 1083 κ

280 1142 413 1194 πολῦ
449 1139 512 1193 τὸ
536 1139 693 1194 νόθον
722 1136 1132 1208 εἰσδεξαμένας,
1170 1136 1265 1191 τοῦ
1289 1153 1350 1189 τε
1383 1136 1581 1208 χρόνου
1616 1133 1861 1204 λυμηνα-

284 1233 447 1301 μένου
483 1229 657 1284 πολλὰ
685 1229 797 1284 τῶν
829 1229 888 1283 ὲν
920 1228 1138 1293 αὐταῖς,
1181 1227 1275 1281 καὶ
1322 1227 1423 1298 τῆς
1467 1223 1727 1296 συνεχοῦς
1766 1223 1861 1292 ἀφ’

280 1324 484 1395 ὲτὲρων
507 1323 588 1386 είς
622 1322 790 1394 ’ἐτερα
824 1320 1188 1393 μεταθέσεως,
1220 1318 1314 1375 καὶ
1352 1319 1536 1387 μέντοι
1576 1316 1668 1371 καί
1696 1334 1861 1370 τινων

280 1417 588 1488 ἀνθρώπων
640 1415 1027 1487 πονηροτάτων
1075 1414 1125 1468 οἳ
1180 1412 1276 1468 τοῦ
1325 1409 1683 1482 Ἑλληνισμοῦ
1724 1425 1861 1481 προ-

280 1507 610 1576 εστήκεσαν,
647 1504 1000 1577 παρατρέψαι
1031 1504 1123 1559 τὸν
1168 1505 1228 1558 ὲν
1277 1504 1472 1566 αὑταῖς
1501 1502 1628 1557 νοῦν
1664 1516 1860 1575 πειρα-

283 1598 563 1669 σαμένων,
596 1598 692 1651 καὶ
730 1598 868 1653 πολὺ
892 1597 953 1651 τὸ
982 1595 1236 1667 κίϐδηλον
1278 1595 1337 1649 έν
1368 1595 1594 1658 ταύταις
1623 1593 1863 1648 διασπει-

283 1689 524 1761 ρὰντων.
562 1689 728 1752 αὐτὸς
753 1690 975 1752 ἁπάσας
1011 1686 1299 1744 ἀναλαϐὼν
1332 1687 1396 1741 ὲκ
1442 1688 1541 1757 τῆς
1582 1684 1861 1755 Ἑϐραῖδος

278 1781 625 1841 ἀνενεώσατο
659 1781 929 1853 γλώττης,
957 1781 1026 1853 ἠν
1078 1781 1173 1835 καὶ
1213 1777 1384 1850 αὐτὴν
1417 1773 1747 1849 ἠκριϐωκὼς
1782 1775 1863 1837 είς

1965 571 2023 627 in
2055 569 2310 626 celeriter
2355 576 2537 621 autem
2586 560 2879 619 scribendo
2926 568 3047 617 erat
3096 559 3454 626 exercitatus,
3489 570 3547 617 et

1963 662 2105 732 quod
2137 674 2204 715 ex
2256 671 2323 715 eo
2369 656 2715 727 acquirebat.
2765 653 2925 710 simul
2955 653 3172 724 quidem
3224 664 3283 709 et
3341 652 3444 709 sibi
3475 654 3542 707 ad

1965 755 2306 819 alimentum,
2359 758 2415 806 et
2468 749 2798 820 pauperibus
2858 747 3262 818 suppeditabat.
3330 746 3543 801 Etenim

1964 844 2093 912 nisi,
2138 842 2458 915 priusquam
2501 841 2617 911 ipse
2661 839 2841 895 cibum
2897 846 3160 903 sumeret,
3208 836 3302 891 alii
3344 837 3542 901 victus,

1962 952 2123 1009 quem
2150 934 2405 990 manibus
2434 931 2734 1003 quaerebat.
2764 937 2948 985 essent
2964 928 3277 998 participes,
3299 924 3544 993 iniquum

1963 1043 2085 1085 esse
2120 1027 2374 1083 ducebat.
2423 1025 2476 1081 is
2506 1037 2636 1094 ergo
2673 1037 2795 1078 cum
2842 1021 3072 1077 vidisset
3122 1033 3310 1076 saeros
3351 1018 3544 1073 Libros

1964 1137 2086 1179 esse
2108 1121 2263 1175 valde
2287 1117 2641 1182 adnlteratns,
2670 1129 2792 1170 cum
2836 1123 2887 1168 et
2922 1122 3136 1181 tempus
3172 1111 3339 1165 multa
3391 1110 3444 1164 in
3467 1110 3547 1163 eis

1964 1211 2319 1281 corrupisset.
2359 1206 2728 1282 continuaque
2754 1204 2822 1259 ab
2848 1203 2972 1258 aliis
3002 1203 3056 1258 in
3099 1199 3201 1256 alia
3233 1199 3544 1261 translatio.

1963 1315 2019 1361 et
2047 1306 2266 1374 quidant
2326 1300 2578 1357 homines
2619 1293 3054 1360 sceleratissimi,
3113 1293 3204 1363 qui
3258 1289 3546 1361 gentilitati

1964 1404 2255 1470 praerant,
2280 1393 2457 1448 conati
2480 1399 2664 1447 essent
2684 1397 2997 1458 pervertere
3023 1399 3215 1440 eorum
3238 1383 3549 1453 intelligen-

1966 1490 2137 1552 tiam;
2171 1487 2288 1556 ipse
2312 1498 2505 1539 omnes
2546 1495 2737 1536 rursus
2759 1478 3013 1550 sumpsit,
3049 1486 3105 1532 et
3128 1491 3193 1532 ex
3248 1475 3431 1544 lingua
3459 1489 3547 1529 re-

1965 1576 2186 1632 novavit
2214 1574 2502 1640 Hebraica,
2536 1587 2698 1643 quam
2762 1571 2934 1639 ipsam
2964 1581 3181 1640 quoque
3223 1567 3432 1624 sciebat
3453 1580 3548 1622 acc-

1967 1667 2339 1733 curatissime,
2404 1666 2456 1720 in
2495 1663 2578 1720 eis
2607 1659 2946 1733 corrigendis
2994 1659 3287 1730 plurimum
3346 1656 3549 1712 laboris

1968 1758 2277 1815 conferens.
2337 1758 2508 1814 Porro
2552 1763 2735 1810 autem
2792 1752 3099 1809 divinorum
3178 1762 3393 1820 quoque
3451 1751 3550 1804 do-

279 1837 617 1939 ’τὰ-μάλιστα
651 1837 741 1942 ἦν,
779 1837 946 1926 ,πόνον
1079 1837 1454 1941 ὲπανορθῶοεί
1483 1837 1566 1922 δτι
1609 1837 1861 1919 πλεέστον

1974 1861 2210 1925 gmnlum
2233 1849 2525 1921 puritatem
2582 1848 2704 1916 quis
2757 1846 2826 1902 ab
2853 1845 2958 1901 alio
2989 1858 3054 1899 ex
3087 1844 3153 1898 iis
3190 1841 3283 1913 qui
3333 1841 3551 1896 fuerunt

279 1959 760 2031 εἰσενεγκάμενος.
794 1961 871 2016 Οὐ
923 1962 1031 2033 μὴν
1078 1961 1155 2026 δὲ,
1197 1959 1333 2015 ἀλλὰ
1373 1960 1469 2015 καὶ
1511 1956 1865 2029 καθαρότητα

278 2049 395 2104 τῶν
427 2049 593 2105 θείων
626 2052 941 2124 δογμάτων,
969 2052 1055 2119 τίς
1077 2050 1145 2107 ἃν
1198 2050 1290 2121 ὑφ’
1338 2049 1530 2122 ἑτέρου
1575 2047 1685 2101 τῶν
1739 2046 1863 2100 κατ’

279 2142 494 2197 iusin
525 2142 618 2198 τὸν
648 2143 844 2216 χρόνον
873 2143 1184 2219 γενομένων
1216 2142 1357 2216 ὑπὲρ
1381 2141 1573 2198 τοῦτον
1594 2139 1745 2212 εὖροι
1768 2157 1865 2210 (pu-

278 2231 623 2311 λαττομένην
643 2253 663 2305 ;
1750 2248 1765 2255 ‘

1968 1944 2059 2001 illo
2100 1953 2362 2010 tempore,
2397 1939 2590 1994 melius
2617 1953 2780 2008 quam
2812 1937 2880 1992 ab
2922 1936 3038 2008 ipso
3073 1934 3239 1991 inisse
3267 1941 3544 1989 servatam

1967 2034 2277 2091 invenerit?

1740 2349 1971 2409 CAPUT
2002 2349 2067 2407 li.

984 2468 1049 2525 8.
1104 2468 1369 2525 Lucinas
1420 2469 1896 2539 comprehenditur.
1955 2464 2250 2521 Puerorum
2286 2462 2606 2525 constantia.

354 2578 421 2634 ι’.
461 2578 681 2650 Ἐπειδὴ
714 2578 772 2633 δὲ
819 2578 1166 2651 Μαξιμιανδς
1208 2584 1237 2635 6
1288 2581 1544 2652 βασιλεὺς
1606 2581 1866 2652 ὲλύττησε

277 2673 429 2731 κατὰ
456 2674 560 2746 τῆς
584 2673 917 2746 Ἐκκλησίας
944 2675 1040 2729 τοῦ
1067 2676 1308 2747 Χριστοῦ
1332 2676 1536 2730 λύσσαν
1557 2675 1863 2748 ἀμήχανον,

280 2768 419 2841 ῥᾷον
452 2767 698 2838 οἰόμενος
729 2768 789 2833 ἐξ
820 2767 1124 2840 ἀνθρώπων
1154 2767 1348 2824 θέσθαι
1376 2770 1439 2824 τὸ
1465 2771 1578 2824 τῶν
1599 2772 1863 2841 Χριστια-

277 2858 394 2914 νῶν
424 2859 617 2937 hepta,
650 2861 698 2913 si
730 2861 858 2925 τοὺς
890 2862 949 2915 ἐν
1001 2862 1168 2915 πᾶσιν
1224 2862 1562 2933 ἀκροτάτους
1616 2860 1864 2917 ἐκποδὼν

275 2949 538 3025 δυνηθείη
574 2952 928 3024 ποιήσασθαι,
969 2952 1202 3009 ἐπύθετο
1225 2955 1325 3027 μὲν
1354 2955 1484 3027 περὶ
1512 2955 1608 3010 τοῦ
1640 2955 1858 3027 ἀνδρὸς,

276 3044 383 3098 ἅτε
416 3045 620 3114 πολλῆς
651 3045 931 3117 πανταχοῦ
971 3046 1101 3118 περὶ
1134 3047 1301 3101 αὐτοῦ
1336 3047 1438 3121 τῆς
1463 3050 1654 3122 φήμης
1679 3051 1864 3107 διαθε-

275 3137 344 3190 οὐ
356 3153 456 3207 sq;
475 3153 490 3169 ·
518 3137 693 3201 δεινὸς
737 3138 793 3190 δὲ
823 3137 988 3193 αὐτὸν
1023 3139 1165 3209 ἔρως
1192 3139 1413 3210 εἰσῆλθε
1445 3141 1538 3195 τὸν
1557 3142 1726 3213 ἄνδρα
1747 3161 1863 3216 χει-

276 3228 724 3334 ριῆσασθαμβαὶ
741 3231 949 3334 πέμπει
980 3230 1045 3304 δὴ
1067 3233 1195 3334 τοὺς
1217 3232 1364 3304 χειρὶ
1384 3234 1826 3306 συλληψομένους
1844 3253 1859 3270 ⁸
1889 3274 1935 3334 C

276 3322 312 3374 6
347 3321 405 3375 δὲ
464 3321 676 3392 μαθὼν,
718 3322 819 3375 οὐκ
859 3321 1162 3393 αὐτόμολος
1207 3326 1288 3390 είς
1315 3325 1408 3379 τὸν
1470 3325 1718 3381 κίνδυνον
1770 3324 1860 3399 ἦν,

276 3415 423 3471 ἀλλὰ
443 3414 531 3470 διὰ
558 3414 807 3485 φυλακῆς
837 3416 1074 3469 ἐποιεῖτο
1120 3416 1213 3470 καὶ
1247 3416 1549 3487 ἀσφαλείας
1580 3419 1768 3491 μηδὲν,
1804 3420 1866 3474 τό

276 3525 350 3577 γε
399 3509 480 3571 είς
512 3509 676 3563 αὑτὸν
712 3503 848 3582 ἦκον
914 3509 1290 3582 ῥιψοκίνδυνον
1341 3511 1632 3582 ὑπομεῖναι
1689 3512 1864 3579 δόξαι,

280 3600 425 3671 μηδὲ
448 3601 545 3669 τὴν
587 3601 917 3671 Ἐκκλησίαν
955 3602 1199 3676 μεγάλην
1245 3602 1344 3675 τὴν
1387 3604 1474 3672 ἐφ’
1506 3605 1687 3677 ἑαυτῷ
1733 3622 1869 3660 κατ-

277 3693 489 3763 ήφειαν
520 3692 873 3766 προξενῆσαι.
907 3695 1185 3766 ’Δσφαλὴς
1227 3696 1358 3765 γοῦν
1391 3699 1472 3762 είς
1509 3697 1742 3768 δύναμιν
1773 3693 1865 3770 ἦν,

277 3787 363 3851 ὡς
387 3785 548 3839 τοῦτο
580 3786 677 3840 καὶ
702 3787 796 3841 τοῦ
834 3788 1042 3857 Κυρίου
1078 3788 1443 3859 πεποιηκότος
1470 3806 1529 3843 τε
1559 3790 1654 3843 καὶ
1687 3788 1866 3844 διαλε-

280 3877 545 3949 ξαμένου,
587 3877 683 3931 καὶ
731 3877 844 3932 τῶν
884 3877 1052 3932 αὑτοῦ
1096 3878 1358 3951 μαθητῶν
1395 3880 1615 3950 ὁμοίως.
1664 3881 1776 3935 Καὶ
1802 3880 1865 3952 δὴ

277 3968 388 4039 τῆς
413 3969 622 4034 πόλεως
656 3968 935 4034 ὑπεκστὰς
961 3971 1049 4023 ἐπ’
1079 3969 1250 4041 ἀγροῦ
1274 3987 1420 4037 τινος
1453 3971 1671 4045 ὑπῆρχε
1698 3989 1867 4027 κατα.

278 4061 687 4136 κρυπτόμενος.
720 4061 1069 4134 Παγκράτιος
1108 4062 1166 4116 δέ
1195 4079 1281 4127 τις
1320 4065 1419 4133 τῆς
1452 4064 1623 4134 αὐτῆς
1664 4065 1869 4120 Ἀντιο-

277 4153 461 4224 χείας,
488 4154 592 4224 τὴν
632 4154 734 4224 μὲν
763 4154 858 4209 τοῦ
882 4154 1257 4226 πρεσϐυτέρου
1288 4156 1455 4227 τιμὴν
1492 4156 1652 4229 ἔχων,
1685 4157 1786 4222 τῆς
1810 4157 1867 4213 δὲ

277 4244 581 4299 Σαϐελλίου
599 4246 880 4318 ὑποφρονή
890 4262 1055 4316 μασιν
1083 4246 1546 4318 ὑπενηνεγμένος,
1578 4249 1644 4304 ὲκ
1668 4249 1866 4304 πολλοῦ

276 4340 354 4408 τῇ
391 4336 488 4392 τοῦ
518 4337 712 4410 ἀνδρὸς
747 4337 873 4409 δόξῃ
890 4337 1317 4408 διαϐασκαίνων,
1339 4340 1670 4413 προδίδωσιν
1703 4343 1866 4398 αὐτὸν

275 4431 403 4492 τοῖς
435 4427 824 4499 ἀναζητοῦσιν.

360 4527 434 4587 ς’.
463 4518 575 4574 Καὶ
608 4521 637 4575 6
668 4520 768 4592 μὲν
800 4522 892 4576 ἐπὶ
921 4523 1022 4593 την
1054 4522 1428 4595 Νικομήδειαν
1458 4526 1648 4597 ἥγειτο
1676 4526 1869 4597 τεθνη-

2045 2579 2101 2635 5.
2153 2576 2290 2633 Cum
2328 2573 2535 2631 autem
2570 2570 2931 2627 Maximianus
2957 2569 3254 2640 imperator
3315 2566 3547 2623 maxima
3570 2598 3585 2608 ι

1970 2668 2202 2739 quadam
2239 2666 2391 2721 rabie
2420 2672 2566 2721 esset
2617 2663 2858 2734 percitus
2893 2659 3155 2716 adversus
3208 2656 3410 2713 Christi
3444 2654 3551 2712 Ec-

1969 2758 2215 2821 clesiam,
2257 2762 2655 2822 conareturque
2700 2750 3074 2808 Christianum
3126 2761 3321 2804 nomen
3368 2745 3551 2803 delere

1967 2861 2033 2903 ex
2067 2844 2399 2909 hominibus,
2433 2856 2530 2897 eos
2559 2840 2652 2912 qui
2700 2848 2862 2895 erant
2893 2837 3091 2895 summi
3144 2837 3286 2892 inter
3337 2850 3550 2903 omnes,

1970 2936 2288 3007 longissime
2319 2947 2601 2989 removere
2628 2930 2879 2999 studens,
2908 2929 2975 2986 de
2998 2926 3094 2985 illo
3127 2925 3341 2997 quidem
3376 2924 3548 2991 audit,

1970 3040 2030 3087 ut
2048 3030 2117 3086 de
2141 3025 2249 3099 quo
2275 3043 2468 3098 magna
2495 3024 2637 3082 fama
2656 3023 2982 3097 pervaderet
3020 3023 3076 3078 in
3111 3035 3304 3078 omnes
3328 3028 3545 3088 partes:

1970 3137 2224 3194 magnum
2285 3134 2417 3175 vero
2456 3134 2582 3176 eum
2642 3118 2867 3173 incessit
2925 3114 3252 3170 desiderium
3308 3110 3457 3167 illum
3493 3109 3548 3165 in

1969 3227 2120 3267 suam
2151 3209 2428 3282 redigendi
2470 3215 2815 3279 potestatem.
2874 3204 3036 3260 Mittit
3078 3204 3246 3275 igitur
3301 3202 3394 3273 qui
3426 3215 3547 3269 eum

1969 3304 2509 3375 comprehenderent.
2530 3301 2627 3359 ille
2654 3317 2782 3358 vero
2828 3316 2950 3356 cum
2997 3300 3049 3355 id
3080 3298 3408 3363 rescivisset,
3441 3310 3547 3352 non

1967 3412 2026 3453 se
2056 3413 2150 3453 sua
2185 3404 2376 3467 sponte
2421 3396 2655 3467 coniecit
2686 3396 2738 3449 in
2768 3393 3090 3463 periculum,
3123 3392 3218 3446 sed
3260 3389 3551 3461 diligenter

1965 3488 2210 3554 cavebat,
2242 3496 2505 3557 quantum
2528 3486 2581 3540 in
2608 3499 2673 3541 eo
2703 3484 2871 3540 situm
2901 3474 3037 3546 erat,
3076 3496 3143 3537 ne
3172 3481 3447 3537 videretur
3474 3489 3552 3535 le-

1967 3595 2118 3637 mere
2171 3581 2322 3637 adire
2382 3578 2641 3650 pericula,
2700 3593 2881 3648 neque
2925 3575 3185 3632 Ecclesiae
3237 3584 3461 3644 prepter
3492 3586 3551 3626 se

1969 3688 2216 3743 magnam
2252 3669 2447 3726 afferre
2478 3670 2779 3725 tristitiam.
2842 3667 2959 3724 Sibi
3018 3681 3149 3736 ergo
3182 3664 3409 3721 cavebat
3452 3677 3550 3732 pro

1969 3765 2196 3829 viribus,
2231 3769 2417 3832 utpote
2449 3760 2591 3830 quod
2655 3760 2758 3815 hoc
2813 3772 3031 3829 quoque
3070 3756 3334 3812 Dominus
3385 3753 3546 3810 iecis-

1969 3863 2072 3917 set.
2094 3863 2148 3909 et
2175 3852 2421 3916 dixisset,
2454 3859 2509 3905 et
2549 3850 2668 3921 ejus
2730 3848 2979 3919 discipuli
3011 3846 3287 3903 similiter.
3324 3846 3368 3901 E
3407 3845 3541 3901 civi-

1971 3952 2081 4000 tate
2115 3945 2297 4014 itaque
2327 3944 2622 4006 excedens,
2655 3942 2711 3996 in
2745 3955 2875 4011 agro
2898 3938 3130 4009 quodam
3160 3938 3385 3994 latebat.
3410 3937 3546 3991 Pan-

1969 4038 2174 4095 cratius
2203 4047 2384 4094 autem
2419 4036 2641 4108 quidam
2689 4035 3087 4098 Antioeltenns,
3114 4033 3208 4105 qui
3249 4032 3553 4105 presbyteri

1968 4130 2185 4200 quidem
2229 4137 2353 4184 erat
2380 4128 2646 4185 honorem
2680 4137 2992 4193 assecutus,
3025 4126 3166 4181 idem
3196 4139 3326 4181 vero
3349 4124 3552 4181 sentie-

1967 4227 2063 4277 bat
2098 4219 2241 4291 quod
2273 4218 2544 4276 Sabellius
2589 4218 2689 4289 (5),
2717 4217 2830 4287 jam
2861 4217 2956 4273 diu
3006 4225 3136 4273 ante
3165 4216 3310 4279 illius
3354 4215 3567 4287 gloria.

1969 4311 2236 4378 invidens,
2257 4310 2433 4383 ipsum
2465 4312 2648 4382 prodit
2668 4311 2737 4367 iis
2760 4309 2853 4382 qui
2885 4310 3254 4382 quaerebam.

2041 4551 2095 4595 ο.
2122 4538 2187 4594 Et
2219 4538 2307 4596 ille
2336 4538 2555 4611 quidem
2582 4536 2957 4594 Nicomediam
2990 4537 3580 4599 ducebaturmoritu-u

281 4612 542 4684 ξόμενος·
586 4615 706 4667 ἐκεῖ
737 4613 838 4684 μὲν
882 4615 992 4685 γὰρ
1017 4616 1047 4669 6
1089 4616 1436 4687 Μαξιμιανὸς
1474 4613 1564 4687 ἦν,
1585 4617 1754 4679 πολὺς
1803 4617 1861 4671 δὲ

1975 4648 2090 4689 rus.
2117 4633 2236 4689 illic
2265 4632 2409 4689 enim
2460 4641 2579 4688 erat
2628 4630 3012 4698 Maximianus,
3058 4628 3150 4700 qui
3205 4642 3453 4700 magnam
3499 4638 3553 4686 et

277 4704 384 4760 καὶ
411 4704 755 4769 παντοδαπὸς
785 4706 995 4775 ἐγίνετο
1020 4706 1216 4776 φθόνος
1241 4707 1350 4761 τῶν
1373 4708 1467 4763 τὸν
1499 4708 1736 4781 Χριστὸν
1768 4709 1870 4781 ἀρ-

275 4799 494 4853 νεῖσθαι
549 4797 624 4870 μὴ
665 4797 1026 4869 βουλομένων.
1079 4799 1190 4854 Καὶ
1234 4798 1393 4854 τοῦτο
1451 4800 1570 4872 μὲν,
1605 4800 1867 4872 ’Δνθιμον

274 4890 385 4961 τῆς
409 4890 478 4944 αὐ
487 4890 581 4960 τῆς
593 4890 722 4944 ὄντα
736 4890 1105 4962 Νικομηδείας
1117 4893 1415 4957 ἐπίσκοπος
1429 4892 1639 4947 ἀνελὼν
1658 4894 1685 4947 6
1697 4891 1869 4959 Μαξι-

280 4984 480 5053 μιανδς
509 4984 646 5054 πυρὶ
666 4984 1052 5055 παραδέδωκεν
1082 5002 1098 5017 υ
1156 4986 1317 5040 τοῦτο
1337 4987 1392 5040 δὲ
1422 4988 1628 5059 Πέτρον
1647 4988 1738 5042 τὸν
1766 4988 1868 5061 τῆς

290 5076 711 5148 ’Δλεξανδρείας
744 5078 942 5150 ἔφορον
964 5094 979 5110 °
1010 5078 1172 5133 τοῦτο
1217 5079 1296 5144 δὲ,
1351 5080 1581 5145 πολλοὺς
1622 5081 1865 5152 ἀγαθούς

274 5184 345 5220 τε
378 5166 477 5220 καὶ
511 5168 794 5236 γενναίους
844 5169 1066 5241 ἄνδρας.
1105 5170 1218 5225 Καὶ
1277 5172 1359 5235 είς
1392 5172 1619 5225 τοσοῦτο
1653 5174 1864 5245 προέϐη

274 5259 385 5329 τῆς
415 5260 511 5314 ἐπὶ
538 5262 751 5328 τούτοις
778 5261 1083 5335 ὠμότητος,
1107 5263 1247 5318 ὥστε
1279 5265 1373 5319 καὶ
1417 5265 1491 5339 μὴ
1523 5266 1730 5321 παίδων
1766 5287 1863 5340 νη-

280 5352 427 5407 πίων
461 5354 660 5427 κομιδῇ
700 5356 1004 5426 φείδεσθαι,
1051 5356 1190 5410 ἀλλὰ
1231 5356 1327 5411 καὶ
1348 5359 1546 5423 αὐτοὺς
1575 5361 1820 5431 ἀναιρεῖν
1843 5378 1858 5393 ⁸

355 5528 747 5615 (5)__Sahei_lius.
791 5532 1387 5615 tollebatpersonarnm
1418 5538 1861 5615 in_sanctissima

276 5600 555 5684 Trinitate
582 5602 896 5684 discrimen,
924 5600 1070 5661 unde
1101 5608 1459 5684 sequebatur,
1485 5608 1699 5667 Patrem
1722 5628 1864 5683 quo-

278 5686 388 5754 que
427 5680 769 5755 iit-carnalem
802 5688 925 5755 esse
947 5685 1015 5755 et
1053 5692 1308 5755 passum;
1342 5680 1410 5739 ad
1448 5682 1561 5755 haec
1580 5680 1861 5755 materiam

278 5745 585 5809 ingenitam
618 5745 917 5801 asserebat.
975 5745 1108 5814 Quae
1158 5745 1330 5806 l‘usius
1378 5750 1543 5808 tradit
1569 5751 1864 5827 ‘Baronius

278 5821 421 5887 tem.
448 5810 512 5869 ll.
542 5827 632 5869 an.
668 5813 797 5883 260,
829 5832 883 5874 n.
915 5814 976 5872 6l
1009 5825 1063 5874 et
1090 5832 1211 5888 seq.

278 5849 421 5887 ⁸νηιηιιο
448 5849 512 5869 ιι.
542 5849 632 5869 uale
674 5849 797 5883 ιιννρ
829 5849 883 5874 ΙΙ.
916 5849 976 5872 VI
1009 5849 1063 5874 υι
1090 5849 1211 5887 θεῇς.

1970 4738 2131 4780 omne
2159 4738 2329 4797 genus
2378 4722 2581 4780 caedem
2622 4720 2857 4777 iaciebat
2888 4733 3101 4788 eorum,
3139 4718 3229 4790 qui
3274 4718 3551 4776 Christum

1972 4830 2079 4871 non
2117 4815 2371 4871 volebant
2399 4827 2618 4885 negare.
2670 4810 2805 4868 Nam
2845 4820 2901 4867 et
2948 4811 3267 4867 Anthimum
3318 4810 3419 4885 (6),
3459 4812 3554 4883 qui

1972 4914 2093 4961 erat
2124 4906 2413 4977 episcopus
2446 4905 2688 4975 ejusdem
2706 4901 3420 4968 Nicomedim,interfeclum
3444 4903 3551 4976 igni

1972 4998 2216 5063 tradidit,
2268 5006 2323 5053 et
2354 4999 2572 5054 Petrum
2623 4994 2924 5051 antistitem
2951 4993 3028 5067 (7)
3085 4993 3446 5061 Alexandriae,
3497 5005 3552 5051 et

1971 5087 2171 5145 multos
2198 5088 2333 5145 alios
2362 5087 2652 5159 praeclaros
2684 5094 2739 5141 et
2765 5084 2935 5141 fortes
2960 5085 3122 5140 viros.
3157 5084 3460 5152 Quinetiam
3484 5086 3550 5140 ad

1969 5187 2177 5234 tantam
2208 5180 2474 5248 processit
2495 5179 2781 5245 saavitiam,
2817 5185 2877 5232 ut
2908 5192 2977 5231 ne
3001 5175 3299 5234 infantibus
3331 5176 3548 5248 quidem
3595 5230 3600 5234 .

1964 5278 2233 5339 parceret,
2281 5270 2375 5325 sed
2420 5269 2567 5338 ipsos
2604 5284 2823 5341 quoque
2873 5266 3250 5337 interimeret;
3292 5267 3547 5339 quoniam

1962 5375 2063 5416 nec
2107 5369 2322 5431 poterat
2353 5364 2577 5433 quidem
2607 5364 2688 5419 eis
2715 5358 3064 5434 persuadere,
3093 5369 3152 5415 ut
3184 5369 3577 5432 gustarentea.

2052 5542 2121 5613 '6)
2160 5543 2233 5598 De
2304 5542 2362 5599 S.
2417 5542 2674 5597 Anthimo
2706 5540 3428 5614 ricpiscopo‘Nicomediensi
3494 5552 3551 5597 et

1972 5622 2210 5684 martyre
2231 5628 2453 5683 agemus
2481 5614 2550 5668 27
2583 5613 2757 5683 April.

2049 5680 2129 5753 (7)
2185 5680 2427 5739 8.”Ρειι·ἰ
2494 5680 2848 5739 Alexandrini
2913 5680 3353 5753 episeopiyitam
3385 5681 3545 5737 dabi-

1975 5751 2109 5810 mus
2153 5753 2227 5810 26
2259 5753 2519 5813 Novemb.
2550 5753 2642 5810 ubi
2683 5754 2753 5809 de
2782 5751 3027 5824 tempore
3081 5751 3243 5807 caudis
3264 5752 3384 5820 ejus
3407 5766 3534 5824 age-

1974 5839 2118 5881 ntus.
