3886 6498
348 391 459 459 405

1646 393 1830 458 νΙΤΑ
1862 393 1926 455 S.
1969 391 2309 455 LUCIANI‘.

3504 391 3642 458 406”

352 524 447 581 ρον
476 506 632 567 ἐϐόα.
662 505 758 563 καὶ
783 508 1023 579 συνεχῶς
1045 523 1061 539 ’
1086 508 1311 580 ’Λδελφέ
1347 525 1473 581 μου,
1500 508 1815 581 νενίκηκας,
1837 508 1929 562 ἱκ-

2032 507 2235 572 vicisti,
2274 508 2448 564 donec
2481 507 2583 562 hoc
2622 506 2824 563 dictum
2864 507 3153 578 eloquens,
3194 520 3429 578 eumque
3458 520 3611 561 com-

350 600 604 672 εκράγει,
641 601 838 672 μέχρις
878 595 939 655 οὒ
973 602 1070 657 καὶ
1095 596 1257 667 αὐτὸς
1288 603 1448 658 τοῦτο
1495 603 1625 668 ἐπος
1661 604 1926 674 ἐπιφθεγ-

351 693 582 762 γόμενος
616 692 765 764 αὐτῷ
786 693 882 748 καὶ
911 695 1246 765 περιπλεγνύ
1256 712 1417 767 μενος
1442 696 1538 749 καὶ
1562 694 1732 765 φιλῶν
1758 711 1930 766 προσ-

351 781 721 848 απέπνευσεν,
761 783 859 836 καὶ
893 782 1072 837 ἔκειτο
1109 785 1209 856 ἤδη
1256 784 1348 838 τὸν
1377 784 1606 855 ἀδελφὸν
1639 786 1925 852 ἐνηγκαλι-

353 873 574 944 σμένος.
607 875 719 927 Καὶ
745 873 920 938 πάθος
961 876 1219 946 μέγιστον
1256 876 1319 947 δὴ
1340 876 1530 931 τοῦτον
1559 879 1681 931 κατ’
1718 877 1925 930 ἐκεῖνον

349 964 551 1036 συνέϐη
598 964 691 1019 τὸν
721 967 936 1038 χρόνον,
978 968 1075 1023 καλ⁸
1122 970 1237 1032 τοῖς
1279 969 1480 1040 ὁρῶσιν
1536 968 1925 1031 ἐλεεινότατον,

350 1058 522 1128 αὐτῆς
544 1057 717 1128 δήπου
749 1060 851 1130 τῆς
883 1059 1099 1129 ἡλικίας
1129 1062 1210 1124 είς
1256 1056 1438 1114 οἶκτον
1467 1060 1567 1124 τάς
1595 1060 1704 1113 τῶν
1742 1058 1928 1113 πλειό-

346 1166 457 1201 νων
484 1149 712 1220 γνώμας
734 1151 1154 1222 ἐπισπωμένης.
1178 1151 1291 1205 Καὶ
1309 1151 1531 1215 τούτους
1553 1151 1654 1220 μὲν
1672 1152 1721 1204 οί
1754 1165 1926 1221 προσ-

348 1242 578 1309 ήκοντες
612 1242 928 1313 ἀνελόμενοι
958 1244 1055 1297 σὺν
1080 1247 1194 1307 τοῖς
1224 1243 1406 1308 ἄλλοις
1434 1242 1640 1313 ἔθαψαν
1658 1241 1817 1294 παισὶ
1838 1240 1927 1294 διά

346 1332 411 1385 τὸ
439 1334 621 1387 κοινὸν
657 1336 757 1407 τῆς
787 1337 972 1399 αίτίας
995 1354 1008 1369 ·
1034 1338 1129 1391 καὶ
1152 1336 1249 1390 νῦν
1276 1335 1425 1391 ἐστιν
1447 1335 1630 1391 αὐτῶν
1672 1337 1734 1388 τὸ
1779 1350 1925 1405 μαρ-

346 1421 538 1492 τύριον
566 1425 696 1495 περὶ
728 1426 828 1498 τὴν
849 1427 1244 1498 Νικομήδειαν,
1275 1427 1387 1483 τῶν
1423 1427 1634 1500 νηπίων
1665 1424 1810 1480 οὕτω
1836 1424 1925 1496 μέο

345 1529 442 1584 χρι
466 1515 561 1569 τοῦ
589 1518 856 1591 παρόντος
885 1520 1323 1592 ὀνομαζομένων.

2032 600 2272 671 plecteus
2288 607 2342 654 et
2364 598 2767 670 osculans,jipse
2790 613 3001 669 quoque
3019 597 3321 668 exspiravit
3346 606 3399 654 et
3420 598 3613 666 jaeuit,

2031 690 2258 747 fratrem
2314 690 2425 759 jam
2458 690 2603 746 ulnis
2637 700 2845 746 tenens.
2882 690 3095 746 Accidit
3143 698 3325 747 autem
3359 690 3449 746 illo
3476 699 3613 746 tem-

2032 799 2167 854 pore
2216 785 2330 839 haec
2373 784 2651 853 perpessio
2688 783 2948 847 maxima,
2999 793 3051 840 et
3094 784 3181 851 iis,
3210 783 3305 853 qui
3335 784 3613 845 videbant,

2032 875 2272 931 maxime
2303 874 2651 941 miserabilis,
2684 875 2799 943 ipsa
2839 875 3054 944 quidem
3087 884 3234 930 certe
3263 884 3424 945 aetate
3447 883 3616 929 attra-

2032 965 2196 1021 hente
2222 966 2582 1034 plurimorttm
2607 967 2818 1020 animos
2847 965 3388 1023 autmisericordiam.
3428 965 3494 1021 Et
3520 979 3614 1021 eos

2031 1057 2250 1127 quidem
2285 1057 2321 1111 ii
2362 1057 2455 1127 qui
2486 1055 2552 1110 ad
2579 1055 2725 1127 ipsos
2767 1071 2965 1127 genere
2996 1057 3318 1125 attinebant,
3345 1072 3467 1114 cum
3495 1071 3616 1113 sus-

2033 1147 2307 1212 tulissent,
2340 1146 2669 1217 sepelierunt
2694 1160 2815 1200 cum
2837 1146 2960 1203 aliis
2988 1145 3196 1216 pueris,
3229 1156 3453 1218 propter
3477 1160 3609 1201 cau-

2030 1250 2104 1292 sae
2133 1237 2603 1311 communitatem.
2636 1236 2702 1291 Et
2731 1236 2834 1291 hoc
2857 1244 2941 1292 est
2975 1239 3292 1312 martyrium
3326 1239 3469 1294 circa
3519 1236 3612 1293 Ni-

2031 1329 2352 1391 comediam.
2380 1328 2524 1398 quod
2564 1330 2877 1385 nominatur
2931 1329 3251 1401 martyrium
3302 1329 3647 1396 iufantiumL

2040 1436 2210 1492 usque
2239 1422 2292 1476 in
2325 1421 2640 1478 hodiernam
2664 1421 2851 1481 diem._
2917 1412 2924 1419 ’

1781 1655 2012 1716 CAPUT
2043 1654 2135 1710 Ill;

1161 1779 1430 1836 Lttcianus
1466 1779 1639 1834 varios
1682 1774 1937 1832 convertit
1974 1787 1993 1826 :
2035 1769 2320 1840 conjicitur
2347 1770 2404 1823 in
2443 1783 2731 1824 carcerem.

416 1890 489 1955 η’.
534 1886 597 1942 '0
615 1887 672 1942 δὲ
705 1889 1002 1955 Λουκιανὸς
1034 1893 1222 1966 ἐπειδὴ
1264 1897 1364 1965 τῆς
1399 1891 1792 1955 Καππαδοκίας
1825 1891 1920 1943 tn:-

2093 1884 2150 1938 8.
2176 1882 2311 1939 Cum
2335 1890 2512 1938 autem
2545 1881 2838 1949 Lucianus,
2868 1879 2995 1938 dum
3023 1881 3335 1949 duceretur,
3372 1882 3657 1938 venisset»,

340 1975 444 2047 ἕδη
477 1979 778 2049 φερόμενός
807 1998 951 2035 τισιν
994 1984 1252 2055 ἐντυχὼν,
1290 1981 1410 2038 ἐκεῖ
1444 1984 1553 2037 τῶν
1585 1985 1694 2046 τοῖς
1730 1980 1917 2044 ὅπλοις

343 2071 821 2142 στρατευομένων,
850 2074 1200 2146 Χριστιανοῖς
1262 2078 1359 2147 μὲν
1408 2073 1582 2141 οὖσιν,
1635 2078 1712 2138 eis
1752 2074 1918 2143 ἀρνήο

338 2175 483 2224 σεως
527 2161 586 2215 δέ
623 2179 741 2228 πως
778 2165 1027 2238 ἀνάγκην
1066 2168 1445 2239 ἀφικομένοις,
1477 2167 1793 2222 ἀνεκαλεῖτο
1818 2166 1916 2228 τὰς

335 2252 568 2323 γνώμας
590 2255 795 2323 αὐτῶν,
825 2258 1151 2324 ύποδεικνύς
1187 2276 1247 2313 τε
1280 2260 1376 2314 καὶ
1409 2258 1810 2330 ὑφηγούμενος,
1839 2257 1916 2321 ὡς

335 2347 704 2417 αἰσχρότατον
735 2348 800 2404 ἂν
826 2351 909 2423 είη
942 2352 1182 2420 πάντων,
1213 2353 1414 2425 ἄνδρας
1438 2354 1532 2408 καὶ
1559 2353 1731 2407 ταῦτα
1749 2367 1915 2419 στραο

335 2434 544 2502 τιώτας
573 2441 822 2509 ἀγεννεῖς
847 2443 1104 2515 ὀφθῆναι,
1128 2446 1222 2498 καὶ
1255 2447 1391 2516 πρὸς
1429 2445 1527 2516 τὴν
1554 2444 1647 2506 τοῦ
1678 2444 1914 2498 θανάτου

336 2530 538 2599 πεῖραν
568 2531 992 2603 ἀτολμωτάτους
1018 2552 1033 2567 ο
1060 2530 1133 2590 ὧν
1172 2536 1268 2591 καὶ
1303 2539 1563 2606 γυναῖκες
1602 2535 1705 2608 ήδη
1744 2536 1913 2600 τινὲς,

339 2621 548 2690 μᾶλλον
577 2622 635 2677 δὲ
665 2627 759 2678 καὶ
809 2628 1000 2691 παῖδες
1038 2628 1300 2697 γεγόνασι
1351 2626 1658 2701 κρείττονες
1676 2643 1691 2658 °
1721 2626 1840 2692 πῶς
1867 2627 1913 2681 δ’

339 2711 408 2764 ἂν
437 2714 620 2784 ὑμεῖς,
651 2716 778 2788 ἔφη,
798 2718 893 2771 τοῦ
919 2720 1190 2791 ἑπικήρου
1225 2720 1491 2791 βασιλέως
1522 2719 1913 2792 προκινδυνεύ-

339 2821 496 2875 σητε,
527 2808 621 2861 τὸν
643 2811 897 2879 οὐράνιον
932 2813 1166 2881 ἑτοίμως
1205 2813 1348 2868 οὕτω
1383 2813 1787 2885 προδεδωκότες
1813 2830 1828 2879 ;
1858 2812 1913 2867 τί

335 2900 396 2954 δὲ
431 2904 524 2957 καὶ
552 2904 614 2957 τὸ
650 2905 943 2981 χύρωμαῆ
980 2908 1247 2979 φύλαγμα
1291 2911 1421 2980 ύμῖν
1475 2913 1769 2982 γενήσεται
1803 2926 1913 2963 σω-

333 2995 565 3063 τηρίας.
596 3000 645 3050 εἰ
694 3002 900 3065 ἐκεῖνος
948 3002 1093 3072 ὑμᾶς
1137 3003 1338 3057 αὐτίκα
1374 2994 1664 3075 τύχηῗτῶν
1698 3002 1910 3057 ἐνθένδε

338 3089 880 3159 μεταπεμψάμενος;
910 3087 1035 3163 'Ap'
1066 3097 1296 3148 ἐννοεῖτε
1319 3093 1394 3159 ὡς
1423 3093 1583 3156 αὐτὸς
1613 3094 1790 3147 διέπει
1819 3095 1913 3149 καὶ

333 3180 672 3248 πρυτανεύει
696 3184 815 3238 τόδε
844 3186 905 3239 τὸ
928 3187 1071 3251 adv;
1100 3188 1352 3252 κάκεῖνος
1398 3187 1512 3243 ἔστι
1550 3187 1697 3259 ζωῆς
1731 3205 1790 3241 τε
1816 3187 1911 3243 καὶ

2026 1974 2079 2028 in
2134 1973 2531 2045 Cappadociam
2570 1973 2679 2047 (8),
2727 1982 2782 2028 et
2812 1974 3158 2029 convenisset
3208 1973 3470 2043 quosdam
3501 1971 3611 2027 illic

2025 2065 2251 2127 milites,
2284 2065 2372 2133 qui
2404 2074 2560 2119 erant
2605 2064 2821 2133 quidem
2851 2061 3171 2132 Christiani,
3201 2064 3377 2119 coacti
3425 2070 3608 2118 autem

2024 2156 2241 2211 inerant
2270 2158 2771 2227 abuegare,eorum
2806 2165 3044 2211 mentem
3081 2156 3378 2222 revocavit,
3408 2166 3610 2211 osten-

2022 2247 2243 2302 deus-ct
2274 2261 2577 2316 exponens,
2612 2247 2757 2317 quod
2808 2247 2879 2301 sit
2928 2246 3171 2302 omnium
3213 2246 3608 2315 turpissimum.

2021 2338 2173 2393 viros
2204 2352 2407 2408 eosque
2434 2337 2634 2392 milites
2663 2336 2834 2393 videri
2854 2337 3091 2407 ignavos
3119 2336 3605 2407 ae‘pusillauimes.

2021 2437 2075 2485 et
2133 2430 2198 2484 ad
2248 2429 2440 2485 mortis
2498 2430 2804 2484 adeundum
2858 2429 3156 2499 periculum
3211 2429 3608 2496 timidissimas,

2022 2520 2219 2589 quibus
2242 2520 2615 2591 quaadamjam
2650 2520 2885 2588 feminae,
2918 2530 3081 2593 atque
3107 2522 3243 2577 adeo
3263 2522 3431 2594 pueri,
3455 2521 3610 2579 fuero

2019 2609 2350 2678 superiores.
2392 2608 2676 2677 Quomodo
2728 2619 2906 2666 autem
2969 2626 3085 2677 vos,
3116 2613 3313 2683 inquit,
3348 2627 3445 2682 pro
3482 2627 3609 2685 rego

2020 2701 2226 2757 caduco
2279 2711 2337 2758 et
2378 2710 2594 2757 terreno
2646 2701 2886 2772 pericula
2926 2701 3165 2771 adibitis,
3200 2705 3294 2773 qui
3331 2705 3604 2761 cmlestem

2019 2799 2129 2846 tam
2155 2791 2264 2848 cito
2290 2791 2679 2862 prodideritis?
2712 2792 2865 2861 Quod
2893 2795 3072 2850 autem
3111 2795 3216 2850 erit
3244 2795 3399 2851 vobis
3430 2798 3607 2852 muni-

2021 2893 2262 2937 mentum
2293 2893 2386 2936 aut
2406 2883 2714 2954 praesidium
2740 2884 2958 2949 salutis,
2992 2884 3037 2940 si
3070 2884 3159 2940 ille
3191 2900 3286 2941 vos
3316 2900 3441 2941 mox
3478 2887 3604 2940 hinc

2020 2974 2383 3029 accersierit?
2426 2972 2546 3029 Non
2586 2975 2838 3046 cogitatis
2885 2988 3007 3030 eum
3055 2974 3158 3031 hoc
3207 2976 3514 3031 universum
3548 2986 3615 3032 ιι

2018 3081 2207 3137 regere
2230 3077 2284 3126 et
2317 3067 2731 3135 administrare;
2783 3066 3044 3138 illumque
3086 3078 3147 3124 et
3184 3068 3306 3124 vita:
3333 3081 3454 3124 esse
3489 3068 3603 3124 dis-

2024 3166 2394 3229 pensatorem,
2425 3166 2483 3213 et
2506 3157 3070 3214 mortisdomiuum?
3124 3157 3221 3215 Est
3266 3174 3398 3231 ergo
3440 3160 3602 3233 longe

335 3269 571 3325 Θανάτου
622 3274 846 3345 κύριος;
895 3278 1082 3351 Πολλῷ
1133 3251 1341 3335 τοίνυν
1374 3251 1583 3352 βέλτιόν
1642 3251 1759 3335 am
1813 3282 1908 3336 τοῦ

2022 3251 2239 3315 melius,
2268 3260 2591 3321 praesentem
2623 3251 2790 3306 vitam
2817 3252 2994 3307 minus
3017 3262 3289 3319 curantes,
3320 3253 3600 3323 consequi.
3682 3310 3687 3315 ,

335 3364 611 3434 παρόντος
646 3367 763 3438 βίου
795 3370 956 3439 λόγον
990 3372 1199 3427 ἐλάττω
1231 3374 1639 3446 ποιησαμένους
1656 3366 1752 3444 τῆξ
1778 3373 1909 3446 παρ’

234 3486 239 3487 κ
333 3456 530 3528 ἐκείνῳ
556 3464 743 3531 τυχεῖν
772 3463 1140 3536 ἀτελευτήτου
1176 3467 1601 3539 μακαριότητος,
1632 3467 1665 3539 ἢ
1697 3468 1794 3537 τῆς
1820 3469 1911 3521 ἓν·

330 3546 511 3601 ταῦθα
549 3548 694 3622 ζωῆς
721 3557 1176 3629 περισχομένους,
1207 3559 1415 3629 ταύτης
1452 3559 1510 3612 δὲ
1556 3559 1711 3613 οὐδὲν
1746 3556 1909 3632 ἦττον

331 3637 680 3711 διαμαρτεῖν,
734 3646 1028 3716 μέλλοντας
1047 3649 1177 3715 ἴσως
1207 3650 1303 3706 καὶ
1332 3651 1437 3704 ύπὸ
1466 3651 1743 3722 πολεμίων
1771 3652 1910 3706 ταύ-

332 3750 435 3804 την
466 3735 854 3809 ἀφαιρεθῆναι,
896 3743 1157 3813 κάκείνης
1204 3760 1265 3796 τε
1303 3745 1580 3805 ἐκπεσεῖν.
1625 3745 1721 3798 καὶ
1752 3746 1910 3816 δίκην

332 3823 412 3876 ἔτι
430 3824 653 3893 διδόναι,
679 3829 1185 3902 κολασθησομένους
1205 3833 1469 3891 ἀθάνατα.
1495 3833 1730 3899 Τούτους
1762 3837 1910 3888 ἐκεῖ·

332 3933 415 3968 νοι
442 3916 729 3990 δεξάμενοι
756 3923 884 3988 τοὺς
912 3925 1126 3994 λόγους,
1159 3927 1596 3998 ἐγνωσιμάχουν,
1624 3929 1717 3982 καὶ
1774 3945 1908 3999 μετ-

332 4006 501 4076 έμελε
556 4011 741 4080 σφίσιν
784 4016 1207 4087 ἀρνησαμένοις,
1262 4019 1356 4072 καὶ
1394 4017 1550 4082 αὖθις
1573 4020 1657 4087 ἐφ’
1680 4020 1909 4085 ἑαυτοὺς

334 4101 726 4187 έπανεολθόντες
757 4109 853 4161 καλ¹
885 4109 1427 4180 παῤῥησιασάμενοι,
1474 4110 1568 4165 τὸν
1599 4111 1739 4182 ὑπὲρ
1774 4113 1911 4183 Χρι·

334 4195 464 4246 στοῦ
503 4194 735 4251 θάνατον
769 4201 817 4252 οἱ
846 4202 1064 4265 πλείους
1091 4202 1426 4272 ὑπέστησαν,
1451 4202 1602 4268 ὄντες
1622 4204 1721 4257 οὐκ
1752 4203 1910 4259 ὲλάτ-

329 4302 459 4350 τους
494 4290 587 4342 τὸν
614 4291 847 4363 ἀριθμὸν
892 4298 1342 4366 τεσσαράκοντα’
1377 4296 1522 4360 τινὲς
1565 4297 1623 4351 δὲ
1679 4298 1772 4351 κοιλ⁵
1803 4299 1909 4351 πά-

334 4395 460 4442 σαις
489 4382 769 4438 κολάσεων
799 4385 968 4451 ίδέαις
1013 4390 1583 4460 προσαγωνισάμενοι,
1632 4389 1909 4458 ὲπέξησαν

332 4470 415 4523 ἔτι
460 4474 632 4544 μηδὲν
682 4476 910 4545 ἀγεννὲς
950 4480 1089 4548 μετά
1127 4479 1227 4552 τὴν
1251 4480 1512 4552 δευτέραν
1551 4484 1746 4551 πεῖραν
1771 4481 1908 4534 ὑπο-

337 4564 738 4633 μεμενηκότες,
772 4566 908 4622 ἀλλά
936 4569 1031 4623 καὶ
1062 4569 1163 4641 τὴν
1203 4573 1477 4643 προτέραν
1501 4572 1596 4642 τῆς
1623 4573 1907 4644 ἀρνήσεως

328 4651 487 4721 δίκην
538 4658 603 4726 τῇ
665 4655 762 4712 νῦν
805 4659 945 4733 ὑπὲρ
1004 4662 1287 4728 εὐσεϐείας
1342 4664 1593 4719 ὲνστάσει
1646 4664 1904 4720 διαλυσά-

335 4759 511 4810 μενοι.

403 4832 469 4886 θ’.
520 4833 578 4889 '0
610 4835 675 4890 δὲ
699 4837 996 4904 Λουκιανὸς
1029 4842 1282 4916 πάρεργα
1312 4845 1413 4916 τῆς
1450 4844 1570 4900 ὀδοῦ
1603 4845 1777 4901 ταῦτα
1813 4849 1907 4903 καὶ

329 4924 559 4979 τοιαῦτα
590 4929 760 4984 πλείω
784 4931 1242 5006 διαπραξάμενος,
1287 4940 1367 5003 είς
1403 4940 1503 5009 τὴν
1531 4938 1906 5010 Νικομήδειαν

330 5017 636 5090 ἑκομίσοη’
661 5022 852 5078 τούτου
885 5025 941 5078 δὲ
971 5028 1066 5082 τοῦ
1114 5030 1309 5102 ἀνδρὸς
1343 5031 1603 5104 ὁμιληταὶ
1643 5032 1903 5102 γεγόνασι

332 5110 578 5177 πλείους,
610 5116 709 5171 καὶ
738 5119 788 5169 oi
822 5119 923 5189 μὲν
961 5122 1149 5176 αὐτόθι
1199 5125 1565 5195 συμπαρῆσαν
1595 5125 1742 5195 αύτῷ
1767 5128 1907 5180 κατά

327 5200 429 5273 τὴν
442 5203 812 5278 Νικομήδειαν
836 5212 1225 5286 ἀγωνιζομένῳ
1252 5231 1267 5246 ο
1298 5218 1346 5269 οἱ
1376 5216 1433 5269 δὲ
1455 5214 1541 5269 06°
1570 5215 1631 5281 ἐξ
1656 5209 1729 5270 ὧν
1756 5233 1905 5280 τινες

330 5296 720 5366 προϐαλόντων
749 5302 943 5369 αὐτοῖς
967 5306 1078 5361 τῶν
1100 5306 1378 5378 ἑλληνίσαι
1413 5308 1782 5379 βιασαμένων,
1814 5309 1902 5362 ὲν-

327 5385 522 5442 έδοσαν
555 5392 654 5460 μὲν
682 5393 751 5448 τά
782 5396 978 5466 πρῶτα
1026 5398 1102 5470 μὴ
1140 5389 1464 5468 δυνηθέντες
1502 5401 1736 5472 ἀρκέσαι
1765 5402 1902 5472 πρὸς

326 5478 428 5543 τὰς
455 5480 725 5552 βασάνους
746 5472 766 5520 ’δ
794 5487 987 5549 ἔπειτα
1012 5494 1196 5560 μέντοι
1229 5492 1529 5557 Λουκιανὸς
1564 5493 1593 5546 ὁ
1625 5494 1768 5557 θεῖος
1797 5494 1902 5564 (ἔτι

327 5574 439 5646 γὰρ
462 5577 583 5648 ἔζη)
611 5582 1129 5657 προσκαλεσάμενος
1158 5585 1378 5652 αὐτοὺς,
1419 5586 1516 5642 καὶ
1554 5586 1735 5657 λόγοις
1759 5604 1894 5641 παν-

400 5741 476 5812 (8)
514 5741 652 5798 Hinc
679 5752 846 5812 patet,
879 5746 1123 5804 terrestri
1175 5746 1370 5812 itinere
1403 5748 1706 5809 Antiochiae
1738 5749 1901 5808 Nico-

331 5810 564 5868 mediam
595 5810 911 5883 pcrductuut
955 5832 1074 5874 esse
1108 5810 1428 5876 Lucianum.

2019 3356 2138 3410 qua:
2199 3342 2340 3412 apud
2370 3342 2539 3396 ‘illum
2608 3356 2883 3412 nunquam
2925 3342 3143 3410 desinit,
3190 3344 3599 3405 beatitudinem,

2017 3447 2177 3502 quam
2203 3434 2391 3498 vitam,
2430 3449 2552 3504 quae
2586 3435 2673 3489 hic
2707 3446 2814 3499 est,
2849 3435 3259 3506 amplcCtentes,
3284 3436 3352 3489 ab
3389 3435 3496 3492 hac
3518 3435 3600 3490 ui—

2018 3524 2126 3578 hilo
2155 3524 2331 3580 secius
2358 3524 2629 3591 excidere,
2665 3534 2726 3580 ut
2769 3526 2858 3596 qni
2910 3525 3048 3581 forte
3095 3526 3216 3581 sitis
3256 3535 3311 3581 et
3338 3526 3443 3582 hac
3490 3527 3598 3598 pri-
3672 3578 3679 3585 .

2017 3614 2179 3670 vaudi
2213 3617 2280 3670 ab
2319 3613 2593 3679 hostibus,
2615 3626 2672 3672 et
2704 3616 2851 3671 illam
2892 3632 2999 3671 non
3037 3617 3434 3685 assecuturi,et
3459 3634 3595 3689 pra:—

2019 3716 2167 3762 terea
2199 3707 2403 3763 daturi-
2429 3724 2616 3780 poenas
2645 3711 2899 3780 puniendi
2961 3710 3322 3767 immortales.
3355 3710 3433 3766 llli
3467 3726 3596 3782 ergo

2017 3814 2138 3855 cum
2163 3800 2277 3856 hanc
2293 3800 2646 3870 audivissent,
2679 3804 3043 3875 resipuernnt,
3066 3815 3121 3859 et
3146 3820 3240 3860 eos
3261 3806 3514 3877 paenituit
3536 3822 3596 3862 se

2017 3907 2264 3964 negasse.
2299 3892 2504 3950 Etcum
2541 3910 2732 3952 rursus
2784 3899 2850 3953 ad
2885 3912 2945 3953 so
2993 3899 3300 3967 rediisseut,
3337 3909 3389 3956 et
3430 3898 3596 3955 libere

2015 3994 2195 4038 essent
2238 3983 2426 4049 locuti,
2466 3984 2686 4056 plurimi
2715 3985 2792 4057 (9)
2817 3976 3039 4058 propter
3066 3988 3591 4046 Cbristnmmortem

2016 4075 2320 4139 subierunt,
2354 4091 2477 4131 cum
2512 4088 2695 4133 essent
2730 4094 2834 4134 non
2866 4080 3150 4151 pauciores
3179 4097 3406 4137 numero
3426 4097 3591 4153 quam

2016 4169 2414 4240 quadraginta;
2455 4171 2698 4226 nonnulli
2718 4182 2898 4227 autem
2940 4188 3062 4227 cum
3090 4174 3458 4229 decertassent
3497 4175 3594 4229 ad-

2015 4272 2205 4314 versus
2234 4260 2416 4315 nrnuia
2441 4277 2638 4330 genera
2673 4263 3081 4335 suppliciorum,
3109 4266 3365 4322 vixerunt
3388 4268 3588 4333 adhuc,

2015 4365 2136 4404 cum
2170 4350 2297 4404 nihil
2330 4361 2484 4421 turpe
2518 4363 2573 4408 et
2601 4353 2852 4423 ignavum
2896 4370 3006 4425 prae
3032 4370 3092 4410 se
3129 4356 3378 4411 tulissent
3408 4357 3461 4411 iu
3504 4372 3592 4413 se-

2016 4442 2188 4495 cunda
2220 4443 2556 4512 experientia
2586 4462 2602 4513 ;
2630 4447 2724 4502 sed
2753 4450 2903 4516 prius
2935 4462 3149 4517 quoque
3188 4448 3455 4516 judicium
3496 4464 3591 4504 ue-

2018 4532 2272 4600 gationis,
2321 4533 2521 4591 invicta
2581 4537 2837 4610 deinceps
2890 4555 3001 4610 pro.
3034 4540 3233 4610 pietate
3289 4542 3594 4597 constantia

1939 4615 1982 4671 Ι)
2012 4624 2361 4687 delevissent.

2082 4863 2136 4919 9.
2156 4862 2432 4920 Lucianus
2462 4874 2664 4931 autem,
2687 4881 2810 4921 cum
2836 4866 2889 4923 in
2913 4868 3143 4925 transitu
3163 4870 3375 4928 itineris
3396 4872 3511 4928 inec
3537 4880 3601 4929 et

2014 4953 2162 5023 plura
2185 4955 2490 5023 huiusmodi
2522 4956 2815 5023 eiiecisset,
2839 4960 3050 5017 delatus
3080 4972 3165 5019 est
3198 4961 3588 5020 Nicomediam.

2012 5045 2183 5115 Hujus
2200 5058 2379 5104 autem
2404 5049 2505 5104 viri
2527 5050 2680 5106 fuere
2705 5052 2856 5107 multi
2877 5053 3193 5121 familiares,
3214 5066 3268 5111 et
3289 5057 3438 5112 exiis
3455 5071 3589 5113 uou-

2014 5138 2141 5191 uulli
2160 5153 2280 5193 cum
2305 5154 2370 5195 eo
2397 5141 2623 5197 aderant
2650 5142 2960 5201 decertante
2978 5145 3323 5203 Nicomediae.
3351 5147 3441 5203 alii
3463 5149 3592 5206 abec

2013 5236 2154 5284 rart.
2183 5227 2260 5284 Ex
2293 5231 2487 5300 quibus
2524 5248 2646 5287 cum
2688 5234 2851 5305 aliqui
2883 5238 2948 5292 ad
2995 5253 3091 5293 eos
3133 5240 3494 5299 accessissent
3529 5240 3603 5306 ii._

2010 5315 2101 5386 qui
2157 5318 2422 5390 cogebant
2477 5318 2816 5381 Christianos
2873 5327 3038 5383 ritum
3087 5329 3241 5401 sequi
3308 5331 3585 5403 gentium,

2012 5411 2188 5480 primo
2215 5410 2435 5481 quidem
2470 5428 2776 5483 cesserunt,
2830 5429 2886 5475 ut
2939 5421 3032 5490 qui
3065 5436 3173 5476 non
3226 5431 3446 5492 possent
3478 5430 3587 5475 tor-

2014 5501 2214 5557 mentis
2267 5502 2557 5575 sufficere;
2594 5518 2647 5562 at
2676 5525 2795 5563 cum
2839 5512 3058 5568 divinus
3093 5509 3584 5582 Luciauus_(adlmc

2001 5593 2144 5647 enim
2169 5594 2404 5668 vivebat)
2420 5613 2511 5654 cos
2537 5602 2604 5654 ad
2639 5617 2697 5655 se
2723 5602 3125 5672 accersivisset,
3155 5612 3212 5659 et
3235 5616 3394 5658 omne
3415 5616 3583 5669 genus

2082 5754 2159 5831 (9)
2195 5754 2285 5831 iii‘
2317 5770 2439 5812 cum
2486 5759 2882 5831 aliisfortasse-
2914 5762 2969 5817 in
3016 5761 3215 5818 eadem:
3242 5756 3580 5831 Cappadocia

2010 5828 2183 5893 passis
2205 5826 2454 5883 coluntur
2486 5829 2556 5885 23
2590 5829 2731 5888 Maii.
