3886 6528
280 362 390 428 407

1477 373 1766 436 MENSIS
1800 371 2268 435 IANUARIUS.

3436 360 3548 426 £08

285 480 624 538 sermonibus
676 495 862 537 eorum
903 483 1116 540 animos
1138 485 1492 556 correxisset,
1524 498 1579 546 et
1601 500 1862 563 quantum

1997 492 2133 553 οίοις
2159 491 2341 546 αὑτῶν
2363 487 2685 559 ἀνορθώσας
2708 485 2805 551 τάς
2827 484 3074 557 γνώμας,
3095 482 3193 539 καὶ
3212 479 3405 554 ὅσῳτδ
3430 497 3550 535 κιν-

284 575 360 630 sit
407 576 861 645 transgressionis
902 577 1203 648 periculum
1243 581 1595 647 ostendisset,
1641 584 1861 652 etquod

288 679 448 721 nemo
502 681 711 733 eorum,
774 668 864 737 qui
915 683 1069 725 suam
1123 671 1424 739 prodiderit
1477 673 1530 728 in
1583 673 1861 730 Christum

288 757 713 825 confessionem,
738 759 961 831 eﬂ’ugiet
1003 761 1273 819 ﬂammam
1312 765 1592 834 gehennae,
1614 780 1733 836 quae
1755 782 1862 822 non

285 858 465 920 potest
503 851 816 923 exstingui;
850 854 996 908 ducti
1042 856 1385 924 poenitentia,
1439 859 1508 913 ab
1559 873 1626 915 eo
1660 859 1864 916 reducti

286 952 414 996 sunt
445 944 500 997 in
533 943 852 999 Ecclesium.

364 1034 460 1092 10..
507 1035 585 1091 Ex
633 1036 701 1091 iis
742 1048 945 1102 autem,
1003 1038 1095 1108 qui
1135 1039 1202 1093 ad
1254 1039 1553 1096 Lucianum
1607 1052 1871 1098 venerant

289 1127 682 1197 Nicomediam,
704 1140 822 1187 erat
841 1133 1005 1187 etiam
1032 1133 1302 1189 Antonius
1320 1135 1453 1205 (l0),
1478 1136 1866 1207 discipulorum

292 1234 515 1275 suorum
547 1221 934 1278 dilectissimus
977 1242 991 1278 :
1026 1240 1156 1294 quo,
1207 1236 1491 1297 postquam
1539 1230 1708 1292 venit,
1737 1245 1869 1286 usus

291 1323 376 1368 est
413 1313 665 1369 ministro
689 1315 756 1369 ad
781 1316 1095 1373 scribendas
1119 1317 1397 1386 epistolas,
1426 1328 1484 1374 ut
1510 1320 1624 1389 ipse
1655 1336 1873 1391 quoque

295 1405 537 1461 nsteudit
562 1406 832 1463 Luciauus
866 1408 1054 1464 in‘una
1088 1411 1340 1481 epistola.
1369 1412 1445 1465 Ex
1479 1412 1543 1467 iis
1570 1422 1752 1467 autem
1780 1414 1871 1482 qui

298 1499 545 1560 aberant.
583 1508 739 1554 erant
768 1501 983 1569 quidem
1043 1504 1225 1574 plures
1272 1503 1400 1569 viri,
1458 1520 1524 1559 ex
1558 1505 1873 1561 mulieribus

298 1601 479 1646 autem
512 1591 776 1649 Eustolia.
809 1602 863 1647 et
894 1593 1187 1660 Dorotbea,
1215 1604 1269 1651 et
1305 1595 1528 1653 Severa.
1558 1597 1723 1652 Aiunt
1778 1615 1877 1651 au-

301 1692 408 1738 tem
440 1681 712 1751 Pelagiam
738 1684 850 1757 (li)
884 1701 1098 1757 quoque
1131 1688 1296 1743 fuisse
1327 1702 1394 1743 ex
1427 1688 1543 1758 ejus
1572 1690 1876 1761 discipulis,

301 1790 425 1844 quae
467 1776 773 1832 Antiochiae
794 1776 968 1848 Syriae
986 1780 1152 1836 vixit:
1177 1795 1299 1850 quae
1317 1782 1481 1836 etiam
1509 1780 1709 1837 dicitur
1733 1782 1879 1847 seip-

1965 584 2196 649 δυνῶδες
2221 583 2322 654 τῆς
2367 580 2734 653 παραὸἀσεως
2770 577 3078 644 ὑποδείξας,
3135 578 3231 632 καὶ
3259 576 3337 638 ὡς
3367 572 3549 636 οὐδεὶς

1966 678 2066 749 τὴν
2091 677 2173 740 είς
2195 674 2434 747 Χριστὸν
2463 672 2757 744 ὁμολογίαν
2791 669 3169 743 καταπροδοὺς
3191 666 3549 738 διαδράσεται

1965 771 2065 842 τὴν
2089 770 2356 824 ἄσϐεστον
2401 767 2577 837 φλόγα
2605 767 2702 837 τῆς
2726 763 2954 835 γεέννης
2981 765 3172 828 εἰπὼν,
3203 756 3553 832 μεταγνῶναί

1967 880 2028 916 τε
2052 859 2590 934 παρεσκεύασεν,κα“ι
2608 860 2687 923 είς
2714 857 2815 929 τὴν
2851 853 3181 929 Ἐκκλησίαν
3198 852 3554 922 ἐπανήγαγεν

1969 952 2151 1018 αὖθις.

2045 1047 2093 1101 ι’.
2128 1048 2250 1101 Τῶν
2278 1046 2333 1101 δὲ
2363 1047 2443 1111 είς
2474 1047 2573 1113 τὴν
2606 1041 2981 1113 Νικομήδειαν
3025 1036 3107 1109 τῷ
3133 1033 3425 1103 Λουκιανῷ
3455 1035 3557 1086 ὲπ-

1983 1137 2346 1211 εληλυθότων,
2376 1140 2470 1192 καὶ
2498 1138 2818 1197 Ἀντωνῖνος
2848 1129 2917 1205 ἦν
2950 1131 3058 1185 τῶν
3086 1129 3254 1183 αὐτοῦ
3284 1124 3556 1198 μαθητῶν

1973 1235 2001 1286 6
2024 1233 2464 1303 ἀγαπητότατος,
2497 1231 2591 1282 καὶ
2642 1226 2877 1295 διακόνῳ
2906 1241 2968 1293 γε
3002 1221 3177 1293 τούτῳ
3212 1218 3398 1289 ἐπειδὴ
3441 1218 3557 1286 ἀφ-

1980 1325 2126 1378 ίκετο
2154 1322 2291 1394 πρὸς
2328 1322 2429 1393 τὴν
2459 1321 2568 1375 τῶν
2589 1318 2893 1374 ἐπιστολῶν
2918 1317 3190 1387 ἐχρήσατο
3218 1312 3458 1384 γραφὴν,
3482 1309 3564 1372 ὡς

1976 1415 2072 1468 καὶ
2102 1414 2265 1477 αὐτὸς
2289 1415 2316 1467 6
2347 1411 2647 1472 Λουκιανὸς
2693 1412 2752 1463 ἐν
2800 1410 2901 1479 μιᾷ
2925 1406 3184 1476 ἐπιστολῇ
3206 1404 3366 1457 τοῦτο
3398 1401 3564 1471 δεδή-

1977 1506 2153 1559 λωκεν
2176 1523 2188 1535 °
2217 1505 2326 1558 τῶν
2356 1504 2413 1557 δὲ
2449 1503 2702 1557 ἀπόντων
2730 1499 2943 1572 ἀνδρῶν
2991 1498 3091 1568 μὲν
3129 1494 3351 1557 πλείους
3392 1490 3565 1557 ὲτὺγ-

1979 1616 2163 1670 χανον,
2194 1600 2471 1666 γυναῖκων
2505 1597 2561 1650 δὲ
2618 1594 2909 1657 Εὔστόλια,
2968 1592 3060 1644 καὶ
3116 1586 3397 1659 Δωροθέα,
3461 1582 3567 1637 καὶ

1980 1691 2283 1762 Σευουήρα.
2312 1691 2449 1760 Φησὶ
2478 1689 2533 1742 δὲ
2568 1689 2659 1740 καὶ
2700 1684 2984 1753 Πελαγίαν
3023 1681 3134 1736 τῶν
3187 1678 3354 1734 αὑτοῦ
3401 1676 3570 1747 γενέ-

1984 1780 2111 1834 σθαι
2153 1778 2496 1850 μαθητριῶν,
2519 1777 2620 1848 τὴν
2651 1776 2710 1829 ὲν
2751 1773 3055 1845 Ἀντιοχείᾳ
3083 1772 3183 1843 τῆς
3200 1768 3401 1841 Συρίας
3425 1764 3569 1838 πρὸς

300 1881 462 1924 same
491 1876 637 1924 tecto
666 1870 932 1925 altissimo
954 1871 1237 1943 dejecisse,
1257 1889 1380 1929 cum
1404 1876 1768 1930 accessissent
1788 1876 1879 1944 qui

1996 1842 2220 1944 Ἅμανῷ
2250 1842 2470 1941 163.692:
2504 1842 2786 1940 βιῶσασαν
2808 1883 2823 1899 ’
2851 1842 2975 1937 ἣτις
2996 1842 3221 1933 λέγεται
3236 1860 3333 1917 καὶ⁵
3357 1857 3568 1929 ἑαυτὴν

302 1976 422 2016 eant
445 1972 604 2018 erant
625 1964 1097 2033 comprehensuri,
1133 1965 1332 2021 timens
1360 1980 1429 2021 ne
1458 1967 1880 2022 abominandum

303 2054 433 2122 quid
473 2069 570 2123 per
615 2055 723 2111 vim
756 2057 1054 2114 sustineret
1109 2058 1249 2128 (erat
1302 2060 1448 2115 enim
1483 2061 1679 2133 virgo),
1728 2072 1784 2117 et
1815 2077 1884 2118 eo

307 2147 466 2201 modo
495 2162 617 2203 esse
661 2158 936 2205 mortuam
984 2167 999 2205 :
1053 2166 1214 2219 quam
1267 2153 1429 2208 etiam
1472 2152 1525 2207 in
1564 2146 1882 2210 hodiernum

305 2251 477 2306 usque
506 2238 649 2292 diem
689 2237 961 2295 honorant
1017 2251 1275 2312 tanquam
1308 2254 1624 2315 martyrem,
1649 2246 1740 2318 qui
1762 2255 1887 2302 sunt.

306 2337 553 2383 amantes
577 2340 897 2402 martyrum.

380 2420 470 2476 Η.
496 2420 667 2477 Porro
697 2435 875 2480 autem
903 2440 1025 2481 cum
1050 2425 1119 2482 de
1144 2426 1386 2484 Luciano
1411 2445 1438 2483 ιι
1472 2429 1657 2487 multis
1673 2431 1887 2487 audiret

305 2511 690 2583 Maximianus,
718 2526 923 2573 tantam
955 2518 1008 2573 in
1039 2534 1160 2585 ejus
1188 2519 1327 2576 facie
1357 2522 1593 2579 insidere
1623 2538 1885 2580 reveren-

311 2606 464 2670 tiam,
486 2615 548 2660 ut
575 2607 619 2661 si
652 2622 776 2662 eum
803 2607 1248 2674 solum'vidisset,
1268 2610 1475 2666 veniret
1499 2611 1553 2666 in
1584 2612 1881 2681 periculum

310 2712 383 2752 ne
414 2696 568 2755 fieret
589 2697 968 2769 Christianus;
999 2710 1284 2772 postquam
1317 2702 1484 2773 jussit
1514 2714 1572 2758 ιιι
1598 2705 1686 2759 ille
1714 2706 1889 2761 addu-

312 2797 551 2854 ceretur,
610 2789 810 2847 timens
850 2807 918 2847 ne
951 2792 1056 2849 sibi
1108 2793 1215 2850 tale
1257 2795 1385 2863 quid
1431 2795 1734 2861 accederet,
1771 2796 1890 2852 velo

308 2881 596 2950 interjecto
624 2893 839 2954 separat
861 2885 1135 2942 sermonis
1160 2886 1626 2958 congressionem,
1650 2898 1707 2944 et
1724 2889 1889 2945 verba

306 2974 499 3043 procul
544 2978 613 3031 ad
641 2991 763 3031 eum
795 2976 1099 3044 emittebat,
1132 2978 1453 3036 intermedio
1492 2989 1651 3036 utens
1679 2996 1892 3037 sermo-

310 3067 397 3122 nis
453 3067 727 3123 ministro.
779 3069 848 3124 Et
875 3069 1111 3139 primum
1171 3072 1389 3141 quidem
1446 3073 1803 3143 pollicebatur
1831 3088 1892 3129 sc

1986 1965 2194 2021 ἄνωθεν
2220 1962 2328 2019 ἀπὸ
2357 1960 2587 2030 στέγους
2628 1958 2968 2030 ὑψηλοτάτου
2997 1956 3200 2028 βαλεῖν,
3224 1951 3569 2011 ἐπιστάντων

1986 2056 2125 2126 αὑτῇ
2152 2054 2263 2107 τῶν
2306 2050 2751 2123 συλληψομένων,
2802 2049 2913 2103 δέει
2959 2047 3055 2103 τοῦ
3109 2047 3242 2119 μήτι
3277 2043 3413 2115 πρὸς
3445 2042 3572 2113 βίαν

1988 2148 2286 2218 ὑπομεῖναι
2322 2144 2433 2198 τῶν
2494 2141 2791 2199 ἀπευκτῶν
2832 2139 3128 2213 (παρθένος
3184 2136 3295 2210 γὰρ
3317 2132 3434 2207 ἦν),
3474 2132 3573 2187 καὶ

1988 2239 2178 2294 τοῦτον
2212 2237 2507 2294 ἀποθανεῖν
2534 2236 2628 2291 τὸν
2676 2235 2880 2307 τρόπον
2908 2250 2921 2265 ’
2951 2234 3018 2305 ἥν
3046 2233 3141 2287 καὶ
3169 2233 3249 2294 είς
3296 2229 3460 2299 δεῦρο
3484 2244 3574 2281 τι·

1992 2331 2166 2403 μῶσιν
2191 2331 2267 2394 ὡς
2299 2331 2558 2402 μάρτυρα
2588 2326 2890 2399 γενομένην
2921 2327 2968 2378 οἱ
2998 2322 3429 2394 φιλομάρτυρες.

1974 2468 1979 2473 .
2062 2423 2151 2480 ια’.
2191 2423 2251 2477 '0
2278 2423 2461 2494 μέντοι
2505 2421 2805 2483 Λουκιανὸς
2840 2420 2916 2479 ὡς
2945 2418 3043 2487 τῆς
3067 2412 3443 2485 Νικομηδείας
3473 2412 3577 2465 Erro

1992 2517 2092 2588 έϐη
2115 2517 2416 2588 φερόμενος
2444 2514 2597 2586 παρά
2618 2512 2828 2568 πολλῶν
2859 2513 2887 2565 6
2927 2507 3273 2580 Μαξιμιανὸς
3295 2504 3575 2560 πυνθανό-

1996 2629 2182 2685 μενος,
2234 2610 2368 2663 ὤσει
2429 2608 2525 2663 καὶ
2577 2610 2737 2678 μόνον
2784 2606 3043 2660 θεάσαιτο
3081 2604 3173 2656 τὸν
3218 2601 3411 2670 ἄνδρα,
3467 2597 3576 2651 κᾶν

1992 2704 2359 2778 χριστιανίσαι
2387 2702 2752 2757 κινδυνεύσειε
2788 2717 2802 2733 ⁶
2830 2698 3102 2768 τοσαύτην
3131 2695 3239 2765 γὰρ
3268 2692 3402 2747 αίδὼ
3436 2707 3578 2760 προ-

1995 2797 2268 2867 καθῆσθαι
2300 2795 2403 2865 τῆς
2431 2794 2528 2849 τοῦ
2555 2793 2747 2865 ἀνδρὸς
2775 2790 3014 2864 μορφῆς,
3040 2788 3223 2850 δείσας
3272 2784 3346 2856 μή
3379 2800 3434 2836 τι
3464 2780 3576 2835 πά-

1995 2891 2077 2945 θοι
2107 2888 2369 2951 τοιοῦτον,
2401 2888 2871 2958 παραπετάσματι
2929 2882 3081 2953 μέσῳ
3123 2875 3443 2946 διατειχίζει
3474 2873 3579 2945 τὴν

1994 2983 2236 3054 ὁμιλίαν,
2270 2981 2368 3036 καλ⁹
2405 2981 2471 3033 ὲκ
2508 2977 2723 3051 μακροῦ
2755 2978 2882 3040 τοὶς
2910 2973 3045 3045 πρὸς
3086 2970 3250 3027 αὑτὸν
3302 2968 3579 3036 διέπεμπε

1995 3077 2209 3146 λόγους,
2244 3075 2394 3146 μέσῳ
2415 3073 2494 3144 τῷ
2517 3072 2627 3126 τῶν
2652 3070 2829 3140 λόγων
2857 3067 3094 3137 διακόνῳ
3136 3062 3441 3136 χρώμενος.
3464 3059 3580 3113 Καὶ

310 3161 737 3218 innumerabilia
766 3163 816 3218 ei
848 3179 973 3220 esse
1012 3164 1361 3235 largiturum,
1396 3174 1452 3221 et
1480 3180 1660 3222 rerum
1692 3181 1887 3237 geren-

1997 3171 2215 3244 πρῶτον
2235 3170 2334 3238 μὲν
2367 3168 2682 3239 ὑπισχνεῖτο
2721 3163 2894 3235 μυρία
2930 3162 3068 3230 δῆτα
3095 3154 3579 3254 φιλοτιμούμενος,

312 3252 507 3307 darum
538 3252 851 3310 habiturum
882 3268 1007 3310 eum
1036 3270 1160 3312 esse
1186 3257 1649 3325 consiliarium,et
1670 3256 1890 3313 Patrem

313 3343 686 3414 imperatoriae
710 3345 1014 3416 dignitatis,
1043 3357 1100 3402 et
1129 3348 1340 3403 socium
1370 3348 1754 3403 sollicitudinis
1774 3362 1896 3419 qua:

314 3452 416 3505 pro
447 3451 659 3492 summa
690 3453 873 3494 rerum
901 3440 1230 3511 suscipitur;
1261 3448 1318 3495 et
1355 3439 1508 3509 plura
1547 3439 1652 3494 alia
1708 3440 1899 3509 hujus-

316 3531 464 3586 modi
507 3546 523 3587 :
554 3547 653 3602 pro
685 3532 882 3603 quibus
913 3533 1166 3589 omnibus
1196 3550 1362 3589 unum
1390 3532 1564 3589 solum
1595 3534 1815 3590 dicebat
1839 3549 1899 3589 se

314 3631 521 3692 petere,
553 3637 749 3695 nempe
778 3633 835 3679 ut
861 3625 966 3680 diis
987 3625 1345 3682 sacriﬁcaret.
1377 3626 1511 3682 Cum
1543 3636 1726 3682 autem
1768 3626 1885 3694 ille,

318 3722 505 3778 audita
531 3724 794 3778 donorum
825 3724 1220 3795 magnitudine,
1256 3740 1376 3795 quae
1410 3727 1476 3781 de
1526 3725 1607 3780 eis
1636 3725 1898 3780 diceban-

316 3822 431 3881 tur,
460 3813 616 3869 nibili
648 3814 913 3878 fecisset,’
940 3825 994 3869 et
1025 3829 1093 3870 ne
1122 3816 1434 3871 universum
1477 3816 1698 3885 quidem
1741 3830 1899 3869 mue-

319 3905 447 3958 dum
475 3917 601 3960 esse
633 3918 758 3960 cum
787 3904 991 3974 pietate
1022 3906 1075 3959 in
1112 3906 1277 3960 Deum
1308 3905 1695 3960 conferendum
1723 3905 1900 3961 dixis-

318 4004 439 4063 set,
472 4004 603 4050 tttnc
647 3995 757 4066 jam
794 4004 1035 4050 mutatus
1081 3996 1401 4065 imperator,
1436 3998 1672 4051 minatus
1725 4007 1812 4050 est
1839 4010 1899 4051 se

320 4086 390 4139 ad
418 4085 744 4154 supplicium
783 4088 831 4142 ei
862 4102 986 4143 esse
1032 4090 1450 4155 intentaturum,
1485 4090 1747 4161 quidquid
1785 4090 1903 4146 lon-

321 4192 449 4247 gum
483 4187 694 4249 tempus
722 4179 1039 4248 invenisset,
1065 4191 1120 4237 et
1149 4183 1196 4238 si
1228 4184 1357 4253 quid
1383 4184 1498 4254 ipse
1534 4193 1719 4254 posset
1754 4184 1903 4241 inve-

322 4272 446 4327 nire
475 4286 671 4327 novum
702 4280 758 4329 et
803 4274 1130 4330 inauditum.
1159 4276 1253 4331 Illo
1284 4286 1465 4332 autem
1496 4279 1761 4334 adversus
1788 4280 1903 4334 lucc

321 4363 628 4419 interritam
670 4377 975 4435 opponcme
1024 4367 1332 4436 audaciam,
1390 4379 1445 4424 et
1472 4378 1661 4439 parato
1685 4370 1904 4440 prodire

322 4459 380 4512 in
410 4457 605 4524 aciem,
642 4458 797 4514 valde
838 4458 1151 4530 indignatus
1186 4462 1501 4531 imperatur,
1529 4476 1653 4517 eum
1681 4462 1896 4532 quidem

2003 3263 2305 3336 σύμϐουλόν
2330 3279 2391 3317 τε
2410 3262 2519 3316 τῶν
2537 3259 2829 3333 πρακτέων
2847 3254 3009 3308 αὑτὸν
3033 3252 3120 3319 EE:
3131 3268 3201 3318 ιν,
3234 3251 3330 3305 καὶ
3361 3246 3584 3315 πατέρα

1999 3357 2102 3426 τῆς
2140 3354 2427 3427 βασιλικῆς
2458 3353 2636 3421 ἀξίας,
2670 3350 2763 3405 καὶ
2808 3347 3067 3403 κοινωνὸν
3120 3347 3221 3415 τῆς
3275 3343 3415 3410 ὑπὲρ
3467 3340 3584 3393 τῶν

1999 3450 2138 3506 ὅλων
2169 3449 2473 3521 φροντίδος,
2515 3446 2611 3500 καὶ
2638 3444 2773 3501 ἄλλα
2812 3442 2985 3497 πλείω
3025 3439 3272 3501 τοιαῦτα,
3298 3432 3372 3490 ῶν
3400 3434 3586 3489 ἀπάν-

2001 3561 2110 3598 των
2140 3542 2345 3612 ἔφασκε
2375 3539 2687 3613 μονώτατον
2710 3537 2986 3591 ἀνταιτεῖν
3006 3533 3065 3586 τὸ
3094 3531 3255 3586 θῦσαι
3274 3530 3386 3592 τοῖς
3409 3527 3581 3589 θεοῖς.

2017 3636 2172 3690 Ἐπεὶ
2200 3635 2256 3688 δὲ
2289 3635 2496 3696 ἐκεῖνος
2537 3629 2777 3691 ἀκούσας
2815 3630 2877 3680 τὸ
2913 3625 3022 3680 τῶν
3054 3622 3277 3685 δωρεῶν
3317 3617 3581 3691 μέγεθος,

2002 3729 2060 3782 ὲν
2093 3727 2283 3798 φαύλῳ
2321 3743 2381 3778 τε
2412 3725 2537 3786 τοὺς
2568 3721 2699 3793 περὶ
2735 3719 2937 3773 τούτων
2958 3716 3152 3785 λόγους
3174 3711 3465 3780 πεποίητο,
3484 3708 3586 3761 καὶ

2004 3819 2124 3874 οὐδὲ
2159 3818 2323 3871 αὑτὸν
2358 3816 2463 3886 ἔφη
2494 3815 2586 3868 τὸν
2610 3813 2827 3868 ἃπαντα
2859 3810 3062 3879 κόσμον
3089 3806 3345 3872 ἀντάξιον
3372 3803 3473 3870 τῆς
3503 3803 3589 3864 εἰς

2002 3910 2096 3963 τὸν
2141 3909 2279 3963 Θεὸν
2337 3906 2625 3970 εὐσεϐείας
2666 3902 2938 3959 τίθεσθαι.
2975 3901 3100 3953 τότε
3138 3899 3202 3969 δὴ
3246 3893 3588 3968 μεταϐαλλό-

2008 4017 2170 4073 μενος
2203 4002 2230 4052 ὁ
2268 3997 2486 4069 κρατῶν
2523 3994 2738 4066 ἠπείλει
2765 3995 2872 4048 πᾶν
2904 3992 2931 4045 ὃ
2957 4008 3008 4043 τι
3039 4006 3099 4042 τε
3138 3992 3166 4042 6
3205 3986 3422 4059 μακρὸς
3460 3984 3590 4055 χρό-

2006 4113 2095 4159 νος
2129 4093 2350 4162 ἐξεῦρεν
2382 4089 2520 4156 εἷδος
2551 4093 2631 4154 είς
2677 4090 2901 4144 κόλασιν
2935 4085 3159 4152 ἐπάξειν
3188 4083 3362 4154 αὐτῷ,
3397 4084 3494 4136 καὶ
3535 4079 3595 4132 ετ

2003 4203 2169 4256 τιπερ
2196 4185 2361 4248 αὑτὸς
2387 4185 2642 4254 ὲφευρεῖν
2670 4179 2927 4249 δυνηθείη
2962 4177 3301 4247 καινότερον.
3340 4168 3591 4226 Ἐκείνου
3664 4180 3671 4187 ‘

2006 4280 2064 4335 δὲ
2097 4278 2193 4333 καὶ
2232 4277 2367 4347 πρὸς
2398 4277 2575 4330 ταῦτα
2622 4277 2683 4329 τὸ
2723 4274 2949 4346 θαρρεῖν
2982 4268 3428 4338 ἀκαταπλήκτως
3450 4281 3594 4334 προ-

2011 4372 2368 4444 ϐαλλομένου,
2391 4372 2485 4423 καὶ
2504 4369 2639 4440 πρὸς
2671 4363 3111 4435 ἀντιπαράταξιν
3137 4357 3591 4431 ἀπομαχομένου,

2021 4465 2567 4535 ὑπεραγανακτήσας
2590 4463 2616 4513 6
2642 4458 2903 4530 βασιλεὺς
2935 4455 3142 4508 ἀνελεῖν
3172 4452 3272 4523 μὲν
3287 4450 3453 4505 αὑτὸν
3497 4449 3594 4501 διὰ

321 4550 494 4605 uoluit
526 4566 688 4620 quam
718 4552 953 4621 primum
984 4552 1172 4609 tollere
1195 4552 1261 4608 de
1287 4554 1495 4622 medio;
1518 4556 1738 4624 putabat
1758 4555 1889 4610 enin

2010 4555 2220 4626 ταχέων
2253 4554 2351 4606 οὑκ
2385 4555 2651 4620 ἐγίνωσκε
2673 4550 2783 4603 δεῖν
2805 4567 2817 4581 σ
2845 4546 3163 4622 χαριεῖσθαι
3198 4556 3305 4613 γαρ
3335 4537 3595 4611 ἐνόμιζεν

322 4658 383 4698 se
431 4643 514 4697 sic
546 4643 593 4697 ei
626 4642 1080 4713 gratiﬁcaturum,
1110 4654 1165 4697 ut
1196 4644 1288 4712 qui
1313 4659 1434 4699 eum
1474 4646 1619 4700 illico
1641 4646 1900 4702 liberaret

323 4755 354 4794 a
381 4738 574 4804 malis;
609 4740 704 4793 sed
733 4737 898 4807 jussit
930 4740 982 4792 in
1015 4753 1289 4794 carcerem
1323 4740 1629 4809 conjectum
1661 4742 1897 4810 torqueri

321 4827 494 4883 variis
515 4830 709 4884 modis.

2008 4648 2160 4718 αὑτῷ
2189 4646 2290 4719 τὴν
2321 4645 2527 4715 ἁθρόαν
2578 4645 2686 4697 τῶν
2726 4642 2984 4714 χαλεπῶν
3019 4637 3348 4707 ἀπαλλαγήν
3372 4653 3386 4666 '
3414 4649 3594 4703 προσ-

2009 4741 2165 4804 έταξε
2209 4741 2266 4793 δὲ
2308 4739 2472 4794 αὑτὸν
2511 4738 2592 4799 εἰς
2642 4736 2740 4807 τὴν
2776 4733 3000 4805 εἱρκτὴν
3052 4728 3392 4802 ἐμϐληθέντα
3442 4723 3595 4778 κατὰ

2016 4833 2295 4895 ποικίλους
2317 4832 2380 4884 τὸ
2408 4830 2568 4900 σῶμα
2608 4825 3001 4900 στρεῦλοῦσθαι
3027 4826 3152 4888 τοὺς
3181 4822 3439 4895 τρόπους.

1784 4974 2012 5032 CAPUT
2038 4974 2118 5031 Νι

1631 5090 1697 5144 In
1727 5091 2002 5144 tormentis
2033 5091 2275 5142 moritur.

397 5206 489 5269 ιε.
520 5212 654 5271 Cum
685 5228 808 5268 eum
832 5226 964 5281 ergo
994 5214 1327 5281 accepissent
1350 5213 1409 5276 ii,
1438 5212 1633 5281 quibus
1664 5214 1764 5265 ltoc
1793 5219 1913 5264 erat

321 5287 680 5373 imperatum,
708 5316 833 5356 eum
872 5299 1055 5355 ntultis
1093 5309 1147 5354 et
1178 5299 1343 5353 variis
1389 5298 1620 5353 alferere
1651 5300 1909 5355 cruciati-

328 5395 453 5464 bus,
486 5391 686 5466 Quibus
715 5403 834 5448 erat
891 5392 1109 5463 quidem
1156 5406 1373 5461 gravem
1407 5401 1728 5460 accepturus
1761 5394 1910 5448 dnlo-

405 5576 648 5652 (lellic
684 5585 802 5652 est,
857 5579 909 5631 ni
966 5577 1150 5652 fallor,
1186 5592 1344 5652 quem
1380 5576 1602 5645 Nireplt.
1656 5575 1749 5652 lib.
1786 5591 1904 5640 vm,

330 5648 451 5720 cap.
492 5648 584 5720 5|,
608 5660 663 5703 et
683 5649 780 5704 lib.
822 5665 898 5711 1x,
926 5648 1092 5710 c.17,
1129 5649 1415 5701 Antonium
1460 5657 1633 5710 vocat,
1681 5648 1902 5710 aitque,

331 5719 745 5790 TarsiVCilicia!
792 5720 1107 5790 epismpum
1151 5719 1336 5782 l’nissc,
1370 5727 1424 5773 ct
1469 5729 1752 5788 postquam
1781 5733 1903 5790 cum

308 5787 456 5846 aliis
507 5789 731 5845 Luciani
781 5787 1082 5858 discipulis,
1134 5804 1270 5858 quos
1305 5787 1568 5858 recenset,
1626 5787 1908 5840 tormentis

331 5864 512 5919 ‘ictus
545 5861 608 5915 ad
642 5857 936 5933 gentilitias
979 5857 1392 5932 supersititioues
1416 5857 1741 5921 deﬂexissct,
1770 5871 1908 5928 prte-

2091 5208 2180 5279 tf3'.
2234 5204 2650 5276 Παραλαϐόντες
2690 5208 2871 5259 τοίνυν
2914 5200 3081 5259 αὑτὸν
3135 5202 3184 5256 οί
3236 5199 3376 5272 πρὸς
3426 5198 3595 5254 τοῦτο

2008 5299 2336 5368 τεταγμένοι
2366 5298 2621 5362 ποικίλας
2657 5298 2866 5369 ἐπῆγον
2893 5294 3046 5367 αὑτῷ
3086 5296 3182 5349 καὶ
3206 5294 3596 5363 πολυτρόπους

2008 5393 2216 5457 αίκίας,
2255 5387 2344 5456 αἷς
2369 5391 2725 5461 ἀλγυνεῖσθαι
2783 5389 2883 5464 μὲν
2933 5389 3181 5460 σφοδρῶς
3221 5386 3467 5459 ἔμελλεν,
3495 5390 3593 5440 ἀνι

2019 5585 2238 5650 ceptore
2286 5589 2443 5645 opem
2510 5576 2575 5628 ad
2644 5574 3017 5650 panitentiam
3076 5566 3591 5650 _ft:_l:0||l_c,nilsdettt
3660 5621 3664 5626 ,

2017 5639 2394 5709 renuntiasse;
2452 5639 2699 5715 quamvis
2750 5646 3029 5701 deindein
3060 5643 3175 5697 Arii
3240 5639 3595 5695 declinaverit

2015 5732 2255 5771 BTI‘OPPS.

2088 5791 2131 5840 (Ι
2153 5784 2201 5841 il
2231 5786 2436 5843 Colitur
2476 5785 2534 5843 S.
2560 5784 2771 5857 Pelagia
2796 5786 2828 5843 9
2855 5782 3022 5841 Junii.
