3886 6470
257 381 371 446 409

1561 378 1745 442 VITA
1791 380 1856 445 S.
1883 375 2243 444 TLUCIANI.

3415 373 3522 439 410

255 493 437 558 θὲξειν
459 490 518 546 δὲ
550 491 745 563 χρόνον
768 490 864 546 ἐπὶ
903 492 1071 547 πολὺν
1101 489 1483 563 ’κολαζόμενος
1505 505 1521 522 ⁸
1554 492 1649 546 καὶ
1677 492 1837 547 τοῦτο

1959 510 2075 559 ἐπι,
2101 496 2261 567 longo
2296 505 2475 551 autem
2532 502 2772 565 tempore
2818 491 2872 547 in
2904 489 3077 561 poenis
3109 486 3425 541 duraturus.
3455 483 3523 539 Et

259 585 384 655 μὲν,
411 585 493 648 εἰς
538 584 639 656 τὴν
688 584 1021 656 ποδοκάκην,
1058 584 1213 650 ξύλον
1264 583 1322 637 δὲ
1354 583 1643 654 πρόμηκες
1677 585 1838 637 ἐστιν

258 675 721 749 στρεϐλωτῆριον,
772 677 1121 749 ἀμφοτέρους
1158 675 1327 731 αὐτοῦ
1379 677 1507 740 τοὺς
1550 676 1719 742 πόδας
1749 679 1838 731 ὲν-

257 766 538 833 εσίόαζον,
567 768 663 821 ἐπὶ
686 766 930 839 τέσσαρα
970 769 1230 839 τρήματα
1265 767 1671 833 διελκύσαντες,
1700 770 1843 840 ὅπερ

257 860 382 916 ιστὶ
407 862 469 915 τὸ
500 862 599 932 τῆς
646 860 925 932 τιμωρίας
970 860 1175 933 ταύτης
1223 860 1544 933 βαρύτερον,
1591 860 1689 915 ἅτε
1730 861 1845 915 τῶν

259 956 508 1026 γλουτῶν
539 957 886 1028 ἑκατέρωθεν
924 957 1073 1028 αύτῷ
1110 956 1301 1029 βιαίως
1348 956 1842 1030 ὲξαρθρουμένωνο

259 1050 422 1104 τοῦτο
442 1050 523 1114 δὲ,
551 1049 692 1104 κατά
719 1047 892 1103 νώτου
920 1048 1121 1112 παντὸς
1144 1047 1324 1112 δεινὰς
1344 1049 1627 1120 ὀστράκων
1653 1035 1847 1113 ἀκίδας

231 1128 235 1137 ’
262 1142 653 1212 κακομηχάνῳ
678 1141 877 1215 γνώμῃ
908 1141 1125 1204 πυκνὰς
1153 1142 1250 1194 καὶ
1273 1142 1520 1212 συνεχεῖς
1544 1141 1846 1210 ὑπεστόρε-

231 1236 515 1305 ,σανηκαὶ
566 1235 654 1287 ἵνα
700 1250 765 1301 γε
824 1234 961 1304 μηδὲ
1002 1232 1333 1303 στρέφεσθαι
1381 1232 1460 1301 τῷ
1498 1233 1695 1303 δικαίῳ
1725 1232 1846 1303 ἐξῇ,

232 1316 237 1323 ’
267 1325 401 1395 μηδὲ
435 1324 706 1378 κινεῖσθαι
727 1325 1155 1397 τιτρωσκομένῳ
1182 1326 1309 1387 ταῖς
1333 1323 1618 1386 τοιαύταις
1670 1325 1844 1386 ἀκίσι,

263 1415 631 1477 διατείναντες
662 1414 829 1468 αὑτοῦ
877 1414 976 1478 τὰς
1014 1417 1201 1485 χεῖρας
1245 1415 1341 1469 ὲπί
1388 1432 1494 1467 τινι
1524 1415 1666 1485 ξύλῳ
1706 1413 1849 1483 ὑπὲρ

266 1505 513 1573 κεφαλῆς
558 1505 800 1574 κειμένῳ
850 1505 1131 1575 ὲδέσμουν.
1167 1506 1274 1559 Καὶ
1314 1505 1449 1560 ἄλλα
1498 1523 1556 1559 τε
1620 1506 1849 1559 πλεῖστα

268 1597 555 1668 ἐνύϐριζον
601 1596 772 1668 αὐτῷ,
821 1598 917 1651 καλ⁵
944 1597 1008 1669 δὴ
1048 1599 1141 1652 καὶ
1186 1598 1396 1669 τροφῆς
1452 1597 1616 1652 αὐτὸν
1667 1593 1850 1667 εἶργον

268 1692 515 1759 ἀπάσης,
547 1689 689 1761 πλὴν
723 1691 771 1743 εἰ
801 1690 910 1743 τῶν
938 1690 1068 1761 παρ’
1102 1691 1286 1754 αὐτοῖς
1321 1690 1534 1761 μιαρῶς
1562 1690 1848 1757 θυομένων

269 1782 549 1851 ἐθελήσειε
581 1784 876 1851 μετασχεῖν
900 1795 914 1810 ⁸
945 1781 1152 1837 τούτων
1193 1783 1303 1853 γὰρ
1334 1785 1430 1836 καὶ
1469 1781 1852 1851 ἐπιδαψιλευό-

272 1890 428 1944 μενοι
451 1871 682 1944 ὥρεγον.
729 1870 785 1927 ’0
808 1873 865 1927 δὲ
915 1873 1143 1945 μυρίους
1180 1874 1382 1946 μᾶλλον
1432 1874 1721 1947 ἀνθῃρεῖτο
1759 1873 1854 1928 θα·

271 1965 486 2030 νάτους,
518 1965 612 2018 καὶ
649 1964 780 2018 ῖδιον
805 1960 875 2036 ἦν
908 1963 1060 2036 αύτῷ
1096 1968 1311 2036 μένοντι
1341 1966 1588 2037 ἀποσίτῳ
1625 1967 1746 2026 ταῖς
1782 1966 1851 2018 ὲκ

268 2057 366 2110 τοῦ
389 2056 553 2125 λιμοῦ
577 2055 1050 2127 παραφθείρεσθαι
1072 2058 1302 2124 κεδόσιν,
1329 2061 1362 2133 ἢ
1385 2059 1477 2112 καὶ
1513 2060 1681 2132 μόνην
1702 2060 1854 2114 ὲκεί-

270 2165 379 2201 νων
408 2148 701 2217 ὑπομεῖναι
730 2145 827 2219 τὴν
853 2148 983 2202 θέαν
1004 2164 1019 2181 ο
1065 2150 1163 2203 καὶ
1187 2148 1443 2220 διέμενεν
1474 2150 1651 2215 οὕτως
1687 2152 1716 2205 ό
1758 2151 1853 2206 τοῦ

270 2237 513 2309 Χριστοῦ
546 2238 760 2312 μάρτυς
811 2238 888 2310 τῷ
916 2239 1062 2311 λιμῷ
1094 2242 1632 2313 καταδαπανώμενος
1662 2244 1858 2298 τέσσα-

276 2350 365 2402 ρες
386 2334 483 2386 καὶ
509 2333 749 2398 δεκάτας
772 2334 952 2398 πάσας
980 2333 1216 2405 ἡμέρας,
1248 2333 1315 2388 τὰ
1342 2335 1549 2406 συνήθη
1576 2353 1633 2389 τε
1664 2336 1853 2400 ποιῶν,

271 2426 372 2479 καὶ
423 2425 608 2490 λόγοις
653 2426 1006 2490 διδασκαλίας
1065 2426 1447 2497 ἐπιθαρσύνων
1506 2428 1635 2492 τοὺς
1682 2430 1741 2483 ὲν
1778 2428 1857 2501 τῷ

270 2516 636 2588 δεσμωτηρίῳ
695 2516 783 2570 διὰ
829 2517 1067 2589 Χριστὸν
1118 2518 1710 2587 κατακεκλεισμένους,
1762 2521 1857 2574 καὶ

271 2612 607 2680 προσευχαῖς
654 2609 1090 2679 έπιμονωτέιταις
1136 2610 1526 2681 ὲπιστηρῖζων.

347 2699 436 2768 ιγ’.
483 2701 711 2771 Ἐπειδὴ
742 2700 798 2754 δέ
829 2718 976 2764 τινες
1027 2702 1234 2772 ἡμέραι
1289 2703 1675 2771 διεληλύθεσαν
1708 2704 1857 2776 αύτῷ

270 2793 481 2865 τρόπον
509 2794 569 2847 ὃν
628 2794 843 2864 εἴρηται
889 2794 1241 2864 κακουμένῳ,
1280 2796 1375 2848 καὶ
1404 2796 1599 2867 ἤγγιζε
1628 2797 1728 2867 μὲν
1753 2798 1853 2869 ἤδη

268 2886 381 2938 τῶν
409 2884 723 2954 Θεοφανίων
754 2887 787 2957 ἡ
813 2883 1000 2956 ἑορτὴ,
1032 2886 1157 2948 τοὺς
1195 2886 1250 2939 δὲ
1294 2886 1544 2957 μαθητὰς
1573 2888 1857 2960 (παρῆσαν

271 2979 387 3049 γὰρ
410 2978 599 3032 αὐτόοι
624 2977 845 3041 πλείους
870 2979 935 3031 ἐκ
977 2996 1036 3033 τε
1080 2980 1178 3047 τῆς
1223 2979 1557 3049 ’Λντιοχείας
1584 2979 1731 3050 αύτῷ
1762 2979 1856 3034 καί

270 3090 438 3125 τινων
511 3070 691 3125 ἄλλων
756 3070 937 3125 τόπων
1011 3071 1521 3143 συναθροισθέντες)
1581 3073 1856 3142 κατηφιᾷν

1943 602 2087 642 nunc
2118 588 2336 658 quidem
2379 587 2431 642 in
2493 586 2709 656 cippum
2756 586 2862 655 (est
2894 591 3074 638 autem
3124 582 3226 635 hoc
3267 576 3521 633 tormenti

1942 694 2115 747 genus
2142 678 2455 750 oblongum)
2486 680 2674 733 ambos
2700 678 2818 748 ejus
2848 677 3011 746 pedes
3043 673 3428 735 immittebant,
3458 668 3523 723 ad

1945 782 2179 838 quatuor
2226 772 2592 826 distrahentes
2646 770 2912 825 foramina
2949 785 2963 821 :
3014 767 3154 836 quod
3189 764 3405 831 quidem
3442 768 3528 815 est

1946 865 1998 921 in
2028 865 2129 919 hoc
2160 864 2423 935 supplicio
2450 862 2859 935 gravissimum,
2888 875 3008 913 cum
3048 858 3302 924 utrinque
3328 868 3529 907 coxen-

1947 957 2091 1012 dices
2114 956 2381 1011 violenter
2414 971 2446 1011 e
2496 955 2609 1010 suis
2661 960 2982 1010 moveantur
3034 946 3328 1002 articulis':
3382 957 3528 997 nunc

1947 1064 2124 1103 autem
2167 1050 2220 1103 in
2282 1058 2394 1103 toto
2433 1047 2594 1102 dorso
2621 1060 2816 1117 graves
2848 1052 3107 1099 testarum
3146 1038 3364 1093 aculeos
3393 1037 3527 1090 den-

1952 1156 2043 1197 sos
2077 1151 2127 1195 et
2165 1141 2453 1195 continuos
2483 1138 2720 1209 maligno
2750 1136 2934 1190 animo
2983 1130 3399 1187 substernehant
3431 1129 3449 1182 Ξ
3477 1134 3530 1178 et

1955 1244 2011 1287 ut
2032 1249 2099 1287 ne
2120 1232 2313 1288 liceret
2339 1232 2558 1302 quidem
2585 1232 2700 1284 viro
2722 1228 2870 1297 justo
2903 1240 2963 1281 se
2981 1232 3218 1286 vertere,
3244 1230 3297 1275 et
3327 1234 3395 1275 ne
3416 1234 3531 1272 mo-

1951 1326 2066 1382 veri
2101 1326 2343 1396 quidem,
2372 1326 2497 1380 dum
2545 1323 2745 1379 talibus
2790 1319 3129 1376 sauciaretur
3158 1313 3393 1377 aculeis;
3418 1311 3534 1381 eius

1952 1420 2202 1475 manibus
2241 1417 2505 1483 extensis,
2540 1432 2635 1472 cas
2667 1414 2980 1470 vinciebant
3002 1411 3056 1465 in
3091 1408 3326 1481 quodam
3357 1404 3530 1474 ligno,

1952 1511 2095 1581 quod
2137 1510 2510 1579 eratpositnm
2561 1522 2725 1576 super
2758 1506 2874 1573 ejus
2927 1510 3109 1574 caput.
3174 1498 3312 1565 Quin
3366 1494 3532 1550 etiam

1952 1602 2072 1656 aliis
2110 1616 2323 1672 quoque
2356 1600 2540 1655 multis
2565 1614 2687 1653 eum
2718 1591 3201 1660 amciebat‘probis
3251 1604 3314 1643 ac
3341 1597 3534 1643 contu-

1954 1692 2149 1757 meliis,
2178 1700 2232 1745 et
2264 1706 2387 1745 enm
2424 1690 2589 1743 etiam
2641 1688 2900 1743 arcebant
2932 1685 3000 1740 ab
3042 1682 3189 1739 omni
3243 1680 3388 1742 cibo,
3425 1675 3532 1730 nisi

1955 1783 2119 1837 vellet
2155 1783 2298 1837 vesci
2356 1781 2422 1836 iis
2452 1795 2570 1849 qua:
2630 1780 2699 1836 ab
2748 1780 2881 1849 ipsis
2921 1774 3417 1834 sacriﬁcabantur;
3470 1783 3534 1824 ea

1953 1885 2099 1938 enim
2131 1881 2335 1936 aﬂ‘atim
2369 1880 2743 1951 porrigebant.
2798 1876 2893 1931 llle
2936 1885 3114 1929 autem
3147 1870 3428 1926 maluisset
3451 1880 3538 1922 su-

1955 1974 2073 2028 bire
2103 1982 2307 2028 mortes
2333 1971 2418 2025 vel
2446 1968 2896 2032 innumerabiles,
2936 1974 2991 2021 et
3015 1964 3272 2021 libentius
3302 1973 3536 2017 manens

1950 2062 2191 2134 jejunus.
2242 2063 2500 2135 paulatim
2558 2078 2591 2116 ο
2617 2060 2760 2116 fame
2786 2067 2931 2115 esset
2960 2063 3334 2125 consumptus,
3371 2064 3535 2124 quam

1955 2157 2039 2212 vel
2069 2157 2282 2211 illorum
2333 2152 2506 2210 solum
2569 2167 2768 2224 passus
2812 2157 2961 2207 esset
3022 2154 3398 2217 conspectum.
3444 2141 3538 2200 Sic

1958 2249 2125 2320 igitur
2179 2246 2480 2319 permansit
2532 2243 2736 2302 Christi
2786 2257 3005 2307 servus,
3045 2239 3195 2310 quia
3235 2236 3379 2293 fame
3407 2249 3543 2292 con-

1957 2341 2295 2406 sumebatur,
2339 2348 2481 2394 totos
2515 2335 2927 2408 quatuordecim
2984 2333 3101 2395 dies
3157 2329 3361 2386 faciens
3404 2341 3540 2384 con-

1957 2442 2133 2494 sueta,
2165 2439 2220 2485 et
2246 2428 2427 2485 verbis
2476 2427 2740 2483 doctrinte
2779 2425 3020 2481 animum
3067 2422 3275 2478 addens
3327 2420 3395 2476 iis
3447 2418 3539 2491 qui

1955 2539 2055 2594 pro
2100 2523 2318 2579 Christo
2350 2528 2505 2576 erant
2533 2519 2725 2575 inclusi
2759 2519 2811 2574 in
2843 2531 3091 2583 carcere,
3142 2522 3197 2571 et
3223 2528 3319 2570 eos
3341 2509 3544 2569 contir-

1959 2630 2114 2671 mans
2135 2612 2597 2670 constantissimis
2621 2622 2675 2666 et
2704 2609 2980 2681 perpetuis
3007 2606 3285 2677 precibus.

2032 2722 2117 2778 15.
2145 2720 2277 2775 Cum
2314 2729 2494 2775 autem
2555 2720 2762 2788 aliquot
2790 2717 2902 2784 jam
2950 2716 3067 2771 dies
3103 2714 3445 2782 transissent,
3471 2727 3520 2769 θ.

1958 2827 2064 2882 quo
2095 2826 2159 2865 eo
2193 2809 2375 2873 modo,
2405 2825 2511 2879 quo
2552 2808 2809 2872 diximus,
2841 2804 3198 2875 aﬂligebatur,
3227 2812 3274 2859 et
3299 2803 3414 2875 jam
3445 2817 3545 2872 ap-

1957 2902 2346 2974 propinquaret
2395 2900 2614 2968 quidem
2642 2899 2758 2954 dies
2813 2898 2983 2954 festus
3031 2896 3541 2967 Theophaniorum;

1958 2994 2256 3063 discipulos
2304 3003 2484 3051 autem
2534 2993 2663 3062 (jam
2717 2992 2860 3047 enim
2918 2991 2965 3046 ei
2998 2990 3181 3062 plures
3214 2990 3442 3045 aderant
3473 3004 3542 3043 ex

1958 3086 2246 3143 Antiochia
2312 3095 2366 3141 et
2424 3100 2490 3140 ex
2539 3085 2662 3139 aliis
2710 3083 2843 3139 locis
2894 3081 3230 3154 congregati)
3282 3074 3546 3136 subiisset

270 3163 472 3237 εἰσῄει,
511 3163 892 3233 λογιζομένους
909 3162 985 3225 ὡς
1010 3163 1208 3217 αὐτίκα
1234 3178 1291 3216 τε
1328 3164 1549 3228 τούτους
1572 3165 1852 3218 ἀπολιπὼν

1964 3179 2206 3240 tristitia.
2239 3187 2553 3247 reputantes
2579 3176 2717 3242 fore,
2748 3184 2805 3229 nt
2836 3174 2913 3230 eis
2935 3174 3117 3229 statim
3149 3173 3354 3228 relictis
3382 3172 3545 3226 abeat

267 3256 558 3325 οἰχήσεται
608 3255 708 3326 μὲν
739 3255 768 3307 ὁ
813 3254 1152 3319 διδάσκαλος,
1176 3255 1359 3309 οὐκέτι
1397 3258 1695 3326 δυνάμενος
1725 3258 1854 3310 ἀντ-

272 3350 422 3420 έχειν
488 3346 627 3418 πρὸς
679 3347 773 3402 τὸν
818 3348 1171 3419 πολυχρόνιον
1220 3349 1428 3401 ἐκεῖνον
1470 3349 1663 3419 λιμόν
1702 3348 1855 3401 αὐτοὶ

269 3440 335 3494 δὲ
384 3440 637 3512 οὐδαμῶς
670 3440 847 3511 τούτῳ
897 3442 1253 3513 συνεορτάσαι
1300 3443 1399 3512 τὴν
1439 3442 1538 3510 τῆς
1563 3442 1855 3511 θεοφανίας

271 3534 493 3605 ἡμέραν
523 3533 925 3604 ἁξιωθήσοντας
974 3534 1189 3607 (πόρρω
1224 3535 1333 3605 γὰρ
1378 3536 1562 3598 αὐτοῖς
1604 3534 1855 3603 ἐφαίνετο

270 3621 460 3695 οὖσα),
489 3627 584 3678 καλ⁵
617 3625 978 3697 μὴδύνασθαι
1026 3628 1220 3700 μέχρις
1265 3627 1436 3698 αὐτῆς
1495 3628 1554 3681 τὸ
1584 3627 1678 3681 τοῦ
1713 3626 1855 3681 διδα-

275 3718 481 3772 σκάλου
510 3718 667 3789 σῶμα
700 3719 1035 3791 ἀποχρήσειν
1062 3720 1210 3792 αύτῷ
1238 3722 1338 3776 ἅτε
1369 3722 1469 3792 τῆς
1506 3720 1723 3784 ἀσιτίας
1752 3722 1852 3793 1ήδη

269 3811 341 3866 τὸ
370 3810 618 3865 πλεῖστον
650 3811 798 3883 αύτῷ
838 3813 1288 3882 κατηναλωκυίας
1312 3830 1326 3843 °
1356 3815 1384 3867 ὀ
1435 3814 1685 3881 ἀοίδιμος
1713 3816 1858 3868 ἐκεῖ·

273 3919 370 3965 νος
405 3899 544 3973 ἀνὴρ
580 3906 719 3975 πρὸς
753 3905 925 3959 ταῦτα
977 3907 1161 3972 αὐτοῖς
1193 3907 1689 3978 ἀντιφθεγγόμενος
1732 3908 1859 3981 0αρ-

275 3996 398 4066 ρεῖν
435 3994 672 4065 ἰσχυρῶς
702 3997 940 4052 ἐκέλευε.
978 3999 1282 4069 Συνέσομαι
1308 4001 1416 4069 γὰρ
1434 4000 1585 4071 ύμῖν,
1612 4000 1736 4071 ἔφη,
1760 4004 1856 4055 καὶ

273 4086 379 4155 τὴν
402 4085 510 4140 τῶν
534 4086 835 4158 θεοφανίων
860 4090 1077 4160 ἡμέραν
1110 4092 1207 4144 σὺν
1238 4091 1368 4160 ύμῖν
1404 4091 1670 4161 ἐορτάσω,
1702 4092 1856 4163 οἰχή-

274 4195 448 4246 σομαι
478 4179 535 4233 δὲ
563 4183 629 4251 τῇ
663 4183 1043 4253 ὲπιγινομένῃ.
1077 4184 1188 4236 Καὶ
1221 4183 1321 4253 μὲν
1353 4182 1417 4255 δὴ
1444 4184 1539 4238 καὶ
1573 4183 1858 4254 ἐτελεύτη-

275 4288 375 4324 σεν
398 4272 477 4333 είς
512 4271 672 4341 ἔργον
702 4265 858 4336 οὗτος
879 4275 907 4326 ό
936 4273 1119 4340 λόγος,
1147 4274 1298 4338 θείας
1359 4274 1447 4327 ἐπ’
1502 4275 1651 4346 αὐτῷ
1693 4275 1853 4330 δυνά-

275 4380 429 4433 μεως
464 4363 651 4432 σαφῶς
672 4364 1142 4437 διαδεικνυμένης.

356 4455 436 4509 ιδ’.
475 4455 743 4509 Ἐπεὶοῦν
766 4459 799 4528 ἡ
824 4457 1250 4531 προσδοκωμένη
1294 4459 1395 4528 τῆς
1442 4460 1638 4533 ἑορτῆς
1673 4459 1856 4530 ἡμέρα

1961 3273 2180 3343 quidem
2210 3271 2492 3342 magister,
2524 3285 2629 3324 non
2660 3268 2846 3323 valens
2892 3268 3145 3323 resistere
3170 3266 3437 3320 diuturna:
3468 3261 3543 3316 illi

1962 3364 2125 3430 fami;
2176 3363 2278 3427 ipsi
2329 3371 2508 3417 autem
2544 3375 2882 3431 nequaquam
2926 3359 3069 3428 digni
3111 3366 3420 3421 censeatur,
3451 3357 3543 3424 qui

1961 3454 2326 3524 Tthphanim
2372 3454 2512 3508 diem
2562 3452 2757 3507 festum
2807 3466 2926 3505 cum
2957 3465 3022 3505 eo
3044 3449 3357 3513 celebrent;
3397 3447 3547 3500 vide-

1961 3546 2125 3601 batur
2155 3544 2299 3600 enim
2332 3544 2412 3598 eis
2451 3558 2571 3597 csse
2603 3542 2778 3595 adhuc
2823 3540 2979 3596 valde
3015 3549 3280 3600 remotus,
3310 3531 3377 3591 et
3434 3549 3543 3590 non

1964 3652 2125 3707 posse
2156 3634 2399 3703 magistri
2434 3648 2629 3700 corpus
2654 3648 2825 3703 usque
2853 3632 2916 3685 ad
2943 3645 3066 3685 eum
3100 3630 3243 3684 diem
3273 3625 3539 3692 suﬂicere,

1962 3737 2151 3801 utpote
2177 3728 2317 3796 quod
2366 3726 2538 3780 inedia
2581 3724 2709 3779 illud
2748 3724 2860 3793 jam
2898 3737 3091 3793 magna
3129 3734 3193 3775 ex
3226 3728 3378 3791 parte
3408 3732 3541 3773 con-

1964 3822 2279 3890 sumpsisset
2307 3838 2322 3887 ;
2361 3820 2443 3872 vir
2474 3818 2562 3873 ille
2588 3817 2819 3889 inclytus
2848 3831 2943 3871 eos
2986 3813 3293 3875 consolans,
3318 3810 3545 3881 iubebat

1962 3930 2085 3972 esse
2115 3916 2254 3970 bono
2287 3913 2474 3966 animo
2520 3930 2533 3966 :
2570 3911 2678 3965 Ero
2728 3910 2896 3975 enim,
2930 3906 3127 3977 inquit,
3161 3903 3461 3968 vobiscum,
3492 3911 3546 3957 et

1962 4006 2105 4061 diem
2138 4004 2334 4060 festum
2364 4002 2843 4073 Tthphaniornm
2879 4000 3154 4054 vobiscum
3197 3995 3487 4053 celebrabo
3525 4011 3539 4048 :

1963 4095 2213 4152 recedam
2271 4104 2452 4150 autem
2506 4094 2789 4164 postridie.
2825 4091 2904 4146 Ad
2936 4090 3187 4146 etIectum
3228 4096 3409 4143 autem
3450 4085 3541 4140 de-

1963 4190 2184 4246 ductum
2224 4189 2328 4244 fuit
2355 4189 2406 4243 id
2436 4188 2581 4259 quod
2614 4189 2849 4254 dixerat,
2886 4194 3072 4256 aperte
3124 4174 3330 4240 divina'
3358 4183 3409 4237 in
3440 4180 3546 4236 hoc

1964 4291 2182 4337 ostensa
2215 4281 2434 4337 virtute.

2038 4451 2127 4506 M.
2168 4451 2300 4506 Cum
2336 4465 2469 4522 ergo
2508 4450 2816 4507 advenisset
2848 4449 2966 4505 dies
2999 4448 3190 4509 festus,
3215 4447 3306 4517 qtti
3354 4460 3546 4515 exspe-

278 4547 643 4613 κατέλαυνεν,
690 4549 970 4619 ἐπόθησαν
1010 4549 1110 4619 μὲν
1159 4554 1207 4605 οἱ
1246 4552 1487 4622 μαθηταὶ
1537 4552 1852 4616 τελευταίας

1962 4546 2237 4611 ctabatur,
2270 4544 2656 4599 desiderabant
2689 4543 2908 4613 quidem
2938 4540 3186 4609 discipuli
3227 4539 3369 4593 hanc
3413 4537 3541 4591 ιιΙιὶο

241 4639 347 4719 ὁδὴ
366 4641 514 4710 παρά
546 4640 640 4694 τοῦ
658 4641 981 4697 διδασκάλου
1003 4643 1209 4713 ταύτης
1240 4642 1545 4697 ἀπολαῦσαι
1570 4659 1859 4713 μυσταγωο

235 4725 428 4800 ξγέας.
473 4731 676 4785 Ἐδόκει
705 4731 760 4786 δὲ
798 4733 1003 4805 ἄπορον
1046 4730 1186 4787 εἶναι
1244 4733 1361 4798 πῶς
1390 4735 1456 4788 ἂν
1498 4734 1531 4804 ἢ
1580 4733 1858 4805 τράπεζαν

271 4823 364 4883 cl;
392 4826 491 4894 τὴν
514 4826 739 4895 εἱρκτὴν
779 4826 1152 4895 είσαγάγοιεν,
1183 4826 1215 4898 ἢ
1255 4826 1383 4895 τοὺς
1422 4827 1531 4881 τῶν
1556 4827 1733 4881 ἀθέων
1760 4826 1853 4881 λά·

272 4910 429 4962 θοιεν
467 4910 803 4979 ὀφθαλμοὺς,
863 4914 1074 4967 πολλῶν
1125 4917 1245 4968 τότε
1285 4914 1395 4969 τῶν
1434 4917 1534 4987 μὲν
1574 4918 1857 4989 παρόντων

271 5001 421 5065 ἑκεῖ,
451 5000 559 5055 τῶν
588 5003 646 5056 δὲ
677 5005 1205 5078 εἰσαφικνουμένων.
1248 5006 1305 5061 Ὀ
1332 5005 1389 5061 δὲ
1423 5008 1703 5079 τράπεζαν
1735 5009 1855 5078 μὲν,

271 5093 409 5162 ἔφη,
434 5092 553 5146 τόδε
586 5094 647 5147 τὺ
678 5094 810 5164 ἐμὸν
839 5096 994 5150 ἔσται
1046 5098 1245 5167 στῆθος
1298 5098 1444 5169 ύμῖν,
1470 5098 1531 5152 οὗ
1594 5116 1685 5170 μοι
1714 5099 1857 5154 δοκῶ

264 5183 383 5251 τῆς
406 5182 675 5260 ἐξαψύχου
710 5185 843 5257 ὖλης
874 5189 1175 5259 ἀτιμοτέρα
1205 5191 1547 5261 γενησομένη
1570 5190 1856 5263 Θεῷ,ναδς

268 5272 339 5328 δὲ
374 5273 529 5341 ἇγιος
555 5276 718 5345 ὑμεῖς
748 5293 840 5346 μοι
861 5280 1183 5350 γενήσεσθε,
1221 5280 1564 5350 πανταχόθεν
1605 5299 1672 5350 με
1695 5298 1856 5353 περιο

271 5366 688 5437 στοιχισάμενοι
708 5385 722 5400 ’
757 5370 852 5424 καὶ⁹
902 5370 1078 5435 οὕτως
1113 5372 1348 5426 ἐτελεῖτο
1379 5375 1478 5445 μὲν
1509 5372 1684 5428 ταῦτα
1707 5375 1853 5430 τόνδε

263 5457 372 5511 τὸν
410 5459 633 5529 τρόπον.
675 5461 816 5532 Ἤδη
872 5463 979 5534 γὰρ
1016 5463 1093 5527 ὡς
1138 5464 1229 5517 ἐπὶ
1264 5464 1482 5537 τελετῆς
1521 5465 1665 5536 ζωῆς
1704 5466 1854 5531 ὄντος

267 5548 376 5604 τοῦ
406 5552 708 5623 μάρτυρος,
729 5553 783 5607 οῖ
802 5571 863 5608 τε
881 5555 1116 5622 φύλακες
1133 5557 1365 5623 ἀνεῖντο,
1394 5558 1486 5611 καὶ
1504 5558 1657 5626 Θεὸς,
1678 5558 1852 5627 ἔγωγε

265 5636 453 5713 οἶμαι,
487 5643 580 5696 τόν
612 5661 670 5697 τε
723 5644 979 5716 μάρτυρα
1012 5648 1210 5717 τιμῶν,
1248 5646 1342 5701 καὶ
1386 5647 1495 5699 τῶν
1541 5647 1707 5709 αὐτού
1753 5666 1853 5718 μα-

264 5732 459 5802 θητῶν
492 5733 932 5807 ἀπαραμύθητον
958 5738 1176 5807 ἀφεῖναι
1219 5738 1311 5791 τὸν
1343 5738 1510 5792 πόθον
1548 5736 1624 5810 μὴ
1655 5739 1847 5808 ἀνεχό-

274 5840 462 5895 μενος,
494 5827 903 5898 παρασκευάζει
936 5831 996 5885 rb
1037 5830 1173 5904 πρὸς
1209 5830 1307 5903 τὴν
1351 5830 1706 5903 ὲκπλήρωτιν
1738 5830 1847 5885 τῶν

1960 4651 2160 4694 mama
2202 4636 2462 4707 magistro
2493 4634 2752 4705 consequi
2797 4632 3042 4704 mysterii
3094 4631 3258 4685 divini
3292 4629 3540 4684 celebra-

1963 4730 2190 4785 tionem.
2232 4726 2537 4783 Videbatur
2592 4737 2774 4781 autem
2822 4739 2943 4779 esse
3004 4722 3249 4786 dubium,
3304 4733 3538 4791 quonam

1961 4821 2120 4877 modo
2151 4834 2395 4876 mensam
2427 4818 2646 4890 quidem
2708 4818 2760 4873 in
2800 4830 3077 4873 carcerem
3133 4814 3419 4877 inferrent,
3447 4822 3542 4868 aut

1960 4913 2193 4968 laterent
2227 4911 2517 4983 impiorum
2552 4908 2759 4973 oculos,
2797 4922 2920 4963 cum
2956 4905 3109 4961 multi
3145 4905 3365 4975 quidem
3409 4912 3542 4959 tunc

1912 5004 1913 5007 “
1960 5006 2157 5077 partim
2183 5003 2292 5059 illic
2320 5002 2594 5069 adessent,
2636 5000 2831 5071 partim
2852 5006 3031 5053 autem
3061 4997 3416 5062 accederent,
3449 4995 3542 5051 ille

1959 5110 2088 5150 vero
2123 5094 2349 5150 :Mensa
2388 5094 2626 5162 quidem,
2664 5091 2858 5162 inquit,
2893 5091 2999 5146 erit
3022 5090 3175 5145 vobis
3216 5089 3319 5145 hoc
3359 5104 3537 5145 meum

1959 5196 2171 5256 pectus,
2207 5199 2337 5251 non,
2374 5183 2713 5250 utarbitror,
2745 5181 2853 5238 Deo
2891 5181 3071 5237 futura
3103 5181 3281 5236 minus
3310 5180 3539 5235 honesta

1957 5292 2020 5332 ea
2064 5293 2184 5349 quae
2230 5276 2291 5332 ﬁt
2340 5292 2407 5332 ex
2440 5276 2680 5331 inanima
2742 5276 2996 5342 materia,
3048 5273 3307 5345 templum
3356 5279 3536 5326 autem

1957 5381 2203 5424 sanctum
2238 5384 2335 5424 vos
2352 5369 2486 5424 mihi
2509 5368 2685 5437 eritis,
2724 5384 2810 5425 me
2840 5368 2987 5443 omni
3018 5382 3083 5423 ex
3117 5376 3271 5439 parte
3300 5364 3538 5421 circnm-

1960 5464 2171 5517 dantes.
2227 5462 2293 5517 Et
2330 5445 2408 5517 sie
2446 5462 2561 5517 hmc
2602 5461 2746 5517 facta
2774 5461 2993 5532 quidem
3038 5459 3307 5515 sunthoc‘
3353 5457 3534 5513 modo.

1954 5553 2072 5610 Jam
2105 5556 2272 5620 enim,
2302 5561 2363 5609 nt
2411 5556 2551 5624 quod
2600 5564 2745 5611 esset
2796 5563 3019 5610 sanctus
3047 5552 3101 5608 in
3134 5552 3242 5607 line
3295 5551 3439 5617 vitae,
3481 5558 3537 5605 et

1957 5645 2168 5702 remissi
2200 5656 2358 5701 erant
2403 5647 2679 5711 custodes,
2723 5646 2850 5711 Deo,
2898 5657 2957 5700 ut
2984 5659 3084 5715 ego
3138 5642 3354 5712 quidem
3382 5640 3531 5696 arbi-

1955 5747 2090 5804 tror,
2125 5739 2214 5806 qui
2274 5748 2568 5811 martyrem
2628 5742 2898 5795 honorare
2928 5737 3160 5801 volebat,
3213 5744 3268 5791 et
3306 5748 3525 5791 suorum

1954 5829 2338 5900 discipulorum
2399 5848 2503 5888 non
2561 5831 2861 5888 sustinebat
2919 5827 3305 5891 inconsolabile
3353 5822 3530 5886 videri
