3886 6470
329 412 428 476 ιιι

1527 417 1805 479 MENSIS
1850 419 2181 480 JANUARI
2199 420 2315 485 US.

3480 416 3590 482 412

331 536 684 597 desiderium,
712 535 995 602 elliciente,
1036 543 1095 590 ιιι
1142 537 1277 592 citra
1323 537 1766 607 Impedimentum
1810 541 1908 594 lie-

2018 539 2395 610 προκειμένων
2422 527 2702 592 ἀκώλυτον
2731 553 2745 568 ο
2770 537 2980 600 πάντας
3019 535 3125 608 γὰρ
3157 536 3353 600 αὐτοὺς
3377 539 3406 591 ὁ
3438 537 3588 610 μάρυ

329 639 451 685 τθηι
479 644 565 696 ea,
599 644 716 697 qua:
741 636 899 684 erant
939 628 1238 699 proposita.
1274 627 1408 682 Nam
1439 644 1559 683 CUI“
1598 644 1788 684 omnes
1814 645 1908 685 COS

329 732 536 792 martyr
590 719 809 774 fecisset
859 720 912 774 in
951 720 1135 774 orbem
1189 721 1508 786 consistere,
1542 731 1600 776 ut
1656 723 1796 777 inter
1849 739 1908 778 se

329 814 559 868 invicem
590 812 726 866 alter
755 827 922 881 prope
953 814 1181 868 alterum
1209 823 1439 877 stantes,
1459 831 1580 868 eum
1615 825 1729 870 tuto
1755 831 1903 870 com-

329 903 750 973 prehenderent,
797 903 960 973 jussit
1003 905 1341 972 suo'pcctori
1378 904 1579 973 imponi
1612 904 1763 973 signa
1821 905 1903 960 di-

327 994 439 1048 vini
469 994 745 1048 sacrificii.
787 993 1082 1060 Postquam
1109 994 1223 1046 lucc
1256 993 1531 1061 fecissent,
1556 993 1683 1048 etin
1709 995 1904 1050 emtum

327 1085 579 1155 protinus
619 1081 838 1138 sustulit
870 1083 1142 1148 obtutum,
1173 1098 1294 1136 cum
1324 1083 1435 1153 jam
1487 1085 1574 1137 vix
1605 1095 1784 1153 posset
1812 1101 1908 1140 ex-

331 1178 544 1241 tnllerc,
581 1187 636 1232 et
686 1191 875 1246 preces
908 1177 1119 1244 peregit
1164 1186 1474 1231 consuetas.
1533 1176 1737 1233 Deinde
1783 1193 1904 1232 eum

329 1270 511 1324 divina
569 1267 801 1338 plurima
853 1277 998 1322 esset
1025 1267 1241 1331 effatus,
1287 1277 1340 1322 et
1371 1282 1532 1324 sacro
1589 1269 1692 1322 ritu
1724 1271 1904 1324 omnia

333 1363 632 1432 peregisset
667 1361 969 1431 proposita,
1019 1360 1133 1428 ipse
1163 1369 1218 1414 et
1266 1359 1365 1414 fuit
1407 1362 1681 1431 particeps
1714 1360 1907 1416 Sacra-

331 1466 664 1520 tneutorum,
719 1465 775 1508 et
835 1453 1131 1508 transmisit
1194 1453 1260 1507 ad
1288 1469 1381 1508 eos
1412 1453 1502 1523 qui
1561 1453 1807 1518 aberant,
1849 1464 1909 1510 ut

332 1552 447 1618 ipse
476 1561 692 1616 quoque
731 1546 968 1600 ostendit
995 1545 1048 1598 in
1076 1545 1262 1599 ultima
1305 1544 1371 1599 ad
1417 1561 1511 1600 eos
1560 1547 1807 1617 epistola.
1840 1548 1907 1601 Et

330 1643 475 1695 hunc
520 1641 736 1709 quidem
773 1639 913 1694 diem
953 1655 1076 1694 cum
1130 1639 1209 1696 eis
1251 1641 1532 1710 transegit,
1589 1642 1728 1694 sicut
1790 1651 1909 1696 erat

327 1734 620 1804 pollicitus.

402 1917 491 1974 15.
549 1918 821 1975 Postridie
871 1929 1050 1974 autem
1090 1935 1212 1975 cum
1257 1920 1536 1974 venissent
1585 1919 1802 1989 quidam
1835 1918 1904 1974 ab
1938 1896 1979 1952 Β

326 2010 675 2082 imperatore,
705 2013 874 2068 visuri
905 2028 970 2066 an
1000 2013 1178 2067 adhuc
1204 2013 1409 2066 viveret
1429 2011 1741 2083 (videbatur
1759 2011 1902 2065 enim

324 2103 405 2158 eis
463 2101 617 2157 valde
673 2102 1000 2165 mirandum,
1044 2104 1187 2169 quod
1238 2102 1402 2157 vitam
1455 2101 1734 2171 hucusque
1776 2115 1905 2172 pro-

326 2191 620 2260 duxisset),
648 2203 934 2262 postquam
976 2207 1142 2262 prope
1196 2207 1255 2247 se
1302 2201 1507 2246 stantes
1575 2190 1786 2260 aspexit
1813 2205 1905 2244 eos

325 2283 417 2354 qui
445 2285 800 2348 advenerant,
829 2300 948 2337 cum
993 2300 1075 2349 se,
1107 2293 1366 2352 quantum
1399 2292 1610 2350 p0terat
1632 2281 1906 2337 extendis-

327 2387 432 2442 set,
459 2387 515 2432 et
555 2386 637 2432 ter
663 2378 908 2442 dixisset,
939 2377 1068 2432 Sum
1119 2377 1500 2445 Christianus;
1562 2375 1722 2432 simul
1781 2391 1904 2429 cum

329 2471 520 2525 ultima
553 2485 686 2528 voce
716 2471 896 2527 emisit
923 2472 1198 2533 spiritum.

2009 648 2109 694 τυς
2141 629 2324 700 κύκλῳ
2368 629 2868 701 περιστησάμενος,
2904 629 2979 692 ὡς
3006 629 3072 682 ἂν
3103 628 3240 699 ὁμοῦ
3273 629 3460 683 τοῦτον
3491 633 3589 683 καὶ

2010 723 2138 794 παρ’
2162 722 2423 792 ἀλλήλους
2465 722 2688 785 στάντες
2727 721 2986 789 ἀσφαλῶς
3037 721 3430 792 περιλάϐωσιν,
3461 723 3592 777 ὲκε-

2007 813 2130 867 λευε
2189 813 2268 884 τῷ
2309 813 2506 867 ἑαυτοῦ
2541 815 2729 885 στήθει
2774 813 3059 883 ἐπιφέρειν
3098 813 3166 868 τά
3200 814 3298 884 τῆς
3325 814 3475 878 θείας
3511 816 3592 868 ἱε-

2014 907 2275 978 ρουργίας
2311 906 2580 977 σύμϐολα.
2627 907 2785 962 Ἐπεὶ
2814 907 2870 960 δὲ
2913 907 3069 960 ταῦτ’
3099 899 3314 972 ἔθεσαν,
3368 909 3449 972 είς
3498 910 3594 963 οὑ-

2011 999 2172 1069 ρανόν
2197 1016 2256 1051 τε
2291 999 2497 1067 ἀνῆκεν
2523 998 2686 1062 εὐθὺς
2719 997 3017 1068 συμπεσὼν
3034 999 3136 1070 ήδη
3165 999 3226 1052 τὸ
3249 999 3467 1070 βλέμμα
3492 1001 3595 1055 καὶ

2012 1083 2174 1161 μόλις
2193 1092 2470 1145 ἀνατεῖναι
2501 1091 2820 1160 δυνάμενος,
2875 1092 2968 1143 καὶ
3001 1092 3102 1154 τὰς
3136 1091 3388 1160 συνήθεις
3424 1093 3593 1164 εὐχὰς

2008 1183 2271 1248 ἐποιεῖτο,
2298 1179 2415 1236 εἶτα
2446 1183 2541 1236 καὶ
2574 1183 2804 1236 πλεῖστα
2825 1182 3170 1250 ἐπιθειάσας,
3202 1185 3295 1236 καλ⁵
3330 1185 3472 1238 κατά
3497 1186 3595 1239 τὸν

2010 1274 2155 1345 ἱερὸν
2209 1273 2411 1345 θεσμὸν
2452 1273 2670 1328 ἅπαντα
2703 1275 2772 1329 τὰ
2822 1276 3158 1346 προτεθέντα
3201 1275 3590 1346 τελεσὰμενος,

2007 1365 2170 1429 αὐτός
2198 1383 2257 1418 τε
2291 1367 2522 1437 μετέσχε
2545 1366 2654 1420 τῶν
2688 1366 3024 1437 μυστηρίων,
3061 1366 3192 1430 τούς
3216 1384 3276 1420 τε
3311 1367 3594 1437 παρόντας

2006 1459 2116 1512 τῶν
2141 1459 2401 1531 μαθητῶν
2434 1461 2708 1532 ἐπέτρεψε
2741 1463 3054 1530 μετασχεῖν,
3095 1459 3190 1514 καὶ
3236 1461 3352 1522 τοῖς
3383 1459 3594 1513 ἀπσῦσι

2007 1549 2325 1621 διέπεμψεν,
2359 1551 2435 1615 ὡς
2469 1553 2563 1606 καὶ
2587 1554 2752 1615 αὐτὸς
2781 1555 2840 1607 ὲν
2881 1555 2946 1623 τῇ
2985 1553 3190 1625 ἐσχάτῃ
3222 1552 3359 1622 πρὸς
3390 1551 3595 1615 αὐτοὺς

2007 1643 2270 1713 ἐπιστολῇ
2329 1643 2504 1696 ταῦτα
2565 1645 2888 1714 δεδήλωκεν.
2950 1645 3058 1698 Καὶ
3123 1643 3328 1715 ταύτην
3371 1644 3470 1714 μὲν
3521 1643 3594 1712 δὴ

2006 1739 2106 1806 τὴν
2165 1737 2381 1809 ἡμέραν
2411 1738 2772 1809 συνδιήρκεσε
2803 1737 3014 1801 τούτοις
3039 1737 3228 1808 ῶσπερ
3257 1733 3324 1809 ἦν
3351 1737 3598 1808 ὑποσχό-

2013 1845 2192 1900 μενος.

2084 1921 2166 1975 ιε’.
2201 1922 2293 1984 Είς
2317 1922 2374 1975 δὲ
2401 1922 2500 1992 τὴν
2524 1923 2819 1994 ὑστεραίαν
2846 1922 3109 1978 ἐλθόντων
3138 1921 3289 1992 παρὰ
3311 1920 3406 1974 τοῦ
3437 1921 3593 1992 βασι⁴

2011 2013 2147 2076 λέως
2181 2013 2343 2066 τινῶν
2389 2014 2498 2066 τῶν
2529 2014 2815 2084 ὀψομένων
2870 2015 2920 2067 εί
2949 2014 3031 2068 ἔτι
3083 2031 3145 2083 γε
3188 2013 3347 2085 διαζῇ
3382 2013 3596 2084 (θαῦμα

2010 2104 2120 2174 γὰρ
2160 2105 2345 2168 αὐτοῖς
2372 2106 2610 2172 ἐξαίσιον
2646 2109 2678 2177 ἡ
2713 2107 2811 2177 τῆς
2839 2107 2986 2175 ζωῆς
3015 2107 3180 2159 αὐτοῦ
3208 2107 3371 2178 μέχρι
3394 2106 3596 2160 τούτου

2014 2197 2401 2268 παράστασις),
2439 2198 2627 2270 ἐπειδὴ
2666 2199 2897 2268 πλησίον
2943 2198 3137 2252 ἑαυτοῦ
3165 2201 3396 2262 στάντας
3437 2198 3606 2252 ἐθεά-

2016 2307 2146 2342 σατο
2176 2291 2302 2352 τοὺς
2345 2291 2737 2360 ἀφικομένους,
2767 2289 3028 2360 ὁπηλίκον
3066 2290 3291 2345 ἐδύνατο
3323 2291 3602 2360 βιασάμεο

1992 2393 2101 2443 ’νος
2129 2380 2342 2445 ἑαυτὸν,
2373 2383 2467 2435 καὶ
2500 2383 2682 2454 τρίτον
2715 2382 2955 2437 ἀνειπὼν
2997 2382 3058 2436 τὸ
3089 2383 3418 2454 Χριστιανός
3451 2385 3600 2455 ειμι,

2015 2474 2082 2543 τῇ
2114 2471 2401 2544 τελευταίᾳ
2432 2476 2582 2544 φωνῇ
2611 2475 2893 2544 συναφῆκε
2916 2473 2979 2527 τὸ
3011 2474 3251 2544 πνεῦμα.

1817 2652 2047 2708 CAPUT
2081 2651 2144 2709 V.

1455 2776 1588 2846 Ejus
1628 2775 1924 2838 sepultura.
1958 2771 2303 2841 HelenOpofis
2327 2775 2535 2830 civitas.

399 2928 485 2983 16.
531 2925 667 2982 Sunt
699 2934 877 2979 autem
905 2924 995 2994 qui
1031 2924 1234 2985 dicant,
1255 2936 1376 2976 eum
1406 2921 1583 2973 adhuc
1608 2919 1903 2986 spirantem

328 3021 631 3092 projectum
674 3017 840 3073 fuisse
884 3019 936 3071 in
971 3015 1296 3084 profundum
1328 3013 1510 3066 maris.
1546 3009 1906 3063 Maximianus

327 3115 471 3170 enim
528 3111 830 3165 admiratus
867 3109 982 3177 cjus
1022 3118 1334 3177 perpetuam
1395 3105 1460 3158 ad
1516 3105 1674 3156 linem
1735 3114 1908 3167 usque

329 3205 711 3269 constantiam,
745 3202 910 3271 jussit
936 3202 1000 3255 iis
1030 3200 1122 3268 qui
1155 3200 1208 3253 in
1235 3197 1499 3268 ejusmodi
1538 3197 1697 3249 rebus
1739 3195 1909 3247 inser-

330 3297 506 3359 viunt,
529 3297 704 3362 ipsum
734 3295 788 3348 in
823 3309 972 3346 mare
994 3293 1201 3361 jacere,
1243 3306 1362 3342 cum
1393 3303 1643 3358 magnum
1673 3285 1904 3356 lapidem

331 3389 716 3458 appendissent
758 3386 979 3440 brachio
1031 3383 1149 3453 ejus
1181 3385 1428 3448 dextero,
1480 3391 1560 3443 ut,
1594 3381 1911 3434 submersus

332 3497 594 3550 nusquam
659 3489 965 3551 appareret,
1009 3488 1063 3532 ct
1105 3493 1302 3546 corpus
1347 3475 1465 3545 ejus
1515 3473 1718 3528 nullam
1754 3486 1908 3529 asse-

330 3583 588 3644 queretur
616 3573 972 3642 sepulturam.
1038 3588 1136 3625 nec
1177 3571 1327 3642 justa
1382 3570 1430 3624 ei
1466 3569 1680 3623 fierent.
1733 3567 1909 3634 Atque

330 3666 429 3720 fuit
455 3667 672 3736 quidem
709 3667 760 3720 in
801 3661 1066 3735 profundo
1097 3662 1508 3733 quatuordeeim
1545 3661 1680 3723 dies,
1714 3674 1911 3728 nempe

331 3760 576 3823 totidem,
609 3768 740 3829 quot
773 3760 824 3812 in
852 3771 1075 3813 carcere
1112 3757 1423 3811 decertarat
1447 3760 1707 3807 adversus
1730 3751 1912 3806 Varias

329 3850 572 3916 corporis
618 3849 1019 3917 perpessiones.
1077 3846 1494 3912 Quiutodeeimo
1554 3854 1734 3897 autem
1799 3841 1914 3894 del-

331 3940 528 4008 phinus
555 3939 606 3993 in
655 3939 860 3993 siccum
895 3953 1017 3991 eum
1059 3939 1161 3991 hoc
1193 3935 1354 3990 modo
1375 3934 1570 3988 extulit
1602 3953 1613 3987 :
1647 3948 1768 3987 eutn
1799 3932 1914 3997 ejus

327 4031 576 4098 discipuli
613 4030 755 4084 circa
803 4030 950 4099 ripas
977 4038 1030 4083 et
1065 4027 1249 4081 littora
1291 4025 1429 4080 alius
1457 4023 1585 4077 alibi
1617 4038 1912 4078 versaren-

331 4133 440 4187 tur,
471 4120 824 4185 utviderent,
861 4120 908 4174 si
950 4136 1055 4189 quo
1087 4120 1250 4174 modo
1288 4127 1510 4188 possent
1543 4131 1664 4170 eum
1697 4129 1726 4168 e
1777 4114 1910 4167 mari

328 4211 560 4277 ejectum
610 4211 875 4274 invenire,
920 4221 1160 4280 tempore
1192 4220 1372 4264 autem
1427 4208 1652 4263 hiberno
1678 4207 1728 4260 id
1759 4205 1913 4258 valde

330 4313 476 4357 esset
513 4305 783 4357 turbatum
813 4319 826 4358 :
859 4304 1175 4358 diuturnum
1203 4313 1418 4370 tempus
1433 4297 1638 4363 effecit,
1677 4310 1732 4351 ut
1756 4297 1914 4367 plane

331 4399 681 4468 desperarent
717 4415 776 4454 se
812 4414 968 4469 posse
995 4399 1043 4453 id
1079 4398 1343 4452 invenire.

408 4685 490 4738 Π.
522 4683 738 4738 Interim
781 4697 911 4736 vero
961 4677 1285 4732 adveniente
1347 4672 1755 4742 quintadecimo
1799 4671 1907 4734 die,
1945 4684 1990 4743 ι)

332 4787 542 4845 martyr
580 4776 632 4828 in
676 4773 881 4828 somnis
922 4783 1190 4840 apparens
1219 4765 1432 4820 cuidam
1465 4762 1738 4833 Glycerio,
1785 4777 1912 4828 ger-

335 4880 493 4919 mano
520 4879 618 4917 suo
646 4861 928 4930 discipulo,
957 4860 1047 4929 qui
1075 4868 1200 4911 tunc
1238 4853 1559 4908 versabatur
1611 4852 1661 4904 in
1695 4852 1915 4922 regione

333 4960 560 5013 adversa
590 4956 887 5010 continenti
921 4951 1269 5014 Nicomediae,
1298 4949 1428 5000 dicit
1463 4947 1510 5000 ei
1539 4959 1553 4998 :
1589 4943 1633 5000 Ο
1659 4955 1734 5007 ιιι,
1789 4960 1910 4998 cum

330 5049 566 5117 primum
604 5062 762 5100 mane
782 5042 1109 5107 surrexeris,
1139 5040 1223 5093 alii
1252 5040 1302 5092 i'n
1335 5035 1671 5090 ltunelocum
1705 5034 1911 5104 (osten-

331 5140 673 5205 densjoeum
701 5138 945 5206 littoris);
991 5147 1040 5191 te
1095 5133 1261 5199 enim,
1312 5130 1506 5199 inquit,
1571 5129 1911 5193 conveniam,-

331 5246 454 5286 cum
490 5229 614 5283 illuc
649 5229 994 5283 veneris.llle
1026 5239 1227 5290 autem,
1255 5240 1376 5279 cum
1407 5223 1663 5290 primum,
1698 5235 1763 5274 ex
1797 5235 1915 5273 nta-

334 5338 437 5391 gna
471 5322 741 5375 evidentia
793 5330 846 5375 et
886 5321 1246 5374 admiratione
1294 5333 1483 5372 eorum
1516 5332 1635 5386 quae
1684 5323 1906 5368 ostensa

334 5413 568 5474 fuerant.
598 5429 719 5468 cum
773 5429 999 5469 somnus
1044 5414 1364 5477 dimisisset,
1399 5423 1452 5467 et
1478 5411 1590 5480 jam
1641 5409 1756 5464 dies
1789 5409 1915 5462 illu-

333 5515 598 5569 cesceret,
632 5520 880 5574 surgens,
909 5515 964 5560 et
1015 5507 1275 5576 quosdam
1309 5505 1466 5567 alios,
1497 5519 1560 5559 ex
1597 5503 1698 5580 piis
1730 5515 1915 5556 secum

334 5611 646 5661 assmuens,
702 5613 823 5653 eum
870 5600 953 5654 eis
1003 5599 1144 5654 venit
1181 5599 1232 5653 in
1284 5598 1485 5663 locum,
1529 5598 1620 5665 qui
1661 5594 1836 5650 fuerat
1871 5593 1919 5647 ei

335 5689 686 5756 significatus.
721 5688 778 5744 In
807 5706 871 5746 eo
896 5702 1076 5748 autem
1105 5693 1292 5760 ingens
1319 5691 1604 5761 delphinus
1651 5689 1912 5743 ascende-

337 5779 476 5834 bate
507 5781 662 5846 mari,
691 5782 804 5852 jam
835 5799 900 5839 ex
927 5800 992 5838 eo
1022 5799 1304 5854 emergens
1336 5802 1350 5839 :
1383 5782 1474 5852 qui
1501 5797 1621 5836 cum
1651 5788 1793 5834 esset
1817 5794 1913 5834 ex-

337 5877 526 5928 tensus
552 5887 713 5943 super
740 5891 891 5945 aqum
911 5876 1274 5948 superficiem,
1307 5871 1461 5931 valde
1487 5869 1746 5943 spirabat,
1765 5878 1818 5925 et
1848 5867 1915 5925 ad

2083 2914 2178 2980 ις’.
2218 2917 2337 2970 Εἰσὶ
2371 2917 2429 2970 δέ
2474 2935 2618 2981 τινες
2674 2919 2725 2971 οἳ
2775 2917 2990 2988 λέγουσι
3057 2919 3219 2974 αὑτὸν
3265 2919 3345 2974 ἔτι
3391 2921 3609 2991 μᾶλλον

2010 3005 2249 3074 ἔμπνουν
2276 3009 2592 3080 ὑπάρχοντα
2615 3009 2692 3081 τῷ
2731 3012 2828 3080 τῆς
2859 3010 3134 3082 θα)·ά“σηῖ
3165 3013 3604 3084 ἐναπορῤιφῆναι

2013 3100 2178 3169 βυθῷ.
2230 3100 2288 3152 Ὀ
2327 3102 2436 3170 γὰρ
2481 3103 2824 3172 Μαξιμιανὸς
2865 3103 3005 3174 πρὸς
3050 3103 3148 3175 τὴν
3191 3104 3352 3174 μέχρι
3401 3105 3600 3172 τέλους

2010 3191 2260 3245 ἔνστασιν
2296 3193 2460 3246 αὐτοῦ
2506 3196 2600 3247 καὶ
2642 3195 2703 3248 τὸ
2740 3195 3020 3248 άνένδοτον
3067 3195 3364 3264 ἐκπλαγεὶς
3416 3213 3598 3267 προσ-

2014 3283 2170 3347 έταξε
2207 3288 2316 3347 τοῖς
2340 3285 2512 3338 ταῦτα
2539 3286 2878 3340 διακονοῦσιν
2902 3290 2982 3350 είς
3011 3287 3108 3356 τὴν
3127 3287 3401 3341 θάλασσαν
3432 3290 3607 3342 αὐτὸν

2017 3375 2192 3444 ῥίψαι,
2229 3376 2375 3430 λίθον
2411 3378 2666 3448 μέγιστον
2694 3380 2786 3432 τοῦ
2817 3379 2992 3444 δεξιοῦ
3041 3379 3324 3452 βραχίονος
3365 3381 3610 3452 ὲξαρτη-

2015 3469 2304 3538 σαμένους,
2334 3471 2400 3522 ἶν’
2428 3471 2760 3540 ύποΰρύχιος
2789 3473 3111 3542 ἀφανισθείη
3153 3474 3467 3542 γενόμενος,
3499 3475 3611 3526 καὶ

2017 3560 2290 3630 μηδεμιᾶς
2319 3563 2345 3613 ὁ
2377 3563 2570 3632 νεκρὸς
2595 3562 2758 3615 αὑτοῦ
2785 3566 2981 3632 ταφῆς,
3013 3563 3046 3634 ἦ
3072 3579 3212 3625 τινος
3244 3563 3410 3628 ἄλλης
3434 3562 3609 3632 θερα-

2015 3652 2172 3714 πείας
2224 3653 2475 3724 δυνηθείη
2549 3659 2751 3725 τυχεῖν.
2805 3651 2913 3708 Ἷιν
2971 3657 3069 3726 μὲν
3112 3655 3204 3709 οὖν
3237 3657 3294 3709 ὲν
3318 3656 3401 3725 τῷ
3446 3655 3610 3728 βυθῷ

2014 3747 2279 3815 τεσσαρες
2325 3749 2418 3800 καὶ
2465 3747 2699 3811 δεκατας
2747 3748 2874 3811 ὅλας
2922 3750 3160 3820 ἡμέρας,
3194 3752 3252 3804 ὲν
3296 3751 3448 3813 ὅσαις
3490 3766 3608 3820 περ

2015 3835 2083 3910 ἦν
2108 3841 2200 3893 καὶ
2233 3843 2290 3892 ὲν
2325 3845 2388 3911 τῇ
2422 3844 2611 3911 εἱρκτῇ
2663 3844 2800 3913 πρὸς
2832 3845 2920 3896 τὰ·
2951 3845 3170 3897 ποικίλα
3198 3843 3343 3915 πάθη
3373 3843 3464 3896 τοῦ
3497 3844 3613 3896 σώ-

2018 3947 2186 3998 ματος
2213 3930 2686 4002 διαγωνιζόμενος.
2713 3935 2791 4005 Τῇ
2831 3935 2886 3987 δὲ
2924 3934 3398 4006 πεντεκαιδεκάτῃ
3413 3934 3609 4000 δελφὶς

2016 4023 2176 4076 αὑτὸν
2202 4022 2518 4091 ἐξεκόμισεν
2568 4025 2661 4076 ἐπὶ
2694 4025 2752 4077 τὸ
2786 4025 2972 4094 ξηρὸν,
3000 4029 3190 4079 τοῦτον
3227 4025 3319 4078 τδν
3361 4025 3605 4095 τρόπον·

2019 4116 2128 4169 τῶν
2161 4115 2420 4185 μαθητῶν
2465 4115 2630 4169 αὐτοῦ
2674 4118 2802 4187 περὶ
2835 4119 2936 4181 τὰς
2963 4117 3134 4180 άκτάς
3163 4117 3396 4179 καὶτοὺς
3417 4117 3613 4184 αἰγια-

2013 4206 2139 4270 λοὺς
2170 4207 2344 4260 ἄλλων
2395 4206 2530 4277 ἄλλῃ
2594 4207 3006 4278 διατριϐόντων,
3060 4209 3114 4260 εἴ
3157 4225 3258 4261 που
3323 4207 3614 4279 δυνηθεῖεν

2016 4299 2178 4354 αὑτὸν
2238 4299 2652 4353 ἀποπτυσθὲντα
2719 4300 2818 4369 τῆς
2871 4300 3150 4370 θαλάσσης
3210 4301 3494 4370 ἀνευρεῖιν
3542 4301 3612 4352 ὲν

2015 4393 2132 4463 ὥρα
2185 4393 2452 4463 χειμερίῳ
2511 4393 2760 4462 σφοδρῶς
2816 4394 3291 4464 ὲκταραττομένης
3343 4393 3536 4462 αὐτῆς,
3580 4397 3613 4446 ὁ

2017 4487 2205 4556 χρόνος
2229 4503 2301 4537 πα
2311 4485 2692 4554 ρατεινόμενος
2717 4485 3030 4554 ἀπογνῶναι
3061 4485 3283 4548 τούτους
3318 4485 3614 4562 τὴνάνεύ-

2018 4595 2169 4648 ρεσιν
2209 4576 2645 4648 παρεσκεύαζεν.

2093 4671 2176 4736 ιζ’.
2227 4673 2313 4724 Ἐν
2338 4671 2511 4741 τούτῳ
2537 4671 2592 4724 δὲ
2629 4670 2721 4724 καὶ
2748 4671 2848 4741 τῆς
2872 4671 3367 4740 πεντεκαιδεκάτης
3389 4670 3614 4741 ἡμέρας

2018 4768 2409 4836 ἑφισταμὲνης,
2435 4767 2568 4836 ὄναρ
2598 4767 2884 4836 ἐπιφανεὶς
2910 4769 2938 4820 ὁ
2966 4767 3177 4837 μάρτυς
3207 4766 3286 4837 τῷ
3325 4765 3616 4838 Γλυκερίῳ

2019 4861 2125 4912 τινὶ
2152 4860 2259 4912 τῶν
2287 4860 2522 4928 γνησίων
2549 4857 2713 4912 αὐτοῦ
2736 4858 3024 4927 φοιτητῶν,
3054 4858 3144 4911 ἐπὶ
3173 4858 3271 4926 τῆς
3305 4858 3616 4928 ἀντιπέρας

2022 4953 2155 5020 πρὸς
2187 4950 2284 5021 τὴν
2317 4951 2686 5020 Νικομήδειαν
2737 4949 2968 5020 ἠπείρου
3000 4948 3308 5019 τηνικαῦτα
3346 4948 3446 5020 τὴν
3486 4949 3614 5002 διοι-

2018 5042 2212 5113 τριϐὴν
2267 5043 2595 5112 ποιουμένῳ,
2640 5043 2778 5114 φησὶ
2835 5043 2973 5113 πρὸς
3038 5043 3224 5097 αὐτόν’
3286 5044 3520 5109 Αὐτίκα,
3563 5038 3614 5098 ὦ

2018 5129 2193 5199 οὗτος,
2227 5135 2396 5189 ἕωθεν
2428 5137 2667 5199 ἀναστὰς
2695 5138 2774 5200 εἰς
2815 5136 2935 5189 τόδε
2969 5137 3030 5188 τὸ
3054 5137 3257 5208 χωρίον
3287 5136 3446 5192 ἄπιθι
3485 5137 3616 5207 (τῆς

2013 5229 2194 5297 ἠϊόνος
2253 5226 2505 5296 δηλώσας
2558 5229 2649 5281 τὸν
2695 5229 2926 5297 τόπον)⁶
2980 5228 3309 5298 ὲντεύξομαι
3350 5230 3458 5300 γάρ
3498 5245 3611 5294 σοι,

2014 5322 2140 5390 ἔφη,
2184 5323 2302 5373 ἐκεῖ
2339 5319 2788 5391 παραγενομένῳ.
2827 5322 2884 5374 Ὀ
2918 5322 2995 5384 δὲ,
3044 5321 3277 5390 τάχιστα
3337 5321 3504 5374 αύτδν
3539 5323 3614 5376 ἑκ

2017 5410 2108 5464 τοῦ
2160 5411 2279 5462 λίαν
2335 5409 2600 5480 ἐναργοῦς
2643 5412 2737 5463 καὶ
2792 5412 3094 5483 πληκτικοῦ
3125 5412 3236 5464 τῶν
3285 5411 3615 5481 δειχθέντων

2019 5504 2092 5566 ὡς
2134 5503 2300 5565 ὕπνος
2347 5502 2567 5572 ἀνῆκεν,
2618 5502 2802 5575 ἡμέρα
2852 5522 2912 5556 τε
2969 5505 3068 5576 ἤδη
3101 5505 3444 5574 ύπηύγαζεν,
3474 5507 3617 5559 ἀνα-

2029 5593 2157 5655 στὰς
2193 5592 2285 5646 καί
2318 5609 2469 5656 τινας
2502 5592 2724 5662 ἑτέρους
2781 5593 2890 5648 τῶν
2936 5594 3272 5664 φιλευσεὸῶν
3313 5609 3619 5666 συμπαρα-

2024 5685 2222 5750 λαϐὼν,
2259 5687 2339 5749 είς
2367 5685 2429 5740 τὸ
2465 5685 2700 5756 δηλωθὲν
2737 5687 2937 5758 χωρίον
2982 5689 3174 5757 ἐφοίτα
3233 5687 3352 5756 μετ’
3400 5687 3610 5743 αὐτῶν.

2037 5777 2124 5829 Ἑν
2151 5775 2326 5844 τούτῳ
2346 5777 2402 5830 δὲ
2431 5778 2525 5830 καὶ
2545 5777 2791 5848 δελφῖνος
2823 5777 3084 5848 μέγιστόν
3106 5796 3157 5832 τι
3186 5780 3378 5851 χρῆμα
3407 5779 3470 5836 ὲκ
3503 5777 3615 5846 τῆς

2027 5869 2296 5941 θαλάττης
2318 5869 2493 5941 ἀνῄει,
2522 5871 2646 5942 ἄρτι
2668 5869 2868 5941 ταύτης
2885 5871 3264 5942 ἀναδυόμενος,
3292 5872 3388 5927 καὶ
3415 5871 3615 5941 ἐπειδὴ
