3886 6466
341 371 451 440 415

1513 379 1799 444 MENSIS
1853 381 2333 447 IANUARIUS-

3509 389 3618 457 416

345 490 450 543 hoc
502 498 561 542 ιιι
617 488 795 557 ipsum
857 502 1075 560 quoque
1107 488 1254 545 illius
1280 488 1590 562 impertiret
1622 491 1816 564 gloria.
1857 491 1924 548 Et

2034 499 2262 570 ἀρίστην
2297 495 2445 568 αὑτῷ
2480 495 2758 568 πρόφασιν
2789 496 3090 570 παρασχὼν
3123 498 3217 558 καὶ
3241 500 3618 574 δικαιοτάτην.

345 581 461 635 haec
493 588 574 635 est
605 579 736 634 mlbi
769 581 1077 638 communis
1106 581 1244 637 ratio
1274 582 1329 637 in
1385 584 1640 641 omnibus
1672 588 1925 657 martyri-

245 660 251 667 ’
346 673 468 740 bus,
516 673 566 726 id
606 681 710 739 est,
747 673 979 730 testibus
1027 665 1292 730 veritatis.
1338 675 1495 731 Nunc
1527 687 1706 732 autem
1742 678 1929 734 volens

345 764 668 820 confirmare
695 766 958 832 studium,
997 767 1139 837 quod
1195 768 1424 823 contulit
1460 769 1512 824 in
1560 784 1747 824 sacras
1780 769 1930 824 Scri—

345 869 560 928 pturas,
595 873 716 913 esse
750 875 885 928 opus
917 859 1130 928 plurimi
1173 859 1506 926 faciendum,
1533 877 1775 926 manum,
1808 876 1928 932 quae

344 947 393 1000 ei
423 947 640 1016 proprie
668 946 719 1000 in
758 947 860 1001 hac
888 961 946 1001 re
985 947 1256 1013 inserviit,
1299 949 1470 1004 voluit
1499 950 1660 1003 etiam
1695 950 1927 1018 propriis

346 1039 617 1093 honorare
639 1039 1011 1107 passionibus,
1049 1042 1319 1109 quomodo
1347 1041 1535 1106 etiam,
1572 1051 1629 1096 ttt
1669 1043 1921 1108 arbitror,

344 1133 523 1188 solent
557 1143 900 1200 spectatores
950 1135 1114 1190 sertis
1146 1136 1400 1191 redimire
1439 1136 1660 1191 brachia
1692 1136 1926 1190 athleta-

342 1237 484 1276 rum.
530 1222 684 1289 Quod
715 1224 760 1278 si
811 1224 933 1294 quis
980 1225 1142 1278 etiam
1195 1227 1488 1280 crediderit
1527 1242 1644 1280 eam
1699 1228 1751 1280 in
1789 1227 1922 1281 mari

329 1313 634 1378 mansisse,
659 1313 708 1367 ei
746 1313 871 1369 licet
898 1322 950 1368 et
985 1315 1100 1370 bzec
1123 1315 1495 1378 considerare,
1533 1325 1588 1370 et
1615 1318 1754 1385 quod
1784 1316 1923 1372 Deus

345 1403 626 1456 miraculis
653 1417 796 1472 saepe
822 1405 985 1458 etiam
1038 1406 1302 1459 admiscet
1333 1421 1393 1459 ea
1419 1421 1539 1478 qua:
1567 1407 1865 1475 procedunt
1892 1421 1921 1461 ιι

345 1500 564 1558 natura,
602 1502 661 1547 ut
687 1508 785 1562 per
836 1494 922 1548 illa
955 1495 1171 1560 quidem
1218 1496 1540 1550 ostendatur
1572 1497 1743 1551 virtus
1794 1497 1927 1552 θίγε·-

346 1582 486 1635 ctrix
531 1582 938 1647 miraculorum,
990 1598 1085 1653 per
1136 1586 1252 1638 htcc
1297 1595 1477 1639 autem
1522 1585 1653 1641 ﬁdes
1705 1602 1921 1656 quoque

347 1672 612 1728 habeatur
641 1684 869 1730 natura}.
898 1676 1003 1730 Sed
1031 1677 1146 1730 haec
1167 1677 1405 1746 quidem,
1434 1688 1489 1734 et
1521 1687 1742 1748 propter
1761 1694 1920 1749 quam

344 1780 566 1820 causam
639 1769 1064 1838 unumquodque
1137 1771 1443 1838 contingit,
1515 1786 1650 1839 pure
1702 1772 1918 1826 demum

2030 589 2113 652 εἰς
2135 589 2196 643 τὸ
2227 589 2322 643 καὶ⁸
2353 589 2455 660 τῆς
2502 588 2662 660 δόξης
2718 589 2881 644 αὐτὸν
2915 589 3017 660 τῆς
3047 591 3259 646 ἐκείνου
3287 595 3623 664 ποιήσασθαι

2031 682 2308 735 κωνωνόν.
2343 681 2453 734 Καὶ
2486 675 2642 744 οὗτός
2688 697 2778 752 μοι
2807 681 2987 744 κοινός
3037 683 3157 736 ἐστι
3205 685 3350 738 κατὰ
3399 686 3623 741 πάντων

2028 775 2140 826 τῶν
2167 774 2268 844 τῆς
2309 773 2570 843 ἀληθείας
2597 774 2896 845 μαρτύρων
2926 775 2954 827 ὁ
2982 774 3160 844 λόγος.
3187 775 3304 828 Νῦν
3330 776 3387 830 δὲ
3429 779 3618 849 κυρῶ-

2031 883 2120 919 σαι
2144 865 2470 935 βουλόμενος
2501 864 2579 936 τῷ
2610 864 2766 935 ἀνδρὶ
2807 863 2907 936 τὴν
2933 865 2991 918 έν
3020 869 3140 928 ταῖς
3170 866 3341 937 ἱεραῖς
3373 868 3621 938 Γραφαῖς

2029 956 2430 1026 εἰσενεχθεῖσαν
2461 955 2722 1024 σπουδὴν,
2757 956 2850 1008 καὶ
2879 955 2955 1018 ὡς
2991 955 3190 1009 πολλοῦ
3217 974 3361 1021 τινος
3412 959 3521 1027 ἄρα
3551 955 3619 1030 ἦν

2027 1049 2061 1120 ἡ
2096 1049 2421 1120 πραγματία
2464 1048 2764 1119 ἀξιωτάτη,
2796 1049 2897 1119 τὴν
2947 1051 3107 1120 χεῖρα
3145 1048 3306 1104 αὑτοῦ
3337 1051 3435 1121 τὴν
3471 1051 3620 1116 ἰδίως

2034 1143 2172 1212 πρὸς
2204 1141 2365 1196 τοῦτο
2407 1142 2880 1213 διακονησαμένην
2934 1142 3086 1206 ἰδίοις
3137 1142 3341 1212 ἠξίωσε
3387 1144 3618 1214 τιμῆσαι

2026 1240 2121 1294 καὶ
2147 1242 2259 1305 τοίς
2292 1240 2582 1310 παθήμασι
2608 1255 2622 1269 ·
2654 1239 2930 1312 καθάπερ,
2967 1235 3146 1309 οἶμαι,
3177 1241 3270 1292 καὶ
3303 1240 3412 1293 τῶν
3453 1239 3622 1307 ἀθλη-

2025 1330 2134 1384 τῶν
2179 1331 2229 1383 ol
2279 1329 2470 1384 θεαταί
2507 1331 2636 1394 τοὺς
2684 1330 2980 1402 βραχίονας
3008 1329 3234 1384 εἰώθασι
3261 1328 3522 1384 ταινιοῠν.
3556 1328 3624 1382 Εἰ

2026 1436 2089 1489 γε
2123 1422 2307 1491 μέντοι
2329 1439 2414 1486 τις
2443 1423 2614 1493 αὐτὴν
2651 1423 3245 1493 ὲγκαταμεμενηκέναι
3272 1424 3338 1492 τῇ
3371 1421 3623 1494 θαλάσσῃ

2028 1515 2346 1568 πιστεύσειε
2384 1556 2399 1582 ,
2451 1515 2687 1588 πάρεστι
2771 1515 2869 1569 καὶ
2916 1515 3010 1568 ἐπὶ
3052 1514 3242 1585 τούτῳ
3297 1514 3619 1584 λογίσασθαι

2026 1606 2205 1661 ταῦτά
2261 1625 2344 1673 τε,
2400 1608 2493 1661 καὶ
2550 1609 2633 1661 ὅτι
2666 1608 2784 1670 ταῖς
2812 1605 3285 1677 θαυματουργίαις
3319 1605 3452 1670 Θεὸς
3486 1607 3620 1660 πολ-

2025 1699 2185 1762 λάκις
2239 1699 2704 1770 έγκαταμίγνυσι,
2735 1699 2830 1752 καὶ
2867 1700 2935 1753 τὰ
2974 1699 3082 1753 άπὸ
3116 1700 3214 1768 τῆς
3251 1697 3492 1768 φύσεως,
3524 1701 3615 1752 ἵνα

2025 1791 2116 1845 διὰ
2147 1792 2208 1845 τὸ
2243 1791 2344 1862 μὲν
2391 1791 2812 1863 θαυματουργὸς
2858 1791 3175 1863 δεικνύηται
3236 1791 3489 1862 δύναμις,
3525 1791 3620 1844 διὰ

344 1858 481 1911 sciat
513 1857 558 1911 is
587 1856 678 1926 qui
729 1858 843 1912 lttec
873 1859 1236 1914 administrat.
1263 1857 1572 1926 Quinetiam
1611 1860 1663 1914 in
1699 1859 1925 1930 singulis

2034 1883 2085 1938 δὲ
2120 1883 2229 1936 τῶν
2243 1856 2336 1954 *μὴ
2377 1856 2660 1937 ἀπιστοῖτο
2682 1856 2949 1954 ηνφνύσις·
2982 1856 3122 1936 ἀλλὰ
3151 1882 3322 1936 ταῦτα
3361 1856 3486 1954 μὲν,
3519 1881 3619 1937 καὶ

345 1963 556 2017 eorum,
581 1963 701 2018 quae
730 1950 798 2004 ab
821 1950 938 2019 ipso
965 1949 1363 2007 admirabiliter
1392 1951 1528 2006 ﬁunt
1556 1959 1611 2008 et
1640 1961 1926 2023 geruntur,

343 2038 598 2096 didicerit
637 2040 867 2110 quisque
914 2041 1077 2097 aliam
1121 2057 1337 2112 quoque
1383 2057 1506 2100 esse
1555 2059 1838 2111 arcanam,
1871 2056 1941 2101 et-

345 2143 470 2200 quae
509 2132 581 2186 sit
603 2145 768 2201 supra
805 2147 904 2190 nos
945 2135 1236 2199 rationem,
1276 2135 1670 2207 optimamque,
1711 2146 1767 2192 et
1808 2152 1930 2208 quae

346 2221 730 2290 comprehendi
768 2237 873 2278 non
903 2233 1103 2292 potest,
1151 2225 1723 2296 administrationem,
1753 2243 1931 2301 neque

333 2317 550 2391 _Iemerc
570 2311 772 2382 aliquid
797 2313 912 2368 tieri
944 2324 1038 2370 aut
1072 2314 1318 2372 fortuito.

417 2583 508 2638 9.0.
545 2582 698 2638 Tunc
732 2597 860 2653 ergo
893 2583 970 2639 sic
997 2599 1025 2637 a
1053 2583 1308 2652 delphino
1331 2594 1672 2656 exportatum
1703 2602 1940 2656 corpus,

348 2674 584 2729 deiatum
614 2683 698 2729 est
736 2673 790 2727 in
827 2688 1069 2728 arenam.
1101 2673 1506 2732 Concurrentes
1531 2685 1712 2732 autem
1758 2679 1930 2734 discis

348 2765 482 2834 puli,
517 2764 747 2833 primum
809 2765 1050 2834 quidem,
1087 2775 1148 2820 ut
1193 2764 1442 2828 decebat,
1497 2767 1549 2822 id
1595 2769 1924 2835 salutabant,

346 2855 487 2910 alius
508 2854 726 2908 aliunde
745 2854 1148 2921 ~venientes,’fet
1187 2856 1599 2922 osculabantur,
1645 2858 1930 2929 etample-

347 2948 660 3012 ctehautur,
699 2947 1073 3017 unusquisque
1125 2963 1224 3017 pro
1257 2947 1486 3014 viribus,
1515 2950 1584 3002 ob
1617 2959 1922 3019 promptum

347 3046 401 3091 et
432 3037 609 3090 alacre
642 3035 807 3089 animi
849 3037 1111 3090 studium.
1143 3035 1344 3090 Deinde
1370 3051 1499 3090 vero
1525 3052 1646 3091 cum
1683 3038 1734 3091 id
1772 3052 1923 3091 sum-

346 3129 608 3199 psissent,
633 3136 688 3181 et
709 3127 944 3196 prepriis
973 3125 1224 3180 manibus
1261 3126 1601 3192 extulissent,
1633 3135 1687 3180 et
1709 3128 1756 3181 ei
1779 3127 1921 3197 justa

348 3221 529 3274 omnia
556 3220 624 3274 de
672 3235 822 3276 more
864 3218 1142 3283 fecissent,
1183 3219 1236 3272 in
1273 3218 1394 3272 loco
1426 3219 1622 3287 insigni
1664 3220 1929 3288 deposue-
1958 3199 2001 3256 (ἶ
2033 3199 2066 3235 κ

350 3321 494 3365 runt.
521 3311 586 3365 Et
611 3319 736 3366 tunc
763 3311 977 3379 quidem
1026 3310 1100 3365 illi
1153 3309 1481 3380 sepulcrum,
1553 3310 1714 3380 quale
1737 3320 1930 3380 potue-

348 3417 497 3469 runt,
566 3414 726 3473 prout
776 3413 986 3472 tempus
1048 3407 1297 3472 urgebat,
1359 3413 1688 3459 statuerunt.
1738 3403 1929 3459 Postea

350 3502 554 3556 autem,
585 3507 705 3559 quae
759 3492 915 3547 nobis
948 3493 1242 3548 salutarem
1284 3494 1496 3548 Domini
1527 3494 1766 3548 restituit
1795 3494 1934 3549 Cru-

347 3598 487 3647 cem,
531 3592 587 3638 et
617 3585 867 3654 maguum
919 3586 1064 3640 inter
1113 3587 1291 3641 claros
1320 3587 1679 3657 imperatores
1744 3586 1932 3656 genuit

347 3675 784 3741 Constantinum,
827 3680 1133 3732 veneranda
1169 3677 1391 3743 lleleua,
1421 3680 1646 3748 quando
1693 3687 1938 3733 reverte-

349 3771 510 3824 batur
536 3770 947 3840 llterosolyntis,
975 3770 1152 3826 locum
1187 3773 1485 3837 honoratis,
1519 3780 1574 3823 et
1604 3773 1656 3824 in
1701 3785 1766 3825 eo
1794 3785 1930 3824 con-

349 3861 484 3915 didit
515 3861 630 3930 (12)
661 3861 961 3926 civitatem,
997 3863 1310 3916 convocatis
1329 3863 1726 3917 habitatoribus
1746 3876 1812 3916 ex
1841 3862 1928 3925 iis,

346 3967 466 4021 qua!
491 3953 696 4007 circum
723 3952 869 4006 circa
909 3962 1085 4017 erant,
1117 3951 1452 4024 regionibus,
1479 3961 1534 4007 et
1561 3951 1774 4006 ell'eclis
1793 3966 1931 4021 ope-

347 4048 424 4102 ris
459 4047 833 4117 participibus,
867 4055 924 4100 et
949 4046 1151 4101 validis
1177 4061 1294 4101 eam
1326 4047 1499 4101 cinxit
1548 4045 1841 4110 mmnibus,
1875 4054 1929 4101 et

347 4139 575 4208 martyri
599 4135 853 4206 templum
884 4136 1174 4191 :edilieavit
1215 4138 1552 4192 maximum:
1603 4137 1743 4207 quod
1787 4153 1930 4192 nunc

347 4237 560 4293 quoque
589 4223 798 4294 insigne
822 4233 871 4276 et
892 4225 1115 4294 pulchre
1135 4233 1466 4280 exstructum
1491 4227 1732 4281 cernitur
1749 4227 1928 4294 abiis,

348 4315 442 4385 qui
476 4323 530 4368 et
558 4325 699 4368 terra
729 4323 779 4369 et
833 4317 968 4369 mari
1010 4317 1392 4385 ingrediuntur
1423 4334 1486 4373 ac
1528 4319 1822 4390 navigant;
1860 4321 1925 4373 ad

346 4406 573 4474 gloriam
607 4407 816 4462 Domini
847 4409 1014 4463 nostri
1047 4407 1173 4462 Jesu
1230 4409 1454 4474 Christi,
1500 4420 1551 4466 et
1589 4425 1800 4477 eorum,
1831 4411 1924 4482 qui

347 4511 566 4568 propter
618 4498 791 4570 ipsum
827 4500 1284 4555 decertaverunt:
1321 4504 1577 4570 quoniam
1615 4519 1738 4557 cum
1771 4502 1925 4558 decet
1953 4536 2006 4596 Β

347 4590 516 4659 gloria
561 4591 612 4645 in
654 4591 849 4647 saecula
880 4591 1228 4647 sreculorum.
1269 4592 1461 4649 Amen.

421 4943 535 5016 (12)
574 4943 886 5004 Chronicon
932 4945 1356 5002 Alexandrinum
1409 4961 1552 5001 anno
1582 4943 1921 5016 Constantini

345 5013 417 5085 23
434 5013 764 5074 Constantio
812 5018 1024 5074 Cmsare
1046 5033 1079 5073 v
1112 5025 1167 5072 et
1212 5016 1446 5071 Maximo
1477 5035 1644 5080 coss.,
1677 5015 1771 5085 qui
1803 5022 1924 5068 erat

346 5083 548 5138 Christi
586 5089 693 5141 327
725 5092 840 5144 hinc
883 5089 1042 5142 habet
1083 5104 1099 5141 :
1134 5106 1152 5140 ι
1188 5085 1581 5143 Constantinus
1607 5083 1921 5144 instaurata

347 5155 583 5229 Drepani
630 5160 762 5214 urbe
797 5161 853 5214 in
905 5158 1158 5229 Bithynia
1212 5159 1278 5229 at!
1328 5161 1533 5212 cultum
1583 5157 1641 5212 S.
1697 5155 1921 5209 Luciatti

350 5228 629 5297 martyris,
667 5231 813 5284 illam
843 5247 872 5283 a
901 5227 1074 5284 matre
1109 5244 1204 5282 sua
1240 5227 1609 5298 Helenopolim
1643 5241 1925 5295 nuneupa-

304 5359 311 5367 .
349 5299 449 5360 vit,
473 5302 668 5354 donata
714 5301 915 5356 civitati
951 5301 1002 5354 itt
1041 5300 1297 5370 martyris
1338 5303 1622 5363 honorem,
1648 5311 1930 5368 quousque

353 5377 502 5490 patet
542 5381 666 5424 ante
711 5372 899 5426 urbem
941 5381 1275 5442 prospectus,
1321 5371 1664 5424 immunitate
1698 5372 1933 5437 vectiga-

377 5438 484 5490 itltn
507 5441 572 5490 atl
601 5441 918 5490 hodiernum
943 5457 1117 5490 ttsmte
1152 5442 1316 5490 diem.
1347 5458 1365 5490 ι
1400 5440 1535 5490 Nola
1569 5450 1624 5490 et
1652 5440 1932 5490 Stephano

377 5438 484 5510 ium
507 5441 572 5492 ad
601 5441 918 5496 hodiernum
942 5438 1117 5510 usque
1152 5442 1316 5495 diem.
1347 5458 1365 5491 ι
1400 5440 1535 5495 Nota
1569 5450 1624 5496 et
1652 5440 1932 5506 Stephano

361 5506 627 5582 Byzantio
650 5511 898 5581 Drepane
934 5506 1201 5582 Bithyniae
1257 5513 1324 5564 ad
1375 5513 1555 5582 sinum
1601 5513 1932 5582 Astacenum

351 5579 565 5652 civitas.
630 5579 884 5641 Socrates
924 5583 1022 5638 lib.
1058 5579 1098 5647 ι,
1158 5597 1275 5652 cap.
1314 5582 1401 5643 15.
1456 5579 1935 5652 ·Ιίριειιιιειιοιηίιιθ

356 5647 605 5723 Drepane
634 5652 974 5723 lleleuopolis
1004 5647 1246 5719 vocatur,
1278 5653 1417 5723 olim
1471 5652 1648 5716 Vicus»
1688 5651 1812 5723 is!!!
1858 5649 1934 5701 εί·

354 5721 494 5776 vitas
543 5722 610 5778 ab
669 5720 994 5794 imperatore
1057 5723 1222 5779 facta.
1275 5721 1613 5793 Nieephorus
1676 5720 1933 5776 Callistus

2030 1976 2181 2049 δι⁹ἥν
2209 1977 2442 2031 ἕκαστον
2470 1976 2570 2048 τὴν
2617 1978 2797 2032 αἰτίαν
2835 1978 3148 2050 συμϐαίνει,
3187 1977 3323 2034 ἰστω
3354 1977 3620 2050 καθαρῶς

2029 2069 2192 2134 αὐτὸς
2219 2071 2247 2124 ό
2278 2069 2404 2124 τάδε
2456 2069 2681 2124 διέπων.
2718 2069 2867 2141 Πλὴν
2917 2069 3005 2141 ἐφ’
3037 2069 3287 2134 ἑκάστοις
3319 2070 3428 2126 τῶν
3481 2071 3620 2141 παρ’

2030 2161 2197 2217 αὑτοῦ
2232 2161 2845 2236 θαυματουργουμένων
2886 2163 2920 2235 ἢ
2968 2163 3383 2236 πραττομένων,
3436 2163 3620 2234 ἐκμά-

2031 2253 2113 2308 θοι
2164 2270 2247 2317 τις
2281 2251 2347 2308 ἂν
2386 2252 2482 2308 καὶ
2525 2253 2714 2325 ἕτερον
2743 2249 2881 2309 εῖναι
2929 2253 3088 2323 λόγον
3140 2254 3476 2326 ἀπόρρητον,
3518 2253 3618 2309 καὶ

2030 2343 2174 2416 ὑπὲρ
2209 2344 2378 2415 ἡμᾶς,
2411 2344 2503 2400 καὶ
2533 2344 2764 2416 ἀρίστην
2805 2344 3141 2417 οἰκονομίαν,
3191 2345 3286 2398 καὶ
3333 2343 3617 2415 ἀκατάλη-

2031 2455 2187 2504 πτον,
2227 2437 2321 2493 καὶ
2360 2438 2528 2510 μηδὲν
2556 2438 2680 2508 εἰκῆ
2709 2439 2877 2510 μηδὲν
2901 2437 2960 2492 ὃν
3002 2437 3156 2510 ἔτυχε
3190 2438 3448 2508 γενέσθαι
3487 2437 3618 2509 τρόο

2029 2549 2155 2587 πον.

2101 2630 2169 2677 κ’.
2199 2624 2330 2677 Τότε
2359 2621 2403 2676 δ’
2427 2620 2520 2676 οὖν
2550 2620 2625 2684 ὡς
2662 2621 2765 2674 ὑπὸ
2795 2619 2890 2675 τοῦ
2930 2620 3175 2691 δελφῖνος
3201 2619 3554 2690 ἐκκομισθεὶς
3586 2621 3618 2673 δ

2030 2716 2222 2788 νεκρὸς
2262 2717 2357 2770 ἐπὶ
2403 2715 2500 2786 τὴν
2552 2714 2780 2786 ψάμμον
2818 2712 3059 2784 ἠνέχθη,
3115 2713 3517 2784 συνδραμόντες
3562 2714 3616 2768 οἰ

2032 2808 2274 2880 μαθηταὶ
2311 2811 2505 2880 πρῶτα
2545 2807 2644 2878 μὲν
2696 2804 3006 2874 ἠσπάζοντο
3066 2807 3207 2859 κατὰ
3269 2806 3331 2859 τδ
3376 2805 3614 2877 πρέπον,

2029 2902 2324 2973 ἀλλαχόθεν
2354 2901 2512 2965 ἄλλος
2540 2899 2939 2969 ὲπιγινόμενοι,
2973 2899 3067 2950 καὶ
3095 2897 3314 2966 ἐφίλουν
3344 2914 3404 2952 τε
3431 2898 3509 2962 ὡς
3544 2894 3616 2970 ἦν

2028 2994 2251 3048 δυνατὸν
2282 2994 2513 3056 ἕκαστος
2545 2991 2652 3045 ὑπὸ
2703 2989 3034 3061 προθυμίας,
3073 2989 3169 3043 καὶ
3213 2988 3570 3061 περιέϐαλλον
3597 3030 3613 3046 .

2033 3089 2269 3142 Ἔπειτα
2295 3086 2478 3157 μέντοι
2511 3083 2878 3148 διαλαϐόντες,
2916 3084 3012 3136 καὶ
3038 3083 3227 3154 χερσὶν
3256 3080 3487 3146 οἰκείαις
3518 3083 3616 3135 έκ-

2072 3180 2416 3252 ομισάμενοι,
2451 3179 2628 3231 πάντα
2657 3193 2716 3230 τε
2764 3175 2833 3230 τὰ
2882 3175 2969 3229 ἐπ’
3016 3176 3202 3238 αὐτοῖς
3245 3174 3617 3245 νενομισμένα

2036 3275 2384 3338 τελέσαντες,
2419 3273 2478 3326 ἐν
2506 3271 2657 3340 τόπῳ
2688 3271 2944 3338 ἐπισήμῳ
2977 3267 3280 3322 κατέθεσαν
3303 3283 3318 3297 ·
3369 3267 3463 3321 καὶ
3515 3285 3620 3337 τηο

2038 3367 2272 3424 νικαῦτα
2311 3366 2410 3436 μὲν
2437 3365 2620 3418 ὁποῖον
2653 3362 2999 3433 ἠδυνήθησαν
3042 3359 3192 3431 αὑτῷ
3222 3360 3312 3412 τὸν
3343 3359 3513 3429 τάφον
3538 3358 3618 3420 ὡς

2033 3462 2062 3514 ὁ
2089 3459 2280 3532 καιρὸς
2313 3458 2509 3530 ἤπειγε
2566 3454 2932 3524 περιέστησαν
2964 3471 2978 3484 ο
3018 3451 3250 3523 ὕστερον
3299 3450 3377 3516 δὲ,
3432 3452 3467 3520 ὴ
3521 3447 3619 3504 τὸν

2035 3555 2304 3624 σωτήριον
2334 3552 2465 3622 ἡμῖν
2496 3547 2818 3619 γνωρίσασα
2855 3545 2948 3599 τοῦ
2996 3544 3202 3615 Κυρίου
3231 3541 3485 3613 σταυρὸν,
3522 3541 3620 3596 καὶ

2033 3647 2128 3701 τὸν
2163 3646 2340 3715 μέγαν
2370 3645 2427 3696 ἐν
2458 3641 2728 3710 ἁοιδίμοις
2756 3638 2850 3692 καὶ
2887 3635 3172 3707 βασιλεῦσι
3203 3634 3430 3705 βασιλέα
3459 3635 3621 3688 Κων-

2035 3739 2315 3793 σταντίνον
2367 3735 2675 3806 γεννήσασα
2738 3729 3010 3801 σεϐασμία
3079 3730 3290 3799 Ἑλένη,
3345 3726 3512 3799 ἡνίκα
3557 3726 3619 3792 ἐξ

2046 3829 2438 3904 Ἱεροσολύμων
2479 3828 2810 3898 ὑπέστρεφε,
2843 3824 3059 3894 τιμῶσα
3111 3822 3200 3877 τὸν
3232 3822 3418 3889 τόπον,
3461 3821 3624 3875 πόλιν

2030 3943 2090 3980 τε
2123 3924 2422 3994 συνῴκισεν
2451 3922 2507 3976 έν
2535 3919 2704 3990 αὐτῷ,
2729 3918 2856 3983 τοὺς
2882 3917 2992 3970 τῶν
3039 3916 3200 3988 πέριξ
3227 3916 3422 3988 χωρῶν
3461 3915 3622 3985 οἰκή-

2035 4035 2204 4088 τορας
2265 4012 2746 4083 συγκαλεσαμένη,
2802 4009 2896 4064 καὶ
2955 4009 3247 4071 κοινωνοὺς
3310 4006 3401 4059 τοῦ
3449 4006 3618 4077 ἕργιρυ

2032 4107 2400 4181 ποιησαμένη,
2431 4107 2521 4160 καὶ
2558 4107 2736 4175 τεῖχος
2775 4103 3068 4175 περιέϐαλε
3101 4100 3388 4172 καρτερὸν,
3425 4100 3518 4151 καὶ
3540 4098 3621 4169 τῷ

2035 4204 2280 4276 μάρτυρι
2310 4202 2400 4254 τὸν
2439 4197 2574 4253 νεὼν
2597 4196 2990 4268 ᾠκοδομήσατο
3017 4196 3297 4268 μέγιστον,
3328 4191 3386 4255 ὃς
3416 4190 3621 4245 νῦνέτι

2031 4297 2338 4370 περιφανὴς
2389 4293 2486 4348 καὶ
2533 4294 2612 4354 εἰς
2661 4290 2857 4353 κάλλος
2898 4285 3343 4360 ἐξειργασμένος,
3394 4287 3508 4348 τοίς
3553 4285 3622 4338 ὲκ

2031 4394 2136 4463 γῆς
2166 4391 2258 4444 καὶ
2286 4389 2557 4458 θαλάττης
2589 4383 2930 4454 ὁδοιποροῦσι
2974 4399 3033 4435 τε
3079 4381 3174 4436 καὶ
3206 4377 3622 4449 ναυτιλομένοις

2031 4482 2331 4555 ὁρώμενος,
2370 4481 2450 4542 εἰς
2482 4478 2640 4544 δόξαν
2665 4474 2762 4529 τοῦ
2795 4473 3003 4545 Κυρίου
3052 4472 3212 4542 ἡμῶν
3249 4468 3431 4541 Ἰησοῦ
3479 4470 3626 4538 Χρι-

2038 4575 2188 4641 στοῦ,
2225 4576 2319 4629 καὶ
2358 4572 2464 4626 τῶν
2489 4572 2558 4624 δι’
2581 4569 2745 4624 αὑτὸν
2768 4567 3139 4638 ἀθλησάντων,
3172 4566 3256 4618 ὅτι
3300 4561 3450 4631 αὑτῷ
3485 4562 3624 4631 πρέ-

2039 4687 2133 4725 πει
2159 4669 2362 4740 κράτος
2389 4667 2483 4721 καὶ
2527 4662 2736 4725 αἰνεσις
2766 4661 2862 4715 καὶ
2898 4657 3366 4731 μεγαλοπρέπεια,
3397 4655 3494 4708 νῦν
3523 4655 3624 4708 καὶ

2037 4767 2146 4832 ἀεὶ,
2190 4763 2286 4818 καὶ
2315 4762 2397 4824 εἰς
2429 4760 2557 4823 τοὺς
2591 4758 2797 4820 αἰῶνας
2827 4755 2937 4808 τῶν
2967 4753 3200 4809 αἰώνων.
3243 4751 3436 4822 Ἀμήν.

2033 4942 2132 4996 lib.
2172 4957 2293 5002 rm,
2355 4954 2476 5009 cap.
2509 4938 2600 5000 51,
2633 4937 2698 4990 de
2739 4935 2801 4990 S.
2851 4931 3292 5009 Helenaagetts:
3333 4948 3352 4981 ε
3386 4927 3623 5009 Perinde
3713 4948 3728 4958 ο

2034 5015 2204 5074 enim,
2232 5000 2623 5079 inquiin-atque
2664 5009 2857 5079 pigrius
2885 5003 3156 5079 quoddam
3199 5001 3376 5079 futura
3418 5000 3620 5079 siceula

2033 5069 2255 5145 habent,
2291 5069 2355 5134 ad
2394 5069 2860 5151 tnetti'oriam'ejus
2885 5069 3300 5151 sempiternam,
3339 5073 3391 5124 iu
3426 5069 3625 5151 Bithy-

2035 5155 2124 5207 nia
2161 5141 2348 5216 unam;
2379 5160 2432 5204 et
2462 5153 2512 5204 itt
2543 5141 2829 5203 Palmstiua
2893 5144 3114 5216 alteram
3150 5141 3373 5216 urbem;
3416 5141 3619 5216 quibus

2035 5211 2344 5293 imperator
2371 5221 2510 5293 tilius
2545 5217 2779 5293 conditis
2810 5215 3127 5293 tnetttoriattt
3169 5212 3241 5266 illi
3279 5214 3466 5293 tribuit
3514 5211 3623 5293 ἰιιιτ

2040 5281 2347 5349 mtirtaleut.
2395 5291 2698 5346 Admodum
2749 5301 2878 5341 vero
2917 5284 2976 5338 Β.
3020 5281 3278 5338 Helenam
3311 5284 3535 5352 regione
3564 5287 3624 5334 et

2039 5367 2143 5420 situ
2173 5364 2397 5417 alterius
2433 5361 2754 5414 delectatam
2805 5372 2924 5412 esse
2978 5353 3181 5418 ferunt,
3223 5367 3342 5422 quae
3384 5352 3621 5405 antehac

2039 5436 2349 5502 Drepanum
2410 5425 2948 5502 nominataluerat;
2998 5440 3120 5478 cum
3177 5424 3318 5494 quod
3377 5422 3450 5476 ibi
3495 5428 3619 5502 orta

2041 5499 2208 5569 esset,
2240 5514 2352 5556 tum
2400 5503 2541 5570 quod
2595 5499 2895 5572 Lucianttm
2926 5505 3228 5572 martyrem
3261 5503 3385 5572 post
3410 5500 3620 5572 marty-

2043 5565 2432 5629 rium'obitum'
2450 5586 2516 5626 eo
2552 5585 2582 5623 a
2616 5569 2892 5639 delphine
2907 5565 3183 5639 deportari
3234 5565 3544 5639 contigerit.
3592 5577 3614 5612 ν

2043 5645 2309 5698 Baronius
2338 5655 2464 5696 tom.
2505 5640 2592 5705 Ill,
2626 5632 2814 5694 ad'an.
2865 5632 2993 5700 ⁸506,
3022 5651 3074 5690 n.
3119 5635 3207 5700 16,
3239 5636 3297 5689 S.
3352 5632 3620 5689 Helenam

2043 5715 2358 5772 Britanuam
2403 5712 2569 5768 luisse
2594 5710 2807 5773 asserit,
2837 5723 2943 5764 non
2977 5707 3286 5775 Bithynum.

2683 5922 2712 5954 4
