3886 6452
230 2146 263 2154 -ς

363 402 2434 447 W

1500 593 2477 737 ΜΑΡΤΥΡΙΟΝ

888 840 1119 929 ΤΟΥ
1189 834 1531 933 ΑΓΙΟΥ
1602 841 2185 937 ΜΑΡΤΥΡΟΣ
2232 847 3020 941 ΠΟΛΥΕΥΚΤΟΥ

1521 1206 2303 1326 CERTAMEN

956 1451 1384 1544 ‘SAN’CTI
1460 1450 2073 1544 MARTYBIS
2143 1437 2980 1548 POLYEUCTI‘”.

1765 1628 1982 1710 (Anno
2013 1627 2182 1710 250.)

590 1752 785 1818 [Grece
805 1764 939 1805 nunc
954 1756 1166 1818 primum
1200 1754 1368 1805 editur
1384 1769 1450 1806 ex
1476 1757 1585 1807 cod.
1605 1769 1699 1806 ms.
1722 1751 1993 1805 Parisiensi
2013 1767 2064 1804 n.
2090 1754 2232 1818 “61,
2259 1756 2431 1808 saeculi
2454 1769 2555 1807 xiv.
2584 1756 2760 1807 Latine
2785 1756 2928 1807 dedit
2945 1754 3121 1809 Serius
3143 1759 3203 1809 ad
3224 1759 3360 1810 diem

1599 1840 1640 1889 T9
1659 1834 1902 1890 Januarii.
1936 1836 2075 1889 Eutr.
2111 1837 2293 1904 ΡΑι-ιι.]

400 2096 483 2153 Α⁸.
515 2095 693 2167 Εἴπερ
728 2114 814 2161 τις
840 2096 999 2166 ἄλλη,
1029 2098 1122 2153 καὶ
1150 2100 1410 2171 καλλίστη
1434 2099 1543 2153 τῶν
1578 2100 1889 2172 διηγήσεων

2081 2098 2128 2154 I.
2171 2097 2228 2154 Si
2254 2107 2341 2154 est
2372 2097 2477 2154 ulla
2505 2098 2615 2154 alia
2643 2099 3013 2172 pulcherrima
3040 2099 3316 2165 narratio,
3346 2101 3606 2171 pulcher-

326 2185 429 2240 καὶ
462 2187 496 2258 ἠ
525 2184 624 2241 τοῦ
673 2186 993 2259 θαυμαστοῦ
1048 2189 1328 2262 μάρτυρος
1380 2190 1744 2244 Πολυεύκτουθ
1801 2190 1915 2262 ἔχει

322 2274 440 2347 γὰρ
473 2276 613 2346 μετὰ
649 2277 749 2350 τῆς
783 2277 1056 2346 ὠφελείας
1092 2277 1290 2350 κομιδῇ
1344 2279 1437 2332 καὶ
1472 2278 1535 2333 τὸ
1579 2281 1789 2351 χάριεν,
1822 2279 1916 2333 καὶ

320 2366 522 2420 τούτου
565 2367 665 2439 τὴν
717 2370 913 2440 πεῖραν
962 2368 1134 2440 αὐτὴν
1167 2368 1374 2439 ἀψευδῆ
1406 2370 1663 2442 μάρτυρα
1691 2371 1913 2425 δύναται

325 2461 619 2531 παρέχειν.
653 2461 877 2530 Λεγὲτω
924 2461 1056 2532 γοῦν
1098 2464 1192 2516 καὶ
1220 2465 1305 2527 είς
1364 2464 1531 2535 μέσον
1559 2463 1689 2535 ὑμῖν
1725 2481 1914 2534 προτι-

327 2551 473 2606 θέτω
504 2555 619 2618 τοῖς
668 2552 935 2622 φιλοθέοις
985 2554 1305 2625 ἀκροαταῖς,
1339 2556 1432 2609 καὶ
1465 2556 1622 2627 ὑμῶν
1670 2556 1770 2626 ὅση
1823 2557 1912 2611 6:5-

322 2660 493 2714 ναμις
515 2642 585 2698 τὰ
607 2646 737 2718 παρ’
765 2647 976 2700 ἑαυτῶν
1002 2648 1384 2720 εἰσφερόντων,
1413 2650 1635 2714 ἀνέτους
1659 2667 1717 2702 τε
1738 2649 1909 2702 διδόν-

316 2753 432 2813 των
486 2735 565 2807 τῷ
617 2737 762 2809 λόγῳ
813 2739 912 2801 τὰς
957 2740 1150 2805 ἀκοὰς,
1180 2739 1278 2795 καὶ
1306 2741 1587 2812 πρόθυμον
1632 2741 1770 2803 ὅλως
1814 2742 1909 2820 καὶ

315 2830 776 2903 ἁνεγηγερμένην
831 2831 1073 2887 διάνοιαν
1126 2837 1476 2906 παρεχόντων
1531 2834 1668 2906 πρὸς
1700 2834 1796 2906 τὴν
1826 2833 1906 2887 δι-

314 2921 352 2992 ή
363 2939 544 2993 γησιν.

392 3010 468 3068 B’.
505 3014 661 3071 Κατὰ
711 3013 838 3076 τούς
887 3016 1082 3071 Δεκίου
1134 3018 1228 3072 καὶ
1276 3018 1642 3090 Οὐαλεριανοῦ
1678 3022 1905 3093 χρόνους

310 3104 426 3158 τῶν
461 3104 749 3175 βασιλέων,
801 3103 871 3180 ἦν
926 3126 1008 3172 τις
1074 3110 1329 3181 Νέαρχος
1388 3111 1484 3164 καὶ
1541 3113 1901 3179 Πολύευκτος,

313 3198 653 3269 στρατιῶται
679 3200 778 3268 μὲν
805 3201 867 3254 τὸ
891 3202 1256 3274 ἐπιτήδευμα,
1284 3204 1431 3258 οὕτω
1462 3204 1519 3257 δὲ
1564 3205 1720 3275 φιλίᾳ
1766 3206 1902 3279 πρὸς

308 3290 582 3363 ἀλλήλους
628 3293 1030 3365 συνδεδεμένοι,
1060 3294 1136 3360 ὡς
1164 3295 1345 3367 πολλῷ
1384 3296 1547 3352 πλέον
1577 3298 1808 3368 αἵματός
1841 3316 1902 3352 τε

2020 2191 2156 2247 rin'a
2182 2206 2400 2262 quoque
2427 2201 2513 2248 est
2540 2192 2783 2247 narratio
2811 2192 3147 2248 admirabilis
3188 2194 3443 2265 martyris
3492 2195 3596 2253 Po-

2019 2284 2242 2355 lycucti.
2269 2283 2406 2339 Nam
2438 2300 2562 2338 cum
2595 2284 2854 2349 utilitate,
2887 2300 3079 2356 magna
3113 2300 3333 2355 quoque
3363 2295 3449 2343 cst
3467 2302 3600 2343 con-

2011 2373 2202 2445 juncta
2241 2373 2577 2444 iucunditas.
2616 2373 2789 2444 Hujus
2818 2383 3001 2428 autem
3031 2374 3110 2428 rei
3145 2383 3328 2443 potest
3368 2391 3431 2430 ca
3486 2393 3599 2434 non

1995 2464 2206 2519 ,l‘alsam
2236 2474 2430 2519 testem
2472 2465 2747 2520 adducere
2794 2466 3214 2535 experientiam.
3248 2465 3470 2521 Dicatur
3503 2482 3597 2522 er-

2013 2572 2104 2627 go,
2137 2564 2194 2611 et
2221 2572 2251 2610 a
2297 2555 2456 2611 nobis
2488 2556 2542 2610 in
2584 2556 2825 2611 medium
2876 2557 3189 2627 proferatur
3231 2558 3337 2628 piis
3390 2559 3598 2630 Drique

2011 2647 2322 2703 amantibus
2363 2648 2728 2713 auditoribus,
2773 2649 2928 2705 vobis
2964 2665 3183 2721 quoque
3228 2666 3327 2720 pro
3365 2651 3596 2719 viribus,

2010 2754 2130 2812 qua:
2148 2748 2328 2795 vestra
2357 2749 2486 2796 sunt
2506 2740 2881 2805 aﬂ‘ercntibus,
2911 2757 3073 2797 aures
3097 2742 3331 2798 orationi
3354 2751 3598 2800 attentas

2009 2832 2431 2898 exliibentibus,
2476 2841 2902 2903 promptumque
2952 2842 3008 2888 et
3060 2834 3300 2888 alacrem
3350 2834 3594 2891 animum

2010 2926 2380 2999 praebentibus
2412 2925 2735 2981 narrationi.

2081 3018 2149 3073 1|.
2176 3017 2445 3088 Tempore
2474 3017 2864 3088 imperatorum
2893 3017 3045 3074 Decii
3064 3027 3122 3074 et
3149 3017 3445 3086 Valeriani,
3473 3030 3594 3077 erat

2006 3112 2228 3181 quidam
2275 3110 2560 3166 Nearchus
2615 3119 2673 3166 et
2714 3110 3076 3183 Polyeuctus,
3135 3114 3323 3169 studio
3369 3114 3588 3185 quidem

2005 3203 2226 3270 milites,
2254 3203 2492 3261 amicitia
2511 3211 2698 3259 autem
2721 3204 2798 3258 ita
2824 3205 2970 3261 inter
2997 3220 3057 3261 se
3087 3205 3350 3272 devincti,
3396 3217 3455 3263 ut
3476 3207 3592 3263 lon-

2005 3306 2069 3362 ge
2102 3292 2297 3362 magis,
2326 3307 2487 3362 quam
2511 3290 2557 3346 si
2580 3290 2726 3346 inter
2751 3306 2848 3348 eos
2877 3291 3284 3350 intercessisset
3309 3295 3590 3367 sanguinis

310 3387 411 3441 atat
434 3389 777 3457 συγγενείας,
815 3391 879 3443 ὲκ
906 3390 1005 3463 τῆς
1033 3391 1197 3444 κατὰ
1245 3391 1411 3445 πόθον
1464 3392 1736 3463 ἀκριϐοῦς
1768 3396 1891 3464 ὀμο-

2002 3398 2059 3443 et
2091 3388 2433 3459 cognationis
2460 3372 2838 3456 necessitudo,
2860 3405 3078 3445 summo
3108 3389 3195 3444 sui
3228 3390 3461 3446 invicem
3490 3391 3588 3447 de-

307 3482 460 3546 νοίας
484 3483 858 3553 συνηρμόσθαι
886 3461 1066 3536 αὐτῶν
1087 3483 1182 3547 τὰς
1211 3483 1411 3554 ψυχὰς,
1452 3461 1720 3555 ἑκάτερόν
1743 3461 1814 3538 τε.
1834 3487 1891 3539 ἐν

2004 3479 2206 3536 siderio
2236 3488 2294 3536 et
2343 3478 2542 3551 insigni
2589 3479 2881 3535 concordia
2930 3495 2997 3536 ac
3046 3483 3415 3537 consensione
3452 3497 3587 3541 con-

298 3575 579 3647 ’ἑκατέρου
616 3575 830 3645 σώματι
862 3573 963 3648 ζῇν
996 3574 1133 3638 ὅλως
1157 3577 1192 3649 ἢ
1231 3577 1328 3630 καὶ
1371 3577 1631 3632 ἀναπνεῖν
1659 3577 1889 3635 οἴεσθαι.

302 3659 419 3719 Ἠν
450 3666 507 3721 δὲ
536 3670 565 3721 ὀ
590 3667 693 3739 μὲν
724 3668 973 3740 Νέαρχος
1000 3668 1350 3740 Χριστιανὸς,
1403 3669 1498 3724 καὶ
1557 3668 1769 3736 πιστὸς,
1800 3672 1893 3726 καὶ

304 3759 438 3831 περὶ
459 3761 561 3831 τὴν
594 3760 881 3815 εὐσέϐειαν
920 3761 1156 3834 ἀκριϐής
1173 3777 1189 3793 ⁶
1216 3761 1555 3827 Πολύευκτος
1583 3762 1640 3818 δὲ
1667 3763 1698 3817 ὁ
1728 3763 1891 3829 καλὸς

297 3851 409 3922 τὴν
461 3852 566 3924 μὲν
611 3853 912 3925 θρησκείαν
948 3854 1131 3928 ἐλλην,
1162 3856 1255 3911 καὶ
1272 3855 1433 3911 οὔπω
1460 3856 1541 3929 τῷ
1570 3857 1763 3927 φέγγει
1789 3858 1891 3932 τῆς

300 3945 568 4017 ἀληθείας
600 3947 1028 4019 περιλαμφθεὶς,
1077 3948 1206 4003 νοῦν
1256 3948 1315 4003 δὲ
1364 3950 1457 4003 τὸν
1510 3949 1713 4022 ἀκριϐῆ
1754 3951 1891 4023 Χρι-

304 4037 523 4093 στιανὸν
586 4039 912 4108 ἀποσώςων,
975 4040 1070 4095 καὶ
1123 4040 1292 4114 ἀρετῇ
1352 4042 1504 4116 πάσῃ
1554 4042 1760 4113 κομῶν,
1794 4044 1888 4097 καὶ

301 4133 465 4188 ἐλαία
494 4134 591 4206 μὲν
620 4135 978 4206 κατάκαρπος
999 4134 1095 4200 ὢν,
1138 4135 1198 4190 τὸ
1227 4136 1285 4190 δὲ
1318 4137 1375 4190 ὲν
1408 4137 1546 4208 οἴκῳ
1575 4135 1711 4190 Θεοῦ
1743 4131 1886 4191 εἶναι

298 4225 465 4281 τοῦτο
488 4228 648 4299 μόνον
676 4227 757 4282 ἔτι
786 4228 1125 4299 λειπόμενος.
1168 4230 1325 4283 Ἐπεὶ
1361 4228 1419 4284 δὲ
1465 4230 1653 4294 Δέκιος
1680 4232 1887 4293 ἐκεῖνος

298 4322 404 4375 καὶ
435 4323 802 4394 Οὐαλεριανὸς
834 4325 895 4378 οὐ
928 4324 1110 4389 καλῶς
1135 4328 1202 4398 τῇ
1233 4324 1483 4397 βασιλείᾳ
1522 4326 1882 4397 χρησάμενοι,

299 4415 429 4469 οὐδὲ
458 4416 551 4470 τὸν
586 4416 859 4471 δεδωκότα
885 4417 1090 4489 ταύτην
1128 4419 1429 4489 ἐπιγνῶναι
1463 4421 1553 4473 καὶ
1586 4417 1883 4491 λατρεῦσαι

298 4507 682 4578 ἐθελήσαντες,
707 4510 845 4565 ἀλλὰ
880 4512 1004 4566 κατ’
1027 4511 1190 4567 αὐτοῦ
1244 4512 1447 4585 μᾶλλον
1478 4515 1639 4583 χεῖρα
1678 4511 1881 4584 θεομά-

296 4617 399 4672 χον
436 4602 766 4674 ἐπάραντες,
801 4606 899 4659 καὶ
944 4606 1046 4659 οὐκ
1105 4606 1259 4659 αὐτοὶ
1306 4606 1466 4676 μόνον
1526 4605 1877 4676 ἀρνούμενοι,

294 4693 442 4748 ἀλλὰ
470 4695 565 4748 καὶ
606 4697 715 4749 πᾶν
755 4696 822 4749 τὸ
863 4697 1103 4768 ὑπήκοον
1157 4698 1458 4767 ἐγγράφοις
1505 4700 1880 4770 ἐπιτάγμασιν

1993 3573 2176 3646 juncti
2224 3581 2413 3629 essent
2451 3588 2641 3630 eorum
2665 3574 2861 3638 animi,
2904 3582 2963 3630 et
3008 3582 3238 3645 uterque
3270 3574 3323 3630 in
3356 3574 3586 3631 alterius

1998 3676 2231 3737 corpore
2259 3681 2320 3722 se
2361 3672 2582 3737 putaret
2622 3665 2810 3722 vivere
2850 3673 2908 3720 et
2938 3663 3171 3736 spirare.
3216 3663 3343 3720 Erat
3396 3676 3584 3721 autem

1996 3755 2277 3816 Nearchus
2306 3759 2529 3831 quidem
2559 3758 2908 3832 Christianus
2936 3767 2992 3814 et
3026 3759 3224 3827 ﬁdelis,
3273 3761 3583 3831 pietateque

1995 3867 2059 3908 ac
2115 3868 2242 3908 vera
2284 3852 2548 3926 religione
2590 3851 2891 3924 perfectus.
2942 3850 3211 3924 Egregius
3263 3862 3447 3909 autem
3482 3853 3583 3910 Po-

1996 3946 2269 4020 lyeuctus,
2288 3945 2510 4018 gentilis
2539 3945 2762 4017 quidem
2785 3945 3069 4017 religione.
3105 3953 3161 4002 et
3183 3946 3431 4002 veritatis
3457 3947 3583 4003 luce

1994 4041 2240 4099 nondum
2271 4038 2631 4103 illuminatus.
2673 4038 2878 4110 alioqui
2911 4055 2973 4097 se
3000 4038 3383 4097 Christianum
3413 4056 3582 4096 accu-

1994 4146 2110 4192 rate
2142 4149 2495 4197 conservans,
2524 4144 2579 4189 et
2606 4133 2756 4190 omni
2784 4132 2987 4188 virtute
3017 4147 3290 4188 exornans
3322 4150 3337 4187 :
3371 4141 3429 4188 et
3463 4143 3583 4189 erat

1993 4228 2214 4300 quidem
2255 4227 2373 4283 olea
2404 4225 2687 4297 frugifera,
2725 4226 2831 4281 hoc
2869 4234 3052 4280 autem
3088 4224 3266 4280 solum
3312 4224 3362 4279 ei
3392 4225 3582 4281 deerat

1991 4321 2138 4392 quod
2178 4321 2425 4377 nondum
2455 4328 2576 4376 erat
2613 4319 2666 4374 in
2704 4320 2869 4374 domo
2914 4317 3033 4373 Dei.
3078 4318 3350 4384 Quoniam
3392 4329 3578 4373 autem

1992 4411 2191 4466 Decius
2227 4412 2318 4466 ille
2344 4421 2402 4466 et
2446 4412 2767 4467 Valerianus
2802 4425 2913 4464 non
2953 4418 3102 4465 recte
3148 4409 3442 4464 utebantur
3471 4411 3578 4464 im-

1992 4502 2171 4573 perio,
2198 4518 2307 4558 nec
2330 4519 2477 4564 eum.
2507 4503 2601 4573 qui
2631 4502 2765 4557 illud
2796 4502 2878 4557 eis
2905 4502 3155 4566 dederat,
3188 4515 3488 4570 agnoscere
3519 4510 3579 4557 ct

1989 4589 2167 4646 colere
2197 4590 2473 4656 volebant,
2506 4591 2615 4644 imo
2657 4606 2788 4645 vero
2838 4604 3060 4644 manum
3088 4587 3334 4659 impiam,
3358 4596 3414 4643 et
3443 4604 3569 4643 eum

1990 4684 2104 4740 Deo
2138 4693 2494 4755 pugnantem,
2532 4684 2587 4737 in
2622 4684 2803 4753 ipsum
2836 4689 3137 4737 erexerant
3168 4699 3181 4735 :
3214 4688 3274 4736 et
3325 4696 3434 4738 non
3482 4698 3574 4738 so-

295 4786 399 4848 είς,
438 4786 597 4841 τοῦτο
640 4789 1079 4861 προσκαλοῦντες
1105 4830 1120 4854 ,
1175 4792 1270 4844 καὶ
1320 4792 1453 4845 πᾶσι
1504 4793 1726 4865 τρόποις
1779 4793 1878 4861 τῆς

2001 4778 2104 4833 tum
2153 4790 2281 4835 cum
2331 4775 2625 4847 negabant,
2654 4774 2752 4830 sed
2790 4788 2987 4828 omnes
3031 4786 3253 4843 quoque
3288 4772 3571 4841 subjectos

2636 4869 2761 4888 μμ.
2825 4876 2871 4888 -.
2912 4866 3157 4888 -__:L_--
3203 4866 3377 4888 _-.,-

282 4870 659 4947 θεογνωσίας,
705 4880 1064 4952 ἀπείργοντες
1115 4877 1277 4954 ἦσαν,
1337 4881 1506 4946 Θεούς
1551 4899 1633 4945 τε,
1662 4880 1716 4935 οἵ
1768 4899 1879 4953 μοι,

290 4967 533 5039 ψευδοῦς
578 4970 674 5025 καὶ
732 4970 1000 5043 ματαίους
1048 4972 1141 5035 ἐἰς
1182 4970 1280 5042 τὴν
1318 4970 1412 5025 τοῦ
1450 4969 1710 5041 ἀληθινοῦ
1743 4969 1878 5023 Θεοῦ

288 5061 484 5134 χώραν
516 5063 973 5132 ὲγκαθιστῶντες,
1003 5065 1098 5120 καὶ
1152 5066 1332 5119 σέϐειν
1378 5065 1624 5128 ἐκείνους
1676 5064 1878 5134 μᾶλλον

288 5152 392 5207 καὶ
444 5156 772 5226 προσκυνεῖν
822 5155 1252 5225 ἀναγκάζοντες,
1282 5158 1332 5211 εί
1365 5158 1463 5211 καὶ
1511 5156 1677 5210 λίθων
1707 5157 1877 5221 ὅντως

289 5246 388 5300 καὶ
410 5244 615 5311 ξοάνων
639 5247 1151 5320 ἀναισθητοτέρους.
1474 5308 1475 5311 η

368 5338 408 5391 Γ
410 5345 445 5394 ’.
492 5339 646 5393 Ἐπεὶ
674 5341 737 5395 δὲ
774 5340 949 5395 ταῦτα
983 5332 1156 5409 οὕτως
1190 5338 1326 5415 εἶχε,
1365 5345 1461 5399 καὶ
1509 5344 1653 5398 κατὰ
1696 5344 1871 5412 ’πόδας

286 5427 359 5482 ατ
383 5446 444 5483 τε
480 5430 746 5504 τιμωρίαι
781 5434 876 5488 καὶ
914 5433 1165 5505 ἀμοιϐαὶ,
1199 5437 1311 5500 τοῖς
1360 5435 1459 5505 μὲν
1520 5436 1868 5509 πειθομένοις

357 5613 613 5738 (ιδ’,ερυε
639 5614 838 5671 festum
874 5616 1149 5687 martyrol.
1181 5615 1366 5680 Rom.,
1388 5616 1554 5681 Beda,
1588 5615 1869 5703 Usuardus

282 5693 344 5755 et
377 5701 407 5737 a
434 5700 467 5738 τι
498 5688 565 5741 15
595 5683 756 5742 Febr.
810 5685 1016 5742 habent
1057 5704 1070 5740 :
1117 5686 1263 5755 quod
1307 5686 1447 5743 forte
1492 5689 1869 5743 translationis

278 5754 407 5825 ejus
432 5755 633 5809 festina
677 5756 761 5812 est
790 5771 807 5810 :
836 5754 1207 5814 constatenim
1242 5772 1309 5814 ex
1330 5759 1489 5825 actis,
1521 5775 1645 5815 eum
1680 5756 1747 5814 ‘10
1779 5759 1867 5814 die

480 5614 838 5693 Ej_us_fes'tum
874 5616 1149 5693 martyrol.
1181 5615 1366 5693 R9m_.,
1388 5616 1554 5681 Beda,
1588 5615 1870 5693 Usuardus

1986 4868 2208 4940 scriptis
2238 4869 2432 4925 edictis
2466 4869 2786 4929 incitabant,
2819 4876 2875 4922 et
2907 4866 3161 4923 omnibus
3202 4866 3380 4922 modis
3411 4883 3566 4922 arre-

1996 4959 2130 5016 bant
2148 4961 2296 5016 a-Dei
2322 4961 2640 5033 cognitione
2660 4979 2673 5017 :
2694 4969 2750 5016 et
2769 4960 2927 5025 deos,
2941 4961 3087 5030 .proh
3121 4958 3276 5015 dolor
3291 4960 3305 5014 l
3319 4959 3498 5017 'l'alsos
3515 4971 3571 5018 et

1985 5066 2178 5118 vanos,
2208 5052 2264 5106 in
2292 5052 2406 5108 veri
2438 5051 2530 5106 Dei
2561 5053 2744 5107 locum
2773 5049 3204 5113 constituebant,
3238 5058 3296 5105 et
3322 5050 3444 5107 illos
3474 5067 3568 5106 co-

1981 5140 2097 5198 lere
2129 5152 2184 5199 et
2202 5143 2441 5198 adorare
2474 5144 2760 5214 cogebant,
2784 5143 2879 5214 qui
2898 5143 3080 5198 minus
3116 5142 3320 5198 habent
3344 5158 3564 5211 sensus,

1982 5247 2144 5302 quam
2181 5232 2387 5302 lapides
2424 5240 2485 5287 et
2523 5240 2738 5288 statua}.

2051 5344 2141 5402 Ill.
2160 5343 2434 5410 Quoniam
2462 5359 2594 5416 ergo
2623 5345 2743 5401 haec
2769 5345 2846 5401 ita
2875 5346 3170 5410 habebant,
3198 5355 3258 5402 et
3285 5342 3562 5416 proposita

1975 5447 2134 5495 erant
2160 5436 2433 5508 supplicia
2454 5444 2511 5492 et
2529 5437 2755 5507 praemia
2779 5459 2794 5495 :
2822 5437 2890 5495 iis
2902 5438 3130 5510 quidem
3152 5436 3557 5509 qui-parebant,

1970 5616 2095 5673 Jan.
2144 5618 2459 5688 martyrium
2502 5630 2938 5678 consummasse.
2969 5617 3147 5679 Graeci
3164 5615 3284 5688 ejus
3310 5613 3553 5672 natalem

1977 5689 2079 5745 hac
2101 5688 2192 5747 die
2219 5688 2521 5748 celebrant.
