3886 6480
348 369 461 439 419

1565 363 1852 428 MENSIS
1898 364 2361 431 JANUARIUS.

3523 365 3628 431 420

350 484 611 546 honores,
638 477 779 535 dona
798 486 851 533 et
876 474 1152 549 pecuniae;
1188 473 1254 530 iis
1276 482 1484 542 autem,
1505 476 1597 545 qui
1644 490 1755 530 non
1783 491 1944 547 pare-

2054 479 2227 547 τιμαὶ,
2277 477 2502 549 δωρεαὶ,
2539 479 2834 551 χρήματαο
2868 474 2980 540 τοῖς
3029 472 3088 529 δὲ
3147 472 3432 530 ἀπειθοῦσι
3470 474 3633 529 ἀπει-

348 572 505 637 bant,
536 576 719 636 minae,
745 585 923 641 preme
961 578 1015 624 et
1038 569 1292 623 ultimum
1313 567 1514 623 malum
1544 583 1694 623 mors
1721 568 1932 623 :amico

350 662 531 717 timuit
556 661 859 727 Nearchus,
886 669 941 715 et
973 659 1184 731 putavit
1219 660 1323 715 hoc
1366 674 1488 714 esse
1518 669 1757 728 tempus,
1787 660 1931 729 quod

349 752 667 808 ell‘ecturum
703 761 873 815 esset,
906 762 968 806 ut
997 751 1267 806 dissensio
1313 751 1368 805 in
1424 750 1707 822 religione,
1740 766 1931 806 eorum

348 859 567 914 quoque
598 844 922 900 dissolveret
967 844 1283 900 amicitiam.
1340 842 1466 898 Haec
1497 859 1622 898 cum
1654 844 1710 896 in
1750 844 1933 900 animo

353 938 602 999 haberet,
641 946 695 991 et
728 940 873 1007 apud
903 951 960 991 se
988 943 1253 998 versaret,
1296 945 1484 1005 aperte
1515 937 1842 992 ostendebat
1872 953 1932 992 se

352 1029 585 1084 cruciari
616 1030 822 1093 animo,
858 1029 1177 1099 magnisque
1226 1029 1415 1099 agitari
1445 1029 1718 1094 ﬂuctibus,
1751 1041 1935 1084 etoe—

351 1124 498 1177 culte
523 1121 723 1177 deﬂere
750 1122 1010 1176 amicum.
1068 1121 1553 1175 l'rmstantissimus
1612 1131 1795 1176 autent
1827 1122 1932 1177 Po-

350 1215 604 1286 lycuctus
630 1230 755 1268 cum
790 1214 1005 1268 videret
1046 1213 1127 1268 sic
1165 1230 1226 1268 se
1259 1214 1461 1268 habere
1491 1214 1748 1281 amicum,
1787 1231 1933 1286 pun-

351 1305 514 1378 gique
559 1305 765 1360 aculeis
796 1304 1023 1372 doloris,
1058 1313 1113 1359 et
1159 1305 1252 1373 qui
1304 1305 1487 1360 verbis
1522 1306 1782 1375 explicari
1830 1323 1933 1362 ne-

354 1404 585 1467 queunt,
640 1397 930 1467 gemitibus
990 1395 1174 1449 conari
1230 1397 1410 1449 levare
1461 1412 1710 1467 magnam
1766 1399 1932 1453 animi

259 1481 262 1485 ’
357 1487 766 1555 aegritudinem,
796 1494 852 1541 et
882 1486 1107 1556 vestigia
1138 1487 1500 1557 lacrymarum
1533 1488 1774 1543 iudicare
1801 1504 1935 1543 ocu-

358 1578 446 1644 lis,
501 1579 675 1632 amice
698 1578 765 1631 ad
799 1593 922 1633 eum
954 1579 1241 1644 accedens,
1274 1578 1591 1647 interrogat,
1619 1589 1674 1634 et
1714 1596 1932 1636 causam

360 1669 558 1741 quaerit
586 1669 817 1731 discere,
845 1685 941 1722 cur
966 1669 1039 1723 ita
1070 1685 1130 1724 se
1161 1670 1376 1726 habeat.
1406 1671 1541 1726 Nam
1574 1673 1690 1743 ipse
1716 1691 1935 1746 quoque

356 1762 712 1817 nihilominus
731 1760 973 1828 dolebat,
1001 1777 1125 1816 cum
1157 1778 1283 1817 eum
1314 1765 1529 1821 videret
1548 1767 1627 1823 sic
1649 1769 1928 1833 affectum,

2046 567 2169 631 λαὶ,
2220 568 2495 637 κολάσεις,
2551 571 2645 623 καὶ
2694 569 3004 623 τελευταῖον
3068 567 3240 621 κακὸν
3287 568 3316 621 6
3375 568 3629 633 θάνατος,

2041 658 2285 730 ἐφοϐήθη
2320 661 2449 731 περὶ
2478 659 2573 714 τοῦ
2609 662 2762 730 φίλου
2789 663 3059 732 Νέαρχος,
3088 661 3184 716 καὶ
3223 662 3414 733 καιρὸν
3437 663 3627 733 ἀνάμι-

2043 765 2134 801 σεν
2169 744 2310 803 εἶναι
2366 750 2577 818 τοῦτον,
2610 752 2669 816 ὃς
2720 753 2820 819 τὴν
2871 752 3001 823 περὶ
3056 751 3119 806 τὸ
3160 751 3326 816 σέϐας
3358 752 3633 824 διαφορὰν

2038 838 2283 895 διάλυσιν
2346 843 2530 907 αύτοῐς
2599 844 2849 913 γενέσθαι
2912 846 3325 916 παρασκευάσει
3384 847 3481 898 καὶ
3532 844 3638 914 τῆς

2044 932 2248 1001 φιλίας.
2284 935 2471 989 Ταῦτα
2533 938 2626 990 ἐπὶ
2679 938 2805 992 νοῦν
2860 938 3001 1009 ἔχων
3037 941 3131 993 καὶ
3163 940 3438 1010 στρέφων,
3468 939 3634 1009 δῆλος

2039 1017 2108 1093 ἦν
2144 1025 2381 1097 ἰσχυρῶς
2419 1026 2740 1099 ἀνιώμενος,
2790 1030 2886 1083 καὶ
2936 1029 3104 1084 πολὺν
3136 1031 3227 1084 τὸν
3263 1030 3421 1083 σάλον
3452 1029 3640 1101 φέρων

2042 1116 2101 1167 ὲν
2132 1120 2198 1185 τῇ
2230 1117 2399 1188 ψυχῇ,
2434 1119 2529 1172 καὶ
2570 1118 2661 1171 τὸν
2694 1120 2847 1189 φίλον
2889 1121 3138 1190 κρυφίως
3168 1121 3492 1191 ἀνιώμενος.
3532 1123 3642 1175 Πο-

2044 1205 2305 1271 λύευκτος
2355 1210 2413 1261 δὲ
2472 1213 2499 1264 ὁ
2565 1213 2912 1277 παντακαλὸς
2990 1212 3133 1266 οὕτω
3193 1214 3440 1285 Νέαρχον
3494 1214 3643 1283 ὀρῶν

2042 1297 2256 1368 ἒχοντα,
2286 1300 2464 1367 λύπης
2486 1319 2543 1355 τε
2567 1304 2815 1374 κέντροις
2869 1303 3221 1374 βαλλόμενον,
3283 1308 3379 1359 καὶ
3442 1323 3642 1359 στενα-

2045 1392 2204 1457 γμοῖς
2232 1389 2521 1462 ἀλαλήτοις
2551 1392 2610 1445 τὸ
2641 1392 2775 1445 πολὺ
2807 1393 2906 1463 τῆς
2936 1395 3173 1465 ἀθυμίας
3205 1396 3486 1462 κουφίζειν
3521 1413 3639 1449 πει·

2047 1481 2313 1550 ρώμενον,
2354 1483 2473 1554 ίχνη
2512 1500 2571 1537 τε
2601 1484 2857 1554 δακρύων
2904 1488 3018 1549 τοῖς
3069 1486 3368 1557 ὀφθαλμοῖς
3404 1487 3637 1558 ὑποφαίο

2044 1586 2223 1633 νοντα,
2257 1570 2447 1641 ἠρώτα
2500 1572 2748 1642 προσιὼν
2784 1575 2996 1643 φιλίως,
3048 1578 3140 1628 καὶ
3173 1575 3271 1646 τὴν
3322 1579 3505 1631 αιτίαν
3542 1576 3641 1631 τοῦ

2043 1659 2213 1724 ὅντως
2251 1662 2395 1731 ἔχειν
2447 1662 2627 1734 ἐζήτει
2696 1666 2911 1735 μαθεῖν.
2949 1668 3140 1736 Ἥλγει
3192 1668 3300 1739 γὰρ
3334 1670 3426 1722 καὶ
3472 1670 3642 1735 αὐτὸς

2045 1753 2196 1805 οὐδὲν
2220 1748 2406 1825 ⁴ἧττον,
2437 1756 2527 1809 τὸν
2573 1759 2848 1830 όμόψυχον
2889 1761 3033 1832 ὁρῶν
3071 1761 3215 1814 οὕτω
3269 1765 3571 1834 πάσχοντα,
3610 1765 3642 1817 6

355 1853 449 1923 qui
478 1862 595 1906 erat
624 1852 868 1921 ejusdem
898 1868 1028 1915 cum
1058 1868 1125 1908 eo
1155 1853 1343 1909 animi.
1387 1856 1479 1910 Ille
1504 1867 1686 1913 autem
1723 1860 1941 1916 volebat

2054 1842 2099 1897 se
2132 1844 2395 1915 ἠϐούλετο
2446 1848 2546 1918 μὲν
2612 1851 2809 1914 εἰπεῖν,
2835 1854 2931 1904 καὶ
2966 1852 3159 1923 ἐδήλου
3193 1854 3359 1924 μηδὲν
3388 1855 3640 1927 ἀττόρρη-

355 1946 575 2017 quidem
606 1946 814 2011 dicere,
847 1956 901 2001 et
931 1946 1277 2017 signiﬁcabat
1311 1963 1372 2002 se
1400 1949 1541 2005 nihil
1569 1967 1731 2021 posse
1761 1958 1941 2010 celare

359 2036 596 2090 amicum
622 2052 637 2094 :
659 2051 782 2092 esse
806 2046 987 2092 autem
1007 2037 1243 2107 aliquam
1263 2054 1506 2105 causam,
1530 2053 1756 2113 propter
1775 2062 1939 2116 quam

358 2127 522 2184 etiam
577 2129 623 2184 si
662 2131 796 2185 velit
836 2130 1045 2195 dicere,
1113 2146 1340 2188 necesse
1396 2135 1592 2191 habeat
1639 2146 1837 2204 tacere,
1889 2151 1946 2196 et

362 2222 523 2277 amici
553 2222 984 2277 consolationem
1034 2222 1136 2276 hac
1186 2223 1242 2277 in
1293 2240 1351 2281 re
1397 2226 1622 2284 minime
1657 2233 1939 2304 consequi.

361 2312 503 2369 Cum
538 2323 719 2368 autem
751 2315 907 2370 valde
960 2316 1180 2373 divinus
1233 2327 1452 2388 urgeret
1485 2319 1832 2391 Polyeuclus,
1889 2332 1946 2379 ct

363 2407 665 2476 postularet
694 2414 751 2460 ut
778 2408 828 2460 ei
854 2417 1129 2463 secretum
1157 2410 1395 2480 aperiret
1419 2420 1475 2465 et
1510 2412 1561 2467 ei
1587 2416 1945 2484 exprobraret

364 2507 742 2565 contemptum
798 2499 1091 2565 amicitiae,
1136 2512 1193 2557 et
1242 2511 1507 2558 mutatam
1570 2505 1941 2575 aﬂectiouem,

366 2590 647 2660 Nunquid,
672 2591 879 2656 dicens,
898 2593 1106 2664 aliquid
1130 2594 1502 2651 oﬂ'endimus?
1523 2598 1769 2663 Quanam
1798 2601 1850 2655 in
1883 2617 1943 2657 re

365 2682 463 2737 tibi
502 2683 718 2743 molesti
751 2683 990 2740 fuimus?
1037 2686 1301 2752 Quaenam
1337 2705 1425 2743 res
1452 2698 1562 2744 tam
1594 2692 1711 2747 dira
1749 2702 1805 2748 ct
1835 2703 1942 2749 tam

364 2785 522 2833 atrox
554 2777 694 2833 facta
719 2787 823 2841 est.
860 2786 917 2834 ut
943 2778 1295 2853 Polyeuctum
1325 2792 1478 2837 tuutn
1496 2800 1525 2838 a
1544 2784 1703 2839 venia
1724 2788 1948 2841 arceas?

437 2869 531 2924 ιν.
575 2871 703 2926 Haec
735 2886 858 2927 cum
900 2872 1126 2939 diceret,
1167 2883 1221 2929 et
1257 2875 1442 2930 animo
1484 2888 1796 2947 angeretur,
1834 2893 1945 2933 non

367 2962 552 3018 ferens
589 2961 892 3030 Nearchus,
920 2965 1111 3019 oculos
1144 2964 1386 3021 sutl'usus
1419 2965 1695 3037 lacrymis,
1732 2977 1786 3023 et
1821 2982 1948 3038 pro-

367 3055 540 3110 fundo
561 3056 799 3126 suspirio
823 3057 1094 3112 internam
1114 3059 1293 3113 cordis
1309 3058 1584 3113 ﬂammam
1605 3060 1945 3130 signiﬁcans:

2046 1954 2137 1990 τον
2171 1937 2317 2009 ἔχειν
2371 1941 2507 2012 πρὸς
2539 1941 2631 1997 τὸν
2663 1944 2817 2013 φίλον
2850 1945 3151 2016 δυνάμενος
3173 1963 3185 1977 ·
3218 1944 3360 2001 εἶναι
3411 1947 3469 2000 δὲ
3515 1947 3640 2004 τινὰ

2047 2030 2213 2103 ἀλλην
2249 2034 2430 2087 αίτίαν
2466 2035 2534 2087 δι’
2561 2036 2628 2108 ἢν
2663 2038 2758 2089 καὶ
2785 2036 2966 2106 λέγειν
3002 2039 3204 2093 ἐθέλων
3240 2041 3491 2111 ἀνάγκην
3524 2042 3641 2112 ἔχει

2048 2121 2141 2175 τοῦ
2176 2126 2412 2195 σιωπᾷν,
2461 2127 2552 2180 καὶ
2600 2128 2699 2199 τῆς
2733 2130 2798 2181 ἐκ
2824 2129 2920 2182 τοῦ
2963 2130 3119 2198 φίλον
3151 2131 3225 2202 μὴ
3255 2132 3554 2185 ἀπολαϐεῖν
3582 2135 3646 2187 ὲν

2051 2216 2228 2285 τούτῳ
2284 2219 2661 2289 παραμυθίας.
2711 2220 2861 2275 Ἐπεὶ
2919 2221 2975 2275 δὲ
3026 2223 3055 2276 6
3119 2222 3261 2286 θεῖος
3298 2224 3644 2289 Πολύευκτος

2047 2309 2213 2373 πολὺς
2241 2306 2307 2381 ἦν
2359 2313 2705 2383 ἐγκείμενος,
2739 2315 2837 2368 καὶ
2867 2316 2957 2368 τοῦ
2984 2316 3304 2388 ἀπορρήτου
3335 2317 3432 2389 τὴν
3459 2314 3642 2388 δήλω-

2049 2418 2133 2456 σιν
2156 2404 2425 2469 ἀπαιτῶν,
2456 2406 2717 2476 ἀμέλειάν
2747 2424 2806 2460 τε
2836 2408 3111 2473 ὀνειδίζων
3140 2410 3290 2479 αὐτῷ
3320 2409 3412 2463 τοῦ
3440 2410 3638 2478 πόθου,

2047 2497 2145 2549 καὶ
2175 2497 2463 2550 ἀλλοίωσιν
2494 2498 2613 2552 οἵαν
2646 2498 2747 2571 τῆς
2779 2500 2915 2570 πρὸς
2947 2501 3110 2553 αὐτὸν
3135 2501 3431 2565 διαθέσεως
3452 2517 3468 2533 ⁶
3502 2502 3552 2555 εἰ
3581 2502 3641 2556 δὲ

2047 2589 2142 2640 καὶ
2174 2588 2706 2661 προσκεκρούκαμέν
2734 2608 2809 2656 τι,
2845 2592 3053 2661 λέγωνς
3087 2594 3135 2645 εί
3166 2592 3223 2647 δὲ
3259 2596 3354 2647 καὶ⁵
3397 2593 3643 2666 λελυπή-

2046 2694 2259 2748 καμεν;
2301 2678 2354 2731 τί
2392 2679 2458 2733 ἄν
2507 2679 2682 2744 οὕτως
2736 2683 2956 2752 ίσχυρὸν
3010 2684 3096 2752 εἴη
3157 2685 3219 2739 τὸ
3264 2686 3535 2755 πραχθὲν,
3564 2684 3643 2748 ώς

2050 2769 2387 2842 συγγνώμης
2414 2771 2596 2843 πάσης
2617 2771 2956 2827 Πολύευκτον
2985 2775 3077 2829 τὸν
3110 2776 3203 2830 σὺν
3237 2776 3528 2845 ὲκϐαλεῖν;

2116 2862 2190 2917 Δ’.
2226 2862 2415 2918 Ταῦτα
2453 2864 2707 2933 λέγοντος
2756 2866 2851 2919 καὶ
2911 2867 3190 2934 ἀλύοντος,
3254 2871 3356 2923 ούκ
3388 2867 3639 2939 ἐνεγκὼν

2045 2951 2292 3027 Νέαρχος
2344 2957 2596 3029 δακρύων
2648 2959 2971 3032 ύποπλήσας
3025 2962 3153 3026 τοὺς
3179 2962 3647 3033 ὁφθαλμοὺς,καὶ

2051 3049 2346 3120 στεναγμῷ
2373 3050 2542 3122 βυθίῳ
2571 3051 2675 3129 τὴν
2704 3054 2852 3108 ἔνδον
2896 3054 3073 3125 φλόγα
3114 3055 3211 3128 τῆς
3243 3058 3473 3129 καρδίας
3501 3059 3642 3112 ὐπο-

368 3145 529 3210 Cum,
559 3145 759 3215 inquis,
798 3159 832 3200 ο
866 3146 1217 3211 amicissime,
1251 3157 1455 3203 nostrae
1485 3150 1948 3206 consensionis-et

2055 3140 2343 3211 σημήνας⁶
2388 3144 2494 3196 Τὸν
2544 3128 2807 3214 μέλλοντα
2859 3148 3158 3220 χωρισμὸν,
3205 3128 3335 3221 εφη,
3388 3148 3641 3218 φίλτατε.

370 3234 679 3290 dilectionis
726 3234 869 3305 apud
908 3250 997 3289 me
1045 3238 1222 3307 cogito
1267 3226 1689 3307 separationem,
1723 3255 1951 3296 necesse

372 3343 590 3399 quoque
628 3328 804 3383 habeo
850 3327 1094 3383 animum
1127 3331 1477 3401 abrumpere.
1509 3330 1636 3385 Haec
1666 3341 1951 3402 postquam

373 3422 466 3478 ille
507 3422 701 3486 audiit,
736 3422 903 3478 corde
930 3423 1253 3493 gravissime
1301 3426 1589 3496 perculsus
1621 3442 1634 3478 :
1666 3424 1953 3491 Quomodo

372 3515 511 3575 haec.
550 3514 746 3585 inquit,
771 3512 1037 3579 Nearche,
1081 3516 1380 3586 quomodo,
1420 3526 1476 3573 et
1503 3532 1603 3572 cur
1638 3516 1757 3573 haec
1785 3521 1952 3576 verba

371 3608 511 3665 dicis
533 3616 732 3679 praeter
751 3623 905 3679 spem
922 3608 945 3662 Ἰ
964 3618 1021 3664 et
1043 3609 1319 3665 undenam
1347 3611 1465 3667 haec
1488 3611 1594 3667 erit
1616 3612 1773 3667 nobis
1798 3628 1955 3684 sepa-

373 3704 535 3771 ratio,
578 3720 742 3774 quam
806 3704 1099 3758 statuimus
1150 3719 1222 3759 ne
1268 3715 1501 3761 mortem
1530 3705 1747 3775 quidem
1794 3722 1955 3777 posse

372 3795 534 3850 nobis
563 3793 777 3849 facere?
822 3778 1073 3860 lloc'est,
1105 3795 1307 3866 inquit,
1341 3812 1375 3851 o
1423 3798 1776 3863 amicissime,
1808 3800 1956 3870 quod

373 3899 463 3940 me
484 3884 881 3954 pmpemodum
915 3884 1170 3952 sutl'ocat,
1211 3892 1269 3940 et
1300 3886 1482 3956 ipsum
1507 3887 1819 3958 comprimit
1846 3890 1957 3960 spi-

376 3975 540 4031 ritum
576 3983 632 4029 et
656 3976 915 4038 animam.
951 3977 1210 4045 quoniam
1249 3976 1387 4045 haec,
1419 3993 1582 4047 quam
1623 3979 1759 4044 dixi,
1796 3995 1958 4051 sepa-

374 4068 516 4122 ratio
548 4074 630 4122 est
674 4067 834 4122 nobis
863 4067 1100 4124 humana
1150 4077 1330 4124 morte
1369 4070 1602 4125 validior
1633 4080 1690 4126 et
1716 4073 1953 4144 gravior.

376 4158 512 4214 Cum
540 4166 723 4212 autem
757 4158 1022 4224 nondum,
1071 4160 1204 4229 quid
1232 4160 1335 4216 sibi
1369 4161 1534 4217 vellet
1565 4162 1760 4229 oratio,
1796 4165 1958 4220 intel-

376 4250 571 4320 ligeret
592 4250 949 4322 Polyeuctus,
998 4251 1181 4306 statim
1203 4268 1457 4324 surgens,
1483 4262 1538 4309 et
1556 4255 1789 4311 amicum
1814 4272 1959 4313 com-

377 4343 590 4414 plexus,
628 4352 683 4408 et
713 4345 763 4399 ei
799 4344 872 4399 ita
908 4353 968 4400 ut
989 4360 1115 4401 eum
1142 4347 1381 4412 tenebat,
1423 4347 1804 4405 ardentissime
1851 4351 1959 4405 cir-

378 4436 663 4491 cumfusus
692 4454 706 4491 :
739 4435 846 4492 Sed
878 4438 989 4501 die,
1022 4438 1220 4509 inquit,
1266 4439 1425 4506 mihi,
1482 4455 1516 4495 ο
1561 4441 1830 4510 Nearcbe,
1867 4444 1957 4499 dic

2056 3232 2153 3301 τῆς
2193 3234 2351 3305 ἡμῶν
2395 3238 2705 3304 συμπνοίας
2741 3240 2836 3294 καὶ
2871 3241 3106 3312 στοργῆς
3132 3242 3354 3306 ἐννοῶν,
3388 3245 3642 3311 ἀναγκά-

2059 3323 2227 3394 ζομαι
2261 3329 2575 3403 ἀπορρῆξαι
2605 3333 2705 3404 ἤδη
2736 3335 2830 3387 καὶ
2855 3334 2954 3406 τὴν
2976 3335 3174 3406 ψυχήν,
3207 3336 3377 3390 Τοῦτο
3404 3337 3643 3409 ἤκουσεν

2056 3421 2265 3485 ἐκεῖνος
2302 3422 2580 3496 βαρύτατα
2610 3426 2839 3498 πληγεὶς
2860 3427 2956 3499 τὴν
3001 3429 3253 3500 καρδίαν.
3290 3430 3414 3493 Πῶς
3441 3429 3640 3499 ταῦτα,

2058 3510 2187 3583 ἔφη.
2219 3513 2460 3587 Νέαρχε,
2514 3516 2634 3580 πῶς
2663 3519 2757 3570 καὶ
2786 3519 2838 3571 τί
2868 3518 2936 3572 τὰ
2968 3518 3098 3588 παρ’
3129 3520 3322 3574 ἐλπίδα
3345 3520 3519 3575 ταῦτα
3544 3522 3648 3594 ῥή-

2061 3619 2206 3671 ματα
2224 3620 2239 3669 ;
2260 3608 2354 3658 καὶ
2372 3606 2535 3660 πόθεν
2559 3609 2689 3678 ἡμῖν
2711 3607 2885 3672 οὕτως
2906 3610 2934 3661 ό
2951 3610 3232 3681 χωρισμὸς
3254 3609 3426 3675 ἔσται,
3440 3610 3499 3663 ὃν
3519 3609 3647 3665 οὐδὲ

2057 3694 2284 3750 θάνατον
2302 3682 2465 3750 αὐτὸν
2484 3697 2746 3753 δύνασθαι
2764 3702 2937 3753 ποιεῖν
2956 3703 3034 3764 είς
3051 3702 3083 3771 ή
3092 3702 3198 3771 μᾶς
3217 3701 3458 3772 ἔγνωμεν
3483 3718 3499 3766 ;
3536 3703 3650 3757 Καὶ

2055 3787 2084 3840 ὁ
2113 3787 2360 3859 Νέαρχος
2389 3804 2407 3822 ο
2439 3788 2614 3843 Τοῦτο
2660 3792 2771 3864 γάρ
2797 3793 2966 3854 ἐστιν.
3003 3792 3128 3863 ἔφη,
3176 3793 3422 3863 φίλτατε,
3479 3794 3509 3848 ὃ
3532 3812 3535 3813 ⁷
3556 3811 3650 3865 μι-

2059 3877 2194 3949 κροῦ
2227 3898 2293 3951 με
2320 3880 2412 3934 καὶ
2445 3882 2761 3951 ἀποπνίγει,
2787 3884 2881 3937 καί⁸
2910 3885 3043 3939 αὐτὸ
3074 3886 3289 3956 συνέχει
3322 3886 3379 3939 τδ
3416 3887 3649 3957 Πνεῦμα

2058 3975 2151 4024 καί⁸
2181 3971 2279 4043 τὴν
2309 3974 2493 4044 ψυχήν
2519 3989 2534 4004 ο
2568 3975 2651 4028 ὅτι
2688 3975 2717 4028 6
2753 3976 3030 4047 χωρισμὸς
3055 3970 3233 4043 οὗτος,
3266 3978 3325 4031 δν
3353 3979 3512 4050 ἔφην,
3546 3979 3649 4034 καὶ

2057 4064 2405 4135 ἀνθρωπείου
2442 4066 2677 4121 θανάτου
2711 4068 3061 4141 ἰσχυρότερος
3094 4071 3227 4142 ἡμῖν
3262 4071 3379 4125 ἐστι
3414 4073 3509 4126 καὶ
3551 4071 3652 4143 βα·-

2059 4158 2304 4231 ρύτερος.
2339 4159 2506 4215 Οὔπω
2543 4161 2600 4215 δὲ
2643 4163 2734 4217 τὸν
2791 4163 2950 4233 λόγον
2988 4164 3016 4217 ὅ
3063 4180 3116 4217 τι
3163 4165 3229 4220 ἀν
3282 4165 3367 4236 εἴη
3402 4166 3651 4221 συνιέναι

2061 4252 2200 4324 ἔχων
2232 4252 2582 4322 πολύευκτος,
2619 4254 2859 4316 ἀναστὰς
2885 4256 3046 4320 εὐθὺς
3083 4258 3179 4312 καὶ
3213 4255 3529 4329 περισαλὼν
3548 4258 3648 4316 τοῦ

2058 4345 2236 4413 φίλου,
2297 4347 2391 4399 καὶ⁵
2442 4345 2517 4410 ώς
2573 4341 2686 4417 εἶχε
2735 4346 3047 4419 θερμότατα
3101 4349 3419 4420 περιχυθεὶς
3448 4348 3603 4424 αύτῷ
3630 4366 3647 4385 ⁸

2060 4436 2174 4489 ἀλλ’
2213 4438 2332 4491 είπέ
2367 4454 2480 4508 μοι,
2513 4438 2641 4508 ἐφη,
2672 4441 2909 4511 Νέαρχε,
2948 4441 3073 4495 είπὲ
3126 4443 3313 4512 σαφῶς
3360 4445 3456 4498 καὶ
3510 4443 3651 4500 ἀνά-

377 4538 584 4601 aperte,
623 4538 678 4585 et
727 4531 937 4600 explica
988 4532 1447 4601 quemadmodum
1501 4534 1616 4592 hanc
1660 4535 1731 4591 sit
1773 4536 1948 4591 futura

2063 4526 2261 4592 πτυξον
2325 4529 2475 4593 ὅπως
2530 4524 2687 4594 οὗτος
2724 4531 2754 4583 6
2814 4532 3094 4603 χωρισμός
3151 4532 3305 4587 ἔσται
3342 4553 3355 4566 υ
3415 4535 3478 4589 ού
3532 4538 3648 4608 γὰρ

378 4622 671 4692 separatio.
707 4621 826 4676 Non
860 4623 1007 4677 enim
1033 4623 1150 4679 fero
1181 4624 1415 4695 amplius
1439 4627 1541 4681 hoc
1568 4627 1794 4684 minime
1821 4632 1954 4683 ιιιηὶ-

379 4726 504 4766 cum
532 4712 831 4767 silentium.
865 4713 961 4768 Sin
1020 4716 1225 4780 minus,
1279 4716 1490 4772 videbis
1518 4718 1629 4787 jam
1664 4728 1818 4773 tuum
1852 4720 1959 4774 Po-

382 4802 657 4875 lyeuctum
695 4805 753 4859 in
783 4816 926 4860 terra
954 4807 1229 4877 iacentem
1259 4818 1536 4863 mortuum
1554 4812 1957 4867 etexaminem.

387 4897 556 4966 Atque
597 4898 887 4952 videbatur
958 4900 1182 4968 quidem
1243 4899 1525 4959 Nearchus
1580 4903 1717 4958 velle
1752 4904 1955 4972 dicere,

383 4990 476 5043 sed
511 4989 688 5045 victus
712 4991 781 5045 ab
807 4991 974 5045 animi
1002 4993 1416 5061 perturbatione
1461 4994 1699 5050 vinctam
1725 4996 1961 5053 habebat

380 5080 618 5151 linguam
641 5097 660 5136 :
691 5091 743 5137 et
771 5083 946 5137 solum
977 5093 1209 5142 mmstus
1230 5100 1294 5140 ac
1320 5087 1699 5155 conturbatus,
1725 5089 1960 5145 amicum

385 5172 509 5228 ﬁxis
538 5174 839 5244 aspiciebat
888 5176 1084 5241 oculis,
1111 5185 1168 5231 et
1195 5178 1617 5234 immoderatum
1682 5180 1961 5252 significa-

383 5274 478 5320 bat
521 5265 781 5322 dolorem.
833 5268 1127 5339 Postquam
1183 5281 1366 5326 autem
1418 5272 1568 5327 videt
1609 5271 1960 5345 Polyeuctum

385 5372 620 5413 mmrore
666 5358 998 5424 confectum,
1054 5362 1322 5432 abiecisse
1379 5365 1647 5431 animum,
1701 5373 1758 5420 et
1811 5366 1963 5421 humi

384 5450 690 5521 procidere,
724 5459 781 5507 et
836 5468 957 5509 esse
1008 5455 1120 5525 jam
1183 5473 1214 5511 a
1272 5458 1460 5513 dolore
1518 5460 1745 5516 omuino
1803 5476 1963 5530 supe-

385 5552 589 5610 ratum,
641 5542 854 5612 cogitur
916 5544 971 5598 in
1036 5545 1179 5601 hanc
1233 5562 1424 5602 vocem
1485 5563 1773 5620 erumpere
1838 5571 1852 5605 :
1920 5550 1966 5606 Ο

385 5633 799 5702 amantissime,
873 5635 1083 5711 inquit,
1145 5637 1479 5711 Polyeucte,
1551 5643 1657 5698 hoc
1720 5644 1963 5700 edictum

387 5724 736 5797 imperatoris
767 5709 931 5786 nobis
969 5709 1372 5802 separationem
1402 5730 1598 5787 τίσει-ει
1667 5744 1723 5790 et
1752 5734 1966 5806 disjun-

385 5820 643 5879 ctionem.
673 5818 967 5893 Postquam
1024 5833 1210 5881 autem
1269 5825 1414 5889 hanc
1447 5840 1637 5883 vocem
1672 5828 1966 5899 sapientis-

2063 4621 2215 4690 φέρω
2255 4620 2458 4693 ταύτην
2512 4623 2605 4676 ἐπὶ
2640 4623 2802 4677 πλέον
2832 4626 2931 4695 τὴν
2972 4623 3164 4695 ἄφιλον
3198 4628 3434 4699 σιωπήν.
3477 4625 3543 4682 El
3587 4627 3648 4683 δὲ

2058 4714 2179 4793 οὐκ,
2214 4715 2329 4768 ἀλλ’
2352 4715 2503 4786 ὄψεις
2534 4733 2602 4787 με
2629 4717 2969 4773 Πολύευκτον
2989 4720 3091 4792 ήδη
3120 4720 3213 4774 τδν
3243 4721 3319 4775 σὸκ
3367 4720 3648 4793 νεκρῶντα

2041 4792 2155 4860 ’καὶ
2186 4807 2393 4863 ἄπνουν
2434 4808 2571 4880 πρὸς
2597 4813 2665 4882 τῇ
2708 4814 2779 4883 γῇ
2839 4813 3112 4882 κείμενον.
3174 4813 3285 4869 Καὶ
3324 4814 3354 4867 6
3395 4792 3650 4887 Νέαρχος

2059 4895 2221 4969 ὲῴκει
2282 4898 2382 4967 μὲν
2435 4901 2611 4953 aliter
2679 4900 2995 4973 βούλεσθαι,
3055 4904 3370 4975 ἡττώμενος
3419 4904 3477 4959 δὲ
3546 4901 3646 4960 τοῦ

2061 4987 2293 5053 πάθους,
2356 4990 2602 5045 ἑπεδεϊτο
2640 4993 2741 5065 τὴν
2788 4994 3074 5062 γλῶτταν,
3115 4996 3211 5049 καὶ
3267 4995 3427 5051 τοῦτο
3485 4998 3647 5067 μόνον

2061 5080 2359 5136 κατάδυνον
2388 5101 2439 5137 τι
2471 5085 2564 5138 καὶ
2610 5087 2902 5152 πεπονθὸς,
2945 5086 3191 5157 ὴτένιζεν
3223 5092 3303 5154 είς
3341 5090 3434 5145 τὸν
3469 5089 3646 5160 φίλον,

2062 5178 2155 5229 καὶ
2184 5177 2286 5247 τῆς
2325 5177 2566 5249 ἀθυμίας
2593 5180 2799 5251 ἐμήνυε
2830 5181 2930 5252 τὴν
2960 5181 3290 5252 ὑπερϐολήν.
3333 5182 3421 5246 Ὠς
3450 5182 3509 5237 δι
3537 5179 3646 5237 εἶδε

2063 5269 2405 5325 Πολύευκτον
2436 5272 2678 5326 παθόντα
2705 5292 2758 5327 τι
2788 5276 2881 5328 καὶ
2916 5275 3403 5347 μικροψυχότερον,
3433 5277 3529 5330 καὶ
3567 5276 3649 5335 ei:

2064 5363 2170 5432 γῆν
2213 5363 2408 5416 ἑαυτὸν
2451 5364 2886 5432 καταδάλλοντα,
2918 5367 3015 5421 καὶ
3047 5367 3168 5420 ὅλον
3199 5367 3301 5437 ήδη
3341 5367 3420 5437 τῷ
3452 5366 3651 5420 παθεῖν

2062 5455 2388 5526 νικώμενον,
2459 5456 2833 5524 ἀναγκάζεται
2899 5459 3064 5531 ῥῆξαι
3106 5460 3340 5530 φωνήν·
3399 5460 3537 5523 καὶ,
3575 5453 3650 5512 'c

2066 5548 2307 5619 φίλτατε,
2350 5549 2476 5621 ἔφη,
2514 5549 2840 5616 Πολύευκτε,
2901 5552 3053 5606 τουτὶ
3093 5553 3155 5605 τὸ
3203 5552 3484 5623 βασιλικὸν
3530 5550 3653 5604 ἐπί·

2065 5660 2256 5713 ταγμα
2293 5643 2387 5697 τὸν
2418 5644 2700 5717 χωρισμὸν
2733 5648 2867 5717 ἡμῖν
2908 5647 3203 5718 ὲμποιήσει
3250 5647 3345 5700 καὶ
3384 5644 3485 5716 τὴν
3533 5644 3653 5698 δτάο

2069 5733 2270 5805 ζευξιν.
2319 5737 2475 5791 Ἐπεὶ
2506 5737 2564 5791 δὲ
2622 5736 2797 5791 ταῦτα
2841 5737 3072 5808 ἡκουσεν
3120 5737 3149 5790 6
3180 5736 3340 5805 σοφὸς
3374 5736 3444 5790 τά
3476 5736 3656 5790 πάντα

2070 5828 2431 5901 Πολύευκτος,
2465 5828 2759 5902 συμϐαλὼν
2809 5828 3014 5895 εὐθέως
3064 5829 3203 5903 ὅπερ
3252 5828 3489 5901 Νεάρχῳ
3536 5825 3655 5900 βού-
