3886 6466
149 355 187 387 ⁹
277 347 384 413 ιρι
1573 345 1753 408 νΙΤΑ
1795 347 1855 407 S.
1889 346 1901 407 i

2011 348 2338 411 HEUCTI.
3443 344 3553 411 422

277 459 433 511 λεται
462 455 524 508 τὸ
579 451 793 526 λεχθὲν,
842 451 1044 506 ενενόει
1074 451 1183 522 γὰρ
1212 449 1288 515 ὡς
1339 451 1371 521 ἡ
1416 451 1545 522 περὶ
1601 452 1662 505 τὸ
1712 451 1876 516 σέϐας

2015 454 2156 510 imus
2188 455 2359 510 audiit
2379 455 2726 526 Polyeuctus,
2762 455 2942 510 statim
2971 455 3271 527 conjiciens
3291 459 3423 528 quid
3455 463 3559 518 sibi
3628 488 3630 490 τ

283 546 622 620 ἀμφοτέρων
654 543 915 616 διαφορὰ,
951 543 1090 614 πρὸς
1139 541 1386 606 ἐξέτασιν
1424 540 1579 594 [οὖσα
1632 545 1726 596 καὶ
1777 543 1876 612 ἀρ.

2015 548 2161 614 ellct,
2223 548 2370 618 quod
2426 547 2641 602 dixerat
2698 548 2978 604 Nearchus
3034 569 3046 604 :
3100 551 3358 619 cogitavit
3404 553 3558 608 enim

283 643 490 713 χόντων
522 639 765 712 βαρύτης
812 636 1115 706 ἀναγκάσει
1158 634 1330 688 θεῖναι
1365 634 1568 703 μεταξὺ
1617 632 1715 704 τὴν
1759 634 1875 688 διά-

2018 642 2120 691 uod
2168 639 2453 693 amborum
2487 639 2542 692 in
2591 639 2850 709 religione
2894 638 3164 693 dissensio
3197 641 3308 710 jam
3351 643 3562 696 exami-

282 752 496 789 στασιν.
547 733 684 787 Ἀλλ’
734 731 897 786 αὑτὸν
946 729 1176 801 ἀνέφερε
1239 727 1447 782 διάνοιά
1488 745 1571 791 τις
1621 727 1874 797 θειοτέρα

2017 729 2177 791 anda,
2211 737 2264 784 et
2289 728 2642 782 acerbitatem
2690 729 2934 782 subitura
2959 729 3206 797 judicum
3251 741 3428 800 coget,
3465 747 3560 786 eos

283 828 380 880 καὶ
425 827 495 897 ἢν
552 822 692 879 εἶδεν
743 823 865 893 ὕψιν
925 820 1339 890 ἀνανοούμενος,
1395 819 1490 872 καὶ
1545 819 1875 890 συνᾴδουσαν

2042 837 2099 875 se
2128 821 2364 878 invicem
2390 821 2626 891 disjungi
2659 839 2670 874 :
2698 821 2968 876 convertit
2995 837 3120 875 eum
3144 823 3210 876 ad
3233 823 3558 879 rliviniorem

216 923 221 928 ’
284 920 458 989 αὐτὴν
499 918 578 988 τῷ
613 915 791 988 καιρῷ
823 914 1047 986 κρίνων,
1093 915 1268 984 χαρᾶς
1302 929 1361 964 τε
1394 911 1597 982 ἤρξατο
1635 911 1876 982 πληροῦ-

2016 923 2234 967 uantam
2285 913 2704 982 cogitationem,
2753 919 2807 966 et
2832 913 3119 967 revolvens
3165 915 3349 969 animo
3393 933 3556 986 quam

285 1011 413 1064 σθαι
446 1013 542 1063 καὶ
567 1009 782 1081 ἡδονῆς,
818 1007 914 1060 καὶ
939 1007 1086 1069 ὅπως
1114 1001 1260 1076 εἶχεν
1285 1006 1318 1074 ἡ
1347 1004 1468 1072 ὄψις
1491 1003 1763 1057 ἐκοινοῦτο
1798 1003 1876 1074 τῷ

2015 1006 2190 1060 iderat
2224 1006 2510 1069 visionem,
2555 1014 2609 1059 et
2639 1020 2755 1058 eam
2787 1005 3040 1073 judicans
3083 1009 3312 1077 tempori
3357 1025 3562 1065 conve-

285 1103 482 1173 φίλῳί
524 1102 680 1153 Ἔστι
718 1117 792 1164 τι,
833 1098 1074 1167 Νέαρχε,
1109 1097 1304 1164 λέγων,
1336 1096 1507 1167 ὃτάχα
1531 1096 1718 1149 τοῦτον
1744 1099 1876 1167 ἡμῖν

2011 1097 2636 1165 lientem,cmpitrepleri
2663 1096 2860 1166 gaudio
2888 1106 2942 1152 et
2965 1100 3274 1167 voluptate:
3303 1111 3564 1170 etquemo

287 1191 524 1246 κωλύσει
551 1190 804 1259 γενέσθαι
825 1188 916 1241 τὸν
943 1188 1240 1260 χωρισμόν.
1481 1204 1487 1211 ·

2017 1189 2275 1243 dmodum
2310 1189 2426 1242 haec
2462 1187 2629 1242 fuerit
2688 1189 2844 1252 visio,
2897 1190 3326 1244 communicavit
3359 1193 3562 1259 amico,

1980 1282 2074 1338 Est
2097 1281 2322 1350 aliquid,
2359 1281 2568 1343 dicens,
2595 1296 2626 1334 o
2656 1280 2920 1344 Nearcho,
2948 1282 3092 1351 quod
3120 1283 3426 1351 prohibebit
3461 1300 3568 1340 no-

264 1376 274 1436 Ῐ
1983 1375 2065 1428 bis
2098 1374 2240 1427 hanc
2287 1374 2402 1428 fieri
2439 1376 2862 1443 separationem.

260 1445 274 1519 ῗ
361 1459 442 1511 Ε’.
472 1452 628 1510 Εἶδον
658 1455 768 1526 γὰρ
811 1453 924 1524 ἐγὼ
983 1455 1072 1508 τὸν
1107 1454 1382 1526 Χριστὸν,
1425 1456 1483 1509 ὃν
1529 1456 1593 1508 σὺ
1635 1472 1879 1527 προσκυο

2057 1465 2118 1520 V.
2164 1466 2280 1520 Vidi
2312 1468 2461 1520 enim
2491 1483 2591 1538 ego
2628 1467 2932 1532 Christum,
2966 1483 3125 1538 quem
3161 1478 3214 1524 tu
3251 1469 3464 1536 adoras,
3498 1470 3566 1526 ad

286 1553 424 1615 νεῖς,
482 1548 853 1619 προσελθόντα
906 1565 1017 1619 μοι,
1066 1549 1162 1602 mi.
1215 1549 1367 1600 τουτί⁵
1417 1547 1515 1617 μὲν
1547 1548 1608 1600 τὸ
1654 1547 1881 1618 πιναρὸν

2011 1574 2071 1613 ue
2102 1559 2515 1625 accendentem,
2554 1561 2656 1614 hac
2698 1561 2938 1625 sordida,
2985 1578 3091 1632 qua
3142 1578 3261 1616 sum
3315 1563 3561 1630 indutus,

291 1643 508 1714 ίμάτιον
539 1642 566 1695 ὂ
594 1642 1000 1712 περιϐέϐλημαι
1053 1640 1405 1695 ἀποδύσαντά
1457 1657 1524 1708 με
1558 1657 1572 1670 ο
1603 1640 1794 1708 ἑτέραν
1825 1640 1881 1692 δέ

2011 1659 2136 1704 'este
2164 1665 2250 1704 me
2279 1652 2519 1716 exuisse,
2556 1652 2662 1705 alia
2697 1667 2826 1705 vero
2856 1653 3014 1706 valde
3057 1653 3295 1720 pretiosa
3335 1654 3390 1721 (0
3441 1654 3564 1724 quis

289 1753 413 1789 τινα
445 1735 638 1806 στολὴν
675 1735 819 1806 μάλα
863 1734 1054 1804 τίμίαν
1106 1736 1214 1804 (τίς
1261 1734 1326 1788 ἂν
1384 1735 1600 1806 ἐκείνης
1645 1734 1788 1786 είποι
1819 1732 1880 1784 τὸ

2011 1745 2130 1799 llius
2155 1745 2620 1814 pulchritudinem
2655 1746 2853 1800 dixerit
2905 1755 2961 1802 et
3012 1747 3422 1817 splendorem!)
3476 1749 3564 1802 in-

287 1828 491 1890 κάλλος
532 1827 628 1881 καὶ
664 1827 766 1898 τὴν
817 1825 1152 1896 φαιδρότητα
1174 1825 1212 1895 ;)
1265 1827 1639 1895 ἀμφιάσαντα,
1703 1826 1878 1894 χρυσῇ

2011 1838 2190 1904 luisse,
2225 1839 2382 1906 cujus
2417 1839 2706 1894 humerum
2748 1839 2911 1894 fibula
2937 1835 3349 1910 constringebat
3375 1855 3564 1894 aurea.

287 1923 356 1991 τῇ
392 1923 596 1991 περόνῃ
628 1919 759 1992 περὶ
801 1919 893 1972 τὸν
951 1912 1100 1988 ὦμον
1153 1917 1522 1987 συνεχομένην
1547 1932 1564 1948 ο
1599 1916 1792 1968 ἔπειτα
1826 1914 1883 1967 δέ

2011 1931 2195 1986 )einde
2223 1947 2352 1986 vero
2385 1932 2518 1986 mihi
2549 1949 2764 2002 quoque
2791 1949 2991 2004 equum
3022 1932 3312 1986 tradidisse
3338 1933 3566 1990 alatum.

293 2014 506 2084 μοικαὶ
544 2013 717 2065 ἵππον
747 2012 1156 2082 ἐγχειρήσαντα
1211 2010 1509 2077 πτερωτόν.
1563 2009 1725 2062 Ἀλλά
1773 2025 1885 2060 τοι-

2011 2009 2161 2095 ltque
2208 2026 2334 2080 talis
2382 2026 2602 2096 quidem
2640 2025 2742 2080 fuit
2788 2026 2949 2089 visio,
2983 2041 3146 2095 quam
3176 2024 3312 2078 vidit
3351 2025 3570 2079 divinus

291 2105 433 2176 αύτη
473 2105 573 2175 μὲν
611 2104 732 2174 ὄψις
769 2107 834 2174 ἦν
877 2104 906 2156 6
956 2103 1099 2166 θεῖος
1141 2102 1480 2165 Πολύευκτος
1527 2097 1636 2156 εἶδε
1663 2117 1678 2132 ·
1732 2102 1883 2170 ἔλεγε

2011 2118 2311 2188 ’olyeuclus
2347 2134 2360 2169 :
2399 2118 2516 2186 ejus
2539 2126 2719 2171 autem
2749 2133 3092 2187 nequaquam
3128 2117 3232 2172 fuit
3255 2135 3428 2173 vanus
3456 2120 3570 2172 exi-

291 2197 351 2249 δὲ
378 2199 458 2260 είς
487 2196 642 2250 κενὸν
679 2195 954 2268 ούδαμῶς,
985 2196 1121 2250 ἀλλὰ
1153 2195 1212 2248 τὸ
1247 2195 1438 2266 μέλλον
1468 2195 1713 2267 ἀκριὸῶς
1745 2196 1886 2248 εἰκό-

2015 2225 2100 2271 us,
2132 2209 2227 2262 sed
2263 2209 2520 2278 przeclare
2550 2209 2818 2279 expressit
2858 2209 2908 2262 id
2938 2210 3084 2278 quod
3139 2220 3258 2264 erat
3300 2210 3569 2270 futurum.

290 2287 463 2350 νιζεν.
515 2287 583 2340 ’Π
618 2287 726 2357 γάρ
753 2286 1055 2356 ἀμφιθείσα
1083 2285 1344 2356 καλλίστη
1376 2286 1564 2357 ἐκείνη
1597 2285 1756 2354 στολὴ
1787 2287 1885 2355 τὴν

2011 2307 2195 2353 nutata
2219 2299 2438 2368 quidem
2479 2300 2570 2354 illa
2598 2301 2768 2354 vestis
2793 2301 3183 2371 pulcherrima,
3212 2303 3571 2357 mutationem

290 2379 404 2432 ἀπὸ
460 2378 556 2432 τοῦ
609 2380 855 2449 χείρονος
917 2378 1009 2431 ἐπὶ
1047 2378 1117 2431 τὰ
1159 2378 1395 2450 κρείττω
1442 2378 1746 2450 μεταϐολὴν
1780 2381 1888 2433 ἀπὸ

2011 2407 2043 2444 n
2076 2391 2272 2446 melius
2303 2408 2366 2446 ex
2399 2407 2465 2446 eo
2499 2393 2645 2462 quod
2687 2402 2770 2448 est
2814 2394 3056 2449 deterius
3088 2413 3101 2449 ε
3142 2411 3362 2466 nempe,
3397 2404 3455 2450 ut
3505 2411 3574 2452 ex

291 2471 394 2540 τῆς
437 2471 532 2524 ἐπὶ
559 2471 666 2540 γῆς
695 2472 958 2542 στρατιᾶς
991 2471 1073 2533 είς
1115 2471 1214 2542 τὴν
1243 2472 1570 2543 ἐπουράνιον
1601 2473 1695 2524 καὶ
1736 2471 1885 2525 θείαν

2014 2499 2211 2538 errena
2262 2484 2455 2540 militia
2505 2485 2560 2537 in
2619 2485 2894 2540 cmlcstem
2941 2497 2997 2542 et
3049 2487 3294 2542 divinum
3341 2488 3574 2543 militum

1993 2575 2294 2629 referretur
2341 2591 2667 2640 numerum,
2727 2594 2825 2646 per
2867 2594 3028 2647 quem
3080 2590 3198 2634 erat
3243 2579 3296 2633 in
3347 2580 3574 2635 chorum

1993 2676 2289 2740 martyrum
2320 2668 2676 2738 coaptandus.
2703 2669 2892 2724 Alatus
2922 2680 3102 2724 autem
3131 2672 3219 2725 ille
3246 2688 3419 2742 equus
3443 2673 3574 2743 quid

1991 2759 2136 2813 aliud
2167 2761 2341 2829 possit
2366 2760 2692 2830 significare,
2719 2777 2882 2830 quam
2913 2761 3060 2816 illius
3092 2763 3324 2818 celerem
3361 2779 3389 2817 a
3429 2773 3570 2819 terra

1992 2852 2046 2907 in
2075 2854 2244 2908 caelos
2265 2853 2589 2907 ascensum?
3503 2841 3508 2846 ’

294 2561 717 2634 στρατολογίαν,
783 2560 903 2613 καθ’
963 2561 1031 2630 ἣν
1083 2562 1112 2614 6
1161 2561 1390 2632 Μάρτυς
1434 2561 1513 2631 τῷ
1563 2561 1886 2632 μαρτυρικῷ

293 2655 448 2727 χορῷ
505 2654 878 2708 συνάπτεσθαι
911 2653 1094 2724 μέλλοι
1133 2668 1145 2682 ⁶
1177 2655 1205 2706 6
1235 2653 1293 2706 δέ
1324 2670 1387 2721 γε
1443 2654 1644 2724 πτηνὸς
1699 2655 1885 2720 ἵππος,

294 2751 352 2805 τί
405 2750 473 2804 ἂν
528 2751 716 2820 ἕτερον
763 2746 876 2820 εἶχε
911 2747 1108 2820 δηλοῦν
1138 2749 1172 2820 ἢ
1208 2749 1307 2818 τὴν
1360 2752 1583 2819 ταχεῖαν
1632 2749 1740 2802 ἀπὸ
1792 2751 1889 2820 τῆς

297 2845 511 2897 ἐκείνου
533 2843 669 2913 πρὸς
702 2841 968 2912 οὐρανοὺς
1007 2840 1273 2894 ἀνάϐασιν
1306 2858 1320 2906 ;

377 2935 452 3004 ς’.
482 2936 673 2989 Ταῦτα
709 2934 1018 2990 ἀκούσαντα
1049 2933 1299 3002 Νέαρχον
1328 2930 1566 3002 ἡσθῆναί
1592 2950 1651 2985 τε
1686 2933 1780 2986 καὶ
1800 2935 1892 2987 εύ-

301 3031 581 3102 φροσύνης
621 3029 915 3099 γενόμενον
952 3044 967 3059 ο
1009 3027 1112 3080 Τὸν
1161 3025 1418 3096 Χριστὸν,
1448 3026 1645 3093 εἰπεῖν,
1674 3027 1888 3094 ἐγνωςς

2061 2945 2152 2999 Ἦ.
2197 2944 2321 3000 llaec
2350 2961 2472 2999 cum
2529 2945 2789 3002 audiisset
2817 2945 3137 3014 Nearchus,
3183 2947 3396 3002 laetatus
3451 2957 3574 3012 est,

1995 3037 2292 3109 hilarisque
2329 3039 2579 3102 eifectus,
2617 3040 2665 3093 ei
2705 3039 2843 3094 dixit
2881 3057 2892 3093 :
2924 3039 3201 3094 Christum
3232 3039 3578 3110 cognovisti?

300 3125 398 3177 τὸν
428 3121 688 3194 Χριστὸν,
722 3117 1052 3183 Πολύευκτε,
1074 3115 1166 3169 τὸν
1196 3115 1371 3187 ἀληθῆ
1401 3115 1566 3180 ὅντως
1597 3116 1726 3168 Θεόν
1755 3119 1892 3182 ;Τὺν

2011 3129 2295 3194 Shristum,
2326 3145 2358 3184 ο
2390 3129 2703 3202 Polyeuete,
2729 3133 2822 3200 qui
2856 3146 2984 3186 vere
3009 3142 3092 3185 est
3124 3129 3306 3186 Deus?
3330 3132 3421 3184 Ille
3448 3145 3578 3185 vero

300 3216 365 3268 δὲ
396 3216 534 3285 πρὸς
560 3212 772 3266 ταῦτα·
823 3211 960 3262 Πότε
1010 3207 1090 3274 δὲ,
1141 3206 1326 3276 φάναι,
1364 3205 1554 3260 τοῦτον
1605 3209 1890 3280 iuvenca;

306 3307 384 3359 ’Ἦ
429 3306 585 3370 πότε,
650 3302 743 3358 σοῦ
794 3303 926 3372 περὶ
983 3299 1148 3353 αὑτοῦ
1199 3299 1478 3368 λέγοντος,
1534 3300 1737 3372 τρόμος
1790 3303 1894 3355 οὐκ

305 3397 486 3451 είσέδυ
529 3413 633 3465 μου
662 3394 760 3465 τὴν
804 3392 1024 3462 ψυχήνς
1076 3390 1144 3444 "H
1175 3390 1664 3460 ἀναγινώσκοντος,
1696 3393 1797 3447 ούκ
1835 3394 1893 3447 ὲν

307 3489 553 3559 θαύματι
620 3485 945 3555 ποιούμενος
995 3480 1064 3555 ἦν
1109 3485 1222 3546 τοῖς
1273 3481 1502 3551 λόγοις;
1564 3484 1728 3553 μόνου
1783 3485 1894 3556 γὰρ

308 3581 544 3651 ἐδεόμην
571 3579 853 3649 ὀνόματος,
880 3575 1072 3628 ἔπειτα
1100 3574 1237 3628 ἄλλα
1264 3591 1327 3644 γε
1355 3577 1423 3646 τῇ
1469 3575 1706 3629 διαθέσει
1753 3577 1893 3648 Χρι-

312 3673 532 3736 στιανὸς
577 3667 667 3742 ἦν,
718 3672 812 3722 καὶ
841 3671 920 3733 εἰς
954 3667 1198 3721 δουλείαν
1237 3666 1497 3720 ἔσπευδον
1536 3668 1772 3737 ἐμαυτὸν
1807 3671 1894 3722 ὲν-

308 3764 477 3829 τάξαι
530 3762 608 3831 τῷ
655 3759 902 3832 Δεσπότη
953 3757 1197 3830 Χριστῷ,
1235 3756 1407 3810 πολλὰ
1461 3759 1673 3830 χαίρειν
1726 3760 1896 3815 εἰπὼν

313 3857 435 3916 ταῖς
483 3852 743 3925 ματαίαις
771 3851 879 3906 τῶν
911 3851 1146 3904 εἰδώλων
1170 3849 1469 3921 λατρείαις.
1499 3851 1564 3903 Τί
1597 3849 1690 3905 οὖν
1724 3853 1897 3922 πράτ-

313 3963 506 4016 τομεν,
535 3938 580 3999 ὧ
622 3945 839 4015 Νέαρχε
873 3959 887 4008 ;
935 3943 988 3996 τί
1022 3942 1080 3995 δὲ
1129 3943 1206 4014 μὴ
1239 3943 1490 4013 φανερῶς
1520 3943 1899 4016 ἐπιδείκνυμεν

316 4041 418 4110 τὴν
441 4040 519 4102 είς
543 4037 776 4107 Χριστὸν
803 4036 1088 4108 ὁμολογίαν
1123 4053 1138 4102 ;
1172 4036 1281 4088 Καὶ
1308 4037 1336 4088 6
1372 4035 1618 4106 Νέαρχος
1649 4036 1900 4106 ἀσμένως

319 4132 493 4186 ταῦτα
527 4131 862 4200 δεξάμενοςς
913 4129 1025 4182 Καὶ
1077 4128 1265 4200 ῶσπερ
1327 4127 1664 4198 ἀπογυμνῶν
1709 4129 1899 4182 ἑαυτὸν

319 4225 418 4278 καὶ
446 4221 845 4277 ἀνακαλύπτων
871 4257 889 4275 .
937 4218 1080 4274 ’Λλλ’
1122 4221 1263 4289 ἐμοὶ,
1317 4219 1444 4290 ἔφη,
1475 4219 1803 4288 Πολύευκτε,
1838 4223 1898 4274 ού

321 4318 576 4382 πλοῦτος,
607 4317 668 4369 ού
726 4315 876 4380 δόξα,
933 4314 995 4366 ού
1047 4314 1443 4385 στρατιωτικὸν
1480 4313 1617 4376 ὅλως
1651 4313 1892 4383 ἀξίωμα,

319 4409 478 4462 οὐδὲν
535 4407 664 4462 ἀλλο
710 4405 820 4460 τῶν
872 4404 963 4458 τοῦ
1000 4406 1205 4476 κόσμου
1242 4406 1340 4476 τῆς
1375 4407 1431 4458 ὲν
1484 4406 1705 4477 Χριστῷ
1757 4404 1902 4476 ζωῆς

2001 3219 2052 3274 ei
2087 3221 2218 3274 dicit
2251 3238 2264 3274 :
2301 3219 2530 3287 Quando
2556 3231 2740 3278 autem
2779 3238 2904 3277 eum
2943 3223 3224 3293 ignoravi?
3258 3223 3419 3289 Num,
3452 3239 3578 3277 cum

2004 3325 2062 3371 tu
2101 3316 2168 3370 de
2202 3331 2268 3370 eo
2312 3317 2544 3381 diceres,
2583 3325 2787 3372 tremor
2841 3333 3022 3371 meum
3055 3317 3272 3372 subibat
3301 3315 3578 3370 animum?

2001 3415 2239 3460 autcum
2263 3407 2490 3478 legeres,
2520 3423 2628 3462 non
2655 3411 2774 3478 ejus
2799 3409 3109 3462 admirabar
3140 3407 3461 3462 sermones?
3485 3424 3577 3463 so-

2005 3500 2117 3554 lum
2149 3503 2296 3555 enim
2335 3501 2470 3556 mihi
2499 3517 2703 3557 nomen
2738 3503 2924 3556 deerat
2963 3521 2975 3555 :
3009 3501 3212 3571 alioqui
3252 3501 3399 3556 enim
3428 3515 3576 3555 eram

2005 3591 2298 3648 affectione
2319 3593 2686 3660 Christianus,
2709 3606 2764 3650 et
2782 3594 3065 3649 studebam
3087 3609 3172 3649 me
3192 3594 3405 3648 Domini
3423 3593 3584 3649 Chri-

2007 3684 2075 3740 sti
2107 3685 2420 3754 mancipare
2449 3685 2694 3748 servitio,
2729 3685 2958 3739 multum
3005 3686 3186 3741 valere
3223 3686 3423 3754 jubens
3463 3687 3581 3742 cul-

2009 3787 2097 3833 tus
2141 3777 2332 3833 inanes
2363 3777 2818 3834 simulacrorum.
2872 3779 3013 3846 Quid
3063 3795 3192 3851 ergo
3232 3779 3495 3846 facimus,
3548 3795 3582 3836 ο

2009 3874 2260 3929 Nearehe
2295 3891 2309 3927 :
2346 3890 2444 3928 cur
2468 3889 2578 3928 non
2634 3883 2820 3944 aperte
2868 3877 3211 3931 ostendimus
3241 3882 3485 3929 nostram
3527 3875 3583 3928 in

2008 3966 2286 4022 Christum
2317 3965 2755 4021 confessionem?
2783 3965 2922 4021 Cum
2972 3969 3088 4024 haec
3117 3977 3301 4023 autem
3335 3967 3585 4021 lubenter

2010 4057 2314 4126 accepisset
2341 4056 2642 4118 Nearchus.
2667 4059 2825 4123 dixit,
2851 4075 2908 4113 se
2940 4059 3104 4114 veluti
3131 4059 3346 4114 nudans
3377 4067 3434 4114 et
3457 4073 3586 4128 ape-

2009 4149 2158 4203 riens
2191 4167 2203 4202 :
2235 4147 2387 4214 Mihi,
2423 4165 2456 4203 ο
2485 4137 2796 4219 Polyeucte,
2841 4165 2950 4204 non
2983 4150 3207 4212 divitiae,
3243 4165 3353 4204 non
3389 4149 3581 4220 gloria,

2010 4258 2113 4297 nec
2143 4242 2368 4296 omnino
2393 4239 2629 4311 dignitas
2653 4241 2924 4307 militaris,
2962 4258 3064 4297 nec
3103 4242 3305 4313 aliquid
3333 4242 3480 4297 aliud
3517 4257 3584 4296 ex

1986 4335 2099 4399 ~iis,
2134 4350 2254 4404 qua:
2289 4342 2419 4389 sunt
2454 4334 2618 4403 hujus
2677 4336 2888 4397 mundi,
2942 4335 3233 4404 praefertur
3269 4335 3412 4394 vitae.
3460 4349 3584 4404 qua:

2010 4436 2092 4479 est
2133 4425 2186 4478 in
2224 4425 2456 4489 Christo,
2490 4441 2610 4479 eam
2637 4426 2784 4479 enim
2819 4427 2988 4480 solam
3025 4426 3273 4481 desidero
3309 4445 3321 4479 :
3351 4427 3453 4480 alia
3484 4441 3587 4480 au-

322 4501 750 4572 προτιμότερον’
781 4497 986 4568 ταύτης
1014 4499 1122 4566 γὰρ
1151 4497 1372 4568 ἐφίεμαι
1398 4497 1588 4568 μόνης,
1613 4498 1681 4550 τὰ
1701 4497 1744 4551 δ’
1773 4497 1901 4551 ἄλλα

2014 4525 2122 4570 tem
2150 4516 2287 4584 apud
2318 4531 2405 4568 me
2436 4525 2563 4569 sunt
2597 4532 2783 4584 parva,
2831 4527 2886 4570 et
2924 4516 3126 4570 nullius
3169 4517 3348 4586 pretii.
3385 4516 3587 4572 Deinde

327 4593 506 4664 μικρά
567 4609 657 4664 μοι
715 4593 813 4645 καὶ
844 4591 938 4644 τοῦ
969 4591 1197 4662 μηδενός
1231 4592 1372 4643 εἰσιν
1415 4587 1562 4654 ἀξια.
1622 4585 1760 4642 Εἶτα
1812 4589 1907 4643 καὶ

325 4684 491 4738 πάλιν
528 4685 557 4737 6
602 4683 744 4746 θεῖος
802 4682 1160 4749 Πολύευκτος,
1219 4681 1407 4752 ὥσπερ
1462 4681 1908 4752 ἀποπειρώμενος

325 4776 494 4832 αὑτοῦ
525 4776 624 4847 τῆς
656 4774 882 4846 γνώμης
913 4790 927 4804 ο
963 4774 1029 4826 Τί
1077 4774 1156 4839 δὲ,
1208 4774 1306 4826 ούκ
1360 4773 1578 4843 ὀρέγει,
1636 4774 1761 4843 ἔφη,
1813 4771 1908 4824 τοῦ

328 4869 597 4941 παρόντος
625 4867 780 4921 τοῦδε
829 4883 909 4920 σοι
946 4865 1298 4937 ἀξιώματοςς
1349 4865 1460 4919 Καὶ
1492 4866 1520 4917 6
1570 4866 1817 4937 Νέαρχος
1849 4867 1912 4918 ἐκ

333 4962 565 5032 καρδίας
621 4959 795 5014 ταῦτα
853 4960 949 5014 καὶ
995 4961 1096 5014 οὐκ
1147 4961 1226 5024 είς
1276 4960 1584 5032 ἀπόπειραν
1630 4958 1913 5030 προελθεῖν

333 5055 536 5124 νοήσας
563 5069 577 5084 ⁸
611 5051 852 5118 ’Δγνοείν
885 5071 975 5123 μοι
1019 5053 1224 5118 ἔοικας,
1269 5052 1373 5126 ἔφη
1399 5095 1413 5120 ,
1476 5054 1801 5118 Πολύευκτε,
1855 5053 1916 5106 τὸ

328 5143 532 5216 ἀληθὲς
567 5144 626 5198 ὲν
683 5142 906 5214 Χριστῷ
955 5142 1192 5213 ἀξίωμα,
1251 5143 1346 5196 καὶ
1402 5142 1500 5212 τὴν
1540 5144 1671 5213 παρ’
1723 5143 1916 5214 ἐκείνῳ

326 5236 514 5302 δόξαν,
538 5235 634 5290 καὶ
653 5234 751 5307 τὴν
774 5235 854 5298 είς
881 5235 1139 5289 οὐδέποτε
1165 5235 1483 5307 παυομένην
1509 5235 1914 5306 μακαριότητα.

333 5327 498 5380 Οὕτω
558 5327 740 5397 μέντοι
799 5321 940 5396 ἦσαν
989 5324 1477 5396 κοινολογούμενοι,
1535 5326 1627 5379 καὶ
1665 5313 1918 5395 ’φανερὰν

332 5419 589 5489 ἀλλήλοις
615 5417 716 5489 τὴν
741 5417 949 5472 ἑαυτῶν
981 5417 1206 5490 γνώμην
1237 5419 1539 5482 ποιοῦντες.

409 5513 485 5566 Z'.
524 5510 860 5574 Πολύευκτος
893 5509 950 5564 δὲ
984 5513 1012 5564 6
1042 5498 1209 5574 καλὸς
1251 5513 1348 5564 καὶ
1374 5512 1547 5582 ἡδέως
1575 5509 1632 5565 δὲ
1660 5509 1797 5580 πρὸς
1829 5511 1922 5565 τὸν

333 5603 494 5673 φίλον
541 5607 638 5658 καὶ
687 5605 987 5675 χαριέντως
1024 5602 1225 5657 ἐθέλων
1255 5604 1428 5657 είπεῖν
1457 5617 1476 5636 ο
1519 5605 1590 5658 Σὺ
1627 5604 1748 5675 μὲν,
1791 5603 1922 5676 ἔφη,

2015 4623 2202 4661 rursus
2225 4606 2441 4660 divinus
2478 4605 2804 4677 Polyeuctus
2842 4607 2962 4676 ejus
2987 4607 3155 4660 animi
3188 4608 3351 4660 veluti
3380 4605 3590 4661 faciens

2015 4697 2318 4768 periculum
2352 4739 2364 4752 .
2399 4695 2538 4762 Quid
2570 4699 2740 4751 vero?
2781 4697 2989 4766 inquit;
3018 4712 3203 4750 aunon
3247 4697 3592 4766 concupiscis

2015 4785 2179 4850 hanc,
2211 4803 2332 4857 qua:
2359 4789 2511 4841 adest
2540 4787 2661 4848 tibi,
2693 4786 3054 4856 dignitatem?
3092 4785 3374 4842 Nearchus
3409 4794 3592 4842 autent

2015 4879 2338 4934 existimans
2375 4880 2492 4934 haec
2537 4879 2604 4934 ab
2653 4894 2719 4933 eo
2759 4879 2863 4933 dici
2895 4894 2961 4933 ex
3007 4879 3214 4946 animo,
3250 4887 3303 4934 et
3338 4895 3448 4934 non
3476 4881 3596 4948 ejus

2020 4972 2265 5026 tentandi
2302 4971 2473 5042 gratia
2498 4987 2513 5024 :
2543 4970 2775 5035 Videris,
2807 4970 2999 5040 inquit.
3035 4971 3194 5036 mihi,
3219 4986 3252 5026 ο
3280 4969 3594 5041 Polyeucte,

2018 5064 2268 5133 ignorare
2297 5078 2482 5118 veram
2516 5065 2571 5117 in
2605 5064 2826 5118 Christo
2857 5063 3204 5134 dignitatem,
3240 5071 3295 5118 et
3328 5079 3449 5118 eam
3475 5080 3597 5133 quae

2020 5165 2107 5210 est
2149 5154 2296 5225 apud
2339 5154 2493 5208 illum
2540 5155 2786 5226 gloriam.
2816 5165 2871 5209 et
2919 5171 3041 5224 quae
3070 5170 3348 5225 nunquam
3399 5164 3596 5219 cessat,

2021 5245 2438 5302 beatitudinem.
2501 5243 2594 5300 Sic
2648 5245 2868 5315 quidem
2925 5245 3071 5300 inter
3137 5261 3197 5300 se
3243 5243 3600 5300 conferebant

2023 5349 2324 5400 sermones,
2355 5343 2411 5389 ct
2451 5333 2557 5390 sibi
2591 5334 2826 5390 invicem
2851 5349 3006 5390 suam
3037 5335 3355 5406 aperiebant
3375 5342 3598 5389 senten-

2026 5429 2175 5484 tiam.

2095 5517 2209 5572 VII.
2249 5510 2509 5590 Egregius
2532 5527 2715 5575 autem
2741 5519 3065 5592 Polyeuctus
3081 5520 3324 5592 jucunde
3345 5527 3400 5575 et
3424 5519 3602 5590 lepide

2028 5612 2220 5667 volens
2249 5611 2453 5681 aliquid
2480 5613 2662 5668 amico
2705 5613 2890 5670 diiere
2926 5632 2940 5669 :
2976 5613 3055 5669 Tu
3093 5614 3313 5684 quidem
3357 5613 3604 5682 suSpiea-

334 5697 558 5767 ἀγνοεῖν
589 5715 658 5769 με
698 5695 1072 5761 ὺπώπτευσας
1119 5698 1219 5770 τὴν
1275 5699 1332 5752 ὲν
1363 5698 1583 5770 Χριστῷ
1614 5699 1794 5768 δόξαν,
1830 5718 1900 5754 κα

2028 5702 2194 5769 beris,
2229 5702 2426 5773 inquit,
2459 5719 2546 5759 me
2582 5704 2839 5776 ignorare
2863 5721 3142 5776 eam,quae
3163 5713 3249 5759 est
3277 5705 3334 5758 in
3360 5704 3600 5769 Christo,

336 5788 440 5861 τὴν
473 5788 605 5860 παρ’
641 5789 835 5860 ἐκείνῳ
867 5789 1280 5861 μακαριότηταο
1317 5788 1426 5858 ἐγὼ
1455 5789 1511 5842 δὲ
1543 5789 1637 5844 καὶ
1671 5790 1778 5862 πρὸ
1808 5789 1924 5858 σοῦ,

2031 5794 2279 5868 gloriam,
2310 5803 2366 5852 et
2391 5811 2514 5866 qua:
2542 5807 2627 5854 est
2664 5800 2809 5871 apud
2843 5799 3014 5867 illum,
3044 5796 3458 5856 beatitudinem.
3495 5796 3605 5870 Ego
