3886 6472
329 413 437 480 423

1527 419 1812 481 ΜΕΝὸιὸ
1851 419 2314 484 JANUARIUS.

3485 415 3598 482 4'23

328 535 533 591 autem,
581 539 614 582 ο
647 525 914 592 Nearche,
952 524 1138 580 videor
1168 534 1218 580 te
1237 525 1606 596 praecessisse,
1644 535 1700 580 et
1733 526 1909 597 impe-

2025 526 2258 599 Νέαρχε,
2291 525 2553 596 φαίνομαι
2575 523 2876 594 προκόψας,
2909 523 3002 580 καὶ
3053 523 3362 596 βασιλικὴν,
3407 525 3600 600 ὥσπερ

327 617 611 684 ratoriam,
644 626 700 672 ut
733 615 858 681 scis,
883 627 938 672 et
961 618 1240 672 cmlestem
1261 617 1606 690 chlamydem
1627 609 1908 688 accepisse

328 726 428 781 per
451 709 856 765 revelationem.
900 706 1006 764 Sed
1056 717 1240 763 tamen
1288 709 1414 764 volo
1445 724 1509 763 ex
1559 719 1610 778 te
1643 709 1908 764 sciscitari

327 801 547 872 aliquod
580 807 746 870 caput
773 799 1037 870 spiritale.
1071 798 1278 854 Vereor
1307 799 1454 854 enim
1506 815 1598 867 ue,
1623 803 1668 856 si
1700 801 1909 871 absque

331 892 694 947 sacramentis
723 890 1072 962 etmysteriis
1091 893 1414 946 accesserim
1445 892 1514 946 ad
1540 891 1907 959 Servatorem,

332 983 382 1038 ei
419 981 852 1037 videarminime
878 992 1160 1052 acceptus,
1193 990 1250 1038 et
1296 982 1552 1054 indiguus
1583 983 1676 1054 qui
1703 983 1912 1040 referar

333 1077 388 1130 in
423 1091 716 1131 numerum
761 1077 882 1146 ejus
912 1076 1167 1132 militum.
1203 1074 1498 1146 Postquam
1538 1076 1658 1132 haec
1701 1076 1912 1132 audivit

333 1165 634 1230 Nearchus,
667 1166 849 1222 statim
887 1167 1081 1238 surgit,
1109 1175 1165 1221 et
1211 1166 1394 1222 evadit
1433 1168 1618 1222 animo
1645 1167 1826 1223 acrior
1854 1177 1912 1223 et

335 1257 718 1314 vehementior
763 1275 777 1312 :
814 1268 870 1312 et
915 1257 1151 1314 amicum
1187 1257 1386 1339 incipit
1430 1273 1696 1321 recreare,
1734 1275 1913 1328 prom-

333 1351 612 1422 ptiorique
633 1360 688 1406 et
709 1351 959 1406 alacriori
989 1351 1174 1406 animo
1203 1365 1329 1405 eum
1356 1351 1588 1406 reddere
1617 1350 1686 1406 ad
1707 1350 1912 1406 Christi

335 1444 519 1509 ﬁdem,
549 1443 740 1499 dicens
782 1460 795 1496 :
824 1442 1004 1509 Nulla,
1035 1458 1068 1499 o
1102 1443 1454 1509 amicissime,
1484 1443 1555 1498 sit
1580 1442 1674 1498 tibi
1714 1443 1782 1498 de
1812 1443 1914 1498 hac

338 1550 398 1590 re
423 1534 714 1590 dubitatio.
743 1534 1020 1606 Scriptum
1051 1543 1135 1590 est
1165 1535 1311 1592 enim
1351 1549 1512 1604 posse
1539 1535 1714 1590 Deum
1738 1535 1822 1590 vel
1847 1551 1915 1590 ex

335 1627 424 1684 his
451 1626 724 1697 lapidibus
748 1626 1018 1681 suscitare
1055 1627 1196 1682 ﬁlios
1218 1625 1470 1681 Abrahae.
1509 1623 1664 1692 Quod
1693 1625 1913 1696 quidem

334 1718 464 1789 quid
497 1725 580 1773 est
618 1717 785 1782 aliud,
825 1733 986 1788 quam
1023 1717 1146 1784 hoc,
1182 1732 1344 1788 posse
1377 1715 1541 1772 etiam
1585 1716 1817 1788 gentiles
1845 1731 1914 1771 ex

335 1809 614 1878 insperato
648 1808 883 1861 salutem
939 1807 1178 1878 assequi,
1213 1817 1268 1862 et
1291 1823 1414 1862 esse
1447 1807 1648 1862 milites
1671 1806 1913 1861 Christi?

331 1901 467 1957 Nam
509 1899 788 1965 omnibus,
821 1909 882 1954 ut
926 1900 1098 1955 semel
1149 1899 1346 1965 dicam,
1383 1909 1572 1970 aperta
1619 1909 1704 1955 est.
1759 1910 1914 1971 porta

334 1995 457 2050 caeli
488 2012 500 2047 :
543 1992 677 2046 nulli
705 1993 930 2048 omnino
957 2009 1025 2048 ex
1055 1991 1312 2046 omnibus
1337 1992 1593 2046 occlusus
1622 2001 1706 2046 est
1727 1991 1916 2047 salutis

333 2086 534 2141 aditus.
571 2083 942 2150 Quamobrem
983 2083 1029 2138 is
1061 2099 1279 2153 quoque
1317 2083 1410 2153 qui
1441 2083 1634 2150 credit,
1665 2100 1915 2156 magnam

335 2175 562 2244 recipiet
582 2171 887 2228 mercedem
913 2187 1094 2242 parm
1116 2173 1262 2228 illius
1279 2171 1425 2227 ﬁdei.
1452 2171 1744 2244 Propterea
1766 2176 1916 2230 enim

336 2264 403 2319 iis
427 2277 668 2334 quoque,
700 2262 791 2332 qui
825 2263 1000 2333 prima
1031 2271 1088 2316 et
1119 2263 1280 2318 tertia
1311 2273 1366 2319 et
1393 2279 1541 2319 nona
1574 2265 1711 2320 hora
1731 2281 1919 2323 acces-

335 2363 527 2410 serunt
583 2351 653 2407 ad
713 2353 950 2416 vineam,
995 2352 1218 2422 zequalis
1267 2367 1478 2409 merces
1533 2353 1915 2411 decernitur‘.

337 2447 731 2513 Quamobrem,
763 2443 976 2500 etiamsi
1011 2445 1127 2516 ipse
1165 2444 1350 2500 tardus
1373 2446 1692 2515 accesseris,
1723 2449 1919 2503 eadem

339 2554 462 2608 qua:
497 2537 658 2608 primi
693 2536 917 2607 praemia
950 2536 1322 2606 consequeris.
1356 2536 1437 2590 Ad
1475 2537 1591 2593 haec
1630 2538 1790 2593 divus
1816 2537 1920 2594 Po-

338 2630 586 2701 lyeuctus
609 2637 868 2699 tauquam
901 2627 1022 2697 ejus
1044 2628 1306 2684 suliiisset
1327 2629 1568 2684 animum
1592 2631 1917 2687 recordatio.

341 2723 443 2776 l’er
471 2722 779 2785 veritatem,
808 2719 1007 2789 inquit,
1061 2719 1308 2774 Nearche
1349 2723 1704 2786 amicissime,
1732 2723 1918 2779 audiri

343 2813 636 2884 aliquando
667 2813 902 2866 latenter
936 2819 987 2866 te
1026 2812 1229 2883 aliquid
1259 2813 1533 2882 ejusmodi
1559 2815 1827 2884 legentem
1854 2833 1920 2871 ex

337 2909 523 2964 divina
549 2907 838 2978 scriptura,
862 2907 1008 2978 quod
1038 2921 1154 2974 eos,
1183 2907 1276 2978 qui
1307 2925 1471 2962 uuam
1507 2909 1696 2964 horam
1735 2919 1921 2966 essent

339 3001 574 3072 operati,
623 2999 816 3069 aequali
871 2999 1126 3054 Christus
1179 3000 1506 3054 honorasset
1545 3001 1798 3070 portione
1829 3002 1918 3067 iis,

339 3095 435 3163 qui
463 3091 856 3146 sustinuissent
886 3099 1060 3145 totuut
1102 3099 1298 3146 aestum
1339 3090 1473 3149 diei.
1503 3089 1784 3148 Nearchus
1821 3109 1920 3149 au-

2009 619 2189 686 οἷσθα,
2219 617 2472 690 χλαμύδα
2520 622 2618 671 καὶ⁵
2653 616 2914 688 οὐρανίαν
2961 617 3030 670 δι’
3073 616 3470 688 ἀποκαλύψεως
3501 635 3599 672 κο-

2014 712 2334 784 μισάμενος.
2391 711 2538 780 Πλὴν
2591 710 2727 765 ἀλλά
2768 710 3030 780 βούλομαί
3065 727 3124 764 σε
3162 711 3259 766 καὶ
3295 728 3599 781 πνευματι-

2013 803 2108 858 κόν
2163 819 2217 856 τι
2264 803 2484 874 ἐρέσθαι
2535 801 2872 870 κεφάλαιον
2905 802 3120 856 δέδοικα
3173 802 3282 874 γὰρ
3333 803 3409 875 μὴ
3467 803 3598 858 ἄνευ

2011 896 2246 952 τελετῶν
2275 913 2336 950 τε
2375 897 2470 950 καὶ
2529 897 2848 966 μυστηρίων
2905 895 3222 967 προσελθὼν
3267 896 3346 968 τῷ
3383 896 3600 968 Σωτῆρι

2011 989 2383 1060 ἀπρὸσδεκτος
2412 988 2635 1060 ὀφθείην
2669 986 2842 1060 αύτῷ,
2867 989 2965 1042 καὶ
2991 988 3094 1042 οὐκ
3115 988 3264 1054 ἄξιος
3285 991 3399 1052 τοῖς
3437 988 3600 1044 ὲκεί-

2011 1098 2106 1135 νου
2143 1080 2653 1150 συγκαταλέγεσθαι
2687 1081 3073 1152 στρατιώταις.
3104 1081 3292 1135 Ταῦτα
3317 1079 3600 1152 ὡς’ἡκου-

2015 1191 2107 1226 σεν
2128 1173 2156 1226 ὁ
2180 1174 2450 1245 Νέαρχος,
2485 1173 2650 1236 εὐθύς
2677 1190 2737 1226 τε
2761 1173 3122 1238 διανίσταται,
3151 1173 3244 1226 καὶ
3265 1171 3600 1243 θερμότερος

2013 1263 2112 1336 τὴν
2139 1263 2317 1335 ψυχὴν
2375 1264 2616 1332 γίνεται,
2673 1267 2768 1318 καὶ
2823 1263 2915 1318 τὸν
2971 1263 3123 1333 φίλον
3184 1263 3599 1334 ἀναλαμϐάνειν

2013 1354 2261 1424 ἄρχεται,
2318 1356 2412 1409 καὶ
2454 1354 2862 1426 προθυμότερον
2910 1355 3040 1426 περὶ
3096 1355 3198 1428 τήν
3229 1355 3324 1410 τοῦ
3354 1353 3598 1427 Χριστοῦ

2014 1445 2199 1499 πίστιν
2242 1445 2540 1501 διατιθέναι
2573 1462 2589 1477 ·
2630 1447 2840 1518 μηδεὶς,
2865 1445 2914 1499 ὦ
2947 1447 3172 1516 φίλτατε
3194 1487 3209 1513 ,
3244 1446 3438 1515 λέγων,
3493 1463 3602 1516 μη-

2013 1535 2124 1600 δεὶς
2153 1535 2293 1590 ἔστω
2323 1553 2406 1590 σοι
2460 1539 2588 1610 περὶ
2640 1536 2832 1590 τούτου
2879 1537 3178 1608 διπαγμός
3209 1553 3224 1568 ο
3277 1537 3599 1606 γέγραπται

2013 1626 2124 1698 γὰρ
2146 1626 2371 1681 δυνατὸν
2400 1624 2546 1682 εἶναι
2579 1629 2658 1700 τῷ
2695 1628 2814 1700 Θεῷ
2847 1629 2942 1683 καὶ
2975 1631 3038 1683 ὲκ
3075 1629 3182 1682 τῶν
3205 1629 3368 1683 λίθων
3389 1627 3601 1682 τούτων

2015 1719 2235 1790 ἐγείραι
2268 1719 2437 1772 τέκνα
2464 1719 2542 1788 τῷ
2597 1721 2868 1791 Ἀϐραάμ.
2905 1720 3087 1791 Ὅπερ
3115 1721 3168 1774 τί
3199 1720 3328 1776 ἄλλο
3360 1719 3394 1790 ἢ
3435 1720 3601 1774 τοῦτο

2013 1810 2156 1875 ἐστὶ,
2190 1809 2252 1864 τὸ
2286 1807 2346 1874 ἐξ
2376 1809 2700 1864 ἀνελπίστου
2741 1815 2836 1864 καὶ
2865 1811 2993 1876 τοὺς
3023 1811 3081 1879 ἐξ
3127 1809 3298 1864 ἐθνῶν
3331 1809 3602 1866 δύνασθαι

1945 1887 1987 1943 Β
2017 1901 2278 1970 σωθῆναι,
2309 1903 2405 1956 καὶ
2435 1903 2768 1973 στρατιῶται
2795 1903 3131 1972 καταστῆναι
3154 1902 3391 1972 Χριστοῦ
3423 1919 3438 1968 ;
3474 1903 3601 1956 ἐπεὶ

2017 1993 2113 2050 καὶ
2141 1994 2306 2049 πᾶσιν
2337 1992 2528 2057 ’ἁπλῶς
2562 1995 2596 2065 ἡ
2628 1993 2879 2066 οὐράνιος
2907 1993 3153 2064 ήνοικται
3203 1993 3366 2065 πύλη,
3419 1993 3603 2048 οὐδενὶ

2015 2084 2126 2140 τῶν
2155 2085 2371 2140 πάντων
2395 2086 2430 2157 ἡ
2455 2085 2558 2155 τῆς
2597 2085 2872 2157 σωτηρίας
2903 2085 3332 2140 ἀποκέκλεισται
3368 2085 3602 2149 εἴσοδος.

2019 2177 2184 2232 Ὅθεν
2216 2177 2311 2232 καὶ
2334 2177 2363 2231 ὁ
2389 2175 2665 2231 πιστεύων
2695 2176 2865 2230 πολὺν
2901 2176 2994 2230 τὸν
3032 2175 3224 2248 μισθὸν
3251 2177 3350 2247 τῆς
3379 2177 3602 2248 μακρᾶς

2017 2269 2250 2335 ἐκείνοις
2299 2269 2538 2332 πίστεως
2589 2269 2897 2342 κομίσεται.
2953 2269 3053 2324 Διὰ
3101 2268 3275 2324 ταῦτα
3321 2269 3432 2339 γὰρ
3481 2271 3602 2332 τοῖς

2020 2362 2245 2434 πρώτην
2299 2362 2394 2416 καὶ
2450 2363 2667 2434 τρίτη-ν,
2698 2363 2864 2432 ἕκτην
2913 2379 2974 2416 τε
3022 2363 3116 2416 καὶ⁸
3174 2361 3400 2432 ἐννάτην
3448 2359 3602 2431 ὥραν

2020 2453 2347 2527 προελθοῦσι
2378 2453 2456 2525 τῷ
2519 2453 2806 2527 ἀμπελῶνι
2849 2454 2974 2510 κατ’
3033 2455 3147 2509 ἴσον
3201 2450 3522 2524 ἀφορίζεται
3569 2451 3603 2502 ὁ

2023 2548 2236 2620 μισθὸς,
2271 2546 2414 2602 ὥστε
2456 2547 2559 2604 κᾶν
2599 2548 2842 2620 βραδέως
2890 2547 3054 2612 αύτδς
3107 2545 3436 2618 προσέλθῃς,
3487 2543 3603 2598 τῶν

2021 2642 2202 2696 αὐτῶν
2230 2645 2344 2704 τοῖς
2374 2641 2614 2714 πρώτοις
2667 2640 2949 2714 ἀξιωθήσῃ
3003 2639 3206 2711 γερῶν.
3253 2637 3398 2710 Πρὸς
3427 2634 3604 2690 ταῦτα

2020 2734 2048 2786 ὁ
2079 2731 2222 2795 θεῖος
2282 2731 2619 2796 Πολύευκτος
2679 2731 2870 2801 ὥσπερ
2919 2733 3232 2803 ἀναμνῆσαι
3280 2729 3607 2801 βουλόμενος

2022 2825 2182 2878 αὐτόν
2211 2842 2227 2858 ·
2260 2826 2344 2895 Νὴ
2374 2825 2472 2896 τὴν
2503 2824 2787 2896 ἀλήθειαν,
2830 2816 2876 2876 ὧ
2906 2825 3151 2894 φίλτατε,
3199 2822 3328 2894 ἔφη,
3358 2822 3602 2893 Νέαρχε,

2023 2918 2230 2988 ἧκονσά
2277 2917 2373 2972 σού
2424 2933 2558 2971 ποτε
2601 2915 2904 2988 λεληθότως
2955 2915 3197 2972 τοιοῦτόν
3232 2932 3288 2969 τι
3324 2914 3422 2985 τῆς
3452 2912 3606 2977 θείας

2023 3010 2241 3081 γραφῆς
2277 3008 2850 3078 ύπαναγινώσκυντος,
2882 3008 2966 3063 ὅτι
2998 3010 3114 3073 τοῖς
3165 3007 3258 3064 τὸν
3301 3006 3422 3062 ὅλον
3467 3004 3608 3060 καύ-

2025 3118 2173 3157 σωνα
2198 3103 2298 3172 τῆς
2345 3101 2560 3174 ἡμέρας
2610 3102 3054 3174 ύπομεμνηκὸσι,
3098 3101 3229 3165 τοὺς
3278 3099 3409 3172 μίαν
3451 3099 3608 3173 ὤραν

341 3197 452 3243 tem
481 3207 494 3242 :
533 3187 697 3242 Multa
718 3201 956 3257 quoque,
984 3187 1184 3256 inquit,
1219 3202 1254 3243 ο
1293 3187 1375 3242 vir
1407 3190 1646 3260 egregie,
1676 3187 1918 3245 invenies

2025 3193 2433 3266 ἐργασαμένους
2467 3193 2598 3266 περὶ
2633 3195 2734 3264 τὴν
2781 3193 2877 3248 τοῦ
2911 3192 3107 3264 μισθοῦ
3139 3193 3287 3248 δόσιν
3326 3193 3610 3264 ίσομοιρία

342 3277 616 3349 eiusmodi
659 3276 932 3348 exempla.
988 3277 1128 3333 Ecce
1173 3277 1342 3343 enim,
1383 3279 1583 3350 inquit,
1629 3281 1788 3347 latro,
1829 3279 1920 3350 qui

341 3371 446 3426 fuit
487 3385 612 3425 cum
648 3368 869 3425 Christo
913 3369 1228 3438 cruciﬁxus,
1260 3386 1385 3426 cum
1435 3371 1921 3427 innumerabilium

341 3477 472 3519 reus
505 3467 652 3518 esset
690 3460 1006 3530 criminum,
1040 3477 1138 3532 pro
1168 3462 1408 3531 modico,
1455 3471 1512 3518 et
1560 3464 1709 3519 hreri
1755 3463 1922 3519 verba

339 3571 565 3630 magnas
617 3555 826 3612 invenit
871 3557 1347 3614 remunerationes
1386 3573 1402 3612 :
1443 3565 1500 3612 et
1555 3573 1678 3628 qua:
1731 3556 1922 3612 multis

341 3650 548 3706 eruitur
569 3648 863 3705 sudoribus
885 3650 940 3704 in
963 3649 1220 3722 paradiso
1245 3648 1921 3718 conversatio,admodum

339 3740 501 3798 facile
527 3741 596 3796 ab
622 3756 690 3796 eo
709 3749 954 3815 paratur.
977 3741 1112 3798 Nam
1135 3742 1222 3799 rel
1243 3757 1410 3814 parva
1437 3741 1572 3798 ﬁdes
1601 3751 1779 3814 potest
1807 3758 1924 3800 ma-

339 3847 476 3906 gnos
505 3841 724 3890 montes
757 3831 1079 3888 transferre.

415 4005 554 4064 VIII.
596 4006 724 4064 Haec
777 4023 901 4064 cum
953 4007 1172 4064 divinus
1227 4009 1495 4066 audiisset
1549 4010 1918 4084 Polyeuctus,

329 4099 526 4156 animo
568 4099 752 4154 statim
783 4099 841 4154 in
889 4098 1060 4154 altum
1113 4100 1411 4170 extollitur,
1458 4110 1515 4158 et
1575 4115 1636 4158 ut
1694 4117 1922 4174 corpore

339 4194 540 4246 horum
578 4197 633 4245 et
661 4201 1008 4246 terrenarum
1038 4192 1284 4248 omnium
1325 4193 1486 4263 plane
1514 4193 1734 4260 oblitus,
1769 4194 1922 4254 Paci-

337 4295 582 4348 scarrur,
615 4281 749 4338 dicit
775 4283 1047 4350 Nearcho,
1079 4300 1181 4342 nos
1211 4286 1418 4342 ﬁrmius
1443 4297 1499 4344 et
1526 4289 1776 4344 stabilius
1801 4305 1922 4346 ser-

343 4381 567 4428 vaturos
596 4387 661 4428 ea
687 4388 809 4444 qua:
838 4373 953 4430 visa
971 4373 1197 4431 fuerint.
1220 4374 1333 4448 Ego
1356 4376 1502 4432 enim
1528 4377 1694 4434 rebus
1723 4379 1922 4434 huma-

333 4463 434 4519 nis
465 4461 534 4518 de
565 4475 768 4520 caetero
795 4465 1126 4522 renuntiavi.
1153 4467 1436 4533 Quodnam
1464 4475 1644 4524 autem
1670 4469 1738 4524 de
1759 4469 1920 4526 Chri-

340 4565 428 4611 sto
461 4570 563 4612 nos
591 4564 844 4627 oporteat
884 4556 1030 4612 ferre
1070 4529 1470 4624 testimonium,
1510 4561 1733 4632 planum
1769 4561 1919 4630 fecit,
1952 4529 2002 4590 θ

335 4663 466 4720 quae
511 4647 565 4704 id
615 4648 906 4720 pra-scivit,
964 4649 1147 4705 divina
1179 4650 1390 4707 Domini
1439 4651 1746 4708 clementia.
1782 4653 1924 4710 Ecce

345 4739 514 4806 enim,
550 4756 585 4796 ο
631 4739 896 4808 Nearehe,
934 4757 1076 4809 eam,
1109 4759 1233 4814 qua:
1273 4751 1358 4799 est
1390 4741 1447 4798 in
1479 4743 1650 4809 cmlis,
1679 4743 1925 4814 pulchri-

347 4827 592 4882 tudinem
621 4829 758 4884 mihi
792 4830 1004 4886 visione
1036 4832 1396 4904 apprehendit
1425 4833 1682 4904 cogitatio
1715 4851 1730 4888 :
1761 4850 1926 4905 quam

345 4919 569 4988 quidem
605 4923 885 4986 assistere,
927 4931 984 4977 et
1023 4923 1300 4980 Christum
1341 4923 1502 4979 rideo
1551 4933 1678 4980 ante
1715 4925 1922 4994 oculos,

339 5018 402 5063 et
431 5007 724 5078 splendore
767 5009 890 5080 ejus
927 5009 1152 5068 visionis
1183 5011 1320 5068 mihi
1349 5011 1533 5068 vultus
1566 5012 1921 5072 illuminatur.

344 5097 459 5153 Sed
488 5098 601 5168 jam
635 5107 853 5170 tempus
887 5109 971 5156 est
1005 5103 1184 5176 legere
1209 5103 1438 5175 impium
1479 5105 1718 5164 edictum
1747 5106 1924 5178 impe-

341 5197 602 5256 ratorum,
637 5199 694 5244 et
737 5203 888 5247 recte
929 5179 1069 5248 scire
1102 5195 1366 5265 quidnam
1397 5195 1528 5252 velit
1561 5212 1664 5253 nos
1719 5197 1924 5254 facere.

341 5278 603 5337 Sic-dixit
648 5299 664 5336 :
706 5298 946 5354 cumque
996 5285 1051 5340 id
1099 5288 1424 5358 accepisset,
1476 5291 1729 5363 perlegit,
1783 5291 1928 5347 inter

291 5443 295 5452 ι
339 5373 634 5445 legendum
664 5378 968 5449 conspuit:
1001 5387 1056 5435 et
1091 5394 1215 5436 cum
1261 5380 1315 5436 id
1369 5381 1425 5437 in
1473 5381 1650 5440 frusta
1717 5385 1928 5444 minuta

341 5463 722 5534 confregisset,
759 5470 941 5525 ventis
969 5471 1268 5528 mandavit.
1297 5472 1502 5528 Deinde
1528 5474 1606 5530 sic
1630 5489 1929 5531 conversus

345 5555 495 5612 videt
523 5557 666 5614 idola
686 5577 816 5630 qua:
839 5565 1220 5634 portabantur,
1259 5574 1314 5621 et
1361 5581 1394 5621 a
1439 5565 1624 5622 stultis
1651 5567 1928 5622 adoranda

339 5645 753 5707 deducebantur
800 5657 870 5710 ad
915 5672 1056 5713 aras.
1095 5656 1229 5728 Qua:
1269 5671 1396 5718 cum
1423 5657 1827 5734 iucundissime
1872 5667 1930 5715 et

412 5845 442 5934 ξ
469 5845 664 5928 ῌσιῑῒι.
684 5809 788 5922 τι,
825 5854 849 5910 l
878 5869 1034 5929 seqq.

2021 3287 2313 3358 τετίμηκεν
2337 3285 2367 3339 ὁ
2401 3285 2656 3357 Χριστός.
2692 3286 2753 3340 ὐ
2781 3285 2838 3339 δὲ
2866 3284 3113 3357 Νέαρχος
3133 3300 3147 3314 ·
3177 3284 3288 3340 Καὶ
3314 3284 3538 3358 ἑτέρων,
3566 3283 3610 3354 ἢ

2024 3379 2209 3451 βούλῃ,
2243 3377 2376 3450 ἐφηξ
2419 3381 2726 3453 θαυμάσια,
2782 3378 2996 3434 πολλῶν
3047 3379 3309 3435 τοιούτων
3349 3379 3613 3451 εὑρήσεις

2023 3468 2442 3544 ὕποδειγμάτων
2473 3489 2488 3504 ο
2521 3471 2724 3526 αὐτίκα
2751 3471 2860 3544 γὰρ
2890 3471 2922 3524 ὁ
2953 3468 3358 3542 σνσταυρωθεὶς
3378 3467 3460 3539 τῷ
3485 3468 3612 3522 Σω-

2022 3565 2152 3636 τῆρι
2180 3565 2388 3637 λῃστὴς
2425 3564 2640 3635 μυρίοις
2680 3561 3022 3633 ἐγκλήμασιν
3066 3562 3248 3633 ἔνοχος
3286 3557 3386 3624 ὢν,
3421 3559 3616 3628 ὀλίγον

2019 3655 2120 3713 καὶ
2143 3654 2394 3729 βραχέως
2441 3659 2684 3728 ῥήματος
2736 3655 2984 3726 μεγάλας
3028 3656 3348 3728 εὑρίσκεται
3400 3652 3611 3708 amas.

2025 3763 2138 3812 σεις
2169 3763 2186 3782 ο
2221 3751 2318 3802 καὶ
2346 3748 2380 3819 ή
2413 3745 2631 3812 πολλοῖς
2668 3746 2890 3818 ἱδρῶσιν
2929 3746 3099 3812 ﬁnio;
3139 3746 3240 3801 τοῦ
3272 3744 3620 3816 παραδείσου

2017 3838 2268 3912 διαγωγὴ
2296 3839 2441 3910 μάλα
2469 3839 2674 3911 ῥᾳδίως
2699 3839 2855 3910 αύτῷ
2881 3837 3186 3910 πορίζεται,
3217 3839 3340 3892 ἐπεὶ
3372 3838 3468 3892 καὶ
3515 3853 3616 3909 μι-

2025 3929 2132 4002 κρὰ
2158 3930 2340 3994 πίστις
2367 3929 2580 4002 μέγαλα
2605 3929 2704 4002 ὅρη
2740 3931 2998 4004 μεθιστᾷν
3024 3923 3268 3996 δύναται.

2094 4017 2176 4076 H'.
2207 4019 2426 4077 Τούτων
2451 4020 2510 4076 δὲ
2549 4022 2790 4088 ἀκούσας
2823 4024 2852 4077 ὁ
2885 4023 3030 4087 θεῖος
3053 4023 3414 4090 Πολύευκτος,
3444 4022 3618 4088 εὐθὺς

2024 4113 2447 4188 πτεροῦταιτὴν
2487 4113 2690 4187 ψυχὴν,
2725 4116 2822 4170 καὶ
2851 4111 2940 4170 οἷα
2983 4117 3092 4170 τῶν
3117 4116 3445 4188 σωματικῶν
3469 4115 3617 4170 ὅλων

2024 4205 2120 4260 καὶ
2150 4205 2510 4278 χαμαιζήλων
2560 4207 2732 4280 λήθην
2777 4209 2880 4280 ήδη
2920 4201 3230 4278 καταγνοὺς
3273 4209 3615 4281 βαθυτάτην,

2027 4297 2370 4370 συνθώμεθα,
2417 4299 2576 4368 λέγει
2630 4301 2710 4372 τῷ
2753 4301 3007 4373 Νεάρχῳ,
3043 4303 3394 4374 βεϐαιότερον
3418 4302 3490 4358 τὰ
3519 4301 3616 4356 δε-

2023 4390 2260 4461 δογμένα
2309 4391 2556 4462 φυλάξαι.
2597 4391 2740 4462 Ἐγὼ
2769 4395 2879 4467 γὰρ
2919 4398 3034 4460 τοῖς
3059 4396 3422 4467 ἀνθρωπίνοις
3467 4393 3620 4468 πρά-

2025 4497 2200 4552 γμασι
2238 4483 2298 4537 τὸ
2353 4483 2540 4538 λοιπὸν
2583 4485 2818 4539 ἀπεῖπον
2845 4501 2859 4518 ·
2899 4486 2960 4540 τὸ
3001 4486 3058 4540 δὲ
3089 4487 3218 4542 τίνα
3268 4487 3428 4560 ήμῶν
3479 4487 3621 4558 περὶ

2030 4571 2270 4642 Χριστοῦ
2303 4575 2650 4646 μαρτυρῆσαι
2671 4575 2772 4643 δεῖ,
2797 4575 2956 4648 δῆλον
2983 4576 3084 4649 ήδη
3111 4579 3424 4650 πεποίηκεν
3453 4578 3486 4649 ή
3513 4577 3620 4631 καὶ

2033 4662 2368 4733 προγνοῦσα,
2419 4665 2564 4735 φημὶ
2595 4667 2726 4736 περὶ
2773 4667 2988 4735 τούτου,
3031 4667 3161 4723 θεία
3201 4668 3300 4723 τοῦ
3333 4668 3617 4722 Δεσπότου

2032 4753 2438 4826 φιλανθρωπία.
2483 4755 2614 4811 Ἰδοὺ
2645 4757 2755 4831 γὰρ
2771 4761 2931 4830 ,ἐμοὶη
2981 4759 3220 4832 Νέαρχε,
3249 4761 3420 4832 τιὰ-ὲν
3439 4759 3620 4831 οὖρα-

2031 4847 2142 4908 νοίς
2172 4844 2344 4916 κάλλη
2389 4846 2718 4914 φαντάζεται
2765 4851 2800 4921 ή
2831 4848 3063 4917 διάνοια,
3115 4851 3202 4904 οῐα
3241 4850 3302 4904 δέ
3349 4867 3439 4922 μοι
3469 4867 3622 4922 παρ-

2033 4935 2266 5004 εστῶτα,
2300 4937 2398 4992 καὶ
2422 4937 2517 4991 τὸν
2547 4931 2782 5011 Χριστὸν
2827 4941 2934 5013 πρὸ
2983 4941 3092 4996 τῶν
3135 4942 3432 5014 ὀφθαλμῶν
3473 4941 3619 5012 ὁρῶ,

2032 5029 2126 5084 καὶ
2171 5031 2238 5098 τῇ
2277 5029 2376 5099 τῆς
2401 5029 2577 5101 ὅψεως
2607 5031 2776 5088 αὐτοῦ
2820 5039 3162 5106 μαρμαρυγῇ
3199 5035 3268 5090 τὸ
3319 5035 3622 5108 πρόσωπον

2033 5119 2492 5192 καταλάμπομαι.
2515 5124 2665 5196 Πλὴν
2687 5125 2806 5197 ὥρα
2827 5127 2940 5199 ἢδη
2962 5127 3058 5182 καὶ
3082 5127 3161 5198 τῷ
3187 5127 3410 5192 δνσεόὲς
3437 5127 3626 5199 πρόσο

2033 5229 2224 5284 ταγμα
2249 5214 2361 5270 τῶν
2386 5214 2656 5286 βασιλέων
2693 5220 3118 5288 ἀναγινώσκειν,
3173 5220 3268 5276 καὶ
3301 5220 3331 5274 δ
3363 5219 3623 5292 βούλεται

2034 5307 2297 5376 πράττειν
2349 5308 2499 5380 ἡμᾶς
2535 5310 2784 5380 ἀκριϐῶς
2836 5313 3060 5368 ειδέναι.
3118 5311 3308 5376 Οὕτως
3357 5311 3463 5383 εφη
3499 5313 3624 5366 καὶ

2032 5393 2212 5449 λαϐὼν
2255 5396 2444 5470 ἀπῄει,
2489 5399 2716 5453 διέπτυέ
2765 5417 2827 5454 τε
2878 5401 3305 5471 ἀναγινώσκω,
3355 5400 3505 5473 πρὸς
3551 5401 3625 5455 ὂὶ

2029 5480 2204 5534 ταῦτα
2234 5485 2330 5538 καὶ
2354 5483 2527 5542 λεπτὰ
2572 5487 2872 5561 διαρρήξας
2904 5488 3101 5561 αὔραις
3123 5489 3299 5545 ἐδίδου
3323 5505 3340 5522 ο
3375 5486 3478 5544 εἶθ’
3513 5488 3627 5543 οὓ-

2030 5587 2140 5634 τως
2191 5575 2551 5646 ἐπιστραφεὶς
2595 5563 2790 5636 iam
2833 5581 2936 5654 δρᾷ
2982 5579 3475 5653 διαὸασταζόμενα,
3527 5581 3626 5646 εις

2031 5663 2408 5738 προσκύνησίν
2461 5685 2521 5724 τε
2559 5673 2684 5736 "rei;
2730 5672 2988 5746 ἀνοήτοις
3029 5674 3182 5747 παρὰ
3228 5674 3360 5742 τοὺς
3387 5671 3623 5752 βωμώς
