3886 6474
363 356 474 417 425

1592 347 1770 409 VlTA
1801 347 1859 404 Β.
1906 341 2314 402 POLYEUCTI
2324 385 2345 404 .

3495 339 3600 401 426

350 463 696 532 ἀπαγόμενοι.
745 452 844 510 Ὧν
887 458 1030 529 μάλα
1073 458 1201 527 ήόὺν
1233 455 1327 508 καὶ
1360 453 1560 526 θερμὸν
1588 453 1677 506 τὸν
1712 451 1923 519 γέλωτα

2035 447 2503 502 vehementissime
2555 446 2782 500 risisset.
2830 445 2978 514 prius
3022 445 3241 515 quidem
3284 446 3502 502 simulat
3536 465 3595 502 se

347 551 686 622 καταχύσας,
728 549 991 621 πρότερον
1026 549 1123 619 μὲν
1153 549 1332 611 αὐτοῖς
1366 545 1714 614 ὑποκρίνεται
1756 557 1952 625 προσ-η

346 643 525 697 ελθεῖν
558 640 877 714 προθύμως,
935 635 1054 693 εἶτα
1095 638 1219 692 καθ’
1278 637 1336 691 ἓν
1374 638 1559 690 ἐκεῖνα
1605 633 1918 704 λαμϐάνων,

345 739 442 791 καὶ
471 737 554 800 είς
595 735 701 805 γῆν
749 728 907 795 αὖθις
941 731 1342 804 προσαράσσων
1389 729 1570 786 πάντα
1614 725 1750 798 ὁμοῦ
1799 740 1925 778 συν-

345 827 556 900 έτριψε,
588 826 682 879 καὶ
704 826 782 888 είς
810 822 1015 893 λεπτὴν
1038 821 1190 876 ξθετο
1223 820 1393 874 κόνιν.

417 921 497 972 8‘.
544 917 733 987 Τούτῳ
761 911 855 970 οὖν
876 915 1183 985 γενομένων
1214 913 1244 966 6
1268 910 1537 983 κηδεστὴς
1564 907 1728 987 αὐτοῦ
1755 923 1923 978 προσ-

344 1011 518 1066 ελθὼν
545 982 716 1079 Φῆλιξ
749 1004 837 1078 (ἦν
857 982 967 1077 γάρ
1134 1003 1242 1058 τῶν
1267 982 1534 1073 βασιλέων
1560 982 1662 1071 ἤδη
1689 998 1921 1068 διώκτης

346 1102 726 1173 κατασταθεὶς)
750 1103 843 1154 καὶ
861 1098 988 1152 ίδὼν
1013 1098 1050 1152 ἃ.
1075 1097 1408 1159 Πολύευκτος
1434 1094 1744 1167 εἴργασται,
1783 1091 1923 1146 πάνυ

345 1196 755 1259 ἀποδυσπιτῶν,
778 1194 912 1246 Φεῦί
937 1192 1182 1257 ἄτεκνος,
1201 1190 1374 1258 ἔλεγε,
1397 1189 1716 1244 καθίσταται
1731 1183 1924 1254 Φῆλιξ,

345 1291 440 1341 καὶ
464 1289 493 1340 6
519 1288 783 1357 πρότερον
813 1286 870 1338 ἐν
903 1285 1064 1338 παισὶ
1099 1281 1460 1354 περίϐλεπτος
1491 1277 1751 1348 ἐξαίφνης
1798 1278 1924 1328 ἁτε-

343 1380 498 1434 κνίαν
525 1379 640 1448 ἐγὼ
663 1377 928 1447 δυστυχῶ·
955 1375 1129 1439 οὐδεὶς
1150 1363 1620 1429 Πολύευκτονούτε
1644 1370 1780 1426 θεῶν
1802 1368 1926 1424 οὕτε

341 1470 648 1542 ἀνθρώπων
695 1469 916 1539 ἐλεῆσαι
945 1467 1194 1529 δύναται,
1247 1463 1475 1521 τοιαῦτα
1529 1463 1923 1534 τετολμηκότα,

341 1564 438 1616 καὶ
513 1564 642 1626 τοὺς
702 1561 1006 1632 ἡμετέρους
1085 1559 1240 1622 θεοὺς
1310 1557 1697 1630 συντρίψαντα.
1784 1555 1926 1626 Πρὸς

340 1657 514 1710 ταῦτα
543 1655 599 1708 δὲ
645 1657 675 1708 6
716 1654 857 1716 θεῖος
892 1650 1227 1714 Πολύευκτος
1254 1692 1270 1718 ,
1330 1649 1517 1718 ὥσπερ
1544 1649 1621 1719 τῷ
1652 1647 1928 1718 γενομένῳ

345 1746 548 1812 μᾶλλον
608 1741 1057 1814 ὲπικαυχώμενος
1106 1741 1380 1812 (τοσοῦτον
1429 1741 1537 1810 γὰρ
1577 1741 1770 1808 ἀπεῖχε
1831 1738 1925 1792 τοῦ

2029 548 2280 608 prompto
2311 548 2366 592 et
2399 537 2561 591 alacri
2612 535 2795 592 animo
2844 537 2908 590 ad
2954 552 3014 590 ra
3069 537 3346 597 accedere.
3395 539 3598 595 Deinde

2027 628 2239 683 illorum
2265 629 2474 699 singula
2496 627 2794 698 accipiens,
2825 638 2876 681 et
2895 637 3144 697 protinus
3169 628 3319 684 bumi
3344 630 3595 696 allidcns,

2027 719 2188 774 simul
2230 720 2486 775 contrivit
2517 720 2726 787 omnia,
2768 729 2823 776 et
2853 721 3060 793 redegit
3095 721 3149 776 in
3190 722 3443 778 subtilem
3474 724 3597 794 pul-

2028 827 2232 868 verem.

2101 901 2189 956 Ix.
2239 903 2334 958 His
2359 919 2487 974 ergo
2521 903 2698 969 factis,
2735 920 2857 960 cum
2895 907 3014 976 ejus
3040 922 3195 963 socer
3229 911 3468 966 venisset
3500 909 3619 967 Fe-v

2029 992 2124 1056 lix,
2153 993 2331 1048 fuerat
2361 995 2503 1049 enim
2534 996 2646 1066 jam
2677 997 3003 1052 constitutus
3031 1009 3347 1068 persecutor
3377 1003 3447 1056 ab
3488 1003 3590 1057 im-

2028 1085 2366 1152 peratoribus
2416 1106 2430 1140 :
2482 1095 2535 1141 et
2566 1086 2789 1142 vidisset
2838 1102 2959 1157 quae
3011 1087 3216 1145 fecerat
3243 1090 3593 1164 Polyeuctus,

2029 1173 2319 1230 admodum
2349 1192 2490 1246 aegre
2525 1179 2740 1236 ferens:
2781 1177 2919 1234 Heul
2945 1179 3096 1247 dixit,
3132 1182 3278 1237 Felix
3315 1196 3398 1240 est
3419 1187 3602 1256 privam

2031 1272 2117 1318 tus
2138 1264 2322 1319 liberis
2349 1284 2362 1320 :
2390 1274 2444 1321 et
2464 1267 2554 1336 qui
2576 1269 2729 1338 prius
2748 1283 2898 1324 eram
2917 1270 3168 1342 insignis,
3186 1285 3241 1327 et
3264 1275 3602 1344 suspiciebar

2033 1367 2257 1427 propter
2296 1359 2459 1424 filios,
2501 1370 2728 1431 repente
2762 1377 2848 1417 me
2873 1361 3057 1434 aﬂligit
3097 1363 3326 1420 filiorum
3355 1368 3597 1422 orbitas!
3648 1427 3650 1429 ,

2029 1445 2222 1504 Nullus
2246 1449 2472 1504 deorqu
2505 1467 2604 1506 nec
2636 1452 2919 1508 hominum
2951 1463 3128 1524 potest
3167 1456 3412 1510 misereri
3441 1456 3601 1527 Poly-

2028 1540 2195 1605 eurti,
2237 1541 2333 1610 qui
2355 1542 2480 1596 talia
2514 1553 2598 1598 est
2629 1559 2811 1609 ausus,
2838 1554 2893 1600 et
2917 1555 3139 1601 nostros
3163 1549 3292 1602 deos
3321 1550 3598 1604 contrivit.

2027 1630 2107 1685 Ad
2133 1633 2249 1687 haec
2275 1633 2435 1688 divus
2449 1633 2793 1705 Polyeuctus,
2809 1652 2874 1692 eo
2895 1639 3040 1708 quod
3059 1639 3261 1694 factum
3283 1640 3479 1709 fuerat,
3506 1661 3601 1699 ve-

2029 1722 2127 1776 luti
2158 1725 2329 1794 magis
2358 1726 2619 1795 glorians,
2649 1736 2859 1784 tantum
2887 1731 3096 1796 aberat,
3131 1743 3190 1788 ut
3220 1734 3602 1791 reformidarct

340 1811 436 1892 καὶ
468 1811 911 1892 ὑποπτεύειν-τι
946 1811 1272 1905 φοϐεῖσθαι),
1310 1831 1424 1888 Νὖν
1469 1833 1568 1902 μὲν
1619 1829 1751 1899 ἐγὼ,
1800 1829 1925 1898 ἔφη,

2035 1811 2252 1880 aliquid,
2307 1821 2361 1868 et
2404 1815 2784 1872 estimesceret
2830 1819 3035 1875 :Nunc
3084 1823 3341 1890 quidem,
3401 1826 3596 1896 inquit.

340 1933 546 1986 τούτων
579 1930 1021 1999 καταφρονήσας,
1072 1927 1166 1980 ἐπὶ
1221 1927 1351 2010 τῶν,
1379 1925 1560 1996 ἔργων
1605 1925 1755 1986 ὅπως
1787 1922 1929 1976 είσὶν

339 2026 588 2087 ἀσθενεῖς
619 2022 842 2094 ήλεγξα.
886 2021 950 2074 Et
979 2019 1166 2074 δὲκαὶ
1219 2017 1398 2086 ἕτεροί
1437 2019 1596 2083 εἰσιν,
1647 2015 1784 2069 ἀλλά
1834 2014 1930 2067 καὶ

340 2114 494 2166 αὐτοὶ
539 2111 1009 2182 προσαχθήτωσαν
1061 2111 1140 2171 είς
1169 2108 1230 2161 :6
1267 2107 1449 2176 μέσον·
1504 2105 1626 2176 εἴσῃ
1685 2104 1796 2176 γὰρ
1844 2105 1929 2157 ὲν-

338 2205 530 2258 τεῦθεν
595 2207 744 2268 ὅπως
792 2203 926 2274 παρ’
979 2201 1140 2273 ήμῶν
1192 2200 1301 2254 τῶν
1345 2200 1440 2254 τοῦ
1507 2199 1745 2270 Χριστοῦ
1804 2198 1929 2252 δού-

340 2301 448 2352 λων
510 2296 868 2352 διαπτύεσθαι
893 2295 1070 2349 ταῦτα
1117 2293 1218 2348 δεῖ.
1271 2293 1381 2347 Καὶ
1428 2295 1456 2348 6
1490 2293 1654 2365 Φῆλιξ
1715 2290 1925 2364 ἀνθρώο

344 2410 474 2446 πινα
497 2391 595 2445 καὶ
621 2389 909 2462 περιπαθῆ
959 2387 1095 2459 πρὸς
1147 2386 1240 2440 τὸν
1275 2387 1431 2456 ἅγιον
1462 2384 1841 2456 διανοούμενός
1864 2400 1926 2438 τε

341 2483 436 2538 καὶ
473 2483 843 2552 φθεγγόμενος
867 2497 880 2511 °
935 2478 1098 2533 Ἀλλά
1141 2477 1387 2550 θέλησον,
1421 2478 1548 2550 ἔφη,
1597 2477 1702 2532 κᾶν
1733 2476 1926 2547 μικρόν

340 2594 396 2628 τι
427 2573 710 2643 ἔπιξνῆσαι,
741 2572 1071 2637 Πολύευκτε,
1101 2570 1210 2634 ἕως
1231 2571 1328 2642 τήν
1353 2570 1452 2642 σὴν
1473 2573 1703 2639 γυναῖκα
1733 2568 1924 2639 θεάσῃ.

344 2667 480 2722 Ποία
511 2666 592 2730 δὲ,
643 2662 800 2720 εἶπεν
834 2666 863 2718 6
905 2664 1085 2735 ἅγιος,
1142 2663 1401 2733 γυναικὸς
1445 2662 1524 2716 ἔτι
1570 2661 1667 2715 καὶ
1717 2663 1925 2715 τέκνων

344 2762 536 2832 ἔμοιγε
588 2752 921 2831 φροπὶς,νός
959 2757 1173 2820 οὐδενὸς
1200 2756 1310 2810 τῶν
1346 2753 1702 2826 ἀνθρωπίνων
1741 2753 1923 2809 οὐκέτι

344 2850 443 2907 νῦν
491 2852 916 2923 ἐπιστρέφομαι,
950 2847 1175 2921 περὶτὰ
1205 2848 1430 2917 οὐράνιά
1459 2864 1520 2901 τε
1551 2847 1645 2901 καὶ
1671 2845 1925 2918 ἄφθαρτα

350 2945 489 3014 μόνα
515 2944 618 3014 τὴν
645 2943 884 2997 διάνοιαν
911 2940 1090 3011 ἔχωνς
1132 2940 1198 2992 'H
1226 2939 1283 2993 δὲ
1315 2936 1382 3009 σὴ
1429 2937 1697 3008 θυγάτηρ,
1744 2939 1792 2991 εί
1826 2938 1923 3009 μὲν

346 3035 471 3105 ἐμοὶ
500 3034 713 3104 ἕψεται,
774 3031 1024 3102 μακαρία
1073 3033 1173 3098 τῆς
1220 3025 1446 3098 γνώμης
1496 3026 1648 3081 ἔσται
1695 3027 1788 3081 καὶ
1826 3025 1920 3080 τοῦ

349 3126 557 3184 σκοποῦ
590 3143 604 3158 ·
643 3127 692 3178 εί
720 3124 778 3179 δὲ
840 3125 936 3194 μὴ,
989 3122 1127 3178 ἀλλά
1157 3123 1252 3177 καὶ
1304 3121 1442 3191 αὐτὴ
1497 3121 1593 3174 σὺν
1622 3123 1734 3182 τοῖς
1767 3121 1921 3191 ὑμῶν

350 3219 492 3282 θεοῖς
521 3216 708 3278 κακῶς
732 3215 1039 3269 ἀπολεῖται.

416 3333 474 3390 1'.
503 3337 730 3404 Δάκρυα
750 3328 844 3387 ἐπὶ
872 3331 1083 3395 τούτοις
1103 3329 1193 3385 τὸν
1212 3331 1421 3401 Φήλικα
1455 3328 1645 3401 ἔχοντα
1672 3328 1923 3399 ἀπογνῶ-

347 3441 434 3478 ναι
457 3423 718 3489 καθάπαξ
745 3439 760 3455 ·
789 3421 912 3477 ὅθεν
934 3424 1029 3475 καὶ
1064 3420 1224 3492 διπλῇ
1258 3418 1608 3490 τυφλώττων,
1639 3419 1703 3473 ἐκ
1730 3437 1793 3472 τε
1822 3419 1922 3488 τῆς

348 3516 716 3588 περιεχούσης
767 3515 931 3569 αὑτὸν
979 3513 1236 3582 ἀθυμίας,
1296 3512 1361 3566 ἐκ
1410 3529 1469 3566 τε
1526 3519 1620 3581 τῆς
1669 3512 1798 3582 περὶ
1853 3512 1923 3565 τὰ

349 3611 547 3663 είδωλα
578 3611 796 3677 μανίας,
825 3607 950 3674 ἀξια
976 3605 1228 3660 τοσούτου
1250 3605 1475 3666 σκότους
1504 3605 1599 3657 καὶ
1622 3603 1938 3674 παρανοίας

349 3701 650 3772 ἐφθέγγετο
705 3700 926 3772 ῥήματα
950 3713 963 3728 ο
992 3698 1148 3766 Οῖμοι
1183 3697 1196 3749 l
1241 3695 1439 3764 λέγων,
1468 3695 1549 3748 ὅτι
1581 3695 1676 3747 καὶ
1703 3694 1782 3757 σὲ,
1818 3693 1931 3745 [ιο-·

349 3793 599 3857 idaeus,
634 3793 688 3844 αί
720 3789 814 3844 τοῦ
847 3787 1083 3861 Χριστοῦ
1127 3790 1350 3859 μαγεῖαι
1378 3787 1810 3856 ἐξηπατήκασιν.
1864 3785 1922 3838 '0

355 3887 574 3956 μάρτυρ
632 3884 709 3950 δὲ,
770 3877 1194 3953 μάλα’συνετῶς
1245 3881 1340 3935 καὶ
1384 3878 1683 3948 γενναίως·
1720 3880 1794 3932 Οὐ
1848 3877 1925 3949 μὰ

351 3980 477 4042 τοὺς
511 3977 692 4048 ἱεροὺς
720 3975 826 4028 τῶν
863 3972 1158 4046 μαρτύρων
1199 3973 1435 4042 ἀγῶνας,
1483 3974 1544 4027 οὐ
1579 3971 1922 4042 διαρνοῦμαι,

352 4072 482 4142 εφη,
513 4071 574 4123 τὸ
605 4069 679 4140 μὴ
711 4065 804 4121 ὑπ’
841 4066 1052 4119 ἐκείνου
1091 4064 1228 4135 πρὸς
1258 4065 1354 4134 τὴν
1389 4064 1684 4134 ἐπίγνωσιν
1718 4063 1923 4133 κληθῆ-

353 4181 442 4218 ναι
479 4162 581 4230 τῆς
615 4159 908 4231 ἀληθείαςο
940 4157 1102 4221 αὐτὸς
1161 4157 1268 4228 γάρ
1318 4157 1464 4210 ἐστιν
1511 4156 1570 4220 ὃς
1609 4157 1726 4219 ταῖς
1769 4155 1925 4227 χερσὶ⁵

353 4257 473 4317 ταῖς
505 4252 736 4314 οίκείαις
771 4249 870 4322 τὴν
916 4249 1056 4321 ἐμὴν
1085 4247 1274 4313 θέλξας
1294 4247 1494 4318 ψυχὴν,
1532 4247 1640 4302 ἀπὸ
1667 4245 1760 4301 τοῦ
1795 4246 1925 4300 σκό-

353 4363 480 4409 τους
499 4347 581 4409 είς
600 4344 663 4397 :6
689 4343 827 4413 φῶς,
864 4343 960 4396 καὶ
987 4339 1096 4394 ἀπὸ
1125 4341 1226 4411 τῆς
1263 4340 1474 4410 πλάνης
1503 4340 1640 4412 πρὸς
1667 4341 1766 4409 τὴν
1791 4339 1924 4410 ἀλή-

355 4440 514 4492 θειαν
543 4435 874 4506 ἐπηγάγετο,
909 4430 1248 4503 στρατιώτην
1275 4448 1336 4485 τε
1361 4430 1524 4485 αὐτοῦ
1568 4431 1660 4485 καὶ
1689 4427 1826 4485 εἷναί
1858 4448 1925 4501 με

355 4531 452 4582 καὶ
479 4525 840 4595 ὀνομάζεσθαι
860 4522 1223 4595 κατηξίωσεν.
1251 4522 1340 4576 Ἐν
1360 4515 1404 4590 ᾧ
1418 4522 1476 4575 δε
1495 4520 1666 4575 ταῦτα
1687 4521 1924 4590 ἐλέγετο,

354 4621 406 4673 οί
431 4619 540 4673 τῶν
578 4617 752 4686 ἀγίων
778 4615 1004 4670 διῶκται
1027 4612 1438 4685 προσελθόντες,
1464 4615 1557 4666 καὶ
1577 4613 1928 4676 συλλαϐόντες

355 4714 450 4767 τὸν
486 4712 758 4784 μάρτυρα,
791 4708 854 4764 :6
888 4711 1033 4780 ἱερὸν
1059 4694 1224 4764 αὐτοῦ
1249 4709 1422 4780 στόμα
1449 4707 1634 4761 ἔπαιον
1657 4724 1672 4742 ·
1706 4705 1928 4777 μισοῦν-

358 4821 450 4868 τες
477 4802 697 4872 ἀληθῶς
718 4804 776 4856 ὲν
810 4801 1008 4865 πύλαις
1036 4801 1346 4871 ἐλέγχοντα,
1378 4798 1612 4868 φαύλαις
1658 4815 1716 4852 τε
1741 4799 1932 4860 ἀκοαῖς

363 4897 519 4965 ἰσχὺν
546 4893 802 4962 ἀληθείας
823 4895 1147 4961 ὑπενεγκεῖν
1175 4894 1235 4946 οὐ
1263 4893 1569 4964 δυνάμενοι.
1611 4891 1934 4963 Πολυεύκτῳ

359 4989 415 5041 δὲ
444 4989 524 5060 τῷ
547 4987 778 5057 γενναίῳ
805 4986 912 5039 τῶν
949 4987 1048 5056 μὲν
1076 4984 1300 5057 πληγῶν
1345 4984 1550 5038 τούτων
1584 4983 1811 5054 ἔμελλεν
1843 4986 1933 5039 οὐ·

359 5079 546 5150 δαμῶς
573 5093 589 5109 '
623 5077 770 5149 ἐώρα
795 5077 903 5150 γὰρ
925 5075 1034 5130 τῶν
1059 5076 1201 5148 ὑπὲρ
1236 5075 1402 5131 αὐτοῦ
1428 5076 1672 5132 παθόντα
1700 5075 1933 5146 Χριστὸν

363 5169 592 5238 πλησίον
619 5167 786 5221 αὑτοῦ
820 5167 1248 5240 παριστάμενον,
1276 5167 1335 5221 ὃν
1362 5169 1568 5232 ἐκεῖνος
1610 5169 1934 5241 καταφυγὴν

362 5259 423 5337 θέ
432 5277 612 5330 μενος,
641 5258 768 5313 οὗτε
785 5261 930 5314 κακά
946 5255 1059 5332 εἶχε
1079 5261 1215 5330 πρὸς
1240 5259 1404 5314 αὑτὸν
1427 5260 1788 5331 ἐπερχόμενα,
1809 5260 1935 5314 οὔτε

367 5353 639 5422 μάστιγας
660 5351 796 5415 ὅλως
817 5351 895 5423 τῷ
915 5352 1234 5422 σκηνώματι
1262 5350 1425 5405 αὑτοῦ
1444 5352 1932 5423 προσεγγιζούσας.

433 5446 539 5500 IA'.
575 5446 642 5498 Αί
672 5445 804 5512 γοῦν
835 5445 1043 5514 πληγαὶ
1071 5437 1252 5509 αὗται,
1295 5433 1549 5515 καθάπερ
1588 5445 1824 5516 εἴρηται,
1859 5445 1938 5515 τῷ

367 5533 694 5604 Πολυεύκτῳ
727 5533 953 5606 βραχεῖα
1001 5536 1240 5605 φροντὶς,
1277 5535 1413 5605 πρὸς
1448 5534 1614 5608 ἀλλην
1647 5536 1702 5590 δὲ
1753 5538 1940 5593 διεπά-

366 5624 486 5680 λαιε
516 5627 612 5680 τοῦ
662 5626 902 5699 πονηροῦ
935 5627 1150 5698 τέχνην.
1192 5629 1561 5700 Παραστήσας
1591 5629 1702 5699 γάρ
1732 5630 1936 5694 ἐκεῖνος

365 5715 516 5786 αύτῷ
539 5716 680 5788 μετά
697 5717 791 5770 τοῦ
815 5715 1076 5786 κηδεστόῦ
1104 5718 1194 5771 καὶ
1220 5718 1319 5787 τὴν
1349 5721 1584 5786 γυναῖκα
1600 5719 1938 5792 δακρύοντας

368 5809 462 5864 καί
488 5807 940 5880 παθαινομένους,
968 5810 1228 5878 ἐπειρᾶτο
1243 5810 1416 5884 ταύτῃ
1443 5813 1689 5887 καταγόῃ
1716 5831 1772 5868 τε
1799 5815 1941 5871 ἀπα·

782 5906 1052 5966 Ρλτιιοῑ..
1100 5907 1222 5970 Gn.
1261 5905 1482 5968 CXIV.

2032 1915 2131 1970 ego
2169 1916 2264 1957 eos
2309 1914 2686 1972 contemnens,
2747 1921 2806 1962 re
2855 1909 2968 1978 ipsa
3017 1913 3254 1978 ostendi,
3290 1929 3454 1983 quam
3492 1917 3602 1971 sint

2030 1990 2308 2047 imbecilli.
2359 1994 2512 2061 Quod
2559 1997 2602 2052 si
2639 2009 2766 2054 sunt
2799 2000 2894 2056 tibi
2928 2002 3037 2066 alii,
3080 2003 3118 2058 ii
3150 2020 3366 2076 quoque
3395 2007 3449 2061 in
3483 2024 3601 2063 me-

2030 2080 2180 2136 dium
2209 2084 2568 2140 adducantur.
2609 2086 2748 2144 Hinc
2772 2091 2916 2145 enim
2952 2092 3113 2158 scies,
3145 2097 3600 2164 quemadmodum

2032 2187 2134 2228 nos
2185 2173 2391 2230 Christi
2447 2192 2634 2233 servos
2683 2193 2745 2234 ea
2793 2196 3096 2252 conspuere
3136 2195 3402 2254 oporteat.
3455 2188 3604 2242 Felix

2031 2270 2212 2317 autem
2241 2279 2365 2318 cum
2394 2265 2632 2322 humana
2655 2277 2710 2323 et
2739 2271 3033 2327 miserabili
3058 2275 3289 2342 quadam
3319 2275 3607 2332 affectione

2022 2341 2095 2408 de
2147 2363 2338 2411 sancto
2387 2358 2635 2428 cogitans
2682 2368 2737 2414 et
2792 2361 3047 2430 loquens,
3078 2341 3136 2418 Si
3159 2365 3313 2430 velis,
3346 2366 3540 2436 inquit,
3571 2384 3606 2422 ο

2029 2441 2337 2515 Polyeucte,
2370 2447 2768 2519 aliquantisper
2795 2451 3006 2515 vivere,
3036 2453 3212 2510 donec
3243 2461 3391 2510 tuam
3418 2456 3606 2514 videas

2026 2550 2274 2591 uxorem.
2324 2536 2586 2604 Quaenam
2637 2550 2817 2597 autem
2862 2542 3075 2609 adhuc,
3141 2547 3319 2618 inquit
3361 2559 3604 2614 sanctus,

2027 2625 2216 2682 uxoris
2245 2628 2352 2684 mei
2384 2645 2515 2685 cura
2547 2639 2651 2698 est,
2680 2641 2736 2692 et
2773 2633 3032 2704 ﬁliorum,
3069 2638 3160 2709 qui
3192 2655 3257 2695 ex
3291 2639 3456 2697 rebus
3500 2643 3605 2698 hu-

2025 2718 2201 2774 manis
2231 2719 2372 2774 nihil
2402 2723 2628 2778 omnino
2670 2738 2824 2792 curo,
2862 2742 2988 2782 cum
3031 2727 3084 2783 in
3119 2730 3250 2786 solis
3293 2731 3606 2790 cmlestibus

2029 2825 2186 2866 mens
2202 2820 2472 2883 versetur,
2497 2815 2631 2872 etiis
2649 2816 2704 2871 in
2728 2833 2850 2886 quae
2867 2833 2977 2874 non
2997 2821 3143 2876 cadit
3166 2821 3421 2878 interitus
3443 2824 3468 2876 τ
3486 2823 3603 2879 Tua

2023 2907 2201 2956 autem
2259 2901 2388 2971 filia,
2452 2904 2499 2960 si
2546 2921 2636 2962 me
2691 2908 2924 2979 quidem-
2960 2920 3241 2981 sequatur,
3292 2913 3448 2970 beata
3497 2916 3604 2970 erit

2023 3001 2245 3062 propter
2269 3009 2432 3050 suum
2483 2997 2726 3053 animum
2756 3008 2811 3054 et
2857 2999 3164 3057 institutum
3209 3003 3342 3059 :sin
3391 3005 3597 3072 minus,

2022 3084 2139 3156 ipsa
2170 3101 2386 3159 quoque
2415 3105 2538 3145 cum
2573 3092 2770 3149 vestris
2799 3093 2902 3148 diis
2936 3096 3072 3150 mala
3110 3097 3248 3152 male
3271 3098 3491 3168 peribit.

2100 3260 2167 3315 X.
2236 3261 2364 3318 Post
2389 3263 2503 3321 haec
2531 3265 2681 3321 Felix
2711 3265 3072 3337 profundebat
3102 3270 3384 3342 lacrymas,
3421 3285 3478 3326 ut
3506 3273 3599 3342 qui

2030 3369 2182 3423 spem
2209 3369 2428 3411 omnem
2465 3358 2772 3428 abiecisset.
2793 3358 2907 3424 Qua
2937 3360 3004 3414 de
3038 3376 3094 3416 re
3119 3361 3405 3430 dupliciter
3427 3379 3602 3420 excetr-

2031 3445 2193 3510 tieus,
2226 3462 2424 3517 nempe
2459 3457 2514 3503 et
2541 3464 2607 3504 ex
2649 3451 2969 3521 aegritudine
2992 3453 3180 3518 animi,
3201 3470 3322 3523 qtue
3349 3471 3472 3510 eum
3505 3471 3605 3512 an-

2031 3535 2209 3603 gebat,
2242 3545 2297 3590 et
2334 3551 2399 3590 ex
2452 3537 2681 3601 insania,
2726 3556 2832 3610 qua
2873 3541 3153 3597 laborabat
3198 3545 3252 3598 in
3289 3546 3602 3614 simulacra,

2033 3625 2356 3694 loquebatur
2385 3627 2547 3681 verba
2608 3627 2766 3699 digna
2825 3631 2990 3686 tantis
3034 3633 3307 3700 tenebris,
3343 3643 3400 3689 et
3455 3645 3602 3692 tanta

2030 3715 2303 3772 dementia
2335 3735 2350 3772 :
2390 3717 2486 3772 llei
2527 3719 2682 3786 mihi,
2713 3721 2920 3789 dicens,
2961 3733 3012 3778 te
3043 3740 3279 3795 quoque,
3315 3742 3347 3780 ο
3371 3725 3601 3799 Polyeu-

2031 3817 2138 3874 cte,
2173 3807 2375 3863 Christi
2424 3818 2570 3864 artes
2609 3809 2851 3867 fefellere
2897 3814 3161 3885 magicas?
3195 3815 3392 3890 Martyr
3420 3827 3602 3874 autem

2031 3899 2326 3954 admodum
2358 3901 2653 3970 prudenter
2699 3913 2754 3958 et
2799 3903 3032 3960 fortiter.
3087 3905 3228 3975 Non,
3283 3927 3378 3980 per
3428 3927 3603 3976 sacra,

2033 3988 2229 4060 inquit,
2300 4001 2593 4062 martyrum
2648 3995 2970 4060 certamina,
3043 4014 3152 4052 non
3202 4016 3362 4072 nego,
3406 4017 3493 4058 me
3536 4005 3606 4058 ab

2033 4081 2123 4136 illo
2174 4097 2296 4137 esse
2351 4093 2598 4139 vocatum
2641 4086 2704 4140 ad
2749 4089 3113 4159 cognitionem
3170 4094 3432 4150 veritatis.
3488 4096 3604 4166 Ipse

2033 4173 2178 4228 enim
2199 4184 2302 4240 est,
2319 4175 2627 4248 inquitﬁqui
2651 4194 2774 4233 cum
2793 4181 2906 4236 suis
2925 4184 3174 4239 manibus
3193 4199 3368 4240 meam
3391 4187 3604 4242 demul-

2034 4268 2196 4322 sisset
2220 4267 2478 4333 animam,
2511 4283 2540 4322 a
2587 4271 2828 4325 tenebris
2868 4272 2936 4327 ad
2986 4275 3182 4340 lucem,
3215 4284 3270 4331 et
3319 4279 3386 4332 ab
3419 4293 3606 4333 errore

2034 4360 2258 4415 deduxit
2282 4360 2347 4414 ad
2376 4360 2680 4427 veritatem,
2703 4371 2758 4417 et
2787 4363 3012 4432 dignum
3044 4368 3277 4433 censuit,
3305 4370 3397 4438 qui
3425 4385 3604 4426 essem

2034 4458 2088 4504 et
2111 4450 2424 4504 nominare:
2467 4451 2586 4520 ejus
2616 4452 2791 4507 miles.
2827 4451 2962 4509 Cum
2992 4467 3174 4511 autem
3208 4456 3323 4514 haec
3352 4459 3602 4514 diceren-

1960 4555 2004 4611 ι)
2036 4550 2144 4605 tur,
2181 4541 2503 4596 accedentes
2533 4552 2844 4599 sanctorum
2884 4557 3283 4616 persecutores,
3314 4565 3439 4604 cum
3459 4565 3607 4605 mar-

2033 4645 2204 4705 tyrem
2229 4637 2798 4704 comprehendissent,
2821 4654 3034 4694 sacrum
3063 4655 3126 4696 os
3143 4641 3262 4711 ejus
3293 4643 3606 4712 pulsabant,

2034 4741 2159 4781 vere
2185 4727 2308 4780 odio
2340 4726 2604 4781 habentes
2629 4727 3081 4792 confutationem,
3105 4745 3224 4800 quae
3251 4740 3370 4786 erat
3392 4733 3456 4795 in,
3473 4731 3606 4787 fori-

2034 4817 2159 4881 bus,
2191 4806 2250 4871 et'
2282 4817 2440 4871 malis
2462 4816 2689 4871 auribus
2717 4833 2830 4872 non
2860 4819 3108 4875 volentes
3134 4819 3282 4876 ferre
3324 4823 3433 4878 vim
3457 4825 3605 4880 veri-

2037 4908 2183 4964 tatis.
2221 4907 2489 4962 Praeclara
2531 4917 2715 4962 autem
2746 4909 3034 4982 Polyeucto
3073 4927 3151 4967 ea:
3188 4912 3406 4982 quidem
3439 4916 3608 4987 plaga:

2036 4997 2185 5053 nullo
2217 4998 2380 5053 modo
2420 5007 2578 5053 erant
2614 5013 2781 5054 curae.
2833 4999 3062 5058 Videbat
3117 5003 3262 5058 enim
3304 5005 3602 5072 Christum,

2034 5089 2128 5160 qui
2147 5105 2243 5158 pro
2268 5103 2334 5144 eo
2352 5099 2472 5144 erat
2499 5104 2713 5160 passus,
2739 5107 2908 5172 prope
2932 5095 3106 5163 ipsum
3125 5093 3400 5150 assistere.
3434 5095 3605 5163 Quem

2037 5197 2162 5238 cum
2190 5197 2348 5237 suum
2379 5181 2654 5252 posuisset
2686 5183 2973 5255 refugium.
3009 5202 3110 5242 nec
3139 5204 3238 5258 pro
3259 5190 3415 5245 malis
3445 5191 3608 5246 habe-

2036 5273 2130 5327 bat
2157 5287 2240 5336 ea,
2271 5287 2393 5342 qua:
2426 5271 2602 5342 ipsum
2647 5273 2977 5332 invadebant
3009 5293 3150 5335 :nec
3179 5280 3461 5346 seuticam,
3485 5296 3604 5351 quae

2040 5364 2161 5435 ejus
2191 5377 2389 5432 corpus
2414 5363 2652 5419 caedebat

2108 5452 2200 5508 XI.
2265 5452 2375 5508 Has
2403 5468 2532 5526 ergo
2561 5455 2766 5527 plagas,
2800 5467 2860 5514 ut
2900 5459 3104 5516 dictum
3145 5472 3247 5530 est,
3287 5479 3479 5533 parum
3510 5479 3606 5520 cu-

2040 5545 2195 5600 rabat
2218 5545 2540 5616 Polyeuctus
2568 5566 2581 5601 :
2609 5548 2918 5605 luctabatur
2943 5561 3124 5608 autem
3150 5555 3410 5611 adversus
3444 5556 3607 5611 aliam

2041 5636 2242 5693 diaboli
2271 5638 2490 5710 maligni
2521 5649 2723 5695 artem:
2744 5639 2874 5695 Nam
2905 5657 3026 5696 cum
3055 5643 3144 5697 ille
3177 5643 3244 5699 ad
3285 5659 3410 5698 eum
3441 5645 3612 5701 addu-

2043 5731 2214 5787 xisset
2245 5745 2494 5786 socerum
2523 5742 2580 5788 et
2627 5749 2852 5789 uxorem
2890 5734 3269 5806 lacrymantcs,
3302 5746 3355 5793 et
3381 5739 3611 5793 misera-

2049 5821 2234 5880 biliter
2269 5823 2558 5896 eiulantes,
2611 5830 2688 5882 sic
2729 5826 3026 5882 conabatur
3067 5828 3185 5899 ejus
3227 5831 3458 5885 animam
3499 5833 3614 5887 suEs

3231 5922 3297 5984 Ut
