  <div class='ocr_page' id='page_1' title='image "/cluster/home/n/w/nwhite01/storage/ocr_20150623/114/hvd.32044019208123/228.png"; bbox 0 0 3886 6456; ppageno 0'>
   <div class='ocr_carea' id='block_1_1' title="bbox 242 353 1776 428">
    <p class='ocr_par' dir='ltr' id='par_1_1' title="bbox 242 360 1776 428">
     <span class='ocr_line' id='line_1_1' title="bbox 242 360 1776 428; baseline 0.002 -5"><span class='ocrx_word' id='word_1_1' title='bbox 242 360 352 428; x_wconf 61' lang='grc'><strong>42)</strong></span> <span class='ocrx_word' id='word_1_2' title='bbox 1264 366 1438 426; x_wconf 71' lang='grc' dir='ltr'><strong>νιΤΑ</strong></span> <span class='ocrx_word' id='word_1_3' title='bbox 1475 365 1535 426; x_wconf 90' lang='lat' dir='ltr'><strong>S.</strong></span> <span class='ocrx_word' id='word_1_4' title='bbox 1577 364 1776 426; x_wconf 81' lang='lat' dir='ltr'><strong>MARC</strong></span> 
     </span>
    </p>
   </div>
   <div class='ocr_carea' id='block_1_2' title="bbox 2088 353 3622 428">
    <p class='ocr_par' dir='ltr' id='par_1_2' title="bbox 2091 353 3622 428">
     <span class='ocr_line' id='line_1_2' title="bbox 2091 353 3622 428; baseline -0.009 0"><span class='ocrx_word' id='word_1_5' title='bbox 2091 364 2480 428; x_wconf 73' lang='lat' dir='ltr'><strong>ESBYTERI.</strong></span> <span class='ocrx_word' id='word_1_6' title='bbox 3411 353 3460 413; x_wconf 66' lang='lat' dir='ltr'><strong>lt:</strong></span> <span class='ocrx_word' id='word_1_7' title='bbox 3482 358 3517 415; x_wconf 84' lang='grc' dir='ltr'><strong>υ</strong></span> <span class='ocrx_word' id='word_1_8' title='bbox 3618 374 3622 378; x_wconf 90' lang='grc'><strong>·</strong></span> 
     </span>
    </p>
   </div>
   <div class='ocr_carea' id='block_1_3' title="bbox 251 470 1785 546">
    <p class='ocr_par' dir='ltr' id='par_1_3' title="bbox 251 471 1785 546">
     <span class='ocr_line' id='line_1_3' title="bbox 251 471 1785 546; baseline 0.001 -18"><span class='ocrx_word' id='word_1_9' title='bbox 251 474 642 545; x_wconf 75' lang='grc' dir='ltr'><strong>ποιησάμενοι.</strong></span> <span class='ocrx_word' id='word_1_10' title='bbox 698 471 910 545; x_wconf 73' lang='grc' dir='ltr'><strong>Τετρὰς</strong></span> <span class='ocrx_word' id='word_1_11' title='bbox 948 472 1005 526; x_wconf 75' lang='grc' dir='ltr'><strong>ὁὶ</strong></span> <span class='ocrx_word' id='word_1_12' title='bbox 1036 472 1144 525; x_wconf 86' lang='grc' dir='ltr'><strong>τῶν</strong></span> <span class='ocrx_word' id='word_1_13' title='bbox 1170 475 1394 546; x_wconf 80' lang='grc' dir='ltr'><strong>ἡμερῶν</strong></span> <span class='ocrx_word' id='word_1_14' title='bbox 1425 471 1515 546; x_wconf 81' lang='grc' dir='ltr'><strong>ἦν,</strong></span> <span class='ocrx_word' id='word_1_15' title='bbox 1568 475 1688 546; x_wconf 76' lang='grc' dir='ltr'><strong>ἥτις</strong></span> <span class='ocrx_word' id='word_1_16' title='bbox 1734 475 1785 546; x_wconf 46' lang='lat' dir='ltr'><strong>dt</strong></span> 
     </span>
    </p>
   </div>
   <div class='ocr_carea' id='block_1_4' title="bbox 1981 470 3515 546">
    <p class='ocr_par' dir='ltr' id='par_1_4' title="bbox 1981 470 3515 538">
     <span class='ocr_line' id='line_1_4' title="bbox 1981 470 3515 538; baseline -0.005 -8"><span class='ocrx_word' id='word_1_17' title='bbox 1981 491 2072 531; x_wconf 71' lang='lat' dir='ltr'><strong>sne</strong></span> <span class='ocrx_word' id='word_1_18' title='bbox 2105 477 2326 531; x_wconf 86' lang='lat' dir='ltr'><strong>civitate</strong></span> <span class='ocrx_word' id='word_1_19' title='bbox 2378 473 2671 538; x_wconf 63' lang='lat' dir='ltr'><strong>Armenias,</strong></span> <span class='ocrx_word' id='word_1_20' title='bbox 2712 483 2971 528; x_wconf 72' lang='lat' dir='ltr'><strong>aeternam</strong></span> <span class='ocrx_word' id='word_1_21' title='bbox 3021 470 3393 526; x_wconf 64' lang='lat' dir='ltr'><strong>[nereditatem</strong></span> <span class='ocrx_word' id='word_1_22' title='bbox 3439 472 3515 524; x_wconf 80' lang='lat' dir='ltr'><strong>sic</strong></span> 
     </span>
    </p>
   </div>
   <div class='ocr_carea' id='block_1_5' title="bbox 245 560 1779 637">
    <p class='ocr_par' dir='ltr' id='par_1_5' title="bbox 245 560 1779 637">
     <span class='ocr_line' id='line_1_5' title="bbox 245 560 1779 637; baseline 0.003 -20"><span class='ocrx_word' id='word_1_23' title='bbox 245 565 429 619; x_wconf 78' lang='grc' dir='ltr'><strong>καὶτὸ</strong></span> <span class='ocrx_word' id='word_1_24' title='bbox 450 564 604 628; x_wconf 80' lang='grc' dir='ltr'><strong>τέλος</strong></span> <span class='ocrx_word' id='word_1_25' title='bbox 631 560 740 619; x_wconf 84' lang='grc' dir='ltr'><strong>εἶδε</strong></span> <span class='ocrx_word' id='word_1_26' title='bbox 774 564 1136 629; x_wconf 83' lang='grc' dir='ltr'><strong>Πολυεύκτου,</strong></span> <span class='ocrx_word' id='word_1_27' title='bbox 1169 568 1263 618; x_wconf 77' lang='grc' dir='ltr'><strong>καὶ</strong></span> <span class='ocrx_word' id='word_1_28' title='bbox 1294 565 1388 618; x_wconf 82' lang='grc' dir='ltr'><strong>τοῦ</strong></span> <span class='ocrx_word' id='word_1_29' title='bbox 1440 570 1692 637; x_wconf 80' lang='grc' dir='ltr'><strong>σώματος</strong></span> <span class='ocrx_word' id='word_1_30' title='bbox 1731 569 1779 622; x_wconf 62' lang='grc' dir='ltr'><strong>τὶ</strong></span> 
     </span>
    </p>
   </div>
   <div class='ocr_carea' id='block_1_6' title="bbox 1984 560 3518 637">
    <p class='ocr_par' dir='ltr' id='par_1_6' title="bbox 1984 560 3518 636">
     <span class='ocr_line' id='line_1_6' title="bbox 1984 560 3518 636; baseline -0.005 -17"><span class='ocrx_word' id='word_1_31' title='bbox 1984 566 2046 620; x_wconf 81' lang='lat' dir='ltr'><strong>ibi</strong></span> <span class='ocrx_word' id='word_1_32' title='bbox 2079 566 2445 636; x_wconf 87' lang='lat' dir='ltr'><strong>acquirentes.</strong></span> <span class='ocrx_word' id='word_1_33' title='bbox 2498 563 2620 620; x_wconf 83' lang='lat' dir='ltr'><strong>Fuit</strong></span> <span class='ocrx_word' id='word_1_34' title='bbox 2657 573 2838 618; x_wconf 85' lang='lat' dir='ltr'><strong>autem</strong></span> <span class='ocrx_word' id='word_1_35' title='bbox 2883 562 3001 618; x_wconf 87' lang='lat' dir='ltr'><strong>dies</strong></span> <span class='ocrx_word' id='word_1_36' title='bbox 3034 569 3282 631; x_wconf 89' lang='lat' dir='ltr'><strong>quartus,</strong></span> <span class='ocrx_word' id='word_1_37' title='bbox 3315 560 3407 630; x_wconf 88' lang='lat' dir='ltr'><strong>qui</strong></span> <span class='ocrx_word' id='word_1_38' title='bbox 3440 560 3518 613; x_wconf 88' lang='lat' dir='ltr'><strong>vi-</strong></span> 
     </span>
    </p>
   </div>
   <div class='ocr_carea' id='block_1_7' title="bbox 246 651 1780 730">
    <p class='ocr_par' dir='ltr' id='par_1_7' title="bbox 246 656 1780 730">
     <span class='ocr_line' id='line_1_7' title="bbox 246 656 1780 730; baseline 0.003 -21"><span class='ocrx_word' id='word_1_39' title='bbox 246 658 568 712; x_wconf 77' lang='grc' dir='ltr'><strong>κατάθεσιν.</strong></span> <span class='ocrx_word' id='word_1_40' title='bbox 622 658 1003 730; x_wconf 80' lang='grc' dir='ltr'><strong>Ὑπηρέτησεν</strong></span> <span class='ocrx_word' id='word_1_41' title='bbox 1045 656 1282 712; x_wconf 79' lang='grc' dir='ltr'><strong>ἐνταῦθα</strong></span> <span class='ocrx_word' id='word_1_42' title='bbox 1307 657 1404 712; x_wconf 79' lang='grc' dir='ltr'><strong>καὶ</strong></span> <span class='ocrx_word' id='word_1_43' title='bbox 1430 659 1699 730; x_wconf 83' lang='grc' dir='ltr'><strong>Νέαρχος,</strong></span> <span class='ocrx_word' id='word_1_44' title='bbox 1733 677 1780 714; x_wconf 73' lang='grc' dir='ltr'><strong>τε</strong></span> 
     </span>
    </p>
   </div>
   <div class='ocr_carea' id='block_1_8' title="bbox 1981 651 3515 730">
    <p class='ocr_par' dir='ltr' id='par_1_8' title="bbox 1981 651 3515 727">
     <span class='ocr_line' id='line_1_8' title="bbox 1981 651 3515 727; baseline -0.004 -17"><span class='ocrx_word' id='word_1_45' title='bbox 1981 656 2015 711; x_wconf 91' lang='lat' dir='ltr'><strong>it</strong></span> <span class='ocrx_word' id='word_1_46' title='bbox 2053 657 2216 712; x_wconf 97' lang='lat' dir='ltr'><strong>ﬁnem</strong></span> <span class='ocrx_word' id='word_1_47' title='bbox 2241 657 2514 727; x_wconf 82' lang='lat' dir='ltr'><strong>Polyeucti</strong></span> <span class='ocrx_word' id='word_1_48' title='bbox 2537 666 2592 712; x_wconf 90' lang='lat' dir='ltr'><strong>et</strong></span> <span class='ocrx_word' id='word_1_49' title='bbox 2617 654 2861 725; x_wconf 89' lang='lat' dir='ltr'><strong>corporis</strong></span> <span class='ocrx_word' id='word_1_50' title='bbox 2889 652 3308 726; x_wconf 90' lang='lat' dir='ltr'><strong>depositionem.</strong></span> <span class='ocrx_word' id='word_1_51' title='bbox 3337 651 3515 706; x_wconf 88' lang='lat' dir='ltr'><strong>Inser-</strong></span> 
     </span>
    </p>
   </div>
   <div class='ocr_carea' id='block_1_9' title="bbox 246 745 1780 828">
    <p class='ocr_par' dir='ltr' id='par_1_9' title="bbox 246 745 1780 828">
     <span class='ocr_line' id='line_1_9' title="bbox 246 745 1780 828; baseline 0.004 -29"><span class='ocrx_word' id='word_1_52' title='bbox 246 749 406 816; x_wconf 77' lang='grc' dir='ltr'>φξλου</span> <span class='ocrx_word' id='word_1_53' title='bbox 445 752 542 804; x_wconf 71' lang='grc' dir='ltr'><strong>καὶ</strong></span> <span class='ocrx_word' id='word_1_54' title='bbox 572 749 852 821; x_wconf 78' lang='grc' dir='ltr'><strong>μάρτυρος</strong></span> <span class='ocrx_word' id='word_1_55' title='bbox 873 745 1014 820; x_wconf 74' lang='grc' dir='ltr'><strong>αἷμα</strong></span> <span class='ocrx_word' id='word_1_56' title='bbox 1046 749 1252 815; x_wconf 80' lang='grc' dir='ltr'><strong>λαϐὼν,</strong></span> <span class='ocrx_word' id='word_1_57' title='bbox 1282 750 1380 828; x_wconf 60' lang='grc' dir='ltr'><strong>καλ.</strong></span> <span class='ocrx_word' id='word_1_58' title='bbox 1409 751 1640 823; x_wconf 79' lang='grc' dir='ltr'>λαμπρᾷ</span> <span class='ocrx_word' id='word_1_59' title='bbox 1668 751 1780 805; x_wconf 60' lang='grc' dir='ltr'><strong>ὀοόκ</strong></span> 
     </span>
    </p>
   </div>
   <div class='ocr_carea' id='block_1_10' title="bbox 1983 745 3517 828">
    <p class='ocr_par' dir='ltr' id='par_1_10' title="bbox 1983 745 3517 819">
     <span class='ocr_line' id='line_1_10' title="bbox 1983 745 3517 819; baseline -0.002 -17"><span class='ocrx_word' id='word_1_60' title='bbox 1983 748 2018 802; x_wconf 86' lang='lat' dir='ltr'><strong>it</strong></span> <span class='ocrx_word' id='word_1_61' title='bbox 2081 756 2264 802; x_wconf 88' lang='lat' dir='ltr'><strong>autem</strong></span> <span class='ocrx_word' id='word_1_62' title='bbox 2302 749 2394 803; x_wconf 86' lang='lat' dir='ltr'><strong>hic</strong></span> <span class='ocrx_word' id='word_1_63' title='bbox 2421 763 2641 819; x_wconf 92' lang='lat' dir='ltr'><strong>quoque</strong></span> <span class='ocrx_word' id='word_1_64' title='bbox 2670 746 2977 812; x_wconf 81' lang='lat' dir='ltr'><strong>Nearchus,</strong></span> <span class='ocrx_word' id='word_1_65' title='bbox 3007 745 3100 814; x_wconf 89' lang='lat' dir='ltr'><strong>qui</strong></span> <span class='ocrx_word' id='word_1_66' title='bbox 3129 753 3355 814; x_wconf 86' lang='lat' dir='ltr'><strong>accepto</strong></span> <span class='ocrx_word' id='word_1_67' title='bbox 3392 759 3517 799; x_wconf 85' lang='lat' dir='ltr'><strong>san-</strong></span> 
     </span>
    </p>
   </div>
   <div class='ocr_carea' id='block_1_11' title="bbox 242 836 1776 915">
    <p class='ocr_par' dir='ltr' id='par_1_11' title="bbox 242 837 1776 909">
     <span class='ocr_line' id='line_1_11' title="bbox 242 837 1776 909; baseline 0 -19"><span class='ocrx_word' id='word_1_68' title='bbox 242 839 440 903; x_wconf 73' lang='grc' dir='ltr'><strong>τιθεὶς,</strong></span> <span class='ocrx_word' id='word_1_69' title='bbox 464 839 558 896; x_wconf 73' lang='grc' dir='ltr'><strong>καὶ</strong></span> <span class='ocrx_word' id='word_1_70' title='bbox 592 840 671 904; x_wconf 83' lang='grc' dir='ltr'><strong>εἰς</strong></span> <span class='ocrx_word' id='word_1_71' title='bbox 705 837 803 906; x_wconf 85' lang='grc' dir='ltr'><strong>τὴν</strong></span> <span class='ocrx_word' id='word_1_72' title='bbox 829 837 1204 893; x_wconf 80' lang='grc' dir='ltr'><strong>Χανανεωτῶν</strong></span> <span class='ocrx_word' id='word_1_73' title='bbox 1253 838 1409 892; x_wconf 86' lang='grc' dir='ltr'><strong>πόλιν</strong></span> <span class='ocrx_word' id='word_1_74' title='bbox 1435 837 1776 909; x_wconf 79' lang='grc' dir='ltr'><strong>μετακομισα</strong></span> 
     </span>
    </p>
   </div>
   <div class='ocr_carea' id='block_1_12' title="bbox 1981 836 3515 915">
    <p class='ocr_par' dir='ltr' id='par_1_12' title="bbox 1981 836 3515 915">
     <span class='ocr_line' id='line_1_12' title="bbox 1981 836 3515 915; baseline -0.003 -21"><span class='ocrx_word' id='word_1_75' title='bbox 1981 839 2103 894; x_wconf 88' lang='lat' dir='ltr'><strong>uiue</strong></span> <span class='ocrx_word' id='word_1_76' title='bbox 2127 840 2400 911; x_wconf 78' lang='lat' dir='ltr'><strong>martyris,</strong></span> <span class='ocrx_word' id='word_1_77' title='bbox 2432 855 2556 896; x_wconf 83' lang='lat' dir='ltr'><strong>cum</strong></span> <span class='ocrx_word' id='word_1_78' title='bbox 2589 855 2715 894; x_wconf 90' lang='lat' dir='ltr'><strong>eum</strong></span> <span class='ocrx_word' id='word_1_79' title='bbox 2752 839 2804 893; x_wconf 91' lang='lat' dir='ltr'><strong>in</strong></span> <span class='ocrx_word' id='word_1_80' title='bbox 2837 838 3010 915; x_wconf 84' lang='lat' dir='ltr'><strong>nitido</strong></span> <span class='ocrx_word' id='word_1_81' title='bbox 3037 837 3390 908; x_wconf 72' lang='lat' dir='ltr'><strong>imposuisset</strong></span> <span class='ocrx_word' id='word_1_82' title='bbox 3414 836 3515 890; x_wconf 89' lang='lat' dir='ltr'><strong>lin-</strong></span> 
     </span>
    </p>
   </div>
   <div class='ocr_carea' id='block_1_13' title="bbox 246 927 1780 1002">
    <p class='ocr_par' dir='ltr' id='par_1_13' title="bbox 246 927 1780 1002">
     <span class='ocr_line' id='line_1_13' title="bbox 246 927 1780 1002; baseline -0.002 -18"><span class='ocrx_word' id='word_1_83' title='bbox 246 931 415 985; x_wconf 78' lang='grc' dir='ltr'>ὅπλον</span> <span class='ocrx_word' id='word_1_84' title='bbox 443 931 742 1002; x_wconf 76' lang='grc' dir='ltr'><strong>σωτηρίας,</strong></span> <span class='ocrx_word' id='word_1_85' title='bbox 789 932 884 983; x_wconf 72' lang='grc' dir='ltr'><strong>καὶ</strong></span> <span class='ocrx_word' id='word_1_86' title='bbox 915 927 1118 999; x_wconf 76' lang='grc' dir='ltr'>κλῆρον</span> <span class='ocrx_word' id='word_1_87' title='bbox 1150 927 1320 993; x_wconf 76' lang='grc' dir='ltr'>ὅντως</span> <span class='ocrx_word' id='word_1_88' title='bbox 1357 930 1627 1000; x_wconf 81' lang='grc' dir='ltr'><strong>μακάριον</strong></span> <span class='ocrx_word' id='word_1_89' title='bbox 1649 927 1780 982; x_wconf 75' lang='grc' dir='ltr'><strong>αὐτο</strong></span> 
     </span>
    </p>
   </div>
   <div class='ocr_carea' id='block_1_14' title="bbox 1979 927 3513 1002">
    <p class='ocr_par' dir='ltr' id='par_1_14' title="bbox 1979 930 3513 1002">
     <span class='ocr_line' id='line_1_14' title="bbox 1979 930 3513 1002; baseline -0.001 -15"><span class='ocrx_word' id='word_1_90' title='bbox 1979 947 2051 993; x_wconf 71' lang='lat' dir='ltr'><strong>ao,</strong></span> <span class='ocrx_word' id='word_1_91' title='bbox 2082 933 2320 1002; x_wconf 79' lang='lat' dir='ltr'><strong>portavit</strong></span> <span class='ocrx_word' id='word_1_92' title='bbox 2355 934 2407 988; x_wconf 91' lang='lat' dir='ltr'><strong>iu</strong></span> <span class='ocrx_word' id='word_1_93' title='bbox 2438 933 2715 990; x_wconf 86' lang='lat' dir='ltr'><strong>civitatem</strong></span> <span class='ocrx_word' id='word_1_94' title='bbox 2757 932 3270 997; x_wconf 71' lang='lat' dir='ltr'><strong>Chananmotarum,</strong></span> <span class='ocrx_word' id='word_1_95' title='bbox 3301 930 3513 985; x_wconf 87' lang='lat' dir='ltr'><strong>donans</strong></span> 
     </span>
    </p>
   </div>
   <div class='ocr_carea' id='block_1_15' title="bbox 243 1023 1777 1094">
    <p class='ocr_par' dir='ltr' id='par_1_15' title="bbox 243 1023 658 1094">
     <span class='ocr_line' id='line_1_15' title="bbox 243 1023 658 1094; baseline 0.002 -17"><span class='ocrx_word' id='word_1_96' title='bbox 243 1023 658 1094; x_wconf 76' lang='grc' dir='ltr'><strong>δωρησάμενος.</strong></span> 
     </span>
    </p>
   </div>
   <div class='ocr_carea' id='block_1_16' title="bbox 1801 1023 3335 1094">
    <p class='ocr_par' dir='ltr' id='par_1_16' title="bbox 1943 1024 3335 1093">
     <span class='ocr_line' id='line_1_16' title="bbox 1943 1024 3335 1093; baseline 0 -15"><span class='ocrx_word' id='word_1_97' title='bbox 1943 1025 1992 1078; x_wconf 91' lang='lat' dir='ltr'><strong>ei</strong></span> <span class='ocrx_word' id='word_1_98' title='bbox 2025 1041 2174 1080; x_wconf 89' lang='lat' dir='ltr'><strong>arma</strong></span> <span class='ocrx_word' id='word_1_99' title='bbox 2201 1026 2414 1093; x_wconf 89' lang='lat' dir='ltr'><strong>salutis,</strong></span> <span class='ocrx_word' id='word_1_100' title='bbox 2439 1035 2495 1082; x_wconf 92' lang='lat' dir='ltr'><strong>et</strong></span> <span class='ocrx_word' id='word_1_101' title='bbox 2532 1041 2660 1082; x_wconf 85' lang='lat' dir='ltr'><strong>vere</strong></span> <span class='ocrx_word' id='word_1_102' title='bbox 2692 1027 2904 1082; x_wconf 85' lang='lat' dir='ltr'><strong>beatam</strong></span> <span class='ocrx_word' id='word_1_103' title='bbox 2941 1024 3335 1080; x_wconf 61' lang='lat' dir='ltr'><strong>hereditatem.</strong></span> 
     </span>
    </p>
   </div>
   <div class='ocr_carea' id='block_1_17' title="bbox 323 1113 3519 1193">
    <p class='ocr_par' dir='ltr' id='par_1_17' title="bbox 323 1113 3519 1193">
     <span class='ocr_line' id='line_1_17' title="bbox 323 1113 3519 1193; baseline 0 -23"><span class='ocrx_word' id='word_1_104' title='bbox 323 1115 462 1172; x_wconf 78' lang='lat' dir='ltr'><strong>XIV.</strong></span> <span class='ocrx_word' id='word_1_105' title='bbox 503 1116 579 1187; x_wconf 86' lang='lat' dir='ltr'><strong>(a)</strong></span> <span class='ocrx_word' id='word_1_106' title='bbox 610 1117 736 1172; x_wconf 67' lang='lat' dir='ltr'><strong>Haec</strong></span> <span class='ocrx_word' id='word_1_107' title='bbox 770 1125 920 1187; x_wconf 81' lang='lat' dir='ltr'><strong>gesta</strong></span> <span class='ocrx_word' id='word_1_108' title='bbox 957 1123 1086 1170; x_wconf 90' lang='lat' dir='ltr'><strong>sunt</strong></span> <span class='ocrx_word' id='word_1_109' title='bbox 1111 1123 1358 1184; x_wconf 67' lang='lat' dir='ltr'><strong>tempore</strong></span> <span class='ocrx_word' id='word_1_110' title='bbox 1398 1113 1547 1170; x_wconf 80' lang='lat' dir='ltr'><strong>Decii</strong></span> <span class='ocrx_word' id='word_1_111' title='bbox 1579 1123 1640 1170; x_wconf 88' lang='lat' dir='ltr'><strong>et</strong></span> <span class='ocrx_word' id='word_1_112' title='bbox 1667 1113 1942 1172; x_wconf 78' lang='lat' dir='ltr'><strong>Valeriani</strong></span> <span class='ocrx_word' id='word_1_113' title='bbox 1967 1118 2020 1172; x_wconf 92' lang='lat' dir='ltr'><strong>in</strong></span> <span class='ocrx_word' id='word_1_114' title='bbox 2067 1121 2241 1190; x_wconf 89' lang='lat' dir='ltr'><strong>prima</strong></span> <span class='ocrx_word' id='word_1_115' title='bbox 2265 1119 2504 1176; x_wconf 87' lang='lat' dir='ltr'><strong>Orientis</strong></span> <span class='ocrx_word' id='word_1_116' title='bbox 2536 1120 2938 1193; x_wconf 83' lang='lat' dir='ltr'><strong>persecutione.</strong></span> <span class='ocrx_word' id='word_1_117' title='bbox 2972 1119 3110 1173; x_wconf 87' lang='lat' dir='ltr'><strong>Nam</strong></span> <span class='ocrx_word' id='word_1_118' title='bbox 3154 1117 3258 1173; x_wconf 78' lang='lat' dir='ltr'><strong>fuit</strong></span> <span class='ocrx_word' id='word_1_119' title='bbox 3301 1117 3519 1188; x_wconf 88' lang='lat' dir='ltr'><strong>quidem</strong></span> 
     </span>
    </p>
   </div>
   <div class='ocr_carea' id='block_1_18' title="bbox 249 1205 3520 1279">
    <p class='ocr_par' dir='ltr' id='par_1_18' title="bbox 249 1205 3520 1279">
     <span class='ocr_line' id='line_1_18' title="bbox 249 1205 3520 1279; baseline -0 -19"><span class='ocrx_word' id='word_1_120' title='bbox 249 1205 1825 1279; x_wconf 80' lang='lat' dir='ltr'><strong>primomartyrllierosolymissacratissimusStephanus,</strong></span> <span class='ocrx_word' id='word_1_121' title='bbox 1888 1210 2130 1265; x_wconf 82' lang='lat' dir='ltr'><strong>secundo</strong></span> <span class='ocrx_word' id='word_1_122' title='bbox 2179 1222 2361 1266; x_wconf 90' lang='lat' dir='ltr'><strong>autem</strong></span> <span class='ocrx_word' id='word_1_123' title='bbox 2415 1212 2764 1266; x_wconf 85' lang='lat' dir='ltr'><strong>Philoromus</strong></span> <span class='ocrx_word' id='word_1_124' title='bbox 2814 1210 2869 1264; x_wconf 86' lang='lat' dir='ltr'><strong>in</strong></span> <span class='ocrx_word' id='word_1_125' title='bbox 2921 1209 3246 1264; x_wconf 82' lang='lat' dir='ltr'><strong>Alexandria</strong></span> <span class='ocrx_word' id='word_1_126' title='bbox 3291 1208 3520 1263; x_wconf 77' lang='lat' dir='ltr'><strong>civitate</strong></span> 
     </span>
    </p>
   </div>
   <div class='ocr_carea' id='block_1_19' title="bbox 247 1296 3520 1373">
    <p class='ocr_par' dir='ltr' id='par_1_19' title="bbox 247 1296 3520 1373">
     <span class='ocr_line' id='line_1_19' title="bbox 247 1296 3520 1373; baseline 0 -20"><span class='ocrx_word' id='word_1_127' title='bbox 247 1297 492 1369; x_wconf 75' lang='lat' dir='ltr'><strong>.Egypti,</strong></span> <span class='ocrx_word' id='word_1_128' title='bbox 517 1306 574 1352; x_wconf 90' lang='lat' dir='ltr'><strong>et</strong></span> <span class='ocrx_word' id='word_1_129' title='bbox 618 1298 783 1354; x_wconf 88' lang='lat' dir='ltr'><strong>tertio</strong></span> <span class='ocrx_word' id='word_1_130' title='bbox 811 1297 971 1353; x_wconf 88' lang='lat' dir='ltr'><strong>divus</strong></span> <span class='ocrx_word' id='word_1_131' title='bbox 1000 1296 1325 1368; x_wconf 84' lang='lat' dir='ltr'><strong>Polyeuctus</strong></span> <span class='ocrx_word' id='word_1_132' title='bbox 1375 1297 1430 1351; x_wconf 90' lang='lat' dir='ltr'><strong>in</strong></span> <span class='ocrx_word' id='word_1_133' title='bbox 1469 1296 1725 1352; x_wconf 82' lang='lat' dir='ltr'><strong>Melitene</strong></span> <span class='ocrx_word' id='word_1_134' title='bbox 1752 1298 2025 1356; x_wconf 84' lang='lat' dir='ltr'><strong>Armeniae</strong></span> <span class='ocrx_word' id='word_1_135' title='bbox 2046 1311 2240 1373; x_wconf 89' lang='lat' dir='ltr'><strong>quarto</strong></span> <span class='ocrx_word' id='word_1_136' title='bbox 2268 1303 2394 1360; x_wconf 83' lang='lat' dir='ltr'><strong>ldus</strong></span> <span class='ocrx_word' id='word_1_137' title='bbox 2433 1303 2699 1360; x_wconf 80' lang='lat' dir='ltr'><strong>Januarii.</strong></span> <span class='ocrx_word' id='word_1_138' title='bbox 2730 1300 2781 1358; x_wconf 84' lang='lat' dir='ltr'><strong>Is</strong></span> <span class='ocrx_word' id='word_1_139' title='bbox 2805 1317 2949 1373; x_wconf 68' lang='lat' dir='ltr'><strong>saepe</strong></span> <span class='ocrx_word' id='word_1_140' title='bbox 2977 1315 3036 1356; x_wconf 91' lang='lat' dir='ltr'><strong>se</strong></span> <span class='ocrx_word' id='word_1_141' title='bbox 3058 1316 3306 1371; x_wconf 80' lang='lat' dir='ltr'><strong>magnam</strong></span> <span class='ocrx_word' id='word_1_142' title='bbox 3333 1315 3520 1354; x_wconf 88' lang='lat' dir='ltr'><strong>curam</strong></span> 
     </span>
    </p>
   </div>
   <div class='ocr_carea' id='block_1_20' title="bbox 246 1390 3519 1469">
    <p class='ocr_par' dir='ltr' id='par_1_20' title="bbox 246 1390 3519 1469">
     <span class='ocr_line' id='line_1_20' title="bbox 246 1390 3519 1469; baseline 0 -24"><span class='ocrx_word' id='word_1_143' title='bbox 246 1407 412 1462; x_wconf 89' lang='lat' dir='ltr'><strong>agere</strong></span> <span class='ocrx_word' id='word_1_144' title='bbox 442 1391 898 1458; x_wconf 88' lang='lat' dir='ltr'><strong>Christianorum,</strong></span> <span class='ocrx_word' id='word_1_145' title='bbox 931 1391 1092 1446; x_wconf 88' lang='lat' dir='ltr'><strong>etiam</strong></span> <span class='ocrx_word' id='word_1_146' title='bbox 1125 1401 1252 1462; x_wconf 91' lang='lat' dir='ltr'><strong>post</strong></span> <span class='ocrx_word' id='word_1_147' title='bbox 1282 1401 1537 1457; x_wconf 89' lang='lat' dir='ltr'><strong>mortem,</strong></span> <span class='ocrx_word' id='word_1_148' title='bbox 1561 1407 1668 1447; x_wconf 89' lang='lat' dir='ltr'><strong>non</strong></span> <span class='ocrx_word' id='word_1_149' title='bbox 1694 1391 1889 1448; x_wconf 83' lang='lat' dir='ltr'><strong>leviter</strong></span> <span class='ocrx_word' id='word_1_150' title='bbox 1923 1401 1980 1450; x_wconf 88' lang='lat' dir='ltr'><strong>et</strong></span> <span class='ocrx_word' id='word_1_151' title='bbox 2026 1396 2280 1464; x_wconf 84' lang='lat' dir='ltr'><strong>obscure,</strong></span> <span class='ocrx_word' id='word_1_152' title='bbox 2315 1397 2408 1453; x_wconf 88' lang='lat' dir='ltr'><strong>sed</strong></span> <span class='ocrx_word' id='word_1_153' title='bbox 2438 1406 2624 1469; x_wconf 89' lang='lat' dir='ltr'><strong>aperte</strong></span> <span class='ocrx_word' id='word_1_154' title='bbox 2653 1405 2710 1452; x_wconf 91' lang='lat' dir='ltr'><strong>et</strong></span> <span class='ocrx_word' id='word_1_155' title='bbox 2751 1395 3032 1452; x_wconf 85' lang='lat' dir='ltr'><strong>evidenter</strong></span> <span class='ocrx_word' id='word_1_156' title='bbox 3056 1393 3318 1449; x_wconf 85' lang='lat' dir='ltr'><strong>ostendit.</strong></span> <span class='ocrx_word' id='word_1_157' title='bbox 3344 1390 3519 1458; x_wconf 86' lang='lat' dir='ltr'><strong>Quid—</strong></span> 
     </span>
    </p>
   </div>
   <div class='ocr_carea' id='block_1_21' title="bbox 248 1484 3522 1561">
    <p class='ocr_par' dir='ltr' id='par_1_21' title="bbox 248 1484 3522 1561">
     <span class='ocr_line' id='line_1_21' title="bbox 248 1484 3522 1561; baseline 0 -23"><span class='ocrx_word' id='word_1_158' title='bbox 248 1485 304 1538; x_wconf 89' lang='lat' dir='ltr'><strong>ni</strong></span> <span class='ocrx_word' id='word_1_159' title='bbox 336 1484 484 1540; x_wconf 85' lang='lat' dir='ltr'><strong>enim</strong></span> <span class='ocrx_word' id='word_1_160' title='bbox 520 1484 744 1551; x_wconf 80' lang='lat' dir='ltr'><strong>faceret,</strong></span> <span class='ocrx_word' id='word_1_161' title='bbox 784 1485 877 1556; x_wconf 89' lang='lat' dir='ltr'><strong>qui</strong></span> <span class='ocrx_word' id='word_1_162' title='bbox 916 1484 1042 1540; x_wconf 83' lang='lat' dir='ltr'><strong>talis</strong></span> <span class='ocrx_word' id='word_1_163' title='bbox 1069 1492 1208 1550; x_wconf 88' lang='lat' dir='ltr'><strong>erat,</strong></span> <span class='ocrx_word' id='word_1_164' title='bbox 1239 1492 1294 1540; x_wconf 89' lang='lat' dir='ltr'><strong>et</strong></span> <span class='ocrx_word' id='word_1_165' title='bbox 1314 1500 1493 1558; x_wconf 82' lang='lat' dir='ltr'><strong>genus</strong></span> <span class='ocrx_word' id='word_1_166' title='bbox 1520 1485 1672 1540; x_wconf 90' lang='lat' dir='ltr'><strong>illinc</strong></span> <span class='ocrx_word' id='word_1_167' title='bbox 1721 1486 1976 1553; x_wconf 85' lang='lat' dir='ltr'><strong>ducebat,</strong></span> <span class='ocrx_word' id='word_1_168' title='bbox 2004 1498 2063 1544; x_wconf 90' lang='lat' dir='ltr'><strong>et</strong></span> <span class='ocrx_word' id='word_1_169' title='bbox 2094 1489 2340 1561; x_wconf 83' lang='lat' dir='ltr'><strong>ejusdem</strong></span> <span class='ocrx_word' id='word_1_170' title='bbox 2375 1491 2554 1548; x_wconf 78' lang='lat' dir='ltr'><strong>fuerat</strong></span> <span class='ocrx_word' id='word_1_171' title='bbox 2590 1489 2934 1546; x_wconf 79' lang='lat' dir='ltr'><strong>sodalitatis?</strong></span> <span class='ocrx_word' id='word_1_172' title='bbox 2961 1488 3250 1555; x_wconf 88' lang='lat' dir='ltr'><strong>nobilium,</strong></span> <span class='ocrx_word' id='word_1_173' title='bbox 3281 1487 3522 1555; x_wconf 67' lang='lat' dir='ltr'><strong>inquam,</strong></span> 
     </span>
    </p>
   </div>
   <div class='ocr_carea' id='block_1_22' title="bbox 245 1578 3517 1658">
    <p class='ocr_par' dir='ltr' id='par_1_22' title="bbox 245 1578 3517 1658">
     <span class='ocr_line' id='line_1_22' title="bbox 245 1578 3517 1658; baseline -0.001 -25"><span class='ocrx_word' id='word_1_174' title='bbox 245 1589 303 1633; x_wconf 89' lang='lat' dir='ltr'><strong>et</strong></span> <span class='ocrx_word' id='word_1_175' title='bbox 327 1578 618 1633; x_wconf 86' lang='lat' dir='ltr'><strong>illustrium</strong></span> <span class='ocrx_word' id='word_1_176' title='bbox 659 1594 728 1634; x_wconf 79' lang='lat' dir='ltr'><strong>ex</strong></span> <span class='ocrx_word' id='word_1_177' title='bbox 756 1579 861 1636; x_wconf 92' lang='lat' dir='ltr'><strong>ﬁde</strong></span> <span class='ocrx_word' id='word_1_178' title='bbox 911 1579 968 1634; x_wconf 92' lang='lat' dir='ltr'><strong>in</strong></span> <span class='ocrx_word' id='word_1_179' title='bbox 1003 1578 1284 1635; x_wconf 84' lang='lat' dir='ltr'><strong>Christum</strong></span> <span class='ocrx_word' id='word_1_180' title='bbox 1318 1596 1334 1634; x_wconf 89' lang='lat'>:</span> <span class='ocrx_word' id='word_1_181' title='bbox 1370 1584 1463 1650; x_wconf 85' lang='lat' dir='ltr'><strong>qui</strong></span> <span class='ocrx_word' id='word_1_182' title='bbox 1495 1580 1866 1651; x_wconf 82' lang='lat' dir='ltr'><strong>sequebantur</strong></span> <span class='ocrx_word' id='word_1_183' title='bbox 1897 1583 2119 1653; x_wconf 78' lang='lat' dir='ltr'><strong>quidem</strong></span> <span class='ocrx_word' id='word_1_184' title='bbox 2154 1584 2394 1642; x_wconf 85' lang='lat' dir='ltr'><strong>Marcum</strong></span> <span class='ocrx_word' id='word_1_185' title='bbox 2438 1587 2516 1658; x_wconf 78' lang='lat'><strong>(5)</strong></span> <span class='ocrx_word' id='word_1_186' title='bbox 2553 1587 2961 1657; x_wconf 87' lang='lat' dir='ltr'><strong>imperatorem,</strong></span> <span class='ocrx_word' id='word_1_187' title='bbox 2998 1583 3200 1639; x_wconf 88' lang='lat' dir='ltr'><strong>bellum</strong></span> <span class='ocrx_word' id='word_1_188' title='bbox 3232 1588 3517 1652; x_wconf 83' lang='lat' dir='ltr'><strong>gerentem</strong></span> 
     </span>
    </p>
   </div>
   <div class='ocr_carea' id='block_1_23' title="bbox 251 1672 3520 1751">
    <p class='ocr_par' dir='ltr' id='par_1_23' title="bbox 251 1672 3520 1751">
     <span class='ocr_line' id='line_1_23' title="bbox 251 1672 3520 1751; baseline 0.002 -25"><span class='ocrx_word' id='word_1_189' title='bbox 251 1672 521 1728; x_wconf 83' lang='lat' dir='ltr'><strong>adversus</strong></span> <span class='ocrx_word' id='word_1_190' title='bbox 572 1672 861 1741; x_wconf 84' lang='lat' dir='ltr'><strong>Barbaros,</strong></span> <span class='ocrx_word' id='word_1_191' title='bbox 891 1690 1045 1746; x_wconf 65' lang='lat' dir='ltr'><strong>aqua;</strong></span> <span class='ocrx_word' id='word_1_192' title='bbox 1085 1683 1266 1730; x_wconf 88' lang='lat' dir='ltr'><strong>autem</strong></span> <span class='ocrx_word' id='word_1_193' title='bbox 1310 1676 1539 1746; x_wconf 89' lang='lat' dir='ltr'><strong>penuria</strong></span> <span class='ocrx_word' id='word_1_194' title='bbox 1595 1676 1881 1733; x_wconf 81' lang='lat' dir='ltr'><strong>laborabat</strong></span> <span class='ocrx_word' id='word_1_195' title='bbox 1928 1677 2300 1737; x_wconf 82' lang='lat' dir='ltr'><strong>Romanorum</strong></span> <span class='ocrx_word' id='word_1_196' title='bbox 2345 1683 2642 1748; x_wconf 83' lang='lat' dir='ltr'><strong>exercitus,</strong></span> <span class='ocrx_word' id='word_1_197' title='bbox 2692 1681 2974 1751; x_wconf 88' lang='lat' dir='ltr'><strong>tristisque</strong></span> <span class='ocrx_word' id='word_1_198' title='bbox 3017 1688 3138 1736; x_wconf 90' lang='lat' dir='ltr'><strong>erat</strong></span> <span class='ocrx_word' id='word_1_199' title='bbox 3195 1677 3520 1748; x_wconf 82' lang='lat' dir='ltr'><strong>imperator.</strong></span> 
     </span>
    </p>
   </div>
   <div class='ocr_carea' id='block_1_24' title="bbox 249 1764 3524 1835">
    <p class='ocr_par' dir='ltr' id='par_1_24' title="bbox 249 1764 3524 1835">
     <span class='ocr_line' id='line_1_24' title="bbox 249 1764 3524 1835; baseline 0.001 -19"><span class='ocrx_word' id='word_1_200' title='bbox 249 1779 375 1817; x_wconf 78' lang='lat' dir='ltr'><strong>cum</strong></span> <span class='ocrx_word' id='word_1_201' title='bbox 424 1764 613 1819; x_wconf 87' lang='lat' dir='ltr'><strong>hostes</strong></span> <span class='ocrx_word' id='word_1_202' title='bbox 659 1765 885 1835; x_wconf 89' lang='lat' dir='ltr'><strong>quidem</strong></span> <span class='ocrx_word' id='word_1_203' title='bbox 927 1767 1083 1824; x_wconf 86' lang='lat' dir='ltr'><strong>valde</strong></span> <span class='ocrx_word' id='word_1_204' title='bbox 1113 1766 1531 1833; x_wconf 85' lang='lat' dir='ltr'><strong>invalescerent,</strong></span> <span class='ocrx_word' id='word_1_205' title='bbox 1569 1767 1690 1823; x_wconf 86' lang='lat' dir='ltr'><strong>sitis</strong></span> <span class='ocrx_word' id='word_1_206' title='bbox 1739 1777 1923 1824; x_wconf 88' lang='lat' dir='ltr'><strong>autem</strong></span> <span class='ocrx_word' id='word_1_207' title='bbox 1986 1770 2130 1825; x_wconf 89' lang='lat' dir='ltr'><strong>inter</strong></span> <span class='ocrx_word' id='word_1_208' title='bbox 2157 1779 2357 1828; x_wconf 55' lang='lat' dir='ltr'><strong>extera</strong></span> <span class='ocrx_word' id='word_1_209' title='bbox 2385 1782 2600 1828; x_wconf 87' lang='lat' dir='ltr'><strong>nostros</strong></span> <span class='ocrx_word' id='word_1_210' title='bbox 2622 1782 2862 1828; x_wconf 81' lang='lat' dir='ltr'><strong>vexaret.</strong></span> <span class='ocrx_word' id='word_1_211' title='bbox 2905 1771 2947 1825; x_wconf 86' lang='lat' dir='ltr'><strong>li</strong></span> <span class='ocrx_word' id='word_1_212' title='bbox 2975 1780 3157 1826; x_wconf 89' lang='lat' dir='ltr'><strong>autem</strong></span> <span class='ocrx_word' id='word_1_213' title='bbox 3183 1766 3384 1823; x_wconf 87' lang='lat' dir='ltr'><strong>Christi</strong></span> <span class='ocrx_word' id='word_1_214' title='bbox 3414 1766 3524 1820; x_wconf 84' lang='lat' dir='ltr'><strong>for-</strong></span> 
     </span>
    </p>
   </div>
   <div class='ocr_carea' id='block_1_25' title="bbox 250 1858 3522 1941">
    <p class='ocr_par' dir='ltr' id='par_1_25' title="bbox 250 1858 3522 1941">
     <span class='ocr_line' id='line_1_25' title="bbox 250 1858 3522 1941; baseline 0.003 -28"><span class='ocrx_word' id='word_1_215' title='bbox 250 1871 335 1914; x_wconf 85' lang='lat' dir='ltr'><strong>tes</strong></span> <span class='ocrx_word' id='word_1_216' title='bbox 364 1858 592 1924; x_wconf 87' lang='lat' dir='ltr'><strong>milites,</strong></span> <span class='ocrx_word' id='word_1_217' title='bbox 621 1862 715 1932; x_wconf 89' lang='lat' dir='ltr'><strong>qui</strong></span> <span class='ocrx_word' id='word_1_218' title='bbox 738 1862 986 1919; x_wconf 87' lang='lat' dir='ltr'><strong>eamdem</strong></span> <span class='ocrx_word' id='word_1_219' title='bbox 1009 1862 1311 1934; x_wconf 86' lang='lat' dir='ltr'><strong>implebant</strong></span> <span class='ocrx_word' id='word_1_220' title='bbox 1333 1861 1624 1933; x_wconf 76' lang='lat' dir='ltr'><strong>legionem,</strong></span> <span class='ocrx_word' id='word_1_221' title='bbox 1650 1878 1815 1934; x_wconf 88' lang='lat' dir='ltr'><strong>quam</strong></span> <span class='ocrx_word' id='word_1_222' title='bbox 1839 1863 1929 1921; x_wconf 89' lang='lat' dir='ltr'><strong>hic</strong></span> <span class='ocrx_word' id='word_1_223' title='bbox 1954 1867 2298 1924; x_wconf 83' lang='lat' dir='ltr'><strong>venerandus</strong></span> <span class='ocrx_word' id='word_1_224' title='bbox 2321 1878 2546 1941; x_wconf 82' lang='lat' dir='ltr'><strong>martyr,</strong></span> <span class='ocrx_word' id='word_1_225' title='bbox 2586 1885 2713 1925; x_wconf 87' lang='lat' dir='ltr'><strong>cum</strong></span> <span class='ocrx_word' id='word_1_226' title='bbox 2744 1883 2804 1926; x_wconf 85' lang='lat' dir='ltr'><strong>se</strong></span> <span class='ocrx_word' id='word_1_227' title='bbox 2839 1876 3206 1940; x_wconf 83' lang='lat' dir='ltr'><strong>separassent,</strong></span> <span class='ocrx_word' id='word_1_228' title='bbox 3252 1876 3309 1920; x_wconf 92' lang='lat' dir='ltr'><strong>et</strong></span> <span class='ocrx_word' id='word_1_229' title='bbox 3331 1863 3522 1936; x_wconf 80' lang='lat' dir='ltr'><strong>procul</strong></span> 
     </span>
    </p>
   </div>
   <div class='ocr_carea' id='block_1_26' title="bbox 251 1957 3522 2045">
    <p class='ocr_par' dir='ltr' id='par_1_26' title="bbox 251 1957 3522 2045">
     <span class='ocr_line' id='line_1_26' title="bbox 251 1957 3522 2045; baseline 0 -32"><span class='ocrx_word' id='word_1_230' title='bbox 251 1959 325 2045; x_wconf 79' lang='lat' dir='ltr'><strong>ab</strong></span> <span class='ocrx_word' id='word_1_231' title='bbox 347 1960 599 2015; x_wconf 81' lang='lat' dir='ltr'><strong>exercitu</strong></span> <span class='ocrx_word' id='word_1_232' title='bbox 623 1959 1009 2024; x_wconf 75' lang='lat' dir='ltr'><strong>removissent,</strong></span> <span class='ocrx_word' id='word_1_233' title='bbox 1033 1973 1229 2015; x_wconf 89' lang='lat' dir='ltr'><strong>manus</strong></span> <span class='ocrx_word' id='word_1_234' title='bbox 1259 1957 1481 2028; x_wconf 89' lang='lat' dir='ltr'><strong>quidem</strong></span> <span class='ocrx_word' id='word_1_235' title='bbox 1535 1958 1652 2030; x_wconf 85' lang='lat' dir='ltr'><strong>pias</strong></span> <span class='ocrx_word' id='word_1_236' title='bbox 1701 1960 1768 2016; x_wconf 91' lang='lat' dir='ltr'><strong>ad</strong></span> <span class='ocrx_word' id='word_1_237' title='bbox 1822 1960 1996 2017; x_wconf 89' lang='lat' dir='ltr'><strong>Deum</strong></span> <span class='ocrx_word' id='word_1_238' title='bbox 2034 1962 2248 2026; x_wconf 88' lang='lat' dir='ltr'><strong>tollunt,</strong></span> <span class='ocrx_word' id='word_1_239' title='bbox 2313 1965 2484 2035; x_wconf 79' lang='lat' dir='ltr'><strong>piam,</strong></span> <span class='ocrx_word' id='word_1_240' title='bbox 2521 1980 2641 2036; x_wconf 74' lang='lat' dir='ltr'><strong>qua:</strong></span> <span class='ocrx_word' id='word_1_241' title='bbox 2685 1964 2754 2020; x_wconf 88' lang='lat' dir='ltr'><strong>ab</strong></span> <span class='ocrx_word' id='word_1_242' title='bbox 2803 1965 2884 2022; x_wconf 89' lang='lat' dir='ltr'><strong>eis</strong></span> <span class='ocrx_word' id='word_1_243' title='bbox 2918 1961 3323 2027; x_wconf 74' lang='lat' dir='ltr'><strong>honoraba‘tur,’</strong></span> <span class='ocrx_word' id='word_1_244' title='bbox 3361 1959 3522 2014; x_wconf 83' lang='lat' dir='ltr'><strong>ﬁdem</strong></span> 
     </span>
    </p>
   </div>
   <div class='ocr_carea' id='block_1_27' title="bbox 251 2054 3523 2130">
    <p class='ocr_par' dir='ltr' id='par_1_27' title="bbox 251 2054 3523 2130">
     <span class='ocr_line' id='line_1_27' title="bbox 251 2054 3523 2130; baseline -0.001 -21"><span class='ocrx_word' id='word_1_245' title='bbox 251 2059 526 2113; x_wconf 78' lang='lat' dir='ltr'><strong>acerrime</strong></span> <span class='ocrx_word' id='word_1_246' title='bbox 593 2055 955 2128; x_wconf 79' lang='lat' dir='ltr'><strong>proierentes.</strong></span> <span class='ocrx_word' id='word_1_247' title='bbox 1006 2056 1219 2126; x_wconf 77' lang='lat' dir='ltr'><strong>Rogant</strong></span> <span class='ocrx_word' id='word_1_248' title='bbox 1257 2063 1442 2110; x_wconf 90' lang='lat' dir='ltr'><strong>autem</strong></span> <span class='ocrx_word' id='word_1_249' title='bbox 1494 2054 1590 2109; x_wconf 88' lang='lat' dir='ltr'><strong>Dei</strong></span> <span class='ocrx_word' id='word_1_250' title='bbox 1648 2054 2052 2124; x_wconf 85' lang='lat' dir='ltr'><strong>miserationes,</strong></span> <span class='ocrx_word' id='word_1_251' title='bbox 2107 2067 2169 2114; x_wconf 88' lang='lat' dir='ltr'><strong>ut.</strong></span> <span class='ocrx_word' id='word_1_252' title='bbox 2213 2073 2312 2114; x_wconf 89' lang='lat' dir='ltr'><strong>eos</strong></span> <span class='ocrx_word' id='word_1_253' title='bbox 2357 2059 2609 2130; x_wconf 76' lang='lat' dir='ltr'><strong>benignis</strong></span> <span class='ocrx_word' id='word_1_254' title='bbox 2663 2059 2836 2116; x_wconf 91' lang='lat' dir='ltr'><strong>oculis</strong></span> <span class='ocrx_word' id='word_1_255' title='bbox 2879 2058 3222 2130; x_wconf 86' lang='lat' dir='ltr'><strong>aspicerent,</strong></span> <span class='ocrx_word' id='word_1_256' title='bbox 3277 2064 3332 2111; x_wconf 88' lang='lat' dir='ltr'><strong>et</strong></span> <span class='ocrx_word' id='word_1_257' title='bbox 3382 2055 3523 2108; x_wconf 87' lang='lat' dir='ltr'><strong>hanc</strong></span> 
     </span>
    </p>
   </div>
   <div class='ocr_carea' id='block_1_28' title="bbox 250 2144 3518 2220">
    <p class='ocr_par' dir='ltr' id='par_1_28' title="bbox 250 2144 3518 2220">
     <span class='ocr_line' id='line_1_28' title="bbox 250 2144 3518 2220; baseline -0.002 -17"><span class='ocrx_word' id='word_1_258' title='bbox 250 2149 530 2206; x_wconf 82' lang='lat' dir='ltr'><strong>solverent</strong></span> <span class='ocrx_word' id='word_1_259' title='bbox 576 2150 982 2215; x_wconf 87' lang='lat' dir='ltr'><strong>necessitatem,</strong></span> <span class='ocrx_word' id='word_1_260' title='bbox 1041 2164 1162 2219; x_wconf 74' lang='lat' dir='ltr'><strong>qua:</strong></span> <span class='ocrx_word' id='word_1_261' title='bbox 1201 2149 1547 2220; x_wconf 89' lang='lat' dir='ltr'><strong>opprimebat</strong></span> <span class='ocrx_word' id='word_1_262' title='bbox 1593 2149 2023 2208; x_wconf 87' lang='lat' dir='ltr'><strong>multitudinem.</strong></span> <span class='ocrx_word' id='word_1_263' title='bbox 2071 2153 2231 2208; x_wconf 84' lang='lat' dir='ltr'><strong>Cum</strong></span> <span class='ocrx_word' id='word_1_264' title='bbox 2285 2152 2361 2207; x_wconf 89' lang='lat' dir='ltr'><strong>illi</strong></span> <span class='ocrx_word' id='word_1_265' title='bbox 2410 2153 2492 2208; x_wconf 90' lang='lat' dir='ltr'><strong>sic</strong></span> <span class='ocrx_word' id='word_1_266' title='bbox 2537 2163 2808 2213; x_wconf 83' lang='lat' dir='ltr'><strong>orassent.</strong></span> <span class='ocrx_word' id='word_1_267' title='bbox 2841 2153 2956 2209; x_wconf 91' lang='lat' dir='ltr'><strong>suis</strong></span> <span class='ocrx_word' id='word_1_268' title='bbox 2983 2167 3097 2207; x_wconf 86' lang='lat' dir='ltr'><strong>non</strong></span> <span class='ocrx_word' id='word_1_269' title='bbox 3125 2158 3256 2206; x_wconf 90' lang='lat' dir='ltr'><strong>sunt</strong></span> <span class='ocrx_word' id='word_1_270' title='bbox 3285 2144 3518 2202; x_wconf 80' lang='lat' dir='ltr'><strong>fraudati</strong></span> 
     </span>
    </p>
   </div>
   <div class='ocr_carea' id='block_1_29' title="bbox 247 2243 3518 2317">
    <p class='ocr_par' dir='ltr' id='par_1_29' title="bbox 247 2243 3518 2317">
     <span class='ocr_line' id='line_1_29' title="bbox 247 2243 3518 2317; baseline -0.002 -17"><span class='ocrx_word' id='word_1_271' title='bbox 247 2245 528 2316; x_wconf 81' lang='lat' dir='ltr'><strong>precibus.</strong></span> <span class='ocrx_word' id='word_1_272' title='bbox 546 2245 800 2300; x_wconf 88' lang='lat' dir='ltr'><strong>Nondum</strong></span> <span class='ocrx_word' id='word_1_273' title='bbox 825 2245 974 2299; x_wconf 89' lang='lat' dir='ltr'><strong>enim</strong></span> <span class='ocrx_word' id='word_1_274' title='bbox 1002 2244 1416 2315; x_wconf 88' lang='lat' dir='ltr'><strong>precationibus</strong></span> <span class='ocrx_word' id='word_1_275' title='bbox 1450 2245 1617 2302; x_wconf 89' lang='lat' dir='ltr'><strong>ﬁnem</strong></span> <span class='ocrx_word' id='word_1_276' title='bbox 1649 2245 2047 2317; x_wconf 88' lang='lat' dir='ltr'><strong>imposuerant,</strong></span> <span class='ocrx_word' id='word_1_277' title='bbox 2072 2256 2130 2304; x_wconf 90' lang='lat' dir='ltr'><strong>et</strong></span> <span class='ocrx_word' id='word_1_278' title='bbox 2162 2249 2334 2305; x_wconf 86' lang='lat' dir='ltr'><strong>densa</strong></span> <span class='ocrx_word' id='word_1_279' title='bbox 2362 2249 2538 2306; x_wconf 87' lang='lat' dir='ltr'><strong>nubes</strong></span> <span class='ocrx_word' id='word_1_280' title='bbox 2562 2249 2762 2304; x_wconf 72' lang='lat' dir='ltr'><strong>cmlum</strong></span> <span class='ocrx_word' id='word_1_281' title='bbox 2790 2248 3035 2313; x_wconf 89' lang='lat' dir='ltr'><strong>subiens,</strong></span> <span class='ocrx_word' id='word_1_282' title='bbox 3072 2261 3254 2303; x_wconf 88' lang='lat' dir='ltr'><strong>aerem</strong></span> <span class='ocrx_word' id='word_1_283' title='bbox 3300 2243 3518 2315; x_wconf 84' lang='lat' dir='ltr'><strong>quidem</strong></span> 
     </span>
    </p>
   </div>
   <div class='ocr_carea' id='block_1_30' title="bbox 251 2336 3522 2413">
    <p class='ocr_par' dir='ltr' id='par_1_30' title="bbox 251 2336 3522 2413">
     <span class='ocr_line' id='line_1_30' title="bbox 251 2336 3522 2413; baseline -0.001 -19"><span class='ocrx_word' id='word_1_284' title='bbox 251 2340 500 2410; x_wconf 88' lang='lat' dir='ltr'><strong>implevit</strong></span> <span class='ocrx_word' id='word_1_285' title='bbox 529 2341 731 2395; x_wconf 91' lang='lat' dir='ltr'><strong>tonitru</strong></span> <span class='ocrx_word' id='word_1_286' title='bbox 777 2354 794 2394; x_wconf 88' lang='lat'><strong>:</strong></span> <span class='ocrx_word' id='word_1_287' title='bbox 829 2338 1040 2410; x_wconf 79' lang='lat' dir='ltr'><strong>fulgura</strong></span> <span class='ocrx_word' id='word_1_288' title='bbox 1075 2347 1258 2394; x_wconf 81' lang='lat' dir='ltr'><strong>autem</strong></span> <span class='ocrx_word' id='word_1_289' title='bbox 1291 2339 1430 2394; x_wconf 82' lang='lat' dir='ltr'><strong>elisa</strong></span> <span class='ocrx_word' id='word_1_290' title='bbox 1451 2339 1749 2407; x_wconf 84' lang='lat' dir='ltr'><strong>micabant,</strong></span> <span class='ocrx_word' id='word_1_291' title='bbox 1777 2349 1836 2394; x_wconf 89' lang='lat' dir='ltr'><strong>et</strong></span> <span class='ocrx_word' id='word_1_292' title='bbox 1879 2342 2048 2398; x_wconf 89' lang='lat' dir='ltr'><strong>multa</strong></span> <span class='ocrx_word' id='word_1_293' title='bbox 2073 2343 2477 2413; x_wconf 86' lang='lat' dir='ltr'><strong>erupitpluvia,</strong></span> <span class='ocrx_word' id='word_1_294' title='bbox 2531 2343 2669 2398; x_wconf 76' lang='lat' dir='ltr'><strong>adeo</strong></span> <span class='ocrx_word' id='word_1_295' title='bbox 2699 2350 2777 2408; x_wconf 91' lang='lat' dir='ltr'><strong>ut,</strong></span> <span class='ocrx_word' id='word_1_296' title='bbox 2802 2342 2932 2397; x_wconf 88' lang='lat' dir='ltr'><strong>dum</strong></span> <span class='ocrx_word' id='word_1_297' title='bbox 2958 2341 3038 2396; x_wconf 88' lang='lat' dir='ltr'><strong>sic</strong></span> <span class='ocrx_word' id='word_1_298' title='bbox 3093 2338 3368 2395; x_wconf 82' lang='lat' dir='ltr'><strong>ferrentur</strong></span> <span class='ocrx_word' id='word_1_299' title='bbox 3418 2336 3522 2391; x_wconf 81' lang='lat' dir='ltr'><strong>ful-</strong></span> 
     </span>
    </p>
   </div>
   <div class='ocr_carea' id='block_1_31' title="bbox 250 2433 3523 2522">
    <p class='ocr_par' dir='ltr' id='par_1_31' title="bbox 250 2433 3523 2522">
     <span class='ocr_line' id='line_1_31' title="bbox 250 2433 3523 2522; baseline -0.001 -34"><span class='ocrx_word' id='word_1_300' title='bbox 250 2435 401 2490; x_wconf 88' lang='lat' dir='ltr'><strong>mina</strong></span> <span class='ocrx_word' id='word_1_301' title='bbox 446 2443 503 2489; x_wconf 87' lang='lat' dir='ltr'><strong>et</strong></span> <span class='ocrx_word' id='word_1_302' title='bbox 531 2433 754 2499; x_wconf 89' lang='lat' dir='ltr'><strong>imbres,</strong></span> <span class='ocrx_word' id='word_1_303' title='bbox 780 2435 1010 2489; x_wconf 85' lang='lat' dir='ltr'><strong>recreati</strong></span> <span class='ocrx_word' id='word_1_304' title='bbox 1040 2433 1258 2522; x_wconf 78' lang='lat' dir='ltr'><strong>quidem</strong></span> <span class='ocrx_word' id='word_1_305' title='bbox 1278 2434 1392 2489; x_wconf 90' lang='lat' dir='ltr'><strong>sint</strong></span> <span class='ocrx_word' id='word_1_306' title='bbox 1423 2433 1743 2500; x_wconf 84' lang='lat' dir='ltr'><strong>Christiani,</strong></span> <span class='ocrx_word' id='word_1_307' title='bbox 1770 2435 1992 2506; x_wconf 77' lang='lat' dir='ltr'><strong>plurimi</strong></span> <span class='ocrx_word' id='word_1_308' title='bbox 2015 2449 2196 2493; x_wconf 74' lang='lat' dir='ltr'><strong>autem</strong></span> <span class='ocrx_word' id='word_1_309' title='bbox 2220 2439 2441 2495; x_wconf 88' lang='lat' dir='ltr'><strong>Barbari</strong></span> <span class='ocrx_word' id='word_1_310' title='bbox 2468 2438 2794 2504; x_wconf 89' lang='lat' dir='ltr'><strong>interierint,</strong></span> <span class='ocrx_word' id='word_1_311' title='bbox 2817 2445 2873 2493; x_wconf 92' lang='lat' dir='ltr'><strong>et</strong></span> <span class='ocrx_word' id='word_1_312' title='bbox 2891 2452 2957 2492; x_wconf 79' lang='lat' dir='ltr'><strong>ex</strong></span> <span class='ocrx_word' id='word_1_313' title='bbox 2981 2451 3049 2492; x_wconf 90' lang='lat' dir='ltr'><strong>eo</strong></span> <span class='ocrx_word' id='word_1_314' title='bbox 3092 2436 3164 2491; x_wconf 85' lang='lat' dir='ltr'><strong>sit</strong></span> <span class='ocrx_word' id='word_1_315' title='bbox 3211 2434 3350 2506; x_wconf 87' lang='lat' dir='ltr'><strong>legio</strong></span> <span class='ocrx_word' id='word_1_316' title='bbox 3381 2442 3523 2488; x_wconf 69' lang='lat' dir='ltr'><strong>nun“</strong></span> 
     </span>
    </p>
   </div>
   <div class='ocr_carea' id='block_1_32' title="bbox 249 2525 3519 2607">
    <p class='ocr_par' dir='ltr' id='par_1_32' title="bbox 249 2525 3519 2607">
     <span class='ocr_line' id='line_1_32' title="bbox 249 2525 3519 2607; baseline 0 -25"><span class='ocrx_word' id='word_1_317' title='bbox 249 2535 449 2597; x_wconf 86' lang='lat' dir='ltr'><strong>cupata</strong></span> <span class='ocrx_word' id='word_1_318' title='bbox 479 2526 891 2597; x_wconf 74' lang='grc' dir='ltr'><strong>κεραυνοϐόλος,</strong></span> <span class='ocrx_word' id='word_1_319' title='bbox 921 2528 972 2582; x_wconf 97' lang='lat' dir='ltr'><strong>id</strong></span> <span class='ocrx_word' id='word_1_320' title='bbox 1003 2537 1106 2591; x_wconf 84' lang='lat' dir='ltr'><strong>est,</strong></span> <span class='ocrx_word' id='word_1_321' title='bbox 1132 2525 1444 2584; x_wconf 82' lang='lat' dir='ltr'><strong>Fulminum</strong></span> <span class='ocrx_word' id='word_1_322' title='bbox 1473 2528 1765 2600; x_wconf 77' lang='lat' dir='ltr'><strong>jaculatrix</strong></span> <span class='ocrx_word' id='word_1_323' title='bbox 1820 2529 1898 2602; x_wconf 88' lang='lat'><strong>(6)</strong></span> <span class='ocrx_word' id='word_1_324' title='bbox 1951 2531 2236 2603; x_wconf 87' lang='lat' dir='ltr'><strong>hucusque</strong></span> <span class='ocrx_word' id='word_1_325' title='bbox 2259 2534 2472 2607; x_wconf 85' lang='lat' dir='ltr'><strong>cognita</strong></span> <span class='ocrx_word' id='word_1_326' title='bbox 2501 2549 2574 2589; x_wconf 65' lang='lat' dir='ltr'><strong>ex</strong></span> <span class='ocrx_word' id='word_1_327' title='bbox 2599 2533 2701 2588; x_wconf 87' lang='lat' dir='ltr'><strong>hac</strong></span> <span class='ocrx_word' id='word_1_328' title='bbox 2734 2533 2912 2604; x_wconf 79' lang='lat' dir='ltr'><strong>magni</strong></span> <span class='ocrx_word' id='word_1_329' title='bbox 2938 2531 3184 2586; x_wconf 87' lang='lat' dir='ltr'><strong>miraculi</strong></span> <span class='ocrx_word' id='word_1_330' title='bbox 3209 2528 3519 2586; x_wconf 80' lang='lat' dir='ltr'><strong>eﬁ‘eetione&#39;</strong></span> 
     </span>
    </p>
   </div>
   <div class='ocr_carea' id='block_1_33' title="bbox 255 2617 3522 2691">
    <p class='ocr_par' dir='ltr' id='par_1_33' title="bbox 255 2617 3522 2691">
     <span class='ocr_line' id='line_1_33' title="bbox 255 2617 3522 2691; baseline 0.001 -18"><span class='ocrx_word' id='word_1_331' title='bbox 255 2619 330 2674; x_wconf 87' lang='lat' dir='ltr'><strong>ad</strong></span> <span class='ocrx_word' id='word_1_332' title='bbox 372 2619 598 2690; x_wconf 89' lang='lat' dir='ltr'><strong>gloriam</strong></span> <span class='ocrx_word' id='word_1_333' title='bbox 629 2619 826 2684; x_wconf 82' lang='lat' dir='ltr'><strong>Patris,</strong></span> <span class='ocrx_word' id='word_1_334' title='bbox 864 2629 918 2674; x_wconf 87' lang='lat' dir='ltr'><strong>et</strong></span> <span class='ocrx_word' id='word_1_335' title='bbox 948 2617 1090 2686; x_wconf 87' lang='lat' dir='ltr'><strong>Filii,</strong></span> <span class='ocrx_word' id='word_1_336' title='bbox 1139 2629 1194 2676; x_wconf 89' lang='lat' dir='ltr'><strong>et</strong></span> <span class='ocrx_word' id='word_1_337' title='bbox 1229 2619 1462 2691; x_wconf 90' lang='lat' dir='ltr'><strong>Spiritus</strong></span> <span class='ocrx_word' id='word_1_338' title='bbox 1509 2621 1707 2689; x_wconf 87' lang='lat' dir='ltr'><strong>sancti,</strong></span> <span class='ocrx_word' id='word_1_339' title='bbox 1765 2623 1927 2678; x_wconf 84' lang='lat' dir='ltr'><strong>unius</strong></span> <span class='ocrx_word' id='word_1_340' title='bbox 1971 2633 2029 2680; x_wconf 90' lang='lat' dir='ltr'><strong>et</strong></span> <span class='ocrx_word' id='word_1_341' title='bbox 2065 2627 2548 2684; x_wconf 84' lang='lat' dir='ltr'><strong>consubstantialis</strong></span> <span class='ocrx_word' id='word_1_342' title='bbox 2573 2625 2894 2682; x_wconf 86' lang='lat' dir='ltr'><strong>divinitatis.</strong></span> <span class='ocrx_word' id='word_1_343' title='bbox 2935 2626 3033 2680; x_wconf 86' lang='lat' dir='ltr'><strong>Cui</strong></span> <span class='ocrx_word' id='word_1_344' title='bbox 3067 2625 3323 2679; x_wconf 85' lang='lat' dir='ltr'><strong>convenit</strong></span> <span class='ocrx_word' id='word_1_345' title='bbox 3341 2623 3522 2678; x_wconf 86' lang='lat' dir='ltr'><strong>omnis</strong></span> 
     </span>
    </p>
   </div>
   <div class='ocr_carea' id='block_1_34' title="bbox 250 2711 2229 2786">
    <p class='ocr_par' dir='ltr' id='par_1_34' title="bbox 250 2711 2229 2786">
     <span class='ocr_line' id='line_1_34' title="bbox 250 2711 2229 2786; baseline 0.003 -21"><span class='ocrx_word' id='word_1_346' title='bbox 250 2711 448 2786; x_wconf 83' lang='lat' dir='ltr'><strong>gloria,</strong></span> <span class='ocrx_word' id='word_1_347' title='bbox 483 2711 658 2767; x_wconf 89' lang='lat' dir='ltr'><strong>honor</strong></span> <span class='ocrx_word' id='word_1_348' title='bbox 687 2719 741 2766; x_wconf 88' lang='lat' dir='ltr'><strong>et</strong></span> <span class='ocrx_word' id='word_1_349' title='bbox 769 2711 1035 2779; x_wconf 86' lang='lat' dir='ltr'><strong>adoratio,</strong></span> <span class='ocrx_word' id='word_1_350' title='bbox 1063 2726 1212 2768; x_wconf 90' lang='lat' dir='ltr'><strong>nunc</strong></span> <span class='ocrx_word' id='word_1_351' title='bbox 1249 2721 1306 2767; x_wconf 91' lang='lat' dir='ltr'><strong>et</strong></span> <span class='ocrx_word' id='word_1_352' title='bbox 1338 2712 1395 2766; x_wconf 90' lang='lat' dir='ltr'><strong>in</strong></span> <span class='ocrx_word' id='word_1_353' title='bbox 1436 2713 1632 2768; x_wconf 61' lang='lat' dir='ltr'><strong>secula</strong></span> <span class='ocrx_word' id='word_1_354' title='bbox 1663 2714 2007 2770; x_wconf 66' lang='lat' dir='ltr'><strong>saeculorum.</strong></span> <span class='ocrx_word' id='word_1_355' title='bbox 2033 2719 2229 2773; x_wconf 84' lang='lat' dir='ltr'><strong>Amen.</strong></span> 
     </span>
    </p>
   </div>
   <div class='ocr_carea' id='block_1_35' title="bbox 327 2847 2404 2992">
    <p class='ocr_par' dir='ltr' id='par_1_35' title="bbox 327 2847 2404 2992">
     <span class='ocr_line' id='line_1_35' title="bbox 327 2847 2404 2992; baseline 0.003 -89"><span class='ocrx_word' id='word_1_356' title='bbox 444 2847 1190 2975; x_wconf 35' lang='lat' dir='ltr'><strong>ngie‘g‘rﬁzﬁlgrﬁgﬁggh.ﬂ</strong></span> <span class='ocrx_word' id='word_1_357' title='bbox 1225 2847 1426 2906; x_wconf 86' lang='lat' dir='ltr'><strong>Euseb.</strong></span> <span class='ocrx_word' id='word_1_358' title='bbox 1473 2847 1611 2904; x_wconf 62' lang='lat' dir='ltr'><strong>Caes.</strong></span> <span class='ocrx_word' id='word_1_359' title='bbox 1649 2849 1855 2904; x_wconf 77' lang='lat' dir='ltr'><strong>Hntor.</strong></span> <span class='ocrx_word' id='word_1_360' title='bbox 1897 2848 2041 2907; x_wconf 82' lang='lat' dir='ltr'><strong>Eccl.</strong></span> <span class='ocrx_word' id='word_1_361' title='bbox 2071 2854 2164 2910; x_wconf 91' lang='lat' dir='ltr'><strong>lib.</strong></span> <span class='ocrx_word' id='word_1_362' title='bbox 2193 2871 2245 2920; x_wconf 87' lang='lat' dir='ltr'><strong>v,</strong></span> <span class='ocrx_word' id='word_1_363' title='bbox 2273 2869 2322 2910; x_wconf 94' lang='lat' dir='ltr'><strong>c.</strong></span> <span class='ocrx_word' id='word_1_364' title='bbox 2350 2855 2404 2910; x_wconf 85' lang='lat'><strong>5.</strong></span> 
     </span>
    </p>
   </div>
   <div class='ocr_carea' id='block_1_36' title="bbox 319 3038 2006 3104">
    <p class='ocr_par' dir='ltr' id='par_1_36' title="bbox 319 3038 2006 3104">
     <span class='ocr_line' id='line_1_36' title="bbox 319 3038 2006 3104; baseline 0.001 -16"><span class='ocrx_word' id='word_1_365' title='bbox 319 3041 392 3104; x_wconf 80' lang='grc' dir='ltr'><strong>(α)</strong></span> <span class='ocrx_word' id='word_1_366' title='bbox 429 3038 549 3101; x_wconf 65' lang='lat' dir='ltr'><strong>Qua</strong></span> <span class='ocrx_word' id='word_1_367' title='bbox 571 3043 845 3103; x_wconf 88' lang='lat' dir='ltr'><strong>sequuntur</strong></span> <span class='ocrx_word' id='word_1_368' title='bbox 863 3043 1043 3091; x_wconf 85' lang='lat' dir='ltr'><strong>desunt</strong></span> <span class='ocrx_word' id='word_1_369' title='bbox 1073 3039 1124 3090; x_wconf 90' lang='lat' dir='ltr'><strong>in</strong></span> <span class='ocrx_word' id='word_1_370' title='bbox 1145 3040 1320 3091; x_wconf 87' lang='lat' dir='ltr'><strong>codice</strong></span> <span class='ocrx_word' id='word_1_371' title='bbox 1348 3053 1424 3090; x_wconf 88' lang='lat' dir='ltr'><strong>ms</strong></span> <span class='ocrx_word' id='word_1_372' title='bbox 1477 3039 1664 3092; x_wconf 71' lang='lat' dir='ltr'><strong>Graeco.</strong></span> <span class='ocrx_word' id='word_1_373' title='bbox 1687 3040 1826 3090; x_wconf 78' lang='lat' dir='ltr'><strong>Eutr.</strong></span> <span class='ocrx_word' id='word_1_374' title='bbox 1854 3040 2006 3090; x_wconf 65' lang='lat' dir='ltr'><strong>Pan.</strong></span> 
     </span>
    </p>
   </div>
   <div class='ocr_carea' id='block_1_37' title="bbox 277 3162 628 3196">
    <p class='ocr_par' dir='ltr' id='par_1_37' title="bbox 277 3162 628 3196">
     <span class='ocr_line' id='line_1_37' title="bbox 277 3162 628 3196; baseline -0.003 -6"><span class='ocrx_word' id='word_1_375' title='bbox 277 3162 628 3196; x_wconf 58' lang='grc' dir='ltr'><strong>με’-..επ</strong></span> 
     </span>
    </p>
   </div>
   <div class='ocr_carea' id='block_1_38' title="bbox 537 3158 3514 3196">
    <p class='ocr_par' dir='ltr' id='par_1_38' title="bbox 537 3158 3514 3196">
     <span class='ocr_line' id='line_1_38' title="bbox 537 3158 3514 3196; baseline 0.002 -8"><span class='ocrx_word' id='word_1_376' title='bbox 537 3158 3514 3196; x_wconf 58' lang='lat' dir='ltr'><em>W</em></span> 
     </span>
    </p>
   </div>
   <div class='ocr_carea' id='block_1_39' title="bbox 1355 3236 2456 3411">
    <p class='ocr_par' dir='ltr' id='par_1_39' title="bbox 1355 3323 2456 3411">
     <span class='ocr_line' id='line_1_39' title="bbox 1355 3323 2456 3411; baseline -0.001 -1"><span class='ocrx_word' id='word_1_377' title='bbox 1355 3326 1607 3411; x_wconf 88' lang='grc' dir='ltr'><strong>ΒΙΟΣ</strong></span> <span class='ocrx_word' id='word_1_378' title='bbox 1669 3324 1867 3409; x_wconf 87' lang='grc' dir='ltr'><strong>ΚΑΙ</strong></span> <span class='ocrx_word' id='word_1_379' title='bbox 1913 3323 2456 3410; x_wconf 86' lang='grc' dir='ltr'><strong>ΠΟΛΙΤΕΙΑ</strong></span> 
     </span>
    </p>
   </div>
   <div class='ocr_carea' id='block_1_40' title="bbox 402 3509 3409 3635">
    <p class='ocr_par' dir='ltr' id='par_1_40' title="bbox 402 3509 3409 3635">
     <span class='ocr_line' id='line_1_40' title="bbox 402 3509 3409 3635; baseline -0.002 -6"><span class='ocrx_word' id='word_1_380' title='bbox 402 3515 704 3633; x_wconf 88' lang='grc' dir='ltr'><strong>ΤΟΥ</strong></span> <span class='ocrx_word' id='word_1_381' title='bbox 766 3517 1233 3635; x_wconf 89' lang='grc' dir='ltr'>ΟΣΙΟΥ</span> <span class='ocrx_word' id='word_1_382' title='bbox 1293 3513 1914 3633; x_wconf 89' lang='grc' dir='ltr'>ΠΑΤΡΟΣ</span> <span class='ocrx_word' id='word_1_383' title='bbox 1979 3515 2431 3634; x_wconf 87' lang='grc' dir='ltr'><strong>ΗΜΩΝ</strong></span> <span class='ocrx_word' id='word_1_384' title='bbox 2490 3509 3409 3632; x_wconf 87' lang='grc' dir='ltr'><strong>ΜΑΡΚΙΑΝΟΥ</strong></span> 
     </span>
    </p>
   </div>
   <div class='ocr_carea' id='block_1_41' title="bbox 1174 3890 2601 3990">
    <p class='ocr_par' dir='ltr' id='par_1_41' title="bbox 1174 3890 2601 3990">
     <span class='ocr_line' id='line_1_41' title="bbox 1174 3890 2601 3990; baseline -0.004 0"><span class='ocrx_word' id='word_1_385' title='bbox 1174 3899 1461 3990; x_wconf 88' lang='lat' dir='ltr'><strong>VITA</strong></span> <span class='ocrx_word' id='word_1_386' title='bbox 1531 3899 1687 3988; x_wconf 90' lang='lat' dir='ltr'><strong>ET</strong></span> <span class='ocrx_word' id='word_1_387' title='bbox 1754 3890 2601 3989; x_wconf 80' lang='lat' dir='ltr'><strong>CONVERSATIO</strong></span> 
     </span>
    </p>
   </div>
   <div class='ocr_carea' id='block_1_42' title="bbox 685 4101 3064 4229">
    <p class='ocr_par' dir='ltr' id='par_1_42' title="bbox 685 4101 3064 4229">
     <span class='ocr_line' id='line_1_42' title="bbox 685 4101 3064 4229; baseline -0.006 0"><span class='ocrx_word' id='word_1_388' title='bbox 685 4114 802 4229; x_wconf 87' lang='lat' dir='ltr'><strong>S.</strong></span> <span class='ocrx_word' id='word_1_389' title='bbox 902 4115 1031 4225; x_wconf 89' lang='lat' dir='ltr'><strong>P.</strong></span> <span class='ocrx_word' id='word_1_390' title='bbox 1128 4113 1272 4226; x_wconf 92' lang='lat' dir='ltr'><strong>N.</strong></span> <span class='ocrx_word' id='word_1_391' title='bbox 1369 4107 2080 4224; x_wconf 80' lang='lat' dir='ltr'><strong>MARCIANI</strong></span> <span class='ocrx_word' id='word_1_392' title='bbox 2166 4101 3064 4219; x_wconf 82' lang='lat' dir='ltr'><strong>PBESBYTERI</strong></span> 
     </span>
    </p>
   </div>
   <div class='ocr_carea' id='block_1_43' title="bbox 1131 4327 2641 4407">
    <p class='ocr_par' dir='ltr' id='par_1_43' title="bbox 1131 4327 2641 4407">
     <span class='ocr_line' id='line_1_43' title="bbox 1131 4327 2641 4407; baseline -0.003 -14"><span class='ocrx_word' id='word_1_393' title='bbox 1131 4348 1238 4402; x_wconf 80' lang='lat' dir='ltr'><strong>om</strong></span> <span class='ocrx_word' id='word_1_394' title='bbox 1289 4348 1432 4392; x_wconf 75' lang='lat' dir='ltr'><strong>run</strong></span> <span class='ocrx_word' id='word_1_395' title='bbox 1461 4345 1809 4394; x_wconf 66' lang='lat' dir='ltr'><strong>mcououus</strong></span> <span class='ocrx_word' id='word_1_396' title='bbox 1835 4344 2074 4392; x_wconf 60' lang='lat' dir='ltr'><strong>meum</strong></span> <span class='ocrx_word' id='word_1_397' title='bbox 2105 4341 2408 4390; x_wconf 62' lang='lat' dir='ltr'><strong>accensus</strong></span> <span class='ocrx_word' id='word_1_398' title='bbox 2435 4343 2532 4388; x_wconf 80' lang='lat' dir='ltr'><strong>cr.</strong></span> <span class='ocrx_word' id='word_1_399' title='bbox 2558 4327 2641 4407; x_wconf 81' lang='lat'><strong>(7)</strong></span> 
     </span>
    </p>
   </div>
   <div class='ocr_carea' id='block_1_44' title="bbox 1685 4480 2090 4562">
    <p class='ocr_par' dir='ltr' id='par_1_44' title="bbox 1685 4480 2090 4562">
     <span class='ocr_line' id='line_1_44' title="bbox 1685 4480 2090 4562; baseline -0.002 -17"><span class='ocrx_word' id='word_1_400' title='bbox 1685 4484 1892 4562; x_wconf 87' lang='lat' dir='ltr'><strong>(Anno</strong></span> <span class='ocrx_word' id='word_1_401' title='bbox 1923 4480 2090 4560; x_wconf 76' lang='grc'><strong>450.)</strong></span> 
     </span>
    </p>
   </div>
   <div class='ocr_carea' id='block_1_45' title="bbox 247 4625 3506 4699">
    <p class='ocr_par' dir='ltr' id='par_1_45' title="bbox 247 4625 3506 4699">
     <span class='ocr_line' id='line_1_45' title="bbox 247 4625 3506 4699; baseline -0.004 -12"><span class='ocrx_word' id='word_1_402' title='bbox 247 4640 315 4698; x_wconf 71' lang='lat' dir='ltr'><strong>(li</strong></span> <span class='ocrx_word' id='word_1_403' title='bbox 341 4637 537 4688; x_wconf 85' lang='lat' dir='ltr'><strong>duobus</strong></span> <span class='ocrx_word' id='word_1_404' title='bbox 563 4650 678 4686; x_wconf 80' lang='lat' dir='ltr'><strong>mss.</strong></span> <span class='ocrx_word' id='word_1_405' title='bbox 715 4637 898 4688; x_wconf 71' lang='lat' dir='ltr'><strong>Graecis</strong></span> <span class='ocrx_word' id='word_1_406' title='bbox 921 4637 1042 4688; x_wconf 88' lang='lat' dir='ltr'><strong>bibl.</strong></span> <span class='ocrx_word' id='word_1_407' title='bbox 1070 4637 1187 4699; x_wconf 88' lang='lat' dir='ltr'><strong>Imp.</strong></span> <span class='ocrx_word' id='word_1_408' title='bbox 1212 4633 1363 4686; x_wconf 81' lang='lat' dir='ltr'><strong>Paris.</strong></span> <span class='ocrx_word' id='word_1_409' title='bbox 1393 4647 1442 4684; x_wconf 90' lang='lat' dir='ltr'><strong>n.</strong></span> <span class='ocrx_word' id='word_1_410' title='bbox 1473 4632 1612 4693; x_wconf 73' lang='lat' dir='ltr'><strong>l556,</strong></span> <span class='ocrx_word' id='word_1_411' title='bbox 1635 4645 1750 4682; x_wconf 63' lang='lat' dir='ltr'><strong>saec.</strong></span> <span class='ocrx_word' id='word_1_412' title='bbox 1776 4647 1846 4693; x_wconf 77' lang='grc' dir='ltr'><strong>ιι,</strong></span> <span class='ocrx_word' id='word_1_413' title='bbox 1873 4639 1926 4680; x_wconf 85' lang='lat' dir='ltr'><strong>et</strong></span> <span class='ocrx_word' id='word_1_414' title='bbox 1949 4645 1997 4681; x_wconf 93' lang='lat' dir='ltr'><strong>n.</strong></span> <span class='ocrx_word' id='word_1_415' title='bbox 2029 4631 2168 4692; x_wconf 73' lang='lat' dir='ltr'><strong>N67,</strong></span> <span class='ocrx_word' id='word_1_416' title='bbox 2191 4643 2302 4681; x_wconf 66' lang='lat' dir='ltr'><strong>me.</strong></span> <span class='ocrx_word' id='word_1_417' title='bbox 2332 4644 2411 4680; x_wconf 80' lang='lat' dir='ltr'><strong>xrv</strong></span> <span class='ocrx_word' id='word_1_418' title='bbox 2438 4644 2452 4693; x_wconf 89' lang='lat'><strong>;</strong></span> <span class='ocrx_word' id='word_1_419' title='bbox 2475 4627 2653 4681; x_wconf 83' lang='lat' dir='ltr'><strong>Latine</strong></span> <span class='ocrx_word' id='word_1_420' title='bbox 2674 4628 2806 4692; x_wconf 90' lang='lat' dir='ltr'><strong>apud</strong></span> <span class='ocrx_word' id='word_1_421' title='bbox 2827 4628 3028 4679; x_wconf 78' lang='lat' dir='ltr'><strong>Surlurn</strong></span> <span class='ocrx_word' id='word_1_422' title='bbox 3063 4625 3213 4678; x_wconf 62' lang='lat' dir='ltr'><strong>dlem’</strong></span> <span class='ocrx_word' id='word_1_423' title='bbox 3235 4627 3294 4678; x_wconf 84' lang='lat' dir='ltr'><strong>ad</strong></span> <span class='ocrx_word' id='word_1_424' title='bbox 3319 4626 3378 4678; x_wconf 75' lang='lat'><strong>10</strong></span> <span class='ocrx_word' id='word_1_425' title='bbox 3401 4627 3506 4677; x_wconf 77' lang='lat' dir='ltr'><strong>Jan.</strong></span> 
     </span>
    </p>
   </div>
   <div class='ocr_carea' id='block_1_46' title="bbox 1717 4718 2053 4778">
    <p class='ocr_par' dir='ltr' id='par_1_46' title="bbox 1717 4718 2053 4778">
     <span class='ocr_line' id='line_1_46' title="bbox 1717 4718 2053 4778; baseline 0 -10"><span class='ocrx_word' id='word_1_426' title='bbox 1717 4718 1854 4769; x_wconf 78' lang='grc' dir='ltr'>Ευιτ.</span> <span class='ocrx_word' id='word_1_427' title='bbox 1880 4719 2053 4778; x_wconf 71' lang='lat' dir='ltr'><strong>Pun.)</strong></span> 
     </span>
    </p>
   </div>
   <div class='ocr_carea' id='block_1_47' title="bbox 328 5033 1862 5116">
    <p class='ocr_par' dir='ltr' id='par_1_47' title="bbox 328 5042 1862 5116">
     <span class='ocr_line' id='line_1_47' title="bbox 328 5042 1862 5116; baseline -0.005 -15"><span class='ocrx_word' id='word_1_428' title='bbox 328 5050 409 5101; x_wconf 75' lang='lat' dir='ltr'><strong>A&#39;.</strong></span> <span class='ocrx_word' id='word_1_429' title='bbox 452 5044 632 5099; x_wconf 78' lang='grc' dir='ltr'>Πολλὰ</span> <span class='ocrx_word' id='word_1_430' title='bbox 668 5047 768 5116; x_wconf 75' lang='grc' dir='ltr'><strong>μὲν</strong></span> <span class='ocrx_word' id='word_1_431' title='bbox 806 5046 902 5099; x_wconf 76' lang='grc' dir='ltr'><strong>καὶ</strong></span> <span class='ocrx_word' id='word_1_432' title='bbox 941 5044 1073 5098; x_wconf 79' lang='grc' dir='ltr'>ἄλλα</span> <span class='ocrx_word' id='word_1_433' title='bbox 1108 5042 1180 5097; x_wconf 77' lang='grc' dir='ltr'><strong>τὰ</strong></span> <span class='ocrx_word' id='word_1_434' title='bbox 1216 5043 1314 5114; x_wconf 80' lang='grc' dir='ltr'><strong>τὴν</strong></span> <span class='ocrx_word' id='word_1_435' title='bbox 1353 5042 1598 5112; x_wconf 63' lang='grc' dir='ltr'>βασιλίδα</span> <span class='ocrx_word' id='word_1_436' title='bbox 1623 5043 1862 5113; x_wconf 48' lang='grc' dir='ltr'>ταύτην</span> 
     </span>
    </p>
   </div>
   <div class='ocr_carea' id='block_1_48' title="bbox 1984 5033 3518 5116">
    <p class='ocr_par' dir='ltr' id='par_1_48' title="bbox 2009 5033 3518 5107">
     <span class='ocr_line' id='line_1_48' title="bbox 2009 5033 3518 5107; baseline -0.002 -13"><span class='ocrx_word' id='word_1_437' title='bbox 2009 5041 2052 5095; x_wconf 93' lang='lat' dir='ltr'><strong>l.</strong></span> <span class='ocrx_word' id='word_1_438' title='bbox 2097 5037 2236 5093; x_wconf 85' lang='lat' dir='ltr'><strong>Sunt</strong></span> <span class='ocrx_word' id='word_1_439' title='bbox 2262 5037 2482 5107; x_wconf 88' lang='lat' dir='ltr'><strong>quidem</strong></span> <span class='ocrx_word' id='word_1_440' title='bbox 2530 5034 2698 5090; x_wconf 89' lang='lat' dir='ltr'><strong>multa</strong></span> <span class='ocrx_word' id='word_1_441' title='bbox 2742 5048 2962 5104; x_wconf 86' lang='lat' dir='ltr'><strong>quoque</strong></span> <span class='ocrx_word' id='word_1_442' title='bbox 3021 5033 3126 5089; x_wconf 88' lang='lat' dir='ltr'><strong>alia</strong></span> <span class='ocrx_word' id='word_1_443' title='bbox 3155 5074 3170 5099; x_wconf 91' lang='lat'><strong>,</strong></span> <span class='ocrx_word' id='word_1_444' title='bbox 3212 5049 3332 5105; x_wconf 84' lang='lat' dir='ltr'><strong>quae</strong></span> <span class='ocrx_word' id='word_1_445' title='bbox 3376 5034 3518 5091; x_wconf 88' lang='lat' dir='ltr'><strong>hanc</strong></span> 
     </span>
    </p>
   </div>
   <div class='ocr_carea' id='block_1_49' title="bbox 249 5125 1783 5209">
    <p class='ocr_par' dir='ltr' id='par_1_49' title="bbox 249 5133 1783 5209">
     <span class='ocr_line' id='line_1_49' title="bbox 249 5133 1783 5209; baseline -0.004 -17"><span class='ocrx_word' id='word_1_446' title='bbox 249 5139 603 5209; x_wconf 81' lang='grc' dir='ltr'><strong>σεμνύναντα.</strong></span> <span class='ocrx_word' id='word_1_447' title='bbox 642 5140 831 5192; x_wconf 85' lang='grc' dir='ltr'>πόλιν·</span> <span class='ocrx_word' id='word_1_448' title='bbox 865 5137 1044 5208; x_wconf 80' lang='grc' dir='ltr'>θρόνοι</span> <span class='ocrx_word' id='word_1_449' title='bbox 1091 5153 1149 5188; x_wconf 89' lang='grc' dir='ltr'><strong>τε</strong></span> <span class='ocrx_word' id='word_1_450' title='bbox 1201 5134 1486 5206; x_wconf 80' lang='grc' dir='ltr'>βασιλέων,</span> <span class='ocrx_word' id='word_1_451' title='bbox 1533 5135 1629 5188; x_wconf 80' lang='grc' dir='ltr'><strong>καὶ</strong></span> <span class='ocrx_word' id='word_1_452' title='bbox 1664 5133 1783 5186; x_wconf 79' lang='grc' dir='ltr'>πλοῖ</span> 
     </span>
    </p>
   </div>
   <div class='ocr_carea' id='block_1_50' title="bbox 1984 5125 3518 5209">
    <p class='ocr_par' dir='ltr' id='par_1_50' title="bbox 1984 5125 3518 5200">
     <span class='ocr_line' id='line_1_50' title="bbox 1984 5125 3518 5200; baseline -0.001 -16"><span class='ocrx_word' id='word_1_453' title='bbox 1984 5131 2146 5200; x_wconf 61' lang='lat' dir='ltr'><strong>agiam</strong></span> <span class='ocrx_word' id='word_1_454' title='bbox 2183 5139 2453 5184; x_wconf 76' lang='lat' dir='ltr'><strong>exornant</strong></span> <span class='ocrx_word' id='word_1_455' title='bbox 2491 5128 2802 5192; x_wconf 89' lang='lat' dir='ltr'><strong>civitatem,</strong></span> <span class='ocrx_word' id='word_1_456' title='bbox 2835 5125 3224 5196; x_wconf 85' lang='lat' dir='ltr'><strong>imperatorum</strong></span> <span class='ocrx_word' id='word_1_457' title='bbox 3261 5127 3422 5182; x_wconf 87' lang='lat' dir='ltr'><strong>sedes</strong></span> <span class='ocrx_word' id='word_1_458' title='bbox 3463 5139 3518 5182; x_wconf 91' lang='lat' dir='ltr'><strong>et</strong></span> 
     </span>
    </p>
   </div>
   <div class='ocr_carea' id='block_1_51' title="bbox 245 5218 1779 5300">
    <p class='ocr_par' dir='ltr' id='par_1_51' title="bbox 245 5223 1774 5300">
     <span class='ocr_line' id='line_1_51' title="bbox 245 5223 1774 5300; baseline -0.006 -15"><span class='ocrx_word' id='word_1_459' title='bbox 245 5249 369 5296; x_wconf 82' lang='grc' dir='ltr'><strong>τος,</strong></span> <span class='ocrx_word' id='word_1_460' title='bbox 390 5233 489 5285; x_wconf 75' lang='grc' dir='ltr'><strong>καὶ</strong></span> <span class='ocrx_word' id='word_1_461' title='bbox 515 5230 688 5300; x_wconf 81' lang='grc' dir='ltr'>κάλλη</span> <span class='ocrx_word' id='word_1_462' title='bbox 720 5227 1059 5290; x_wconf 78' lang='grc' dir='ltr'><strong>παντοδαπὰ,</strong></span> <span class='ocrx_word' id='word_1_463' title='bbox 1087 5225 1234 5290; x_wconf 80' lang='grc' dir='ltr'>Θέσις</span> <span class='ocrx_word' id='word_1_464' title='bbox 1255 5243 1312 5278; x_wconf 85' lang='grc' dir='ltr'><strong>τε</strong></span> <span class='ocrx_word' id='word_1_465' title='bbox 1339 5227 1434 5278; x_wconf 77' lang='grc' dir='ltr'><strong>καὶ</strong></span> <span class='ocrx_word' id='word_1_466' title='bbox 1459 5223 1710 5295; x_wconf 83' lang='grc' dir='ltr'><strong>μέγεθος.</strong></span> <span class='ocrx_word' id='word_1_467' title='bbox 1740 5241 1774 5277; x_wconf 87' lang='grc' dir='ltr'><strong>κ</strong></span> 
     </span>
    </p>
   </div>
   <div class='ocr_carea' id='block_1_52' title="bbox 1971 5218 3505 5300">
    <p class='ocr_par' dir='ltr' id='par_1_52' title="bbox 1971 5218 3505 5293">
     <span class='ocr_line' id='line_1_52' title="bbox 1971 5218 3505 5293; baseline -0.003 -15"><span class='ocrx_word' id='word_1_468' title='bbox 1971 5231 2342 5293; x_wconf 74' lang='grc' dir='ltr'><strong>ιρθε,ειοιιιηθ</strong></span> <span class='ocrx_word' id='word_1_469' title='bbox 2371 5236 2544 5292; x_wconf 81' lang='lat' dir='ltr'><strong>genus</strong></span> <span class='ocrx_word' id='word_1_470' title='bbox 2572 5218 3205 5290; x_wconf 85' lang='lat' dir='ltr'><strong>pulchritudo,situsque</strong></span> <span class='ocrx_word' id='word_1_471' title='bbox 3223 5227 3278 5274; x_wconf 89' lang='lat' dir='ltr'><strong>ct</strong></span> <span class='ocrx_word' id='word_1_472' title='bbox 3309 5221 3505 5287; x_wconf 76' lang='lat' dir='ltr'><strong>magni-</strong></span> 
     </span>
    </p>
   </div>
   <div class='ocr_carea' id='block_1_53' title="bbox 241 5310 1775 5396">
    <p class='ocr_par' dir='ltr' id='par_1_53' title="bbox 241 5317 1775 5396">
     <span class='ocr_line' id='line_1_53' title="bbox 241 5317 1775 5396; baseline -0.006 -17"><span class='ocrx_word' id='word_1_473' title='bbox 241 5326 431 5396; x_wconf 81' lang='grc' dir='ltr'>τεὶχη,</span> <span class='ocrx_word' id='word_1_474' title='bbox 485 5323 750 5395; x_wconf 78' lang='grc' dir='ltr'><strong>πολεμίας</strong></span> <span class='ocrx_word' id='word_1_475' title='bbox 789 5322 972 5394; x_wconf 79' lang='grc' dir='ltr'>χειρὸς</span> <span class='ocrx_word' id='word_1_476' title='bbox 1009 5321 1323 5394; x_wconf 79' lang='grc' dir='ltr'><strong>κρείττοναο</strong></span> <span class='ocrx_word' id='word_1_477' title='bbox 1373 5319 1524 5372; x_wconf 78' lang='grc' dir='ltr'>οὐδὲν</span> <span class='ocrx_word' id='word_1_478' title='bbox 1565 5317 1775 5380; x_wconf 77' lang='grc' dir='ltr'><strong>οὕτως(</strong></span> 
     </span>
    </p>
   </div>
   <div class='ocr_carea' id='block_1_54' title="bbox 1977 5310 3511 5396">
    <p class='ocr_par' dir='ltr' id='par_1_54' title="bbox 1977 5310 3511 5382">
     <span class='ocr_line' id='line_1_54' title="bbox 1977 5310 3511 5382; baseline -0.003 -14"><span class='ocrx_word' id='word_1_479' title='bbox 1977 5313 2096 5376; x_wconf 85' lang='lat' dir='ltr'><strong>udo,</strong></span> <span class='ocrx_word' id='word_1_480' title='bbox 2116 5321 2172 5367; x_wconf 90' lang='lat' dir='ltr'><strong>et</strong></span> <span class='ocrx_word' id='word_1_481' title='bbox 2211 5312 2432 5376; x_wconf 73' lang='lat' dir='ltr'><strong>muenia,</strong></span> <span class='ocrx_word' id='word_1_482' title='bbox 2460 5328 2582 5380; x_wconf 78' lang='lat' dir='ltr'><strong>qua:</strong></span> <span class='ocrx_word' id='word_1_483' title='bbox 2612 5319 2740 5366; x_wconf 80' lang='lat' dir='ltr'><strong>sunt</strong></span> <span class='ocrx_word' id='word_1_484' title='bbox 2765 5310 2946 5366; x_wconf 90' lang='lat' dir='ltr'><strong>hostili</strong></span> <span class='ocrx_word' id='word_1_485' title='bbox 2971 5325 3136 5366; x_wconf 90' lang='lat' dir='ltr'><strong>manu</strong></span> <span class='ocrx_word' id='word_1_486' title='bbox 3165 5311 3472 5382; x_wconf 85' lang='lat' dir='ltr'><strong>potentiora</strong></span> <span class='ocrx_word' id='word_1_487' title='bbox 3500 5329 3511 5363; x_wconf 92' lang='lat'><strong>:</strong></span> 
     </span>
    </p>
   </div>
   <div class='ocr_carea' id='block_1_55' title="bbox 244 5404 1778 5489">
    <p class='ocr_par' dir='ltr' id='par_1_55' title="bbox 244 5405 1778 5489">
     <span class='ocr_line' id='line_1_55' title="bbox 244 5405 1778 5489; baseline -0.007 -15"><span class='ocrx_word' id='word_1_488' title='bbox 244 5418 467 5489; x_wconf 80' lang='grc' dir='ltr'>ἀνδρῶν</span> <span class='ocrx_word' id='word_1_489' title='bbox 493 5417 802 5489; x_wconf 79' lang='grc' dir='ltr'><strong>φιλαρέτων</strong></span> <span class='ocrx_word' id='word_1_490' title='bbox 832 5415 1161 5487; x_wconf 81' lang='grc' dir='ltr'><strong>σεμνύνουσι</strong></span> <span class='ocrx_word' id='word_1_491' title='bbox 1186 5413 1312 5484; x_wconf 76' lang='grc' dir='ltr'><strong>βίοι.</strong></span> <span class='ocrx_word' id='word_1_492' title='bbox 1336 5405 1496 5467; x_wconf 71' lang='grc' dir='ltr'>Οὗτοι</span> <span class='ocrx_word' id='word_1_493' title='bbox 1521 5413 1631 5482; x_wconf 85' lang='grc' dir='ltr'><strong>γὰρ</strong></span> <span class='ocrx_word' id='word_1_494' title='bbox 1650 5411 1778 5465; x_wconf 62' lang='grc' dir='ltr'>πλεῖι</span> 
     </span>
    </p>
   </div>
   <div class='ocr_carea' id='block_1_56' title="bbox 1987 5404 3521 5489">
    <p class='ocr_par' dir='ltr' id='par_1_56' title="bbox 1987 5404 3521 5476">
     <span class='ocr_line' id='line_1_56' title="bbox 1987 5404 3521 5476; baseline -0.002 -16"><span class='ocrx_word' id='word_1_495' title='bbox 1987 5405 2072 5460; x_wconf 84' lang='lat' dir='ltr'><strong>ibil</strong></span> <span class='ocrx_word' id='word_1_496' title='bbox 2107 5414 2286 5460; x_wconf 90' lang='lat' dir='ltr'><strong>autem</strong></span> <span class='ocrx_word' id='word_1_497' title='bbox 2321 5406 2370 5460; x_wconf 92' lang='lat' dir='ltr'><strong>ei</strong></span> <span class='ocrx_word' id='word_1_498' title='bbox 2401 5404 2560 5460; x_wconf 83' lang='lat' dir='ltr'><strong>aﬁ&#39;ert</strong></span> <span class='ocrx_word' id='word_1_499' title='bbox 2583 5421 2735 5476; x_wconf 72' lang='lat' dir='ltr'><strong>teque</strong></span> <span class='ocrx_word' id='word_1_500' title='bbox 2766 5420 3019 5476; x_wconf 87' lang='lat' dir='ltr'><strong>magnum</strong></span> <span class='ocrx_word' id='word_1_501' title='bbox 3055 5404 3224 5460; x_wconf 90' lang='lat' dir='ltr'><strong>decus</strong></span> <span class='ocrx_word' id='word_1_502' title='bbox 3258 5412 3313 5458; x_wconf 90' lang='lat' dir='ltr'><strong>et</strong></span> <span class='ocrx_word' id='word_1_503' title='bbox 3353 5418 3521 5458; x_wconf 80' lang='lat' dir='ltr'><strong>orna-</strong></span> 
     </span>
    </p>
   </div>
   <div class='ocr_carea' id='block_1_57' title="bbox 252 5496 1786 5579">
    <p class='ocr_par' dir='ltr' id='par_1_57' title="bbox 252 5503 1786 5579">
     <span class='ocr_line' id='line_1_57' title="bbox 252 5503 1786 5579; baseline -0.005 -16"><span class='ocrx_word' id='word_1_504' title='bbox 252 5510 359 5579; x_wconf 85' lang='grc' dir='ltr'><strong>μὲν</strong></span> <span class='ocrx_word' id='word_1_505' title='bbox 392 5509 686 5579; x_wconf 74' lang='grc' dir='ltr'><strong>ἐμποιοῦσι</strong></span> <span class='ocrx_word' id='word_1_506' title='bbox 713 5509 774 5562; x_wconf 78' lang='grc' dir='ltr'><strong>τὸ</strong></span> <span class='ocrx_word' id='word_1_507' title='bbox 799 5509 1023 5578; x_wconf 74' lang='grc' dir='ltr'><strong>τέρπον,</strong></span> <span class='ocrx_word' id='word_1_508' title='bbox 1050 5507 1234 5560; x_wconf 81' lang='grc' dir='ltr'>πλεῖον</span> <span class='ocrx_word' id='word_1_509' title='bbox 1259 5505 1317 5558; x_wconf 84' lang='grc' dir='ltr'><strong>δὲ</strong></span> <span class='ocrx_word' id='word_1_510' title='bbox 1345 5505 1407 5558; x_wconf 80' lang='grc' dir='ltr'><strong>τὸ</strong></span> <span class='ocrx_word' id='word_1_511' title='bbox 1433 5504 1640 5575; x_wconf 75' lang='grc' dir='ltr'><strong>θαῦμα,</strong></span> <span class='ocrx_word' id='word_1_512' title='bbox 1663 5503 1786 5557; x_wconf 77' lang='grc' dir='ltr'>πλεῖ</span> 
     </span>
    </p>
   </div>
   <div class='ocr_carea' id='block_1_58' title="bbox 1981 5496 3515 5579">
    <p class='ocr_par' dir='ltr' id='par_1_58' title="bbox 1981 5496 3515 5568">
     <span class='ocr_line' id='line_1_58' title="bbox 1981 5496 3515 5568; baseline -0.003 -16"><span class='ocrx_word' id='word_1_513' title='bbox 1981 5507 2217 5564; x_wconf 72' lang='lat' dir='ltr'><strong>lentum,</strong></span> <span class='ocrx_word' id='word_1_514' title='bbox 2262 5507 2424 5568; x_wconf 86' lang='lat' dir='ltr'><strong>atque</strong></span> <span class='ocrx_word' id='word_1_515' title='bbox 2485 5498 2594 5553; x_wconf 88' lang='lat' dir='ltr'><strong>vita</strong></span> <span class='ocrx_word' id='word_1_516' title='bbox 2639 5499 2879 5553; x_wconf 88' lang='lat' dir='ltr'><strong>virorum</strong></span> <span class='ocrx_word' id='word_1_517' title='bbox 2909 5496 3178 5552; x_wconf 88' lang='lat' dir='ltr'><strong>bonorum</strong></span> <span class='ocrx_word' id='word_1_518' title='bbox 3208 5505 3266 5551; x_wconf 91' lang='lat' dir='ltr'><strong>et</strong></span> <span class='ocrx_word' id='word_1_519' title='bbox 3294 5496 3515 5549; x_wconf 73' lang='lat' dir='ltr'><strong>virtutis</strong></span> 
     </span>
    </p>
   </div>
   <div class='ocr_carea' id='block_1_59' title="bbox 247 5586 1781 5671">
    <p class='ocr_par' dir='ltr' id='par_1_59' title="bbox 247 5591 1781 5671">
     <span class='ocr_line' id='line_1_59' title="bbox 247 5591 1781 5671; baseline -0.005 -18"><span class='ocrx_word' id='word_1_520' title='bbox 247 5600 310 5652; x_wconf 73' lang='grc' dir='ltr'><strong>δὲ</strong></span> <span class='ocrx_word' id='word_1_521' title='bbox 355 5599 529 5671; x_wconf 75' lang='grc' dir='ltr'><strong>ταύτῃ</strong></span> <span class='ocrx_word' id='word_1_522' title='bbox 586 5597 937 5671; x_wconf 83' lang='grc' dir='ltr'><strong>περιποιοῦσι</strong></span> <span class='ocrx_word' id='word_1_523' title='bbox 986 5598 1082 5650; x_wconf 76' lang='grc' dir='ltr'><strong>καὶ</strong></span> <span class='ocrx_word' id='word_1_524' title='bbox 1125 5595 1226 5668; x_wconf 78' lang='grc' dir='ltr'><strong>τὴν</strong></span> <span class='ocrx_word' id='word_1_525' title='bbox 1278 5593 1570 5664; x_wconf 65' lang='grc' dir='ltr'><strong>ὠφέλειαν.</strong></span> <span class='ocrx_word' id='word_1_526' title='bbox 1627 5592 1727 5646; x_wconf 81' lang='grc' dir='ltr'><strong>Διὰ</strong></span> <span class='ocrx_word' id='word_1_527' title='bbox 1769 5591 1781 5645; x_wconf 72' lang='grc' dir='ltr'><strong>ἑ</strong></span> 
     </span>
    </p>
   </div>
   <div class='ocr_carea' id='block_1_60' title="bbox 1979 5586 3513 5671">
    <p class='ocr_par' dir='ltr' id='par_1_60' title="bbox 1979 5586 3513 5661">
     <span class='ocr_line' id='line_1_60' title="bbox 1979 5586 3513 5661; baseline -0.006 -16"><span class='ocrx_word' id='word_1_528' title='bbox 1979 5589 2257 5645; x_wconf 88' lang='lat' dir='ltr'><strong>mantium.</strong></span> <span class='ocrx_word' id='word_1_529' title='bbox 2291 5589 2331 5644; x_wconf 92' lang='lat' dir='ltr'><strong>li</strong></span> <span class='ocrx_word' id='word_1_530' title='bbox 2364 5591 2510 5645; x_wconf 88' lang='lat' dir='ltr'><strong>enim</strong></span> <span class='ocrx_word' id='word_1_531' title='bbox 2539 5591 2801 5661; x_wconf 86' lang='lat' dir='ltr'><strong>majorem</strong></span> <span class='ocrx_word' id='word_1_532' title='bbox 2850 5587 3069 5659; x_wconf 90' lang='lat' dir='ltr'><strong>quidem</strong></span> <span class='ocrx_word' id='word_1_533' title='bbox 3095 5587 3334 5642; x_wconf 80' lang='lat' dir='ltr'><strong>aﬁerunt</strong></span> <span class='ocrx_word' id='word_1_534' title='bbox 3365 5586 3513 5640; x_wconf 71' lang='lat' dir='ltr'><strong>delc-</strong></span> 
     </span>
    </p>
   </div>
   <div class='ocr_carea' id='block_1_61' title="bbox 329 5744 3514 5827">
    <p class='ocr_par' dir='ltr' id='par_1_61' title="bbox 329 5744 3514 5827">
     <span class='ocr_line' id='line_1_61' title="bbox 329 5744 3514 5827; baseline -0.005 -15"><span class='ocrx_word' id='word_1_535' title='bbox 329 5757 404 5827; x_wconf 84' lang='lat'><strong>(7)</strong></span> <span class='ocrx_word' id='word_1_536' title='bbox 447 5753 707 5827; x_wconf 81' lang='lat' dir='ltr'><strong>Sanctum</strong></span> <span class='ocrx_word' id='word_1_537' title='bbox 736 5753 1092 5827; x_wconf 79' lang='lat' dir='ltr'><strong>Marcianum_</strong></span> <span class='ocrx_word' id='word_1_538' title='bbox 1131 5749 1451 5827; x_wconf 80' lang='lat' dir='ltr'><strong>No_vatianis</strong></span> <span class='ocrx_word' id='word_1_539' title='bbox 1516 5748 1807 5820; x_wconf 88' lang='lat' dir='ltr'><strong>aliquando</strong></span> <span class='ocrx_word' id='word_1_540' title='bbox 1852 5747 2070 5815; x_wconf 80' lang='lat' dir='ltr'><strong>favisse,</strong></span> <span class='ocrx_word' id='word_1_541' title='bbox 2114 5756 2236 5818; x_wconf 89' lang='lat' dir='ltr'><strong>post</strong></span> <span class='ocrx_word' id='word_1_542' title='bbox 2275 5746 2466 5817; x_wconf 85' lang='lat' dir='ltr'><strong>pedem</strong></span> <span class='ocrx_word' id='word_1_543' title='bbox 2495 5745 2745 5802; x_wconf 88' lang='lat' dir='ltr'><strong>retulisse</strong></span> <span class='ocrx_word' id='word_1_544' title='bbox 2762 5777 2783 5812; x_wconf 88' lang='lat'><strong>-,</strong></span> <span class='ocrx_word' id='word_1_545' title='bbox 2823 5744 3132 5813; x_wconf 78' lang='lat' dir='ltr'><strong>factumque</strong></span> <span class='ocrx_word' id='word_1_546' title='bbox 3168 5755 3514 5799; x_wconf 70' lang='lat' dir='ltr'><strong>mconomtzm</strong></span> 
     </span>
    </p>
   </div>
   <div class='ocr_carea' id='block_1_62' title="bbox 250 5821 1483 5896">
    <p class='ocr_par' dir='ltr' id='par_1_62' title="bbox 250 5821 1483 5896">
     <span class='ocr_line' id='line_1_62' title="bbox 250 5821 1483 5896; baseline -0.006 -12"><span class='ocrx_word' id='word_1_547' title='bbox 250 5821 464 5884; x_wconf 64' lang='lat' dir='ltr'><strong>bccles.</strong></span> <span class='ocrx_word' id='word_1_548' title='bbox 504 5825 973 5896; x_wconf 87' lang='lat' dir='ltr'><strong>Constantinopol.</strong></span> <span class='ocrx_word' id='word_1_549' title='bbox 1007 5823 1174 5879; x_wconf 77' lang='lat' dir='ltr'><strong>refert</strong></span> <span class='ocrx_word' id='word_1_550' title='bbox 1202 5821 1483 5880; x_wconf 86' lang='lat' dir='ltr'><strong>Barouius.</strong></span> 
     </span>
    </p>
   </div>
  </div>
