3886 6494
418 381 520 451 431

1669 377 1956 445 MENSIS
1993 381 2450 444 JANUA-RIUS.

3578 383 3685 450 {3‘2

419 499 734 562 elationem,
770 508 824 554 et
856 499 1118 569 majorem
1151 496 1312 552 etiam
1344 496 1756 552 admirationem
1794 515 1806 552 :
1837 499 1968 569 quin

2103 499 2274 553 ταῦτα
2309 502 2404 554 καὶ
2436 499 2621 570 μεῖζον
2666 501 2729 569 τῇ
2755 498 2921 568 ςπόλει
2950 498 3126 561 κλέος,
3159 497 3384 570 ἀνδράσι
3411 496 3680 568 φιλοθέοις

416 595 579 648 etiam
606 593 865 662 majorem
899 592 1114 662 pariunt
1145 591 1456 646 utilitatem.
1484 591 1775 661 Propterea
1823 595 1994 661 major

413 693 499 740 est
536 684 703 756 gloria
732 683 988 750 civitatis,
1024 682 1207 739 ornari
1259 683 1440 752 potius
1473 682 1602 737 viris
1639 685 1740 753 piis
1775 692 1831 738 et
1868 683 1994 738 reli-

411 777 600 849 giosis,
669 790 832 846 quam
880 790 1161 830 murorum
1212 775 1655 846 propugnaculis.
1707 775 1883 844 Atque
1928 790 1991 830 ea

410 869 631 940 quidem
669 869 867 922 multos
894 867 1040 922 viros
1067 867 1190 922 tulit
1215 868 1527 937 pricelaros,
1561 867 1651 936 qui
1675 883 1793 921 eam
1825 867 1990 923 deco-

413 970 536 1017 rant
559 961 722 1016 variis
764 960 981 1015 virtutis
1022 959 1392 1016 ornamentis:
1429 975 1495 1014 ex
1533 960 1730 1030 quibus
1773 960 1817 1015 si
1867 961 1992 1030 quis

413 1057 616 1126 primos
648 1064 901 1111 accurate
927 1053 1170 1125 elegerit,
1204 1064 1260 1108 et
1289 1053 1356 1110 iis
1385 1053 1830 1124 vitam,Marciani
1859 1069 1991 1108 con-

412 1149 575 1213 ferre,
612 1148 882 1204 veletiam
915 1147 1170 1218 praeferre
1211 1146 1463 1212 voluerit,
1509 1147 1552 1202 is
1597 1147 1728 1201 mihi
1760 1163 1872 1203 non
1905 1146 1988 1202 vi-

411 1241 604 1296 deatur
631 1257 660 1296 a
693 1251 840 1297 recto
866 1238 1114 1294 excidere
1143 1239 1368 1310 judicio.
1397 1237 1552 1304 Quod
1583 1247 1763 1292 autem
1790 1253 1900 1293 non
1918 1237 1989 1293 sit

411 1336 550 1388 mala
587 1335 769 1389 de-eo
810 1342 1016 1399 nostra,
1056 1332 1151 1387 sed
1191 1342 1338 1386 recta
1387 1331 1678 1397 sententia,
1732 1332 1870 1402 ipse,
1927 1341 1988 1386 ut

410 1429 599 1494 aiunt,’
622 1427 893 1490 ostendet.
925 1426 1136 1495 eritque
1157 1425 1457 1495 procedens
1479 1424 1581 1480 [ide
1597 1424 1760 1496 digna
1786 1422 1983 1480 oratio.

477 1525 534 1577 2.
579 1520 677 1577 llic
723 1536 852 1592 ergo
893 1519 1204 1575 Marcianus
1245 1518 1428 1572 ﬂoruit
1475 1517 1696 1587 quidem
1743 1528 1986 1588 tempore

407 1614 546 1682 ejus,
563 1612 650 1668 cui
675 1611 777 1667 fuit
802 1612 943 1666 idem
965 1625 1189 1674 nomen,
1210 1625 1408 1680 nempe
1431 1608 1711 1674 Marciani,
1735 1611 1830 1680 qui
1855 1618 1987 1664 tunc

407 1713 523 1760 erat
555 1704 808 1761 dominus
830 1702 1060 1759 Romani
1092 1701 1328 1772 imperii.
1357 1702 1589 1757 Patriam
1611 1711 1793 1757 autem
1829 1717 1983 1758 suam

405 1807 642 1853 veterem
671 1797 899 1852 Romam
937 1795 1004 1851 ab
1029 1796 1140 1850 alto
1169 1805 1424 1866 repetens
1474 1809 1502 1848 a
1534 1794 1856 1864 parentibus
1884 1794 1983 1865 (illi

2106 592 2304 661 μᾶλλον
2326 593 2357 663 ἦ
2383 591 2575 661 τειχῶν
2633 592 2919 663 ὀχυρότητι
2955 591 3413 655 καλλωπίζεσθαι.
3448 592 3685 656 Πολλοὺς

2104 686 2204 754 μὲν
2251 684 2344 737 οὖν
2393 686 2622 754 ἤνεγκεν
2662 684 2801 754 αὐτη
2838 683 2983 753 βίους
3014 683 3242 754 ἀνδρῶν,
3278 685 3327 739 οῖ
3370 686 3466 739 καὶ
3497 688 3682 740 ποικί-

2101 775 2212 838 λοις
2253 775 2422 844 αὐτὴν
2457 775 2691 846 κόσμοις
2726 776 2825 845 τῆς
2869 775 3074 846 ἀρετῆς
3110 776 3463 846 ὠριῖζουσιν.
3501 773 3602 832 Ἦν
3637 782 3686 830 εί

2098 886 2182 931 τις
2206 869 2332 932 τοὺς
2356 867 2600 939 πρώτους
2615 871 2754 922 κατά
2778 869 3004 937 ἁκριῦὲς
3039 869 3420 939 ἐκδεξάμενος,
3460 873 3556 925 καὶ
3588 872 3684 924 τὸν

2097 961 2416 1031 Μαρκιανοῦ
2439 961 2552 1031 βίον
2588 961 2880 1015 συνάπτειν
2914 963 3117 1025 αὐτοῖς,
3152 963 3184 1032 ἢ
3226 963 3320 1017 καλ⁸
3365 965 3683 1034 προτιθέναι

2099 1054 2396 1123 θελήσειεν,
2424 1055 2522 1107 οὐκ
2546 1055 2610 1108 ἄν
2638 1072 2728 1125 μοι
2755 1055 2991 1126 κρίσεως
3021 1055 3187 1124 ὀρθῆς
3211 1050 3366 1119 οὗτος
3395 1057 3686 1110 ἐκπίπτειν

2096 1147 2249 1216 διφκῇο
2295 1147 2388 1198 καὶ
2437 1146 2516 1198 ὅτι
2565 1145 2639 1216 μὴ
2688 1144 2900 1215 φαύλην
2942 1146 3106 1214 ἡμεῖς
3156 1145 3351 1216 ἔχομεν
3394 1146 3522 1199 ἀλλ’Δ
3556 1147 3686 1217 ὑγιᾶ

2095 1238 2193 1307 τὴν
2229 1237 2359 1308 περὶ
2393 1235 2585 1289 τούτου
2620 1237 2866 1304 γνώμην,
2897 1235 3081 1300 αὐτὸς,
3111 1236 3267 1305 φασὶ,
3297 1236 3460 1302 δείξει
3498 1238 3593 1293 καὶ
3655 1242 3685 1292 ό

2095 1329 2250 1398 λόγος
2287 1329 2546 1399 ἐχέγγυος
2575 1327 2780 1399 προῖὼν
2806 1327 2980 1383 ἔσται.

2163 1506 2240 1562 B’.
2297 1507 2614 1576 Μαρκιανὸς
2666 1504 2956 1577 τοιγαροῦν
3009 1498 3167 1570 οὗτος
3218 1504 3419 1578 ἤνθησε
3477 1508 3578 1578 μὲν
3617 1509 3682 1564 έν

2092 1599 2203 1660 τοῖς
2231 1597 2446 1668 χρόνοις
2485 1594 2579 1650 τοῦ
2613 1596 2712 1670 τὴν
2748 1598 2918 1668 αὐτὴν
2934 1596 3159 1668 ἔχοντος
3189 1598 3383 1668 κλῆσιν
3416 1601 3678 1672 Μαρκια-

2091 1689 2207 1758 νοῦ,
2237 1691 2296 1753 ὃς
2325 1692 2631 1757 τηνικαῦτα
2653 1691 2751 1761 τῆς
2791 1691 3084 1761 Ῥωμαίων
3131 1691 3306 1761 ἀρχῆς
3350 1691 3540 1762 κύριος
3582 1690 3676 1764 ἦν.

2096 1783 2348 1855 Πατρίδα
2374 1782 2584 1837 ἄνωθεν
2615 1783 2679 1836 ἐκ
2711 1782 2934 1853 πατρῶν
2958 1782 3060 1852 τὴν
3106 1783 3485 1854 πρεσϐυτέραν
3543 1785 3684 1840 Ῥώ-

405 1888 552 1943 enim
583 1903 649 1943 ex
673 1902 739 1943 ea
772 1885 1026 1958 profecti,
1059 1886 1114 1940 in
1143 1885 1284 1941 hanc
1317 1883 1656 1940 Constantini
1687 1885 1977 1953 civitatem,

2100 1889 2209 1942 μην
2239 1871 2420 1941 αὐχῶν
2467 1871 2555 1941 (ἐκ
2587 1870 2792 1942 ταύτης
2821 1871 2876 1924 δέ
2921 1871 3277 1939 προελθόντες
3320 1874 3523 1927 ἐκεῖνοι
3557 1870 3682 1931 εἶτα

402 1994 524 2051 quae
561 1975 686 2035 erat
717 1979 1012 2043 recentior,
1056 1976 1401 2048 migrarunl),
1436 1983 1838 2046 consequenter
1869 1986 1987 2032 erat

402 2081 459 2127 et
491 2071 690 2126 illustri
711 2079 874 2125 natus
904 2084 1126 2141 genere,
1163 2069 1470 2141 insignique
1501 2069 1696 2139 opibus
1724 2078 1780 2124 et
1809 2069 1988 2142 digni-

406 2171 537 2230 tate,
563 2172 619 2218 et
651 2163 798 2233 quod
838 2161 1184 2217 nobilitatem
1226 2159 1498 2216 referebat
1537 2160 1602 2216 ad
1637 2161 1984 2231 splendorem

405 2254 838 2324 imperatorium.
877 2251 1052 2308 Tanta
1081 2261 1265 2308 autem
1303 2253 1470 2324 gloria
1506 2253 1751 2324 insignes
1787 2264 1986 2311 nactus

404 2353 678 2414 parentes,
695 2344 896 2414 pietate
920 2353 1101 2398 autem
1118 2351 1173 2398 et
1189 2343 1447 2414 religione
1464 2344 1621 2416 longe
1638 2344 1985 2416 insigniores,

405 2439 522 2508 ipse
565 2452 784 2507 quoque
832 2435 1100 2492 educatur
1146 2435 1464 2504 liberaliter,
1513 2445 1570 2492 et
1611 2438 1982 2494 eruditionem

405 2525 632 2598 pulchre
681 2528 930 2594 docetur,
976 2535 1243 2594 nostram,
1296 2527 1539 2598 inquam,
1577 2537 1633 2584 et
1675 2539 1980 2586 externam.

403 2619 609 2676 Deinde
632 2620 776 2676 sicut
814 2618 988 2675 Moses
1019 2634 1236 2690 quoque
1263 2619 1330 2674 ad
1366 2619 1669 2692 Egyptios,
1710 2621 1784 2677 ita
1815 2624 1980 2678 etiam

406 2712 714 2769 Marcianus
732 2712 935 2784 optime
958 2711 1185 2769 ventitat
1203 2713 1269 2767 ad
1295 2712 1698 2784 Byzantinos,et
1724 2715 1790 2770 ad
1812 2715 1983 2786 majo-

405 2820 517 2861 rem
544 2813 598 2860 et
620 2803 1006 2876 perfectiorem
1040 2803 1386 2874 sapientiam,
1418 2819 1560 2870 eam,
1585 2805 1831 2875 inquam,
1860 2821 1982 2876 quae

400 2905 486 2952 est
513 2911 577 2950 ex
604 2895 820 2966 spiritu,
839 2897 1194 2951 convertitur.
1217 2895 1333 2959 Qua
1357 2896 1578 2965 quidem
1601 2911 1671 2951 ex
1701 2912 1760 2951 re
1781 2905 1836 2951 et
1858 2897 1982 2952 vitae

401 2985 692 3054 splendor,
743 2993 798 3039 et
847 2985 1117 3040 sermonis
1157 2986 1329 3056 gratia
1361 2985 1436 3038 illi
1454 2986 1741 3051 accedens,
1779 3002 1980 3042 nomen

399 3075 451 3132 ei
490 3074 722 3145 peperit,
756 3081 810 3129 et
856 3074 1312 3144 insignem-fecit
1359 3074 1501 3130 inter
1548 3091 1740 3132 omnes
1790 3076 1976 3133 laieos.

401 3165 571 3220 Paulo
591 3174 711 3236 post
737 3174 918 3220 autem
941 3166 1105 3220 etiam
1121 3172 1343 3235 cooptat
1372 3164 1426 3218 in
1456 3165 1663 3220 clerum
1693 3167 1970 3222 Ecclesiae:

401 3267 455 3311 et
481 3273 605 3311 cum
631 3257 801 3312 sacris
833 3265 978 3312 esset
1023 3256 1239 3328 dignus,
1271 3256 1492 3313 deducit
1534 3259 1601 3313 ad
1629 3259 1852 3329 gradum
1887 3275 1976 3315 sa—

399 3349 701 3406 cerdotum.
723 3349 825 3418 Qui
849 3357 1031 3405 auleln
1059 3349 1110 3405 ei
1139 3349 1206 3406 ad
1238 3350 1344 3407 hoc
1373 3351 1480 3406 vim
1507 3351 1707 3417 attulit,
1739 3351 1841 3406 fuit
1877 3353 1980 3408 hu-

394 3446 485 3513 jus
540 3443 778 3499 civitatis
817 3441 1147 3514 patriarcha.
1197 3439 1334 3497 Nam
1369 3430 1523 3497 ilium
1574 3458 1793 3513 qucque
1834 3445 1983 3515 cepit

400 3534 546 3588 sircn
576 3524 720 3589 illius
745 3533 986 3598 virtutis,
1021 3542 1076 3589 et
1102 3533 1277 3604 plenae
1306 3543 1464 3589 erant
1487 3550 1650 3589 aures
1681 3535 1765 3600 iis,
1801 3535 1892 3606 qui
1915 3536 1981 3590 de

399 3625 488 3680 illo
517 3625 930 3697 spargebantur,
951 3625 1296 3681 sermonibus
1321 3625 1826 3681 e‘tlaudibus.'Cum
1853 3642 1982 3698 ergo

397 3718 614 3788 gradus,
634 3717 724 3788 qui
748 3717 888 3772 inter
909 3717 1270 3772 sacerdotium
1295 3715 1659 3783 intercedunt,
1678 3717 1814 3772 nihil
1839 3727 1983 3772 esset

397 3811 544 3880 quod
592 3809 926 3880 prohiberet,
971 3809 1067 3864 sed
1114 3809 1288 3864 multo
1334 3810 1526 3881 magis,
1559 3820 1620 3864 ut
1665 3811 1734 3865 ad
1775 3813 1979 3881 majora

400 3900 741 3970 procederet,
793 3900 1052 3956 invitaret
1094 3919 1110 3954 :
1154 3916 1289 3956 cum-
1306 3915 1497 3955 omnes
1548 3902 1698 3956 brevi
1733 3910 1980 3973 tempore

398 3994 749 4064 pervasisset,
768 4002 994 4048 vocante
1028 4002 1294 4062 tempore,
1331 3992 1566 4048 refertur
1598 3994 1762 4048 etiam
1794 3994 1848 4048 in
1877 4011 1980 4050 nu-

398 4101 606 4140 merum
663 4085 1028 4140 sacerdotum.
1083 4085 1290 4140 Deinde
1343 4087 1507 4140 etiam
1559 4085 1617 4140 ﬁt
1661 4101 1978 4143 oeconomus

397 4179 646 4234 maxima:
682 4177 926 4232 ecclesia:
958 4179 1233 4232 communi
1266 4177 1543 4249 suﬂragio,
1572 4194 1680 4234 non
1713 4179 1821 4234 vim
1845 4181 1977 4236 alre-

397 4286 543 4336 rens,
569 4272 663 4325 sed
702 4270 924 4336 invitus,
960 4279 1015 4325 et
1047 4285 1157 4324 non
1182 4279 1292 4325 tam
1322 4271 1643 4334 honoratus,
1675 4287 1836 4342 quam
1879 4287 1976 4329 eos

397 4364 691 4430 honorans,
725 4361 820 4432 qui
867 4376 994 4417 eum
1031 4362 1399 4433 praetulerant.
1448 4361 1553 4419 Sed
1606 4365 1721 4420 haec
1755 4364 1972 4434 quidem

395 4465 604 4526 postea.

464 4632 552 4688 Ill.
597 4632 754 4689 Modo
776 4643 957 4689 autem
993 4650 1117 4690 cum
1151 4634 1201 4689 ei
1235 4635 1525 4690 admodum
1560 4635 1745 4704 juveni
1790 4634 1962 4691 credi-

393 4732 507 4777 tum
547 4733 690 4779 esset
711 4706 1097 4790 sacerdotium,
1130 4734 1184 4780 et
1216 4725 1334 4796 ejus
1370 4735 1624 4796 parentes
1654 4742 1685 4781 e
1717 4728 1826 4781 vita
1853 4726 1966 4798 jam

391 4818 776 4882 excessissent,
807 4825 861 4872 et
899 4817 1180 4889 utriusque
1201 4817 1505 4885 facultates,
1546 4834 1667 4888 qua:
1700 4828 1856 4874 erant
1882 4821 1968 4874 lu-

392 4910 643 4974 culentze,
679 4909 1000 4980 accepisset,
1024 4926 1148 4966 eum
1167 4911 1508 4981 iuventutem
1536 4911 1753 4981 quidem
1777 4911 1966 4966 mode-

393 5009 526 5062 rate,
545 4999 905 5055 sacerdotium
920 5012 1098 5057 autem
1117 5003 1366 5067 honeste,
1380 5017 1512 5072 opes
1531 5016 1660 5056 vero
1679 5002 1766 5072 pie
1781 5017 1966 5074 regere

391 5087 774 5144 administrare
800 5088 1196 5163 fuitcognitum
1230 5108 1244 5144 :
1279 5101 1338 5146 ut
1367 5091 1458 5162 qui
1485 5106 1684 5163 egenos
1713 5107 1825 5146 suae
1857 5093 1965 5147 hae-

395 5181 648 5237 reditatis
666 5193 970 5238 assumeret
1009 5183 1343 5251 cohaeredes,
1375 5195 1432 5240 et
1469 5186 1549 5240 eis
1592 5185 1783 5256 majori
1811 5195 1964 5253 parte

390 5271 609 5328 cederet
639 5289 652 5324 :
684 5274 770 5327 vel
795 5273 967 5329 uthoc
996 5274 1174 5344 potius
1193 5275 1390 5340 dicam,
1421 5290 1543 5330 cum
1577 5272 1657 5328 eis
1688 5283 1963 5345 quaestuo-

387 5379 507 5419 eam
537 5375 814 5420 exerceret
843 5366 1284 5435 negotiationem,
1319 5367 1452 5422 etin
1491 5366 1667 5437 parvis
1704 5367 1962 5436 suppedi-

388 5456 568 5512 tandis
613 5459 844 5513 maxima
896 5458 1134 5514 vicissim
1196 5459 1525 5529 acquirerct.
1598 5457 1777 5527 Atque
1828 5458 1961 5512 alias

386 5551 608 5621 quidem
643 5551 948 5622 voluptates
972 5568 1168 5625 magno
1195 5553 1430 5625 quodam
1463 5562 1518 5606 et
1539 5551 1753 5607 excelso
1779 5551 1961 5605 animo

383 5643 638 5714 apparuit
673 5659 797 5700 eum
828 5645 1131 5718 despicere,
1160 5658 1214 5704 et
1239 5649 1320 5704 eis
1343 5649 1570 5702 minime
1594 5647 1669 5701 uti
1703 5663 1715 5698 :
1759 5645 1827 5700 ab
1850 5661 1960 5700 uno

387 5744 568 5790 autem
613 5736 728 5792 solo
776 5737 950 5794 victus
994 5739 1094 5796 fuit
1136 5755 1347 5804 amore,
1387 5755 1418 5794 a
1449 5738 1654 5805 verbis,
1697 5737 1916 5808 inquam
1941 5779 1954 5802 ,

387 5826 587 5883 divinae
642 5827 936 5899 Scriptura:
963 5851 975 5889 :
1003 5819 1055 5889 et
1081 5831 1147 5888 ad
1187 5832 1276 5888 illa
1308 5832 1498 5887 oculos
1529 5838 1795 5902 perpetuo
1821 5845 1956 5886 con-

2087 1965 2187 2036 τὴν
2215 1964 2631 2020 Κωνσταντίνου
2648 1966 2855 2034 ταύτην
2885 1966 2982 2020 καὶ
3012 1967 3287 2036 νεωτέραν
3319 1968 3473 2022 πόλιν
3500 1971 3681 2041 μετῲ-

2088 2057 2309 2129 κησαν),
2353 2057 2667 2121 ἀκολούθως
2724 2059 2823 2112 καὶ
2882 2059 3075 2126 γένους
3129 2057 3344 2131 ὑπῆρχε
3393 2061 3678 2131 λαμπροῦ,

2088 2150 2336 2223 χρήμασί
2361 2168 2420 2204 τε
2459 2152 2558 2205 καὶ
2587 2150 2863 2221 ἀξιώμασι
2897 2150 3283 2224 περιϐλέπτου,
3318 2155 3412 2208 καὶ
3448 2153 3550 2224 τὴν
3575 2157 3680 2226 τῆς·

2087 2243 2375 2313 εὐγενείας
2411 2243 2598 2315 πηγὴν
2636 2239 2722 2306 είς
2751 2242 3040 2314 βασιλικὴν
3074 2246 3434 2316 περιφάνειαν
3466 2249 3673 2318 ἀναφέ-

2091 2353 2299 2406 ροντος.
2324 2334 2516 2406 Τυχὼν
2544 2335 2602 2389 δὲ
2634 2335 2838 2405 γονέων
2866 2335 3042 2400 οὕτως
3085 2337 3374 2408 ἐπισήμων
3426 2340 3531 2409 μὲν
3572 2339 3675 2412 τὴν

2083 2426 2265 2496 δόξαν,
2288 2427 2706 2500 ἐπισημοτέρων
2734 2428 2790 2481 δὲ
2823 2428 3005 2502 πολλῷ
3029 2429 3230 2501 μᾶλλον
3250 2433 3344 2486 καὶ
3376 2432 3475 2503 τὴν
3512 2434 3675 2487 εὐσέ-

2087 2519 2266 2588 ϐειαν,
2293 2519 2615 2591 ἐλευθερίως
2645 2522 2743 2576 καὶ
2769 2521 2935 2586 αὐτὸς
2979 2523 3260 2595 τρέφεται,
3300 2526 3398 2579 καὶ
3420 2527 3672 2582 παιδείαν

2080 2611 2268 2676 καλῶς
2311 2611 2709 2680 ἐκδιδάσκεται,
2767 2614 2941 2687 αὐτήν
2976 2633 3036 2669 τε
3081 2616 3180 2689 τὴν
3212 2618 3491 2689 ἡμετέραν
3526 2622 3674 2690 φημὶ

2079 2706 2184 2760 καὶ
2231 2704 2329 2775 τὴν
2369 2704 2628 2777 θύραθεν.
2682 2707 2914 2762 Ἔπειτα
2947 2709 3043 2763 καὶ
3080 2710 3286 2781 Μωσῆς
3331 2711 3525 2783 ὥσπερ
3554 2716 3670 2776 τοῖς

2086 2794 2427 2865 Αἰγυπτίοις,
2483 2795 2628 2849 οὕτω
2657 2795 2721 2868 δὴ
2777 2798 2875 2852 καὶ
2931 2798 3254 2870 Μαρκιανὸς
3307 2801 3511 2872 ἄριστα
3559 2807 3671 2869 τοῖς

2077 2883 2400 2952 Βυζαντίοις
2443 2888 2718 2960 ἐπιφοιτᾷ,
2773 2889 2868 2942 καὶ
2896 2889 3031 2961 πρὸς
3061 2891 3161 2958 τὴν
3195 2891 3419 2963 μείζονα
3459 2897 3554 2950 καὶ
3581 2913 3673 2949 τε-

2082 2976 2356 3048 λεωτέραν
2400 2977 2615 3048 σοφίαν,
2646 2978 2746 3048 τὴν
2769 2978 2910 3032 κατὰ
2945 2980 3168 3051 πνεῦμά
3193 2971 3356 3054 φημι,
3380 2985 3666 3055 τρέπεται.

2094 3067 2187 3134 Ἐξ
2212 3064 2272 3124 οὗ
2301 3069 2364 3142 δὴ
2387 3069 2507 3139 ’βίου
2537 3087 2596 3123 τε
2628 3071 2948 3142 λαμπρότης
2979 3073 3076 3126 καὶ
3101 3073 3257 3142 λόγου
3281 3075 3440 3144 χάρις
3469 3075 3667 3147 ἐκείνῳ

2083 3159 2522 3230 προσγενομένη,
2559 3160 2826 3232 ὀνόματος
2851 3160 3004 3232 ἠξίου
3033 3163 3125 3216 τὸν
3153 3164 3344 3234 ἄνδρα,
3387 3166 3484 3218 καὶ
3509 3167 3670 3238 περί-

2062 3250 2314 3304 “6λεπτον
2371 3252 2429 3304 ἐν
2464 3253 2597 3306 πᾶσι
2641 3254 2870 3324 καθίστη
2919 3256 3032 3318 τοῖς
3081 3254 3290 3319 λαῖκοῖς
3321 3269 3336 3284 ’
3374 3257 3570 3327 μικρὸν
3606 3258 3667 3310 δὲ

2083 3343 2306 3416 ὕστερον
2332 3345 2427 3400 καὶ
2463 3343 2541 3416 τῷ
2576 3346 2674 3417 τῆς
2713 3346 3038 3417 Ἐκκλησίας
3059 3346 3244 3419 κλήρῳ
3284 3348 3665 3417 ἐγκαταλέγει,

2082 3438 2178 3491 καὶ
2210 3439 2289 3500 είς
2317 3437 2409 3490 τὸν
2440 3437 2630 3508 ἱερέων
2657 3439 2782 3506 ἄγει
2811 3437 3020 3508 βαθμὸν
3043 3437 3136 3491 τὸν
3155 3437 3262 3491 τῶν
3295 3439 3457 3510 ἱερῶν
3485 3439 3662 3506 ἄξιον.

2093 3530 2153 3583 ’0
2183 3531 2239 3583 δέ
2280 3530 2417 3601 πρὸς
2467 3529 2624 3584 τοῦτο
2657 3529 2820 3584 αὐτὸν
2869 3530 3328 3602 ἅποϐιασάμενος,
3371 3534 3400 3585 ὁ
3427 3536 3669 3604 ταυτησὶ

2067 3623 2180 3690 -τῆς
2219 3623 2428 3686 πόλεως
2465 3622 2812 3695 πατριάρχης
2851 3617 2939 3693 ἦν.
2995 3618 3121 3676 Εἷλε
3161 3623 3272 3694 γὰρ
3305 3624 3467 3678 αὐτὸν
3494 3628 3528 3696 ἠ
3559 3626 3663 3696 τῆς

2083 3716 2282 3789 ἀρετῆς
2317 3717 2530 3772 ἐκείνου
2561 3719 2770 3789 σειρὴν,
2806 3720 2899 3772 καὶ
2946 3717 3160 3790 πλήρης
3188 3715 3256 3791 ἦν
3293 3720 3360 3774 τά
3402 3715 3516 3774 ὦτα
3550 3721 3665 3776 τῶν

2084 3810 2224 3882 ὑπὲρ
2256 3809 2422 3864 αὐτοῦ
2459 3809 2636 3878 λόγων
2669 3812 2762 3864 καὶ
2797 3810 3108 3881 ἐγκωμίων.
3149 3812 3286 3877 Τοὺς
3311 3808 3408 3866 οὖν
3445 3814 3661 3884 μεταξὺ

2079 3903 2190 3956 τῶν
2210 3902 2407 3973 ίερέων
2437 3901 2678 3973 βαθμοὺς
2712 3902 2856 3975 (ἐπεὶ
2889 3903 3057 3972 μηδὲν
3076 3898 3143 3974 ἦν
3171 3903 3233 3956 τὸ
3263 3901 3494 3970 κωλῦον,
3521 3904 3664 3959 ἀλλὰ

2083 3995 2218 4048 πολὺ
2253 3994 2452 4066 μᾶλλον
2475 3995 2536 4049 τὸ
2585 3995 2722 4066 πρὸς
2765 3996 2833 4050 τὰ
2880 3995 3052 4065 μείζω
3078 3998 3276 4067 χωρεῖν
3318 3997 3664 4069 ἐκκαλούμε-

2079 4085 2213 4153 νον),
2256 4083 2464 4146 πάντας
2491 4084 2550 4138 ἐν
2589 4084 2779 4155 βραχεῖ
2819 4083 3064 4151 διελθὼν,
3120 4085 3312 4157 καιροῦ
3363 4086 3663 4153 καλοῦντος

2080 4176 2174 4229 καὶ
2213 4173 2292 4245 τῷ
2342 4173 2629 4246 καταλόγῳ
2685 4174 2798 4228 τῶν
2857 4175 3249 4248 πρεσϐυτέρων
3309 4178 3658 4234 ἐντάττεται.

2079 4261 2212 4320 Εἶτα
2234 4267 2326 4320 καὶ
2355 4265 2640 4337 οἰκονόμος
2668 4265 2777 4321 τῶν
2808 4266 3118 4339 ἐκκλησιῶν
3149 4269 3248 4340 τῆς
3293 4270 3563 4343 μεγίστης
3593 4273 3662 4327 ἐκ

2074 4358 2256 4429 ψήφου
2309 4357 2516 4429 κοινῆς,
2559 4357 2659 4411 οὐκ
2705 4359 3046 4427 ἀναγκάσας,
3092 4360 3230 4414 ἀλλὰ
3279 4363 3657 4430 ἀναγκασθεὶς

2075 4452 2286 4522 γίνεται
2309 4467 2322 4480 ·
2361 4451 2456 4505 καὶ
2483 4450 2722 4520 τιμήσας
2753 4449 2954 4521 μᾶλλον
2982 4450 3014 4522 ἢ
3052 4450 3306 4523 τιμηθεὶς
3338 4453 3466 4518 τοὺς
3507 4454 3657 4509 οὕτω

1993 4557 2046 4616 ι)
2074 4547 2202 4616 περὶ
2227 4543 2392 4598 αὐτοῦ
2424 4544 2740 4614 κρίναντας.
2779 4545 2942 4599 Ἀλλὰ
2971 4545 3130 4600 τοῦτο
3160 4547 3258 4615 μὲν
3290 4545 3540 4619 ὕστερον.

2143 4639 2212 4692 l".
2261 4637 2422 4706 Ἀρτι
2454 4635 2511 4690 δὲ
2542 4635 2660 4699 νέος
2688 4635 2764 4689 ὢν
2819 4635 2920 4690 καὶ
2954 4638 3055 4706 τὴν
3099 4639 3372 4710 ίερατείαν
3409 4643 3654 4714 ἐγχειριο

2070 4727 2236 4793 σθεὶς,
2264 4728 2374 4781 τῶν
2391 4744 2449 4780 τε
2470 4725 2673 4796 γονέων
2695 4726 2844 4799 αὐτῷ
2862 4728 2954 4782 τὸν
2978 4727 3093 4799 βίον
3121 4730 3224 4803 ἤδη
3247 4732 3652 4802 ἀπολιπόντων,

2067 4821 2136 4876 τὰ
2168 4821 2266 4893 μὲν
2291 4821 2391 4892 τῆς
2419 4820 2674 4891 νεότητος
2707 4821 3025 4892 σωφρόνως,
3053 4822 3122 4876 τὰ
3149 4823 3208 4876 δέ
3235 4823 3334 4895 τῆς
3361 4824 3655 4897 ίεροσύνης

2067 4917 2330 4989 κοσμίως,
2348 4916 2416 4972 τὰ
2435 4916 2493 4970 δὲ
2522 4915 2616 4970 τοῦ
2641 4915 2875 4970 πλούτου
2898 4917 3040 4970 πάνυ
3058 4917 3318 4987 φιλοθέως
3343 4921 3654 4988 οἰκονομῶν

2067 5010 2394 5082 ἐγνωρίζετο
2421 5025 2435 5039 ’
2469 5009 2951 5081 συγκληρονόμους
2979 5010 3128 5084 αὐτῷ
3156 5010 3251 5065 τοῦ
3284 5012 3488 5083 κλήρου
3519 5015 3653 5076 τούς

2065 5100 2355 5170 δεομένους
2386 5097 2853 5169 παραλαμϐάνων,
2886 5100 2980 5152 καὶ
3009 5100 3153 5154 κατὰ
3181 5101 3317 5155 πολὺ
3344 5101 3440 5157 τοῦ
3461 5103 3652 5158 πλείο-

2065 5208 2154 5254 νος
2219 5191 2406 5253 αὐτοῖς
2462 5188 2847 5260 ἐξιστάμενος,
2901 5190 2934 5260 ἢ
2987 5191 3148 5245 τοῦτο
3195 5193 3397 5263 μᾶλλον
3445 5197 3650 5266 εἰπεῖν,

2067 5281 2448 5352 πραγματείαν
2491 5283 2939 5354 κερδαλεωτάτην
2973 5285 3112 5355 πρὸς
3139 5285 3336 5350 αὐτοὺς
3379 5287 3652 5359 ποιούμε-

2063 5390 2174 5436 νος,
2221 5375 2313 5427 καὶ
2341 5377 2558 5445 παροχῇ
2595 5375 2806 5446 μικρῶν
2850 5375 2919 5428 τὰ
2954 5375 3191 5447 μέγιστα
3214 5379 3647 5451 ἀντικτὼμενος.

2063 5467 2193 5530 Ταῖς
2230 5467 2326 5538 μὲν
2363 5466 2455 5520 οὖν
2483 5467 2672 5532 ἄλλαις
2695 5469 2802 5522 τῶν
2835 5469 3038 5540 ἡδονῶν
3075 5470 3220 5541 μέγα
3265 5474 3362 5526 καὶ
3409 5475 3650 5546 ἀρχικὸν

2062 5555 2222 5627 ἔφανε
2250 5558 2483 5628 φρονῶν,
2529 5559 2623 5613 καὶ
2658 5560 2910 5632 οὐδαμῶς
2942 5563 3135 5627 αὐταῖς
3167 5565 3596 5636 συγκλινόμενος
3629 5584 3644 5598 ο

2061 5647 2198 5718 πρὸς
2222 5647 2321 5703 ἕνα
2352 5648 2408 5702 δὲ
2443 5649 2603 5720 μόνον
2626 5651 2804 5722 ἔρωτα
2824 5653 3077 5725 φανερῶς
3105 5655 3307 5728 ἥττητο
3330 5658 3438 5713 τῶν
3463 5659 3648 5729 λόγων

2058 5739 2158 5810 τῆς
2181 5737 2332 5803 θείας
2363 5739 2606 5811 Γραφῆς,
2631 5743 2724 5796 καὶ
2751 5745 2887 5815 πρὸς
2921 5745 3162 5811 ἐκείνους
3187 5749 3436 5822 στρέφων
3455 5766 3515 5804 τε
3548 5752 3648 5804 καὶ

2060 5831 2279 5903 τρέφων
2314 5833 2442 5898 τούς
2487 5834 2800 5908 ὀφθαλμοὺς
2845 5833 2936 5908 ἦν,
2975 5842 3071 5895 καὶ
3104 5841 3190 5894 διὰ
3223 5844 3423 5906 παντὸς
3452 5843 3642 5904 αὐτοῖς
