3886 6474
238 442 358 512 433

1246 455 1433 538 ἮΤΑ,
1461 455 1523 516 S.
1565 452 1948 515 MARCIANI
1985 452 2486 516 PBESBYTERI.

3404 442 3512 508 43‘.

243 564 722 637 προσκαθήμενος.
771 567 859 631 Ὠς
893 567 1144 624 ἐντεῦθεν
1180 573 1347 644 μηδὲν
1373 574 1616 646 κρυπτὸν
1657 575 1691 648 ἢ
1731 574 1824 628 δυ-

1949 572 2189 638 rertebat,
2214 582 2268 627 et
2288 573 2369 628 eis
2400 577 2660 642 perpetuo
2685 568 2984 635 assidebat;
3015 581 3122 638 quo
3149 563 3331 630 flebat,
3358 563 3514 617 utui-

248 653 509 726 σεύρετον
565 659 624 710 ἐν
674 658 866 722 αὐταῖς
915 655 1074 729 εἶναι,
1111 663 1140 716 δ
1173 665 1248 734 μὴ
1285 667 1518 738 φανερὸν
1554 665 1704 737 αὕτῷ
1738 667 1835 722 καὶ

251 745 536 818 γνώριμον
569 751 635 820 τῇ
659 750 934 822 φιλοπόνῳ
974 753 1166 822 γέγονε
1196 739 1548 827 προσεδρείᾳ.
1593 757 1836 828 Γαστρὸς

251 838 308 892 δέ
344 839 585 910 ἰσχυρῶς
611 842 832 913 ἐκράτει
891 844 990 898 καὶ
1021 845 1344 916 ὀφθαλμῶν,
1399 849 1554 913 εἰδὼς
1587 849 1736 913 ὅπως
1775 850 1836 902 τὸ

251 931 506 1001 ἀκμάζον
535 934 630 987 καὶ
655 935 916 1006 ἀνδρικὸν
945 938 1045 1010 τῆς
1076 941 1328 1011 νεότητος
1351 939 1626 995 εὕπτωτον
1649 941 1836 998 ἐντεῦ-

251 1021 346 1075 θεν
379 1026 476 1078 καὶ⁵
499 1025 792 1098 ὀλισθηρὸν
825 1029 1060 1097 γίνεται.
1109 1031 1220 1086 Καὶ
1269 1033 1445 1086 πολλὰ
1487 1033 1680 1087 τούτου
1738 1035 1835 1089 καὶ

249 1114 468 1184 χαλεπά
503 1119 570 1171 τά
598 1118 888 1189 πτώματα.
921 1121 1122 1192 Εύχαῖς
1157 1140 1219 1177 τε
1253 1125 1350 1179 καὶ
1395 1125 1726 1196 ἀγρυπνίαις
1763 1128 1834 1181 τὰ

253 1207 427 1262 πολλά
459 1209 656 1277 ἐδίδου,
697 1216 795 1266 καὶ
829 1215 1029 1285 κομιδῆ
1063 1215 1261 1279 παῖδας
1294 1216 1504 1271 ἐδείκνυ
1547 1218 1680 1289 πρὸς
1704 1218 1836 1289 ἀρε-

251 1297 352 1367 τῆς
390 1298 570 1369 λόγον,
607 1302 669 1355 οὐ
713 1304 872 1370 μόνον
904 1305 1064 1369 ὅσους
1100 1306 1481 1378 ότῶνίερέων
1510 1307 1624 1379 ἔχει
1663 1309 1837 1364 κατά-

249 1389 444 1459 λογος,
477 1392 616 1447 ἀλλὰ
649 1397 743 1449 καὶ
779 1397 968 1463 ἁπλῶς
1019 1399 1144 1454 ὅσον
1197 1401 1255 1452 ἐν
1307 1401 1469 1471 πολιᾷ
1517 1401 1837 1470 φιλευσεϐἐς

251 1477 342 1553 ἦν,
378 1485 476 1536 καὶ
509 1485 830 1556 φιλοσοφίας
857 1489 1304 1562 ἐπιμελούμενον.
1335 1491 1426 1562 Τῷ
1451 1491 1506 1546 δὲ
1540 1493 1638 1560 τῆς
1658 1492 1838 1565 ψυχῆς

255 1575 535 1646 φιλοκάλῳ
566 1579 772 1650 σφόδρα
799 1583 892 1635 καὶ
914 1582 1024 1637 τῶν
1052 1583 1214 1654 ίερῶν
1239 1585 1403 1638 οῐκων
1433 1585 1543 1639 τῶν
1581 1586 1675 1638 τοῦ
1704 1585 1839 1656 Χρι-

255 1670 387 1722 στοῦ
438 1670 736 1744 μαρτύρων
771 1674 1010 1746 ἐραστὴς
1036 1670 1126 1747 ἦν,
1171 1675 1266 1728 καὶ
1322 1677 1447 1738 τοὺς
1502 1676 1601 1747 μὲν
1659 1676 1840 1729 αὐτῶν

253 1763 644 1831 πεπονηκότας
680 1765 824 1829 ἰᾶτο,
884 1765 1016 1829 τοὺς
1077 1765 1134 1823 δὲ
1168 1767 1263 1822 καὶ
1319 1768 1484 1837 μήπω
1544 1768 1838 1836 γεγονότας

252 1852 473 1921 ἀνίστη.
509 1847 585 1909 Ob
611 1853 669 1907 δὲ
710 1854 1022 1929 θερμότατα
1058 1857 1191 1931 ἦρα,
1213 1857 1306 1909 καὶ
1337 1855 1365 1910 ὃ
1390 1856 1542 1920 τέλος
1582 1857 1681 1925 τῆς
1715 1858 1838 1911 ἐπι-

1941 664 2015 719 hil
2047 671 2194 720 esset
2229 663 2282 718 in
2314 664 2396 718 eis
2427 662 2566 718 adeo
2603 663 2874 718 occultum
2910 667 2964 714 et
3009 659 3231 713 inventu
3276 653 3514 718 dillicile,

1936 755 2080 826 quod
2117 771 2223 808 non
2257 753 2602 809 manifestum
2630 761 2686 808 et
2713 762 2902 806 notum
2937 750 3201 806 evasisset
3234 745 3517 800 laboriosa:

1937 849 2055 917 ejus
2091 847 2407 918 diligentiae.
2442 843 2632 898 Ventri
2667 853 2850 898 autem
2883 849 2935 898 et
2967 842 3142 898 oculis
3168 838 3380 894 fortiter
3410 837 3514 891 im-

1937 940 2186 1010 perabat,
2236 937 2420 1007 utqui
2465 937 2631 992 sciret
2670 935 2860 991 florem
2900 945 2956 990 et
3004 935 3171 989 robur
3211 928 3520 1002 iuventutis

1937 1045 2036 1100 per
2064 1043 2126 1084 ea
2158 1027 2315 1082 facile
2343 1025 2545 1096 impelli
2579 1025 2645 1079 ad
2674 1026 2907 1094 lapsum.
2939 1025 3080 1078 Sunt
3111 1030 3294 1076 autem
3335 1031 3516 1080 casus,

1937 1121 2028 1189 qui
2066 1135 2128 1175 ex
2171 1119 2238 1174 iis
2274 1117 2544 1182 oriuntur,
2573 1116 2726 1170 multi
2757 1124 2812 1171 et
2839 1113 3099 1169 difﬁciles.
3131 1109 3390 1166 Precibus
3418 1122 3519 1162 au-

1939 1223 2046 1266 tem
2077 1220 2133 1266 et
2155 1209 2353 1282 vigiliis
2383 1223 2440 1263 se
2461 1207 2694 1262 dedebat
2714 1205 3034 1276 plurimum,
3064 1209 3119 1258 et
3138 1200 3294 1256 valde
3321 1211 3520 1269 pueros

1937 1304 2220 1367 edocebat,
2269 1301 2412 1372 quod
2461 1300 2527 1355 ad
2577 1299 2800 1354 virtutis
2848 1296 3113 1351 rationem
3158 1292 3375 1353 attinet,
3407 1305 3520 1343 non

1937 1395 2112 1449 solum
2140 1408 2255 1457 eos,
2273 1393 2364 1462 qui
2396 1396 2551 1445 erant
2570 1389 2724 1444 relati
2756 1390 2808 1443 in
2838 1400 3126 1442 numerum
3148 1381 3517 1444 sacerdotum,

1937 1490 2054 1553 sed,
2087 1499 2146 1544 ut
2186 1487 2352 1544 semel
2393 1485 2590 1552 dicam,
2619 1490 2888 1555 quotquot
2920 1482 2976 1536 in
3015 1479 3216 1536 canitie
3251 1483 3410 1532 erant
3445 1471 3520 1543 pii

1938 1590 1994 1636 et
2024 1579 2282 1650 religiosi,
2318 1587 2373 1634 et
2397 1593 2582 1633 curam
2606 1575 2868 1648 gerebant
2888 1570 3268 1645 philosophias.
3299 1568 3396 1622 lllo
3427 1579 3524 1619 au-

1939 1684 2050 1730 tem
2093 1687 2193 1726 suo
2246 1671 2508 1742 praeclaro
2555 1670 2683 1725 boni
2732 1675 2787 1723 et
2833 1665 3049 1722 honesti
3109 1677 3315 1726 amore,
3364 1658 3524 1714 valde

1941 1775 2157 1830 quoque
2187 1759 2403 1813 amabat
2434 1773 2616 1813 sacras
2642 1756 2788 1812 mdes
2816 1753 3018 1810 Christi
3051 1760 3346 1821 martyrum
3369 1756 3426 1800 et
3455 1761 3523 1800 ex
3560 1782 3571 1806 ε

1942 1853 2023 1907 eis
2055 1852 2187 1906 alias
2216 1851 2458 1922 quidem,
2497 1866 2618 1921 qua:
2651 1847 2993 1910 laborabant,
3019 1854 3074 1900 et
3100 1843 3315 1921 ruinam
3349 1840 3524 1894 mina—

251 1941 459 2009 Θυμίας
501 1942 744 2014 ἐνόμιζε,
784 1945 942 1999 τοῦτο
975 1941 1044 2017 ἦν
1075 1947 1217 2001 ὥστε
1248 1949 1314 2018 τῇ
1357 1946 1701 2020 μεγαλοδόξῳ
1745 1950 1838 2004 καὶ

1949 1945 2162 2008 bantur,
2194 1942 2468 1997 reficiebat
2507 1958 2521 1996 :
2557 1942 2688 1995 alias
2717 1948 2920 2004 autem,
2943 1951 3065 2007 quae
3102 1936 3339 1991 nondum
3370 1933 3525 1988 facta:

253 2033 578 2102 περικαλλεῖ
603 2035 711 2088 τῶν
740 2035 1038 2108 μαρτύρων
1069 2037 1402 2110 Ἀναστασίᾳ
1423 2039 1676 2111 λαμπρὸν
1706 2041 1841 2094 ἀνα-

255 2125 458 2196 στῆσαι
510 2125 658 2180 ναόν.
715 2127 994 2197 Ἐκαμνεν
1026 2126 1120 2182 οὕν
1159 2129 1289 2200 περὶ
1341 2129 1442 2200 τὴν
1484 2127 1700 2202 εὕρεσιν
1746 2130 1841 2186 τοῦ

254 2218 484 2288 χωρίου,
523 2211 588 2271 οὗ
624 2218 689 2289 δὴ
748 2219 842 2273 καὶ
896 2219 1134 2292 μάλιστα
1195 2223 1271 2286 ὡς
1331 2223 1732 2296 ἐπικαιρότατα
1780 2225 1843 2281 τὸ

256 2310 410 2380 ἱερὸν
452 2310 594 2382 αὐτῇ
621 2309 847 2381 τέμενος
879 2312 1200 2383 ἀγαπήσει.

328 2549 404 2605 Δ’.
447 2549 605 2606 Οὕτω
641 2549 1136 2624 διαμεριμνῶντος,
1169 2555 1307 2626 γυνή
1358 2571 1441 2620 τις
1477 2555 1540 2610 τὸ
1591 2557 1744 2627 γένος
1778 2557 1843 2612 ἐκ

253 2641 371 2694 τῶν
415 2641 603 2713 Σύρων
661 2642 996 2714 Ἀντιοχείας
1043 2645 1317 2716 ἐλκουσαξ,
1367 2647 1523 2700 Νικὼ
1582 2648 1842 2720 τοῦνομα,

255 2736 388 2804 ἄρτι
440 2735 529 2786 τὸν
570 2733 804 2805 σύζυγον
832 2737 1267 2808 ἀποϐεϐληκυῖα,
1315 2731 1468 2792 οἷκον
1525 2740 1660 2811 αὕτῇ
1701 2743 1843 2795 κατά

251 2826 465 2896 κλῆρον
507 2828 864 2896 περιελθόντα
913 2829 1024 2882 τῶν
1069 2831 1382 2901 ἐπισήμων,
1444 2829 1504 2893 δς
1539 2831 1650 2903 ἀρα
1702 2833 1844 2886 κατά

254 2918 362 2984 τὴν
397 2917 568 2987 μέσην
634 2922 732 2989 τῆς
779 2919 1100 2985 Βυζαντίδος
1154 2922 1361 2991 ἀγοράν
1409 2921 1613 2994 ἵδρυτο,
1662 2923 1847 2978 διαπι-

257 3010 537 3078 πράσκειν
590 3011 863 3077 ἐϐούλετο,
919 3014 1006 3084 ἐφ’
1066 3006 1110 3081 ᾧ
1166 3015 1266 3085 τὴν
1305 3014 1464 3079 ἀξίαν
1496 3017 1844 3087 κομισαμένη

254 3100 457 3170 τιμὴν,
496 3101 590 3153 ἐπὶ
617 3102 686 3155 τά
708 3105 885 3156 οἰκεῖα
917 3105 1080 3160 πάλιν
1111 3105 1455 3160 ἐπανελθεῖν.
1509 3107 1697 3163 Ταῦτα
1745 3126 1845 3181 με·

260 3190 532 3264 μαθηκὼς
557 3195 585 3246 ὁ
616 3194 816 3266 θερμὸς
842 3187 996 3260 οὗτος
1024 3197 1124 3268 τῆς
1150 3198 1430 3271 μάρτυρος
1469 3202 1726 3272 ἐραστὴς,
1753 3201 1844 3256 τόν

1945 2034 2182 2096 fuerant,
2199 2035 2490 2089 excitabat.
2516 2032 2670 2098 Quod
2690 2043 2870 2086 autem
2890 2028 3271 2085 ardentissime
3288 2024 3524 2088 amabat,

1955 2135 2012 2181 et
2057 2127 2141 2180 sui
2179 2124 2436 2179 desiderii
2483 2123 2646 2178 finem
2712 2121 3082 2186 existimabat,
3134 2120 3236 2174 hoc
3279 2124 3420 2178 erat,
3470 2127 3528 2169 ut

1947 2217 2218 2288 prteclarre
2253 2225 2308 2271 et
2335 2214 2534 2287 insigni
2577 2215 2722 2269 inter
2760 2224 3024 2285 martyres
3061 2210 3357 2266 Anastasiae
3386 2223 3526 2278 prm-

1947 2307 2152 2361 clarum
2187 2304 2446 2376 templum
2490 2311 2818 2359 exstrueret.
2855 2321 2868 2358 :
2922 2300 3207 2357 laborabat
3249 2308 3431 2353 autem
3472 2297 3526 2351 in

1945 2401 2065 2457 loco
2093 2398 2440 2464 inveniendo,
2486 2397 2541 2452 in
2578 2412 2687 2468 quo
2725 2393 3191 2468 opportunissime
3225 2405 3434 2447 sacram
3471 2390 3518 2445 ei

1946 2493 2115 2549 aedem
2156 2498 2479 2547 exstrueret.

2017 2583 2107 2645 ιν,
2139 2581 2273 2640 Cum
2298 2583 2364 2638 de
2386 2595 2453 2637 eo
2471 2589 2652 2637 autem
2673 2593 2819 2636 esset
2847 2578 3138 2645 sollicitus,
3167 2575 3363 2630 mulier
3381 2591 3528 2646 quae-

1947 2676 2105 2741 dam,
2155 2691 2275 2745 quae
2319 2689 2492 2746 genus
2534 2673 2769 2730 ducebat
2812 2689 2878 2728 ex
2916 2671 3174 2744 Syrorum
3197 2669 3524 2732 Antiochiae,

1948 2768 2079 2824 Nico
2104 2769 2344 2834 nomine,
2387 2783 2511 2822 cum
2540 2767 2702 2838 paulo
2731 2774 2858 2820 ante
2883 2764 3171 2834 conjugetn
3211 2763 3524 2824 amisisset,

1951 2860 2215 2930 insignem
2269 2857 2490 2912 domum
2525 2897 2539 2921 ,
2598 2872 2718 2928 quae
2751 2856 2802 2911 ei
2843 2855 3160 2910 haereditate
3217 2853 3530 2907 'obvcnerat

1950 2951 2147 3023 (posita
2186 2959 2365 3005 autem
2388 2956 2507 3004 erat
2542 2948 2596 3003 in
2626 2948 2807 3004 medio
2839 2945 3343 3015 Constantinopolis
3361 2944 3526 3012 foro),

1951 3040 2166 3094 volebat
2196 3038 2452 3102 vendere,
2487 3046 2545 3092 ut
2587 3053 2712 3092 cum
2763 3037 2883 3107 ejus
2926 3035 3166 3108 pretium
3199 3033 3527 3104 accepisset,

1951 3133 2020 3188 ad
2047 3148 2141 3187 sua
2171 3140 2554 3188 reverteretur.
2580 3130 2704 3186 llaec
2723 3134 2846 3187 cuin
2871 3129 3183 3186 rescivisset
3217 3129 3307 3184 hic
3331 3127 3531 3184 ardens

1951 3234 2160 3279 amator
2190 3223 2461 3294 martyris,
2508 3230 2564 3277 et
2607 3223 2785 3277 locum
2816 3221 3044 3277 vidisset
3083 3219 3530 3283 convenientem,

257 3301 322 3337 τε
356 3285 522 3338 τόπον
556 3285 820 3356 ἑωρακὼς
873 3287 952 3352 ὡς
1003 3288 1285 3360 ἁρμόδιον,
1329 3291 1424 3345 καὶ
1451 3291 1550 3363 τὴν
1592 3291 1744 3346 θέσιν
1772 3292 1844 3356 ὡς

1951 3323 2007 3372 et
2037 3317 2198 3371 situm
2236 3331 2356 3372 esse
2396 3325 2584 3388 aptum
2615 3331 2715 3371 suo
2761 3313 3064 3386 proposito,
3102 3326 3201 3384 pro
3233 3311 3384 3366 lucro
3417 3325 3530 3365 rem

259 3375 590 3446 ἐπιτηδείως
639 3377 868 3448 ἔχουσαν
895 3377 973 3450 τῷ
1002 3380 1212 3451 σκοπῷ,
1259 3381 1489 3453 ἕρμαιον
1516 3384 1578 3436 τὸ
1609 3385 1842 3457 πρᾶγμα

255 3468 564 3536 λογίζεται,
597 3471 693 3524 καὶ
722 3473 790 3542 τῇ
837 3473 1062 3540 γυναικὶ
1102 3473 1416 3544 προσελθὼν
1457 3475 1588 3546 περὶ
1621 3476 1720 3546 τῆς
1763 3493 1845 3531 τι·

263 3559 380 3630 μῆς
406 3560 737 3628 διαλέγεται,
785 3565 883 3616 καὶ
928 3563 1222 3634 δισχιλίους
1255 3565 1491 3635 χρυσοῦς
1520 3565 1846 3622 καταϐαλὼν

262 3652 446 3706 πείθει
494 3654 584 3709 τὸν
623 3651 772 3709 οίκον
830 3656 1146 3711 ἀποδοῦναι.
1202 3655 1361 3711 Οὕτω
1407 3657 1846 3732 διαπραξάμενος

262 3745 364 3797 »αὶ
391 3745 553 3813 ἔργον
588 3746 690 3816 ἥδη
723 3747 998 3802 ἀπτεσθαι
1021 3748 1182 3820 δῆλος
1207 3744 1301 3822 ἦν·
1347 3749 1464 3803 ἀλλ’
1491 3753 1521 3804 ό
1552 3753 1687 3805 πᾶσι
1733 3753 1847 3816 τοῖς

259 3839 492 3908 ἀγαθοῖς
549 3842 929 3912 ἀντικείμενος
970 3843 1080 3898 οὐδ’
1138 3842 1375 3897 ἐνταῦθα
1426 3845 1702 3900 δείκνυται
1747 3847 1849 3918 τῆς

261 3932 478 3997 οἰκείας
505 3934 702 4006 τέχνης
728 3934 1123 4006 ἐπιλαθόμενος
1160 3935 1270 3990 οὐδ’
1292 3935 1431 4000 ὅλως
1479 3935 1574 3990 τοῦ
1609 3953 1847 4010 κακουρ-

263 4027 387 4095 γεῖν
419 4026 752 4096 παυόμενος,
788 4029 821 4099 ἢ
863 4027 1227 4098 παυσόμενοςο
1283 4027 1399 4082 ἀλλ’
1451 4029 1700 4084 ὑπελθὼν
1747 4030 1848 4104 τὴν

264 4121 504 4188 γυναῖκα
531 4120 625 4172 καὶ
655 4119 838 4192 δεινὴν
865 4121 1003 4192 αὐτῇ
1040 4121 1143 4192 τὴν
1173 4121 1537 4193 μεταμέλειαν
1567 4121 1844 4194 ἐμϐαλὼν,

266 4212 478 4284 σφόδρα
526 4214 651 4277 τοὺς
699 4213 992 4284 λογισμοὺς
1035 4213 1448 4285 ἐξεπολιόρκει,
1499 4215 1752 4287 καθάπερ
1793 4234 1848 4271 τι

267 4306 572 4378 μηχάνημα
603 4307 997 4379 τὴναίσχύνην
1029 4308 1254 4376 ἐπάγων
1286 4308 1447 4379 αὐτῇ,
1475 4307 1550 4372 ὼς
1592 4308 1701 4380 ἀρα
1734 4325 1850 4363 κω·

267 4402 500 4472 μῳδοῖτο
530 4400 637 4455 ὑπὸ
667 4399 899 4467 πολλῶν,
930 4399 1001 4455 τά
1032 4401 1297 4455 κάλλιστα
1327 4400 1471 4455 οὕτω
1494 4404 1604 4454 τῶν
1635 4402 1851 4473 κτημά-

263 4513 374 4550 των
412 4492 817 4562 διασπαθῶσακ
844 4498 939 4548 καὶ
972 4494 1082 4566 γὰρ
1123 4490 1192 4567 ἦν
1253 4497 1282 4550 ὁ
1307 4491 1452 4558 οἶκος
1479 4493 1586 4548 τῶν
1627 4498 1850 4566 ἀρχαιο-

266 4585 448 4656 ζήλων
477 4587 574 4640 καὶ
600 4587 1168 4659 μεγαλοπρεπῶν,καὶ
1180 4587 1289 4642 τῶν
1325 4588 1429 4640 ὕπὸ
1455 4587 1548 4641 τοῦ
1581 4588 1843 4657 μεγάλου,

1949 3424 2070 3464 esse
2110 3409 2282 3476 ducit,
2353 3418 2406 3464 et
2446 3409 2513 3463 ad
2561 3408 2846 3463 mulierem
2897 3405 3146 3467 veniens,
3184 3403 3426 3474 loquitur
3464 3401 3532 3457 de

1949 3500 2145 3570 pretio,
2175 3509 2232 3555 et
2265 3501 2569 3554 numeratis
2601 3499 2686 3554 bis
2716 3499 2863 3553 mille
2910 3498 3112 3562 aureis,
3155 3495 3445 3566 persuadet
3481 3496 3531 3548 ei

1949 3575 2174 3648 domum
2196 3591 2457 3649 vendere.
2480 3589 2619 3646 Cum
2650 3590 2731 3646 sic
2758 3588 2999 3654 fecisset,
3025 3587 3246 3658 planum
3268 3594 3386 3641 erat
3404 3600 3531 3640 eum

1945 3681 2054 3756 jam
2083 3683 2222 3738 velle
2248 3697 2387 3754 opus
2417 3681 2653 3755 aggredi.
2689 3680 2798 3736 Sed
2827 3679 2919 3752 qui
2953 3677 3115 3734 bonis
3149 3677 3407 3733 omnibus
3431 3675 3533 3752 ad-

1947 3786 2218 3842 versatur,
2252 3790 2322 3831 ne
2352 3773 2444 3830 hic
2471 3772 2692 3844 quidem
2723 3770 2962 3828 ostendit
2996 3785 3055 3826 se
3085 3783 3197 3826 suae
3225 3769 3358 3824 artis
3389 3765 3532 3822 obli-

1950 3879 2087 3935 tum,
2139 3884 2317 3939 neque
2361 3867 2583 3924 omnino
2635 3881 2850 3922 cessare
2896 3873 2990 3920 aut
3035 3873 3375 3920 cessaturum
3409 3876 3532 3916 esse

1950 3949 2271 4020 maléfacere
2309 3983 2321 4018 :
2367 3961 2463 4018 sed
2507 3976 2566 4017 se
2594 3959 2811 4015 mulieri
2845 3967 3025 4013 astute
3065 3956 3374 4023 insinuans,
3403 3965 3459 4011 et
3482 3955 3533 4011 ei

1951 4071 2168 4129 gravem
2195 4054 2496 4109 immittens
2527 4050 3059 4124 pmnitentiam,ejus
3087 4056 3326 4105 mentem
3353 4046 3534 4102 valide

1951 4148 2299 4220 oppugnabat
2331 4167 2344 4203 :
2383 4155 2641 4216 tanquam
2686 4145 2820 4200 alias
2854 4142 3135 4198 machinas
3173 4141 3224 4196 ei
3268 4140 3552 4212 pudorem.

1951 4241 2270 4306 admovens,
2295 4239 2441 4313 quod
2463 4238 2670 4294 scilicet
2698 4252 2727 4292 a
2752 4236 2912 4306 vulgo
2941 4234 3242 4290 haberetur
3275 4231 3529 4298 ludibrio,

1949 4349 2072 4404 quae
2093 4332 2173 4388 sic
2201 4331 2596 4405 pulcherrimas
2619 4338 2966 4388 consumeret
2993 4327 3366 4400 possessiones
3396 4325 3536 4396 (erat

1951 4423 2101 4479 enim
2127 4423 2324 4484 domus
2351 4421 2576 4493 antiqua
2602 4429 2657 4476 et
2688 4419 3070 4492 magnifica,let
3099 4418 3188 4473 cui
3215 4418 3376 4488 longe
3407 4425 3535 4472 ante

1953 4526 2217 4586 tempore,
2250 4513 2429 4586 magni
2451 4513 2658 4568 scilicet
2680 4507 3044 4573 Constantini,
3069 4509 3386 4580 contigisset
3410 4508 3536 4563 aedi-

1955 4605 2102 4660 llcari
2139 4622 2151 4658 :
2184 4605 2349 4661 locari
2388 4613 2570 4659 autem
2602 4602 2952 4659 mercedibus
2984 4601 3278 4664 etannuis
3317 4614 3534 4670 posses-

265 4680 434 4748 φημὶ,
470 4678 885 4733 Κωνσταντίνου
921 4679 1020 4750 τὴν
1042 4678 1353 4752 οἰκοδομίαν
1395 4681 1460 4733 ἐκ
1503 4679 1716 4750 μακροῦ
1751 4678 1844 4733 λα-

1951 4695 2220 4762 sionibus,
2264 4695 2396 4752 satis
2426 4702 2680 4766 magnum
2707 4692 3057 4749 commodum
3089 4689 3397 4760 allerebat).
3427 4689 3526 4745 His

265 4771 471 4842 χόντων
505 4812 520 4837 ,
565 4772 879 4843 ἀρκούντως
908 4790 967 4826 τε
1003 4774 1114 4836 τοῖς
1145 4770 1516 4841 στεγονομίοις
1573 4773 1668 4826 καὶ
1723 4773 1848 4836 ταῖς

265 4868 335 4919 δι’
371 4868 528 4930 ἔτους
555 4867 837 4938 προσόδοις
866 4865 1339 4937 ἐνευθηνούμενος.
1371 4865 1596 4930 Τούτοις
1622 4867 1656 4939 η
1690 4865 1848 4938 γυνὴ,

265 4959 361 5015 au
392 4959 554 5030 γυνὴ,
579 4960 677 5023 τάς
707 4959 911 5030 φρένας
936 4959 1340 5026 ὕποσεισθεῖσα,
1379 4958 1528 5012 λύειν
1561 4958 1622 5012 τὸ
1660 4959 1852 5013 συνάλ-

264 5056 456 5124 λαγμα
481 5053 775 5123 ἐπειρᾶτο·
829 5054 926 5106 καὶ
957 5053 986 5105 ό
1018 5053 1335 5124 Μαρκιανὸς
1365 5052 1520 5105 οὐδὲν
1552 5050 1851 5121 ἀϐούλητον

265 5146 299 5214 ἢ
327 5143 562 5214 ἐπαχθὲς
593 5145 768 5199 οὐδενὶ
797 5145 1026 5214 ἐπάγειν
1078 5143 1425 5215 βουλόμενος,
1476 5144 1586 5198 τῶν
1632 5143 1851 5198 οἰκείων

265 5235 466 5307 ἐξέστη
507 5236 755 5302 δικαίων,
816 5239 908 5292 καὶ
962 5236 1053 5292 τοῦ
1094 5239 1372 5308 κτήματος
1420 5235 1735 5308 παρεχώρει
1780 5237 1847 5308 τῇ

264 5327 509 5397 γυναικὶ,
546 5329 796 5399 πράξεως
829 5330 979 5400 ἱερᾶς
1011 5328 1162 5400 ἰερὰν
1201 5324 1339 5384 εἶναι
1367 5329 1461 5382 καὶ
1488 5331 1586 5398 τὴν
1609 5329 1851 5398 κρηπῖδα

266 5418 470 5490 ζητῶν,
504 5421 599 5474 καὶ
624 5421 778 5474 οὐδὲν
811 5421 1009 5476 ἐθέλων
1044 5425 1111 5494 τῇ
1151 5422 1332 5492 ἀγαθῇ
1373 5423 1608 5494 μάρτυρι
1644 5421 1852 5490 προσά-

265 5528 388 5582 γειν
445 5512 789 5584 ἀπρόθυμον,
842 5510 951 5566 οὐδ’
983 5513 1422 5584 ἠναγκασμένον.
1500 5511 1562 5566 ’0
1618 5512 1716 5582 μὲν
1758 5508 1852 5565 οὖν

268 5603 505 5674 πονηρὸς
540 5603 793 5658 ἐντεῦθεν
843 5604 1020 5659 ἐδόκει
1061 5607 1236 5676 νικᾷν,
1269 5604 1329 5658 τὸ
1351 5603 1408 5658 δὲ
1431 5599 1498 5675 ἦν
1530 5603 1728 5676 ἐκείνῳ
1751 5603 1851 5674 τῆς

268 5696 538 5767 μεγίστης
574 5694 744 5767 ἥττης
773 5697 940 5768 ἀρχή.
1000 5696 1132 5761 Θεὸς
1167 5696 1276 5767 γάρ
1303 5698 1332 5751 ὁ
1367 5696 1630 5766 μετάγειν
1674 5697 1852 5751 πάντα

268 5785 406 5858 πρὸς
433 5786 496 5840 τὸ
527 5787 807 5860 συμφέρον
828 5787 1008 5856 εἰδὼς,
1039 5783 1194 5855 οὕτος
1228 5789 1431 5861 δηλαδὴ
1461 5789 1557 5845 καὶ
1593 5788 1692 5861 τὴν
1724 5789 1853 5862 περὶ

1958 4783 2176 4848 mulier,
2215 4793 2275 4839 ut
2314 4783 2530 4848 mulier,
2563 4782 2904 4848 labefactata,
2946 4790 3285 4837 contractum
3323 4779 3535 4836 solvere

1957 4873 2276 4927 conabatur.
2313 4871 2620 4927 Marcianus
2646 4882 2847 4937 autem,
2881 4871 3133 4942 qui'nulli
3165 4869 3386 4926 volebat
3411 4885 3537 4926 esse

1958 4960 2240 5025 molestus,
2268 4977 2373 5016 nec
2401 4977 2594 5033 cogere
2625 4968 2684 5014 ut
2713 4960 2916 5030 aliquid
2956 4960 3134 5015 facere
3171 4960 3316 5030 quod
3344 4959 3534 5024 nollet,

1956 5067 2057 5107 suo
2107 5053 2230 5122 jure
2268 5053 2453 5119 cessit,
2495 5064 2548 5107 et
2594 5051 2998 5123 possessionem
3049 5052 3258 5108 dimisit
3299 5051 3535 5118 mulieri,

1957 5161 2208 5220 quaerens
2235 5145 2465 5201 actionis
2491 5154 2706 5200 sacrum
2742 5160 2864 5201 esse
2897 5145 3333 5210 fundamentum,
3367 5154 3423 5200 et
3452 5144 3536 5201 ιιί-

1958 5239 2035 5294 bil
2061 5239 2251 5295 volens
2267 5238 2468 5294 oll‘erre
2493 5249 2696 5294 sanctae
2715 5239 2957 5311 martyri,
2977 5238 3122 5309 quod
3147 5253 3257 5292 non
3285 5247 3538 5308 prompto

1957 5339 2014 5384 et
2031 5330 2196 5385 alacri
2222 5331 2445 5385 daretur
2471 5331 2674 5393 animo,
2705 5340 2806 5385 aut
2823 5330 2968 5402 quod
2990 5339 3145 5387 esset
3161 5339 3430 5385 coactum.
3451 5330 3532 5396 Ex

1959 5423 2064 5478 hoc
2103 5437 2233 5491 ergo
2281 5421 2566 5476 videbatur
2603 5421 2872 5495 malignus
2899 5421 3126 5479 victoria
3157 5424 3364 5494 potitus
3393 5439 3408 5476 :
3440 5423 3543 5480 sed

1958 5515 2078 5569 fuit.
2107 5513 2238 5569 illud
2286 5513 2638 5585 principium,
2672 5530 2781 5584 quo
2815 5515 3018 5570 factum
3060 5524 3167 5581 est,
3203 5523 3265 5570 ut
3301 5515 3537 5569 maxime

1961 5605 2295 5661 vinceretur.
2320 5601 2455 5659 Nam
2490 5606 2652 5672 Deus,
2685 5605 2782 5676 qui
2801 5606 2908 5661 scit
2939 5606 3122 5661 omnia
3151 5606 3435 5660 traducere
3468 5606 3535 5660 ad

1959 5697 2014 5754 id
2036 5697 2183 5769 quod
2204 5705 2288 5754 est
2309 5697 2676 5764 conducibile,
2710 5697 2756 5754 is
2782 5697 3051 5769 providet,
3078 5705 3140 5754 ut
3162 5697 3324 5770 hujus
3341 5697 3418 5753 rei
3443 5711 3536 5754 ex-

1962 5789 2070 5844 itus
2104 5791 2177 5846 sit
2203 5790 2362 5864 longe
2394 5790 2586 5848 melior
2615 5798 2670 5848 et
2699 5790 3028 5864 praeclarior.
3372 5775 3380 5782 ’

271 5880 461 5939 τούτου
495 5881 766 5939 ἀπόϐασιν
795 5883 974 5958 πολλῷ
1009 5885 1292 5960 κρείττονα
1314 5885 1417 5943 καὶ
1461 5886 1846 5960 λαμπροτέραν
1885 5886 2177 5962 οἰκονομεῖ.

2569 6011 2622 6032 δί.
