3886 6488
415 421 516 485 ἑὸὅ

1643 424 1925 486 MENSIS
1962 425 2416 488 JANUARIUS.

3559 427 3663 490 46

484 535 546 587 ν.
580 533 675 587 llic
699 532 841 586 enim
866 532 1174 586 Marcianus
1193 545 1317 586 cum
1342 531 1443 586 hoc
1472 547 1656 587 amore
1688 541 1982 597 teneretur,

2158 533 2236 588 E'.
2277 531 2434 586 Οὕτω
2465 528 2572 600 γὰρ
2606 533 2634 586 ό
2679 533 2995 605 Μαρκιανὸς
3052 535 3276 591 θάλπων
3319 535 3411 591 τὸν
3456 536 3652 606 ἔρωτα,

414 637 466 682 et
497 625 786 695 aliquando
811 633 1116 679 versaretur
1139 625 1193 678 in
1220 625 1463 696 legendis
1483 623 1819 679 orationibus
1838 623 1981 693 ejus,

414 719 504 788 qui
541 728 592 772 et
624 731 896 783 sermone,
924 725 978 770 et
1002 717 1268 782 moribus,
1293 726 1350 772 et
1377 717 1646 786 the010gia
1676 715 1980 785 praeclaris-

413 813 551 866 sime
601 811 830 877 refulsit,
879 811 1163 881 sapientis,
1216 812 1458 881 inquam,
1507 811 1772 882 Gregorii,
1817 819 1874 865 et
1915 809 1982 864 de

415 902 578 970 hujus
617 899 868 970 martyris
909 901 1112 971 templo
1156 899 1537 970 cognovisset.
1585 908 1641 953 ut
1692 900 1783 952 ille
1823 898 1978 963 dicit,

411 999 553 1067 quod
591 996 824 1066 positum
863 995 1083 1066 quidem
1125 1003 1272 1050 esset
1303 994 1357 1048 in
1394 993 1479 1058 iis,
1502 992 1593 1062 qui
1627 991 1840 1046 Domini
1871 989 1980 1045 Ro-

411 1100 523 1144 stra
561 1089 896 1145 vocabantur
939 1103 954 1141 :
1005 1095 1124 1143 erat
1156 1095 1336 1141 autem
1380 1095 1507 1140 tunc
1540 1083 1703 1138 veluti
1737 1081 1980 1152 qumdam

390 1179 569 1236 sedes
605 1179 926 1235 orthodoxis
971 1178 1230 1234 adversus
1262 1176 1516 1231 Arianos.
1558 1174 1692 1230 Cum
1731 1188 1857 1244 ergo
1887 1188 1982 1228 co-

409 1273 688 1344 gnovisset
711 1286 832 1341 qua:
859 1270 946 1324 ille
983 1269 1052 1325 de
1087 1284 1154 1324 eo
1187 1269 1396 1338 templo
1433 1265 1780 1337 praedixerat,
1822 1278 1980 1318 suum

395 1380 626 1436 .grcgcm
661 1363 914 1430 incitans,
944 1371 1000 1418 et
1028 1361 1077 1416 ei
1105 1361 1312 1416 addens
1339 1358 1583 1413 animum
1611 1374 1630 1410 τ
1652 1354 1805 1410 lianc
1837 1355 1983 1409 Ana-

411 1455 633 1510 stasiam
654 1493 670 1518 ,
707 1453 868 1518 hanc,
900 1451 1144 1521 inquam,
1185 1463 1306 1518 quae
1341 1461 1642 1518 cognomen
1675 1444 1886 1515 accepit
1914 1459 1982 1498 ex

410 1544 834 1608 resurrectione,
861 1541 1116 1597 videbitis
1136 1538 1244 1605 (sat
1269 1537 1409 1609 scio)
1438 1533 1753 1604 ampliorem
1779 1542 1834 1589 et
1862 1548 1981 1588 ma-

406 1640 603 1709 jorem.
643 1637 888 1707 Cumque
911 1634 1190 1690 didicisset
1219 1647 1327 1687 non
1363 1631 1481 1686 sine
1510 1629 1603 1684 Dei
1627 1629 1852 1682 numine
1882 1641 1983 1682 nec

411 1737 613 1782 temere
635 1726 954 1796 praedictum
975 1723 1148 1780 fuisse
1179 1739 1209 1778 ει
1233 1737 1430 1792 magno
1455 1721 1548 1776 illo
1568 1720 1687 1774 viro
1729 1719 1850 1790 (etsi
1874 1733 1982 1774 non

410 1819 579 1890 magis
594 1817 908 1888 praedictum
927 1816 1117 1872 fuisset
1128 1815 1194 1870 dc
1213 1814 1433 1886 templo,
1453 1828 1618 1884 quam
1629 1812 1697 1867 de
1712 1810 1935 1883 populo)
1961 1828 1974 1865 :

2085 624 2181 678 καί
2207 639 2338 676 ποτε
2374 624 2486 687 τοῖς
2516 621 2696 692 λόγοις
2724 622 2820 677 τοῦ
2854 625 2948 678 καὶ
2986 626 3166 695 λόγοις
3199 627 3294 680 καὶ
3323 627 3544 698 τρόποις
3567 630 3660 682 καὶ

2083 717 2332 788 θεολογίᾳ
2357 717 2692 789 φαιδρότατα
2748 718 3148 788 διαλάμψαντος
3202 719 3410 788 ὁμιλῶν
3450 720 3658 790 Γρηγο-

2087 807 2225 877 ρίου,
2278 807 2444 878 φημὶ,
2481 807 2578 861 τοῦ
2613 807 2802 878 σοφοῦ,
2837 809 2932 862 καὶ
2960 808 3122 877 γνούς
3160 827 3213 863 τι
3253 810 3500 880 περὶτοῦ
3531 810 3659 865 vast.)

2080 898 2180 969 τῆς
2213 898 2488 970 μάρτυρος
2528 899 2756 971 ταύτης,
2800 900 3007 967 ἐκεῖνός
3036 917 3224 970 φησιν,
3260 900 3317 963 ὃς
3349 900 3526 956 κεῖται
3563 902 3658 972 μέν

2084 992 2142 1044 ἐν
2167 993 2276 1055 τοῖς
2303 989 2447 1044 οὕτω
2472 991 2830 1063 καλουμένοις
2859 992 3116 1062 Δομνίνου
3147 991 3453 1063 Ἐμσόλοις,
3483 993 3661 1046 ὡσπε-

2085 1082 2171 1153 ρεὶ
2211 1081 2270 1135 δὲ
2309 1083 2644 1154 ὁρμητήριον
2672 1084 2791 1136 τότε
2837 1084 2949 1148 τοῖς
2997 1083 3300 1155 όρθοδόξοις
3353 1084 3498 1137 κατά
3549 1084 3658 1137 τῶν

2081 1173 2500 1245 ἀρειανιζόντων
2525 1175 2822 1246 ἐτύγχανεν
2847 1175 2945 1232 ὢν.
2983 1176 3121 1248 Περὶ
3143 1175 3333 1230 τούτου
3363 1177 3540 1232 τοίνυν
3565 1173 3660 1229 τοῦ

2086 1265 2233 1338 ἱεροῦ
2249 1268 2409 1335 γνοὺς
2428 1260 2518 1321 οἷα
2551 1268 2758 1332 ἐκεῖνος
2787 1269 3043 1339 προεῖπε,
3076 1267 3179 1338 τὴν
3201 1265 3398 1322 ἑαυτοῦ
3423 1267 3660 1338 ποίμνην

2082 1358 2486 1429 ἐπιθαργόύνων⁹
2525 1357 2888 1413 ’Λναστασίαν
2903 1359 3129 1431 ταύτην,
3161 1359 3260 1430 τὴν
3283 1361 3383 1430 τῆς
3422 1358 3660 1413 ἀναστά-

2085 1468 2220 1515 σεως
2267 1451 2409 1519 λέγω
2438 1453 2746 1520 ἐπώνυμον,
2786 1448 2982 1521 δψεσθε
3027 1448 3391 1523 πλατυτέραν,
3431 1448 3492 1504 εὖ
3518 1449 3657 1515 οἶδα,

2081 1542 2163 1596 ἔτι
2201 1543 2294 1596 καὶ
2323 1543 2517 1614 μείζω.
2549 1543 2661 1596 Καὶ
2689 1540 2876 1613 μαθὼν
2905 1542 3005 1596 οὐκ
3030 1541 3098 1596 ἀν
3130 1541 3282 1597 ἀθεεὶ
3317 1541 3510 1606 ταῦτα,
3541 1541 3662 1595 οὐδὲ

2083 1636 2212 1700 είκῆ
2243 1654 2318 1707 τῳ
2345 1638 2570 1708 μεγάλῳ
2601 1636 2916 1709 προείρητο,
2943 1637 2992 1689 εί
3016 1636 3110 1690 καὶ
3151 1636 3226 1709 μὴ
3251 1636 3380 1707 περὶ
3406 1635 3498 1688 τοῦ
3529 1633 3660 1687 ναοῦ

2085 1725 2286 1798 μᾶλλον
2316 1729 2349 1798 ἢ
2374 1727 2465 1782 τοῦ
2485 1725 2617 1782 λαοῦ
2643 1727 2949 1799 πρόρρησις
2961 1723 3051 1799 ἦν,
3072 1728 3168 1782 καὶ
3197 1728 3275 1792 ὡς
3301 1730 3330 1782 ὁ
3355 1726 3424 1781 δι’
3445 1727 3660 1780 ἐκείνου

2082 1818 2243 1869 ταυτὶ
2273 1815 2554 1886 προειπὼν
2587 1816 2689 1869 οὐκ
2707 1813 2967 1881 ἀδύνατος
3002 1817 3222 1881 πάντως
3261 1817 3357 1873 καὶ
3386 1818 3466 1880 είς
3500 1818 3662 1887 ἔργον

406 1921 461 1963 et
493 1875 680 1980 utpote
711 1908 855 1978 quod
899 1909 966 1972 is,
998 1906 1092 1977 qui
1121 1921 1220 1978 per
1248 1875 1399 1960 illum
1422 1875 1558 1960 ἰι-ως
1598 1875 1978 1975 praedixisset,

2085 1907 2206 1970 τοὺς
2232 1875 2420 1975 λόγους
2452 1905 2781 1974 ἐξενεγκεῖν,
2814 1875 3032 1962 οὔτεγτδ
3072 1875 3275 1979 πλῆθος
3317 1908 3425 1961 τῶν

408 2010 589 2070 posset
618 2016 833 2072 quoque
855 2000 1020 2056 verba
1047 2000 1103 2054 in
1133 2013 1271 2069 opus
1295 1997 1587 2061 deducere,
1611 2010 1792 2066 neque
1812 2010 1979 2064 repu-

411 2102 530 2147 tans
563 2092 932 2162 impensarum
963 2089 1400 2153 multitudinem,
1439 2089 1617 2158 néque
1641 2085 1784 2157 quod
1811 2087 1982 2158 major

408 2191 553 2236 esset
578 2192 830 2248 conatus,
855 2197 1014 2252 quam
1040 2181 1132 2251 qui
1165 2181 1283 2252 ejus
1307 2179 1515 2235 viribus
1543 2177 1882 2242 conveniret,
1908 2177 1980 2242 ei,

406 2288 526 2341 quae
553 2273 738 2326 omnia
777 2280 978 2342 potest,
1009 2271 1135 2327 ﬁdei
1172 2259 1285 2325 rem
1328 2269 1560 2325 credens
1587 2309 1602 2334 ,
1643 2284 1782 2340 opus
1819 2267 1984 2338 coepit

409 2378 601 2432 urgere
628 2380 642 2415 :
667 2372 723 2418 et
767 2363 898 2418 illud
937 2362 1158 2432 quidem
1204 2362 1385 2416 minus
1417 2369 1474 2416 et
1516 2367 1674 2416 vetus
1722 2359 1984 2421 templum

408 2452 666 2521 relinquit
716 2452 775 2506 in
808 2452 976 2522 priori
1028 2451 1218 2523 ﬁgura,
1252 2458 1314 2505 ut
1356 2451 1434 2507 sic
1466 2451 1723 2506 omnibus
1763 2450 1831 2503 ad
1861 2464 1985 2520 Spe-

409 2545 669 2599 ctandum
699 2545 1059 2615 propositum,
1099 2545 1341 2616 apertius
1381 2559 1542 2615 quam
1573 2543 1756 2614 lingua
1787 2541 1984 2612 praedi-

408 2647 555 2690 caret
577 2636 836 2708 Theologi
868 2636 1210 2706 prophetiam
1231 2652 1246 2689 :
1265 2635 1493 2710 alterum
1509 2643 1691 2690 autem
1717 2633 1770 2687 ei
1786 2631 1986 2686 excitat

409 2728 706 2783 maximum
721 2738 778 2784 et
801 2728 1254 2799 pulcherrimum,
1284 2728 1340 2782 in
1367 2729 1554 2783 orbem
1583 2726 1802 2798 quidem
1824 2724 1990 2781 variis

408 2819 706 2890 porticibus
737 2820 998 2890 atriisque
1030 2827 1087 2875 et
1113 2819 1422 2885 vestibulis,
1447 2833 1570 2889 quae
1593 2817 1680 2872 vel
1701 2826 1830 2872 ante
1860 2825 1992 2871 tem-

407 2910 553 2979 plum
587 2910 888 2984 elegantem
914 2927 1026 2983 prat
1050 2927 1110 2967 se
1136 2911 1321 2968 ferunt
1339 2911 1600 2982 speciem,
1620 2908 1988 2980 comprehen-

407 3003 542 3057 dens
571 3021 586 3056 :
618 3003 670 3057 id
715 3013 899 3060 autem
929 3004 1106 3060 veluti
1147 3005 1437 3074 quamdam
1482 3017 1734 3074 magnam
1778 3001 1991 3056 stellam

410 3093 496 3148 vel
533 3094 740 3159 lunam,
772 3110 802 3148 a
841 3095 1028 3150 multis
1056 3093 1231 3164 iisque
1267 3093 1512 3164 pulchris
1545 3092 1719 3148 stellis
1750 3092 1991 3147 circum-

2084 1995 2271 2068 μάτων
2301 1998 2395 2052 ἐπί⁵
2417 1998 2541 2052 νοῦν
2568 1997 2816 2069 θέμενος,
2847 1997 2962 2052 οὔθ’
2995 1999 3077 2053 ὅτι
3107 1997 3294 2068 μεῖζον
3317 1999 3350 2071 ἢ
3374 1997 3497 2052 καθ’
3528 1999 3662 2051 ἐαυ-

2081 2087 2172 2140 τὸν
2213 2085 2274 2140 τό
2316 2088 2646 2159 ἐγχείρημα,
2687 2090 2754 2160 τῇ
2806 2087 2983 2143 πάντα
3032 2089 3307 2160 δυναμένῃ
3359 2089 3544 2143 πίστει
3599 2090 3662 2143 τὸ

2083 2180 2313 2250 πρᾶγμα
2347 2178 2663 2246 πιστεύσας,
2686 2179 2850 2251 ἔργου
2881 2181 3080 2250 εἴχετο.
3123 2180 3234 2234 Καὶ
3262 2179 3356 2234 τὸν
3387 2182 3486 2251 μέν
3512 2181 3664 2252 ἥττω

2084 2267 2178 2322 καὶ
2206 2268 2435 2321 παλαιὸν
2462 2269 2667 2322 ἐκεῖνον
2692 2271 2820 2324 ναὸν
2849 2265 2943 2322 ἐπὶ
2977 2269 3070 2323 τοῦ
3094 2271 3358 2342 προτέρου
3381 2272 3664 2342 σχήματος

2085 2360 2424 2426 καταλείπει,
2461 2362 2530 2415 ἵν’
2559 2361 2702 2416 οὕτω
2737 2363 2940 2433 μᾶλλον
2974 2362 3054 2426 είς
3087 2361 3214 2416 θέαν
3243 2362 3446 2418 ἀπασιν
3472 2363 3664 2431 κείμε-

2084 2467 2194 2518 νος,
2222 2452 2547 2522 τρανότερον
2591 2451 2625 2524 ἢ
2657 2451 2868 2521 γλῶττα
2903 2451 2998 2505 τοῦ
3029 2451 3296 2520 Θεολόγου
3327 2450 3663 2522 προφητείαν

2085 2543 2460 2615 ἀνακηρύττῃο
2508 2542 2666 2598 ἄλλον
2715 2542 2774 2596 δὲ
2803 2541 2951 2614 αὐτῷ
2988 2542 3263 2615 ἐπεγείρει
3313 2541 3570 2613 μέγιστόν
3601 2559 3663 2595 τε

2087 2635 2182 2690 καὶ
2205 2635 2512 2700 κάλλιπον,
2537 2633 2723 2705 κύκλῳ
2747 2633 2848 2704 μὲν
2875 2635 3059 2697 στοαῖς
3089 2634 3184 2687 καὶ
3215 2633 3484 2696 ποικίλοις
3523 2650 3665 2704 προ-

2087 2728 2291 2792 αυλίοις
2320 2745 2379 2781 τε
2419 2727 2537 2798 ἅμα
2569 2727 2666 2780 καὶ
2693 2724 2982 2795 ὑπαίθροις
3007 2725 3309 2792 διαλαϐὼν,
3341 2724 3543 2796 πολλὴν
3569 2727 3664 2780 καὶ

2087 2822 2195 2894 πρὸ
2225 2819 2318 2874 τοῦ
2363 2819 2494 2874 ναοῦ
2547 2819 2648 2891 τὴν
2688 2818 2839 2891 ὤραν
2883 2819 3366 2891 προϐαλλομένοις,
3414 2821 3579 2892 μέσον
3606 2821 3666 2876 ἃ

2087 2912 2253 2970 αὑτὸν
2305 2911 2595 2981 ἀνεγείρας
2637 2911 2800 2966 οἱονεὶ
2857 2912 3032 2982 μέγαν
3086 2911 3294 2984 ἀστέρα
3345 2913 3378 2983 ἢ
3433 2914 3664 2986 σελήνην

2089 3003 2278 3075 αὐτὴν,
2302 3002 2518 3066 πολλοῖς
2541 3003 2637 3056 καὶ
2666 3003 2852 3066 καλοῖς
2881 3003 3103 3076 ἄστροις
3133 3005 3661 3077 περικυκλούμενον.

2089 3089 2194 3150 υἷα
2228 3096 2334 3167 γάρ
2357 3095 2520 3150 αὑτὸν
2548 3096 2646 3149 καὶ
2689 3095 3078 3167 περιειλήφασι
3118 3095 3314 3168 κάλλη,
3346 3098 3543 3152 κιόνων
3568 3099 3666 3151 αύ-

408 3186 618 3250 datam,
647 3186 702 3240 in
732 3186 911 3242 medio
950 3185 1184 3257 erigens.
1209 3185 1395 3253 Qualis
1439 3184 1586 3238 enim
1621 3183 1675 3238 id
1706 3184 1982 3253 complexa

2089 3189 2188 3258 γαὶ
2211 3188 2304 3242 καὶ
2319 3187 2500 3257 χροιαὶ
2524 3186 2621 3242 καὶ
2649 3187 2898 3259 μέγεθος,
2921 3187 3085 3242 λίθων
3109 3205 3170 3242 τε
3199 3189 3545 3259 στιλπνότης,
3573 3191 3667 3244 καὶ

408 3277 480 3331 sit
509 3277 874 3346 pulchritudo,
895 3277 1274 3332 columnarum
1305 3274 1647 3346 splendores,
1670 3283 1727 3328 et
1748 3273 1982 3341 colores,

407 3373 465 3421 ct
487 3366 819 3438 magnitudo,
839 3367 1184 3438 lapidumque
1205 3365 1397 3437 fulgor,
1411 3371 1467 3418 et
1485 3363 1702 3421 claritas
1723 3363 1980 3430 materiis,

409 3474 604 3514 aurum
630 3469 834 3515 tectum
871 3475 1034 3531 supra
1061 3459 1359 3525 illustrans,
1397 3466 1459 3512 ut
1490 3457 1691 3528 ubique
1725 3455 1981 3527 picturae,

409 3566 530 3620 quae
558 3552 692 3606 artis
720 3553 938 3622 quidem
977 3551 1311 3622 perfectione
1355 3558 1569 3605 mentes
1613 3546 1984 3619 obstupefaci-

411 3653 530 3708 unt,
589 3644 774 3700 oeulos
819 3654 1002 3700 autem
1051 3644 1363 3700 demulceut
1404 3643 1667 3698 varietate
1718 3641 1980 3697 materiae.

409 3736 531 3790 1am
562 3751 690 3790 vero
736 3735 954 3791 demum
998 3736 1326 3791 veneranda:
1388 3733 1839 3800 illuminationis,
1891 3742 1984 3788 aut

409 3845 533 3883 eam
559 3844 679 3899 quae
702 3837 786 3884 est
811 3827 1104 3883 constituta
1131 3828 1196 3881 ad
1225 3827 1539 3896 reponenda
1577 3841 1728 3880 sacra
1768 3840 1896 3880 vasa
1929 3833 1986 3879 ct

409 3919 657 3985 donaria,
682 3918 956 3988 quomodo
989 3918 1114 3987 quis
1140 3919 1350 3982 dicens,
1396 3933 1507 3972 non
1546 3917 1726 3973 minus
1763 3915 1980 3982 dixerit,

413 4023 576 4078 quam
643 4008 884 4078 postulet
927 4023 1156 4078 operum
1201 4007 1468 4079 dignitas?
1507 4007 1752 4079 Ipsorum
1803 4019 1982 4063 autem

411 4114 668 4156 vasorum
724 4099 1151 4165 multitudinem,
1195 4109 1289 4154 aut
1332 4100 1640 4165 materiam,
1685 4107 1778 4153 aut
1808 4109 1982 4154 artem

411 4189 506 4261 qui
550 4191 696 4246 volet
727 4190 974 4246 oratione
1023 4189 1299 4260 persequi,
1346 4189 1483 4244 sciet
1527 4189 1774 4257 omnino,
1810 4205 1869 4245 se
1917 4206 1981 4245 ea

411 4283 592 4340 solum
643 4283 832 4338 mirari
885 4297 1068 4354 posse,
1104 4298 1215 4337 non
1269 4283 1451 4354 lingua
1482 4281 1808 4352 exprimere.
1834 4282 1985 4339 Adeo

411 4383 542 4430 sunt
573 4375 755 4430 omnia
778 4383 932 4444 aeque
960 4374 1309 4441 excellentia,
1332 4383 1394 4429 ut
1419 4371 1633 4430 etiamsi
1663 4389 1824 4428 nemo
1848 4389 1986 4445 pra:-

311 4484 313 4487 ·
413 4467 636 4534 dixerit,
665 4467 748 4523 vel
784 4483 851 4523 ex
879 4469 982 4524 hoc
1009 4469 1182 4538 possit
1203 4482 1326 4523 esse
1365 4465 1716 4522 manifestum
1745 4467 1982 4523 videnti-

409 4562 534 4626 bus,
559 4562 702 4631 quod
733 4576 798 4617 ea
846 4571 1030 4617 mente
1063 4560 1243 4616 divina
1289 4571 1698 4632 processerunt,
1727 4569 1783 4618 et
1812 4577 1981 4616 manu
2013 4545 2061 4604 D

408 4652 590 4708 divina
622 4668 781 4723 opem
815 4651 1028 4709 ferente
1054 4669 1085 4708 e
1115 4654 1350 4725 superis.

479 4744 568 4800 Vl.
609 4743 874 4801 Omnibus
906 4753 1088 4801 autem
1116 4745 1585 4813 convenientibus,
1611 4745 1739 4801 novi
1761 4747 1980 4816 quidem

2086 3278 2219 3350 ὕλης
2248 3277 2597 3350 λαμπρότης,
2637 3279 2838 3350 χρυσὸς
2865 3278 2979 3334 ἀνω
3011 3279 3390 3351 καταλάμπων
3421 3279 3520 3351 τὴν
3549 3281 3668 3351 ὀρθ·

2084 3369 2212 3444 φῆν,
2234 3370 2329 3425 καὶ
2347 3371 2560 3441 γραφαὶ
2581 3369 2882 3443 πανταχοῦ,
2913 3373 3110 3442 τέχνης
3131 3372 3229 3443 μὲν
3251 3371 3507 3444 ἀκριϐείᾳ
3527 3375 3667 3443 φρέ-

2083 3479 2180 3528 νας
2209 3463 2644 3535 ὲκπλήττουσαι,
2690 3462 2824 3534 ὕλης
2853 3462 2909 3517 δὲ
2930 3463 3172 3534 ποικιλίᾳ
3192 3464 3321 3527 τοὺς
3351 3463 3667 3533 ὀφθαλμοὺς

2085 3555 2391 3627 θέλγουσαι.
2433 3556 2538 3612 Τόν
2578 3574 2643 3628 γε
2690 3557 2800 3629 μὴν
2837 3555 2928 3612 τοῦ
2966 3557 3164 3611 σεπτοῦ
3202 3557 3553 3627 φωτίσματος
3580 3552 3666 3610 οῖ-

2084 3664 2202 3713 κον,
2244 3649 2279 3720 ἢ
2307 3649 2472 3705 αὐτὸν
2501 3649 2594 3706 τὸν
2635 3651 2771 3722 πρὸς
2797 3650 3058 3706 ἀπόθεσιν
3101 3650 3210 3704 τῶν
3242 3650 3404 3721 ίερῶν
3445 3649 3663 3704 σκευῶν

2083 3740 2180 3794 καὶ
2207 3739 2596 3811 ἀναθημάτων,
2638 3743 2754 3806 πῶς
2796 3743 2862 3798 ἀν
2882 3759 2966 3806 τις
3012 3745 3182 3795 εἰπὼν
3207 3741 3376 3806 ἀξίως
3397 3742 3541 3795 είποι
3571 3745 3668 3796 καὶ

2083 3832 2195 3887 τῶν
2230 3822 2407 3905 ἔργων
2438 3835 2538 3890 οὐκ
2575 3834 2808 3902 ἐνδεῶς;
2858 3835 3048 3890 Αὐτῶν
3085 3835 3141 3889 δέ
3195 3837 3304 3891 τῶν
3350 3836 3562 3890 σκευῶν
3601 3838 3666 3890 τὸ

2084 3922 2377 3994 πλῆθος,ἢ
2417 3923 2515 3996 τὴν
2559 3925 2711 3998 ὕλην,
2756 3926 2916 3998 ἣτὴν
2965 3927 3180 3997 τέχνην,
3227 3927 3354 3997 ὃ-γε
3403 3927 3666 3994 διεξιέναι

2085 4014 2412 4087 βουλόμενος
2440 4017 2646 4072 εἵσεται
2672 4020 2891 4083 πάντως
2909 4021 2993 4075 ὅτι
3015 4018 3318 4090 θαυμάζειν
3351 4019 3512 4091 μόνον
3553 4022 3667 4075 είσὶ

2087 4107 2284 4174 ταῦτα,
2334 4108 2457 4179 οὐχὶ
2509 4109 2606 4165 καὶ
2655 4110 2870 4184 γλώττῃ
2922 4112 3124 4167 δυνατά
3178 4111 3453 4182 λέγεσθαι.
3504 4111 3667 4166 Οὕτω

2084 4198 2263 4254 πάντα
2287 4199 2484 4271 ἐπίσης
2514 4201 2789 4272 ὑπερφυᾶ,
2843 4203 2984 4258 ὥστε
3035 4202 3248 4275 καὶμὴ
3297 4204 3660 4274 προειπόντος

2087 4291 2316 4363 μηδενὸς
2343 4293 2572 4348 αὐτόθεν
2603 4291 2742 4349 εῐναι
2769 4297 2881 4359 τοῖς
2912 4297 3084 4368 ὁρῶσι
3133 4299 3324 4366 σαφὲς,
3355 4298 3436 4351 ὅτι
3466 4296 3665 4368 γνώμῃ

2084 4381 2220 4438 θεοῦ
2247 4383 2423 4440 ταῦτα
2452 4385 2683 4459 προέϐη,
2719 4387 2815 4442 καὶ
2843 4388 2995 4455 θείας
3026 4388 3234 4445 ἀνωθεν
3256 4388 3439 4461 χειρὸς
3472 4405 3669 4462 συνερ-

2086 4476 2316 4548 γούσης.

2153 4747 2244 4814 ς’.
2273 4748 2498 4800 Πάντων
2525 4742 2618 4799 οὖν
2643 4745 3026 4812 συνελθόντων,
3052 4746 3241 4817 ὥσπερ
3269 4747 3439 4813 εἰκὸς,
3471 4749 3665 4816 ἐγκαί-

409 4836 596 4905 templi
615 4837 715 4906 (8),
741 4845 804 4893 ut
823 4852 922 4907 par
950 4845 1056 4901 est,
1081 4837 1324 4893 encaenia
1343 4836 1848 4902 celebrabantur,et
1866 4838 1982 4894 dies

2085 4856 2170 4894 νια
2203 4840 2302 4910 μὲν
2333 4836 2430 4891 τοῦ
2456 4835 2644 4893 καινοῦ
2671 4838 2860 4892 τούτου
2897 4839 3027 4894 ναοῦ
3065 4840 3251 4912 ἤγετο.
3279 4834 3420 4894 ’Καὶ
3470 4841 3662 4912 ἡμέρα

407 4942 627 4998 quoque
666 4943 775 4998 quo
818 4928 935 4999 ipsa
986 4939 1192 5000 martyr
1242 4939 1520 4986 Certamen
1563 4932 1982 4998 consummavit,

408 5020 550 5090 ipso,
602 5020 844 5091 inquam,
894 5021 1214 5077 Decembre.
1246 5021 1522 5078 Vocabant
1576 5030 1758 5079 autem
1798 5039 1976 5081 encae-

407 5111 498 5165 nia
524 5110 600 5180 (9i
626 5121 682 5166 et
709 5110 900 5168 ﬁdeles
919 5111 1276 5183 imperatores
1297 5123 1353 5169 et
1383 5129 1598 5169 sacrum
1623 5123 1896 5180 senatum,
1923 5124 1979 5170 et

411 5202 726 5258 universam
776 5203 860 5276 (ut
909 5205 1081 5261 semel
1100 5205 1300 5277 dicam)
1344 5204 1641 5261 civitatem.
1683 5206 1980 5278 Oportebat

408 5303 615 5359 autem,
649 5295 743 5366 qui
773 5296 993 5361 latebat,
1015 5295 1358 5353 Marcianum
1396 5311 1461 5352 eo
1490 5298 1578 5354 die
1602 5298 1774 5354 videri
1805 5297 1980 5369 qualis

410 5394 557 5442 esset
593 5388 856 5455 moribus,
891 5389 1069 5458 qualis
1109 5389 1312 5445 virtute
1350 5397 1402 5444 et
1432 5398 1691 5460 quantum
1739 5404 1799 5445 se
1839 5389 1977 5443 ultra

410 5476 664 5532 mandata
719 5478 1064 5534 extendebat.
1105 5476 1406 5533 Namcum
1455 5487 1568 5533 tota
1620 5487 1980 5534 concurreret

410 5567 600 5622 civitas
631 5576 688 5624 et
715 5579 936 5640 egentes
963 5584 1071 5626 una
1099 5584 1224 5626 cum
1256 5583 1320 5624 ea
1356 5567 1591 5640 quodam
1621 5577 1781 5638 pacto
1810 5576 1978 5622 attra-

2085 4931 2207 4985 καθ’
2241 4930 2309 5002 ἢν
2339 4930 2433 4983 καὶ
2481 4930 2516 4999 ὴ
2570 4929 2781 5001 μάρτυς
2829 4931 3064 4987 ἐτελείου
3108 4932 3210 5004 τὴν
3246 4931 3496 5002 ἄθλησιν,
3537 4931 3664 4985 κατ’

2083 5021 2268 5088 αὐτὸν,
2302 5021 2468 5092 φημὶ,
2501 5021 2590 5075 τὸν
2607 5023 2960 5095 Δεκέμϐριον.
2997 5024 3209 5080 Ἐκάλει
3229 5024 3287 5078 δὲ
3315 5022 3381 5078 τὰ
3410 5025 3670 5093 ἐγκαίνια

2086 5117 2182 5170 καὶ
2214 5116 2342 5178 τοὺς
2371 5116 2600 5180 πιστοὺς
2629 5114 2894 5187 βασιλεῖς,
2947 5117 3044 5171 καὶ⁵
3093 5118 3191 5190 τὴν
3249 5117 3403 5189 ἱερὰν
3438 5116 3668 5186 βουλὴν,

2085 5207 2182 5261 καὶ
2199 5207 2298 5276 τὴν
2331 5207 2508 5275 πόλιν,
2541 5206 2619 5272 ὡς
2641 5209 2814 5263 εἰπεῖν
2851 5208 3094 5264 ἃπασαν.
3166 5209 3316 5263 Ἔδει
3345 5207 3404 5263 δέ
3431 5208 3544 5280 ἄρα
3571 5209 3675 5263 καὶ

2083 5297 2405 5370 Μαρκιανὸν
2458 5295 2834 5371 κρυπτόμενον
2877 5301 2999 5354 κατ’
3055 5301 3227 5370 αὐτὴν
3280 5299 3516 5370 ὀφθῆναι
3563 5300 3671 5371 τὴν

2084 5388 2320 5459 ἡμέραν,
2366 5382 2478 5452 οἷος
2505 5389 2597 5442 τὸν
2635 5388 2838 5460 τρόπον
2878 5383 2970 5459 ἦν,
3011 5383 3123 5454 οἷος
3154 5388 3254 5460 τὴν
3283 5387 3514 5460 ἀρετὴν,
3573 5389 3674 5441 καὶ

2083 5478 2186 5547 τῆς
2207 5478 2428 5547 ἐντολῆς
2466 5477 2626 5532 πλέον
2665 5479 3132 5550 ἐπεκτεινόμενος.
3167 5481 3279 5550 Τῆς
3310 5479 3420 5550 γάρ
3455 5479 3521 5549 δὴ
3569 5480 3672 5532 πό-

2085 5567 2223 5630 λεως
2251 5569 2660 5642 συντρεχούσης
2679 5570 2882 5642 πάσης,
2920 5572 3016 5626 καὶ
3047 5571 3154 5627 τῶν
3178 5572 3449 5643 δεομένων
3472 5569 3673 5642 ὥσπερ

488 5769 562 5844 (ξ)
605 5771 895 5844 Dedicatur
925 5775 1181 5844 templum
1206 5784 1407 5829 sanctae
1434 5773 1742 5830 Athanasius
1765 5789 1856 5828 an.
1883 5771 2002 5838 4-59,
2046 5783 2104 5828 ut
2128 5774 2287 5830 habet
2319 5775 2600 5832 Bal-unius.

487 5841 563 5912 (9)
605 5841 684 5896 Ad
705 5841 976 5910 Enca’uia,
1006 5841 1132 5916 legit
1164 5844 1445 5900 Baronius.
