3886 6472
324 409 420 472 437

1303 406 1479 467 VITA
1517 406 1576 466 S.
1623 405 2002 466 MARCIANI
2043 405 2540 467 PRESBYTERI.

3455 395 3564 460 438

322 534 454 600 αὐτῇ
493 525 992 595 συνεφελκομένων,
1025 524 1193 595 πένης
1218 543 1304 590 τις
1330 525 1642 596 προσελθὼν
1673 525 1750 596 τῷ
1773 543 1898 596 γεν-

2017 535 2284 592 terentur,
2313 541 2520 596 pauper
2547 522 2769 595 quidam
2794 519 3062 578 accedens
3090 517 3158 575 ad
3201 517 3349 574 hunc
3393 514 3571 571 virum

321 619 475 688 ναίω,
506 619 622 689 (καὶ
647 618 756 684 γάρ
784 616 1104 688 ἐκζητοῦσιν
1125 609 1274 670 οῦτοι
1305 617 1403 671 καὶ
1438 617 1772 689 μανθάνουσι
1791 617 1892 680 τὰς

321 708 743 779 φιλανθρώπους
791 707 968 779 ψυχάς
1020 708 1177 762 οὐδὲν
1223 705 1387 782 ἦττον
1429 709 1463 780 ἦ
1510 710 1638 773 τοὺς
1680 711 1893 780 ἰατροὺς

318 803 365 852 οἱ
400 799 746 870 κάμνοντεςγ
795 799 1110 870 προσελθὼν
1141 801 1233 854 οὖν
1255 801 1454 872 έϐλεψέ
1491 819 1552 855 τε
1608 802 1744 872 πρὸς
1795 802 1895 874 τὴν

322 892 482 946 αὑτοῦ
526 890 730 956 δεξιὰν,
769 894 866 945 καὶ
896 892 1016 964 ᾔτει
1052 892 1309 960 δέξασθαί
1349 911 1403 946 τι
1432 893 1528 948 τοῦ
1560 893 1721 964 λιμοῦ
1751 894 1894 964 φάρ-

325 999 566 1050 μακον...
613 983 672 1036 Ὀ
697 983 754 1035 δὲ
799 982 915 1055 (καὶ
947 983 1056 1054 γὰρ
1089 979 1158 1055 ἦν
1218 984 1338 1038 τότε
1377 984 1516 1055 πρὸς
1567 985 1666 1054 μὲν
1696 983 1895 1038 κόλπον

319 1072 500 1142 φέρων
533 1071 707 1136 οὐδὲν,
765 1073 898 1126 εἴσω
931 1073 990 1126 δὲ
1036 1073 1136 1144 τῆς
1182 1072 1364 1144 ψυχῆς
1421 1074 1644 1127 κόλπων
1694 1073 1896 1143 πολλὴν

319 1165 484 1226 ὅντως
517 1163 866 1236 χρηστότητα
893 1165 986 1218 καὶ
1013 1165 1426 1234 μυσταγωγίαν)
1457 1167 1522 1218 ὲκ
1557 1164 1726 1236 μέσου
1757 1165 1896 1218 πάν⁴

321 1274 425 1310 των
477 1256 769 1326 γενόμενος
795 1297 810 1321 ,
849 1258 944 1311 καὶ
991 1257 1068 1320 ὡς
1117 1257 1352 1327 μάλιστα
1410 1255 1743 1312 λανθάνοντά
1791 1273 1894 1309 που

317 1350 483 1404 τόπον
524 1348 1020 1420 περιϐλεψάμενος,
1063 1348 1329 1420 ἐτύγχανε
1360 1349 1417 1402 δὲ
1448 1347 1627 1425 οὐδενὶ
1673 1347 1820 1418 ἄλλῳ
1861 1346 1894 1418 ἢ

319 1443 403 1494 ἑνὶ
438 1441 626 1511 χιτῶνι
675 1441 1036 1512 σκεπόμενος,
1082 1441 1219 1512 ὅπερ
1247 1441 1344 1494 καὶ
1377 1439 1607 1510 σύνηθες
1632 1439 1780 1510 αὐτῷ
1809 1437 1898 1492 διὰ

322 1536 437 1602 βίου
461 1533 579 1586 δυσὶ
615 1531 691 1605 μὴ
717 1533 1033 1604 χρήσασθαι
1064 1534 1328 1604 ἱματίοις·
1373 1531 1548 1596 οὓτως
1574 1531 1666 1586 οῦν
1699 1532 1839 1602 ἔχων
1867 1531 1898 1583 6

319 1625 460 1684 θεῖος
506 1621 666 1694 ἀνὴρ,
715 1623 894 1680 καίτοι
947 1625 1077 1693 ῥᾷον
1115 1621 1177 1675 δν
1219 1623 1510 1692 ἀπολογία,
1555 1620 1652 1675 τοῦ
1687 1622 1898 1686 ινδεοῦς

320 1714 418 1784 τὴν
468 1714 709 1768 ἱκετείαν
760 1713 1196 1784 ἀφοσιώσασθαι,
1257 1715 1382 1768 ἐπεὶ
1439 1714 1532 1768 καὶ
1582 1713 1676 1768 τοῦ
1733 1714 1900 1786 μηδὲν

315 1803 628 1872 ἐπάγεσθαι
679 1803 964 1875 μάρτυρας
1009 1799 1133 1878 ¹εἶχε
1188 1804 1314 1866 τοὺς
1370 1801 1550 1856 πάντα
1604 1801 1900 1872 βλέποντας

1997 619 2273 689 egregium
2307 618 2365 688 (ii
2403 617 2548 672 enim
2588 615 2881 685 exquirunt
2912 627 2978 668 ac
3003 607 3494 679 discuntbenignas
3519 616 3574 660 et

1999 709 2296 764 clementes
2317 708 2549 772 animas,
2577 722 2687 760 non
2713 720 2874 760 secus
2897 714 3060 773 atque
3085 703 3144 767 ii,
3171 701 3266 772 qui
3300 700 3570 759 laborant,

1997 797 2280 868 medicos),
2302 797 2570 853 accedens
2587 812 2738 866 ergo,
2772 795 3013 865 respexit
3033 793 3102 848 ad
3132 793 3250 864 ejus
3270 789 3571 849 dexteram,

1999 900 2057 948 et
2083 891 2236 962 petiit
2267 899 2326 946 ut
2359 890 2632 959 acciperet
2658 886 2879 958 aliquod
2908 885 3365 941 medicamentum
3392 880 3569 934 famis.

2001 982 2095 1038 llle
2127 991 2306 1038 autem
2357 983 2509 1050 (tunc
2540 980 2687 1036 enim
2732 977 2867 1033 nihil
2901 976 3146 1048 gestabat
3194 975 3248 1028 in
3285 973 3432 1035 sinu,
3480 973 3572 1026 sed

2003 1089 2192 1130 revera
2245 1073 2481 1128 habebat
2529 1071 2672 1126 intra
2722 1070 2918 1125 anima:
2962 1068 3142 1122 sinum
3183 1064 3576 1135 benignitatem

2003 1163 2230 1216 multam
2261 1171 2318 1217 et
2337 1160 2702 1225 clementiam,
2733 1176 2859 1216 cum
2886 1165 3129 1214 remotus
3155 1156 3348 1212 fuisset
3369 1154 3439 1211 ab
3468 1169 3583 1210 om-

2001 1251 2184 1317 nibus,
2213 1262 2269 1308 et
2308 1252 2487 1308 locum
2534 1251 2842 1322 aspexisset
2881 1248 3040 1305 valde
3085 1247 3382 1312 latentem,
3428 1244 3578 1299 nullo

2001 1354 2182 1400 autem
2213 1344 2341 1410 alio,
2365 1343 2470 1400 nisi
2501 1359 2609 1399 una
2640 1352 2915 1414 tegeretur
2941 1341 3146 1406 tunica,
3185 1339 3331 1409 quod
3356 1338 3578 1408 quidem

2002 1437 2103 1492 fuit
2133 1437 2180 1492 ei
2218 1445 2328 1492 tota
2375 1436 2484 1492 vita
2535 1433 2800 1490 familiare
2831 1443 2891 1490 ut
2921 1433 3135 1490 duabus
3171 1447 3283 1487 non
3333 1439 3580 1485 uteretur

2004 1529 2206 1584 tunicis
2235 1546 2248 1583 :
2273 1543 2402 1583 cum
2431 1528 2511 1584 sic
2540 1543 2600 1584 se
2629 1527 2858 1584 haberet
2885 1526 2968 1583 vir
3000 1525 3242 1589 divinus,
3282 1523 3386 1579 etsi
3412 1523 3574 1578 facile

2002 1628 2120 1677 erat
2136 1619 2446 1676 excusando
2467 1628 2783 1690 egestatem,
2809 1618 3074 1690 repellere
3103 1615 3576 1686 supplicationem:

2003 1725 2131 1765 nam
2155 1710 2301 1780 quod
2330 1709 2465 1764 nihil
2496 1709 2766 1778 portabat,
2806 1717 2974 1764 testes
3003 1706 3240 1764 habebat
3267 1720 3460 1760 omnes
3493 1705 3579 1759 in-

2007 1809 2224 1857 tuentes
2249 1802 2461 1858 oculos.
2493 1801 2610 1865 Ille,
2643 1783 2972 1871 perinde/ac
3005 1800 3050 1856 si
3090 1816 3202 1855 non
3231 1799 3427 1862 daret,
3461 1799 3578 1853 fieri

317 1894 632 1966 ὀφθαλμούς
659 1907 674 1922 ·
725 1896 934 1956 ἐκεῖνος
976 1892 1167 1965 ῶσπερ
1213 1893 1314 1946 οὐκ
1370 1893 1548 1954 ἄλλως
1595 1891 1656 1945 ὃν
1683 1932 1699 1959 ,
1745 1891 1905 1962 εἰμὴ

2017 1907 2117 1947 non
2149 1903 2352 1962 posset,
2385 1901 2445 1947 ut
2471 1907 2581 1946 non
2613 1892 2724 1946 Deo
2753 1890 2973 1946 aﬂerret
3007 1890 3336 1954 molestiam,
3365 1904 3490 1944 cum
3523 1904 3582 1943 se

319 1986 460 2054 δοίη,
493 1985 734 2054 λυπῆσαι
781 1984 936 2052 Θεὸν,
979 1983 1077 2038 καὶ
1133 1982 1305 2054 αὐτὴν
1338 1983 1435 2053 τὴν
1467 1982 1673 2054 ἐσθῆτα
1707 1983 1773 2054 ἣν
1806 1983 1904 2052 μό·-

317 2094 418 2147 νην
437 2093 504 2128 πε
513 2077 829 2147 ριεϐέϐλητο
848 2076 1055 2139 ἀποδὺς
1084 2075 1162 2147 τῷ
1180 2074 1416 2146 δεομένῳ
1437 2074 1732 2145 προθύμως
1751 2073 1904 2128 δίδω-

321 2186 396 2231 σι,
423 2169 514 2222 καὶ
532 2168 718 2222 λοιπὸν
746 2169 1028 2239 ἱερατικὴν
1046 2167 1237 2238 στολὴν
1255 2161 1366 2236 εἶχε
1393 2166 1560 2236 μόνην
1580 2165 1778 2219 καὶτὸν
1804 2181 1904 2234 φε-

320 2259 498 2331 λώνην
514 2261 574 2313 τὸ
605 2260 764 2330 σῶμα
795 2259 1131 2330 κρύπτοντα,
1152 2258 1212 2312 ὃν
1241 2260 1332 2312 καὶ
1346 2257 1688 2328 πανταχόθεν
1719 2255 1907 2310 συνέλο

322 2370 436 2406 κων
481 2349 557 2416 ώς
595 2347 704 2406 οἷόν
747 2369 804 2405 τε
839 2351 1023 2405 λαθεῖν
1078 2351 1362 2416 ἔσπευδεν,
1428 2351 1523 2405 καὶ
1572 2351 1634 2404 τὸ
1683 2349 1906 2419 γεγονὸς

322 2442 523 2512 ἄδηλον
566 2442 782 2497 πάντων
809 2443 980 2496 θεῖναι
1018 2445 1128 2506 τοῖς
1161 2441 1481 2513 ὀφθαλμοῖς.

396 2532 472 2587 Z'.
517 2534 678 2589 Ἐπεὶ
711 2535 769 2588 δὲ
832 2535 928 2588 καὶ
969 2534 1032 2588 τὸ
1075 2534 1222 2606 ἱερὸν
1277 2535 1472 2598 αὐτοὺς
1529 2535 1678 2589 ἔνδον
1737 2531 1905 2606 εἶχεν,

324 2626 475 2696 αὖτῷ
503 2626 560 2679 δὲ
587 2626 688 2696 τὴν
733 2627 885 2680 θείαν
933 2627 1280 2696 ίερολογῆσαι
1325 2630 1720 2699 μυσταγωγίαν
1743 2631 1770 2684 6
1797 2629 1908 2683 τῶν

330 2718 527 2790 ἱερέων
553 2717 770 2788 πρῶτος
790 2719 1116 2790 ἐπέτρεπεν,
1140 2720 1169 2772 6
1195 2720 1294 2790 μὲν
1323 2721 1525 2789 ὁμοίως
1545 2719 1638 2774 τὸν
1663 2718 1910 2791 φελώνην

329 2809 536 2880 συνῆγέ
567 2827 628 2864 τε
659 2810 756 2864 καὶ
808 2811 1172 2878 συνέπτυσσε,
1205 2811 1412 2876 λαθεῖν,
1452 2811 1528 2876 ὡς
1573 2812 1806 2883 ἔφημεν,
1848 2812 1911 2864 τὸ

328 2902 567 2970 πρᾶγμα
603 2899 942 2963 σπουδάζων.
975 2902 1037 2955 Ol
1063 2902 1120 2955 δέ
1157 2917 1220 2969 γε
1275 2900 1654 2973 παρεστῶτες,
1691 2901 1785 2956 καὶ
1815 2901 1912 2956 σὺν

326 2993 513 3055 αὐτοῖς
532 2991 561 3044 6
590 2991 909 3062 ἀρχιερεὺς,
948 2993 1074 3056 τοὺς
1103 2993 1418 3065 ὀφθαλμοὺς
1453 2993 1602 3064 αὐτῷ
1620 2992 1911 3064 προσερείο

2005 2000 2070 2041 ca
2104 1985 2244 2055 ipsa,
2269 2001 2376 2055 qua
2413 1985 2528 2040 sola
2569 1985 2792 2040 indutus
2824 1993 2963 2050 erat,
2982 1984 3146 2040 ‘veste
3187 1983 3445 2047 exuisset,
3488 1982 3582 2037 dat

2005 2077 2184 2148 egenti
2214 2084 2464 2147 prompto
2503 2085 2560 2132 et
2590 2076 2754 2132 alacri
2810 2077 2995 2132 animo
3031 2093 3045 2129 :
3079 2086 3134 2131 et
3159 2074 3227 2131 de
3251 2083 3450 2130 cetero
3492 2073 3563 2129 ha

2004 2169 2169 2225 bebat
2202 2169 2372 2224 solam
2401 2177 2611 2224 vestem
2651 2168 3062 2232 sacerdotalem,
3087 2177 3143 2222 et
3161 2167 3437 2238 penulam,
3461 2181 3582 2235 qua:
3689 2232 3694 2236 δ

2005 2276 2206 2331 corpus
2227 2261 2568 2333 contegebat,
2594 2275 2757 2330 quam
2780 2260 2944 2315 etiam
2978 2259 3328 2329 undiquaque
3359 2267 3573 2313 contra-

2008 2353 2172 2421 heus,
2205 2353 2459 2424 cupiebat
2496 2362 2759 2424 quantum
2793 2352 2908 2408 fieri
2950 2359 3190 2422 poterat,
3222 2351 3411 2415 latere,
3442 2357 3498 2405 et
3529 2347 3582 2403 id

2008 2443 2155 2514 quod
2190 2443 2391 2499 factum
2423 2443 2604 2499 fuerat
2636 2443 2878 2498 omnium
2903 2442 3082 2498 celare
3107 2441 3318 2497 oculos.

2078 2534 2192 2590 Vll.
2224 2535 2516 2606 Postquam
2540 2544 2721 2590 autem
2751 2535 2973 2590 fuerunt
2998 2534 3139 2590 intra
3157 2534 3330 2589 aedem
3354 2548 3583 2596 sacram,

2008 2627 2059 2684 ei
2074 2637 2256 2683 autem
2281 2628 2526 2683 divinum
2545 2627 2822 2683 celebrare
2839 2644 2893 2682 sa
2903 2626 3166 2682 orificium
3186 2626 3350 2696 jussit
3377 2626 3586 2695 primus

2009 2717 2351 2772 sacerdotum
2387 2733 2400 2769 :
2430 2717 2519 2772 ille
2546 2717 2766 2788 quidem
2799 2717 3055 2786 penulam
3092 2715 3345 2770 similiter
3369 2723 3583 2770 contra-

2011 2810 2176 2865 hebat
2198 2818 2250 2866 et
2291 2809 2672 2880 complicabat,
2707 2809 2956 2879 cupiens,
2990 2816 3052 2862 ut
3077 2807 3332 2872 diximus,
3364 2822 3477 2860 rem
3508 2807 3586 2861 la-

2012 2909 2149 2959 tere.
2181 2899 2285 2967 Qui
2313 2908 2496 2955 autem
2524 2899 2778 2964 aderant,
2814 2906 2870 2953 et
2908 2913 3016 2952 una
3045 2912 3172 2951 cum
3205 2897 3286 2952 eis
3321 2895 3568 2966 pontifex

2013 3007 2138 3047 cum
2170 2992 2358 3048 oculos
2385 2991 2444 3046 in
2468 3005 2595 3046 eum
2625 2989 2962 3057 defixissent,
2986 2988 3172 3044 vident
3193 2988 3465 3059 quoddam
3495 3002 3585 3044 no-

329 3101 525 3148 σαντες
553 3083 722 3154 όρῶσι
755 3083 940 3153 θαῦμά
968 3101 1022 3137 τι
1073 3085 1258 3138 καινὸν
1309 3084 1406 3141 καὶ
1448 3084 1789 3156 ἀπόρρητον,
1818 3086 1910 3138 καὶ

2017 3103 2144 3143 vum
2198 3096 2254 3143 et
2297 3102 2558 3143 arcanum
2591 3085 2950 3150 miraculum,
2987 3093 3044 3140 et
3087 3083 3484 3155 propemodum
3526 3081 3592 3138 iis

330 3178 520 3246 σχεδὸν
544 3178 728 3240 αὐτοῖς
763 3176 945 3248 μόνοις
976 3179 1170 3231 πιστὸν
1218 3179 1333 3242 τοῖς
1380 3177 1740 3249 θεασαμένοις
1765 3195 1780 3211 ο
1813 3177 1911 3250 βα-

332 3272 546 3342 σιλικήν
585 3287 707 3324 τινα
738 3271 930 3340 στολὴν
989 3270 1234 3338 ὲξαισίαν
1261 3270 1360 3324 καὶ
1410 3272 1620 3342 χρυσίῳ
1662 3269 1908 3342 λαμπρῷ

331 3366 698 3420 κατάστικτον
741 3363 872 3417 εἵσω
917 3362 1418 3435 περιϐεϐλημένην,
1449 3365 1484 3435 ἢ
1526 3363 1592 3433 δὴ
1636 3363 1733 3416 καὶ
1785 3361 1908 3416 τότε

333 3455 725 3528 φανερώτερον
756 3455 864 3508 τῶν
899 3454 1096 3527 χειρῶν
1125 3454 1451 3523 διεφαίνετο,
1482 3457 1571 3509 ὅτε
1619 3455 1715 3508 τοῦ
1765 3452 1910 3508 θείου

332 3546 586 3618 σώματος
623 3545 896 3617 μετεδίδου
944 3547 1056 3608 τοῖς
1077 3542 1384 3615 προσιοῦσι.
1421 3543 1610 3598 Ταῦτα
1643 3541 1906 3614 ὁρῶντες⁹

331 3641 382 3692 of
415 3639 516 3708 μὲν
545 3638 607 3690 τὸ
638 3637 826 3707 θαῦμα
852 3639 981 3708 παρ’
1005 3639 1217 3700 έαυτοῖς
1251 3631 1420 3709 εῐχον,
1442 3638 1490 3690 οἱ
1524 3638 1581 3692 δὲ
1613 3639 1704 3692 καὶ
1731 3635 1914 3700 ἄλλοις

335 3731 692 3802 ἐξήγγελλον·
731 3732 784 3785 οι
823 3731 922 3801 μὲν
969 3731 1046 3795 ὡς
1091 3731 1488 3800 θαυμάζοντες,
1529 3732 1578 3784 οἱ
1611 3730 1692 3794 δὲ,
1723 3729 1912 3797 ῶσπερ

336 3825 507 3887 εἰκὸς,
555 3825 649 3878 καὶ
701 3822 1043 3893 φθονοῦντες.
1080 3823 1144 3877 Οἶ
1185 3822 1280 3876 καὶ
1313 3823 1463 3894 αὑτῷ
1490 3824 1664 3894 δήπου
1703 3821 1780 3892 τῷ
1810 3823 1914 3892 ἀρφ

337 3919 514 3988 χιερεῖ
547 3916 586 3967 Γ
589 3916 813 3986 ενναδίῳ
843 3913 1258 3986 προσελθόντες,
1307 3914 1383 3979 ώς
1432 3917 1650 3986 ἀγνοεῖν
1675 3915 1914 3984 οἰόμενοι

341 4009 363 4024 ον

337 4009 484 4079 ἅπερ
519 4008 717 4060 εἰδέναι
741 4005 932 4061 τοῦτον
958 4006 1078 4060 λίαν
1109 4005 1415 4068 ἐϐούλοντο.
1450 4005 1910 4073 ἀπαγγέλλουσιν.

341 4095 474 4152 Εἶτα
503 4097 602 4152 καὶ
626 4097 906 4167 διασύρειν
947 4095 1112 4150 αὑτὸν
1145 4094 1489 4166 ἐπεχείρουν,
1533 4095 1630 4146 καὶ
1661 4092 1916 4157 διαϐολὰς

337 4192 482 4246 κατὰ
499 4191 602 4262 τῆς
633 4190 910 4262 μακαρίας
963 4189 1178 4243 ἐκίνουν
1215 4190 1394 4259 ψυχῆς
1415 4201 1431 4216 ⁶
1469 4190 1564 4240 καὶ
1584 4186 1642 4249 ὃς
1667 4185 1912 4257 ἑωρακέ-

339 4302 424 4336 ναι
453 4283 553 4354 μὲν
588 4285 685 4338 καὶ
714 4283 875 4347 αὐτὸς
902 4283 1077 4350 ἔλεγε,
1101 4281 1192 4336 τὸν
1222 4281 1280 4336 δὲ
1308 4280 1508 4354 τρόπον
1537 4281 1778 4350 ἀγνοεῖν,
1815 4281 1913 4336 καὶ

339 4371 583 4444 ἀτεχνῶς
613 4375 670 4427 έν
701 4374 876 4445 τούτῳ
911 4373 1314 4443 διαπορεῖσθαι.

411 4466 498 4522 11'.
581 4467 738 4521 Ἐπεὶ
797 4466 854 4520 δὲ
901 4468 996 4521 καὶ
1023 4467 1176 4529 τέλος
1205 4460 1318 4535 εἷχε
1343 4463 1648 4536 Μαρκιανῷ
1671 4465 1706 4533 ἠ
1741 4481 1916 4534 μυστ-

1936 3222 1979 3282 C

2015 3182 2192 3238 solum
2221 3181 2503 3244 credibile.
2528 3180 2620 3252 qui
2660 3187 3026 3250 aspexerunt:
3060 3177 3248 3234 vident
3275 3193 3401 3234 eum
3433 3176 3583 3233 intus

2015 3271 2267 3328 indutum
2287 3272 2482 3328 eximia
2507 3271 2740 3349 quadam
2772 3281 2924 3328 veste
2962 3270 3131 3342 regia,
3161 3278 3218 3326 et
3241 3283 3376 3324 auro
3401 3268 3593 3324 nitenti

2015 3365 2327 3431 intertexta,
2363 3380 2484 3435 quae
2518 3373 2647 3419 tunc
2681 3365 2846 3422 etiam
2879 3364 3050 3434 magis
3075 3363 3374 3434 apparebat
3396 3362 3453 3416 in
3479 3377 3593 3416 ma-

2015 3457 2200 3523 nibus,
2231 3458 2446 3526 quando
2501 3472 2597 3512 eos
2650 3456 2760 3526 qui,
2783 3456 3134 3520 accedebant,
3157 3455 3345 3511 divino
3373 3469 3596 3524 corpore

2016 3548 2512 3620 impertiebatﬂazc
2536 3548 2806 3614 videntes,
2832 3548 2920 3603 alii
2938 3549 3158 3618 quidem
3187 3545 3332 3617 apud
3349 3561 3408 3601 se
3431 3546 3596 3600 mira-

2015 3641 2217 3696 bantur
2245 3655 2259 3693 :
2297 3639 2388 3694 alii
2415 3647 2599 3693 autem
2639 3638 2759 3693 aliis
2787 3653 3005 3708 quoque
3030 3636 3422 3702 enuntiabant,
3453 3651 3594 3690 non-

2015 3731 2150 3786 nulli
2186 3731 2407 3802 quidem
2443 3741 2506 3787 ut
2547 3731 2902 3796 admirantes,
2938 3729 3187 3786 nonnulli
3229 3743 3382 3793 vero,
3415 3736 3478 3782 ut
3513 3737 3594 3783 est

2016 3819 2345 3888 verisimile,
2385 3821 2547 3876 etiam
2602 3821 2926 3877 invidentes.
2959 3819 3062 3887 Qui
3101 3820 3264 3875 etiam
3311 3819 3380 3874 ad
3415 3820 3595 3888 ipsum

2018 3914 2334 3985 pontificem
2377 3914 2718 3971 Gennadium
2748 3914 3072 3969 accedentes
3114 3922 3372 3981 tanquam
3407 3909 3598 3964 existi-

2017 4015 2231 4062 mantes
2256 4022 2382 4063 eum
2405 4007 2618 4063 nescire
2643 4022 2765 4076 quae
2793 4023 2920 4062 cum
2940 4005 3082 4061 scire
3103 4005 3335 4062 maxime
3360 4002 3596 4066 volebat,

2018 4099 2066 4154 ei
2102 4099 2652 4155 renuntiant.Deinde
2672 4099 2722 4154 ei
2747 4099 2910 4155 etiam
2935 4099 3276 4154 conabantur
3291 4095 3600 4155 detrahere,

2017 4200 2073 4246 et
2097 4191 2388 4247 movebant
2421 4191 2721 4246 calumnias
2755 4191 3018 4246 adversus
3056 4189 3268 4244 beatam
3305 4186 3450 4240 illam
3486 4185 3600 4240 ani~

2019 4299 2184 4338 mam.
2247 4284 2316 4340 Et
2376 4285 2469 4341 ille
2536 4284 2777 4355 seipsum
2836 4298 3056 4355 quoque
3109 4283 3326 4338 diccbat
3370 4282 3596 4346 vidisse,

2019 4377 2238 4432 modum
2268 4387 2452 4434 autem
2471 4377 2740 4449 ignorare,
2769 4387 2913 4443 etse
2940 4393 3131 4432 revera
3154 4375 3222 4431 de
3249 4390 3316 4430 eo
3332 4375 3584 4430 dubitare
3627 4361 3633 4369 ’

2088 4468 2227 4523 VIII.
2270 4468 2562 4538 Postquam
2593 4479 2776 4525 autem
2807 4485 2836 4523 a
2868 4467 3144 4524 Marciano
3188 4467 3288 4522 fuit
3318 4466 3604 4536 impositus

342 4557 580 4626 αγωγία,
620 4557 1015 4628 ματακαλεῖται
1047 4555 1234 4610 τοῦτον
1265 4557 1295 4609 6
1328 4556 1694 4626 πατριάρχης,
1721 4556 1828 4628 ίδίᾳ
1851 4573 1910 4610 τε

2020 4561 2144 4616 finis
2157 4559 2443 4622 sacrificio.
2467 4577 2592 4616 eum
2619 4562 2850 4616 accersit
2875 4559 3203 4630 patriarcha,
3229 4566 3427 4613 et'eum
3450 4570 3602 4612 seor-

342 4648 604 4722 ἐντυχὼν,
643 4649 772 4720 περὶ
818 4651 918 4720 τῆς
957 4649 1153 4720 στολῆς
1206 4647 1477 4710 ἐνεκάλει,
1532 4649 1626 4701 καὶ⁸
1651 4648 1732 4702 ὅτι
1761 4648 1920 4718 βασι-

343 4742 493 4796 λεῦσι
531 4741 756 4812 μᾶλλον,
784 4741 902 4795 ἀλλ’
933 4742 1033 4813 οὐχ
1067 4740 1276 4812 ἱερεῦσι
1320 4739 1496 4794 ταῦτα
1527 4741 1818 4810 προσήκει.
1862 4740 1923 4794 '0

347 4833 401 4886 δὲ
426 4835 506 4897 είς
536 4830 848 4903 ἀποροῦντα
880 4831 1080 4903 μᾶλλον
1103 4817 1426 4902 ἀπορηθεὶς,
1469 4830 1662 4884 πίπτει
1699 4847 1760 4884 τε
1787 4829 1924 4902 πρὸς

379 4926 460 4986 οῖς
492 4922 704 4977 ἐκείνου
729 4922 875 4987 ποσὶ,
899 4922 997 4976 καὶ
1026 4922 1198 4977 πολλὰ
1224 4921 1438 4977 τούτων
1483 4921 1698 4992 δάκρυα
1753 4937 1926 4974 κατα-

349 5018 484 5085 χέων
517 5018 821 5087 ἀπηρνεῖτο
856 5015 1176 5070 παντάπασι
1215 5013 1278 5067 τὸ
1323 5014 1535 5085 λεχθὲν,
1582 5014 1678 5068 καὶ
1709 5013 1927 5084 ἀπάτην

347 5109 646 5180 ὀφθαλμῶν
678 5105 818 5162 εἶναι
852 5111 912 5162 τὸ
945 5109 1182 5179 πρᾶγμα
1203 5107 1590 5180 διισχυρίζετο.
1637 5106 1712 5160 Τὸ
1739 5107 1846 5177 γὰρ
1863 5104 1928 5178 δὴ

353 5204 450 5257 καὶ
473 5203 748 5274 φρονῆσαι
788 5202 950 5271 μόνον
996 5202 1262 5266 τοιοῦτον,
1313 5202 1469 5272 φησὶ,
1515 5200 1686 5272 μανία
1724 5201 1928 5271 σαφής.

352 5296 396 5350 11
406 5295 496 5366 pb;
515 5295 694 5350 ταῦτα
715 5297 743 5348 ὁ
767 5294 1113 5365 πατριάρχης
1135 5295 1252 5365 (καὶ
1268 5295 1379 5366 γὰρ
1405 5294 1601 5364 εὔηθες
1627 5290 1767 5348 εἶναι
1792 5293 1931 5370 ᾤετο

353 5390 449 5442 καὶ
475 5388 729 5458 φανερῶς
752 5387 950 5456 ἄλογον
983 5387 1199 5460 ὄμμασι
1237 5390 1349 5451 τοῖς
1395 5387 1546 5452 ἰδίοις
1601 5386 1928 5458 διαπιστεῖν)

355 5480 640 5551 ἁψάμενος
679 5479 841 5544 εὐθὺς
877 5479 983 5551 ἰδίᾳ
1006 5479 1176 5550 χειρὶ,
1205 5479 1525 5562 ἀναστέλλει
1557 5481 1651 5533 τὸν
1681 5478 1930 5550 φελώνην

358 5571 522 5635 αὐτὸς
562 5574 630 5644 τῇ
685 5572 931 5642 ίερατικῇ
991 5572 1088 5624 σὺν
1151 5571 1440 5641 ἀναστολῇ,
1505 5571 1599 5624 καὶ
1644 5571 1705 5624 τὸ
1745 5570 1931 5625 λοιπὸν

356 5664 544 5734 θαῦμα
568 5660 636 5736 ἦν
665 5665 761 5718 καὶ
790 5665 1071 5735 ὁρώμενον
1099 5665 1194 5717 καὶ
1222 5664 1539 5735 λεγόμενον.
1570 5665 1630 5718 Ὀ
1661 5663 1770 5733 γὰρ
1801 5679 1931 5734 χρυο

358 5755 484 5819 σοῦς
525 5757 734 5819 ἐκεῖνος
778 5755 966 5826 χιτὼν,
997 5755 1026 5807 6
1060 5753 1244 5826 μικρῷ
1296 5755 1530 5824 πρόσθεν
1575 5755 1927 5825 βλεπόμενος,

359 5848 620 5923 οὐδαμοῦ,
653 5849 856 5922 γυμνὸς
883 5849 940 5907 δὲ
972 5844 1038 5924 ἦν
1063 5850 1091 5904 6
1119 5848 1291 5920 ἅγιος,
1345 5848 1531 5922 ὥσπερ
1557 5848 1664 5920 ἀρα
1699 5849 1792 5902 καὶ
1839 5843 1928 5921 ἦν,

2028 4665 2146 4706 sum
2173 4651 2522 4716 conveniens,
2553 4651 2621 4707 de
2650 4660 2802 4706 veste
2835 4649 3217 4719 reprehendit,
3246 4647 3438 4702 dicens
3481 4662 3602 4700 eam

2028 4741 2200 4814 magis
2239 4741 2659 4812 imperatoribus
2688 4739 2984 4796 convenire
3012 4753 3174 4808 quam
3205 4735 3609 4792 sacerdotibus.
3679 4734 3689 4743 ’

2030 4834 2125 4890 llle
2151 4843 2334 4891 autem
2357 4833 2530 4905 magis
2554 4833 2719 4888 animi
2753 4831 2976 4895 dubius,
3018 4845 3181 4901 quam
3211 4829 3282 4898 is,
3322 4829 3413 4899 qui
3449 4828 3608 4884 dubio

2032 4925 2199 4990 tabat,
2225 4925 2459 4996 procidit
2480 4926 2546 4981 ad
2580 4925 2747 4994 pedes
2767 4924 2934 4988 illius,
2965 4933 3021 4980 et
3056 4923 3111 4978 in
3135 4937 3232 4978 eos
3253 4923 3454 4978 multas
3485 4922 3608 4976 fun-

2031 5020 2168 5075 dens
2199 5020 2482 5090 Iacrymas,
2512 5017 2743 5088 negabat
2763 5016 2990 5088 cumino
3014 5016 3067 5072 id
3092 5015 3236 5086 quod
3261 5015 3465 5071 dictum
3491 5013 3610 5067 fue-

2032 5117 2136 5174 rat,
2176 5118 2232 5164 et
2279 5108 2495 5163 dicebat
2549 5107 2808 5178 deceptos
2854 5106 3021 5164 fuisse
3066 5105 3186 5176 ejus
3223 5105 3434 5162 oculos.
3481 5103 3612 5158 Tale

2031 5203 2160 5273 quid
2189 5201 2336 5256 enim
2369 5203 2454 5256 vel
2486 5195 2986 5272 solum.co'gitasse,
3026 5208 3212 5270 aperta
3255 5207 3338 5254 est
3378 5196 3609 5251 insania.

2033 5297 2114 5351 Ad
2138 5296 2254 5351 hzec
2284 5295 2587 5366 patriarcha
2633 5295 2883 5364 (stultum
2927 5294 3076 5350 enim
3113 5291 3461 5348 existimabat
3500 5297 3555 5344 ct
3583 5305 3610 5341 a

2035 5389 2246 5444 ratione
2265 5400 2453 5460 aperte
2481 5388 2742 5454 alienum,
2768 5387 3004 5459 propriis
3023 5402 3132 5441 non
3163 5385 3390 5441 credere
3417 5380 3612 5449 oculis)

2036 5495 2204 5534 manu
2247 5479 2466 5549 propria
2495 5478 2679 5534 statim
2706 5487 2954 5548 tangens,
2987 5475 3189 5532 relaxat
3217 5472 3332 5543 ipse
3359 5468 3608 5540 penulam

2035 5573 2198 5628 simul
2233 5587 2356 5626 cum
2387 5580 2539 5626 veste
2571 5570 2916 5631 sacerdotali,
2955 5577 3015 5623 et.
3049 5567 3117 5622 de
3149 5573 3347 5620 caetero
3374 5561 3603 5615 miracu-

2034 5666 2146 5720 lum
2183 5665 2470 5720 videbatur
2504 5673 2557 5718 ct
2597 5663 2900 5719 dicebatur.
2957 5661 3086 5717 Nam
3131 5659 3221 5712 illa
3247 5654 3463 5726 quidem
3510 5667 3606 5707 au-

2035 5773 2149 5824 rea,
2188 5773 2308 5827 qua:
2336 5759 2498 5826 paulo
2537 5764 2664 5811 ante
2716 5753 3022 5816 videbatur,
3075 5748 3278 5810 tunica,
3338 5756 3610 5815 nusqulll'.

2037 5859 2152 5905 erat
2191 5867 2203 5902 :
2239 5849 2418 5906 nudus
2469 5857 2650 5905 autem
2689 5854 2910 5902 sanctus
2957 5841 3241 5900 videbatur
3282 5837 3423 5893 sicut
3471 5843 3604 5896 erat,
