3886 6458
300 391 406 456 430

1542 400 1827 461 MENSIS
1864 399 1996 462 IAN
2018 401 2323 464 UARIUS.

3453 400 3559 465 Mil

299 505 538 574 exceptis
575 507 659 560 his
705 507 1040 564 indumentis
1095 508 1531 564 sacerdotalibus
1575 528 1586 562 :
1643 513 1826 568 nudus

1983 513 2106 586 δίχα
2134 516 2244 568 τῶν
2291 515 2582 585 ίερατικῶν
2633 515 2838 569 τούτων
2894 516 3320 585 inminuat-mv-
3353 518 3560 585 γυμνὸς

299 595 542 672 inquam,
573 599 663 668 qui
714 615 839 654 vere
875 601 1057 656 aureis
1087 601 1303 656 virtutis
1343 601 1562 664 tunicis,
1608 619 1730 672 qua:
1777 604 1879 659 sub

297 669 574 758 aspectum
603 707 714 747 non
761 694 982 757 cadunt,
1028 696 1332 768 tegebatur.
1392 697 1506 754 Hoc
1563 699 1876 770 pontificem

259 767 266 788 ’
295 781 512 850 quidem
541 784 762 840 adducit
789 786 845 840 in
879 767 1294 843 admirationem
1331 805 1344 840 :
1381 789 1435 843 in
1461 791 1876 846 admirationem

295 880 475 926 autem
522 875 742 930 adducit
785 879 950 932 etiam
1000 879 1358 949 imperatores
1408 881 1542 951 (l0),
1595 896 1718 936 cum
1765 881 1876 951 jam

295 963 438 1016 fama
470 964 536 1018 ad
569 981 662 1020 eos
695 968 1040 1036 pervenisset
1079 986 1090 1021 :
1124 970 1331 1024 clarum
1357 980 1538 1024 autem
1564 970 1725 1039 erigit
1763 981 1876 1026 tro-

293 1068 468 1122 paeum
495 1057 728 1113 simulet
753 1060 1014 1116 adversus
1037 1060 1325 1132 malignam
1349 1070 1404 1115 et
1426 1062 1739 1117 sceleratam
1764 1064 1874 1118 Arii

294 1144 394 1215 [αι.
425 1145 1070 1223 Eutychetisjinsaniam,
1093 1168 1235 1222 quae,
1261 1154 1580 1222 prohdolorl
1613 1170 1782 1224 usque
1809 1157 1875 1211 ad

290 1236 343 1290 i.l
369 1247 582 1310 tempus
608 1241 1001 1299 defendebatur
1035 1246 1105 1300 ab
1136 1245 1701 1315 aliquibus.Fidelium
1731 1249 1874 1302 enim

291 1331 603 1397 multitudo,
631 1351 754 1390 cum
783 1337 1042 1394 miraculo
1076 1338 1127 1394 ci
1158 1347 1303 1394 esset
1337 1339 1498 1393 veluti
1519 1341 1732 1395 additus
1758 1341 1877 1394 ani-

291 1431 494 1486 mus,ct
513 1423 569 1478 in
587 1433 733 1480 recta
749 1436 893 1482 esset
906 1427 1518 1495 eonﬂrmatasententfa,
1532 1428 1645 1484 Arii
1659 1432 1875 1500 quidem

290 1511 539 1582 dogmata
576 1519 864 1588 respuebat
892 1529 1148 1591 tanquam
1188 1538 1361 1593 nugas
1393 1541 1404 1576 :
1439 1523 1543 1592 ipsi
1571 1533 1754 1579 autem
1789 1541 1876 1594 pc-

292 1598 447 1657 rindc
461 1618 524 1658 ac
543 1607 790 1674 quaedam
819 1610 1062 1665 amnium
1101 1611 1324 1677 ﬂuenta,
1351 1622 1602 1683 prompto
1626 1623 1682 1668 et
1710 1615 1874 1668 alacri

290 1695 473 1750 animo
495 1698 563 1751 ad
595 1701 856 1771 templum
878 1703 1244 1772 conﬂuebant,
1272 1707 1468 1776 partim
1496 1707 1718 1776 quidem
1743 1723 1874 1763 con-

293 1789 600 1857 templaturi
639 1793 757 1862 ejus
783 1796 1266 1864 pulchritudinem,
1289 1799 1482 1868 partim
1499 1809 1679 1854 autem
1699 1809 1875 1854 rectos

1980 607 2008 658 ό
2042 609 2265 676 χρυσοῖς
2317 607 2491 672 ὖντως
2543 607 2642 678 τῆς
2699 607 2903 679 ἀρετῆς
2936 609 3127 680 χιτῶσι
3157 612 3272 672 τοῖς
3305 608 3558 668 ἀθεάτοις

1981 698 2335 769 σκεπόμενος.
2369 697 2540 753 Τοῦτο
2578 698 2820 770 ἐξίστησι
2861 700 2962 768 μὲν
2988 699 3079 753 τὸν
3134 700 3424 770 ἀρχιερέα,
3465 699 3556 762 ἐξ·

1983 786 2164 856 ίστησι
2193 787 2252 840 δὲ
2273 787 2400 852 τοὺς
2430 787 2790 858 κρατοῦντας,
2823 789 2926 861 ἤδη
2967 789 3061 843 τοῦ
3099 787 3260 858 λόγου
3300 789 3392 842 καὶ
3418 788 3557 860 πρὸς

1980 878 2178 941 αὐτοὺς
2219 877 2588 942 διαϐαίνοντος
2615 895 2630 910 ο
2670 879 2851 952 ἵστησι
2903 880 2961 935 δέ
3003 880 3265 952 τρόπαιον
3315 882 3558 950 ἐμφανὲς

1939 1012 1945 1016 .
1979 969 2122 1023 κατὰ
2151 969 2245 1024 τοῦ
2277 970 2516 1040 πονηροῦ
2536 970 2656 1041 ἅμα
2697 973 2792 1025 καὶ
2821 971 2922 1042 τῆς
2956 974 3160 1042 μιαρᾶς
3201 971 3410 1042 ’Δρείου
3445 988 3557 1040 μα-

1978 1063 2116 1127 νίας,
2163 1062 2268 1115 ὑπό
2305 1080 2505 1128 τινων,
2549 1063 2682 1132 φεῦί
2752 1064 2922 1118 είσέτι
2964 1063 3434 1134 πρεσϐευομένης.
3480 1063 3557 1114 Τὸ

1977 1156 2088 1228 γὰρ
2115 1156 2179 1227 δὴ
2208 1155 2318 1210 τῶν
2345 1156 2554 1210 πιστῶν
2587 1155 2790 1226 πλῆθος
2825 1155 3214 1227 ἀναθαρσῆσαν
3241 1153 3432 1226 ὥσπερ
3473 1153 3556 1224 τῷ

1979 1249 2237 1319 θαύματι,
2272 1249 2368 1301 καὶ
2425 1252 2490 1318 τῇ
2535 1247 2670 1319 ὀρθῇ
2702 1247 2828 1319 δόξῃ
2881 1246 3199 1318 βεϐαιωθέν,
3232 1246 3302 1300 τὰ
3336 1245 3553 1316 ’Δρείου

1982 1340 2080 1409 μὲν
2112 1339 2204 1393 ίσα
2237 1339 2331 1392 καὶ
2367 1337 2570 1408 λήρους
2609 1337 2885 1392 διέπτυον*
2913 1337 3069 1390 αὐτοὶ
3115 1337 3173 1391 δὲ
3204 1335 3396 1406 ὥσπερ
3426 1335 3552 1388 τινὰ

1979 1427 2222 1499 ποταμοῦ
2275 1427 2522 1498 ῥεύματα
2563 1427 2641 1497 τῷ
2701 1427 2815 1498 ναῷ
2867 1426 3168 1497 προθύμως
3232 1425 3549 1496 συνέρρεον,

1977 1521 2137 1576 τοῦτο
2163 1521 2261 1591 μὲν
2288 1520 2348 1574 τὸ
2374 1520 2571 1583 κάλλος
2613 1519 2779 1574 αὐτοῦ
2809 1519 3154 1590 θεασόμενοι,
3172 1518 3332 1572 τοῦτο
3355 1517 3414 1570 δὲ
3453 1517 3553 1569 καὶ

1975 1613 2086 1667 τῶν
2108 1611 2282 1683 όρθών
2312 1611 2488 1680 λόγων
2519 1612 2976 1682 ἐπακουσόμενοι.
3013 1608 3204 1673 Οὕτως
3233 1609 3292 1662 δὲ
3325 1607 3388 1662 τὸ
3417 1609 3553 1679 συρ-

1979 1705 2100 1776 ρέον
2132 1703 2266 1758 πολύ
2291 1721 2344 1756 τι
2374 1705 2467 1756 καὶ
2489 1705 2714 1775 ἄπειρον
2744 1700 2832 1775 ἦν,
2864 1703 3004 1756 ὥστε
3040 1702 3136 1756 καὶ
3161 1701 3222 1756 τδ
3254 1701 3365 1754 τών
3387 1717 3552 1771 περι-

1977 1797 2150 1851 ϐόλων
2189 1798 2357 1866 ἐγγὺς
2382 1796 2635 1866 γενέσθαι
2669 1796 2851 1866 μόνον,
2906 1791 3068 1850 ἆθλον
3118 1792 3356 1865 ἱδρώτων
3407 1787 3552 1845 εἶναι

288 1890 502 1946 quoque
524 1881 760 1937 audituri
799 1899 1100 1940 sermones.
1132 1887 1305 1942 Tanta
1337 1899 1519 1943 autem
1550 1899 1606 1944 ct
1650 1899 1756 1943 tam
1783 1889 1857 1942 in-

1973 1888 2184 1943 πολλῶν
2232 1888 2328 1942 καὶ
2360 1888 2674 1958 φιλοτιμίας
2701 1886 2850 1951 ἄξιον
2901 1889 3010 1949 τοῖς
3064 1885 3279 1948 πολλοῖς
3330 1878 3554 1955 νομιζό·

289 1970 645 2026 numerabilis
674 1973 980 2031 conﬂuebat
1004 1977 1318 2045 multitudo,
1353 1989 1410 2034 ut
1438 1980 1520 2035 vel
1552 1979 1726 2036 solum
1769 1995 1862 2035 ac-

1976 1998 2159 2051 μενον.

290 2059 523 2114 cessisse
553 2078 722 2133 prope
768 2067 1025 2132 ambitus,
1061 2079 1206 2124 esset
1241 2071 1524 2140 praemium
1563 2072 1859 2127 multorum
1900 2072 2181 2138 sudorum,
2241 2083 2296 2128 et
2356 2089 2385 2127 a
2423 2073 2608 2129 multis
2639 2073 3037 2128 existimaretur
3063 2072 3308 2143 dignttm,
3341 2072 3408 2128 de
3437 2086 3550 2143 quo

288 2151 486 2206 acriter
514 2157 932 2216 contenderent.

359 2247 448 2302 IX.
491 2250 901 2310 Conveniebant
942 2271 1090 2330 ergo,
1121 2259 1264 2315 diem
1311 2277 1478 2317 unum
1511 2263 1712 2318 festum
1755 2263 1857 2319 frc-

2042 2263 2120 2316 6’.
2136 2259 2394 2313 Συνίεσαν
2416 2253 2531 2323 οὖν,
2552 2258 2744 2328 ἑορτὴν
2771 2257 2900 2328 μίαν
2920 2256 3114 2327 συχνὸν
3139 2255 3337 2327 ἐφεξῆς
3365 2257 3550 2310 ποιού-

286 2344 476 2409 queuti
507 2344 765 2417 deinceps
816 2356 1059 2420 tempore
1107 2354 1465 2425 celebrantes.
1501 2356 1636 2411 Nam
1683 2359 1752 2412 ab
1797 2374 1857 2413 eo

1973 2370 2126 2425 μενοι
2146 2352 2342 2424 χρόνον
2369 2367 2384 2382 ·
2418 2351 2513 2405 καὶ
2538 2349 2792 2418 θαύματα
2823 2348 3059 2402 ἐτελεῖτο
3089 2349 3278 2417 συχνά.
3300 2343 3423 2417 Ὧν,
3458 2349 3549 2403 ῐνα

286 2450 502 2504 quoque
532 2435 836 2506 frequentia
866 2417 1068 2500 fiebant
1111 2417 1392 2502 miracula.
1431 2449 1509 2504 Ex
1537 2450 1756 2519 quibus,
1795 2467 1857 2506 ne

1973 2417 2049 2516 μὴ
2074 2417 2349 2500 τὰμπολλὰ
2371 2443 2545 2512 λέγων
2574 2417 2916 2511 ὲνδιατρίϐω,
2933 2440 2994 2493 ἐν
3019 2440 3082 2509 γέ
3105 2457 3159 2494 τι
3183 2439 3389 2494 τούτων
3410 2443 3550 2495 ἐιττο⁸

289 2526 342 2577 in
396 2527 582 2583 multis
629 2529 879 2588 dicendis
910 2534 1187 2604 immorer,
1235 2538 1452 2609 aliquod
1498 2557 1668 2596 unum
1719 2543 1857 2597 acci-

1970 2535 2148 2591 λαϐὼν
2209 2536 2568 2606 διηγήσομαι,
2615 2532 2799 2587 ἱκανόν
2859 2533 3331 2603 παραστῆσαιτήν
3359 2549 3417 2586 τε
3448 2531 3546 2586 τοῦ

287 2615 442 2683 piens
487 2621 740 2686 narrabo,
783 2626 926 2694 quod
966 2628 1097 2684 satis
1139 2637 1221 2685 est
1265 2640 1322 2686 et
1369 2631 1437 2687 ad
1470 2635 1857 2690 ostendendam

1971 2629 2209 2700 μεγάλου
2245 2625 2568 2696 Μαρκιανοῦ
2596 2626 2781 2696 χάριν,
2827 2625 2921 2678 καὶ
2947 2624 3009 2678 τὸ
3060 2623 3153 2677 τὸν
3205 2624 3349 2694 ἱερὸν
3376 2625 3545 2680 αὐτοῦ

285 2711 460 2780 tuagni
495 2711 748 2769 Marciani
783 2718 1030 2786 gratiam,
1067 2730 1120 2776 et
1153 2724 1297 2792 quod
1330 2725 1435 2780 hoc
1471 2741 1686 2782 sacrum
1723 2737 1857 2782 tem-

1969 2721 2136 2792 σηκὸν
2162 2719 2305 2774 κατὰ
2339 2717 2570 2788 γνώμην
2599 2715 2931 2787 γεγενῆσθαι
2977 2716 3136 2770 Θεοῦ·
3183 2717 3546 2788 Ἐμπρησμὸς

285 2803 431 2870 plum
483 2805 572 2860 Dei
619 2809 1147 2868 voluntate‘factum
1191 2816 1262 2872 sit
1314 2834 1330 2872 :
1380 2817 1689 2875 Incendium
1723 2821 1856 2890 (Η),

1966 2808 2078 2877 οἷος
2108 2811 2170 2865 ού
2193 2810 2423 2874 πολλοὺς
2457 2809 2607 2880 ἔχειν
2641 2807 2886 2878 ὁμοίους,
2919 2808 3047 2870 τοὺς
3077 2808 3338 2877 Δομνίνου
3372 2807 3542 2878 ἐμϐό-

282 2895 427 2963 quod
469 2913 576 2952 non
627 2901 796 2956 multa
842 2903 1032 2960 habuit
1076 2908 1293 2977 similia,
1335 2910 1500 2966 exitio
1544 2911 1706 2967 dabat
1752 2913 1857 2968 Ro-

1963 2905 2082 2968 λους
2104 2901 2506 2973 διελυμαίνετο.
2533 2900 2608 2953 Τὸ
2637 2900 2744 2970 γὰρ
2769 2899 2882 2970 πῦρ
2908 2899 3018 2953 τῶν
3053 2900 3189 2970 πρὸς
3219 2903 3284 2972 τῇ
3308 2899 3541 2973 ἀρκτῴᾳ

284 2997 391 3042 stra
423 2989 533 3060 (191)
579 2990 810 3048 Domini.
862 2996 995 3052 Nam
1043 3013 1167 3053 cum
1219 3001 1359 3071 ignis
1409 3005 1857 3074 apprehendisset

1963 2997 2205 3070 θαλάσσῃ
2238 2994 2420 3048 τόπων
2444 2992 2855 3063 ἐπιλαϐόμενον,
2873 2993 2970 3064 τὴν
2987 2992 3140 3048 πόλιν
3158 2995 3286 3065 ὅλην
3309 2993 3538 3058 ἐζώννυ,

283 3077 424 3143 loca,
453 3094 576 3148 qua:
609 3093 739 3137 sunt
766 3084 838 3140 ad
863 3100 1014 3140 mare
1044 3086 1286 3153 Boreale,
1320 3097 1490 3145 totam
1527 3091 1714 3147 urbem
1747 3093 1857 3147 cin-

1963 3086 2054 3142 καὶ
2075 3084 2252 3149 οὕτως
2280 3085 2453 3157 ἕρπον
2482 3082 2692 3156 ἀγρίως
2714 3083 2843 3153 ἄχρι
2871 3084 2966 3138 καὶ
2993 3085 3092 3155 τῆς
3119 3086 3179 3140 ἐν
3219 3085 3544 3159 μεσημϐρίᾳ

283 3170 464 3238 gebat,
493 3181 545 3227 ct
577 3173 656 3228 sic
677 3190 908 3246 serpens
935 3177 1210 3244 ferociter,
1236 3198 1406 3252 usque
1435 3183 1502 3239 ad
1527 3200 1698 3250 mare,
1719 3186 1857 3255 quod

1963 3176 2242 3248 θαλάσσης
2275 3175 2453 3228 πάντα
2487 3173 2556 3226 τὰ
2590 3173 2795 3244 μεταξὺ
2823 3173 3156 3230 διεϐόσκετο.
3201 3175 3541 3242 ’Δκολούθως

284 3267 371 3312 est
418 3259 470 3314 in
517 3263 765 3330 meridie,
813 3267 1136 3338 depascebat
1184 3272 1364 3328 omnia
1407 3290 1527 3344 qum
1560 3275 1857 3331 intercede-

1963 3269 2053 3325 οὖν
2105 3268 2201 3324 καὶ
2244 3273 2337 3322 τὸν
2382 3267 2528 3337 ἱερὸν
2575 3260 2727 3320 οἷκον
2771 3266 2961 3321 τοῦτον
2984 3269 3019 3339 ἡ
3063 3267 3158 3322 τοῦ
3187 3268 3360 3339 πυρὸς
3388 3268 3538 3341 ῥύμη

283 3347 434 3406 bant.
507 3353 919 3426 Consequentcr
975 3374 1105 3432 ergo
1166 3361 1306 3418 hanc
1369 3379 1583 3435 quoque
1647 3381 1855 3422 sacram

1963 3360 2387 3435 περιελάμϐανε.
2421 3359 2544 3413 Τῶν
2571 3354 2664 3412 οῦν
2680 3359 2898 3413 οἰκείων
2913 3358 3140 3424 ἕκαστος
3163 3359 3542 3432 ἀμελήσαντες

279 3440 450 3497 :cdcm
481 3443 623 3516 ignis
655 3449 1153 3520 comprehendebat
1187 3453 1442 3525 impetus.
1475 3457 1857 3528 Unusquisque

1963 3453 2262 3527 συμφορῶν
2288 3453 2419 3524 περὶ
2442 3451 2533 3505 τὸν
2563 3451 2689 3506 ναὸν
2719 3450 2976 3521 ἐκθύμως
3011 3450 3274 3523 ἐχώρουν,
3316 3453 3538 3523 ἀθεάτῳ

281 3547 410 3602 ergo
435 3535 672 3604 propriis
711 3539 974 3610 neglectis
1020 3543 1440 3611 calamitatibus,
1483 3547 1552 3602 ad
1595 3548 1856 3619 templum

281 3632 483 3688 acriter
513 3637 862 3706 procedebat,
913 3641 1044 3712 igni,
1083 3643 1174 3714 qui
1221 3660 1332 3698 non
1377 3647 1723 3713 cernebatur,
1759 3664 1857 3702 eo-

281 3739 400 3778 rum
446 3725 796 3785 inﬂammatis
851 3732 1066 3788 animis.
1130 3734 1302 3792 llomo
1355 3748 1536 3791 autem
1573 3737 1666 3792 Dei
1719 3739 1856 3794 nihil

278 3817 620 3884 perterritus,
651 3829 705 3875 et
730 3836 798 3874 ne
833 3821 876 3876 si
907 3823 1126 3893 quidem
1153 3841 1277 3880 eum
1307 3827 1358 3880 in
1397 3829 1585 3882 orbem
1619 3830 1855 3884 cireum-

278 3906 483 3962 sideret
518 3909 677 3978 ignis,
709 3912 866 3966 nihili
897 3913 1122 3975 faciens.
1155 3917 1250 3971 sed
1281 3918 1400 3974 fidei
1445 3919 1500 3972 in
1542 3919 1708 3973 Deum
1739 3936 1855 3976 cre-

277 3997 414 4053 dens
439 4001 623 4054 munia
671 4004 886 4067 cedere,
935 4006 1106 4062 sacris
1153 4010 1391 4079 acceptis
1435 4011 1764 4081 Evangeliis,
1799 4011 1852 4066 in

279 4105 554 4145 summum
585 4100 786 4148 tectum
812 4099 1072 4164 ascendit,
1104 4109 1159 4155 et
1199 4110 1350 4155 stans
1393 4102 1446 4156 in
1488 4104 1666 4158 medio
1703 4103 1856 4158 ﬂam-

283 4195 404 4243 mae,
435 4190 490 4234 ct
519 4196 577 4236 se
611 4195 936 4241 convertens
965 4187 1029 4241 ad
1059 4204 1246 4258 preces
1282 4208 1294 4244 :
1337 4188 1551 4245 Christe
1580 4192 1740 4257 Deus,
1773 4192 1855 4247 di-

281 4273 460 4339 cebat,
496 4274 636 4330 Deus
665 4287 879 4346 patrum
910 4289 1243 4347 nostrorum,
1272 4284 1361 4353 qui
1387 4284 1618 4340 Abrahae
1650 4288 1856 4342 sacriﬁ-

273 4364 417 4418 cium
451 4369 761 4438 suscepisti,
819 4380 874 4426 et
929 4374 1021 4442 qui
1053 4373 1102 4427 ei
1136 4390 1201 4428 ex
1257 4375 1614 4444 promissione
1657 4386 1853 4446 prazter

272 4471 424 4525 spem
460 4460 737 4528 praebuisti
771 4461 961 4528 filium,
996 4474 1194 4534 praeter
1219 4481 1370 4532 spem
1401 4483 1429 4520 a
1469 4467 1615 4522 caede
1653 4469 1850 4537 libera-

272 4548 357 4632 sti
385 4566 398 4602 :
428 4549 519 4618 qui
560 4551 722 4632 etiam
763 4552 818 4606 in
865 4553 1084 4610 fornace
1125 4554 1446 4627 Babylonica
1493 4567 1607 4612 tres
1651 4575 1850 4628 pueros

267 4627 516 4705 captivos
543 4655 609 4694 eo
636 4627 874 4698 eﬂ'ecisti'
897 4647 1266 4714 potentiores:
1301 4648 1417 4718 ipse
1444 4665 1591 4704 nunc
1609 4665 1846 4720 quoque,

1959 3547 2097 3621 πυρὶ
2127 3545 2229 3610 τὰς
2277 3543 2458 3614 ψυχὰς
2508 3543 2670 3597 αὐτοὶ⁵
2703 3543 3096 3614 διακαιόμενοι.
3137 3543 3196 3597 '0
3229 3544 3289 3597 δέ
3334 3561 3398 3613 γε
3440 3545 3537 3598 τοῦ

1958 3641 2092 3696 Θεοῦ
2126 3639 2414 3710 ἄνθρωπος
2441 3637 2593 3690 οὐδὲν
2623 3636 3028 3699 ἀποδειλιάσας,
3061 3635 3172 3689 οὐδ’
3207 3637 3540 3691 εἰκυκλὸθεν

1958 3729 2108 3800 αὐτῷ
2143 3728 2428 3800 περιχάνοι
2455 3726 2517 3780 τὸ
2548 3725 2661 3798 πῦρ
2685 3726 2839 3781 οὐδὲν
2869 3727 3354 3799 ὑπολογισάμενος,
3380 3727 3541 3783 sm

1956 3825 2024 3892 τῇ
2055 3821 2192 3891 πρὸς
2219 3819 2355 3873 Θεὸν
2388 3817 2572 3873 πίστει
2621 3819 2794 3872 εἴκειν
2849 3817 3031 3873 πάντα
3091 3819 3409 3886 πιστεύσας,
3467 3819 3540 3874 τὰ

1960 3914 2082 3985 ιερὰ
2114 3912 2294 3966 λαϐὼν
2317 3910 2657 3981 Εύαγγέλια,
2687 3911 2781 3986 ἐπὶ
2801 3910 2861 3964 τὸ
2895 3910 3062 3982 ἄκρον
3085 3912 3184 3981 τῆς
3211 3911 3416 3984 ὀροφῆς
3439 3912 3539 3968 ἀν.

1957 4025 2094 4061 εισιν
2113 4023 2126 4037 ’
2167 4006 2262 4059 καὶ
2288 4005 2450 4075 μέσος
2476 4007 2542 4075 τῇ
2567 4003 2728 4074 φλογὶ
2744 4003 3055 4074 παραστὰς,
3087 4003 3280 4058 ἑαυτόν
3309 4021 3369 4056 τε
3399 3997 3538 4074 πρὸς

1957 4099 2122 4169 εὐχὴν
2150 4095 2448 4166 ἐπιτρέψας
2468 4109 2485 4127 ο
2523 4093 2728 4164 Χριστὲ
2755 4095 2782 4146 ὁ
2803 4093 2958 4158 Θεὸς,
2982 4091 3191 4162 ἔλεγεν,
3218 4095 3246 4147 ό
3268 4093 3405 4157 Θεὸς
3419 4095 3534 4148 τῶν

1957 4191 2212 4259 πατέριον
2233 4191 2266 4258 ἡ
2275 4188 2412 4259 μῶν,
2432 4190 2459 4242 ό
2474 4189 2573 4257 τὴν
2586 4186 2778 4240 θυσίαν
2798 4186 2896 4240 Ἀϐ
2905 4188 3007 4257 ραὰ
3016 4204 3053 4254 μ
3073 4186 3530 4257 προσδεξάμενος,

1955 4283 2049 4337 καὶ.
2075 4281 2134 4334 ὃν
2181 4279 2241 4344 ἐξ
2276 4279 2608 4347 ἐπαγγελίας
2661 4278 2812 4350 αύτῷ
2859 4277 2990 4350 παρ’
3029 4278 3222 4333 ἐλπίδα
3258 4277 3536 4349 παρέσχες

1955 4374 2090 4438 υἱὸν,
2148 4373 2279 4442 παρ’
2318 4370 2511 4425 ἐλπίδα
2551 4370 2764 4440 σφαγῆς
2795 4369 3122 4442 ῥυσάμενος,
3154 4371 3182 4422 ὁ
3228 4370 3324 4424 καὶ
3348 4370 3534 4423 Βαϐυ-

1952 4465 2152 4526 λωνίας
2222 4462 2454 4532 καμίνου
2511 4461 2644 4515 ποτὲ
2689 4463 2838 4531 τρεῖς
2893 4459 3279 4531 αἰχμαλώτους
3331 4460 3533 4525 παῖδας

1953 4554 2267 4627 κρείττονας
2289 4551 2461 4622 αὐτῆς
2489 4546 2795 4615 ἀναδείξας,
2815 4549 2978 4614 αὐτὸς
3000 4552 3092 4605 καὶ
3113 4551 3228 4617 νῦν,
3257 4553 3535 4622 Δέσποτα,

1951 4648 2042 4702 τὸν
2075 4643 2226 4701 οἶκον
2262 4645 2415 4698 τόνδε
2473 4643 2564 4697 τὸν
2597 4643 2690 4696 σὸν
2735 4642 2923 4712 ἀπαθῆ
2962 4643 3136 4714 πυρὸς
3172 4643 3528 4712 διαφύλαξον,

272 4729 518 4798 υοωίηο,
535 4732 672 4788 hanc
703 4744 848 4790 tuam
873 4736 1094 4792 domum
1125 4746 1408 4801 conserva,
1437 4757 1508 4795 ne
1532 4741 1756 4796 laedatur
1779 4744 1846 4799 ab

1963 4742 2046 4796 ml
2080 4743 2153 4811 μὴ
2187 4739 2304 4810 δῷς
2334 4738 2496 4810 ἔργον
2519 4736 2771 4790 τοσοῦτον
2803 4737 2938 4806 ὅπερ
2967 4738 3130 4807 ἡμεῖς
3171 4739 3319 4809 πόνῳ
3343 4739 3530 4811 πολλῷ

267 4817 392 4888 igne
425 4839 438 4874 :
471 4831 525 4876 ct
556 4839 626 4878 ne
647 4825 932 4893 concedas,
962 4835 1022 4881 ut
1044 4843 1182 4898 opus
1205 4836 1358 4884 tuum
1387 4831 1531 4900 quod
1554 4847 1655 4886 nos
1676 4834 1846 4889 multo

265 4908 453 4964 labore
473 4921 527 4966 et
552 4921 702 4968 tanto
732 4914 1060 4985 perfecimus
1087 4917 1379 4985 desiderio,
1413 4919 1552 4990 ignis
1581 4920 1846 4986 destruat,

267 5017 337 5055 ne
371 5003 549 5056 adhuc
579 5012 766 5076 pergat
797 5005 1066 5064 inimicus
1098 5008 1155 5064 in
1185 5024 1286 5066 nos
1315 5009 1616 5066 insolenter
1647 5011 1846 5082 gloria-

266 5095 332 5154 ri,
361 5109 463 5148 nec
498 5111 592 5150 ora
633 5096 980 5164 Arianorum,
1011 5100 1106 5170 qui
1151 5111 1280 5157 sunt
1312 5103 1470 5159 nobis
1530 5104 1840 5174 propinqui,

265 5199 365 5237 nos
404 5185 616 5253 probris
665 5196 965 5258 appetant:
1012 5190 1108 5245 sed
1153 5206 1299 5246 nunc
1348 5207 1563 5262 quoque
1612 5197 1838 5250 ostende

261 5275 465 5344 aliquid
495 5277 716 5348 dignum
743 5288 834 5335 tua
856 5280 1192 5351 benignitate
1219 5293 1274 5338 et
1303 5286 1600 5354 majestate,
1631 5287 1699 5341 ad
1730 5286 1839 5359 glo-

263 5364 395 5442 riam
431 5366 504 5419 tui
534 5369 792 5435 nominis,
823 5381 877 5424 et
905 5370 974 5425 ad
999 5379 1263 5436 nostram,
1293 5373 1383 5442 qui
1419 5374 1632 5431 veritati
1660 5375 1837 5432 credi-

263 5441 403 5524 mus,
437 5459 811 5531 gloriationem
843 5473 899 5520 et
930 5466 1374 5523 exsultationem.

331 5617 441 5702 (if)
473 5619 707 5702 heoncm
748 5624 865 5680 scil.
899 5634 954 5702 et
986 5626 1175 5702 Irenen
1197 5630 1334 5700 Aug.
1362 5628 1634 5702 intelligit.

330 5689 441 5770 (1)
489 5691 806 5770 Incendium
829 5697 994 5770 urbis
1013 5689 1486 5770 Constantihopol.
1521 5689 1648 5756 ιῖηηί
1693 5702 1817 5756 465.

1947 4834 2047 4888 καὶ
2083 4833 2235 4903 πόθῳ
2264 4831 2343 4902 τῷ
2377 4829 2456 4901 σῷ
2498 4828 2934 4900 κατηρτίσαμεν,
2979 4829 3044 4881 τὸ
3088 4829 3201 4898 πῦρ
3252 4831 3526 4896 καθελεῖν,

1947 4929 2033 4982 ἵνα
2097 4926 2172 4998 μὴ
2226 4921 2438 4994 προσθῇ
2489 4922 2569 4975 ἐτι
2616 4919 2713 4974 τοῦ
2764 4920 2913 4991 μέγα
2956 4921 3144 4990 αὐχεῖν
3179 4921 3372 4994 ἐχθρὸς
3399 4923 3526 4978 καθ’

1944 5015 2122 5087 ἡμῶν,
2185 5013 2322 5084 μηδὲ
2368 5012 2480 5066 τῶν
2537 5010 2871 5080 ἐγγιζόντων
2895 5011 3030 5081 ἡμῖν
3070 5013 3367 5081 Ἀρειανῶν
3400 5016 3528 5069 στὸ..

1948 5121 2092 5176 ματα
2145 5102 2450 5174 ὀνειδισμὸν
2481 5101 2720 5156 λάϐωσιν
2769 5100 2856 5170 ἐφ’
2892 5102 3062 5171 ἡμᾶς’
3093 5102 3230 5156 ἀλλὰ
3256 5103 3432 5168 δεῖξόν
3470 5123 3526 5160 τι

1945 5195 2040 5250 καὶ
2064 5194 2160 5250 νῦν
2186 5195 2335 5260 ἄξιον
2362 5195 2461 5266 τῆς
2485 5195 2585 5266 σῆς
2611 5193 2980 5265 χρηστότητος
3007 5194 3103 5249 καὶ
3127 5195 3523 5270 μεγαλωσύνης

1945 5292 2025 5353 είς
2051 5288 2208 5354 δόξαν
2239 5288 2333 5341 τοῦ
2358 5287 2622 5358 ὀνόματός
2658 5303 2782 5350 σου,
2821 5287 2916 5338 καὶ
2954 5287 3115 5357 ἡμῶν
3161 5287 3270 5343 τῶν
3297 5289 3356 5344 ὲν
3386 5288 3525 5361 ἀλη-

1945 5382 2069 5453 θείᾳ
2097 5380 2464 5436 πιστευόντων
2499 5379 2763 5450 καύχημά
2794 5395 2854 5432 τε
2879 5380 2974 5432 καὶ
3005 5379 3338 5452 ἀγαλλίαμα.

1935 5634 2102 5688 c.13.

2006 5703 2117 5772 (r2)
2153 5703 2265 5757 Iloc
2294 5704 2458 5759 etiam
2487 5705 2712 5759 nomine
2748 5714 3122 5773 nuncupatam
3153 5720 3276 5760 esse
3323 5706 3514 5762 basili-

263 5757 479 5845 ltoe
506 5761 756 5845 iqeendio
794 5767 914 5845 vide
946 5767 1111 5845 H___et
1147 5770 1248 5845 21h
1279 5757 1531 5845 Decemb.
1571 5772 1624 5825 in
1684 5771 1819 5845 Vitis
1928 5757 2045 5845 cant
2081 5757 2560 5844 Auastasiﬁquod
2587 5757 2639 5828 in
2673 5757 3512 5845 έοῐόεόςττέε.’Νέέίὶιίικῒρηῐς

260 5828 393 5882 Dan.
434 5831 676 5903 StyliLe,
711 5846 762 5890 et
789 5835 1048 5893 Alarcclli
1101 5840 1437 5896 archimaud.
1476 5839 1639 5913 Evag.
1697 5842 1731 5895 l.
1757 5843 1810 5901 2.

1926 5844 2096 5913 pilum
2122 5845 2188 5900 ad
2213 5845 2500 5901 conciones
2530 5846 2806 5913 erexisset,
2845 5844 3108 5901 memorat
3143 5844 3421 5901 Baronius.
3448 5857 3450 5859 '
