3886 6480
284 437 388 506 Ml

1286 431 1467 499 ΥΙΤᾹ
1505 436 1566 499 S.
1610 435 1990 499 MARCIANI
2028 433 2528 499 PRESBYTERI.

3461 434 3575 498 H2

363 557 421 608 ι’.
452 550 643 606 Ταῦτα
671 547 928 619 λέγοντος
977 546 1191 603 ἐκείνου
1234 548 1329 605 καὶ
1361 549 1424 604 τδ
1447 549 1686 623 δάκρυον
1715 549 1875 622 ἐπέρ-

2050 547 2121 603 Χ.
2162 547 2291 603 Haec
2321 562 2448 603 cum
2478 547 2571 604 ille
2606 547 2836 615 diceret,
2873 564 2981 605 una
3018 564 3143 605 cum
3178 550 3359 605 verbis
3385 549 3576 604 efﬂue-

293 652 383 720 ρει
402 647 519 710 τοῖς
548 643 754 712 λόγοις,
782 643 878 698 καὶ
905 639 1006 714 τὴν
1034 640 1219 715 ψυχὴν
1255 643 1387 697 εἵσω
1435 644 1699 715 τήκεσθαι
1732 658 1879 713 παρ-

287 740 509 807 εδήλου.
525 733 663 791 Εἶτα
677 733 741 788 τὸ
772 733 947 805 Ἀμὴν
959 734 1299 799 ἐπειπόντος,
1319 734 1508 807 ἑώρων
1528 735 1733 800 πάντες
1759 751 1884 806 σχε-

289 832 386 885 δὸν
419 831 473 883 οἱ
524 828 803 900 παρόντες
823 826 891 880 τὰ
940 824 1041 898 μὲν
1076 825 1272 895 πρῶτα
1314 826 1377 881 τὸ
1413 825 1529 897 πῦρ
1555 825 1743 897 κύκλῳ
1785 824 1882 879 τοῦ

293 922 503 985 παντὸς
562 920 715 975 οἴκου
774 918 1114 992 διασυρίζον,
1163 920 1261 975 καὶ
1308 920 1411 992 τὴν
1437 921 1617 992 ὁρμὴν
1649 914 1762 976 οἷον
1794 919 1883 974 ἐπ’

291 1018 502 1070 ἐκεῖνον
540 1013 871 1085 ποιούμενον
900 1028 917 1046 ο
947 1008 1048 1067 εἷθ’
1068 1013 1245 1078 οὕτως
1270 1013 1595 1087 ὑποχωροῦν
1627 1014 1723 1069 καὶ
1747 1015 1875 1070 ἁνα-

293 1108 654 1179 κοπτόμενον,
689 1105 945 1178 καθάπερ
970 1107 1077 1161 ύπὸ
1113 1123 1265 1171 τινος
1292 1107 1510 1179 ἀμάχου
1542 1107 1637 1162 καὶ
1659 1109 1883 1179 ίσχυρο-

288 1203 463 1273 τάτης
484 1202 794 1273 δυνάμεως.
833 1198 1058 1272 ’Δμέλει
1111 1202 1210 1257 καὶ
1254 1202 1284 1256 δ
1324 1202 1471 1273 ίερδς
1513 1196 1670 1266 οὗτος
1708 1197 1879 1270 οἶκος,

292 1295 485 1363 ὥςπερ
508 1294 580 1348 τὰ
614 1293 727 1348 τῶν
758 1292 919 1348 θείων
940 1292 1150 1349 παίδων
1167 1293 1301 1349 ποτε
1319 1293 1572 1365 σώματα,
1594 1294 1714 1358 ὅλος
1732 1296 1880 1351 ἁπα-

270 1374 418 1456 Ὃὴς,
441 1386 562 1450 ὅλος
586 1384 868 1457 ἄψαυστος
888 1389 947 1442 ἐν
974 1387 1118 1459 πυρὶ
1135 1385 1402 1458 τοσούτῳ,
1433 1385 1642 1458 Χριστὲ
1665 1387 1872 1459 Σῶτερ,

292 1479 622 1551 διεηρὴοη.
658 1480 769 1534 Καὶ
805 1479 868 1535 οὐ
895 1479 1056 1535 τούτο
1088 1480 1273 1552 μόνον,
1302 1480 1379 1546 ὡς
1430 1479 1533 1554 ἠδη
1573 1478 1881 1550 φθάσαντες

292 1572 531 1641 ἔφημεν,
556 1569 693 1625 ἀλλὰ
717 1569 813 1625 καὶ
833 1570 972 1626 ἄλλα
997 1570 1430 1643 πάμπολλαξτῶν
1467 1570 1791 1643 Θαυμασίων
1823 1574 1883 1625 ἐν

291 1665 433 1736 τᾷδε
460 1665 543 1738 τῷ
570 1665 687 1737 ναῷ
711 1665 992 1720 δείκνυται
1015 1682 1030 1699 ·
1060 1665 1231 1721 πολλὰ
1253 1668 1353 1741 μὲν
1365 1669 1461 1723 καὶ
1476 1668 1597 1723 τότε
1615 1667 1705 1723 διὰ
1724 1668 1881 1741 Μαρ-

294 1758 515 1825 κιανοῦ,
548 1758 722 1813 πολλὰ
748 1758 807 1813 δὲ
833 1760 929 1814 καὶ
959 1761 1100 1832 μετὰ
1137 1761 1397 1834 τελευτὴν
1418 1763 1647 1829 ἐκείνου,
1675 1763 1745 1816 τὰ
1779 1763 1880 1834 μὲν

290 1853 395 1923 τῆς
451 1852 702 1924 μεγάλης
739 1854 802 1925 ὲν
841 1853 1111 1924 μάρτυσιν
1147 1852 1528 1918 Ἀναστασίας,
1565 1852 1635 1908 τὰ
1674 1853 1732 1908 δὲ
1777 1854 1876 1908 καὶ

292 1946 468 2017 αὐτῆς
494 1945 599 2017 τῆς
627 1946 814 2017 κοινῆς
847 1944 1120 2017 βασιλίδος
1169 1946 1414 2012 πάντων,
1443 1945 1541 2018 τῆς
1578 1947 1873 2019 ἀχράντου,

292 2040 441 2111 φημὶ
464 2080 481 2105 ,
508 2039 776 2093 Θεοτόκου
803 2038 1213 2112 διενεργούσης,
1240 2040 1337 2095 καὶ
1361 2038 1597 2112 μάλιστα
1627 2038 1878 2111 ἐναργῶς

289 2136 409 2196 τοῖς
451 2132 893 2206 σπουδαιοτέροις
921 2134 980 2188 έν
1008 2133 1160 2206 αύτῷ
1180 2132 1597 2205 διαφαινομένη.
1633 2133 1706 2187 Ἥ
1740 2132 1878 2205 μετὰ

289 2225 388 2281 τοῦ
418 2225 689 2297 συνήθους
713 2228 993 2299 σχήματος
1024 2228 1119 2282 καὶ
1153 2226 1249 2282 τοῦ
1284 2227 1479 2292 εἴδους,
1502 2227 1602 2282 ούκ
1621 2226 1754 2298 δναρ
1780 2226 1878 2299 μό·

290 2333 405 2382 νον,
432 2315 572 2370 ωλὰ
595 2317 692 2371 καὶ
718 2315 893 2388 ὕπαρ,
926 2316 1130 2371 πάθεσί
1163 2333 1223 2372 τε
1255 2316 1349 2372 καὶ
1402 2316 1622 2388 δαίμοσι
1651 2318 1745 2371 καὶ
1789 2335 1878 2371 vo-

291 2409 508 2481 σήμασι
538 2409 715 2479 φυγῆς
735 2409 888 2464 αίτία
909 2409 1258 2473 καθίσταται,
1279 2410 1661 2481 φαρμακείαις
1697 2426 1757 2463 τε
1781 2408 1878 2464 καὶ

289 2502 476 2565 ἄλλοις
520 2502 712 2568 κακοῖς
766 2501 1066 2575 φάρμακόν
1131 2503 1283 2558 ἐστιν
1339 2503 1587 2575 ἀτεχνῶς
1636 2503 1873 2575 ἄμαχον.

304 2593 470 2649 Ἀλλὰ
497 2595 671 2649 ταῦτα
699 2594 798 2666 μὲν
822 2599 917 2649 καὶ
952 2594 1134 2664 λέγειν
1165 2590 1332 2659 ἆθλος
1361 2596 1463 2650 οὐκ
1496 2593 1753 2667 εὐπετὴς,
1779 2594 1877 2649 καὶ

291 2686 551 2759 ἀριθμεῖν
598 2688 714 2742 ἴσον
762 2688 883 2743 ἐστὶ
923 2689 1021 2744 καὶΙ
1067 2688 1258 2763 κυάθῳ
1294 2689 1359 2743 τδ
1409 2688 1650 2760 πέλαγος
1702 2690 1874 2763 ὲκμεο

289 2781 466 2835 τρεῖν.

364 2797 466 2835 ειν.

328 2797 467 2927 ριΑν.
505 2872 630 2928 ’Ότι
657 2874 717 2929 δὲ
742 2875 818 2948 μὴ
858 2873 1065 2941 ζῶντες
1095 2875 1257 2948 μόνον
1285 2874 1348 2930 τὸ
1382 2871 1443 2931 εὖ
1471 2874 1593 2949 ζῇν,
1617 2874 1755 2931 ἀλλὰ
1776 2876 1876 2932 καὶ

287 2960 619 3034 τεθνηκότες
643 2964 745 3035 ήδη
775 2964 836 3019 τὸ
880 2967 984 3037 ζῇν
1015 2965 1154 3049 δλως
1197 2966 1258 3021 ἐν
1285 2965 1424 3037 τῷδε
1460 2965 1540 3036 τῷ
1573 2965 1685 3038 ναῷ
1717 2966 1877 3021 ἀπει·

288 3056 549 3129 λήφασιν,
572 3058 601 3112 ὁ
634 3056 793 3128 λόγος
818 3059 921 3130 ἤδη
946 3059 1189 3131 δηλῶσαι
1236 3059 1563 3132 βουλόμενος
1592 3059 1745 3133 εὕροι
1773 3060 1875 3126 τὰς

287 3150 460 3216 ἀκοὰς
491 3150 603 3206 τῶν
642 3151 928 3223 παρόντων
972 3151 1341 3222 ὑποδέξασθαι
1367 3152 1426 3207 τὸ
1452 3151 1641 3225 θαῦμα
1665 3151 1875 3226 προθύ-

1983 639 2118 696 bant
2150 638 2424 711 lacrymm,
2450 647 2509 693 et
2539 639 2902 694 ostendebant
2925 655 3049 695 eum
3080 639 3229 695 intus
3255 639 3578 695 extahescc-

1984 747 2065 787 re.
2128 730 2343 787 Deinde
2406 746 2533 785 cum
2598 732 2997 802 subjunxisset,
3057 733 3254 796 Amen,
3317 730 3578 788 videbant

1984 838 2180 879 omnes
2220 823 2336 880 fere
2382 824 2475 895 qui
2528 825 2779 891 aderant,
2808 826 3077 896 'primum
3133 826 3354 896 quidem
3393 826 3573 897 ignem

1985 918 2315 974 sihillantem
2361 919 2505 974 circa
2547 929 2713 974 totam
2750 910 2945 987 aedem,
2996 929 3052 975 et
3103 919 3158 975 in
3212 919 3355 974 illam
3405 920 3572 975 veluti

1984 1009 2277 1068 facientem
2319 1013 2587 1084 impetum
2622 1031 2636 1068 :
2692 1012 2892 1068 deinde
2943 1028 3074 1068 vero
3103 1014 3467 1077 recedentem,
3515 1021 3575 1066 et

1983 1104 2150 1159 veluti
2178 1120 2487 1176 repressum
2523 1122 2553 1161 a
2584 1107 2822 1178 quadam
2862 1107 3266 1178 inexpugnabili
3299 1118 3354 1163 et
3383 1107 3572 1162 fortis-

1984 1197 2121 1253 sima
2159 1198 2377 1254 virtute.
2409 1198 2572 1256 Certe
2612 1200 2730 1256 hare
2769 1214 2987 1271 quoque
3024 1215 3177 1255 sacra
3226 1201 3392 1265 aedes,
3437 1216 3576 1270 quo-

1984 1290 2146 1347 modo
2176 1291 2484 1349 divinorum
2524 1308 2821 1364 puerorum
2865 1292 3158 1363 aliquando
3199 1308 3427 1363 corpora
3461 1302 3572 1349 tota

1985 1383 2176 1449 illaesa,
2228 1392 2341 1441 tota
2382 1386 2606 1453 intacta,
2649 1385 2703 1440 in
2747 1395 2920 1451 tanto,
2954 1400 2987 1440 o
3028 1384 3244 1441 Christe
3288 1373 3568 1446 Servator.

1984 1475 2109 1548 igne
2136 1485 2222 1533 est
2251 1486 2594 1535 conservata.
2640 1476 2754 1535 Nec
2800 1478 2905 1533 hoc
2950 1478 3149 1543 solum,
3196 1486 3255 1533 ut
3287 1476 3401 1548 jam
3447 1486 3574 1533 ante

1983 1567 2240 1638 diximus,
2289 1571 2385 1626 sed
2432 1571 2667 1643 plurima
2713 1586 2932 1642 quoque
2979 1570 3084 1626 alia
3135 1568 3480 1626 admirabilia
3516 1570 3569 1624 in

1983 1660 2089 1716 hoc
2114 1661 2315 1732 templo
2341 1664 2709 1719 ostenduntur
2737 1680 2753 1717 :
2785 1663 2951 1718 multa
2984 1663 3202 1732 quidem
3235 1670 3288 1717 et
3313 1670 3445 1717 tunc
3474 1678 3571 1733 per

1985 1751 2338 1822 Marcianum,
2360 1756 2525 1812 multa
2551 1766 2733 1811 autem
2758 1764 2881 1827 post
2904 1754 3050 1811 illius
3075 1769 3292 1825 quoque
3316 1764 3570 1820 mortem,

1982 1847 2182 1918 partim
2229 1847 2450 1918 quidem
2494 1863 2689 1919 magna
2738 1847 2882 1902 inter
2927 1855 3193 1918 martyres
3236 1846 3520 1901 Anastasia
3555 1865 3571 1902 :

1982 1939 2180 2011 partim
2225 1949 2407 1995 autem
2453 1940 2569 2011 ipsa
2619 1954 2838 2009 quoque
2880 1939 3160 1994 communi
3206 1938 3451 1993 omnimu
3488 1952 3575 1991 re-

1979 2029 2125 2102 gina,
2160 2030 2503 2095 intemerata,
2548 2028 2792 2100 inquam,
2831 2026 3080 2099 Deipara,
3125 2036 3406 2099 operante.
3434 2026 3565 2093 Quae

1979 2120 2199 2192 quidem
2226 2119 2639 2176 evidentissime
2680 2135 2951 2190 apparens
2976 2119 3062 2181 Iis,
3104 2120 3195 2190 qui
3247 2119 3300 2172 in
3330 2134 3396 2174 eo
3445 2129 3575 2173 sunt

1977 2213 2142 2284 paulo
2167 2212 2444 2279 meliores,
2475 2228 2599 2269 cum
2632 2212 2801 2284 figura
2830 2221 2885 2267 et
2922 2211 3097 2267 forma
3140 2222 3424 2273 consueta,
3455 2226 3565 2264 non

1979 2306 2155 2363 solum
2188 2306 2246 2361 in
2269 2306 2502 2373 somnis,
2532 2306 2628 2362 sed
2650 2320 2861 2372 revera,
2892 2320 3056 2360 causa
3085 2314 3189 2366 est,
3221 2314 3280 2359 ut
3312 2304 3568 2373 fugentur

1978 2395 2275 2463 daemones,
2319 2395 2495 2453 morbi
2537 2405 2596 2453 et
2639 2396 3031 2469 aegritudines:
3076 2395 3468 2466 veneﬁciisque
3516 2406 3568 2450 ct

1978 2489 2103 2545 aliis
2131 2489 2290 2545 malis
2332 2488 2797 2546 medicamentum
2830 2502 2961 2546 vere
3003 2498 3088 2545 est
3127 2488 3568 2561 inexpugnabile.

1976 2579 2085 2637 Sed
2114 2580 2233 2637 haec
2260 2581 2481 2652 quidem
2507 2581 2691 2637 dicere
2721 2575 3008 2637 certamen
3040 2589 3125 2637 est
3153 2595 3265 2634 non
3303 2580 3481 2647 facile,
3514 2589 3568 2636 et

1977 2687 2304 2731 enumerare
2336 2674 2564 2746 perinde
2589 2683 2672 2730 est
2698 2689 2761 2729 ac
2790 2689 2944 2730 mare
2978 2672 3159 2729 metiri
3186 2673 3404 2745 cyatho.

2054 2866 2143 2924 XI.
2184 2866 2342 2935 Quod
2383 2875 2568 2923 autem
2603 2881 2714 2922 non
2748 2863 2924 2921 solum
2958 2863 3085 2928 vivi,
3130 2872 3191 2920 ut
3224 2872 3374 2919 recte
3416 2865 3571 2920 vive-

1977 2970 2124 3024 rent,
2154 2960 2250 3015 sed
2293 2960 2457 3016 etiam
2489 2959 2600 3031 jam
2651 2958 2877 3024 mortui,
2928 2966 2990 3014 ut
3037 2958 3305 3022 viverent,
3358 2957 3415 3012 in
3462 2957 3565 3013 hoc

1977 3055 2184 3125 templo
2238 3061 2593 3125 acceperunt,
2644 3053 2755 3124 jam
2810 3051 2998 3109 volens
3042 3049 3322 3106 declarare
3366 3049 3561 3115 oratio,

1976 3146 2220 3204 inveniat
2244 3162 2457 3209 eorum,
2496 3145 2588 3217 qui
2627 3145 2851 3210 adsunt,
2882 3157 3044 3200 aures
3074 3149 3291 3214 paratas
3318 3141 3386 3198 ad
3427 3141 3569 3198 acci-

292 3240 457 3313 μους.
480 3242 627 3314 Γυνή
652 3260 739 3306 τις
766 3244 832 3298 ἐκ
853 3243 954 3316 τῆς
976 3244 1229 3318 ὑπερῴου
1257 3246 1421 3309 στοᾶς
1436 3244 1547 3301 τῶν
1577 3244 1875 3318 εὐωνύμων

1980 3240 2240 3313 piendum
2275 3237 2627 3294 miraculum.
2656 3236 2852 3292 Mulier
2890 3236 3139 3307 quaedam
3184 3248 3251 3291 ex
3301 3233 3570 3305 superiori

289 3332 477 3405 μερῶν
498 3332 951 3407 ύπερκύπτουσα,
987 3336 1085 3392 καὶ
1129 3335 1301 3392 πλέον¹
1336 3336 1370 3409 ἢ
1423 3336 1684 3408 ἀσφαλῶς
1725 3332 1874 3410 εῖχεν

288 3427 632 3498 αἰωρηθεῖσα
661 3425 852 3483 πίπτει
909 3444 970 3482 τε
1001 3427 1122 3500 ἅμα
1161 3427 1256 3484 τοῦ
1301 3427 1507 3500 ὕψους,
1548 3429 1643 3484 καὶ
1686 3431 1876 3503 νεκροῖ

292 3522 391 3593 μὲν
419 3521 646 3589 ἑαυτὴν,
677 3522 866 3595 νεκροῖ
889 3522 969 3590 δὲ,
997 3522 1133 3593 (pi-:6!
1176 3522 1272 3577 καὶ
1302 3523 1367 3578 τὸ
1394 3524 1529 3578 εἴσω
1558 3523 1738 3589 αὐτῆς
1792 3525 1873 3578 οῖ-

290 3611 524 3685 κουροῦν
554 3612 818 3685 ἔμϐρυον.
859 3616 1041 3685 Ὅπερ
1080 3614 1282 3679 ίδόντες
1310 3614 1339 3670 ὅ
1370 3632 1431 3669 τε
1453 3614 1597 3679 θεῖος
1615 3616 1872 3686 Μαρκιαο

288 3704 397 3771 νὸς,
419 3706 517 3760 καὶ
546 3704 610 3760 τὸ
642 3705 866 3776 πλῆθος,
890 3708 1080 3779 φέρειν
1117 3707 1218 3762 οὐκ
1247 3703 1422 3779 εἷχον,
1460 3707 1598 3761 ἀλλὰ
1632 3709 1690 3762 ἐν
1724 3707 1872 3780 μέσῃ

288 3800 355 3869 τῇ
380 3799 547 3870 ἑορτῇ
579 3797 779 3871 θρῆνος
806 3795 897 3872 ἦν,
947 3800 1041 3854 καὶ
1079 3799 1333 3873 δακρύων
1377 3798 1603 3873 ἀφορμὴ
1638 3800 1699 3855 τὸ
1726 3798 1875 3871 γινό-

290 3907 475 3960 μενον.
514 3890 665 3963 Πλὴν
704 3890 819 3945 ἀλλ’
850 3892 953 3947 οὐκ
981 3892 1164 3947 εἴασεν
1192 3896 1221 3949 ὁ
1248 3892 1411 3964 φύσει
1466 3893 1703 3965 χρηστὸς
1751 3895 1873 3948 επι-

285 3980 425 4036 πολὺ
452 3983 732 4058 κρατῆσαι
756 3976 819 4038 τὸ
848 3984 1044 4051 πάθος,
1082 3984 1222 4041 ἀλλὰ
1258 3986 1387 4059 πρὶν
1435 3985 1469 4058 ἢ
1508 3986 1601 4042 τὸν
1623 3986 1749 4043 ναδν
1781 3986 1873 4055 ἐξ·

286 4074 465 4129 ελθεῖν
493 4077 623 4140 τοὺς
659 4078 1110 4150 συνειλεγμένους
1133 4078 1264 4150 (ἔδει
1290 4079 1401 4151 γὰρ
1433 4078 1581 4151 (duo?)
1618 4079 1716 4135 καὶ
1746 4079 1873 4150 φιλ·

287 4165 612 4238 ανθρωπίας
666 4168 826 4236 Θεοῦ,
887 4171 1142 4242 καὶπερὶ
1191 4172 1321 4236 τοὺς
1370 4172 1537 4226 αὑτὸν
1579 4172 1872 4242 φιλοῦντας

290 4256 452 4327 ἔργον
481 4257 643 4330 δόξης
693 4259 974 4332 ὀφθῆναι),
1007 4261 1144 4332 ύψοῦ
1193 4263 1293 4327 τὰς
1322 4267 1513 4336 χεῖρας
1551 4262 1870 4337 Μαρκιανοῦ

294 4345 552 4413 ἄραντος,
583 4348 679 4403 καὶ
704 4351 802 4409 σὺν
820 4350 899 4423 τῷ
939 4352 1134 4424 πλήθει
1174 4355 1370 4418 κοινῶς
1396 4355 1718 4427 εὐχομένου,
1748 4357 1785 4428 ἦ
1811 4373 1872 4411 τε

296 4439 436 4513 γυνὴ
463 4441 783 4513 παραδόξως
813 4444 1090 4514 ἀνίστατο,
1123 4446 1218 4502 καὶ
1244 4446 1306 4501 τὺ
1335 4447 1536 4519 βρέφος
1563 4448 1712 4504 ἔνδον
1736 4450 1872 4504 θαυ-

287 4533 520 4675 gandi;
572 4534 825 4594 ἐκινεῖτο.
873 4535 1036 4592 Ἀλλὰ
1063 4536 1133 4592 τὰ
1160 4538 1264 4611 μὲν
1289 4538 1398 4594 τῶν
1443 4538 1739 4611 θαυμάτων
1774 4539 1871 4597 νῦν

330 4622 411 4675 λιε
446 4624 643 4675 ὲνέτω.

346 4638 411 4686 tt;
446 4624 643 4696 ἐχέτω.

347 4783 464 4841 -IB'.
499 4786 594 4838 Δεῖ
619 4785 677 4841 δὲ
706 4786 927 4852 πάντως
959 4787 1040 4859 τῷ
1075 4788 1223 4861 λόγῳ
1266 4789 1543 4846 διαλαϐεῖν
1598 4793 1696 4846 καὶ
1745 4791 1875 4861 περὶ

286 4875 398 4930 τῶν
424 4876 602 4936 ἄλλων
626 4871 703 4934 ὧν
728 4880 935 4947 ἐκεῖνος
958 4880 1103 4936 ναῶν
1127 4881 1393 4953 φιλοθέως
1433 4883 1830 4957 ᾠκοδομήσατο
1854 4926 1871 4953 ,

288 4969 553 5042 Εξρήνης,
581 4972 749 5043 φημὶ,
776 4972 874 5045 τῆς
906 4973 1218 5047 θαυμασίας
1254 4977 1314 5030 ἐν
1334 4977 1624 5050 μάρτυσιν,
1654 4976 1714 5042 ὃς
1735 4978 1875 5052 πρὸς

287 5058 568 5115 θάλασσάν
596 5062 712 5116 ἐστι
735 5063 1010 5133 κείμενος*
1054 5066 1151 5121 καὶ⁵
1169 5065 1263 5120 τοῦ
1293 5067 1631 5140 ύπεχομένου
1655 5068 1869 5139 τούτου,

301 5149 585 5222 ’ῐσιδώρου
630 5151 834 5225 δηλαδὴ
872 5153 971 5209 τοῦ
1002 5156 1175 5214 θείου.
1202 5152 1375 5222 Οὗτος
1406 5160 1516 5232 γὰρ
1539 5161 1568 5214 ὁ
1593 5162 1693 5234 τῆς
1730 5163 1874 5236 μάρ-

283 5258 452 5317 τυρος
479 5245 723 5318 Εἰρήνης
746 5247 875 5313 ναὸς
910 5248 1178 5321 ἐτύγχανε
1223 5251 1326 5323 μὲν
1368 5253 1470 5325 τὴν
1523 5255 1700 5327 ἀρχὴν
1748 5254 1874 5311 οὔτε

289 5335 539 5406 μεγέθει,
580 5335 707 5393 οὔτε
752 5339 964 5408 κάλλει,
1012 5341 1137 5398 οὕτε
1169 5343 1317 5417 ἄλλῳ
1364 5345 1554 5419 κόσμῳ
1618 5347 1715 5402 καὶ
1752 5349 1874 5414 ταῖς

286 5426 631 5499 φιλοτιμίαις
657 5429 972 5498 ἀξιοθέατος
1003 5432 1081 5490 ὥν
1098 5451 1113 5469 ⁸
1145 5435 1263 5493 ἀλλ’
1289 5436 1454 5510 ιμελε
1481 5439 1558 5511 τῷ
1587 5439 1708 5514 Θεῷ
1736 5443 1875 5498 πάνυ

282 5537 396 5586 τως
415 5519 499 5585 είς
522 5514 635 5578 οἷον
666 5523 764 5577 νῦν
783 5525 979 5596 ὁρᾶται
1012 5527 1248 5600 μέγεθός
1293 5547 1354 5586 τε
1403 5533 1500 5589 καὶ
1531 5533 1730 5600 κάλλος
1765 5536 1873 5592 αύ-

288 5615 386 5667 τὺν
414 5614 743 5686 ἀναστῆσαι.
776 5617 941 5673 Ὅθεν
989 5621 1083 5676 καὶ
1127 5622 1395 5699 Γενναδίῳ
1438 5625 1515 5699 τῷ
1557 5629 1872 5705 πατριάρχῃ

284 5706 407 5762 θεία
436 5725 519 5771 τις
544 5708 893 5778 ἐπιφαίνεται
925 5712 1070 5786 ὄψις.
1098 5718 1210 5775 Καὶ
1247 5721 1281 5791 ἠ
1303 5720 1425 5791 ὄψις
1459 5721 1612 5793 ἔλεγε
1641 5740 1656 5757 ο
1681 5724 1861 5779 Λῦσον

282 5800 376 5853 τὸν
407 5798 538 5855 ναὸν
567 5799 781 5857 τοῦτονο
818 5805 999 5875 μέλλω
1027 5810 1158 5883 γὰρ,
1196 5814 1350 5884 φησὶ,
1377 5815 1472 5871 ἐπὶ
1508 5816 1603 5875 τοῦ
1637 5816 1776 5888 μετὰ
1804 5818 1865 5871 σὲ

286 5891 387 5946 πά)
402 5910 450 5945 ιν
478 5889 644 5947 αὐτὸν
671 5893 920 5968 ἀνιστᾲν.
964 5901 1025 5955 '0
1055 5902 1259 5974 μὲνοῦν
1286 5905 1347 5962 τὸ
1376 5907 1726 5980 προσταχθὲν
1754 5908 1870 5978 ἅμα

1973 3331 2191 3405 porticu
2226 3330 2463 3386 dexterae
2512 3329 2685 3401 partis
2728 3329 3061 3403 despiciens,
3113 3336 3168 3385 et
3213 3328 3359 3402 plus,
3404 3342 3568 3397 quam

1975 3433 2153 3481 tutum
2200 3430 2365 3489 esset,
2402 3438 2461 3478 se
2490 3422 2547 3478 in
2581 3423 2752 3478 altum
2795 3422 3084 3490 extollens,
3117 3419 3282 3477 simul
3326 3425 3382 3474 et
3425 3418 3572 3475 cadit

1973 3531 2040 3572 ex
2066 3514 2176 3570 alto
2200 3531 2215 3570 :
2238 3523 2296 3571 et
2322 3512 2428 3570 sibi
2457 3512 2677 3584 quidem
2702 3520 2936 3567 mortem
2954 3510 3146 3577 .affert,
3175 3510 3335 3566 al‘fert
3361 3517 3566 3573 autem,

1972 3607 2111 3679 proh
2136 3606 2311 3669 dolor,
2335 3612 2568 3661 mortem
2588 3617 2804 3675 quoque
2833 3602 2965 3659 fetui
2996 3602 3088 3674 qui
3141 3602 3197 3657 in
3240 3617 3304 3658 ea
3353 3600 3571 3657 habita-

1973 3697 2085 3754 bat.
2115 3695 2272 3764 Quod
2296 3695 2515 3767 quidem
2557 3709 2684 3750 cum
2713 3692 2981 3751 vidissent
3005 3693 3228 3750 divinus
3252 3692 3571 3748 Marcianus

1973 3799 2031 3848 et
2061 3790 2317 3863 populus,
2373 3789 2426 3844 id
2471 3788 2617 3844 ferre
2658 3802 2770 3844 non
2811 3795 3066 3863 poterant
3108 3804 3123 3842 :
3167 3784 3262 3842 sed
3296 3784 3352 3840 in
3388 3785 3571 3841 medio

1975 3884 2118 3940 festo
2145 3892 2265 3939 erat
2292 3881 2610 3938 lamentatio
2635 3890 2690 3937 et
2720 3880 3081 3953 Iacrymarum
3109 3878 3324 3936 occasio
3351 3879 3402 3935 id
3423 3879 3571 3950 quod

1974 3977 2265 4034 acciderat.
2306 3975 2508 4032 Verum
2537 3974 2818 4032 enimvero
2848 3974 2896 4029 is
2927 3973 3018 4043 qui
3050 3982 3133 4028 est
3161 3982 3353 4028 natura
3370 3972 3570 4038 bonus,

1974 4085 2084 4127 non
2115 4069 2247 4127 sinit
2274 4069 2366 4125 diu
2403 4068 2673 4125 dominari
2702 4066 2848 4124 illam
2874 4066 3218 4123 affectionem
3250 4085 3263 4119 :
3298 4066 3391 4122 sed
3418 4075 3571 4121 ante-

1973 4179 2137 4237 quam
2188 4178 2220 4219 e
2276 4161 2482 4234 templo
2540 4161 2773 4226 exirent,
2820 4160 2929 4231 'qui
2986 4158 3298 4231 congregati
3354 4159 3573 4214 fuerant

1976 4254 2285 4326 (oportebat
2312 4253 2457 4309 enim
2489 4251 2653 4308 simul
2679 4260 2737 4307 et
2782 4249 2901 4307 Dei-
2921 4250 3248 4316 clementiae,
3279 4259 3335 4306 et
3364 4250 3418 4304 in
3450 4264 3567 4316 eos,

1973 4349 2066 4418 qui
2094 4347 2270 4417 ipsum
2303 4345 2582 4417 amabant,
2628 4343 2814 4416 gloriae
2849 4359 2990 4415 opus
3031 4341 3295 4414 conspici)
3343 4357 3466 4397 cum
3514 4342 3569 4395 in

1973 4439 2144 4494 altum
2175 4453 2369 4494 manus
2396 4437 2706 4493 sustulisset
2733 4435 3065 4511 Marcianus,
3106 4444 3162 4491 et
3201 4434 3568 4491 communiter

1973 4539 2155 4587 oraret
2177 4546 2299 4585 cum
2329 4529 2553 4599 populo,
2585 4538 2642 4583 et
2687 4527 2885 4583 mulier
2929 4527 3170 4582 surrexit
3214 4534 3414 4597 praeter
3443 4526 3567 4596 opi-

1900 4621 1948 4678 D
1977 4620 2219 4685 nionem,
2262 4626 2318 4675 et
2362 4617 2513 4674 intus
2558 4627 2741 4676 motus
2779 4626 2865 4674 est
2912 4614 3095 4672 infans
3151 4615 3569 4674 admirabiliter.

1978 4710 2101 4769 Sed’
2120 4712 2188 4768 de
2220 4711 2496 4768 miraculis
2526 4709 2747 4781 quidem
2780 4711 2914 4766 satis
2944 4710 3015 4766 sit
3042 4709 3096 4765 in
3127 4698 3441 4782 praesentia.

2047 4801 2166 4858 XII.
2217 4800 2448 4873 Oportet
2486 4810 2670 4858 autem
2697 4784 2926 4857 omnino
2964 4802 3069 4857 alia
3112 4798 3329 4873 quoque
3369 4799 3569 4871 templa

1975 4894 2266 4965 complecti
2299 4893 2570 4961 oratione,
2599 4908 2721 4964 qua:
2759 4893 2852 4950 ille
2882 4894 2971 4965 pie
3007 4906 3071 4950 ac
3114 4893 3366 4966 religiose
3397 4893 3574 4951 aedili-

1975 4986 2157 5042 cavit:
2193 4984 2402 5052 Irenes,
2438 4985 2689 5057 inquam,
2721 4971 2852 5056 qua:
2873 4994 2959 5042 est
2985 4984 3129 5042 inter
3174 4995 3441 5058 martyres
3469 4986 3561 5041 ad;

1976 5077 2265 5146 mirabilis,
2292 5078 2438 5149 quod
2468 5079 2643 5134 estad
2673 5092 2825 5134 mare
2858 5079 3097 5150 positum
3124 5096 3139 5134 :
3164 5086 3219 5134 et
3256 5079 3394 5148 ejus,
3423 5079 3569 5150 quod
3659 5151 3664 5156 _

1975 5178 2060 5229 est
2085 5169 2162 5226 illi
2211 5170 2526 5237 continens,
2554 5167 2726 5226 divini
2756 5169 2970 5226 scilicet
3011 5166 3226 5225 Isidori.
3278 5166 3392 5224 Hoc
3422 5167 3570 5224 enim

1977 5263 2239 5336 templum
2270 5262 2524 5336 martyris
2554 5261 2741 5319 [renes
2769 5270 2891 5318 erat
2939 5261 3161 5333 quidem
3193 5260 3251 5315 in
3275 5260 3570 5332 principio,

1972 5368 2154 5426 neque
2181 5360 2406 5426 propter
2439 5354 2896 5426 magnitudinem,
2939 5368 3045 5410 nec
3071 5352 3561 5425 pulchritudinem,

1973 5461 2080 5503 nec
2105 5447 2278 5503 ullum
2314 5445 2483 5502 alium
2524 5456 2781 5503 ornatum
2820 5452 2917 5501 aut
2959 5444 3445 5518 magniﬁcentiam,
3475 5443 3571 5501 di-

1974 5556 2141 5613 gnum
2166 5539 2313 5611 quod
2344 5548 2703 5612 spectaretur.
2737 5540 2845 5596 Sed
2874 5538 2986 5595 Deo
3011 5538 3240 5595 omnino
3276 5553 3425 5595 curae
3448 5535 3570 5592 'fuit

1972 5634 2214 5690 tribuere
2269 5632 2444 5700 huic,
2510 5632 2671 5705 quale
2715 5648 2865 5689 nunc
2922 5632 3187 5696 cernitur,
3237 5628 3571 5701 magnitudi-

1974 5741 2100 5782 nem
2121 5735 2177 5782 et
2196 5726 2684 5797 pulchritudinem.
2712 5725 3077 5793 Quamobrem
3106 5721 3392 5779 Gennadio
3429 5737 3570 5791 quo-

1972 5837 2079 5892 que
2112 5822 2436 5892 patriarcha:
2469 5821 2651 5878 divina
2683 5819 2928 5892 qua-dam
2954 5827 3182 5901 apparet
3215 5816 3373 5872 visio.
3409 5814 3568 5870 Dice-

1975 5915 2064 5970 bat
2114 5923 2296 5974 autem
2341 5915 2523 5974 visio:
2579 5914 2741 5971 Solve
2794 5912 2899 5969 hoc
2957 5911 3260 5980 templum:
3316 5921 3565 5980 tempore
