3886 6480
381 453 484 516 445

377 586 484 622 των
511 563 605 618 δύο
631 559 828 614 κιόνων

381 655 495 723 ρίου
544 650 850 718 ἀναστῆναι
899 645 999 715 ήδη
1034 640 1362 712 μελλόντων,
1393 637 1582 707 ἐτερος
1617 631 1800 723 αὑτων
1832 631 1952 723 ἐπιῖ

377 718 511 798 πολὺ
543 745 664 805 ταῖς
693 739 884 810 χερσὶν
915 733 1153 806 ἠπείθει,
1207 732 1304 784 καὶ
1353 729 1685 796 δυσκάτοχος
1721 718 1812 793 ἦν,
1855 719 1952 772 καλ⁵

377 841 477 907 τῆς
501 832 848 905 εὐαρμόστου
877 828 1120 889 στάσεως
1143 822 1543 893 παρετρέπετο,
1577 820 1645 870 τά
1663 835 1723 870 τε
1742 815 1954 887 ὄργανα

381 925 622 998 συνεχῶς
651 922 1039 996 διερρήγνυτο,
1064 921 1162 973 καὶ
1191 919 1304 980 τοῖς
1331 915 1470 986 πρὸς
1494 913 1654 966 τοῦτο
1674 912 1954 964 διακονουλ-

381 1021 563 1091 μένοις
599 1016 924 1084 ἀπέκαμνεν
961 1014 994 1084 ή
1036 1009 1265 1080 σπουδή.
1299 1007 1466 1068 Τέλος
1499 1001 1592 1059 οὖν
1632 1001 1952 1073 συμφρονή-

380 1127 574 1172 σαντες
590 1109 684 1162 xui.
703 1107 874 1160 οἱονεὶ
896 1103 995 1174 τὴν
1025 1100 1226 1173 πρᾶξιν
1250 1095 1735 1167 ἀπαγορεύσαντες
1760 1091 1954 1145 ἀπίασι

380 1202 515 1272 πρὸς
542 1200 636 1253 τὸν
669 1199 849 1266 ἆγιον,
879 1195 976 1250 καλ.
1011 1194 1073 1246 τὸ
1120 1190 1344 1261 γεγονὸς
1379 1185 1840 1256 ἀπαγγέλλουσιν.
1891 1182 1952 1234 '0

379 1296 434 1348 δέ
459 1295 560 1348 οὐκ
593 1292 735 1360 ἔγνω
786 1287 1030 1361 ῥᾳθυμίᾳ
1072 1284 1387 1356 προσέχειν,
1407 1280 1534 1335 οὕτε
1579 1279 1686 1350 μὴν
1730 1276 1956 1344 ἀπέγνω

380 1386 478 1456 τὴν
518 1383 841 1455 θεραπείαν,
897 1378 1154 1449 ἀσθενείᾳ
1195 1375 1472 1446 λογισμῶν
1512 1389 1573 1426 τε
1621 1371 1714 1425 καὶ
1753 1368 1956 1440 χειρῶν

383 1477 741 1548 ἀνθρωπίνων
766 1471 1048 1545 ἐμϐλέψας
1070 1486 1084 1502 ·
1111 1469 1246 1524 ἀλλὰ
1269 1471 1334 1540 τῇ
1371 1466 1507 1537 πρὸς
1533 1465 1664 1519 Θεὸν
1694 1462 1869 1517 ἐλπίδι
1896 1460 1958 1514 τὸ

385 1571 491 1623 πᾶν
518 1567 842 1639 ἐπιτρέψας,
875 1567 968 1620 ἐπὶ
1004 1565 1100 1619 τὸν
1137 1563 1304 1617 τόπον
1342 1559 1555 1631 ἐφοίτα.
1611 1557 1724 1611 Καὶ
1763 1554 1958 1627 πρῶτα
1988 1583 1995 1589 -

389 1663 488 1733 μὲν
519 1662 620 1724 τὰς
649 1663 840 1731 χεῖρας
877 1657 1127 1720 ἐκτείνας
1163 1655 1262 1708 καὶ
1287 1654 1408 1708 ὅλον
1446 1651 1644 1706 ἑαυτὸν
1679 1647 1957 1711 συντείνας

384 1749 822 1821 είςπροσευχὴν,
855 1747 952 1801 τόν
981 1764 1042 1800 τε
1077 1745 1174 1800 τοῦ
1203 1743 1442 1811 σταυροῦ
1481 1741 1653 1794 τύπον
1682 1739 1960 1810 ἐπισημή-

385 1859 502 1909 νας,
536 1842 616 1913 τῷ
644 1841 753 1895 τῶν
804 1838 1163 1912 ἐμποδισμῶν
1203 1838 1363 1908 αίτίῳ
1415 1835 1626 1906 δαίμονι
1678 1832 1915 1902 ἐπετίμα
1940 1845 1956 1862 ο

384 1937 606 2010 Ἐχθρέ,
629 1937 829 2004 λέγων,
873 1933 1079 1996 παντὸς
1102 1930 1308 2000 ἀγαθοῦ
1339 1927 1594 1998 πολέμιε,
1623 1924 1833 1979 παῦσαι
1863 1923 1960 1994 βα-

387 2030 649 2094 σκαίνων,
679 2027 775 2081 καὶ
806 2025 920 2088 τοῖς
947 2023 1089 2095 πρὸς
1112 2021 1270 2086 δόξαν
1285 2018 1422 2073 Θεοῦ
1445 2016 1755 2087 γινομένοις
1788 2015 1962 2084 ἐμπο-

385 2121 548 2186 δίζων
587 2117 696 2174 ἀεί.
731 2116 966 2169 Ἔπειτα
994 2113 1088 2167 καὶ
1123 2110 1287 2174 αὐτὸς
1317 2109 1414 2164 τοῦ
1445 2107 1610 2179 ἔργου
1638 2106 1752 2168 τοῖς
1780 2103 1963 2167 ἄλλοις

387 2210 859 2282 αλνεφαψάμενος,
927 2204 1116 2279 χερσῖν
1158 2204 1261 2276 ήδη
1309 2199 1710 2273 γεγηρακυίαις
1758 2196 1962 2267 πολλὴν

387 2306 555 2358 ἔδωκε
580 2302 679 2373 τὴν
717 2300 912 2374 ῥοπὴν,
937 2301 1002 2353 ἐκ
1029 2297 1124 2350 τοῦ
1151 2295 1458 2366 πνεύματος
1492 2291 1693 2363 μᾶλλον
1723 2290 1899 2342 είπεῖν
1927 2286 1960 2344 ἢ

385 2395 480 2451 τοῦ
540 2394 827 2465 σώματος’
863 2393 958 2446 καὶ
994 2391 1029 2461 ὴ
1063 2389 1255 2452 στάσις
1295 2386 1500 2449 εὐθέως
1549 2385 1829 2454 ἐνδόσιμος
1870 2377 1962 2453 ἦν,

389 2489 485 2541 καὶ
511 2489 632 2550 ταῖς
679 2485 867 2556 χερσὶν
906 2484 1151 2538 εῖκουσα.
1196 2479 1494 2552 Πρόκειται
1531 2476 1627 2530 τοῦ
1686 2476 1965 2546 θαύματος

391 2580 523 2650 ἄχρι
547 2577 644 2631 καὶ
672 2575 770 2630 νῦν
799 2577 832 2646 ή
863 2574 1098 2646 δήλωσις
1143 2571 1220 2642 τῷ
1258 2571 1399 2625 κίονι
1436 2567 1833 2639 ἐπιφαινομένη
1875 2565 1966 2620 διά

386 2671 490 2740 τῆς
523 2669 704 2738 ὀλίγον
735 2685 788 2722 τι
813 2664 908 2720 τοῦ
938 2666 1057 2720 λίαν
1105 2664 1269 2736 ὀρθοῦ
1323 2661 1739 2734 παρεκκλίσεως
1762 2677 1776 2691 °
1810 2658 1966 2714 κίονα

387 2762 447 2816 δὲ
475 2761 663 2816 τοῦτόν
707 2777 885 2832 φαμεν
926 2759 987 2823 ὃς
1021 2760 1080 2825 ἐξ
1125 2757 1433 2829 ἀριστερῶν
1473 2754 1570 2810 τοῦ
1602 2754 1750 2827 ίεροῦ
1781 2753 1970 2808 θυσια-

391 2849 616 2924 στηρίου
641 2852 748 2906 τῶν
773 2851 1027 2922 ὁρώντων
1052 2850 1192 2922 πρὸς
1229 2843 1504 2913 ’ἀνατολὰς
1531 2849 1766 2920 ῖδρυται.

462 2944 561 2998 ΙΔ⁹.
599 2942 762 2997 Ἀλλά
811 2941 932 3006 πῶς
982 2939 1094 3013 ἄρα
1123 2941 1237 2994 ικαὶ
1280 2939 1376 2993 τοῦ
1426 2938 1968 3003 κατασκευασθέντος

391 3035 546 3107 αύτῷ
578 3035 868 3104 παγκάλου
891 3033 1284 3105 φωτιστηρίου,
1317 3033 1345 3087 ὃ
1365 3033 1430 3105 δὴ
1455 3033 1551 3088 καὶ
1573 3032 1966 3103 βαπτιστήριον

395 3125 579 3180 καλεῖν
619 3125 914 3195 εἰώθαμεν,
933 3126 1002 3180 δι’
1022 3125 1205 3195 ὀλίγου
1244 3142 1329 3190 τις
1359 3124 1625 3197 ἐκφράσοι
1646 3123 1746 3194 τὴν
1772 3123 1968 3177 καλλο-

1342 433 1520 496 VITA
1561 431 1619 490 S.
1668 416 2047 488 MARCIANI
2087 421 2589 482 PRESBYTERI.

875 555 984 610 τῶν
1027 551 1232 607 σεπτοῦ
1263 546 1625 622 προεστώτων
1653 541 1950 608 θυσιαστη-

2075 536 2348 608 erigenda,
2372 535 2538 590 altera
2569 551 2634 590 ex
2659 535 2723 589 iis
2747 536 2994 590 manibus
3019 535 3298 590 hominum
3321 534 3415 590 diu
3438 551 3631 606 parere

3523 420 3631 481 4ίῦ

2055 629 2252 692 noluit,
2283 627 2480 697 vixque
2509 627 2776 682 contineri
2821 635 3055 697 poterat»,
3085 633 3141 682 et
3168 643 3198 682 a
3227 634 3372 681 statu
3399 629 3630 682 concin-

2055 736 2127 774 no
2159 720 2480 780 divertebat,
2507 729 2560 773 et
2580 721 2943 773 instrumenta
2972 718 3320 774 continenter
3352 719 3630 789 dirumpe-

2054 811 2256 867 bantur
2283 830 2295 866 :
2335 812 2527 882 iisque,
2561 813 2653 881 qui
2685 812 2752 866 ad
2784 813 2888 866 hoc
2919 811 3397 875 administrabant,
3431 811 3627 866 defati-

2056 913 2178 974 gata
2211 904 2321 972 jam
2365 909 2483 956 erat
2528 902 2818 958 industria.
2849 902 3090 956 Tandem
3137 918 3261 956 cum
3308 902 3421 956 ﬁeri
3471 918 3630 972 posse

2055 996 2221 1052 veluti
2266 995 2664 1065 desperassent,
2692 997 2757 1048 ad
2799 1003 3047 1049 sanctum
3093 1010 3202 1048 uno
3229 1010 3501 1050 consensu
3541 1011 3632 1049 ac-

2057 1089 2278 1153 cedunt,
2324 1097 2380 1142 ct
2429 1088 2502 1154 id,
2544 1087 2687 1156 quod
2733 1087 2932 1141 faetum
2971 1087 3166 1153 fuerat,
3199 1090 3541 1142 renuntiant.
3581 1088 3633 1142 ls

2058 1193 2242 1238 autem
2302 1198 2408 1238 non
2472 1184 2657 1238 statuit
2715 1197 2774 1237 se
2826 1182 3028 1238 debere
3083 1184 3196 1238 otio
3245 1193 3300 1239 et
3347 1184 3632 1240 socordia.

2056 1279 2245 1348 Neque
2293 1294 2420 1333 vero
2449 1278 2713 1333 afferendi
2751 1278 2979 1333 remedii
3021 1293 3172 1348 spem
3212 1279 3433 1348 abiecit.
3463 1279 3623 1349 respi-

2058 1372 2208 1427 ciens
2236 1371 2658 1426 imbecillitatem
2699 1369 3088 1442 cogitationum
3132 1377 3188 1424 et
3229 1385 3491 1424 manuum
3534 1370 3636 1424 hu-

2059 1480 2390 1520 manarum:
2427 1464 2521 1519 sed
2567 1464 2681 1534 spei
2732 1463 2785 1517 in
2836 1462 3006 1518 Deum
3043 1463 3357 1517 universum
3406 1463 3637 1532 permit—

2060 1565 2201 1621 tens,
2232 1557 2381 1613 venit
2411 1557 2478 1613 ad
2512 1557 2712 1612 locum.
2749 1556 2965 1610 Etcum
3009 1557 3187 1627 primo
3223 1572 3420 1611 manus
3449 1564 3638 1610 exteri-

2061 1649 2251 1716 disset,
2314 1657 2371 1704 et
2409 1665 2468 1704 se
2527 1658 2700 1704 totum
2745 1648 3068 1704 contulisset
3127 1649 3193 1704 ad
3242 1648 3636 1718 precationem,

2061 1753 2117 1797 et
2159 1743 2384 1814 ﬁguram
2431 1740 2608 1796 crucis
2642 1741 2929 1811 signasset,
2973 1740 3276 1809 increpavit
3309 1740 3636 1803 daemonem,

2063 1833 2153 1903 qui
2196 1843 2314 1886 erat
2359 1847 2520 1885 causa
2568 1830 2986 1900 impedimenti:
3032 1829 3276 1895 lnimice,
3333 1829 3538 1894 dicens,
3585 1837 3641 1882 et

2064 1925 2237 1980 hostis
2264 1923 2445 1978 omnis
2475 1923 2625 1987 boni,
2663 1937 2818 1976 cessa
2859 1920 3105 1975 invidere
3137 1928 3193 1974 et
3239 1933 3303 1972 ea
3352 1917 3637 1988 impedire,

2063 2033 2185 2088 quaa
2209 2015 2346 2070 ﬁunt
2375 2014 2442 2069 ad
2475 2013 2566 2068 Dei
2597 2013 2843 2084 gloriam.
2877 2012 3082 2066 Deinde
3118 2011 3234 2082 ipse
3264 2025 3482 2081 quoque
3513 2025 3637 2064 cum

2063 2108 2206 2171 aliis,
2252 2106 2506 2161 manibus
2543 2101 2655 2174 jam
2700 2104 2854 2158 senio
2889 2101 3120 2165 affectis,
3151 2116 3290 2170 opus
3320 2116 3426 2154 una
3469 2100 3640 2154 attin-

2065 2215 2219 2272 gens,
2243 2212 2497 2269 magnum
2519 2195 2702 2251 attulit
2727 2202 3086 2257 momentum,
3120 2207 3186 2247 ex
3213 2191 3406 2260 spiritu
3437 2190 3638 2260 potius,

2066 2302 2126 2347 ut
2153 2292 2225 2346 ita
2255 2291 2453 2354 dicam,
2486 2303 2647 2360 quam
2676 2303 2741 2341 ex
2765 2300 2993 2356 corpore
3024 2301 3040 2338 :
3067 2293 3122 2338 et
3149 2283 3404 2353 protinus
3431 2281 3640 2336 moveri

2066 2378 2232 2448 cmpit
2263 2377 2534 2433 columnae
2563 2384 2757 2440 status,
2794 2382 2849 2428 et
2881 2372 3046 2428 cessit
3089 2372 3364 2426 manibus.
3401 2374 3643 2442 Apparet

2066 2483 2249 2528 autem
2279 2473 2335 2526 in
2366 2471 2690 2526 hodiernum
2722 2482 2897 2536 usque
2926 2467 3070 2522 diem
3102 2466 3156 2520 in
3192 2466 3445 2520 columna
3476 2465 3642 2519 mira-

2067 2566 2250 2620 culum
2277 2579 2374 2634 pcr
2408 2563 2513 2618 hoc
2544 2561 2688 2632 quod
2717 2576 2748 2614 a
2777 2569 2925 2615 recto
2955 2557 3233 2628 paululum
3267 2556 3644 2612 declinaverit.

2068 2658 2220 2712 Hanc
2248 2666 2431 2712 autem
2467 2656 2699 2711 dicimus
2729 2653 3060 2715 columnam,
3093 2665 3214 2721 quae
3263 2648 3439 2720 posita
3489 2657 3571 2702 est
3614 2661 3644 2700 a

2069 2752 2303 2807 sinistris
2331 2766 2438 2814 ara:
2479 2765 2648 2805 sacra:
2679 2747 2745 2803 iis
2799 2747 2893 2817 qui
2923 2746 3197 2816 aspiciunt
3238 2744 3308 2799 ad
3353 2743 3643 2798 orientem.

2141 2940 2282 2996 XIV.
2318 2937 2426 2996 Sed
2458 2935 2732 3008 quomodo
2779 2931 3133 3006 pulcherrimi
3184 2943 3400 3001 quoque
3457 2929 3525 2982 ab
3581 2927 3648 2980 eo

2070 3031 2372 3091 constructi
2402 3027 2795 3089 illuminatorii,
2825 3026 2972 3097 quod
3003 3023 3223 3094 quidem
3265 3021 3505 3077 solemus
3551 3035 3650 3074 vo-

2073 3145 2201 3184 care
2252 3123 2656 3196 baptisterium,
2719 3120 2909 3192 paucis
2963 3118 3239 3189 explicare
3300 3114 3422 3184 quis
3476 3113 3650 3183 possit

395 3220 517 3290 νὴν,
550 3218 755 3290 πολλὴν
784 3218 1110 3291 προχέοντος
1159 3219 1298 3290 μετά
1339 3217 1619 3289 θαύματος
1660 3220 1773 3280 τοῖς
1802 3217 1971 3288 ὁρῶσι

2075 3218 2557 3294 pulchritudinem,
2589 3214 2734 3285 quod
2765 3211 3079 3268 videntibus
3123 3223 3246 3264 cum
3292 3204 3650 3261 admiratione

395 3313 497 3382 τὴν
548 3312 784 3384 ήδονήνς
849 3312 1018 3366 Πέντε
1077 3312 1186 3384 γὰρ
1234 3311 1544 3384 διείληπται
1589 3311 1712 3375 ταῖς
1766 3313 1970 3376 στοαῖς,

395 3404 588 3476 ὥσπερ
617 3405 726 3476 ἄρα
765 3405 863 3459 καὶ
905 3404 1005 3476 τὴν
1043 3403 1402 3476 Ἰερουσαλὴμ
1453 3403 1792 3476 προϐατικήν
1838 3419 1973 3472 φασι

397 3495 824 3568 κολυμὸήθραν·
874 3494 991 3549 ἀλλ’
1035 3493 1276 3549 ἐνταῦθα
1333 3494 1429 3548 καὶ
1483 3492 1655 3564 μείζω
1695 3509 1786 3563 μοι
1829 3493 1977 3546 δοκεῖ

400 3589 607 3659 μᾶλλον
651 3589 686 3658 ἢ
730 3590 850 3642 ἐκεῖ
891 3587 1173 3659 τελεῖσθαι,
1215 3588 1285 3642 τὰ
1337 3586 1614 3657 θαύματα.
1654 3585 1744 3639 Ἐν
1790 3583 1974 3657 ἐκείνῃ

405 3682 504 3753 μὲν
534 3680 648 3753 γὰρ
692 3679 992 3750 ἐπιφοιτῶν
1033 3679 1265 3750 ἄγγελος
1311 3674 1402 3752 ἦν,
1432 3677 1528 3732 καὶ
1563 3677 1703 3732 κατά
1740 3677 1870 3747 μίαν
1895 3671 1975 3742 εἷς

399 3773 620 3845 ἡμέραν
657 3771 759 3841 τῆς
788 3771 982 3834 ἰάσεως
1025 3767 1377 3840 ἀξιούμενος·
1409 3767 1645 3824 ἐνταῦθα
1680 3769 1736 3823 δὲ
1770 3769 1830 3824 οὐ
1853 3769 1977 3824 δοῦ-

402 3866 492 3930 λός
541 3867 694 3918 ἐστιν
739 3865 768 3919 ὁ
801 3861 1242 3934 διακονούμενος,
1291 3861 1426 3916 ἀλλά
1448 3862 1753 3934 Δεσποτική
1810 3862 1910 3935 μὲν
1941 3864 1975 3934 ἠ

405 3957 770 4030 ἐπιφοίτησις.
803 3955 868 4010 Ἦ
906 3956 963 4010 δέ
995 3970 1058 4026 γε
1108 3956 1253 4019 ἴασις
1287 3954 1348 4008 ού
1405 3956 1546 4009 κατά
1578 3956 1707 4027 μίαν
1739 3955 1975 4028 ἡμέραν,

407 4050 542 4104 ἀλλὰ
568 4050 836 4120 συνεχῶς·
864 4049 962 4104 καὶ
990 4050 1046 4102 αῖ
1072 4046 1364 4119 θεραπεῖαι
1392 4049 1495 4102 οὐκ
1523 4051 1604 4112 εἰς
1648 4048 1744 4102 ἕνα
1777 4047 1938 4119 μόνον
1959 4089 1975 4114 ,

406 4144 541 4200 ἀλλά
563 4145 659 4198 καὶ
688 4146 769 4208 εἰς
792 4141 1044 4206 πολλούς·
1085 4141 1178 4195 καὶ
1215 4142 1275 4194 οὐ
1310 4142 1581 4212 σωμάτων
1627 4141 1811 4212 μόνον,
1844 4140 1980 4196 ἀλλὰ

409 4241 502 4293 καὶ
526 4237 719 4310 ψυχῶν
765 4237 1049 4307 ἄντικρυς.
1082 4235 1291 4300 Ἕδειξε
1323 4235 1380 4288 δὲ
1426 4234 1745 4306 Μαρκιανὸς
1778 4237 1806 4289 ὀ
1838 4235 1981 4300 θεῖος

408 4331 500 4384 καὶ
514 4329 600 4401 τῷ
631 4327 758 4399 περὶ
779 4326 841 4380 τδ
868 4325 1258 4398 βαπτιστήριον
1275 4325 1435 4378 τοῦτο
1454 4327 1717 4396 σχήματι,
1737 4327 1819 4378 ὅτι
1843 4325 1979 4398 πρὸς

410 4421 579 4476 τύπον
605 4421 778 4475 ἐποίει
808 4419 872 4473 τὸ
902 4420 1010 4472 πᾶν
1051 4418 1151 4488 τῆς
1195 4417 1603 4490 θρυλλουμένης
1651 4417 1853 4488 ταύτης
1888 4435 1977 4472 κο-

411 4513 624 4586 λυμσήθ
634 4529 751 4584 ρας.
775 4511 887 4582 Τὴν
900 4510 1010 4582 γὰρ
1034 4510 1238 4580 ὀροφὴν
1256 4507 1430 4573 θόλοις
1453 4510 1854 4581 καταμερίσας,
1883 4510 1979 4564 καὶ
2004 4553 2060 4614 D

413 4609 642 4680 χρυσαῖς
668 4605 867 4677 ψηφῖσι
893 4604 965 4658 τὰ
997 4601 1216 4671 ἐκείνης
1237 4601 1415 4656 πάντα
1441 4601 1746 4672 κοσμήσας,
1774 4601 1843 4654 τὰ
1867 4601 1977 4656 τῶν

413 4699 714 4754 νοσούντων
746 4711 806 4750 τε
859 4694 999 4766 πρὸς
1047 4694 1107 4748 τδ
1133 4693 1359 4765 ἀκριϐὲς
1386 4691 1670 4764 ὑπέγραψε
1701 4692 1976 4764 σχήματα,

415 4792 550 4863 πρὸς
575 4788 634 4844 δὲ
665 4790 760 4844 καὶ
794 4785 1030 4858 Χριστὸν
1051 4787 1180 4850 τοὺς
1220 4783 1583 4848 ἀσθενοῦντας
1613 4783 1862 4855 ἰώμενον,
1895 4783 1983 4837 ῖνα

419 4883 493 4952 μὴ
523 4879 650 4945 τοὺς
678 4876 968 4942 νοσοῦντας
1001 4875 1182 4947 μόνον,
1213 4874 1350 4930 ἀλλά
1398 4875 1492 4928 καὶ
1541 4874 1633 4927 τὸν
1678 4873 1862 4944 ἰατρὸν
1889 4873 1983 4945 ἐξῇ

417 4975 680 5044 καθορᾷν.
713 4971 882 5025 Οὐδὲν
911 4970 969 5023 δὲ
1008 4963 1120 5023 οἷον
1141 4967 1236 5022 τοῦ
1276 4967 1474 5032 παντὸς
1504 4967 1791 5039 δεηθέντος
1826 4966 1986 5036 λόγου

416 5067 610 5129 αὐταῖς
655 5062 816 5133 ὄψεσι
865 5060 936 5115 τὰ
990 5060 1262 5133 ἐἰρημένα
1303 5060 1681 5133 παραλαϐεῖν·
1725 5060 1848 5112 ἐπει
1895 5059 1988 5113 καὶ

417 5158 654 5230 κρείττω
687 5155 852 5225 λόγου
889 5155 959 5208 τά
999 5154 1116 5206 ἐκεῖ
1151 5149 1376 5224 νομίζω,
1410 5151 1505 5204 καὶ
1540 5150 1840 5221 ὀφθαλμοῖς
1891 5149 1988 5220 μό-

418 5271 529 5316 νοις
585 5249 964 5321 συνερχόμενα
1009 5246 1145 5319 πρὸς
1193 5245 1521 5317 κατάληψιν.
1567 5243 1656 5297 Διδ
1699 5243 1991 5297 καὶταῦτα

423 5347 521 5416 μὲν
551 5345 848 5416 παρελθεῖν
879 5359 970 5413 μοι
1002 5339 1163 5395 δοκῶ.
1198 5343 1267 5395 ’Λ
1308 5339 1362 5394 δὲ
1397 5337 1604 5409 ἀδελφά
1648 5338 1855 5402 τούτοις
1895 5336 1991 5391 καὶ

422 5441 536 5510 ἃμα
557 5438 636 5509 τῷ
664 5435 842 5508 χρόνῳ
869 5434 1152 5507 προσεχῶς
1187 5434 1441 5499 ἐτελεῖτο,
1463 5431 1636 5486 ταῦτα
1656 5431 1720 5502 δὴ
1741 5430 1838 5486 καὶ
1855 5430 1986 5504 ἐρῶ,

421 5531 516 5585 καὶ
546 5531 639 5584 τὸν
673 5529 776 5602 ’ήδη
801 5546 890 5599 μοι
910 5526 1000 5581 διὰ
1026 5529 1246 5598 μνήμης
1283 5525 1578 5596 γενόμενον
1609 5523 1879 5594 Ἰσιδώρου
1895 5523 1988 5577 τοῦ

425 5623 568 5676 οείου
603 5622 733 5677 ναὸν
791 5622 852 5676 ἐν
890 5621 1084 5695 μνήμῃ
1143 5618 1240 5674 καὶ
1301 5618 1382 5673 ἔτι
1434 5615 1801 5690 διαρκεστέρα
1830 5617 1990 5688 ποιή-

427 5732 609 5786 σομαι.

493 5805 590 5859 ll‘I'.
624 5805 963 5876 Δριμύτατόν
1006 5823 1127 5858 τινα
1177 5808 1275 5875 τῆς
1324 5804 1434 5858 τῶν
1488 5803 1793 5874 εύκτηρίων
1823 5801 1989 5856 οἴκων

427 5897 717 5970 οἰκοδομῆς
745 5897 886 5969 ἐρῶν
917 5897 1092 5970 ἔρωτα
1113 5900 1138 5952 ό
1159 5897 1390 5968 χρηστὸς
1414 5897 1489 5967 τῷ
1510 5896 1622 5950 ὄντι
1650 5895 1987 5968 Μαρκιανὸς,

2076 3327 2325 3385 magnam
2388 3307 2669 3381 profundit
2744 3301 3116 3375 voluptatem?
3181 3297 3650 3368 Comprehensum

2075 3406 2222 3462 enim
2254 3412 2340 3458 est
2381 3418 2413 3457 a
2456 3401 2698 3472 quinque
2747 3396 3068 3468 porticibus,
3123 3393 3263 3451 sicut
3313 3389 3651 3461 prohaticam

2075 3512 2292 3570 quoque
2319 3495 2473 3550 aiunt
2501 3492 2786 3563 piscinam,
2814 3503 2935 3558 qua!
2964 3494 3050 3541 est
3087 3485 3143 3539 in
3182 3483 3504 3540 Jerusalem.
3543 3481 3652 3534 Sed

2079 3589 2168 3646 hic
2199 3601 2416 3660 quoque
2446 3586 2674 3654 majora,
2705 3597 2866 3652 quam
2898 3579 3027 3646 illic,
3059 3577 3314 3634 videntur
3341 3575 3455 3630 ﬁeri
3489 3575 3654 3629 mira-

2079 3683 2222 3739 cula.
2251 3680 2385 3736 Nam
2419 3679 2476 3733 in
2519 3677 2606 3732 illa
2636 3676 2852 3746 quidem
2897 3681 3014 3727 erat
3048 3671 3138 3742 qui
3171 3668 3464 3725 accedebat
3489 3684 3654 3736 ange-

2079 3778 2184 3844 lus,
2215 3783 2268 3830 et
2301 3787 2410 3828 uno
2454 3770 2542 3826 die
2571 3784 2714 3823 unus
2744 3765 3136 3835 assequebatur
3164 3758 3523 3817 curationem.
3557 3759 3654 3813 llic

2080 3879 2262 3927 autem
2291 3883 2403 3923 non
2442 3872 2527 3920 est
2576 3875 2768 3917 servus
2815 3857 2908 3927 qui
2950 3855 3244 3918 ministrat,
3293 3853 3386 3907 sed
3432 3851 3656 3905 advenit

2081 3963 2301 4036 quidem
2332 3957 2613 4014 Dominus.
2646 3951 2867 4009 Curatio
2910 3957 3091 4004 autem
3143 3963 3252 4002 non
3301 3960 3413 4000 uno
3456 3943 3516 3998 ﬁt
3544 3943 3656 4009 die,

2082 4033 2176 4108 sed
2211 4048 2553 4106 assiduezet
2599 4058 2709 4098 non
2761 4041 2936 4096 solum
2981 4051 3292 4109 corporum,
3341 4034 3436 4090 sed
3491 4033 3654 4088 etiam

2081 4153 2270 4216 aperte
2299 4141 2625 4196 animarum.
2669 4133 2921 4190 Ostendit
2963 4141 3143 4186 autem
3175 4129 3392 4184 divinus
3424 4127 3657 4182 Marcia»

2081 4253 2186 4294 nus
2234 4237 2335 4291 hac
2380 4245 2596 4304 quoque
2655 4228 2824 4300 ﬁgura
2877 4222 3203 4295 baptisterii,
3238 4237 3297 4276 se
3339 4220 3654 4276 universum

2085 4331 2280 4388 fecisse
2313 4328 2380 4383 ad
2427 4326 2654 4381 formam
2696 4321 2882 4391 hujus,
2927 4333 3048 4388 quae
3075 4329 3325 4371 sermone
3349 4313 3659 4368 celebratur

2083 4424 2324 4496 piscinze.
2355 4418 2490 4473 Cum
2529 4415 2676 4472 enim
2705 4421 2905 4468 tectum
2935 4409 3099 4464 tholis
3128 4407 3425 4472 divisisset,
3466 4416 3521 4461 et
3558 4422 3657 4459 au-

2084 4513 2193 4567 reis
2242 4507 2441 4578 lapillis
2489 4516 2828 4575 quatcunque
2875 4506 3033 4553 erant
3083 4497 3228 4551 illius
3280 4506 3548 4557 ornasset,
3603 4507 3659 4549 et

2086 4611 2411 4675 aegrotorum
2447 4596 2645 4665 ﬁguras
2673 4591 2963 4661 descripsit
3003 4589 3068 4644 ad
3110 4603 3366 4659 unguem,
3397 4596 3451 4641 et
3480 4586 3658 4656 ipsum

2085 4697 2250 4752 etiam
2280 4690 2557 4745 Christum
2596 4692 2827 4755 aegrotos
2870 4689 3150 4736 curantem
3187 4697 3201 4733 :
3237 4687 3296 4733 ut
3335 4693 3443 4731 non
3481 4679 3656 4732 solum

2087 4804 2182 4845 eos
2204 4784 2294 4856 qui
2319 4782 2588 4846 laborant,
2611 4777 2706 4832 sed
2739 4774 3006 4829 medicum
3034 4787 3248 4842 quoque
3270 4771 3453 4825 videre
3477 4771 3657 4826 licent.

2085 4875 2362 4946 Optimum
2411 4877 2592 4924 autem
2645 4865 2827 4930 fuerit,
2882 4878 2990 4916 non
3042 4863 3114 4917 ita
3161 4861 3318 4916 valde
3370 4861 3661 4932 indigendo

2088 4962 2342 5038 praesenti
2372 4959 2638 5020 oratione,
2679 4970 2743 5010 ea
2773 4969 2893 5024 qua:
2925 4952 3070 5008 dicta
3118 4961 3265 5019 sunt,
3317 4951 3450 5022 ipsis
3490 4953 3661 5007 oculis

2088 5053 2521 5128 apprehendere.
2574 5047 2707 5103 Nam
2753 5059 2876 5115 quae
2921 5044 3032 5098 illic
3078 5052 3229 5106 sunt,
3282 5044 3489 5113 majora
3538 5058 3661 5098 esse

2089 5147 2360 5210 existimo,
2397 5156 2559 5213 quam
2605 5147 2753 5194 utea
2798 5136 3072 5208 possimus
3099 5134 3344 5191 oratione
3377 5136 3656 5204 consequi,

2089 5250 2145 5298 et
2171 5254 2290 5311 quae
2319 5237 2490 5308 possit
2530 5233 2680 5289 solus
2703 5231 2852 5286 visus
2875 5227 3358 5299 comprehendere.
3389 5225 3662 5292 Quamob-

2091 5349 2206 5390 rem
2269 5346 2333 5386 ea
2363 5328 2581 5400 quidem
2614 5332 2796 5382 statuo
2828 5321 3266 5393 praetermittere.
3297 5319 3428 5385 Quae
3479 5325 3660 5372 autem

2089 5432 2218 5482 sunt
2246 5422 2332 5477 his
2366 5433 2640 5492 germana,
2665 5423 2721 5471 et
2742 5413 2904 5470 simul
2933 5412 3238 5483 propinquo
3267 5419 3510 5480 tempore
3540 5425 3663 5477 per-

2089 5517 2231 5573 fecta
2261 5514 2434 5577 fuere,
2458 5526 2520 5566 ea
2550 5510 2724 5566 dicam
2758 5506 2942 5577 utique
2973 5521 2986 5559 :
3019 5513 3074 5559 et
3097 5502 3241 5573 quod
3267 5502 3377 5572 jam
3411 5501 3537 5554 mihi
3563 5501 3664 5555 fuit

2091 5613 2146 5667 in
2185 5607 2465 5670 memoria,
2498 5603 2669 5660 divini
2718 5599 2908 5655 lsidori
2950 5597 3232 5667 templum,
3274 5594 3455 5648 adhuc
3494 5597 3665 5666 magis

2090 5703 2284 5760 litteris
2317 5697 2595 5755 memorize
2633 5693 2921 5748 mandabo.

2157 5797 2274 5850 XV.
2354 5793 2490 5848 Cum
2555 5789 2862 5844 divinorum
2902 5780 3263 5837 oratoriorum
3291 5777 3663 5834 aediﬁcationis

2091 5890 2323 5963 quodam
2361 5879 3141 5946 vehemetuissimo_teneretur
3163 5886 3347 5940 amore
3375 5871 3550 5926 bonus
3580 5887 3657 5923 rc-
