3886 6460
249 397 352 460 447

1523 395 1806 457 MENSIS
1839 396 1873 459 J
1879 394 2172 456 ANUARI
2181 395 2300 457 US.

3407 394 3511 458 ΗΒ

255 527 382 568 vera
445 510 784 579 Marcianus;
839 527 943 568 nec
996 526 1249 583 magnum
1303 527 1520 583 quoque
1593 512 1830 586 neglexit

1947 510 2049 563 δύδὲ
2081 510 2147 565 τὰ
2188 509 2317 580 περὶ
2351 509 2442 564 τὸν
2496 510 2669 582 μέγαν
2712 511 2978 586 Ἰσίδωρον
3044 514 3264 584 ἀμελῶς
3309 517 3478 572 ἐτίθει

255 608 520 662 Isidorum
550 625 563 660 :
597 606 690 660 sed
736 615 797 661 ut
843 605 960 674 ejus
995 619 1178 660 sacras
1206 603 1428 660 aﬂerret
1460 605 1740 676 reliquias,
1778 615 1835 662 et

255 697 848 768 magnificentissimam
903 697 953 751 ei
1003 697 1176 752 aedem
1251 707 1577 762 exstrueret,
1637 714 1834 769 magno

257 790 358 845 sibi
387 791 540 845 duxit
569 789 750 845 studio
789 790 1254 845 contendendum.
1288 787 1401 843 Nec
1444 791 1691 845 cessabat
1718 807 1837 845 om-

258 898 384 937 nem
428 884 607 937 locum
663 883 1013 938 considerare
1057 897 1123 937 ac
1164 883 1535 952 contemplari.
1592 883 1660 937 Et
1711 885 1834 938 ideo

257 975 437 1028 adlmc
471 974 688 1044 quidem
722 973 1073 1028 differebatur
1120 973 1428 1039 :edilicatio;
1481 990 1604 1028 cum
1651 984 1832 1029 autem

258 1065 378 1134 ejus
407 1067 711 1136 collegisset
741 1066 1014 1136 reliquias,
1053 1073 1108 1120 et
1155 1064 1209 1118 in
1254 1065 1431 1118 loculo
1468 1066 1833 1135 deposuisset,

258 1168 352 1207 cas
376 1156 562 1210 statuit
599 1155 652 1209 in
685 1157 972 1226 praesentia
1001 1173 1221 1214 servare
1252 1160 1306 1214 in
1336 1162 1437 1217 hoc
1463 1164 1665 1234 templo
1695 1181 1837 1219 mar-

261 1243 414 1314 tyris.
443 1245 544 1300 Ubi
580 1256 762 1302 autem
797 1249 946 1304 brevi
973 1251 1156 1320 aliquo
1185 1261 1308 1321 post
1347 1263 1590 1323 tempore
1619 1271 1840 1326 aggres-

259 1352 354 1391 sus
384 1347 467 1392 est
493 1355 586 1394 eas
612 1342 922 1406 transferre,
956 1344 1150 1398 accidit
1180 1345 1251 1399 ibi
1279 1345 1481 1415 aliquid
1519 1347 1837 1403 admirabile

260 1433 315 1480 et
339 1442 620 1491 arcanum.
650 1427 834 1499 Neque
857 1432 1002 1485 enim
1035 1432 1168 1500 ipse.
1195 1449 1297 1489 nec
1324 1434 1425 1488 alia
1453 1436 1619 1489 multa
1644 1452 1837 1493 manus

262 1517 544 1572 hominum
574 1522 749 1590 potuit
793 1521 1006 1576 thecam
1039 1523 1274 1592 amplius
1318 1540 1558 1580 movere.
1591 1525 1835 1582 Diviudm

260 1625 390 1680 ergo
422 1611 655 1681 aliquam
694 1628 806 1666 rem
836 1629 958 1669 esse
1001 1616 1316 1681 arbitratus,
1360 1625 1415 1672 et
1450 1633 1573 1672 cum
1615 1619 1720 1673 alio
1744 1621 1836 1690 qui

259 1701 311 1755 ei
339 1703 392 1755 in
426 1705 630 1758 somnis
669 1705 785 1774 ipse
817 1706 1178 1776 signiﬁcasset
1214 1719 1438 1780 martyr,
1481 1726 1540 1765 se
1579 1712 1697 1767 loco
1738 1714 1838 1768 de-

261 1793 469 1858 lectari,
517 1811 688 1866 neque
755 1797 892 1852 velle
924 1797 1053 1854 hinc
1083 1815 1212 1854 suas
1242 1801 1524 1856 transferri
1557 1804 1834 1874 reliquias,

259 1885 518 1956 deinceps
569 1903 768 1956 parens
823 1890 1042 1957 visioni,
1097 1896 1407 1948 construxit
1457 1896 1600 1951 hanc
1641 1897 1834 1961 aedem,
1872 1869 1911 1923 Β

259 1993 380 2044 quae
407 1978 508 2032 sita
533 1988 616 2034 est
647 1996 814 2052 prope
842 1985 1105 2053 templum
1151 1988 1405 2057 martyris
1452 1987 1654 2045 lrenes.
1683 1991 1839 2055 Quod

260 2070 378 2125 hac
405 2071 549 2126 aedes
589 2083 772 2128 autem
821 2075 1065 2145 sitgrata
1116 2079 1360 2149 martyri,
1411 2096 1509 2150 per
1541 2083 1706 2137 multa
1738 2083 1841 2138 hoc

260 2164 412 2224 signa
444 2163 733 2234 significat,
767 2165 1052 2222 evidenter
1085 2183 1376 2239 apparens,
1407 2183 1462 2228 et
1497 2189 1691 2243 magna
1739 2175 1840 2229 mi-

262 2255 446 2309 racula
488 2255 706 2311 assidue
749 2258 1012 2327 eﬂiciens,
1059 2269 1115 2315 et
1161 2277 1192 2317 a
1243 2263 1581 2320 daemonibus
1619 2269 1838 2337 quidem

261 2341 500 2398 liberans
530 2359 626 2401 eos
649 2345 742 2415 qui
781 2347 848 2402 ab
870 2347 952 2402 eis
978 2350 1328 2406 detinentur:
1360 2355 1636 2427 naufragis
1660 2370 1840 2414 antem

263 2432 458 2489 fluctus
499 2436 718 2501 sedans,
769 2448 824 2494 et
873 2450 1162 2497 ventorum
1209 2445 1470 2501 smvitiam
1514 2448 1838 2520 increpans:

262 2539 358 2580 eos
383 2527 475 2596 qui
510 2529 758 2584 molestia
805 2531 1135 2600 afﬁciuntur,
1180 2538 1492 2604 consolans,
1523 2550 1578 2595 ct
1611 2542 1842 2598 tristitiae

261 2633 458 2674 causas
500 2620 580 2675 eis
630 2623 899 2692 adimens,
955 2634 1010 2682 et
1058 2628 1257 2699 alioqui
1309 2633 1697 2702 aegrotantibus
1748 2645 1843 2691 aut

263 2711 551 2781 egentibus
577 2728 662 2779 ea,
697 2732 815 2784 quae
848 2728 975 2774 sunt
1003 2720 1205 2791 gravia,
1239 2737 1454 2780 cessare
1475 2725 1698 2790 ,facicns
1729 2745 1742 2782 :
1787 2737 1843 2783 et

261 2817 384 2870 qua:
417 2802 556 2858 bona
584 2813 733 2869 sunt,
765 2811 1035 2877 praebens.
1070 2811 1196 2868 llaec
1235 2829 1357 2869 cum
1393 2832 1624 2888 magnus
1665 2819 1844 2888 perfe-

262 2893 430 2949 cisset
458 2894 786 2965 Marcianus,
828 2909 884 2956 et
926 2901 1012 2958 bis
1050 2905 1212 2959 veluti
1257 2907 1377 2964 aliis
1427 2910 1598 2964 muris
1637 2913 1840 2979 aureis,

263 2995 490 3040 ornatus
522 2989 693 3056 gratia
735 3001 790 3046 et
830 2995 1160 3062 securitatis,
1201 2997 1476 3054 civitatem
1509 3001 1842 3072 decorasset,

263 3077 509 3132 dissolvit
546 3080 712 3134 vitam
754 3082 809 3136 in
853 3083 1123 3153 profunda
1169 3099 1479 3153 senectute.
1524 3093 1842 3164 priusquam

1938 602 2074 656 ἀλλᾶ
2111 601 2170 656 τὸ
2203 603 2271 657 τὰ
2301 603 2422 673 ίερὰ
2455 603 2620 659 αὐτοῦ
2651 605 2881 676 λείψανα
2908 608 3266 678 συγκομίσαι,
3293 611 3390 663 καὶ
3420 625 3511 663 σε·

1939 695 2204 764 μνότατον
2233 689 2344 750 οἷον
2370 693 2520 765 αὐτῷ
2547 693 2697 750 οῐκον
2732 697 3061 767 ἀναστῆσαι,
3102 699 3305 768 πολλῆς
3355 699 3511 769 ἠξίου

1937 785 2196 856 σπουδῆς.
2229 785 2412 838 Πάντα
2437 801 2498 838 τε
2527 786 2694 840 τόπον
2736 787 3071 860 ἀναθεωρεῖν
3111 789 3213 843 οὐκ
3257 790 3512 856 ἐπαύετο,

1898 878 2032 970 ’καὶ
2072 877 2160 931 διὰ
2183 877 2342 931 τοῦτο
2380 878 2446 931 τὰ
2481 878 2580 948 μὲν
2615 879 2715 948 τῆς
2745 881 3033 951 οἰκοδομῆς
3054 881 3279 950 ἔμελλεν
3305 882 3417 935 ἐτιο
3446 883 3515 935 τὰ

1935 971 1990 1024 δὲ
2014 968 2243 1038 λείψανα
2269 968 2458 1022 τούτου
2493 971 2839 1039 συναγαγὼν,
2859 973 2953 1027 καὶ
2978 976 3036 1028 ἐν
3063 975 3209 1048 σορῷ
3234 975 3514 1041 καταθεὶς,

1939 1059 2229 1127 φυλλὰτειν
2256 1059 2415 1124 αὐτὰ,
2438 1059 2498 1112 τό
2531 1077 2594 1126 γε
2621 1059 2716 1112 νῦν
2741 1059 2884 1129 ἔχον,
2910 1063 2968 1114 ὲν
2989 1061 3068 1132 τῷ
3091 1065 3267 1135 καινῷ
3281 1064 3395 1134 ναῷ
3416 1066 3516 1136 τῆς

1947 1150 2228 1220 μάρτυρος
2290 1148 2453 1218 ἔγνω.
2499 1149 2652 1202 Ἐπεὶ
2702 1150 2841 1221 μετὰ
2891 1150 3100 1222 βραχύν
3144 1171 3266 1207 τινα
3324 1155 3518 1226 χρόνον

1943 1245 2275 1314 μεταθήσειν
2333 1243 2473 1298 αὐτὰ
2510 1245 2810 1316 ἐπεχείρει,
2851 1245 3085 1302 ἐνταῦθα
3127 1247 3259 1316 γοῦν
3293 1249 3513 1319 θαυμα-

1941 1338 2064 1390 στὸν
2095 1333 2208 1390 οἷον
2247 1339 2468 1408 ἀπήντα
2498 1356 2549 1391 τι
2586 1338 2680 1392 καὶ
2712 1338 3046 1409 ἀπόρρητον.
3093 1340 3232 1394 Οῠτε
3271 1342 3381 1412 γὰρ
3414 1343 3518 1398 αύ-

1938 1430 2029 1492 τδς
2063 1428 2191 1483 οὔτε
2226 1429 2359 1500 ἄλλη
2391 1428 2713 1500 πολυχειρία
2741 1429 3084 1485 διασαλεύειν
3112 1432 3192 1486 ἔτι
3215 1433 3313 1502 τὴν
3337 1434 3518 1504 θήκην

1938 1522 2139 1592 δυνατὴ
2179 1521 2418 1591 κατέστη
2437 1535 2452 1551 ⁸
2499 1520 2642 1574 θεῖον
2675 1520 2768 1574 οὖν
2798 1539 2850 1575 τι
2874 1522 2935 1575 τὸ
2963 1524 3198 1596 πρᾶγμα
3215 1521 3358 1577 εἶναι
3378 1525 3518 1578 ὐπο-

1942 1615 2146 1680 λαὸὼν,
2176 1613 2356 1676 ἄλλως
2387 1613 2445 1667 δὲ
2471 1614 2566 1666 καὶ
2593 1613 2758 1666 αὑτοῦ
2781 1612 2876 1666 106
2903 1613 3179 1685 μάρτυρος
3205 1614 3274 1668 δι’
3297 1616 3517 1683 ὀνειρά-

1938 1722 2047 1757 των
2065 1703 2215 1774 αύτῷ
2249 1703 2594 1773 σημήναντος
2613 1701 2688 1764 ὡς
2709 1701 2891 1772 χαίρει
2925 1703 3006 1772 τῷ
3033 1702 3207 1772 τόπῳ,
3234 1703 3328 1756 καὶ
3349 1703 3518 1756 d606-

1940 1797 2114 1866 λήτως
2144 1794 2256 1863 ἔχει
2288 1794 2423 1864 πρὸς
2451 1793 2550 1863 τὴν
2587 1793 2696 1846 τῶν
2733 1793 3002 1862 λειψάνων
3053 1795 3387 1865 μεταφορὰν,
3424 1794 3520 1849 06-

1941 1907 2017 1942 τω
2045 1887 2230 1941 λοιπὸν
2261 1887 2636 1958 πειθαρχήσας
2656 1889 2722 1956 τῇ
2742 1885 2882 1956 ὄψει,
2909 1888 3124 1940 τουτονὶ
3141 1887 3235 1941 τδν
3264 1889 3522 1956 προσκεί-

1944 1995 2106 2047 μενον
2129 1975 2207 2046 τῷ
2244 1980 2344 2048 τῆς
2364 1977 2642 2048 μάρτυρος
2687 1976 2926 2047 Είρήνης
2971 1976 3085 2046 ναῷ
3111 1976 3521 2032 κατεσκεύασεν

1941 2069 2111 2125 οἷκον.
2143 2070 2267 2123 Ὅτι
2312 2068 2497 2139 μέντοι
2546 2069 2944 2140 κεχαρισμένος
2989 2070 3018 2122 ὁ
3055 2065 3202 2134 οἶκος
3247 2066 3404 2135 οὗτος
3440 2071 3523 2142 τῷ

1941 2164 2202 2234 μάρτυρι,
2241 2161 2404 2216 τοῦτο
2443 2162 2531 2215 διὰ
2566 2161 2778 2215 πολλῶν
2829 2162 3072 2216 δείκνυσι
3115 2163 3223 2216 τῶν
3276 2165 3523 2235 σημείων

1942 2255 2211 2326 διαδήλως
2245 2254 2692 2325 ἐπιφαινόμενος,
2727 2255 2822 2307 καὶ
2843 2254 2910 2307 τὰ
2933 2253 3144 2324 μεγάλα
3170 2254 3280 2308 τῶν
3307 2254 3525 2325 θαυμά-

1941 2363 2050 2400 των
2084 2345 2326 2417 συνεχῶς
2379 2345 2771 2416 ἐργαζόμενος,
2808 2347 2901 2399 καὶ
2945 2345 3221 2416 δαιμόνων
3259 2347 3360 2416 μὲν
3388 2350 3526 2401 ἁπο-

1941 2435 2082 2490 λύων
2126 2438 2250 2500 τοὺς
2306 2438 2398 2491 ὑπ’
2434 2435 2658 2490 ἐκείνων
2704 2439 3178 2509 κατεσχημένους,
3219 2439 3522 2508 ναυαγοῦσι

1941 2530 1998 2584 δὲ
2027 2529 2249 2600 κύματα
2297 2530 2576 2601 πραΰνων,
2615 2531 2708 2583 καὶ
2761 2531 2983 2600 ἀνέμων
3027 2532 3299 2602 ἐπιτιμῶν
3337 2533 3525 2602 ἀγριό-

1943 2639 2105 2693 τητι,
2139 2623 2519 2694 λυπουμένους
2560 2622 2920 2694 παρακαλῶν,
2962 2625 3057 2678 καὶ
3101 2623 3169 2678 τὰ
3198 2627 3294 2695 τῆς
3347 2625 3525 2694 λύπης

1947 2712 2252 2784 περιαιρῶν
2275 2713 2462 2776 αὐτοῖς
2482 2712 2659 2776 αἴτια,
2691 2715 2802 2776 10?;
2830 2714 2930 2782 μὲν
2969 2712 3146 2778 ἄλλως
3191 2732 3249 2767 τε
3279 2714 3526 2768 νοσοῦσιν

1944 2803 2279 2874 ἢδεομένοις
2310 2806 2379 2858 τὰ
2409 2803 2621 2875 χαλεπὰ
2650 2805 2861 2871 παύων,
2888 2806 2983 2859 καὶ
3012 2805 3081 2859 τὰ
3119 2808 3334 2877 χρηστὰ
3372 2822 3526 2875 παρ-

1946 2897 2226 2968 εχόμενος.
2280 2895 2469 2951 Ταῦτα
2495 2899 2524 2950 ὁ
2568 2897 2741 2968 μέγας
2783 2897 3127 2968 Μαρκιανὸς,
3165 2900 3260 2952 καὶ
3305 2899 3518 2962 τούτοις

1945 2987 2132 3058 ῶσπερ
2168 2989 2376 3059 ἐτέροις
2421 2991 2644 3059 χρυσοῖς
2693 2987 2897 3059 τείχεσι
2942 2988 3150 3058 κόσμου
3183 2989 3283 3042 καὶ
3346 2992 3530 3057 ἅσφα·

1947 3078 2092 3144 λείας
2121 3079 2285 3134 ἓνεκα
2317 3080 2415 3150 τὴν
2440 3079 2598 3133 πόλιν
2617 3079 3112 3151 καταλαμπρύνας,
3144 3081 3408 3135 καταλύει
3433 3083 3525 3132 τὸν

265 3171 502 3226 Inarime
532 3173 732 3242 templo
766 3173 952 3231 lrenes
977 3177 1280 3236 celebraret
1309 3185 1552 3266 encaania
1581 3205 1595 3242 :
1625 3187 1727 3242 hoc
1755 3205 1843 3244 ve-

1951 3169 2065 3240 βίον
2101 3171 2158 3223 ἐν
2189 3171 2350 3241 γήρει
2378 3169 2554 3242 βαθεῖ,
2587 3171 2720 3241 πρὶν
2752 3171 2895 3241 ἢτὸν
2925 3171 3280 3242 ἐγκαινισμδν
3307 3171 3528 3224 τελέσαι

264 3261 363 3316 luti
398 3263 698 3320 excedendi
740 3267 1050 3337 appositum
1083 3271 1364 3342 quidpiam
1395 3261 1642 3334 elocutus
1669 3297 1683 3334 :
1716 3279 1843 3337 lirec

1947 3261 2027 3334 τῷ
2056 3261 2300 3334 μεγίστῳ
2351 3264 2447 3334 τῆς
2502 3263 2740 3335 Εἰρήνης
2783 3261 2896 3334 ναῷ
2922 3279 2937 3293 ⁸
2967 3262 3128 3317 τοῦτο
3177 3263 3428 3338 καθάπερ
3474 3282 3529 3318 τι

262 3353 426 3408 ambo
475 3354 529 3409 in
573 3371 770 3412 manus
815 3369 936 3415 tuas
967 3365 1313 3434 commendo,
1346 3366 1595 3436 Domine,
1645 3388 1842 3444 nempe

262 3445 498 3502 animam
529 3465 689 3520 quam
718 3451 836 3522 ipse
874 3455 1095 3519 creasti,
1142 3465 1198 3513 et
1247 3459 1528 3530 templum,
1565 3465 1709 3532 quod
1743 3480 1844 3537 ego

263 3549 356 3592 tua
383 3538 660 3595 voluntate
688 3543 994 3598 construxi.
1031 3544 1163 3610 Quae
1195 3563 1322 3603 cum
1360 3551 1607 3619 dixisset,
1648 3555 1842 3612 deces-

264 3631 337 3685 sit
363 3630 576 3688 decimo
603 3633 808 3690 mensis
833 3634 1100 3693 Januarii.

337 3810 479 3867 XVI.
517 3811 806 3868 Concurrit
826 3822 1008 3870 autem
1029 3817 1282 3872 universa
1306 3817 1519 3884 civitas,
1543 3819 1842 3875 deductura

269 3902 544 3972 reliquias,
579 3903 802 3974 ipseque
825 3906 916 3975 qui
947 3915 1076 3961 tunc
1100 3917 1218 3963 erat
1248 3909 1509 3979 pontifex.
1536 3920 1588 3965 et
1615 3913 1846 3982 quicun-

266 4011 374 4063 que
402 4004 562 4050 erant
602 3997 767 4051 sortis
797 3998 1199 4065 ecclesiastica,
1242 4009 1298 4056 et
1333 4003 1620 4058 multitudo
1657 4021 1846 4060 numa-

267 4089 516 4147 t-lmrum,
550 4098 605 4142 et
635 4097 814 4142 cmtus
838 4089 1190 4145 honestarum
1224 4093 1534 4156 mulierum.
1565 4104 1618 4149 et
1642 4111 1706 4149 ex
1737 4112 1848 4150 ma-

266 4179 601 4248 gistratibus,
641 4190 1102 4250 quotquoterant
1149 4183 1220 4252 pii
1265 4200 1329 4239 ac
1372 4186 1628 4257 religiosi.
1670 4188 1847 4259 Atque

269 4285 451 4324 sacras
477 4271 699 4340 quidem
734 4272 854 4342 ejus
889 4274 1144 4344 reliquias
1181 4275 1406 4330 Joannis
1438 4276 1694 4346 Baptistae
1727 4295 1846 4333 mo-

271 4363 590 4428 nasterium,
638 4365 782 4434 quod
829 4367 990 4420 etiam
1031 4367 1232 4421 dicitur
1274 4367 1531 4432 Danielis,
1578 4371 1843 4440 suscipit:

267 4454 410 4524 quod
452 4455 614 4509 situm
661 4463 746 4511 est
789 4471 958 4526 prope
1001 4458 1245 4512 divinum
1296 4459 1556 4530 templum
1603 4463 1846 4531 prmelari

269 4551 520 4622 martyris
572 4551 732 4607 Mocii
782 4569 796 4607 :

269 4643 413 4698 illius
445 4661 660 4712 manus,
704 4646 811 4711 vel,
848 4657 908 4702 ut
948 4647 1130 4702 verius
1170 4647 1368 4712 dicam,
1406 4649 1692 4718 propositi.
1729 4649 1850 4717 Quo

267 4733 486 4800 quidem
515 4736 569 4788 in
602 4736 721 4790 loco
756 4735 812 4790 in
843 4738 1165 4793 hodiernum
1210 4753 1384 4806 usque
1413 4739 1555 4794 diem
1588 4743 1850 4811 praeclare

268 4834 320 4878 rt
350 4825 433 4893 pie
459 4825 580 4894 ejus
605 4828 864 4881 memoria
891 4829 1215 4884 celebratur.
1249 4828 1404 4883 Aidis
1432 4839 1613 4884 autem
1643 4846 1852 4902 magna:

209 4927 217 4932 ·
271 4914 477 4976 lrcnes,
528 4931 692 4985 quam
743 4917 860 4987 ipse
904 4918 1080 4974 fuerat
1125 4919 1442 4988 fabricatus,
1489 4923 1724 4978 maxime
1764 4924 1852 4993 pia

273 5006 468 5061 Verina
503 5007 588 5078 (ea
634 5017 818 5064 autem
861 5020 978 5066 erat
1019 5027 1154 5066 uxor
1183 5011 1359 5084 Magni
1397 5015 1626 5080 Leonis)
1663 5031 1850 5070 curam

271 5099 519 5170 suscipit.
551 5100 684 5167 Quae
711 5102 955 5173 quidem.
981 5119 1105 5174 qua:
1128 5105 1180 5159 ei
1207 5107 1275 5162 ad
1311 5119 1695 5163 ornamentum
1754 5109 1852 5162 de-

271 5201 452 5256 erant,
482 5192 672 5263 implet
707 5195 1408 5271 diligentissime,auroque
1451 5211 1653 5257 tectum
1693 5211 1854 5257 ornat

273 5285 582 5356 magniﬁce.
617 5284 745 5343 llaec
787 5297 972 5344 autem
1006 5289 1270 5355 declarat,
1317 5309 1440 5364 quae
1485 5295 1597 5352 illic
1643 5304 1727 5350 est
1769 5295 1852 5350 in-

266 5377 520 5447 scriptio.
548 5378 760 5450 Templi
794 5396 924 5437 vero
963 5384 1206 5439 encmnia
1249 5386 1544 5455 quotannis
1585 5403 1854 5458 peragun-

274 5477 364 5520 tur
392 5467 657 5524 vicesimo
675 5468 943 5526 Januarii.
967 5475 1089 5539 Quo
1118 5482 1363 5545 tempore
1387 5491 1616 5548 magnus
1637 5493 1854 5548 quoque

273 5569 358 5611 est
391 5572 694 5614 concursus
720 5560 1108 5628 multitudinis,
1140 5577 1197 5618 et
1237 5562 1496 5634 frequens
1527 5565 1580 5620 in
1612 5581 1707 5622 ore
1737 5584 1857 5622 om-

283 5653 433 5703 nium
471 5650 796 5707 decantatur
843 5651 1172 5717 Marcianus,
1223 5664 1480 5725 tanquam
1525 5657 1671 5712 illius
1717 5659 1857 5714 ﬁlias

277 5736 394 5795 hare
426 5741 535 5797 duo
581 5743 780 5814 templa
820 5744 1042 5802 vidente
1075 5746 1448 5816 multitudine,
1489 5757 1544 5804 et
1578 5749 1698 5819 ejus
1739 5767 1854 5804 mc-

277 5832 500 5890 moriam
533 5851 630 5907 per
663 5852 726 5895 ea
773 5850 1072 5908 renovante
1104 5862 1116 5901 :
1161 5841 1298 5902 adeo
1327 5851 1387 5898 ut
1431 5843 1676 5899 nonnulli
1713 5841 1854 5898 inter

1943 3355 2302 3428 ἀλεξητήριον
2327 3354 2646 3427 προσειπών
2668 3371 2681 3385 ·
2697 3357 2900 3426 Ἀμφω
2919 3354 3091 3409 ταῦτα
3113 3356 3196 3421 είς
3225 3359 3412 3428 χεῖρας
3429 3358 3531 3421 τὰς

1947 3449 2048 3513 σὰς
2075 3447 2448 3520 παρατίθημι,
2472 3447 2671 3518 Κύριε,
2696 3449 2763 3519 ήν
2795 3465 2854 3502 τε
2885 3448 3065 3521 ψυχὴν
3082 3448 3247 3513 αὐτὸς
3280 3448 3527 3516 ἔκτισας,

1945 3541 2041 3595 καὶ
2073 3541 2131 3594 δν
2155 3541 2266 3610 ἐγὼ
2292 3540 2421 3595 ναὸν
2439 3541 2519 3611 τῷ
2543 3539 2622 3610 σῷ
2645 3540 2950 3610 βουλήματι
2999 3541 3402 3597 κατεσκεύασαν
3435 3533 3534 3598 καὶ

1943 3630 2119 3686 ταῦτα
2167 3633 2338 3686 είπὼν
2377 3632 2634 3688 ἐτελεύτα
2661 3673 2678 3700 ,
2737 3631 3073 3704 Ἰανουαρίου
3119 3633 3239 3687 τότε
3293 3633 3539 3704 δεκάτην.

1945 3723 2041 3777 τοῦ
2077 3725 2247 3795 μηνὸς
2279 3726 2530 3792 ἄγοντος.

2017 3812 2136 3881 ις’.
2176 3813 2471 3885 Συνέτρεχε
2502 3813 2559 3866 δέ
2590 3814 2739 3868 πᾶσα
2768 3815 2802 3885 ή
2833 3813 3009 3881 πόλις,
3041 3807 3129 3867 οἷα
3162 3812 3263 3885 τήν
3295 3813 3389 3868 τοῦ
3413 3815 3532 3868 λει-

1945 3905 2119 3977 ψάνου
2168 3906 2508 3976 προπομπὴν
2560 3905 2946 3976 ποιησόμενοι·
2994 3904 3160 3968 αὑτός
3208 3921 3270 3958 τε
3311 3906 3338 3958 ό
3374 3922 3532 3974 τηνι-

1948 3996 2125 4050 καῦτα
2162 3997 2474 4067 ἀρχιερεὺς.
2511 3996 2605 4050 καὶ
2642 3996 2837 4067 ὅτιπερ
2882 3992 2949 4068 ἦν
2988 3995 3080 4049 106
3145 3993 3536 4065 ἐκκλησιαστι-

1949 4089 2050 4143 κοῦ
2111 4088 2340 4160 κλήρου,
2404 4087 2609 4157 πλῆθός
2663 4106 2715 4142 τι
2769 4088 3044 4159 μοναχῶν,
3111 4088 3204 4142 καὶ
3254 4088 3533 4156 γυναικῶν

1949 4181 2166 4252 σεμνῶν
2189 4181 2473 4250 τάγματα,
2513 4181 2609 4234 καὶ
2639 4181 2748 4234 τῶν
2775 4183 2834 4235 ὲν
2867 4181 3012 4236 τέλει
3035 4181 3161 4235 ὅσον
3183 4179 3407 4244 εύσεσές
3432 4180 3532 4234 καὶ

1950 4275 2216 4343 φιλόθεον.
2271 4275 2346 4330 Τὸ
2395 4275 2493 4344 μέν
2557 4275 2653 4330 06v
2701 4276 2852 4348 ἱερὸν.
2877 4275 3044 4330 αὑτοῦ
3079 4275 3332 4346 λείψανον
3360 4277 3395 4346 ἡ
3426 4274 3526 4328 106

1949 4367 2254 4421 Βαπτιστοῦ
2292 4367 2543 4422 Ἰωάννου
2593 4369 2752 4440 μονή.
2782 4369 2906 4440 ἥτις
2936 4369 3046 4440 ἄρα
3074 4369 3172 4422 καὶ
3201 4367 3296 4422 τοῦ
3333 4366 3536 4438 Δανιὴλ

1949 4458 2189 4526 λέγεται,
2249 4459 2506 4530 δέχεται,
2545 4460 2716 4529 ἐγγύς
2763 4477 2868 4514 που
2906 4460 3000 4514 τοῦ
3047 4459 3194 4514 θείου
3247 4459 3379 4515 ναοῦ
3436 4458 3534 4513 106

851 4552 996 4621 quod
1053 4553 1228 4622 ipsum
1285 4571 1502 4626 quoque
1555 4557 1656 4612 fuit
1707 4572 1843 4628 opus

1954 4551 2236 4623 μάρτυρος
2263 4553 2489 4606 Μωκίου
2526 4552 2871 4623 διακειμένη,
2903 4552 3065 4623 ἔργον
3097 4554 3192 4607 καὶ
3234 4551 3371 4623 αὑτὴ
3401 4548 3537 4606 οὖσα

1951 4644 2050 4715 τῆς
2079 4644 2291 4699 ἐκείνου
2314 4645 2516 4716 χειρὸς,
2549 4646 2583 4717 ἢ
2620 4645 2822 4717 μᾶλλον
2857 4647 3034 4699 εἰπεῖν
3068 4647 3168 4716 τῆς
3195 4645 3537 4718 προθέσεως.

1955 4735 2125 4790 Ἔνθα
2144 4737 2209 4808 δὴ
2245 4737 2340 4792 καὶ
2368 4739 2450 4801 είς
2479 4735 2639 4808 δεῦρο
2668 4737 2940 4809 λαμπρῶς
2975 4737 3125 4807 αύτῷ
3147 4737 3241 4790 καὶ
3269 4736 3536 4807 φιλοθέως

1953 4829 1986 4898 ή
2023 4829 2215 4900 μνήμη
2235 4829 2495 4884 τελεῖται.
2519 4828 2628 4884 Τοῦ
2659 4829 2716 4882 δὲ
2741 4829 3243 4901 δημιουργηθέντος
3282 4827 3432 4898 αὐτῷ
3454 4829 3534 4883 οῖ·-

1953 4935 2051 4972 κου
2098 4919 2202 4990 τῆς
2251 4921 2498 4992 μεγάλης
2535 4921 2858 4993 Είρήνης,ή
2914 4920 3282 4992 εὐσεϐεστάτη
3322 4921 3536 4990 Βηρίνα

1957 5010 2120 5082 (γυνὴ
2150 5011 2209 5065 δὲ
2250 5011 2393 5083 αὕτη
2446 5013 2541 5067 τοῦ
2577 5013 2816 5084 μεγάλου
2860 5013 3090 5078 Λέοντος
3118 5008 3208 5085 ἦν)
3262 5013 3362 5084 τήν
3403 5014 3539 5083 πρό-

1957 5119 2107 5156 νοιαν
2163 5104 2505 5174 ἀναδέχεται.
2556 5105 2627 5160 Ἦ
2658 5105 2726 5159 τά
2764 5121 2822 5158 τε
2861 5103 2995 5176 πρὸς
3047 5105 3252 5175 κόσμον
3298 5103 3537 5166 ἐλλιπῶς

1961 5191 2156 5265 ἔχοντα
2193 5196 2501 5261 σπουδαίως
2529 5196 2862 5267 ἀποπληροῖ,
2887 5196 2983 5250 καὶ
3011 5195 3110 5268 τὴν
3151 5197 3358 5268 ὀροφήν
3401 5213 3539 5266 χρυ-

1960 5286 2061 5358 σίῳ
2093 5288 2395 5360 φιλοτίμως
2428 5290 2808 5359 κατακοσμεῖ·
2836 5288 2930 5343 καὶ
2960 5289 2994 5357 ἡ
3032 5287 3315 5358 ἐπιγραφὴ
3362 5286 3541 5341 ταῦτα

1957 5375 2137 5429 ἐκεῖσε
2158 5375 2292 5446 δῆλα
2318 5380 2484 5431 ποιεῖ.
2513 5375 2598 5430 Τά
2620 5391 2680 5428 τε
2700 5376 2808 5446 μὴν
2829 5375 3081 5443 ἐγκαίνια
3101 5374 3198 5428 τοῦ
3228 5373 3361 5428 ναοῦ
3391 5373 3537 5428 κατὰ

1955 5467 2055 5538 τὴν
2087 5467 2282 5522 εἰκάδα
2312 5469 2406 5522 106
2439 5467 2774 5538 ’ίανουαρίου
2811 5467 2880 5521 δι’
2907 5466 3064 5532 ἔτους
3086 5467 3353 5521 τελεῖταιο
3375 5467 3542 5520 ὁπότε

1955 5561 2020 5631 δὴ
2044 5562 2138 5615 κκὶ
2173 5561 2344 5631 πολλὴ
2397 5559 2494 5615 τοῦ
2549 5560 2852 5633 πλήθουςή
2891 5559 3189 5632 συνδρομὴ,
3231 5560 3325 5614 καὶ
3366 5559 3537 5622 πολὺς

1956 5656 1986 5708 δ
2015 5655 2337 5726 Μαρκιανὸς
2395 5655 2454 5708 ἐν
2513 5656 2625 5718 τοῖς
2681 5654 2939 5709 ἁπάντων
2999 5653 3188 5725 ᾅδεται
3246 5651 3539 5722 στόμασιν,

1958 5747 2163 5801 ὡσανεὶ
2188 5747 2387 5810 παῖδας
2439 5747 2649 5802 ἐκείνου
2681 5747 2808 5812 τοὺς
2840 5746 2934 5800 δύο
2977 5745 3141 5811 ναοὺς
3172 5746 3266 5798 106
3301 5741 3543 5814 πλήθους

1958 5837 2230 5912 δρώντων,
2267 5839 2361 5895 κα)⁵
2403 5839 2615 5906 τούτοις
2658 5839 2759 5913 τήν
2794 5839 2920 5911 περὶ
2958 5837 3119 5898 αὐτὸν
3155 5839 3378 5910 μνήμην
3411 5838 3521 5892 ἀνι
