3886 6494
348 395 453 460 449

1308 400 1485 460 ΥοΙΤΑ
1525 400 1584 460 S.
1630 397 2008 460 MARCIANI
2049 396 2544 459 PRESBYTERX.

3517 395 3624 462 £50

349 513 612 568 νεούντων
635 528 653 546 ι
693 513 836 568 ὥστε
867 513 1025 577 τινας
1061 512 1156 569 καὶ
1189 515 1489 586 χαριέντως
1511 515 1643 585 πρὸς
1670 514 1934 584 ἀλλήλους

2053 529 2097 567 ιο
2131 513 2310 583 lepide
2345 513 2530 567 dicant
2564 525 2688 566 cum
2721 508 3040 581 voluptate:
3082 511 3222 566 Ecce
3262 511 3376 566 haec
3407 526 3622 582 quoque

350 609 445 660 σὺν
495 607 664 691 ἡδονῇ
713 606 935 675 λέγειν·
981 608 1114 660 Ἰδοὺ
1176 609 1269 662 καὶ
1329 607 1462 678 ἄλλη
1514 607 1760 679 θυγάτηρ
1793 606 1931 676 αὕτη

344 699 439 752 τοῦ
468 699 710 768 μεγάλου
739 697 1089 770 Μαρκιανοῦ,
1117 698 1177 751 τὺ
1214 698 1409 762 κάλλος
1435 716 1494 752 τε
1523 701 1620 750 καὶ
1645 697 1743 770 τὴν
1771 698 1935 751 πολυο

347 790 564 844 τέλειαν
615 791 826 861 ἀδελφὴ
875 791 976 861 τῆς
1037 791 1287 861 μεγάλης
1333 790 1717 854 Ἀναστασίας.
1758 791 1935 862 ’Ὅπερ

353 883 539 953 μέντοι
570 883 752 953 μόνως
783 883 912 952 περὶ⁴
942 881 1036 937 τοῦ
1065 882 1196 936 ναοῦ
1229 883 1327 953 τῆς
1354 884 1507 946 Θείας
1535 883 1698 946 αὐτὸς
1725 884 1934 946 ἐκεῖνος

351 977 456 1046 ἔφη
499 977 891 1039 Ἀναστασίας,
920 976 1037 1039 πῶς
1067 975 1134 1030 ἄν
1162 993 1248 1040 τις
1279 975 1615 1046 παραλιπεῖν
1646 973 1930 1042 diiudicata;

349 1068 471 1120 Τῶν
500 1068 611 1138 γὰρ
643 1065 889 1137 συνήθων
928 1067 1080 1138 αύτῷ
1105 1084 1252 1130 τινος
1288 1067 1350 1120 τὸ
1382 1068 1516 1121 πολὺ
1554 1069 1654 1134 τῆς
1687 1067 1936 1138 δαπάνης

351 1164 408 1214 ὲν
447 1160 693 1229 θαύματι
719 1159 1063 1231 ποιουμένου,
1097 1163 1330 1225 ἐκεῖνον,
1362 1161 1424 1214 Εἰ
1447 1161 1504 1214 δὲ
1540 1162 1634 1215 καλ⁸
1669 1162 1807 1232 πρὸς
1834 1163 1934 1231 γάσ-

353 1271 471 1323 μον,
498 1253 698 1315 εἰπεῖν,
728 1252 1006 1324 θυγατέρα
1029 1254 1344 1324 κατεγγυᾷν
1366 1253 1614 1323 ἔμελλον,
1640 1256 1740 1309 οὐκ
1771 1253 1838 1308 ἂν
1865 1254 1934 1310 τὰ

353 1347 488 1415 πρὸς
546 1345 889 1416 εὐπρέπειαν
940 1345 1036 1398 καὶ
1080 1345 1287 1414 κόσμον
1336 1347 1476 1417 αὐτῇ
1535 1346 1832 1416 φιλοτίμως
1859 1347 1936 1411 ὡς

350 1431 496 1505 εἶχον
520 1437 827 1507 παρασχεῖν
857 1435 1119 1507 είλόμην;
1147 1435 1262 1490 Νῦν
1289 1436 1346 1491 δὲ
1381 1438 1518 1508 πρὸς
1540 1437 1668 1491 ναὸν
1694 1436 1933 1509 Χριστοῦ

351 1529 578 1600 νύμφης
611 1529 943 1601 προθέμενοι
972 1530 1245 1600 δαπανᾷν,
1279 1530 1376 1583 καὶ
1403 1529 1622 1601 νύμφης
1645 1530 1788 1584 οὕτω
1828 1549 1934 1586 κα-

350 1621 469 1691 λῆς,
486 1623 582 1675 καὶ
601 1624 662 1676 τὸ
683 1617 823 1693 αἷμα
854 1622 996 1693 ὑπὲρ
1021 1623 1188 1676 αὑτοῦ
1214 1624 1445 1692 προχέαι
1478 1624 1553 1694 μὴ
1576 1624 1932 1696 φεισαμένης,

349 1713 414 1764 οὑ
444 1711 626 1782 πολλῷ
674 1712 876 1783 μᾶλλον
906 1713 1002 1768 καὶ
1033 1710 1444 1782 προθυμότερον
1483 1711 1786 1780 ἐμέλλομεν
1801 1712 1937 1764 ἀνα-

349 1799 583 1867 λίσκειν,
623 1801 720 1855 καὶ
755 1801 966 1871 κόσμου
1010 1801 1213 1864 παντὸς
1239 1801 1331 1854 καὶ
1359 1799 1508 1872 ὧρας
1561 1801 1658 1855 καὶ
1697 1801 1936 1874 χαρίτων

2037 611 2120 658 est
2162 603 2266 656 alia
2303 602 2410 656 ﬁlia
2447 601 2624 672 Magni
2663 601 2942 669 Marciani,
2976 603 3383 673 pulchritudine
3413 613 3468 660 et
3506 623 3623 660 ma-

2037 695 2350 765 gniﬁcentia
2385 711 2540 750 soror
2572 712 2781 766 magna:
2804 696 3130 752 Anastasim.
3171 697 3328 763 Quod
3356 708 3504 754 certe
3533 700 3622 754 ille

2037 789 2257 858 quidem
2299 788 2415 858 ipse
2450 789 2794 843 solummodo
2829 789 2896 844 de
2927 789 3110 844 divina
3145 791 3282 846 dixit
3312 793 3619 855 Anastasia,

2037 880 2494 950 quemadmodum
2523 884 2798 938 censuerit
2823 885 3093 954 quispiam
3128 901 3250 940 esse
3297 889 3623 956 praetermit-

2038 974 2308 1028 tendum?
2354 973 2488 1028 Nam
2541 990 2667 1030 cum
2725 977 2944 1046 quidam
2992 993 3056 1032 ex
3099 979 3219 1048 ejus
3267 979 3624 1035 familiaribus

2037 1080 2290 1137 magnam
2318 1066 2612 1121 miraretur
2646 1067 2990 1137 impensam:
3028 1069 3084 1122 Si
3119 1059 3496 1139 desponsurus‘
3528 1087 3617 1126 es-

2037 1173 2175 1224 sem,
2209 1159 2388 1229 inquit
2416 1159 2524 1220 ille.
2559 1175 2736 1214 meam
2776 1160 2960 1225 ﬁliam,
2993 1176 3103 1215 non
3129 1178 3249 1230 qua:
3277 1164 3340 1217 ad
3372 1165 3490 1234 ejus
3521 1165 3620 1219 de-

2036 1261 2222 1305 corem
2278 1251 2637 1320 pertinerent,
2701 1261 2756 1306 et
2805 1260 3078 1318 ornatum,
3134 1262 3431 1309 statuerem
3487 1257 3618 1311 milii

2037 1355 2157 1396 esse
2205 1341 2495 1411 praebenda
2550 1358 2714 1412 quam
2776 1358 2995 1414 possem
3047 1346 3627 1415 magnificentissime?

2035 1432 2195 1488 Nunc
2244 1443 2430 1488 autem
2479 1449 2603 1489 cum
2647 1435 2924 1506 impensas
2957 1438 3312 1493 statuerimus
3353 1439 3533 1494 facere
3565 1441 3619 1494 in

2040 1527 2301 1596 templum
2335 1542 2550 1597 sponsa:
2579 1527 2806 1592 Christi,
2840 1538 2894 1583 et
2932 1545 3147 1599 sponsae
3181 1534 3318 1586 adeo
3359 1532 3620 1602 pulchrae,

2037 1626 2234 1688 etquae
2259 1634 2358 1689 pro
2384 1619 2501 1689 ipso
2523 1622 2840 1690 sanguinem
2871 1637 2976 1675 non
3009 1622 3180 1692 possit
3209 1623 3437 1678 fundere.
3463 1641 3477 1678 :
3511 1640 3618 1679 non

2037 1709 2196 1780 longe
2227 1711 2460 1781 amplius
2499 1722 2555 1766 et
2602 1713 2836 1768 alacrius
2883 1729 3073 1768 sumus
3106 1725 3358 1786 sumptus
3399 1717 3618 1774 facturi.

2038 1803 2359 1873 nullumque
2402 1814 2786 1858 ornamentum
2832 1807 3180 1877 speciemque
3212 1818 3267 1862 et
3297 1809 3618 1878 elegantiam

349 1865 622 1946 ἐλλείπειν
653 1893 806 1947 οὐδέν
832 1865 1034 1960 {Olim
1062 1892 1350 1966 φιλότιμος
1397 1865 1466 1965 ἦν
1500 1895 1558 1947 έν
1601 1865 1792 1964 ἔργοις
1821 1896 1936 1958 τοῖς

2053 1894 2504 1964 prmtermissuri?
2544 1893 2676 1950 Tam
2707 1896 3026 1966 splendidus
3054 1907 3108 1952 et
3143 1865 3464 1970 magniﬁcus
3503 1912 3622 1955 erat

348 1987 428 2056 τῷ
453 1986 574 2057 Θεῷ
613 1988 793 2058 φίλοις
832 1987 1177 2059 Μαρκιανὸς,
1221 1988 1316 2041 καὶ
1372 1987 1622 2058 δαπάνης
1673 1987 1935 2059 οὐδεμιᾶς

351 2079 694 2148 φειδόμενος.

431 2173 518 2238 ιζ’·
544 2173 652 2226 Καὶ
677 2171 787 2240 γὰρ
816 2171 875 2224 ού
898 2170 1168 2225 τοσούτων
1195 2171 1354 2241 μόνον
1388 2171 1643 2242 νεουργδς
1688 2170 1934 2242 γέγονεν,

356 2266 495 2318 ἀλλᾶ
525 2265 620 2318 καὶ
662 2262 870 2318 πολλῶν
903 2262 1080 2318 ἄλλων
1114 2262 1274 2334 ίερῶν
1300 2263 1486 2330 οἴκων,
1513 2264 1574 2315 οὐ
1606 2263 1938 2334 δημιουργὸς

361 2355 545 2426 μόνον,
577 2353 715 2410 ἀλλὰ
746 2353 840 2408 καὶ
870 2352 1214 2424 θεραπευτὴς
1266 2352 1544 2406 ἐδείκνυτο
1576 2367 1590 2382 ⁸
1629 2351 1716 2406 οἶα
1743 2352 1809 2423 δὴ
1844 2353 1938 2408 καὶ

353 2447 448 2500 τοῦ
489 2445 724 2515 μεγάλου
781 2445 1056 2515 μάρτυρος
1120 2443 1396 2514 Θεοδώρου
1450 2443 1544 2497 τοῦ
1597 2445 1656 2498 ἐν
1741 2445 1956 2499 Ταινὰ-

359 2559 442 2614 ρῳ
465 2556 482 2574 ο
522 2539 617 2594 καὶ
639 2537 998 2610 Στρατονίκου
1050 2536 1328 2608 μάρτυρος
1357 2534 1452 2589 τοῦ
1494 2537 1550 2588 ὲν
1579 2536 1658 2607 τῷ
1709 2535 1935 2608 Ῥηγίῳ.

358 2635 470 2689 Καὶ
507 2632 634 2701 τόγε
688 2631 1169 2703 θαυμαστότατον,
1230 2629 1427 2699 ὅτιπερ
1481 2628 1655 2694 οὕτως
1714 2631 1772 2683 ὲν
1827 2633 1939 2695 τοῖς

357 2728 526 2798 ἱεροῖς
558 2725 729 2788 οἴκοις
759 2723 858 2796 τὴν
904 2725 1061 2794 χεῖρα
1082 2721 1398 2793 πολυαρκὴς
1422 2721 1522 2787 ὢν,
1559 2722 1742 2794 πολλῷ
1778 2722 1941 2778 πλέον

357 2820 531 2892 αὐτὴν
570 2819 803 2891 ῥέουσαν
825 2819 883 2872 ὲν
919 2819 1041 2882 ταῖς
1081 2816 1190 2871 τῶν
1216 2820 1463 2888 πενήτων
1504 2819 1765 2890 παρεῖχεν
1821 2819 1944 2871 ἑπι-

365 2913 631 2982 μελείαις.
687 2911 825 2983 Περὶ
852 2902 915 2964 οῦ
945 2909 1041 2964 καὶ
1075 2909 1175 2963 νῦν
1223 2907 1660 2981 διεξοδικώτερον
1705 2912 1742 2970 ό,
1785 2910 1943 2979 λόγος

358 3004 650 3073 διεξελθεῖν
680 3002 952 3074 βούλεται,
1003 2999 1144 3054 ὥστε
1198 3000 1364 3071 δήλην
1408 3000 1660 3069 γενέσθαι
1715 3001 1790 3072 μὴ
1844 3001 1944 3071 τὴν

364 3102 580 3157 ἐκείνου
617 3101 777 3174 μόνον
799 3100 927 3171 περὶ
983 3098 1108 3162 τοὺς
1167 3097 1453 3168 δεομένους
1513 3095 1942 3168 φιλανθρωπίαν,

2040 1986 2348 2042 Marcianus
2377 1989 2431 2042 in
2464 1988 2552 2052 iis,
2587 2003 2707 2058 qua:
2755 1990 2864 2044 Deo
2891 1999 3042 2058 grata
3092 2001 3271 2058 erant,
3316 1993 3574 2062 operibus
3605 2012 3618 2046 :

2039 2094 2218 2150 neque
2248 2079 2372 2134 ullis
2402 2081 2661 2149 parcebat
2690 2083 3022 2152 sumptibus.

2114 2171 2276 2226 XVII.
2321 2173 2539 2228 Etenim
2577 2189 2688 2229 non
2738 2175 2932 2229 harum
2981 2175 3156 2230 solum
3210 2176 3313 2231 fuit
3352 2177 3620 2250 conditor,

2042 2266 2137 2320 sed
2174 2267 2467 2321 multarum
2503 2282 2722 2338 quoque
2763 2267 2990 2322 aliarum
3033 2269 3230 2323 mdium
3268 2284 3378 2323 non
3413 2278 3621 2324 tantum

2043 2374 2101 2413 se
2123 2358 2373 2428 prmstitit
2398 2359 2667 2430 Opiﬁcem,
2694 2375 2882 2414 verum
2920 2359 3080 2414 etiam
3113 2359 3434 2416 refectorem
3463 2369 3625 2430 atque

2044 2461 2437 2521 reparatorem.
2480 2452 2552 2508 Ut
2585 2453 2765 2524 magni
2797 2467 3015 2522 quoque
3048 2453 3302 2523 martyris
3329 2451 3621 2515 Theodori,

2043 2544 2138 2614 qui
2164 2544 2266 2600 fuit
2295 2544 2350 2598 in
2374 2543 2604 2600 Taenaro
2631 2564 2645 2600 :
2683 2553 2738 2600 et
2764 2545 3056 2601 Stratonici
3099 2544 3372 2616 martyris,
3400 2545 3492 2614 qui
3522 2543 3625 2599 fuit

2046 2635 2263 2709 Rhegii.
2299 2637 2366 2692 Et
2392 2639 2538 2708 quod
2568 2648 2653 2694 est
2695 2640 2867 2710 magis
2893 2638 3231 2703 admirabile,
3271 2653 3394 2692 cum
3439 2638 3493 2692 in
3539 2653 3626 2692 sa-

2045 2730 2154 2784 cris
2183 2730 2392 2784 aedibus
2422 2730 2541 2798 eius
2571 2739 2716 2785 esset
2748 2746 2944 2786 manus
2984 2739 3090 2785 tam
3124 2730 3384 2795 liberalis,
3419 2745 3484 2785 ea
3509 2738 3630 2784 erat

2047 2823 2220 2878 multo
2257 2823 2430 2894 magis
2470 2822 2692 2893 profusa
2735 2823 2792 2878 in
2835 2838 2965 2878 cura
3012 2823 3249 2895 gerenda
3297 2837 3625 2893 pauperum.

2048 2914 2203 2982 Quod
2243 2916 2464 2985 quidem
2506 2931 2656 2970 nunc
2706 2915 2824 2971 vult
2874 2917 3077 2970 cursim
3129 2917 3384 2986 persequi
3429 2916 3626 2978 oratio,

2048 3009 2186 3064 adeo
2225 3017 2285 3064 ut
2313 3024 2424 3063 non
2458 2988 2633 3064 solum
2681 3009 2966 3066 manifesta
3021 3009 3176 3065 ﬁeret
3215 3010 3363 3065 illius
3401 3010 3455 3064 in
3498 3024 3628 3080 ege-

2048 3118 2151 3158 nos
2179 3101 2508 3173 benignitas,
2541 3105 2638 3158 sed
2669 3102 2786 3158 haec
2829 3104 2946 3175 ipsa
2993 3120 3210 3175 quoque
3241 3106 3625 3171 beneﬁcentia,

361 3195 500 3248 ἀλλὰ
541 3193 638 3249 καὶ
698 3191 829 3248 αὐτὸ
876 3190 1035 3245 τοῦτο
1095 3189 1156 3244 τδ
1200 3190 1604 3262 φιλάνθρωπον,
1653 3190 1782 3243 οἵων
1839 3189 1947 3260 ἄρα

2053 3194 2300 3266 qualibus
2352 3193 2511 3248 donis
2567 3195 2882 3267 dignaretur
2930 3196 3075 3251 illius
3119 3208 3408 3253 amatores.
3455 3199 3628 3253 Noctu

362 3287 520 3350 τοὺς.
550 3285 785 3356 ἐραστὰς
818 3282 1029 3337 ἐκείνου
1090 3281 1200 3336 τῶν
1265 3283 1622 3354 χαρισμάτων
1677 3281 1942 3348 καταξιοϊ.

367 3381 607 3452 Νύκτωρ
631 3382 660 3434 ό
690 3377 994 3448 θαυμάσιος
1019 3375 1119 3441 τάς
1152 3393 1212 3429 τε
1275 3374 1545 3438 πλατείας
1577 3374 1672 3428 καὶ
1696 3374 1823 3437 τοὺς
1849 3374 1947 3442 τῆς

365 3474 577 3536 πόλεως
659 3470 889 3541 περιιὼν
964 3470 1296 3532 στενωποὺς,
1373 3467 1634 3538 ἐπιμελὲς
1689 3468 1944 3530 ἐποιεῖτο,

367 3564 472 3619 ποῦ
509 3581 639 3618 ποτε
669 3565 736 3619 ἂν
775 3564 872 3617 καὶ
904 3561 1058 3633 εῦροι
1106 3561 1300 3633 νεκρὸν
1360 3560 1466 3614 ὑπὸ
1525 3559 1725 3629 πολλῆς
1761 3559 1950 3622 πενίας

369 3657 864 3731 παρερῤιμμένονο
894 3655 992 3711 καὶ
1032 3654 1107 3719 ώς
1153 3653 1222 3708 ἂν
1270 3653 1368 3706 ῐδοι
1422 3652 1685 3716 τοιοῦτον,
1755 3651 1951 3721 ὥσπερ

373 3751 611 3821 μεγάλου
637 3747 789 3812 me;
843 3747 1070 3820 κέρδους
1119 3745 1394 3816 ἐπιτυχὼν
1453 3743 1708 3814 ἁσμένως
1765 3741 1949 3813 ἐώρα*

371 3843 468 3897 καὶ
493 3843 697 3913 σπουδῇ
740 3839 939 3904 λούσας
989 3841 1084 3894 καὶ
1117 3837 1415 3909 ἀμφιέσας,
1461 3837 1556 3908 καὶ
1612 3837 1722 3890 τῶν
1779 3835 1953 3890 ἄλλων

369 3937 436 4008 δὴ
494 3935 602 3990 τῶν
667 3933 1073 4004 νενομισμένων
1129 3931 1370 3999 ἀξιώσας
1433 3929 1632 4001 τιμῶν,
1684 3925 1804 3982 εἶτα
1858 3929 1954 3982 καὶ

371 4028 563 4101 ὥσπερ
597 4027 690 4082 καὶ
721 4025 900 4091 ζῶντα
919 4023 1014 4077 τὸν
1034 4023 1228 4094 νεκρὸν
1249 4021 1694 4094 προσεφθέγγετο
1714 4036 1729 4049 ·
1762 4019 1953 4091 Δεῦρο,

371 4121 568 4190 λέγων,
630 4119 726 4173 καὶ
791 4117 890 4187 τῆς
947 4118 1006 4170 ὲν
1070 4114 1294 4186 Χριστῷ
1349 4113 1571 4184 ἀγάπης
1625 4111 1956 4183 κοινώνησον

371 4212 530 4282 ὴμῖν,
555 4207 774 4279 ἀδελφέ.
807 4206 997 4272 Οὕτως
1024 4205 1218 4270 είπὼν,
1249 4203 1598 4258 ὑπακούοντα
1650 4203 1741 4257 τὸν
1771 4201 1959 4273 κείμε-

374 4321 466 4358 νον
495 4300 673 4375 εἶχεν·
723 4302 978 4355 ἀνίστατο
1017 4299 1124 4371 γὰρ
1167 4297 1234 4370 (ὣ
1269 4296 1568 4368 θαύματος,
1601 4293 1954 4368 ἁπορῤήτουῑ

380 4395 478 4449 καὶ
528 4393 849 4466 Μαρκιανὺν
889 4385 1166 4462 ἠσπάζετο
1229 4390 1324 4443 τὸν
1368 4389 1604 4460 χρηστὸν
1668 4387 1771 4457 τῆς
1821 4403 1958 4457 προ-

379 4484 548 4551 νοίας,
577 4482 767 4554 ὥσπερ
800 4483 898 4552 τῆς
933 4479 1061 4553 περὶ
1085 4479 1269 4544 αὑτὸν,
1295 4480 1396 4534 οὐκ
1444 4481 1675 4544 ἐκεῖνον,
1707 4477 1846 4532 ἀλλὰ
1868 4480 1959 4531 τὸν

2048 3286 2132 3340 vir
2165 3284 2255 3340 ille
2296 3284 2636 3354 admirabilis
2670 3286 2863 3342 obiens
2889 3286 3096 3357 plateas
3125 3297 3180 3342 et
3205 3288 3445 3343 civitatis
3473 3275 3630 3360 angi-

2049 3384 2263 3448 portus,
2302 3376 2465 3444 hujus
2501 3391 2717 3447 quoque
2758 3393 2946 3432 curam
2978 3379 3222 3449 gerebat.
3254 3377 3438 3434 Sicubi
3473 3379 3629 3434 inve-

2047 3469 2220 3524 uisset
2252 3477 2529 3522 mortuum
2560 3483 2672 3538 pra:
2707 3469 2876 3522 nimia
2907 3478 3227 3538 paupertate
3250 3470 3544 3539 abjectum,
3578 3480 3631 3525 et

2049 3561 2208 3630 cujus
2232 3575 2396 3614 nemo
2433 3575 2620 3614 curam
2649 3567 2880 3630 gereret,
2909 3570 2962 3615 et
2991 3576 3153 3630 quem
3185 3561 3347 3615 talem
3383 3561 3629 3623 vidisset,

2053 3665 2309 3723 tanquam
2349 3668 2602 3720 maguum
2645 3653 2861 3722 aliquod
2908 3653 3118 3709 lucrum
3163 3661 3472 3715 assecutus,
3505 3669 3631 3708 eum

2053 3746 2286 3800 libenter
2334 3744 2591 3800 videbat:
2626 3761 2863 3815 cumque
2907 3761 3033 3800 eum
3083 3747 3373 3817 diligenter
3416 3746 3636 3802 lavisset

2053 3847 2109 3893 et
2157 3837 2446 3901 induisset,
2499 3845 2554 3891 et
2610 3836 2713 3891 alia
2763 3837 2911 3906 justa
2952 3853 3054 3908 pro
3100 3853 3252 3893 more
3297 3837 3348 3892 ei
3394 3837 3633 3901 fecisset,

2055 3930 2254 3986 deinde
2286 3929 2453 3985 etiam
2481 3939 2758 3985 mortuum
2781 3939 3038 4000 tanquam
3085 3931 3269 3987 vivum
3318 3931 3634 4001 alloqueba-

2057 4030 2186 4076 tur:
2229 4022 2495 4093 Agedum,
2528 4022 2738 4087 dicens,
2785 4022 2862 4077 sis
2899 4037 3119 4093 quoque
3145 4022 3434 4078 nobiscum
3467 4023 3637 4092 parti-

2056 4128 2184 4184 ceps
2214 4114 2352 4183 ejus.
2380 4130 2502 4186 quae
2531 4122 2618 4170 est
2655 4115 2710 4169 in
2739 4114 2981 4180 Christo,
3012 4114 3311 4171 charitatis.
3343 4115 3476 4181 Quae
3511 4130 3636 4171 cum

2058 4207 2138 4263 sic
2181 4207 2408 4272 diceret,
2451 4206 2684 4263 habebat
2719 4223 2846 4262 eum
2891 4208 2987 4278 qui
3026 4208 3264 4278 jacebat,
3305 4207 3636 4262 audientem.

2058 4299 2328 4371 Surgebat
2361 4299 2506 4354 enim
2543 4301 2598 4369 (ο
2629 4299 2975 4364 miraculum,
3005 4298 3147 4369 quod
3184 4298 3365 4353 verbis
3394 4314 3501 4354 non
3545 4313 3642 4368 po-

2063 4400 2169 4448 test
2187 4393 2515 4463 explicaril),
2532 4401 2588 4446 et
2611 4391 2815 4450 bonum
2831 4390 3260 4461 amplectebatur
3279 4389 3638 4455 Marcianum,

2063 4499 2249 4540 curam
2276 4499 2398 4555 qua:
2427 4483 2547 4552 ejus
2564 4483 2882 4554 gerebatur,
2910 4496 3018 4536 non
3046 4481 3218 4546 illum,
3247 4481 3341 4535 sed
3359 4481 3642 4535 Christum

376 4575 614 4649 Χριστὸν
645 4575 846 4647 μᾶλλον
877 4573 1193 4644 ὑποφαίνων
1220 4571 1641 4643 ἀποδεχόμενον.
1695 4565 1812 4624 Εἴθ’
1867 4569 1947 4624 οῦ·

2066 4577 2246 4649 potius
2293 4575 2591 4631 ostendens
2643 4575 2944 4645 suscipere.
2993 4571 3200 4628 Deinde
3245 4572 3327 4627 sic
3371 4579 3640 4632 mortuus,

377 4689 484 4736 τως
516 4673 544 4726 ὁ
577 4669 772 4744 νεκρὸς
798 4667 963 4725 πάλιν
1016 4667 1209 4737 νεκρὸς
1250 4661 1344 4736 ἦν,
1417 4663 1514 4718 καὶ
1568 4661 1808 4727 τοιοῦτος
1855 4663 1961 4716 ὑπὸ

376 4764 486 4818 τῶν
521 4761 830 4834 παριόντων
875 4759 1174 4831 ὁρώμενος.
1229 4756 1404 4812 Τοῦτο
1452 4756 1510 4811 δὲ
1541 4753 1824 4826 γνώριμον
1860 4756 1961 4826 μὲν

379 4859 473 4912 καὶ
494 4856 672 4920 ἄλλως
691 4853 942 4924 γέγονεν,
976 4853 1042 4906 ὲκ
1080 4851 1140 4907 δὲ
1167 4849 1364 4905 τούτου
1405 4848 1813 4920 φανερώτερον.

457 4947 566 5005 lﬂ'.
624 4949 824 5005 Μέσων
893 4944 1127 5012 νυκτῶν,
1186 4945 1276 4998 ὅτε
1323 4943 1419 4998 καὶ
1461 4945 1698 5013 μάλιστα
1772 4941 1963 5014 μηδενὶ

379 5044 611 5116 ὀφθῆναι
637 5039 800 5114 ᾤετο,
841 5038 979 5109 πρός
1004 5055 1126 5092 τινα
1153 5037 1362 5108 συνήθη
1389 5034 1725 5109 τραπεζίτην
1749 5034 1810 5088 τὺ
1835 5052 1963 5106 χρυ-

384 5137 499 5191 σίον
579 5131 935 5197 καταλλάξων
978 5129 1190 5196 ἐφοίτα,
1248 5130 1346 5182 καὶ
1415 5127 1596 5199 κέρμα
1670 5125 1963 5199 λαμϐάνων

382 5228 645 5282 πλειόνων
667 5223 908 5296 χαλκῶν,
963 5221 1040 5285 ὡς
1086 5221 1158 5276 ἂν.
1179 5221 1296 5292 ἔχοι
1323 5220 1483 5275 τοῦτο
1529 5221 1804 5290 διανεῖμαι
1848 5219 1964 5280 τοῖς

383 5324 728 5393 πενομένοις,
795 5321 962 5387 εὐθὺς
1026 5318 1279 5392 ἐπανῄει.
1322 5319 1382 5374 ’0
1440 5318 1574 5388 γοῦν
1627 5315 1964 5389 τραπεζίτης

382 5418 464 5478 εἰς
491 5415 719 5486 κέρδους
747 5415 1026 5487 πρόφασιν
1045 5416 1109 5468 τὸ
1146 5413 1327 5485 ἄωρον
1357 5416 1456 5485 τῆς
1495 5411 1692 5475 νυκτὸς
1746 5410 1964 5481 λαμσᾶ-

386 5525 517 5572 νων,
551 5507 738 5577 ζυγοῖς
767 5507 977 5571 ἀδίκοις
1018 5506 1147 5569 τοὺς
1195 5505 1431 5578 χρυσοῦς
1489 5502 1817 5574 ὲσταθμᾶτο,
1869 5501 1965 5555 καὶ

382 5601 590 5662 ὶκείνος
619 5598 774 5652 οὐδὲν
806 5598 1105 5668 ἀντιλέγων
1134 5596 1248 5651 οὗθ’
1283 5597 1421 5661 ὅλως
1479 5594 1962 5665 ὲξακριδούμενος,

381 5689 541 5762 δῆλος
572 5686 642 5761 ἦν
671 5690 732 5744 τὸ
777 5692 890 5744 πᾶν
935 5693 1003 5762 τῇ
1061 5689 1368 5760 συνειδήσει
1422 5686 1518 5740 τοῦ
1568 5684 1966 5754 σταθμίζοντος

384 5782 723 5852 ἐπιτρέπων.
781 5780 869 5845 Ὠς
912 5781 968 5836 δὲ
1031 5779 1294 5844 πολλάκις
1355 5778 1514 5833 τοῦτο
1562 5777 1876 5848 γενόμενον,
1938 5776 1966 5827 ό

386 5873 708 5947 Μαρκιανὸς
730 5861 826 5930 τὸν
863 5873 939 5946 μὴ
997 5872 1276 5947 συνιέντα⁵
1298 5871 1751 5942 ὑποκρινόμενος,
1811 5865 1965 5921 οὐδὲν

2063 4683 2255 4724 rursus
2287 4674 2408 4723 erat
2442 4674 2691 4721 mortuus
2722 4683 2735 4720 :
2771 4674 2827 4721 et
2856 4665 2976 4720 talis
3007 4664 3297 4719 videbatur
3333 4663 3404 4718 ab
3431 4662 3518 4726 iis,
3550 4661 3644 4732 qui

2063 4769 2219 4822 erant
2253 4758 2597 4830 superstites.
2633 4755 2748 4812 Hoc
2777 4766 2957 4811 autem
2989 4754 3092 4810 fuit
3127 4754 3262 4809 alias
3297 4768 3516 4824 quoque
3549 4767 3644 4809 co~

2033 4880 2036 4882 τ
2063 4854 2275 4927 gnitum
2303 4872 2320 4908 :
2353 4851 2448 4908 sed
2481 4868 2550 4908 ex
2589 4851 2694 4906 hoc
2723 4848 2900 4905 evasit
2932 4847 3300 4904 manifestius.

2142 4944 2330 5002 XVIII.
2396 4943 2570 5000 Media
2621 4950 2804 5005 nocte,
2862 4940 3083 5010 quando
3131 4940 3371 4994 maxime
3421 4935 3647 5009 putabat

2065 5036 2184 5092 fore
2208 5043 2269 5091 ut
2300 5051 2331 5090 a
2361 5033 2583 5090 nemine
2615 5031 2913 5094 videretur,
2940 5029 3244 5085 ventitabat
3264 5029 3332 5084 ad
3358 5027 3645 5100 quemdam

2065 5126 2434 5200 argentarium
2463 5125 2567 5181 sibi
2596 5109 2941 5188 lamiliarem,
2971 5130 3032 5177 ut
3058 5136 3252 5181 aurum
3277 5127 3644 5192 permutaret:

2063 5227 2122 5274 et
2145 5217 2423 5286 accipiens
2453 5215 2684 5270 multum
2716 5213 2942 5268 minuta:
2978 5221 3212 5267 moneta:
3241 5227 3429 5272 aureae,
3461 5220 3520 5264 ut
3553 5210 3649 5264 ha-

2066 5311 2222 5366 beret
2263 5307 2408 5379 quod
2457 5315 2644 5378 posset
2693 5305 3023 5362 distribuere
3076 5304 3426 5375 pauperibus,
3463 5301 3644 5357 statim

2067 5401 2464 5458 revertebatur.
2507 5399 2870 5472 Argentarius
2898 5407 3083 5452 autem
3121 5395 3389 5452 adhibens
3426 5400 3642 5446 noctem

2067 5494 2507 5564 intempestivam
2549 5493 2616 5547 ad
2656 5491 2796 5547 lucri
2831 5489 3196 5554 occasionem,
3224 5487 3408 5556 iniqua
3442 5482 3646 5538 trutina

2067 5587 2407 5662 ponderabat
2445 5601 2664 5649 aureos.
2709 5583 2802 5640 Ille
2852 5590 3036 5638 autem
3081 5580 3214 5635 nihil
3244 5576 3645 5638 contradicens,

2069 5695 2174 5735 nec
2201 5678 2427 5733 omnino
2462 5685 2717 5732 accurate
2759 5673 3134 5734 considerans,
3167 5676 3355 5738 aperte
3387 5663 3648 5720 ostende-

2071 5773 2162 5827 bat
2195 5785 2255 5826 se
2297 5770 2478 5826 omnia
2510 5769 2829 5840 permittere
2855 5761 3203 5822 conscientia:
3238 5759 3358 5828 ejus
3385 5757 3476 5827 qui
3507 5770 3656 5846 poni

2071 5863 2317 5921 derabat.
2357 5861 2495 5918 Cum
2521 5871 2704 5918 autem
2737 5859 2841 5915 hoc
2870 5869 3014 5927 sape
3047 5850 3219 5920 ﬁeret,
3253 5857 3307 5907 et
3338 5846 3647 5906 Marcianus
