3886 6502
263 383 368 448 451

1502 381 1790 445 MENSIS
1825 380 2285 443 JANUARIUS.

3430 377 3538 445 452

268 501 533 558 simulans
560 516 619 557 se
646 514 754 556 non
785 499 1108 571 intelligere.
1140 511 1483 569 nequaquam
1508 495 1849 552 insimularet

1956 492 2201 547 ἐνεκάλει
2229 492 2308 563 τῷ
2334 492 2655 567 τραπεζίτῃ,
2693 492 2862 564 πολλὴ
2888 491 3149 562 ἔκπληξις
3177 485 3323 561 εἶχεν
3350 491 3536 557 αύτίν,

266 594 660 668 argentarium,
692 609 817 649 eum
844 608 1037 663 magna
1064 591 1236 647 subiit
1263 590 1585 645 admiratio:
1611 597 1667 644 et
1690 588 1851 644 simul

266 701 489 759 tempus
543 686 917 750 considerans,
980 700 1180 756 nempe
1224 683 1465 738 medium
1522 680 1721 747 noctis,
1784 680 1850 735 ad

271 775 553 829 meliorem
588 773 741 830 venit
770 773 1272 829 considerationem
1311 790 1324 826 :
1358 772 1632 842 capitque
1669 771 1852 841 suspi-

268 866 382 921 cari
415 865 470 921 id
486 865 642 936 quod
675 873 792 922 erat
823 864 1042 921 veritati
1069 864 1320 936 propius,
1352 872 1410 918 et
1440 861 1696 918 Marciani
1727 862 1852 917 vitae

266 958 707 1015 convenientius.
743 958 947 1026 ,Unum
988 968 1137 1013 certe
1179 972 1248 1012 ex
1282 956 1414 1012 suis
1461 956 1647 1027 pueris
1689 954 1854 1025 jussit

266 1068 395 1107 eum
434 1051 587 1121 sequi
628 1050 1024 1123 egredientem,
1059 1058 1119 1106 ut
1159 1049 1346 1113 sciret,
1377 1048 1638 1118 quidnam
1680 1048 1748 1103 ab
1785 1063 1853 1104 eo

268 1146 358 1200 illa
388 1145 599 1200 minuta
639 1143 796 1199 ﬁeret
827 1143 1082 1213 pecunia.
1131 1142 1318 1213 Neque
1355 1141 1502 1196 enim
1545 1141 1613 1197 ab
1658 1154 1852 1210 argen-

267 1239 408 1293 tario
437 1237 869 1309 cognoscebatur
896 1235 1230 1296 Marcianus,
1263 1242 1325 1289 ut
1353 1232 1447 1304 qui
1476 1243 1600 1303 apte
1644 1232 1852 1288 vultum

266 1334 490 1396 celaret,
522 1330 741 1402 quando
789 1329 861 1384 ad
914 1330 1091 1399 ipsum
1125 1325 1552 1398 ingrediebatur,
1597 1333 1659 1379 ut
1704 1323 1851 1379 illam

268 1423 535 1477 minutam
576 1421 853 1491 acciperet
890 1418 1201 1490 pecuniam.
1246 1416 1422 1487 Atque
1456 1431 1592 1487 puer
1628 1416 1851 1486 quidem

267 1515 621 1583 sequebatur.
652 1513 949 1583 Postquam
981 1520 1164 1566 autem
1208 1510 1401 1565 incidit
1428 1509 1511 1565 vir
1539 1510 1758 1566 divinus
1796 1511 1852 1565 in

272 1605 564 1674 quemdam
593 1619 888 1675 pauperem
905 1609 1182 1658 mortuum
1220 1601 1276 1656 in
1302 1601 1445 1657 lecto
1462 1601 1762 1672 jacentem,
1797 1608 1855 1657 et

265 1707 552 1768 acceptum
580 1711 648 1751 ex
679 1695 916 1766 quadam
948 1694 1215 1765 cauponis
1245 1693 1599 1760 domuncula,
1631 1692 1764 1749 lavit
1796 1702 1854 1749 et

268 1789 492 1846 induit:
534 1798 591 1844 et
639 1803 764 1844 cum
812 1789 1161 1853 surrexisset,
1212 1795 1298 1842 est
1343 1785 1646 1856 amplexus,
1692 1795 1751 1841 et
1783 1801 1851 1841 eo

1956 586 2051 641 καὶ
2082 586 2198 657 ἅμα
2235 588 2335 658 τὴν
2359 584 2509 659 ῶραν
2539 586 2870 641 ἀνασκοπῶν
2922 585 3007 639 ὅτι
3057 587 3159 655 τῆς
3221 584 3417 647 νυκτὸς
3476 585 3538 635 τὸ

1959 678 2314 748 μεσαίτατον,
2351 680 2432 744 εἰς
2462 679 2751 751 κρείττονα
2776 676 3039 747 λογισμὸν
3068 675 3406 746 ἐχώρει,καὶ
3437 676 3537 738 τὰς

1955 769 2255 843 ὑπολήψεις
2327 772 2656 841 ἐγγιζούσας
2700 767 2815 842 εἶχε
2892 772 2960 840 τῇ
3004 758 3252 841 ἀληθεία,
3311 767 3408 822 καὶ
3455 766 3533 836 τῷ

1953 862 2277 935 Μαρκιανοῦ
2307 864 2409 936 βίῳ
2442 864 2781 936 πρεπούσας.
2843 862 3083 933 Ἀμέλει,
3121 861 3216 915 καί
3252 878 3375 914 τινα
3425 859 3538 915 τῶν

1952 954 2121 1009 αὑτοῦ
2172 956 2382 1010 παίδων
2435 956 2748 1011 ἀκολουθεῖν
2803 953 3058 1008 ἐκέλευεν
3113 951 3266 1023 αύτῷ
3311 950 3535 1017 ἐξιόντι,

1950 1045 2095 1103 ὥστε
2129 1049 2321 1119 μαθεῖν
2348 1048 2452 1103 ποῦ
2488 1065 2622 1103 ποτε
2651 1050 2762 1119 ἄρα
2790 1048 2859 1103 τά
2879 1046 2973 1103 τοῦ
3027 1047 3304 1117 κέρματος
3340 1037 3536 1115 ἐκείνῳ

1952 1140 2245 1212 χωροῦσιν.
2277 1141 2546 1213 Οὐδαμῶς
2567 1140 2678 1212 γάρ
2705 1139 2959 1211 ἐπίδηλος
2988 1140 3017 1193 ὁ
3066 1137 3385 1210 Μαρκιανὸς
3449 1135 3531 1205 τῷ

1951 1232 2256 1306 τραπεζίτῃ
2285 1234 2578 1303 γενόμενος
2627 1230 2721 1307 ἦν,
2761 1229 3047 1297 ἐπιδεξίως
3094 1230 3194 1302 τὴν
3245 1230 3374 1300 δψιν
3414 1229 3539 1281 ἐπι-

1954 1324 2347 1396 κρυπτόμενος,
2404 1327 2494 1381 ὅτε
2546 1326 2683 1398 πρὸς
2712 1326 2876 1382 αὐτὸν
2913 1324 3090 1396 εἰσῄει
3130 1323 3192 1377 τδ
3230 1323 3411 1394 κέρμα
3445 1321 3540 1375 λα-

1953 1418 2090 1472 ϐεῖν.
2119 1416 2179 1471 Ὃ
2204 1416 2304 1488 μὲν
2328 1413 2421 1472 οὖν
2450 1420 2580 1483 παῖς
2614 1418 2922 1489 ἠκολούθει.
2969 1415 3126 1470 Ἐπεὶ
3140 1415 3197 1470 δὲ
3228 1416 3323 1469 καὶ
3352 1412 3535 1486 νεκρῷ

1953 1510 2151 1582 πένητι
2188 1510 2427 1584 ἐντυχὼν
2453 1512 2484 1565 δ
2531 1512 2673 1576 θεῖος
2700 1511 2842 1584 ἀνὴρ
2875 1510 2971 1565 ἐπὶ
3020 1509 3212 1579 κλίνης
3270 1508 3533 1578 κειμένῳ,

1950 1602 2133 1656 λαϐὼν
2178 1602 2242 1658 ἐκ
2267 1620 2416 1668 τινος
2466 1605 2714 1659 οίκίσκου
2760 1603 3070 1677 καπηλικοῦ
3104 1601 3290 1657 ἐλουσέ
3342 1618 3402 1654 τε
3441 1604 3538 1655 καὶ

1950 1695 2229 1766 ἠμφιασε,
2260 1695 2354 1750 καὶ
2397 1697 2705 1752 ἀναστάντα
2737 1697 3052 1767 ⁴ἰγσπάσιιιτο,
3087 1695 3180 1750 καὶ
3239 1692 3365 1749 εἶτα
3404 1694 3541 1748 ἀνα-

1953 1782 2143 1848 κλίνας
2175 1779 2331 1847 αὖθις
2356 1785 2558 1857 ἀπῄει*
2597 1785 2773 1841 ταῦτα
2806 1786 2901 1841 τδν
2937 1787 3107 1841 παῖδα
3133 1786 3314 1841 ἰδόντα
3360 1785 3535 1857 φρίκη

265 1883 468 1938 deinde
499 1882 784 1944 reclinato,
812 1895 1005 1936 rursus
1030 1880 1165 1935 abiit
1198 1897 1211 1934 :
1262 1895 1514 1950 puerum,
1557 1894 1685 1936 cum
1736 1879 1849 1937 haec

1955 1873 2211 1946 κατέσχε,
2264 1876 2362 1930 καὶ
2420 1877 2687 1948 στραφεὶς
2734 1878 2811 1944 ὡς
2872 1878 3039 1949 τάχος
3087 1877 3169 1949 τῷ
3246 1878 3536 1948 πέμψαντι

266 1974 513 2041 vidisset,
543 1974 739 2029 horror
767 1972 988 2038 invasit,
1015 1981 1071 2028 et
1096 1987 1420 2036 conversus,
1442 1989 1607 2044 quam
1648 1973 1851 2029 citissi-

266 2066 509 2137 meﬁeri
535 2066 732 2135 potuit,
755 2064 939 2120 omnia
964 2064 1205 2120 declarat
1231 2064 1283 2119 ei
1310 2064 1404 2134 qui
1429 2064 1581 2119 illum
1606 2065 1850 2121 miserat.

263 2158 423 2213 lilum
451 2166 637 2212 autem
668 2157 839 2212 subiit
860 2155 1184 2227 poenitentia
1206 2171 1423 2222 eorum,
1457 2173 1579 2229 qua:
1605 2158 1810 2215 fecerat
1830 2178 1850 2215 ς

263 2261 322 2306 et
355 2250 503 2321 quod
545 2265 605 2305 se
635 2249 978 2319 iniquissime
1016 2250 1073 2304 in
1110 2258 1364 2306 sane-turn
1392 2261 1654 2323 gesserat.
1682 2251 1852 2308 deﬂe-

266 2344 380 2407 bat,
413 2352 469 2399 et
510 2357 699 2414 poenas
745 2342 997 2397 sumebat
1039 2341 1108 2399 de
1160 2358 1257 2398 sua
1304 2343 1661 2400 conscientia.
1690 2344 1854 2401 Certe

267 2452 394 2493 cum
425 2436 472 2493 is
500 2451 693 2491 rursus
732 2435 997 2501 venisset,
1030 2444 1097 2501 ut
1129 2435 1331 2492 iaceret
1361 2436 1576 2499 similia.
1623 2439 1855 2508 procidit

263 2531 317 2585 ei
346 2531 413 2586 ad
439 2530 628 2601 pedes,
659 2539 716 2585 et
741 2528 1028 2585 confessus
1052 2537 1138 2585 est
1168 2544 1252 2596 ea,
1286 2545 1409 2601 quae
1438 2530 1579 2587 male
1608 2531 1849 2589 iecerat:

265 2633 320 2678 ct
351 2622 612 2693 quidquid
643 2635 741 2692 per
775 2618 1021 2677 fraudem
1051 2621 1293 2677 lucratus
1323 2622 1521 2690 fuerat,
1559 2638 1852 2679 enumera-

268 2714 365 2768 vit.
398 2712 477 2769 Ita
504 2714 649 2768 bona
672 2720 861 2767 tacens
890 2712 1035 2767 actio
1061 2712 1216 2783 plura
1252 2720 1431 2781 potest
1454 2711 1657 2775 facere,
1687 2730 1851 2784 quam

274 2803 566 2858 verborum
606 2801 938 2857 multitudo:
979 2810 1037 2857 et
1085 2802 1284 2871 quibus
1327 2802 1465 2859 nihil
1493 2813 1722 2876 prosunt
1762 2821 1853 2862 re-

270 2893 670 2965 prehensiones
694 2900 749 2948 et
779 2892 1086 2960 suasiones,
1118 2893 1185 2948 iis
1225 2908 1366 2965 opus
1409 2894 1684 2951 laudabile
1722 2912 1853 2967 pro-

261 2988 466 3044 cedens
508 2986 748 3051 silentio,
777 2995 835 3041 et
863 2986 1104 3041 latenter
1144 2987 1527 3044 transmissum
1557 2989 1626 3045 ad
1661 3003 1852 3047 eorum

267 3079 687 3145 conscientiam,
729 3079 984 3134 meliores
1032 3079 1289 3146 reddidit,
1325 3087 1383 3135 ct
1420 3079 1624 3147 effecit,
1656 3091 1717 3137 ut
1757 3082 1854 3138 bo-

269 3188 401 3227 num
430 3186 527 3226 sua
554 3177 750 3241 sponte
773 3169 1069 3225 discerent.
1088 3170 1317 3227 Divinus
1339 3181 1522 3228 autem
1544 3172 1852 3231 Marcianus

258 3275 392 3320 cum
425 3263 655 3320 dixisset
681 3276 741 3317 se
770 3260 940 3318 fuisse
964 3262 1110 3317 nulla
1141 3262 1396 3320 affectum
1425 3264 1650 3336 injuria,
1686 3268 1757 3323 ab
1783 3283 1851 3323 eo

261 3355 410 3426 quod
437 3354 688 3421 dabatur,
721 3362 779 3410 et
814 3355 907 3425 qui
938 3354 1103 3411 dabat
1148 3371 1208 3412 se
1247 3356 1506 3430 deinceps
1536 3360 1802 3415 abstinuit
1833 3379 1846 3417 :

264 3463 374 3502 non
399 3454 659 3516 tanquam
683 3446 993 3518 improbum
1015 3446 1249 3525 aliquem
1274 3463 1532 3506 aversans
1559 3465 1574 3505 :
1605 3451 1681 3505 illi
1703 3452 1850 3507 enim

264 3556 373 3600 non
396 3540 574 3596 solum
602 3540 832 3612 ignovit,
868 3541 966 3598 sed
1001 3542 1167 3598 etiam
1205 3542 1487 3614 professus
1523 3553 1608 3599 est
1634 3560 1696 3601 se
1722 3561 1849 3601 eum

264 3632 469 3688 habere
499 3632 890 3689 amicissimum
916 3651 936 3689 ι
969 3635 1062 3691 sed
1091 3643 1205 3691 toto
1242 3636 1381 3706 pede
1410 3635 1651 3708 fugiebat
1674 3654 1852 3694 cram-

262 3724 391 3789 ben,
438 3738 504 3778 ex
551 3738 693 3778 vana
743 3724 914 3795 gloria
959 3735 1397 3795 proserpentem,
1428 3735 1486 3781 et
1522 3742 1633 3781 non
1663 3728 1850 3782 volens

260 3828 357 3870 sua
383 3813 547 3870 alicui
570 3812 779 3868 homini
814 3814 932 3869 ﬁeri
961 3814 1269 3881 manifesta,
1296 3814 1393 3870 sed
1416 3829 1480 3871 ea
1509 3816 1651 3887 apud
1681 3815 1849 3871 Deum

260 3906 441 3961 solum
469 3918 765 3975 reponens.
800 3903 955 3959 Licet
981 3919 1112 3977 ergo
1138 3904 1191 3960 ei
1233 3905 1325 3976 qui
1356 3907 1507 3971 velit,
1536 3907 1852 3964 considera-

260 4010 340 4061 re,
368 3995 630 4066 quidnam
658 3995 812 4066 prius
844 3995 1020 4066 possit
1049 3997 1333 4064 admirari,
1376 3998 1664 4071 insignene
1694 4000 1852 4057 mira-

257 4088 468 4154 culum,
517 4103 588 4143 an
639 4089 1019 4146 beneﬁcentia:
1073 4090 1340 4159 studium,
1392 4107 1464 4147 an
1507 4092 1565 4148 in
1597 4093 1849 4149 universa

259 4179 667 4236 machinatione
679 4181 803 4253 ejus
823 4182 994 4239 animi
1017 4183 1423 4241 liberalitatem.
1453 4185 1655 4242 Verum
1669 4187 1851 4243 enim-

259 4288 392 4329 vero
429 4273 498 4329 de
541 4273 687 4330 illius
725 4274 1093 4331 beneﬁcentia
1120 4276 1297 4332 oratio
1328 4276 1476 4333 aliud
1501 4291 1719 4349 quoque
1747 4277 1850 4335 bo-

258 4383 391 4425 num
422 4367 558 4423 mihi
588 4377 813 4424 revocat
842 4369 899 4424 in
933 4369 1277 4425 memoriam.

330 4456 374 4515 X
385 4457 475 4515 IX.
497 4456 626 4515 Hatc
642 4459 815 4515 virtus
839 4459 891 4515 ei
914 4468 1077 4517 tanta:
1090 4469 1210 4516 erat
1222 4473 1390 4526 curat,
1408 4471 1469 4518 ut
1485 4471 1710 4535 propter
1724 4478 1845 4521 eam
1858 4499 1948 4547 ω»

1872 3216 1920 3274 C

1957 1966 2136 2021 πάντα
2173 1968 2444 2039 διασαφεῖ.
2492 1970 2597 2023 Τὸν
2640 1970 2696 2025 δὲ
2759 1972 3021 2041 μετάνοια
3065 1971 3174 2025 τῶν
3222 1970 3538 2040 γενομένων

1955 2058 2151 2131 εἰσῄει,
2175 2060 2270 2115 καὶ
2295 2060 2381 2130 ἐφ’
2406 2055 2489 2127 οἷς
2521 2061 2656 2133 πρὸς
2685 2061 2776 2116 τὸν
2801 2063 2947 2116 ὅσιον
2989 2062 3303 2117 ἀδικώτατα
3322 2060 3538 2132 διετέθη

1958 2152 2304 2222 μετακλαίων
2333 2149 2425 2225 ἦν,
2459 2155 2556 2208 καὶ
2595 2155 2869 2227 τιμωρίαν
2909 2156 3020 2209 ἀπὸ
3067 2152 3161 2209 τοῦ
3228 2152 3537 2216 συνειδότος

1955 2247 2149 2301 ἑαυτὸν
2174 2247 2663 2318 εἰσπραττόμενος.
2723 2248 2780 2301 ’Δ
2790 2247 2964 2316 μέλει,
2988 2247 3082 2301 καὶ
3104 2245 3539 2317 παραγενομένῳ

1954 2339 2121 2395 πάλιν
2174 2338 2262 2411 ἐφ’
2308 2332 2352 2409 ᾧ
2406 2340 2478 2395 τὰ
2537 2340 2700 2412 ὃμοια
2742 2340 3026 2414 ’πράξειε,
3096 2338 3441 2412 προσέπιπτέ
3474 2356 3537 2393 τε

1958 2435 2071 2497 τοῖς
2092 2432 2302 2488 ἐκείνου
2341 2433 2493 2495 ποσὶ,
2536 2432 2860 2505 διωμολόγει
2888 2436 2957 2489 τὰ
2981 2432 3295 2506 πραχθέντα
3322 2430 3536 2498 κακῶς,

1954 2526 2052 2580 καὶ
2079 2525 2188 2578 πᾶν
2236 2524 2300 2578 τδ
2352 2524 2751 2596 πλεονεκτηθὲν
2795 2525 3124 2597 ἀπηρίθμει.
3169 2521 3329 2578 Οὕτω
3387 2522 3531 2592 πρᾶ-

1954 2617 2039 2686 ξις
2066 2617 2247 2689 ἀγαθὴ
2271 2617 2533 2671 σιωπῶσα
2555 2617 2756 2689 μᾶλλον
2782 2618 2817 2689 ἢ
2848 2618 3030 2690 πλήθη
3063 2617 3325 2691 ῥημάτιον
3350 2615 3540 2671 ἀνύειν

1952 2708 2194 2775 δύναται,
2271 2708 2368 2763 καί⁸
2415 2708 2517 2773 οὒς
2575 2708 2790 2781 ἔλεγχοι
2841 2711 2935 2764 καὶ
2988 2711 3340 2782 παραινέσεις
3380 2708 3537 2763 οὐδὲν

1953 2803 2192 2875 ὤνησαν,
2227 2802 2437 2867 τούτοις
2487 2802 2648 2872 ἔργον
2678 2804 2962 2858 ἐπαινετὸν
3005 2804 3224 2877 ἡσύχως
3288 2801 3532 2877 χωροῦν,

1952 2895 2051 2949 καὶ
2078 2894 2300 2964 ἀφανῶς
2327 2894 2508 2950 αὐτῶν
2548 2896 2648 2966 τῆς
2692 2895 3055 2968 συνειδήσεως
3086 2896 3536 2968 παραπτόμενον,

1929 2988 2245 3048 ,ἐϐελτίωσε
2288 2990 2385 3044 καὶ
2424 2990 2767 3061 αὐθαιρέτως
2829 2990 3170 3062 μεταμαθεῖν
3213 2992 3274 3044 τὸ
3326 2990 3537 3059 ἀγαθὸν

1954 3080 2361 3154 παρεσκεύασε.
2406 3081 2467 3137 '0
2493 3083 2550 3137 δέ
2610 3081 2756 3147 θεῖος
2811 3083 3132 3158 Μαρκιανδς
3196 3082 3365 3155 μηδὲν
3413 3081 3538 3155 ηδι-

1954 3175 2159 3245 ιιῆσθαι
2217 3175 2398 3247 φήσας
2426 3213 2443 3239 ,
2477 3174 2572 3229 τοῦ
2607 3191 2667 3228 τε
2716 3174 2998 3247 διδομένου
3049 3176 3143 3231 καὶ
3209 3176 3376 3230 αὐτοῦ
3438 3174 3537 3230 τοῦ

1952 3266 2185 3356 διδόντας
2208 3250 2268 3319 τδ
2297 3266 2481 3321 λοιπὸν
2529 3267 2832 3338 ἀπέσχετο⁹
2880 3268 2979 3339 οὐχ
3024 3268 3101 3333 ὡς
3160 3266 3226 3322 ἄν
3256 3284 3380 3322 τινα
3433 3284 3539 3321 πο·-

1952 3356 2117 3427 νηρδν
2176 3357 2581 3429 ἐκτρεπόμενος
2640 3357 2865 3430 (ἐκείνῳ
2909 3358 3020 3430 γὰρ
3064 3361 3127 3413 ού
3200 3358 3537 3434 συγγνώμην

1950 3448 2141 3515 ἁπλῶς
2168 3449 2407 3521 ἔνειμεν,
2441 3451 2580 3507 ἀλλά
2607 3450 2702 3505 καί⁵
2739 3451 2993 3521 φίλτατον
3014 3450 3177 3506 αὐτὸν
3200 3450 3541 3523 διωμολόγη-

1953 3560 2047 3599 σεν
2086 3542 2277 3615 ἔχειν),
2311 3544 2425 3599 ἀλλ’
2472 3545 2579 3617 δλῳ
2602 3545 2725 3599 ποδὶ
2758 3545 2976 3617 φεύγων
3008 3544 3109 3618 τὴν
3147 3545 3257 3600 ἀπὸ
3296 3546 3394 3618 τῆς
3431 3563 3538 3615 μα-

1951 3639 2111 3702 ταίας
2134 3638 2293 3710 δόξης
2344 3639 2736 3711 παρέρπουσαν
2777 3639 3006 3711 βλάϐην,
3040 3639 3136 3695 καὶ
3183 3641 3284 3695 οὐκ
3331 3640 3537 3695 ἐθέλων

1951 3732 2128 3787 οὐδενὶ
2159 3731 2464 3804 ἀνθρώπων
2491 3731 2561 3786 τά
2587 3732 2786 3787 ἑαυτοῦ
2816 3733 2950 3805 δῆλα
2977 3733 3250 3804 γίνεσθαι,
3286 3734 3427 3791 ἀλλά
3456 3736 3537 3807 τῷ

1952 3823 2074 3896 Θεῷ
2095 3822 2269 3879 ταῦτα
2297 3824 2445 3897 μόνῳ
2478 3824 2900 3896 ταμιευόμενος.
2951 3826 3193 3899 Πάρεστι
3241 3828 3537 3901 τοιγαροῦν

1950 3915 2029 3985 τῷ
2061 3915 2375 3988 βουλομένῳ
2398 3919 2645 3982 σκοπεῖν,
2676 3916 2731 3972 τί
2756 3934 2843 3982 τις
2865 3918 3134 3990 πρότερον
3153 3919 3267 3991 ἔχοι
3314 3920 3538 3993 θαυμά-

1951 4007 2090 4074 ζειν,
2118 4007 2218 4080 τὴν
2249 4008 2345 4063 τοῦ
2382 4008 2663 4082 θαύματος
2712 4010 3041 4083 ὑπερϐολὴν,
3073 4011 3107 4083 ἢ
3138 4012 3236 4084 τὴν
3271 4013 3404 4086 περὶ
3434 4015 3538 4084 τὴν

1951 4099 2208 4155 εὐποιίαν
2240 4100 2501 4172 σπουδὴν,
2549 4104 2649 4172 τὴν
2686 4100 2789 4174 τῆς
2820 4100 2982 4170 δόξης
3007 4102 3330 4175 ὑπεροψίαν,
3355 4103 3390 4175 ἢ
3435 4104 3539 4175 τὴν

1952 4191 2156 4255 παντὸς
2180 4195 2559 4263 τεχνάσματος
2578 4192 2681 4264 τῆς
2724 4192 2956 4265 γνώμης
3004 4192 3344 4267 ἐλευθερίαν.
3388 4195 3538 4251 Ἀλλ’

1950 4276 2107 4347 οὗτος
2130 4283 2265 4353 γοῦν
2288 4286 2316 4339 ὁ
2340 4284 2442 4357 τῆς
2469 4283 2719 4351 εὐποιίας
2748 4285 2961 4340 ἐκείνου
3002 4286 3161 4356 λόγος
3206 4286 3314 4343 καὶ
3340 4287 3536 4362 ἑτέρου

1949 4377 2052 4449 ἤδη
2084 4377 2493 4450 ἀναμιμνήσκει
2521 4376 2715 4433 καλοῦ.
2802 4376 2807 4381 ’

2023 4471 2126 4524 ῙΘ’.
2184 4468 2436 4540 Τοσαύτη
2488 4468 2598 4541 γὰρ
2646 4469 2726 4543 τῷ
2767 4470 2925 4539 ἀνδρὶ
2985 4472 3019 4545 ἡ
3054 4472 3185 4546 περὶ
3230 4474 3393 4546 τήνδε
3432 4476 3536 4553 τὴν

255 4565 327 4606 ne
342 4551 399 4606 in
414 4551 765 4608 meretricum
783 4553 1006 4624 quidem
1024 4553 1216 4611 domos
1230 4556 1421 4612 venire
1432 4555 1840 4633 dedignaretur,

1951 4560 2154 4634 ἀρετὴν
2179 4561 2492 4632 ἐπιμέλεια,
2544 4560 2687 4615 ὥστε
2727 4563 2890 4635 χάριν
2935 4564 3106 4635 αὐτῆς
3154 4565 3247 4619 καί
3271 4567 3353 4630 εἰς
3394 4551 3537 4639 πορ-

254 4657 434 4712 neque
457 4658 581 4699 eam
614 4659 731 4700 rem
755 4659 879 4700 esse
907 4652 1123 4716 turpem
1140 4645 1489 4704 existimaret
1518 4667 1534 4705 :
1567 4649 1661 4705 sed
1690 4650 1758 4706 ad
1778 4651 1845 4707 il-

251 4735 363 4790 lum
388 4736 590 4806 ipsum,
620 4752 785 4808 quem
812 4737 1095 4810 diligebat.
1112 4737 1393 4795 Christum
1419 4740 1693 4811 aspiciens
1717 4750 1845 4812 tan-

254 4841 419 4898 quam
451 4828 518 4883 ad
546 4829 849 4899 exemplar,
881 4830 974 4900 qui
1001 4845 1129 4886 cum
1172 4830 1480 4901 publicanis
1502 4840 1560 4888 et
1594 4843 1847 4903 peccato-

253 4921 407 4976 ribus
438 4928 664 4991 propter
687 4937 879 4977 eorum
910 4922 1142 4979 salutem
1169 4938 1314 4993 saepe
1338 4923 1847 4981 habniteonsuetu-

256 5009 471 5074 dinem,
498 5019 555 5066 et
581 5010 738 5065 malis
767 5011 1028 5068 suaderet
1053 5012 1398 5077 mulieribus,
1430 5030 1554 5083 quae
1580 5026 1740 5071 erant
1764 5033 1847 5075 sa-

256 5102 454 5159 lutaria
482 5120 503 5159 :
530 5104 732 5174 quibus
767 5118 1165 5175 nonnunquam
1203 5106 1389 5177 inopia
1419 5118 1540 5164 erat
1565 5125 1732 5165 causa
1760 5111 1844 5166 sui

252 5194 673 5260 interitus,dum
692 5196 917 5263 vellent,
944 5197 1082 5268 proh
1105 5188 1293 5255 dolori
1316 5215 1420 5256 suo
1442 5215 1671 5273 corpore
1697 5219 1847 5274 qum-

248 5295 396 5342 stum
444 5284 646 5342 facere.
673 5287 735 5342 In
773 5302 870 5343 eas
911 5303 1043 5361 ergo
1074 5291 1250 5363 magis
1296 5301 1415 5351 erat
1472 5292 1750 5365 profusus,
1788 5304 1845 5352 et

245 5379 474 5434 dextera
500 5379 975 5451 magispromptus
999 5383 1238 5453 optimus
1261 5383 1579 5444 Marcianus
1605 5406 1621 5443 :
1642 5398 1700 5445 et
1727 5406 1844 5446 ma-

248 5473 394 5529 xime
437 5474 484 5529 si
512 5472 832 5545 contigisset
872 5475 1074 5532 festum
1116 5477 1200 5549 agi
1247 5478 1338 5534 die
1386 5481 1662 5551 sequenti.
1686 5482 1842 5541 Tunc

186 5588 191 5591 -
245 5564 398 5619 enim
420 5574 540 5621 erat
555 5574 780 5637 paratus
803 5566 958 5637 plura
976 5567 1062 5623 eis
1076 5568 1344 5639 praebere,
1370 5585 1532 5641 quam
1556 5571 1660 5628 illa:
1683 5583 1840 5631 erant

242 5662 557 5724 acceptura:
595 5670 663 5712 ex
704 5647 1075 5714 abominanda
1106 5658 1355 5729 nequitia
1390 5680 1407 5717 :
1445 5663 1836 5732 persuadebat-

244 5758 353 5813 que
375 5746 456 5803 eis
477 5755 535 5802 et
562 5747 644 5804 uti
674 5748 915 5816 lavacro,
944 5758 1002 5805 et
1018 5765 1091 5806 .se
1111 5751 1167 5807 in
1199 5761 1523 5824 sequentem
1556 5756 1700 5812 diem
1727 5772 1838 5814 ser-

246 5850 376 5893 vare
407 5835 744 5910 impolluta,
770 5851 825 5899 et
847 5842 916 5900 ad
943 5844 1231 5903 ecclesiam
1258 5846 1457 5904 deinde
1475 5848 1759 5920 accedere,
1780 5861 1836 5908 ct

1952 4653 2113 4719 νικάς
2139 4653 2319 4718 οἰκίας
2353 4654 2549 4725 φοιτᾷν
2597 4655 2675 4726 μὴ
2728 4654 3018 4723 ἀπαξιοῦν,
3073 4658 3207 4729 μηδὲ
3247 4657 3309 4711 τὸ
3342 4659 3537 4730 χρῆμα
3614 4718 3619 4721 η

1949 4745 2011 4800 ἐν
2051 4763 2106 4799 τι
2139 4743 2251 4799 τῶν
2278 4744 2540 4814 ἀκόσμων
2561 4746 2838 4816 ἡγεῖσθαιο
2883 4747 3000 4802 ἀλλ’
3029 4750 3113 4814 εἰς
3130 4750 3300 4804 αὐτὸν
3320 4752 3535 4805 ἰκεῖνον

1949 4836 2010 4892 δν
2034 4836 2212 4908 ἐφίλει
2237 4837 2681 4909 Χριστὸνρσπερ
2703 4842 2784 4905 εἰς
2808 4840 3115 4913 ἀρχέτυπον
3140 4842 3434 4914 ἀφορῶντα
3452 4845 3536 4914 (ὃς

1949 4927 2046 4982 καὶ
2074 4924 2338 4992 τελώναις
2376 4928 2473 4982 ἐπὶ
2520 4930 2769 5002 σωτηρίᾳ
2836 4934 2933 4986 καὶ
2991 4933 3342 5005 ἁμαρτωλοῖς
3397 4936 3535 4991 πολ-

1947 5020 2111 5085 λάκις
2135 5020 2435 5091 ὡμιληκὼς
2466 5017 2582 5094 ἦν),
2612 5021 2709 5077 καὶ
2739 5023 2904 5078 αὑτὸν
2930 5024 3150 5093 γυναιῇ
3173 5026 3434 5098 ’φαύλαις
3465 5030 3534 5082 τὰ

1949 5115 2198 5186 σωτήρια
2221 5118 2531 5187 παραινεῖν,
2563 5111 2653 5181 αἷς
2680 5118 2714 5189 ἡ
2750 5118 2958 5190 ἀπορία
2989 5119 3246 5185 ὑπόθεσις
3286 5116 3380 5192 ἦν,
3440 5124 3533 5177 ὅτε

1945 5211 2047 5281 τῆς
2094 5210 2307 5265 ἑαυτῶν
2331 5209 2631 5282 ἐτύγχανεν
2684 5212 2985 5280 ἀπωλείας,
3039 5216 3151 5269 ἀπὸ
3208 5215 3304 5270 τοῦ
3370 5217 3531 5276 ἰδίου.

1945 5304 2049 5375 φεῦ
2073 5305 2086 5359 l
2117 5303 2370 5376 σώματος
2393 5305 2716 5374 πορίζεσθαι
2743 5305 3117 5378 βουλομέναις.
3152 5308 3299 5380 Πρὸς
3320 5309 3534 5376 ταύτας

1943 5396 2238 5468 τοιγαροῦν
2290 5398 2386 5452 καὶ
2437 5397 2640 5470 μᾶλλον
2677 5400 2707 5453 δ
2746 5400 2982 5472 χρηστὸς
3031 5400 3100 5456 τὰ
3150 5402 3331 5457 πάντα
3370 5404 3535 5475 Μαρ-

1943 5489 2132 5552 κιανδς
2152 5488 2335 5560 πολλῷ
2363 5489 2506 5562 ῥέων
2531 5486 2602 5564 ἦν
2629 5492 2726 5546 καὶ
2753 5493 3122 5565 ἑτοιμότερος,
3158 5495 3254 5550 καὶ
3289 5495 3533 5565 μάλιστα

1941 5582 1995 5636 εί
2027 5581 2185 5653 τύχοι
2244 5582 2351 5652 τῆς
2395 5582 2661 5655 ἐπιούσης
2700 5585 2896 5659 ἑορτὴν
2945 5587 3200 5657 ἄγεσθαι.
3242 5588 3376 5642 Τότε
3417 5593 3531 5659 γὰρ

1942 5675 2040 5730 καὶ
2070 5673 2242 5729 πλείω
2296 5675 2569 5747 παρέχειν
2601 5678 2636 5749 ἢ
2681 5680 2892 5734 ἐκεῖναι
2921 5679 3024 5750 τῆς
3049 5679 3336 5752 βδελυρίας
3358 5681 3532 5751 ἐμελ-

1940 5765 2033 5818 λον
2066 5763 2372 5835 ἀποφέρειν
2398 5765 2754 5838 ἑτοιμότατος
2807 5766 2897 5842 ἦν,
2942 5770 3154 5843 λουτρῷ
3201 5789 3261 5824 τι·
3309 5773 3531 5844 χρήσα-

1943 5857 2064 5914 σθαι
2094 5858 2189 5914 καὶ
2236 5859 2535 5932 ἀμιάντους
2591 5863 2938 5937 φυλαχθῆναι
2999 5868 3064 5937 τῇ
3104 5850 3233 5938 ἑξῆς
3287 5864 3527 5935 ἔπειθεν,
