3886 6462
265 361 383 423 453

265 561 551 614 λαῦόντων
617 564 1052 634 ἑπιμνησθείσας
1121 567 1214 618 τὸν
1276 567 1440 634 φόϐον
1492 568 1594 637 τῆς
1693 569 1851 634 γεέν-

263 669 376 723 νης
443 654 681 723 φρικτῆς
756 656 978 719 ἑαυταῖς
1027 657 1322 719 ἐπισεῖσαι,
1382 658 1474 710 καὶ
1532 659 1764 729 δάκρυσι
1793 659 1854 712 τὸ

262 742 436 796 Θεῖον
485 743 902 808 ὲξιλεώσασθαι.
976 741 1054 801 Ob
1097 747 1161 817 δὴ
1222 749 1482 814 πολλάκις
1540 752 1852 822 γινομένου,

269 833 432 888 ἐστιν
455 827 532 888 ὧν
562 839 658 888 καὶ
683 836 944 907 συνήθεια
972 837 1066 890 τοῦ
1117 839 1285 902 καλοῦ
1344 843 1694 911 κατεκράτει,
1757 845 1856 912 φό-

264 925 373 988 ϐος
416 942 475 978 τε
527 925 674 990 θεῖος
721 927 910 990 αὑταῖς
974 928 1285 999 ἐπισκήψας
1341 931 1754 999 παρεσκεύαζεν
1793 933 1854 986 οὺ

264 1016 550 1086 πορνείοις
610 1017 792 1089 μόνον,
847 1019 983 1072 ἀλλὰ
1030 1021 1124 1072 καὶ
1177 1021 1346 1075 παντὶ
1381 1023 1571 1093 κόσμῳ
1643 1024 1856 1094 χαίρειν

265 1105 559 1172 είπούσας,
591 1107 673 1171 είς
710 1110 1052 1180 μοναστήριά
1079 1126 1139 1162 τε
1180 1113 1274 1164 καὶ
1337 1113 1654 1184 ἀσκητήρια
1697 1114 1857 1168 εὺού-

271 1215 400 1266 μως
441 1199 672 1270 φοιτᾷν·
741 1200 934 1254 πολλαὶ
961 1203 1019 1256 δὲ
1069 1203 1277 1257 τούτων
1329 1205 1426 1258 καὶ
1462 1207 1542 1269 είς
1628 1207 1856 1278 Ἱεροσό-

268 1289 424 1360 λυμα
447 1291 685 1360 βαδίζειν
715 1290 984 1360 ἔγνωσαν,
1045 1294 1144 1357 τὰς
1190 1295 1426 1359 ἐνοδίους
1475 1297 1572 1350 ἀπ’
1643 1298 1854 1352 ἐκείνου

270 1381 522 1444 δαπάνας
571 1381 886 1453 ἀρκούντως
915 1383 1271 1455 ἀπειληφυῖαι
1296 1401 1312 1417 ο
1367 1385 1424 1458 αἲ
1461 1387 1554 1440 καὶ
1584 1387 1696 1457 βίον
1747 1387 1856 1458 μά-

271 1472 437 1525 λιστα
480 1473 721 1545 καθαρὸν
753 1475 850 1528 καὶ⁵
869 1475 1150 1530 ἀντίθετον
1185 1480 1250 1531 ἐκ
1279 1477 1576 1550 διαμέτρου
1592 1480 1672 1551 τῷ
1717 1497 1854 1552 προ-

270 1564 495 1615 λαϐόντι
520 1565 949 1636 ὲπιδειξάμεναι,
1006 1567 1128 1621 οὐδὲ
1157 1567 1266 1624 τῶν
1297 1565 1392 1621 τοῦ
1434 1567 1644 1633 ἀγαθοῦ
1689 1570 1856 1623 Πνεύ-

277 1673 454 1724 ματος
499 1660 861 1728 χαρισμάτων
901 1661 1245 1730 κατέστησαν
1303 1662 1559 1732 ἄμοιροιο
1633 1665 1769 1718 ἀλλά
1797 1666 1853 1718 αἱ

277 1747 386 1815 μὲν
418 1747 598 1800 αὐτῶν
628 1754 906 1822 προσευχῇ
939 1751 1132 1815 νόσους
1163 1752 1380 1815 ἐλυσυν,
1411 1752 1466 1805 αί
1497 1753 1554 1806 δὲ
1593 1755 1688 1807 καὶ
1743 1755 1856 1808 δαί-

1294 362 1473 427 VITA
1513 368 1577 428 S.
1617 367 1994 428 MARCIANI
2029 368 2532 429 PRESBYTERI.

176 535 194 548 ο
265 476 373 523 καὶ
403 473 468 542 τῇ
504 472 772 546 ἐκκλησία
813 490 1003 529 επειτα
1045 477 1384 548 προσελθεῖν,
1431 479 1658 534 καὶτῶν
1717 498 1845 551 προ-

1955 482 2305 537 recordantes
2353 495 2545 538 eorum
2601 498 2722 554 quae
2781 493 3192 555 praecesserant,
3256 485 3534 543 horribilis

3428 373 3534 436 454

1957 575 2222 644 gehennae
2250 584 2458 631 metum
2485 576 2589 635 sibi
2621 577 2887 641 incutere,
2915 588 2970 632 et
2995 577 3166 632 Deum
3197 579 3415 648 placare
3447 581 3528 634 la-

1961 663 2184 732 crymis.
2224 663 2379 728 Quod
2400 664 2618 734 quidem
2645 682 2767 719 cum
2793 681 2936 736 sarpe
2963 666 3166 720 factum
3203 675 3369 729 esset,
3399 681 3535 722 non-

1956 755 2134 811 nullas
2160 756 2284 810 boni
2319 757 2572 811 vincebat
2602 759 2968 820 consuetudo,
2999 758 3324 830 divinusque
3343 759 3423 814 eis
3446 760 3534 813 in-

1955 866 2156 919 gruens
2186 861 2368 905 metus
2408 850 2696 913 eflicicbat,
2733 858 2793 904 ut
2833 866 2940 904 non
2977 851 3149 905 solum
3181 853 3408 922 stupris,
3435 851 3533 906 sed

1954 943 2102 997 omni
2130 944 2293 998 etiam
2325 949 2652 998 ornamento
2679 943 3062 1006 valedicentcs,
3098 944 3163 998 ad
3195 943 3529 999 monasteria

1955 1042 2011 1088 et
2051 1033 2340 1098 asceteria,
2395 1034 2447 1088 id
2475 1043 2576 1097 est,
2611 1034 2726 1088 loca
2771 1035 2825 1088 in
2856 1035 3055 1103 quibus
3085 1049 3145 1089 se
3192 1043 3530 1098 exercerent,

1957 1135 2210 1198 prompto
2253 1134 2308 1180 et
2359 1128 2522 1181 alacri
2561 1128 2815 1182 venirent
2857 1127 3059 1180 animo.
3115 1127 3289 1182 Multa:
3317 1143 3535 1198 quoque

1956 1233 2022 1271 ex
2057 1218 2123 1274 iis
2173 1227 2487 1273 statuerunt
2527 1217 2606 1272 ire
2653 1217 3098 1286 Hierosolymam,
3149 1233 3272 1272 cum
3319 1219 3386 1272 ah
3440 1219 3534 1272 illo

1953 1309 2298 1379 accepissent
2347 1316 2616 1378 sumptus,
2649 1311 2739 1378 qui
2781 1306 3093 1361 sufficerent
3137 1308 3202 1361 ad
3251 1309 3530 1362 viaticum.

1955 1399 2088 1468 Qua;
2117 1416 2238 1455 cum
2264 1400 2428 1454 vitam
2463 1399 2698 1454 maxime
2726 1415 2914 1469 puram
2957 1407 3010 1453 et
3042 1399 3208 1468 priori
3240 1414 3303 1454 ex
3331 1399 3538 1454 diame-

1954 1501 2040 1547 tro
2065 1493 2374 1563 oppositam
2428 1493 2819 1556 ostendissent,
2857 1508 2926 1546 ne
2953 1493 3079 1547 boni
3109 1493 3326 1561 quidem
3369 1493 3533 1562 spirio

1954 1590 2044 1637 tus
2079 1581 2347 1636 donorum
2394 1581 2545 1637 fuere
2584 1590 2838 1652 expertes
2869 1599 2884 1635 :
2914 1582 3008 1637 sed
3047 1583 3166 1636 alia:
3207 1583 3426 1651 quidem
3465 1599 3530 1638 ex

1955 1673 2091 1744 ipsis
2118 1673 2338 1727 morbos
2365 1674 2646 1728 solverunt
2671 1673 2940 1734 oratione,
2976 1674 3095 1728 alire
3124 1683 3304 1728 autem
3331 1673 3533 1728 dremo-

1958 1780 2054 1820 nes
2085 1781 2325 1836 quoque,
2352 1779 2489 1836 quos
2518 1765 2673 1836 prius
2701 1765 2996 1834 diligenter
3029 1766 3333 1827 coluerant,
3369 1766 3531 1821 facile

279 1855 454 1906 μονας
486 1839 544 1906 ἐξ
571 1839 900 1911 ἀνθρώπων,
961 1841 1056 1906 οὓς
1097 1844 1362 1915 πρότερον
1413 1844 1686 1915 ἐπιμελῶς
1740 1845 1845 1898 ἐθε-

1958 1859 2238 1928 ejecerunt
2279 1874 2346 1913 ex
2382 1858 2714 1913 hominibus.
2767 1855 2893 1912 Haec
2925 1857 3036 1922 ille,
3069 1872 3177 1910 non
3210 1865 3270 1909 ut
3323 1856 3525 1910 faceret

278 1929 582 1996 ράπευσαν,
617 1931 817 2003 ῥᾳδίως
845 1932 1155 2003 ἀπήλασαν.
1209 1935 1394 1988 Ταῦτα
1419 1938 1626 2000 ἐκεῖνος
1661 1939 1759 2008 οὐχ
1780 1939 1856 2003 ὼς

275 2018 346 2071 ἄν
383 2035 466 2084 τις
490 2021 665 2074 ἐποίει
715 2022 824 2077 τῶν
850 2023 1064 2094 πλούτῳ
1099 2024 1280 2096 πολλῷ
1314 2026 1850 2097 περιαντλουμένων,

277 2110 373 2163 καὶ
425 2110 485 2163 τὸ
535 2112 811 2181 περιττῶς
849 2113 974 2184 ἔχον
1027 2115 1312 2168 άποκενῶν
1347 2155 1362 2182 ,
1415 2117 1550 2172 ἀλλά
1608 2119 1696 2172 διὰ
1755 2119 1854 2190 τὴν

277 2200 480 2272 πολλὴν
541 2203 671 2272 περὶ
721 2203 848 2268 τοὺς
881 2203 1170 2274 δεομένους
1222 2205 1416 2277 ῥοπὴν,
1457 2208 1592 2279 μηδὲ
1650 2209 1849 2275 αὐτῶν,

273 2292 441 2363 φημὶ,
486 2292 596 2346 τῶν
621 2293 939 2363 ἀναγκαίων
973 2295 1311 2366 φειδόμενος.
1379 2297 1520 2351 Ἀλλ’
1574 2299 1721 2354 ἐστιν
1761 2301 1850 2354 ὅτε

275 2383 374 2436 καὶ
406 2383 443 2438 a
478 2378 624 2455 εἶχεν
657 2388 716 2439 ἐν
771 2386 962 2459 χερσὶν
995 2388 1312 2460 ἐκφορήσας
1337 2390 1518 2444 πάντα
1550 2393 1646 2445 καὶ
1684 2409 1853 2463 μετα-

269 2478 397 2541 δοὺς
431 2479 607 2551 ἑαυτῷ
639 2482 739 2543 τὰς
773 2481 1019 2553 χρηστὰς
1075 2481 1298 2547 ἐλπίδας
1333 2484 1428 2537 καὶ
1463 2483 1524 2538 τὸ
1551 2485 1631 2548 είς
1663 2487 1854 2557 χεῖρας

270 2574 486 2644 άφορᾷν
533 2575 696 2644 μόνον
742 2575 838 2629 τοῦ
895 2575 1034 2630 Θεοῦ
1063 2576 1492 2648 κατελίμπανεν,
1523 2577 1664 2632 ὥστε
1712 2579 1852 2649 μετὰ

269 2661 381 2712 τῶν
406 2661 600 2727 ἄλλων,
625 2655 720 2716 ’ὧν
750 2657 862 2733 εἶχε
889 2663 1092 2730 καλῶν,
1125 2664 1220 2718 καὶ
1271 2664 1410 2734 πρὸς
1461 2666 1850 2738 άκτημοσύνης

268 2751 452 2819 λόγον,
527 2752 718 2824 μηδενὶ
762 2753 871 2808 τῶν
907 2753 1196 2825 πρωτείων
1223 2757 1597 2827 παοαγωρεῖν.

341 2934 427 2992 κ’.
493 2935 726 3008 Σημείον
777 2937 836 2991 δὲ
881 2938 977 2993 τοῦ
1037 2938 1219 3007 λόγου.
1259 2939 1494 3008 Λέγεται
1544 2942 1657 3012 γὰρ
1685 2940 1758 3004 ὡς
1789 2942 1849 3008 ἐξ

269 3031 465 3100 ἑορτῆς
515 3030 688 3098 ἁγίων
744 3029 1102 3102 ὑποστρέφων
1161 3033 1296 3086 ποτὲ
1355 3029 1491 3103 (καὶ
1556 3033 1666 3103 γὰρ
1725 3034 1847 3087 οὐδὲ

267 3123 378 3176 τῶν
431 3123 687 3178 τοιούτων
741 3124 838 3178 καὶ
883 3123 980 3180 τοῦ
1008 3128 1067 3179 έν
1107 3124 1258 3197 μέσῳ
1309 3125 1521 3178 πολλῶν
1549 3128 1723 3179 αἰνεῖν
1754 3128 1845 3181 τὸν

273 3213 478 3285 Κύριον
510 3214 824 3280 θεοσεϐείας
845 3216 1007 3288 χάριν
1053 3217 1490 3290 ὰπελιμπάνετο,
1528 3222 1667 3277 ἀλλὰ
1703 3225 1847 3279 κατὰ

267 3305 470 3376 πολλὴν
492 3307 681 3374 ἐφοίτα
725 3305 824 3378 τὴν
863 3307 1174 3379 προθυμίαν
1199 3309 1250 3366 )⁶
1278 3310 1514 3366 ἐπανιὼν
1539 3315 1846 3384 τοιγαροῦν,

266 3399 393 3452 snsi.
420 3398 624 3471 ὄμϐρον
681 3401 1098 3472 καταρραγῆναι
1155 3401 1376 3474 συνέϐη,
1428 3403 1714 3477 διάϐροχος
1754 3423 1848 3476 γε-

265 3489 463 3558 γονὼς,
491 3491 589 3545 καὶ
620 3489 875 3547 εἰσελθὼν
903 3491 1002 3564 τὴν
1031 3492 1231 3559 οίκίαν,
1263 3495 1357 3548 καὶ
1386 3496 1843 3568 ἐγκλεισάμενος,

266 3583 461 3638 ἔπειτα
481 3584 682 3648 ἀποδὺς
703 3585 993 3656 τὸίμάτιον
1025 3586 1122 3638 ἐπὶ
1151 3586 1394 3658 μετρίοις
1425 3587 1686 3660 ἄνθραξιν
1739 3591 1840 3644 άν-

264 3670 570 3745 εξήραινεν.
595 3673 751 3728 Οῦτω
781 3674 840 3727 δὲ
874 3675 1155 3746 συμπεσὸν
1188 3715 1206 3744 ,
1247 3681 1276 3732 ό
1337 3677 1460 3732 τότε
1500 3678 1845 3749 θεοφιλέστα-

266 3783 360 3829 τος
407 3766 696 3838 ἀρχιερεὺς
753 3768 1093 3842 μετάκλητον
1153 3771 1316 3825 αὑτὸν
1366 3772 1621 3830 ἐποιεῖτο,
1671 3775 1733 3828 OE
1785 3774 1843 3829 δὲ

269 3857 554 3922 σταλέντες
583 3859 977 3930 κεκλεισμένην
1029 3860 1284 3934 εὑρόντες
1337 3863 1439 3934 τὴν
1480 3865 1680 3928 οίκίαν,
1724 3864 1844 3920 ἑκο-

269 3949 401 4002 πτόν
422 3963 482 4002 τε
511 3948 612 4018 τὴν
632 3947 823 4020 θύραν,
850 3952 946 4004 καλ⁵
968 3950 1169 4019 ἐξιέναι
1197 3954 1466 4008 ἐκέλευον.
1497 3956 1601 4010 Τὸν
1621 3955 1678 4010 δὲ
1697 3958 1729 4028 ἡ
1745 3955 1840 4010 τοῦ

269 4039 501 4109 φανῆναι
557 4040 765 4112 γυμνὸν
821 4042 1055 4114 αἰσχύνη
1127 4044 1265 4098 εἵσω
1313 4045 1496 4116 μένειν
1544 4047 1738 4114 ἐποίει,
1766 4049 1841 4120 τῷ

271 4131 408 4202 μηδὲ
448 4131 638 4204 ἕτερον
668 4132 886 4203 ἱμάτιον
935 4133 1086 4206 αὑτῷ
1138 4139 1451 4207 προσεῖναι,
1491 4138 1632 4192 ὥστε
1671 4157 1839 4212 περι-

267 4221 565 4293 ϐαλόμενον
595 4225 900 4296 προελθεῖν.
953 4225 1054 4281 Διὰ
1100 4227 1259 4282 τοῦτο
1317 4230 1686 4300 ἐπηγγείλατο
1737 4235 1838 4303 μὲν

262 4315 365 4384 τὴν
387 4315 616 4379 ιλευσιν,
651 4316 844 4387 ἔμελλε
880 4317 938 4371 δὲ
964 4321 1057 4372 καὶ
1087 4317 1187 4374 ἔτι.
1242 4313 1336 4384 Εἷς
1381 4320 1491 4373 τῶν
1552 4321 1838 4393 παρόντων

268 4407 690 4478 περιεργότερον
711 4425 765 4461 τι
815 4409 1006 4476 ποιῶν,
1034 4411 1128 4464 καὶ
1176 4411 1280 4482 ὁπῇ
1329 4428 1439 4466 τινι
1485 4412 1576 4465 τὸν
1637 4413 1837 4482 ὀφθαλ-

1957 1949 2151 2020 aliquis
2208 1965 2295 2003 ex.
2323 1949 2388 2003 iis
2429 1950 2519 2018 qui
2555 1949 2764 2020 magnis
2805 1941 3032 2002 afﬂuunt
3059 1947 3272 2017 Opibus,
3306 1947 3358 2001 id
3385 1948 3528 2017 quod

1957 2041 2224 2096 redundat
2246 2041 2588 2108 cxinanicns,
2644 2042 2740 2096 sed
2789 2049 3011 2111 propter
3066 2055 3323 2111 magnum
3384 2042 3531 2110 quod

1953 2133 2237 2205 egentibus
2265 2131 2530 2186 afferebat
2577 2131 2856 2194 auxilium,
2892 2130 3111 2200 neipsis
3139 2131 3356 2200 quidem
3407 2146 3532 2201 par-

1953 2238 2085 2279 cens
2117 2223 2467 2278 necessariis.
2525 2221 2635 2278 Sed
2702 2238 3095 2292 nonnunquam
3163 2238 3286 2278 cum
3345 2223 3528 2277 omnia

1952 2314 2118 2370 etiam
2148 2315 2434 2370 extulisset
2460 2324 2516 2370 et
2545 2323 2845 2386 erogassct,
2869 2330 2989 2384 quae
3012 2313 3243 2369 habebat
3268 2313 3322 2367 in
3354 2314 3528 2366 mani-

1951 2407 2074 2473 bus,
2129 2405 2230 2461 sibi
2281 2406 2449 2462 solam
2495 2420 2646 2476 spem
2679 2407 2876 2460 bonam
2909 2405 3047 2459 etad
3075 2404 3168 2457 Dei
3203 2403 3376 2458 solum
3411 2417 3529 2455 ma-

1953 2513 2056 2552 nus
2079 2495 2350 2567 aspicere,
2383 2497 2723 2565 relinquebat
2756 2496 2931 2549 :adeo
2963 2503 3018 2547 ut
3065 2509 3190 2548 cum
3222 2493 3365 2556 aliis,
3406 2509 3528 2562 quae

1953 2589 2189 2645 habebat
2239 2589 2418 2656 bonis,
2473 2590 2636 2644 etiam
2681 2590 2826 2658 quod
2871 2589 2936 2642 ad
2971 2587 3106 2642 nihil
3155 2589 3526 2660 possidentem

1952 2682 2165 2749 attinet,
2193 2683 2399 2752 primas
2425 2687 2606 2752 partes
2635 2680 2767 2734 nulli
2803 2681 3042 2735 cederet.

2020 2943 2138 2999 XX.
2189 2943 2363 3016 ilujus
2395 2953 2574 2998 autem
2600 2943 2742 3014 quod
2770 2940 2912 3008 dico,
2942 2943 3153 3015 signum
3179 2953 3283 3000 est.
3319 2945 3525 3002 Dicitur

1949 3034 2092 3089 enim
2125 3035 2267 3104 quod
2296 3034 2480 3089 afesto
2505 3035 2826 3089 Sanctorum
2868 3043 3148 3090 revertens
3183 3037 3475 3107 aliquando
3509 3058 3523 3094 :

1947 3141 2073 3181 nam
2109 3142 2212 3181 nec
2249 3125 2335 3190 iis,
2367 3141 2467 3182 nec
2492 3125 2727 3192 Domini,
2772 3141 2894 3196 qua
2922 3126 2980 3181 fit
3020 3127 3077 3182 in
3102 3129 3280 3185 medio
3319 3130 3522 3185 multo-

1953 3235 2096 3285 rum,
2125 3217 2422 3273 laudationi
2478 3218 2686 3282 deerat,
2733 3218 2900 3273 divini
2938 3221 3116 3275 cultus
3149 3230 3202 3276 et
3242 3222 3516 3293 religionis

1951 3310 2141 3381 gratia.
2176 3310 2476 3366 Revertens
2501 3327 2647 3384 ergo,
2675 3313 2932 3382 quoniam
2964 3314 3199 3382 pluviam
3229 3329 3521 3386 erumpere

1948 3400 2269 3471 contigerat,
2314 3398 2650 3453 madefactus
2689 3409 2745 3454 et
2789 3400 3010 3455 domum
3051 3401 3349 3472 ingressus,
3399 3420 3521 3459 cum

1947 3501 2008 3543 se
2053 3488 2359 3543 inclusisset
2390 3497 2663 3542 etvestem
2707 3489 2966 3551 exuisset,
3003 3491 3186 3559 paucis
3216 3493 3525 3547 exsiccabat

1947 3580 2300 3635 carbonibus.
2365 3579 2576 3635 Accidit
2626 3591 2832 3648 autem,
2879 3587 2938 3635 ut
2977 3579 3070 3636 Dei
3115 3584 3523 3638 amantissimus

1944 3671 2184 3742 pontifex
2210 3682 2340 3727 tunc
2373 3686 2500 3726 eum
2525 3681 2848 3726 accerseret.
2875 3672 2980 3739 Qui
3008 3681 3190 3728 autem
3217 3673 3364 3728 missi
3402 3674 3518 3728 fue-

1944 3773 2088 3829 rant,
2119 3781 2242 3820 cum
2275 3765 2498 3820 domum
2549 3764 2890 3820 invenissent
2937 3766 3200 3825 clausam.
3235 3766 3518 3836 pulsabant

1943 3857 2166 3922 ostium,
2190 3867 2242 3911 et
2263 3856 2528 3928 jubebant
2548 3857 2752 3928 egredi.
2782 3857 2932 3911 Illum
2956 3873 3082 3912 vero
3113 3859 3306 3928 pudor,
3327 3875 3396 3914 ne
3413 3877 3520 3915 nu-

1943 3946 2046 4002 dus
2100 3947 2392 4011 videretur,
2441 3947 2669 4018 cogebat
2705 3947 2855 4002 intus
2884 3962 3127 4013 manere,
3157 3950 3415 4017 quoniam
3447 3967 3519 4004 ne

1941 4039 2044 4096 alia
2067 4041 2287 4111 quidem
2321 4039 2369 4094 ei
2402 4040 2569 4095 vestis
2594 4039 2803 4106 aderat,
2842 4048 2900 4094 ut
2926 4049 3109 4109 posset
3133 4040 3358 4096 indutus
3385 4057 3518 4112 pro-

1941 4133 2115 4205 gredi.
2173 4133 2242 4188 Et
2279 4133 2401 4189 ideo
2440 4132 2776 4188 renuntiavit
2817 4133 3040 4202 quidem
3084 4148 3144 4188 se
3199 4143 3515 4194 venturum.

1941 4222 2038 4276 sed
2069 4231 2248 4276 tamen
2293 4222 2472 4278 adhuc
2524 4221 2826 4282 differebat,
2858 4222 3034 4278 donec
3063 4239 3205 4279 unus
3235 4239 3299 4280 ex
3327 4224 3394 4280 iis
3421 4229 3517 4296 qui

1937 4315 2182 4380 aderant,
2209 4331 2268 4371 se
2297 4331 2491 4387 gerens
2521 4315 2682 4385 paulo
2705 4315 2996 4380 curiosius,
3028 4332 3150 4373 eum
3181 4317 3275 4373 uni
3297 4318 3508 4374 forami-

1936 4408 1994 4462 ni
2020 4407 2235 4462 oculum
2257 4408 2613 4473 admovisset,
2635 4415 2688 4462 et
2706 4410 3107 4478 contemplatus
3131 4419 3274 4465 esset
3295 4409 3347 4465 id
3368 4411 3512 4480 quod

268 4500 370 4568 μὸν
401 4499 656 4570 προσθεὶς
688 4499 871 4554 καὶτὸ
918 4501 1202 4573 γινόμενον
1261 4503 1615 4573 θεασάμενος,
1675 4504 1839 4569 αὐτός

1949 4498 2124 4561 fiebat,
2164 4508 2219 4552 et
2244 4498 2360 4568 ipse
2405 4497 2648 4568 repletus
2696 4497 2800 4552 fuit
2835 4498 3212 4563 admiratione,
3249 4507 3302 4553 et
3331 4499 3515 4554 eﬂ'eeit

262 4607 325 4643 τε
356 4589 634 4661 θαύματος
660 4591 986 4663 ἐπληροῦτο,
1029 4593 1124 4646 καὶ
1161 4593 1287 4658 τοὺς
1339 4593 1532 4658 ἄλλους
1597 4595 1835 4666 μάρτυσι

263 4681 569 4753 χρήσασθαι
605 4682 796 4736 τούτου
837 4684 951 4746 τοῖς
1023 4685 1304 4756 σφετέροις
1351 4685 1650 4756 ὀφθαλμοῖς
1690 4705 1832 4760 παρ·

264 4773 585 4828 εσκεύασεν.
643 4774 734 4837 Ὣς
763 4769 857 4827 οὖν
879 4773 1141 4844 ἐξέπληξε
1195 4775 1403 4840 πάντας
1418 4776 1478 4830 τὸ
1501 4776 1692 4831 θεαθὲν
1741 4781 1838 4832 έπ-

263 4864 503 4928 ανίεσαν,
530 4863 626 4918 καὶ
664 4863 744 4934 τῷ
789 4864 1101 4938 πατριάρχῃ
1148 4865 1326 4920 πάντα
1366 4867 1504 4937 μετὰ
1560 4867 1835 4938 θαύματος

259 4955 569 5023 διεσάφουν.
628 4955 719 5024 Τῷ
744 4955 824 5020 δὲ,
857 4956 955 5027 οὐχ
973 4957 1120 5020 ὅπως
1146 4957 1298 5012 οὐδὲν
1325 4957 1646 5029 θαυμάζειν,
1697 4959 1834 5016 άλλά

263 5047 358 5099 καὶ
403 5045 718 5117 μέμφεσθαι
781 5046 980 5118 μᾶλλον
1012 5046 1196 5111 αὐτοῖς
1234 5047 1414 5120 ἐπῄει,
1448 5051 1496 5102 εί
1521 5051 1585 5102 ὲκ
1613 5050 1831 5122 μικρῶν

257 5136 404 5189 οὕτω
442 5137 762 5208 Μαρκιανὸν
816 5137 992 5206 μέγαν
1055 5139 1334 5207 ἐγνώκασι
1371 5141 1606 5210 κρίνειν,
1658 5141 1834 5214 παρὸν

259 5231 329 5281 ἐκ
384 5228 597 5284 πολλῶν
649 5229 878 5299 ἐτέρων,
932 5230 1036 5304 ,καὶ
1092 5230 1271 5285 οὐδενὶ
1307 5231 1452 5302 ἄλλῳ
1490 5232 1834 5304 κατορθῶσαι

259 5319 480 5390 ῥᾳδίων,
536 5297 849 5390 θαυμαστὸν
899 5297 1104 5374 ἐκεῖνον
1149 5297 1459 5390 λογίζεσθαι
1531 5297 1835 5393 καὶμακά-

259 5421 395 5475 ριον.

328 5499 466 5553 KA'.
498 5497 672 5568 Ὅσης
693 5497 750 5551 δὲ
771 5497 871 5568 τῆς
914 5499 1097 5564 αἰδοῦς
1129 5499 1158 5553 ό
1194 5501 1370 5570 μέγας
1397 5494 1556 5566 οὗτος
1581 5501 1830 5573 άπήλαυε

255 5589 409 5657 παρὰ
444 5587 660 5642 πάντων
686 5589 910 5660 ὁμοίως,
940 5589 1137 5663 δήμου,
1171 5589 1391 5663 βουλῆς,
1442 5592 1707 5663 βασιλέως
1733 5592 1832 5646 αύο

249 5681 372 5746 τοῦ,
443 5683 714 5753 μαρτυρεῖ
778 5682 877 5753 μὲν
913 5683 948 5754 ἠ
1035 5683 1217 5756 φήμη,
1265 5684 1602 5758 μαρτυροῦσι
1641 5685 1697 5739 δὲ
1737 5686 1832 5739 καὶ

248 5774 303 5826 οἱ
335 5771 703 5827 δυνατώτατοι
725 5772 836 5828 τῶν
866 5773 989 5828 τότε
1023 5775 1243 5848 1’Δσσιταρ
1283 5776 1377 5830 καὶ
1429 5777 1828 5848 Ἃρδαδούριος.

1824 5888 1842 5919 \

1941 4604 1999 4649 ut
2029 4593 2150 4648 aliis
2179 4602 2424 4648 uteretur
2450 4591 2613 4662 hujus
2635 4592 2714 4646 rei
2746 4593 2995 4655 testibus,
3017 4593 3145 4647 dum
3172 4594 3286 4647 suis
3324 4607 3512 4648 cerne~

1935 4694 2060 4740 rent
2087 4683 2276 4739 oculis.
2311 4682 2804 4751 Postquamitaque
2839 4673 2895 4735 id
2925 4681 3070 4750 quod
3103 4681 3281 4737 visum
3305 4681 3509 4741 fuerat.

1935 4793 2128 4834 omnes
2157 4775 2632 4846 obstupefecisset,
2668 4774 2871 4830 reversi
2902 4785 3052 4838 sunt,
3099 4785 3154 4831 et
3184 4777 3512 4847 patriarclim

1935 4884 2060 4925 cum
2111 4868 2476 4924 admiratione
2524 4868 2706 4922 omnia
2735 4882 3020 4936 aperuere.
3078 4867 3156 4922 llli
3187 4879 3368 4925 autem
3399 4889 3511 4926 non

1936 4957 2098 5014 modo
2135 4957 2354 5013 venitin
2381 4965 2620 5012 mentem
2660 4956 2937 5020 admirari,
2973 4957 3067 5011 sed
3099 4959 3278 5028 potius
3297 4977 3391 5015 eos
3423 4962 3510 5016 in-

1935 5064 2180 5120 crepare,
2228 5046 2370 5118 quod
2402 5063 2469 5102 ex
2503 5047 2640 5102 adeo
2681 5047 2860 5117 parvis
2917 5049 3205 5104 statuerint
3253 5065 3510 5123 magnum
3543 5088 3549 5095 -

1935 5141 2177 5197 indicare
2210 5139 2566 5204 Marcianum,
2608 5153 2731 5194 cum
2768 5138 2958 5193 liceret
2985 5154 3050 5194 ex
3076 5140 3263 5198 multis
3290 5143 3432 5209 aliis,
3455 5156 3512 5200 et

1933 5247 2055 5303 quae
2078 5233 2261 5286 nullus
2288 5239 2473 5301 posset
2496 5230 2636 5286 alius
2664 5229 2824 5286 facile
2847 5229 3083 5299 edicere,
3113 5232 3265 5289 illum
3303 5236 3501 5292 existi-

1933 5339 2083 5379 mare
2111 5321 2490 5378 admirandum
2516 5331 2573 5378 et
2594 5323 2838 5378 beatum.
3530 5317 3532 5320 ’

2004 5499 2150 5557 XIX.
2165 5499 2379 5568 Quanta
2396 5511 2578 5558 autem
2597 5502 2762 5560 fuerit
2780 5518 2846 5560 ex
2858 5519 3015 5577 aequo
3031 5506 3273 5562 omnium
3289 5505 3341 5560 in
3359 5505 3504 5561 hunc

1934 5608 2186 5664 magnum
2226 5593 2553 5659 reverentia,
2588 5593 2797 5667 p0puli,
2839 5594 3085 5662 inquam,
3105 5603 3160 5649 et
3183 5603 3422 5658 senatus,
3449 5604 3506 5648 et

1934 5684 2108 5754 ipsius
2135 5684 2500 5756 imperatoris,
2537 5695 2769 5742 testatur
2809 5687 3028 5758 quidem
3080 5686 3220 5740 fama
3259 5693 3502 5740 :testan-

1936 5784 2024 5831 tur
2057 5785 2237 5832 autem
2277 5777 2464 5847 etiam,
2497 5778 2588 5850 qui
2627 5786 2755 5835 tunc
2777 5777 2931 5835 fuere
2977 5775 3366 5849 potentissimi,
3397 5778 3504 5833 As-
