3886 6460
336 347 446 414 455
1606 335 1897 399 MENSIS
1930 335 1944 397 Σ

2049 331 2398 395 iUARlUS.
3489 316 3602 379 456

343 479 440 531 par
462 469 518 515 et
537 458 858 514 Adabarius.
893 457 993 523 Qui
1015 457 1116 512 etsi
1142 468 1322 512 essent
1343 454 1481 510 mala
1500 454 1761 524 Opinione
1780 467 1916 522 prte-

2049 451 2083 503 l'i
2119 451 2294 504 καίτοι
2323 445 2604 510 κακόδοξοι
2655 443 2830 506 ὄντες,
2875 439 2991 505 καὶ,
3027 441 3138 500 τοῖς
3180 434 3357 508 ὀρθῶς
3413 433 3602 503 ἔχουσι
3675 516 3696 529 .

337 554 458 617 diti,
487 563 542 606 et
574 551 639 605 iis
664 552 753 619 qui
789 559 935 604 recte
971 549 1301 612 sentiebant,
1334 546 1724 609 inimicissimi,
1775 545 1916 600 divi-

2049 543 2182 612 ιόξης
2221 539 2589 611 διαφερόντως
2627 534 2898 604 πολέμιοι,
2955 531 3103 601 ὅμως
3141 526 3461 596 Μαρκιανδν
3507 527 3606 579 τὸν

343 660 473 699 num
506 653 686 697 tamen
742 641 1080 696 Marcianum
1128 656 1197 694 ne
1247 640 1401 695 facile
1452 637 1670 710 quidem
1720 638 1920 692 intueri

2049 636 2172 686 θεῖον
2205 631 2328 685 οὐδὲ
2363 627 2728 698 προσϐλέπειν
2777 621 3018 693 εὐχερῶς
3063 619 3347 690 ἠδύναντο,
3387 618 3450 672 τὸ
3505 633 3610 672 πε-

345 742 617 806 poterant,
677 732 949 802 insignem
1000 731 1118 800 ejus
1176 731 1432 785 virtutem
1486 737 1922 784 reverenteszet

2049 727 2145 779 ιιὸν
2197 723 2362 779 αὐτοῦ
2403 722 2502 792 τῆς
2555 719 2760 791 ἀρετῆς
2820 714 3266 784 δυσωπούμενοιο
3343 712 3439 765 καὶ
3511 711 3609 763 διὰ

343 829 462 881 ideo
498 827 571 880 illi
605 840 856 894 magnum
889 824 1149 877 honorem
1196 823 1534 884 tribuebant,
1573 831 1629 876 et
1661 821 1920 890 templum

2049 817 2184 873 εοῦτο
2228 817 2430 886 πολλήν
2456 832 2515 867 τε
2561 813 2754 881 ἐκείνῳ
2815 808 2914 879 τὴν
2954 807 3118 878 τιμὴν
3157 803 3454 872 ἀπένεμον,
3508 801 3610 854 καὶ

344 931 550 986 magnae
590 912 913 977 Anastasiae,
961 909 1106 981 quod
1147 910 1216 963 ab
1260 909 1352 962 illo
1401 909 1573 962 fuerat
1621 907 1922 971 conditum,

345 1003 594 1073 pretiosis
634 1002 774 1056 vasis
806 1017 874 1055 ex
921 1015 1056 1054 auro
1100 1008 1155 1054 et
1187 1011 1411 1070 argento
1441 999 1597 1052 factis
1628 999 1923 1052 decorave-

346 1103 490 1147 runt.
529 1093 620 1147 llle
662 1101 844 1147 autem
894 1091 1096 1146 donum
1148 1106 1506 1146 remunerans
1535 1130 1548 1153 .
1600 1089 1840 1144 decrevit
1871 1093 1928 1140 nt

344 1185 540 1239 diebus
557 1183 918 1247 solemnibus,
937 1183 1113 1253 patria
1139 1198 1328 1237 eorum
1356 1182 1538 1251 lingua
1569 1180 1750 1254 (Gothi
1781 1181 1926 1235 enim

344 1276 540 1342 erant)
574 1275 834 1330 divinitus
868 1274 1148 1344 inspirata:
1201 1273 1494 1342 Scriptura:
1534 1275 1588 1327 in
1618 1288 1684 1328 eo
1725 1273 1925 1342 templo

355 1369 678 1440 legerentur.
723 1364 830 1422 Sed
873 1367 1180 1439 Byzantinis
1220 1367 1436 1436 quidem
1477 1374 1594 1420 erat
1637 1363 1930 1418 Martianus

348 1458 486 1511 adeo
513 1457 876 1511 venerandus.
917 1453 1154 1509 Vocabat
1183 1464 1364 1508 autem
1393 1453 1532 1507 fama
1561 1468 1653 1507 eas
1688 1467 1926 1522 quoque,

345 1560 466 1614 qua:
495 1545 683 1614 procul
729 1545 847 1600 sita:
879 1553 1058 1610 erant,
1106 1545 1379 1608 civitates,
1416 1553 1468 1598 et
1520 1542 1758 1612 undique
1796 1557 1931 1596 con-

348 1636 628 1690 ﬂuebant:
671 1636 758 1689 alii
783 1635 1022 1705 quidem,
1056 1636 1363 1704 percepturi
1397 1641 1744 1703 peccatorum
1771 1647 1933 1686 cura-

349 1731 576 1792 tionem,
605 1727 695 1780 alii
722 1742 852 1782 vero
881 1729 1200 1782 morborum
1230 1745 1242 1779 :
1295 1737 1352 1780 nt
1401 1742 1501 1779 nec
1553 1726 1782 1779 deerant
1810 1725 1931 1793 qui-

351 1822 475 1874 dem
517 1821 661 1890 quia
708 1810 879 1874 Roma
908 1820 1080 1874 veteri
1107 1818 1420 1875 veniebant.
1462 1819 1611 1872 lnter
1639 1832 1776 1886 quos
1823 1816 1930 1871 alio
1958 1799 2005 1860 Β

347 1929 583 1983 quoque,
606 1914 750 1984 quod
771 1914 972 1967 factum
991 1921 1072 1966 est
1099 1910 1320 1982 dignum
1350 1918 1675 1976 memoratu,
1696 1925 1805 1964 non
1835 1924 1931 1978 par

349 2022 469 2062 esse
497 2007 731 2061 arbitror
772 2004 1026 2060 fraudare
1057 2012 1266 2059 vestras
1298 2017 1480 2058 aures.

423 2187 566 2243 XXI.
616 2187 874 2254 Quaedam
920 2186 1067 2241 enim
1112 2185 1310 2240 mulier
1363 2183 1620 2238 laborans
1676 2181 1935 2238 diuturno

355 2279 502 2333 ﬂuxu
536 2278 817 2349 sanguinis
847 2278 984 2332 adeo
1014 2276 1272 2348 graviter,
1312 2285 1370 2330 ut
1400 2273 1579 2330 omnis
1625 2273 1932 2340 medicinae,

355 2367 501 2438 quod
530 2367 597 2422 ad
626 2381 748 2421 eam
785 2366 1075 2432 attinebat,
1120 2381 1319 2420 vanum
1369 2363 1777 2419 existimaretur
1816 2372 1936 2419 stu-

358 2459 510 2514 dium
541 2468 597 2512 et
635 2471 1132 2526 supervacaneum.
1169 2455 1263 2520 Ea,
1330 2452 1502 2508 Roma
1554 2452 1740 2507 relicta
1795 2454 1936 2522 (eam

369 2551 515 2606 enim
533 2549 802 2606 vocabant
829 2549 1008 2604 divina
1031 2549 1183 2621 signa
1204 2547 1486 2612 Marciani,
1511 2564 1634 2620 quae
1661 2548 1939 2604 caneban-

362 2654 451 2699 tur
470 2645 538 2698 ab
562 2641 864 2710 omnibus),
897 2645 1146 2712 pervenit
1183 2641 1731 2712 Constantinopolim.
1754 2640 1942 2711 Neque

365 2749 494 2789 vero
540 2749 660 2788 eam
697 2738 931 2804 ﬂantum
997 2733 1102 2788 iter
1163 2734 1468 2789 coniecisse
1532 2733 1824 2806 paenituit,
1881 2742 1943 2786 ut

365 2842 485 2894 quze
545 2833 696 2881 tanta
743 2823 1028 2880 vexatione
1089 2823 1224 2878 nihil
1281 2823 1504 2895 dignum
1572 2823 1867 2879 obtinuerit
1924 2840 1938 2877 τ

363 2917 458 2973 sed
482 2917 645 2972 simul
677 2927 738 2972 ut
767 2917 832 2972 ad
849 2917 1056 2986 justum
1081 2915 1311 2970 accessit
1337 2914 1697 2980 Marcianum,
1722 2922 1943 2968 etmor—

368 3011 495 3063 lium
523 3007 869 3080 signiﬁcavit,
901 3014 1089 3062 curata
1120 3015 1206 3061 est
1241 3006 1457 3061 mulier.
1496 3004 1644 3061 Talis
1673 3006 1819 3068 enim
1844 3003 1946 3058 fuit

2027 911 2118 966 τὸν
2168 907 2450 964 ὑπἀὐτοῦ
2478 906 2766 960 κτισθέντα
2821 903 2947 956 ναὸν
2974 903 3075 971 τῆς
3129 897 3374 970 μεγάλης
3444 896 3612 948 Ἀνα-

2030 1000 2252 1064 στασίας
2301 999 2519 1052 σκεύεσι
2591 994 2910 1049 πολυτελέσι
2965 989 3171 1063 χρυσοῦ
3221 988 3316 1041 καὶ
3359 986 3613 1056 ἀργύρου

2041 1093 2434 1164 πεποιημένοις
2485 1090 2827 1160 ἐφαίδρυναν.
2919 1087 3187 1146 Κάκεῖνος
3250 1083 3349 1151 τῆς
3398 1080 3613 1148 δωρεᾶς

2031 1186 2229 1248 αὐτοὺς
2261 1184 2648 1254 ἀμειϐόμενος,
2691 1176 3064 1234 διετυπώσατο
3103 1174 3245 1228 κατὰ
3280 1173 3375 1234 τὰς
3413 1171 3616 1238 ἐπισή-

2034 1296 2166 1348 μους
2193 1276 2302 1329 τῶν
2335 1274 2559 1346 ἡμερῶν
2580 1276 2646 1343 τῇ
2698 1270 2914 1343 πατρίῳ
2965 1267 3148 1321 αὐτῶν
3198 1263 3413 1335 γλώττῃ
3455 1263 3618 1332 (Γότ-

2032 1369 2116 1424 θοι
2159 1370 2268 1439 γὰρ
2330 1363 2492 1438 ἦσαν)
2541 1366 2639 1428 τὰς
2698 1361 3090 1422 θεοπνεύστους
3144 1356 3365 1427 Γραφάς
3415 1358 3472 1406 ἐν
3530 1351 3617 1422 τῷ

2036 1460 2164 1531 ἱερῷ
2191 1459 2327 1530 τῷδε
2379 1454 2870 1527 ἀναγινώσκεσθαι,
2934 1451 3084 1506 ’ἀλλά
3141 1447 3456 1513 Βυζαντίοις
3509 1445 3617 1516 μὲν

2033 1546 2206 1607 οὕτως
2236 1545 2514 1613 αἰδέσιμος
2546 1539 2612 1614 ἦν
2642 1544 2670 1594 ό
2715 1543 2876 1611 ἀνήρ.
2931 1539 3148 1594 Ἐκάλει
3175 1537 3283 1606 δὲή
3317 1537 3473 1606 φήμη
3513 1533 3618 1586 καὶ

2034 1636 2132 1699 τὰς
2166 1633 2382 1706 μακρὰν
2407 1634 2721 1704 ᾠκισμένας
2750 1631 2861 1683 τῶν
2903 1629 3134 1693 πόλεων,
3171 1627 3265 1680 καὶ
3346 1623 3619 1694 πανταχόο

2039 1725 2130 1779 θεν
2186 1725 2516 1796 συνέρρεον·
2595 1723 2646 1776 οί
2696 1722 2795 1793 μὲν
2847 1719 3284 1790 ἁμαρτημάτων,
3335 1717 3384 1769 ol
3424 1715 3481 1768 δὲ
3514 1714 3618 1767 καὶ

2033 1817 2357 1888 νοσημάτων
2383 1815 2482 1886 τὴν
2523 1815 2820 1886 θεραπείαν
2853 1812 2920 1868 ἂν
2946 1813 3333 1884 τρυγήσοντες·
3368 1808 3464 1862 καὶ
3488 1807 3616 1860 οίιδί·⁹

2033 1910 2130 1980 τῆς
2159 1908 2534 1981 πρεσϐυτέρας
2578 1908 3023 1978 ἁπελιμπάνοντο
3060 1902 3298 1974 Ῥώμης,
3353 1901 3490 1955 ἀλλά
3519 1916 3620 1952 και

2033 2002 2192 2056 αὐτοὶ
2219 2000 2549 2072 προσῄεσαν.
2593 2001 2680 2054 Ἐν
2711 1993 2793 2062 οἷς
2833 1998 2928 2052 καὶ
2961 1998 3184 2067 μνήμης
3230 1993 3383 2058 ἄξιόν
3433 2008 3488 2045 τι
3513 2008 3620 2057 γει

2035 2093 2278 2165 νόμενον,
2296 2093 2356 2145 οὑ
2373 2092 2468 2156 τὰς
2485 2091 2752 2163 ὑμετέρας
2769 2091 2938 2153 ἀκοὰς
2962 2085 3113 2160 οἶμαι
3131 2087 3406 2156 ζημιῶσαι
3426 2083 3619 2138 καλόν.

2105 2187 2236 2240 KB’.
2269 2185 2412 2255 Γυνὴ
2441 2185 2557 2255 γάρ
2603 2201 2686 2248 τις
2719 2182 3015 2256 αἱμορροία
3074 2179 3375 2250 πιεζομένη
3413 2176 3613 2248 χρονίᾳ

2036 2277 2179 2334 οὕτω
2215 2277 2488 2348 χαλεπῶς,
2520 2276 2595 2340 ὼς
2619 2277 2798 2330 πᾶσαν
2841 2273 3088 2344 ἰατρικὴν
3119 2273 3313 2343 τέχνην
3364 2270 3488 2324 ὅσον
3524 2269 3618 2321 ἐπ’

2039 2373 2176 2442 αὐτῇ
2221 2369 2457 2442 σπουδὴν
2527 2368 2761 2439 ματαίαν
2807 2369 2903 2422 καὶ
2954 2367 3216 2438 περιττὴν
3265 2362 3620 2434 νομισθῆναι,

2037 2464 2178 2534 αὐτὴ
2209 2463 2309 2534 τὴν
2347 2461 2568 2533 Ῥώμην
2620 2459 2994 2515 καταλιποῦσα
3042 2458 3186 2524 (καὶ
3231 2456 3340 2526 γὰρ
3392 2453 3624 2508 ἐκάλουν

2041 2556 2214 2628 αὐτὴν
2287 2557 2343 2610 αί
2408 2554 2725 2625 θεοσημεϊαι
2785 2549 3106 2622 Μαρκιανώ
3160 2550 3420 2620 ᾁδόμεναι
3466 2546 3625 2616 παρὰ

2042 2649 2287 2720 πάντων)
2351 2649 2432 2712 εἰς
2516 2647 2618 2719 τὴν
2686 2645 3099 2701 Κωνσταντίνου
3165 2640 3457 2696 κατέλαϐε.
3512 2640 3627 2694 Καὶ

2043 2741 2194 2796 οὐδὲν
2249 2740 2538 2812 ἐμέμψατο
2586 2740 2756 2812 ἑαυτῇ
2832 2739 2934 2809 τῆς
3011 2738 3342 2806 ὁδοιπορίας,
3415 2735 3490 2797 ab;
3543 2734 3630 2804 μὴ

2044 2833 2195 2899 ἄξιόν
2217 2849 2270 2886 τι
2292 2831 2664 2896 κακοπαθείας
2689 2830 2961 2900 τοσαύτης
2981 2828 3324 2898 ἀποναμένηο
3361 2827 3476 2880 ἀλλ’
3503 2827 3626 2896 ἅμα

2043 2935 2101 2973 τε
2134 2920 2406 2993 προσῆλθε
2436 2919 2514 2991 τῷ
2545 2918 2757 2988 δικαίῳ,
2789 2918 2884 2972 καὶ
2931 2917 3029 2988 τὴν
3089 2917 3243 2970 νόσον
3301 2913 3626 2984 ἐγνώρισεν,

2045 3012 2080 3082 ἥ
2114 3029 2173 3065 τε
2201 3011 2354 3082 πηγὴ
2382 3010 2478 3065 τοῦ
2516 3011 2750 3080 αἵματος
2775 3009 2957 3079 ἔληγε,
2985 3009 3080 3062 καὶ
3109 3011 3143 3079 ή
3171 3007 3309 3078 γυνὴ
3329 3007 3426 3076 τῆς
3457 3006 3630 3075 θεραι⁹

368 3102 456 3156 hic
486 3101 570 3154 vir
594 3099 834 3162 divinus,
866 3107 925 3153 ut
953 3115 1054 3154 nec
1081 3108 1226 3154 tactu
1259 3098 1477 3168 quidem
1511 3112 1673 3168 saepe,
1709 3097 1803 3152 sed
1833 3097 1944 3150 sola

2049 3104 2208 3167 πείας
2265 3102 2508 3157 ἀπόλαυε
2589 3100 2841 3164 Τοιοῦτος
2884 3099 2994 3170 γὰρ
3044 3101 3072 3153 ό
3115 3098 3256 3162 θεῖος
3321 3097 3488 3168 ἀνὴρ.
3547 3095 3631 3160 ώς

368 3192 680 3263 precatione
711 3201 767 3246 et
799 3191 946 3245 nudo
976 3198 1200 3260 aspectu
1240 3190 1494 3245 liberaret
1538 3204 1634 3244 eos
1669 3188 1760 3259 qui
1787 3203 1944 3244 acce-

368 3285 591 3346 debant,
618 3293 673 3339 et
695 3283 744 3338 ei
777 3283 1110 3340 exhibebant
1151 3282 1453 3353 negotium.
1489 3282 1696 3338 Tantus
1723 3280 1946 3352 quidem

379 3378 482 3432 luit
505 3376 816 3431 Marcianus
857 3375 1152 3432 miraculis.
1205 3375 1350 3431 Talis
1383 3384 1565 3430 autem
1611 3375 1678 3430 iis
1703 3389 1946 3444 quoque,

371 3488 493 3540 (inae
544 3480 691 3526 recte
729 3479 785 3525 et
812 3485 878 3524 ex
918 3469 1120 3525 virtute
1160 3478 1309 3540 gesta
1355 3477 1506 3532 sunt,
1553 3468 1951 3522 convenienter

367 3559 568 3614 divina:
615 3559 992 3630 promissioni,
1023 3575 1144 3629 qua:
1184 3559 1318 3615 dicit
1344 3577 1355 3613 :
1386 3557 1491 3612 Eos
1521 3558 1612 3628 qui
1643 3573 1722 3610 me
1746 3556 1951 3627 gloriﬁ-

368 3663 510 3715 cant,
535 3651 843 3723 glori/icabo
863 3653 882 3684 '
911 3693 925 3708 .
945 3650 1616 3722 Cujusintercessionibus
1633 3651 1789 3705 nobis
1817 3665 1950 3705 cono

367 3744 618 3811 cedatur,
653 3745 800 3798 illius
847 3760 969 3798 esse
1003 3745 1268 3799 bonorum
1298 3743 1612 3814 participes,
1649 3743 1702 3796 in
1733 3742 1953 3798 Christo

365 3831 498 3886 Jesu
547 3831 774 3886 Domino
807 3841 1018 3900 nostro,
1059 3833 1146 3888 cui
1182 3833 1351 3905 gloria
1367 3843 1424 3890 et
1457 3833 1699 3905 potentia
1731 3847 1877 3887 nunc
1898 3839 1953 3887 et

369 3918 423 3971 in
454 3919 650 3974 sarcula
682 3921 1028 3989 seculorum,
1058 3923 1250 3981 Amen.

442 4035 462 4064 ⁸
495 4033 514 4086 l
545 4033 678 4106 Reg.
711 4050 773 4099 ιι,
801 4034 889 4091 30.

1997 3198 2015 3219 ‘
2052 3197 2188 3268 μηδὲ
2213 3197 2325 3268 ἁφῇ
2357 3195 2637 3261 πολλάκις,
2677 3194 2815 3249 ἀλλὰ
2842 3194 2974 3264 εὑχῇ
2999 3193 3138 3266 μόνῃ
3162 3194 3257 3245 καὶ
3284 3190 3426 3263 ψιλῷ
3454 3191 3630 3261 βλέμο

2054 3305 2182 3358 ματι
2229 3288 2355 3350 τοὺς
2373 3286 2696 3356 προσιόντας
2725 3285 3081 3340 ἀπαλλάττων
3103 3286 3212 3337 τῶν
3236 3283 3627 3355 ἐνοχλούντων.

2059 3376 2326 3440 Τοσοῦτος
2363 3377 2460 3448 μὲν
2507 3378 2535 3430 ὁ
2578 3376 2896 3448 Μαρκιανὸς
2930 3378 3042 3440 τοῖς
3085 3374 3349 3446 θαύμασι,
3376 3373 3637 3434 τοσοῦτος

2051 3469 2107 3522 δὲ
2150 3472 2242 3523 καὶ
2283 3472 2393 3532 τοῖς
2420 3470 2478 3523 ὲν
2505 3471 2674 3541 ἀρετῇ
2714 3469 3122 3542 κατορθώμασι,
3159 3469 3300 3523 κατά
3330 3466 3449 3538 τὴν,
3479 3466 3632 3532 Τοὺς

2052 3557 2413 3625 δοξάζον-τάς
2454 3577 2529 3630 με
2559 3558 2820 3627 δοξάσω,
2844 3559 3092 3628 θεολόγον
3148 3558 3501 3628 ἐπαγγελίαν.
3555 3549 3637 3610 Οὖ

2059 3651 2152 3703 καὶ
2224 3652 2372 3722 ἡμᾶς
2439 3653 2648 3720 γένοιτο
2677 3655 2794 3716 ταῖς
2867 3652 3189 3725 πρεσϐείαις
3246 3651 3357 3704 τῶν
3421 3649 3638 3704 ἐκείνου

2063 3745 2468 3813 συμμετασχεῖν
2493 3743 2730 3812 ἀγαθῶν,
2768 3746 2825 3798 έν
2848 3743 3068 3816 Χριστῷ
3125 3742 3298 3815 Ἰησοῦ
3337 3741 3417 3812 τῷ
3444 3742 3640 3814 Κυρίῳ

2063 3834 2241 3904 ἡμῶν,
2270 3827 2370 3906 ᾧή
2403 3835 2530 3902 δόξα
2562 3836 2658 3889 καὶ
2685 3835 2744 3889 τὸ
2780 3836 2982 3908 κράτος
3015 3835 3111 3890 νῦν
3143 3836 3237 3889 καὶ
3269 3837 3358 3890 ἀεὶ
3399 3837 3494 3889 καὶ
3557 3840 3640 3898 εἰς

2061 3925 2188 3988 τοὺς
2217 3924 2420 3992 αίῶνας
2447 3925 2554 3981 τῶν
2588 3926 2821 3984 αἰώνων.
2876 3928 3068 3998 ’Δμήν.

388 4191 3638 4228 W

975 4371 1121 4457 DE
1195 4368 1290 4457 S.
1368 4361 2078 4459 THEODOSIO
2155 4360 3044 4455 C(ENOBIARCHA

1449 4555 1653 4602 JUX'I‘A
1691 4551 2188 4598 HIEBOSOLYMAM
2231 4551 2296 4599 IN
2335 4551 2574 4598 JUDEA.

1557 4687 1722 4748 (Anno
1744 4684 1836 4734 529
1855 4684 1988 4747 apud
2014 4682 2234 4734 Bolland.
2258 4683 2308 4734 11
2344 4683 2479 4738 Jan.)

577 4998 672 5074 ει.
699 4998 761 5056 S.
790 4995 1069 5053 Theodosii
1101 4996 1318 5061 natalis,
1357 4995 1497 5049 sacri
1533 4995 1776 5049 honores.

455 5149 701 5218 Quatuor
720 5162 828 5204 uno
857 5146 1053 5204 saeculo
1092 5146 1387 5203 Ecclesiam
1423 5146 1764 5200 illustravere
1785 5144 1964 5200 Theo-

385 5243 545 5309 dosii,
601 5243 960 5312 imperatores
1011 5239 1139 5304 duo,
1197 5240 1303 5294 duo
1345 5237 1827 5305 archimandritm;
1892 5237 1967 5293 illi

385 5335 694 5406 prudentia,
728 5334 949 5404 pietate,
979 5324 1260 5388 catholica:
1301 5331 1483 5386 studio
1533 5330 1809 5401 religionis
1831 5371 1846 5396 ,
1877 5345 1968 5386 se-

387 5431 509 5483 nior
553 5428 718 5483 etiam
773 5427 969 5483 bellica
1030 5425 1272 5489 virtute;
1319 5425 1369 5478 lii
1422 5424 1546 5479 vitae
1584 5425 1964 5489 sanctimonia,

387 5520 672 5589 gloriaque
726 5519 1140 5574 miraculorum.
1209 5515 1412 5570 Horum
1481 5516 1698 5586 utrique
1753 5515 1966 5585 publica

387 5614 600 5666 decreta
626 5627 734 5666 uno
759 5612 1057 5681 eodemque
1108 5610 1196 5664 die
1233 5623 1516 5663 sacrorum
1565 5608 1840 5664 veneratio
1863 5616 1967 5670 est,

389 5702 552 5768 priori
582 5701 696 5758 fere
714 5705 782 5758 ab
815 5704 946 5759 solis
979 5701 1210 5766 Graecis,
1249 5708 1309 5753 ut
1332 5715 1493 5767 supra
1524 5699 1780 5764 diximus,
1815 5696 1970 5752 alteri

389 5793 550 5849 etiam
581 5809 610 5849 a
631 5793 854 5853 Latinis.
878 5795 974 5855 Ille
997 5791 1376 5852 Antiochenus
1404 5789 1522 5857 fuit,
1550 5789 1896 5858 condiditque
1921 5790 1973 5844 in

1912 4984 1917 4991 '
2003 4987 2045 5040 ι)
2075 4971 2263 5026 Cilicia
2291 4969 2526 5033 celebre,
2546 4967 2709 5023 etiam
2741 4967 2880 5038 apud
2908 4975 3176 5035 posteros.
3227 4967 3562 5034 coenobium,
3599 4971 3654 5023 in

2074 5060 2311 5131 Scopnlo
2357 5059 2687 5130 appellatum
2725 5073 2740 5112 :
2779 5059 2866 5113 hic
2899 5059 3190 5128 Cappadox
3253 5060 3306 5114 in
3363 5059 3653 5115 Palmstina

2072 5152 2461 5212 monasterium
2487 5153 2818 5216 construxit,
2843 5152 2910 5208 de
2938 5167 3046 5221 quo
3070 5161 3191 5222 post
3232 5152 3392 5223 paulo
3424 5167 3441 5207 :
3466 5153 3658 5222 junior

2071 5243 2158 5299 hic
2191 5245 2314 5308 fuit,
2366 5244 2572 5313 aliquot
2605 5253 2729 5314 post
2779 5245 3003 5300 alterius
3034 5246 3240 5300 obitum
3290 5247 3448 5300 annis
3473 5255 3657 5311 natus,

2071 5346 2129 5391 ut
2161 5336 2252 5405 qui
2289 5350 2500 5390 sacram
2537 5337 2735 5406 popqu
2796 5337 3130 5406 Scripturam
3177 5339 3494 5408 explicaret,
3529 5353 3656 5392 cum

2072 5427 2406 5482 Theodosius
2457 5424 2496 5479 ll
2553 5426 2849 5496 imperator
2892 5444 2923 5483 e
2959 5429 3093 5484 vivis
3129 5430 3363 5484 excessit
3405 5446 3495 5484 an.
3527 5430 3656 5484 450.

2075 5519 2255 5586 Longe
2285 5519 2422 5572 alius
2451 5519 2518 5571 ab
2550 5520 2635 5572 liis
2664 5517 3000 5575 Theodosius
3033 5505 3098 5574 ex
3131 5524 3395 5577 monacho
3425 5525 3661 5593 pseudo-

2077 5610 2364 5677 episcopus
2399 5605 2923 5680 ilierosolymitanus
2967 5611 3356 5683 Eulycliianus,
3397 5613 3487 5682 qui
3517 5611 3662 5666 Maro

2081 5700 2222 5755 ciulti
2251 5699 2593 5767 imperatoris
2621 5702 2752 5754 vixit
2781 5711 2962 5769 aetate,
2989 5712 3046 5758 ut
3076 5702 3213 5758 infra
3237 5704 3289 5756 in
3322 5704 3437 5758 Vita
3462 5704 3518 5759 S.
3552 5703 3660 5758 Eu-

2086 5789 2275 5861 thymii
2305 5789 2375 5844 9.0
2395 5787 2635 5846 Januarii
2663 5791 2890 5848 dicetur.
