3886 6496
262 447 369 516 157

966 452 1144 513 VITA
1178 455 1242 515 S.
1279 453 1699 515 THEODOSII
1735 453 2329 515 C(ENOBIARCILE.
2382 477 2452 489 ο·-
2480 449 2868 514 PROCEMIA.

3433 444 3536 507 ἇΐῦ

334 564 391 619 2.
434 560 677 616 Natalem
710 560 879 631 igitur
901 560 965 617 S.
1008 564 1297 621 Theodosii
1329 567 1727 623 ceenobiarcba:
1751 567 1856 623 hoc
1881 572 1934 631 Α
1960 567 2157 623 femina
2188 565 2469 634 sanguinis
2497 570 2761 634 pl‘olthIO
2795 563 3048 628 liberata,
3096 563 3150 618 in
3184 564 3313 627 vita,
3363 578 3418 618 ιι.
3445 561 3537 624 58.

260 658 356 713 die
393 656 465 709 ita
487 653 766 710 celebrant
786 653 962 710 (irasci
1000 658 1051 709 in
1081 656 1381 729 Menologio
1412 676 1439 712 tt
1494 658 1714 714 Canisio
1739 659 1856 714 edi-

264 757 362 802 to:
394 743 833 801 Commemoralio
863 743 922 801 S.
950 745 1013 802 P.
1039 745 1092 799 Ν
1098 788 1112 802 .
1149 747 1428 802 Theodosii
1460 749 1856 814 ccenobiarcltw,

267 850 334 887 ea:
360 836 552 902 oppido
576 834 792 888 Murissi
821 835 1191 905 Cappadocae.
1221 839 1476 893 Refertur
1498 848 1553 893 et
1602 839 1653 892 in
1691 840 1855 893 horo—

267 923 432 995 logia,
462 940 526 978 ac
553 923 865 995 Menologiis
901 926 1118 980 Maximi
1163 930 1331 996 episc.
1372 929 1663 997 Cylhermi,
1695 937 1858 997 atque

267 1016 646 1083 Christophori
680 1017 1024 1085 procunsolis
1062 1018 1350 1089 Mitylenaei
1391 1038 1403 1072 :
1439 1021 1490 1072 in
1522 1017 1857 1075 Kalendario

270 1123 485 1176 quinque
537 1107 849 1161 Cra-corum
899 1128 929 1162 a
978 1108 1331 1165 Geuebrardo
1379 1113 1546 1177 edito,
1576 1123 1628 1163 et
1651 1112 1856 1167 eisdem

276 1201 454 1254 verbis
482 1216 512 1253 a
548 1199 759 1254 Nolano
797 1201 851 1254 in
898 1201 1065 1255 addit.
1109 1203 1175 1256 ad
1208 1202 1446 1259 Usuard.
1478 1223 1497 1255 ι
1558 1202 1857 1259 Die'unde-

268 1292 413 1346 cima
436 1292 609 1346 sancti
639 1290 816 1345 Patris
848 1292 1140 1349 Theodosii
1170 1293 1600 1350 Ctenobiarchte.
1644 1315 1663 1347 ο
1704 1293 1859 1348 Mar-

273 1385 593 1453 tyrologium
648 1381 969 1438 Romanum.
1028 1403 1047 1438 ι
1101 1384 1157 1439 lu
1212 1386 1573 1458 Cappadocia,
1631 1386 1685 1440 in
1741 1387 1860 1441 vico

269 1474 629 1545 Magariasso,
658 1477 718 1532 S.
755 1476 1045 1531 Theodosii
1094 1477 1527 1543 Cmnobiarclue,
1562 1478 1653 1548 qui
1690 1477 1858 1532 multa

273 1584 373 1636 pro
401 1568 503 1622 ﬁde
536 1570 802 1624 catholica
838 1583 1028 1639 passus
1057 1580 1160 1624 est.
1197 1589 1215 1621 ι
1252 1569 1559 1625 Galesinius
1580 1608 1599 1635 ,
1640 1577 1861 1625 secutus

262 1659 584 1715 Grecorum
606 1661 992 1729 Eucltologion,
1016 1661 1220 1716 ennth
1245 1660 1493 1717 Januarii
1515 1661 1681 1717 refert
1705 1677 1719 1714 :
1755 1681 1774 1714 ι
1800 1662 1859 1716 lu

275 1750 486 1807 Graecia
540 1751 599 1806 S.
634 1752 928 1808 Theodosii
978 1753 1407 1808 Ctettobiarchze.
1442 1753 1496 1807 ls
1558 1751 1860 1808 incredibili

262 1846 603 1900 abstinentia
635 1845 758 1911 fuit,
795 1855 854 1901 ut
886 1862 982 1918 per
1015 1847 1235 1916 triginta
1287 1848 1431 1917 ipsos
1461 1861 1635 1900 annos
1667 1861 1858 1916 pauent

1960 660 2195 716 refertur
2243 673 2443 714 cancro
2521 658 2573 712 in
2634 656 2873 711 mamilla
2952 656 3250 712 laborasse.
3315 654 3539 717 Eadem,

1956 753 2176 807 omissis
2255 763 2432 805 tamen
2491 749 2767 819 plerisque
2835 747 3135 812 miraculis,
3181 748 3434 814 leguntur
3486 747 3540 800 in

1957 842 2281 914 Amhologio
2329 840 2667 905 Gmcorum,
2739 855 2771 895 a
2844 838 3119 895 Clemente
3173 837 3291 894 Vlll
3350 854 3546 910 appro-

1959 937 2106 991 bato.

2211 1068 2239 1140 ς
2278 1067 2343 1124 ιι.
2381 1065 2520 1123 Vita:
2567 1065 2629 1122 S.
2661 1065 2938 1121 Theodosii
2994 1066 3296 1134 scriptores.

2032 1206 2210 1261 Vitam
2265 1204 2325 1259 S.
2361 1202 2656 1259 Theodosii
2689 1218 2753 1256 ex
2790 1201 3153 1273 Metaphraste
3187 1201 3353 1256 edidit
3387 1199 3548 1272 Lipo—

1961 1311 2154 1352 manus
2186 1307 2318 1350 tom.
2351 1293 2413 1357 V,
2446 1303 2610 1362 atque
2657 1307 2721 1346 ex
2754 1305 2820 1347 eo
2849 1290 3065 1348 Surius.
3104 1291 3336 1345 Plurima
3370 1305 3437 1344 ex
3481 1306 3545 1346 ea

1960 1390 2229 1444 Barouius
2279 1396 2319 1442 t.
2349 1384 2414 1440 Vl
2447 1396 2501 1440 et
2542 1385 2639 1440 VII
2697 1399 2915 1439 suorum
2956 1383 3247 1438 Annalium
3290 1384 3546 1438 intexuit.

1962 1481 2071 1536 Nos
2112 1483 2356 1536 eamdem
2409 1480 2598 1534 damus
2662 1493 2784 1532 cum
2836 1493 2939 1532 ms.
2988 1475 3177 1532 Graeco
3209 1475 3549 1530 bibliothecae

1966 1570 2239 1627 Vaticana;
2287 1571 2561 1635 collatam,
2603 1579 2659 1625 ct
2719 1570 2965 1639 pluribus
3013 1569 3153 1624 locis
3177 1568 3546 1622 emendatam.

1962 1662 2160 1717 Eadem
2203 1671 2405 1725 exstat,
2435 1661 2529 1716 sed
2553 1670 2854 1727 contracta,
2886 1659 3077 1713 Latine
3118 1659 3168 1712 in
3216 1657 3354 1712 Vitis
3388 1655 3552 1711 Fian-

1963 1754 2093 1809 cisci
2128 1754 2300 1808 llaraei
2346 1763 2401 1807 et
2430 1752 2695 1823 Lippeloi,
2730 1769 2799 1807 ac
2849 1754 3004 1806 fastis
3039 1750 3328 1817 \lariauis;
3363 1750 3552 1805 Italico

1963 1847 2107 1902 edita
2141 1864 2170 1901 a
2202 1847 2454 1902 Gabriele
2497 1846 2770 1915 Flamma;
2805 1845 3094 1915 llispanice
3133 1860 3164 1900 a
3196 1844 3549 1899 Ribadineita

272 1954 383 1993 non
404 1940 670 2008 gustarit,
712 1938 902 2007 palma:
934 1937 1115 1994 fructu
1141 1950 1198 1993 et
1233 1938 1421 2008 paucis
1471 1936 1683 2006 siliquis
1705 1936 1859 1992 victi-
1889 1926 1938 1986 B
1966 1951 2176 2005 nostro,
2220 1949 2326 1996 etc.

277 2042 398 2086 tans
433 2047 447 2084 :
483 2047 675 2102 sreque
706 2033 922 2102 corpori
987 2048 1109 2087 cum
1160 2032 1342 2087 cibum
1375 2031 1706 2093 detraheret,
1743 2029 1860 2083 aui-

262 2144 417 2181 »tnam
458 2128 546 2181 ditt
585 2139 851 2198 noctuque
903 2128 1047 2198 pavit
1093 2126 1311 2181 assidua
1343 2125 1647 2180 caelestium
1678 2138 1857 2177 rerum

264 2220 753 2288 contemplatione.
797 2238 817 2272 ο
871 2220 1204 2276 Galesiuium
1251 2220 1493 2289 sequitur
1541 2216 1861 2290 Martyrolo-

264 2313 423 2381 gium
448 2310 863 2367 Gerruauicum.

345 2405 399 2461 5.
435 2404 510 2459 De
537 2421 604 2459 eo
635 2407 824 2459 istha:c
856 2403 1153 2474 prazdicant
1185 2402 1407 2458 Meneta.
1453 2421 1472 2455 ι
1512 2401 1861 2459 Veneraudus

272 2499 367 2554 hic
393 2499 451 2553 S.
486 2497 549 2553 P.
581 2497 652 2553 N.
688 2496 1025 2553 Theodosius
1075 2497 1131 2551 in
1186 2495 1452 2567 Mogariso
1507 2496 1863 2566 Cappadocia:

274 2608 435 2664 pago,
462 2591 786 2646 Christianis
813 2600 866 2645 et
898 2590 1162 2660 religiosis
1200 2591 1491 2644 admodum
1523 2592 1859 2660 parentibus,

273 2686 576 2740 Proeresio
635 2695 689 2739 et
717 2684 935 2755 Eulogia
1005 2692 1198 2750 natus;
1226 2684 1389 2738 vitam
1407 2685 1717 2753 complexus
1747 2700 1863 2738 mo-

276 2781 567 2845 nasticam,
601 2794 811 2833 sacram
850 2778 1022 2831 induit
1073 2777 1347 2847 religionis
1384 2789 1588 2832 vestem
1624 2793 1637 2830 :
1669 2776 1863 2833 Hiero-

274 2871 652 2941 solymamque
696 2870 990 2941 profectus,
1025 2869 1153 2924 inde
1203 2868 1545 2925 Antiochiam
1593 2870 1746 2934 adiit,
1773 2871 1859 2927 ubi

277 2963 602 3035 Symeouem
643 2964 901 3018 eximium
935 2963 1081 3017 illum
1121 2962 1369 3033 Ssylitam
1397 2964 1667 3031 convenit,
1700 2980 1727 3017 a
1756 2979 1864 3035 quo

277 3055 461 3109 futura
485 3055 632 3109 illius
665 3055 789 3109 vitae
817 3055 1176 3108 sanctimonia
1222 3054 1294 3107 illi
1348 3055 1628 3124 przcdicta,
1676 3066 1734 3110 ut
1770 3057 1861 3125 qui

279 3147 460 3215 magni
488 3146 669 3215 gregis
698 3145 877 3200 ovium
899 3145 1111 3198 ratione
1133 3144 1695 3213 pollentium‘futurus
1718 3157 1865 3201 esset

277 3251 489 3312 pastor.
552 3239 756 3295 Deinde
839 3240 980 3311 apud
1046 3240 1348 3312 Longinum
1427 3241 1860 3296 laudatissimum

277 3335 569 3403 quemdam
590 3335 764 3387 virum
793 3334 956 3388 rebus
978 3334 1245 3390 divinisitt
1278 3334 1571 3391 solitudine
1598 3332 1863 3399 eruditus,

278 3424 354 3478 ad
392 3440 511 3479 eam
571 3425 816 3494 pervenit
865 3424 1272 3491 abstinentiam,
1312 3437 1369 3479 ut
1427 3428 1479 3481 in
1537 3426 1871 3480 hebdonzada

279 3519 500 3572 nonnisi
546 3518 715 3571 semel
732 3518 856 3573 cibo
874 3533 1075 3588 corpus
1105 3520 1378 3583 reficeret,
1401 3518 1722 3586 tandemque
1750 3518 1874 3571 totis

284 3610 508 3677 triginta
539 3611 697 3664 annis
727 3624 920 3680 pauent
973 3626 1082 3666 non
1135 3620 1381 3681 gustaret
1431 3632 1441 3667 :
1474 3604 1783 3681 pariterque
1819 3610 1871 3663 in

278 3701 410 3755 aliis
442 3702 695 3756 virtutum
726 3704 923 3759 studiis
953 3690 1157 3761 tantum
1197 3707 1488 3776 promovit,
1531 3717 1587 3759 ut
1634 3706 1685 3758 in
1731 3722 1875 3758 sum-

282 3807 438 3849 mum
468 3794 686 3862 pietatis
714 3796 946 3851 culrnem
979 3797 1187 3865 enisus,
1225 3797 1453 3852 illustria
1483 3797 1670 3852 ederet
1705 3800 1867 3852 nrira-

285 3887 438 3940 cuia.
471 3886 724 3943 Basilium
755 3894 1040 3959 quemdam
1082 3892 1411 3946 monachum
1444 3891 1779 3959 defunctum,
1820 3901 1876 3946 et

287 3979 349 4034 in
382 3983 622 4036 tumbam
673 3982 1003 4053 depositum,
1053 3986 1189 4041 vidit
1230 4001 1370 4040 unus
1406 3987 1494 4042 ille
1543 4003 1664 4042 cum
1701 3987 1874 4042 altero

288 4075 527 4140 quodam
587 4077 851 4131 monacho
902 4077 1163 4133 fratribus
1223 4090 1516 4146 astantem,
1565 4091 1619 4136 et
1653 4081 1876 4152 psalmis

288 4164 658 4220 acrineutem.
688 4167 987 4235 Carbones,
1024 4171 1168 4225 nullo
1194 4172 1437 4243 subjecto
1466 4174 1609 4241 igne,
1639 4174 1727 4229 ubi
1759 4190 1876 4231 tuo-

288 4262 593 4314 naSIeriurn
642 4271 758 4316 erat
780 4247 1126 4328 conditurus,
1182 4265 1454 4319 accendit.
1493 4264 1771 4320 Feminam
1806 4266 1876 4322 ad

288 4368 353 4408 se
391 4352 676 4407 adeuntem
727 4355 1008 4424 sanguinis
1052 4356 1318 4426 proﬂuvio
1347 4355 1614 4413 liberavit.
1659 4359 1736 4413 Ex
1769 4375 1876 4414 uno

288 4445 547 4500 frumenti
588 4462 755 4516 grano
786 4463 883 4518 per
917 4464 1107 4519 preces
1154 4450 1367 4520 integra
1412 4452 1876 4522 grauaria'reple-

290 4538 393 4592 vit.
434 4536 668 4592 Puerum
716 4539 771 4593 in
829 4540 995 4595 altam
1038 4543 1186 4613 putei
1228 4544 1506 4612 delapsum
1542 4546 1876 4612 voraginem,

2039 2034 2090 2089 5.
2125 2035 2259 2089 Acta
2314 2049 2442 2090 vero
2490 2034 2606 2089 haec
2651 2036 2845 2089 asserit
2869 2032 3131 2088 Baronius
3177 2032 3228 2087 in
3279 2031 3421 2086 notis
3483 2029 3552 2083 εκ]

1968 2126 2247 2199 Martyrol.
2286 2147 2303 2179 t
2345 2125 3245 2196 omniacceplatinnedignissima,
3284 2141 3303 2174 ι
3340 2133 3396 2176 et
3428 2118 3551 2175 LVI

1967 2220 2164 2276 Annal.
2213 2236 2303 2275 att.
2351 2219 2452 2275 Ch.
2505 2219 2629 2274 ΒΗ.
2679 2238 2732 2273 ιι.
2769 2220 2884 2272 ﬁt):
2929 2237 2946 2270 ι
2985 2217 3157 2284 Quam
3204 2213 3555 2270 exactissime

1968 2308 2262 2379 duscripta,
2308 2310 2409 2363 etsi
2464 2300 2529 2362 ab
2581 2311 2814 2376 incerto,
2867 2319 3018 2362 certo
3075 2318 3255 2363 tamen
3291 2306 3555 2375 temporis

1969 2402 2212 2471 cjusdeut
2234 2412 2479 2464 auctore,
2506 2411 2564 2457 ut
2601 2402 2735 2464 nihil
2756 2402 2984 2466 sitquod
3011 2401 3135 2470 jure
3162 2399 3401 2454 revocari
3423 2412 3555 2468 pos-

1969 2496 2037 2550 sit
2071 2497 2123 2549 in
2147 2496 2393 2560 dubium,
2414 2505 2602 2563 utpote
2630 2494 2855 2548 veritate
2879 2493 3106 2548 omnicx
3126 2505 3278 2563 parte
3297 2504 3555 2547 constan-

1972 2589 2061 2643 tia.
2077 2608 2094 2641 ι
2114 2589 2366 2644 Cotevum
2389 2598 2664 2641 auctorem
2687 2586 2851 2641 fuisse
2869 2588 3097 2656 probant
3111 2602 3228 2656 qua:
3245 2588 3310 2640 de
3326 2586 3555 2639 Anasta-

1970 2681 2052 2736 sio
2078 2683 2406 2750 imperatore
2438 2680 2647 2745 scribit,
2684 2695 2736 2733 ιι.
2758 2679 2847 2733 45.
2881 2697 2902 2731 ι
2943 2677 3087 2734 Tulit
3116 2678 3407 2746 aliquando
3456 2695 3557 2732 uc.

1971 2787 2144 2828 srrum
2164 2788 2378 2843 quoque
2403 2784 2614 2842 tempus
2636 2773 3042 2843 imperatorem,
3063 2773 3154 2840 qui
3175 2772 3389 2841 quidem
3406 2773 3555 2840 prius

1971 2866 2150 2922 fuerat
2205 2866 2491 2937 (quantum
2539 2865 2855 2934 apparebat)
2909 2863 3197 2935 paradisus
3237 2865 3554 2934 voluptatis,

1972 2968 2247 3027 postremo
2281 2968 2459 3010 autem
2502 2958 2663 3012 rebus
2706 2955 2808 3009 fuit
2851 2956 3099 3025 cognitus
3146 2970 3369 3022 campus
3429 2957 3555 3009 des-

1972 3049 2277 3115 tructiouis,
2337 3059 2391 3104 et
2469 3065 2607 3103 unus
2667 3049 2873 3103 scilicet
2911 3063 2975 3102 ex
3014 3047 3096 3101 his
3124 3046 3430 3115 pastoribus
3462 3047 3557 3117 qui

1972 3144 2150 3213 gregis
2201 3158 2330 3196 oves
2367 3143 2705 3213 dispergunt,
2744 3151 2798 3195 et
2851 3142 3104 3210 perdunt,
3137 3152 3191 3195 et
3215 3144 3314 3195 eas
3341 3143 3557 3197 turbida

1973 3246 2160 3306 potant
2204 3236 2584 3300 subversione,
2645 3244 2718 3300 et,
2773 3242 2832 3288 ut
2880 3233 3085 3303 reliqua
3138 3234 3282 3288 illius
3333 3245 3560 3305 praeter.

1978 3329 2207 3394 mittam,
2241 3330 2340 3382 hoc
2371 3327 2592 3398 quidem
2628 3325 2858 3397 accipiet
2891 3324 3035 3396 quod
3069 3334 3191 3395 post
3226 3339 3325 3381 uos
3358 3326 3557 3397 seque-

1977 3433 2063 3476 tur
2088 3433 2317 3493 tempus.
2352 3440 2370 3472 ι
2417 3426 2429 3444 ’³
3292 3441 3295 3444 ⁴

2047 3518 2100 3570 6.
2154 3519 2446 3572 Auctorem
2508 3519 2655 3575 hunc
2700 3519 2920 3590 conjicit
2958 3521 3224 3577 Barouius
3256 3521 3424 3576 fuisse
3452 3521 3559 3591 Cy-

1980 3608 2156 3663 rillum
2187 3611 2535 3677 monachum,
2562 3627 2591 3666 a
2622 3628 2729 3684 quo
2755 3615 2884 3669 Acta
2915 3614 3015 3671 SS.
3054 3615 3350 3687 Eutbymii,
3375 3612 3558 3681 Sabm,

1979 3708 2033 3754 et
2091 3699 2321 3758 luannis
2372 3702 2670 3760 Silentiarii
2704 3706 2976 3777 descripta
3007 3716 3151 3761 sunt.
3198 3707 3275 3762 lta
3318 3723 3407 3761 an.
3451 3705 3554 3761 Ch.

1975 3792 2099 3857 491,
2136 3810 2284 3850 num.
2316 3796 2404 3864 Μ,
2457 3799 2647 3854 scribit
2681 3818 2693 3854 :
2732 3819 2750 3853 ι
2790 3800 2896 3855 Sed
2928 3810 2981 3855 et
3019 3799 3260 3868 ejusdem
3321 3801 3561 3856 auctoris

1975 3884 2275 3940 creduntur
2316 3903 2438 3944 csse
2466 3879 2604 3943 Vita:
2647 3890 2941 3947 Theodosii
2976 3890 3406 3952 Cteuobiarchae.
3462 3906 3563 3947 nec

1979 3992 2089 4032 non
2131 3979 2372 4046 Quiriaci
2419 3982 2786 4063 anachoreta,
2848 3986 2941 4055 qui
2999 3983 3193 4039 iisdem
3231 3984 3563 4055 temporibus

1978 4070 2230 4128 claruere
2262 4072 2366 4128 viri
2426 4076 2760 4131 sanctissimi
2809 4095 2822 4132 :
2874 4077 2970 4133 sed
3003 4076 3148 4147 quod
3186 4076 3289 4131 illae
3341 4088 3566 4132 careant

1977 4170 2219 4226 auctoris
2244 4172 2621 4241 inscriptione,
2643 4172 2889 4227 feruntur
2910 4174 3129 4228 nomine
3142 4171 3280 4242 ejus,
3303 4172 3391 4242 qui
3417 4179 3569 4243 post-

1976 4277 2131 4318 remo
2165 4265 2331 4317 edidit
2363 4263 2786 4334 Metaphrastes,
2817 4280 2938 4320 cum
2972 4275 3152 4319 tamen
3187 4265 3304 4336 ipse
3334 4280 3395 4318 ea
3424 4263 3569 4319 autia

1976 4354 2162 4425 quitus
2212 4357 2415 4426 scripta
2463 4368 2670 4412 tantqu
2729 4342 3102 4427 exscripserit.
3130 4375 3149 4409 ι
3177 4358 3240 4411 Ει
3267 4372 3409 4411 anno
3435 4356 3563 4424 5U,

1978 4467 2034 4505 n.
2074 4453 2141 4506 21
2182 4471 2196 4508 :
2237 4471 2256 4506 ι
2295 4453 2623 4509 Auctoretsi
2658 4456 2875 4510 nomine
2926 4455 3193 4510 habeatur
3236 4456 3562 4524 incognitus,

1978 4547 2241 4618 Cyrillum
2277 4549 2421 4603 hunc
2446 4550 2619 4619 ipsum
2643 4550 2923 4612 existimo,
2948 4550 3041 4618 qui
3064 4550 3222 4602 sicuti
3250 4558 3562 4602 sanctorum

292 4631 666 4693 iuaSpcctabili
692 4633 978 4699 prmsmuia
1005 4636 1261 4689 extraxit.
1312 4634 1882 4692 Fetuumabortioues
1907 4652 1962 4713 ι)
1990 4639 2145 4694 Saba:
2174 4648 2228 4694 ct
2259 4640 2531 4712 Euthyntii
2562 4649 2724 4709 atque
2750 4638 2974 4694 Joannis
3005 4638 3303 4694 Silentiarii
3339 4648 3393 4692 et
3425 4638 3564 4690 alio-

290 4722 578 4790 repressit,
634 4723 727 4791 qui
759 4726 885 4778 dum
940 4724 994 4778 in
1049 4726 1212 4778 vitam
1256 4725 1527 4780 immaturi
1575 4726 1882 4795 prodibant,

300 4828 400 4883 per
432 4825 662 4868 mortem
695 4830 759 4869 ex
808 4817 914 4870 vita
963 4818 1415 4873 exturbabantnr.
1468 4818 1646 4885 Quare
1690 4821 1883 4874 horum

293 4915 529 4959 matrem
564 4903 636 4959 ob
677 4903 823 4960 hanc
870 4905 1213 4961 adactionem
1247 4907 1470 4977 perinde
1494 4924 1558 4962 ac
1597 4910 1640 4963 si
1684 4909 1886 4965 sterilis

283 4996 490 5051 fuisset
525 4993 813 5049 fecundam
843 4996 1100 5051 reddidit.
1122 4995 1316 5068 lugens
1336 4997 1664 5052 locustarum
1693 5015 1885 5068 agmen

294 5089 466 5141 verbo
502 5088 836 5158 increpitans
856 5088 1056 5158 abegit.
1093 5088 1347 5144 Kericum
1376 5090 1617 5145 Orientis
1634 5092 1885 5146 comitcm

291 5191 446 5233 veste
476 5194 578 5235 sua
634 5181 871 5245 cilicina,
900 5196 1003 5251 qua
1041 5196 1140 5252 pro
1169 5183 1393 5238 thr-race
1432 5183 1582 5237 illum
1613 5185 1887 5250 induerat,

288 5271 752 5327 invulnerabilem
807 5273 1081 5341 prastitit.
1117 5273 1245 5330 Sata
1296 5284 1454 5330 terra:
1497 5276 1694 5332 ardore
1735 5277 1882 5344 laesa,

292 5362 596 5431 impetrato
656 5379 750 5435 per
796 5380 987 5434 preces
1048 5366 1223 5421 imbre
1292 5369 1576 5422 recreavit.
1632 5368 1890 5424 Praidixit

293 5454 575 5523 ingentem
608 5470 704 5522 per
735 5463 891 5509 terrae
921 5465 1127 5511 motutn
1154 5455 1456 5512 Antiochia:
1490 5460 1721 5513 ruinam.
1754 5460 1887 5514 Mul-

292 5555 404 5611 tos,
436 5548 530 5616 qui
570 5546 914 5617 naufragium
959 5547 1227 5614 fecerant,
1271 5567 1393 5604 cum
1429 5550 1681 5608 ﬂuctibus
1721 5555 1889 5609 collu-

290 5650 533 5705 ctantes,
565 5640 809 5707 periculo
844 5641 1157 5709 spectabilis
1196 5643 1417 5713 eripuit.
1462 5643 1645 5702 Multis
1701 5660 1890 5704 auctor

296 5736 427 5790 riza-
454 5736 720 5803 rcligiosze
754 5735 948 5803 factus,
971 5736 1351 5791 ad‘Dominum
1404 5755 1435 5793 e
1472 5739 1582 5793 vita
1632 5743 1885 5799 excessit.

301 5828 428 5884 0.05
448 5828 524 5883 illi
562 5827 824 5884 solemnis
846 5829 898 5882 in
925 5830 1229 5884 veneranda
1260 5829 1321 5884 Β.
1351 5829 1493 5886 Petri
1519 5833 1756 5902 Apostoli
1777 5837 1893 5891 aeds

302 5932 608 5995 peragitur.
675 5939 697 5976 ι
764 5921 1039 5978 llactenus
1098 5922 1321 5978 Meuma.
1370 5923 1501 5991 Qum
1559 5928 1643 5982 hic
1694 5928 1891 5984 dicitur

641 6016 912 6077 ΡΑἸἸιοι..
959 6015 1075 6076 Gn.
1127 6014 1219 6079 CX
1237 6017 1338 6078 Ν.

1992 4746 2110 4785 ιἰιιιι
2142 4731 2281 4785 vitas
2307 4732 2527 4801 scriptis
2552 4743 2635 4787 est
2664 4740 3005 4801 prosecutus,
3052 4731 3123 4784 ita
3161 4731 3301 4784 haud
3335 4745 3432 4799 par
3481 4740 3567 4783 est

1990 4823 2239 4888 credere,
2280 4838 2440 4893 quem
2499 4825 2733 4880 habebat
2782 4839 2892 4894 pra:
2945 4823 3140 4887 oculis,
3198 4820 3563 4877 Theodosium

1991 4914 2341 4983 praeteriisse,
2377 4914 2903 4984 praetermisisseth
2950 4930 3036 4970 res
3086 4915 3153 4969 ab
3193 4930 3259 4968 eo
3308 4914 3569 4983 prccclare

1990 5016 2193 5073 gestas,
2226 5009 2450 5062 minime
2479 5022 2588 5076 prae
2631 5008 2714 5061 sui
2766 5008 3028 5077 dignitate
3058 5008 3366 5062 obrucndas
3399 5006 3568 5059 silen-

1993 5100 2089 5162 tio,
2148 5100 2384 5169 posteris
2426 5100 2662 5155 tradere.
2716 5100 2961 5169 Coujicio
2991 5100 3207 5169 quidem
3258 5101 3326 5152 ab
3355 5099 3567 5168 impru-

1992 5193 2150 5247 dente
2216 5192 2399 5262 aliquo
2448 5193 2796 5247 obliteratum
2862 5191 3046 5265 Cyrilli
3079 5193 3318 5246 auctoris
3349 5205 3566 5253 nomen,

1992 5286 2083 5355 qui
2144 5286 2386 5341 referens
2438 5286 2568 5341 illud
2604 5288 2669 5341 ad
2701 5283 2959 5357 Cyrillum
3024 5278 3568 5354 llierosolymitauum

1992 5379 2326 5448 episcopum,
2363 5378 2453 5446 qui
2494 5377 2691 5432 claruit
2722 5378 2825 5432 sub
2863 5374 3184 5429 Constantio
3221 5368 3567 5441 imperatore,

1992 5471 2130 5527 falso
2162 5470 2367 5539 putarit
2393 5469 2556 5525 tribui
2588 5468 2790 5542 Cyrillo
2823 5468 3127 5526 historiam,
3162 5470 3385 5533 qua‘res
3405 5472 3571 5530 gesta:

1994 5562 2096 5617 sub
2152 5560 2355 5627 Leone,
2406 5560 2625 5617 Zenone
2674 5571 2729 5615 et
2795 5558 3086 5614 AltaSlaSio
3140 5553 3397 5623 Augustis
3456 5560 3572 5602 trao

1995 5662 2238 5715 ctautur,
2260 5652 2517 5721 ignorans
2548 5653 2718 5721 ipsum
2760 5651 2827 5704 de
2856 5662 2963 5714 quo
2994 5655 3076 5698 est
3109 5648 3307 5703 sermo,
3335 5636 3569 5691 nobilem

1997 5746 2314 5801 historicum
2342 5743 2629 5815 Cyrillum,
2654 5755 2820 5812 atque
2850 5738 3215 5795 Palaestinam.
3241 5730 3342 5784 hoc
3369 5727 3576 5780 νίιίεδθ

1998 5848 2264 5906 tempore.
2305 5855 2326 5890 ι

2074 5930 2126 5982 7.
2161 5927 2284 5987 Hcce
2321 5929 2542 5986 Baronii
2595 5926 2931 5997 conjectura.
2970 5912 3207 6053 Cytiiélus
3257 5910 3482 5983 Iuvenis
3512 5918 3579 5965 ad
