3886 6458
324 418 430 482 459

1571 391 1854 458 MENSIS
1894 392 2356 463 JANUARIUS.

3499 378 3619 448 160

329 530 558 590 modum
581 543 646 585 eo
688 537 936 594 tempore
963 520 1092 588 fuit.
1129 532 1239 587 quo
1267 517 1325 571 5.
1351 514 1527 570 Saluis
1567 531 1631 570 ex
1662 523 1914 582 suscepta
1945 512 1996 572 A
2020 516 2137 585 ejus
2170 516 2360 581 Roma,
2396 514 2484 569 ubi
2528 512 2767 576 obicrat,
2815 505 3006 564 delata
3050 504 3420 575 requiescunt.
3461 519 3479 553 ι
3515 501 3622 556 Es't

328 627 396 682 ad
413 624 781 682 Justinianum
817 617 1205 686 imperatorem
1235 610 1512 679 legatione
1548 625 1637 662 an.
1666 606 1790 672 550,
1826 622 1914 660 re-

325 732 519 774 versus
577 721 680 778 est,
733 708 876 764 haud
933 707 1028 760 diu
1078 705 1200 758 dein
1252 709 1549 770 superstes.
1607 699 1738 752 Eum
1789 708 1915 750 tmc

325 803 645 879 Scythopoli
705 799 999 855 adiverunt
1066 792 1253 865 Cyrilli
1309 798 1588 861 parentes,
1620 798 1781 855 atque
1812 787 1914 855 ipsi

323 875 498 967 puero
548 894 912 961 impetrarunt
958 883 1421 940 benedictionem.
1476 878 1557 931 lta
1607 879 1672 930 de
1709 875 1917 944 seipse

326 988 563 1060 Cyrillus
597 987 649 1039 in
679 983 794 1037 Vita
820 981 879 1036 S.
921 979 1079 1033 Saba:
1106 994 1164 1030 εί
1199 972 1333 1029 Cum
1368 986 1453 1024 me
1475 983 1718 1040 magnus
1741 967 1916 1020 Sahas

325 1081 649 1150 aspexisset,
696 1085 750 1130 et
803 1071 1115 1134 salutasset,
1174 1076 1230 1121 et
1291 1080 1385 1119 sua
1455 1062 1704 1132 dignatus
1764 1067 1914 1113 esset

329 1170 746 1232 benedictione;
789 1163 888 1218 llic
940 1161 1158 1223 exhinc,
1208 1155 1388 1225 inquit
1417 1154 1580 1224 patri,
1609 1160 1694 1206 est
1755 1164 1912 1204 meus

327 1259 648 1325 discipulus.
681 1255 948 1311 Doceatur
971 1265 1100 1320 ergo
1130 1247 1489 1302 Psalterium:
1523 1257 1589 1298 eo
1612 1240 1756 1296 enim
1781 1233 1918 1310 Opus

332 1353 527 1409 habeo.
565 1369 583 1402 ι
617 1347 674 1402 In
705 1345 834 1401 Vita
866 1344 926 1400 S.
961 1341 1201 1409 Quiriaci
1235 1339 1306 1395 29
1335 1334 1694 1407 Septembris,
1720 1334 1919 1388 dicitur

333 1445 501 1501 fuisse
532 1461 553 1495 ι
593 1457 659 1498 ex
696 1437 1026 1494 monasterio
1057 1432 1233 1503 Magni
1266 1427 1563 1499 Euthymii,
1587 1437 1647 1482 et
1675 1441 1704 1479 a
1738 1422 1916 1492 magni

332 1534 609 1606 Euthymii
651 1532 804 1588 laura
857 1530 931 1583 ad
972 1526 1034 1580 Β.
1069 1523 1225 1579 Saba:
1255 1522 1462 1576 lauram
1501 1514 1820 1579 accessisse,
1862 1520 1920 1567 ut

334 1605 544 1686 videret
571 1623 945 1681 Silentiarium
1003 1617 1272 1673 Joannem
1327 1614 1664 1682 episc0pum,
1713 1607 1800 1663 cui
1863 1605 1921 1660 fit

334 1725 584 1781 minister
622 1719 927 1775 litterarum
979 1713 1046 1767 ad
1103 1710 1166 1766 Β.
1233 1708 1575 1776 Quiriacum,
1603 1711 1660 1758 et
1704 1701 1773 1756 ab
1818 1703 1921 1756 hoc

335 1817 590 1872 didicisse
628 1827 714 1867 res
754 1819 936 1881 gestas
987 1803 1092 1860 SS.
1153 1799 1428 1872 Euthymii
1477 1806 1532 1852 et
1571 1795 1747 1860 Saba),
1780 1808 1918 1863 quas

2026 617 2231 673 autem,
2265 629 2283 661 ο
2315 618 2371 662 ιιι
2399 606 2597 662 ibidem
2637 604 2874 665 additur,
2917 620 2935 653 ι
2974 600 3126 656 locus
3169 595 3457 654 cmmiterii
3489 609 3622 663 spe-

2023 699 2203 764 lunca,
2229 701 2278 753 in
2311 714 2438 770 qua,
2468 713 2592 753 cum
2642 711 2673 749 a
2728 694 2898 765 Magis
2932 692 3124 747 illusus
3162 699 3308 744 esset
3346 685 3622 748 Herodes,

2019 787 2170 855 juxta
2217 789 2493 859 Evangelii
2523 786 2828 848 oraculum,
2885 783 2960 837 illi
3011 782 3134 838 inde
3160 779 3452 842 solventes,
3488 789 3619 830 cum

2025 878 2079 932 in
2109 879 2342 947 patriam
2399 879 2663 942 redirent,
2718 884 3060 930 manserunt.
3102 872 3161 926 In
3217 871 3320 926 hac
3354 868 3620 937 spelunca

2025 977 2247 1024 sanctus
2271 968 2430 1024 Pater
2463 979 2649 1023 noster
2681 961 3450 1032 Theodosius'cnm;religios:e
3487 959 3622 1012 vitm

2023 1065 2324 1140 certamina
2355 1061 2707 1127 confecisset,
2752 1059 2922 1130 gratia
2953 1059 3191 1112 donatus
3223 1063 3306 1109 est
3336 1054 3625 1108 daemones

2025 1155 2280 1224 ejiciendi
2321 1172 2336 1209 :
2372 1169 2547 1224 neque
2580 1163 2793 1208 tantum
2831 1153 2881 1206 in
2915 1151 3016 1206 hac
3053 1146 3382 1217 temporaria
3429 1144 3620 1198 brevi-

2023 1261 2131 1317 que
2162 1249 2290 1312 vita,
2321 1247 2415 1302 sed
2439 1247 2602 1301 etiam
2630 1254 2749 1315 post
2798 1243 3005 1300 obitum
3050 1241 3172 1296 illos
3197 1239 3347 1310 ejicit
3375 1237 3442 1291 ad
3470 1236 3626 1291 hunc

2029 1357 2199 1411 usque
2229 1341 2394 1404 diem,
2423 1341 2492 1396 ad
2527 1341 2754 1409 gloriam
2779 1348 2833 1393 et
2869 1337 3082 1392 laudem
3114 1333 3314 1391 Christi
3347 1333 3456 1387 veri
3495 1329 3626 1394 Dei,

2027 1441 2081 1488 et
2109 1431 2410 1486 Salvatoris
2435 1429 2730 1496 nostri,cui
2763 1429 2935 1500 gloria
2961 1428 3012 1481 iu
3046 1423 3241 1481 saecula
3267 1422 3625 1478 szncnlornm.

2027 1527 2220 1580 Amen.
2261 1543 2282 1576 ι
2324 1523 2452 1579 Haec
2477 1523 2532 1578 in
2564 1521 2758 1594 Elogio
2781 1521 3045 1586 auctoris,
3079 1534 3143 1574 ex
3171 1532 3302 1572 mss.
3333 1513 3540 1570 Gracia
3563 1513 3623 1565 in

2029 1615 2316 1683 posteriori
2348 1613 2588 1670 editione
2610 1629 2641 1668 a
2673 1613 2976 1683 Bosweydo
3001 1619 3189 1666 nostro
3207 1609 3448 1679 prastixo,
3470 1603 3625 1675 quod

2028 1709 2095 1764 ab
2124 1709 2274 1764 obitu
2343 1711 2496 1780 psius
2527 1706 2731 1763 Moschi
2765 1706 2833 1762 ab
2860 1706 3041 1777 aliquo
3077 1703 3322 1774 ejusdem
3371 1697 3623 1757 coeaobii

2029 1803 2296 1857 monacho
2331 1802 2715 1857 concinnatum
2765 1801 3134 1870 suspicamur.
3167 1796 3332 1851 Multa
3363 1807 3426 1850 ex
3456 1807 3523 1850 eo
3560 1792 3622 1845 in

331 1907 684 1978 conscripsit.
739 1921 758 1955 ι
826 1901 986 1956 Plura
1038 1897 1109 1952 ΞΟ
1137 1894 1378 1950 Januarii
1410 1891 1477 1946 ad
1511 1889 1674 1944 vitam
1728 1886 1788 1943 S.
1817 1887 1920 1941 Eu.
1958 1883 1998 1938 Β
2032 1894 2365 1949 Bibliotheca
2389 1892 2593 1960 pham,
2619 1903 2880 1949 mamma
2911 1887 3438 1955 {ggcimnlunqum
3457 1899 3630 1958 plu-go

337 2002 550 2074 ttymii.
602 1998 730 2054 ιιωο
792 1994 1062 2052 sufﬁciant
1101 2001 1156 2046 ιιι
1198 1986 1464 2060 professio
1497 1983 1638 2054 ejus,
1699 1989 1756 2037 et
1789 1990 1923 2036 aetas

322 2101 670 2166 agnoscatur

408 2187 463 2242 8.
515 2186 695 2240 Alium
727 2192 904 2237 tamen
931 2180 1000 2234 ab
1023 2179 1126 2232 hoc
1147 2175 1478 2230 arbitramur
1503 2171 1624 2224 vita:
1659 2167 1718 2223 S.
1743 2167 1924 2222 Theo-

339 2281 482 2336 dosii
517 2286 840 2341 auctorem;
896 2271 978 2326 vel
1031 2269 1175 2336 ideo,
1241 2267 1389 2337 quod
1428 2277 1698 2332 nusquam
1750 2260 1802 2313 in
1861 2275 1925 2313 ea

329 2374 548 2429 mentio
601 2371 698 2425 fiat
748 2365 934 2423 autS.
977 2361 1276 2433 Euthymii,
1308 2368 1401 2415 aut
1453 2365 1603 2412 certe
1647 2355 1706 2409 S.
1747 2353 1924 2415 Saliae,

343 2469 487 2522 inter
534 2478 697 2534 quem
733 2472 914 2516 tamen
961 2465 1016 2512 et
1050 2456 1108 2510 S.
1139 2451 1504 2509 Theodosium
1535 2455 1752 2503 constat
1779 2461 1929 2500 sum-

331 2573 486 2614 anam
515 2554 817 2610 amicitiam
852 2558 1015 2620 atque
1059 2546 1485 2602 familiaritatem
1521 2539 1928 2601 intercessisse,

339 2661 402 2706 ut
455 2649 620 2710 infra.
654 2647 682 2718 ς
729 2647 783 2710 5,
842 2640 1068 2713 patebit.
1106 2639 1309 2693 Deinde
1340 2633 1541 2689 inultus
1580 2640 1664 2686 est
1698 2629 1932 2700 Cyrillus

343 2746 398 2798 in
429 2736 803 2795 describendis
851 2728 1282 2788 circumstantiis
1336 2725 1465 2787 loci,
1527 2720 1809 2791 temporis.
1845 2732 1933 2772 so-

336 2835 597 2895 ciorum,
663 2835 803 2894 etc.,
845 2838 981 2894 quas
1037 2820 1178 2876 alter
1238 2817 1328 2873 vix
1385 2813 1626 2884 attingit.
1692 2810 1936 2877 Denique

337 2927 582 2996 seipsum
646 2920 774 2975 alibi
831 2919 989 2982 citat,
1038 2926 1094 2970 et
1134 2915 1276 2968 vitas
1323 2925 1354 2964 a
1406 2923 1465 2964 se
1494 2905 1844 2974 descriptas:
1882 2911 1936 2956 at

346 2995 666 3088 neiquidem
726 3013 783 3067 in
828 3011 886 3066 S.
946 3008 1102 3064 Sabae
1152 3006 1315 3071 actis,
1361 3003 1454 3059 ubi
1504 3001 1665 3056 toties
1694 2995 1940 3052 meminit

340 3110 406 3165 S.
427 3104 740 3171 Theodosii,
771 3102 857 3158 vel
877 3101 1073 3156 leviter
1105 3099 1310 3154 indicat
1341 3110 1370 3149 a
1399 3109 1460 3151 se
1488 3093 1605 3164 ejus
1627 3104 1750 3146 esse
1773 3088 1938 3141 vitam

344 3201 726 3272 compositam.

414 3295 474 3350 r9.
536 3293 798 3347 Dicuntur
829 3286 993 3352 infra,
1053 3299 1106 3336 n.
1142 3281 1234 3346 40,
1269 3279 1418 3333 multi
1449 3275 1760 3348 eruditione
1797 3273 1935 3328 insi-

320 3402 480 3460 gnes
524 3386 582 3440 S.
640 3380 931 3438 Theodosii
996 3377 1304 3432 inStitutum
1341 3369 1596 3440 amplexi,
1627 3376 1682 3422 et
1737 3381 1796 3421 ιι.
1826 3364 1935 3429 59,

348 3458 505 3537 multi
529 3493 593 3533 ex
627 3478 728 3531 hac
754 3471 1064 3528 eruditione
1093 3467 1386 3538 prodiisse,
1413 3461 1668 3518 Ecclesia:
1695 3458 1937 3530 episcopi

347 3585 401 3629 et
432 3579 702 3642 pastores,
723 3577 779 3622 et
814 3566 1087 3620 variorum
1138 3556 1595 3614 monasteriorum
1637 3551 1934 3607 antistites.

345 3641 545 3730 Quidni
577 3657 774 3729 aliQuis
813 3658 1010 3711 horum
1044 3651 1333 3722 praeclaras
1363 3644 1610 3717 magistri
1663 3641 1747 3698 sui
1798 3641 1941 3710 opti-

347 3757 531 3824 mique
583 3751 829 3819 parentis
869 3749 1094 3801 virtutes
1145 3737 1561 3811 descripserit?
1605 3735 1757 3802 Quod
1796 3733 1940 3788 haud

350 3847 442 3900 diu
491 3855 614 3914 post
661 3841 782 3910 ejus
842 3838 1085 3901 obitum,
1138 3835 1238 3888 sub
1301 3843 1617 3887 successore
1669 3826 1940 3891 fortassis,

345 3937 555 3993 factum
582 3934 782 3990 indicat
809 3933 1006 3987 citatus
1034 3927 1207 3990 locus,
1240 3925 1296 3980 in
1322 3937 1431 3994 quo
1457 3933 1514 3976 et
1543 3920 1635 3990 qui
1675 3918 1732 3973 S.
1768 3916 1941 3973 Theo-

348 4027 516 4093 dusii,
548 4035 602 4082 et
621 4025 713 4094 qui
739 4023 859 4096 ejus
888 4017 1222 4075 successoris
1245 4014 1445 4070 eruditi
1475 4021 1602 4068 sunt
1635 4009 1941 4080 disciplina,

347 4125 767 4177 enumerantur.
821 4112 948 4168 Fuit
991 4111 1134 4164 inter
1179 4103 1475 4160 Theodosii
1524 4100 1820 4170 discipulos
1847 4099 1943 4154 Ju-

348 4213 552 4276 lianus,
576 4221 736 4279 quem
787 4217 1014 4273 magnus
1049 4197 1410 4263 Theodosius,
1448 4203 1504 4248 ut
1534 4211 1590 4250 ιι.
1621 4191 1686 4246 71
1722 4191 1940 4263 legitur,

357 4325 378 4358 ι
416 4318 634 4375 semper
666 4299 898 4356 habebat
917 4298 1124 4352 socium
1167 4294 1291 4347 vita:
1320 4306 1386 4346 ex
1420 4288 1640 4344 Christo
1683 4288 1928 4358 agendae,

353 4401 676 4470 volebatque
720 4408 844 4450 cum
899 4405 965 4447 eo
995 4386 1394 4461 philoSOphari,
1442 4396 1496 4439 et
1532 4398 1653 4438 esse
1685 4397 1808 4436 eum
1842 4379 1942 4434 sibi

351 4495 560 4552 socium
608 4488 939 4548 solitudinis.
981 4504 1000 4538 ι
1039 4483 1113 4538 Ex
1167 4481 1282 4550 ejus
1337 4478 1622 4540 relatione,
1658 4483 1753 4529 aut
1807 4471 1946 4527 forte

2027 1987 2114 2040 hic
2163 1986 2230 2041 de
2273 1984 2466 2056 Magis,
2499 1985 2780 2053 sepultura
2810 1993 2864 2040 et
2905 1992 3175 2055 potestate
3213 1980 3272 2036 S.
3325 1975 3628 2034 Theodosii

2030 2080 2081 2133 in
2117 2079 2391 2136 daemones
2427 2079 2764 2147 referuntur,
2797 2079 2984 2134 eadem
3040 2078 3292 2148 leguntur
3323 2075 3374 2129 in
3404 2071 3524 2127 Vita
3561 2085 3625 2123 η.

2027 2171 2081 2238 9,
2132 2170 2223 2240 10,
2280 2179 2411 2238 etc.,
2444 2187 2604 2242 quam
2633 2171 2843 2242 pridem
2872 2179 3030 2226 antea
3065 2168 3427 2237 conscriptam
3452 2163 3632 2217 fuisse

2027 2265 2112 2320 vel
2169 2264 2293 2320 inde
2342 2265 2615 2334 conjicere
2646 2263 2726 2320 fas
2776 2271 2882 2329 est,
2921 2262 3050 2334 quia
3086 2261 3295 2330 alioqui
3353 2257 3471 2328 ejus
3512 2255 3632 2307 vir-

2032 2367 2172 2410 tutes
2229 2371 2336 2410 non
2391 2356 2532 2410 idem
2603 2362 3084 2410 commemorasset
3136 2350 3436 2414 Moschus,
3517 2347 3630 2400 nisi

2033 2446 2086 2501 in
2135 2447 2379 2500 omnium
2450 2445 2564 2515 jam
2624 2445 2820 2502 fuisset
2867 2445 3116 2500 manibus
3173 2440 3410 2512 scriptus
3465 2439 3530 2492 de
3559 2436 3634 2490 iis

2039 2539 2274 2595 libellus.

2281 2675 2309 2746 §
2359 2674 2454 2729 ιιι.
2499 2673 2663 2730 ita:
2723 2674 2856 2744 ejus.
2907 2671 3132 2741 Tempus
3169 2671 3365 2726 obitus.

2103 2805 2190 2861 i0.
2239 2805 2300 2862 Ut
2347 2804 2583 2876 Cyrillus
2633 2805 2686 2858 in
2744 2803 3006 2874 temporis
3053 2803 3263 2858 ratione
3318 2800 3630 2856 adnotanda

2041 2897 2273 2968 diligens
2315 2897 2415 2951 fuit
2450 2903 2615 2965 atque
2657 2904 2971 2961 accuratus,
3022 2895 3094 2949 ita
3149 2893 3239 2948 hic
3289 2901 3476 2947 auctor
3505 2907 3631 2946 eam

2042 2989 2154 3044 fere
2186 2989 2459 3059 neglexit,
2487 3003 2652 3042 unum
2679 2988 2782 3042 hoc
2815 2987 3018 3041 dixisse
3052 2994 3343 3040 contentus
3372 2983 3534 3048 n.84,
3565 2983 3632 3036 S.

2042 3079 2408 3136 Theodosium
2433 3081 2656 3146 obiisse,
2691 3095 2813 3134 cum
2857 3094 3028 3134 annos
3065 3079 3288 3133 vixisset
3314 3085 3532 3133 centum
3573 3086 3637 3132 et

2043 3174 2284 3244 quinque
2336 3183 2394 3228 et
2442 3174 2603 3244 paulo
2654 3172 2910 3243 amplius.
2967 3171 3047 3226 Ex
3089 3187 3218 3240 quo,
3247 3171 3294 3225 si
3323 3184 3495 3225 annus
3537 3176 3640 3224 aut

2043 3267 2340 3321 nativitatis
2373 3276 2467 3320 aut
2497 3267 2678 3321 obitus
2726 3266 2798 3320 sit
2843 3275 3178 3335 compertus,
3210 3265 3418 3334 reliqua
3477 3265 3642 3320 facile

2039 3358 2397 3413 deducentur.
2429 3358 2666 3428 Tempus
2700 3359 2885 3412 obitus
2915 3360 2933 3427 (
2942 3374 3066 3412 nam
3098 3373 3216 3426 quae
3243 3372 3408 3411 senex
3453 3356 3639 3425 potis-

2040 3449 2239 3504 simum
2283 3450 2472 3521 gessit,
2507 3465 2586 3524 aea
2618 3451 2932 3520 diligentius
2983 3451 3256 3519 descripta
3309 3450 3457 3517 sunt)
3482 3449 3643 3518 prius

2041 3541 2449 3612 inquirendum.
2491 3541 2808 3610 Supervixit
2857 3542 2914 3597 S.
2957 3542 3295 3596 Theodosius
3348 3541 3644 3594 Anastasio

2042 3632 2356 3702 imperatori
2423 3638 2501 3702 (ιι.
2528 3631 2619 3701 55)
2649 3634 2917 3688 exstincto
2949 3648 3038 3687 an.
3064 3632 3167 3687 Ch.
3221 3629 3348 3686 518.
3381 3629 3646 3686 Praedixit

2044 3732 2411 3778 terraemotutn
2442 3723 2744 3778 Antiochiae
2779 3724 2861 3794 (η.
2887 3722 2978 3794 76)
3005 3724 3214 3791 aliquot
3243 3723 3433 3778 diebus
3457 3722 3641 3792 prius-

2043 3827 2204 3882 quam
2259 3813 2433 3878 fieret,
2481 3828 2572 3868 an.
2629 3814 2732 3871 Ch.
2770 3812 2897 3871 526.
2928 3813 3232 3884 Sepultum:
3266 3813 3381 3882 ejus
3443 3813 3520 3883 (ιι.
3543 3810 3644 3882 87)

2045 3905 2292 3963 interfuit
2336 3905 2530 3963 Petrus
2578 3907 2650 3962 lll
2692 3908 2852 3978 hujus
2876 3907 3113 3962 nominis
3139 3905 3646 3976 Hierosolymorum

2044 4000 2378 4071 patriarcha,
2413 4003 2503 4071 qui
2545 3999 2744 4056 Joauni
2772 4000 2839 4068 ll,
2869 4016 2958 4056 an.
2986 3999 3114 4067 524,
3139 3998 3212 4053 22
3244 3997 3418 4069 April.
3446 3998 3557 4052 iud.
3579 3996 3643 4060 2,

2047 4104 2262 4149 mortuo
2291 4096 2576 4162 successit,
2611 4109 2926 4164 supremum
2969 4095 3112 4150 diem
3157 4093 3356 4150 clausit
3383 4107 3476 4163 an.
3510 4090 3646 4146 5&6.

2049 4187 2176 4245 llaec
2211 4205 2278 4245 ex
2319 4187 2438 4244 Vita
2461 4187 2801 4258 Nicephorus
2823 4187 3082 4242 Callistus
3113 4187 3150 4240 l.
3180 4202 3294 4241 xvn
3321 4188 3462 4243 Hist.
3508 4187 3645 4241 τιτι.

2049 4297 2098 4338 c.
2121 4282 2213 4347 24,
2240 4285 2308 4337 ita
2331 4281 2518 4338 scribit
2550 4298 2563 4336 :
2597 4302 2614 4333 ι
2639 4279 2944 4336 Justiniano
2963 4281 3136 4353 adhuc
3153 4280 3442 4351 imperium
3465 4280 3648 4334 admi-

2049 4377 2340 4440 nistrante,
2372 4383 2427 4431 et
2458 4390 2688 4445 magnus
2718 4375 2805 4429 ille
2824 4372 3033 4429 Sabhas
3063 4384 3117 4430 et
3141 4373 3437 4444 prmclarus
3464 4373 3648 4428 Theo-

2049 4469 2261 4535 dosius,
2291 4468 2460 4524 eremi
2493 4469 2772 4538 praesides,
2821 4467 3149 4536 superstites
3200 4476 3379 4522 erant.
3439 4465 3645 4521 Verum

352 4586 517 4642 etiam
570 4577 1000 4642 commentariis,
1065 4573 1208 4628 haud
1265 4584 1436 4640 pauca
1499 4567 1747 4622 hausisse
1800 4565 1942 4618 hunc
1974 4564 2201 4636 Dprior
2220 4561 2566 4618 Theodosius
2598 4560 2666 4615 ad
2726 4559 2891 4614 Deum
2926 4560 3168 4616 transiit.
3217 4559 3426 4615 Sahhas
3457 4571 3646 4614 autem

355 4687 658 4742 auctorem,
697 4673 970 4743 conjicere
1003 4669 1131 4722 licet
1165 4681 1230 4721 ex
1257 4665 1324 4718 iis
1356 4675 1498 4732 quae,
1530 4675 1581 4717 c.
1626 4658 1712 4724 16,
1757 4676 1811 4711 ιι.
1845 4657 1936 4719 7|,

356 4774 630 4827 dicuntur.
689 4767 813 4820 Fuit
845 4778 972 4818 vero
1009 4759 1262 4816 Julianus
1303 4756 1386 4809 vir
1425 4767 1673 4820 magnus,
1715 4750 1941 4819 dignus-

354 4878 464 4936 que
521 4870 671 4916 tanto
726 4857 988 4924 magistro
1042 4848 1343 4920 discipulus
1376 4889 1390 4910 ,
1445 4847 1564 4915 ipso
1615 4845 1778 4898 etiam
1827 4851 1938 4895 lunt

357 4958 571 5012 vivente
625 4951 800 5006 factus
856 4947 1145 5017 episcopus
1217 4940 1561 5003 Bostrensis,
1615 4946 1942 5003 coactusque

355 5049 502 5122 quod
536 5047 738 5102 Severo
769 5040 1108 5096 Antiocheno
1140 5036 1396 5092 haeretica
1419 5031 1728 5088 consentire
1753 5027 1938 5091 nollet,

361 5147 539 5213 fugam
575 5139 714 5194 ultro
771 5135 1038 5205 arripere,
1075 5142 1133 5186 ut
1183 5129 1472 5199 Evagrius,
1532 5124 1567 5178 Ι.
1621 5140 1701 5188 lll,
1756 5137 1804 5176 c.
1849 5120 1938 5175 55.

357 5237 518 5306 isque
552 5235 670 5305 ipse
701 5238 806 5294 est,
845 5227 999 5297 cujus
1040 5223 1228 5289 vitam,
1259 5235 1357 5275 seu
1387 5219 1568 5290 potius
1620 5214 1940 5270 miraculum

357 5329 548 5388 calicis
600 5324 877 5388 venenati,
926 5320 1083 5388 signo
1140 5314 1322 5370 crucis
1364 5321 1489 5366 ante
1519 5311 1685 5374 edito,
1725 5307 1943 5364 innoxie

357 5423 526 5494 epoti,
563 5426 772 5482 narrat,
823 5431 872 5470 c.
922 5413 992 5470 94
1024 5410 1176 5464 Prati
1237 5407 1536 5478 spiritantia
1571 5403 1808 5459 Joannes
1835 5401 1944 5459 Mo-

359 5518 524 5574 schus
548 5533 565 5584 ;
592 5513 682 5585 qui
715 5521 772 5568 et
791 5512 932 5580 ipse,
963 5517 1022 5563 ut
1051 5506 1104 5561 in
1132 5503 1452 5575 praefatione
1477 5499 1659 5570 operis
1684 5496 1938 5562 refertur,

363 5632 383 5665 ι
437 5608 709 5682 principio
756 5603 977 5675 quidem
1033 5599 1234 5657 sreculo
1280 5593 1615 5650 renuntiavit
1653 5594 1704 5647 in
1749 5606 1941 5645 mona-

358 5703 529 5759 sterio
553 5699 612 5754 S.
640 5697 702 5751 P.
735 5696 799 5750 Ν.
820 5693 1112 5751 Theodosii
1159 5687 1371 5745 abbatis
1401 5696 1456 5742 et
1497 5683 1941 5740 archimandritze

358 5791 626 5854 omnium,
682 5805 801 5860 qua:
824 5796 951 5844 sunt
976 5782 1368 5854 Hierosolymis
1396 5778 1793 5840 cmuobiorum,
1827 5778 1941 5831 sive

362 5881 837 5950 monasteriorum,
904 5899 922 5932 ι
975 5881 1041 5936 ad
1093 5877 1248 5948 cujus
1292 5870 1654 5931 coemiterium
1700 5867 1940 5938 reliquiae

2048 4655 2461 4725 nonagesimum
2521 4662 2649 4707 tunc
2676 4669 2845 4724 agens
2873 4669 3076 4708 annum
3109 4653 3177 4707 ab
3215 4651 3445 4708 Eliensi
3496 4654 3647 4706 anti-

2047 4752 2174 4805 Stite
2190 4751 2395 4818 legatus
2410 4749 2607 4801 iterum
2623 4745 3155 4818 Constantinopolim
3181 4747 3245 4802 ad
3261 4745 3637 4801 Justinianum

2051 4844 2102 4898 in
2136 4845 2281 4897 tenui
2303 4853 2462 4911 atque
2491 4843 2746 4896 imbecilli
2779 4841 3069 4897 admodum
3097 4851 3315 4896 senecta
3348 4841 3645 4906 fluctuans,

2048 4936 2328 5008 profectus
2352 4945 2459 4988 est.
2489 4933 2817 4988 Samaritani
2850 4951 3100 5004 namque,
3142 4933 3358 4988 Juliano
3401 4935 3644 5004 quodam

2051 5046 2177 5100 rege
2209 5030 2310 5086 sibi
2358 5037 2566 5096 creato,
2605 5028 2869 5098 plurimas
2920 5026 3247 5081 Christianis
3281 5026 3517 5095 superbe
3553 5026 3642 5078 in-

2045 5125 2220 5194 jurias
2270 5122 2524 5187 tulerant,
2564 5140 2582 5172 ι
2641 5131 2764 5188 εις..
2797 5135 2918 5190 qua:
2954 5117 3294 5188 Nicephorus
3335 5135 3366 5174 e
3418 5119 3536 5173 Vita
3579 5118 3640 5171 S.

2053 5219 2210 5274 Sabte
2247 5213 2683 5284 desumpsit,ubi
2707 5227 2770 5267 ea
2810 5211 2889 5266 sic
2929 5209 3095 5266 refert
3127 5210 3360 5282 Cyrillus
3400 5226 3414 5264 :
3452 5229 3473 5263 ι
3505 5211 3642 5266 Cum

2044 5314 2157 5383 jam
2185 5319 2365 5364 autem
2408 5306 2694 5377 imperium
2746 5304 3136 5375 assumpsissct
3189 5303 3556 5371 Justinianus,
3587 5314 3645 5358 et

2049 5419 2228 5458 rerum
2263 5400 2596 5468 suscepisset
2617 5398 3180 5464 administrationem,
3202 5400 3396 5468 agebat
3420 5400 3638 5467 quidem

2050 5499 2108 5554 Β.
2146 5493 2404 5552 Sabale
2444 5508 2666 5556 animm,
2719 5490 2878 5544 finem
2943 5505 3074 5544 vero
3103 5490 3224 5544 vitae
3253 5491 3646 5559 acceperatdi-

2050 5591 2209 5646 vinus
2240 5584 2599 5640 Theodosius.
2652 5581 2754 5647 Qui
2815 5581 2869 5635 in
2920 5581 3208 5636 Paltestina
3252 5579 3471 5651 quidem
3521 5589 3644 5636 erat

2051 5681 2280 5752 populus
2318 5676 2817 5738 Samaritanorum,
2853 5689 2974 5729 cum
3015 5673 3286 5729 Julianum
3321 5679 3639 5744 quemdam,

2049 5776 2138 5845 qui
2174 5776 2287 5843 ipse
2310 5785 2526 5842 quoque
2546 5779 2664 5823 erat
2686 5766 3090 5831 Samaritanus,
3123 5768 3226 5822 sibi
3258 5781 3436 5836 regem
3461 5782 3646 5823 creas-

2050 5866 2416 5935 scnt,tnultas
2452 5862 2678 5933 injurias
2721 5862 2993 5917 faciebant
3043 5863 3392 5928 Christianis,
3455 5879 3472 5913 ι
3528 5869 3638 5916 ctc.
