3886 6462
350 369 452 426 υῑι

1040 365 1220 424 VITA
1360 363 1777 424 THEODOSII
1818 363 2417 427 C(ENOBIARCHA‘J.
2448 390 2471 399 -

2546 361 2935 424 ΡΒΟἜΜΙΑ.
3522 362 3632 428 162

354 483 614 539 Petavius
642 492 835 537 noster
864 483 902 537 l.
930 498 1027 537 xm
1085 482 1158 537 De
1189 483 1436 536 doctrina
1472 493 1786 549 temporum,
1817 480 1951 536 scri-
1978 483 2030 541 Α
2055 482 2171 549 ejus
2205 480 2545 543 monasterii,
2598 479 2887 535 Theodosii
2933 479 3142 549 legatus
3170 478 3509 549 subscriptus
3548 486 3631 534 ei-

352 578 435 634 bit
459 592 551 633 an.
572 574 675 631 Ch.
706 574 835 640 59.9,
860 572 1025 629 Junio
1056 589 1266 640 mense,
1302 590 1331 628 a
1363 573 1725 629 Samaritanis
1756 584 1813 630 et
1840 573 1940 629 Ju-

355 666 484 722 daeis
508 666 899 721 rebellantibus
916 666 1059 721 hunc
1071 663 1101 719 J
1110 665 1348 720 ulianum
1370 680 1547 735 regem
1562 666 1942 737 constitutor»,

354 769 410 813 et
442 756 640 813 deinde
686 773 719 813 a
759 757 935 827 copiis
988 755 1285 812 Justiuiani
1316 771 1438 810 eum
1483 757 1597 810 suis
1653 756 1944 812 rebellibus

320 824 770 941 linteremptum.
803 824 960 902 Auno
989 849 1237 916 sequenti
1279 846 1384 902 550
1420 846 1586 902 refert
1621 846 1944 916 legationem

352 942 415 995 S.
458 940 619 996 Saba
667 941 735 995 ad
795 940 1190 1005 Justiniauum,
1230 956 1340 1012 quo
1392 948 1636 1010 tempore
1682 940 1740 995 S'.
1776 940 1949 995 Sabas

353 1031 548 1100 agebat
578 1046 783 1085 annum
807 1030 982 1086 aetatis
1002 1030 1093 1097 91,
1153 1039 1340 1098 utpote
1363 1038 1524 1084 natus
1548 1030 1648 1084 sub
1664 1028 1948 1084 consulatu

357 1124 425 1179 17
453 1121 773 1178 Theodosii.
809 1121 860 1176 id
919 1129 1005 1177 est
1037 1135 1181 1176 anno
1232 1119 1364 1176 Chr.
1410 1119 1541 1187 439,
1570 1129 1627 1174 ιιι
1662 1136 1724 1175 ex
1764 1119 1948 1191 Cyrilli

356 1216 666 1272 assertione
696 1212 1095 1284 apparetinitio
1120 1210 1256 1267 Vitae
1283 1212 1342 1266 S.
1379 1210 1558 1267 Sabae.
1588 1210 1798 1271 Obierit
1822 1225 1952 1281 ergo

353 1310 419 1365 ὃ.
452 1307 796 1364 Theodosius
824 1305 930 1361 hoc
958 1305 1018 1359 11
1057 1303 1332 1370 Januarii,
1365 1319 1510 1360 anno
1532 1303 1632 1359 Ch.
1664 1302 1792 1368 59.9,
1826 1313 1953 1358 ante

358 1402 670 1458 inchoatam
696 1396 1169 1454 Samaritanorum
1190 1398 1537 1464 seditionem,
1556 1401 1796 1453 secundo
1811 1412 1954 1451 anno

360 1493 574 1566 imperii
622 1491 941 1556 Justiniani,
1003 1490 1093 1560 qui
1137 1489 1642 1547 JustinoavunCnlo
1669 1504 1812 1543 anno
1845 1487 1951 1543 527

359 1586 591 1657 Augusti
622 1585 648 1641 1
683 1596 779 1639 aut
801 1584 838 1638 Ξ.
867 1581 1397 1655 (variantauctores)
1432 1580 1709 1644 defuncto,
1740 1595 1957 1636 succes-

362 1689 513 1736 serat
543 1678 677 1749 ipsis
723 1687 851 1734 ante
878 1675 1137 1733 Kalendis
1184 1676 1387 1745 Aprilis
1440 1674 1575 1730 feria
1625 1674 1658 1730 5
1695 1675 1746 1729 in
1787 1673 1954 1730 Coma

360 1771 603 1836 Domini,
641 1771 708 1825 ab
758 1784 824 1826 eo
877 1770 1175 1838 imperator
1227 1776 1465 1824 creatus.
1494 1766 1613 1835 Quo
1658 1769 1958 1836 imperante

2047 573 2169 626 deut
2210 573 2390 626 libr-llo
2434 571 2653 643 legitur.
2683 571 2910 626 Vivebat
2961 571 3142 626 adhuc.
3187 571 3403 640 quidem
3451 570 3632 625 Theo-

2048 666 2234 722 dosius
2269 665 2405 735 ipse,
2438 664 2505 720 de
2547 680 2654 734 quo
2691 664 2792 718 ista
2850 666 2902 719 in
2942 665 3059 734 ejus
3095 666 3225 723 vita,
3262 674 3376 732 past
3404 663 3506 716 alia
3538 681 3633 716 sn.

2047 767 2233 825 scepta
2268 770 2368 825 pro
2416 755 2518 810 tide
2573 754 2873 810 orthodoxa
2930 756 3254 816 certamina,
3312 755 3571 825 leguntur
3616 773 3632 809 :

2047 845 2182 901 Cum
2216 847 2282 900 de
2317 860 2382 899 eo
2414 843 2746 915 (Theodosio
2776 844 3007 915 scilicet)
3050 845 3410 901 intellexisset
3456 855 3511 901 et
3538 844 3637 917 qui

2051 937 2252 995 veteris
2281 936 2468 992 Romae
2491 938 2677 993 sedem
2705 936 2932 1007 pulchre
2957 938 3178 993 tenebat
3202 937 3272 1009 (is
3301 921 3497 992 autem.
3517 946 3639 994 erat

2055 1029 2352 1102 Agapitus)
2407 1038 2461 1086 et
2534 1029 2624 1099 qui
2691 1029 3091 1084 Antiochenam
3157 1030 3339 1085 sedem
3408 1028 3640 1099 regebat

2054 1121 2335 1193 prraim,
2356 1121 2473 1176 sive
2499 1120 2786 1190 Ephrtem;
2819 1120 2922 1191 ipsi
2945 1134 3160 1191 quoque
3189 1121 3403 1191 populis
3429 1130 3637 1177 rectam

2054 1212 2214 1269 fidem
2253 1205 2652 1283 praedicabant.
2674 1213 2733 1267 In
2757 1213 2955 1282 quibus
2986 1200 3153 1268 multa
3176 1224 3297 1268 sunt
3331 1213 3397 1269 ad
3423 1213 3637 1268 laudem

2057 1305 2219 1376 hujus
2252 1305 2394 1361 beati
2430 1306 2759 1376 composita,
2798 1321 2920 1376 qua:
2965 1322 3070 1362 non
3100 1306 3365 1361 minorem
3412 1306 3637 1377 gloriam

2055 1399 2288 1454 afferunt
2323 1399 2391 1454 iis
2417 1398 2511 1471 qui
2547 1398 2908 1469 scripserunt,
2941 1413 3103 1468 quam
3145 1397 3193 1453 ei
3225 1397 3316 1468 qui
3380 1397 3642 1454 laudaba-

2060 1501 2172 1559 tur,
2203 1492 2347 1563 quod
2378 1506 2486 1547 non
2523 1493 2590 1546 ad
2642 1492 2896 1562 gratiam,
2927 1493 3022 1546 sed
3057 1490 3214 1560 plane
3259 1489 3326 1546 ad
3359 1492 3640 1547 veritatem

2060 1584 2219 1640 fieret
2257 1584 2516 1640 laudatio.
2575 1604 2595 1636 ι
2637 1583 2709 1639 Ita
2744 1583 3028 1639 Batonius.
3061 1576 3258 1638 Verum
3299 1597 3476 1653 neque
3501 1584 3644 1654 Aga-

2058 1687 2220 1747 petus
2264 1692 2425 1747 papa;
2484 1692 2662 1746 neque
2723 1676 2982 1745 prraim
3014 1675 3353 1745 patriarcha,
3385 1676 3644 1733 dicuntur

2062 1770 2242 1823 vivum
2273 1769 2525 1846 laudasse
2560 1769 2618 1823 S.
2650 1769 3050 1836 Theodosium;
3091 1769 3186 1822 sed
3217 1784 3337 1824 cum
3365 1781 3643 1825 certamen

362 1862 729 1934 supervixerit
799 1860 859 1916 S.
901 1859 1245 1916 Theodosius
1291 1875 1436 1915 anno
1483 1875 1617 1925 uno,
1680 1858 1958 1915 mensibus
1984 1855 2033 1916 B
2061 1860 2201 1930 ejus,
2238 1876 2360 1915 cum
2390 1861 2682 1915 Anastasio
2714 1860 2907 1929 imper.
2942 1875 3041 1930 pro
3076 1859 3181 1914 fide
3206 1860 3512 1915 orthodoxa
3530 1857 3645 1928 jam

363 1956 626 2026 quinque,
659 1963 752 2008 aut
780 1968 996 2009 novent.
1040 1954 1160 2022 Quo
1210 1960 1456 2021 tempore
1506 1951 1741 2007 Kericus
1785 1950 1958 2006 victo-

365 2048 503 2104 riam
524 2048 593 2102 de
617 2045 796 2103 Persis
827 2046 1149 2115 reportavit,
1173 2045 1395 2100 indutus
1420 2043 1480 2099 S.
1506 2042 1800 2101 Theodosii
1835 2042 1957 2098 cili-

364 2141 474 2207 cio,
530 2140 757 2210 ejusque
778 2137 1152 2194 admonitione
1179 2148 1305 2191 ante
1344 2138 1716 2204 continuatus,
1747 2136 1960 2194 utn.73

366 2244 424 2289 et
449 2233 521 2288 7t
538 2232 761 2288 dicitur.
792 2229 887 2285 llis
908 2231 983 2286 ita
1000 2231 1335 2297 constitutis,
1356 2239 1516 2285 natus
1535 2228 1701 2284 fuerit
1717 2228 1963 2287 S.Theo-

366 2326 551 2381 dosius
578 2341 681 2393 an”
706 2324 807 2380 Ch.
834 2323 964 2379 4‘23.
994 2321 1316 2378 Discesserit
1335 2338 1365 2377 e
1388 2323 1581 2394 patria,
1605 2333 1725 2394 post
1750 2338 1960 2380 sacrant

370 2419 710 2487 Scripturam
743 2415 1056 2486 populodiu
1090 2416 1425 2484 przelectam,
1452 2433 1507 2471 ιι.
1536 2415 1590 2481 4,
1618 2415 1956 2472 annoaetatis

368 2513 462 2579 28,
504 2511 706 2569 Christi
739 2510 869 2579 451,
897 2511 1026 2565 dum
1053 2508 1514 2566 Chalcedonensis
1563 2511 1800 2582 synodus
1827 2524 1960 2565 con-

368 2606 724 2678 gregabatnr.
761 2623 779 2657 ι

447 2701 534 2754 11.
568 2699 833 2755 Bat'onius
861 2709 995 2756 tom.
1039 2697 1132 2754 Vll
1182 2697 1378 2750 Annal.
1415 2697 1541 2752 εει-Ι.
1581 2714 1670 2751 an.
1701 2697 1800 2751 Cb.
1836 2697 1961 2760 552,

375 2811 434 2849 ιι.
468 2793 560 2856 21,
598 2800 785 2847 censet
835 2809 854 2844 ι
906 2789 1273 2845 Theodosium
1311 2788 1467 2857 longe
1515 2798 1636 2856 post
1671 2787 1731 2845 S.
1760 2786 1965 2842 Sabatn

375 2885 518 2938 diem
548 2892 854 2937 extremum
887 2879 1174 2944 clausisse,
1227 2885 1283 2932 et
1304 2877 1509 2933 vixisse
1550 2878 1729 2932 adhuc
1752 2886 1964 2947 tempo-

378 2978 532 3032 ribus
553 2976 779 3046 Agapcti
808 2972 1037 3028 Rutuani
1072 2969 1383 3036 Pontiﬁcis;
1432 2970 1617 3040 itaque
1656 2969 1815 3039 plane
1845 2983 1966 3023 cor-

378 3070 691 3140 rigendum,
725 3068 869 3138 quod
900 3066 1147 3123 additum
1194 3073 1277 3122 est
1311 3066 1363 3120 in
1400 3065 1538 3119 actis
1575 3063 1754 3126 Sabm,
1786 3062 1963 3117 Theo-

378 3163 595 3218 dosium
616 3170 743 3217 ante
765 3176 888 3217 eum
919 3161 1061 3216 diem
1079 3161 1302 3216 obiisse.
1341 3179 1360 3213 ι
1399 3158 1521 3213 Haec
1548 3156 1835 3211 Barouius.
1861 3153 1966 3209 Sed

380 3257 655 3327 quomodo
702 3256 755 3311 id
809 3256 963 3312 Actis
995 3256 1236 3311 additum
1270 3254 1495 3324 probat?
1547 3250 1663 3321 Ipse
1690 3257 1730 3303 ι.
1758 3245 1850 3315 Ἦ,
1876 3263 1965 3302 au.

380 3347 517 3404 Chr.
540 3348 668 3412 475,
695 3364 752 3403 n.
779 3347 869 3415 45,
900 3350 1044 3405 hunc
1084 3368 1103 3401 ς
1140 3348 1403 3421 Cyrillum
1432 3345 1753 3413 diligentem
1791 3349 1845 3395 et
1879 3354 1969 3394 ve-

384 3442 562 3498 ritatis
601 3442 859 3497 cultorem
891 3443 1107 3497 illorttm
1147 3452 1444 3511 temporum
1476 3436 1760 3492 ﬂorentem
1798 3433 1968 3487 histo-

385 3537 559 3593 rit-um
588 3535 821 3601 dixerat,
863 3554 882 3587 ι
918 3546 970 3590 et
1002 3551 1094 3590 an.
1144 3535 1246 3589 Clt.
1304 3532 1432 3596 191,
1493 3548 1548 3585 ιι.
1594 3528 1649 3595 5,
1687 3524 1968 3581 historiam

387 3632 508 3701 ejus
542 3649 561 3683 ι
600 3630 739 3685 scitu
799 3630 1018 3700 dignam
1053 3666 1068 3693 ,
1124 3637 1180 3682 et
1235 3623 1539 3680 Annalibus
1582 3617 1972 3677 ecclesiasticis

385 3736 682 3792 congruam
714 3727 969 3786 vocarat;
1022 3733 1146 3773 cum
1200 3715 1531 3788 praesertim,
1578 3711 1774 3780 inquit,
1802 3725 1830 3763 a
1862 3707 1969 3778 Cy-

391 3813 514 3866 rillo
536 3812 801 3866 monacho
833 3809 1101 3880 discipulo
1132 3806 1439 3863 admirandi
1489 3804 1635 3858 illius
1669 3800 1970 3872 Euthymii,

396 3906 482 3974 qui
515 3903 604 3959 bis
627 3904 846 3958 vivebat
901 3903 1256 3972 temporibus,
1300 3899 1501 3968 scripta
1546 3896 1728 3951 fuerit.
1788 3893 1976 3949 Liceat

392 3998 601 4066 absque
630 3996 830 4052 invidia
871 3995 1073 4060 dicere,
1125 4010 1211 4049 me
1255 3995 1525 4048 nemiuem
1557 3989 1826 4060 reperisse
1853 3996 1975 4057 post

393 4090 495 4151 SS.
516 4090 880 4146 Athanasium
915 4096 1079 4159 atque
1104 4086 1520 4157 Hieronymum,
1540 4084 1630 4153 qui
1663 4080 1855 4151 majori
1873 4079 1976 4134 fide

391 4183 675 4253 scripserit
706 4181 1180 4237 sanctissimorum
1231 4180 1467 4234 virorum
1536 4191 1623 4230 tes
1652 4185 1855 4247 gestas,
1890 4171 1974 4227 di-

393 4289 592 4345 gerens
620 4288 714 4329 eas
737 4283 900 4343 atque
927 4272 1267 4343 distinguens
1301 4277 1556 4323 accurate
1589 4281 1685 4337 per
1711 4276 1973 4335 tempora,

395 4384 460 4423 ac
485 4370 602 4439 ipse
636 4367 893 4440 Cyrillus,
932 4366 1063 4421 dum
1108 4346 1235 4435 qua:
1291 4365 1406 4434 ipse
1456 4365 1612 4428 vidit,
1646 4361 1728 4417 vel
1762 4366 1979 4414 sancto-

399 4478 515 4516 rum
548 4461 697 4518 omni
726 4462 997 4531 probitate
1021 4459 1391 4530 pra25tantiutu
1439 4456 1680 4510 virorum
1717 4451 1979 4507 relatione

2063 1955 2270 2026 pridem
2301 1954 2519 2018 initum,
2555 1953 2682 2009 huic
2713 1952 3016 2008 laudationi
3066 1952 3267 2009 ibidem
3307 1968 3362 2008 ιι.
3395 1952 3485 2019 55,
3513 1968 3648 2009 con-

2055 2046 2339 2117 jungatur,
2395 2047 2611 2103 videtur
2669 2046 2886 2102 oblatus
2936 2048 3008 2102 ab
3050 2045 3168 2115 ejus
3232 2046 3648 2102 successoribus

2060 2139 2278 2197 libellus
2319 2143 2663 2197 occasionem
2713 2139 3016 2211 praebuisse
3082 2138 3337 2194 laudandi
3404 2128 3513 2196 non
3570 2138 3648 2194 ita

2066 2234 2272 2304 pridem
2306 2233 2623 2291 defunctum
2669 2233 3058 2299 Theodosium,
3095 2233 3403 2303 piissimum
3456 2248 3647 2289 eorum

2065 2337 2346 2396 parentem
2411 2336 2467 2381 et
2524 2326 2841 2383 monasterii
2884 2325 3255 2381 fundatorem.
3289 2322 3519 2379 Creatus
3565 2333 3651 2380 est

2065 2420 2341 2490 Agapetus
2390 2420 2453 2474 11
2504 2418 2651 2474 Junii
2699 2418 2826 2473 anni
2882 2418 3026 2485 555,
3075 2416 3306 2474 decessit
3356 2430 3502 2472 anno
3557 2432 3650 2471 se.

2067 2511 2275 2582 quenti.

2140 2602 2226 2657 ιδ.
2260 2598 2463 2655 Deinde
2502 2582 2719 2656 difﬁcile,
2740 2599 2967 2666 probatu
3000 2609 3084 2655 est
3118 2599 3449 2677 llesy'cltittm
3502 2601 3649 2657 hune

2069 2694 2181 2765 (qui
2249 2692 2494 2765 lsycbus,
2556 2689 2789 2746 lsicbius
2843 2691 3061 2763 dicitur)
3108 2692 3335 2747 missum
3395 2691 3563 2747 fuisse
3620 2707 3652 2745 ι

2070 2786 2131 2841 Β.
2160 2782 2471 2839 Theodosio
2500 2790 2611 2837 tum
2656 2782 2983 2852 superstite;
3017 2791 3072 2836 et
3121 2795 3226 2835 non
3269 2780 3449 2851 potius
3491 2795 3520 2835 a
3553 2779 3655 2834 So-

2068 2876 2297 2949 phronio
2339 2875 2457 2947 ejus
2507 2889 2853 2930 successore.
2885 2872 2963 2927 lta
3008 2874 3153 2928 enim
3206 2873 3421 2929 actione
3460 2872 3656 2942 tejus-

2071 2972 2191 3025 dem
2221 2968 2436 3040 synodi,
2476 2967 2528 3020 in
2573 2967 2754 3020 libello
2785 2985 2813 3020 a
2852 2974 3028 3021 morte
3074 2966 3298 3035 Agapeti
3347 2965 3416 3019 ah
3461 2964 3655 3019 iisdem

2074 3063 2354 3116 nminat-his
2383 3061 2565 3116 oblato
2604 3059 3017 3115 subscribitur:
3058 3077 3077 3110 ι
3130 3059 3430 3130 Hesychius
3476 3059 3657 3114 divina

2075 3176 2101 3203 ιι
2132 3154 2421 3207 ἰδειτὶιίυιιθ
2442 3152 2726 3225 presbyter
2754 3161 2808 3205 et
2840 3150 3140 3206 monachus
3164 3151 3478 3205 monasterii
3508 3150 3657 3206 beati

2027 3239 2037 3254 ⁴
2080 3248 2290 3301 abbatis
2319 3245 2652 3312 Theodosii,
2705 3243 2880 3298 locum
2920 3251 3109 3299 tenens
3159 3239 3450 3309 Saphrunii
3505 3256 3661 3313 pres-

2081 3340 2253 3412 byteri
2295 3348 2349 3392 et
2384 3337 2831 3393 architnandritte
2866 3336 3036 3407 ipsius
3072 3334 3386 3390 monasterii
3413 3344 3466 3388 et
3499 3333 3662 3404 primi

2082 3435 2246 3486 totius
2300 3432 2465 3485 cremi
2515 3429 3038 3499 Hierosolymorum,
3092 3442 3215 3483 cum
3263 3424 3516 3481 omnibus
3552 3425 3660 3491 his,

2079 3525 2169 3593 qui
2197 3538 2409 3578 mecum
2443 3522 2593 3577 missi
2618 3529 2768 3587 sunt,
2794 3520 3243 3575 archimandritis
3270 3517 3662 3588 Hierosolymi—

2085 3618 2222 3671 tanis
2249 3618 2312 3671 ad
2339 3618 2478 3669 hanc
2519 3615 2724 3684 regiam
2756 3614 2968 3678 urbem,
2993 3612 3083 3683 qui
3114 3601 3317 3665 faciunt
3344 3624 3445 3679 pro
3479 3603 3664 3662 omni-

2082 3714 2183 3764 bus
2208 3707 2655 3763 archimandritis
2681 3716 2734 3761 et
2769 3703 3069 3766 monachis,
3092 3704 3181 3772 qui
3215 3701 3462 3757 habitant
3488 3700 3666 3770 ipsam

2080 3819 2325 3859 eremum
2349 3810 2406 3858 et
2448 3809 2560 3856 tres
2597 3800 2933 3867 Palaestinas,
2965 3798 3058 3869 qui
3087 3811 3189 3851 una
3215 3810 3428 3850 mecum
3461 3792 3667 3865 suppli-

2083 3902 2305 3961 carunt;
2338 3891 2640 3962 subscripsi
2659 3892 2723 3945 de
2742 3903 3013 3949 consensu
3032 3888 3272 3942 omnium
3301 3894 3353 3938 et
3371 3883 3609 3955 porrexi.
3636 3899 3659 3935 ι

2083 3989 2194 4045 Ιιιιο
2250 3989 2337 4042 hic
2374 3986 2689 4055 Hesychius,
2751 3986 2842 4054 qui
2907 3998 3030 4038 cum
3090 3981 3382 4053 Pulycuctu
3436 3978 3667 4033 diacono

2083 4093 2139 4138 et
2173 4080 2391 4137 Juliauo
2443 4079 2732 4145 monacho,
2776 4086 3009 4147 utroque
3048 4075 3292 4144 ejusdem
3347 4072 3666 4127 monasterii

2084 4174 2148 4230 B.
2202 4173 2494 4229 Theodosii
2541 4171 2783 4234 alumno,
2823 4167 3067 4225 interfuit
3117 4167 3190 4222 illi
3234 4165 3463 4238 synodo,
3509 4165 3668 4217 modo

2086 4266 2284 4322 dicitur
2311 4264 2679 4327 Ambasiator,
2734 4272 2794 4317 ut
2818 4271 2929 4316 act.
2959 4260 2995 4314 2
3023 4268 3078 4314 et
3106 4258 3162 4321 4,
3207 4258 3365 4311 modo
3400 4255 3576 4320 Prior,
3611 4263 3669 4309 ut

2087 4367 2196 4413 act.
2223 4358 2281 4420 5,
2302 4358 2463 4412 modo
2500 4355 2665 4410 etiam
2698 4349 3155 4415 archimandrita,
3190 4355 3249 4400 ιιι
3283 4356 3388 4401 act.
3429 4345 3455 4399 1
3512 4355 3565 4399 et
3608 4343 3664 4406 5,

2088 4449 2172 4504 vel
2210 4448 2335 4519 quia
2366 4446 2588 4502 alterius
2614 4444 2869 4508 cmttobii,
2903 4441 2975 4496 illi
3007 4438 3386 4495 Theodosiano
3412 4439 3490 4491 su'
3511 4435 3663 4505 jecti,

398 4555 611 4620 didicit,
648 4526 854 4623 absque
889 4551 993 4606 levi
1022 4526 1336 4622 suspicione
1387 4547 1660 4603 mendacii
1704 4546 1974 4600 sinceram
2016 4567 2057 4620 ο
2089 4539 2376 4611 praefectus
2415 4537 2529 4607 jam
2578 4536 2760 4600 fuerit,
2814 4533 2897 4589 vel
2924 4532 3070 4603 quod
3111 4539 3323 4584 mortuo
3351 4526 3665 4596 Sophronio

398 4634 686 4703 veritatem
719 4644 885 4701 veluti
945 4653 1356 4699 sacrosanctum
1404 4638 1709 4709 depositura
1746 4636 1980 4708 posteris

401 4740 647 4808 tradidit,
677 4753 870 4809 nempe
892 4746 1013 4791 arta
1039 4735 1341 4809 Eutbytnii,
1375 4734 1612 4802 itemque
1632 4730 1787 4787 Saba:
1820 4740 1981 4799 atque

398 4833 625 4888 Joannis
653 4831 978 4887 Silentiarii.
1030 4848 1048 4881 ι
1086 4828 1197 4884 Cur
1237 4843 1341 4882 nun
1375 4827 1544 4895 igitur
1569 4824 1787 4879 illacsatn
1818 4833 1984 4894 atque

403 4927 664 4982 intactam
690 4924 831 4979 hanc
863 4922 998 4977 tanti
1027 4919 1612 4990 scriptorishismriant
1634 4915 1980 4984 suscipimus.

390 5035 430 5072 ra
458 5017 716 5073 Patribus
736 5029 953 5087 quoque
972 5013 1159 5085 synodi
1207 5010 1440 5087 Nicaeum
1469 5025 1509 5064 tt
1540 5008 1754 5062 actione
1789 5006 1983 5076 prima,

404 5110 704 5167 honorifice
735 5085 979 5163 citatam.
1020 5124 1041 5158 ι
1349 5085 1362 5099 ’

475 5200 566 5257 12.
594 5198 827 5256 Causam
850 5195 1160 5267 corrigendi
1190 5194 1307 5251 hzcc
1335 5194 1470 5251 Acta
1529 5189 1749 5249 deducit
1798 5197 1838 5244 t.
1868 5186 1985 5249 Vll,

404 5309 548 5351 anno
574 5293 709 5351 Chr.
746 5290 873 5358 556,
906 5306 1056 5346 num.
1089 5292 1142 5353 1,
1170 5287 1466 5346 ubi-relato
1494 5301 1560 5340 ex
1596 5285 1809 5357 synodo
1839 5282 1985 5337 Coo-

405 5368 890 5457 stantinopolitana
919 5384 1022 5440 sub
1052 5382 1246 5437 Menua
1281 5392 1425 5446 acta,
1477 5378 1660 5436 libello
1687 5375 1977 5432 monacho.

409 5500 553 5548 rum,
583 5481 768 5537 oblato
802 5481 1039 5551 Agapeto
1065 5490 1214 5547 papae
1237 5484 1427 5530 contra
1447 5472 1789 5535 Anthimum,
1813 5468 1987 5524 Seve-

409 5588 529 5631 rum
554 5585 613 5629 et
638 5582 868 5628 caeteros
904 5569 1213 5633 haereticos,
1244 5562 1565 5633 subjungit:
1608 5578 1627 5612 ι
1664 5560 1814 5615 Inter
1858 5558 1993 5613 alios

410 5666 562 5724 affuit
590 5664 788 5738 legatio
815 5678 845 5721 a
880 5675 1078 5735 magno
1113 5659 1205 5715 illo
1237 5654 1541 5713 Theodosio
1568 5650 1990 5713 Cmnobiart-ha,

409 5764 477 5816 de
525 5772 636 5831 quo
689 5758 843 5831 plura
889 5754 1141 5827 superius
1186 5751 1344 5806 laude
1376 5746 1696 5818 dignissima
1732 5757 1829 5815 pro
1891 5740 1996 5794 ﬁde

413 5852 695 5925 perfuncta
723 5858 976 5907 enarrata
1002 5854 1153 5904 sunt.
1198 5841 1504 5914 Hesychius
1530 5840 1675 5895 enim
1710 5834 1995 5908 presbyter

2089 4630 2436 4694 successerit,
2472 4629 2799 4697 additusque
2846 4627 2898 4681 in
2926 4621 3327 4692 exemplaribus
3366 4620 3440 4674 sit
3493 4619 3673 4673 archio

2089 4723 2371 4779 mandritz
2399 4721 2587 4777 titulus
2618 4736 2648 4773 a
2677 4718 2938 4774 librariis.
2968 4713 3198 4770 Prmfuit
3220 4711 3345 4767 huic
3390 4720 3670 4765 monaste-

2090 4818 2172 4871 rio
2193 4815 2491 4887 Gregorius
2512 4809 2936 4868 archimandrita
2971 4818 3215 4875 tempore
3258 4802 3464 4860 Tiberii
3502 4804 3674 4873 impc—

2094 4910 2291 4965 ratoris
2337 4909 2481 4964 circa
2518 4921 2609 4961 an.
2639 4904 2741 4959 Cb.
2789 4900 2914 4967 580,
2955 4899 3110 4970 cujus
3163 4895 3675 4955 mcminitJuannes

2088 5005 2365 5069 Moschus,
2397 5018 2517 5072 cap.
2569 5001 2661 5059 9).
2714 4997 2785 5052 95
2827 5007 2881 5051 et
2919 4995 2988 5050 94
3038 4991 3190 5048 I’rati
3243 4989 3558 5063 spiritantia.
3613 4987 3673 5041 lu

2091 5096 2269 5168 elogio
2317 5094 2545 5150 Joannis
2603 5089 2844 5156 Moschi,
2907 5102 3030 5143 cum
3089 5100 3287 5157 corpus
3361 5080 3479 5150 ejus
3530 5095 3677 5135 anno

2092 5191 2198 5247 619
2228 5190 2308 5243 vel
2343 5187 2447 5243 620
2474 5188 2694 5243 ineunte
2734 5184 2816 5256 (ut
2844 5180 3118 5251 colligitur
3144 5192 3209 5232 cx
3245 5177 3396 5230 initio
3420 5174 3678 5229 indictio-

2093 5282 2176 5335 uis
2199 5276 2277 5351 8).
2320 5277 2613 5333 referretur
2633 5275 2806 5330 Roma
2837 5275 2903 5327 ad
2939 5267 3469 5333 hucmouastcriutn,
3502 5264 3678 5320 nomio

2095 5385 2255 5427 natur
2294 5371 2524 5427 antistes
2573 5368 2689 5438 eius
2748 5365 3034 5436 Georgius,
3066 5362 3315 5433 Gregorii
3354 5357 3496 5416 forte
3534 5354 3680 5413 illius

2095 5478 2405 5519 successor.

2167 5554 2254 5609 14.
2287 5553 2412 5611 llaec
2444 5553 2511 5609 de
2533 5560 2692 5609 aetate
2720 5551 2778 5607 S.
2813 5547 3128 5616 Theodosii,
3175 5541 3330 5619 quasi
3379 5542 3676 5608 velitando,

2096 5647 2393 5705 subtimide
2420 5647 2550 5718 quia
2583 5655 2790 5702 contra-
2810 5642 2990 5714 magni
3024 5639 3316 5702 Annalium
3347 5636 3684 5693 ecclesiasti-

2095 5755 2281 5797 corum
2310 5740 2554 5797 auctoris
2583 5737 2937 5800 sententiam,
2970 5746 3240 5804 nusquam
3278 5739 3459 5785 tamen
3494 5728 3606 5786 nisi
3629 5729 3681 5783 in

2101 5833 2276 5889 solido
2310 5831 2526 5888 firmum
2555 5832 2781 5902 ﬁgentes
2816 5825 3120 5896 vestigium,
3169 5810 3681 5895 dieputarurautus:
