3886 6458
313 349 429 416 163

322 484 444 522 cum
489 483 684 525 norum
739 471 1091 529 ohlatumest
1148 477 1322 544 nobis,
1379 496 1486 552 quo
1531 485 1898 552 conjecturam

323 573 563 615 nostram
608 562 1003 631 stabiliremus,
1040 582 1444 638 argumentum,
1479 575 1640 644 idque
1669 576 1907 645 ejusmo-

323 656 398 720 di,
425 668 476 709 ut
519 658 746 712 convelli
785 675 887 713 non
922 678 1080 729 posse
1112 668 1508 723 existimemus.
1542 671 1674 724 Nam
1728 689 1847 741 qua?
1880 689 1907 727 a

320 747 685 817 Metapln-aste
720 754 862 807 edita
900 764 982 808 cst
1025 758 1082 809 ὃ.
1130 756 1286 812 Saba:
1338 763 1467 826 vita,
1525 763 1788 818 hactenus
1821 767 1908 820 hic

318 841 484 894 citata
545 859 573 894 a
627 844 802 906 nobis,
857 847 1166 918 iterumque
1217 851 1356 905 infra
1397 855 1637 918 citanda,
1674 857 1799 924 quia
1854 859 1905 910 in

313 934 559 988 omnium
591 947 673 989 est
712 938 997 1002 inanibus;
1049 956 1167 996 eam
1211 959 1240 998 e
1292 954 1506 1000 vetusto
1540 949 1747 1013 codice,
1781 961 1906 1004 ante

317 1039 515 1078 annum
565 1027 768 1081 Christi
800 1031 972 1097 1054,
1029 1047 1273 1102 exarato,
1324 1041 1466 1092 nacti
1493 1056 1682 1096 sumus
1716 1040 1906 1096 Latine

317 1130 525 1169 versam
548 1131 673 1172 ante
703 1119 873 1187 ipsius
902 1121 1284 1190 illetaphrasta:
1307 1141 1518 1182 a‘tatem
1552 1147 1614 1184 :e
1647 1147 1750 1199 qua
1780 1148 1901 1185 Clltll

317 1204 447 1258 illud
481 1209 988 1279 animadvertimus,
1029 1230 1149 1269 eam
1183 1233 1302 1286 qua:
1349 1220 1563 1289 vulgata
1600 1234 1684 1275 est
1725 1239 1843 1277 esse
1875 1239 1902 1277 a

317 1296 686 1367 Metaphraste
718 1306 938 1371 paulum
997 1306 1124 1362 hinc
1179 1309 1302 1365 inde
1344 1313 1747 1382 anqditiiatam,
1787 1326 1898 1369 tum

312 1398 370 1444 δ.
401 1389 695 1446 Theodosii
731 1397 914 1449 obitus
944 1411 1142 1452 annum
1169 1399 1425 1472 diemque
1479 1406 1788 1460 didicimus.
1826 1407 1899 1461 Ita

309 1483 455 1536 enim
491 1486 652 1538 habet
690 1505 702 1539 :
744 1505 760 1537 ι
792 1487 1091 1559 incipiente
1121 1502 1302 1546 autem
1337 1498 1690 1562 nonagesimo
1722 1500 1899 1568 primo

307 1578 486 1632 aetatis
512 1595 654 1633 anno
699 1579 878 1636 Patris
907 1585 1078 1639 nostri
1116 1585 1292 1654 Saba),
1324 1589 1518 1645 beatus
1555 1594 1900 1660 supradictus

302 1666 644 1726 Theodosius
673 1672 784 1740 jam
823 1690 990 1730 senex
1014 1686 1067 1730 et
1097 1678 1289 1746 plenus
1313 1681 1544 1746 diermn,
1573 1685 1735 1737 vitam
1757 1686 1897 1739 hanc

311 1770 580 1814 terrenam
619 1763 902 1827 deserens,
937 1769 1004 1820 ad
1045 1768 1244 1823 ccelum
1279 1772 1552 1839 transivit,
1585 1773 1768 1828 Mense
1807 1773 1894 1828 Ja-

1555 363 1845 427 ‘MENSIS
1868 367 2330 436 JANUARIUS.

2009 493 2336 547 earlionibus
2394 493 2602 564 implet,
2640 494 2845 566 alisque
2896 496 3018 567 igne
3053 495 3287 552 suﬂitutn
3353 495 3605 567 itnponit,

2017 602 2110 655 per
2161 587 2486 642 solitudines
2546 586 2801 644 Judaicas
2878 603 3318 659 quaquaversum
3379 589 3605 644 defert:

2019 677 2083 731 ad
2153 680 2298 747 ripas
2364 681 2528 733 maris
2569 679 2760 734 Mortui
2824 681 3015 734 transit
3062 699 3076 735 :
3123 691 3320 736 conatu
3376 683 3604 734 necdum

2013 773 2341 826 succedente
2400 774 2540 826 redit
2596 773 2663 827 ad
2724 773 3040 842 speluncam
3080 791 3092 827 :
3126 775 3336 828 accedit
3382 785 3436 828 et
3478 787 3606 827 ccce

2014 862 2218 917 fumum
2273 880 2334 918 ex
2388 866 2719 919 Carbonibus
2772 867 2916 919 videt
2963 867 3424 919 adscendentcm:
3470 863 3608 934 jacit

2011 955 2386 1020 fundamenta,
2416 957 2784 1025 templumque
2825 973 2888 1012 ac
2919 958 3310 1010 monasteriltm
3345 957 3601 1019 aidiﬂcat,

2008 1050 2148 1116 quod
2177 1049 2373 1103 deinde
2435 1048 2674 1102 dilatatis
2723 1050 3004 1117 pommriis
3047 1049 3440 1117 amplissimuin
3473 1048 3606 1101 fecit

2007 1139 2302 1192 exstructis
2331 1139 2380 1192 in
2405 1154 2479 1192 ~co
2527 1151 2764 1208 quatuor
2798 1139 3032 1207 templis,
3069 1146 3125 1191 ut
3175 1154 3231 1195 n.
3281 1139 3349 1192 57
3379 1138 3602 1191 dicitur.

2006 1228 2190 1284 Prima
2225 1240 2279 1284 et
2301 1233 2569 1300 praecipua
2607 1248 2730 1301 pars
2754 1232 2870 1302 ejus
2902 1234 2967 1285 ad
2991 1231 3300 1302 speluncam
3322 1229 3600 1285 Cat/risura

2007 1323 2206 1375 dicitur
2235 1324 2285 1376 in
2323 1323 2442 1377 Vita
2483 1323 2542 1378 S.
2576 1327 2733 1378 Saliae
2786 1325 2869 1380 his
2909 1324 3090 1379 verbis
3131 1342 3145 1377 :
3204 1342 3223 1374 ι
3259 1322 3600 1376 Theodosius

1998 1411 2108 1481 jam
2150 1426 2454 1470 recesserat
2489 1417 2555 1470 ab
2582 1417 2812 1471 ecclesia
2843 1431 2965 1486 qua:
2994 1417 3191 1470 dicitur
3218 1415 3597 1478 Cathismatis,

2001 1516 2055 1560 et
2086 1508 2134 1559 in
2173 1516 2326 1576 parte
2358 1509 2520 1562 lanrze
2575 1523 2696 1576 qtae
2726 1510 2899 1578 vergit
2941 1509 3009 1562 ad
3071 1508 3432 1568 occidentem,
3466 1524 3599 1562 cou-

2002 1600 2255 1654 stituerat
2301 1604 2716 1666 monasterium,
2753 1602 2895 1671 quod
2923 1604 3044 1657 vita:
3087 1605 3451 1656 communiter
3493 1601 3595 1654 de-

2001 1690 2186 1757 gendae
2221 1693 2598 1757 conreniehat,
2626 1694 2842 1748 distans
2881 1709 2910 1747 a
2941 1692 3114 1746 Laura
3165 1691 3246 1763 (S.
3279 1692 3455 1760 Salue)
3491 1691 3594 1745 triv

2002 1780 2148 1847 ginta
2195 1781 2434 1850 quinque
2481 1783 2691 1848 stadiis,
2744 1802 2762 1833 ›
2801 1783 2853 1836 id
2884 1793 2966 1836 est
3022 1782 3133 1836 lere
3185 1780 3594 1852 sesquimilliari

307 1856 516 1915 nnario,
553 1856 639 1908 die
693 1859 998 1922 undecima,
1058 1860 1355 1916 indictione
1407 1869 1664 1934 Septima.
1715 1867 1812 1921 Cui
1844 1869 1895 1922 in
1931 1847 1970 1901 Β
2003 1866 2237 1938 Belgica,
2266 1888 2358 1925 seu
2391 1882 2625 1940 quatuor
2659 1873 2894 1927 millibus
2920 1889 3199 1942 passuum.

307 1948 626 2000 monasterii
656 1950 921 2017 regimine
967 1949 1254 2008 Soli-unius
1291 1958 1580 2017 successit.
1616 1960 1666 2010 in
1713 1968 1898 2014 muria-

302 2035 480 2089 chicis
512 2038 819 2091 actionibus
847 2041 981 2094 satis
1006 2042 1304 2109 perfectus.
1339 2044 1466 2100 Post
1487 2046 1894 2104 defunctionem

300 2138 482 2182 autem
537 2130 746 2184 abbatis
789 2132 1077 2190 Theodosii
1139 2138 1409 2193 irruentes
1445 2139 1792 2208 Samaritani,
1824 2155 1898 2200 to-

303 2233 409 2275 tam
439 2233 654 2291 gentem
702 2224 1002 2282 Palaestina:
1036 2232 1474 2301 concitaverunt,
1507 2237 1671 2289 multa
1705 2237 1894 2294 illicita

300 2325 616 2384 operantes,
662 2317 1029 2389 ecclesias-que
1065 2325 1438 2391 depraedantes
1497 2339 1662 2398 atque
1704 2331 1890 2384 incen-

304 2415 518 2474 dentes,
563 2408 908 2466 Christianos
947 2415 1153 2483 absque
1201 2416 1303 2468 ulla
1340 2421 1709 2475 misericordia
1747 2424 1886 2478 occi-

301 2503 514 2566 dentes,
550 2520 768 2556 omnem
807 2508 1084 2573 regionem
1114 2505 1556 2578 ignitradebant.
1595 2512 1890 2570 Venientes

299 2606 482 2646 autem
510 2597 577 2646 ad
632 2593 932 2664 Neapolim,
984 2598 1261 2669 nimisque
1291 2606 1691 2672 superbientes,
1726 2608 1892 2675 impe-

301 2697 540 2740 ratorem
570 2687 670 2740 sibi
700 2690 1100 2744 constituerunt
1124 2689 1398 2748 Julianum
1431 2698 1754 2764 quemdam;
1804 2700 1889 2752 in-

303 2783 668 2848 vadentesque
712 2781 1027 2847 civitatem,
1077 2787 1396 2856 episcopum
1456 2790 1886 2859 interfecerunt,

299 2877 474 2928 virum
537 2875 830 2928 sanctitate
891 2877 1148 2945 plenum,
1213 2880 1427 2936 blamon
1494 2886 1735 2940 nomine.
1801 2887 1891 2940 Si-

297 2968 501 3021 militer
556 2977 607 3021 et
669 2970 932 3037 quosdam
975 2987 1070 3038 pre
1109 2975 1326 3043 byteros
1384 2979 1778 3045 apprehensus,
1813 2979 1889 3032 di-

296 3060 472 3112 versis
503 3059 780 3129 suppliciis
828 3060 1088 3128 laniatus,
1137 3065 1244 3133 igni
1281 3065 1568 3120 tradebant
1597 3084 1611 3134 ;
1642 3071 1883 3138 \lﬂr—QIM‘,

2075 1962 2158 2016 18.
2193 1963 2426 2017 Lauram
2489 1965 2589 2018 hoc
2640 1963 2750 2018 fere
2804 1973 3049 2034 tempore
3095 1964 3357 2018 vocabant
3396 1978 3592 2017 mona-

1997 2057 2223 2110 chorum
2284 2056 2596 2110 mansiones
2625 2071 2718 2110 seu
2745 2057 2934 2120 cellas,
2964 2072 3098 2124 quas
3129 2055 3321 2109 additis
3353 2055 3590 2124 propriis

1997 2150 2308 2204 nominibus
2348 2151 2755 2216 discernebant,
2800 2161 2860 2204 ut
2913 2151 3117 2203 lanrair.
3171 2150 3227 2202 S.
3283 2148 3583 2218 Euthymii,

1998 2243 2054 2297 S.
2083 2244 2262 2307 Sabm,
2291 2243 2529 2307 Pharao,
2563 2255 2668 2299 etc.
2708 2243 2874 2312 Origo
2903 2243 3019 2312 ejus
3051 2244 3264 2297 videtur
3287 2241 3583 2311 repetenda

1994 2352 2022 2390 a
2049 2334 2209 2390 ﬂuvio
2238 2337 2414 2397 lauro,
2441 2335 2532 2404 qui
2561 2335 2765 2405 regioni
2811 2335 3023 2397 viciam,
3053 2350 3216 2402 quam
3244 2335 3582 2402 praeterﬂuit,

1993 2439 2045 2482 et
2077 2427 2420 2481 monasteriis
2447 2428 2499 2479 in
2533 2441 2594 2480 ea
2623 2426 2905 2479 :ediﬁcatis
2949 2440 3146 2478 nomen
3178 2426 3342 2480 dedit.
3376 2424 3450 2477 De
3481 2425 3585 2478 hac

1995 2520 2147 2572 laura
2183 2519 2253 2572 ita
2310 2519 2567 2572 scribitur
2603 2519 2653 2572 in
2699 2520 2805 2571 vita
2839 2517 2898 2572 S.
2935 2517 3206 2583 Quiriaci,
3233 2515 3301 2569 29
3336 2517 3584 2584 Septem;-

1993 2611 2111 2673 bris
2143 2627 2158 2664 :
2202 2628 2218 2660 ι
2258 2611 2483 2664 Divinus
2519 2624 2710 2663 rursus
2730 2609 3016 2675 Qniriaeus
3037 2607 3183 2660 venit
3215 2607 3266 2660 in
3304 2623 3420 2659 eam
3459 2622 3588 2674 par-

1979 2711 2100 2755 tem
2136 2699 2678 2770 solitudinis,in-qua
2713 2699 2897 2752 nullus
2929 2697 3258 2750 anachoreta
3303 2713 3400 2749 nec
3424 2712 3585 2748 man-

1991 2804 2160 2858 serat,
2196 2811 2292 2848 nec
2331 2807 2570 2862 unquam
2623 2791 2937 2845 transierat.
2961 2787 3358 2842 Nominabatur
3398 2799 3580 2840 autem

1994 2886 2144 2941 locus
2172 2887 2238 2938 ab
2272 2885 2473 2938 accolis
2505 2881 2776 2949 Susacim,
2801 2891 2854 2937 et
2899 2883 2950 2936 in
2983 2897 3048 2936 eo
3079 2891 3134 2935 et
3165 2896 3315 2936 nova:
3346 2880 3510 2934 lauraa
3526 2889 3583 2934 et

1996 2979 2151 3034 Sacae
2193 2977 2341 3032 ﬂurii
2379 2977 2540 3030 ambo
2582 2977 2929 3040 conveniunt,
2962 2989 3147 3029 eormn
3208 2988 3345 3043 quos
3378 2973 3582 3028 scimus

1993 3070 2215 3124 maximi
2247 3079 2299 3123 et
2325 3068 2760 3139 profundissimi.
2800 3065 3071 3120 Feruntur
3098 3074 3276 3117 autem
3308 3065 3342 3118 ii
3368 3080 3489 3118 esse
3511 3065 3577 3118 de

297 3166 419 3222 qua:
451 3153 608 3222 regia:
663 3151 1020 3218 vocabantur,
1057 3155 1393 3211 Clrristianis
1429 3159 1601 3213 invias
1625 3162 1956 3256 exh.bue-_C
1993 3165 2188 3232 quibus
2220 3162 2435 3216 Christo
2460 3161 2663 3214 dictum
2692 3174 2719 3212 a
2772 3157 2971 3212 Davide
3000 3174 3014 3211 :
3051 3155 3125 3209 T-u
3149 3157 3357 3209 siccasti
3388 3156 3580 3225 ﬂuvios

298 3251 444 3296 runt.
475 3261 494 3294 ι

549 3333 576 3406 §
610 3335 696 3394 ιν.
730 3337 878 3394 Situs
918 3340 1230 3394 monasterii
1260 3339 1316 3396 S.
1357 3341 1659 3398 Theodosii.

369 3424 454 3480 15.
492 3427 642 3496 Quod
669 3447 830 3501 supra
862 3430 888 3502 §
921 3446 959 3494 t,
993 3449 1046 3486 n.
1075 3435 1110 3486 2
1131 3446 1182 3486 et
1205 3434 1237 3486 5
1269 3434 1318 3486 in
1362 3435 1759 3506 Mttt‘lerIOgilS
1783 3451 1879 3490 no-

297 3519 560 3588 minatur,
622 3523 784 3577 veluti
845 3524 905 3579 S.
959 3527 1252 3580 TllCOthall
1309 3532 1486 3593 scies,
1534 3529 1873 3599 Cappadocia

269 3612 798 3686 ‘Graema,vicusque
820 3618 1181 3689 MagariasSns
1202 3621 1313 3692 (qui
1345 3637 1395 3673 Ill
1417 3622 1740 3690 Autltologio
1758 3624 1882 3676 Μω-

275 3710 545 3778 γαρισός,
583 3724 636 3762 ιιι
695 3713 803 3764 vita
857 3712 1200 3766 bibliotheca:
1256 3710 1531 3767 Vaticana:
1559 3715 1882 3786 Μογαριασ-

295 3801 410 3864 σός,
443 3804 494 3854 ili
531 3802 828 3870 hlenologio
865 3801 1146 3875 Marinus)
1182 3820 1287 3859 non
1320 3807 1389 3858 ita
1423 3806 1475 3860 id
1506 3806 1876 3876 accipiendum

293 3896 580 3963 est,quasi
624 3898 787 3949 isthic
853 3905 948 3948 aut
986 3899 1209 3962 obierit,
1240 3909 1331 3950 aut
1390 3900 1715 3967 praecipuam
1759 3901 1880 3953 vita:

273 3995 501 4052 partem
551 3990 822 4054 exegerit;
867 3986 962 4040 sed
1013 3989 1158 4057 quod
1210 3990 1427 4042 circiter
1458 4006 1546 4043 an.
1580 3990 1711 4044 Chr.
1751 3989 1875 4055 4'23,

291 4091 350 4132 ut
377 4079 632 4142 diximus,
677 4079 728 4131 in
758 4079 930 4132 lucem
967 4080 1128 4133 isthic
1177 4080 1375 4145 editus,
1411 4082 1780 4151 edurattnque
1811 4084 1878 4136 ad

289 4188 493 4226 annum
527 4172 706 4225 aetatis
739 4171 809 4225 ‘38
867 4171 1085 4238 vixerit,
1115 4183 1167 4227 et
1225 4187 1438 4226 sacram
1477 4175 1674 4243 populo
1709 4190 1876 4244 expo-

286 4265 459 4320 suerit
487 4266 849 4332 Scriptor-am.

361 4358 448 4412 16.
484 4355 613 4409 lude
655 4371 801 4410 anno
839 4355 1038 4411 Christi
1067 4355 1194 4420 451,
1243 4373 1365 4411 cum
1406 4357 1695 4413 concilium
1727 4372 1878 4414 mcu-

286 4451 558 4501 tuenicum
626 4463 676 4502 tv
731 4447 1075 4504 Chalcedene
1135 4449 1537 4517 celebraretur,
1596 4452 1874 4521 prolectus

1993 3254 2193 3308 lit/imi.
2230 3253 2372 3308 Psal.
2398 3268 2606 3317 Lxxvn,
2641 3251 2729 3305 15.
2773 3271 2792 3303 ι

2065 3348 2150 3401 l9.
2195 3345 2252 3400 S.
2289 3343 2526 3400 Isidorus
2565 3344 2836 3398 Pelusiuta
2885 3343 2952 3398 de
2999 3342 3102 3397 hoc
3142 3341 3262 3396 loco
3295 3343 3576 3396 consultus

1993 3440 2058 3492 ab
2090 3439 2392 3508 Epiphanio
2443 3439 2692 3502 diacono,
2735 3437 2807 3490 ita
2873 3437 3186 3504 respondet,
3230 3435 3266 3488 Ι.
3315 3451 3376 3498 ιι,
3413 3436 3578 3504 epist;

1989 3530 2058 3586 66
2096 3548 2110 3584 :
2149 3548 2168 3581 ι
2213 3531 2388 3584 Ειιιιιιι
2441 3528 2592 3582 locus
2648 3536 2763 3581 erat
2799 3526 2850 3579 in
2899 3524 3187 3580 Paliestina
3229 3525 3407 3579 ﬂuviis
3454 3525 3580 3578 irri-

1991 3638 2149 3693 guos,
2184 3634 2348 3692 atque
2380 3621 2672 3675 arboribus
2711 3629 2760 3673 et
2795 3619 3062 3672 fructibus
3088 3619 3394 3684 abundans,
3427 3617 3579 3693 et_ob

1991 3689 2290 3785 ingentium
2327 3714 2685 3766 animantium
2718 3725 2782 3765 ac
2818 3709 3048 3780 piscium
3101 3709 3314 3778 c0piam
3363 3709 3429 3762 ad
3478 3689 3576 3764 ie-

1990 3809 2226 3862 nanduin
2258 3806 2664 3866 accommodus,
2705 3821 2724 3853 ι
2769 3813 2875 3856 etc.
2908 3801 3115 3870 Allegat
3152 3801 3346 3856 dcimle
3383 3810 3578 3855 aucto-

1989 3901 2204 3955 ritatetn
2235 3898 2477 3968 Joseplti,
2508 3899 2662 3969 cujus
2693 3899 2804 3952 haec
2825 3898 2982 3953 verba
3002 3910 3148 3964 sunt,
3177 3899 3214 3951 I.
3237 3913 3367 3952 xvm
3390 3898 3574 3968 Amiq.

1985 3993 2202 4048 Judmc.
2235 4009 2283 4049 c.
2311 3994 2346 4046 τὶ
2379 4009 2394 4048 :
2435 4011 2452 4044 I
2482 3993 2684 4048 Aberat
2715 4002 2893 4046 autem
2922 3992 2988 4045 ab
3026 3990 3418 4060 Hierosolymis
3443 3991 3574 4042 duo-

1988 4105 2106 4142 rum
2137 4087 2480 4141 schzenorum
2528 4085 2705 4154 spatio
2739 4084 2997 4154 prmdium
3025 4083 3317 4152 quoddam,
3353 4096 3574 4135 nomine

1987 4181 2168 4240 Ettan.
2211 4179 2385 4234 hortis
2434 4188 2488 4233 et
2529 4177 2765 4231 inductis
2833 4176 3068 4229 fontibus
3104 4189 3375 4228 ammnum
3409 4175 3572 4227 simul

1984 4286 2040 4330 et
2071 4274 2386 4345 opulentum
2425 4291 2440 4327 :
2498 4271 2551 4325 in
2585 4270 2690 4324 hoc
2733 4271 2907 4323 exitus
2937 4267 3170 4323 faciebat
3222 4267 3398 4321 libens
3449 4268 3572 4336 (seu

1983 4367 2134 4422 exire
2165 4363 2560 4432 delectabatur)
2589 4361 2868 4416 Salomon.
2904 4379 2922 4411 ι
2957 4360 3045 4414 Est
3070 4372 3249 4413 autem
3276 4357 3569 4425 Schmnus,

1985 4460 2219 4532 σχοῖνος.
2285 4471 2536 4511 mensura
2574 4464 2730 4508 terra:
2758 4451 3102 4522 .‘Egyptiaca,
3133 4450 3421 4504 continens
3467 4463 3573 4532 isc-

285 4540 737 4612 Hierosolymam,
771 4541 972 4610 aliquot
999 4541 1162 4596 isthic
1211 4559 1384 4598 annos
1417 4556 1656 4600 moratus
1687 4557 1789 4609 est,
1819 4558 1873 4602 et
1904 4569 1952 4628 ι)
1987 4531 2206 4622 xaginta
2237 4551 2434 4611 stadia,
2465 4545 2738 4599 Herodoto
2772 4556 3016 4608 auctore,
3069 4543 3103 4597 l.
3159 4558 3222 4606 ll,
3260 4558 3309 4597 c.
3333 4541 3406 4607 6;
3443 4531 3572 4596 licet

284 4637 536 4706 spiritum
577 4637 756 4691 hausit
781 4639 900 4690 vitae
955 4637 1236 4690 solitariae.
1269 4637 1416 4690 Abiit
1449 4637 1632 4705 itaque
1661 4639 1711 4690 in
1745 4638 1876 4692 soli-

288 4728 528 4780 tudinem
552 4729 789 4797 aliquam
823 4729 1080 4790 vicinam,
1109 4743 1269 4797 quam
1311 4745 1330 4778 ‹
1374 4742 1616 4780 eremum
1671 4740 1874 4783 sancta:

279 4817 486 4874 Christi
533 4817 746 4873 Domini
798 4822 972 4874 nostri
1027 4821 1265 4875 civitatis
1302 4839 1321 4872 ι
1358 4819 1871 4889 appellat—Joannes

279 4911 534 4968 Moschus
562 4914 612 4966 in
640 4909 810 4966 Prata
835 4914 1129 4983 apiriluali,
1167 4930 1216 4969 c.
1255 4913 1324 4966 82
1347 4923 1400 4967 et
1430 4911 1552 4966 105.
1595 4913 1690 4967 llic
1722 4914 1870 4969 inco-

278 5006 709 5073 luitspeluncam
742 5022 886 5072 eain,
917 5007 982 5058 ad
1022 5021 1184 5074 quam
1221 5007 1513 5059 traduntur
1541 5003 1684 5076 Magi
1737 5007 1870 5058 ado-

277 5109 398 5154 rato
432 5099 486 5152 in
526 5099 800 5153 Bethleem
837 5098 1056 5152 Christo
1087 5097 1394 5164 divertisse,
1425 5114 1545 5153 cum
1570 5098 1639 5152 ab
1673 5099 1869 5166 angi-lo

269 5195 411 5266 jussi
437 5204 616 5247 essent
659 5207 756 5260 per
791 5191 950 5244 aliam
983 5193 1119 5245 viam
1159 5193 1213 5245 in
1263 5207 1390 5246 suas
1419 5191 1595 5246 redire
1643 5194 1862 5260 provin~

273 5290 412 5340 eius.
457 5283 514 5338 lu
569 5285 711 5339 hanc
759 5285 1070 5354 Speluncam
1109 5287 1433 5338 descensum
1471 5301 1566 5353 per
1591 5287 1777 5339 decem
1811 5297 1864 5338 et

272 5391 397 5433 octo
427 5381 626 5448 gradus
662 5377 904 5446 patuisse
934 5377 1093 5431 docet
1129 5375 1402 5440 Moschus,
1439 5391 1488 5429 c.
1530 5377 1643 5430 l05.

348 5469 436 5525 17.
479 5469 645 5524 Fama
699 5470 1006 5523 sanctitatis
1061 5470 1177 5538 ejus
1218 5469 1409 5522 deinde
1465 5469 1626 5522 exciti
1659 5467 1770 5532 alii,
1806 5481 1863 5520 sc

273 5564 393 5630 eius
447 5561 744 5631 disciplinae
799 5561 1180 5628 subjecerunt;
1248 5571 1303 5614 et
1354 5561 1598 5627 prmclari
1660 5560 1859 5614 ibidem

274 5655 578 5710 ardilicandi
600 5654 833 5709 emnobii
861 5656 1201 5708 occasionem
1236 5653 1604 5722 praebuerunt.
1633 5651 1854 5716 Locum,

276 5749 364 5804 ubi
394 5748 444 5802 id
471 5756 711 5804 statuere
742 5748 1129 5802 monasterium
1177 5747 1424 5812 deberet,
1461 5745 1719 5805 d',;initus
1757 5744 1856 5797 sibi

275 5839 566 5896 monstrari
635 5849 906 5908 precatus,
963 5841 1228 5897 instinctu
1287 5839 1462 5895 dirinr
1524 5837 1856 5892 thrilulum

1977 4645 2211 4706 Plinius,
2237 4641 2274 4696 Ι.
2312 4657 2409 4705 xtl,
2442 4655 2494 4694 c.
2542 4638 2627 4700 Η,
2659 4637 3013 4707 quadraginta
3058 4637 3230 4690 stadia
3265 4635 3441 4700 dicat;
3476 4635 3567 4689 ubi

1981 4748 2158 4790 tamen
2215 4746 2466 4789 notarum
2546 4747 2788 4785 errorem
2856 4729 3167 4798 suspicatur
3218 4727 3449 4783 Budaeus
3512 4729 3566 4782 in

1976 4829 2234 4883 Annotat.
2299 4826 2524 4896 priorib.
2589 4824 2640 4878 iii
2707 4840 2766 4876 π.
2835 4820 3083 4876 Distahat
3146 4836 3275 4890 ergo
3342 4822 3430 4876 hic
3484 4821 3568 4874 lo-

1974 4935 2071 4975 cus
2121 4917 2544 4988 Hierosolymis,
2599 4916 2752 4986 juxta
2803 4912 3059 4968 Herodoti
3125 4913 3416 4974 calculum,
3474 4928 3568 4966 se-

1976 5022 2116 5081 ptem
2181 5009 2420 5064 millibus
2473 5018 2527 5063 et
2568 5007 2899 5084 .quingentis
2970 5007 3222 5074 passibus
3276 5021 3371 5060 seu
3429 5005 3568 5058 (hia-

1979 5120 2092 5156 rmn
2153 5103 2412 5156 horarum
2456 5114 2520 5152 ac
2568 5099 2804 5153 dimidim
2865 5097 3081 5150 itinere.
3125 5095 3398 5150 Consonat
3455 5092 3562 5148 l’e-

1975 5197 2259 5264 regrinatio
2299 5190 2786 5260 Hierosolymitana
2823 5189 3202 5258 Christopltori
3249 5187 3560 5251 Radzivilii,

1971 5289 2060 5356 qui
2097 5301 2346 5354 egressus
2375 5294 2525 5338 extra
2571 5291 2777 5349 portam
2812 5280 3072 5344 Piscium,
3107 5281 3346 5333 emensis
3379 5279 3557 5332 tribus

1973 5377 2295 5430 milliaribus
2345 5374 2573 5440 magnis,
2624 5370 2871 5439 pervenit
2937 5369 3002 5423 ad
3071 5371 3461 5425 monasterium
3497 5373 3556 5426 ὃ.

1971 5468 2151 5530 διιὺω,
2179 5465 2321 5534 quod
2363 5465 2657 5517 etiamnum
2690 5470 2903 5525 exstat;
2942 5475 2970 5512 c
3019 5476 3123 5529 qun
3151 5461 3290 5515 circa
3323 5461 3558 5516 mediam

1970 5569 2182 5614 noctem
2213 5571 2484 5625 egressus,
2524 5555 2717 5606 itinere
2752 5564 3017 5606 nocturno
3051 5552 3284 5608 confecit
3311 5554 3412 5608 tria
3443 5568 3560 5624 pas-

1968 5666 2124 5704 suum
2173 5648 2362 5710 millia,
2398 5655 2454 5699 et
2495 5644 2549 5696 in
2587 5659 2785 5696 aurora
2825 5657 2976 5694 mare
3007 5643 3382 5712 Asphalticum
3424 5659 3557 5698 eon-

1970 5743 2168 5809 spexit,
2197 5741 2264 5793 ad
2308 5739 2462 5808 cujus
2492 5738 2643 5791 littus
2695 5737 2823 5789 hora
2857 5736 2959 5789 dici
2993 5739 3226 5790 secunda
3283 5741 3553 5805 pervenit.

1971 5834 2344 5890 3f‘nsul0u:_!us
2399 5827 2798 5890 A.'richomiu.~‘,
2833 5827 2923 5896 qui
2967 5827 3020 5881 id
3071 5828 3296 5882 collocat
3326 5832 3392 5883 ad
3440 5832 3554 5883 Ait-
