3886 6476
297 367 403 433 465

1016 381 1193 440 νιΤΑ
1230 383 1295 445 S.‘
1329 384 1746 447 THEODOSII
1788 389 2388 452 C(ENOBIARCl'l/E.
2418 418 2485 427 -
2513 388 2896 451 PROOEMIA.

3466 382 3574 448 466

298 492 468 534 strum
501 479 744 546 ilerodii,
780 484 923 541 inter
952 486 1246 545 llerodium
1274 500 1328 546 et
1353 494 1649 550 Thecuam.
1673 496 1753 550 Ah
1778 498 1878 552 hoc
1904 500 1957 562 Α
1983 499 2092 553 imo
2120 487 2249 554 vero
2282 497 2611 553 voluntatem
2643 498 2871 553 alterius
2925 497 3152 568 putabat
3203 510 3326 553 esse
3374 510 3530 550 suam

299 571 536 625 distabat
587 578 975 633 monasterium
1031 579 1091 635 S.
1133 582 1424 639 Theodosii
1476 587 1888 657 sesquimilliari

297 678 489 719 versus
534 666 897 733 occidentem,
956 670 1347 747 Hierosolyma:
1399 680 1793 749 propinquius;
1833 692 1891 737 ut

294 756 462 823 exigit
498 757 635 812 visio
668 758 721 812 in
767 775 834 814 eo
867 759 1095 820 factas.
1140 766 1318 834 Sabas,
1360 787 1379 821 ‹
1416 775 1717 827 ostendens
1759 774 1889 829 Tor-

296 846 647 913 rentem,qui
681 862 709 898 a
745 846 892 901 Siloe
918 850 1104 907 deﬂuit
1147 856 1214 909 ad
1257 867 1528 925 austrum,
1568 872 1624 917 et
1680 864 1887 919 denun-

298 932 441 986 tians
494 945 548 986 nt
586 935 858 992 habitaret
883 938 1166 1019 Torrentis
1194 949 1532 1017 speluncam,
1566 969 1684 1024 qum
1713 958 1886 1027 vergit

296 1025 362 1077 ad
416 1026 711 1083 orientem.
771 1048 792 1083 ι
829 1031 925 1086 Hic
977 1033 1144 1103 Siloe,
1203 1053 1297 1094 seu
1356 1043 1562 1111 piscina
1593 1025 1882 1114 natatoria,

303 1129 548 1182 respecm
580 1121 969 1196 Hierosolyma:
1001 1128 1066 1183 ad
1120 1140 1389 1196 austrum,
1426 1134 1668 1192 illabitur
1698 1140 1750 1194 in
1780 1138 1887 1195 Ce-

299 1204 458 1271 dron,
501 1210 662 1280 vulgo
693 1213 1050 1284 Torrentem;
1112 1223 1203 1289 qui
1258 1221 1491 1281 ﬂuviolis
1543 1243 1606 1283 ac
1643 1228 1884 1288 fontibus

299 1309 488 1352 auctus
538 1317 634 1370 per
681 1305 839 1373 plana
874 1309 1073 1364 deserti
1111 1327 1301 1368 versus
1352 1316 1619 1374 orientem
1654 1321 1706 1377 in
1735 1338 1882 1381 mare

297 1390 571 1446 Mortunm
604 1395 1234 1463 inﬂuens,absorbetur.
1258 1405 1391 1461 Huic
1415 1407 1689 1468 Torrenti-
1707 1417 1882 1471 itumi-

296 1494 518 1538 scentur
545 1486 695 1543 citati
751 1488 897 1546 ﬂuvii
956 1492 1130 1550 Laura
1182 1507 1237 1552 et
1266 1499 1428 1565 Suca,
1465 1505 1532 1556 ad
1568 1504 1725 1573 hujus
1753 1524 1889 1567 vero.

296 1575 633 1632 conﬂuentes
657 1580 904 1637 Susacim
942 1585 1000 1642 8.
1039 1588 1301 1654 Quiriaci.
1328 1596 1615 1666 nonaginta
1648 1614 1675 1652 a
1700 1598 1877 1658 Laura

297 1661 543 1726 Sa‘Sattm
568 1675 726 1730 stadii
775 1676 937 1731 sitmn
971 1691 1133 1739 erata
1168 1683 1291 1741 Haec
1323 1687 1388 1741 de
1438 1661 1556 1745 loco
1615 1701 1670 1747 et
1711 1694 1877 1752 laurtc

298 1757 542 1815 S..Sah:c
566 1772 619 1817 et
644 1771 962 1826 monasterii
1004 1773 1062 1826 8.
1100 1775 1445 1840 Theodosii“

1997 605 2119 645 cum
2148 590 2349 647 Christi
2388 606 2541 645 amor
2569 592 2648 645 sic
2685 606 2778 646 eos
2828 590 3223 659 coniunxisset,
3247 598 3302 643 et
3334 598 3391 642 ut
3432 588 3578 642 idem

1994 682 2263 739 sentirent
2323 683 2402 736 eis
2436 683 2813 752 persuasisset.
2851 682 2963 738 Hoc
2993 691 3172 737 autem
3199 692 3308 735 erat
3336 681 3577 736 omnium

1994 789 2244 830 sermone
2268 773 2628 838 celebratum,
2660 783 2717 829 et
2774 775 2916 829 aliud
2974 789 3072 844 par
3120 774 3477 844 apostolicum
3512 773 3580 828 ab

1994 866 2510 938 Hierosolymitanis
2556 867 2948 936 iudicabantur
2995 877 3160 935 atque
3215 867 3581 921 nominaban-

1994 967 2101 1014 tur.
2144 959 2235 1014 Eis
2278 962 2345 1014 ab
2380 959 2819 1030 archiepiscopo,
2843 975 2872 1013 a
2912 959 3172 1022 Salustio,
3203 959 3447 1027 inquam,
3485 958 3575 1025 qui

1989 1052 2182 1107 eratin
2215 1051 2433 1106 Christo
2468 1051 2950 1128 consummamlus,
2998 1052 3251 1106 mandata
3306 1050 3405 1103 fuit
3437 1065 3575 1119 prte-

1990 1141 2198 1197 fectnra
2259 1143 2499 1198 universi
2553 1152 2730 1197 ctetus
2788 1143 3204 1207 monachorum,
3270 1157 3376 1196 non
3434 1141 3574 1207 quod

1989 1233 2093 1304 ipsi
2144 1249 2264 1289 eam
2318 1249 2435 1289 rem
2468 1236 2879 1305 concupissent,
2907 1233 3000 1288 sed
3033 1234 3214 1302 petius
3242 1232 3400 1288 electi
3440 1232 3575 1285 fuis-

1987 1337 2113 1383 sent
2144 1343 2171 1380 a
2230 1325 2541 1392 monachis,
2566 1335 2621 1382 et
2671 1327 2953 1398 prannium
2983 1326 3204 1380 virtutis
3244 1341 3361 1379 eam
3418 1338 3575 1378 acce-

1986 1420 2198 1491 pissent
2226 1418 2629 1489 praefecturam.
2654 1417 2906 1485 Quonam
2952 1417 3112 1472 modo
3126 1426 3316 1471 autem
3343 1415 3410 1470 ad
3437 1415 3577 1469 hanc

1983 1511 2511 1569 administrationem
2539 1512 2913 1583 pervenerint,
2946 1512 3122 1566 dicam
3151 1512 3362 1581 paucis.

2049 1603 2141 1659 25.
2185 1604 2373 1659 «.Cum
2426 1605 2667 1674 Elpidius
2695 1615 2748 1658 et
2783 1604 2965 1672 Elias,
2991 1620 3340 1661 successores
3390 1607 3573 1676 magni

1979 1694 2312 1763 Pasarionis,
2335 1712 2365 1752 e
2384 1698 2492 1752 vita
2513 1697 2904 1764 excessissent,
2938 1711 3338 1769 consequenter
3360 1700 3427 1753 ad
3458 1697 3567 1755 La-

1982 1805 2171 1843 zarum
2229 1791 2428 1846 transit
2459 1790 2887 1846 administratio.
2941 1789 3035 1846 Sic
3062 1778 3225 1847 etiam
3261 1791 3329 1846 ad
3359 1792 3597 1846 Geron-.

361 1850 454 1906 20.
476 1852 548 1908 .ln
600 1856 700 1911 hoc
733 1859 1072 1919 celeberrimi
1126 1866 1420 1926 Theodosii
1455 1875 1715 1933 doctrinm
1759 1879 1874 1934 fru-
1907 1848 1953 1904 Β
1983 1879 2136 1933 tium.
2159 1879 2258 1946 Qui
2293 1896 2416 1936 cum
2467 1882 2818 1962 decessisset,
2850 1883 3139 1939 Anastasio
3174 1899 3302 1939 cura
3335 1882 3566 1938 fratrum

294 1949 440 1995 clum
477 1949 807 2015 percepisse
850 1953 1048 2008 dicitur
1090 1957 1166 2026 (in
1209 1959 1319 2015 vita
1372 1961 1431 2018 8.
1487 1963 1665 2038 διώξει)
1717 1968 1874 2026 beata

296 2032 611 2127 imperatrix
668 2039 926 2109 Euducia,
985 2044 1274 2104 Theodosii
1324 2051 1371 2106 ll
1423 2032 1663 2113 defuncti
1714 2075 1873 2127 uxor,

293 2141 413 2179 cmn
436 2126 685 2184 lneresim
719 2134 1132 2205 Eutychiauam,
1158 2157 1318 2209 quam
1347 2161 1375 2198 a
1403 2126 1876 2215 pseudomonacho

294 2210 602 2274 Theodosio
656 2221 931 2290 hauserat,
983 2227 1309 2299 ahjurasset,
1360 2247 1413 2291 et
1452 2241 1678 2295 remissa
1712 2257 1739 2295 a
1774 2243 1875 2314 Sy-

291 2320 485 2361 meone
522 2311 714 2382 Stylita
751 2316 818 2369 ad
871 2318 929 2372 S.
962 2320 1335 2396 Euthymium,
1368 2345 1471 2385 una
1508 2330 1567 2386 8.
1622 2311 1874 2391 Theodo-

290 2397 429 2451 sium
462 2399 748 2473 inviseret;
781 2408 910 2464 obiit
942 2413 1027 2467 illa
1063 2418 1296 2474 an.,,(}h.
1330 2419 1455 2477 460.
1486 2424 1559 2478 De
1604 2440 1666 2478 ea
1694 2437 1871 2483 actum

291 2488 344 2542 in
379 2489 536 2548 Notis
566 2496 635 2551 ad
672 2499 835 2554 vitam
871 2501 929 2558 8.
965 2505 1238 2565 Simeonis
1268 2509 1473 2584 Stylitae
1499 2527 1725 2574 auctore
1753 2518 1873 2575 Me-

294 2584 593 2680 tapltr-ast—e,
627 2589 661 2643 5
690 2589 811 2647 Jan.
839 2595 1082 2677 c.12lit.
1118 2599 1171 2654 h.
1225 2614 1278 2656 et
1315 2606 1559 2672 pluribus
1595 2620 1786 2680 agetur
1816 2611 1869 2666 in

290 2672 409 2727 vita
433 2675 491 2730 s.
523 2676 819 2752 Euthymii,
850 2672 1164 2746 causam.
1196 2692 1313 2749 Hoc
1337 2672 1719 2755 S..Theodosii
1751 2719 1870 2758 mo-

290 2770 616 2836 nasterium,
670 2775 738 2828 ab
793 2778 939 2834 obitu
1007 2783 1137 2850 ejus.
1176 2801 1393 2857 semper
1441 2792 1865 2864 dcnominatum,

287 2860 583 2955 praeclaros
641 2866 828 2923 habuit
867 2871 988 2931 ﬂdei
1044 2878 1359 2935 orthodoxae
1414 2860 1866 2955 propugnatores,

287 2948 485 3016 quibus
515 2969 625 3020 prae
665 2958 883 3030 reliquis
912 2961 1213 3022 Palaestinae
1244 2948 1585 3030 mo:tasteriis
1619 2980 1867 3045 praemi-

289 3045 471 3099 nentia
501 3061 709 3104 summa
739 3056 877 3117 apud
903 3056 1258 3127 imperatores
1312 3074 1366 3120 et
1393 3066 1443 3121 in
1467 3069 1714 3124 conciliis
1736 3071 1861 3127 fuit.

291 3132 502 3204 Smpius
524 3156 714 3198 eorum
743 3147 974 3205 virtutes
1006 3155 1331 3223 depraedicat
1356 3159 1592 3217 Joannes
1610 3162 1862 3221 Moschus

290 3224 343 3321 in
378 3229 542 3285 Prata
577 3237 860 3304 spirituali,
892 3244 1232 3311 potissimum
1266 3265 1315 3306 c.
1351 3252 1404 3315 5,
1440 3252 1530 3321 22,
1560 3254 1661 3320 25,,
1691 3256 1779 3321 92,
1813 3266 1870 3313 et

292 3318 574 3377 duodecim
607 3332 984 3402 sequentibus,
1042 3345 1096 3390 et
1151 3339 1275 3405 109.
1333 3318 1560 3412 quorum
1607 3318 1866 3405 nonnulla

292 3425 571 3489 perperam
611 3420 820 3474 titulum
856 3431 1169 3494 monasterii
1212 3432 1269 3488 8.
1307 3435 1593 3494 Theodosii
1631 3442 1685 3496 in
1735 3443 1868 3501 Sco.-

287 3505 410 3606 pulo
452 3506 656 3565 Cilicia:
707 3516 1020 3585 praeferunt,
1060 3534 1116 3578 ut
1154 3527 1329 3596 capita
1376 3531 1444 3586 93
1492 3542 1546 3587 et
1593 3534 1681 3598 99,
1722 3539 1867 3606 quod

293 3596 487 3651 mirum
555 3616 609 3657 ει,
649 3609 870 3663 nemine
945 3609 1208 3670 hactenus
1275 3616 1443 3674 fuisse
1515 3596 1862 3684 animadver-

291 3700 430 3744 sum.
446 3740 449 3741 ,

467 3829 505 3902 ς·
526 3830 590 3886 ν.
627 3831 728 3890 SS.
763 3835 920 3893 Saba:
947 3851 995 3895 et
1027 3841 1308 3902 TheodOsii
1337 3850 1702 3920 familiaritas.

358 3962 447 4020 2|.
480 3965 683 4021 Auctor
725 3971 845 4026 vitae
872 3972 926 4028 S.
969 3976 1260 4036 Theodosii
1297 3999 1363 4039 ne
1393 3985 1476 4039 vel
1508 4004 1702 4045 nomen
1739 3994 1863 4064 qni-

290 4058 406 4110 dem
459 4057 517 4112 8.
579 4058 734 4147 Saba;
788 4067 1065 4134 exprimit.
1126 4069 1182 4126 In
1242 4073 1401 4143 hujus
1453 4075 1571 4141 Vita
1619 4057 1862 4148 pluribus

270 4152 572 4219 _utriusqtte
606 4154 901 4219 amicitiam
957 4161 1233 4219 collaudat
1275 4166 1528 4239 Cyrillus.
1566 4191 1584 4223 ι
1638 4173 1865 4231 Accedit

289 4237 360 4292 ad
402 4239 625 4309 Sabam,
671 4245 863 4316 inquit,
901 4249 1116 4317 quidam
1153 4237 1471 4324 monachus,
1505 4265 1720 4318 nomine
1752 4266 1865 4321 An-

287 4331 432 4397 thus,
469 4336 552 4387 vir
589 4337 797 4394 amicus
856 4342 1098 4411 virtutis,
1147 4350 1238 4416 qui
1293 4350 1393 4420 ipsi
1428 4367 1646 4425 quoque
1702 4357 1862 4430 longo

282 4430 523 4493 tempore
550 4438 800 4484 versatus
829 4428 1002 4487 fuerat
1027 4450 1149 4489 cum
1176 4428 1854 4508 magno'l‘hcodosio.....a

282 4512 378 4569 Hic
406 4519 457 4570 in
494 4519 612 4573 Vita
648 4519 836 4576 Latina
881 4523 1076 4581 Florus
1104 4530 1447 4599 appellatur:
1484 4553 1502 4586 ι
1543 4535 1696 4592 Tunc
1749 4541 1858 4609 pri-

253 4675 257 4680 ⁸
284 4622 429 4662 mum
462 4611 722 4667 divinitus
754 4613 839 4668 hic
872 4614 1045 4672 Sabas
1086 4622 1270 4675 evadit
1312 4632 1471 4679 notus
1511 4626 1571 4681 B.
1605 4627 1856 4684 Theodo-

280 4696 380 4761 sio,
418 4715 540 4753 cum
571 4702 652 4756 eis
685 4703 753 4760 ad
785 4704 922 4761 hanc
965 4712 1329 4781 cognitionem
1364 4715 1575 4772 Authus
1632 4720 1858 4789 pulchre

284 4788 702 4849 intercessisset.
760 4794 965 4853 Deinde
1042 4808 1221 4857 autem
1285 4806 1447 4860 etiam
1503 4788 1852 4868 solitudinem

279 4877 404 4934 facit
440 4880 630 4950 Sabas,
684 4894 738 4939 et
782 4886 988 4944 lauram
1016 4892 1069 4946 in
1097 4908 1160 4949 ea
1197 4898 1501 4955 constituit.
1539 4919 1560 4953 ι
1595 4902 1784 4959 Annus
1812 4907 1858 4961 is

278 4982 396 5024 erat
422 4972 626 5031 Chrisd
651 4978 779 5034 477.

343 5062 436 5119 2‘2.
473 5085 492 5117 ι
542 5067 764 5126 Divinus
819 5072 991 5131 Sabas
1034 5076 1233 5150 (pergit
1277 5081 1479 5138 ibidem
1517 5084 1775 5158 Cyrillus)
1811 5090 1856 5145 si

276 5172 523 5226 quentes
567 5163 634 5217 iis
682 5166 771 5234 qui
810 5171 1010 5224 mundo
1043 5173 1428 5244 renuntiabant
1459 5178 1665 5235 videret
1709 5180 1854 5249 ejus-

279 5253 445 5315 modi,
500 5255 585 5308 eui
621 5257 832 5312 scilicet
875 5261 1042 5317 facies
1069 5265 1307 5320 n0ndum
1357 5278 1501 5324 esset
1537 5280 1674 5325 tecta
1709 5274 1857 5342 pilis,

272 5359 394 5399 eum
429 5347 675 5404 mittebat
705 5354 772 5406 ad
805 5352 1193 5424 Theodosium,
1243 5358 1336 5429 qui
1398 5374 1494 5415 eos
1540 5364 1631 5432 qui
1668 5366 1854 5441 mitte-

273 5442 477 5498 baxunr
520 5444 751 5503 libenter
798 5452 1088 5507 admodum
1123 5456 1424 5526 excipiens,
1451 5461 1709 5516 omnibus
1740 5478 1856 5519 mo-

271 5531 355 5586 dis
407 5536 661 5591 studebat
690 5554 880 5597 eorum
912 5559 1098 5600 curam
1129 5561 1350 5616 gerere,
1374 5549 1424 5604 ei
1485 5553 1576 5621 qui
1632 5554 1854 5609 miserat

267 5625 585 5693 gratiﬁcans
608 5646 622 5684 :
647 5643 804 5686 erant
826 5636 971 5690 enim
1025 5655 1219 5710 magno
1251 5642 1391 5698 inter
1424 5658 1484 5699 se
1508 5659 1693 5704 amare
1719 5661 1851 5701 con-

262 5718 435 5782 juncti
469 5720 683 5778 divinus
705 5723 881 5782 Sabas
901 5738 956 5783 et
988 5729 1078 5787 hic
1116 5729 1178 5786 Β.
1204 5731 1544 5794 Theodosius
1568 5754 1585 5796 τ
1608 5748 1662 5799 et
1699 5749 1847 5795 uter-

268 5823 374 5883 que
403 5810 630 5871 alterius
671 5817 1003 5877 voluntatem
1048 5825 1365 5894 praeferebat
1422 5828 1684 5895 voltrﬁti
1712 5822 1843 5900 sure,

1979 1973 2357 2027 committitur.
2379 1973 2511 2028 Cum
2538 1974 2571 2028 ii
2592 1989 2744 2042 ergo,
2776 1974 3042 2041 Lazarus,
3075 1976 3389 2047 inquam,et
3416 1975 3572 2029 Ana.

1978 2065 2203 2130 stasius,
2237 2074 2533 2132 praeessent
2555 2064 3043 2130 administrationi,
3071 2084 3160 2122 res
3179 2067 3565 2122 monachorum

1976 2168 2139 2211 erant
2169 2158 2457 2214 admodum
2506 2159 2855 2225 turbulentae,
2885 2170 2941 2216 et
2981 2161 3235 2216 maximis
3279 2161 3567 2231 agitaban-

1979 2256 2066 2302 tur
2091 2246 2365 2302 ﬂuctibus.
2398 2247 2530 2304 Cum
2567 2250 2619 2302 hi
2650 2264 2799 2322 ergo,
2829 2265 2970 2318 quos
3000 2249 3258 2315 diximus,
3302 2249 3565 2317 Lazarus.

1978 2335 2226 2406 inquam,
2258 2348 2309 2391 et
2344 2339 2691 2403 Anastasius,
2720 2340 3038 2406 monasticae
3060 2340 3408 2410 perfectionis
3444 2356 3572 2408 paro

1975 2443 2097 2483 vam
2127 2439 2220 2484 aut
2242 2430 2444 2484 nullam
2470 2446 2658 2486 curam
2684 2443 2961 2503 gererent,
2994 2432 3059 2486 ad
3095 2433 3356 2502 quasdam
3382 2443 3565 2486 autem

1975 2522 2280 2578 mundanas
2309 2538 2469 2578 curas
2488 2533 2544 2578 et
2571 2524 2816 2592 pecuniae
2836 2523 3204 2580 emolumenta
3243 2534 3352 2578 tota
3380 2532 3565 2579 urente

1975 2622 2028 2665 et
2056 2612 2235 2666 anima
2261 2615 2508 2671 conversi
2538 2627 2753 2682 essent;
2812 2620 3048 2672 maxime
3087 2632 3209 2671 cum
3241 2616 3566 2671 Anastasius

1976 2710 2103 2757 tunc
2128 2714 2245 2773 post
2271 2703 2542 2761 Zenonem
2592 2708 2922 2776 suscepisset
2948 2707 3264 2776 imperium,
3299 2718 3353 2762 et
3387 2707 3562 2762 Schis-

1972 2804 2116 2850 mata
2146 2812 2268 2851 cum
2305 2813 2521 2852 summa
2578 2798 2911 2868 impudentia
2946 2810 2998 2855 et
3030 2799 3247 2855 licentia
3277 2800 3562 2869 loqueren-

1969 2895 2059 2942 tur
2093 2889 2358 2943 adversns
2389 2890 2711 2946 Ecclesiam.
2764 2891 2900 2947 Cum
2967 2902 3095 2948 tunc
3156 2907 3285 2964 ergo
3342 2892 3559 2947 divinus

1970 2980 2575 3053 Salustius(eratautem
2593 2985 2637 3040 is
2659 2984 2971 3040 Patriarcha
2993 2983 3558 3057 Hierosolymitonus),

1969 3075 2254 3130 statuisset
2279 3073 2519 3133 liberare
2542 3077 2741 3134 fratres
2764 3081 2833 3134 ab
2851 3078 2940 3134 illa
2963 3088 3300 3149 tempeState,
3322 3080 3558 3150 primum

1895 3193 1941 3252 ο
1974 3168 2197 3234 quidem
2241 3170 2547 3238 constituit,
2616 3179 2695 3236 ut,
2748 3174 2839 3241 qui
2865 3174 2977 3243 jam
3031 3190 3058 3227 a
3116 3189 3207 3229 me
3250 3174 3427 3229 dictus
3475 3186 3560 3231 est

1974 3259 2280 3315 Marcianus
2295 3261 2375 3315 eis
2415 3273 2697 3332 praeesset,
2715 3272 2765 3318 et
2797 3277 2982 3318 eorum
3027 3265 3325 3336 susciperet
3357 3266 3557 3321 rectio-

1971 3366 2117 3406 nem.
2145 3352 2280 3405 Cum
2322 3362 2501 3406 autem
2538 3355 2938 3411 intercessisset
2978 3356 3311 3427 aliquantum
3347 3368 3560 3427 tempo-

1970 3444 2073 3509 ris,
2103 3444 2643 3515 aegrotabatquidem
2672 3447 2887 3501 divinus
2918 3446 3213 3512 Salustius,
3246 3457 3301 3504 ct
3326 3463 3556 3517 corpore

1969 3544 2089 3592 erat
2118 3538 2257 3592 male
2288 3536 2513 3593 allectus
2548 3555 2562 3591 :
2592 3538 2657 3593 ad
2685 3554 2810 3594 eum
2850 3555 2976 3594 vero
3007 3542 3340 3596 conveniunt
3362 3557 3553 3597 omnes

1969 3631 2062 3700 qui
2104 3642 2262 3684 erant
2292 3632 2346 3685 in
2391 3632 2683 3687 solitudine
2712 3647 2724 3684 :
2753 3633 2868 3702 ipse
2900 3644 3080 3687 autem
3122 3637 3397 3690 communi
3440 3635 3554 3691 suf-

1968 3721 2144 3791 fragio
2174 3736 2361 3776 eorum
2380 3721 2472 3793 qui
2501 3722 2660 3777 sinml
2690 3734 3083 3788 convenerant,
3117 3727 3306 3780 statuit
3343 3735 3400 3780 ut
3432 3742 3555 3781 mo-

1970 3816 2246 3881 nasteriis,
2268 3831 2389 3886 qua:
2409 3826 2565 3872 erant
2589 3819 2731 3873 circa
2750 3830 2991 3873 sanctam
3024 3819 3323 3885 civitatem,
3352 3838 3555 3891 praes-

1969 3916 2093 3963 seut
2147 3909 2321 3962 Sabas
2352 3921 2405 3963 et
2449 3908 2807 3975 Theodosius.
2842 3912 2900 3975 ii,
2958 3926 3095 3980 quos
3127 3928 3366 3981 prmseus
3401 3918 3553 3972 vobis

1967 4001 2203 4055 ostendit
2228 4002 2482 4057 narratio.
2512 4002 2596 4056 Ab
2627 4003 2878 4072 illo-ergo
2929 4013 3172 4074 tempore
3212 4005 3551 4065 TheodOsius

1967 4093 2184 4162 quidem
2212 4092 2302 4154 iis,
2327 4094 2417 4161 qui
2443 4094 2808 4149 communiter
2838 4095 3093 4151 vivebant
3127 4115 3140 4152 :
3170 4097 3344 4154 Sabas
3368 4111 3547 4156 autem

1966 4184 2055 4252 iis,
2100 4185 2192 4252 qui
2250 4200 2374 4240 cum
2452 4188 2669 4241 itemiue
2727 4189 3240 4258 congrediebantur,
3283 4200 3338 4247 et
3394 4202 3552 4248 erant

1965 4280 2187 4334 omnino
2214 4280 2478 4350 separati,
2524 4291 2813 4350 praeerant.
2875 4302 2894 4334 ι
2961 4283 3318 4355 thjungitnr
3368 4289 3550 4343 obitus

1967 4370 2192 4428 Salustii
2219 4383 2277 4427 ut
2303 4374 2351 4428 is
2380 4374 2429 4428 ei
2455 4376 2679 4430 morbus
2720 4375 2970 4431 videatur
3001 4376 3172 4432 fuisse
3208 4379 3406 4436 letalis.
3445 4379 3550 4435 Dc-

1966 4468 2128 4521 cessit
2175 4482 2320 4521 anno
2349 4468 2551 4522 Christi
2594 4469 2719 4523 515.

1892 4538 1934 4592 θ
2033 4560 2134 4618 94.
2159 4580 2177 4613 ι
2208 4562 2342 4615 Cum
2371 4560 2544 4616 Sabas
2577 4576 2606 4615 a
2644 4546 2858 4618 Joanne
2889 4562 3382 4636 llierosolymitano
3408 4580 3546 4635 pon—

1963 4651 2106 4706 tifice
2162 4663 2404 4708 vocatus-
2436 4661 2595 4707 esset.
2632 4654 2699 4707 ad
2755 4653 3115 4719 convivium,
3148 4655 3400 4723 quoniam
3439 4673 3544 4712 una

1956 4743 2118 4795 etiam
2142 4744 2334 4798 aderat
2364 4740 2635 4798 Antonius
2673 4745 2959 4814 episcopus
2980 4744 3419 4811 Ascalonita-Inus.
3449 4751 3541 4818 qui

1958 4842 2074 4885 erat
2106 4833 2276 4887 frater
2331 4833 2745 4904 archiepiscopi,
2776 4848 2898 4888 cum
2940 4832 3015 4887 illi
3065 4832 3264 4890 Sabam
3306 4838 3540 4894 medium

1957 4918 2394 4991 intercepissent,
2432 4921 2506 4976 illi
2541 4923 2713 4977 amice
2749 4923 3133 4993 propinahant,
3183 4936 3237 4981 et
3272 4943 3371 4997 pro
3414 4932 3543 4984 viri,-

1956 5011 2060 5068 hus
2083 5028 2206 5067 cum
2242 5014 2544 5071 invitabant
2596 5025 2650 5070 et
2676 5016 3038 5083 accipiebant.
3077 5017 3183 5074 Sed
3220 5036 3394 5078 tneque
3425 5039 3545 5076 rur-

1955 5120 2049 5161 sus
2088 5117 2276 5163 sancto
2298 5118 2457 5162 erant
2505 5123 2699 5164 manus
2724 5110 2913 5165 otiosa:
2950 5111 3107 5178 :sed,
3157 5122 3216 5167 ut
3270 5129 3367 5183 par
3401 5126 3540 5177 erat.

1959 5209 2165 5251 remota
2203 5199 2349 5252 omni
2409 5199 2628 5255 fictione
2685 5211 2739 5254 et
2791 5201 3161 5270 simulatione,
3218 5206 3542 5262 vesaebatur

1956 5290 2238 5359 appositis.
2270 5291 2473 5345 Aderat
2495 5294 2912 5348 autemdivinns
2940 5309 3157 5364 quoque
3181 5296 3536 5367 Theodosius,

1956 5381 2188 5450 quierat
2213 5383 2443 5438 elvalde
2468 5383 2677 5439 amicus
2714 5394 2768 5438 et
2818 5385 3119 5453 familiaris,
3151 5398 3210 5444 ut
3246 5389 3359 5458 jam
3397 5407 3425 5443 a
3452 5406 3537 5446 me

1955 5486 2098 5535 sane
2125 5474 2329 5528 dictum
2375 5485 2463 5531 est
2492 5494 2507 5532 :
2536 5477 2626 5546 qui
2660 5492 2783 5533 cum
2833 5477 2997 5533 veluti
3028 5480 3299 5549 quoddam
3343 5483 3535 5538 condi.

1955 5572 2215 5623 mentum,
2246 5564 2624 5621 velletrnensm
2653 5566 2955 5635 speciosam
2981 5567 3214 5636 aliquam
3239 5578 3293 5621 et
3324 5580 3532 5638 gratam

1952 5652 2175 5720 injicere
2194 5656 2520 5724 orationem,
2553 5663 2760 5713 urbane
2781 5659 3070 5714 admodum
3102 5667 3158 5713 et
3196 5658 3369 5727 lepide
3400 5660 3535 5717 infe-

1952 5760 2080 5801 rens
2112 5746 2266 5813 dixit,
2299 5749 2541 5805 divinum
2587 5750 2784 5807 Sabam
2835 5750 2910 5806 ita
2951 5748 3184 5815 esurire,
3221 5758 3281 5805 ut
3325 5768 3393 5809 ne
3437 5767 3533 5809 vos

1951 5838 2167 5908 quidem
2199 5842 2376 5912 ambo,
2405 5841 2607 5910 aiebat,
2637 5845 2727 5915 qui
2761 5841 3008 5901 suﬂieitis
3042 5841 3108 5898 ad
3158 5851 3322 5900 totam
3366 5845 3532 5904 simu:
