3886 6458
299 404 403 468 4ῦῖ

1549 392 1832 456 MENSIS
1867 391 2000 455 JAN
2018 393 2333 453 UAlllUS.

3475 370 3578 433 tes

301 518 551 572 alendam
583 514 948 577 Palresﬁnant,
985 513 1204 584 possitis
1228 513 1345 582 ejus
1368 519 1607 565 ventrem
1639 510 1783 562 alere
1817 505 1881 558 ad
1909 504 1962 562 Α
1989 506 2306 560 Soterichtts
2384 503 2648 558 Ctesarete
2684 493 3041 566 Ca‘ppud’m'i-e
3125 488 3410 558 episcopus
3440 523 3456 548 ν
3510 487 3582 536 τι

301 610 631 665 satietatem.
669 606 802 662 Tale
823 619 876 662 et
913 619 1019 661 tam
1054 605 1289 661 validum
1307 620 1370 659 ac
1391 605 1675 659 robustum
1693 614 1890 669 corpus

304 701 366 757 Β.
404 703 562 757 Saba:
611 716 885 772 generosa:
919 701 1222 771 Contigerat
1269 699 1486 752 animae.
1535 695 1664 749 Erat
1711 705 1890 746 autem

303 809 514 848 summa
549 793 814 848 modestia
849 793 1126 861 prazditus,
1159 802 1212 846 et
1249 790 1490 845 moribus
1513 789 1648 844 l't-nis
1667 802 1728 840 ac
1758 784 1892 839 faei-

304 885 390 938 lts.
418 885 481 939 Et
510 885 574 937 ad
606 900 726 938 eum
754 885 974 954 quidem
1010 884 1444 938 conveniendum
1467 881 1641 934 facilis
1677 879 1895 949 patebat

304 975 482 1028 aditus
512 991 524 1026 :
561 983 678 1028 erat
712 989 839 1028 vero
881 973 932 1026 itt
967 986 1219 1026 sermone
1243 970 1515 1041 jucundus
1547 978 1600 1022 et
1655 965 1896 1020 moribus

305 1065 521 1134 quidem
549 1065 1007 1134 simplicissimus,
1051 1063 1335 1132 prudentia
1363 1071 1544 1116 autem
1569 1057 1897 1114 constantis-

311 1159 504 1222 simus,
533 1158 858 1212 charitzttem
897 1171 1004 1210 non
1032 1155 1212 1210 (ictam
1244 1156 1582 1210 etsinceram
1618 1152 1756 1221 apud
1781 1167 1897 1205 om-

311 1266 406 1304 nes
445 1265 800 1305 c0nservans.
824 1249 952 1305 Erat
989 1265 1120 1306 vero
1137 1247 1293 1304 valde
1317 1245 1540 1302 allectus
1570 1247 1620 1299 in
1644 1245 1897 1298 Theodo-

311 1347 474 1410 sium,
501 1344 636 1398 adeo
674 1354 730 1398 ut
761 1345 1003 1414 quotidie
1053 1344 1119 1398 ad
1173 1357 1232 1398 se
1279 1341 1509 1396 invicem
1547 1340 1896 1396 ventitarent,

313 1448 368 1490 et
417 1437 560 1491 inter
585 1453 643 1491 se
676 1438 742 1492 de
791 1439 993 1492 virtute
1024 1434 1357 1499 conferrent,
1400 1442 1453 1487 et
1507 1439 1694 1486 essent
1741 1429 1900 1481 ambo

314 1530 488 1583 instar
549 1529 898 1584 luminarium
945 1529 1220 1593 omnibus,
1259 1527 1353 1598 qui
1411 1526 1575 1579 vitam
1610 1522 1904 1591 amplectco

313 1623 514 1676 bantur
548 1622 924 1676 monasticam.
973 1622 1078 1676 Sed
1135 1621 1224 1675 ille
1279 1619 1497 1688 quidem
1535 1631 1753 1677 eorum,
1807 1612 1902 1682 qui

314 1714 483 1768 vitam
502 1714 830 1769 exercebant
851 1729 1194 1770 communem
1213 1731 1229 1780 ;
1250 1712 1336 1766 hic
1367 1719 1566 1776 autem,
1595 1707 1791 1770 Sabas,
1820 1708 1905 1758 in-

318 1821 504 1874 quam,
530 1822 718 1861 eorum
752 1806 841 1876 qui
874 1821 901 1860 a
932 1806 1317 1875 congressione
1338 1812 1648 1873 separatam
1681 1798 1904 1867 etquie-

321 1910 430 1954 tam
490 1913 811 1971 susceperat
864 1900 1264 1966 prrcl'ecturam.
1299 1898 1514 1951 Dicitur
1537 1904 1683 1949 certe
1711 1893 1770 1945 Β.
1801 1891 1906 1946 Sa-

317 1991 442 2046 lmnt
475 1994 681 2049 urbane
723 2009 866 2063 smpe
926 1995 1132 2049 dixisse
1166 1994 1351 2047 divino
1388 1990 1718 2052 Theodosio,
1755 1987 1904 2040 illum

321 2088 542 2156 quidem
578 2103 893 2158 puerorum,
929 2104 986 2142 se
1011 2097 1192 2140 autent
1218 2100 1339 2140 esse
1367 2082 1679 2155 prtclecttnn
1714 2077 1906 2150 pratl'e-

323 2193 533 2237 clorum
569 2201 584 2238 :
635 2181 722 2245 Ὡς
752 2183 958 2244 ἐκεῖνος
997 2181 1096 2252 μὲν
1127 2179 1356 2242 παίδων,
1400 2175 1559 2238 αὐτὸς
1581 2175 1638 2228 δὲ
1669 2169 1908 2245 ἡγουμέο

328 2295 432 2330 νων
460 2273 767 2344 ἡγούμενος
797 2272 905 2343 εἴη.
943 2273 1098 2339 Quod
1132 2286 1326 2341 nempe
1363 2270 1508 2325 solos
1540 2266 1776 2328 adultos,
1821 2263 1912 2316 ille

323 2370 488 2422 Nlalt)
545 2367 814 2422 imberbes
849 2377 904 2422 et
931 2367 1214 2422 eunuchos
1253 2363 1596 2427 admitteret,
1636 2369 1692 2414 ιιι
1724 2358 1791 2413 de
1825 2356 1912 2411 his

327 2461 468 2516 irim
511 2460 736 2516 dicitur.
1891 2447 1896 2452 ’

405 2573 425 2605 r
459 2554 548 2608 ΞΒ.
589 2552 706 2609 Non
744 2555 925 2608 minor
968 2553 1270 2607 animorum
1333 2551 1646 2621 cunjnnctio
1703 2551 1753 2603 in
1811 2548 1913 2602 fide

326 2645 607 2702 Catholica
630 2657 816 2702 contra
839 2646 1216 2700 hereticorum
1233 2644 1338 2698 vim
1363 2641 1744 2713 prop-uguanda
1766 2640 1876 2694 emi
1893 2669 1914 2680 -

329 2742 463 2796 cuit.
504 2738 579 2793 lta
615 2755 737 2793 cum
780 2738 1072 2808 prmtliclus
1101 2735 1341 2790 Joannes
1373 2735 1423 2787 in
1454 2735 1633 2788 sedem
1668 2733 1920 2786 Hieroso-

328 2832 674 2902 lymitanam,
701 2828 852 2899 pulso
891 2829 1025 2889 Elia.
1055 2837 1201 2883 esset
1227 2827 1293 2883 ab
1320 2824 1569 2898 Olympio
1591 2823 1914 2879 Caesariensi

331 2925 590 2985 in'rnsns,
642 2923 783 2991 quod
835 2920 1025 2976 Severi
1072 2929 1424 2989 suscepturus
1481 2919 1916 2974 communionem

331 3012 630 3073 videretur,
689 3011 1023 3064 anathemati
1071 3021 1197 3063 Vero
1256 3009 1599 3079 subjecturus
1654 3008 1917 3077 synodum

332 3101 856 3166 Chalcedonensem,
887 3111 998 3155 tum
1029 3101 1089 3156 Β.
1126 3101 1425 3166 S.tbas,cui
1466 3110 1712 3154 sanctum
1745 3099 1923 3154 Theo-

1997 601 2304 654 a-natltema.
2334 595 2487 650 Tunc
2512 593 2674 648 sentit
2709 591 2824 644 Dux
2851 588 3118 648 fraudem,
3155 592 3210 636 et
3236 581 3447 632 veritus
3484 591 3584 645 po-

1997 688 2106 758 puli
2127 702 2450 743 consensnm
2481 684 2816 743 unanimem,
2840 679 2974 734 satis
3002 670 3255 730 habuitsi
3289 684 3348 725 se
3379 667 3584 724 subdu-

1996 796 2124 836 cens
2149 780 2366 834 silentio
2400 778 2626 846 fugeret,
2668 784 2720 828 et
2748 771 2882 826 abiit
2903 769 3232 824 Caesaream.
3275 781 3296 816 ι

2069 873 2158 926 ‘26.
2195 871 2394 926 Eadem
2421 870 2732 924 referuntur
2769 864 2988 918 actione
3015 860 3036 913 l
3065 855 3256 930 synodi
3290 868 3364 906 vn
3391 893 3404 913 ,
3439 864 3592 905 teco-

2001 968 2243 1029 ntenicr,
2298 979 2394 1019 seu
2443 961 2672 1016 Nicmnae
2731 972 2793 1021 tt,
2835 954 2926 1010 ubi
2967 960 3188 1006 sanctus
3245 945 3592 1000 Tltl‘OdOslltS

2001 1058 2330 1129 praeponitur
2365 1075 2376 1110 :
2417 1053 2580 1124 Ἔχον
2618 1051 2874 1118 Ἰωάννης
2927 1045 3044 1116 μεθ’
3076 1037 3270 1096 ἑαυτοῦ
3309 1035 3593 1090 Θεοὸὀςιον

2002 1153 2097 1206 καὶ
2136 1151 2370 1209 Σάϐεαν,
2394 1150 2520 1203 τοὺς
2552 1146 2662 1201 τῶν
2698 1141 2949 1214 μοναχῶν
2978 1133 3310 1208 κορυφαίους
3338 1130 3434 1182 καὶ
3456 1130 3592 1198 ἠγε-

2007 1249 2195 1319 μόνας.
2229 1248 2298 1300 At
2351 1245 2470 1299 Vita
2513 1241 2671 1296 Saba:
2703 1237 2923 1299 Latina,
2957 1239 3075 1304 post
3104 1224 3598 1282 anathematismos

2004 1311 2032 1392 a
2088 1335 2298 1390 Joanne
2343 1329 2652 1402 patriarcha
2707 1324 3110 1398 pronuntiatos,
3140 1315 3323 1373 subdit
3362 1330 3375 1365 :
3414 1330 3432 1362 ι
3466 1311 3596 1365 Haec

2005 1429 2268 1488 dicentes,
2308 1423 2729 1479 descenderunt.
2771 1418 3082 1484 lterumque
3125 1409 3298 1465 abbas
3341 1404 3603 1459 Theodo-

2005 1519 2142 1582 sius,
2177 1519 2242 1571 ad
2275 1516 2528 1585 populum
2580 1524 2900 1573 conversus,
2951 1517 3141 1575 magna
3175 1516 3298 1556 cum
3345 1513 3481 1552 voce
3514 1494 3597 1549 sic

2006 1613 2197 1666 ell’atus
2223 1619 2306 1664 est
2338 1623 2353 1662 :
2391 1607 2515 1674 Qui,
2536 1605 2731 1675 inquit,
2758 1597 2992 1673 quatuor
3011 1594 3250 1668 synodos
3277 1606 3380 1645 non
3414 1586 3596 1642 susci-

2009 1707 2109 1773 pit,
2151 1705 2294 1758 sicut
2320 1711 2375 1757 et
2417 1707 2650 1768 quatuor
2684 1691 2996 1764 Evangelia,
3036 1687 3109 1742 stt
3157 1685 3468 1741 anathema.
3498 1678 3600 1732 His

2009 1798 2082 1852 ita
2127 1795 2363 1866 peractis
2397 1793 2503 1845 dux
2554 1785 2956 1843 multitudinem
3005 1777 3395 1834 monachorum
3441 1770 3601 1826 valde

2009 1903 2302 1960 pavescens
2325 1885 2461 1957 fugit
2501 1885 2555 1940 in
2575 1883 2905 1938 Caesaream.
2927 1873 3130 1932 Consul
3155 1881 3332 1925 autem
3363 1865 3602 1939 (Zacha-

2010 1985 2139 2048 rias,
2173 1997 2339 2050 nepos
2377 1973 2742 2048 imperatoris)
2789 1963 3323 2038 multisjuramentis
3374 1974 3432 2014 se
3470 1971 3608 2012 con-

2008 2077 2286 2147 stringens
2333 2074 2407 2128 ita
2460 2072 2527 2126 ad
2577 2067 2916 2124 venerandos
2991 2061 3182 2115 Patres
3229 2057 3444 2110 locutus
3493 2060 3600 2110 cst,

2009 2171 2195 2226 dicens
2235 2188 2248 2223 :
2295 2167 2432 2235 Quia
2463 2165 2587 2220 veni
2618 2163 2744 2227 huc,
2801 2175 2906 2214 non
2955 2165 3013 2210 ut
3045 2151 3356 2210 consentire
3396 2145 3610 2201 Severo

2010 2263 2194 2326 velim,
2226 2261 2323 2317 sed
2347 2269 2405 2314 ut
2434 2266 2671 2313 vestram
2701 2249 2997 2325 promereri
3031 2245 3234 2317 possim
3257 2239 3604 2296 societatem.

2015 2355 2123 2411 Hoc
2147 2355 2294 2410 dicto
2328 2351 2524 2408 obtulit
2566 2357 2784 2404 centum
2815 2344 2984 2397 libras
3015 2337 3130 2394 auri
3168 2342 3370 2390 sancta:
3395 2331 3606 2383 Resur-

2015 2449 2573 2514 ror.tioni,sanctoque
2590 2439 2851 2497 Calvaria:
2885 2438 3186 2495 centutn,et
3221 2418 3602 2482 sanrthruci

2016 2548 2256 2598 centum.
2282 2539 2506 2608 Insuper
2539 2543 2719 2590 autem
2757 2538 2808 2584 et
2836 2537 3054 2583 centum
3097 2517 3392 2576 venerabili
3427 2515 3614 2568 Theo-

2018 2635 2194 2699 dosio,
2236 2639 2538 2695 sanctoque
2569 2624 2714 2677 Patri
2737 2631 2927 2674 nostro
2951 2615 3108 2668 Saba:
3132 2611 3268 2663 alias
3296 2605 3412 2661 auri
3441 2605 3614 2658 libras

2017 2736 2261 2790 centum,
2303 2722 2371 2777 ad
2426 2711 2863 2773 distribuendum
2916 2706 3000 2761 his
3051 2703 3142 2774 qui
3194 2714 3290 2768 per
3329 2695 3608 2764 regionem

2021 2829 2178 2877 erant
2205 2812 2509 2876 monachis,
2534 2807 2701 2863 dedit.
2743 2802 3049 2872 Imperator
3073 2801 3253 2849 autem
3284 2785 3611 2843 Anastasius

2019 2917 2146 2969 dum
2171 2909 2411 2964 audisset
2433 2873 2553 2973 quae
2590 2901 2733 2952 facta
2770 2894 2988 2948 fuerant
3017 2878 3432 2952 Hierosolymis,
3466 2873 3617 2943 cogi»

2022 3008 2154 3062 tavit
2210 3012 2266 3057 et
2298 2996 2582 3055 consilium
2629 2990 2769 3055 iniit,
2829 2995 2886 3040 ut
2928 2977 3396 3048 archiepiscopum
3443 2967 3617 3023 Joan-

2022 3112 2146 3153 nem
2196 3103 2252 3148 ct
2283 3084 2674 3148 Theodosium,
2723 3077 3027 3144 Sabamqne
3069 3067 3260 3124 exsilio
3285 3060 3619 3118 condemna-

336 3196 548 3251 dosium
583 3195 788 3251 socium
827 3195 995 3250 fuisse
1045 3209 1168 3249 mox
1218 3202 1388 3262 patet,
1437 3202 1712 3262 assumpto
1760 3207 1916 3246 sacro
1942 3191 1989 3253 C
2024 3202 2122 3249 ret.
2161 3208 2179 3243 ι

338 3288 729 3343 monachorum
784 3288 1071 3352 exercitu,
1136 3305 1154 3338 ‹
1214 3285 1267 3340 in
1342 3283 1603 3341 Joannem
1657 3283 1918 3348 indicens,

338 3395 538 3435 novum
586 3379 956 3448 patriarcham
1002 3378 1344 3442 testiﬁcatur,
1397 3386 1447 3431 et
1501 3377 1818 3439 denuntiat,
1855 3391 1924 3430 ne

340 3472 600 3527 Severum
647 3471 898 3526 admittat
955 3471 1005 3523 in
1039 3470 1478 3525 communionem
1511 3509 1525 3533 ,
1557 3469 1652 3524 scd
1711 3476 1928 3523 tueatur

339 3564 520 3632 potius
551 3563 818 3634 synodum
850 3561 1374 3625 Chalcedonensem,
1397 3568 1450 3613 et
1484 3575 1580 3627 pro
1615 3575 1677 3613 ea
1704 3556 1770 3611 ad
1797 3573 1927 3611 san-

341 3656 561 3725 guinem
595 3670 768 3726 usque
815 3654 1177 3724 periclitetur.
1209 3651 1360 3720 Quod
1397 3651 1614 3720 quidem
1654 3650 1781 3704 facit
1817 3649 1924 3713 ille,

343 3747 614 3803 reveritus
671 3747 894 3801 Patrum
939 3745 1414 3813 protestationem,
1447 3743 1676 3797 omnino
1727 3743 1930 3795 oblitus

346 3847 739 3894 conventorum
768 3853 891 3892 cum
930 3836 1200 3908 Olympio.
1252 3853 1270 3887 ι
1336 3833 1535 3888 Deinde
1573 3847 1602 3887 a
1655 3833 1934 3889 submisso

345 3927 638 3982 Anastasio
691 3929 825 3980 duce
848 3927 997 3979 varie
1048 3925 1374 3996 exagitatos,
1409 3924 1462 3978 in
1497 3923 1695 3993 templo
1713 3919 1780 3978 'S.
1813 3923 1935 3978 Ste-

349 4017 515 4088 phani
568 4027 748 4078 caute.
796 4026 990 4086 przeter
1038 4016 1191 4071 ducis
1259 4017 1542 4086 praesentis
1597 4015 1932 4083 Opinionem,

351 4109 510 4165 tidem
548 4109 872 4164 catholicam
905 4111 1212 4178 prolltetur.
1254 4126 1270 4159 ι
1307 4106 1563 4162 Protinus
1602 4123 1730 4178 ergo
1749 4121 1940 4162 ascen-

353 4204 429 4257 dit
451 4209 762 4272 suggestum
792 4199 1030 4256 Joannes
1077 4211 1496 4270 utraquemanu
1518 4211 1706 4256 tenens
1738 4199 1935 4255 Sabam

354 4303 408 4347 tl
443 4293 814 4349 Theodosium
846 4295 1062 4363 pietatis
1094 4303 1548 4364 propugnatores.
1577 4291 1710 4347 Cum
1749 4308 1807 4348 se
1836 4309 1935 4348 au-

357 4396 464 4440 tent
515 4386 863 4441 sustinuisset
909 4385 1327 4455 aliquantulum,
1387 4385 1539 4440 visus
1589 4394 1671 4439 est
1734 4386 1936 4440 sensim

357 4491 736 4536 susurrantem
775 4481 964 4536 audire
1022 4479 1463 4544 multitudinem,
1526 4486 1580 4534 ct
1642 4479 1934 4540 dicentem,

355 4585 605 4639 oportere
655 4571 817 4627 ferire
846 4573 1192 4626 anathemate
1227 4585 1318 4627 eos
1359 4572 1451 4641 qui
1487 4586 1591 4626 non
1633 4580 1778 4626 recte
1811 4586 1938 4626 sen-

358 4666 518 4721 tiunt.
546 4665 659 4719 lloc
685 4681 814 4736 ergo
849 4665 939 4719 ille
976 4680 1096 4719 eum
1152 4674 1407 4733 tanquam
1447 4663 1687 4719 divinum
1720 4662 1938 4733 aliquod

358 4760 569 4828 signum
609 4758 931 4827 accepisset,
957 4765 1010 4810 et
1035 4771 1128 4811 cor
1161 4755 1444 4811 habuisset
1477 4756 1744 4824 repletum
1774 4755 1942 4808 auda-

359 4853 464 4910 cia.
489 4866 649 4904 unatn
668 4851 868 4904 emittit
908 4863 1092 4903 vocem
1127 4863 1248 4903 cum
1284 4847 1633 4902 multitudine
1677 4865 1690 4899 :
1740 4846 1783 4901 si
1824 4847 1946 4914 onis

359 4959 420 4996 ea
454 4938 676 5007 sentiat,
714 4956 834 5010 qua:
898 4940 1191 5011 Eutychos,
1242 4939 1549 5005 Nestorins,
1604 4937 1856 5003 Severus,
1894 4950 1947 4992 ut

2093 3283 2184 3337 27.
2217 3280 2442 3335 Domum
2467 3259 3054 3337 ntriusqueamicitiato
3079 3263 3133 3309 et
3156 3246 3618 3306 monasteriorum

2028 3371 2487 3447 prapinquitatem
2508 3351 2992 3418 indicantvariiah
3029 3360 3138 3402 uno
3173 3343 3240 3397 ad
3260 3339 3404 3395 aliud
3435 3344 3620 3391 trans-

2029 3426 2077 3447 .-—
2103 3426 2153 3444 τ
2240 3426 2256 3442 .

2029 3467 2184 3524 missi
2206 3458 2478 3518 monachi.
2505 3456 2583 3510 ιω
2604 3451 2850 3524 quidam,
2888 3441 3123 3498 Jacobus
3157 3427 3503 3498 nomine,-oh
3532 3426 3622 3482 sui

2029 3580 2095 3622 ex
2132 3565 2461 3632 praepostero
2495 3549 2612 3606 zelo
2655 3541 3046 3600 castrationem
3087 3551 3115 3587 a
3145 3518 3288 3586 Saba
3345 3535 3399 3580 ct
3432 3535 3626 3578 mona-

2031 3623 2198 3712 sterio
2215 3623 2492 3720 e—xpulsus,
2525 3640 2583 3697 S.
2613 3633 2919 3692 Theodosio
2951 3623 3343 3685 intercedente,
3369 3623 3630 3683 receptus

2032 3757 2140 3813 est,
2177 3743 2242 3796 ad
2267 3713 2426 3810 quem
2454 3750 2577 3791 cum
2628 3731 2817 3798 jussus
2855 3723 3047 3778 fuisset
3076 3713 3430 3772 descendere,
3471 3721 3626 3760 eum-

2035 3796 2141 3906 que
2172 3796 2480 3890 salutasset,
2521 3822 2608 3894 pie
2630 3796 2990 3876 obdormivit.
3037 3802 3424 3876 Aphrodisinm
3457 3796 3626 3851 etiam

2037 3894 2348 4000 quemdam,
2399 3935 2429 3974 a
2458 3926 2649 3974 sancto
2676 3907 3002 3972 Theodosio,
3033 3899 3177 3972 quod
3215 3894 3417 3951 mulum
3447 3902 3631 3960 pugno

2037 4016 2442 4078 interemisset,
2504 4007 2826 4078 expulsum,
2897 4000 2951 4054 in
3014 3988 3409 4050 monasterium
3466 3995 3627 4038 suum

2038 4110 2251 4180 excepit
2282 4111 2506 4163 sanctus
2536 4098 2730 4164 Sabas,
2766 4094 2925 4163 eique
2947 4081 3219 4144 concessit
3239 4089 3365 4135 ante
3396 4082 3628 4130 mortem

2041 4171 2372 4259 descendere
2417 4194 2483 4250 ad
2528 4198 2780 4248 sanctum
2827 4179 3192 4241 Theodosium
3223 4181 3286 4229 ut
3318 4171 3387 4226 ab
3443 4181 3510 4223 eo
3544 4178 3636 4220 re-

2041 4294 2355 4352 missionem
2410 4289 2854 4354 consequeretur.
2912 4274 2992 4329 Ad
3026 4274 3142 4328 haec
3175 4266 3235 4322 S.
3273 4263 3470 4328 Sabas,
3505 4272 3631 4314 cum

2043 4405 2109 4445 ex
2167 4385 2284 4443 suis
2328 4378 2609 4438 monachis
2638 4376 2795 4438 duos,
2832 4367 2926 4441 qui
2961 4366 3014 4421 in
3059 4362 3235 4418 Turre
3268 4352 3636 4412 monasterio-

2046 4498 2164 4538 rum
2190 4481 2256 4534 ab
2290 4473 2524 4531 Eudocia
2573 4464 2918 4540 imperatrice
2973 4454 3240 4514 tedilicata
3291 4447 3632 4508 habitabant,

2045 4578 2102 4631 in
2138 4571 2515 4629 Nestorianam
2553 4537 2802 4619 ltmresim
2838 4553 3120 4626 prolapsos
3166 4544 3519 4613 intelligeret,
3553 4537 3634 4592 eis

2041 4669 2216 4723 locum
2267 4664 2321 4719 itt
2375 4666 2642 4716 conventu
2692 4650 2866 4710 sancti
2915 4641 3207 4703 Theodosii
3248 4639 3532 4707 impetrat,
3581 4645 3628 4684 et

2042 4754 2410 4829 quem'l‘urris
2449 4745 2713 4804 curationi
2752 4739 3072 4814 praeﬁceret,
3120 4732 3388 4790 Joannem
3423 4725 3608 4798 Byzan

2046 4854 2238 4915 tinum,
2265 4846 2504 4900 moribus
2538 4849 2593 4896 ct
2623 4837 2868 4895 doctrina
2896 4830 3282 4888 excellentem.
