3886 6466
164 5290 183 5319 /

308 293 374 359 il
1491 298 1780 360 MENSIS
1806 275 2283 361 JANUARlUS‘.

3434 299 3555 367 £73!

273 409 566 475 carissimi,
611 424 736 466 eum
785 420 994 481 patrem
1049 410 1257 467 habnit-
1286 410 1649 482 spiritualem.
1695 412 1852 482 cujus

1984 414 2247 483 ύρομένη,
2283 410 2473 465 τοῦτον
2510 412 2635 482 ἔσχε
2665 412 2877 483 πατέρα
2912 412 3308 482 πνευματικὸν,
3335 409 3397 470 οὗ
3434 417 3551 487 μή..

273 506 391 575 ipsa
418 502 595 559 fuerat
620 512 793 560 mater
824 502 1120 559 secundum
1157 517 1383 558 carnem
1430 521 1446 559 :
1501 518 1601 573 pro
1647 501 1850 558 carnali

275 598 627 669 generatione
659 606 805 652 recte
837 597 1111 666 accipiens
1163 595 1503 664 spiritualem
1560 609 1846 666 regenera-

275 691 499 745 tionem.
528 689 591 744 Et
616 689 663 743 si
695 687 910 743 diﬂicile
940 698 1023 743 est
1055 688 1185 752 filio,
1212 687 1402 758 dignas
1424 686 1629 757 gratias
1654 685 1855 740 referre

273 763 611 851 parentibus,
648 783 740 852 qui
787 792 845 836 ut
889 782 957 837 sit
1011 790 1136 836 sunt
1180 791 1471 846 auctores;
1517 795 1613 832 cur
1638 795 1740 831 non
1770 777 1857 832 hic

274 888 493 943 quoque
531 884 613 930 est
637 874 904 944 superior,
943 875 1034 945 qui
1065 872 1164 927 fuit
1200 887 1363 927 causa
1396 870 1578 937 matri,
1628 878 1686 925 ut
1720 869 1857 924 bene

271 964 454 1018 esset?

344 1053 398 1107 3.
438 1051 514 1107 Ex
565 1052 651 1107 his
691 1067 821 1125 ergo
883 1054 972 1108 ille
1030 1064 1184 1110 ortus
1214 1094 1229 1121 ,
1285 1071 1550 1132 generosa
1599 1064 1653 1109 et
1700 1054 1855 1109 beata

272 1145 477 1213 planta,
507 1146 594 1215 pie
624 1161 687 1200 ac
723 1147 973 1215 religiose
1036 1147 1275 1202 nutritur
1304 1156 1357 1202 et
1406 1156 1657 1218 augetur,
1698 1146 1858 1202 simul

275 1238 596 1305 incorporea
645 1248 697 1290 et
739 1237 973 1305 spiritali
1019 1248 1199 1302 :etate,
1234 1249 1290 1293 et
1330 1239 1604 1308 quomodo
1633 1237 1860 1291 omnino

276 1330 565 1396 oportebat
590 1343 739 1391 eum,
776 1329 864 1399 qui
924 1344 989 1413 ea
1027 1329 1221 1384 talibus
1253 1330 1471 1399 quidem
1503 1337 1650 1384 esset
1676 1336 1857 1390 natus,

277 1430 333 1474 et
370 1420 493 1474 talis
515 1436 730 1491 quoque
753 1429 899 1475 esset
919 1436 1205 1477 evasurus.
1238 1420 1373 1475 Cum
1405 1429 1586 1475 autem
1608 1434 1727 1476 eam
1747 1418 1857 1487 jam

278 1513 572 1580 attingeret
596 1521 840 1577 aetatem,
860 1527 978 1580 quae
1006 1513 1251 1584 providet
1275 1523 1331 1567 et
1359 1512 1639 1577 discernit,
1671 1512 1856 1566 statim

278 1604 539 1667 ostendit,
564 1604 630 1658 ad
666 1620 913 1674 quamam
962 1615 1108 1661 esset
1137 1607 1253 1675 ejus
1282 1609 1601 1676 propensusj
1623 1606 1856 1670 animus,

277 1710 385 1749 non
416 1711 604 1749 amans
639 1697 917 1766 pecunias,
943 1712 1048 1751 non
1073 1711 1323 1767 corpora,
1352 1712 1471 1767 quae
1493 1697 1712 1767 quidem
1734 1705 1857 1750 sunt

278 1787 669 1842 exsultationcs
690 1799 739 1843 et
776 1790 1019 1856 germina
1051 1804 1153 1842 non
1188 1803 1467 1858 generosa:
1498 1799 1553 1843 et
1580 1803 1687 1842 non
1716 1800 1859 1843 rec:e
1893 1762 1934 1817 Β

277 1878 487 1936 eductae
515 1880 850 1949 juventutis;
890 1890 1149 1951 tanquam
1181 1882 1367 1951 equini
1395 1880 1521 1949 pulli
1550 1881 1644 1951 qui
1702 1878 1861 1935 freno

279 1968 507 2024 minime
537 1971 801 2034 assuevit,
841 1981 896 2026 ct
936 1979 1115 2036 terrae,
1143 1972 1228 2025 cui
1261 1986 1366 2025 non
1394 1971 1635 2041 obtigere
1662 1984 1861 2024 manus

278 2068 334 2114 et
358 2059 574 2116 labores
601 2061 891 2132 agricolae:
941 2061 1037 2118 sed
1086 2063 1214 2117 vitae
1242 2063 1629 2132 philosophica
1678 2075 1869 2116 amore

280 2155 611 2225 parturiens,
661 2164 717 2209 et
750 2155 868 2211 loca
919 2167 1109 2211 sancta
1147 2157 1333 2212 videre
1372 2155 1618 2225 cupiens,
1656 2155 1708 2210 in
1741 2153 1894 2225 qui-1'

282 2246 388 2301 bus
418 2250 660 2301 omnium
690 2248 871 2316 opifex
909 2259 963 2303 et
1013 2249 1178 2315 Deus,
1229 2249 1327 2302 toti
1359 2250 1563 2303 mundo
1597 2248 1863 2303 salutares

286 2340 549 2394 sustinuit
574 2341 881 2408 passiones,
925 2342 1022 2396 bas
1066 2342 1212 2411 ipsas
1237 2341 1444 2397 Christi
1467 2341 1653 2410 utique
1689 2355 1853 2396 reve-

281 2430 422 2485 ritus
450 2427 750 2498 passiones,
791 2433 836 2486 si
870 2430 990 2487 illas
1034 2431 1149 2501 ipse
1194 2442 1303 2487 tam
1351 2434 1500 2503 parvi
1543 2432 1767 2498 faceret,
1798 2439 1861 2485 ut

283 2534 509 2593 propter
533 2524 776 2590 corporis
813 2523 1055 2578 laborem
1088 2524 1290 2580 cedens
1324 2525 1436 2579 otio
1466 2540 1530 2579 ac
1571 2525 1861 2589 socordiae,

283 2614 353 2669 ad
379 2625 566 2670 sancta
592 2615 680 2669 illa
709 2615 826 2671 loca
858 2631 962 2670 non
989 2617 1233 2672 veniret:
1260 2627 1521 2685 praeterea
1552 2627 1733 2672 autem
1769 2630 1862 2668 vo-

285 2708 405 2762 lens
443 2708 607 2763 etiam
642 2708 895 2775 accipere
945 2708 1323 2772 solitudinem,
1364 2707 1683 2777 adjutricem
1713 2722 1867 2776 egre-

285 2799 430 2869 giam
467 2800 533 2852 ad
573 2798 990 2869 philosophiam,
1019 2810 1075 2854 et
1105 2799 1357 2869 ampleCIi
1386 2802 1554 2854 vitam
1591 2800 1749 2869 plane
1773 2815 1867 2855 so-

290 2892 522 2947 litariam
581 2900 637 2946 et
682 2892 945 2961 quietam.
986 2891 1102 2947 Non
1145 2893 1290 2947 enim
1343 2889 1598 2961 cupiebat
1647 2903 1866 2958 nomen,

286 2983 429 3052 quod
461 2998 607 3049 eam,
632 2999 753 3053 qum
780 2994 862 3039 est
904 2985 956 3039 in
1004 2986 1188 3052 rebus,
1235 2986 1501 3039 mentitur
1555 2983 1866 3040 veritatem.

1958 519 2064 573 τηρ
2089 502 2235 574 αὐτὴν
2255 503 2316 556 τὸ
2362 504 2511 557 κατὰ
2541 504 2721 575 σάρκα
2750 505 2995 573 γέγονεν,
3037 503 3407 562 ἀντιλαδοῦσα
3437 525 3545 561 κα-

1957 596 2068 660 λῶς
2098 597 2406 667 γεννήσεως
2429 595 2706 667 σαρκικῆς
2748 595 3125 666 πνευματικὴν
3158 596 3544 670 ἀναγέννησιν.

1958 690 2071 743 Καὶ
2107 691 2155 742 εί
2189 687 2437 758 γονεῦσιν
2465 688 2624 755 ἀξίας
2664 688 2956 743 ἀποδοῦναι
2993 689 3224 761 χάριτας
3253 690 3353 760 υίῷ
3377 692 3546 762 χαλε-

1960 780 2060 835 πὺν
2102 784 2218 844 τοῖς
2254 779 2349 834 τοῦ
2382 775 2521 834 εἶναι
2567 778 2797 845 αἰτίοις,
2854 780 2972 844 πῶς
3006 773 3127 851 οὐχὶ
3153 779 3358 851 μᾶλλον
3386 776 3546 847 οὗτος

1958 870 2055 923 καὶ
2089 869 2450 942 ὑπερέϐαλεν,
2505 870 2679 935 αἴτιος
2727 870 2823 925 τοῦ
2880 866 2939 925 εὗ
2988 867 3128 925 εῖναι
3173 874 3341 942 μητρὶ
3386 873 3553 941 me-

1963 979 2160 1033 μενοςς

2030 1053 2101 1124 γ’.
2146 1054 2242 1109 Ἐκ
2274 1051 2538 1107 τοιούτων
2567 1051 2660 1107 οὖν
2702 1050 2985 1124 προελθὼν
3014 1054 3241 1118 ἐκεῖνος,
3267 1054 3363 1107 καὶ
3388 1055 3555 1122 εὐγε-

1959 1145 2050 1201 νὲς
2071 1145 2240 1215 φυτὸν
2269 1144 2362 1198 καὶ
2393 1143 2689 1214 μακάριον,
2718 1143 2977 1213 τρέφεταί
3005 1161 3065 1197 τε
3092 1144 3422 1214 φιλευσεϐὦς
3452 1144 3547 1198 καὶ

1960 1236 2185 1302 αὔξεται
2216 1236 2316 1307 τήν
2349 1234 2668 1306 σωματικὴν
2720 1235 2837 1304 ἅμα
2874 1235 2971 1289 καὶ
3011 1236 3111 1308 τὴν
3161 1238 3549 1308 πνευματικὴν

1960 1328 2202 1400 ἠλικίαν,
2244 1327 2339 1382 καὶ
2389 1326 2579 1395 ὥσπερ
2614 1327 2722 1380 ἔδει
2757 1328 2976 1397 πάντως
3022 1330 3113 1381 τον
3144 1329 3388 1383 τοιοῦτον
3445 1330 3561 1401 μὲν

1961 1420 2159 1489 φύντα,
2190 1418 2441 1473 τοιοῦτον
2468 1418 2524 1471 δὲ
2557 1418 2669 1488 ἄρα
2705 1419 2799 1472 κα)⁸
2839 1418 3237 1488 ἀποϐήσεσθαι,
3259 1420 3547 1489 μέλλοντα.

1966 1513 2105 1582 Ἤδη
2133 1513 2191 1566 δὲ
2221 1512 2527 1584 φρονούσης
2559 1512 2868 1583 ἁπτόμενος
2916 1511 3153 1582 ἡλικίας,
3188 1512 3349 1574 εὐθὺς
3386 1512 3561 1582 δῆλος

1963 1605 2222 1675 κατέστη,
2260 1603 2363 1675 ποῦ
2398 1605 2494 1658 καὶ
2535 1604 2678 1658 τίσιν
2723 1607 2932 1668 ἐκεῖνος
2975 1603 3076 1675 τὴν
3105 1605 3203 1673 τῆς
3227 1604 3406 1674 ψυχῆς
3449 1608 3550 1675 po-

1963 1699 2071 1769 πὴν
2096 1699 2329 1762 δίδωσιν,
2370 1698 2444 1767 οὐ⁸
2461 1698 2762 1770 χρημάτων
2802 1699 3062 1769 ἐραστὴς,
3091 1698 3151 1750 ού
3182 1697 3453 1766 σωμάτων
3503 1696 3541 1751 ἃ

1969 1792 2044 1861 μὴ
2078 1790 2334 1857 εὐγενοῦς
2364 1791 2535 1856 ἐστιν,
2572 1789 2706 1861 μηδὲ
2756 1789 2937 1853 καλῶς
2978 1789 3325 1859 ἁναγομένης
3362 1789 3553 1856 νεότη-

1963 1899 2054 1946 τος
2084 1882 2439 1951 σκιρτήματα
2489 1885 2582 1933 καὶ
2621 1879 3001 1950 βλαστήματα,
3030 1879 3221 1947 ὥσπερ
3253 1879 3432 1931 πώλου
3474 1877 3554 1948 μὴ

1963 1976 2099 2047 πρὸς
2139 1975 2357 2045 χαλινὸν
2401 1972 2762 2043 ἀσκηθέντος,
2793 1973 2887 2025 καὶ
2935 1971 3040 2040 γῆς
3083 1970 3403 2041 γεωργικῶν
3434 1987 3553 2040 χει-

1966 2070 2075 2142 ρῶν
2110 2069 2203 2122 καὶ
2238 2069 2418 2121 πόνων
2462 2066 2523 2120 ού
2558 2064 2957 2137 τυγχανούσης·
2992 2064 3129 2117 ἀλλὰ
3178 2062 3357 2134 ἔρωτα
3399 2061 3558 2132 φιλο-

1965 2161 2130 2230 σόφου
2157 2159 2305 2229 ζωῆς
2328 2158 2635 2228 ὠδυνήσας,
2671 2158 2767 2211 καὶ
2808 2157 3006 2219 τόπους
3039 2155 3229 2223 ἁγίους
3267 2154 3549 2226 ἐπιθυμή-

1965 2271 2064 2317 σας
2107 2253 2256 2316 τδεῖν,
2282 2253 2342 2305 ὲν
2374 2246 2456 2315 οἷς
2486 2252 2515 2303 ὁ
2552 2251 2771 2304 πάντων
2809 2249 3141 2320 δημιουργὸς
3187 2249 3283 2302 καὶ
3313 2247 3447 2311 Θεὸς
3476 2246 3553 2300 τὰ

1965 2348 2168 2410 παντὸς
2200 2346 2412 2415 κόσμου
2469 2343 2715 2415 σωτήρια
2777 2340 3039 2413 ὑπέμεινε
3081 2339 3251 2409 πάθη.
3286 2339 3430 2393 αὐτὰ
3483 2339 3553 2410 δὴ

1965 2438 2139 2493 ταῦτα
2197 2436 2268 2489 τὰ
2314 2434 2555 2506 Χριστοῦ
2611 2432 2759 2502 πάθη
2790 2430 3156 2504 δυσωπηθεὶς,
3186 2432 3342 2497 εἴπερ
3387 2430 3556 2493 αὐτὸς

1966 2531 2147 2583 ἐκεῖνα
2196 2526 2327 2598 περὶ
2357 2524 2644 2595 ἐλαχίστου
2672 2523 2790 2595 θείη
2833 2523 2995 2576 πόνου
3030 2519 3370 2590 σωματικοῦ,
3405 2519 3557 2573 ὥστε

1971 2622 2045 2694 μὴ
2074 2621 2275 2687 τόπους
2304 2620 2549 2682 ἐκείνους
2574 2619 2701 2682 τοὺς
2733 2618 2924 2686 ἁγίους
2963 2616 3317 2677 καταλαϐεῖν,
3356 2614 3438 2667 ἑτι
3483 2614 3544 2666 δὲ

1968 2716 2064 2769 καὶ
2092 2715 2192 2781 τὴν
2221 2712 2461 2785 ἐρημίαν
2487 2710 2661 2781 καλὴν
2690 2710 2951 2781 συνεργὸν
2982 2710 3064 2772 είς
3099 2706 3423 2777 φιλοσοφίαν
3447 2703 3552 2759 λα’-

1968 2808 2085 2862 6εῖν
2130 2806 2491 2880 βουλόμενος,
2548 2804 2642 2859 καὶ
2698 2803 2791 2857 τὸν
2839 2802 3086 2874 ἁκριὸὦς
3126 2799 3414 2872 μοναδικδν
3458 2797 3558 2851 καὶ

1968 2901 2193 2973 ἡσύχιον
2240 2897 2592 2955 ἀσπασὰσθαι
2644 2895 2777 2966 βίον.
2817 2894 2955 2949 Οὐδὲ
2994 2893 3103 2964 γὰρ
3142 2890 3408 2962 ἐπεθύμει
3433 2888 3557 2943 όνόο

1974 3008 2143 3061 ματος
2173 2990 2272 3062 τὴν
2300 2992 2361 3044 ὲν
2390 2991 2502 3051 τοῖς
2542 2988 2868 3058 πράγμασιν
2900 2984 3161 3054 ἀλήθειαν
3196 2980 3553 3053 ψευδομένου*

289 3075 552 3142 Quaenam
604 3085 782 3130 autem
818 3077 980 3131 fuerit
1005 3077 1053 3132 ei
1084 3078 1304 3133 occasio
1336 3076 1497 3148 hujus
1528 3078 1869 3148 peregratio-

1976 3082 2140 3136 πόθεν
2176 3082 2233 3135 δὲ
2264 3080 2363 3150 τῆς
2403 3077 2713 3149 ἀποδημίας
2743 3076 2947 3146 ταύτης
2974 3075 3097 3145 ἔσχε
3120 3073 3219 3137 τὰς
3244 3070 3501 3140 ἀφορμὰς
3528 3069 3557 3120 ὁ

289 3167 395 3233 nis,
417 3167 531 3222 vult
549 3168 659 3239 jam
690 3171 939 3240 persequi
966 3171 1161 3226 oratio.

364 3261 420 3315 4.
465 3260 663 3316 Dexter
710 3272 827 3317 erat
872 3264 939 3318 ad
989 3262 1204 3319 divinas
1255 3263 1509 3334 legendas
1560 3263 1872 3334 Seripluras

290 3357 590 3424 praeclarus
612 3354 975 3423 Theodosius,
1009 3356 1056 3412 si
1088 3357 1230 3413 ullus
1254 3357 1409 3412 alius.
1440 3356 1699 3411 Libenter
1726 3356 1871 3412 enim

294 3448 638 3518 audiebatur,
675 3465 779 3504 non
811 3450 983 3504 solum
1019 3451 1161 3520 quod
1193 3451 1293 3505 hac
1324 3452 1377 3505 in
1404 3467 1458 3504 re
1482 3450 1705 3520 pulchre
1730 3458 1874 3504 esset

292 3541 575 3605 eruditus,
611 3543 704 3596 sed
751 3543 936 3605 etiam,
972 3544 1114 3613 quod
1162 3558 1286 3598 acre
1336 3543 1586 3614 injiceret
1622 3541 1874 3596 omnibus

292 3635 641 3701 desiderium,
667 3647 720 3689 et
753 3651 816 3690 es
852 3652 1064 3691 morum
1115 3636 1491 3691 moderatione
1521 3645 1573 3690 et
1604 3650 1874 3689 verecun-

294 3726 404 3790 dia,
442 3742 549 3798 qua
581 3728 713 3782 nihil
751 3729 894 3783 aliud
921 3729 1091 3798 magis
1121 3729 1275 3783 decet
1300 3728 1548 3797 juvenes.
1582 3727 1874 3797 Propterea

294 3834 430 3890 ergo
466 3822 515 3874 ei
559 3823 873 3874 mandatum
914 3821 1127 3887 fuerat,
1190 3832 1246 3875 ttt
1290 3837 1472 3877 sacros
1516 3822 1685 3876 libros
1737 3822 1881 3891 lege-

296 3923 380 3966 ret
435 3912 655 3982 populo.
701 3914 849 3980 Quos
896 3914 1115 3984 quidem
1152 3915 1418 3969 concinne
1473 3922 1528 3968 et
1589 3912 1879 3982 diligenter

298 4010 520 4077 legens,
608 4023 737 4063 eum
817 4009 1103 4078 aiiqnando
1161 4010 1381 4080 quidem
1456 4007 1622 4062 Deum
1706 4008 1881 4062 Abra-

295 4097 466 4152 hamo
488 4099 893 4167 praecipientem
926 4099 1160 4162 audiret,
1189 4111 1245 4153 ut
1276 4102 1451 4156 exiret
1481 4117 1513 4157 e
1543 4110 1684 4157 terra
1707 4111 1761 4155 et
1787 4116 1881 4156 co-

298 4193 556 4262 gnatione
597 4192 651 4257 ’ς
683 4191 978 4262 aliquando
1010 4201 1189 4251 autem
1223 4202 1277 4246 et
1327 4193 1516 4262 patriae.
1570 4193 1881 4249 derelictio-

298 4299 449 4348 nem,
494 4294 548 4340 et
596 4285 787 4340 domus
836 4294 891 4339 et
932 4296 1215 4355 parentum
1264 4297 1319 4340 et
1365 4286 1617 4353 fratrum,
1656 4302 1776 4356 qua:
1822 4288 1881 4340 lit

299 4389 524 4447 propter
573 4378 771 4443 ipsum,
805 4388 862 4432 ut
911 4392 1068 4433 sacra
1110 4377 1402 4448 loquuntur
1438 4378 1726 4449 Evangelia
1764 4381 1791 4411 ²
1815 4381 1879 4432 iis

1974 3174 2131 3243 λόγος
2162 3172 2262 3243 ἥδη
2295 3170 2525 3224 διελθεῖν
2575 3168 2844 3241 βούλεται.

2044 3267 2109 3321 δ’,
2146 3264 2332 3331 Δεξιὸς
2386 3262 2525 3334 πρὸς
2572 3260 2883 3329 ἀνάγνωσιν
2930 3257 3041 3310 τῶν
3091 3254 3254 3309 θείων
3296 3254 3333 3306 Γ
3343 3248 3558 3323 ραφῶν.

1976 3361 2135 3429 εἰπερ
2186 3375 2271 3420 τις
2317 3356 2526 3427 ἕτερος,
2588 3356 2618 3407 ὁ
2677 3352 2842 3415 καλὸς
2904 3350 3180 3403 ἐδείκνυτο
3238 3345 3565 3403 Θεοδόσιοςο⁸

1975 3451 2208 3522 ⁴ὴκούιετο
2229 3449 2339 3520 γὰρ
2379 3447 2551 3517 ἡδέως
2567 3446 2628 3499 οὐ
2660 3445 2739 3515 τῷ
2771 3441 3169 3497 πεπαιδεῦσθαι
3206 3438 3366 3508 μόνον
3396 3434 3560 3488 τοῦτο

1976 3543 2179 3607 καλῶς,
2223 3540 2360 3594 ἀλλὰ
2405 3539 2502 3592 καὶ
2544 3536 2624 3608 τῷ
2661 3537 2862 3607 δριμὺν
2920 3531 3087 3588 αὑτοῦ
3135 3529 3298 3584 πόθον
3354 3527 3564 3581 ἆπασιν

1977 3636 2320 3707 ὲμΰάλλειν,υ
2356 3633 2465 3686 ἀπό
2526 3647 2586 3684 τε
2637 3629 2739 3699 τῆς
2787 3626 2897 3681 τῶν
2930 3625 3076 3694 ἠθῶν
3110 3620 3432 3692 εὐκοσμίας,
3465 3619 3564 3670 καὶ

1979 3733 2081 3802 τῆς
2117 3729 2193 3792 ὡς
2227 3729 2381 3782 οὐδὲν
2422 3726 2553 3779 ἄλλο
2589 3724 2702 3785 τοῖς
2733 3720 2873 3783 νέοις
2904 3714 3322 3789 ὲπιπρεπούσης
3353 3711 3558 3772 αἰδοῦς.

1980 3826 2077 3876 Διὶ
2122 3821 2294 3873 ταῦτα
2332 3818 2463 3886 γοῦν
2517 3817 2612 3869 καὶ
2666 3814 2765 3876 τὰς
2800 3811 2951 3882 ἱερὰς
2983 3805 3457 3877 ὑπαναγινὼσκειν
3484 3803 3557 3869 βία

1980 3914 2140 3975 ὅλους
2195 3910 2281 3982 τῷ
2312 3908 2430 3977 λαῷ
2474 3907 2809 3960 διετέτακτο’
2858 3904 2923 3965 ἃς
2983 3903 3192 3963 ἐκεῖνος
3232 3898 3328 3952 καὶ
3361 3895 3566 3967 μετιὼν

1980 4004 2260 4076 ἐμμελῶς,
2299 4003 2393 4055 καὶ
2450 4000 2581 4053 ποτὲ
2646 3998 2744 4069 μὲν
2791 3995 2885 4051 τοῦ
2921 3993 3059 4048 Θεοῦ
3110 3992 3327 4048 ἀκούων
3364 3990 3467 4058 τῆς
3499 3989 3570 4041 ὲκ

1980 4098 2081 4166 τῆς
2113 4095 2218 4165 γῆς
2263 4111 2324 4147 τε
2371 4093 2466 4147 καὶ
2518 4089 2843 4158 συγγενείας
2882 4088 3154 4152 ὲξὲλευσιν
3192 4083 3269 4153 τῷ
3310 4081 3569 4150 Ἀϐραὰμ

1982 4188 2382 4250 ἐπιτάττοντος,
2424 4185 2553 4239 ποτὲ
2583 4184 2640 4237 δὲ
2674 4183 2769 4236 καὶ
2805 4179 3064 4250 πατρίδος
3097 4174 3439 4245 κατάλειψιν,
3472 4172 3569 4225 καὶ

1982 4281 2179 4345 οἰκίας,
2222 4281 2316 4332 καὶ⁴
2369 4277 2734 4346 γεννητόρων,
2771 4274 2865 4327 καὶ
2902 4271 3168 4338 ἀδελφῶν,
3209 4268 3286 4333 Co;
3325 4268 3392 4320 τὰ
3437 4264 3566 4333 ίερξι

1987 4390 2156 4445 φησιν
2208 4370 2528 4438 εὐαγγέλια,
2568 4370 2637 4422 δι’
2672 4366 2837 4420 αὑτὸν
2867 4363 3192 4432 γενομένην,
3245 4360 3424 4414 αἰτίαν
3454 4358 3572 4413 eoi:

299 4469 393 4538 qui
462 4471 541 4523 sic
594 4468 881 4534 fecerunt,
938 4485 1059 4525 esse
1143 4486 1363 4526 causam
1437 4473 1561 4526 vitae
1623 4484 1869 4538 attenta);

1985 4466 2130 4519 οὕτω
2158 4465 2398 4537 πράξασι
2424 4462 2569 4531 ζωῆς
2591 4456 2955 4513 καθίστασθαι
2989 4453 3231 4508 αίωνίου’
3263 4452 3435 4504 ταῦτα
3473 4446 3574 4501 καὶ

301 4562 418 4616 Ιιωο
484 4560 689 4628 legens,
740 4570 794 4614 et
853 4577 915 4615 ea
960 4576 1082 4631 qua:
1122 4571 1249 4616 sunt
1311 4562 1394 4616 his
1455 4563 1675 4626 similia,
1714 4575 1766 4617 et
1825 4564 1878 4617 in

300 4657 499 4708 mentis
521 4657 675 4709 sinus
707 4654 1026 4719 imminens,
1064 4656 1136 4710 ita
1170 4667 1222 4707 ut
1251 4672 1346 4723 par
1376 4666 1517 4720 erat,
1546 4659 1883 4713 accendeba-

305 4755 393 4800 tur
421 4747 625 4809 animo,
653 4754 707 4800 et
735 4748 997 4816 sequendi
1044 4746 1322 4802 Christum
1371 4764 1565 4818 magno
1599 4750 1883 4803 tenebatur

303 4838 599 4901 desiderio.
632 4854 726 4907 per
764 4840 907 4892 viam
942 4849 1226 4909 angustam
1254 4851 1307 4895 et
1335 4856 1609 4910 asperam.
1640 4839 1884 4912 Cumque

302 4931 406 4985 has
454 4930 675 4985 assidue
725 4940 993 4985 versaret'
1024 4931 1207 4986 animo
1261 4932 1644 4999 cogitationes,
1696 4948 1887 5002 preces

304 5023 505 5088 fundit,
537 5038 660 5093 qua:
688 5026 810 5078 vita:
834 5024 1210 5094 pulcherrima
1245 5026 1393 5082 fuere
1419 5028 1763 5095 prooemium.
1788 5027 1888 5081 De-

304 5113 414 5168 duc
438 5128 544 5169 me.
575 5114 820 5175 Domine,
847 5115 1049 5179 dicens,
1078 5115 1130 5169 in
1174 5117 1257 5169 via
1284 5125 1397 5183 tua,
1424 5126 1477 5171 et
1513 5115 1806 5171 ambulabo
1834 5117 1886 5170 in

306 5205 539 5260 veritate
568 5216 680 5259 tua.
712 5206 915 5261 Deinde
941 5207 1186 5276 diligenti
1225 5209 1405 5263 studio
1448 5209 1549 5263 init
1568 5209 1732 5274 viam,
1767 5223 1890 5277 quae

310 5300 460 5352 ducit
503 5296 894 5370 Hierosolyma,
927 5300 1017 5354 illo
1039 5302 1256 5370 quidem
1296 5310 1556 5371 tempore,
1606 5316 1715 5371 quo
1748 5301 1890 5355 Mar-

311 5387 507 5448 cianus
547 5389 625 5461 (’2)
668 5391 969 5461 imperator
993 5402 1111 5446 erat
1146 5393 1197 5445 in
1228 5394 1353 5446 vine
1384 5408 1614 5457 occasu;
1663 5392 1890 5449 Chalce-

384 5568 643 5625 ‘Gcncs.
704 5585 802 5636 xu,
860 5570 909 5623 ι.
989 5572 1008 5603 ¹
1057 5569 1249 5624 Matth.
1307 5586 1416 5634 χιχ,
1464 5568 1556 5625 9.9.

1987 4559 2057 4611 τὰ
2091 4557 2303 4619 τούτοις
2333 4554 2535 4625 ὁμοίως
2564 4553 2755 4622 ἔχοντα
2789 4546 3014 4620 μετιὼν,
3057 4547 3151 4598 καὶ
3184 4546 3297 4605 τοῖς
3326 4543 3424 4613 τῆς
3453 4542 3575 4594 δια-

1989 4651 2137 4714 νοίας
2168 4649 2389 4708 κόλποις
2422 4644 2710 4716 ἐμϐάλλων
2747 4641 2974 4701 εἰκότως
3010 4636 3426 4706 διεθερμαίνετο
3473 4633 3543 4702 τὴ

1989 4742 2186 4813 ψυχὴν,
2228 4739 2322 4793 καὶ
2390 4736 2558 4790 πολὺν
2605 4735 2788 4804 ἔρωτα
2840 4728 2989 4802 εἶχεν
3046 4727 3409 4795 ἀκολουθῆσαι
3441 4724 3550 4794 Χρι

1994 4836 2105 4905 στῷ
2137 4833 2226 4887 διὰ
2252 4831 2353 4902 τῆς
2382 4831 2573 4897 στενῆς
2599 4828 2721 4883 ὁδοῦ
2765 4828 2859 4880 καὶ
2888 4824 3169 4896 τραχείας.
3212 4821 3319 4874 Καὶ
3354 4817 3566 4871 τούτου·

1993 4927 2237 4996 συνεχῶς
2259 4922 2507 4994 στρέψων
2538 4920 2663 4983 τοὺς
2690 4916 2984 4988 λογισμοὺς
3013 4914 3180 4985 εὐχὴν
3213 4916 3449 4966 ποιεῖται
3480 4911 3582 4980 τῆς

1994 5020 2290 5090 καλλίστης
2322 5017 2442 5071 ὁδοῦ
2475 5015 2780 5087 προοίμιον·
2815 5009 3117 5082 Ὀὃήγησόν
3152 5024 3240 5078 με,
3264 5006 3460 5075 Κύριε,
3491 5004 3584 5056 λέ-

1996 5132 2107 5182 γων
2145 5114 2203 5165 ἐν
2232 5113 2297 5181 τῇ
2326 5110 2555 5180 ἀληθείᾳ
2581 5124 2699 5162 σου.
2735 5105 2847 5158 Καὶ
2872 5099 2992 5156 εἶτα
3017 5101 3116 5171 τῆς
3150 5100 3285 5171 πρὸς
3310 5098 3379 5151 τὰ
3414 5096 3585 5165 Ἱερο-

1999 5206 2208 5274 σόλυμα
2245 5202 2519 5276 φερούσης
2568 5198 2848 5271 ἐπιμελῶς
2895 5197 3152 5257 ἅπτεται,
3211 5193 3335 5245 κατ’
3370 5192 3584 5242 ἐκεῖνον

1995 5301 2060 5372 δὴ
2089 5300 2180 5354 τὸν
2229 5298 2419 5369 καιρὸν
2456 5295 2577 5349 καθ’
2637 5294 2698 5349 ὃν
2747 5290 3063 5362 Μαρκιανὸς
3111 5291 3139 5341 ὁ
3197 5283 3450 5357 βασιλεὺς
3477 5280 3582 5349 ἠδη

1997 5394 2126 5465 περὶ
2160 5393 2258 5456 τὰς
2297 5388 2392 5443 τοῦ
2430 5389 2546 5459 βίον
2605 5387 2815 5458 δυσμὰς
2848 5381 2934 5455 ἦν,
2976 5385 3011 5455 ἠ
3068 5379 3126 5434 δὲ
3178 5380 3237 5435 ἐν
3276 5373 3587 5448 Χαλκηδόνι

386 5756 459 5830 (2,
502 5757 669 5828 Carpit
735 5755 1038 5813 Marcianus
1073 5756 1335 5828 imperare
1369 5770 1455 5819 an.
1486 5754 1586 5811 Ch.
1621 5754 1721 5809 4'50
1753 5754 1914 5821 ;nbiit
1958 5720 2184 5806 esennte
2208 5747 2464 5805 Januario
2490 5750 2617 5803 anni
2648 5744 2771 5799 457.
