3886 6484
252 397 360 463 ίἸ3

1202 400 1382 460 VITA
1420 400 1482 461 S.
1522 401 1941 465 THEODOSII
1981 403 2582 466 C(ENOBIA‘RCH'zE'.

3424 393 3541 457 ιτις

259 508 482 573 σύνοδος
507 507 800 581 (τετάρτην
823 506 880 562 δὲ
905 506 1073 578 αὐτὴν
1107 508 1202 561 καὶ
1224 508 1390 576 ἁγίαν
1405 506 1542 564 εἶναι
1568 511 1832 579 γινώσκοι

1965 513 2197 567 lonensis
2226 513 2303 581 (5)
2338 523 2518 567 autem
2550 510 2788 582 synodus
2831 510 2972 581 (eam
3004 514 3184 560 autem
3212 521 3337 562 esse
3359 522 3528 573 quar-

260 597 378 673 μεν)
437 601 577 654 κατὰ
622 598 924 670 Νεοτορίου
952 601 1048 654 καὶ
1079 599 1189 653 τῶν
1228 600 1406 656 ἄλλων
1446 603 1832 675 αἱρετιζόντων

260 693 655 759 συνεκροτεῖτο.

328 781 392 838 ε’.
420 785 557 853 Ἤδη
596 784 652 837 δὲ
685 782 829 838 κατὰ
857 783 955 855 τὴν
997 784 1274 857 Ἀντιόχου
1313 787 1599 856 γινόμενος
1628 790 1663 843 ὁ
1703 805 1838 843 πανρ

258 875 485 944 ταχόθεν
512 873 747 944 χρηστὸς
777 874 1079 938 Θεοδόσιος,
1128 877 1229 930 οὐκ
1274 876 1418 946 ἔγνω
1468 879 1580 932 δεῖν
1633 880 1838 950 παρελ-

265 967 409 1031 θεῖν,
436 968 483 1018 εἰ
521 966 596 1035 μὴ
642 966 737 1018 καὶ
791 964 928 1034 πρὸς
969 966 1263 1038 Συμεὼνην
1295 969 1388 1022 τὸν
1422 969 1586 1037 πάνυ,
1620 970 1847 1040 Συμεώ-

262 1074 383 1126 νην,
405 1057 567 1127 φημὶ,
589 1055 681 1109 τὸν
704 1055 799 1109 τοῦ
819 1057 1034 1123 στύλου,
1062 1061 1279 1128 πρῶτον
1317 1061 1602 1131 ἀφίκηται,
1634 1062 1758 1129 ὄψιν
1783 1079 1840 1115 τε

262 1154 363 1223 τὴν
394 1152 603 1204 ἐκείνου
634 1150 919 1221 θεάσηται,
951 1152 1047 1203 καὶ
1073 1150 1249 1219 λόγων
1280 1151 1509 1224 ἀκούσῃ,
1544 1153 1640 1206 καὶ
1668 1152 1843 1206 ταῦτα

263 1243 599 1314 παραψυχὴν
630 1241 820 1313 ὥσπερ
852 1243 1149 1313 ποιήσηται
1200 1243 1383 1296 κόπων
1409 1244 1648 1308 ὲνοδὲων,
1678 1244 1845 1313 εὐχῆς

264 1352 326 1388 τε
366 1336 455 1387 καὶ
494 1334 740 1399 εὐλογίας
798 1334 899 1401 τῆς
951 1334 1119 1387 αὑτοῦ
1174 1337 1456 1406 μετάσχοι,
1506 1335 1623 1405 ἅμα
1652 1337 1751 1407 τήν
1784 1353 1845 1388 τε

268 1428 566 1498 νοουμένην
606 1426 755 1496 αύτῷ
793 1426 894 1496 τῆς
928 1427 1128 1497 ἀρετῆς
1165 1427 1304 1494 ὁδον,
1351 1428 1447 1482 καὶ
1488 1428 1587 1500 τὴν
1636 1429 1847 1501 ὁρωμέ-

268 1537 370 1589 νην
402 1518 831 1591 εύμαριζοΰσης.
874 1518 1016 1585 Πρὸς
1047 1519 1235 1572 τοῦτον
1264 1516 1357 1573 οὖν
1390 1519 1568 1572 ἀπιὼν
1609 1519 1851 1590 σύμϐου-

266 1612 360 1665 λον
415 1611 577 1674 εὐθὺς
619 1611 681 1664 οὐ
723 1611 926 1679 φαῦλον
964 1612 1085 1664 οὐδὲ
1125 1612 1185 1665 τὸ
1223 1616 1384 1682 τυχὸν
1416 1616 1553 1683 πρὸς
1587 1613 1682 1666 τὸν
1715 1612 1850 1665 Θεὸν

269 1704 485 1759 ἐκείνου
509 1704 725 1777 δέχεται
754 1706 1070 1776 παρρησίας
1110 1706 1204 1757 καὶ
1233 1704 1588 1770 οἱκειὼσεως,
1613 1707 1743 1775 πρὶν
1768 1704 1850 1775 τῷ

271 1798 408 1867 ἱερῷ
452 1797 635 1868 στύλῳ
683 1797 1002 1869 προσελθεῖν
1062 1798 1157 1851 καὶ
1216 1796 1401 1851 δοῦναι
1450 1799 1656 1867 φωνὴν,
1688 1797 1851 1862 αὐτὸς

273 1887 519 1950 ἀκούσας
547 1890 755 1943 ἄνωθεν
804 1890 1012 1944 ἐκείνου
1053 1890 1283 1960 βοῶντος
1311 1888 1405 1944 καὶ
1434 1889 1727 1951 καλοῦντος
1756 1890 1859 1944 αύ-

268 1979 366 2031 τδν
393 1980 453 2045 ὲξ
470 1981 752 2049 ὀνόματος.
776 1978 903 2051 Εἶχε
924 1982 979 2035 δὲ
1006 1984 1038 2049 ἠ
1058 1983 1208 2053 φωνὴ
1231 1983 1424 2046 οὕτως·
1454 1982 1650 2045 Καλῶς
1669 1977 1855 2053 ἦλθες,

271 2072 532 2143 ἄνθρωπε
564 2072 657 2125 τοῦ
687 2073 844 2137 Θεοῦ,
870 2073 1141 2129 Θεοδόσιε.
1171 2076 1497 2143 Ἐκπλαγεὶς
1521 2074 1614 2129 οὖν
1647 2077 1860 2139 ἐκεῖνος

271 2164 407 2233 γόνυ
442 2182 499 2217 τε
543 2166 871 2232 αύτοχλίνει,
905 2167 999 2221 καῖ
1024 2170 1098 2239 τῇ
1121 2172 1191 2239 γῇ
1233 2167 1294 2222 τὸ
1327 2168 1617 2239 πρόσωτον
1648 2169 1856 2234 δίδωσι,

274 2256 711 2327 φιλοτιμωτέραν
757 2259 950 2325 κλῆσιν
1003 2260 1391 2332 ταπεινωτέρῳ
1421 2260 1660 2330 σχήματι
1694 2261 1861 2330 ἀμει-

274 2350 528 2419 ϐόμενος.
560 2346 694 2404 Εἶτα
716 2351 809 2404 καὶ
838 2353 979 2419 πρὸς
1001 2352 1163 2405 αὑτὸν
1182 2353 1364 2407 ἄνεισι
1390 2355 1614 2423 χαίρων,
1648 2353 1857 2406 ἐκείνου

274 2441 655 2505 κελεύσαντος,
688 2444 779 2496 καὶ
815 2442 1193 2513 ἀσπαζόμενον
1239 2444 1634 2513 κατησπάσατο
1655 2459 1669 2473 ·
1716 2443 1859 2514 μέγα

273 2534 376 2587 καὶ
409 2532 564 2586 τοῦτο
596 2534 919 2605 ποιούμενος
957 2535 1019 2588 τὸ
1060 2538 1278 2599 σεπτοῖς
1321 2536 1586 2597 τοιούτοις
1619 2536 1865 2604 προσδα-

275 2626 395 2680 λεῐν
457 2627 696 2696 μέλεσιν,
761 2630 855 2681 καὶ
891 2628 1182 2697 ἀσπασμὸν
1236 2630 1446 2681 ἐκείνου
1498 2626 1688 2699 ὥσπερ
1738 2627 1861 2681 τινὰ

277 2718 437 2771 θείαν
484 2718 755 2788 σφραγῖδα
778 2718 1067 2788 δεχόμενος
1095 2717 1419 2788 βεϐαιοῦσαν
1452 2720 1600 2789 αὐτῷ
1628 2718 1695 2770 τὰ
1725 2718 1861 2788 πρὸς

275 2810 481 2880 ἀρετὴν
514 2809 847 2879 διαδήματα.
879 2809 1065 2863 Πάντα
1096 2809 1191 2864 οὖν
1218 2812 1423 2875 ἐκεῖνος
1449 2809 1859 2864 θεοπτικὼτατα

277 2901 756 2972 προσηγόρευσεν,
797 2896 910 2955 οἷόν
968 2903 1160 2972 τε·τῆς
1207 2903 1327 2957 ὁδοῦ
1356 2902 1558 2974 ταύτης
1589 2903 1650 2956 τὸ
1687 2902 1859 2973 πέρας

282 2995 532 3063 εὑρήσει,
574 2994 669 3047 ita).
696 2995 828 3063 ὅσης
886 2994 1025 3064 μετὰ
1070 2995 1246 3048 ταῦτα
1272 2995 1371 3063 τῆς
1418 2996 1656 3065 ποίμνης
1682 2994 1856 3065 ἄρξει,

276 3087 377 3140 καὶ
408 3084 483 3148 ὡς
526 3084 695 3138 πολλὰ
729 3085 837 3138 τῶν
884 3085 1118 3154 λογικῶν
1149 3087 1481 3158 θρεμμάτων
1528 3086 1625 3140 τοῦ
1664 3086 1859 3157 νοητοῦ

1942 617 2048 658 tam
2068 615 2121 657 et
2142 615 2384 657 sanetam
2401 602 2802 670 cognoscimus)
2818 598 3253 668 congregabatur
3265 599 3554 654 adversus.

1941 697 2246 750 Nestorium
2273 696 2352 766 (4)
2386 705 2438 749 et
2465 695 2601 750 alios
2637 695 2941 748 haereticos.
3116 681 3127 693 ’

2010 791 2064 844 5.
2097 789 2231 844 Cum
2287 797 2468 843 autem
2507 786 2618 855 jam
2650 787 2887 844 venisset
2919 787 3264 842 Autioobiam
3294 784 3440 838 omni
3466 797 3547 837 et.

1942 889 2098 949 parte
2128 879 2301 932 bonus
2323 877 2684 942 Theodosius,
2737 892 2841 931 non
2870 878 3066 931 statuit
3114 887 3370 943 oportere
3411 889 3532 928 eam

1944 971 2197 1038 transire,
2255 970 2357 1025 nisi
2401 971 2466 1024 ad
2500 970 2762 1039 insignem
2788 969 3113 1041 Symeonem
3148 968 3249 1037 (5),
3303 967 3535 1037 Symeo-

1948 1079 2095 1128 nem,
2128 1064 2370 1132 inquam,
2410 1062 2663 1134 Styliten,
2694 1062 2877 1127 idest,
2909 1063 2961 1115 in
2994 1060 3244 1115 columna
3276 1070 3536 1121 stantem,

1946 1160 2099 1227 prius
2155 1157 2387 1219 veniret,
2431 1164 2487 1211 et
2536 1154 2654 1223 ejus
2702 1155 2911 1209 vultum
2966 1154 3450 1221 contemplaretur,
3482 1161 3538 1205 et

1946 1264 2225 1305 sermones
2246 1249 2477 1314 audiret,
2502 1257 2556 1302 et
2579 1264 2643 1301 ex
2679 1249 2763 1304 bis
2785 1247 2952 1301 veluti
2988 1248 3089 1301 via:
3114 1246 3363 1299 solatium
3388 1259 3542 1314 cape-

1949 1351 2051 1406 ret,
2082 1341 2475 1404 orationisque,
2505 1352 2559 1395 et
2591 1339 2994 1394 benedictionis
3025 1338 3144 1407 ejus
3190 1347 3338 1392 esset
3369 1338 3540 1405 parti-

1951 1451 2100 1503 ceps,
2122 1450 2242 1504 quae
2272 1434 2432 1488 simul
2470 1444 2522 1488 et
2568 1434 2787 1488 virtutis
2816 1435 2982 1494 viam,
3009 1448 3171 1499 quam
3212 1430 3445 1484 habebat
3489 1430 3542 1481 in

1950 1529 2151 1590 animo,
2180 1537 2234 1581 et
2259 1542 2403 1592 eam,
2435 1542 2554 1597 qum
2609 1526 2973 1591 cernebatur,
3005 1524 3184 1578 levem
3224 1522 3563 1591 facilemque~

1954 1618 2231 1672 redderet.
2276 1618 2412 1671 Cum
2461 1617 2528 1671 ad
2560 1632 2683 1670 eum
2718 1628 2900 1670 autem
2960 1616 3158 1677 abiret,
3220 1615 3402 1668 statim
3435 1628 3559 1667 non,

1954 1713 2412 1764 contemnendum
2441 1710 2555 1764 leve
2582 1710 2792 1778 signum
2826 1708 3026 1777 accipit
3045 1708 3186 1763 illius
3216 1707 3355 1773 apud
3376 1705 3543 1758 Deum

1963 1800 2184 1857 fiducia:
2217 1812 2273 1857 et
2301 1800 2713 1863 fatniliaritatis,
2744 1801 3066 1870 priusquam
3108 1799 3174 1851 ad
3205 1813 3417 1851 sacram
3455 1811 3553 1849 ac-

1962 1895 2182 1949 cederet
2214 1892 2521 1948 colunnam
2548 1903 2600 1949 et
2637 1908 2822 1947 vocem
2844 1892 3141 1954 emitteret,
3176 1890 3292 1958 ipse
3317 1890 3552 1957 desuper

1962 1985 2110 2040 illum
2146 1987 2374 2040 audiens
2399 1985 2750 2048 clamantem,
2791 1995 2847 2039 et
2881 1985 3053 2054 ipsum
3092 1982 3414 2036 nominatim
3451 1994 3548 2034 vo—

1959 2088 2193 2131 cantem.
2216 2077 2326 2131 Vox
2362 2088 2542 2133 autem
2569 2080 2639 2130 ita
2670 2078 2903 2131 habebat
2937 2093 2951 2130 :
2992 2075 3142 2129 Bene
3164 2075 3356 2128 venisti
3386 2072 3553 2126 homo

1964 2167 2093 2230 Dei,
2128 2168 2418 2224 Theodosi.
2445 2168 2538 2223 Ille
2568 2177 2748 2222 autem
2784 2167 3218 2235 obstupefactus,
3251 2174 3306 2218 et
3333 2165 3380 2218 ei
3410 2177 3550 2231 genu

1963 2259 2214 2321 inclinat,
2246 2270 2304 2315 et
2362 2260 2567 2313 vultum
2603 2258 2752 2313 humi
2807 2257 3129 2327 prosternit,
3174 2255 3549 2325 gloriosiuretn

1960 2349 2382 2420 appellationem
2414 2352 2596 2422 specie
2632 2349 2923 2405 humiliore
2954 2349 3314 2417 respondens.
3352 2345 3554 2400 Deinde

1963 2445 2029 2497 ad
2071 2444 2244 2513 ipsum
2276 2442 2430 2497 laetus
2466 2442 2733 2503 ascendit,
2761 2457 2883 2495 cum
2925 2442 3015 2494 ille
3046 2441 3321 2510 jussisset,
3351 2448 3405 2493 et
3432 2453 3549 2491 am.-

1961 2532 2287 2603 plet'lentctn
2324 2542 2409 2587 est
2440 2531 2791 2599 complexus;
2856 2529 2956 2583 hoc
2989 2542 3205 2596 quoque
3238 2524 3414 2594 magni
3466 2524 3545 2578 tlt-

1962 2627 2133 2689 ciens,
2166 2626 2408 2679 membra
2442 2625 2710 2695 attingere
2747 2622 3098 2682 venerabilia,
3132 2632 3187 2673 et
3223 2617 3370 2673 illius
3392 2634 3551 2671 com-

1961 2716 2177 2788 plexum
2206 2714 2509 2781 suscipiens
2552 2723 2811 2784 tanquam
2836 2711 3079 2766 divinum
3112 2709 3327 2777 aliquod
3351 2710 3540 2775 signa-

1962 2810 2165 2872 culum,
2194 2808 2528 2864 confirmans
2543 2808 2591 2863 ei
2624 2821 2844 2876 gressus
2862 2806 2927 2859 ad
2950 2806 3225 2857 virtutem.
3256 2800 3347 2856 llle
3371 2810 3552 2855 autem

1963 2903 2011 2955 ei
2042 2904 2223 2956 Omnia
2281 2900 2617 2956 divinissime
2681 2899 2950 2968 prthixit,
3009 2906 3068 2952 et
3094 2897 3439 2966 qualemnam
3478 2892 3553 2946 sit

1965 2994 2127 3064 hujus
2177 2995 2278 3048 viae
2332 2994 2493 3048 linem
2555 2993 2894 3054 inventurus,
2947 3000 3001 3045 et
3044 2991 3259 3044 cuinam
3295 2989 3366 3041 sit
3399 2987 3548 3053 gregi

1968 3096 2154 3155 postea
2190 3084 2543 3151 pra-futurus,
2579 3093 2633 3137 et
2665 3083 2808 3152 quod
2843 3082 3042 3136 multas
3080 3076 3315 3151 pecudes
3343 3077 3554 3132 ratione

277 3178 577 3249 διαρπάσει
603 3177 797 3247 λύκου,
824 3178 918 3231 καὶ
951 3181 1019 3233 τὰ
1043 3179 1180 3234 ἄλλα
1209 3181 1311 3233 ὅσα
1343 3180 1461 3251 μετ’
1492 3180 1673 3248 ὀλίγον
1699 3180 1855 3234 καθὲν

1969 3180 2223 3247 prmditas
2267 3178 2599 3247 abrepturus
2650 3177 2722 3232 sit
2751 3191 2782 3231 a
2840 3175 2988 3246 lupo,
3020 3177 3111 3245 qui
3142 3173 3443 3247 percipitur
3473 3171 3553 3224 in-

275 3272 349 3325 τδ
386 3271 535 3336 τέλος
578 3270 920 3343 ἐλάμϐανεν,
957 3269 996 3325 ἃ.
1053 3272 1149 3327 καὶ
1199 3271 1341 3326 κατὰ
1394 3272 1586 3347 καιρὸν
1635 3272 1867 3326 ἕκαστον

285 3362 499 3435 προῖὼν
539 3363 569 3417 ὁ
589 3361 746 3433 λόγος
773 3363 911 3435 ὲρετ.

1975 3272 2305 3339 telligentia;
2345 3278 2400 3326 et
2437 3271 2566 3335 alia,
2596 3286 2719 3340 qua:
2748 3269 2907 3340 paulo
2939 3277 3062 3338 post
3127 3267 3288 3321 linem
3343 3261 3557 3330 singula

1975 3378 2256 3432 accepere,
2316 3377 2436 3430 qtue
2484 3363 2647 3417 etiam
2710 3378 2808 3432 per
2867 3360 3290 3431 unumquodque
3343 3365 3558 3428 tentpua

1972 3454 2274 3524 procedens
2314 3454 2455 3507 dicet
2485 3452 2681 3507 oratio.

1765 3565 1995 3622 CAPUT
2024 3568 2089 3622 ll.

1419 3682 1797 3753 Hierosolymis
1843 3684 2129 3739 habitatio.
2180 3686 2448 3741 Secessus.

358 3789 440 3864 ς’.
462 3792 686 3858 Τούτοις
724 3790 826 3850 οὖν
867 3796 949 3850 ἔτι
982 3796 1077 3851 καὶ
1111 3796 1317 3868 μᾶλλον
1354 3793 1720 3868 ἐπιρρωσθεὶς
1761 3796 1860 3864 τὴν

276 3890 546 3955 διάνοιαν,
568 3888 733 3958 εύχάς
761 3907 819 3942 τε
853 3888 948 3943 τοῦ
981 3888 1294 3959 θαυμαστοῦ
1337 3886 1566 3957 Συμεὼν
1595 3887 1671 3952 ὥς
1707 3906 1864 3954 τινας

272 3980 646 4041 διάνοιαν,καὶ
677 3983 948 4053 φρουροὺς
986 3983 1298 4054 δεξάμενος.
1331 3981 1695 4054 εὐθυμότερον
1733 3982 1767 4052 ἦ
1804 3983 1865 4038 τὸ

278 4087 524 4140 προσυεν
563 4074 681 4125 οοοῦ
725 4075 926 4146 εἷχετο,
967 4076 1061 4130 καὶ
1110 4074 1211 4146 τὴν
1262 4074 1426 4143 ἁγίαν
1478 4074 1865 4144 κατελάμϐανε

277 4166 464 4229 πόλιν,
506 4168 860 4222 ’1ου6εναλίου
897 4169 1019 4222 τότε
1049 4168 1149 4225 τὴν
1189 4168 1603 4240 ἀρχιερωσύνην
1638 4167 1867 4239 Ἰεροσο-

276 4258 473 4327 λύμων
505 4261 964 4330 πεπιστευμένου.
1007 4262 1195 4315 Πάντα
1241 4260 1299 4313 δὲ
1348 4261 1439 4314 τὸν
1483 4261 1627 4316 θεῖον
1652 4264 1861 4316 ἐκεῖνον

275 4351 460 4423 χῶρον
488 4352 809 4423 περιελθὼν,
843 4354 937 4407 καὶ
975 4353 1149 4421 άγίως
1179 4353 1247 4407 τὰ
1283 4352 1415 4422 ἆγια
1450 4356 1860 4426 προσκυνήσας,

276 4440 542 4512 λογισμὸν
582 4444 761 4514 ἐαυτῷ
798 4445 1046 4515 στρέφων
1079 4441 1168 4515 ἦν,
1206 4446 1324 4509 πῶς
1378 4446 1487 4517 ἄρα
1512 4448 1604 4501 τοῦ
1642 4448 1860 4517 φιλοσο-

2033 3797 2086 3852 6.
2117 3797 2211 3854 llis
2234 3815 2362 3871 ergo
2389 3798 2565 3853 adhuc
2594 3799 2765 3868 magis
2809 3798 2991 3852 animo
3016 3799 3392 3863 confirmatus,
3429 3812 3552 3852 cum

1963 3904 2151 3960 preces
2193 3891 2528 3946 admirabilis
2573 3892 2848 3948 Simeonis
2916 3903 3171 3961 tanquam
3198 3892 3364 3945 duces
3389 3906 3554 3957 quas-

1968 3984 2090 4037 dam
2123 3994 2176 4036 et
2228 3987 2483 4040 custodes
2537 3986 2862 4053 accepisset,
2915 3984 3149 4039 alacrius
3190 3998 3354 4053 quam
3402 3986 3557 4052 prius

1968 4076 2072 4129 iter
2094 4077 2539 4144 persequebatur.
2563 4086 2617 4131 et
2644 4078 2971 4146 pervenitad
2996 4086 3235 4131 sanctam
3255 4074 3556 4140 civitatem,

1967 4163 2346 4220 ctnnluvenali
2382 4166 2457 4237 (6)
2496 4177 2621 4220 tunc
2651 4178 2796 4221 esset
2835 4167 3157 4221 comndssus
3190 4164 3557 4233 archiepisco-

1966 4269 2121 4326 patus
2174 4258 2690 4331 Hierosolymorum.
2735 4260 2869 4313 (lum
2926 4270 3111 4313 autem
3170 4268 3340 4312 totum
3402 4256 3556 4310 illum

1967 4351 2211 4404 divinum
2234 4351 2407 4405 locum
2428 4352 2673 4418 obiisset,
2701 4361 2759 4407 et
2804 4363 2995 4406 sancta
3027 4359 3216 4406 sancte
3249 4352 3553 4413 adorasset,
3636 4354 3641 4359 ‘

1969 4444 2108 4511 apud
2158 4458 2218 4497 se
2261 4444 2313 4497 in
2372 4444 2554 4497 animo
2627 4444 2903 4509 versabat,
2967 4445 3238 4513 quomodo
3291 4443 3555 4511 inciperet

276 4536 405 4601 φείν
442 4535 683 4604 ἄρξαιτο,
709 4538 803 4590 καὶ
850 4538 1086 4609 ποτέραν
1121 4538 1232 4591 τῶν
1271 4539 1510 4607 ἀγωγῶν
1537 4539 1734 4593 ἒλιιτο⁸
1764 4539 1855 4611 τὴν

1970 4533 2362 4605 philosophari,
2420 4545 2476 4590 et
2527 4546 2706 4589 utrum
2749 4551 2816 4591 ex
2867 4537 3079 4591 duobus
3131 4535 3255 4588 vita:
3291 4533 3552 4588 institutis

273 4626 530 4697 ἐσχάτως
573 4630 868 4698 μοναδικὴν
894 4632 988 4686 καὶ
1027 4633 1280 4703 ἄμικτον,
1311 4631 1346 4704 ἢ
1381 4630 1479 4702 τὴν
1509 4632 1628 4702 μεθ’
1660 4633 1865 4703 ἑτέρων

272 4716 530 4771 εύλαϐὤν
585 4719 682 4772 καὶ
753 4719 849 4773 τοῦ
917 4721 1033 4775 ῐσου
1089 4722 1296 4778 σκοποῦ
1354 4722 1860 4792 μεταποιουμένων.

284 4802 457 4864 Ἀλλὰ
493 4812 556 4864 τὸ
596 4814 698 4882 μὲν
736 4814 877 4867 κατὰ
915 4816 1085 4885 μόνας
1129 4816 1401 4886 ήσυχάσαι
1430 4815 1494 4869 τό
1520 4832 1584 4885 γε
1614 4813 1709 4869 νῦν
1740 4814 1861 4884 ἔχον

269 4904 382 4956 οὐκ
417 4904 730 4975 ἐδοκίμαζε,
765 4907 862 4960 καὶ
892 4907 1133 4976 ἀσφαλὲς
1166 4909 1371 4977 κρίνων
1399 4907 1614 4976 ἀπείρῳ
1646 4923 1707 4975 γε
1743 4906 1859 4960 ὄντι

281 4996 392 5056 τοῖς
451 4996 550 5064 τῆς
608 4997 876 5068 πονηρίας
933 4998 1056 5051 καθ’
1121 4998 1316 5051 ἑαυτὸν
1350 4998 1487 5060 ὅλως
1518 4996 1858 5050 διαπαλαίων

278 5086 607 5153 πνεύμασιν.
650 5087 711 5141 El
765 5091 879 5158 γὰρ
929 5089 1037 5142 τῶν
1090 5090 1148 5142 ὲν
1181 5090 1371 5160 κόσμῳ
1403 5087 1854 5159 στρατευομένων

268 5178 452 5242 οὐδεὶς
480 5178 645 5247 οὕτω,
671 5180 828 5252 φησὶ,
855 5182 917 5235 τὸ
956 5182 1153 5249 θράσος
1186 5183 1396 5253 ἄμαχος
1421 5181 1513 5234 καὶ
1540 5180 1639 5249 τὴν
1662 5180 1850 5233 ἄνοιαν

351 5341 431 5413 (5)
467 5343 656 5409 Cmpla
698 5344 840 5416 est}!
869 5343 1088 5416 Octob,
1118 5345 1362 5416 absoluta
1391 5357 1513 5416 post
1551 5346 1618 5400 15
1649 5346 1855 5402 sessio-

266 5426 400 5475 nes.
445 5416 467 5468 1
506 5414 952 5470 Νιινειιιιιιιξαιιιιί
988 5414 1192 5469 Christi
1221 5415 1347 5470 451.

349 5483 425 5549 (4)
457 5485 532 5559 Ila
571 5488 736 5559 etiam
767 5483 1016 5559 Grtecnm
1060 5500 1140 5559 uis
1192 5486 1510 5559 Νεστόριον,
1540 5487 1857 5559 improprie.

265 5553 533 5609 Damnati
570 5555 719 5628 inea
750 5564 878 5628 sunt
923 5555 1195 5624 Eutychos
1222 5553 1859 5628 Cttttsiatttinopblitanus

264 5626 724 5690 mellintandrita,
772 5625 861 5695 qui
899 5637 1210 5681 naturarum
1244 5627 1296 5680 in
1322 5630 1540 5683 (.ltristo
1567 5625 1858 5685 discrimen

266 5695 527 5769 tollebat,
575 5696 801 5769 ejusque
834 5695 1013 5769 fautor
1048 5696 1336 5769 Dioscorth
1382 5702 1692 5769 patriarcha
1737 5702 1861 5754 Alc-

266 5765 941 5838 xandrinus._Nestorius
984 5781 1117 5838 vero
1141 5770 1240 5823 sub
1286 5765 1595 5825 Theodosio
1648 5771 1861 5838 iuniore

265 5852 367 5889 an.
415 5838 550 5892 Chr.
594 5836 717 5903 431,
747 5839 799 5891 in
843 5838 1051 5908 synodo
1079 5836 1349 5910 Epltcsina
1408 5836 1745 5897 (cetttncn’ira
1780 5856 1861 5904 ιιι,

1968 4626 2189 4694 eligeret
2218 4643 2233 4692 ;
2271 4626 2414 4691 idne,
2444 4628 2588 4695 quod
2619 4636 2700 4681 est
2745 4628 2929 4698 plane'
2953 4626 3280 4691 solitarium,
3325 4636 3377 4679 et
3408 4624 3551 4694 quod

1950 4731 2076 4770 'non
2125 4716 2289 4772 habet
2342 4703 2597 4785 aliquam
2626 4733 2748 4773 cum
2805 4719 2911 4772 ullo
2948 4717 3433 4778 consuetudinem;
3483 4731 3550 4770 an

1967 4808 2111 4874 quod
2144 4809 2322 4878 agitur
2355 4826 2476 4863 cum
2506 4810 2625 4864 aliis
2655 4811 2779 4880 piis,
2812 4820 2867 4866 et
2918 4811 3009 4881 qni
3041 4811 3294 4864 eumdem
3330 4823 3551 4876 scopum

1967 4909 2390 4969 persequuntur.
2432 4900 2697 4955 Caeterum
2752 4902 3047 4971 separatim
3076 4900 3257 4966 silere,
3292 4908 3347 4953 et
3397 4899 3555 4967 quie-

1966 4998 2075 5044 tem
2134 5006 2313 5061 agere,
2347 5008 2450 5046 non
2503 4991 2754 5062 probavit
2797 4992 2850 5046 in
2906 4992 3215 5063 pra-sentia,
3257 4991 3310 5047 id
3346 5005 3552 5057 nequa-

1964 5096 2326 5157 quamtutnm
2366 5103 2488 5144 esse
2533 5090 2785 5160 judicans
2836 5089 2907 5153 ei,
2971 5090 3063 5160 qui
3120 5089 3355 5142 nondmn
3408 5094 3555 5140 esset

1964 5191 2221 5249 expertus
2268 5195 2366 5251 per
2392 5196 2451 5236 se
2493 5182 2684 5237 luctari
2715 5196 2841 5237 cum
2871 5181 3151 5252 spiritibus
3193 5180 3465 5251 nequitiae.
3492 5175 3553 5233 Si

1962 5348 2273 5412 damnatus,
2340 5346 2483 5415 quod
2534 5342 2814 5415 Christum
2862 5349 3143 5415 assereret
3177 5341 3549 5415 duplicicon-

1964 5430 2111 5474 stare
2161 5409 2424 5488 persona,
2482 5432 2548 5471 ac
2602 5416 2664 5468 Β.
2721 5413 2948 5468 Mariam
3003 5411 3144 5467 haud
3191 5409 3315 5467 esse
3367 5409 3549 5464 θεοτό-

1965 5506 2079 5543 κον.

2034 5558 2110 5628 (5)
2132 5558 2207 5613 De
2226 5573 2290 5612 eo
2305 5556 2422 5612 fuse
2440 5568 2619 5611 actum
2640 5554 2936 5628 διαιτητιῆί
2957 5554 3139 5628 (supra
3161 5552 3260 5607 col.
3279 5551 3432 5616 529),
3458 5551 3544 5605 ubi

1965 5628 2019 5683 in
2045 5625 2176 5682 ‘V'ita
2204 5645 2268 5683 ex
2296 5628 2660 5697 Metapbraste
2684 5626 2737 5683 ιι.
2756 5628 2848 5688 59.
2880 5628 2993 5679 hau:
3015 5625 3204 5678 eadem
3238 5632 3545 5697 narrantur.

1936 5758 1949 5770 ο
2041 5699 2117 5767 (6)
2153 5688 2754 5770 Iuvenalis-episcopus
2801 5697 3087 5770 ordinatur
3146 5706 3361 5770 tuorum
3412 5688 3549 5743 l‘ra-‘

1971 5764 2282 5844 Isyiio,__a_n.
2319 5770 2472 5844 _Cbr.
2706 5764 2958 5844 interfuit
3023 5765 3244 5842 synodis
3305 5776 3549 5844 ωυιιιιξιὶο

1971 5828 2418 5911 ιιὶεἰδῖίιιῑιυδὶιιω
2455 5852 2507 5896 et
2532 5837 2994 5903 Cbalcctlonensi;
3039 5828 3267 5891 moritur
3293 5850 3384 5886 an.
3418 5828 3547 5889 457.
