3886 6462
351 294 464 362 4Ἷὸ

1615 307 1899 370 MENSIS
1934 310 2390 375 JANUARIUS.
3510 311 3627 377 εἶθ

352 413 501 468 enim
536 425 603 467 ex
663 411 729 468 iis
755 413 847 482 qui
901 414 954 470 in
986 416 1187 472 mundo
1232 415 1485 483 militant,
1529 435 1711 488 nemo,
1737 421 1932 494 inquit,

2049 426 2311 497 περιττὸς,
2351 425 2411 490 δς
2443 427 2792 481 παντάπασιν
2818 425 3055 499 ἀκριϐὴς
3084 426 3161 481 ὢν
3186 428 3283 481 καὶ
3314 426 3626 500 ἀνάσιιητος

351 514 437 561 est
468 515 576 560 tam
604 507 802 562 invicta
854 508 1104 574 audacia,
1148 519 1203 566 et
1229 517 1338 565 tam
1370 510 1567 584 insigni
1593 513 1845 582 stultitia,
1878 525 1938 572 ut

354 598 400 653 si
436 597 507 652 sit
540 597 697 668 plane
715 600 864 655 rudis
892 609 948 656 et
986 601 1039 657 in
1088 616 1146 657 re
1173 602 1393 659 militari
1420 604 1649 662 omnino
1677 606 1940 665 inexerci-

357 700 523 755 tatus,
561 704 591 744 a
622 691 761 746 linea
789 693 840 748 in
885 695 1093 751 medios
1121 697 1304 751 statim
1337 700 1522 755 hostes
1551 698 1756 770 irruat;
1798 719 1937 773 quo-

356 780 515 836 modo
540 795 660 851 ego,
684 782 771 837 cui
799 799 991 840 manus
1015 800 1120 840 non
1155 797 1279 841 sunt
1313 791 1539 845 erudita:
1574 793 1639 845 ad
1669 794 1937 862 prmlium,

357 886 457 927 nee
497 873 648 944 digiti
677 875 744 929 ad
784 875 1003 942 bellum,
1036 892 1210 946 neque
1242 894 1475 949 superna
1516 897 1636 938 sum
1664 884 1939 939 accinctus

356 967 597 1034 potentia
629 968 828 1037 :idque
870 985 991 1025 cum
1041 972 1113 1027 sit
1160 972 1440 1029 conﬂictus
1479 976 1638 1048 longe
1667 980 1937 1048 periculo-

357 1058 471 1112 sior
524 1067 582 1112 et
628 1059 908 1127 incertior,
948 1063 1209 1117 adversus
1262 1066 1618 1136 principatus,
1676 1070 1939 1125 adversus

357 1158 675 1219 potestates,
732 1152 992 1208 adversus
1034 1157 1218 1211 mundi
1265 1158 1538 1230 principes
1592 1163 1937 1218 tenebrarum

344 1241 519 1314 huius
561 1245 767 1311 saeculi,
792 1247 1053 1301 adversus
1078 1249 1380 1316 spiritualia
1414 1254 1689 1324 nequitia),
1723 1269 1937 1325 possem

359 1333 411 1387 in
437 1333 555 1390 acie
585 1335 925 1390 consistere?
960 1336 1146 1391 Restat
1197 1353 1327 1410 ergo
1350 1381 1365 1404 ,
1404 1348 1461 1394 ut
1516 1351 1801 1413 postquam
1840 1359 1939 1415 ego

357 1439 387 1477 a
410 1425 615 1480 sanctis
644 1425 895 1482 Patribus
925 1427 1184 1492 didicero,
1206 1432 1296 1499 qui
1326 1445 1385 1485 se
1414 1432 1466 1485 in
1501 1432 1581 1486 bis
1609 1433 1759 1502 prius
1792 1443 1940 1490 recte

356 1526 747 1585 exercuerunt,
770 1527 826 1573 et
873 1520 1007 1573 satis
1030 1519 1098 1573 ab
1144 1521 1222 1575 eis
1258 1522 1413 1578 luero
1448 1523 1729 1579 institutus
1750 1526 1816 1579 ad
1843 1526 1940 1581 de-

354 1611 673 1665 certandum
700 1622 887 1665 contra
944 1612 1149 1679 hostes,
1178 1612 1269 1684 qui
1314 1615 1687 1686 percipiuntur
1741 1617 1941 1673 intelli-

355 1702 560 1769 gentia,
610 1702 803 1757 deinde
853 1704 904 1757 in
956 1712 1202 1776 tempore
1230 1706 1526 1777 percipiant
1584 1705 1815 1775 lrnctus,
1846 1710 1936 1779 qui

355 1792 685 1863 colliguntur
718 1809 784 1850 ex
814 1795 994 1866 quiete
1024 1807 1079 1851 et
1110 1797 1345 1852 silentio.

428 1884 482 1939 7.
527 1886 654 1941 Hmc
699 1902 819 1941 eum
857 1887 1261 1957 sapientissime
1297 1889 1591 1961 cogitasset
1619 1891 1759 1964 (erat
1795 1894 1938 1948 enim

353 1977 403 2030 ei
434 1977 574 2031 inter
608 1979 710 2031 alia
743 1979 981 2048 perfecta
1012 1995 1225 2050 quoque
1251 1982 1630 2057 intelligentia)
1666 1986 1852 2041 statim
1883 2001 1941 2041 se

356 2070 626 2123 convertit
652 2071 717 2124 ad
750 2085 845 2126 eos
876 2072 1221 2139 quaerendos,
1249 2074 1342 2142 qui
1385 2075 1586 2129 bonum
1617 2077 1941 2134 cumlabore

356 2161 744 2219 meditantur:
786 2173 841 2217 ut
899 2163 990 2234 qui
1025 2163 1212 2228 sciret,
1267 2166 1411 2234 quod
1465 2168 1720 2238 patiendo
1773 2169 1942 2225 tutius

358 2251 587 2305 docetur
613 2260 669 2307 et
707 2253 960 2308 discitur.
1010 2253 1253 2326 Longino
1290 2256 1367 2329 (7)
1395 2257 1578 2328 itaque
1623 2260 1781 2314 beato
1802 2264 1939 2329 seni,

355 2343 588 2411 quierat
620 2345 1111 2402 excellentissimus
1146 2347 1366 2404 Patrum
1398 2352 1483 2406 sui
1524 2353 1804 2422 temporis,
1845 2371 1936 2410 sc-

358 2436 535 2504 ipsum
564 2438 730 2491 tradit
755 2456 775 2492 νε
810 2439 1046 2508 undique
1093 2455 1214 2495 cum
1244 2455 1307 2496 eo
1349 2452 1405 2496 et
1455 2443 1598 2515 degit
1624 2454 1679 2499 et
1714 2445 1939 2509 habitat,

356 2526 503 2583 illius
543 2529 784 2585 moribus
807 2530 1095 2586 admodum
1127 2532 1445 2601 delectatus,
1485 2544 1537 2587 et
1569 2537 1688 2591 ideo
1730 2546 1874 2591 totus
1891 2538 1940 2593 ei

355 2620 520 2674 veluti
536 2620 1137 2690 lnlttL-retts,et;utdicam
1163 2640 1279 2679 cum
1298 2626 1477 2680 divino
1492 2626 1694 2682 Davide
1723 2672 1737 2697 ,
1754 2631 1937 2685 anima

357 2722 479 2782 post.
508 2729 629 2768 eum
685 2715 1065 2786 agglutinatus.
1100 2717 1231 2773 Nam
1284 2734 1405 2774 cum
1446 2735 1554 2790 quo
1583 2722 1704 2791 quis
1738 2725 1939 2778 versari

355 2808 675 2873 delectatur,
705 2811 829 2865 talis
877 2812 1040 2866 etiam
1072 2827 1193 2868 esse
1218 2811 1458 2867 creditur
1488 2832 1502 2869 :
1532 2825 1586 2870 et
1627 2815 1678 2869 id
1718 2817 1942 2887 pulchre

356 2903 554 2957 dicitur
584 2904 651 2958 ab
680 2905 939 2974 antiquis.
974 2905 1322 2961 Admirabilis
1340 2919 1519 2962 autem
1556 2909 1640 2962 hic
1665 2907 1940 2980 Longinus

342 3010 417 3069 .sc
462 2998 514 3049 in
565 2996 794 3064 quadam
849 2997 1178 3054 domuncula
1240 3001 1404 3054 turris
1461 2999 1536 3070 (8)
1580 3000 1744 3055 divini
1779 3002 1942 3056 David

2039 517 2106 570 τὰ
2137 517 2395 589 πολέμια,
2428 517 2591 582 εὐθὺς
2617 519 2727 572 ἀπὸ
2759 517 3028 589 γραμμῆς
3064 519 3145 583 είς
3176 518 3376 590 μέσους
3403 519 3468 592 δὴ
3493 520 3627 586 τοὺς

2040 607 2332 679 πολεμίους
2376 607 2570 663 ἑαυτὸν
2626 608 2968 680 είσωθήσειε,
3011 609 3132 673 πῶς
3176 609 3244 665 ἂν
3299 610 3412 680 ἐγὼ
3450 611 3628 683 μήπω

2036 696 2141 759 τὰς
2191 699 2382 770 χεῖρας
2441 697 2716 769 διδαχθεὶς
2763 701 2843 764 είς
2889 699 3199 770 παράταξιν
3230 739 3247 767 ,
3304 700 3442 771 μηδὲ
3491 701 3627 764 τοὺς

2037 788 2338 854 δακτύλους
2371 792 2451 854 είς
2480 790 2733 858 πόλεμον,
2793 791 2927 862 μηδέ
2969 792 3069 863 τὴν
3103 792 3312 847 ἀνωθεν
3348 793 3628 863 περιεζω-

2041 879 2237 949 σμένος
2265 879 2519 952 δύναμιν,
2561 883 2655 935 καὶ
2692 880 2867 936 ταῦτα
2908 882 3009 953 τῆς
3053 881 3378 953 συμπλοκῆς
3415 883 3627 953 ταύτης

2041 972 2319 1027 καταπολῦ
2364 973 2564 1044 μᾶλλον
2594 973 2951 1040 κινδυνὼδους
2982 973 3149 1045 οῦσης
3194 973 3289 1030 καὶ
3317 973 3626 1045 σφαλερᾶς,

2041 1064 2177 1136 πρὸς
2209 1065 2307 1130 τὰς
2345 1067 2543 1137 ἀρχὰς,
2584 1066 2723 1137 πρὸς
2751 1066 2851 1132 τὰς
2880 1066 3156 1133 ἐξουσίας,
3193 1066 3332 1138 πρὸς
3364 1067 3490 1130 τοὺς
3521 1082 3626 1119 κο-

2043 1157 2428 1229 σμοκράτορας
2455 1156 2550 1211 τοῦ
2598 1157 2825 1221 σκότους
2861 1157 2956 1211 τοῦ
2989 1157 3184 1221 αἰῶνος
3218 1155 3435 1216 τούτου.
3484 1153 3630 1225 πρὸς

2040 1251 2519 1319 τάηπνευματικά
2590 1251 2691 1322 τῆς
2744 1248 3011 1321 πονηρίας
3075 1244 3629 1320 ἀντιπαρατάξασθαι

2040 1340 2359 1412 δυνηθείηνς
2396 1340 2659 1394 Δείπεται
2693 1337 2826 1411 γοῦν
2863 1339 3043 1409 ἁγίοις
3101 1356 3170 1410 με
3211 1339 3477 1410 πρότερον
3518 1351 3633 1406 μα-

2042 1433 2374 1504 θητευθέντα
2403 1433 2698 1506 πατράσιν,
2737 1427 2821 1497 οἷς
2859 1432 2929 1486 τά
2956 1430 3097 1487 καλά
3138 1429 3485 1503 προησκήθη,
3523 1426 3632 1483 καὶ

2044 1525 2244 1590 ίκανῶς
2280 1525 2373 1581 ὑπ’
2407 1528 2590 1592 αὐτοῖς
2634 1529 2703 1582 τὰ
2752 1526 2889 1599 πρὸς
2939 1527 3065 1589 τοὺς
3117 1525 3340 1594 νοητοὺς
3387 1519 3633 1593 ἐχθροὺς

2041 1620 2488 1692 γυμνασάμενον,
2522 1618 2643 1675 εἶτα
2674 1621 2771 1675 καὶ⁵
2811 1619 2940 1683 τοὺς
2971 1617 3077 1671 ὑπὸ
3105 1617 3205 1687 τῆς
3235 1613 3464 1689 ἡσυχίας
3491 1627 3633 1682 φυο-

2045 1712 2240 1784 μένους
2276 1713 2417 1768 κατὰ
2459 1714 2652 1786 καιρὸν
2680 1713 2927 1784 καρποὺς
2956 1709 3271 1783 δρέπεσθαι.

2114 1892 2179 1957 ζ’.
2213 1889 2397 1945 Ταῦτα
2428 1891 2716 1962 σοφώτατα
2737 1890 3038 1960 διανοηθεὶς
3062 1887 3152 1964 (ἦν
3174 1888 3284 1963 γάρ
3310 1890 3461 1961 αύτῷ
3486 1889 3638 1961 μετά

2042 1988 2151 2043 τῶν
2176 1988 2351 2043 ἄλλων
2374 1993 2376 1995 ’
2399 1990 2494 2043 καὶ
2530 1989 2749 2053 σύνεσις
2790 1988 3050 2060 ἀκριϐὴς)
3084 1988 3221 2058 πρὸς
3257 1987 3487 2058 ζήτησιν
3516 1985 3637 2040 τῶν

2047 2081 2187 2151 μετά
2226 2079 2408 2135 πόνων
2438 2082 2547 2151 τὰς.
2593 2080 2689 2134 τοῦ
2721 2079 2932 2150 ἀγαθοῦ
2967 2079 3198 2151 μελέτας
3239 2077 3639 2148 ποιησαμένων

2043 2174 2207 2235 εὐθὺς
2232 2173 2520 2246 τρέπεται,
2558 2173 2720 2240 εἰδὼς
2777 2176 2861 2228 ὅτι
2909 2174 2975 2227 ἐκ
3020 2173 3115 2227 τοῦ
3156 2171 3350 2243 μαθεῖν
3393 2171 3643 2240 ἀσφαλε-

2045 2266 2218 2337 στέρα
2255 2266 2497 2337 μάθησίς
2528 2283 2589 2319 τε
2637 2266 2732 2319 καὶ
2770 2263 2993 2330 δίδαξις.
3031 2263 3282 2332 Λογγίνῳ
3338 2261 3641 2333 τοιγαροῦν

2043 2358 2120 2427 τῷ
2158 2358 2413 2430 μακαρίῳ
2444 2358 2682 2429 γέροντι,
2712 2356 2771 2421 ὃς
2802 2357 2898 2410 καὶ
2930 2353 3341 2425 διαφορώτατος
3373 2352 3486 2405 τῶν
3506 2351 3640 2405 καθ’

2045 2450 2239 2504 ἑαυτὸν
2268 2450 2525 2521 πατέρων
2563 2448 2864 2519 ἐτύγχανεν
2898 2445 2996 2513 ὢν,
3031 2446 3212 2516 φέρων
3244 2444 3436 2498 ἑαυτὸν
3469 2443 3641 2497 δίδω-

2045 2560 2151 2603 σιν,
2177 2541 2479 2613 ὁμοδίαιτος
2508 2559 2569 2596 τε
2594 2542 2742 2611 αύτῷ
2773 2540 2868 2595 καὶ
2899 2540 3146 2602 σύνοικος
3167 2539 3398 2606 γίνεται,
3426 2534 3644 2606 σφόδρα

2041 2635 2154 2695 τοῖς
2178 2631 2391 2686 ἐκείνου
2415 2631 2639 2703 τρόποις
2671 2630 2881 2700 ἡσθεὶς,
2901 2626 3095 2683 καὶδιά
3128 2625 3287 2680 τοῦτο
3321 2624 3417 2680 καὶ
3445 2624 3644 2694 ὥσπερ

2046 2725 2167 2789 ὅλος
2233 2724 2382 2795 αύτῷ
2411 2725 2614 2793 ἐμφὺς,
2641 2722 2825 2778 καὶτὸ
2869 2721 2963 2776 τοῦ
3027 2721 3176 2775 θείου
3226 2719 3391 2789 φάναι
3442 2716 3639 2798 άαόἳδ,

2045 2815 2143 2885 τὴν
2190 2814 2371 2886 ψυχὴν
2422 2815 2599 2869 ὀπίσω
2630 2813 3080 2887 προσκολληθείς.
3130 2812 3284 2866 Ἐπεὶ
3336 2813 3430 2864 καί
3476 2802 3521 2877 ᾧ
3552 2826 3647 2873 τις

2046 2908 2223 2964 συνὼν
2270 2910 2481 2980 ἥδεται,
2512 2908 2753 2971 τοιοῦτος
2806 2908 2915 2979 ἄρα
2970 2908 3064 2962 καὶ
3105 2901 3245 2959 εἶναι
3290 2902 3642 2965 πιστεύεται,

2046 3004 2143 3056 καὶ
2178 3000 2361 3065 καλῶς
2389 2999 2549 3053 τοῦτο
2573 3000 2679 3054 ύπὸ
2711 3000 2821 3053 τῶν
2851 2998 3099 3053 παλαιῶν
3122 2998 3367 3066 λέγεται.
3419 2990 3529 3047 Ἦν
3579 2992 3646 3045 δὲ

344 3074 488 3160 “(hoc
516 3088 659 3142 enim
707 3088 954 3157 perhibet
1011 3088 1155 3153 longi
1216 3091 1474 3159 temporis
1513 3092 1733 3163 tradito)
1766 3095 1942 3147 inelu-

2049 3094 2072 3145 ὁ
2120 3091 2438 3161 θαυμαστὸς
2488 3084 2643 3154 οὗτος
2670 3091 2936 3159 Λογγῖνος
2988 3092 3047 3143 ἐν
3098 3090 3329 3160 οἰκίσκῳ
3381 3086 3489 3142 τινὶ
3537 3085 3644 3139 τοῦ

359 3189 529 3248 serat,
563 3189 616 3235 et
646 3180 755 3237 illic
786 3181 940 3237 dulce
976 3182 1081 3236 mel
1117 3182 1335 3239 virtutis
1365 3183 1632 3239 laboriose
1680 3183 1942 3241 conﬁcie-

361 3273 477 3329 bat.

433 3453 489 3510 8.
512 3453 667 3525 Apud
695 3471 853 3525 quem
874 3470 996 3511 cum
1021 3472 1212 3514 omnes
1237 3472 1432 3515 sensus
1450 3461 1571 3531 pius
1585 3462 1943 3529 Theodosius,

364 3547 439 3601 ia
490 3558 549 3601 ut
594 3538 901 3617 oportebat,
961 3552 1316 3618 exercuisset,
1374 3554 1513 3610 etin
1575 3557 1640 3611 iis
1675 3572 1793 3627 qua:
1822 3554 1949 3612 sunt

361 3642 667 3709 expetenda
696 3649 749 3695 et
784 3639 1058 3711 fugienda,
1107 3644 1481 3702 discernendis
1509 3663 1721 3705 summe
1766 3651 1950 3706 elabna-

366 3742 560 3800 r..sset,
589 3734 642 3788 in
676 3745 913 3790 veterem
957 3738 1140 3792 sedem
1173 3739 1317 3809 (eum
1345 3741 1489 3795 enim
1525 3739 1700 3796 locum
1755 3742 1826 3796 ita
1859 3758 1947 3797 ro-

363 3832 493 3879 eant
526 3843 539 3879 :
568 3840 652 3880 est
702 3836 883 3881 autem
940 3827 1103 3882 invia
1144 3826 1376 3897 publica,
1409 3844 1528 3899 qua:
1562 3832 1734 3885 tendit
1764 3847 1952 3886 versus

367 3916 673 3988 Bethleem)
729 3918 1073 3988 commigrat,
1104 3919 1307 3977 invitus
1335 3922 1573 3991 quidem,
1606 3923 1701 3977 sed
1754 3924 1954 3979 cedens

370 4019 613 4080 paterna:
639 4009 925 4077 voluntati,
952 4012 1037 4065 cui
1082 4013 1262 4082 potius
1296 4028 1457 4083 quam
1503 4015 1712 4084 sibiipsi
1747 4030 1951 4072 murem

370 4101 615 4172 gerebat.
661 4101 920 4168 Quaenam
977 4114 1156 4157 autem
1208 4105 1308 4160 fuit
1357 4120 1522 4161 causa
1583 4108 1957 4178 tnigrationis?

371 4195 566 4250 Mulier
593 4197 840 4266 qntmiam
873 4198 1161 4252 admodum
1216 4199 1303 4269 pia
1351 4210 1402 4254 et
1460 4201 1708 4266 honesta,
1741 4206 1957 4261 nomine

374 4288 556 4355 lrelia,
586 4288 738 4345 dives
772 4288 1142 4354 facultatibus,
1172 4293 1267 4346 sed
1288 4294 1484 4348 virtute
1516 4295 1699 4350 ditior.
1735 4294 1807 4351 Ea
1830 4313 1955 4353 cum

371 4382 554 4452 aliquo
607 4382 826 4452 quidem
882 4385 1034 4453 prius
1097 4384 1466 4453 cobabitavit;
1532 4398 1720 4459 postea
1777 4400 1955 4446 autem

2048 3185 2259 3255 πύργου
2285 3182 2376 3237 τοῦ
2406 3183 2697 3236 θεσπεσίου
2730 3183 2893 3236 Δαὸὶδ
2920 3181 3100 3254 (τοῦτο
3129 3181 3238 3253 γὰρ
3266 3182 3300 3251 ἡ
3326 3181 3389 3233 ἐκ
3418 3176 3645 3251 μακροῦ

2048 3278 2346 3349 παράδοσις
2375 3276 2610 3346 δίδωσιν)
2669 3276 2864 3330 ἑαυτὸν
2918 3275 3368 3346 ἐγκλεισάμενος,
3405 3274 3637 3329 κάκεῖσε

2047 3373 2108 3425 τὸ
2138 3371 2233 3441 ἡδὺ
2269 3370 2370 3438 τῆς
2400 3370 2604 3440 ἀρετῆς
2641 3368 2763 3440 μέλι
2791 3369 3211 3441 φιλοπονότερον
3240 3366 3643 3440 ἐργαζόμενος.

2120 3469 2191 3534 η’.
2222 3461 2361 3534 "19'
2406 3455 2451 3529 ᾧ
2476 3463 2568 3515 καὶ
2611 3461 2680 3514 τὰ
2734 3461 3068 3532 αἰσθητήρια
3100 3459 3282 3513 πάντα
3313 3461 3342 3513 ὁ
3382 3457 3647 3527 θεοφιλὴς

2049 3553 2328 3616 Θεοδόσιος
2347 3551 2653 3624 ὥσπερεδει
2676 3550 3169 3622 ἐγγυμνασάμενος
3196 3551 3290 3604 καὶ
3309 3548 3406 3620 τὴν
3422 3564 3485 3601 πε
3493 3548 3546 3618 ρ“ι
3572 3547 3651 3601 τὰ

2050 3645 2243 3716 αἱρετά
2270 3646 2365 3698 καὶ
2404 3643 2619 3715 φευκτά
2655 3644 2930 3715 διάκρισιν
2964 3644 3044 3708 είς
3076 3643 3243 3714 ἀκρον
3289 3641 3646 3711 ἐκπονηθεὶς,

2056 3737 2400 3809 μετανάστης
2437 3737 2519 3799 είς
2560 3736 2621 3788 τὸ
2646 3734 2875 3789 παλαιὸν
2919 3735 3169 3807 κάθισμα
3199 3733 3375 3805 (τοῦτο
3401 3734 3509 3804 γάρ
3538 3750 3651 3787 κα-

2053 3831 2207 3884 λοῦσι
2228 3829 2319 3883 τὸν
2341 3829 2529 3895 τόπον,
2569 3830 2689 3883 ἐστὶ
2731 3828 2790 3883 δὲ
2825 3830 2968 3886 κατά
2994 3830 3095 3899 τὴν
3117 3827 3393 3899 λεωφόρον
3429 3826 3527 3897 τὴν
3546 3826 3651 3879 ἐπὶ

2053 3921 2303 3994 Βηθλεέμ
2318 3921 2614 3992 φέρουσαν)
2633 3921 2867 3990 γίνεται,
2884 3920 3034 3975 άκων
3059 3919 3324 3989 μὲν,άλλά
3354 3920 3653 3990 πατρικοῖς

2054 4015 2220 4068 εἴκων
2238 4014 2564 4087 θελήμασιν,
2578 4014 2615 4070 ά
2632 4014 2887 4087 μᾶλλονῆ
2908 4013 3089 4085 ἐαυτῷ
3105 4013 3429 4085 πειθόμενος
3441 4009 3529 4083 ἦν.
3543 4009 3653 4076 Τίς

2054 4105 2112 4161 δέ
2142 4106 2236 4160 καὶ
2260 4107 2295 4177 ἡ
2326 4106 2475 4160 αίτία
2502 4107 2604 4177 τῆς
2641 4105 3062 4175 μεταστάσεωςς
3094 4105 3233 4174 γυνή
3278 4121 3364 4168 τις
3394 4102 3514 4155 λίαν
3551 4102 3654 4155 σύ-

2058 4197 2225 4268 σεδὴς
2250 4199 2345 4252 καλ⁸
2372 4197 2598 4264 κοσμία,
2627 4196 3103 4268 τοῦνομαΊκελία,
3128 4195 3359 4249 πλουσία
3384 4193 3475 4248 τδν
3504 4192 3654 4265 βίον,

2059 4287 2438 4360 πλουσιωτέρα
2463 4289 2562 4360 τὴν
2587 4290 2812 4360 ἀρετήν.
2840 4288 2993 4360 Αὕτη
3031 4289 3279 4353 σύνοικος
3302 4287 3403 4358 μὲν
3429 4286 3652 4359 ὑπῆρξέ

2060 4397 2167 4434 τινι
2231 4381 2521 4451 πρότερον,
2574 4380 2803 4452 ὓστερον
2860 4382 2919 4436 δέ
2969 4384 3065 4436 καὶ
3104 4380 3345 4452 Χριστοῦ
3398 4378 3656 4444 διάκονος

376 4471 575 4528 Christi
605 4472 670 4528 fit
705 4472 953 4528 ministra
987 4483 1210 4544 propter
1240 4476 1521 4545 pietatem.
1579 4478 1790 4534 Etenim
1824 4487 1942 4535 temo

2067 4473 2192 4526 κατ’
2215 4471 2504 4526 εὐσέϐειαν
2530 4470 2766 4541 γίνεται.
2798 4472 2911 4527 Καὶ
2936 4472 3048 4543 γάρ
3066 4474 3161 4525 καὶ
3193 4471 3284 4525 τὸν
3311 4472 3490 4525 ἐκεῖσε
3518 4469 3657 4525 ναὸν

374 4564 520 4633 plum
541 4580 754 4637 quoque
780 4566 926 4637 quod
952 4565 1059 4623 illic
1085 4577 1190 4629 est.
1217 4568 1418 4623 dicitur
1447 4569 1694 4640 posuisse
1715 4572 1942 4626 omnium

2064 4569 2132 4637 τῇ
2165 4563 2434 4637 Δεσποίνῃ
2470 4563 2691 4641 πάντων
2723 4563 2819 4618 καὶ
2847 4563 3097 4634 Θεοτόκῳ
3138 4563 3355 4630 ἱδρῦσαι
3405 4562 3654 4631 λέγεται.

374 4654 617 4711 Dominae
640 4668 693 4713 et
721 4658 979 4728 Deiparae.
1014 4657 1147 4713 Cum
1179 4673 1243 4713 ea
1278 4674 1409 4729 ergo
1432 4670 1561 4714 tunc
1590 4660 1706 4715 seni
1737 4676 1942 4730 magno-

2066 4657 2284 4728 Ταύτης
2311 4656 2443 4727 γοῦν
2469 4655 2672 4728 πολλὴν
2709 4656 2831 4710 τότε
2864 4655 2946 4725 τῷ
2978 4656 3197 4727 γέροντι
3231 4654 3660 4728 προσφερούσης

374 4764 503 4819 pere
528 4749 908 4819 supplicasset,
944 4760 1003 4804 ut
1038 4749 1089 4823 in
1121 4750 1346 4823 templo,
1379 4752 1524 4823 quod
1562 4750 1682 4821 ipsa
1705 4754 1942 4808 condide-

2065 4750 2165 4823 τὴν
2193 4750 2451 4814 ἱκετείαν,
2490 4748 2633 4804 ὥστε
2663 4747 2743 4819 τῷ
2789 4748 2919 4820 παρ’
2962 4748 3136 4818 αὐτῆς
3182 4747 3319 4819 τῷδε
3375 4747 3659 4804 κτισθέντι

375 4846 482 4903 rat,
512 4839 805 4896 collocaret
842 4841 1239 4909 Theodosium;
1290 4844 1379 4899 ille
1406 4845 1624 4915 quidem
1655 4856 1809 4916 paret
1830 4848 1937 4905 invi

2068 4842 2185 4911 ναῷ
2213 4841 2608 4913 ἐγκατοικῆσαι
2637 4840 2731 4895 τὸν
2754 4839 3056 4909 Θεοδόσιον,
3097 4840 3345 4895 πείθεται
3375 4841 3474 4911 μὲν
3500 4843 3661 4895 ἄκων

375 4940 467 4986 tus
500 4948 514 4985 :
556 4931 852 5002 persuadet
880 4945 1059 4990 autem
1086 4935 1256 4992 multo
1292 4937 1465 5008 magis
1494 4937 1694 4994 nolenti
1719 4937 1942 4997 Theodo

2069 4938 2301 5001 ἐκεῖνος,
2344 4934 2521 4989 πείθει
2544 4935 2600 4989 δέ
2624 4933 2805 5006 πολλῷ
2830 4934 3031 5005 μᾶλλον
3061 4934 3162 5004 οὐχ
3190 4933 3389 4988 ἑκόντα
3426 4934 3519 4987 τὸν
3548 4951 3664 4998 μα-

374 5024 478 5089 sio,
509 5036 569 5079 ut
607 5025 861 5081 admittat
894 5026 1325 5085 translationem.
1360 5029 1460 5086 Cui
1495 5030 1640 5086 enim
1666 5031 1942 5100 jucuudun

2073 5027 2248 5100 θητὴν
2265 5026 2671 5100 παραδέξασθαι
2716 5025 2817 5098 τὴν
2867 5024 3180 5096 μετάθεσιν.
3232 5019 3306 5097 Ὦ
3351 5024 3462 5098 γάρ
3516 5026 3663 5094 πρὸς

375 5123 498 5170 erat
522 5115 686 5172 simul
719 5116 990 5184 habitare,
1034 5134 1375 5192 consequens
1417 5130 1523 5189 est,
1561 5131 1620 5176 ut
1671 5121 1721 5178 ei
1751 5136 1942 5193 quoqut

2082 5121 2278 5193 ἡδονῆς
2295 5118 2365 5194 ἦν
2390 5120 2427 5194 ἦ
2450 5121 2788 5192 συνοίκησις,
2830 5118 3125 5177 ἀκόλουθον
3150 5118 3209 5174 δὲ
3230 5118 3405 5189 τούτῳ
3435 5117 3664 5181 πάντως

452 5227 526 5284 ³1
581 5228 717 5305 Reg.
760 5248 927 5301 svnt,
986 5234 1035 5289 l.

453 5393 533 5477 (Ἰ)
570 5394 851 5480 Lopgintts
871 5394 1090 5480 quidam
1120 5409 1266 5478 anno
1296 5394 1427 5480 Chr.
1458 5393 1584 5477 4.69,
1614 5409 1642 5448 a
1666 5393 1728 5450 S.
1760 5394 1968 5480 Euthy-
2098 5466 2112 5480 _
2153 5395 2401 5480 (8).Eam
2428 5394 3073 5480 exbibetnadricltomius
3121 5394 3175 5451 in
3204 5394 3591 5480 topographia.
3605 5406 3667 5452 et

384 5464 831 5549 mio'prt‘efectus
875 5464 1212 5549 monasterio
1247 5464 1491 5549 inferiori
1552 5481 1658 5521 non
1711 5464 1970 5549 procula
2081 5464 3525 5549 descriptione‘urbis_llierosolytnitan:e.WilLermqs
3546 5464 3664 5549 Τι-

386 5533 563 5591 Laura
603 5536 665 5591 S.
713 5536 986 5607 Entbymii
1013 5554 1028 5591 :
1057 5537 1255 5607 dequo
1292 5536 1345 5589 in
1392 5534 1575 5660 litigas,
1620 5544 1677 5592 et
1717 5534 1973 5592 δίεσθαι
2081 5538 2195 5594 rius
2218 5533 2312 5593 lib.
2343 5551 2397 5593 ts
2430 5536 2505 5592 De
2547 5537 2680 5591 bello
2715 5546 2872 5619 terra
2902 5533 3121 5602 Sancus,
3167 5551 3294 5619 cap.
3321 5533 3665 5618 5,.rel‘ert'in

388 5606 529 5662 Vitis
560 5604 955 5663 a2itur.Cra:ci
1009 5608 1064 5663 in
1087 5606 1395 5662 Menaeis”
1476 5608 1693 5662 uvemb.
1727 5607 1969 5662 referunt
2083 5623 2208 5663 arce
2256 5619 2311 5663 et
2374 5610 2509 5663 turri
2581 5607 2795 5662 Davidts
2850 5623 3009 5661 onme
3064 5608 3211 5663 urbis
3265 5613 3667 5663 munimentum

388 5606 529 5662 Vitis
560 5608 755 5677 agitur.
782 5604 955 5663 Graeci
1009 5608 1064 5663 in
1087 5604 1308 5662 Menatis
1336 5606 1395 5661 l7
1432 5604 1693 5662 Novemb.
1727 5607 1942 5662 referuu

385 5678 621 5745 pinnis.
665 5676 895 5745 Longini
937 5677 1169 5745 obitum,
1208 5677 1350 5748 quod
1386 5677 1525 5733 forte
1586 5677 1653 5732 de
1705 5677 1942 5733 alterutri

2083 5623 2208 5663 arce
2256 5619 2311 5663 et
2374 5610 2509 5663 turri
2581 5607 2795 5662 Davidis
2850 5623 3009 5661 omne
3064 5608 3211 5663 urbis

2084 5678 2250 5735 fuisse
2309 5693 2428 5734 cum
2453 5695 2480 5732 .1
2516 5678 2843 5734 Christianis
2880 5680 3234 5747 reciperetur.

394 5749 823 5821 intelligendum.
