3886 6478
209 366 319 434 ιττ

1179 369 1359 431 ΥΙΤΑ
1398 368 1461 426 S.
1498 362 1920 427 THEODOSII
1961 368 2563 431 C(ENOBIARCH.E.

3388 308 3505 424 ιτε

208 487 438 559 ἀνιαρὸν
481 486 743 556 γενέσθαι
784 483 895 537 τῶν
922 484 1230 558 χωρισμὸν,
1287 483 1464 548 ἄλλως
1500 501 1562 538 τε
1599 483 1657 537 δὲ
1696 482 1823 543 και

1936 485 2125 541 tolesta
2156 486 2315 541 fuerit
2348 483 2620 554 separatio
2664 500 2678 535 :
2714 479 2952 535 maxime
2982 491 3105 532 cum
3139 474 3202 531 B‘.
3233 474 3496 532 Theodo-

205 582 306 636 τοῦ
346 581 621 653 μακαρίου
652 577 941 633 Θεοδοσίου
994 575 1263 649 ἄρχεσθαι
1314 577 1520 649 μᾶλλον
1548 577 1580 644 ἦ
1611 576 1806 648 ἄρχειν

208 670 739 746 ἐφιεμένου,ὧσπερ
771 672 891 742 ἄρα’
913 670 1012 724 καὶ
1060 669 1089 721 ὁ
1119 669 1278 739 λόγος
1307 670 1563 742 δηλώσει.

281 763 350 818 θ’.
389 763 650 825 Πεισθεὶς
698 761 810 831 γὰρ
843 761 939 815 καὶ
1001 759 1343 830 μετατεθεὶς,
1391 761 1488 813 καὶ
1532 759 1623 812 τὸν
1664 757 1809 811 θεῖον

212 860 344 914 nim
391 859 602 911 ἐκεῖνον
639 856 896 925 οἰκήσας,
942 849 1063 909 εἶτα
1111 854 1214 924 τῆς
1266 854 1456 923 φήμης
1517 852 1807 922 παρα-πολὺ

216 952 421 1022 μᾶλλον
454 949 619 1004 αὒτὺν
661 949 744 1009 εἰς
777 947 1028 1011 ἅπαντας
1082 944 1506 1011 διαόιόαζούσης
1550 932 1808 1016 (ᾧανερδν

212 1044 324 1116 γὰρ
362 1047 395 1115 ἡ
430 1044 621 1115 ἀρετή.
653 1042 758 1097 Τὸν
796 1038 1142 1111 κεκτημένον
1169 1035 1278 1093 οἶδε
1303 1040 1477 1092 ποιεῖν
1514 1036 1615 1108 οὐχ
1644 1032 1808 1108 ἧττον

212 1139 244 1206 ἥ
275 1141 309 1209 ἡ
343 1137 569 1205 λαμπὰς
609 1135 701 1188 τὸν
733 1133 1017 1205 φέροντα),
1051 1134 1152 1187 οὐκ
1200 1130 1441 1202 ἐνεγκὼν
1482 1131 1582 1194 τὰς
1626 1131 1805 1184 ἐκεῖσε

213 1229 527 1302 διατριϐὰς,
580 1229 663 1290 είς
698 1226 818 1280 τόδε
850 1226 911 1279 τὺ
955 1225 1082 1298 ὅρος
1125 1227 1221 1280 καὶ
1253 1226 1315 1279 τὸ
1349 1224 1496 1297 ἱερὸν
1542 1223 1811 1291 σπήλαιον

218 1322 558 1394 μεταῦαίνει,
607 1320 668 1386 ἐξ
721 1312 782 1374 οὗ
844 1319 978 1391 μίαν
1042 1321 1253 1383 ἐκεῖνος
1315 1318 1487 1389 μόνην
1534 1318 1634 1390 τὴν
1672 1316 1810 1388 πρὸς

216 1415 354 1468 Θεὸν
393 1414 630 1465 ποιεῖται
662 1409 989 1482 μετάϐασιν,
1018 1410 1137 1463 ἐκεῖ
1168 1409 1229 1462 τὸ
1268 1409 1434 1478 σῶμα
1462 1406 1807 1461 καταλιπών.

227 1506 290 1559 'il
329 1506 517 1575 μέντοι
544 1502 681 1575 πρὸς
736 1502 797 1556 τδ
839 1491 972 1573 ὅρος
995 1500 1172 1572 τούτῳ
1204 1500 1495 1571 μετάθεσις
1543 1500 1632 1554 διὰ
1663 1500 1811 1569 τρεῖς

216 1599 422 1660 ταύτας
471 1598 653 1661 αίτίας
704 1593 972 1665 θεοφιλῶς
1012 1594 1246 1663 γίνεται.
1291 1593 1517 1665 Πρῶτον
1572 1591 1675 1665 μὲν
1726 1593 1812 1646 ἵνα

213 1689 318 1763 τὴν
364 1688 540 1762 ἀρχὴν
566 1689 642 1744 ὡς
692 1687 836 1758 μέγα
864 1703 918 1739 τι
944 1686 1109 1757 ἄχθος
1136 1685 1377 1759 ἐκφύγῃ,
1422 1684 1491 1757 ἦν
1516 1683 1810 1757 ἐπιθήσειν

218 1782 371 1854 αύτῷ
422 1784 474 1836 oi
516 1784 694 1836 ἐκεῖσε
725 1779 987 1845 πατέρες,
1044 1778 1079 1851 ἢ
1142 1779 1206 1833 τὸ
1248 1778 1441 1851 περιὸν
1473 1777 1677 1848 μᾶλλον
1710 1778 1808 1847 τῆς

216 1877 427 1949 ἀρετῆς
465 1875 679 1947 ἔμελλε.
725 1874 996 1948 Δεύτερον
1043 1876 1124 1939 δὲ,
1162 1875 1249 1929 ἵνα
1299 1874 1398 1928 καὶ
1433 1873 1535 1945 τὴν
1579 1871 1676 1927 τοῦ
1719 1873 1813 1927 τό-
1841 1856 1881 1911 θ

217 1989 327 2025 που
386 1970 718 2042 μετάστασιν
791 1968 944 2041 δείξῃ
991 1969 1088 2023 καὶ
1135 1968 1412 2032 πολιτείας
1465 1965 1807 2038 ὑψηλοτέρας

218 2064 322 2135 τὴν
347 2063 456 2117 τῶν
478 2063 575 2118 ἀνθ
583 2062 787 2135 ρώπων
813 2062 1056 2134 ἐρημίαν
1079 2061 1406 2131 πολυγονίαν
1421 2057 1560 2116 εἶναι
1580 2059 1810 2131 καρπῶν

220 2162 325 2230 τῆς
371 2161 574 2232 ἀρετῆς
623 2159 953 2232 ἡγούμενος.
1005 2159 1080 2214 Τὸ
1123 2160 1181 2214 δὲ
1205 2160 1413 2231 τρίτον,
1455 2158 1534 2222 ὡς
1566 2157 1641 2229 μὴ
1665 2156 1812 2210 οἴκο-

224 2252 352 2321 θεν,
383 2252 498 2305 ἀλλ’
539 2253 648 2307 ὑπὸ
682 2252 820 2307 Θεοῦ
875 2253 1145 2323 κινηθεὶς,
1167 2251 1235 2305 ἵν’
1268 2250 1500 2306 ἐνταῦθα
1544 2252 1643 2319 τῆς
1681 2251 1817 2319 Χρι-

225 2345 356 2397 ατοῦ
391 2343 675 2413 φάλαγγος
719 2347 820 2415 τὴν
853 2344 1200 2416 στρατηγίαν
1224 2343 1569 2415 ἐγχειρισθῇ,
1593 2341 1722 2397 ἔνθα
1750 2340 1814 2410 δὴ

224 2436 327 2488 καὶ
377 2435 649 2503 τοσαύτας
720 2434 1071 2506 στρατιωτῶν
1149 2435 1423 2507 μυριάδας
1491 2433 1693 2505 μᾶλλον
1758 2433 1816 2487 δὲ

226 2527 621 2599 πνευματικῶν
644 2528 917 2600 ἀριστέων
939 2525 1019 2598 τῷ
1034 2523 1202 2597 κοινῷ
1236 2527 1492 2599 Δεσπότῃ
1518 2542 1816 2597 προσενεγ-

227 2623 350 2675 κεῖν
411 2619 658 2691 ἔμελλεν.
705 2619 895 2685 Οὕτως
939 2621 1042 2674 οὐκ
1112 2620 1217 2684 ἐξω
1256 2618 1486 2690 γνώμης
1533 2616 1820 2688 θεοφιλοῦς

229 2712 507 2783 κινηθεὶς,
542 2714 608 2783 τῇ
638 2729 699 2766 τε
729 2713 822 2766 τοῦ
867 2712 1029 2782 ὅρους
1060 2712 1276 2783 κορυφῇ
1327 2710 1597 2782 πρόσεισι,
1638 2708 1732 2762 καὶ
1764 2710 1821 2762 ἐν

230 2802 312 2875 τῷ
348 2802 600 2875 σπηλαίῳ
653 2801 833 2872 τούτῳ
884 2804 1048 2872 μέχρι
1094 2802 1285 2866 τέλους
1337 2798 1640 2864 αὐλίζεται,
1668 2797 1696 2850 ὃ
1728 2797 1823 2850 καὶ

228 2897 317 2959 εἰς
353 2895 518 2966 δεῦρο
545 2898 607 2947 τὸ
638 2894 784 2966 ἱερὸν
813 2894 983 2948 αὐτοῦ
1011 2894 1236 2948 πλουτεῖ
1261 2893 1535 2963 λείψανον.

308 2984 362 3041 ι’.
420 2987 593 3057 Λόγος
646 2986 703 3040 δέ
754 3003 838 3050 τις
877 2987 957 3051 είς
1015 2987 1164 3056 ἡμᾶς
1211 2986 1277 3039 ἐκ
1310 2984 1563 3055 πατέρων
1618 2981 1826 3038 ἄνωθεν

232 3079 542 3147 ἀφιγμένος
567 3080 697 3144 τοὺς
743 3081 976 3143 πιστοὺς
1021 3077 1266 3141 ἐκείνους
1297 3078 1526 3146 Μάγους
1554 3076 1740 3146 φησιν,
1770 3076 1823 3129 οἳ

1907 579 2022 633 sius
2054 579 2236 633 mallet
2278 589 2487 646 parere,
2512 587 2675 644 quam
2706 572 3003 642 imperare,
3033 567 3501 625 sicutdeclarabit

1905 673 2104 728 oratio.
2678 665 2695 681 ’

1976 761 2028 815 9.
2056 759 2188 816 Cum
2249 759 2430 827 itaque
2482 769 2776 824 persuasus
2803 753 2850 808 ei
2899 752 3192 808 translatus
3236 757 3405 816 esset,
3447 756 3507 804 er

1908 852 2152 907 divinum
2183 848 2311 903 illud
2343 847 2604 916 templum
2628 843 2951 905 habitasset.
2975 842 3095 910 eius
3124 840 3321 896 deinde
3354 838 3505 892 fama

1908 947 1974 1002 ad
2015 959 2207 1000 omnes
2261 942 2589 1011 pervadente
2619 937 2774 1011 (solet
2811 938 2955 992 enim
2985 938 3160 990 virtus
3188 949 3297 989 non
3320 933 3504 988 minus

1909 1054 2056 1104 eum,
2087 1037 2177 1106 qui
2201 1051 2321 1091 eam
2360 1032 2619 1103 possidet,
2663 1029 3015 1100 conspicuum
3057 1027 3307 1087 reddere.
3338 1039 3499 1095 quam

1910 1145 2058 1197 eum,
2081 1129 2172 1199 qui
2203 1143 2321 1183 eam
2349 1125 2475 1191 fert,
2503 1122 2749 1193 lucerna)
2783 1136 2889 1176 non
2937 1122 3123 1175 ferens
3151 1119 3260 1174 illic
3291 1114 3509 1172 versati

1912 1223 2138 1287 diutius,
2172 1220 2369 1275 transit
2420 1219 2472 1274 in
2514 1218 2660 1273 hunc
2701 1230 2919 1272 sacrum
2974 1222 3209 1268 montem
3258 1221 3313 1265 et
3362 1211 3503 1264 hanc

1912 1316 2223 1387 speluncam
2260 1313 2336 1384 (9)
2374 1335 2388 1368 :
2437 1326 2504 1366 ex
2532 1325 2638 1380 qua
2667 1309 2796 1364 facit
2823 1307 2913 1363 ille
2957 1320 3121 1362 unam
3163 1302 3333 1359 solam
3361 1317 3509 1366 eam,

1911 1424 2030 1477 quae
2052 1418 2136 1464 est
2168 1408 2231 1461 ad
2261 1404 2452 1470 Deum,
2492 1402 2888 1467 transitionem,
2907 1399 3016 1454 illic
3039 1396 3228 1453 relicto
3256 1409 3516 1464 corpore.

1913 1501 2111 1557 Tribus
2136 1510 2317 1556 autem
2332 1499 2397 1554 de
2425 1496 2608 1553 causis
2630 1495 2717 1567 pie
2748 1496 2812 1549 ﬁt
2830 1492 2951 1564 ejus
2974 1493 3028 1548 in
3059 1501 3300 1547 montem
3328 1496 3512 1541 trans-

1914 1597 2064 1652 latio.
2110 1595 2350 1650 Primum
2383 1593 2624 1661 quidem,
2685 1598 2748 1643 ut
2802 1586 3183 1658 praefecturam
3249 1591 3506 1650 tanquam

1915 1703 2166 1758 magnum
2185 1684 2404 1755 aliquod
2429 1696 2571 1737 onus
2594 1681 2828 1750 fugeret,
2856 1692 3019 1748 quam
3045 1674 3118 1729 illi
3147 1681 3306 1729 erant
3338 1672 3513 1737 impo-

1898 1778 2073 1836 situri
2116 1787 2321 1851 patres,
2340 1777 2422 1832 vel
2454 1776 2633 1846 potius
2669 1773 2786 1842 ejus
2812 1771 2982 1826 virtus
3008 1767 3235 1823 eximia.
3258 1761 3520 1821 Secundo

1917 1883 1974 1928 ut
2025 1872 2126 1928 loci
2177 1884 2395 1942 quoque
2426 1866 2867 1929 translationem,
2918 1862 2986 1917 ad
3028 1857 3349 1916 excelsioris
3384 1855 3519 1912 vin

1917 1968 2219 2022 ittS'itttttttIt
2277 1960 2695 2017 translationem
2728 1955 2987 2019 alliceret,
3044 1951 3393 2008 solitudinem
3440 1946 3515 2000 ab

1919 2059 2197 2115 hominum
2248 2055 2503 2110 convictu
2567 2060 2836 2106 secretam
2907 2045 3233 2114 multiplices
3292 2040 3520 2097 virtt‘lis

1919 2150 2127 2204 fruetus
2166 2147 2469 2218 producere
2522 2144 2822 2199 arbitrans.
2877 2139 3068 2196 Tertio
3127 2143 3333 2197 autem,
3366 2132 3513 2200 quod

1920 2260 2025 2299 neu
2050 2261 2078 2297 a
2111 2258 2195 2306 se,
2224 2239 2320 2297 sed
2351 2255 2381 2295 a
2408 2239 2518 2295 Deo
2540 2245 2722 2294 motus
2753 2233 2939 2299 fuerit,
2972 2242 3031 2285 ut
3052 2228 3212 2287 isthic
3240 2226 3290 2283 ei
3308 2222 3512 2281 Christi

1920 2337 2151 2408 phalanx
2180 2334 2425 2411 ducenda
2446 2331 2900 2393 committeretur,
2924 2324 3014 2380 ubi
3045 2331 3125 2378 tot
3149 2319 3400 2384 militum,
3430 2314 3517 2370 vel

1923 2431 2101 2502 potius
2134 2408 2499 2498 spiritualium
2548 2422 2844 2478 Procerum
2878 2417 3065 2481 millia,
3095 2421 3212 2471 erat
3241 2408 3519 2466 communi

1924 2523 2154 2578 Domino
2182 2519 2487 2587 oblaturus.
2536 2516 2628 2571 Sic
2662 2530 2794 2583 ergo
2842 2512 2931 2582 pia
2978 2517 3157 2565 mente
3188 2509 3515 2565 commotus,

1924 2617 2136 2673 accedit
2175 2615 2241 2669 ad
2272 2612 2530 2668 verticem
2563 2608 2781 2673 montis,
2824 2605 2953 2660 etin
2990 2604 3092 2657 hac
3115 2599 3369 2670 Spelunca
3394 2609 3497 2664 per.

1925 2720 2089 2781 petuo
2119 2707 2352 2773 habitat,
2384 2718 2505 2774 quae
2534 2701 2698 2759 etiam
2724 2699 3005 2767 hucusque
3019 2693 3140 2762 ejus
3182 2688 3524 2747 sacrisdives

1924 2815 2010 2859 est
2044 2799 2309 2871 reliquiis.

2004 2986 2092 3041 l0.
2121 2986 2376 3051 Quaedam
2410 2989 2593 3036 autem
2626 2978 2771 3033 fama
2804 2975 2875 3032 ab
2904 2972 3014 3030 alto
3043 2989 3071 3025 ιι
3114 2967 3361 3039 patribus
3408 2972 3524 3018 tra-

1934 3081 2068 3143 dita,
2118 3081 2184 3132 ad
2245 3090 2343 3129 nos
2394 3086 2588 3143 usque,
2642 3068 2910 3138 pervenit,
2967 3060 3269 3133 quredicit,
3336 3054 3524 3110 fideles

130 3211 139 3217 .
234 3169 299 3235 ἐξ
352 3169 653 3225 ’Δνατολῶν
675 3171 754 3234 είς
778 3168 1028 3239 Βηθλεέμ
1052 3167 1363 3237 ἐληλύθασι,
1388 3165 1466 3235 τῷ
1497 3166 1561 3218 ἐκ
1594 3163 1693 3233 τῆς
1716 3162 1823 3217 ἄνω

1937 3175 2059 3228 illos
2111 3170 2315 3239 Magos,
2366 3166 2458 3237 qui
2510 3162 2784 3218 Bethleem
2851 3165 3116 3212 venerunt
3164 3152 3232 3206 ab
3272 3148 3521 3209 Oriente,

232 3261 528 3332 περιωπῆς
552 3263 633 3324 είς
656 3261 761 3324 τὰς
790 3261 886 3315 τοῦ
914 3261 1128 3332 κόσμου
1161 3260 1317 3314 τοῦδε
1356 3258 1581 3330 Δυσμὰς
1614 3255 1823 3310 ἐλθόντι

1936 3282 2054 3323 eum
2117 3262 2252 3327 Deo,
2300 3261 2390 3330 qui
2420 3273 2486 3313 ex
2523 3269 2761 3325 superna
2809 3248 3030 3321 specula
3083 3247 3137 3301 in
3168 3243 3522 3300 Occidentem

233 3330 708 3423 Χριστῷ,χρυσὺν
736 3351 830 3406 καὶ
862 3330 1082 3405 λίϐανον
1104 3350 1198 3404 καὶ
1229 3348 1481 3421 σμύρναν
1515 3346 1638 3402 λίαν
1664 3347 1823 3401 εὐσε-

1936 3359 2094 3429 hujus
2119 3353 2307 3412 mundi
2342 3357 2587 3417 venerat,
2611 3360 2831 3409 aurum,
2864 3344 2989 3397 thus
3022 3349 3081 3394 et
3129 3335 3406 3409 myrrham
3439 3330 3526 3401 pie

235 3445 355 3509 σῶς
417 3445 922 3517 προσενέγκαντας,
948 3438 1070 3497 εἶτα
1093 3447 1190 3496 καὶ
1225 3443 1320 3495 ὑπ’
1348 3441 1584 3510 ἀγγέλου
1610 3456 1716 3511 χρη
1726 3455 1823 3510 μοι·

1936 3451 2223 3505 admodum
2246 3445 2596 3507 obtulissent,
2647 3438 2843 3496 deinde
2871 3437 2939 3492 ab
2967 3430 3174 3502 Angelo
3204 3441 3523 3495 responsum

234 3537 525 3601 τισθέντας
557 3535 634 3608 μὴ
659 3537 829 3605 αὐτὴν
853 3537 919 3608 ἣν
951 3530 1116 3603 ἦλθον
1149 3530 1309 3598 αὖθις
1347 3536 1558 3604 τεμεῖν,
1591 3532 1728 3586 ἀλλὰ
1760 3531 1823 3586 δι’

1936 3541 2295 3611 tta-cepissent,
2334 3552 2405 3592 ne
2454 3534 2699 3589 eamdem
2737 3530 2879 3584 viam
2940 3540 3129 3582 rursus
3172 3522 3394 3581 inirent,
3430 3517 3527 3571 sed

236 3632 436 3702 ἐτέρας
478 3631 681 3701 μᾶλλον
731 3631 810 3693 εἰς
832 3629 933 3698 τὴν
966 3628 1180 3682 οἰκείαν
1211 3626 1537 3682 ἐπανελθεῖν
1559 3643 1573 3658 ο
1603 3623 1823 3688 τούτους

1936 3649 2028 3705 per
2067 3610 2225 3687 aliam
2256 3630 2434 3701 pctins
2460 3627 2701 3681 redirent
2732 3623 2788 3677 in
2835 3634 2991 3675 suam
3025 3615 3300 3684 regionem
3347 3626 3361 3662 :
3394 3610 3527 3675 llos,

234 3728 303 3799 δὴ
320 3701 453 3791 τοὺς
482 3726 709 3816 Μάγους
735 3725 794 3778 ἐν
822 3722 985 3795 τῷδε,
1012 3721 1170 3792 φησὶ,
1193 3718 1276 3793 τῷ
1302 3718 1555 3791 σπηλαίῳ
1579 3718 1709 3789 περὶ
1731 3718 1823 3790 σιτη-1

1938 3701 2185 3797 inquam,
2217 3721 2348 3777 dicit
2376 3719 2563 3790 Magos
2608 3716 2723 3789 (10)
2773 3715 2825 3769 in
2856 3713 2960 3768 hac
2987 3708 3243 3780 spelunca
3267 3705 3321 3759 in
3354 3701 3528 3756 reditu

240 3796 508 3873 ἐπάνοδον
557 3799 890 3879 καταλῦσαι,
927 3815 1023 3867 καὶ
1056 3811 1293 3868 ἐνταῦθα
1325 3809 1524 3875 νυκτὸς
1560 3808 1823 3881 καθευδήε

1939 3818 2110 3873 fuisse
2140 3816 2444 3871 diversatos
2475 3830 2490 3866 :
2530 3821 2763 3877 cumque
2798 3805 2887 3860 hic
2943 3809 3105 3857 noctu
3155 3796 3530 3855 dormiissent,

246 3928 473 3977 σαντας,
503 3909 680 3973 οὕτως
728 3907 902 3963 ἕωθεν
961 3906 1064 3972 τῆς
1093 3904 1280 3961 οἴκαδε
1312 3903 1589 3976 φερούσης
1636 3901 1823 3966 αὐτοὺς

1940 3926 2103 3967 mane
2131 3911 2404 3982 ingressos
2435 3919 2557 3962 esse
2590 3904 2756 3966 viam,
2779 3914 2903 3971 quae
2931 3896 3165 3951 ducebat
3185 3893 3239 3947 iu
3262 3890 3528 3961 patriam;

239 4003 509 4074 ἅψασθαι.
536 4003 647 4056 Καὶ
673 4000 880 4055 τοιόνδε
899 3999 956 4053 δέ
978 4000 1110 4063 ἴσως
1138 3997 1402 4052 ἀπίθανον
1423 3995 1558 4051 αὐτὸ
1575 3995 1823 4050 διασείει·

1949 4015 2006 4060 et
2035 4004 2142 4058 tale
2169 4000 2386 4071 quidem
2417 4007 2499 4054 est
2528 3997 2602 4061 id,
2639 3994 2785 4065 quod
2816 3991 3037 4054 dicitur,
3063 3998 3118 4044 et
3149 3986 3381 4041 fortasse
3409 3996 3530 4037 eam

241 4094 465 4166 πρῶτον
495 4094 593 4165 μέν
621 4094 733 4165 γὰρ
761 4094 890 4157 τοὺς
926 4092 1016 4147 διὰ
1051 4090 1160 4145 τῶν
1201 4089 1594 4163 Ἰεροσολύμων
1624 4086 1823 4143 ὀδεύειι

1944 4097 2088 4154 nulla
2119 4092 2406 4150 labefactat
2438 4086 2895 4160 improbabilitas.
2951 4083 3086 4138 Nam
3130 4080 3364 4151 primum
3408 4075 3532 4144 qui-

241 4185 692 4258 ττροῃρημένους,
713 4184 775 4238 ού
794 4185 937 4239 πάνυ
971 4201 1026 4237 τι
1048 4182 1271 4261 εὐχερὲς
1294 4180 1562 4253 ἑτέρωθεν
1591 4180 1701 4236 ὰπδ
1727 4179 1823 4251 Βη-

1944 4194 2091 4258 dem,
2118 4205 2242 4246 cum
2267 4186 2593 4243 statuissent
2622 4182 2832 4254 ingredi
2863 4180 2969 4237 iter
2995 4191 3106 4251 per
3133 4172 3532 4261 Hierosolyma,

243 4284 413 4355 θλεέμ
432 4282 621 4339 οἶκαδε
654 4282 881 4346 τούτους
935 4281 1243 4348 ἐπανιέναι,
1319 4279 1472 4334 ἐνθεν
1519 4279 1578 4333 δέ
1624 4278 1700 4350 μὴ
1735 4295 1842 4332 πα-

248 4378 489 4449 ριόντας.
518 4377 745 4448 Ὠσπερ.
767 4376 867 4430 καὶ
905 4374 1002 4430 νῦν
1031 4374 1249 4447 ὁρῶμεν
1278 4374 1405 4437 τοὺς
1435 4373 1543 4427 ἀπὸ
1568 4371 1841 4443 Βηθλεὲμ,

245 4470 369 4538 ἦτοι
403 4469 506 4540 τῆς
533 4470 849 4540 περιχώρου
880 4467 1053 4538 αὐτῆς
1080 4464 1507 4539 παροδεύοντας,
1536 4453 1754 4534 διατῆς
1785 4462 1842 4516 δε

247 4560 682 4635 πορευομένους.

323 4653 415 4712 ια’.
449 4656 686 4711 Ἔπειτα
711 4654 770 4709 δὲ
798 4654 897 4709 καὶ
926 4652 1102 4709 πολλὰ
1127 4653 1237 4708 τῶν
1267 4653 1438 4709 πάλαι
1473 4652 1575 4727 μὲν
1604 4669 1838 4724 γεγενη-

252 4751 456 4822 μένων,
485 4753 554 4822 τῇ
584 4749 708 4821 θείᾳ
734 4748 791 4802 δὲ
817 4749 892 4821 μὴ
924 4746 1266 4816 ἐγκειμένων
1295 4748 1511 4819 Γραφῇ,
1534 4747 1567 4817 ὴ
1592 4744 1842 4815 ἄγραφος

249 4843 557 4916 παράδοσις
596 4846 735 4915 μόνη
763 4843 861 4897 καὶ
888 4843 967 4906 είς
1012 4840 1093 4894 ἔτι
1121 4838 1537 4910 παρασκευάζει
1570 4838 1796 4907 κρατεῖν
1818 4853 1833 4868 σ

249 4931 343 4990 οἷα
374 4935 440 5007 δὴ
467 4935 565 4989 καὶ
586 4933 658 4987 τὰ
694 4933 827 5004 περὶ
856 4930 953 4986 τοῦ
981 4930 1209 5003 κρανίου
1232 4928 1508 4999 λεγόμενα
1535 4925 1725 4991 τόπου,
1761 4923 1840 4995 τῷ

254 5026 505 5098 μεγάλῳ,
534 5024 699 5097 φημὶ,
727 5023 1035 5094 διείληπται
1058 5019 1346 5091 Βασιλείῳ.
1373 5020 1485 5073 Καὶ
1506 5016 1613 5089 γὰρ
1632 5015 1840 5078 ἐκεῖνος

253 5118 313 5173 ἐν
359 5119 469 5173 τινὶ
511 5117 622 5172 τῶν
681 5114 850 5172 αὑτοῦ
883 5115 1061 5185 λόγων
1095 5113 1199 5183 (δεῖ
1253 5113 1363 5183 γὰρ
1414 5109 1511 5164 καὶ
1559 5108 1738 5163 ταῦτα
1762 5105 1838 5171 ὡς

349 5280 407 5351 9)
436 5277 516 5362 ρο
557 5276 659 5362 hac
679 5273 936 5348 spelunca
986 5282 1041 5331 et
1070 5272 1191 5329 loco
1216 5270 1335 5327 fuse
1360 5277 1544 5325 actum
1571 5267 1625 5324 in
1659 5266 1847 5325 Prole-

254 5346 524 5423 gomenis.
557 5346 667 5421 δι.
710 5346 722 5348 ⁷

332 5419 452 5493 (10)
483 5418 687 5493 Eadem
719 5417 1032 5493 referuntur
1064 5409 1598 5493 injiogi‘ouloannis
1635 5408 1845 5493 Moschi

253 5481 646 5573 supra-relato
676 5490 732 5573 in
763 5483 1188 5573 Prolegomenis.
1232 5481 1643 5573 (υἰιιίιιςιᾋιιιἦ
1668 5481 1846 5551 inquit

255 5551 558 5646 Ba'rraditts
603 5568 788 5646 noster
836 5551 984 5613 tonio
1027 5555 1045 5610 Ι
1092 5555 1144 5646 in
1193 5558 1490 5646 comment:
1518 5551 1849 5646 ipConeor-

256 5634 408 5691 diam
476 5629 855 5701 Evangelicam
885 5668 901 5693 ,
996 5625 1310 5696 speluncam
1397 5622 1614 5692 palatiis
1690 5633 1846 5677 ante-

256 5716 487 5775 ponere,
517 5715 641 5756 cum
659 5699 935 5756 Christum
955 5696 1007 5753 in
1036 5696 1292 5768 spelunca
1318 5703 1504 5749 natum
1533 5695 1848 5764 conspexis-

255 5784 461 5916 ⁸⁸1⁸Ῑῖ
502 5841 736 5899 Basilius
768 5840 819 5897 in
861 5855 979 5912 cap.
1016 5854 1046 5895 v
1075 5836 1285 5896 Esaiae:
1342 5855 1360 5891 ι
1407 5834 1650 5895 Obtinuit
1705 5833 1847 5892 fama

1947 4298 2052 4339 non
2086 4290 2169 4338 est
2208 4278 2498 4334 admodum
2529 4273 2710 4347 facile,
2746 4272 2861 4329 utii
2892 4271 2996 4327 alia
3027 4284 3095 4326 ex
3124 4265 3402 4322 Bethleem
3429 4259 3533 4315 du-

1948 4389 2096 4431 mum
2125 4377 2548 4427 reverterentur.
2590 4366 2745 4422 Sicut
2773 4367 2938 4421 etiam
2968 4374 3109 4416 nunc
3142 4357 3387 4412 videmus
3413 4366 3534 4415 eos,

1947 4467 2040 4538 qui
2070 4481 2099 4519 ιι
2137 4461 2438 4525 Bethleem,
2461 4458 2545 4514 vel
2578 4459 2647 4512 ab
2685 4472 2746 4512 ea
2775 4469 2896 4524 qua:
2931 4460 3016 4507 est
3040 4448 3394 4506 circumcirca
3449 4458 3539 4500 re-

1870 4565 1916 4623 D
1945 4555 2127 4629 gioue,
2155 4560 2462 4616 transeunt,
2492 4564 2591 4618 per
2621 4547 2761 4602 hanc
2784 4541 3082 4615 proficisci.

2022 4647 2111 4702 il.
2140 4644 2408 4700 Pratterea
2436 4651 2616 4696 autem
2648 4638 2813 4695 multa
2866 4651 2937 4692 ex
2967 4634 3058 4700 iis,
3084 4647 3205 4702 qua:
3234 4628 3364 4684 olim
3412 4627 3537 4698 qui-

1949 4742 2070 4796 dem
2096 4737 2234 4793 facta
2258 4744 2410 4798 sunt,
2451 4735 2553 4790 sita
2580 4742 2760 4787 autem
2798 4745 2904 4785 non
2940 4726 3140 4783 suntin
3169 4722 3353 4778 divina
3387 4719 3539 4774 Scri-

1949 4843 2134 4904 ptura,
2168 4830 2284 4886 sola
2311 4829 2531 4898 scriptis
2557 4840 2661 4881 non
2691 4823 2944 4879 mandata
2995 4819 3236 4880 traditio,
3261 4815 3425 4871 ellieit
3479 4820 3540 4866 ut

1949 4929 2004 4982 iu
2059 4925 2381 4980 hodiernum
2423 4936 2599 4989 usque
2658 4918 2800 4973 diem
2856 4929 2958 4986 pro
3005 4913 3172 4968 certis
3206 4908 3535 4964 habeantur.

1949 5018 2136 5087 Qualia
2181 5024 2309 5071 sunt
2338 5030 2423 5080 ea,
2461 5027 2582 5082 qua:
2624 5009 2879 5064 dicuntur
2912 5005 2978 5059 de
3008 5003 3129 5057 loco
3165 4997 3363 5059 eranii,
3416 5010 3539 5066 qua:

1949 5119 2098 5178 sunt,
2133 5109 2379 5179 inquam,
2412 5111 2644 5160 tractata
2694 5114 2726 5154 a
2782 5111 2978 5170 magno
3023 5092 3224 5149 Basilio
3273 5089 3409 5164 (ll).
3438 5089 3539 5147 ιιιο

1954 5267 2198 5338 quaedam
2248 5263 2314 5338 in_
2360 5259 2618 5338 Ecclesia
2660 5254 2979 5313 memoriam
3029 5263 3382 5338 conserva-ns,
3432 5261 3538 5338 non

1955 5317 2175 5407 quidem
2207 5317 2448 5407 scripto_
2469 5330 2759 5407 proditam,
2808 5341 2938 5407 qua:
2985 5334 3039 5407 et
3074 5323 3197 5407 talis
3219 5330 3311 5407 est
3346 5337 3362 5374 :
3393 5317 3541 5407 quod

1956 5387 2371 5478 ﬁ.’i.§.a"'uuqde
2424 5387 2610 5478 Judaea
2655 5387 2951 5478 _hoininem
3000 5394 3240 5478 habebant
3282 5387 3538 5474 incolam,

1955 5462 2213 5532 ititnirum
2262 5462 2454 5538 Ᾰιίαιιι,
2507 5471 2666 5527 simul
2697 5480 2858 5538 atque
2896 5465 3100 5538 excidit
3137 5462 3347 5538 deliciis
3369 5473 3541 5538 para-

1955 5529 2294 5615 diisi,»inhac
2318 5529 2459 5600 terra
2496 5529 2843 5615 collocatum,
2878 5540 2945 5595 ad
2975 5533 3330 5615 mitigandam
3361 5529 3542 5615 iactu:

1956 5603 2080 5672 ram'
2124 5619 2389 5674 bonorum
2419 5616 2616 5686 quibus
2652 5603 2838 5668 fuerat
2860 5615 3077 5686 exutus.
3102 5603 3331 5686 ‘l‘riman
3377 5603 3542 5686 igitur

1954 5671 2419 5744 etiam—mortuum
2439 5671 2727 5741 'hominem
2774 5680 3019 5754 excepit,
3054 5676 3143 5745 qui
3174 5682 3229 5754 et
3259 5671 3367 5753 illic
3394 5681 3538 5754 eam,

1957 5760 2044 5814 cui
2073 5737 2845 5821 addictus“erat-{sententiam
2884 5737 3355 5805 condemnationis
3382 5737 3542 5822 plene

1957 5810 2043 5888 est
2066 5810 2379 5889 Sis‘écuitis.‘
2393 5810 2403 5812 ἡ
2422 5810 2609 5899 Itaque
2638 5823 2875 5884 insolens
2903 5832 3024 5881 esse
3056 5832 3118 5875 ac
3144 5827 3346 5873 novum
3386 5810 3541 5867 vide-
