3886 6462
484 368 592 433 έῖῧ
1743 362 2032 423 MENSIS

2159 362 2531 427 NUAliIUS.
3669 367 3779 432 68!

481 489 611 545 boni
660 497 715 544 et
765 485 976 543 honesti
1013 484 1289 541 studiosos
1322 483 1532 540 animas
1571 483 1639 539 ad
1699 498 1761 540 se
1812 484 2049 542 traheret

2181 483 2412 539 θάνοντα
2438 483 2516 548 δὲ,
2548 482 2845 539 ἀκόλουθον
2880 484 3099 550 πάντως
3125 484 3215 556 ἔφ’
3240 480 3435 541 ἑαυτὸν
3466 485 3651 542 nun
3675 490 3777 552 τὰς

484 594 596 639 non
622 595 783 637 secus
811 592 876 634 ac
908 593 1130 649 magnes
1176 577 1405 645 ferrum,
1439 588 1534 633 aut
1569 578 1751 648 potius
1800 586 1860 633 ut
1901 578 2050 635 bona:

2176 576 2504 645 φιλοκάλους
2535 576 2736 648 ψυχὰς,
2774 578 3047 650 ἡράκλειά
3114 596 3197 643 τις
3239 577 3389 644 λίθος
3443 579 3642 647 ὥσπερ
3682 580 3778 636 τὸν

475 676 744 747 quasdam
800 687 951 742 apes,
997 671 1298 742 jucundum
1357 671 1485 726 illud
1550 670 1655 726 mel
1696 671 1938 727 virtutis.
1987 671 2050 726 At

2174 667 2430 737 σίδηρον*
2483 666 2516 738 ἢ
2574 668 2777 739 μᾶλλον
2807 669 2882 734 ὼς
2924 669 3182 740 μελίττας
3233 670 3389 734 τινὰς
3437 669 3657 740 ἀγαθὰς
3693 671 3773 744 τῷ

480 769 632 824 illum
659 768 841 837 itaque
861 765 972 836 jam
996 765 1333 822 ventitabant
1356 764 1577 835 quidam
1597 780 1660 818 ex
1687 764 1773 831 iis,
1792 765 1886 834 qui
1914 779 2045 819 erau

2171 761 2289 832 ἡδεῖ
2335 759 2532 832 ἐκείνῳ
2555 760 2656 832 τῆς
2682 762 2887 834 ἀρετῆς
2929 763 3129 834 μέλιτι.
3174 764 3435 834 Ἐφοίτων
3467 763 3768 837 τοιγαροῦν

472 870 754 916 amatores
778 859 1023 925 virtutis,
1050 869 1106 915 et
1130 858 1409 913 malebant
1443 871 1566 913 cum
1595 871 1661 913 eo
1692 856 1933 913 incolere
1980 871 2050 911 so

2169 852 2244 916 ὡς
2270 851 2434 906 αὐτὸν
2475 851 2580 924 ἠδη
2634 853 2744 906 τῶν
2786 853 3096 926 φιλαρέτων
3136 855 3303 921 τινὲς,
3337 856 3433 908 καὶ
3484 856 3584 909 σὺν
3614 856 3770 927 αὐτῷ

476 953 784 1014 litudinem.
820 968 984 1022 quam
1014 967 1136 1007 cum
1188 951 1616 1022 imperatoribus
1659 950 1948 1019 praelatae
1986 949 2050 1005 cii

2172 944 2375 1015 μᾶλλον
2404 943 2502 1017 τὴν
2558 946 2819 1018 ἐρημίαν,
2860 946 2893 1019 ἢ
2930 946 3029 1010 τὰς
3076 946 3343 1018 λαμπρὰς
3398 947 3588 1011 πόλεις
3625 947 3769 1019 μετὰ

474 1048 697 1103 vitales.
726 1046 827 1114 Qui
855 1048 965 1103 vim
993 1043 1306 1110 all'erentes,
1347 1046 1437 1099 vix
1469 1045 1712 1116 quidem.
1756 1044 1853 1100 sed
1878 1052 2066 1101 tatuen

470 1140 834 1210 persuadent,
888 1152 963 1194 ne
1011 1153 1111 1194 sua
1172 1137 1349 1194 solum
1380 1137 1780 1202 consideraret,
1846 1138 1943 1193 sed
2000 1152 2065 1193 ea

475 1233 661 1295 etiam,
695 1247 817 1301 quae
868 1241 997 1288 sunt
1029 1231 1398 1301 proximorum
1434 1250 1448 1287 :
1481 1240 1537 1286 et
1560 1231 1702 1301 ejus,
1738 1245 1861 1301 qua:
1885 1239 2065 1286 estex

479 1323 614 1391 Deo,
646 1324 769 1379 vitae
800 1338 922 1379 eum
959 1324 1235 1393 accipiunt
1262 1323 1423 1377 veluti
1458 1323 1818 1393 pedotribam.
1844 1320 1911 1378 Et
1938 1333 2066 1379 tunc

469 1418 699 1487 quidem
750 1432 843 1472 sex
882 1416 965 1473 vel
996 1428 1203 1487 septem
1254 1430 1481 1472 numero
1524 1425 1684 1470 erant
1713 1416 1913 1471 chorus
1970 1414 2062 1487 qui

474 1519 590 1564 eral
628 1510 771 1563 circa
807 1511 980 1580 ipsqu

547 1601 635 1657 l6.
662 1601 800 1656 Cum
825 1612 1005 1656 autem
1029 1600 1198 1656 sciret
1219 1599 1307 1656 ille
1345 1614 1603 1669 magnus,
1639 1598 1713 1657 iis
1738 1600 1830 1671 qui
1854 1615 1922 1657 ex
1952 1600 2064 1657 Deo

478 1693 659 1749 vivere
679 1693 964 1762 elegerint,
989 1692 1120 1747 nihil
1142 1706 1298 1763 aeque
1327 1693 1633 1747 conducere
1662 1692 1729 1747 ad
1761 1693 2059 1762 parandam

471 1787 731 1841 virtutem
767 1794 824 1841 et
871 1786 940 1841 ad
990 1792 1201 1856 partam
1238 1787 1693 1852 conservandam,
1746 1800 1815 1841 ac
1863 1787 2058 1841 mortis

471 1879 762 1941 memoria,
788 1880 909 1947 quae
938 1880 1105 1933 etiam
1138 1892 1268 1933 vera
1313 1877 1649 1947 philosophia
1695 1886 1750 1934 et
1782 1877 1981 1933 dicitur
2006 1889 2061 1933 et

476 1971 753 2037 creditur;
795 1972 925 2042 quid
980 1971 1150 2027 facit!
1194 1971 1519 2041 Sepulcrum”
1556 1969 1672 2039 jam
1742 1982 2060 2027 construere

470 2064 561 2119 his
610 2066 724 2121 suis
762 2065 921 2135 jubet
978 2064 1312 2136 discipulis:
1366 2064 1528 2120 simul
1572 2065 1791 2132 quidem
1830 2072 1891 2118 ut
1943 2063 2060 2133 ejus

466 2167 619 2211 esset
679 2165 1096 2210 monumentum
1160 2156 1305 2219 linis,
1343 2156 1484 2210 sicut
1515 2155 1685 2210 etiam
1727 2163 1973 2219 vocatur,
2006 2166 2060 2210 et

466 2245 550 2300 dc
567 2258 662 2300 eos
689 2245 859 2314 magis
883 2243 1151 2299 excitaret
1194 2245 1263 2297 ad
1294 2245 1704 2308 decertandum,
1738 2254 1793 2297 et
1830 2244 2060 2314 diligen-

474 2338 587 2391 tius
633 2337 942 2392 stimularet
992 2338 1059 2391 ad
1112 2338 1408 2403 virtutem;
1460 2346 1516 2393 et
1573 2338 1734 2392 simul
1784 2338 1955 2394 etiam
2007 2347 2061 2393 et

466 2438 718 2484 mortuos
747 2430 1056 2501 acciperet;
1081 2429 1211 2500 quin
1233 2432 1399 2485 etiam
1421 2430 1510 2485 ille
1529 2445 1594 2485 ex
1626 2429 1823 2485 futuris
1853 2430 2058 2502 aliquid

465 2522 773 2591 praevidens
799 2531 856 2577 et
885 2524 1246 2593 przesagicns;
1272 2524 1385 2594 jam
1422 2522 1565 2579 enim
1586 2526 1699 2580 haec
1722 2523 2056 2581 charismata

468 2623 525 2668 et
558 2615 758 2685 gradus
802 2616 1082 2687 attigerat,
1130 2615 1185 2671 in
1233 2615 1354 2673 luce
1401 2619 1593 2689 gratia:
1640 2619 1814 2673 lucem
1844 2618 2055 2674 videas.

467 2704 610 2772 Quid
636 2716 817 2761 autem
852 2717 972 2763 erat
1008 2707 1155 2779 quod
1208 2709 1588 2780 praesagiebat,
1633 2708 1748 2780 jam
1776 2710 2057 2767 declarare

464 2800 779 2869 aggreditur
811 2800 1008 2855 oratio.
1040 2798 1295 2856 Paratum
1333 2802 1481 2858 enim
1514 2812 1632 2857 erat
1700 2803 2039 2874 sepulcrum,

462 2898 523 2945 et
571 2889 822 2945 adstabat
881 2892 1102 2962 quidem
1135 2893 1250 2963 ipse
1279 2894 1546 2964 desuper;
1586 2894 1838 2965 discipuli
1868 2903 2052 2950 autem

461 2981 644 3050 ipsum
703 2982 1208 3039 circumsistebant.
1261 2983 1354 3040 Ille
1405 2994 1587 3040 autem
1635 2996 1797 3040 acuto
1856 2988 2056 3043 mentis

460 3074 625 3130 Oculo
660 3074 877 3129 intuens
939 3075 1012 3142 id,
1069 3076 1214 3147 quod
1243 3085 1363 3130 erat
1394 3086 1737 3141 eVenturum,
1767 3078 1846 3133 sic
1875 3077 2053 3148 lepide

464 3165 618 3229 dicit,
661 3180 756 3220 eos
780 3165 1051 3235 aspiciens
1083 3185 1097 3221 :
1148 3166 1469 3237 Sepulcrum
1502 3168 1723 3239 quidem
1756 3178 1843 3226 est
1890 3185 2052 3240 para-

2169 1036 2437 1108 βασιλέων
2466 1038 2641 1091 οίκεῖν
2663 1039 3013 1109 ἠσπάζοντο·
3042 1038 3093 1092 οἳ
3136 1040 3231 1092 καὶ
3254 1038 3580 1112 βιασάμενοι
3612 1041 3769 1111 μόλις

2170 1129 2272 1201 μὲν
2307 1128 2559 1184 πείθουσι
2594 1130 2639 1183 δ’
2672 1130 2837 1201 ὅμως
2870 1131 2950 1203 μὴ
3001 1130 3068 1186 τά
3094 1130 3291 1185 ἑαυτοῦ
3324 1132 3487 1203 μόνον
3518 1137 3765 1199 σκοπεῖν,

2166 1222 2303 1276 ἀλλὰ
2337 1221 2401 1295 δὴ
2426 1222 2519 1276 καὶ
2554 1223 2624 1277 τὶ
2656 1222 2767 1277 τῶν
2793 1222 2986 1290 πέλας,
3012 1223 3107 1277 καὶ
3137 1217 3228 1277 οἷα
3258 1223 3624 1295 παιδοτρίϐην
3660 1226 3761 1276 αύ-

2164 1315 2257 1369 τδν
2280 1315 2371 1370 τοῦ
2413 1315 2554 1371 κατὰ
2589 1315 2726 1370 Θεὸν
2761 1314 2881 1387 βίον
2920 1315 3413 1388 παραλαμϐάνουσι
3435 1333 3450 1349 ·
3483 1317 3583 1371 καὶ
3621 1317 3768 1382 τέως

2169 1406 2266 1477 μὲν
2300 1406 2359 1475 ἒξ
2392 1423 2496 1460 που
2532 1407 2625 1461 καὶ
2651 1406 2797 1461 ἑπτὰ
2813 1407 2904 1461 τὸν
2944 1407 3182 1479 ἀριθμὸν
3210 1408 3238 1460 6
3261 1407 3391 1479 περὶ
3416 1406 3582 1461 αὑτὸν
3599 1407 3765 1479 χορὸς

2159 1516 2252 1570 ην.

2239 1597 2338 1656 ις’.
2369 1591 2542 1655 Εἰδὼς
2587 1591 2646 1646 δὲ
2692 1592 2726 1646 6
2760 1591 2937 1664 μέγας
2998 1591 3085 1646 ὅτι
3136 1593 3251 1654 τοῖς
3305 1592 3450 1648 κατὰ
3486 1590 3631 1648 Θεὸν
3662 1591 3765 1665 ζῇν

2163 1681 2439 1753 ἑλομένοις
2464 1683 2618 1738 οὐδὲν
2648 1682 2825 1749 οὕτως
2872 1683 3118 1756 ἀτεχνῶς
3148 1684 3285 1757 πρὸς
3313 1686 3377 1740 τὸ
3416 1686 3516 1740 καὶ
3547 1687 3763 1757 κτήσα-

2163 1775 2289 1829 σθαι
2324 1777 2549 1850 ἀρετὴν,
2604 1778 2699 1832 καὶ
2756 1776 2995 1847 φυλάξαι
3045 1779 3398 1849 κτησθεῖσαν,
3438 1780 3517 1844 ὡς
3562 1781 3760 1853 μνήμη

2094 1850 2134 1905 υ
2165 1868 2400 1922 θανάτου
2433 1871 2719 1942 συνεργεῖν
2750 1868 3000 1935 δύναται,
3037 1871 3185 1942 ﬁmi.
3217 1870 3425 1943 ἀληθὴς
3462 1850 3762 1942 φιλοσοέρία

2162 1960 2379 2031 λέγεται
2409 1963 2505 2017 καὶ
2533 1962 2869 2031 πιστεύεται,
2902 1964 2954 2018 τί
2985 1966 3162 2033 ποιεῖς
3191 1967 3363 2036 τάφον
3397 1966 3503 2037 ήδη
3577 1982 3761 2021 κατα-

2168 2056 2438 2108 σκευάσαι
2478 2060 2590 2120 τοῖς
2621 2057 2845 2120 οἰκείοις
2870 2054 3083 2123 τούτοις
3130 2059 3401 2131 μαθηταῖς
3443 2060 3758 2129 ἐπιτρέπει,

2161 2147 2279 2219 ἅμα
2315 2149 2415 2218 μὲν
2446 2148 2533 2201 ἵνα
2581 2152 2850 2220 μνημεῖον
2888 2151 3096 2215 αὐτοῖς,
3131 2149 3323 2223 ὥσπερ
3349 2150 3414 2223 δὴ
3445 2152 3542 2205 καὶ
3574 2150 3761 2204 καλεῖ-

2160 2258 2273 2305 ται,
2315 2240 2410 2294 τοῦ
2466 2241 2656 2306 τέλους
2707 2243 2950 2315 γίνηται,
3014 2244 3111 2298 καὶ
3132 2243 3276 2298 οὓτω
3317 2244 3523 2315 μᾶλλον
3552 2244 3759 2308 αὐτοὺς

2161 2334 2492 2403 ἐναγωνίους
2528 2337 2679 2406 ποιῇ,
2735 2337 2830 2388 καὶ
2867 2334 3128 2408 κεντρίζῃ
3178 2335 3316 2407 πρὸς
3337 2335 3541 2406 ἀρετὴν
3575 2337 3758 2408 ἐμπο-

2162 2424 2418 2498 νὼτερον,
2468 2425 2584 2497 ἅμα
2613 2426 2786 2479 δὲκαὶ
2831 2426 3171 2498 θνήσκοντας
3226 2426 3576 2498 ὑποδέχοιτο·
3612 2428 3758 2497 πλὴν

2165 2518 2302 2573 ἀλλὰ
2334 2521 2425 2572 καὶ
2462 2519 2790 2591 προϐλέπων
2813 2537 2865 2573 τι
2912 2519 3019 2572 τῶν
3049 2519 3358 2589 μελλόντων
3386 2522 3613 2583 ἐκεῖνος.
3654 2522 3757 2573 καὶ

2162 2609 2591 2681 προνοούμενος,
2651 2610 2754 2682 ἤδη
2789 2610 2899 2683 γάρ
2934 2611 3028 2663 καὶ
3079 2610 3439 2681 χαρισμάτων
3493 2608 3759 2662 τοιούτων

2161 2706 2255 2757 καὶ
2286 2701 2515 2775 βαθμῶν
2546 2704 2771 2774 ἥπτετο,
2793 2703 2849 2754 ὲν
2873 2702 3017 2772 φωτὶ
3042 2701 3145 2771 τῆς
3172 2701 3427 2770 γνώσεως
3452 2699 3564 2769 φῶς
3581 2700 3757 2771 ὁρῶν.

2160 2794 2272 2849 Καὶ
2298 2796 2436 2866 ὅπερ
2461 2794 2569 2865 ἄρα
2595 2794 2655 2848 τὸ
2686 2792 2895 2865 μυηθὲν
2927 2788 3019 2865 ἦν,
3049 2795 3077 2848 6
3100 2794 3262 2863 λόγος
3287 2793 3389 2864 ἤδη
3426 2792 3621 2864 δηλοῦν
3655 2793 3757 2863 έρ-

2160 2906 2334 2959 χεται.
2396 2887 2776 2960 Ηύτρεπίςετο
2819 2889 2930 2960 γὰρ
2974 2889 3003 2940 6
3059 2889 3252 2957 τάφος,
3289 2888 3386 2941 καὶ
3446 2887 3760 2959 παρίστατο

2161 2981 2258 3052 μὲν
2282 2980 2447 3044 αὐτὸς
2488 2980 2717 3048 ἄνωθεν,
2744 2981 2791 3033 οι
2826 2981 3072 3051 μαθηταὶ
3098 2980 3154 3033 δὲ
3179 2982 3341 3034 αὑτὸν
3372 2980 3754 3051 περιίσταντο.

2158 3072 2268 3127 Καὶ
2299 3071 2357 3135 ὃς
2390 3072 2635 3144 ὀξυτέρῳ
2658 3073 2755 3143 τῆς
2776 3072 3019 3137 διανοίας
3042 3072 3257 3143 ὄμματι
3281 3073 3342 3125 τὸ
3370 3071 3756 3142 ὲκὸησόμενον

2156 3166 2428 3237 καθορῶν,
2454 3166 2752 3238 χαριέντως
2812 3165 2955 3220 οὕτω
3010 3184 3129 3230 πως
3173 3165 3307 3237 φησὶ
3361 3164 3499 3237 πρὸς
3545 3162 3755 3229 αὐτοὺς

465 3267 601 3320 tum.
627 3258 877 3327 quisnam
909 3269 1091 3313 autem
1121 3275 1187 3315 ex
1224 3260 1377 3315 vobis
1404 3269 1489 3316 est
1531 3262 1771 3317 euczeuia
1801 3260 1921 3332 ejus
1961 3278 2050 3318 ce-

2159 3259 2282 3313 ἰδών
2302 3276 2317 3291 ·
2355 3260 2415 3313 ’0
2457 3260 2558 3331 μὲν
2590 3260 2759 3329 τὰςθος
2798 3259 2898 3331 ἢδη
2925 3259 3166 3330 ἕτοιμος,
3197 3260 3281 3323 τίς
3309 3258 3367 3313 δὲ
3394 3258 3460 3313 ἂν
3501 3257 3588 3327 εἴη
3617 3259 3645 3312 ὅ
3679 3275 3752 3327 γε

463 3351 807 3406 lebraturus?
850 3353 915 3407 Et
945 3353 1037 3409 ille
1079 3352 1298 3423 quidem
1346 3352 1450 3416 sic,
1490 3352 1667 3422 lepide
1722 3362 1777 3408 et
1834 3357 2052 3410 urbana:

459 3444 699 3499 orationi
734 3445 971 3501 miscens
1001 3447 1142 3501 seria
1180 3463 1198 3502 :
1251 3445 1456 3502 solebat
1496 3447 1643 3502 enim
1679 3448 1793 3517 ipse
1832 3462 2051 3518 quoque

461 3535 607 3590 inter
634 3537 738 3591 alia
766 3548 979 3610 tempus
1025 3555 1208 3603 nosse,
1260 3541 1749 3611 austeritatemque
1792 3550 1847 3596 et
1878 3541 2050 3596 tristi-

463 3629 592 3683 tiam
614 3630 788 3700 gratia
831 3632 1107 3686 tiiuderata
1140 3632 1382 3688 solvere.

535 3807 626 3862 i7.
665 3806 897 3874 Quidam
956 3817 1135 3863 autem
1187 3808 1445 3875 Basilius,
1507 3809 1779 3882 dignitate
1828 3811 2047 3882 quidem

458 3898 757 3964 sacerdos,
806 3907 1030 3968 propter
1085 3913 1265 3954 rerum
1297 3911 1478 3955 autem
1535 3902 1806 3957 bonarum
1838 3903 2049 3958 deside-

461 3990 626 4056 rium,
666 4005 958 4062 expressos
1006 4001 1192 4060 aperte
1221 4007 1444 4047 servans
1477 4003 1735 4063 paternos
1767 3996 2049 4051 characte-

461 4090 667 4146 res;et
706 4096 832 4137 eum
889 4083 980 4151 qui
1011 4081 1188 4152 ipsum
1231 4092 1494 4152 genuerat
1549 4083 1893 4155 spiritaliter,
1938 4103 2046 4142 nou

462 4175 643 4229 minus
701 4174 945 4230 referens
1010 4175 1367 4231 similitudine
1408 4169 1673 4243 virtutis,
1724 4194 1887 4247 quam
1926 4195 2050 4235 car-

461 4267 615 4325 nales
659 4278 843 4340 patres
900 4268 935 4322 ii
985 4269 1076 4338 qui
1132 4283 1200 4324 ex
1256 4269 1363 4325 illis
1417 4271 1528 4325 nati
1569 4282 1721 4339 sunt,
1752 4282 1808 4328 et
1848 4270 2047 4343 alioqui

458 4361 645 4418 sciens
672 4370 1030 4432 quaestionem
1081 4377 1185 4416 non
1240 4360 1445 4416 frustra
1481 4378 1604 4419 esse
1634 4366 1966 4435 propositam
2015 4382 2045 4421 a

458 4453 740 4525 nngistro,
763 4456 973 4525 primus
1005 4453 1278 4521 arripiens
1300 4469 1631 4523 sermonem,
1657 4468 1777 4513 erat
1799 4467 2047 4528 prompto

2153 3351 2345 3405 τοῦτον
2374 3351 2434 3417 ἐξ
2463 3351 2617 3422 ὑμῶν
2649 3352 3016 3420 ἐγκαινίσων;
3053 3352 3189 3404 καὶὸ
3222 3351 3324 3421 μὲν
3345 3350 3488 3404 οὕτω
3521 3368 3639 3414 πως
3664 3352 3751 3423 τῷ

2152 3443 2399 3516 χαρίεντι
2447 3443 2542 3498 τοῦ
2601 3444 2761 3513 λόγου
2810 3445 2904 3497 καὶ
2957 3443 3197 3513 σπουδὴν
3233 3442 3585 3513 ἐπιμίσγων·
3619 3443 3751 3506 ἔθος

2153 3539 2261 3609 γὰρ
2299 3535 2440 3608 μετὰ
2469 3537 2577 3590 τῶν
2605 3537 2780 3591 ἄλλων
2811 3537 2965 3607 αύτῷ
2997 3539 3089 3591 καὶ
3133 3538 3326 3609 καιρὸν
3371 3537 3593 3602 εἰδέναι,
3643 3536 3749 3589 καὶ

2149 3630 2212 3684 τὸ
2250 3630 2499 3685 σύντονον
2531 3630 2676 3684 εστιν
2727 3631 2815 3684 ὅτε
2884 3631 2979 3685 καὶ
3029 3630 3355 3703 σκυθρωπὸν
3409 3631 3748 3702 ὲμμετρίαις

2152 3723 2300 3777 λύειν
2331 3727 2451 3788 ταῖς
2475 3725 2685 3796 χάρισι.

2226 3817 2311 3882 ιζ’.
2343 3816 2628 3880 Βασίλειος
2659 3818 2718 3870 δέ
2754 3834 2861 3883 τις,
2888 3816 2949 3870 τὸ
2976 3817 3075 3887 μὲν
3097 3816 3315 3886 ἀξίωμα
3346 3817 3548 3888 ἱερεὺς,
3578 3815 3653 3887 τῷ
3679 3817 3746 3871 δι

2154 3909 2282 3978 περὶ
2306 3907 2372 3960 τὰ
2396 3908 2538 3961 κατά
2561 3907 2710 3978 ζήλῳ
2732 3908 3018 3977 διαφανεῖς
3042 3905 3232 3972 σώζων
3258 3907 3383 3972 τοὺς
3424 3908 3747 3979 πατρικοὺς

2151 3999 2535 4071 χαρακτῆρας,
2565 4000 2661 4053 καὶ
2698 4000 2793 4053 τὸν
2817 4000 3193 4071 γεγεννηκότα
3221 3999 3611 4071 πνευματικῶς
3649 4000 3749 4052 οὖ-

2149 4089 2416 4167 δὲνῆττον
2440 4094 2759 4163 ὑποφαίνων
2783 4093 2893 4147 ἀπὸ
2917 4094 3027 4147 τῶν
3049 4094 3146 4163 τῆς
3168 4092 3370 4163 ἀρετῆς
3396 4091 3746 4163 ὁμοιώσεως),

2150 4183 2182 4256 ἢ
2210 4185 2337 4248 τοὺς
2368 4185 2667 4256 σαρκικους
2701 4187 2949 4257 πατέρας
2970 4185 3021 4238 οἳ
3045 4184 3141 4238 ὑπ’
3169 4185 3352 4239 αὐτῶν
3383 4183 3531 4238 οὕτω
3547 4187 3744 4236 τικτᾴ-

2154 4295 2329 4347 μενοι,
2357 4278 2533 4341 ἄλλως
2567 4295 2625 4331 τε
2656 4277 2752 4331 καὶ
2783 4278 2937 4343 εἰδὼς
2975 4280 3051 4350 μὴ
3093 4280 3175 4341 είς
3197 4277 3353 4332 κενὸν
3382 4274 3638 4348 εἰρῆσθαι
3657 4274 3746 4347 τῷ

2148 4371 2463 4443 διδασκάλῳ
2495 4372 2555 4425 τὸ
2578 4369 2894 4444 πρόὸλημα,
2918 4373 3133 4443 πρῶτος
3154 4373 3243 4425 τὸν
3262 4371 3419 4439 λόγον
3449 4371 3739 4440 ἁρπάσας,

2147 4460 2365 4532 ἕτοιμος
2393 4462 2521 4533 περὶ
2557 4461 2655 4533 τὴν
2680 4461 2775 4514 τοῦ
2809 4461 3043 4517 θανάτου
3078 4462 3291 4535 αἵρεσιν
3322 4462 3421 4515 καὶ
3448 4460 3745 4532 πρόθυμος
3826 4446 3827 4505 1

451 4556 508 4603 et
536 4547 702 4603 alacri
768 4548 955 4602 animo
984 4548 1052 4602 ad
1110 4555 1343 4601 mortem
1411 4548 1751 4620 eligendam,
1794 4561 2050 4621 tanquam

2161 4550 2249 4624 ἧν,
2295 4554 2489 4622 ὥσπερ
2517 4555 2616 4608 οὐκ
2660 4553 2960 4626 ἀδουλήτου
2995 4554 3139 4618 τινος
3189 4553 3580 4626 προκειμένου,
3618 4552 3743 4607 ἀλλ’

454 4654 567 4693 rem
597 4655 703 4695 non
737 4638 1150 4709 repudiandum,
1204 4638 1299 4693 sed
1330 4639 1484 4694 valde
1521 4641 1707 4695 utilem
1752 4652 1805 4697 et
1848 4657 1927 4696 co.
1952 4642 2043 4696 du-

451 4730 695 4786 cibilem.
729 4730 991 4787 Protinus
1033 4746 1162 4802 ergo
1188 4730 1418 4799 genibus
1451 4729 1627 4797 ﬂexis,
1651 4748 1773 4787 cum
1802 4748 1862 4788 se
1893 4735 2041 4788 humi

452 4822 778 4891 projecisset
797 4839 810 4875 :
832 4822 1068 4878 Benedic
1096 4822 1256 4887 mihi,
1274 4825 1468 4891 inquit,
1494 4823 1676 4888 Pater,
1710 4825 1820 4895 Ego
1836 4836 2041 4890 autem,

455 4910 651 4986 inquit,
679 4915 841 4985 hujus
870 4916 1107 4984 sepulcri
1143 4918 1322 4988 primo
1352 4916 1639 4971 celebrabo
1663 4920 1926 4973 encaenia.
1946 4918 2042 4975 liic

450 5024 583 5080 ergo
606 5009 782 5077 petiit,
813 5009 900 5064 ille
919 5025 1052 5065 vero
1085 5011 1254 5066 dedit.
1287 5010 1355 5064 Et
1386 5012 1562 5081 ipsum
1592 5011 1812 5080 quidem
1852 5011 2042 5067 habuit

448 5101 785 5171 sepulcrum.
843 5101 1007 5157 Juhet
1054 5114 1235 5159 autem
1278 5102 1447 5161 Pater
1484 5105 1667 5160 omnia
1720 5106 1823 5174 ipsi
1892 5106 2036 5172 ﬁeri,

448 5209 571 5264 qua:
612 5194 700 5249 [ex
729 5194 843 5248 vult
897 5195 1015 5250 ﬁeri
1048 5199 1317 5265 mortuis;
1375 5200 1660 5263 tertianas,
1706 5200 1951 5270 inquam,
1982 5212 2040 5257 et

450 5302 711 5354 novenos,
741 5297 796 5343 et
826 5301 1226 5359 consequenter
1254 5293 1420 5347 etiam
1471 5292 1874 5365 quadragenas.
1902 5296 2037 5350 Cum

449 5391 634 5437 autem
657 5379 770 5451 jam
828 5382 992 5437 linem
1048 5383 1361 5453 acciperent
1392 5386 1781 5456 quadragenae,
1819 5389 1874 5456 (ο
1898 5402 2038 5456 quo-

448 5475 610 5531 modo
649 5475 1012 5547 explicaverit
1037 5476 1217 5532 oratio
1248 5478 1302 5533 id
1343 5479 1487 5548 quod
1518 5490 1603 5534 est
1638 5482 1793 5536 valde
1816 5480 2035 5550 quidem

450 5583 663 5636 verum,
721 5570 818 5625 sed
868 5579 954 5625 est
1000 5568 1156 5625 valde
1210 5571 1422 5626 creditu
1482 5571 1716 5639 diﬂicile,
1751 5583 2036 5643 propterea

441 5661 588 5732 quod
615 5661 832 5718 modum
850 5660 1443 5735 exsuperatl)Basilius
1467 5678 1642 5733 neque
1668 5681 1697 5719 a
1716 5663 1869 5720 febre
1884 5678 2037 5719 arre-

443 5761 588 5823 ptus,
609 5767 708 5811 nec
738 5755 936 5827 capitis
959 5755 1153 5814 dolore
1188 5764 1435 5823 vexatus,
1463 5771 1563 5812 nec
1592 5756 1757 5811 ullum
1790 5756 2033 5813 dolorem

444 5846 689 5905 sentiens
748 5850 807 5906 in
863 5850 966 5906 ulla
1018 5861 1172 5923 parte
1232 5849 1497 5922 corporis,
1564 5858 1823 5921 tanquam
1886 5849 2033 5907 molli

2148 4646 2598 4719 ἑπικερδοῦςλίαν
2626 4648 2719 4701 καὶ
2747 4646 3049 4717 ὠφελίμου.
3091 4645 3301 4699 Λύτίκα
3334 4638 3467 4714 γοῦὸ
3490 4646 3571 4706 si;
3605 4645 3743 4711 γόνυ

2146 4740 2352 4804 κλιθεὶς
2387 4740 2486 4794 καὶ
2516 4742 2651 4813 πρὸς
2716 4741 2822 4811 γῆν
2849 4740 3066 4813 ἐρείσας
3084 4741 3145 4796 τὸ
3171 4740 3484 4813 πρόσωπον,
3508 4739 3745 4808 Εύλόγηο
3820 4782 3821 4793 η

2145 4830 2233 4886 σίν
2266 4832 2330 4901 δὴ
2357 4832 2448 4899 μὲ,
2481 4832 2685 4904 Πάτερ,
2707 4835 2893 4904 φησὶν,
2924 4831 3035 4901 ἐγὼ
3056 4833 3111 4885 δέ
3150 4851 3233 4887 σοι
3262 4832 3354 4886 τοῦ
3378 4832 3550 4901 τάφου
3577 4830 3744 4886 τοῦδε
3818 4884 3819 4891 η

2145 4926 2359 4997 πρῶτος
2399 4925 2746 4994 ὲγκαινιστδς
2797 4924 3018 4997 ἔσομαι.
3064 4926 3123 4980 ’0
3161 4926 3262 4996 μὲν
3303 4920 3397 4980 οὖν
3436 4926 3582 4997 ᾔτει,
3621 4928 3651 4980 6
3682 4927 3741 4980 δὲ
3816 4976 3817 4987 η

2142 5019 2317 5074 ἐδίδου
2342 5035 2357 5050 '
2390 5021 2488 5073 καὶ
2538 5020 2568 5072 6
2602 5019 2705 5088 μὲν
2755 5019 2929 5089 τάφος
2959 5014 3107 5088 εἶχεν
3156 5019 3346 5071 αὐτόν.
3392 5018 3654 5072 Ἐκὲλευε
3685 5019 3740 5072 δδ

2141 5116 2170 5169 6
2199 5111 2392 5183 Πατὴρ
2425 5111 2607 5166 πάντα
2626 5112 2715 5165 ἐπ’
2735 5111 2884 5183 αὐτῷ
2912 5115 3087 5165 ποιεῖν
3105 5113 3203 5164 ὅσα
3228 5111 3391 5181 νόμος
3414 5113 3474 5164 ὲν
3493 5113 3742 5168 τεθνεῶ-
3810 5148 3811 5189 1

2145 5208 2231 5262 σίν
2258 5199 2419 5261 ἰστισ
2462 5207 2647 5278 τρίτα,
2688 5206 2856 5276 φημὶ,
2899 5205 2996 5259 καὶ⁹
3039 5204 3257 5268 ἐννατα,
3286 5204 3383 5257 καλ⁵
3421 5202 3743 5267 ἀκολούθως

2138 5299 2205 5371 δὴ
2219 5299 2657 5371 τεσσαράκοστα.
2684 5296 2824 5367 Ἤδη
2848 5296 2905 5349 δὲ
2929 5296 3040 5349 τῶν
3063 5293 3525 5364 τεσσαρακοστὼν
3555 5295 3739 5365 πέρας

2140 5391 2385 5464 ἐχουσῶν
2412 5390 2480 5463 (ὣ
2517 5392 2635 5456 πῶς
2663 5392 2730 5446 ἂν
2762 5393 2791 5444 6
2821 5390 2978 5459 λόγος
3009 5387 3244 5461 δηλώσει
3271 5388 3333 5443 τὸ
3362 5388 3458 5441 καὶ
3482 5386 3610 5441 λίαν
3636 5389 3738 5457 μὲν

2137 5484 2357 5555 ἀληθὲς,
2424 5483 2546 5537 λίαν
2592 5484 2652 5538 δι
2714 5483 3073 5553 πιστευθῆναι
3121 5483 3212 5537 διὰ
3246 5483 3361 5554 ’τὴν
3422 5464 3775 5553 summa

2137 5575 2403 5647 δυσχερές
2428 5573 2469 5647 ς)
2503 5577 2531 5629 6
2561 5573 2844 5639 Βασίλειος
2868 5576 3008 5646 μήτε
3039 5573 3262 5646 πυρετῷ
3290 5573 3539 5644 ληφθεὶς,
3593 5577 3735 5645 μήτε

2138 5668 2382 5741 κεφαλὴν
2412 5668 2445 5738 ἢ
2472 5668 2599 5722 ἄλλο
2622 5684 2677 5720 τι
2703 5668 2813 5724 τῶν
2845 5667 2939 5721 τοῦ
2985 5667 3239 5738 σώματος
3274 5666 3456 5739 μερῶν
3485 5664 3739 5734 ἀλγήσας

2138 5761 2331 5831 μηδὲν,
2357 5759 2549 5831 ὥσπερ
2588 5758 2759 5814 ὕπνον
2785 5759 2911 5814 τινὰ
2933 5759 3179 5830 μαλακὸν
3203 5761 3300 5813 καὶ
3329 5758 3550 5831 ἥδιστον
3590 5760 3734 5826 ἀφυο

2140 5850 2383 5922 τινώσας,
2429 5851 2568 5923 πρὸς
2607 5850 2815 5924 Κύριον
2849 5852 3127 5926 ἐξεδήμει,
3191 5848 3355 5909 ἆθλον
3378 5851 3498 5929 ,τῆς
3526 5848 3735 5923 ἀρετῆς
3796 5916 3797 5919 η

3810 5096 3813 5179 1

3810 5202 3811 5275 1

3808 5332 3809 5373 1

3798 5772 3799 5855 1

3790 6194 3791 6241 1
