3886 6492
256 422 352 489 ιθε

1169 418 1342 481 VITA
1386 418 1448 478 S.
1478 417 1914 478 'THEODOSII
1955 412 2550 476 C(ENOBIARCII:E.

3400 407 3512 473 486

259 539 465 608 καὶτῆς
507 533 603 589 τοῦ
640 532 946 605 μεταϐῆναι
981 529 1116 601 πρὸς
1145 529 1214 583 τὰ
1245 532 1366 584 ἐκεῖ
1396 508 1733 601 προθυμίας.
1765 530 1830 584 Ὃ

1962 527 2162 597 λυσάτω
2191 535 2248 584 et
2266 526 2420 582 suavi
2470 537 2662 581 somno
2702 523 2933 595 scpitus,
2964 522 3291 580 excessit'ad
3323 521 3509 578 Domi-

255 627 342 686 τοῦ
367 627 442 700 μὴ
472 625 644 698 ἡδέως
675 623 823 696 ἔχειν
849 623 987 695 πρὸς
1026 621 1097 675 τὰ
1130 619 1367 675 ἐνταῦθα
1410 620 1645 691 δήλωσις
1669 621 1826 693 ἀκρι-

1927 635 2056 678 num
2086 619 2407 690 :prazmium
2440 615 2681 681 virtutis,
2713 626 2766 670 et
2788 615 2913 670 illuc
2942 614 3206 685 migrandi
3247 612 3515 685 prompti-

256 720 464 794 ϐὴςγτδ
494 717 710 789 πρῶτος
761 714 1167 786 ἐμφανισθῆναι
1217 711 1357 783 Θεῷ,
1388 712 1488 766 καὶ
1529 711 1826 782 στεφθῆναι

1962 711 2155 766 udinis.
2174 710 2324 778 Quod
2342 709 2559 779 quidem
2592 715 2778 778 aperte
2806 705 3136 777 signiﬁcavit
3161 720 3285 762 cum
3302 720 3514 770 eorum,

257 813 465 885 πρῶτος
482 808 948 880 ἀπενεγκάμενος,
972 804 1115 860 ὥστε
1138 806 1233 860 καὶ
1254 805 1388 860 αὐτὸ
1407 806 1464 859 ἐν
1486 803 1662 876 τούτῳ
1685 821 1830 876 παρ-

1962 818 2056 871 tute
2108 803 2198 857 hic
2245 811 2392 868 sunt,
2425 814 2766 869 nequaquam
2809 798 2950 855 allici
2985 798 3301 869 voluptate:
3336 807 3394 851 ut
3423 798 3516 866 qui

262 903 593 973 ευδοκιμεῖν’
631 900 724 954 τὸν
754 896 1100 962 διδάσκαλον,
1131 897 1180 948 εί
1217 897 1384 965 μήπω
1428 892 1572 960 δόξει
1607 908 1830 963 περιερ-

1935 894 2143 964 primus
2177 902 2235 947 ut
2267 902 2392 947 ante
2430 890 2599 947 Deum
2628 890 2938 952 sisteretur,
2972 899 3028 946 et
3052 889 3262 959 primus
3282 902 3519 944 corona¢

258 996 472 1067 γότερον
505 993 570 1047 τὸ
612 991 827 1062 λεχθὲν,
855 989 1016 1060 εἴπερ
1046 987 1111 1058 δὴ
1143 985 1310 1058 μέγα,
1354 984 1496 1040 Θεοῦ
1534 982 1829 1056 πρόσωπον

1962 993 2110 1048 ἐιιιτ,
2138 983 2390 1052 elegerit;
2433 982 2570 1037 adeo
2598 991 2655 1036 ut
2697 982 2810 1051 ipse
2836 983 2937 1036 hac
2973 980 3023 1034 in
3057 994 3117 1034 re
3147 979 3364 1034 laudem
3399 992 3517 1033 ma-

257 1087 543 1160 ἡπίωςκαὶ
572 1084 818 1156 εὐμενῶς
841 1082 1146 1155 δρώμενον.

331 1344 416 1419 ιη’.
467 1343 688 1400 Τούτων
742 1342 887 1400 οὕτω
962 1343 1385 1411 τελειωθέντων,
1451 1340 1530 1413 τῷ
1586 1339 1834 1411 θαύματι

261 1440 439 1512 θαῦμα
487 1441 791 1512 συνήπτετο
814 1455 831 1472 ο
866 1440 1279 1510 τεσσαράκοντα
1308 1438 1420 1509 γὰρ
1465 1433 1665 1506 ἐφεξῆς
1688 1434 1833 1504 ήμέο

1932 1076 2089 1149 gistri
2135 1076 2474 1145 superaverit
2533 1092 2549 1131 :

1933 1170 2144 1225 riosum
2190 1169 2264 1235 id,
2300 1170 2446 1239 quod
2488 1167 2696 1222 dictum
2725 1175 2845 1235 est;
2880 1165 3152 1236 siquidem
3187 1179 3381 1234 magna
3436 1176 3525 1218 res

1930 1270 2041 1327 est,
2078 1261 2171 1317 Dei
2202 1260 2400 1317 faciem
2433 1258 2701 1330 placidam
2724 1273 2790 1312 ac
2837 1258 3123 1326 benignam
3162 1254 3380 1310 intueri.

2608 1074 2710 1129 nisi
2762 1073 2901 1128 forte
2934 1072 3097 1127 nimis
3156 1071 3401 1126 videatur
3434 1085 3525 1124 cu.

2009 1350 2096 1406 18.
2113 1351 2209 1407 His
2234 1352 2313 1406 sic
2332 1348 2875 1422 per!eetis,miraculo
2898 1347 3220 1403 miraculum
3238 1345 3528 1402 successit.

1936 1445 2301 1516 Quadraginta
2330 1444 2474 1499 enim
2502 1444 2758 1512 deinceps
2795 1441 2930 1505 dies,
2962 1440 3016 1496 in
3049 1440 3273 1496 canticis
3301 1453 3526 1507 vesper-

262 1552 357 1608 ρας
396 1535 541 1588 κατὰ
584 1532 683 1597 τὰς
722 1531 1011 1602 ἑσπερίους
1049 1529 1215 1602 ᾠδὰς,
1293 1527 1498 1602 μεταξὺ
1553 1525 1648 1581 τοῦ
1690 1523 1833 1597 ἱεροῦ

1962 1537 2066 1592 iuis
2098 1537 2240 1592 inter
2269 1550 2486 1591 sacrum
2510 1536 2736 1590 chorum
2767 1532 3157 1601 discipulorum
3190 1530 3277 1587 hic
3303 1531 3526 1585 divinus

258 1628 365 1681 τῶν
404 1625 662 1699 μαθητῶν
693 1625 880 1697 χοροῦ,
930 1625 1028 1679 καὶ
1061 1627 1088 1678 6
1140 1623 1285 1688 θεῖος
1324 1615 1479 1686 οὗτος
1551 1619 1836 1681 Βασίλειος

1932 1642 2152 1701 quoque
2179 1640 2330 1684 stans
2392 1627 2656 1691 Basilius,
2686 1634 2740 1681 et
2770 1641 2874 1680 una
2907 1631 3137 1679 cantans
3160 1622 3445 1676 videbatur
3472 1627 3530 1676 et

261 1717 429 1783 ἑστὼς
474 1718 571 1772 καὶ
596 1718 837 1790 συνᾴδων
856 1715 933 1787 τῷ
964 1715 1183 1787 μεγάλῳ
1209 1714 1474 1785 Θεοδοσίῳ
1495 1711 1753 1766 ἐϐλέπετό
1776 1727 1835 1781 τε

1962 1721 2262 1777 iudiebatur
2299 1735 2330 1775 a
2362 1734 2560 1788 magno
2583 1716 2912 1773 Theodosio.
2948 1715 3013 1769 Et
3049 1729 3115 1770 ex
3153 1713 3275 1769 aliis
3306 1714 3527 1783 quidem

262 1811 356 1865 καὶ
364 1811 614 1881 haedove.
634 1809 744 1862 Καὶ
764 1807 873 1864 τῶν
894 1806 994 1878 μὲν
1009 1805 1186 1862 anew
1198 1804 1375 1869 οὐδεὶς
1389 1799 1726 1876 ἐτερσςόῦτε
1736 1800 1836 1872 τῆς

1937 1810 2125 1867 nullus
2156 1809 2297 1866 alius
2341 1820 2437 1864 aut
2470 1806 2965 1883 vocem'audiebat,
3004 1814 3097 1859 aut
3121 1805 3264 1861 illius
3296 1804 3526 1861 fortnam

263 1904 443 1972 φωνῆς
488 1901 707 1957 ἀκούων
765 1899 890 1955 οὔτε
921 1900 1021 1971 τὴν
1054 1899 1269 1972 μορφὴν
1318 1897 1530 1953 ἐκείνου
1576 1895 1847 1966 θεώμενος

1962 1903 2229 1960 cernebat.
2282 1901 2442 1958 Solus
2501 1909 2681 1955 autem
2726 1899 2946 1970 quidam
2996 1897 3207 1962 Aetius,
3260 1896 3376 1966 {qui
3414 1894 3531 1964 ipse

265 1990 353 2066 ῆν.
396 1995 572 2058 Μόνος
586 1995 646 2049 δέ
671 2010 759 2058 τις
775 1992 1003 2057 Ἀέτιος,
1024 1991 1164 2062 ἀνὴρ
1180 1990 1275 2045 καὶ
1291 1990 1452 2053 αὐτὸς
1467 1990 1587 2043 κατ’
1601 1987 1743 2060 ῐχνος
1766 1986 1845 2059 τῷ

259 2085 563 2156 διδασκάλῳ
580 2083 897 2155 βαίνων,καὶ
916 2081 1161 2155 μαθητὴς
1181 2075 1320 2134 εἶναι
1331 2078 1612 2132 Θεοδοσίου
1625 2078 1723 2131 οὐκ
1738 2076 1847 2131 ἀπὸ

263 2178 357 2231 τοῦ
387 2178 454 2231 τὰ
487 2178 695 2231 ἐκείνου
725 2176 924 2230 εἰδέναι
947 2191 1006 2229 τε
1040 2176 1134 2228 καὶ
1158 2171 1467 2242 διηγεῖσθαι
1500 2171 1683 2241 μόνον,
1710 2168 1848 2224 ἀλλὰ

265 2271 372 2324 ἀπὸ
395 2269 489 2324 τοῦ
530 2269 815 2341 μιμεῖσθαι
844 2268 1043 2340 μᾶλλον
1080 2266 1427 2339 βουλόμενος,
1451 2265 1583 2335 ὁρᾷν
1613 2264 1711 2334 μὲν
1744 2262 1846 2314 οὐκ

260 2358 411 2433 εἶχεν
441 2363 623 2429 αὐτὸν,
651 2362 752 2433 τῆς
789 2361 845 2416 δὲ
886 2361 1069 2432 φωνῆς
1123 2361 1343 2431 ἧκουεν.
1385 2358 1590 2428 "lipara
1624 2352 1717 2410 οῦν
1754 2356 1846 2408 τὸν

267 2454 602 2519 διδάσκαλον,
652 2458 700 2507 εί
762 2454 857 2507 καὶ
882 2452 1047 2515 αὐτὸς
1100 2451 1202 2522 τῆς
1250 2449 1348 2503 τοῦ
1419 2448 1845 2519 τελευτήσαντος

268 2543 456 2597 ἀκούει
502 2544 685 2614 φωνῆς
711 2557 725 2572 ·
769 2545 798 2597 6
824 2542 880 2596 δέ
920 2545 1015 2596 καὶ
1065 2541 1285 2595 ἀκούειν
1316 2540 1420 2611 ἔφη
1458 2557 1517 2593 σε
1550 2541 1646 2593 καὶ
1690 2540 1849 2610 όρᾷν,

270 2637 365 2689 καὶ
420 2636 470 2687 εί
526 2635 769 2705 βούλοιτο
819 2636 913 2688 καὶ
943 2633 1091 2705 αὐτῷ
1142 2633 1308 2699 δείξει
1373 2632 1498 2686 καθ’
1537 2631 1596 2687 δν
1644 2631 1710 2685 ἂν
1743 2648 1847 2700 φα-

268 2724 388 2795 νείη
419 2727 630 2797 καιρόν.
674 2727 739 2781 Ἦ
772 2728 871 2796 μὲν
903 2722 995 2782 οὖν
1019 2724 1117 2790 νὺξ
1140 2723 1508 2795 ἐπελάμϐανε,
1540 2722 1635 2776 καὶ
1659 2724 1691 2792 ἡ
1718 2721 1845 2775 σύν·

268 2817 389 2882 αξις
447 2820 699 2886 ἐτελεῖτο,
767 2820 862 2873 καὶ
907 2821 936 2873 6
1005 2817 1102 2872 τοῦ
1170 2817 1304 2871 Θεοῦ
1362 2817 1646 2887 ἄνθρωπος
1701 2814 1848 2885 ἐώρα

271 2910 436 2963 πάλιν
459 2908 703 2982 ἀκριϐῶς
725 2910 817 2964 τὸν
887 2910 1169 2965 Βασίλειον
1207 2912 1325 2973 τοῖς
1382 2909 1695 2979 ἱσταμένοις
1754 2907 1848 2961 καὶ

268 3002 460 3074 ᾄδουσι
507 3001 821 3057 συνεστῶτα
858 3019 918 3054 τε
947 3003 1044 3055 καὶ
1099 3002 1421 3073 συνᾴδοντα,
1481 3001 1574 3055 καὶ
1633 2999 1710 3069 τῷ
1750 3000 1848 3054 δα·

274 3093 457 3163 κτύλψ
513 3094 700 3148 τοῦτον
754 3094 833 3165 τῷ
883 3094 1076 3166 Ἀετίῳ
1139 3092 1521 3164 παραδεικνύς.
1579 3088 1711 3146 Εἶτα
1755 3091 1848 3145 καὶ

272 3186 440 3257 εὐχὴν
480 3185 781 3255 συνῆπτεν·
813 3186 1078 3253 Ἀνοιξον,
1105 3186 1296 3254 Κύριε,
1326 3186 1522 3255 λέγων,
1561 3185 1655 3239 καὶ
1691 3184 1846 3238 τοῦδε

1948 2009 2168 2066 quoque
2202 1993 2441 2064 magistri
2463 1992 2792 2063 sequebatur
2821 1989 3071 2059 vestigia,
3094 1996 3149 2043 et
3174 1989 3384 2044 volebat
3408 2000 3534 2042 esse

1951 2086 2247 2156 discipulus
2294 2085 2585 2142 Theodosii
2642 2099 2747 2139 non
2803 2099 2868 2140 ex
2918 2099 2985 2139 eo
3021 2081 3222 2145 solum,
3252 2081 3397 2151 quod
3445 2094 3533 2136 res

1948 2179 2096 2235 illius
2113 2179 2369 2242 etsciret,
2402 2186 2457 2233 et
2486 2182 2756 2242 narraret,
2782 2175 2891 2230 sed
2919 2188 3043 2230 eum
3093 2173 3255 2228 etiam
3292 2168 3537 2225 imitare-

1953 2271 2062 2343 tur)
2099 2272 2274 2340 ipsum
2327 2270 2545 2339 quidem
2573 2269 2760 2325 videre
2815 2282 2923 2321 non
2957 2276 3193 2337 poterat,
3225 2264 3318 2319 sed
3345 2275 3534 2316 vocem

1951 2366 2225 2421 audiebat.
2253 2363 2480 2430 Rogavit
2505 2373 2685 2418 autem
2720 2362 3062 2431 magistrum,
3093 2376 3160 2415 an
3196 2360 3310 2428 ipse
3338 2354 3537 2411 mortui

1950 2475 2169 2531 quoque
2199 2474 2379 2515 vocem
2411 2458 2647 2512 audiret.
2676 2455 2766 2512 ille
2784 2470 2913 2512 vero
2942 2455 3078 2510 dixit
3104 2468 3163 2509 se
3202 2465 3257 2509 et
3284 2451 3468 2506 videre
3485 2458 3541 2503 et

1953 2553 2142 2608 audire
2166 2566 2187 2606 :
2211 2560 2286 2617 et,
2321 2550 2366 2604 si
2402 2548 2583 2615 vellet,
2621 2562 2683 2603 se
2708 2548 2757 2602 ei
2789 2562 2910 2603 esse
2937 2556 3281 2600 ostensurum
3314 2556 3377 2595 eo
3406 2549 3541 2593 tem-

1951 2660 2106 2716 pore,
2127 2658 2233 2712 quo
2276 2642 2609 2712 apparuerit.
2638 2642 2815 2709 Atque
2870 2654 2973 2692 uox
3006 2636 3222 2706 quidem
3251 2631 3539 2696 successit,

1954 2746 2008 2794 et
2036 2737 2393 2808 peragebatur
2426 2726 2763 2798 convcutus,’
2782 2743 2839 2787 et
2867 2734 3028 2788 homo
3063 2730 3158 2784 Dei
3197 2741 3386 2782 rursus
3424 2724 3543 2793 pla-
3613 2754 3623 2767 ι

1956 2848 2023 2887 ne
2050 2831 2266 2887 videbat
2297 2828 2554 2884 Basiliam
2604 2842 2727 2883 cum
2759 2827 2847 2891 iis,
2900 2824 2991 2893 qui
3026 2821 3244 2879 stabant
3294 2830 3348 2874 et
3381 2831 3546 2872 cane-

1956 2925 2113 2989 bant,
2167 2923 2331 2979 simul
2387 2931 2623 2977 stantem
2664 2929 2718 2974 et
2754 2925 3068 2981 canentem,
3118 2926 3352 2982 eumque
3375 2907 3544 2977 digito

1952 3016 2246 3072 ostendens
2299 3015 2495 3081 Aetio,
2536 3026 2723 3083 preces
2780 3023 2993 3082 quoque
3044 3006 3250 3061 addidit
3307 3001 3544 3071 :Apcri,

1955 3108 2206 3173 Domine,
2268 3108 2474 3170 dicens,
2527 3106 2689 3176 hujus
2723 3118 2941 3174 quoque
3005 3101 3212 3166 oculos,
3250 3107 3305 3152 et
3366 3095 3549 3149 videat

1959 3200 2060 3253 hoc
2110 3212 2320 3267 quoque
2367 3212 2619 3267 magnum
2671 3207 2885 3249 tuorutn
2932 3206 3155 3262 operum
3199 3187 3537 3259 mysterium.

272 3281 401 3342 τοὺς
426 3278 763 3349 ὀφθαλμοὺς,
793 3282 888 3334 καὶ
933 3279 1087 3334 ἰδέτω
1122 3296 1215 3334 σου
1263 3280 1323 3332 τὸ
1357 3279 1500 3350 μέγα
1552 3278 1713 3332 τοῦτο
1745 3277 1854 3332 τῶν

1962 3285 2090 3342 Cum
2125 3288 2170 3341 is
2207 3299 2388 3340 autem
2430 3287 2616 3341 statim
2648 3285 2878 3340 vidisset
2914 3292 2967 3338 et
3010 3281 3345 3351 agnovisset,
3387 3288 3550 3347 atque

276 3371 534 3442 μεγάλων
558 3372 736 3445 ἔργων
768 3374 1088 3444 μυστήριον.
1119 3372 1228 3427 Τοῦ
1259 3372 1318 3427 δὲ
1351 3374 1553 3428 αὐτίκα
1583 3371 1862 3444 θεασαμέ-

278 3478 372 3515 νου
397 3465 492 3515 καὶ
519 3464 856 3532 ἐπιγνόντος,
886 3464 1022 3534 πρὸς
1043 3464 1100 3517 δὲ
1151 3465 1250 3519 καὶ
1307 3465 1706 3536 ἐπιδραμόντος
1766 3464 1864 3519 καὶ

280 3555 601 3625 περιϐαλεῖν
642 3557 707 3610 ὲκ
754 3557 848 3609 τοῦ
905 3556 1072 3609 πόθου
1119 3557 1465 3629 θελήσαντος,
1503 3559 1532 3612 6
1580 3557 1865 3622 Βασίλειος

282 3649 386 3701 οὐκ
411 3647 666 3713 ἄλειπτος
718 3651 903 3719 μόνον,
934 3649 1049 3702 ἀλλ’
1101 3649 1205 3722 ἤδη
1240 3653 1332 3704 καὶ
1370 3653 1582 3723 ἀφανὴς
1622 3647 1711 3724 ἦν,
1740 3650 1865 3706 τοῦ-

280 3755 345 3792 το
394 3742 476 3804 είς
529 3741 699 3806 ἀκοὰς
752 3740 991 3813 εἰρηκώς
1016 3758 1029 3772 ’
1080 3742 1373 3809 Σώζοισθε,
1409 3738 1455 3797 ὦ
1491 3745 1732 3815 Πατέρες
1767 3745 1862 3799 καὶ

279 3833 530 3904 ἀδελφοὶ,
563 3834 845 3903 σῴζοισθε,
897 3836 998 3907 ἐμὲ
1022 3837 1080 3891 δὲ
1107 3836 1303 3908 ὕφεσθε
1328 3837 1389 3891 τὸ
1433 3837 1619 3893 λοιπὸν
1656 3839 1861 3905 οψέτι,

281 3924 429 3978 ὥστε
450 3925 513 3979 τὺ
543 3925 646 3980 ὑπὸ
671 3926 909 3998 Χριστοῦ
935 3927 1124 3998 λεχθὲν
1168 3928 1227 3983 ἐν
1268 3929 1618 4002 Εὐαγγελίῳο
1671 3930 1733 3983 '0
1766 3946 1864 3983 πιο

282 4016 523 4071 στεύων
550 4018 640 4084 είς
658 4016 782 4088 ἐμὲ,
813 4017 932 4073 κᾶν
975 4019 1270 4092 ἀποθάνῃ,
1321 4020 1582 4089 ζήσεται,
1627 4021 1865 4076 δείκνυσι

279 4109 347 4161 et
378 4108 624 4182 πραχθὲν
657 4109 1022 4181 ἀληθέστατον
1063 4112 1199 4184 ὁμοῦ
1232 4112 1328 4166 καὶ
1370 4114 1712 4169 πιστότατον.

1962 3381 2125 3434 etiam
2179 3379 2527 3444 accurrisset,
2556 3388 2629 3433 et'
2662 3393 2774 3448 prae
2805 3376 3076 3432 desiderio
3105 3389 3228 3449 eum
3263 3370 3549 3441 complecti

1968 3471 2248 3533 voluisset,
2278 3468 2507 3525 Basilius
2530 3484 2636 3523 non
2665 3469 2839 3524 solum
2866 3465 3195 3536 apprehendi
3214 3480 3320 3518 non
3349 3463 3548 3532 putuit,

1959 3565 2054 3621 sed
2088 3565 2249 3619 etiam
2294 3566 2531 3629 evanuit,
2564 3580 2685 3620 cum
2743 3564 2974 3619 dixisset
3004 3563 3126 3617 aliis
3177 3560 3549 3624 audientibus,

1974 3654 2125 3711 Salvi
2151 3667 2347 3721 estote,
2379 3672 2412 3711 ο
2452 3655 2644 3711 Patres
2681 3667 2736 3711 et
2782 3656 3007 3721 fratres,
3048 3654 3182 3709 salvi
3215 3660 3387 3708 estote
3419 3667 3433 3703 :
3467 3665 3555 3705 me

1976 3758 2153 3802 autem
2187 3751 2252 3803 de
2268 3756 2466 3803 caetero
2490 3763 2596 3802 non
2627 3747 2877 3803 videbitis
2907 3746 3161 3815 amplius.
3192 3743 3550 3811 Quamobrem

1963 3842 2017 3898 id
2044 3843 2189 3913 quod
2220 3857 2249 3896 a
2276 3840 2496 3897 Christo
2527 3842 2729 3897 dictum
2759 3839 2863 3896 luit
2907 3839 2961 3895 in
3007 3837 3315 3909 Evangeliis
3369 3853 3384 3892 :
3446 3835 3552 3902 Qui

1963 3936 2131 3987 credit
2164 3936 2218 3986 in
2267 3949 2370 3999 me,
2407 3934 2616 3987 etiamsi
2646 3944 2886 3986 mortuus
2914 3931 3099 4001 fuerit,
3126 3931 3258 3983 vivet
3288 3927 3332 3994 ⁵,
3370 3937 3558 3982 osten-

1968 4026 2046 4078 dit
2093 4025 2145 4079 id
2191 4025 2331 4093 quod
2381 4023 2580 4080 factum
2628 4024 2749 4089 fuit,
2794 4039 2917 4081 esse
2949 4024 3291 4079 verissimum
3346 4032 3401 4078 et
3451 4024 3556 4077 tide

1973 4118 2379 4187 dignissimum.

1758 4270 1988 4326 CAPUT
2023 4271 2086 4329 ν.

1455 4394 1682 4451 Annona
1706 4395 1752 4450 ei
1780 4395 2034 4449 divinitus
2054 4393 2336 4452 submissa.

362 4500 453 4556 ιθ¹.
488 4501 661 4558 Τοῦτο
708 4507 923 4578 πρῶτον
951 4506 1235 4563 Θεοδοσίου
1268 4509 1371 4579 τῆς
1421 4511 1624 4582 ἀρετῆς
1669 4510 1856 4583 μαρτύ-

2043 4514 2132 4568 19.
2156 4512 2270 4567 Hoc
2307 4512 2407 4566 fuit
2447 4511 2680 4581 primum
2714 4509 3084 4566 testimonium
3132 4506 3351 4562 virtutis
3376 4504 3532 4561 Theo

286 4612 449 4664 ριον·
488 4593 739 4667 δεύτερον
765 4596 821 4650 δὲ
863 4599 956 4652 ἐπὶ
1004 4599 1179 4670 τούτῳ
1226 4599 1514 4665 διεξελθεῖν
1560 4602 1662 4672 ῆδη
1706 4605 1734 4656 6
1784 4601 1871 4654 λό-

288 4699 392 4749 γος
464 4682 737 4753 βούλεται,
788 4685 917 4739 κατ’.
956 4687 1151 4742 οὐδένα
1200 4689 1403 4759 τρόπον
1452 4690 1548 4742 τοῦ
1602 4690 1868 4761 προτέρου

284 4774 637 4845 λειπόμενον.
695 4776 889 4849 Ἐορτὴ
926 4773 1013 4850 ἦν,
1043 4780 1140 4833 καὶ
1173 4780 1377 4852 ἑορτῶν
1403 4783 1437 4854 η
1469 4780 1659 4853 πρώτη
1695 4799 1755 4836 τε
1778 4781 1870 4836 καὶ

285 4871 483 4939 κυρία,
538 4868 669 4922 αὐτὸ
697 4872 841 4940 φημὶ
883 4872 945 4923 τὸ
987 4872 1203 4943 Πάσχα,
1242 4876 1275 4944 ἡ
1308 4873 1402 4927 τοῦ
1430 4875 1564 4944 ἐμοῦ
1602 4873 1865 4943 Χριστοῦ,

287 4958 405 5026 ἐμὴ
439 4957 498 5010 δὲ
552 4959 754 5028 μᾶλλον
818 4961 996 5013 εἰπεῖν
1051 4963 1351 5028 ἀνάστασις
1408 4966 1504 5020 καὶ
1550 4965 1874 5030 ἁνέιπλασις.

286 5047 411 5119 Τῆς
456 5049 611 5121 ίερᾶς
649 5050 745 5105 οὖν
773 5053 1021 5124 νυκτὸςή
1055 5053 1155 5124 μὲν
1198 5056 1408 5128 ἑσπέρα
1445 5057 1646 5128 παρῆν,
1678 5061 1789 5122 τοῖς
1820 5058 1877 5112 δὲ

287 5144 582 5212 φοιτηταῖς
612 5145 690 5207 είς
724 5142 928 5215 βρῶσιν
970 5146 1078 5200 τῶν
1103 5149 1419 5220 ἀναγκαίων
1445 5152 1597 5205 οὐδὲν
1639 5147 1729 5223 ἦν,
1778 5153 1877 5207 οὐκ

285 5235 484 5305 ἄρτος,
521 5239 620 5291 οὐκ
648 5237 850 5305 ἔλαιον,
892 5243 998 5295 οὐκ
1034 5242 1164 5298 ἄλλο
1211 5262 1264 5298 τι
1320 5244 1429 5300 τῶν
1459 5246 1736 5316 ἐδωδίμων
1778 5246 1871 5300 eti-

282 5332 405 5386 δέν.
490 5332 549 5388 ’0
583 5334 683 5404 μὲν
713 5331 805 5389 οὖν
833 5337 942 5390 τῶν
985 5337 1245 5410 μαθητῶν
1278 5338 1436 5408 χορὸς
1478 5337 1667 5406 ὥσπερ
1729 5338 1875 5399 είκδς

283 5422 517 5493 ἤχθετο,
550 5424 759 5479 δώδεκα
789 5428 889 5499 ήδη
924 5428 1017 5482 τὸν
1059 5428 1290 5500 ἀριθμὸν
1347 5427 1529 5491 ὄντεςο
1578 5428 1775 5497 ἥχθετο
1818 5430 1875 5481 δέ

286 5515 400 5584 οὐχ
447 5514 589 5589 ὑπὲρ
651 5518 865 5572 ἑαυτῶν
902 5520 1086 5590 μόνον,
1127 5521 1244 5573 ἀλλ’
1296 5522 1377 5573 ὅτι
1421 5520 1556 5589 μηδὲ
1586 5519 1680 5572 τοῦ
1712 5537 1877 5590 προσ-

296 5606 606 5677 φερομένου
665 5611 747 5675 εἰς
775 5610 971 5664 θυσίαν
997 5612 1165 5683 ἄρτου
1229 5610 1481 5673 ὑπόντος,
1528 5609 1725 5663 ἄθυτον
1777 5612 1874 5664 αῦ-

290 5697 413 5761 τοΐς
439 5697 505 5751 τὸ
533 5698 744 5770 Πάσχα,
775 5703 870 5755 καὶ
923 5700 1177 5772 σώματος
1230 5700 1327 5755 τοῦ
1382 5698 1643 5774 Χριστοῦ,
1709 5704 1879 5775 χωρὶς

370 5858 401 5891 ⁸
443 5856 604 5914 Joan.
669 5875 757 5928 ιι,
817 5862 909 5917 25.

1977 4606 2141 4662 dosii.
2180 4604 2490 4661 Secundum
2514 4615 2697 4658 autem
2731 4619 2847 4658 mea
2871 4603 2983 4672 jam
3014 4599 3123 4654 vult
3153 4598 3400 4669 persequi
3436 4617 3562 4657 ora.

1978 4690 2075 4756 tio,
2098 4693 2240 4762 quod
2274 4691 2441 4761 priori
2491 4692 2638 4748 nullo
2685 4694 2843 4748 modo
2883 4702 2967 4747 est
3014 4692 3258 4748 interius.
3294 4691 3421 4749 Dies
3443 4702 3562 4749 erat

1977 4784 2171 4851 festus,
2199 4795 2254 4840 et
2303 4785 2561 4843 festorum
2617 4788 2858 4841 omnium
2893 4785 3100 4854 primus
3133 4795 3183 4840 et
3235 4786 3560 4855 praecipuus,

1976 4875 2177 4945 ipsum,
2210 4878 2455 4949 inquam,
2519 4876 2750 4941 Pascha,
2798 4878 2901 4931 mei
2951 4875 3175 4942 Christi,
3203 4880 3283 4931 vel
3324 4892 3441 4932 mea
3464 4891 3563 4946 po-

1977 4969 2082 5025 tius
2109 4970 2510 5026 resurreetioet
2544 4966 2881 5022 reformatis.
2933 4966 3116 5022 Sacrae
3155 4977 3335 5022 autem
3386 4972 3563 5024 noctis

1974 5060 2163 5116 aderat
2179 5060 2394 5129 quidem
2416 5073 2641 5127 vespera
2674 5074 2688 5111 :
2722 5057 2791 5111 iis
2821 5065 2998 5110 autem
3021 5096 3037 5120 ,
3065 5056 3157 5124 qui
3197 5056 3264 5110 ad
3295 5070 3416 5110 eum
3443 5071 3567 5112 ven-

1974 5154 2229 5220 titabant,
2270 5152 2404 5208 nihil
2431 5161 2550 5207 erat
2577 5166 2789 5214 eorum,
2817 5164 2936 5220 quae
2963 5160 3094 5205 sunt
3132 5153 3199 5204 ad
3231 5150 3558 5204 vescendum

1976 5245 2313 5309 necessaria,
2346 5259 2451 5298 non
2474 5242 2648 5313 pauis,
2669 5258 2774 5297 non
2830 5230 3032 5307 ole'um,
3067 5257 3172 5297 non
3205 5239 3407 5310 aliquid
3424 5238 3571 5294 aliud

1980 5344 2098 5392 erat
2128 5352 2195 5393 ex
2239 5335 2328 5403 iis,
2375 5350 2496 5405 qua:
2523 5345 2651 5389 sunt
2676 5338 2973 5390 esculenta.
3003 5336 3183 5404 Atque
3225 5334 3423 5389 choros
3450 5330 3571 5400 qui-

1983 5430 2101 5483 dem
2135 5427 2529 5498 diseipulorum
2578 5441 2720 5496 a-gre
2770 5427 2997 5493 ferebat,
3034 5436 3094 5481 ut
3129 5434 3212 5481 est
3250 5422 3564 5489 verisimile,

1982 5512 2229 5592 qui’jam
2259 5530 2422 5576 erant
2453 5535 2679 5576 numero
2731 5520 3016 5576 duodecim
3061 5538 3075 5576 :
3121 5535 3265 5590 aegre
3317 5516 3571 5574 ferebant

1985 5624 2162 5669 autem
2188 5629 2297 5669 non
2327 5629 2427 5684 pro
2451 5629 2511 5669 se
2536 5622 2782 5677 tantum,
2817 5613 2911 5667 sed
2966 5613 3111 5683 quod
3146 5628 3268 5667 cum
3303 5611 3417 5683 jam
3461 5624 3572 5665 non

1985 5708 2196 5760 adesset
2230 5706 2410 5774 panis,
2445 5703 2536 5776 qui
2564 5700 2937 5759 offerreturad
2967 5703 3323 5769 sacrificium,
3351 5711 3470 5760 erat
3490 5701 3571 5758 eis
