3886 6464
323 397 431 459 487

1577 387 1862 446 MENSIS
1901 382 2354 446 JANUARIUS.

3497 376 3618 442 £88

333 515 578 570 lutttrum
608 510 814 566 Pascha
852 508 1057 577 absque
1090 505 1380 570 sacriﬁcio,
1431 512 1482 556 et
1507 503 1713 571 absque
1744 515 1928 570 corpo-

2046 499 2228 570 ἔμελλε
2259 498 2703 569 τελεσθήσεσθαι.
2735 493 3104 566 Περιστάντες
3135 487 3228 548 οὗν
3261 491 3623 562 -κατεγόγγιιδ

331 621 390 661 re
441 604 641 659 Christi
676 603 789 658 dies
821 600 991 655 festus
1024 597 1403 651 celebrandas.
1444 594 1922 649 (lircuntsislentes

331 698 514 766 itaque
572 695 834 748 adversus
895 693 1214 760 magistrum
1295 687 1740 749 murmurabant,
1797 701 1920 738 cum

329 801 549 840 cauSam
581 785 776 838 rationi
808 796 1230 838 consentaneam
1255 779 1418 834 veluti
1452 794 1517 832 ex
1546 792 1602 830 re
1627 777 1920 844 cepissent.

332 879 428 935 llle
458 893 586 930 vero
614 893 733 930 cunt
769 885 976 928 tantum
1002 873 1241 933 dixisset.
1269 871 1455 925 Parari
1481 878 1692 938 oportet
1711 884 1920 922 sacram

331 985 606 1034 mensam;
646 969 976 1035 reliquorum
1009 976 1214 1029 autem,
1247 965 1446 1032 inquit,
1496 963 1626 1016 nihil
1655 963 1746 1015 ulli
1780 976 1926 1015 cura:

330 1067 422 1120 sit.
465 1064 598 1118 Nam
627 1063 718 1131 qui
745 1063 872 1115 olim
909 1070 988 1115 tot
1031 1059 1247 1114 lsraelis
1301 1057 1463 1110 millia
1515 1057 1566 1109 itt
1610 1055 1921 1120 solitudine,

333 1158 530 1211 deinde
560 1157 730 1211 etiam
798 1170 902 1209 nou
959 1168 1179 1223 parvam
1233 1148 1632 1203 multitudinem
1669 1148 1802 1202 aluit
1861 1149 1925 1200 ad

328 1250 675 1310 satietatem,
710 1248 794 1300 hic
828 1248 941 1314 ipse
969 1245 1136 1299 nostri
1172 1257 1389 1312 quoque
1423 1257 1605 1295 curam
1635 1240 1793 1310 gerit,
1827 1254 1926 1293 nec

330 1353 412 1394 νει
438 1344 655 1394 viribus
713 1339 1060 1400 imbecillior,
1110 1352 1207 1391 nec
1255 1337 1318 1389 ad
1359 1335 1742 1405 providendum
1778 1333 1926 1388 debi-

335 1434 461 1486 itur.
493 1433 617 1486 Haec
645 1432 733 1484 ille
761 1432 978 1499 quidem
1005 1430 1175 1483 dixit:
1211 1430 1304 1482 sed
1336 1427 1788 1495 quemadmoduttt
1812 1426 1927 1494 ejus

336 1527 498 1578 verba
554 1523 800 1577 elfeCruttt
865 1523 975 1576 sint
1051 1537 1210 1590 quam
1275 1519 1508 1585 primunt
1587 1528 1927 1580 consecuta,

337 1630 436 1667 nec
504 1620 620 1683 ipsa
683 1613 1050 1666 fraudaverim
1106 1609 1437 1680 discipulos,
1493 1609 1718 1678 jamjam
1786 1609 1930 1662 dicet

335 1708 536 1761 oratio.

404 1799 496 1854 2t).
547 1799 826 1865 Quomodo
857 1798 997 1852 enim
1029 1797 1156 1850 olim
1215 1796 1333 1850 ovis
1367 1795 1420 1848 itt
1459 1796 1713 1865 vepribus
1759 1812 1784 1846 τι
1825 1795 1928 1847 Sa-

2029 591 2120 655 ζον
2150 593 2333 662 ἡρέμα
2367 590 2460 644 τοῦ
2501 589 2848 655 διδασκάλου,
2883 587 2944 640 τὸ
2975 585 3198 654 εὔλογον
3255 585 3452 656 ὥσπερ
3500 586 3620 638 ἀπὸ

2025 683 2119 734 τοῦ
2154 684 2479 752 πράγματος
2518 681 2826 752 εἰληφότες.
2874 679 2932 732 ⁸0
2963 678 3020 730 δὲ
3065 675 3323 730 τοσοῦτον
3381 676 3558 729 εἰπών
3597 691 3615 708 ο

2025 773 2281 843 Εὐτρεπῆ
2339 772 2437 842 τὴν
2493 773 2642 842 ίεράν
2696 769 2974 841 τράπεζαν
3019 767 3273 835 γενέσθαι
3325 769 3454 837 χρὴ,
3503 766 3620 820 τῶν

2026 863 2250 928 λοιπῶν,
2327 865 2455 933 ἔφη,
2530 863 2722 933 μηδενὶ
2765 878 2895 932 περι
2938 862 3167 934 μηδενὸς
3234 861 3374 913 ἔστω
3415 860 3617 927 λόγος.

2039 958 2098 1009 '0
2136 958 2246 1030 γὰρ
2284 959 2456 1010 παλαι
2477 957 2572 1010 τοῦ
2623 956 2842 1026 Ἰσραὴλ
2872 959 2970 1018 τὰς
3031 955 3302 1019 τοσαύτας
3323 958 3380 1007 ἐν
3413 957 3619 1024 ἐρήμῳ

2029 1049 2294 1122 χιλιάδας,
2326 1047 2444 1103 εἶτα
2490 1052 2582 1104 καὶ
2613 1047 2843 1118 ὕστερον
2866 1049 2967 1101 οὐκ
2998 1048 3181 1116 ὀλίγον
3233 1047 3436 1116 πλῆθος
3493 1048 3622 1098 δια-

2029 1144 2233 1213 θρέψας
2250 1145 2329 1206 εἰς
2353 1143 2535 1213 κόρον,
2561 1142 2720 1202 αὐτὸς
2737 1136 2892 1205 οὗτος
2911 1144 3004 1193 καὶ
3021 1141 3178 1212 ἡμῶν
3207 1142 3322 1194 ἐστι
3342 1141 3618 1210 προνοῶν,

2029 1234 2152 1288 οὔτε
2178 1236 2310 1304 περὶ
2333 1237 2432 1306 τὴν
2477 1234 2708 1289 δύναμιν
2743 1235 3131 1305 ἀσθενέστερος
3157 1233 3275 1298 νῦν,
3319 1233 3445 1286 οὔτε
3486 1235 3623 1304 περὶ

2029 1329 2089 1380 τὸ
2122 1331 2372 1398 προνοεῖν
2425 1326 2762 1397 νωθέστερος
2795 1327 3062 1396 γεγονώς.
3116 1325 3259 1377 Ἀλλ’
3312 1326 3461 1387 ὅπως
3506 1326 3620 1377 αὑ-

2031 1422 2107 1490 τῷ
2152 1422 2220 1474 τὰ
2253 1423 2472 1491 ῥήματα
2498 1421 2590 1474 καὶ
2620 1423 2700 1484 είς
2741 1424 3083 1492 πραγμάτων
3127 1421 3360 1490 δύναμιν
3418 1420 3478 1472 τὸ
3513 1419 3624 1473 τά·

2031 1533 2125 1586 χος
2162 1516 2344 1585 ἐξέϐη,
2373 1518 2464 1568 καὶ
2503 1517 2599 1587 τῆς
2630 1517 2844 1579 ἐλπίδος
2861 1519 2986 1579 τοὺς
3016 1518 3272 1589 φοιτητὰς
3311 1517 3370 1570 οὖ
3405 1516 3630 1586 διέψευ-

2032 1626 2146 1674 σεν,
2178 1610 2206 1662 ὁ
2247 1609 2403 1678 λόγος
2439 1608 2536 1680 ἤδη
2567 1610 2709 1663 κατὰ
2745 1609 2910 1674 πόδας
2944 1610 3081 1680 ἐρεῖ.

2103 1782 2173 1838 κ’.
2204 1785 2415 1857 Ὠσπερ
2436 1785 2545 1857 γὰρ
2578 1785 2745 1841 πάλαι
2770 1786 2829 1840 τὸ
2853 1787 3126 1856 πρόϐατον
3159 1788 3218 1841 ἐν
3251 1787 3402 1860 φυτῷ
3437 1788 3628 1842 Σαόἐκ

336 1891 436 1944 hcc
471 1890 584 1958 (15)
617 1891 813 1952 adfuit,
849 1889 1082 1942 Abrahae
1111 1900 1295 1957 parata
1326 1887 1390 1941 ad
1414 1888 1823 1952 holocaustum;
1859 1888 1929 1939 ita

2046 1879 2111 1950 τῷ
2157 1879 2410 1950 Ἀϐραὰμ
2469 1881 2716 1952 παρέστη
2766 1881 2901 1952 πρὸς
2964 1883 3342 1955 δλοκάρπωσιν
3376 1886 3623 1952 ἕτοιμον,

331 1986 497 2037 ctam
522 1985 870 2052 ltuit-quoque
893 1983 1076 2047 Beato,
1093 1981 1203 2034 sole
1221 1981 1330 2050 jam
1353 1991 1552 2034 terram
1577 1979 1933 2046 relinquente,

337 2077 550 2127 accedit
575 2075 795 2137 quidam
822 2089 918 2142 par
945 2073 1214 2125 mulorum
1249 2073 1472 2132 ducens,
1509 2084 1767 2138 perquos
1797 2065 1934 2121 a'll‘e-

334 2167 561 2218 rebatur
595 2169 809 2217 sarcina
851 2165 1123 2216 variorUut
1170 2163 1577 2222 alimentorum,
1613 2162 1938 2213 convenien-

335 2258 472 2310 tium
528 2257 837 2310 hominibus
900 2257 989 2326 qui
1048 2268 1108 2309 se
1162 2266 1416 2309 exercent
1459 2271 1472 2307 :
1521 2264 1575 2307 et
1607 2268 1704 2307 nec
1751 2255 1940 2306 aberat

334 2351 555 2418 quidem
589 2351 701 2418 ipse
731 2363 902 2402 Sacra:
936 2362 1156 2410 mensa},
1189 2347 1276 2414 qni
1305 2347 1522 2400 videtur
1550 2356 1602 2397 et
1636 2345 1939 2412 intelligen-

334 2443 413 2494 tia
448 2441 766 2508 percipitur,
801 2440 974 2508 panis,
1032 2441 1123 2492 sed
1161 2446 1280 2490 erat
1331 2453 1433 2488 una
1468 2451 1585 2490 cum
1621 2436 1764 2489 aliis.
1799 2435 1938 2488 l’ro-

338 2543 462 2600 pter
514 2533 654 2600 quod
708 2533 879 2592 magis
927 2531 1095 2583 ltetati
1157 2540 1286 2584 sunt
1328 2529 1614 2584 Theodosii
1666 2527 1935 2596 discipuli,

339 2625 546 2679 Christi
581 2626 839 2680 cultores.
876 2623 940 2677 Et
975 2625 1077 2678 hoc
1105 2625 1321 2692 quidem
1345 2625 1566 2685 donum,
1598 2620 1699 2674 fuit
1731 2622 1930 2674 dottuttt

344 2719 484 2771 illius
520 2733 766 2788 precum,
798 2721 941 2786 quod
983 2732 1086 2770 non
1118 2732 1184 2770 ex
1219 2720 1360 2769 caelo
1423 2715 1658 2784 pluerat,
1695 2725 1748 2768 ut
1786 2715 1938 2782 prius

339 2827 579 2876 manna;
622 2814 714 2865 sed
771 2826 835 2864 ex
875 2822 1020 2863 terra
1083 2810 1406 2864 scatur-ierat
1453 2809 1670 2862 nutibus
1702 2807 1942 2863 coelesti-

341 2903 468 2966 bus,
499 2914 555 2956 et
578 2904 713 2957 aluit
745 2921 849 2957 non
876 2903 1052 2958 solum
1082 2903 1435 2967 sensibiliter,
1462 2903 1556 2956 sed
1579 2902 1743 2954 etiam
1776 2901 1936 2970 spiri-

343 2993 556 3061 taliter,
585 2999 728 3066 quod
780 2997 844 3048 ad
899 3011 1091 3064 partem
1154 2996 1371 3064 quidem
1417 2995 1635 3057 attinet,
1679 2993 1770 3062 qui
1835 2991 1938 3044 fuit

341 3088 555 3142 oblatus
598 3087 1142 3141 sanctitieatiottibus.
1203 3087 1294 3139 Sic
1324 3101 1457 3154 ergo
1487 3101 1606 3139 cum
1633 3084 1795 3138 simul
1830 3092 1939 3136 ter-

348 3180 619 3235 restribus
653 3180 806 3232 bouis
836 3189 891 3232 et
914 3178 1227 3232 rrelestibtts
1269 3177 1589 3246 sejucunde
1621 3176 1936 3241 satiassent,

2038 1971 2180 2024 οὕτω
2224 1972 2288 2044 δὴ
2325 1975 2420 2026 καὶ
2457 1973 2593 2042 τῷδε
2635 1973 2712 2045 τῷ
2775 1975 3055 2044 μακαρίῳ,
3103 1974 3195 2027 τοῦ
3228 1976 3381 2045 ἡλίου
3427 1975 3624 2027 λοιπὸν

2037 2065 2138 2135 ἤδη
2160 2065 2257 2135 τὴν
2291 2067 2393 2136 γῆν
2426 2065 2836 2131 ἀπολείποντος,
2868 2067 3060 2135 ζεῦγος
3100 2068 3337 2138 ἡμιόνων
3361 2069 3507 2136 άγων
3535 2085 3630 2132 τις

2039 2158 2403 2227 παραγίνεται
2442 2158 2509 2211 δι’
2539 2151 2615 2212 ὧν
2648 2159 2842 2230 φόρτος
2880 2160 3131 2230 ποικίλης
3151 2162 3375 2232 τροφῆς,
3417 2160 3628 2231 ἀνδρά-

2044 2269 2130 2304 σιν
2151 2252 2360 2314 οἰκείας
2385 2253 2652 2321 ἀσκητοῖς
2680 2253 2970 2323 ἐκομίζετο
2992 2272 3005 2284 ·
3032 2255 3126 2308 καὶ
3147 2255 3266 2307 οὐδέ
3288 2255 3448 2316 αὑτὸς
3475 2256 3633 2325 ἀπῆν

2035 2345 2066 2397 ’ὁ
2087 2347 2182 2415 τῆς
2237 2347 2390 2414 ἱερᾶς
2439 2347 2721 2416 τραπέζης
2752 2345 3032 2418 ὁρώμενος
3080 2363 3140 2400 τε
3196 2349 3290 2400 καὶ
3331 2346 3631 2417 νοούμενος

2039 2436 2224 2505 ἄρτος,
2259 2437 2393 2489 ἀλλὰ
2426 2439 2538 2499 τοῖς
2595 2437 2774 2500 ἄλλοις
2825 2438 2990 2509 συνῆν
3013 2454 3028 2471 ⁸
3081 2440 3168 2508 ἐφ’
3191 2430 3235 2508 ᾧ
3295 2442 3392 2492 καὶ
3420 2441 3635 2510 μᾶλλον

2040 2528 2089 2580 οἱ
2121 2527 2406 2580 Θεοδοσίου
2443 2527 2685 2598 μαθηταὶ
2712 2527 2948 2598 Χριστοῦ
2982 2529 3038 2582 δέ
3091 2529 3425 2598 θεραπευταὶ
3452 2530 3634 2600 ἣσθη-

2042 2637 2164 2673 σαν.
2207 2621 2318 2673 Καὶ
2355 2620 2513 2673 τοῦτο
2538 2620 2602 2691 δὴ
2634 2621 2690 2672 τὸ
2721 2620 2892 2691 δῶρον
2912 2621 3012 2674 οὐκ
3031 2621 3126 2675 ἀπ’
3147 2621 3392 2690 οὐρανῶν
3413 2621 3633 2690 ὀμϐρη-

2042 2709 2132 2764 θὲν
2151 2711 2224 2775 ὼς
2245 2712 2304 2764 τὸ
2323 2711 2502 2781 μάννα
2546 2713 2700 2780 πρὶν,
2730 2712 2845 2765 ἀλλ’
2869 2716 2932 2766 ἐκ
2950 2714 3050 2782 γῆς
3066 2715 3320 2782 πηγάσαν
3361 2713 3634 2782 νεύμασιν

2041 2804 2334 2875 οὐρανίοις,
2365 2806 2461 2856 καὶ
2499 2805 2704 2875 θρέψαν
2736 2807 2836 2858 οὐκ
2861 2805 3135 2876 αἰσθητῶς
3173 2806 3355 2875 μόνον,
3384 2805 3634 2877 ἀλλ’ῆδη

2043 2897 2136 2950 καὶ
2168 2897 2573 2967 πνευματικῶς,
2605 2898 2729 2951 ὅσον
2760 2899 2868 2951 ἀπὸ
2900 2898 2994 2951 τοῦ
3036 2899 3490 2969 προσενεχθέντος
3533 2902 3637 2970 ἄρ-

2042 3005 2137 3042 του
2163 2992 2273 3051 τοῖς
2320 2991 2683 3060 ἁγιὰσμασιν.
2731 2989 2890 3044 Οὕτω
2934 2993 3052 3054 τοῖς
3108 2991 3343 3062 χθονίοις
3380 2993 3498 3062 ἅμα
3529 2994 3635 3046 καὶ

2043 3083 2321 3152 οὐρανίοις
2347 3083 2574 3151 ἀγαθοῖς
2611 3086 2661 3136 οί
2715 3085 2844 3155 περὶ
2888 3085 3052 3139 αὐτὸν
3097 3088 3259 3157 μέχρι
3311 3074 3410 3155 τῆς
3462 3087 3635 3152 ἁγίας

2043 3175 2427 3246 Πεντηκοστῆς
2471 3177 2931 3248 ἐντρυφήσαντες,
2965 3177 3055 3229 τὸν
3081 3177 3402 3231 διδάσκαλον
3427 3172 3533 3238 οἷος
3557 3173 3636 3248 ἦν

346 3270 598 3338 quiapnd
637 3274 809 3339 ipsum
839 3281 1015 3334 erant,
1057 3285 1232 3339 usque
1281 3270 1347 3322 ad
1384 3279 1626 3323 sanctam
1675 3267 1937 3322 Penteco-

2046 3272 2253 3335 ἐκεῖνος
2280 3271 2418 3324 κατᾶ
2449 3271 2644 3342 μικρὸν
2705 3270 3068 3325 ἐδιδάσκοντο.
3125 3273 3234 3325 Καὶ
3265 3271 3422 3326 τοῦτο
3452 3270 3638 3335 οὕτως

348 3363 762 3431 aten,paol;.tint
791 3361 1094 3428 όίδουὺηιιι,
1127 3363 1305 3431 qualis
1328 3372 1473 3417 esset
1499 3361 1708 3415 illoruut
1729 3363 1936 3415 doctor.

348 3454 415 3509 Et
442 3458 542 3509 ltoc
567 3454 782 3522 quidem
809 3457 878 3506 ita
902 3469 960 3508 se
989 3454 1198 3509 habuit.

420 3548 511 3601 21.
535 3551 686 3614 Quod
725 3562 905 3602 autem
935 3548 1313 3617 consequitur,
1348 3547 1492 3602 illius
1525 3547 1644 3602 dico
1677 3562 1799 3602 esse
1825 3545 1939 3599 fra-

352 3650 586 3704 ternum,
603 3649 656 3693 et
679 3641 876 3694 similis
900 3642 1019 3694 lidei
1040 3653 1094 3695 et
1112 3643 1224 3708 spei
1247 3641 1412 3692 fetum
1438 3639 1939 3710 gertnattissintuttt.

350 3736 448 3791 Vir
480 3739 698 3807 quidam
735 3740 892 3807 cujus
919 3748 1074 3792 erant
1130 3751 1336 3806 magna:
1361 3753 1513 3806 opes,
1564 3736 1722 3792 boois
1761 3747 1943 3790 autem

348 3834 610 3898 Operibus
650 3830 863 3883 laudent
906 3829 1122 3898 assequi
1161 3838 1451 3895 statuerat,
1485 3844 1613 3884 suas
1665 3828 1947 3882 facultates

351 3920 718 3976 distribttebat
773 3923 824 3974 itt
886 3921 1379 3985 benedictionibus,
1408 3930 1462 3975 et
1501 3921 1744 3990 pecunia:
1787 3929 1950 3974 mate-

353 4015 488 4070 riam
522 4015 788 4069 ellictebat
838 4017 1035 4070 animae
1083 4015 1403 4070 salutarem.
1432 4013 1504 4078 Is,
1550 4015 1791 4082 inquam,
1821 4029 1944 4068 cum

352 4107 606 4162 omnibus
661 4107 807 4170 aliis.
855 4117 909 4160 et
961 4108 1232 4178 praecipue
1278 4109 1378 4171 iis,
1433 4108 1524 4176 qui
1589 4108 1843 4160 vivebant
1877 4121 1944 4161 ex

351 4201 596 4265 Cbristo,
630 4211 685 4255 et
737 4217 795 4256 se
833 4215 860 4255 a
910 4203 1109 4255 mundo
1138 4203 1525 4266 removere,ad
1562 4200 1727 4255 Deuut
1765 4211 1944 4256 autem

355 4307 519 4363 prope
554 4297 812 4347 accedere
845 4302 990 4348 recte
1034 4295 1370 4362 cogitabant,
1405 4295 1630 4348 dexrera
1659 4295 1945 4364 apparuis-

355 4397 436 4439 set
455 4386 875 4452 jncuttdissittta,
909 4397 963 4440 ut
991 4386 1172 4439 divina
1201 4385 1333 4440 dicit
1358 4386 1674 4456 Scriptura;
1713 4397 1803 4439 aut
1831 4401 1948 4439 rur-

354 4495 466 4538 sus,
496 4487 694 4531 utcum
730 4476 1013 4547 Scriptura
1047 4479 1218 4548 magis
1239 4479 1413 4532 dicant
1449 4494 1462 4530 :
1498 4478 1682 4531 hortus
1707 4475 1818 4547 ejus
1841 4492 1947 4530 non

2045 3364 2185 3435 ἕχον.

2116 3555 2222 3603 κα’.
2253 3551 2363 3604 Καὶ
2389 3549 2473 3604 ὁδε
2496 3549 2615 3619 μετ’
2661 3548 2796 3602 αὐτὸ
2837 3547 3080 3620 πρόεισιν
3128 3547 3356 3617 ἁδελᾳδν
3393 3548 3637 3616 ἐκείνου,

2049 3644 2258 3714 καὶτῆς
2287 3645 2482 3714 ὁμοίας
2522 3644 2786 3707 πίστεως,
2816 3643 2982 3714 φημὶ,
3015 3644 3112 3696 καὶ
3149 3642 3362 3704 ἐλπίδος
3383 3642 3639 3712 γέννημα

2047 3736 2444 3806 γνησιώτατον.
2490 3737 2655 3807 Ἀνήρ
2680 3753 2766 3800 τις
2809 3736 2920 3790 τῶν
2946 3735 3159 3805 πλούτῳ
3187 3733 3484 3803 κομώντων
3535 3736 3641 3788 καὶ

2049 3829 2273 3900 ἀγαθοῖς
2302 3831 2484 3900 ἔργοις
2518 3831 2695 3900 κομᾷν
2725 3827 3005 3898 ἐγνωκὼς,
3031 3828 3123 3880 τὸν
3174 3829 3374 3880 οἰκεῖον
3427 3826 3514 3879 ἐπ’
3539 3829 3641 3881 εὐ-

2047 3923 2260 3991 λογίαις
2297 3921 2573 3992 διέσπειρε
2613 3921 2749 3991 βίον,
2812 3921 2904 3974 καὶ
2943 3920 3077 3990 ὓλην
3131 3919 3406 3990 σωτηρίας
3449 3918 3643 3990 ψυχῆς

2049 4016 2147 4087 τὴν
2188 4013 2298 4068 τῶν
2357 4015 2654 4085 χρημάτων
2708 4013 2842 4085 ὓλην
2895 4015 3098 4066 ἐποίει·
3155 4014 3320 4066 πᾶσιν
3363 4008 3456 4066 οὖν
3517 4013 3643 4076 τοῖς

2049 4109 2229 4172 ἄλλοις
2259 4110 2352 4162 καὶ
2379 4109 2804 4180 προηγουμένως
2831 4110 2941 4166 τοῖς
2963 4105 3102 4160 κατὰ
3165 4107 3296 4160 Θεὸν
3355 4105 3506 4170 ζῶσι,
3537 4103 3645 4159 καὶ

2049 4205 2110 4259 τὸ
2151 4204 2530 4276 μακρύνεσθαι
2565 4204 2774 4274 κόσμου
2806 4203 3048 4271 ἐγγίζειν
3111 4199 3230 4270 Θεῷ
3282 4199 3462 4261 καλῶς
3509 4198 3642 4251 λίαν

2064 4297 2438 4367 λογιζομένης
2467 4297 2618 4366 δεξιᾷ
2649 4296 2838 4364 φανεὶς
2865 4295 3233 4367 τερπνοτάτῃ,
3271 4293 3330 4345 τὸ
3368 4292 3462 4360 τῆς
3480 4291 3639 4356 θείας

2051 4391 2217 4461 φάναι
2256 4390 2502 4463 Γραφῆς,
2531 4391 2564 4460 ἣ
2589 4388 2825 4458 ἔμπαλιν
2855 4387 3087 4442 ἐνταῦθα
3111 4392 3208 4457 τῆς
3253 4385 3476 4457 Γραφῆς
3503 4386 3644 4456 μᾶλ-

2049 4481 2139 4535 λον
2167 4486 2362 4544 εἰπεῖν,
2385 4480 2592 4548 Κῆπος
2609 4479 2795 4535 αὑτοῦ
2812 4482 2884 4534 οὐ
2901 4477 3332 4547 κεκλεισμένος
3359 4478 3456 4529 καί
3481 4475 3642 4548 muri;

352 4571 654 4633 conclusus,
691 4582 744 4624 et
796 4569 920 4624 fons
966 4581 1295 4641 conspectus
1328 4581 1473 4625 esset
1504 4586 1610 4627 non
1656 4572 1937 4642 signatus;

2052 4575 2238 4643 ὀφθεὶς
2269 4575 2343 4644 μὴ
2372 4575 2792 4644 ἐσφραγισμένη
2812 4587 2824 4603 ·
2859 4575 2970 4635 τοῖς
3008 4572 3100 4626 τοῦ
3146 4571 3426 4624 Θεοδοσίου
3451 4571 3642 4639 μόνοις

343 4665 480 4722 solis
512 4664 802 4719 Theodosii
846 4665 1123 4734 discipulis
1159 4681 1254 4735 per
1291 4666 1616 4720 oblivionem
1649 4676 1739 4718 aut
1789 4665 1946 4734 igno-

357 4761 632 4813 rationem
688 4776 792 4814 non
844 4761 1106 4828 itupertiit
1166 4760 1626 4825 beneﬁcentiam;
1676 4771 1770 4812 aut
1811 4758 1952 4813 forte

351 4850 514 4902 etiam
543 4849 653 4904 Deo
689 4852 741 4904 in
767 4854 867 4913 his
893 4849 1152 4906 Sanctum
1177 4851 1443 4921 probante
1470 4861 1563 4905 aut
1588 4851 1948 4920 gloriﬁcante.

353 4942 532 5007 Atque
581 4941 830 5011 discipuli
863 4946 1086 5007 quidem
1150 4944 1492 5008 accedentes,
1541 4944 1592 4997 ei
1623 4943 1952 5000 exhibebant

355 5030 682 5098 molestiam,
715 5043 772 5087 ut
801 5045 855 5088 et
903 5051 962 5090 se
1007 5048 1062 5091 et
1092 5035 1212 5090 illos
1241 5034 1558 5091 manifestos
1586 5036 1834 5091 redderet
1873 5040 1947 5091 di-

354 5123 542 5189 visori,
575 5133 630 5178 et
687 5140 882 5193 magno
920 5126 1100 5182 studio
1135 5128 1404 5183 instabant
1441 5142 1456 5179 :
1510 5140 1684 5194 neque
1709 5127 1852 5181 cttint
1885 5145 1944 5184 se

355 5215 576 5283 habere,
607 5233 715 5286 Quo
749 5221 1004 5291 deinceps
1046 5221 1279 5285 alantur,
1331 5219 1424 5290 qui
1478 5233 1677 5288 paucas
1725 5221 1940 5289 quidem

355 5308 627 5364 habebant
683 5311 936 5382 siliquas,
992 5322 1048 5369 et
1078 5331 1201 5369 cum
1233 5330 1311 5368 ea:
1340 5324 1724 5378 nonnunquam
1753 5314 1944 5369 delice-

429 5466 451 5497 ‘
484 5465 639 5522 Cant.
670 5483 744 5534 tv,
770 5467 826 5524 2.

429 5643 544 5715 U3)
585 5645 639 5699 Ιη
679 5646 903 5703 "chriso
932 5646 1130 5716 legitur
1179 5649 1316 5706 Gen.
1355 5666 1490 5710 χχιι,
1554 5653 1638 5712 15,
1695 5650 1945 5702 Detenlus

358 5715 498 5791 aries
533 5718 778 5770 cornibus
805 5722 914 5773 suis
947 5725 997 5773 in
1034 5721 1256 5788 Sabeclt,
1310 5725 1452 5791 quod
1506 5720 1654 5791 L.\.\'_
1686 5730 1740 5773 et
1770 5716 1948 5791 Theo-

359 5787 544 5840 dolion
565 5797 629 5863 tit
659 5806 947 5863 pt'nprtttttt
978 5785 1363 5848 Γθιίιιιιιττιίιιιέ
1416 5793 1568 5863 κριὸς
1599 5785 1682 5854 εἷς
1714 5789 1947 5858 κατεχά-

362 5871 526 5926 μενος
562 5859 620 5912 ἐν
655 5861 809 5932 φυτῴ
837 5861 1044 5918 Σαδέκ.
1069 5865 1352 5936 Signiﬁcat
1388 5859 1566 5918 auten-
1603 5863 1811 5918 Sabet-h
1851 5863 1954 5916 lle-

2053 4668 2194 4721 κατα
2220 4667 2390 4738 λήθην
2425 4667 2458 4737 ἢ
2491 4667 2714 4733 ἄγνοιαν
2743 4665 2838 4734 τῆς
2864 4665 3109 4728 εὐποιίας
3131 4665 3229 4716 οὐκ
3254 4662 3639 4734 ἐκοινώνησεν,

2052 4760 2086 4831 ἢ
2109 4763 2248 4829 τάχα
2270 4761 2366 4813 tecti.
2386 4758 2480 4811 τοῦ
2503 4757 2638 4812 Θεοῦ
2673 4757 2764 4811 τὸν
2791 4757 2984 4826 Ἀγιον
3008 4759 3064 4809 ἐν
3096 4756 3274 4828 τούτῳ
3311 4754 3644 4826 δοκιμάζον-

2054 4871 2164 4916 τος.
2205 4853 2267 4904 Οἱ
2297 4852 2398 4922 μὲν
2429 4850 2520 4905 οὖν
2559 4850 2803 4922 μαθηταὶ
2850 4853 3168 4921 προσιόντες
3220 4848 3499 4919 ἠνώχλουν
3557 4851 3646 4922 τῷ

2053 4945 2302 5015 διανομεῖ
2355 4945 2590 5016 φανερὸν
2648 4945 2841 4998 ἑαυτόν
2869 4961 2926 4998 τε
2960 4943 3248 5006 κάκείνους
3304 4945 3501 5008 ποιεῖν,
3541 4943 3646 4995 καὶ

2059 5035 2198 5106 μετὰ
2237 5034 2438 5105 πολλῆς
2475 5035 2746 5089 ἐνέκειντο
2795 5035 2898 5105 τῆς
2939 5034 3175 5104 σπουδῆς
3203 5048 3218 5063 ο
3256 5033 3388 5102 μηδέ
3438 5034 3549 5104 γὰρ
3595 5025 3646 5100 ᾧ

2049 5133 2112 5184 τὸ
2140 5131 2326 5184 λοιπὸν
2354 5132 2728 5204 τραφήσονται
2775 5131 2942 5202 ἔχειν,
2991 5130 3046 5183 οἶ
3079 5147 3141 5198 γε
3193 5129 3466 5199 κερατίων
3534 5127 3641 5193 μὲν

2049 5225 2328 5295 ηὐπόρουν
2367 5225 2584 5293 ὀλίγων,
2623 5225 2704 5278 ἔτι
2727 5224 2772 5276 δ’
2817 5227 2904 5277 ὅτε
2935 5225 3029 5277 καὶ
3075 5222 3281 5276 τούτων
3319 5219 3642 5274 ἐπιλειπόν-

2051 5332 2158 5369 των
2198 5317 2265 5369 τὰ
2294 5317 2725 5386 καταλειιρθέντα
2777 5317 2884 5368 τῶν
2935 5316 3108 5369 ὀστῶν
3161 5316 3404 5384 ἐιξαοντες,
3445 5312 3644 5382 ὥσπερ

2058 5652 2242 5706 braicc
2293 5654 2733 5724 perplexitatettt,
2779 5653 3082 5723 cujusmodi
3144 5662 3229 5707 est
3261 5651 3374 5724 illa,
3418 5663 3551 5724 quze
3590 5649 3647 5702 in

2060 5726 2352 5777 condensis
2384 5723 2636 5792 vepribus
2667 5726 2940 5790 cernitur,
2969 5741 2998 5776 a
3046 5725 3224 5777 radice
3271 5723 3464 5775 subaclt
3485 5723 3647 5792 tim.—

2060 5792 2237 5862 plccn,
2275 5789 2539 5854 inlrtcnri,
2575 5798 2848 5862 utoptitne
2871 5789 3160 5861 invulgala
3188 5796 3464 5850 editione:
3499 5789 3648 5843 Vidit

2062 5863 2280 5918 arietem
2309 5863 2445 5920 inter
2470 5879 2647 5934 vepres
2677 5866 2954 5920 Int'renrcm
2988 5865 3256 5922 cornibus.
