3886 6462
343 336 442 402 Jul
1543 341 1829 405 MENSIS
1869 338 2332 405 JANUARIUS.
3520 336 3638 400 492

349 464 405 505 et
437 452 652 507 virtutis
691 450 964 507 studiosas
991 450 1239 514 animas;
1285 463 1475 508 cervas
1509 450 1741 506 rationis
1786 465 1938 506 com-

2053 451 2220 521 πηγαὶ
2244 448 2343 512 τάς
2372 447 2699 520 φιλαρὲτους
2729 448 2932 520 ψυχὰς,
2958 448 3192 521 ιλάφους
3213 448 3442 520 λογικὰς
3469 445 3636 507 εἶπεν

345 557 500 614 potes
545 543 746 600 dixerit
795 543 1014 616 aliquis,
1071 558 1242 613 aquas
1290 551 1540 599 amantes
1595 543 1928 615 spirituales)

2053 545 2102 598 ιν
2126 561 2211 608 τις
2241 542 2450 598 ὑδάτων
2480 545 2696 616 ὲρώσας
2722 545 3138 617 πνευματικῶν)
3172 545 3324 602 ἄλλοι
3367 563 3429 601 τε
3471 546 3634 600 πλεῖ-

345 637 546 706 aliique
587 635 802 707 plurimi
843 643 1216 700 accesserunt,
1259 645 1312 688 et
1365 649 1476 690 non
1529 635 1686 704 pauci
1734 649 1799 689 ex
1839 633 1930 701 iis,

343 745 571 798 quortnn
607 744 801 799 magna
837 738 955 783 erat
980 727 1276 782 auctoritas
1299 737 1352 782 et
1383 742 1534 797 opes.
1568 726 1634 782 Et
1665 727 1778 798 jam
1812 741 1932 782 ma-

342 837 477 887 gulis
499 821 716 891 quidem
749 831 862 876 erat
905 835 1166 876 numerus
1217 819 1606 891 discipulorum
1633 837 1648 874 :
1674 819 1930 889 spelunca

343 927 525 970 autem
560 917 776 984 exigua,
810 924 866 969 et
909 913 1068 984 plane
1099 913 1304 978 minor,
1329 927 1493 982 quam
1525 920 1586 966 ut
1627 926 1722 967 eos
1751 920 1937 982 posset

341 1024 578 1079 «apere;
616 1009 715 1078 ip~i
765 1017 942 1062 autem
973 1007 1296 1062 accedentes
1321 1004 1712 1070 sollicitabant,
1751 1013 1806 1058 ut
1839 1017 1936 1057 ex-

342 1104 537 1155 citaret
562 1101 979 1161 monasterium,
1011 1108 1065 1152 et
1104 1099 1426 1168 ampliorem
1459 1097 1538 1152 eis
1569 1095 1772 1150 faceret
1804 1109 1936 1150 cau-

343 1192 449 1245 lam
497 1193 680 1248 ovium
737 1190 1130 1260 spiritualium,
1182 1189 1451 1253 dicentes,
1505 1187 1638 1242 nihil
1685 1198 1938 1256 oportere

343 1297 469 1335 eum
521 1296 715 1336 curare
770 1289 1022 1351 sumptus
1085 1279 1362 1335 faciendos
1394 1279 1462 1333 ad
1493 1277 1932 1332 mdilicationem.

346 1369 482 1422 Nam
525 1378 582 1423 et
635 1378 878 1437 sumptu,
917 1368 1160 1435 aiebant,
1193 1367 1284 1437 qui
1315 1367 1382 1422 ad
1412 1382 1534 1423 eam
1563 1364 1783 1433 sulllcit,
1819 1379 1938 1419 ma-

345 1476 471 1520 nus.
507 1469 562 1516 et
594 1476 754 1514 manu
792 1461 949 1516 nobis
972 1459 1190 1514 animus
1217 1457 1438 1529 largior.
1479 1454 1570 1514 Sic
1592 1471 1717 1513 cum
1743 1455 1934 1527 majori

345 1554 495 1624 gregi
550 1563 840 1624 cogeretur
887 1567 1122 1622 prmesse
1163 1565 1290 1608 vere
1337 1551 1512 1608 bonus
1574 1561 1781 1620 pastor,
1824 1550 1935 1605 dici

352 1665 457 1702 non
485 1657 664 1717 potest
713 1645 930 1716 quantis
971 1645 1272 1716 jactaretur
1299 1643 1474 1709 curis,
1497 1652 1552 1698 et
1580 1657 1743 1714 quam
1773 1642 1938 1696 variis

351 1743 756 1796 distraheretur
799 1739 1250 1810 cogitationibus.
1300 1737 1644 1808 Quandoque
1686 1739 1832 1792 enim
1867 1738 1934 1790 ad

2037 652 2153 690 στοι
2185 635 2278 690 καὶ
2315 635 2426 690 τῶν
2475 637 2535 690 ιν
2581 634 2862 708 ἀξιώμασι
2917 637 3012 692 καὶ
3060 639 3312 712 χρήμασι
3351 641 3638 712 περιττῶν

2041 729 2144 782 οὐκ
2166 728 2342 798 ὀλίγοι
2383 729 2720 802 προῂσεσαν.
2751 731 2861 786 Καὶ
2884 732 2913 786 ό
2944 731 3043 802 μὲν
3065 732 3178 786 τῶν
3207 731 3469 805 μαθητῶν
3497 734 3641 802 ἀρι-

2038 816 2174 889 θμὸς
2213 819 2315 891 ήδη
2348 819 2514 884 πολὺς
2554 815 2645 892 ἦν,
2691 820 2870 893 βραχὺ
2915 822 2972 876 δὲ
3021 821 3084 876 τὸ
3113 823 3378 895 σπήλαιον
3412 826 3506 878 καὶ
3536 841 3642 878 σαο

2037 910 2155 979 φῶς
2184 905 2403 984 ἦττονῆ
2438 914 2580 966 κατὰ
2633 912 2901 986 χώρησιν,
2949 916 3105 971 αὐτοὶ
3140 917 3461 987 προσιόντες
3488 916 3649 988 ﬁve-31‘

2038 1003 2200 1073 χλουν
2235 1005 2331 1058 καὶ
2368 1005 2737 1076 μοναστήριον
2780 1007 3016 1077 ἐγεῖραι,
3066 1009 3162 1062 καὶ
3197 1007 3288 1063 τὸν
3321 1009 3490 1082 σηκὸν
3531 1011 3642 1062 αὑ-

2036 1096 2153 1159 τοῖς
2197 1096 2309 1150 τῶν
2357 1099 2756 1168 πνευματικῶν
2794 1099 3064 1154 πλατῦναι
3102 1101 3418 1173 προϐάτων,
3461 1102 3642 1175 μηδὲν

2039 1182 2221 1256 ἑαυτῷ
2257 1186 2462 1256 μᾶλλον
2511 1188 2889 1260 ἀναλωμάτων
2939 1190 3052 1246 τῶν
3087 1191 3166 1255 είς
3201 1192 3305 1264 τὴν
3332 1182 3653 1266 οίκοδομὴνξ

2039 1274 2291 1345 λέγοντες
2313 1293 2329 1308 ο
2357 1276 2460 1347 τῆς
2493 1294 2552 1331 τε
2583 1259 3001 1351 γὰρίάρκούσης
3053 1281 3142 1333 ἐπ’
3180 1259 3353 1352 αὐτὴν
3380 1259 3656 1354 δαπάνηςξ

2041 1343 2244 1441 ἠχεὶρ,
2283 1371 2380 1423 καὶ
2412 1343 2514 1443 τῆς
2546 1343 2730 1444 χειρὸς
2757 1343 2891 1444 ημῖν
2925 1343 2968 1445 ή-
2990 1374 3185 1445 γνώμη
3223 1343 3604 1447 suerunth
3619 1343 3656 1447 ;!

2037 1421 2202 1516 οιίίτω⁸
2220 1421 2481 1534 μείζονος⁸
2495 1421 2671 1536 ᾌτὲοσέ
2678 1421 2812 1535 qua:
2839 1421 3098 1536 ποιμνίου
3110 1421 3185 1520 ΓόΙ
3197 1421 3616 1539 “law-:3};
3623 1421 3658 1521 ιι

2040 1556 2248 1627 ποιμὴν
2301 1556 2758 1629 ύποόιαζόμενος,
2807 1559 2910 1613 οὐκ
2941 1558 3093 1614 ἔστιν
3139 1561 3316 1614 εἰπεῖν
3365 1561 3520 1625 δσαις
3573 1546 3658 1629 cs:

2043 1621 2303 1704 ἐϐάλλετο
2355 1653 2476 1715 ταῖς
2542 1621 2818 1722 είθῖροντίσι,
2866 1652 2962 1706 καὶ
3007 1654 3155 1717 ὅπως
3185 1655 3301 1718 τοῖς
3344 1621 3658 1724 λογισμοῖς,

2043 1739 2349 1814 ἐμερίζετο.
2379 1741 2511 1796 Ὀτε
2559 1744 2658 1806 μὲν
2686 1746 2798 1813 γάρ
2832 1743 2970 1817 πρὸς
2999 1744 3063 1798 τὺ
3116 1743 3218 1816 τῆς
3265 1747 3498 1818 ἡσυχίας
3526 1743 3653 1830 ἔπος

350 1837 548 1890 bonum
578 1833 782 1902 quietis
819 1842 874 1888 et
895 1833 1098 1889 silentii
1134 1832 1482 1904 respiciebat,
1507 1841 1562 1886 et
1584 1833 1651 1886 ad
1677 1845 1863 1902 puram
1887 1839 1941 1886 ct

2053 1834 2144 1888 ίδοι
2174 1833 2360 1900 καλὸν,
2380 1835 2476 1888 καὶ
2504 1836 2566 1888 τδ
2596 1835 2840 1907 καθαρὸν
2871 1814 2965 1891 τοῦ
2989 1836 3083 1892 νοῦ
3110 1814 3206 1893 καὶ
3235 1814 3512 1912 γαλήνιον,
3531 1840 3641 1909 τῆς

350 1927 693 1996 tranquillam
720 1936 978 1992 mentem,
1007 1930 1077 1982 ab
1099 1926 1201 1982 hac
1222 1925 1391 1982 chara
1414 1925 1595 1995 quiete
1620 1932 1878 1994 tanquam
1908 1940 1936 1978 a

352 2031 524 2077 matre
547 2035 608 2077 se
633 2019 788 2076 avelli
805 2019 1397 2090 dolebat;quandoque
1420 2026 1600 2074 autem
1623 2016 1938 2074 considera-

352 2119 464 2182 bat,
496 2132 681 2171 curam
724 2128 848 2170 esse
873 2111 1164 2184 gerendam
1202 2125 1392 2168 eorum
1428 2111 1520 2182 qui
1575 2109 1935 2174 ventilabam,

349 2217 534 2262 etnon
560 2215 816 2278 oportere
869 2202 975 2258 sibi
1010 2202 1112 2258 soli
1149 2201 1356 2267 vivere,
1406 2203 1501 2256 sed
1549 2200 1722 2272 multo
1769 2199 1940 2271 magis

351 2301 518 2355 etiam
595 2297 900 2369 proximis,
961 2304 1016 2352 et
1080 2295 1196 2365 ejus
1255 2295 1333 2351 rei
1399 2295 1576 2367 ipsum
1647 2293 1936 2349 Dominum

355 2394 521 2448 fuisse
563 2392 719 2446 nobis
777 2389 846 2445 ab
901 2389 1059 2446 initio
1115 2386 1394 2458 exemplar
1432 2387 1793 2460 propositum,
1843 2386 1938 2457 qui

353 2497 406 2540 et
450 2485 551 2541 sibi
600 2483 952 2556 congregavit
997 2480 1310 2552 discipulos,
1367 2489 1422 2536 et
1477 2487 1802 2549 conspectus
1854 2486 1942 2532 est

357 2591 540 2653 pastor
567 2579 748 2636 ovium
785 2577 1012 2633 rationis
1048 2583 1379 2649 compotum,
1427 2581 1481 2629 et
1510 2587 1610 2643 pro
1639 2571 1722 2630 eis
1759 2571 1944 2628 omisit

356 2675 616 2730 animam.

426 2768 515 2824 24.
556 2768 683 2824 llzec
713 2781 842 2840 ergo
871 2767 1091 2839 quando
1122 2779 1218 2838 per
1248 2765 1418 2822 otium
1449 2763 1856 2830 considerabat,
1891 2770 1944 2819 et

355 2863 408 2916 in
461 2862 787 2917 contrariam
845 2870 1054 2933 partem
1091 2859 1412 2916 trahebatur
1465 2857 1706 2923 animus,
1769 2871 1945 2925 neque

357 2955 569 3011 sciebat
595 2956 809 3010 cuinam
844 2970 977 3024 pure
1017 2954 1340 3008 adhaereret.
1394 2952 1532 3005 Nam
1575 2950 1778 3020 quietis
1817 2948 1946 3018 qui-

357 3049 481 3104 dem
504 3059 558 3104 et
588 3048 792 3104 silentii
831 3048 1037 3102 fructus
1057 3061 1160 3099 non
1188 3044 1469 3116 ignorabat
1494 3061 1509 3109 ;
1541 3057 1729 3097 rursus
1757 3051 1941 3096 autem

357 3139 582 3204 sciebat,
622 3138 844 3207 quinam
875 3145 1059 3192 essent
1085 3134 1293 3192 fruetus
1323 3148 1491 3197 curae,
1519 3148 1639 3202 qua:
1665 3139 1949 3202 gereretur

311 3254 318 3259 ο
362 3235 592 3287 fratrum
629 3249 642 3285 :
695 3241 749 3286 et
796 3230 917 3284 ideo
951 3229 1202 3297 utrisque
1233 3227 1565 3292 adluerebat,
1603 3235 1657 3280 et
1698 3224 1946 3281 neutrius

356 3336 473 3382 erat
503 3327 718 3396 penitus
745 3341 760 3378 :
793 3333 848 3379 et
879 3323 947 3378 ab
970 3334 1202 3391 utroque
1236 3317 1547 3384 recedebat,
1575 3327 1631 3374 et
1672 3332 1795 3372 cum
1833 3332 1946 3372 am-

368 3419 540 3475 bobus
593 3431 782 3473 rursus
827 3412 1205 3471 conveniebat.
1259 3410 1400 3478 Quid
1437 3423 1567 3481 ergo
1613 3407 1784 3464 facit?
1833 3406 1946 3464 Deo

361 3511 629 3584 permittit
661 3510 995 3573 universum,
1027 3508 1121 3578 qui
1159 3504 1242 3560 vel
1285 3503 1436 3559 solus
1467 3510 1648 3573 potest
1685 3502 1940 3564 miscere,

355 3613 476 3669 qua!
513 3595 730 3653 misceri
759 3611 866 3651 non
904 3602 1172 3666 possunt:
1209 3601 1264 3647 et
1318 3591 1466 3646 illius
1492 3589 1723 3662 _auxilio
1771 3586 1946 3644 credit

356 3707 514 3760 posse
545 3690 686 3756 ﬁeri,
720 3698 774 3742 ut
827 3698 881 3743 et
915 3695 1270 3742 conservetur
1300 3683 1500 3740 bonum
1532 3682 1736 3753 quietis
1783 3690 1840 3736 et
1866 3681 1944 3735 si-

354 3785 532 3847 lentii,
573 3793 626 3836 et
677 3796 783 3834 non
821 3781 1065 3850 privetur
1121 3778 1370 3831 mercede
1418 3773 1776 3844 ιιι-πτερωταὶ.
1824 3771 1942 3827 Non

355 3879 500 3931 enim
548 3875 601 3930 in
638 3889 725 3939 eo,
760 3874 901 3942 quod
935 3874 1007 3926 sit
1053 3885 1251 3938 corpus
1276 3867 1606 3932 solitarium,
1633 3866 1728 3920 sed
1761 3867 1813 3919 in
1855 3879 1944 3932 eo,

356 3969 502 4038 quod
525 3969 594 4024 sit
625 3982 717 4021 cor
741 3967 877 4020 bene
900 3963 1260 4032 compositum
1297 3971 1352 4014 et
1377 3958 1752 4028 tranquillum,
1779 3957 1944 4012 vitam

358 4070 504 4117 recte
533 4060 649 4128 geri
681 4058 1056 4123 monasticam,
1097 4063 1156 4109 ut
1177 4070 1206 4109 a
1253 4053 1436 4108 divino
1470 4051 1638 4106 David
1701 4058 1785 4108 est
1813 4051 1949 4107 deli-

359 4153 550 4208 nitum.
571 4151 735 4207 Certe
764 4149 976 4204 etiamsi
1001 4149 1076 4204 ita
1109 4163 1168 4203 se
1197 4147 1422 4202 haberet
1441 4144 1733 4214 judicium,
1762 4151 1946 4200 tamen

362 4246 471 4300 Deo
502 4246 789 4315 permittit,
816 4252 870 4298 et
897 4244 946 4298 ei
995 4242 1286 4312 supplicat,
1331 4240 1377 4296 si
1420 4239 1647 4295 omnino
1677 4239 1726 4293 ei
1759 4249 1948 4308 gratus

358 4351 508 4396 83801
538 4350 768 4395 conatus
797 4337 866 4409 (ei
899 4338 1044 4393 enim
1079 4337 1131 4390 in
1187 4344 1371 4390 mente
1413 4333 1759 4399 versabatur,
1804 4333 1948 4403 quod

359 4436 486 4490 olim
532 4434 748 4488 divinus
801 4431 1023 4486 Sitneon
1081 4429 1147 4484 de
1190 4444 1255 4484 eo
1301 4426 1672 4498 praedixerat),
1720 4427 1765 4482 si
1818 4441 1949 4496 ergo

2042 1927 2205 1998 φίλης
2237 1929 2445 1998 ταύτης
2474 1929 2713 2000 ἡσυχίας
2747 1923 2838 1983 οἷα
2872 1931 3087 2004 μητρὸς
3118 1932 3522 2005 ἀποσπώμενος
3546 1935 3646 2005 ἧ).-

2041 2035 2150 2082 γει.
2181 2019 2310 2072 Ὅτε
2365 2018 2422 2072 δὲ
2469 2017 2607 2090 πρὸς
2655 2019 2715 2072 τὸ
2755 2020 2865 2073 τῶν
2912 2021 3246 2091 φοιτούντων
3273 2025 3643 2096 κηδεμονικὸν

2042 2107 2394 2180 ἀποϐλέψειε,
2427 2112 2523 2164 καὶ
2554 2109 2617 2164 τὸ
2661 2113 2737 2184 μὴ
2769 2111 2880 2167 δεῖν
2927 2115 3110 2186 ἑαυτῷ
3145 2115 3294 2188 μόνῳ
3339 2117 3461 2189 ζῇν,
3497 2117 3645 2172 ἀλλὰ

2045 2201 2229 2274 πολλῷ
2260 2203 2464 2273 μᾶλλον
2495 2205 2590 2258 καὶ
2633 2207 2748 2270 τοῖς
2778 2206 3029 2276 πλησίον,
3067 2210 3165 2262 καὶ⁵
3211 2209 3407 2264 τούτου
3448 2227 3512 2280 γε
3541 2212 3644 2265 τὸν

2045 2295 2224 2350 κοινὸν
2246 2296 2526 2368 Δεσπότην
2555 2296 2703 2370 ἑώρα
2729 2299 2900 2354 τύπον
2936 2300 2995 2366 ἐξ
3022 2302 3196 2374 ἀρχῆς
3227 2303 3545 2374 γενόμενον,
3577 2303 3645 2367 ὃς

2046 2391 2143 2441 καλ⁸
2192 2387 2447 2459 μαθητὰς
2498 2389 2680 2462 ἑαυτῷ
2725 2392 3029 2464 συνήγαγε,
3089 2394 3187 2448 καὶ
3231 2394 3436 2467 ποιμὴν
3473 2394 3646 2468 ὤφθη

2045 2481 2286 2551 λογικῶν
2325 2483 2659 2556 προϐάτων,
2720 2486 2816 2540 καὶ
2874 2486 3017 2558 ὑπὲρ
3081 2487 3265 2544 αὐτῶν
3305 2489 3404 2562 τὴν
3451 2489 3647 2562 ψυχὴν

2047 2575 2292 2647 προίετο.

2119 2758 2220 2816 κδ’.
2263 2758 2454 2816 Ταῦτα
2480 2762 2570 2817 ὅτε
2599 2761 2943 2836 κατασχολὴν
2990 2761 3370 2835 διασκέψαιτο,
3410 2763 3504 2818 τὸν
3542 2763 3644 2818 λο-

2049 2854 2250 2924 γισμὸν
2277 2851 2434 2919 αὖθις
2462 2855 2779 2910 ἀνθείλκετο
2821 2859 2916 2910 καὶ
2942 2857 3043 2910 οὐκ
3069 2851 3214 2929 εἶχεν
3239 2857 3346 2928 ὅτῳ
3373 2857 3648 2930 καθαρῶς

2051 2946 2349 3016 προστεθῇ.
2380 2947 2518 3009 Τοὺς
2546 2947 2645 3016 μὲν
2691 2946 2798 3016 γὰρ
2837 2947 2936 3017 τῆς
2989 2946 3220 3017 ἡσυχίας
3251 2947 3500 3017 καρποὺς
3536 2947 3650 2999 οὐκ

2051 3038 2260 3107 ἠγνόει,
2323 3038 2444 3110 ήδει
2501 3037 2558 3091 δὲ
2606 3038 2703 3092 καὶ
2760 3041 2859 3110 τῆς
2910 3039 3168 3109 προνοίας
3225 3038 3336 3092 τῶν
3391 3038 3650 3107 ἀδελφῶν

2050 3128 2250 3197 ὁποῖοι,
2283 3132 2380 3183 καὶ
2434 3129 2522 3183 διά
2553 3127 2712 3182 τοῦτο
2764 3131 2859 3184 καὶ
2905 3130 3243 3201 ἀμφοτέροις
3287 3133 3648 3204 προσέκειτο,

2050 3224 2146 3276 καὶ
2179 3223 2288 3278 οὐδ’
2330 3222 2522 3292 ἑτέρου
2571 3222 2853 3286 παντελῶς
2888 3223 3118 3292 ἐγίνετο,
3151 3223 3419 3292 ἑκατέρου
3445 3238 3504 3275 τε
3530 3225 3650 3291 ἀφ·-

2051 3316 2260 3382 ίστατο,
2320 3318 2418 3369 καὶ
2467 3317 2808 3388 ἀμφοτέροις
2846 3316 3012 3370 πάλιν
3061 3317 3380 3388 συνήρχετο.
3439 3314 3651 3379 Ticino

2052 3413 2232 3478 ποιεῖς
2261 3408 2382 3480 Θεῷ
2409 3409 2472 3463 τὸ
2501 3411 2608 3464 πᾶν
2632 3409 2924 3479 ἐπιτρέπει
2945 3409 3026 3478 τῷ
3058 3409 3153 3463 καὶ
3178 3409 3328 3480 μόνῳ
3354 3409 3652 3480 δυναμένῳ

2053 3503 2311 3575 μιγνύναι
2339 3503 2411 3557 τὰ
2443 3503 2678 3574 ἄμικτα,
2713 3503 2811 3556 καὶ
2839 3505 2906 3575 τῇ
2941 3503 3153 3556 ἐκείνου
3201 3502 3448 3556 πιστεύει
3497 3505 3649 3573 ῥοπῇ

2049 3596 2280 3651 δυνατὸν
2302 3596 2454 3665 αὐτῷ
2483 3595 2740 3665 γενέσθαι
2771 3595 2952 3650 καὶτὸ
2981 3596 3080 3667 τῆς
3106 3597 3335 3668 ἡσυχίας
3364 3595 3649 3666 διασωθῆ-

2051 3704 2143 3742 ναι
2170 3687 2357 3755 καλὸν,
2379 3688 2475 3741 καὶ
2500 3686 2608 3740 τῶν
2628 3687 2722 3741 ἐπὶ
2738 3689 2804 3758 τῇ
2839 3690 3147 3760 προστασίᾳ
3174 3690 3382 3759 μισθῶν
3409 3690 3651 3759 ἄμοιρον

2053 3781 2131 3854 μὴ
2163 3781 2588 3852 ἀπολειφθῆναι.
2618 3783 2695 3835 Οὐ
2737 3782 2849 3852 γάρ
2901 3783 2960 3835 ὲν
3009 3785 3074 3854 τῇ
3115 3782 3350 3854 μονώσει
3399 3782 3493 3836 τοῦ
3532 3785 3653 3836 σώ-

2054 3891 2248 3946 ματος,
2275 3874 2392 3928 ἀλλ’
2425 3877 2484 3928 ὲν
2507 3874 2586 3943 τῷ
2620 3875 2880 3929 εὐσταθεῖ
2913 3875 3119 3945 μᾶλλον
3151 3876 3250 3946 τῆς
3285 3877 3516 3947 καρδίας
3543 3878 3652 3930 καὶ

2050 3968 2274 4040 γαληνῷ
2320 3967 2723 4039 κατορθοῦσθαι
2757 3970 2819 4021 τὺ
2864 3967 3010 4022 κατὰ
3063 3969 3254 4039 μόνας,
3288 3969 3363 4033 ώς
3395 3969 3475 4040 τῷ
3511 3968 3651 4039 θείῳ

2050 4061 2216 4114 Δαϐὶδ
2259 4061 2512 4133 ὡρίζετο.
2555 4060 2778 4133 Ἀμέλει
2811 4060 2908 4114 καὶ
2951 4060 3129 4126 οὕτως
3158 4060 3298 4133 ἔχων
3325 4062 3426 4132 τὴν
3454 4059 3650 4131 κρίσιν

2051 4149 2202 4220 ὅμως
2236 4149 2316 4221 τῷ
2346 4150 2467 4221 Θεῷ
2497 4149 2707 4216 δίδωσι,
2743 4150 2839 4204 καὶ
2871 4153 3058 4222 ἱκέτης
3089 4153 3256 4206 αὐτοῦ
3289 4151 3523 4220 γίνεται,
3561 4154 3652 4206 εί-

2054 4257 2161 4312 περ
2192 4239 2331 4305 ὅλως
2369 4240 2513 4294 κατά
2547 4241 2800 4313 γνώμην.
2846 4242 3006 4312 Αὐτῷ
3064 4241 3124 4295 τὺ
3157 4241 3469 4314 ἐγχείρημα
3522 4244 3652 4314 (ἐπὶ

2053 4333 2180 4387 νοῦν
2213 4332 2323 4406 γὰρ
2354 4328 2468 4404 εἶχε
2504 4333 2601 4387 καὶ
2645 4333 2708 4387 τὸ
2747 4333 2825 4405 τῷ
2869 4334 3000 4405 θείῳ
3048 4334 3276 4406 Συμεὼν
3312 4337 3439 4406 περὶ
3471 4336 3651 4390 αὑτοῦ

2056 4425 2225 4479 πάλαι
2253 4426 2683 4498 προφητευθὲν),
2719 4428 2767 4480 εί
2805 4423 2899 4480 οὖν
2933 4427 3069 4489 ὅλως
3097 4427 3351 4498 ἀρέσκων
3396 4429 3482 4499 εἴη
3522 4429 3653 4499 Θεῷ

357 4531 583 4586 onmiuo
640 4530 751 4585 Deo
809 4525 1071 4597 placeret,
1127 4532 1186 4576 ut
1219 4521 1324 4576 hoc
1356 4521 1514 4591 signo
1541 4518 1863 4587 declararet,
1892 4527 1943 4573 et

2058 4517 2273 4589 σημείῳ
2297 4515 2460 4570 τοῦτο
2486 4517 2906 4588 παραδηλῶσαι,
2931 4518 3028 4570 καὶ
3058 4517 3149 4572 τὸν
3175 4518 3339 4571 τόπον
3365 4518 3655 4584 ὑποδεῖξαι

359 4627 538 4681 locum
577 4633 766 4694 aperte
807 4616 1176 4683 indicaret,in
1207 4630 1314 4687 quo
1354 4624 1474 4670 erat
1514 4613 1830 4669 monasterii
1859 4611 1950 4684 ja-

356 4733 547 4774 eturus
585 4717 958 4772 fundamenta.
1300 4724 1304 4726 '

429 4814 523 4869 25.
571 4811 703 4868 Cum
753 4824 882 4879 ergo
917 4809 971 4862 in
1023 4819 1216 4862 manus
1241 4801 1571 4873 sumpsisset
1593 4798 1950 4867 thuribulum,

364 4920 418 4960 et
453 4903 730 4972 implesset
757 4898 1110 4962 carbonibus,
1153 4905 1208 4951 et
1243 4893 1438 4949 deinde
1467 4894 1676 4961 absque
1709 4892 1828 4960 igne
1852 4891 1952 4944 im-

365 4993 636 5064 posuisset
660 4988 920 5051 sullitum,
954 4987 1195 5055 pervasit
1225 4982 1598 5048 solitudinem,
1640 4979 1808 5035 labris
1830 4995 1954 5049 pre-

359 5102 452 5141 ces
475 5087 790 5139 decantatis.
827 5079 1027 5135 Preces
1061 5087 1242 5133 autem
1278 5077 1349 5130 ita
1380 5075 1652 5131 habebant
1678 5091 1692 5127 :
1723 5073 1766 5128 Ο
1789 5075 1950 5140 Deus,

364 5181 454 5251 qui
506 5195 604 5251 per
663 5178 830 5232 multa
880 5185 935 5230 et
976 5188 1168 5244 magna
1223 5170 1486 5227 miracula
1534 5168 1662 5224 olim
1695 5166 1952 5224 lsraelem

362 5273 727 5337 conﬁrmasti,
760 5270 852 5340 qui
883 5267 1089 5323 famulo
1127 5275 1219 5321 tuo
1249 5264 1417 5337 Moysi
1469 5263 1653 5318 multis
1697 5271 1752 5318 et
1787 5262 1954 5317 variis

364 5366 629 5436 prodigiis
670 5361 1010 5434 persuasisti,
1037 5368 1096 5414 ut
1137 5373 1234 5414 eos
1278 5355 1503 5428 regendi
1543 5370 1682 5411 onus
1720 5354 1951 5427 subiret,

363 5473 418 5513 rt
449 5462 656 5528 virgam
692 5458 912 5526 quidem
947 5456 1001 5509 in
1029 5463 1367 5524 serpentem,
1398 5451 1452 5506 in
1487 5449 1732 5506 alborem
1769 5458 1953 5504 autem

365 5555 636 5624 leprosam
654 5567 873 5606 manum
898 5548 1145 5616 mutasti,
1162 5558 1214 5603 et
1229 5546 1424 5602 deinde
1443 5545 1490 5600 ei
1511 5558 1702 5599 rursus
1713 5544 1952 5612 priorem

365 5647 654 5701 restituisti
691 5645 967 5712 colorem;
1011 5643 1106 5716 qui
1164 5654 1361 5712 aquam
1420 5637 1638 5708 quidem
1674 5644 1856 5690 mutas
1900 5636 1952 5690 in

361 5736 704 5808 sanguinem,
755 5735 928 5806 ipsum
972 5743 1152 5788 autem
1191 5742 1380 5786 rursus
1431 5725 1591 5780 facile
1652 5725 1707 5778 in
1757 5739 1954 5795 aquam

363 5830 641 5899 restituis;
668 5829 759 5901 qui
793 5827 1036 5885 cheoni
1081 5825 1298 5896 signum
1353 5815 1601 5874 victoria:
1638 5815 1809 5872 vellus
1858 5831 1951 5871 ex-

2059 4611 2246 4680 σαιρῶς
2275 4610 2360 4680 ἐφ’
2392 4627 2458 4680 ῳ,
2508 4611 2634 4674 τοὺς
2688 4610 2978 4682 θεμελίους
3029 4611 3305 4682 πηγνύναι
3358 4613 3487 4676 τοὺς
3539 4615 3652 4685 τῆς

2059 4703 2225 4774 μοῆνς
2253 4702 2501 4774 ἔμελλεν.

2132 4793 2230 4848 κε’.
2274 4794 2473 4850 Λαϐὼν
2495 4795 2588 4851 οὖν
2610 4799 2900 4870 εἰς’χεῖρας
2925 4797 3292 4871 θυμιατήριον
3322 4798 3414 4852 καὶ
3439 4792 3653 4866 ἀνθρά-

2057 4906 2172 4941 κων
2192 4887 2423 4958 πλήσας,
2445 4883 2564 4942 εἷτα
2583 4892 2673 4944 καὶ
2697 4891 2867 4963 πυρὸς
2894 4891 3023 4945 ἄνευ
3043 4892 3250 4948 ἐπιθεὶς
3275 4885 3338 4938 τὸ
3365 4884 3648 4956 θυμίαμα,

2054 4981 2160 5052 τὴν
2189 4981 2430 5053 ἐρημίαν
2468 4983 2607 5055 διῄει
2634 4983 2800 5056 εὐχὴν
2832 4985 3046 5058 ἐπᾴδων
3076 4982 3191 5043 τοῖς
3220 4980 3456 5050 χείλεσιν
3477 4997 3494 5011 ⁶
3526 4977 3651 5051 εἶχε

2055 5074 2114 5128 δὲ
2149 5076 2219 5128 τὰ
2257 5077 2354 5146 τῆς
2398 5076 2565 5147 εὐχῆς
2609 5077 2818 5142 οὕτως’
2867 5079 2923 5127 Ὀ
2954 5074 3045 5127 τὸν
3089 5074 3306 5146 Ἰσραὴλ
3343 5075 3513 5128 πάλαι
3552 5075 3649 5128 διὰ

2057 5167 2271 5221 πολλῶν
2305 5170 2398 5221 καὶ
2430 5169 2684 5239 μεγάλων
2718 5168 3014 5238 θαυμάτων
3037 5167 3170 5231 Θεὸς
3198 5169 3651 5238 πιστωσάμενος,

2057 5262 2087 5315 ὁ
2127 5263 2218 5316 τὸν
2245 5262 2561 5333 θεράποντά
2592 5280 2686 5316 σου
2711 5263 2958 5331 Μωῦσῆν
2987 5262 3200 5325 πολλοῖς
3229 5264 3323 5315 καὶ
3371 5262 3651 5325 ποικίλοις

2056 5355 2253 5426 τέρασι
2287 5355 2485 5417 πείσας
2512 5355 2610 5426 τὴν
2644 5359 2985 5426 προστασίαν
3018 5355 3200 5407 αὐτῶν
3233 5353 3514 5419 ὑπελθεῖν,
3551 5356 3657 5406 καὶ

2057 5447 2157 5517 τὴν
2189 5443 2290 5514 μὲν
2335 5443 2530 5513 ῥάϐδον
2565 5445 2644 5509 είς
2681 5445 2826 5514 ὅφιν,
2878 5447 2959 5507 είς
2996 5444 3298 5516 λευκότητα
3334 5444 3390 5497 δὲ
3430 5443 3530 5514 τὴν
3561 5442 3658 5496 λε·-

2061 5535 2294 5607 πρῶσαν
2324 5537 2486 5607 χεῖρα
2517 5537 2866 5606 μεταϐαλὼν,
2916 5534 3035 5590 εἶτα
3067 5540 3166 5610 τὴν
3199 5536 3474 5610 προτέραν
3502 5537 3651 5606 αὐτῇ

2060 5629 2226 5684 πάλιν
2258 5628 2571 5701 περιϐαλὼν
2600 5629 2878 5703 εὔχροιαν,
2911 5631 2968 5695 ὃς
3007 5633 3068 5686 τὸ
3095 5632 3194 5703 μὲν
3226 5630 3368 5702 ὕδωρ
3393 5631 3472 5692 εἰς
3503 5625 3656 5700 αἷμα

2064 5726 2406 5793 μεταποιείς,
2440 5724 2574 5777 αὐτὸ
2603 5724 2661 5777 δὲ
2707 5725 2871 5778 πάλιν
2900 5726 2981 5788 είς
3011 5725 3154 5794 ὕδωρ
3201 5722 3506 5788 ἀνασώζεις
3553 5723 3650 5776 εύ-

2065 5816 2258 5882 κόλως,
2302 5814 2358 5878 ὃς
2388 5814 2464 5886 τῷ
2495 5814 2703 5870 Γεδεὼν
2740 5817 3010 5889 σύμϐολον
3043 5819 3199 5891 νίκης
3235 5818 3327 5872 τόν
3364 5834 3420 5871 τε
3481 5817 3651 5870 πόκον
