  <div class='ocr_page' id='page_1' title='image "/cluster/home/n/w/nwhite01/storage/ocr_20150623/114/hvd.32044019208123/261.png"; bbox 0 0 3886 6460; ppageno 0'>
   <div class='ocr_carea' id='block_1_1' title="bbox 317 360 424 421">
    <p class='ocr_par' dir='ltr' id='par_1_1' title="bbox 317 360 424 421">
     <span class='ocr_line' id='line_1_1' title="bbox 317 360 424 421; baseline 0.009 -1"><span class='ocrx_word' id='word_1_1' title='bbox 317 360 424 421; x_wconf 76' lang='grc'><strong>495</strong></span> 
     </span>
    </p>
   </div>
   <div class='ocr_carea' id='block_1_2' title="bbox 1539 357 2311 420">
    <p class='ocr_par' dir='ltr' id='par_1_2' title="bbox 1539 357 2311 420">
     <span class='ocr_line' id='line_1_2' title="bbox 1539 357 2311 420; baseline 0.004 -4"><span class='ocrx_word' id='word_1_2' title='bbox 1539 357 1820 416; x_wconf 73' lang='lat' dir='ltr'><strong>MENSIS</strong></span> <span class='ocrx_word' id='word_1_3' title='bbox 1856 357 2311 420; x_wconf 70' lang='lat' dir='ltr'><strong>JANUARIUS.</strong></span> 
     </span>
    </p>
   </div>
   <div class='ocr_carea' id='block_1_3' title="bbox 3487 354 3595 419">
    <p class='ocr_par' dir='ltr' id='par_1_3' title="bbox 3487 354 3595 419">
     <span class='ocr_line' id='line_1_3' title="bbox 3487 354 3595 419; baseline 0 -1"><span class='ocrx_word' id='word_1_4' title='bbox 3487 354 3595 419; x_wconf 68' lang='lat'><strong>£96</strong></span> 
     </span>
    </p>
   </div>
   <div class='ocr_carea' id='block_1_4' title="bbox 321 466 1906 542">
    <p class='ocr_par' dir='ltr' id='par_1_4' title="bbox 321 468 1906 541">
     <span class='ocr_line' id='line_1_4' title="bbox 321 468 1906 541; baseline 0.004 -20"><span class='ocrx_word' id='word_1_5' title='bbox 321 488 461 534; x_wconf 78' lang='lat' dir='ltr'><strong>llllll,</strong></span> <span class='ocrx_word' id='word_1_6' title='bbox 530 470 620 539; x_wconf 85' lang='lat' dir='ltr'><strong>qui</strong></span> <span class='ocrx_word' id='word_1_7' title='bbox 657 469 954 535; x_wconf 85' lang='lat' dir='ltr'><strong>accedunt,</strong></span> <span class='ocrx_word' id='word_1_8' title='bbox 1006 478 1060 524; x_wconf 89' lang='lat' dir='ltr'><strong>et</strong></span> <span class='ocrx_word' id='word_1_9' title='bbox 1098 468 1247 525; x_wconf 86' lang='lat' dir='ltr'><strong>locus</strong></span> <span class='ocrx_word' id='word_1_10' title='bbox 1283 484 1388 541; x_wconf 84' lang='lat' dir='ltr'><strong>quo</strong></span> <span class='ocrx_word' id='word_1_11' title='bbox 1452 468 1812 541; x_wconf 77' lang='lat' dir='ltr'><strong>excipiantur,</strong></span> <span class='ocrx_word' id='word_1_12' title='bbox 1856 484 1906 527; x_wconf 92' lang='lat' dir='ltr'><strong>et</strong></span> 
     </span>
    </p>
   </div>
   <div class='ocr_carea' id='block_1_5' title="bbox 2014 466 3593 542">
    <p class='ocr_par' dir='ltr' id='par_1_5' title="bbox 2014 466 3593 542">
     <span class='ocr_line' id='line_1_5' title="bbox 2014 466 3593 542; baseline -0.001 -20"><span class='ocrx_word' id='word_1_13' title='bbox 2014 471 2439 542; x_wconf 83' lang='grc' dir='ltr'>ἀπονενέμηται.</span> <span class='ocrx_word' id='word_1_14' title='bbox 2481 469 2580 523; x_wconf 81' lang='grc' dir='ltr'>Ἕν</span> <span class='ocrx_word' id='word_1_15' title='bbox 2611 469 2727 524; x_wconf 85' lang='grc' dir='ltr'>ἐστι</span> <span class='ocrx_word' id='word_1_16' title='bbox 2794 469 2925 540; x_wconf 73' lang='grc' dir='ltr'>πρὸς</span> <span class='ocrx_word' id='word_1_17' title='bbox 2958 467 3169 532; x_wconf 80' lang='grc' dir='ltr'>πάντας</span> <span class='ocrx_word' id='word_1_18' title='bbox 3213 466 3337 539; x_wconf 75' lang='grc' dir='ltr'>ἔχον</span> <span class='ocrx_word' id='word_1_19' title='bbox 3364 468 3593 538; x_wconf 79' lang='grc' dir='ltr'>ὁμοίιος,</span> 
     </span>
    </p>
   </div>
   <div class='ocr_carea' id='block_1_6' title="bbox 322 563 1903 634">
    <p class='ocr_par' dir='ltr' id='par_1_6' title="bbox 322 563 1903 634">
     <span class='ocr_line' id='line_1_6' title="bbox 322 563 1903 634; baseline -0.001 -15"><span class='ocrx_word' id='word_1_20' title='bbox 322 565 515 620; x_wconf 89' lang='lat' dir='ltr'><strong>modus</strong></span> <span class='ocrx_word' id='word_1_21' title='bbox 546 578 652 634; x_wconf 89' lang='lat' dir='ltr'><strong>quo</strong></span> <span class='ocrx_word' id='word_1_22' title='bbox 683 573 958 628; x_wconf 77' lang='lat' dir='ltr'><strong>curentur,</strong></span> <span class='ocrx_word' id='word_1_23' title='bbox 991 563 1126 619; x_wconf 89' lang='lat' dir='ltr'><strong>alius</strong></span> <span class='ocrx_word' id='word_1_24' title='bbox 1152 564 1352 634; x_wconf 18' lang='lat' dir='ltr'><strong>aliilest</strong></span> <span class='ocrx_word' id='word_1_25' title='bbox 1391 565 1701 618; x_wconf 86' lang='lat' dir='ltr'><strong>attributus.</strong></span> <span class='ocrx_word' id='word_1_26' title='bbox 1726 564 1903 619; x_wconf 83' lang='lat' dir='ltr'><strong>Unum</strong></span> 
     </span>
    </p>
   </div>
   <div class='ocr_carea' id='block_1_7' title="bbox 318 654 1914 724">
    <p class='ocr_par' dir='ltr' id='par_1_7' title="bbox 318 654 1914 724">
     <span class='ocr_line' id='line_1_7' title="bbox 318 654 1914 724; baseline -0.001 -15"><span class='ocrx_word' id='word_1_27' title='bbox 318 665 425 719; x_wconf 86' lang='lat' dir='ltr'><strong>est,</strong></span> <span class='ocrx_word' id='word_1_28' title='bbox 459 657 600 724; x_wconf 78' lang='lat' dir='ltr'><strong>quod</strong></span> <span class='ocrx_word' id='word_1_29' title='bbox 630 669 694 708; x_wconf 83' lang='lat' dir='ltr'><strong>cx</strong></span> <span class='ocrx_word' id='word_1_30' title='bbox 730 669 884 724; x_wconf 74' lang='lat' dir='ltr'><strong>mque</strong></span> <span class='ocrx_word' id='word_1_31' title='bbox 909 654 1161 709; x_wconf 87' lang='lat' dir='ltr'><strong>omnibus</strong></span> <span class='ocrx_word' id='word_1_32' title='bbox 1201 655 1512 718; x_wconf 78' lang='lat' dir='ltr'><strong>exhibetur,</strong></span> <span class='ocrx_word' id='word_1_33' title='bbox 1547 669 1740 724; x_wconf 88' lang='lat' dir='ltr'><strong>nempe</strong></span> <span class='ocrx_word' id='word_1_34' title='bbox 1764 669 1914 710; x_wconf 87' lang='lat' dir='ltr'><strong>sum-</strong></span> 
     </span>
    </p>
   </div>
   <div class='ocr_carea' id='block_1_8' title="bbox 323 747 1909 817">
    <p class='ocr_par' dir='ltr' id='par_1_8' title="bbox 323 747 1909 817">
     <span class='ocr_line' id='line_1_8' title="bbox 323 747 1909 817; baseline 0 -17"><span class='ocrx_word' id='word_1_35' title='bbox 323 763 407 801; x_wconf 93' lang='lat' dir='ltr'><strong>ma</strong></span> <span class='ocrx_word' id='word_1_36' title='bbox 458 747 677 815; x_wconf 71' lang='lat' dir='ltr'><strong>huspitii</strong></span> <span class='ocrx_word' id='word_1_37' title='bbox 715 747 962 802; x_wconf 82' lang='lat' dir='ltr'><strong>hilaritas</strong></span> <span class='ocrx_word' id='word_1_38' title='bbox 992 756 1044 802; x_wconf 92' lang='lat' dir='ltr'><strong>et</strong></span> <span class='ocrx_word' id='word_1_39' title='bbox 1095 747 1426 816; x_wconf 76' lang='lat' dir='ltr'><strong>benignitas.</strong></span> <span class='ocrx_word' id='word_1_40' title='bbox 1467 747 1738 802; x_wconf 74' lang='lat' dir='ltr'><strong>Czetcrum</strong></span> <span class='ocrx_word' id='word_1_41' title='bbox 1775 764 1909 817; x_wconf 86' lang='lat' dir='ltr'><strong>pau-</strong></span> 
     </span>
    </p>
   </div>
   <div class='ocr_carea' id='block_1_9' title="bbox 323 838 1907 910">
    <p class='ocr_par' dir='ltr' id='par_1_9' title="bbox 323 838 1907 910">
     <span class='ocr_line' id='line_1_9' title="bbox 323 838 1907 910; baseline 0.005 -22"><span class='ocrx_word' id='word_1_42' title='bbox 323 854 508 906; x_wconf 83' lang='lat' dir='ltr'><strong>perum</strong></span> <span class='ocrx_word' id='word_1_43' title='bbox 543 840 761 910; x_wconf 85' lang='lat' dir='ltr'><strong>quidem</strong></span> <span class='ocrx_word' id='word_1_44' title='bbox 786 855 1038 909; x_wconf 79' lang='lat' dir='ltr'><strong>magnam</strong></span> <span class='ocrx_word' id='word_1_45' title='bbox 1084 855 1267 895; x_wconf 87' lang='lat' dir='ltr'><strong>curam</strong></span> <span class='ocrx_word' id='word_1_46' title='bbox 1306 838 1907 909; x_wconf 79' lang='lat' dir='ltr'><strong>gerebat&#39;l‘heodosius:</strong></span> 
     </span>
    </p>
   </div>
   <div class='ocr_carea' id='block_1_10' title="bbox 322 929 1910 1000">
    <p class='ocr_par' dir='ltr' id='par_1_10' title="bbox 322 929 1910 1000">
     <span class='ocr_line' id='line_1_10' title="bbox 322 929 1910 1000; baseline 0.001 -17"><span class='ocrx_word' id='word_1_47' title='bbox 322 945 552 1000; x_wconf 87' lang='lat' dir='ltr'><strong>quorum</strong></span> <span class='ocrx_word' id='word_1_48' title='bbox 598 929 687 984; x_wconf 85' lang='lat' dir='ltr'><strong>ille</strong></span> <span class='ocrx_word' id='word_1_49' title='bbox 726 937 1019 997; x_wconf 80' lang='lat' dir='ltr'><strong>egestatem</strong></span> <span class='ocrx_word' id='word_1_50' title='bbox 1047 930 1270 983; x_wconf 86' lang='lat' dir='ltr'><strong>vincens</strong></span> <span class='ocrx_word' id='word_1_51' title='bbox 1298 929 1759 998; x_wconf 85' lang='lat' dir='ltr'><strong>suppeditatione,</strong></span> <span class='ocrx_word' id='word_1_52' title='bbox 1792 945 1910 985; x_wconf 84' lang='lat' dir='ltr'><strong>eam</strong></span> 
     </span>
    </p>
   </div>
   <div class='ocr_carea' id='block_1_11' title="bbox 323 1019 1913 1090">
    <p class='ocr_par' dir='ltr' id='par_1_11' title="bbox 323 1019 1913 1090">
     <span class='ocr_line' id='line_1_11' title="bbox 323 1019 1913 1090; baseline 0.001 -17"><span class='ocrx_word' id='word_1_53' title='bbox 323 1035 512 1075; x_wconf 84' lang='lat' dir='ltr'><strong>rursus</strong></span> <span class='ocrx_word' id='word_1_54' title='bbox 567 1019 801 1074; x_wconf 87' lang='lat' dir='ltr'><strong>habebat</strong></span> <span class='ocrx_word' id='word_1_55' title='bbox 860 1020 1142 1074; x_wconf 82' lang='lat' dir='ltr'><strong>voluntate</strong></span> <span class='ocrx_word' id='word_1_56' title='bbox 1205 1019 1519 1076; x_wconf 81' lang='lat' dir='ltr'><strong>inferiorem</strong></span> <span class='ocrx_word' id='word_1_57' title='bbox 1579 1037 1592 1074; x_wconf 90' lang='lat'>:</span> <span class='ocrx_word' id='word_1_58' title='bbox 1646 1023 1913 1090; x_wconf 86' lang='lat' dir='ltr'><strong>quomodo</strong></span> 
     </span>
    </p>
   </div>
   <div class='ocr_carea' id='block_1_12' title="bbox 323 1102 1914 1178">
    <p class='ocr_par' dir='ltr' id='par_1_12' title="bbox 323 1102 1914 1178">
     <span class='ocr_line' id='line_1_12' title="bbox 323 1102 1914 1178; baseline 0 -14"><span class='ocrx_word' id='word_1_59' title='bbox 323 1113 486 1166; x_wconf 84' lang='lat' dir='ltr'><strong>etiam</strong></span> <span class='ocrx_word' id='word_1_60' title='bbox 525 1111 856 1166; x_wconf 75' lang='lat' dir='ltr'><strong>voluntatem</strong></span> <span class='ocrx_word' id='word_1_61' title='bbox 909 1124 1128 1178; x_wconf 85' lang='lat' dir='ltr'><strong>semper</strong></span> <span class='ocrx_word' id='word_1_62' title='bbox 1174 1110 1374 1164; x_wconf 78' lang='lat' dir='ltr'><strong>victam</strong></span> <span class='ocrx_word' id='word_1_63' title='bbox 1423 1102 1467 1164; x_wconf 41' lang='lat' dir='ltr'><strong>a&#39;</strong></span> <span class='ocrx_word' id='word_1_64' title='bbox 1498 1110 1817 1167; x_wconf 83' lang='lat' dir='ltr'><strong>liberalitate</strong></span> <span class='ocrx_word' id='word_1_65' title='bbox 1860 1121 1914 1166; x_wconf 91' lang='lat' dir='ltr'><strong>et</strong></span> 
     </span>
    </p>
   </div>
   <div class='ocr_carea' id='block_1_13' title="bbox 326 1202 1907 1274">
    <p class='ocr_par' dir='ltr' id='par_1_13' title="bbox 326 1202 1907 1274">
     <span class='ocr_line' id='line_1_13' title="bbox 326 1202 1907 1274; baseline 0.001 -18"><span class='ocrx_word' id='word_1_66' title='bbox 326 1203 695 1258; x_wconf 79' lang='lat' dir='ltr'><strong>munificentia</strong></span> <span class='ocrx_word' id='word_1_67' title='bbox 750 1202 1017 1271; x_wconf 84' lang='lat' dir='ltr'><strong>spiritus,</strong></span> <span class='ocrx_word' id='word_1_68' title='bbox 1073 1211 1132 1256; x_wconf 92' lang='lat' dir='ltr'><strong>ut</strong></span> <span class='ocrx_word' id='word_1_69' title='bbox 1185 1202 1344 1274; x_wconf 85' lang='lat' dir='ltr'><strong>paulo</strong></span> <span class='ocrx_word' id='word_1_70' title='bbox 1400 1212 1522 1273; x_wconf 89' lang='lat' dir='ltr'><strong>post</strong></span> <span class='ocrx_word' id='word_1_71' title='bbox 1574 1204 1907 1258; x_wconf 86' lang='lat' dir='ltr'><strong>ostendetur.</strong></span> 
     </span>
    </p>
   </div>
   <div class='ocr_carea' id='block_1_14' title="bbox 325 1294 1915 1363">
    <p class='ocr_par' dir='ltr' id='par_1_14' title="bbox 325 1294 1915 1363">
     <span class='ocr_line' id='line_1_14' title="bbox 325 1294 1915 1363; baseline 0.001 -13"><span class='ocrx_word' id='word_1_72' title='bbox 325 1296 436 1353; x_wconf 82' lang='lat' dir='ltr'><strong>lloc</strong></span> <span class='ocrx_word' id='word_1_73' title='bbox 472 1307 650 1350; x_wconf 89' lang='lat' dir='ltr'><strong>autem</strong></span> <span class='ocrx_word' id='word_1_74' title='bbox 692 1304 774 1350; x_wconf 75' lang='lat' dir='ltr'><strong>est</strong></span> <span class='ocrx_word' id='word_1_75' title='bbox 824 1294 956 1363; x_wconf 90' lang='lat' dir='ltr'><strong>ipsis</strong></span> <span class='ocrx_word' id='word_1_76' title='bbox 1011 1294 1174 1349; x_wconf 85' lang='lat' dir='ltr'><strong>rebus</strong></span> <span class='ocrx_word' id='word_1_77' title='bbox 1221 1303 1644 1349; x_wconf 84' lang='lat' dir='ltr'><strong>consentaneum</strong></span> <span class='ocrx_word' id='word_1_78' title='bbox 1677 1304 1730 1350; x_wconf 91' lang='lat' dir='ltr'><strong>et</strong></span> <span class='ocrx_word' id='word_1_79' title='bbox 1760 1295 1915 1351; x_wconf 78' lang='lat' dir='ltr'><strong>valde</strong></span> 
     </span>
    </p>
   </div>
   <div class='ocr_carea' id='block_1_15' title="bbox 324 1384 1912 1456">
    <p class='ocr_par' dir='ltr' id='par_1_15' title="bbox 324 1384 1912 1456">
     <span class='ocr_line' id='line_1_15' title="bbox 324 1384 1912 1456; baseline 0.002 -19"><span class='ocrx_word' id='word_1_80' title='bbox 324 1399 688 1456; x_wconf 76' lang='lat' dir='ltr'><strong>cnnscqnens.</strong></span> <span class='ocrx_word' id='word_1_81' title='bbox 713 1386 779 1440; x_wconf 81' lang='lat' dir='ltr'><strong>Si</strong></span> <span class='ocrx_word' id='word_1_82' title='bbox 811 1386 954 1440; x_wconf 86' lang='lat' dir='ltr'><strong>enim</strong></span> <span class='ocrx_word' id='word_1_83' title='bbox 989 1385 1104 1454; x_wconf 85' lang='lat' dir='ltr'><strong>ipse</strong></span> <span class='ocrx_word' id='word_1_84' title='bbox 1135 1398 1257 1439; x_wconf 90' lang='lat' dir='ltr'><strong>cum</strong></span> <span class='ocrx_word' id='word_1_85' title='bbox 1296 1393 1441 1440; x_wconf 85' lang='lat' dir='ltr'><strong>esset</strong></span> <span class='ocrx_word' id='word_1_86' title='bbox 1489 1384 1670 1452; x_wconf 89' lang='lat' dir='ltr'><strong>homo,</strong></span> <span class='ocrx_word' id='word_1_87' title='bbox 1730 1387 1912 1441; x_wconf 85' lang='lat' dir='ltr'><strong>stude-</strong></span> 
     </span>
    </p>
   </div>
   <div class='ocr_carea' id='block_1_16' title="bbox 325 1476 1911 1547">
    <p class='ocr_par' dir='ltr' id='par_1_16' title="bbox 325 1476 1911 1547">
     <span class='ocr_line' id='line_1_16' title="bbox 325 1476 1911 1547; baseline -0.002 -14"><span class='ocrx_word' id='word_1_88' title='bbox 325 1480 417 1533; x_wconf 85' lang='lat' dir='ltr'><strong>bat</strong></span> <span class='ocrx_word' id='word_1_89' title='bbox 457 1479 734 1532; x_wconf 79' lang='lat' dir='ltr'><strong>hominum</strong></span> <span class='ocrx_word' id='word_1_90' title='bbox 777 1476 1050 1547; x_wconf 81' lang='lat' dir='ltr'><strong>egentium</strong></span> <span class='ocrx_word' id='word_1_91' title='bbox 1082 1490 1339 1546; x_wconf 89' lang='lat' dir='ltr'><strong>snperare</strong></span> <span class='ocrx_word' id='word_1_92' title='bbox 1370 1476 1696 1544; x_wconf 82' lang='lat' dir='ltr'><strong>cupiditates</strong></span> <span class='ocrx_word' id='word_1_93' title='bbox 1722 1478 1911 1530; x_wconf 80' lang='lat' dir='ltr'><strong>volun-</strong></span> 
     </span>
    </p>
   </div>
   <div class='ocr_carea' id='block_1_17' title="bbox 327 1566 1913 1638">
    <p class='ocr_par' dir='ltr' id='par_1_17' title="bbox 327 1566 1913 1638">
     <span class='ocr_line' id='line_1_17' title="bbox 327 1566 1913 1638; baseline 0.001 -18"><span class='ocrx_word' id='word_1_94' title='bbox 327 1568 455 1621; x_wconf 86' lang='lat' dir='ltr'><strong>tatis</strong></span> <span class='ocrx_word' id='word_1_95' title='bbox 500 1567 904 1638; x_wconf 76' lang='lat' dir='ltr'><strong>magnitudine;</strong></span> <span class='ocrx_word' id='word_1_96' title='bbox 950 1566 1220 1634; x_wconf 85' lang='lat' dir='ltr'><strong>quomodo</strong></span> <span class='ocrx_word' id='word_1_97' title='bbox 1285 1581 1390 1620; x_wconf 87' lang='lat' dir='ltr'><strong>non</strong></span> <span class='ocrx_word' id='word_1_98' title='bbox 1442 1567 1673 1620; x_wconf 78' lang='lat' dir='ltr'><strong>humana</strong></span> <span class='ocrx_word' id='word_1_99' title='bbox 1725 1583 1913 1622; x_wconf 90' lang='lat' dir='ltr'><strong>rursus</strong></span> 
     </span>
    </p>
   </div>
   <div class='ocr_carea' id='block_1_18' title="bbox 323 1657 1912 1730">
    <p class='ocr_par' dir='ltr' id='par_1_18' title="bbox 323 1657 1912 1730">
     <span class='ocr_line' id='line_1_18' title="bbox 323 1657 1912 1730; baseline 0.003 -18"><span class='ocrx_word' id='word_1_100' title='bbox 323 1658 578 1714; x_wconf 73' lang='lat' dir='ltr'><strong>VOltlnl&#39;lS</strong></span> <span class='ocrx_word' id='word_1_101' title='bbox 608 1661 911 1730; x_wconf 85' lang='lat' dir='ltr'><strong>superanda</strong></span> <span class='ocrx_word' id='word_1_102' title='bbox 942 1665 1060 1713; x_wconf 87' lang='lat' dir='ltr'><strong>crat</strong></span> <span class='ocrx_word' id='word_1_103' title='bbox 1113 1659 1181 1713; x_wconf 88' lang='lat' dir='ltr'><strong>ab</strong></span> <span class='ocrx_word' id='word_1_104' title='bbox 1208 1657 1404 1729; x_wconf 89' lang='lat' dir='ltr'><strong>opibus</strong></span> <span class='ocrx_word' id='word_1_105' title='bbox 1450 1659 1652 1715; x_wconf 86' lang='lat' dir='ltr'><strong>divinis</strong></span> <span class='ocrx_word' id='word_1_106' title='bbox 1678 1671 1732 1718; x_wconf 92' lang='lat' dir='ltr'><strong>et</strong></span> <span class='ocrx_word' id='word_1_107' title='bbox 1760 1663 1912 1717; x_wconf 88' lang='lat' dir='ltr'><strong>beni-</strong></span> 
     </span>
    </p>
   </div>
   <div class='ocr_carea' id='block_1_19' title="bbox 323 1753 571 1820">
    <p class='ocr_par' dir='ltr' id='par_1_19' title="bbox 323 1753 571 1820">
     <span class='ocr_line' id='line_1_19' title="bbox 323 1753 571 1820; baseline 0 -14"><span class='ocrx_word' id='word_1_108' title='bbox 323 1753 571 1820; x_wconf 75' lang='lat' dir='ltr'><strong>gnitate?</strong></span> 
     </span>
    </p>
   </div>
   <div class='ocr_carea' id='block_1_20' title="bbox 391 1822 1986 1918">
    <p class='ocr_par' dir='ltr' id='par_1_20' title="bbox 391 1822 1986 1918">
     <span class='ocr_line' id='line_1_20' title="bbox 391 1822 1986 1918; baseline 0.001 -20"><span class='ocrx_word' id='word_1_109' title='bbox 391 1844 479 1900; x_wconf 74' lang='lat'><strong>28.</strong></span> <span class='ocrx_word' id='word_1_110' title='bbox 508 1845 642 1901; x_wconf 91' lang='lat' dir='ltr'><strong>Cum</strong></span> <span class='ocrx_word' id='word_1_111' title='bbox 693 1855 873 1902; x_wconf 89' lang='lat' dir='ltr'><strong>autem</strong></span> <span class='ocrx_word' id='word_1_112' title='bbox 908 1847 963 1902; x_wconf 93' lang='lat' dir='ltr'><strong>in</strong></span> <span class='ocrx_word' id='word_1_113' title='bbox 1017 1860 1230 1914; x_wconf 87' lang='lat' dir='ltr'><strong>omnes,</strong></span> <span class='ocrx_word' id='word_1_114' title='bbox 1271 1847 1360 1918; x_wconf 87' lang='lat' dir='ltr'><strong>qui</strong></span> <span class='ocrx_word' id='word_1_115' title='bbox 1394 1856 1634 1918; x_wconf 83' lang='lat' dir='ltr'><strong>egestate</strong></span> <span class='ocrx_word' id='word_1_116' title='bbox 1691 1861 1908 1917; x_wconf 89' lang='lat' dir='ltr'><strong>preme-</strong></span> <span class='ocrx_word' id='word_1_117' title='bbox 1935 1822 1986 1878; x_wconf 62' lang='grc' dir='ltr'><strong>’Β</strong></span> 
     </span>
    </p>
   </div>
   <div class='ocr_carea' id='block_1_21' title="bbox 321 1936 1912 2010">
    <p class='ocr_par' dir='ltr' id='par_1_21' title="bbox 321 1936 1912 2010">
     <span class='ocr_line' id='line_1_21' title="bbox 321 1936 1912 2010; baseline 0.001 -19"><span class='ocrx_word' id='word_1_118' title='bbox 321 1936 545 2001; x_wconf 85' lang='lat' dir='ltr'><strong>bantur,</strong></span> <span class='ocrx_word' id='word_1_119' title='bbox 570 1937 644 1992; x_wconf 89' lang='lat' dir='ltr'><strong>ita</strong></span> <span class='ocrx_word' id='word_1_120' title='bbox 684 1947 828 1993; x_wconf 86' lang='lat' dir='ltr'><strong>esset</strong></span> <span class='ocrx_word' id='word_1_121' title='bbox 881 1938 1213 2003; x_wconf 85' lang='lat' dir='ltr'><strong>misericors,</strong></span> <span class='ocrx_word' id='word_1_122' title='bbox 1246 1939 1360 2008; x_wconf 80' lang='lat' dir='ltr'><strong>ejus</strong></span> <span class='ocrx_word' id='word_1_123' title='bbox 1398 1940 1569 2008; x_wconf 76' lang='lat' dir='ltr'><strong>magis</strong></span> <span class='ocrx_word' id='word_1_124' title='bbox 1614 1939 1912 2010; x_wconf 76' lang='lat' dir='ltr'><strong>angebatur</strong></span> 
     </span>
    </p>
   </div>
   <div class='ocr_carea' id='block_1_22' title="bbox 322 2029 1907 2100">
    <p class='ocr_par' dir='ltr' id='par_1_22' title="bbox 322 2029 1907 2100">
     <span class='ocr_line' id='line_1_22' title="bbox 322 2029 1907 2100; baseline 0.002 -19"><span class='ocrx_word' id='word_1_125' title='bbox 322 2029 698 2085; x_wconf 82' lang='lat' dir='ltr'><strong>misericordia</strong></span> <span class='ocrx_word' id='word_1_126' title='bbox 738 2029 792 2084; x_wconf 91' lang='lat' dir='ltr'><strong>in</strong></span> <span class='ocrx_word' id='word_1_127' title='bbox 846 2045 960 2094; x_wconf 85' lang='lat' dir='ltr'><strong>eos,</strong></span> <span class='ocrx_word' id='word_1_128' title='bbox 1029 2031 1080 2084; x_wconf 91' lang='lat' dir='ltr'><strong>in</strong></span> <span class='ocrx_word' id='word_1_129' title='bbox 1115 2032 1312 2100; x_wconf 84' lang='lat' dir='ltr'><strong>quibus</strong></span> <span class='ocrx_word' id='word_1_130' title='bbox 1341 2047 1532 2088; x_wconf 87' lang='lat' dir='ltr'><strong>rursus</strong></span> <span class='ocrx_word' id='word_1_131' title='bbox 1559 2043 1678 2086; x_wconf 89' lang='lat' dir='ltr'><strong>erat</strong></span> <span class='ocrx_word' id='word_1_132' title='bbox 1706 2032 1907 2086; x_wconf 91' lang='lat' dir='ltr'><strong>malum</strong></span> 
     </span>
    </p>
   </div>
   <div class='ocr_carea' id='block_1_23' title="bbox 323 2121 1911 2192">
    <p class='ocr_par' dir='ltr' id='par_1_23' title="bbox 323 2121 1911 2192">
     <span class='ocr_line' id='line_1_23' title="bbox 323 2121 1911 2192; baseline 0.004 -20"><span class='ocrx_word' id='word_1_133' title='bbox 323 2121 563 2189; x_wconf 70' lang='lat' dir='ltr'><strong>gravius,</strong></span> <span class='ocrx_word' id='word_1_134' title='bbox 591 2130 647 2174; x_wconf 89' lang='lat' dir='ltr'><strong>et</strong></span> <span class='ocrx_word' id='word_1_135' title='bbox 677 2137 802 2176; x_wconf 88' lang='lat' dir='ltr'><strong>cum</strong></span> <span class='ocrx_word' id='word_1_136' title='bbox 840 2131 1083 2192; x_wconf 79' lang='lat' dir='ltr'><strong>egestate</strong></span> <span class='ocrx_word' id='word_1_137' title='bbox 1110 2131 1228 2176; x_wconf 87' lang='lat' dir='ltr'><strong>erat</strong></span> <span class='ocrx_word' id='word_1_138' title='bbox 1259 2132 1521 2192; x_wconf 63' lang='lat' dir='ltr'><strong>praetcrea</strong></span> <span class='ocrx_word' id='word_1_139' title='bbox 1549 2125 1793 2189; x_wconf 86' lang='lat' dir='ltr'><strong>morbus,</strong></span> <span class='ocrx_word' id='word_1_140' title='bbox 1817 2133 1911 2178; x_wconf 89' lang='lat' dir='ltr'><strong>ant</strong></span> 
     </span>
    </p>
   </div>
   <div class='ocr_carea' id='block_1_24' title="bbox 326 2212 1908 2284">
    <p class='ocr_par' dir='ltr' id='par_1_24' title="bbox 326 2212 1908 2284">
     <span class='ocr_line' id='line_1_24' title="bbox 326 2212 1908 2284; baseline 0.003 -21"><span class='ocrx_word' id='word_1_141' title='bbox 326 2212 692 2266; x_wconf 86' lang='lat' dir='ltr'><strong>membrorum</strong></span> <span class='ocrx_word' id='word_1_142' title='bbox 751 2213 1019 2268; x_wconf 85' lang='lat' dir='ltr'><strong>mutilatio</strong></span> <span class='ocrx_word' id='word_1_143' title='bbox 1079 2215 1435 2280; x_wconf 78' lang='lat' dir='ltr'><strong>excrucians,</strong></span> <span class='ocrx_word' id='word_1_144' title='bbox 1492 2229 1663 2284; x_wconf 90' lang='lat' dir='ltr'><strong>eaque</strong></span> <span class='ocrx_word' id='word_1_145' title='bbox 1729 2229 1908 2279; x_wconf 82' lang='lat' dir='ltr'><strong>sacra,</strong></span> 
     </span>
    </p>
   </div>
   <div class='ocr_carea' id='block_1_25' title="bbox 322 2304 1909 2374">
    <p class='ocr_par' dir='ltr' id='par_1_25' title="bbox 322 2304 1909 2374">
     <span class='ocr_line' id='line_1_25' title="bbox 322 2304 1909 2374; baseline 0.004 -18"><span class='ocrx_word' id='word_1_146' title='bbox 322 2305 464 2372; x_wconf 87' lang='lat' dir='ltr'><strong>quod</strong></span> <span class='ocrx_word' id='word_1_147' title='bbox 503 2313 585 2360; x_wconf 91' lang='lat' dir='ltr'><strong>est</strong></span> <span class='ocrx_word' id='word_1_148' title='bbox 612 2304 1016 2374; x_wconf 77' lang='lat' dir='ltr'><strong>gravissimum.</strong></span> <span class='ocrx_word' id='word_1_149' title='bbox 1049 2306 1125 2361; x_wconf 85' lang='lat' dir='ltr'><strong>Ea</strong></span> <span class='ocrx_word' id='word_1_150' title='bbox 1159 2308 1368 2362; x_wconf 82' lang='lat' dir='ltr'><strong>ratione</strong></span> <span class='ocrx_word' id='word_1_151' title='bbox 1395 2309 1692 2362; x_wconf 88' lang='lat' dir='ltr'><strong>eratetiam</strong></span> <span class='ocrx_word' id='word_1_152' title='bbox 1721 2308 1909 2363; x_wconf 85' lang='lat' dir='ltr'><strong>oculus</strong></span> 
     </span>
    </p>
   </div>
   <div class='ocr_carea' id='block_1_26' title="bbox 321 2395 1908 2466">
    <p class='ocr_par' dir='ltr' id='par_1_26' title="bbox 321 2395 1908 2466">
     <span class='ocr_line' id='line_1_26' title="bbox 321 2395 1908 2466; baseline 0.003 -17"><span class='ocrx_word' id='word_1_153' title='bbox 321 2395 541 2466; x_wconf 88' lang='lat' dir='ltr'><strong>quidem</strong></span> <span class='ocrx_word' id='word_1_154' title='bbox 559 2410 851 2462; x_wconf 69' lang='lat' dir='ltr'><strong>caecorum,</strong></span> <span class='ocrx_word' id='word_1_155' title='bbox 898 2411 991 2465; x_wconf 88' lang='lat' dir='ltr'><strong>pes</strong></span> <span class='ocrx_word' id='word_1_156' title='bbox 1014 2413 1144 2454; x_wconf 80' lang='lat' dir='ltr'><strong>vero</strong></span> <span class='ocrx_word' id='word_1_157' title='bbox 1171 2399 1506 2464; x_wconf 87' lang='lat' dir='ltr'><strong>claudorum,</strong></span> <span class='ocrx_word' id='word_1_158' title='bbox 1537 2399 1908 2454; x_wconf 83' lang='lat' dir='ltr'><strong>indumentum</strong></span> 
     </span>
    </p>
   </div>
   <div class='ocr_carea' id='block_1_27' title="bbox 323 2490 1909 2562">
    <p class='ocr_par' dir='ltr' id='par_1_27' title="bbox 323 2490 1909 2562">
     <span class='ocr_line' id='line_1_27' title="bbox 323 2490 1909 2562; baseline 0.001 -18"><span class='ocrx_word' id='word_1_159' title='bbox 323 2499 505 2544; x_wconf 87' lang='lat' dir='ltr'><strong>autem</strong></span> <span class='ocrx_word' id='word_1_160' title='bbox 556 2490 843 2555; x_wconf 86' lang='lat' dir='ltr'><strong>nudorum,</strong></span> <span class='ocrx_word' id='word_1_161' title='bbox 883 2505 1094 2558; x_wconf 91' lang='lat' dir='ltr'><strong>eorum,</strong></span> <span class='ocrx_word' id='word_1_162' title='bbox 1129 2491 1219 2560; x_wconf 89' lang='lat' dir='ltr'><strong>qui</strong></span> <span class='ocrx_word' id='word_1_163' title='bbox 1256 2499 1399 2547; x_wconf 90' lang='lat' dir='ltr'><strong>tecto</strong></span> <span class='ocrx_word' id='word_1_164' title='bbox 1441 2493 1717 2557; x_wconf 83' lang='lat' dir='ltr'><strong>carebant,</strong></span> <span class='ocrx_word' id='word_1_165' title='bbox 1759 2501 1909 2562; x_wconf 82' lang='lat' dir='ltr'><strong>tegu-</strong></span> 
     </span>
    </p>
   </div>
   <div class='ocr_carea' id='block_1_28' title="bbox 324 2582 1906 2653">
    <p class='ocr_par' dir='ltr' id='par_1_28' title="bbox 324 2582 1906 2653">
     <span class='ocr_line' id='line_1_28' title="bbox 324 2582 1906 2653; baseline 0.003 -22"><span class='ocrx_word' id='word_1_166' title='bbox 324 2583 589 2646; x_wconf 87' lang='lat' dir='ltr'><strong>mentum,</strong></span> <span class='ocrx_word' id='word_1_167' title='bbox 636 2589 961 2650; x_wconf 67' lang='lat' dir='ltr'><strong>aagrotorum</strong></span> <span class='ocrx_word' id='word_1_168' title='bbox 993 2582 1254 2648; x_wconf 88' lang='lat' dir='ltr'><strong>medicus,</strong></span> <span class='ocrx_word' id='word_1_169' title='bbox 1286 2582 1530 2653; x_wconf 83' lang='lat' dir='ltr'><strong>largitor,</strong></span> <span class='ocrx_word' id='word_1_170' title='bbox 1569 2583 1906 2648; x_wconf 76' lang='lat' dir='ltr'><strong>administer,</strong></span> 
     </span>
    </p>
   </div>
   <div class='ocr_carea' id='block_1_29' title="bbox 321 2672 1906 2746">
    <p class='ocr_par' dir='ltr' id='par_1_29' title="bbox 321 2672 1906 2746">
     <span class='ocr_line' id='line_1_29' title="bbox 321 2672 1906 2746; baseline 0.003 -21"><span class='ocrx_word' id='word_1_171' title='bbox 321 2672 589 2739; x_wconf 84' lang='lat' dir='ltr'><strong>famulus;</strong></span> <span class='ocrx_word' id='word_1_172' title='bbox 612 2673 865 2729; x_wconf 87' lang='lat' dir='ltr'><strong>omnibus</strong></span> <span class='ocrx_word' id='word_1_173' title='bbox 903 2675 1083 2729; x_wconf 88' lang='lat' dir='ltr'><strong>omnia</strong></span> <span class='ocrx_word' id='word_1_174' title='bbox 1113 2674 1286 2730; x_wconf 83' lang='lat' dir='ltr'><strong>factus</strong></span> <span class='ocrx_word' id='word_1_175' title='bbox 1309 2685 1529 2746; x_wconf 90' lang='lat' dir='ltr'><strong>propter</strong></span> <span class='ocrx_word' id='word_1_176' title='bbox 1550 2677 1906 2731; x_wconf 77' lang='lat' dir='ltr'><strong>excellentem</strong></span> 
     </span>
    </p>
   </div>
   <div class='ocr_carea' id='block_1_30' title="bbox 318 2763 1906 2837">
    <p class='ocr_par' dir='ltr' id='par_1_30' title="bbox 318 2763 1906 2837">
     <span class='ocr_line' id='line_1_30' title="bbox 318 2763 1906 2837; baseline 0.004 -19"><span class='ocrx_word' id='word_1_177' title='bbox 318 2763 707 2834; x_wconf 79' lang='lat' dir='ltr'><strong>benignitatem</strong></span> <span class='ocrx_word' id='word_1_178' title='bbox 729 2783 744 2832; x_wconf 90' lang='lat'><strong>;</strong></span> <span class='ocrx_word' id='word_1_179' title='bbox 770 2768 1086 2837; x_wconf 81' lang='lat' dir='ltr'><strong>sanguinem</strong></span> <span class='ocrx_word' id='word_1_180' title='bbox 1105 2768 1351 2834; x_wconf 77' lang='lat' dir='ltr'><strong>abluens,</strong></span> <span class='ocrx_word' id='word_1_181' title='bbox 1373 2769 1595 2824; x_wconf 77' lang='lat' dir='ltr'><strong>vulnera</strong></span> <span class='ocrx_word' id='word_1_182' title='bbox 1620 2769 1906 2833; x_wconf 88' lang='lat' dir='ltr'><strong>mundans,</strong></span> 
     </span>
    </p>
   </div>
   <div class='ocr_carea' id='block_1_31' title="bbox 318 2853 1908 2929">
    <p class='ocr_par' dir='ltr' id='par_1_31' title="bbox 318 2853 1908 2929">
     <span class='ocr_line' id='line_1_31' title="bbox 318 2853 1908 2929; baseline 0.004 -21"><span class='ocrx_word' id='word_1_183' title='bbox 318 2853 472 2913; x_wconf 79' lang='lat' dir='ltr'><strong>labra</strong></span> <span class='ocrx_word' id='word_1_184' title='bbox 529 2857 821 2914; x_wconf 76' lang='lat' dir='ltr'><strong>admovens</strong></span> <span class='ocrx_word' id='word_1_185' title='bbox 874 2858 1038 2914; x_wconf 89' lang='lat' dir='ltr'><strong>labris</strong></span> <span class='ocrx_word' id='word_1_186' title='bbox 1066 2874 1278 2927; x_wconf 88' lang='lat' dir='ltr'><strong>eorum,</strong></span> <span class='ocrx_word' id='word_1_187' title='bbox 1326 2875 1557 2929; x_wconf 89' lang='lat' dir='ltr'><strong>quorum</strong></span> <span class='ocrx_word' id='word_1_188' title='bbox 1606 2871 1726 2916; x_wconf 89' lang='lat' dir='ltr'><strong>erat</strong></span> <span class='ocrx_word' id='word_1_189' title='bbox 1779 2875 1908 2914; x_wconf 88' lang='lat' dir='ltr'><strong>caro</strong></span> 
     </span>
    </p>
   </div>
   <div class='ocr_carea' id='block_1_32' title="bbox 319 2948 1904 3019">
    <p class='ocr_par' dir='ltr' id='par_1_32' title="bbox 319 2948 1904 3019">
     <span class='ocr_line' id='line_1_32' title="bbox 319 2948 1904 3019; baseline 0 -16"><span class='ocrx_word' id='word_1_190' title='bbox 319 2948 530 3014; x_wconf 86' lang='lat' dir='ltr'><strong>mutila,</strong></span> <span class='ocrx_word' id='word_1_191' title='bbox 557 2958 610 3005; x_wconf 91' lang='lat' dir='ltr'><strong>et</strong></span> <span class='ocrx_word' id='word_1_192' title='bbox 631 2950 703 3002; x_wconf 89' lang='lat' dir='ltr'><strong>ita</strong></span> <span class='ocrx_word' id='word_1_193' title='bbox 723 2965 816 3004; x_wconf 85' lang='lat' dir='ltr'><strong>eos</strong></span> <span class='ocrx_word' id='word_1_194' title='bbox 842 2951 1116 3018; x_wconf 87' lang='lat' dir='ltr'><strong>sapienter</strong></span> <span class='ocrx_word' id='word_1_195' title='bbox 1159 2952 1446 3006; x_wconf 89' lang='lat' dir='ltr'><strong>consolans</strong></span> <span class='ocrx_word' id='word_1_196' title='bbox 1468 2961 1520 3005; x_wconf 90' lang='lat' dir='ltr'><strong>et</strong></span> <span class='ocrx_word' id='word_1_197' title='bbox 1551 2953 1904 3019; x_wconf 89' lang='lat' dir='ltr'><strong>persuadens,</strong></span> 
     </span>
    </p>
   </div>
   <div class='ocr_carea' id='block_1_33' title="bbox 312 3040 1903 3108">
    <p class='ocr_par' dir='ltr' id='par_1_33' title="bbox 312 3040 1903 3108">
     <span class='ocr_line' id='line_1_33' title="bbox 312 3040 1903 3108; baseline 0.004 -16"><span class='ocrx_word' id='word_1_198' title='bbox 312 3047 380 3094; x_wconf 84' lang='lat' dir='ltr'><strong>ut</strong></span> <span class='ocrx_word' id='word_1_199' title='bbox 410 3041 692 3096; x_wconf 88' lang='lat' dir='ltr'><strong>moderate</strong></span> <span class='ocrx_word' id='word_1_200' title='bbox 735 3040 942 3096; x_wconf 78' lang='lat' dir='ltr'><strong>ferrent</strong></span> <span class='ocrx_word' id='word_1_201' title='bbox 975 3041 1369 3108; x_wconf 86' lang='lat' dir='ltr'><strong>calamitatem,</strong></span> <span class='ocrx_word' id='word_1_202' title='bbox 1399 3059 1523 3098; x_wconf 89' lang='lat' dir='ltr'><strong>cum</strong></span> <span class='ocrx_word' id='word_1_203' title='bbox 1555 3043 1760 3100; x_wconf 88' lang='lat' dir='ltr'><strong>scirent</strong></span> <span class='ocrx_word' id='word_1_204' title='bbox 1788 3059 1903 3107; x_wconf 88' lang='lat' dir='ltr'><strong>eos,</strong></span> 
     </span>
    </p>
   </div>
   <div class='ocr_carea' id='block_1_34' title="bbox 318 3132 1906 3203">
    <p class='ocr_par' dir='ltr' id='par_1_34' title="bbox 318 3132 1906 3203">
     <span class='ocr_line' id='line_1_34' title="bbox 318 3132 1906 3203; baseline 0.005 -23"><span class='ocrx_word' id='word_1_205' title='bbox 318 3132 410 3198; x_wconf 78' lang='lat' dir='ltr'><strong>qui</strong></span> <span class='ocrx_word' id='word_1_206' title='bbox 463 3133 704 3202; x_wconf 72' lang='lat' dir='ltr'><strong>Sapiunt,</strong></span> <span class='ocrx_word' id='word_1_207' title='bbox 746 3147 852 3187; x_wconf 91' lang='lat' dir='ltr'><strong>non</strong></span> <span class='ocrx_word' id='word_1_208' title='bbox 884 3134 1046 3190; x_wconf 88' lang='lat' dir='ltr'><strong>modo</strong></span> <span class='ocrx_word' id='word_1_209' title='bbox 1074 3134 1219 3203; x_wconf 89' lang='lat' dir='ltr'><strong>ipsos</strong></span> <span class='ocrx_word' id='word_1_210' title='bbox 1250 3147 1354 3188; x_wconf 88' lang='lat' dir='ltr'><strong>non</strong></span> <span class='ocrx_word' id='word_1_211' title='bbox 1387 3137 1646 3201; x_wconf 75' lang='lat' dir='ltr'><strong>aversari,</strong></span> <span class='ocrx_word' id='word_1_212' title='bbox 1681 3135 1776 3189; x_wconf 87' lang='lat' dir='ltr'><strong>sed</strong></span> <span class='ocrx_word' id='word_1_213' title='bbox 1815 3149 1906 3190; x_wconf 85' lang='lat' dir='ltr'><strong>eos</strong></span> 
     </span>
    </p>
   </div>
   <div class='ocr_carea' id='block_1_35' title="bbox 321 3223 1904 3296">
    <p class='ocr_par' dir='ltr' id='par_1_35' title="bbox 321 3223 1904 3296">
     <span class='ocr_line' id='line_1_35' title="bbox 321 3223 1904 3296; baseline 0.001 -19"><span class='ocrx_word' id='word_1_214' title='bbox 321 3223 710 3291; x_wconf 82' lang='lat' dir='ltr'><strong>putius&#39;beatos</strong></span> <span class='ocrx_word' id='word_1_215' title='bbox 739 3224 940 3280; x_wconf 88' lang='lat' dir='ltr'><strong>ducere</strong></span> <span class='ocrx_word' id='word_1_216' title='bbox 966 3232 1020 3280; x_wconf 90' lang='lat' dir='ltr'><strong>et</strong></span> <span class='ocrx_word' id='word_1_217' title='bbox 1049 3225 1320 3296; x_wconf 86' lang='lat' dir='ltr'><strong>amplecti.</strong></span> <span class='ocrx_word' id='word_1_218' title='bbox 1349 3223 1466 3281; x_wconf 86' lang='lat' dir='ltr'><strong>Non</strong></span> <span class='ocrx_word' id='word_1_219' title='bbox 1516 3235 1696 3281; x_wconf 88' lang='lat' dir='ltr'><strong>autem</strong></span> <span class='ocrx_word' id='word_1_220' title='bbox 1729 3241 1788 3281; x_wconf 88' lang='lat' dir='ltr'><strong>se</strong></span> <span class='ocrx_word' id='word_1_221' title='bbox 1815 3241 1904 3279; x_wconf 87' lang='lat' dir='ltr'><strong>su-</strong></span> 
     </span>
    </p>
   </div>
   <div class='ocr_carea' id='block_1_36' title="bbox 317 3317 1903 3390">
    <p class='ocr_par' dir='ltr' id='par_1_36' title="bbox 317 3317 1903 3390">
     <span class='ocr_line' id='line_1_36' title="bbox 317 3317 1903 3390; baseline 0.001 -16"><span class='ocrx_word' id='word_1_222' title='bbox 317 3317 482 3385; x_wconf 82' lang='lat' dir='ltr'><strong>perbe</strong></span> <span class='ocrx_word' id='word_1_223' title='bbox 506 3328 562 3384; x_wconf 86' lang='lat' dir='ltr'><strong>et</strong></span> <span class='ocrx_word' id='word_1_224' title='bbox 587 3319 888 3374; x_wconf 87' lang='lat' dir='ltr'><strong>inhumane</strong></span> <span class='ocrx_word' id='word_1_225' title='bbox 931 3335 1144 3390; x_wconf 77' lang='lat' dir='ltr'><strong>gerens,</strong></span> <span class='ocrx_word' id='word_1_226' title='bbox 1176 3333 1234 3376; x_wconf 90' lang='lat' dir='ltr'><strong>ut</strong></span> <span class='ocrx_word' id='word_1_227' title='bbox 1269 3320 1597 3390; x_wconf 83' lang='lat' dir='ltr'><strong>complures,</strong></span> <span class='ocrx_word' id='word_1_228' title='bbox 1628 3335 1765 3390; x_wconf 87' lang='lat' dir='ltr'><strong>quos</strong></span> <span class='ocrx_word' id='word_1_229' title='bbox 1781 3337 1903 3376; x_wconf 89' lang='lat' dir='ltr'><strong>cum</strong></span> 
     </span>
    </p>
   </div>
   <div class='ocr_carea' id='block_1_37' title="bbox 317 3410 1906 3484">
    <p class='ocr_par' dir='ltr' id='par_1_37' title="bbox 317 3410 1906 3484">
     <span class='ocr_line' id='line_1_37' title="bbox 317 3410 1906 3484; baseline 0.003 -21"><span class='ocrx_word' id='word_1_230' title='bbox 317 3418 591 3476; x_wconf 82' lang='lat' dir='ltr'><strong>oporteret</strong></span> <span class='ocrx_word' id='word_1_231' title='bbox 650 3410 960 3484; x_wconf 82' lang='lat' dir='ltr'><strong>miserando</strong></span> <span class='ocrx_word' id='word_1_232' title='bbox 1013 3411 1247 3476; x_wconf 81' lang='lat' dir='ltr'><strong>fratres,</strong></span> <span class='ocrx_word' id='word_1_233' title='bbox 1300 3411 1394 3467; x_wconf 89' lang='lat' dir='ltr'><strong>Dei</strong></span> <span class='ocrx_word' id='word_1_234' title='bbox 1447 3412 1550 3467; x_wconf 85' lang='lat' dir='ltr'><strong>sibi</strong></span> <span class='ocrx_word' id='word_1_235' title='bbox 1613 3411 1906 3468; x_wconf 86' lang='lat' dir='ltr'><strong>conciliare</strong></span> 
     </span>
    </p>
   </div>
   <div class='ocr_carea' id='block_1_38' title="bbox 320 3501 1901 3578">
    <p class='ocr_par' dir='ltr' id='par_1_38' title="bbox 320 3501 1901 3578">
     <span class='ocr_line' id='line_1_38' title="bbox 320 3501 1901 3578; baseline 0.002 -23"><span class='ocrx_word' id='word_1_236' title='bbox 320 3501 704 3572; x_wconf 82' lang='lat' dir='ltr'><strong>benignitatem</strong></span> <span class='ocrx_word' id='word_1_237' title='bbox 725 3514 773 3560; x_wconf 87' lang='lat' dir='ltr'><strong>et</strong></span> <span class='ocrx_word' id='word_1_238' title='bbox 810 3505 1172 3570; x_wconf 89' lang='lat' dir='ltr'><strong>clementiam,</strong></span> <span class='ocrx_word' id='word_1_239' title='bbox 1197 3506 1272 3559; x_wconf 91' lang='lat' dir='ltr'><strong>illi</strong></span> <span class='ocrx_word' id='word_1_240' title='bbox 1299 3508 1354 3578; x_wconf 93' lang='grc' dir='ltr'>(ο</span> <span class='ocrx_word' id='word_1_241' title='bbox 1389 3505 1840 3560; x_wconf 82' lang='lat' dir='ltr'><strong>inhumanitatetn</strong></span> <span class='ocrx_word' id='word_1_242' title='bbox 1863 3504 1901 3575; x_wconf 81' lang='grc' dir='ltr'>ι)</span> 
     </span>
    </p>
   </div>
   <div class='ocr_carea' id='block_1_39' title="bbox 317 3597 1906 3670">
    <p class='ocr_par' dir='ltr' id='par_1_39' title="bbox 317 3597 1906 3670">
     <span class='ocr_line' id='line_1_39' title="bbox 317 3597 1906 3670; baseline 0.006 -24"><span class='ocrx_word' id='word_1_243' title='bbox 317 3597 452 3651; x_wconf 88' lang='lat' dir='ltr'><strong>adeo</strong></span> <span class='ocrx_word' id='word_1_244' title='bbox 493 3609 617 3652; x_wconf 87' lang='lat' dir='ltr'><strong>sunt</strong></span> <span class='ocrx_word' id='word_1_245' title='bbox 652 3599 778 3654; x_wconf 89' lang='lat' dir='ltr'><strong>elati</strong></span> <span class='ocrx_word' id='word_1_246' title='bbox 831 3611 886 3654; x_wconf 91' lang='lat' dir='ltr'><strong>et</strong></span> <span class='ocrx_word' id='word_1_247' title='bbox 935 3599 1181 3656; x_wconf 88' lang='lat' dir='ltr'><strong>sublimis</strong></span> <span class='ocrx_word' id='word_1_248' title='bbox 1217 3601 1402 3666; x_wconf 87' lang='lat' dir='ltr'><strong>animi,</strong></span> <span class='ocrx_word' id='word_1_249' title='bbox 1443 3610 1538 3654; x_wconf 86' lang='lat' dir='ltr'><strong>aut</strong></span> <span class='ocrx_word' id='word_1_250' title='bbox 1590 3602 1667 3670; x_wconf 77' lang='lat' dir='ltr'><strong>(ut</strong></span> <span class='ocrx_word' id='word_1_251' title='bbox 1723 3601 1906 3656; x_wconf 76' lang='lat' dir='ltr'><strong>verius</strong></span> 
     </span>
    </p>
   </div>
   <div class='ocr_carea' id='block_1_40' title="bbox 317 3689 1904 3762">
    <p class='ocr_par' dir='ltr' id='par_1_40' title="bbox 317 3689 1904 3762">
     <span class='ocr_line' id='line_1_40' title="bbox 317 3689 1904 3762; baseline 0.003 -19"><span class='ocrx_word' id='word_1_252' title='bbox 317 3689 517 3762; x_wconf 85' lang='lat' dir='ltr'><strong>dicam)</strong></span> <span class='ocrx_word' id='word_1_253' title='bbox 554 3691 717 3747; x_wconf 91' lang='lat' dir='ltr'><strong>nimis</strong></span> <span class='ocrx_word' id='word_1_254' title='bbox 748 3693 832 3747; x_wconf 90' lang='lat' dir='ltr'><strong>sui</strong></span> <span class='ocrx_word' id='word_1_255' title='bbox 867 3701 1138 3758; x_wconf 89' lang='lat' dir='ltr'><strong>amantes,</strong></span> <span class='ocrx_word' id='word_1_256' title='bbox 1169 3701 1223 3748; x_wconf 90' lang='lat' dir='ltr'><strong>et</strong></span> <span class='ocrx_word' id='word_1_257' title='bbox 1254 3701 1362 3747; x_wconf 90' lang='lat' dir='ltr'><strong>tam</strong></span> <span class='ocrx_word' id='word_1_258' title='bbox 1407 3693 1585 3761; x_wconf 89' lang='lat' dir='ltr'><strong>pusilli</strong></span> <span class='ocrx_word' id='word_1_259' title='bbox 1618 3703 1671 3748; x_wconf 92' lang='lat' dir='ltr'><strong>et</strong></span> <span class='ocrx_word' id='word_1_260' title='bbox 1705 3692 1904 3762; x_wconf 89' lang='lat' dir='ltr'><strong>abjecti</strong></span> 
     </span>
    </p>
   </div>
   <div class='ocr_carea' id='block_1_41' title="bbox 318 3788 1904 3855">
    <p class='ocr_par' dir='ltr' id='par_1_41' title="bbox 318 3788 1904 3855">
     <span class='ocr_line' id='line_1_41' title="bbox 318 3788 1904 3855; baseline 0.003 -14"><span class='ocrx_word' id='word_1_261' title='bbox 318 3788 507 3853; x_wconf 89' lang='lat' dir='ltr'><strong>animi,</strong></span> <span class='ocrx_word' id='word_1_262' title='bbox 543 3797 614 3843; x_wconf 83' lang='grc' dir='ltr'><strong>ἰιι</strong></span> <span class='ocrx_word' id='word_1_263' title='bbox 673 3803 778 3844; x_wconf 91' lang='lat' dir='ltr'><strong>non</strong></span> <span class='ocrx_word' id='word_1_264' title='bbox 815 3789 987 3843; x_wconf 87' lang='lat' dir='ltr'><strong>solum</strong></span> <span class='ocrx_word' id='word_1_265' title='bbox 1038 3803 1134 3844; x_wconf 88' lang='lat' dir='ltr'><strong>eos</strong></span> <span class='ocrx_word' id='word_1_266' title='bbox 1173 3795 1292 3842; x_wconf 86' lang='lat' dir='ltr'><strong>&#39;non</strong></span> <span class='ocrx_word' id='word_1_267' title='bbox 1327 3788 1649 3855; x_wconf 85' lang='lat' dir='ltr'><strong>admittant,</strong></span> <span class='ocrx_word' id='word_1_268' title='bbox 1686 3789 1779 3843; x_wconf 89' lang='lat' dir='ltr'><strong>sed</strong></span> <span class='ocrx_word' id='word_1_269' title='bbox 1810 3803 1904 3845; x_wconf 88' lang='lat' dir='ltr'><strong>eos</strong></span> 
     </span>
    </p>
   </div>
   <div class='ocr_carea' id='block_1_42' title="bbox 315 3879 1904 3949">
    <p class='ocr_par' dir='ltr' id='par_1_42' title="bbox 315 3879 1904 3949">
     <span class='ocr_line' id='line_1_42' title="bbox 315 3879 1904 3949; baseline 0.001 -16"><span class='ocrx_word' id='word_1_270' title='bbox 315 3879 481 3933; x_wconf 90' lang='lat' dir='ltr'><strong>etiam</strong></span> <span class='ocrx_word' id='word_1_271' title='bbox 513 3880 698 3934; x_wconf 81' lang='lat' dir='ltr'><strong>videre</strong></span> <span class='ocrx_word' id='word_1_272' title='bbox 730 3895 835 3934; x_wconf 87' lang='lat' dir='ltr'><strong>non</strong></span> <span class='ocrx_word' id='word_1_273' title='bbox 887 3879 1154 3934; x_wconf 88' lang='lat' dir='ltr'><strong>inducant</strong></span> <span class='ocrx_word' id='word_1_274' title='bbox 1189 3879 1240 3933; x_wconf 92' lang='lat' dir='ltr'><strong>in</strong></span> <span class='ocrx_word' id='word_1_275' title='bbox 1271 3879 1507 3934; x_wconf 88' lang='lat' dir='ltr'><strong>animum</strong></span> <span class='ocrx_word' id='word_1_276' title='bbox 1535 3895 1547 3931; x_wconf 93' lang='lat'><strong>:</strong></span> <span class='ocrx_word' id='word_1_277' title='bbox 1571 3880 1794 3949; x_wconf 87' lang='lat' dir='ltr'><strong>perinde</strong></span> <span class='ocrx_word' id='word_1_278' title='bbox 1839 3894 1904 3934; x_wconf 89' lang='lat' dir='ltr'><strong>ac</strong></span> 
     </span>
    </p>
   </div>
   <div class='ocr_carea' id='block_1_43' title="bbox 315 3971 1903 4044">
    <p class='ocr_par' dir='ltr' id='par_1_43' title="bbox 315 3971 1903 4044">
     <span class='ocr_line' id='line_1_43' title="bbox 315 3971 1903 4044; baseline 0.003 -19"><span class='ocrx_word' id='word_1_279' title='bbox 315 3974 357 4026; x_wconf 82' lang='lat' dir='ltr'><strong>si</strong></span> <span class='ocrx_word' id='word_1_280' title='bbox 402 3971 582 4028; x_wconf 84' lang='lat' dir='ltr'><strong>nolint</strong></span> <span class='ocrx_word' id='word_1_281' title='bbox 603 3971 918 4027; x_wconf 79' lang='lat' dir='ltr'><strong>meminisse</strong></span> <span class='ocrx_word' id='word_1_282' title='bbox 949 3983 1126 4042; x_wconf 87' lang='lat' dir='ltr'><strong>neque</strong></span> <span class='ocrx_word' id='word_1_283' title='bbox 1159 3972 1382 4027; x_wconf 91' lang='lat' dir='ltr'><strong>omnino</strong></span> <span class='ocrx_word' id='word_1_284' title='bbox 1408 3974 1570 4033; x_wconf 78' lang='lat' dir='ltr'><strong>Scire.</strong></span> <span class='ocrx_word' id='word_1_285' title='bbox 1605 3973 1747 4042; x_wconf 89' lang='lat' dir='ltr'><strong>quod</strong></span> <span class='ocrx_word' id='word_1_286' title='bbox 1772 3973 1903 4044; x_wconf 87' lang='lat' dir='ltr'><strong>ipsis</strong></span> 
     </span>
    </p>
   </div>
   <div class='ocr_carea' id='block_1_44' title="bbox 315 4065 1898 4136">
    <p class='ocr_par' dir='ltr' id='par_1_44' title="bbox 315 4065 1898 4136">
     <span class='ocr_line' id='line_1_44' title="bbox 315 4065 1898 4136; baseline 0.003 -18"><span class='ocrx_word' id='word_1_287' title='bbox 315 4079 533 4135; x_wconf 79' lang='lat' dir='ltr'><strong>quoque</strong></span> <span class='ocrx_word' id='word_1_288' title='bbox 567 4075 697 4121; x_wconf 88' lang='lat' dir='ltr'><strong>sunt</strong></span> <span class='ocrx_word' id='word_1_289' title='bbox 751 4079 946 4121; x_wconf 88' lang='lat' dir='ltr'><strong>carnes</strong></span> <span class='ocrx_word' id='word_1_290' title='bbox 983 4065 1240 4136; x_wconf 73' lang='lat' dir='ltr'><strong>subjecta.-</strong></span> <span class='ocrx_word' id='word_1_291' title='bbox 1267 4066 1468 4121; x_wconf 87' lang='lat' dir='ltr'><strong>talibus</strong></span> <span class='ocrx_word' id='word_1_292' title='bbox 1499 4065 1898 4122; x_wconf 73' lang='lat' dir='ltr'><strong>affectionibus.</strong></span> 
     </span>
    </p>
   </div>
   <div class='ocr_carea' id='block_1_45' title="bbox 315 4157 1902 4230">
    <p class='ocr_par' dir='ltr' id='par_1_45' title="bbox 315 4157 1902 4230">
     <span class='ocr_line' id='line_1_45' title="bbox 315 4157 1902 4230; baseline 0.003 -21"><span class='ocrx_word' id='word_1_293' title='bbox 315 4157 554 4213; x_wconf 80' lang='lat' dir='ltr'><strong>Sed&#39;ndn</strong></span> <span class='ocrx_word' id='word_1_294' title='bbox 585 4159 667 4213; x_wconf 89' lang='lat' dir='ltr'><strong>sic</strong></span> <span class='ocrx_word' id='word_1_295' title='bbox 714 4159 801 4213; x_wconf 93' lang='lat' dir='ltr'><strong>hic</strong></span> <span class='ocrx_word' id='word_1_296' title='bbox 831 4158 1040 4223; x_wconf 82' lang='lat' dir='ltr'><strong>beatus,</strong></span> <span class='ocrx_word' id='word_1_297' title='bbox 1092 4159 1186 4214; x_wconf 85' lang='lat' dir='ltr'><strong>sed</strong></span> <span class='ocrx_word' id='word_1_298' title='bbox 1212 4158 1313 4213; x_wconf 90' lang='lat' dir='ltr'><strong>l&#39;nit</strong></span> <span class='ocrx_word' id='word_1_299' title='bbox 1341 4174 1536 4230; x_wconf 77' lang='lat' dir='ltr'><strong>magno</strong></span> <span class='ocrx_word' id='word_1_300' title='bbox 1567 4159 1728 4230; x_wconf 91' lang='lat' dir='ltr'><strong>(sicut</strong></span> <span class='ocrx_word' id='word_1_301' title='bbox 1763 4159 1902 4215; x_wconf 82' lang='lat' dir='ltr'><strong>dixi-</strong></span> 
     </span>
    </p>
   </div>
   <div class='ocr_carea' id='block_1_46' title="bbox 317 4248 1897 4322">
    <p class='ocr_par' dir='ltr' id='par_1_46' title="bbox 317 4248 1897 4322">
     <span class='ocr_line' id='line_1_46' title="bbox 317 4248 1897 4322; baseline 0.003 -21"><span class='ocrx_word' id='word_1_302' title='bbox 317 4248 456 4318; x_wconf 89' lang='lat' dir='ltr'><strong>mus)</strong></span> <span class='ocrx_word' id='word_1_303' title='bbox 485 4257 542 4304; x_wconf 91' lang='lat' dir='ltr'><strong>et</strong></span> <span class='ocrx_word' id='word_1_304' title='bbox 627 4263 892 4320; x_wconf 81' lang='lat' dir='ltr'><strong>generoso</strong></span> <span class='ocrx_word' id='word_1_305' title='bbox 952 4250 1155 4306; x_wconf 89' lang='lat' dir='ltr'><strong>animo.</strong></span> <span class='ocrx_word' id='word_1_306' title='bbox 1205 4249 1272 4304; x_wconf 87' lang='lat' dir='ltr'><strong>Et</strong></span> <span class='ocrx_word' id='word_1_307' title='bbox 1313 4260 1439 4304; x_wconf 90' lang='lat' dir='ltr'><strong>sunt</strong></span> <span class='ocrx_word' id='word_1_308' title='bbox 1488 4251 1648 4320; x_wconf 85' lang='lat' dir='ltr'><strong>hujus</strong></span> <span class='ocrx_word' id='word_1_309' title='bbox 1682 4252 1897 4322; x_wconf 89' lang='lat' dir='ltr'><strong>quidem</strong></span> 
     </span>
    </p>
   </div>
   <div class='ocr_carea' id='block_1_47' title="bbox 317 4340 1901 4413">
    <p class='ocr_par' dir='ltr' id='par_1_47' title="bbox 317 4340 1901 4413">
     <span class='ocr_line' id='line_1_47' title="bbox 317 4340 1901 4413; baseline 0.004 -20"><span class='ocrx_word' id='word_1_310' title='bbox 317 4340 470 4398; x_wconf 87' lang='lat' dir='ltr'><strong>multi</strong></span> <span class='ocrx_word' id='word_1_311' title='bbox 498 4341 636 4398; x_wconf 88' lang='lat' dir='ltr'><strong>oculi</strong></span> <span class='ocrx_word' id='word_1_312' title='bbox 678 4351 888 4400; x_wconf 86' lang='lat' dir='ltr'><strong>testes:</strong></span> <span class='ocrx_word' id='word_1_313' title='bbox 932 4343 1172 4398; x_wconf 77' lang='lat' dir='ltr'><strong>maxime</strong></span> <span class='ocrx_word' id='word_1_314' title='bbox 1212 4352 1388 4398; x_wconf 87' lang='lat' dir='ltr'><strong>autem</strong></span> <span class='ocrx_word' id='word_1_315' title='bbox 1429 4359 1493 4398; x_wconf 81' lang='lat' dir='ltr'><strong>ex</strong></span> <span class='ocrx_word' id='word_1_316' title='bbox 1529 4342 1616 4409; x_wconf 87' lang='lat' dir='ltr'><strong>iis,</strong></span> <span class='ocrx_word' id='word_1_317' title='bbox 1653 4345 1746 4413; x_wconf 79' lang='lat' dir='ltr'><strong>qui</strong></span> <span class='ocrx_word' id='word_1_318' title='bbox 1795 4344 1901 4400; x_wconf 88' lang='lat' dir='ltr'><strong>hoc</strong></span> 
     </span>
    </p>
   </div>
   <div class='ocr_carea' id='block_1_48' title="bbox 316 4435 1899 4506">
    <p class='ocr_par' dir='ltr' id='par_1_48' title="bbox 316 4435 1899 4506">
     <span class='ocr_line' id='line_1_48' title="bbox 316 4435 1899 4506; baseline 0.004 -19"><span class='ocrx_word' id='word_1_319' title='bbox 316 4435 675 4490; x_wconf 84' lang='lat' dir='ltr'><strong>ministerium</strong></span> <span class='ocrx_word' id='word_1_320' title='bbox 701 4449 807 4490; x_wconf 92' lang='lat' dir='ltr'><strong>una</strong></span> <span class='ocrx_word' id='word_1_321' title='bbox 850 4451 971 4491; x_wconf 92' lang='lat' dir='ltr'><strong>cum</strong></span> <span class='ocrx_word' id='word_1_322' title='bbox 1001 4451 1068 4492; x_wconf 90' lang='lat' dir='ltr'><strong>eo</strong></span> <span class='ocrx_word' id='word_1_323' title='bbox 1117 4435 1342 4492; x_wconf 89' lang='lat' dir='ltr'><strong>obibant</strong></span> <span class='ocrx_word' id='word_1_324' title='bbox 1377 4451 1390 4488; x_wconf 89' lang='lat'>:</span> <span class='ocrx_word' id='word_1_325' title='bbox 1428 4437 1518 4506; x_wconf 92' lang='lat' dir='ltr'><strong>qui</strong></span> <span class='ocrx_word' id='word_1_326' title='bbox 1560 4451 1680 4492; x_wconf 88' lang='lat' dir='ltr'><strong>cmn</strong></span> <span class='ocrx_word' id='word_1_327' title='bbox 1723 4438 1899 4506; x_wconf 87' lang='lat' dir='ltr'><strong>primo</strong></span> 
     </span>
    </p>
   </div>
   <div class='ocr_carea' id='block_1_49' title="bbox 2015 561 3594 636">
    <p class='ocr_par' dir='ltr' id='par_1_49' title="bbox 2015 561 3594 636">
     <span class='ocr_line' id='line_1_49' title="bbox 2015 561 3594 636; baseline 0 -19"><span class='ocrx_word' id='word_1_328' title='bbox 2015 564 2074 617; x_wconf 70' lang='grc' dir='ltr'><strong>τὸ</strong></span> <span class='ocrx_word' id='word_1_329' title='bbox 2099 568 2198 634; x_wconf 75' lang='grc' dir='ltr'>τῆς</span> <span class='ocrx_word' id='word_1_330' title='bbox 2253 564 2558 636; x_wconf 78' lang='grc' dir='ltr'>ξενοδοχίας</span> <span class='ocrx_word' id='word_1_331' title='bbox 2588 564 2774 636; x_wconf 74' lang='grc' dir='ltr'>ἄκρως</span> <span class='ocrx_word' id='word_1_332' title='bbox 2815 561 2999 634; x_wconf 70' lang='grc' dir='ltr'>ίλαρὺν</span> <span class='ocrx_word' id='word_1_333' title='bbox 3048 564 3142 615; x_wconf 67' lang='grc' dir='ltr'>καὶ</span> <span class='ocrx_word' id='word_1_334' title='bbox 3182 561 3594 634; x_wconf 77' lang='grc' dir='ltr'>φιλάνθρωπον.</span> 
     </span>
    </p>
   </div>
   <div class='ocr_carea' id='block_1_50' title="bbox 2027 654 3594 729">
    <p class='ocr_par' dir='ltr' id='par_1_50' title="bbox 2027 654 3594 729">
     <span class='ocr_line' id='line_1_50' title="bbox 2027 654 3594 729; baseline -0.001 -21"><span class='ocrx_word' id='word_1_335' title='bbox 2027 656 2167 708; x_wconf 81' lang='grc' dir='ltr'>Ἀλλ’</span> <span class='ocrx_word' id='word_1_336' title='bbox 2201 657 2345 724; x_wconf 82' lang='grc' dir='ltr'>οἵγε</span> <span class='ocrx_word' id='word_1_337' title='bbox 2391 658 2648 729; x_wconf 80' lang='grc' dir='ltr'>πένητες,</span> <span class='ocrx_word' id='word_1_338' title='bbox 2695 657 2726 725; x_wconf 82' lang='grc' dir='ltr'>ἡ</span> <span class='ocrx_word' id='word_1_339' title='bbox 2764 655 2976 727; x_wconf 86' lang='grc' dir='ltr'>μεγάλη</span> <span class='ocrx_word' id='word_1_340' title='bbox 3035 654 3300 725; x_wconf 76' lang='grc' dir='ltr'>θεοδοσίῳ</span> <span class='ocrx_word' id='word_1_341' title='bbox 3347 656 3594 726; x_wconf 70' lang='grc' dir='ltr'>φροντὶς,</span> 
     </span>
    </p>
   </div>
   <div class='ocr_carea' id='block_1_51' title="bbox 2014 740 3600 820">
    <p class='ocr_par' dir='ltr' id='par_1_51' title="bbox 2014 740 3600 820">
     <span class='ocr_line' id='line_1_51' title="bbox 2014 740 3600 820; baseline -0.001 -20"><span class='ocrx_word' id='word_1_342' title='bbox 2014 740 2088 800; x_wconf 78' lang='grc' dir='ltr'>ὧν</span> <span class='ocrx_word' id='word_1_343' title='bbox 2129 749 2227 820; x_wconf 80' lang='grc' dir='ltr'>τὴν</span> <span class='ocrx_word' id='word_1_344' title='bbox 2283 749 2490 803; x_wconf 80' lang='grc' dir='ltr'><strong>ἔνδειαν</strong></span> <span class='ocrx_word' id='word_1_345' title='bbox 2551 749 2758 812; x_wconf 88' lang='grc' dir='ltr'>ἐκεῖνος</span> <span class='ocrx_word' id='word_1_346' title='bbox 2781 750 2848 819; x_wconf 81' lang='grc' dir='ltr'>τῇ</span> <span class='ocrx_word' id='word_1_347' title='bbox 2879 747 3115 819; x_wconf 77' lang='grc' dir='ltr'>χορηγίᾳ</span> <span class='ocrx_word' id='word_1_348' title='bbox 3172 747 3360 811; x_wconf 87' lang='grc' dir='ltr'>νικῶν,</span> <span class='ocrx_word' id='word_1_349' title='bbox 3424 747 3600 816; x_wconf 67' lang='grc' dir='ltr'>αὐτὴν</span> 
     </span>
    </p>
   </div>
   <div class='ocr_carea' id='block_1_52' title="bbox 2018 836 3594 910">
    <p class='ocr_par' dir='ltr' id='par_1_52' title="bbox 2018 836 3594 910">
     <span class='ocr_line' id='line_1_52' title="bbox 2018 836 3594 910; baseline -0.001 -17"><span class='ocrx_word' id='word_1_350' title='bbox 2018 839 2177 894; x_wconf 85' lang='grc' dir='ltr'>πάλιν</span> <span class='ocrx_word' id='word_1_351' title='bbox 2219 836 2361 910; x_wconf 77' lang='grc' dir='ltr'>εἶχεν</span> <span class='ocrx_word' id='word_1_352' title='bbox 2418 839 2746 910; x_wconf 79' lang='grc' dir='ltr'><strong>ἡττωμένην</strong></span> <span class='ocrx_word' id='word_1_353' title='bbox 2797 839 2895 908; x_wconf 76' lang='grc' dir='ltr'>τῆς</span> <span class='ocrx_word' id='word_1_354' title='bbox 2954 839 3361 910; x_wconf 81' lang='grc' dir='ltr'>προαιρέσεως·</span> <span class='ocrx_word' id='word_1_355' title='bbox 3397 838 3594 910; x_wconf 82' lang='grc' dir='ltr'>ὥσπερ</span> 
     </span>
    </p>
   </div>
   <div class='ocr_carea' id='block_1_53' title="bbox 2013 931 3600 1004">
    <p class='ocr_par' dir='ltr' id='par_1_53' title="bbox 2013 931 3600 1004">
     <span class='ocr_line' id='line_1_53' title="bbox 2013 931 3600 1004; baseline -0.001 -19"><span class='ocrx_word' id='word_1_356' title='bbox 2013 934 2076 1004; x_wconf 79' lang='grc' dir='ltr'><strong>δὴ</strong></span> <span class='ocrx_word' id='word_1_357' title='bbox 2106 933 2202 1002; x_wconf 81' lang='grc' dir='ltr'>τὴν</span> <span class='ocrx_word' id='word_1_358' title='bbox 2233 934 2549 1004; x_wconf 83' lang='grc' dir='ltr'>προαίρεσιν</span> <span class='ocrx_word' id='word_1_359' title='bbox 2575 935 2640 1004; x_wconf 77' lang='grc' dir='ltr'>τῇ</span> <span class='ocrx_word' id='word_1_360' title='bbox 2682 931 3068 1003; x_wconf 74' lang='grc' dir='ltr'><strong>μεγαλοδωρεᾷ</strong></span> <span class='ocrx_word' id='word_1_361' title='bbox 3123 932 3216 985; x_wconf 75' lang='grc' dir='ltr'><strong>τοῦ</strong></span> <span class='ocrx_word' id='word_1_362' title='bbox 3276 932 3600 1004; x_wconf 89' lang='grc' dir='ltr'>πνεύματος</span> 
     </span>
    </p>
   </div>
   <div class='ocr_carea' id='block_1_54' title="bbox 2015 1023 3598 1096">
    <p class='ocr_par' dir='ltr' id='par_1_54' title="bbox 2015 1023 3598 1096">
     <span class='ocr_line' id='line_1_54' title="bbox 2015 1023 3598 1096; baseline -0.003 -18"><span class='ocrx_word' id='word_1_363' title='bbox 2015 1025 2099 1078; x_wconf 86' lang='grc' dir='ltr'><strong>ἀεί</strong></span> <span class='ocrx_word' id='word_1_364' title='bbox 2125 1043 2250 1078; x_wconf 88' lang='grc' dir='ltr'>ποτε</span> <span class='ocrx_word' id='word_1_365' title='bbox 2283 1026 2618 1096; x_wconf 79' lang='grc' dir='ltr'>νικωμένην,</span> <span class='ocrx_word' id='word_1_366' title='bbox 2676 1023 2752 1087; x_wconf 83' lang='grc' dir='ltr'><strong>ὡς</strong></span> <span class='ocrx_word' id='word_1_367' title='bbox 2789 1024 2906 1094; x_wconf 78' lang='grc' dir='ltr'>μετ’</span> <span class='ocrx_word' id='word_1_368' title='bbox 2937 1025 2996 1076; x_wconf 84' lang='grc' dir='ltr'><strong>οὑ</strong></span> <span class='ocrx_word' id='word_1_369' title='bbox 3033 1023 3166 1078; x_wconf 69' lang='grc' dir='ltr'>πολὺ</span> <span class='ocrx_word' id='word_1_370' title='bbox 3195 1023 3598 1094; x_wconf 83' lang='grc' dir='ltr'>δηλωθήσεται.</span> 
     </span>
    </p>
   </div>
   <div class='ocr_carea' id='block_1_55' title="bbox 2014 1114 3601 1188">
    <p class='ocr_par' dir='ltr' id='par_1_55' title="bbox 2014 1114 3601 1188">
     <span class='ocr_line' id='line_1_55' title="bbox 2014 1114 3601 1188; baseline -0.003 -16"><span class='ocrx_word' id='word_1_371' title='bbox 2014 1119 2183 1173; x_wconf 77' lang='grc' dir='ltr'>Τοῦτο</span> <span class='ocrx_word' id='word_1_372' title='bbox 2205 1119 2262 1173; x_wconf 81' lang='grc' dir='ltr'><strong>δέ</strong></span> <span class='ocrx_word' id='word_1_373' title='bbox 2301 1119 2528 1181; x_wconf 76' lang='grc' dir='ltr'><strong>εἰκότως</strong></span> <span class='ocrx_word' id='word_1_374' title='bbox 2583 1116 2724 1182; x_wconf 82' lang='grc' dir='ltr'>λίαν,</span> <span class='ocrx_word' id='word_1_375' title='bbox 2752 1117 2848 1170; x_wconf 70' lang='grc' dir='ltr'>καὶ</span> <span class='ocrx_word' id='word_1_376' title='bbox 2873 1119 2986 1181; x_wconf 81' lang='grc' dir='ltr'>τοῖς</span> <span class='ocrx_word' id='word_1_377' title='bbox 3026 1118 3347 1188; x_wconf 81' lang='grc' dir='ltr'><strong>πράγμασιν</strong></span> <span class='ocrx_word' id='word_1_378' title='bbox 3377 1114 3601 1169; x_wconf 81' lang='grc' dir='ltr'>ἀκολού-</span> 
     </span>
    </p>
   </div>
   <div class='ocr_carea' id='block_1_56' title="bbox 2016 1207 3597 1282">
    <p class='ocr_par' dir='ltr' id='par_1_56' title="bbox 2016 1207 3597 1282">
     <span class='ocr_line' id='line_1_56' title="bbox 2016 1207 3597 1282; baseline -0.004 -16"><span class='ocrx_word' id='word_1_379' title='bbox 2016 1210 2142 1276; x_wconf 87' lang='grc' dir='ltr'>θως.</span> <span class='ocrx_word' id='word_1_380' title='bbox 2168 1211 2230 1266; x_wconf 84' lang='grc' dir='ltr'><strong>Εἰ</strong></span> <span class='ocrx_word' id='word_1_381' title='bbox 2265 1212 2373 1282; x_wconf 74' lang='grc' dir='ltr'>γὰρ</span> <span class='ocrx_word' id='word_1_382' title='bbox 2396 1209 2560 1273; x_wconf 76' lang='grc' dir='ltr'>αὐτὸς</span> <span class='ocrx_word' id='word_1_383' title='bbox 2590 1209 2876 1279; x_wconf 80' lang='grc' dir='ltr'>ἄνθρωπος</span> <span class='ocrx_word' id='word_1_384' title='bbox 2916 1209 2991 1261; x_wconf 81' lang='grc' dir='ltr'><strong>ὢν</strong></span> <span class='ocrx_word' id='word_1_385' title='bbox 3017 1208 3322 1279; x_wconf 82' lang='grc' dir='ltr'>ἀνθρώπων</span> <span class='ocrx_word' id='word_1_386' title='bbox 3362 1207 3597 1261; x_wconf 75' lang='grc' dir='ltr'>ἔσπευδε</span> 
     </span>
    </p>
   </div>
   <div class='ocr_carea' id='block_1_57' title="bbox 2014 1298 3598 1373">
    <p class='ocr_par' dir='ltr' id='par_1_57' title="bbox 2014 1298 3598 1373">
     <span class='ocr_line' id='line_1_57' title="bbox 2014 1298 3598 1373; baseline 0.005 -21"><span class='ocrx_word' id='word_1_387' title='bbox 2014 1300 2294 1373; x_wconf 80' lang='grc' dir='ltr'>δεομένων</span> <span class='ocrx_word' id='word_1_388' title='bbox 2335 1298 2697 1372; x_wconf 76' lang='grc' dir='ltr'>ὑπερϐάλλειν</span> <span class='ocrx_word' id='word_1_389' title='bbox 2751 1298 3048 1368; x_wconf 72' lang='grc' dir='ltr'><strong>ἐπιθυμίας</strong></span> <span class='ocrx_word' id='word_1_390' title='bbox 3076 1298 3152 1370; x_wconf 84' lang='grc' dir='ltr'>τῷ</span> <span class='ocrx_word' id='word_1_391' title='bbox 3186 1298 3458 1368; x_wconf 83' lang='grc' dir='ltr'>μεγαλείῳ</span> <span class='ocrx_word' id='word_1_392' title='bbox 3493 1298 3598 1367; x_wconf 84' lang='grc' dir='ltr'>τῆς</span> 
     </span>
    </p>
   </div>
   <div class='ocr_carea' id='block_1_58' title="bbox 2019 1388 3597 1464">
    <p class='ocr_par' dir='ltr' id='par_1_58' title="bbox 2019 1388 3597 1464">
     <span class='ocr_line' id='line_1_58' title="bbox 2019 1388 3597 1464; baseline -0.004 -16"><span class='ocrx_word' id='word_1_393' title='bbox 2019 1393 2426 1464; x_wconf 81' lang='grc' dir='ltr'>προαιρέσεως,</span> <span class='ocrx_word' id='word_1_394' title='bbox 2485 1390 2601 1454; x_wconf 85' lang='grc' dir='ltr'><strong>πῶς</strong></span> <span class='ocrx_word' id='word_1_395' title='bbox 2647 1390 2746 1443; x_wconf 82' lang='grc' dir='ltr'><strong>οὑκ</strong></span> <span class='ocrx_word' id='word_1_396' title='bbox 2797 1388 2988 1459; x_wconf 77' lang='grc' dir='ltr'>ἔμελλε</span> <span class='ocrx_word' id='word_1_397' title='bbox 3051 1389 3216 1442; x_wconf 86' lang='grc' dir='ltr'>πάλιν</span> <span class='ocrx_word' id='word_1_398' title='bbox 3273 1388 3597 1458; x_wconf 78' lang='grc' dir='ltr'>ἀνθρωπίνη</span> 
     </span>
    </p>
   </div>
   <div class='ocr_carea' id='block_1_59' title="bbox 2017 1479 3597 1556">
    <p class='ocr_par' dir='ltr' id='par_1_59' title="bbox 2017 1479 3597 1556">
     <span class='ocr_line' id='line_1_59' title="bbox 2017 1479 3597 1556; baseline -0.003 -17"><span class='ocrx_word' id='word_1_399' title='bbox 2017 1485 2338 1556; x_wconf 88' lang='grc' dir='ltr'>προαίρεσις</span> <span class='ocrx_word' id='word_1_400' title='bbox 2386 1482 2552 1554; x_wconf 86' lang='grc' dir='ltr'>θεῖκῷ</span> <span class='ocrx_word' id='word_1_401' title='bbox 2587 1482 2801 1554; x_wconf 83' lang='grc' dir='ltr'>πλούτῳ</span> <span class='ocrx_word' id='word_1_402' title='bbox 2841 1483 2935 1538; x_wconf 69' lang='grc' dir='ltr'>καὶ</span> <span class='ocrx_word' id='word_1_403' title='bbox 2967 1482 3296 1554; x_wconf 77' lang='grc' dir='ltr'><strong>χρηστότητι</strong></span> <span class='ocrx_word' id='word_1_404' title='bbox 3323 1479 3597 1552; x_wconf 81' lang='grc' dir='ltr'>παρευδο·</span> 
     </span>
    </p>
   </div>
   <div class='ocr_carea' id='block_1_60' title="bbox 2015 1577 2335 1649">
    <p class='ocr_par' dir='ltr' id='par_1_60' title="bbox 2015 1577 2335 1649">
     <span class='ocr_line' id='line_1_60' title="bbox 2015 1577 2335 1649; baseline -0.003 -18"><span class='ocrx_word' id='word_1_405' title='bbox 2015 1577 2295 1649; x_wconf 85' lang='grc' dir='ltr'>κιμεῖσθαι</span> <span class='ocrx_word' id='word_1_406' title='bbox 2319 1594 2335 1643; x_wconf 88' lang='lat'><strong>;</strong></span> 
     </span>
    </p>
   </div>
   <div class='ocr_carea' id='block_1_61' title="bbox 2083 1841 3601 1918">
    <p class='ocr_par' dir='ltr' id='par_1_61' title="bbox 2083 1841 3601 1918">
     <span class='ocr_line' id='line_1_61' title="bbox 2083 1841 3601 1918; baseline -0.005 -17"><span class='ocrx_word' id='word_1_407' title='bbox 2083 1847 2189 1918; x_wconf 89' lang='grc' dir='ltr'><strong>κη’.</strong></span> <span class='ocrx_word' id='word_1_408' title='bbox 2225 1846 2381 1901; x_wconf 79' lang='grc' dir='ltr'>Οὕτω</span> <span class='ocrx_word' id='word_1_409' title='bbox 2418 1847 2472 1900; x_wconf 84' lang='grc' dir='ltr'><strong>δέ</strong></span> <span class='ocrx_word' id='word_1_410' title='bbox 2524 1844 2867 1916; x_wconf 74' lang='grc' dir='ltr'><strong>συμπαθείας</strong></span> <span class='ocrx_word' id='word_1_411' title='bbox 2915 1844 3006 1896; x_wconf 73' lang='grc' dir='ltr'>ἐπὶ</span> <span class='ocrx_word' id='word_1_412' title='bbox 3045 1845 3211 1897; x_wconf 77' lang='grc' dir='ltr'>πᾶσιν</span> <span class='ocrx_word' id='word_1_413' title='bbox 3240 1842 3379 1912; x_wconf 79' lang='grc' dir='ltr'>ἔχων</span> <span class='ocrx_word' id='word_1_414' title='bbox 3408 1841 3601 1904; x_wconf 86' lang='grc' dir='ltr'>ἁπλῶς</span> 
     </span>
    </p>
   </div>
   <div class='ocr_carea' id='block_1_62' title="bbox 2010 1931 3598 2010">
    <p class='ocr_par' dir='ltr' id='par_1_62' title="bbox 2010 1931 3598 2010">
     <span class='ocr_line' id='line_1_62' title="bbox 2010 1931 3598 2010; baseline -0.006 -18"><span class='ocrx_word' id='word_1_415' title='bbox 2010 1941 2126 2002; x_wconf 72' lang='grc' dir='ltr'>τοῖς</span> <span class='ocrx_word' id='word_1_416' title='bbox 2170 1936 2346 2010; x_wconf 72' lang='grc' dir='ltr'>ἐνδεία</span> <span class='ocrx_word' id='word_1_417' title='bbox 2410 1937 2778 2007; x_wconf 76' lang='grc' dir='ltr'><strong>πιεζομένοις,</strong></span> <span class='ocrx_word' id='word_1_418' title='bbox 2825 1935 2903 1989; x_wconf 81' lang='grc' dir='ltr'><strong>ἐτι</strong></span> <span class='ocrx_word' id='word_1_419' title='bbox 2970 1935 3172 2005; x_wconf 83' lang='grc' dir='ltr'>μᾶλλον</span> <span class='ocrx_word' id='word_1_420' title='bbox 3218 1931 3459 1985; x_wconf 74' lang='grc' dir='ltr'>ἐπέτεινε</span> <span class='ocrx_word' id='word_1_421' title='bbox 3494 1932 3598 2003; x_wconf 69' lang='grc' dir='ltr'>τὴν</span> 
     </span>
    </p>
   </div>
   <div class='ocr_carea' id='block_1_63' title="bbox 2015 2026 3596 2102">
    <p class='ocr_par' dir='ltr' id='par_1_63' title="bbox 2015 2026 3596 2102">
     <span class='ocr_line' id='line_1_63' title="bbox 2015 2026 3596 2102; baseline -0.006 -17"><span class='ocrx_word' id='word_1_422' title='bbox 2015 2031 2361 2102; x_wconf 76' lang='grc' dir='ltr'>συμπάθειαν</span> <span class='ocrx_word' id='word_1_423' title='bbox 2408 2033 2493 2100; x_wconf 83' lang='grc' dir='ltr'>ἐφ’</span> <span class='ocrx_word' id='word_1_424' title='bbox 2533 2030 2628 2093; x_wconf 82' lang='grc' dir='ltr'><strong>οὒς</strong></span> <span class='ocrx_word' id='word_1_425' title='bbox 2680 2030 2844 2083; x_wconf 87' lang='grc' dir='ltr'>πάλιν</span> <span class='ocrx_word' id='word_1_426' title='bbox 2873 2029 2934 2082; x_wconf 83' lang='grc' dir='ltr'>τὸ</span> <span class='ocrx_word' id='word_1_427' title='bbox 2972 2027 3232 2097; x_wconf 82' lang='grc' dir='ltr'>δυσχερὲς</span> <span class='ocrx_word' id='word_1_428' title='bbox 3261 2026 3596 2089; x_wconf 79' lang='grc' dir='ltr'>ἐπετείνετο,</span> 
     </span>
    </p>
   </div>
   <div class='ocr_carea' id='block_1_64' title="bbox 2013 2117 3596 2194">
    <p class='ocr_par' dir='ltr' id='par_1_64' title="bbox 2013 2117 3596 2194">
     <span class='ocr_line' id='line_1_64' title="bbox 2013 2117 3596 2194; baseline -0.006 -17"><span class='ocrx_word' id='word_1_429' title='bbox 2013 2125 2105 2178; x_wconf 73' lang='grc' dir='ltr'>καὶ</span> <span class='ocrx_word' id='word_1_430' title='bbox 2161 2123 2296 2194; x_wconf 81' lang='grc' dir='ltr'>μετᾶ</span> <span class='ocrx_word' id='word_1_431' title='bbox 2333 2123 2430 2191; x_wconf 78' lang='grc' dir='ltr'>τῆς</span> <span class='ocrx_word' id='word_1_432' title='bbox 2491 2121 2698 2185; x_wconf 76' lang='grc' dir='ltr'>ἐνδείας</span> <span class='ocrx_word' id='word_1_433' title='bbox 2725 2121 2805 2174; x_wconf 82' lang='grc' dir='ltr'><strong>ἐτι</strong></span> <span class='ocrx_word' id='word_1_434' title='bbox 2856 2121 2950 2176; x_wconf 67' lang='grc' dir='ltr'>τιαλ.</span> <span class='ocrx_word' id='word_1_435' title='bbox 2983 2121 3155 2182; x_wconf 79' lang='grc' dir='ltr'>νόσος,</span> <span class='ocrx_word' id='word_1_436' title='bbox 3195 2120 3227 2188; x_wconf 78' lang='grc' dir='ltr'>ἦ</span> <span class='ocrx_word' id='word_1_437' title='bbox 3265 2117 3440 2187; x_wconf 86' lang='grc' dir='ltr'>μελῶν</span> <span class='ocrx_word' id='word_1_438' title='bbox 3484 2117 3596 2185; x_wconf 82' lang='grc' dir='ltr'><strong>πή-</strong></span> 
     </span>
    </p>
   </div>
   <div class='ocr_carea' id='block_1_65' title="bbox 2015 2205 3598 2288">
    <p class='ocr_par' dir='ltr' id='par_1_65' title="bbox 2015 2205 3598 2288">
     <span class='ocr_line' id='line_1_65' title="bbox 2015 2205 3598 2288; baseline -0.008 -20"><span class='ocrx_word' id='word_1_439' title='bbox 2015 2233 2184 2288; x_wconf 85' lang='grc' dir='ltr'>ρωσις</span> <span class='ocrx_word' id='word_1_440' title='bbox 2215 2212 2490 2284; x_wconf 76' lang='grc' dir='ltr'>τρύχουσα</span> <span class='ocrx_word' id='word_1_441' title='bbox 2518 2207 2608 2281; x_wconf 79' lang='grc' dir='ltr'>ἦν,</span> <span class='ocrx_word' id='word_1_442' title='bbox 2641 2210 2734 2263; x_wconf 77' lang='grc' dir='ltr'>καὶ</span> <span class='ocrx_word' id='word_1_443' title='bbox 2779 2210 2914 2278; x_wconf 87' lang='grc' dir='ltr'>αὑτή</span> <span class='ocrx_word' id='word_1_444' title='bbox 2941 2225 3004 2276; x_wconf 90' lang='grc' dir='ltr'><strong>γε</strong></span> <span class='ocrx_word' id='word_1_445' title='bbox 3037 2211 3068 2278; x_wconf 75' lang='grc' dir='ltr'><strong>ἡ</strong></span> <span class='ocrx_word' id='word_1_446' title='bbox 3109 2209 3230 2277; x_wconf 71' lang='grc' dir='ltr'>ἱερὰ</span> <span class='ocrx_word' id='word_1_447' title='bbox 3252 2208 3310 2259; x_wconf 60' lang='grc' dir='ltr'>τι</span> <span class='ocrx_word' id='word_1_448' title='bbox 3351 2205 3598 2277; x_wconf 78' lang='grc' dir='ltr'>βαρύτα-</span> 
     </span>
    </p>
   </div>
   <div class='ocr_carea' id='block_1_66' title="bbox 2009 2296 3599 2378">
    <p class='ocr_par' dir='ltr' id='par_1_66' title="bbox 2009 2296 3599 2378">
     <span class='ocr_line' id='line_1_66' title="bbox 2009 2296 3599 2378; baseline -0.008 -17"><span class='ocrx_word' id='word_1_449' title='bbox 2009 2326 2122 2361; x_wconf 84' lang='grc' dir='ltr'>τον.</span> <span class='ocrx_word' id='word_1_450' title='bbox 2153 2306 2341 2378; x_wconf 76' lang='grc' dir='ltr'>Ταύτῃ</span> <span class='ocrx_word' id='word_1_451' title='bbox 2369 2321 2447 2358; x_wconf 88' lang='grc' dir='ltr'><strong>τοι</strong></span> <span class='ocrx_word' id='word_1_452' title='bbox 2481 2304 2574 2357; x_wconf 64' lang='grc' dir='ltr'>καὶ</span> <span class='ocrx_word' id='word_1_453' title='bbox 2599 2299 2665 2375; x_wconf 77' lang='grc' dir='ltr'>ἦν</span> <span class='ocrx_word' id='word_1_454' title='bbox 2693 2302 2970 2372; x_wconf 67' lang='grc' dir='ltr'>ὀφθαλμὸς</span> <span class='ocrx_word' id='word_1_455' title='bbox 3015 2301 3114 2370; x_wconf 80' lang='grc' dir='ltr'>μὲν</span> <span class='ocrx_word' id='word_1_456' title='bbox 3169 2298 3410 2368; x_wconf 69' lang='grc' dir='ltr'>τυφλῶν,</span> <span class='ocrx_word' id='word_1_457' title='bbox 3456 2296 3599 2358; x_wconf 81' lang='grc' dir='ltr'>ποῦς</span> 
     </span>
    </p>
   </div>
   <div class='ocr_carea' id='block_1_67' title="bbox 2011 2394 3599 2470">
    <p class='ocr_par' dir='ltr' id='par_1_67' title="bbox 2011 2394 3599 2470">
     <span class='ocr_line' id='line_1_67' title="bbox 2011 2394 3599 2470; baseline -0.008 -15"><span class='ocrx_word' id='word_1_458' title='bbox 2011 2401 2066 2455; x_wconf 81' lang='grc' dir='ltr'><strong>δὲ</strong></span> <span class='ocrx_word' id='word_1_459' title='bbox 2093 2399 2305 2470; x_wconf 79' lang='grc' dir='ltr'>χωλῶν,</span> <span class='ocrx_word' id='word_1_460' title='bbox 2372 2397 2638 2468; x_wconf 67' lang='grc' dir='ltr'>ἀμφίασις</span> <span class='ocrx_word' id='word_1_461' title='bbox 2695 2395 2941 2466; x_wconf 80' lang='grc' dir='ltr'>γυμνῶν,</span> <span class='ocrx_word' id='word_1_462' title='bbox 2976 2394 3222 2460; x_wconf 77' lang='grc' dir='ltr'>ἀστέγων</span> <span class='ocrx_word' id='word_1_463' title='bbox 3258 2394 3462 2459; x_wconf 78' lang='grc' dir='ltr'>σκέπη,</span> <span class='ocrx_word' id='word_1_464' title='bbox 3505 2407 3599 2442; x_wconf 75' lang='grc' dir='ltr'>νο-</span> 
     </span>
    </p>
   </div>
   <div class='ocr_carea' id='block_1_68' title="bbox 2013 2479 3599 2558">
    <p class='ocr_par' dir='ltr' id='par_1_68' title="bbox 2013 2479 3599 2558">
     <span class='ocr_line' id='line_1_68' title="bbox 2013 2479 3599 2558; baseline -0.009 -15"><span class='ocrx_word' id='word_1_465' title='bbox 2013 2491 2251 2543; x_wconf 86' lang='grc' dir='ltr'>σούντων</span> <span class='ocrx_word' id='word_1_466' title='bbox 2319 2487 2521 2558; x_wconf 76' lang='grc' dir='ltr'>ἰατρὸς,</span> <span class='ocrx_word' id='word_1_467' title='bbox 2580 2485 2833 2556; x_wconf 74' lang='grc' dir='ltr'>χορηγὸς,</span> <span class='ocrx_word' id='word_1_468' title='bbox 2874 2483 3167 2552; x_wconf 77' lang='grc' dir='ltr'>ὑπουργὸς,</span> <span class='ocrx_word' id='word_1_469' title='bbox 3193 2479 3599 2548; x_wconf 71' lang='grc' dir='ltr'>οίκέτης,πᾶσι</span> 
     </span>
    </p>
   </div>
   <div class='ocr_carea' id='block_1_69' title="bbox 2013 2569 3598 2646">
    <p class='ocr_par' dir='ltr' id='par_1_69' title="bbox 2013 2569 3598 2646">
     <span class='ocr_line' id='line_1_69' title="bbox 2013 2569 3598 2646; baseline -0.009 -10"><span class='ocrx_word' id='word_1_470' title='bbox 2013 2583 2190 2636; x_wconf 83' lang='grc' dir='ltr'>πάντα</span> <span class='ocrx_word' id='word_1_471' title='bbox 2241 2579 2411 2633; x_wconf 79' lang='grc' dir='ltr'>διὰτὸ</span> <span class='ocrx_word' id='word_1_472' title='bbox 2444 2578 2629 2646; x_wconf 81' lang='grc' dir='ltr'>περιὸν</span> <span class='ocrx_word' id='word_1_473' title='bbox 2693 2576 2792 2646; x_wconf 78' lang='grc' dir='ltr'>τῆς</span> <span class='ocrx_word' id='word_1_474' title='bbox 2846 2572 3254 2644; x_wconf 76' lang='grc' dir='ltr'>φιλανθρωπίας</span> <span class='ocrx_word' id='word_1_475' title='bbox 3277 2569 3598 2640; x_wconf 81' lang='grc' dir='ltr'>γενόμενος,</span> 
     </span>
    </p>
   </div>
   <div class='ocr_carea' id='block_1_70' title="bbox 2011 2662 3598 2742">
    <p class='ocr_par' dir='ltr' id='par_1_70' title="bbox 2011 2662 3598 2742">
     <span class='ocr_line' id='line_1_70' title="bbox 2011 2662 3598 2742; baseline -0.009 -16"><span class='ocrx_word' id='word_1_476' title='bbox 2011 2673 2224 2742; x_wconf 80' lang='grc' dir='ltr'>αἵματα</span> <span class='ocrx_word' id='word_1_477' title='bbox 2290 2669 2530 2735; x_wconf 79' lang='grc' dir='ltr'>πλύνων,</span> <span class='ocrx_word' id='word_1_478' title='bbox 2582 2667 2871 2738; x_wconf 85' lang='grc' dir='ltr'>τραύματα</span> <span class='ocrx_word' id='word_1_479' title='bbox 2900 2666 3200 2734; x_wconf 80' lang='grc' dir='ltr'>καθαίρων,</span> <span class='ocrx_word' id='word_1_480' title='bbox 3227 2662 3377 2733; x_wconf 76' lang='grc' dir='ltr'>χείλη</span> <span class='ocrx_word' id='word_1_481' title='bbox 3417 2677 3598 2732; x_wconf 82' lang='grc' dir='ltr'>προσ-</span> 
     </span>
    </p>
   </div>
   <div class='ocr_carea' id='block_1_71' title="bbox 2009 2755 3601 2834">
    <p class='ocr_par' dir='ltr' id='par_1_71' title="bbox 2009 2755 3601 2834">
     <span class='ocr_line' id='line_1_71' title="bbox 2009 2755 3601 2834; baseline -0.01 -14"><span class='ocrx_word' id='word_1_482' title='bbox 2009 2768 2158 2833; x_wconf 88' lang='grc' dir='ltr'>άγων</span> <span class='ocrx_word' id='word_1_483' title='bbox 2209 2764 2415 2834; x_wconf 84' lang='grc' dir='ltr'>χείλεσι</span> <span class='ocrx_word' id='word_1_484' title='bbox 2474 2762 2583 2813; x_wconf 83' lang='grc' dir='ltr'><strong>τῶν</strong></span> <span class='ocrx_word' id='word_1_485' title='bbox 2625 2759 2721 2831; x_wconf 79' lang='grc' dir='ltr'>τὴν</span> <span class='ocrx_word' id='word_1_486' title='bbox 2775 2759 2955 2830; x_wconf 81' lang='grc' dir='ltr'>σάρκα</span> <span class='ocrx_word' id='word_1_487' title='bbox 3015 2755 3447 2826; x_wconf 79' lang='grc' dir='ltr'>λελωϐημένων,</span> <span class='ocrx_word' id='word_1_488' title='bbox 3499 2755 3601 2805; x_wconf 72' lang='grc' dir='ltr'>καὶ</span> 
     </span>
    </p>
   </div>
   <div class='ocr_carea' id='block_1_72' title="bbox 2008 2847 3601 2922">
    <p class='ocr_par' dir='ltr' id='par_1_72' title="bbox 2008 2847 3601 2922">
     <span class='ocr_line' id='line_1_72' title="bbox 2008 2847 3601 2922; baseline -0.007 -13"><span class='ocrx_word' id='word_1_489' title='bbox 2008 2857 2154 2910; x_wconf 76' lang='grc' dir='ltr'>οὑτω</span> <span class='ocrx_word' id='word_1_490' title='bbox 2207 2855 2328 2907; x_wconf 81' lang='grc' dir='ltr'>λίαν</span> <span class='ocrx_word' id='word_1_491' title='bbox 2375 2852 2556 2922; x_wconf 80' lang='grc' dir='ltr'>σοφῶς</span> <span class='ocrx_word' id='word_1_492' title='bbox 2615 2851 2858 2914; x_wconf 76' lang='grc' dir='ltr'>ἐκείνους</span> <span class='ocrx_word' id='word_1_493' title='bbox 2918 2847 3438 2920; x_wconf 83' lang='grc' dir='ltr'>παραμυθούμενος,</span> <span class='ocrx_word' id='word_1_494' title='bbox 3497 2848 3601 2898; x_wconf 73' lang='grc' dir='ltr'>καὶ</span> 
     </span>
    </p>
   </div>
   <div class='ocr_carea' id='block_1_73' title="bbox 2010 2938 3602 3018">
    <p class='ocr_par' dir='ltr' id='par_1_73' title="bbox 2010 2938 3602 3018">
     <span class='ocr_line' id='line_1_73' title="bbox 2010 2938 3602 3018; baseline -0.008 -16"><span class='ocrx_word' id='word_1_495' title='bbox 2010 2949 2214 3002; x_wconf 85' lang='grc' dir='ltr'>πείθων</span> <span class='ocrx_word' id='word_1_496' title='bbox 2244 2947 2434 3018; x_wconf 78' lang='grc' dir='ltr'>πρᾴως</span> <span class='ocrx_word' id='word_1_497' title='bbox 2463 2945 2650 3016; x_wconf 77' lang='grc' dir='ltr'>φέρειν</span> <span class='ocrx_word' id='word_1_498' title='bbox 2684 2945 2782 3014; x_wconf 81' lang='grc' dir='ltr'>τὴν</span> <span class='ocrx_word' id='word_1_499' title='bbox 2842 2943 3148 3014; x_wconf 64' lang='grc' dir='ltr'>συμςορὰν,</span> <span class='ocrx_word' id='word_1_500' title='bbox 3183 2940 3261 3008; x_wconf 82' lang='grc' dir='ltr'>τῷ</span> <span class='ocrx_word' id='word_1_501' title='bbox 3298 2938 3602 3009; x_wconf 80' lang='grc' dir='ltr'>γινώσκειν</span> 
     </span>
    </p>
   </div>
   <div class='ocr_carea' id='block_1_74' title="bbox 2009 3031 3604 3109">
    <p class='ocr_par' dir='ltr' id='par_1_74' title="bbox 2009 3031 3604 3109">
     <span class='ocr_line' id='line_1_74' title="bbox 2009 3031 3604 3109; baseline -0.008 -13"><span class='ocrx_word' id='word_1_502' title='bbox 2009 3042 2239 3103; x_wconf 74' lang='grc' dir='ltr'>ἐαυτοῦς</span> <span class='ocrx_word' id='word_1_503' title='bbox 2277 3039 2360 3092; x_wconf 77' lang='grc' dir='ltr'>ὅτι</span> <span class='ocrx_word' id='word_1_504' title='bbox 2417 3040 2492 3109; x_wconf 77' lang='grc' dir='ltr'>μὴ</span> <span class='ocrx_word' id='word_1_505' title='bbox 2547 3039 2706 3108; x_wconf 85' lang='grc' dir='ltr'>μόνον</span> <span class='ocrx_word' id='word_1_506' title='bbox 2757 3037 2857 3089; x_wconf 79' lang='grc' dir='ltr'><strong>οὐκ</strong></span> <span class='ocrx_word' id='word_1_507' title='bbox 2911 3035 3265 3106; x_wconf 67' lang='grc' dir='ltr'>ἀποστροφῆς</span> <span class='ocrx_word' id='word_1_508' title='bbox 3324 3032 3464 3097; x_wconf 79' lang='grc' dir='ltr'>ἄξιοι</span> <span class='ocrx_word' id='word_1_509' title='bbox 3524 3031 3604 3084; x_wconf 82' lang='grc' dir='ltr'><strong>δι’</strong></span> 
     </span>
    </p>
   </div>
   <div class='ocr_carea' id='block_1_75' title="bbox 2008 3121 3601 3202">
    <p class='ocr_par' dir='ltr' id='par_1_75' title="bbox 2008 3121 3601 3202">
     <span class='ocr_line' id='line_1_75' title="bbox 2008 3121 3601 3202; baseline -0.008 -16"><span class='ocrx_word' id='word_1_510' title='bbox 2008 3133 2044 3186; x_wconf 81' lang='grc' dir='ltr'><strong>ἀ</strong></span> <span class='ocrx_word' id='word_1_511' title='bbox 2081 3133 2348 3202; x_wconf 77' lang='grc' dir='ltr'>πάσχουσι</span> <span class='ocrx_word' id='word_1_512' title='bbox 2374 3130 2632 3199; x_wconf 84' lang='grc' dir='ltr'>γίνονται,</span> <span class='ocrx_word' id='word_1_513' title='bbox 2683 3127 2820 3181; x_wconf 86' lang='grc' dir='ltr'><strong>ἀλλά</strong></span> <span class='ocrx_word' id='word_1_514' title='bbox 2858 3128 2948 3181; x_wconf 68' lang='grc' dir='ltr'>καὶ</span> <span class='ocrx_word' id='word_1_515' title='bbox 2985 3123 3337 3198; x_wconf 74' lang='grc' dir='ltr'>μακαρισμοῦ</span> <span class='ocrx_word' id='word_1_516' title='bbox 3387 3121 3601 3194; x_wconf 82' lang='grc' dir='ltr'>μᾶλλον</span> 
     </span>
    </p>
   </div>
   <div class='ocr_carea' id='block_1_76' title="bbox 2015 3215 3600 3294">
    <p class='ocr_par' dir='ltr' id='par_1_76' title="bbox 2015 3215 3600 3294">
     <span class='ocr_line' id='line_1_76' title="bbox 2015 3215 3600 3294; baseline -0.007 -16"><span class='ocrx_word' id='word_1_517' title='bbox 2015 3227 2110 3279; x_wconf 77' lang='grc' dir='ltr'>καὶ</span> <span class='ocrx_word' id='word_1_518' title='bbox 2140 3223 2434 3294; x_wconf 73' lang='grc' dir='ltr'>ἀσπασμοῦ</span> <span class='ocrx_word' id='word_1_519' title='bbox 2484 3225 2594 3285; x_wconf 84' lang='grc' dir='ltr'>τοῖς</span> <span class='ocrx_word' id='word_1_520' title='bbox 2619 3237 2682 3290; x_wconf 83' lang='grc' dir='ltr'><strong>γε</strong></span> <span class='ocrx_word' id='word_1_521' title='bbox 2716 3221 2841 3274; x_wconf 80' lang='grc' dir='ltr'>νοῦν</span> <span class='ocrx_word' id='word_1_522' title='bbox 2881 3223 3118 3291; x_wconf 79' lang='grc' dir='ltr'>ἔχουσιν.</span> <span class='ocrx_word' id='word_1_523' title='bbox 3152 3219 3226 3272; x_wconf 88' lang='grc' dir='ltr'>Ού</span> <span class='ocrx_word' id='word_1_524' title='bbox 3265 3218 3370 3289; x_wconf 79' lang='grc' dir='ltr'>μὴν</span> <span class='ocrx_word' id='word_1_525' title='bbox 3398 3215 3600 3270; x_wconf 85' lang='grc' dir='ltr'>παθὼν</span> 
     </span>
    </p>
   </div>
   <div class='ocr_carea' id='block_1_77' title="bbox 2015 3305 3604 3384">
    <p class='ocr_par' dir='ltr' id='par_1_77' title="bbox 2015 3305 3604 3384">
     <span class='ocr_line' id='line_1_77' title="bbox 2015 3305 3604 3384; baseline -0.007 -14"><span class='ocrx_word' id='word_1_526' title='bbox 2015 3318 2075 3370; x_wconf 75' lang='grc' dir='ltr'>τὸ</span> <span class='ocrx_word' id='word_1_527' title='bbox 2123 3316 2232 3370; x_wconf 84' lang='grc' dir='ltr'><strong>τῶν</strong></span> <span class='ocrx_word' id='word_1_528' title='bbox 2283 3315 2498 3368; x_wconf 83' lang='grc' dir='ltr'>πολλῶν</span> <span class='ocrx_word' id='word_1_529' title='bbox 2544 3312 2912 3384; x_wconf 73' lang='grc' dir='ltr'>ὑπεροπτικὸν</span> <span class='ocrx_word' id='word_1_530' title='bbox 2963 3313 3058 3366; x_wconf 67' lang='grc' dir='ltr'>καὶ</span> <span class='ocrx_word' id='word_1_531' title='bbox 3116 3310 3443 3377; x_wconf 79' lang='grc' dir='ltr'>ἀνάλγητον,</span> <span class='ocrx_word' id='word_1_532' title='bbox 3500 3305 3604 3368; x_wconf 80' lang='grc' dir='ltr'>οὓς</span> 
     </span>
    </p>
   </div>
   <div class='ocr_carea' id='block_1_78' title="bbox 2014 3401 3600 3479">
    <p class='ocr_par' dir='ltr' id='par_1_78' title="bbox 2014 3401 3600 3479">
     <span class='ocr_line' id='line_1_78' title="bbox 2014 3401 3600 3479; baseline -0.006 -17"><span class='ocrx_word' id='word_1_533' title='bbox 2014 3409 2132 3463; x_wconf 75' lang='grc' dir='ltr'>δέον</span> <span class='ocrx_word' id='word_1_534' title='bbox 2185 3410 2241 3460; x_wconf 83' lang='grc' dir='ltr'><strong>ἐν</strong></span> <span class='ocrx_word' id='word_1_535' title='bbox 2263 3412 2328 3479; x_wconf 76' lang='grc' dir='ltr'>τῇ</span> <span class='ocrx_word' id='word_1_536' title='bbox 2379 3408 2517 3476; x_wconf 72' lang='grc' dir='ltr'>πρὸς</span> <span class='ocrx_word' id='word_1_537' title='bbox 2549 3408 2678 3468; x_wconf 73' lang='grc' dir='ltr'>τοὺς</span> <span class='ocrx_word' id='word_1_538' title='bbox 2732 3405 3001 3474; x_wconf 62' lang='grc' dir='ltr'>ἀδελφοὺς</span> <span class='ocrx_word' id='word_1_539' title='bbox 3031 3403 3367 3473; x_wconf 78' lang='grc' dir='ltr'>συμπαθείᾳ,</span> <span class='ocrx_word' id='word_1_540' title='bbox 3399 3402 3459 3454; x_wconf 79' lang='grc' dir='ltr'>τὸ</span> <span class='ocrx_word' id='word_1_541' title='bbox 3496 3401 3600 3454; x_wconf 72' lang='grc' dir='ltr'>τοῦ</span> 
     </span>
    </p>
   </div>
   <div class='ocr_carea' id='block_1_79' title="bbox 2013 3495 3603 3570">
    <p class='ocr_par' dir='ltr' id='par_1_79' title="bbox 2013 3495 3603 3570">
     <span class='ocr_line' id='line_1_79' title="bbox 2013 3495 3603 3570; baseline -0.006 -18"><span class='ocrx_word' id='word_1_542' title='bbox 2013 3499 2150 3553; x_wconf 89' lang='grc' dir='ltr'><strong>Θεοῦ</strong></span> <span class='ocrx_word' id='word_1_543' title='bbox 2184 3497 2423 3570; x_wconf 76' lang='grc' dir='ltr'>χρηστὸν</span> <span class='ocrx_word' id='word_1_544' title='bbox 2461 3498 2675 3560; x_wconf 80' lang='grc' dir='ltr'>ἐαυτοίς</span> <span class='ocrx_word' id='word_1_545' title='bbox 2727 3496 3126 3567; x_wconf 85' lang='grc' dir='ltr'>μνηστεύεσθαι</span> <span class='ocrx_word' id='word_1_546' title='bbox 3160 3497 3250 3548; x_wconf 70' lang='grc' dir='ltr'>καὶ</span> <span class='ocrx_word' id='word_1_547' title='bbox 3283 3495 3473 3564; x_wconf 49' lang='lat' dir='ltr'><strong>(posse</strong></span> <span class='ocrx_word' id='word_1_548' title='bbox 3487 3511 3562 3562; x_wconf 70' lang='grc' dir='ltr'>ρο)</span> <span class='ocrx_word' id='word_1_549' title='bbox 3586 3525 3603 3535; x_wconf 84' lang='grc'><strong>-</strong></span> 
     </span>
    </p>
   </div>
   <div class='ocr_carea' id='block_1_80' title="bbox 2021 3587 3605 3661">
    <p class='ocr_par' dir='ltr' id='par_1_80' title="bbox 2021 3587 3605 3661">
     <span class='ocr_line' id='line_1_80' title="bbox 2021 3587 3605 3661; baseline -0.006 -15"><span class='ocrx_word' id='word_1_550' title='bbox 2021 3611 2144 3657; x_wconf 85' lang='grc' dir='ltr'>πον,</span> <span class='ocrx_word' id='word_1_551' title='bbox 2169 3594 2217 3644; x_wconf 83' lang='grc' dir='ltr'>οἱ</span> <span class='ocrx_word' id='word_1_552' title='bbox 2249 3592 2326 3654; x_wconf 82' lang='grc' dir='ltr'><strong>δὲ,</strong></span> <span class='ocrx_word' id='word_1_553' title='bbox 2361 3589 2407 3643; x_wconf 74' lang='grc' dir='ltr'>ὦ</span> <span class='ocrx_word' id='word_1_554' title='bbox 2432 3591 2530 3660; x_wconf 80' lang='grc' dir='ltr'>τῆς</span> <span class='ocrx_word' id='word_1_555' title='bbox 2557 3590 2953 3661; x_wconf 81' lang='grc' dir='ltr'>ἀπανθρωπίας</span> <span class='ocrx_word' id='word_1_556' title='bbox 2978 3590 2992 3644; x_wconf 95' lang='lat' dir='ltr'><strong>l</strong></span> <span class='ocrx_word' id='word_1_557' title='bbox 3025 3587 3199 3653; x_wconf 78' lang='grc' dir='ltr'>οὑτως</span> <span class='ocrx_word' id='word_1_558' title='bbox 3236 3589 3373 3642; x_wconf 75' lang='grc' dir='ltr'>εἰσὶν</span> <span class='ocrx_word' id='word_1_559' title='bbox 3400 3587 3605 3656; x_wconf 63' lang='grc' dir='ltr'><strong>ὑψηῖοέ</strong></span> 
     </span>
    </p>
   </div>
   <div class='ocr_carea' id='block_1_81' title="bbox 2013 3681 3604 3755">
    <p class='ocr_par' dir='ltr' id='par_1_81' title="bbox 2013 3681 3604 3755">
     <span class='ocr_line' id='line_1_81' title="bbox 2013 3681 3604 3755; baseline -0.005 -17"><span class='ocrx_word' id='word_1_560' title='bbox 2013 3703 2074 3738; x_wconf 85' lang='grc' dir='ltr'><strong>τε</strong></span> <span class='ocrx_word' id='word_1_561' title='bbox 2143 3687 2239 3738; x_wconf 72' lang='grc' dir='ltr'>καὶ</span> <span class='ocrx_word' id='word_1_562' title='bbox 2294 3685 2730 3755; x_wconf 85' lang='grc' dir='ltr'>μεγαλόφρονες,</span> <span class='ocrx_word' id='word_1_563' title='bbox 2779 3683 2812 3753; x_wconf 80' lang='grc' dir='ltr'><strong>ἢ</strong></span> <span class='ocrx_word' id='word_1_564' title='bbox 2860 3681 3095 3751; x_wconf 77' lang='grc' dir='ltr'>τάληθὲς</span> <span class='ocrx_word' id='word_1_565' title='bbox 3166 3682 3366 3751; x_wconf 83' lang='grc' dir='ltr'>μᾶλλον</span> <span class='ocrx_word' id='word_1_566' title='bbox 3417 3682 3604 3732; x_wconf 63' lang='lat' dir='ltr'><strong>alte?)</strong></span> 
     </span>
    </p>
   </div>
   <div class='ocr_carea' id='block_1_82' title="bbox 2011 3773 3604 3848">
    <p class='ocr_par' dir='ltr' id='par_1_82' title="bbox 2011 3773 3604 3848">
     <span class='ocr_line' id='line_1_82' title="bbox 2011 3773 3604 3848; baseline -0.003 -20"><span class='ocrx_word' id='word_1_567' title='bbox 2011 3777 2261 3848; x_wconf 82' lang='grc' dir='ltr'>φίλαυτοι</span> <span class='ocrx_word' id='word_1_568' title='bbox 2330 3776 2602 3846; x_wconf 82' lang='grc' dir='ltr'>περιττῶς</span> <span class='ocrx_word' id='word_1_569' title='bbox 2653 3774 2751 3828; x_wconf 75' lang='grc' dir='ltr'>καὶ</span> <span class='ocrx_word' id='word_1_570' title='bbox 2811 3775 3162 3846; x_wconf 69' lang='grc' dir='ltr'>μικρόψυχοι,</span> <span class='ocrx_word' id='word_1_571' title='bbox 3214 3776 3290 3838; x_wconf 83' lang='grc' dir='ltr'><strong>ὡς</strong></span> <span class='ocrx_word' id='word_1_572' title='bbox 3326 3773 3604 3844; x_wconf 79' lang='grc' dir='ltr'>μὴμόνον</span> 
     </span>
    </p>
   </div>
   <div class='ocr_carea' id='block_1_83' title="bbox 2019 3865 3600 3940">
    <p class='ocr_par' dir='ltr' id='par_1_83' title="bbox 2019 3865 3600 3940">
     <span class='ocr_line' id='line_1_83' title="bbox 2019 3865 3600 3940; baseline -0.004 -19"><span class='ocrx_word' id='word_1_573' title='bbox 2019 3869 2093 3940; x_wconf 81' lang='grc' dir='ltr'>μὴ</span> <span class='ocrx_word' id='word_1_574' title='bbox 2121 3868 2441 3938; x_wconf 82' lang='grc' dir='ltr'>προσίεσθαι</span> <span class='ocrx_word' id='word_1_575' title='bbox 2463 3867 2710 3934; x_wconf 75' lang='grc' dir='ltr'>τούτους,</span> <span class='ocrx_word' id='word_1_576' title='bbox 2733 3867 2868 3921; x_wconf 83' lang='grc' dir='ltr'><strong>ἀλλά</strong></span> <span class='ocrx_word' id='word_1_577' title='bbox 2892 3869 2986 3920; x_wconf 73' lang='grc' dir='ltr'>καὶ</span> <span class='ocrx_word' id='word_1_578' title='bbox 3012 3869 3144 3939; x_wconf 80' lang='grc' dir='ltr'>ὁρᾷν</span> <span class='ocrx_word' id='word_1_579' title='bbox 3170 3868 3244 3938; x_wconf 83' lang='grc' dir='ltr'>μὴ</span> <span class='ocrx_word' id='word_1_580' title='bbox 3274 3865 3600 3934; x_wconf 69' lang='grc' dir='ltr'>ἀνέχεσθαι,</span> 
     </span>
    </p>
   </div>
   <div class='ocr_carea' id='block_1_84' title="bbox 2016 3955 3604 4026">
    <p class='ocr_par' dir='ltr' id='par_1_84' title="bbox 2016 3955 3604 4026">
     <span class='ocr_line' id='line_1_84' title="bbox 2016 3955 3604 4026; baseline -0.001 -17"><span class='ocrx_word' id='word_1_581' title='bbox 2016 3956 2272 4025; x_wconf 83' lang='grc' dir='ltr'>καθάπερ</span> <span class='ocrx_word' id='word_1_582' title='bbox 2323 3955 2444 4008; x_wconf 88' lang='grc' dir='ltr'><strong>οὑδέ</strong></span> <span class='ocrx_word' id='word_1_583' title='bbox 2511 3955 2818 4025; x_wconf 82' lang='grc' dir='ltr'>μεμνῆσθαι</span> <span class='ocrx_word' id='word_1_584' title='bbox 2887 3955 3222 4026; x_wconf 78' lang='grc' dir='ltr'>βουλόμενοι,</span> <span class='ocrx_word' id='word_1_585' title='bbox 3283 3955 3397 4009; x_wconf 75' lang='grc' dir='ltr'>οὗθ’</span> <span class='ocrx_word' id='word_1_586' title='bbox 3457 3957 3604 4018; x_wconf 79' lang='grc' dir='ltr'>ὅλως</span> 
     </span>
    </p>
   </div>
   <div class='ocr_carea' id='block_1_85' title="bbox 2013 4048 3605 4121">
    <p class='ocr_par' dir='ltr' id='par_1_85' title="bbox 2013 4048 3605 4121">
     <span class='ocr_line' id='line_1_85' title="bbox 2013 4048 3605 4121; baseline -0.003 -17"><span class='ocrx_word' id='word_1_587' title='bbox 2013 4051 2235 4117; x_wconf 82' lang='grc' dir='ltr'>εἰδέναι,</span> <span class='ocrx_word' id='word_1_588' title='bbox 2266 4052 2349 4103; x_wconf 86' lang='grc' dir='ltr'>ὃτι</span> <span class='ocrx_word' id='word_1_589' title='bbox 2390 4049 2484 4102; x_wconf 78' lang='grc' dir='ltr'>καὶ</span> <span class='ocrx_word' id='word_1_590' title='bbox 2525 4050 2709 4113; x_wconf 83' lang='grc' dir='ltr'>αὑτοῖς</span> <span class='ocrx_word' id='word_1_591' title='bbox 2741 4050 2944 4121; x_wconf 84' lang='grc' dir='ltr'>σάρκες</span> <span class='ocrx_word' id='word_1_592' title='bbox 2981 4051 3087 4103; x_wconf 77' lang='grc' dir='ltr'>είσὶ</span> <span class='ocrx_word' id='word_1_593' title='bbox 3128 4049 3394 4112; x_wconf 83' lang='grc' dir='ltr'>τοιούτοις</span> <span class='ocrx_word' id='word_1_594' title='bbox 3426 4048 3605 4102; x_wconf 78' lang='grc' dir='ltr'>πάθε-</span> 
     </span>
    </p>
   </div>
   <div class='ocr_carea' id='block_1_86' title="bbox 2010 4135 3597 4214">
    <p class='ocr_par' dir='ltr' id='par_1_86' title="bbox 2010 4135 3597 4214">
     <span class='ocr_line' id='line_1_86' title="bbox 2010 4135 3597 4214; baseline -0.003 -18"><span class='ocrx_word' id='word_1_595' title='bbox 2010 4159 2095 4196; x_wconf 88' lang='grc' dir='ltr'><strong>σιν</strong></span> <span class='ocrx_word' id='word_1_596' title='bbox 2124 4142 2516 4213; x_wconf 80' lang='grc' dir='ltr'>ὑποκείμεναι.</span> <span class='ocrx_word' id='word_1_597' title='bbox 2551 4141 2695 4196; x_wconf 80' lang='grc' dir='ltr'>Ἀλλ’</span> <span class='ocrx_word' id='word_1_598' title='bbox 2725 4142 2822 4212; x_wconf 84' lang='grc' dir='ltr'><strong>οὑχ</strong></span> <span class='ocrx_word' id='word_1_599' title='bbox 2855 4145 2883 4197; x_wconf 90' lang='grc' dir='ltr'><strong>ό</strong></span> <span class='ocrx_word' id='word_1_600' title='bbox 2911 4142 3184 4214; x_wconf 86' lang='grc' dir='ltr'>μακάριος</span> <span class='ocrx_word' id='word_1_601' title='bbox 3211 4135 3368 4206; x_wconf 73' lang='grc' dir='ltr'>οὗτος</span> <span class='ocrx_word' id='word_1_602' title='bbox 3395 4139 3597 4204; x_wconf 79' lang='grc' dir='ltr'>οὕτως,</span> 
     </span>
    </p>
   </div>
   <div class='ocr_carea' id='block_1_87' title="bbox 2013 4234 3603 4306">
    <p class='ocr_par' dir='ltr' id='par_1_87' title="bbox 2013 4234 3603 4306">
     <span class='ocr_line' id='line_1_87' title="bbox 2013 4234 3603 4306; baseline -0.003 -16"><span class='ocrx_word' id='word_1_603' title='bbox 2013 4235 2153 4290; x_wconf 87' lang='grc' dir='ltr'><strong>ἀλλά</strong></span> <span class='ocrx_word' id='word_1_604' title='bbox 2192 4235 2288 4290; x_wconf 80' lang='grc' dir='ltr'>καὶ</span> <span class='ocrx_word' id='word_1_605' title='bbox 2324 4235 2445 4289; x_wconf 87' lang='grc' dir='ltr'>λίαν</span> <span class='ocrx_word' id='word_1_606' title='bbox 2469 4235 2659 4306; x_wconf 84' lang='grc' dir='ltr'>ὥσπερ</span> <span class='ocrx_word' id='word_1_607' title='bbox 2697 4234 2908 4305; x_wconf 71' lang='grc' dir='ltr'>ἔφημεν</span> <span class='ocrx_word' id='word_1_608' title='bbox 2938 4235 3176 4302; x_wconf 82' lang='grc' dir='ltr'>εὐγενῶς</span> <span class='ocrx_word' id='word_1_609' title='bbox 3224 4237 3319 4289; x_wconf 78' lang='grc' dir='ltr'>καὶ</span> <span class='ocrx_word' id='word_1_610' title='bbox 3359 4235 3603 4305; x_wconf 74' lang='grc' dir='ltr'>μεγαλο-</span> 
     </span>
    </p>
   </div>
   <div class='ocr_carea' id='block_1_88' title="bbox 2006 4326 3596 4399">
    <p class='ocr_par' dir='ltr' id='par_1_88' title="bbox 2006 4326 3596 4399">
     <span class='ocr_line' id='line_1_88' title="bbox 2006 4326 3596 4399; baseline -0.001 -19"><span class='ocrx_word' id='word_1_611' title='bbox 2006 4328 2196 4399; x_wconf 82' lang='grc' dir='ltr'>ψύχως</span> <span class='ocrx_word' id='word_1_612' title='bbox 2224 4344 2237 4358; x_wconf 92' lang='grc'><strong>·</strong></span> <span class='ocrx_word' id='word_1_613' title='bbox 2270 4328 2364 4381; x_wconf 75' lang='grc' dir='ltr'>καὶ</span> <span class='ocrx_word' id='word_1_614' title='bbox 2395 4327 2588 4382; x_wconf 85' lang='grc' dir='ltr'>τούτου</span> <span class='ocrx_word' id='word_1_615' title='bbox 2616 4326 2827 4381; x_wconf 88' lang='grc' dir='ltr'>πολλῶν</span> <span class='ocrx_word' id='word_1_616' title='bbox 2854 4327 2955 4398; x_wconf 87' lang='grc' dir='ltr'><strong>μέν</strong></span> <span class='ocrx_word' id='word_1_617' title='bbox 2975 4327 3250 4398; x_wconf 76' lang='grc' dir='ltr'>ὀφθαλμοὶ</span> <span class='ocrx_word' id='word_1_618' title='bbox 3284 4328 3596 4398; x_wconf 71' lang='grc' dir='ltr'>μάρτυρες,</span> 
     </span>
    </p>
   </div>
   <div class='ocr_carea' id='block_1_89' title="bbox 2013 4419 3602 4492">
    <p class='ocr_par' dir='ltr' id='par_1_89' title="bbox 2013 4419 3602 4492">
     <span class='ocr_line' id='line_1_89' title="bbox 2013 4419 3602 4492; baseline -0.004 -16"><span class='ocrx_word' id='word_1_619' title='bbox 2013 4423 2246 4492; x_wconf 77' lang='grc' dir='ltr'>μάλιστα</span> <span class='ocrx_word' id='word_1_620' title='bbox 2273 4422 2328 4474; x_wconf 74' lang='grc' dir='ltr'><strong>δὲ</strong></span> <span class='ocrx_word' id='word_1_621' title='bbox 2359 4421 2466 4474; x_wconf 84' lang='grc' dir='ltr'><strong>τῶν</strong></span> <span class='ocrx_word' id='word_1_622' title='bbox 2514 4423 2613 4492; x_wconf 78' lang='grc' dir='ltr'>τὴν</span> <span class='ocrx_word' id='word_1_623' title='bbox 2662 4422 2966 4492; x_wconf 81' lang='grc' dir='ltr'>ὑπηρεσίαν</span> <span class='ocrx_word' id='word_1_624' title='bbox 3025 4419 3229 4492; x_wconf 88' lang='grc' dir='ltr'>ταύτην</span> <span class='ocrx_word' id='word_1_625' title='bbox 3266 4421 3415 4490; x_wconf 84' lang='grc' dir='ltr'>αὑτῷ</span> <span class='ocrx_word' id='word_1_626' title='bbox 3461 4437 3602 4471; x_wconf 82' lang='grc' dir='ltr'>συν-</span> 
     </span>
    </p>
   </div>
   <div class='ocr_carea' id='block_1_90' title="bbox 313 4501 1906 4599">
    <p class='ocr_par' dir='ltr' id='par_1_90' title="bbox 313 4526 1898 4599">
     <span class='ocr_line' id='line_1_90' title="bbox 313 4526 1898 4599; baseline 0.003 -21"><span class='ocrx_word' id='word_1_627' title='bbox 313 4526 451 4582; x_wconf 90' lang='lat' dir='ltr'><strong>hanc</strong></span> <span class='ocrx_word' id='word_1_628' title='bbox 488 4527 754 4599; x_wconf 81' lang='lat' dir='ltr'><strong>insignem</strong></span> <span class='ocrx_word' id='word_1_629' title='bbox 821 4526 1209 4599; x_wconf 72' lang='lat' dir='ltr'><strong>benignitatem</strong></span> <span class='ocrx_word' id='word_1_630' title='bbox 1265 4537 1320 4583; x_wconf 91' lang='lat' dir='ltr'><strong>et</strong></span> <span class='ocrx_word' id='word_1_631' title='bbox 1367 4527 1898 4584; x_wconf 86' lang='lat' dir='ltr'><strong>commiserationem</strong></span> 
     </span>
    </p>
   </div>
   <div class='ocr_carea' id='block_1_91' title="bbox 2014 4501 3604 4599">
    <p class='ocr_par' dir='ltr' id='par_1_91' title="bbox 2014 4511 3604 4583">
     <span class='ocr_line' id='line_1_91' title="bbox 2014 4511 3604 4583; baseline -0.003 -17"><span class='ocrx_word' id='word_1_632' title='bbox 2014 4512 2413 4583; x_wconf 73' lang='grc' dir='ltr'>διαφερόντων·</span> <span class='ocrx_word' id='word_1_633' title='bbox 2447 4513 2496 4565; x_wconf 87' lang='grc' dir='ltr'>οἳ</span> <span class='ocrx_word' id='word_1_634' title='bbox 2536 4513 2630 4566; x_wconf 71' lang='grc' dir='ltr'>καὶ</span> <span class='ocrx_word' id='word_1_635' title='bbox 2655 4513 2716 4566; x_wconf 81' lang='grc' dir='ltr'>τὸ</span> <span class='ocrx_word' id='word_1_636' title='bbox 2768 4511 2986 4582; x_wconf 84' lang='grc' dir='ltr'>πρῶτον</span> <span class='ocrx_word' id='word_1_637' title='bbox 3037 4512 3106 4566; x_wconf 89' lang='grc' dir='ltr'><strong>τά</strong></span> <span class='ocrx_word' id='word_1_638' title='bbox 3161 4511 3360 4582; x_wconf 81' lang='grc' dir='ltr'>κομιδῆ</span> <span class='ocrx_word' id='word_1_639' title='bbox 3406 4511 3604 4579; x_wconf 73' lang='grc' dir='ltr'>φιλάν-</span> 
     </span>
    </p>
   </div>
   <div class='ocr_carea' id='block_1_92' title="bbox 311 4612 1900 4690">
    <p class='ocr_par' dir='ltr' id='par_1_92' title="bbox 311 4612 1900 4690">
     <span class='ocr_line' id='line_1_92' title="bbox 311 4612 1900 4690; baseline 0.004 -21"><span class='ocrx_word' id='word_1_640' title='bbox 311 4620 567 4674; x_wconf 84' lang='lat' dir='ltr'><strong>similitcr</strong></span> <span class='ocrx_word' id='word_1_641' title='bbox 588 4628 752 4690; x_wconf 89' lang='lat' dir='ltr'><strong>atque</strong></span> <span class='ocrx_word' id='word_1_642' title='bbox 781 4619 872 4674; x_wconf 89' lang='lat' dir='ltr'><strong>alii</strong></span> <span class='ocrx_word' id='word_1_643' title='bbox 895 4612 1300 4683; x_wconf 78' lang='lat' dir='ltr'><strong>aversarentur,</strong></span> <span class='ocrx_word' id='word_1_644' title='bbox 1342 4618 1485 4672; x_wconf 89' lang='lat' dir='ltr'><strong>illius</strong></span> <span class='ocrx_word' id='word_1_645' title='bbox 1525 4619 1720 4674; x_wconf 89' lang='lat' dir='ltr'><strong>deinde</strong></span> <span class='ocrx_word' id='word_1_646' title='bbox 1743 4635 1900 4690; x_wconf 75' lang='lat' dir='ltr'><strong>egre-</strong></span> 
     </span>
    </p>
   </div>
   <div class='ocr_carea' id='block_1_93' title="bbox 311 4711 1903 4782">
    <p class='ocr_par' dir='ltr' id='par_1_93' title="bbox 311 4711 1903 4782">
     <span class='ocr_line' id='line_1_93' title="bbox 311 4711 1903 4782; baseline 0.003 -16"><span class='ocrx_word' id='word_1_647' title='bbox 311 4711 452 4781; x_wconf 77' lang='lat' dir='ltr'><strong>giam</strong></span> <span class='ocrx_word' id='word_1_648' title='bbox 481 4712 700 4768; x_wconf 84' lang='lat' dir='ltr'><strong>reveriti</strong></span> <span class='ocrx_word' id='word_1_649' title='bbox 734 4712 1182 4777; x_wconf 87' lang='lat' dir='ltr'><strong>moderationem,</strong></span> <span class='ocrx_word' id='word_1_650' title='bbox 1220 4714 1467 4782; x_wconf 85' lang='lat' dir='ltr'><strong>persuasi</strong></span> <span class='ocrx_word' id='word_1_651' title='bbox 1503 4713 1719 4768; x_wconf 91' lang='lat' dir='ltr'><strong>luerunt</strong></span> <span class='ocrx_word' id='word_1_652' title='bbox 1757 4721 1903 4770; x_wconf 89' lang='lat' dir='ltr'><strong>recte</strong></span> 
     </span>
    </p>
   </div>
   <div class='ocr_carea' id='block_1_94' title="bbox 313 4803 1902 4873">
    <p class='ocr_par' dir='ltr' id='par_1_94' title="bbox 313 4803 1902 4873">
     <span class='ocr_line' id='line_1_94' title="bbox 313 4803 1902 4873; baseline -0.001 -15"><span class='ocrx_word' id='word_1_653' title='bbox 313 4817 530 4872; x_wconf 84' lang='lat' dir='ltr'><strong>sapere,</strong></span> <span class='ocrx_word' id='word_1_654' title='bbox 557 4813 613 4858; x_wconf 85' lang='lat' dir='ltr'><strong>et</strong></span> <span class='ocrx_word' id='word_1_655' title='bbox 631 4804 784 4873; x_wconf 78' lang='lat' dir='ltr'><strong>juxta</strong></span> <span class='ocrx_word' id='word_1_656' title='bbox 811 4803 1239 4860; x_wconf 87' lang='lat' dir='ltr'><strong>imbecillitatem</strong></span> <span class='ocrx_word' id='word_1_657' title='bbox 1280 4803 1576 4859; x_wconf 90' lang='lat' dir='ltr'><strong>humanam</strong></span> <span class='ocrx_word' id='word_1_658' title='bbox 1600 4814 1652 4860; x_wconf 90' lang='lat' dir='ltr'><strong>et</strong></span> <span class='ocrx_word' id='word_1_659' title='bbox 1679 4803 1902 4859; x_wconf 83' lang='lat' dir='ltr'><strong>humili-</strong></span> 
     </span>
    </p>
   </div>
   <div class='ocr_carea' id='block_1_95' title="bbox 311 4902 500 4950">
    <p class='ocr_par' dir='ltr' id='par_1_95' title="bbox 311 4902 500 4950">
     <span class='ocr_line' id='line_1_95' title="bbox 311 4902 500 4950; baseline 0 -2"><span class='ocrx_word' id='word_1_660' title='bbox 311 4902 500 4950; x_wconf 81' lang='lat' dir='ltr'><strong>tatem.</strong></span> 
     </span>
    </p>
   </div>
   <div class='ocr_carea' id='block_1_96' title="bbox 387 5071 1900 5144">
    <p class='ocr_par' dir='ltr' id='par_1_96' title="bbox 387 5071 1900 5144">
     <span class='ocr_line' id='line_1_96' title="bbox 387 5071 1900 5144; baseline -0.001 -17"><span class='ocrx_word' id='word_1_661' title='bbox 387 5072 480 5138; x_wconf 67' lang='lat'><strong>29.</strong></span> <span class='ocrx_word' id='word_1_662' title='bbox 511 5071 877 5140; x_wconf 86' lang='lat' dir='ltr'><strong>Quamobrem</strong></span> <span class='ocrx_word' id='word_1_663' title='bbox 917 5074 961 5129; x_wconf 77' lang='lat' dir='ltr'><strong>si</strong></span> <span class='ocrx_word' id='word_1_664' title='bbox 1009 5074 1132 5144; x_wconf 84' lang='lat' dir='ltr'><strong>quis</strong></span> <span class='ocrx_word' id='word_1_665' title='bbox 1162 5089 1286 5128; x_wconf 89' lang='lat' dir='ltr'><strong>eum</strong></span> <span class='ocrx_word' id='word_1_666' title='bbox 1317 5073 1516 5128; x_wconf 75' lang='lat' dir='ltr'><strong>dixerit</strong></span> <span class='ocrx_word' id='word_1_667' title='bbox 1559 5086 1900 5126; x_wconf 88' lang='lat' dir='ltr'><strong>communem</strong></span> 
     </span>
    </p>
   </div>
   <div class='ocr_carea' id='block_1_97' title="bbox 312 5162 1902 5231">
    <p class='ocr_par' dir='ltr' id='par_1_97' title="bbox 312 5162 1902 5231">
     <span class='ocr_line' id='line_1_97' title="bbox 312 5162 1902 5231; baseline 0 -15"><span class='ocrx_word' id='word_1_668' title='bbox 312 5177 548 5231; x_wconf 84' lang='lat' dir='ltr'><strong>portum,</strong></span> <span class='ocrx_word' id='word_1_669' title='bbox 598 5171 654 5217; x_wconf 88' lang='lat' dir='ltr'><strong>et</strong></span> <span class='ocrx_word' id='word_1_670' title='bbox 680 5177 1027 5220; x_wconf 87' lang='lat' dir='ltr'><strong>communem</strong></span> <span class='ocrx_word' id='word_1_671' title='bbox 1078 5165 1364 5220; x_wconf 74' lang='lat' dir='ltr'><strong>medicinae</strong></span> <span class='ocrx_word' id='word_1_672' title='bbox 1411 5162 1716 5228; x_wconf 75' lang='lat' dir='ltr'><strong>ollicinam,</strong></span> <span class='ocrx_word' id='word_1_673' title='bbox 1752 5179 1902 5218; x_wconf 92' lang='lat' dir='ltr'><strong>com-</strong></span> 
     </span>
    </p>
   </div>
   <div class='ocr_carea' id='block_1_98' title="bbox 313 5251 1904 5325">
    <p class='ocr_par' dir='ltr' id='par_1_98' title="bbox 313 5251 1904 5325">
     <span class='ocr_line' id='line_1_98' title="bbox 313 5251 1904 5325; baseline 0.001 -19"><span class='ocrx_word' id='word_1_674' title='bbox 313 5267 530 5306; x_wconf 88' lang='lat' dir='ltr'><strong>munem</strong></span> <span class='ocrx_word' id='word_1_675' title='bbox 559 5251 826 5318; x_wconf 63' lang='lat' dir='ltr'><strong>ﬁdomum,</strong></span> <span class='ocrx_word' id='word_1_676' title='bbox 880 5267 1170 5309; x_wconf 89' lang='lat' dir='ltr'><strong>commune</strong></span> <span class='ocrx_word' id='word_1_677' title='bbox 1205 5269 1383 5325; x_wconf 89' lang='lat' dir='ltr'><strong>penu,</strong></span> <span class='ocrx_word' id='word_1_678' title='bbox 1425 5264 1574 5310; x_wconf 87' lang='lat' dir='ltr'><strong>recte</strong></span> <span class='ocrx_word' id='word_1_679' title='bbox 1609 5254 1806 5307; x_wconf 80' lang='lat' dir='ltr'><strong>dixerit</strong></span> <span class='ocrx_word' id='word_1_680' title='bbox 1849 5263 1904 5308; x_wconf 89' lang='lat' dir='ltr'><strong>ct</strong></span> 
     </span>
    </p>
   </div>
   <div class='ocr_carea' id='block_1_99' title="bbox 308 5344 1902 5420">
    <p class='ocr_par' dir='ltr' id='par_1_99' title="bbox 308 5344 1902 5420">
     <span class='ocr_line' id='line_1_99' title="bbox 308 5344 1902 5420; baseline -0.002 -20"><span class='ocrx_word' id='word_1_681' title='bbox 308 5353 676 5416; x_wconf 76' lang='lat' dir='ltr'><strong>congruenter</strong></span> <span class='ocrx_word' id='word_1_682' title='bbox 698 5344 937 5409; x_wconf 79' lang='lat' dir='ltr'><strong>veritati,</strong></span> <span class='ocrx_word' id='word_1_683' title='bbox 971 5345 1374 5420; x_wconf 73' lang='lat' dir='ltr'><strong>aegrotandum,</strong></span> <span class='ocrx_word' id='word_1_684' title='bbox 1409 5346 1788 5404; x_wconf 83' lang='lat' dir='ltr'><strong>esurientium,</strong></span> <span class='ocrx_word' id='word_1_685' title='bbox 1823 5345 1902 5398; x_wconf 88' lang='lat' dir='ltr'><strong>al-</strong></span> 
     </span>
    </p>
   </div>
   <div class='ocr_carea' id='block_1_100' title="bbox 308 5436 1896 5508">
    <p class='ocr_par' dir='ltr' id='par_1_100' title="bbox 308 5436 1896 5508">
     <span class='ocr_line' id='line_1_100' title="bbox 308 5436 1896 5508; baseline -0.001 -18"><span class='ocrx_word' id='word_1_686' title='bbox 308 5437 573 5505; x_wconf 76' lang='lat' dir='ltr'><strong>gentium,</strong></span> <span class='ocrx_word' id='word_1_687' title='bbox 635 5436 1118 5508; x_wconf 72' lang='lat' dir='ltr'><strong>peregrinantium.</strong></span> <span class='ocrx_word' id='word_1_688' title='bbox 1175 5437 1373 5492; x_wconf 82' lang='lat' dir='ltr'><strong>Eorum</strong></span> <span class='ocrx_word' id='word_1_689' title='bbox 1429 5438 1574 5491; x_wconf 89' lang='lat' dir='ltr'><strong>enim</strong></span> <span class='ocrx_word' id='word_1_690' title='bbox 1633 5438 1896 5499; x_wconf 86' lang='lat' dir='ltr'><strong>omnium,</strong></span> 
     </span>
    </p>
   </div>
   <div class='ocr_carea' id='block_1_101' title="bbox 309 5527 1899 5598">
    <p class='ocr_par' dir='ltr' id='par_1_101' title="bbox 309 5527 1899 5598">
     <span class='ocr_line' id='line_1_101' title="bbox 309 5527 1899 5598; baseline 0.001 -21"><span class='ocrx_word' id='word_1_691' title='bbox 309 5541 468 5592; x_wconf 88' lang='lat' dir='ltr'><strong>quam</strong></span> <span class='ocrx_word' id='word_1_692' title='bbox 496 5541 596 5595; x_wconf 89' lang='lat' dir='ltr'><strong>par</strong></span> <span class='ocrx_word' id='word_1_693' title='bbox 625 5535 766 5588; x_wconf 89' lang='lat' dir='ltr'><strong>erat,</strong></span> <span class='ocrx_word' id='word_1_694' title='bbox 795 5541 981 5581; x_wconf 89' lang='lat' dir='ltr'><strong>curam</strong></span> <span class='ocrx_word' id='word_1_695' title='bbox 1032 5529 1273 5598; x_wconf 75' lang='lat' dir='ltr'><strong>gerebat.</strong></span> <span class='ocrx_word' id='word_1_696' title='bbox 1310 5527 1408 5593; x_wconf 86' lang='lat' dir='ltr'><strong>Qui</strong></span> <span class='ocrx_word' id='word_1_697' title='bbox 1437 5536 1615 5581; x_wconf 88' lang='lat' dir='ltr'><strong>autem</strong></span> <span class='ocrx_word' id='word_1_698' title='bbox 1651 5537 1899 5581; x_wconf 82' lang='lat' dir='ltr'><strong>contem-</strong></span> 
     </span>
    </p>
   </div>
   <div class='ocr_carea' id='block_1_102' title="bbox 309 5618 1901 5690">
    <p class='ocr_par' dir='ltr' id='par_1_102' title="bbox 309 5618 1901 5690">
     <span class='ocr_line' id='line_1_102' title="bbox 309 5618 1901 5690; baseline 0.001 -21"><span class='ocrx_word' id='word_1_699' title='bbox 309 5625 532 5671; x_wconf 85' lang='lat' dir='ltr'><strong>neretur</strong></span> <span class='ocrx_word' id='word_1_700' title='bbox 550 5627 644 5671; x_wconf 89' lang='lat' dir='ltr'><strong>aut</strong></span> <span class='ocrx_word' id='word_1_701' title='bbox 677 5618 1069 5688; x_wconf 85' lang='lat' dir='ltr'><strong>despiceretur,</strong></span> <span class='ocrx_word' id='word_1_702' title='bbox 1118 5631 1406 5690; x_wconf 86' lang='lat' dir='ltr'><strong>propterea</strong></span> <span class='ocrx_word' id='word_1_703' title='bbox 1463 5619 1607 5688; x_wconf 85' lang='lat' dir='ltr'><strong>quod</strong></span> <span class='ocrx_word' id='word_1_704' title='bbox 1644 5627 1792 5673; x_wconf 83' lang='lat' dir='ltr'><strong>esset</strong></span> <span class='ocrx_word' id='word_1_705' title='bbox 1823 5618 1901 5671; x_wconf 67' lang='grc' dir='ltr'><strong>νὶ-</strong></span> 
     </span>
    </p>
   </div>
   <div class='ocr_carea' id='block_1_103' title="bbox 307 5709 1899 5786">
    <p class='ocr_par' dir='ltr' id='par_1_103' title="bbox 307 5709 1899 5786">
     <span class='ocr_line' id='line_1_103' title="bbox 307 5709 1899 5786; baseline 0.003 -25"><span class='ocrx_word' id='word_1_706' title='bbox 307 5709 375 5761; x_wconf 80' lang='lat' dir='ltr'><strong>lis</strong></span> <span class='ocrx_word' id='word_1_707' title='bbox 407 5719 460 5764; x_wconf 93' lang='lat' dir='ltr'><strong>et</strong></span> <span class='ocrx_word' id='word_1_708' title='bbox 487 5710 727 5786; x_wconf 86' lang='lat' dir='ltr'><strong>humilis,</strong></span> <span class='ocrx_word' id='word_1_709' title='bbox 761 5713 805 5766; x_wconf 85' lang='lat' dir='ltr'><strong>si</strong></span> <span class='ocrx_word' id='word_1_710' title='bbox 832 5715 1198 5783; x_wconf 58' lang='lat' dir='ltr'><strong>quaesivisse»,</strong></span> <span class='ocrx_word' id='word_1_711' title='bbox 1252 5714 1360 5770; x_wconf 93' lang='lat' dir='ltr'><strong>illic</strong></span> <span class='ocrx_word' id='word_1_712' title='bbox 1396 5712 1698 5767; x_wconf 69' lang='lat' dir='ltr'><strong>invenisses</strong></span> <span class='ocrx_word' id='word_1_713' title='bbox 1731 5711 1899 5766; x_wconf 88' lang='lat' dir='ltr'><strong>nemi-</strong></span> 
     </span>
    </p>
   </div>
   <div class='ocr_carea' id='block_1_104' title="bbox 308 5802 1896 5878">
    <p class='ocr_par' dir='ltr' id='par_1_104' title="bbox 308 5802 1896 5878">
     <span class='ocr_line' id='line_1_104' title="bbox 308 5802 1896 5878; baseline 0.006 -28"><span class='ocrx_word' id='word_1_714' title='bbox 308 5813 431 5854; x_wconf 86' lang='lat' dir='ltr'><strong>nem</strong></span> <span class='ocrx_word' id='word_1_715' title='bbox 477 5822 490 5856; x_wconf 87' lang='lat'>:</span> <span class='ocrx_word' id='word_1_716' title='bbox 522 5802 613 5857; x_wconf 73' lang='lat' dir='ltr'><strong>sed</strong></span> <span class='ocrx_word' id='word_1_717' title='bbox 639 5815 857 5873; x_wconf 89' lang='lat' dir='ltr'><strong>propter</strong></span> <span class='ocrx_word' id='word_1_718' title='bbox 887 5806 988 5864; x_wconf 92' lang='lat' dir='ltr'><strong>hoc</strong></span> <span class='ocrx_word' id='word_1_719' title='bbox 1019 5807 1219 5878; x_wconf 81' lang='lat' dir='ltr'><strong>ipsum,</strong></span> <span class='ocrx_word' id='word_1_720' title='bbox 1257 5806 1402 5876; x_wconf 85' lang='lat' dir='ltr'><strong>quod</strong></span> <span class='ocrx_word' id='word_1_721' title='bbox 1457 5814 1622 5873; x_wconf 81' lang='lat' dir='ltr'><strong>esset,</strong></span> <span class='ocrx_word' id='word_1_722' title='bbox 1651 5803 1896 5876; x_wconf 76' lang='lat' dir='ltr'><strong>inquam,</strong></span> 
     </span>
    </p>
   </div>
   <div class='ocr_carea' id='block_1_105' title="bbox 2010 4603 3601 4678">
    <p class='ocr_par' dir='ltr' id='par_1_105' title="bbox 2010 4603 3601 4678">
     <span class='ocr_line' id='line_1_105' title="bbox 2010 4603 3601 4678; baseline -0.001 -18"><span class='ocrx_word' id='word_1_723' title='bbox 2010 4605 2207 4678; x_wconf 88' lang='grc' dir='ltr'>θρωπα</span> <span class='ocrx_word' id='word_1_724' title='bbox 2235 4603 2408 4659; x_wconf 81' lang='grc' dir='ltr'>ταῦτα</span> <span class='ocrx_word' id='word_1_725' title='bbox 2449 4605 2544 4658; x_wconf 77' lang='grc' dir='ltr'>καὶ</span> <span class='ocrx_word' id='word_1_726' title='bbox 2575 4605 2836 4675; x_wconf 85' lang='grc' dir='ltr'>συμπαθῆ</span> <span class='ocrx_word' id='word_1_727' title='bbox 2862 4609 2977 4670; x_wconf 86' lang='grc' dir='ltr'>τοῖς</span> <span class='ocrx_word' id='word_1_728' title='bbox 3004 4605 3188 4667; x_wconf 82' lang='grc' dir='ltr'>ἄλλοις</span> <span class='ocrx_word' id='word_1_729' title='bbox 3217 4607 3419 4676; x_wconf 77' lang='grc' dir='ltr'>ὁμοίως</span> <span class='ocrx_word' id='word_1_730' title='bbox 3452 4606 3563 4658; x_wconf 82' lang='grc' dir='ltr'><strong>ἀπο</strong></span> <span class='ocrx_word' id='word_1_731' title='bbox 3583 4635 3601 4646; x_wconf 88' lang='lat'><strong>-</strong></span> 
     </span>
    </p>
   </div>
   <div class='ocr_carea' id='block_1_106' title="bbox 2005 4696 3591 4770">
    <p class='ocr_par' dir='ltr' id='par_1_106' title="bbox 2005 4696 3591 4770">
     <span class='ocr_line' id='line_1_106' title="bbox 2005 4696 3591 4770; baseline -0.001 -19"><span class='ocrx_word' id='word_1_732' title='bbox 2005 4697 2355 4768; x_wconf 81' lang='grc' dir='ltr'>τρεπόμενοι,</span> <span class='ocrx_word' id='word_1_733' title='bbox 2403 4697 2594 4750; x_wconf 76' lang='grc' dir='ltr'>ἔπειτα</span> <span class='ocrx_word' id='word_1_734' title='bbox 2646 4696 2746 4767; x_wconf 79' lang='grc' dir='ltr'>τὴν</span> <span class='ocrx_word' id='word_1_735' title='bbox 2797 4699 3000 4770; x_wconf 83' lang='grc' dir='ltr'>πολλὴν</span> <span class='ocrx_word' id='word_1_736' title='bbox 3051 4699 3264 4752; x_wconf 86' lang='grc' dir='ltr'>ἐκείνου</span> <span class='ocrx_word' id='word_1_737' title='bbox 3327 4698 3591 4763; x_wconf 82' lang='grc' dir='ltr'>δυσωπη-</span> 
     </span>
    </p>
   </div>
   <div class='ocr_carea' id='block_1_107' title="bbox 2008 4787 3594 4861">
    <p class='ocr_par' dir='ltr' id='par_1_107' title="bbox 2008 4787 3594 4861">
     <span class='ocr_line' id='line_1_107' title="bbox 2008 4787 3594 4861; baseline -0.003 -19"><span class='ocrx_word' id='word_1_738' title='bbox 2008 4787 2194 4851; x_wconf 79' lang='grc' dir='ltr'>θέντες</span> <span class='ocrx_word' id='word_1_739' title='bbox 2247 4789 2704 4861; x_wconf 80' lang='grc' dir='ltr'>μετριοπάθειαν,</span> <span class='ocrx_word' id='word_1_740' title='bbox 2758 4790 3096 4860; x_wconf 76' lang='grc' dir='ltr'>ἐπείσθησαν</span> <span class='ocrx_word' id='word_1_741' title='bbox 3148 4790 3316 4860; x_wconf 86' lang='grc' dir='ltr'>ὑγιῶς</span> <span class='ocrx_word' id='word_1_742' title='bbox 3348 4789 3594 4858; x_wconf 66' lang='grc' dir='ltr'>φρονεῖν,</span> 
     </span>
    </p>
   </div>
   <div class='ocr_carea' id='block_1_108' title="bbox 2008 4880 3600 4954">
    <p class='ocr_par' dir='ltr' id='par_1_108' title="bbox 2008 4880 3600 4954">
     <span class='ocr_line' id='line_1_108' title="bbox 2008 4880 3600 4954; baseline 0 -20"><span class='ocrx_word' id='word_1_743' title='bbox 2008 4881 2103 4934; x_wconf 75' lang='grc' dir='ltr'>καὶ</span> <span class='ocrx_word' id='word_1_744' title='bbox 2159 4880 2326 4946; x_wconf 73' lang='grc' dir='ltr'>ἀξίως</span> <span class='ocrx_word' id='word_1_745' title='bbox 2355 4881 2454 4951; x_wconf 85' lang='grc' dir='ltr'>τῆς</span> <span class='ocrx_word' id='word_1_746' title='bbox 2492 4881 2848 4954; x_wconf 82' lang='grc' dir='ltr'>ἀνθρωπίνης</span> <span class='ocrx_word' id='word_1_747' title='bbox 2901 4883 3184 4945; x_wconf 84' lang='grc' dir='ltr'>ἀσθενείας</span> <span class='ocrx_word' id='word_1_748' title='bbox 3216 4885 3306 4936; x_wconf 78' lang='grc' dir='ltr'>καὶ</span> <span class='ocrx_word' id='word_1_749' title='bbox 3334 4883 3600 4934; x_wconf 86' lang='grc' dir='ltr'>ταπεινό-</span> 
     </span>
    </p>
   </div>
   <div class='ocr_carea' id='block_1_109' title="bbox 2007 4986 2196 5040">
    <p class='ocr_par' dir='ltr' id='par_1_109' title="bbox 2007 4986 2196 5040">
     <span class='ocr_line' id='line_1_109' title="bbox 2007 4986 2196 5040; baseline -0.005 -17"><span class='ocrx_word' id='word_1_750' title='bbox 2007 4986 2196 5040; x_wconf 88' lang='grc' dir='ltr'>τητος.</span> 
     </span>
    </p>
   </div>
   <div class='ocr_carea' id='block_1_110' title="bbox 2077 5057 3592 5134">
    <p class='ocr_par' dir='ltr' id='par_1_110' title="bbox 2077 5057 3592 5134">
     <span class='ocr_line' id='line_1_110' title="bbox 2077 5057 3592 5134; baseline 0.002 -23"><span class='ocrx_word' id='word_1_751' title='bbox 2077 5057 2178 5112; x_wconf 86' lang='grc' dir='ltr'>κθ’.</span> <span class='ocrx_word' id='word_1_752' title='bbox 2210 5057 2374 5112; x_wconf 86' lang='grc' dir='ltr'>Ὥστε</span> <span class='ocrx_word' id='word_1_753' title='bbox 2411 5061 2589 5114; x_wconf 84' lang='grc' dir='ltr'>κοινὸν</span> <span class='ocrx_word' id='word_1_754' title='bbox 2613 5061 2776 5116; x_wconf 84' lang='grc' dir='ltr'>αὑτὸν</span> <span class='ocrx_word' id='word_1_755' title='bbox 2806 5062 2861 5114; x_wconf 83' lang='grc' dir='ltr'><strong>εί</strong></span> <span class='ocrx_word' id='word_1_756' title='bbox 2888 5080 2968 5124; x_wconf 87' lang='grc' dir='ltr'><strong>τις</strong></span> <span class='ocrx_word' id='word_1_757' title='bbox 2992 5061 3122 5134; x_wconf 79' lang='grc' dir='ltr'>εἴπῃ</span> <span class='ocrx_word' id='word_1_758' title='bbox 3155 5061 3376 5132; x_wconf 83' lang='grc' dir='ltr'>λιμένα,</span> <span class='ocrx_word' id='word_1_759' title='bbox 3407 5063 3592 5114; x_wconf 66' lang='grc' dir='ltr'>κοινιιν</span> 
     </span>
    </p>
   </div>
   <div class='ocr_carea' id='block_1_111' title="bbox 2009 5150 3600 5224">
    <p class='ocr_par' dir='ltr' id='par_1_111' title="bbox 2009 5150 3600 5224">
     <span class='ocr_line' id='line_1_111' title="bbox 2009 5150 3600 5224; baseline 0.002 -21"><span class='ocrx_word' id='word_1_760' title='bbox 2009 5150 2266 5222; x_wconf 76' lang='grc' dir='ltr'>ἰατρεῖον,</span> <span class='ocrx_word' id='word_1_761' title='bbox 2297 5151 2483 5224; x_wconf 79' lang='grc' dir='ltr'>κοινὴν</span> <span class='ocrx_word' id='word_1_762' title='bbox 2512 5153 2718 5220; x_wconf 79' lang='grc' dir='ltr'>ἑστίαν,</span> <span class='ocrx_word' id='word_1_763' title='bbox 2747 5153 2925 5207; x_wconf 80' lang='grc' dir='ltr'>κοινὸν</span> <span class='ocrx_word' id='word_1_764' title='bbox 2946 5157 3214 5224; x_wconf 81' lang='grc' dir='ltr'>ταμιεῖον,</span> <span class='ocrx_word' id='word_1_765' title='bbox 3239 5153 3422 5217; x_wconf 87' lang='grc' dir='ltr'>καλῶς</span> <span class='ocrx_word' id='word_1_766' title='bbox 3471 5155 3600 5223; x_wconf 80' lang='grc' dir='ltr'>ἐρεῖ</span> 
     </span>
    </p>
   </div>
   <div class='ocr_carea' id='block_1_112' title="bbox 2007 5245 3608 5321">
    <p class='ocr_par' dir='ltr' id='par_1_112' title="bbox 2007 5245 3608 5321">
     <span class='ocr_line' id='line_1_112' title="bbox 2007 5245 3608 5321; baseline 0.002 -23"><span class='ocrx_word' id='word_1_767' title='bbox 2007 5245 2103 5300; x_wconf 62' lang='grc' dir='ltr'><strong>καί⁸</strong></span> <span class='ocrx_word' id='word_1_768' title='bbox 2134 5245 2443 5321; x_wconf 69' lang='grc' dir='ltr'>συμφώνως</span> <span class='ocrx_word' id='word_1_769' title='bbox 2472 5250 2539 5318; x_wconf 85' lang='grc' dir='ltr'><strong>τῇ</strong></span> <span class='ocrx_word' id='word_1_770' title='bbox 2565 5245 2795 5321; x_wconf 79' lang='grc' dir='ltr'>ἀληθείᾳ</span> <span class='ocrx_word' id='word_1_771' title='bbox 2820 5288 2836 5313; x_wconf 89' lang='grc'><strong>,</strong></span> <span class='ocrx_word' id='word_1_772' title='bbox 2859 5247 3159 5304; x_wconf 87' lang='grc' dir='ltr'>νοσούντων</span> <span class='ocrx_word' id='word_1_773' title='bbox 3187 5292 3202 5316; x_wconf 91' lang='grc'><strong>,</strong></span> <span class='ocrx_word' id='word_1_774' title='bbox 3227 5249 3550 5304; x_wconf 80' lang='grc' dir='ltr'>πεινώντων</span> <span class='ocrx_word' id='word_1_775' title='bbox 3590 5291 3608 5314; x_wconf 92' lang='grc'><strong>,</strong></span> 
     </span>
    </p>
   </div>
   <div class='ocr_carea' id='block_1_113' title="bbox 2007 5335 3600 5414">
    <p class='ocr_par' dir='ltr' id='par_1_113' title="bbox 2007 5335 3600 5414">
     <span class='ocr_line' id='line_1_113' title="bbox 2007 5335 3600 5414; baseline 0.002 -26"><span class='ocrx_word' id='word_1_776' title='bbox 2007 5335 2287 5406; x_wconf 79' lang='grc' dir='ltr'>ριγώντων</span> <span class='ocrx_word' id='word_1_777' title='bbox 2319 5338 2768 5409; x_wconf 83' lang='grc' dir='ltr'>ἀποδημούντων·</span> <span class='ocrx_word' id='word_1_778' title='bbox 2795 5341 2996 5406; x_wconf 83' lang='grc' dir='ltr'>πάντες</span> <span class='ocrx_word' id='word_1_779' title='bbox 3021 5342 3130 5414; x_wconf 84' lang='grc' dir='ltr'><strong>γάρ</strong></span> <span class='ocrx_word' id='word_1_780' title='bbox 3155 5343 3413 5413; x_wconf 85' lang='grc' dir='ltr'>προνοίας</span> <span class='ocrx_word' id='word_1_781' title='bbox 3451 5341 3600 5394; x_wconf 84' lang='grc' dir='ltr'>ἀπέ-</span> 
     </span>
    </p>
   </div>
   <div class='ocr_carea' id='block_1_114' title="bbox 2005 5428 3585 5505">
    <p class='ocr_par' dir='ltr' id='par_1_114' title="bbox 2005 5428 3585 5505">
     <span class='ocr_line' id='line_1_114' title="bbox 2005 5428 3585 5505; baseline 0.003 -24"><span class='ocrx_word' id='word_1_782' title='bbox 2005 5429 2168 5482; x_wconf 81' lang='grc' dir='ltr'>λαϐον</span> <span class='ocrx_word' id='word_1_783' title='bbox 2194 5428 2341 5498; x_wconf 84' lang='grc' dir='ltr'>αύτῷ</span> <span class='ocrx_word' id='word_1_784' title='bbox 2359 5430 2458 5500; x_wconf 85' lang='grc' dir='ltr'>τῆς</span> <span class='ocrx_word' id='word_1_785' title='bbox 2478 5429 2725 5502; x_wconf 85' lang='grc' dir='ltr'>δεούσης.</span> <span class='ocrx_word' id='word_1_786' title='bbox 2744 5435 2799 5488; x_wconf 82' lang='grc' dir='ltr'>Ἀ</span> <span class='ocrx_word' id='word_1_787' title='bbox 2810 5435 3140 5505; x_wconf 86' lang='grc' dir='ltr'>μελούμενον</span> <span class='ocrx_word' id='word_1_788' title='bbox 3163 5435 3221 5488; x_wconf 79' lang='grc' dir='ltr'><strong>δέ</strong></span> <span class='ocrx_word' id='word_1_789' title='bbox 3241 5435 3273 5505; x_wconf 76' lang='grc' dir='ltr'>ἢ</span> <span class='ocrx_word' id='word_1_790' title='bbox 3291 5433 3585 5504; x_wconf 73' lang='grc' dir='ltr'>παραθεω-</span> 
     </span>
    </p>
   </div>
   <div class='ocr_carea' id='block_1_115' title="bbox 2009 5521 3593 5597">
    <p class='ocr_par' dir='ltr' id='par_1_115' title="bbox 2009 5521 3593 5597">
     <span class='ocr_line' id='line_1_115' title="bbox 2009 5521 3593 5597; baseline 0.005 -24"><span class='ocrx_word' id='word_1_791' title='bbox 2009 5521 2102 5590; x_wconf 88' lang='grc' dir='ltr'><strong>ρού</strong></span> <span class='ocrx_word' id='word_1_792' title='bbox 2111 5537 2295 5592; x_wconf 85' lang='grc' dir='ltr'>μενον·</span> <span class='ocrx_word' id='word_1_793' title='bbox 2319 5521 2478 5592; x_wconf 81' lang='grc' dir='ltr'>εἴπερ</span> <span class='ocrx_word' id='word_1_794' title='bbox 2503 5525 2775 5596; x_wconf 76' lang='grc' dir='ltr'>ἐζήτησας</span> <span class='ocrx_word' id='word_1_795' title='bbox 2799 5531 2917 5582; x_wconf 82' lang='grc' dir='ltr'>ἐκεῖ</span> <span class='ocrx_word' id='word_1_796' title='bbox 2938 5529 3005 5583; x_wconf 86' lang='grc' dir='ltr'><strong>δι’</strong></span> <span class='ocrx_word' id='word_1_797' title='bbox 3036 5529 3312 5582; x_wconf 83' lang='grc' dir='ltr'>εὐτέλειαν</span> <span class='ocrx_word' id='word_1_798' title='bbox 3334 5521 3494 5597; x_wconf 75' lang='grc' dir='ltr'>εὗρες</span> <span class='ocrx_word' id='word_1_799' title='bbox 3520 5528 3593 5581; x_wconf 83' lang='grc' dir='ltr'><strong>ἀν</strong></span> 
     </span>
    </p>
   </div>
   <div class='ocr_carea' id='block_1_116' title="bbox 2005 5611 3593 5690">
    <p class='ocr_par' dir='ltr' id='par_1_116' title="bbox 2005 5611 3593 5690">
     <span class='ocr_line' id='line_1_116' title="bbox 2005 5611 3593 5690; baseline 0.005 -26"><span class='ocrx_word' id='word_1_800' title='bbox 2005 5611 2114 5665; x_wconf 85' lang='grc' dir='ltr'><strong>τῶν</strong></span> <span class='ocrx_word' id='word_1_801' title='bbox 2148 5613 2366 5668; x_wconf 88' lang='grc' dir='ltr'>πάντων</span> <span class='ocrx_word' id='word_1_802' title='bbox 2395 5615 2604 5685; x_wconf 76' lang='grc' dir='ltr'>οὐδένα,</span> <span class='ocrx_word' id='word_1_803' title='bbox 2631 5617 2746 5672; x_wconf 82' lang='grc' dir='ltr'>ἀλλ’</span> <span class='ocrx_word' id='word_1_804' title='bbox 2772 5619 2904 5672; x_wconf 82' lang='grc' dir='ltr'>αὐτὸ</span> <span class='ocrx_word' id='word_1_805' title='bbox 2943 5620 3042 5690; x_wconf 81' lang='grc' dir='ltr'>μὲν</span> <span class='ocrx_word' id='word_1_806' title='bbox 3066 5618 3240 5682; x_wconf 84' lang='grc' dir='ltr'>τοῦτο,</span> <span class='ocrx_word' id='word_1_807' title='bbox 3275 5618 3338 5673; x_wconf 82' lang='grc' dir='ltr'>τὸ</span> <span class='ocrx_word' id='word_1_808' title='bbox 3369 5617 3593 5683; x_wconf 79' lang='grc' dir='ltr'>εὐτελές</span> 
     </span>
    </p>
   </div>
   <div class='ocr_carea' id='block_1_117' title="bbox 2005 5707 3589 5784">
    <p class='ocr_par' dir='ltr' id='par_1_117' title="bbox 2005 5707 3589 5784">
     <span class='ocr_line' id='line_1_117' title="bbox 2005 5707 3589 5784; baseline 0.006 -28"><span class='ocrx_word' id='word_1_809' title='bbox 2005 5721 2172 5775; x_wconf 80' lang='grc' dir='ltr'>φημι,</span> <span class='ocrx_word' id='word_1_810' title='bbox 2227 5707 2320 5758; x_wconf 74' lang='grc' dir='ltr'>καὶ</span> <span class='ocrx_word' id='word_1_811' title='bbox 2350 5708 2654 5779; x_wconf 85' lang='grc' dir='ltr'>ἐλάχιστον,</span> <span class='ocrx_word' id='word_1_812' title='bbox 2702 5713 2798 5766; x_wconf 76' lang='grc' dir='ltr'><strong>καὶ</strong></span> <span class='ocrx_word' id='word_1_813' title='bbox 2841 5712 3090 5777; x_wconf 77' lang='grc' dir='ltr'>πλείονος</span> <span class='ocrx_word' id='word_1_814' title='bbox 3130 5713 3450 5784; x_wconf 77' lang='grc' dir='ltr'>ἀξιούμενον</span> <span class='ocrx_word' id='word_1_815' title='bbox 3483 5714 3589 5782; x_wconf 78' lang='grc' dir='ltr'>τῆς</span> 
     </span>
    </p>
   </div>
   <div class='ocr_carea' id='block_1_118' title="bbox 2008 5803 3588 5880">
    <p class='ocr_par' dir='ltr' id='par_1_118' title="bbox 2008 5803 3588 5880">
     <span class='ocr_line' id='line_1_118' title="bbox 2008 5803 3588 5880; baseline 0.004 -25"><span class='ocrx_word' id='word_1_816' title='bbox 2008 5803 2286 5872; x_wconf 74' lang='grc' dir='ltr'>προνοίας·</span> <span class='ocrx_word' id='word_1_817' title='bbox 2349 5805 2474 5860; x_wconf 74' lang='grc' dir='ltr'>ἐπεὶ</span> <span class='ocrx_word' id='word_1_818' title='bbox 2531 5807 2624 5861; x_wconf 72' lang='grc' dir='ltr'><strong>καὶ</strong></span> <span class='ocrx_word' id='word_1_819' title='bbox 2661 5809 2895 5880; x_wconf 81' lang='grc' dir='ltr'>Χριστὸς</span> <span class='ocrx_word' id='word_1_820' title='bbox 2925 5811 2982 5864; x_wconf 88' lang='grc' dir='ltr'><strong>ἐν</strong></span> <span class='ocrx_word' id='word_1_821' title='bbox 3015 5809 3344 5880; x_wconf 75' lang='grc' dir='ltr'>ἐλαχίστοις,</span> <span class='ocrx_word' id='word_1_822' title='bbox 3386 5809 3476 5862; x_wconf 82' lang='grc' dir='ltr'>καὶ</span> <span class='ocrx_word' id='word_1_823' title='bbox 3514 5809 3588 5862; x_wconf 74' lang='grc' dir='ltr'>τὰ</span> 
     </span>
    </p>
   </div>
  </div>
