3886 6452
267 428 375 494 497

1196 430 1370 490 VITA
1411 429 1472 488 S.
1512 428 1930 494 THEODOSII
1969 433 2610 536 ClENOBlARCH/E.‘

3425 440 3536 504 495

267 546 496 599 ἐκείνων
536 542 739 615 μᾶλλον
765 541 1017 613 φανερῶς
1067 541 1438 614 οἰκειούμενος
1458 559 1472 573 ο
1507 541 1648 596 ὥστε
1678 544 1856 609 οὐδεὶς

1974 547 2084 604 vilis
2105 555 2159 602 et
2204 546 2486 616 minimus,
2539 550 2802 622 majorem
2830 556 3256 622 consequeretur
3305 555 3542 608 curatio-

265 633 334 704 ἦν
365 636 502 698 ὅλως
532 637 652 688 ἐκεῖ
676 635 785 689 τῶν
839 633 1276 711 ἐκϐαλλομένων,
1320 636 1498 700 οὐδεὶς
1539 640 1852 708 παροπτέος

268 732 360 784 καὶ
389 731 717 802 σπλάγχνων
747 728 1148 801 φιλανθρώπων
1173 730 1389 801 ἀνᾲξιος
1414 746 1427 761 ·
1451 732 1592 802 ὅπερ
1625 733 1718 786 καὶ
1743 733 1850 786 τῶν

269 823 526 892 πατέρων
581 822 748 886 ἐνίοις
780 821 842 876 οὑ
877 821 1018 880 πάνυ
1053 822 1236 893 ῥάδιον
1265 824 1342 890 είς
1372 823 1566 888 παῖδας
1592 825 1846 894 φυλάξαι.

269 915 458 968 ’Λλλοι
523 915 621 985 μὲν
677 915 772 970 καὶ
833 914 1054 986 ἁμερίων
1095 916 1242 978 ὅσοις
1296 914 1472 970 ἔνδεια
1514 918 1719 972 τούτων
1761 913 1854 988 ἦν,

266 1009 471 1073 πᾶν-τες
500 1010 556 1063 δὲ
581 1009 789 1092 ὁμοίως
845 1007 1059 1080 τρυφῆς
1119 1007 1452 1080 ἀξιούμενοι·
1486 1010 1580 1062 καὶ
1617 1011 1858 1088 μέμνην-

265 1105 360 1158 ταί
396 1120 529 1157 ποτε
583 1102 638 1156 οἵ
665 1118 729 1170 γε
761 1100 896 1171 πρὸς
928 1099 1102 1156 ταῦτα
1131 1100 1540 1171 διακονούμενοι
1574 1091 1790 1165 πλείους
1820 1103 1854 1172 ἢ

269 1195 467 1249 ἑκατὸν
519 1195 651 1265 μιᾶς
693 1192 912 1265 ἡμέρας
968 1191 1238 1246 διαθεῖναι
1291 1191 1596 1262 τραπέζας.
1642 1190 1782 1262 Ἀλλ’
1823 1191 1856 1259 ἡ

273 1288 374 1356 μὲν
421 1282 738 1355 ἀνθρωπίνη
798 1282 893 1336 τοῦ
950 1281 1134 1346 ἐλέους
1160 1281 1312 1352 πηγὴ
1338 1281 1565 1353 τοιαύτη
1588 1283 1680 1335 καὶ
1712 1279 1856 1334 οὑτω

266 1378 508 1450 δαψιλῶς
550 1378 836 1448 βλύζουσα.
882 1377 946 1430 Ἡ
981 1376 1038 1430 δέ
1069 1375 1162 1430 τοῦ
1187 1375 1321 1429 Θεοῦ
1371 1377 1567 1441 enata;
1599 1377 1668 1439 Ἢ
1705 1375 1862 1445 δῆλον

270 1472 355 1524 ὃτι
419 1469 601 1540 πολλῷ
648 1469 725 1540 τῷ
792 1468 941 1539 μέσῳ
984 1469 1078 1522 καὶ
1130 1454 1346 1540 ἀπείρῳ
1399 1467 1460 1521 τδ
1515 1466 1857 1537 ὑπερϐάλλον

271 1565 474 1633 ἔχουσα
499 1579 516 1628 ;
543 1561 782 1630 Δηλώσει
807 1562 867 1615 δὲ
901 1559 996 1614 νῦν
1024 1561 1052 1612 ὁ
1077 1561 1234 1629 λόγος
1253 1561 1365 1614 τίσι
1396 1561 1736 1632 τεκμηρίοις,
1767 1560 1862 1614 καὶ

271 1654 354 1726 τῷ
381 1653 773 1723 ἐπαγγελθέντι
803 1652 980 1724 πέρας
1010 1652 1225 1720 ἐπάξει.

1964 653 2121 704 nem;
2165 642 2419 708 quoniam
2448 641 2699 700 Christus
2737 657 2955 713 quoque
2984 653 3070 699 est
3103 643 3542 708 intermiuimos,

1960 742 2012 786 et
2038 749 2156 800 quae
2184 743 2310 790 sunt
2359 733 2599 798 illorum,
2633 745 2822 805 aperte
2869 735 2968 791 sibi
3005 735 3211 794 tribuit.
3241 733 3421 802 Quare
3449 748 3544 792 eo-

1961 841 2078 878 rum
2109 826 2198 895 qui
2242 827 2662 894 expellerentur.
2693 828 2838 882 nulla
2899 828 3007 892 illic
3052 827 3352 900 habebatur
3380 827 3544 884 ratio.

1961 917 2150 980 Nullus
2181 919 2604 989 despiciebatur,
2640 920 2930 990 nullusque
2959 921 3215 992 indignus
3248 912 3543 991 reputaba-

1961 1021 2048 1064 tur
2088 1010 2590 1070 commiseratione.
2633 1009 2793 1077 Quod.
2823 1011 3042 1081 quidem
3083 1021 3296 1082 patrum
3327 1024 3547 1081 quoque

1961 1103 2232 1161 nonnullis
2271 1117 2380 1158 non
2408 1113 2492 1162 est
2523 1103 2811 1162 admodum
2843 1102 2998 1161 facile
3029 1118 3251 1162 servare
3297 1103 3352 1158 in
3385 1103 3544 1158 ﬁlios.

1962 1192 2070 1255 Sed
2091 1192 2209 1250 aliis
2239 1193 2460 1264 quidem
2484 1201 2661 1250 vestes
2687 1207 2905 1264 quoque
2941 1193 3236 1261 dabantur,
3261 1194 3458 1265 quibus
3482 1195 3550 1251 iis

1959 1292 2078 1338 erat
2123 1299 2258 1354 opus
2301 1301 2315 1338 :
2353 1284 2606 1340 omnibus
2661 1283 2918 1344 similiter
2967 1284 3237 1342 dabantur
3269 1284 3548 1347 alimenta.

1962 1378 2138 1442 Atque
2181 1375 2551 1438 meminerunt
2575 1376 2820 1446 quidem,
2856 1376 2950 1448 qui
3001 1378 3073 1434 ad
3125 1378 3244 1438 haec
3273 1377 3552 1436 ministra-

1968 1472 2114 1537 bant,
2135 1484 2194 1524 se
2227 1483 2334 1525 uno
2362 1470 2450 1528 die
2469 1470 2755 1541 plusquam
2787 1479 3011 1531 centum
3057 1484 3274 1528 mesas
3296 1483 3541 1541 parasse.

1969 1561 2037 1617 Et
2072 1562 2339 1619 humanus
2373 1563 2592 1632 quidem
2644 1562 3032 1624 misericordiae
3069 1561 3191 1620 fons
3213 1572 3334 1618 erat
3367 1559 3554 1629 hujus.-

1971 1654 2140 1719 modi,
2173 1665 2227 1710 et
2260 1665 2404 1753 tam!
2423 1654 2647 1716 aliunde.
2696 1655 3022 1718 scatur-iens.
3059 1654 3154 1712 Dei
3183 1663 3366 1717 autem
3429 1652 3554 1714 fons

272 1751 494 1822 qualis?
524 1748 776 1820 Nunquid
807 1756 892 1801 est
915 1744 1290 1810 manifestum,
1317 1744 1458 1816 quod
1493 1743 1678 1800 multis
1709 1755 1872 1814 atque
1909 1747 2044 1801 adeo
2075 1747 2300 1804 inﬁnitis
2360 1743 2620 1816 ‘partibus
2659 1746 2989 1818 superabat?
3037 1744 3191 1802 Nunc
3239 1755 3424 1804 autem
3447 1744 3546 1802 de-

269 1845 510 1906 clarabit
539 1845 741 1906 oratio,
765 1841 1092 1912 quibusnam
1135 1841 1374 1907 indiciis,
1416 1849 1472 1896 et
1511 1841 1671 1896 linem
1695 1840 1937 1912 imponet
1971 1842 2041 1907 ci,
2069 1843 2213 1912 quod
2243 1855 2326 1900 est
2357 1843 2620 1915 pollicita.
3013 1834 3022 1848 ’

346 1942 414 2011 λ’.
467 1938 786 1995 Ἐπσίδευσέ
829 1957 961 1993 ποτε
1006 1940 1107 2008 τὴν
1152 1939 1255 2007 γῆν
1283 1941 1312 1991 ὀ
1342 1938 1508 2002 Θεὸς,
1560 1937 1850 1991 ἐπαίδευσε

2025 1939 2116 1995 50.
2140 1939 2456 2010 Castigabat
2485 1941 2777 2011 aliquando
2810 1949 3010 2002 terram
3045 1942 3210 2008 Deus,
3241 1939 3549 2011 castigabat

270 2035 330 2088 δὲ
357 2033 524 2104 λιμῷ,
575 2031 672 2086 καὶ
707 2031 887 2101 ὀλίγος
929 2031 1029 2085 οὑκ
1059 2031 1152 2084 ἐπὶ
1190 2030 1387 2102 βραχὺ,
1419 2030 1541 2084 οὑδὲ
1589 2031 1698 2084 τῶν
1731 2030 1854 2101 μὲν,

272 2126 387 2180 τῶν
407 2126 463 2179 δὲ
488 2127 550 2179 οὑ
579 2126 941 2195 κατεκράτει,
1005 2125 1123 2178 ἀλλ’
1164 2123 1324 2195 ἐπῄει
1371 2126 1536 2179 πᾶσιν
1570 2127 1604 2198 ἡ
1661 2108 1861 2195 μάστιξ

272 2219 516 2288 ὁμοίωςο
578 2217 724 2273 οὑτω
767 2219 822 2272 δὲ
872 2219 982 2272 τῶν
1028 2217 1332 2288 ἀνθρώπων
1376 2219 1716 2288 πιεζομένων
1773 2219 1864 2272 διὰ

275 2312 468 2364 κακῶν
554 2311 730 2381 ἔργων
812 2311 1126 2364 ἀντέκτισιν
1205 2309 1379 2379 (ἐπεὶ
1447 2312 1540 2374 καὶ
1608 2311 1864 2383 πονηρῶν

275 2401 737 2472 ἐπιτηδευμάτων
798 2400 1041 2470 Μιχαίας
1077 2402 1108 2454 ὁ
1140 2399 1282 2463 θεῖος
1329 2401 1542 2471 καρπὸν
1600 2397 1741 2454 εἶναι
1795 2402 1865 2456 τὰ

275 2493 507 2547 τοιαῦτα
565 2493 746 2562 φησι),
781 2492 874 2546 καὶ
907 2493 940 2562 ὴ
991 2491 1101 2544 τῶν
1131 2490 1298 2561 βαῒων
1347 2492 1652 2560 παρίστατο
1679 2491 1863 2562 ἑορτὴ,

278 2585 404 2640 καθ’
437 2586 503 2656 ἣν
524 2585 585 2638 τὸ
612 2585 720 2638 τῶν
771 2585 1020 2654 πενήτων
1061 2584 1153 2636 καὶ
1184 2582 1459 2652 ἀγροίκων
1497 2582 1700 2653 πλῆθος
1732 2583 1868 2655 πρό-

278 2695 449 2748 φασιν
496 2677 675 2731 λαϐὼν
728 2675 830 2747 τὴν
882 2677 1190 2746 πανήγυριν
1242 2675 1512 2745 ἐπεδήμει
1578 2673 1658 2743 τῷ
1714 2673 1867 2744 τόπῳ

277 2771 385 2841 ἤδη
413 2770 512 2840 μὲν
543 2771 639 2824 καὶ
668 2771 737 2822 δι’
769 2769 924 2839 ΕΘους
949 2768 1106 2821 τοῦτο
1133 2767 1437 2832 ποιοῦντες,
1468 2766 1604 2822 ἀλλὰ
1631 2767 1725 2821 καὶ
1746 2767 1867 2820 τότε

280 2864 384 2915 καὶ
413 2860 576 2913 πλέον
613 2861 718 2914 ὑπὸ
763 2859 857 2912 τοῦ
889 2859 1050 2930 λιμοῦ
1079 2859 1453 2927 κελευόμενοι.
1485 2858 1549 2910 Οἱ
1577 2856 1708 2926 γοῦν
1739 2857 1868 2927 περὶ

280 2951 384 3023 τὴν
439 2951 816 3024 ἁριστοποιίαν
873 2949 1284 3020 διακονούμενοι
1350 2949 1488 3019 πρὸς
1545 2949 1608 3002 τὸ
1661 2948 1868 3017 πλῆθος

285 3045 696 3114 ἰλιγγιάσαντες
737 3044 842 3098 ὑπὸ
881 3043 1144 3114 σταομοῖς
1171 3059 1282 3096 τισι
1317 3043 1408 3096 καὶ
1432 3040 1619 3109 ζυγοῖς
1643 3041 1741 3112 τὴν
1769 3041 1869 3110 τῆς

281 3139 494 3211 τροφῆς
523 3135 794 3190 ποιεῖσθαι
831 3135 1091 3205 διανομὴν
1124 3134 1244 3206 [alii
1271 3131 1550 3205 διακονὴν]
1572 3132 1870 3203 ἐπειρῶντο

283 3231 366 3292 ὡς
395 3229 464 3284 ἂν
507 3232 572 3298 τῇ
620 3227 792 3298 φειδοῖ
834 3227 1005 3298 ταύτῃ
1037 3228 1133 3279 καὶ
1161 3225 1421 3297 ἀκριϐείᾳ
1454 3227 1590 3296 πρὸς
1619 3225 1870 3286 πλείονας

1965 2042 2144 2088 autem
2180 2032 2324 2088 fame
2360 2049 2374 2085 :
2407 2042 2528 2090 erat
2548 2042 2742 2113 autem
2795 2048 2904 2089 non
2934 2033 3116 2089 brevis
3141 2033 3324 2103 aliqua
3354 2030 3551 2096 fames,

1969 2140 2143 2196 neque
2194 2125 2247 2180 in
2295 2125 2396 2181 bos
2443 2123 2662 2194 quidem
2709 2123 3114 2188 dominabatur,
3153 2123 3209 2178 in
3259 2123 3396 2178 alios
3424 2137 3555 2178 vero

1970 2233 2111 2284 non;
2149 2217 2243 2272 sed
2275 2232 2342 2271 ex
2376 2230 2531 2286 aequo
2559 2229 2753 2271 omnes
2802 2216 3076 2270 invaserat
3101 2213 3391 2285 ﬂagellum.
3418 2212 3553 2268 Cum

1971 2310 2050 2366 sic
2097 2318 2280 2366 autem
2333 2308 2703 2380 alili'gerentur
2759 2308 3032 2374 homines,
3077 2317 3137 2363 ut
3191 2323 3406 2371 eorum,
3436 2321 3560 2377 qua:

1970 2401 2236 2457 scelerate
2259 2392 2718 2468 fecerant,poénas
2735 2399 2932 2454 darent
2956 2397 3241 2469 (malorum
3265 2397 3411 2452 enim
3437 2404 3556 2450 stu—

1971 2493 2184 2548 diorum
2219 2491 2334 2548 ltaec
2358 2507 2481 2560 esse
2507 2491 2767 2558 fructum,
2802 2493 2932 2549 dicit
2967 2491 3184 2548 divinus
3211 2488 3555 2557 Michaaas'!)

1972 2594 2025 2640 et
2053 2585 2268 2640 adesset
2295 2584 2410 2639 dies
2457 2583 2629 2640 festus
2659 2583 2992 2652 Palmarum,
3028 2597 3138 2652 quo
3181 2595 3474 2650 pauperum
3502 2587 3560 2644 et

1973 2678 2266 2746 agrestium
2313 2675 2625 2738 multitudo,
2673 2674 2798 2730 festi
2849 2681 3072 2743 accepta
3137 2672 3445 2736 occasione,
3503 2670 3556 2726 in

1975 2783 2097 2822 cum
2131 2768 2306 2823 locum
2337 2775 2685 2836 conuenerat,
2733 2766 2848 2834 jam
2882 2765 2986 2820 hoc
3016 2764 3230 2832 quidem
3263 2779 3362 2832 pro
3406 2777 3558 2818 more

1977 2859 2253 2926 facientes,
2287 2860 2380 2914 sed
2417 2870 2542 2913 tunc
2572 2857 2744 2928 magis
2791 2871 2819 2910 a
2863 2855 3004 2910 fame
3031 2854 3189 2924 jussi.
3225 2854 3329 2920 Qui
3361 2855 3548 2920 itaque

1976 2953 2041 3007 ad
2081 2953 2381 3023 parandum
2441 2951 2729 3021 prandium
2793 2948 3187 3012 inserviebam,
3244 2945 3313 3001 ad
3352 2952 3557 3000 tantam

1976 3043 2275 3114 caligantes
2329 3041 2770 3106 multitudinem,
2845 3040 3186 3094 conabantur
3238 3034 3557 3106 quibusdam

1978 3135 2130 3190 libris
2153 3145 2209 3190 et
2230 3134 2446 3203 trutinis
2469 3133 2784 3188 alimentum
2814 3129 3164 3194 distribuere,
3189 3134 3250 3182 ut
3273 3125 3378 3182 bac
3399 3139 3562 3180 accuo

1979 3238 2098 3284 rata
2125 3226 2418 3296 subtilique
2446 3226 2658 3280 ratione
2681 3232 2738 3280 et
2771 3223 3036 3292 parcitate
3089 3226 3275 3290 posset
3318 3216 3563 3288 pluribus

284 3324 506 3395 ἀρκέσῃ
525 3322 592 3374 τὰ
607 3322 704 3392 τῆς
720 3321 946 3391 τροφῆς.
965 3318 1023 3372 '0
1037 3319 1095 3372 δὲ
1115 3318 1353 3390 σταθμὸς
1367 3319 1436 3373 αὑ
1451 3321 1551 3380 ιοίς
1569 3321 1646 3380 εἰς
1665 3316 1868 3386 λίτραν,

1982 3321 2296 3375 alimentum
2337 3316 2602 3373 sullicere.
2639 3315 2856 3370 Pondns
2887 3322 3067 3371 autem
3120 3309 3200 3368 eis
3232 3308 3298 3366 ad
3344 3306 3562 3371 librant,

280 3417 365 3480 ὡς
403 3416 467 3471 ἄν
491 3432 576 3478 τις
630 3414 776 3466 εἴποι
811 3413 1026 3484 γλώττῃ
1061 3411 1352 3480 Ῥωμαίων
1381 3411 1684 3481 χρώμενος,
1716 3425 1874 3479 περι-

289 3509 508 3562 ίστατο·
543 3505 758 3575 παριών
787 3522 846 3559 τε
873 3507 901 3558 ὁ
935 3505 1109 3575 μέγας
1140 3505 1236 3560 καὶ
1263 3504 1325 3560 τὸ
1354 3503 1724 3573 πραττόμενον
1753 3501 1873 3573 ὄψει

285 3596 652 3665 παραλαϐὼν,
714 3595 910 3666 πλήθει
939 3613 999 3650 τε
1034 3595 1216 3665 πολλῷ
1256 3595 1355 3658 τὰς
1394 3593 1570 3656 πύλας
1610 3593 1869 3663 βιαζομέ-

286 3708 412 3754 νας,
439 3691 537 3744 καὶ
563 3690 624 3743 τὸ
653 3689 747 3744 τοῦ
788 3687 906 3742 Ἰὼϐ
945 3687 1132 3760 ὥσπερ
1177 3687 1273 3741 καὶ
1313 3687 1476 3760 αὑτὸς
1532 3689 1751 3754 φρονεῖν
1781 3685 1874 3739 καὶ

286 3783 472 3850 λέγειν
531 3781 985 3852 πεπαιδευμένος,
1041 3782 1122 3835 ὅτι
1156 3781 1231 3852 μὴ
1265 3779 1372 3845 ἔξω
1431 3779 1681 3850 ηὐλίζετο
1724 3778 1874 3842 ξένος

287 3875 392 3930 καὶ
421 3877 620 3946 ἡούρα
667 3893 767 3946 μου
826 3877 988 3930 παντὶ
1031 3875 1294 3944 ὁδοιπόρῳ
1347 3873 1605 3942 ἀνέῳκτο,
1663 3871 1875 3926 κελεύει

287 3969 392 4030 τὰς
444 3967 622 4030 πύλας
668 3969 1108 4029 διαπετασαντας
1141 3966 1392 4032 εἰσιτητὰ
1429 3966 1600 4018 θεῖναι
1624 3966 1690 4018 τὰ
1723 3965 1873 4026 ἐντὸς

291 4062 430 4113 πᾶσι
451 4062 563 4123 τοῖς
589 4059 934 4130 βουλομένοις
961 4075 974 4089 °
1003 4055 1120 4112 εἶτα
1146 4060 1243 4112 καὶ
1268 4059 1368 4121 τὰς
1404 4058 1658 4128 συνήθεις
1693 4074 1873 4131 παρα-

290 4149 469 4202 οείναι
518 4149 798 4230 τραπέζας
857 4149 1134 4217 ἀνδράσιν,
1197 4144 1276 4212 οἷς
1308 4149 1469 4219 ἔργον
1521 4151 1616 4202 καὶ
1658 4147 1877 4218 ἀριθμῷ

288 4243 498 4306 δοῦναι,
535 4244 609 4313 μή
643 4260 696 4295 τι
719 4259 782 4310 γε
815 4243 952 4304 ὅλως
983 4243 1079 4298 καὶ
1108 4246 1279 4313 τροφῇ
1309 4243 1552 4314 κορέσαι.
1581 4243 1738 4296 ’Ὅσοι
1775 4242 1875 4311 μὲν

290 4333 428 4407 προς
455 4332 614 4386 τοῦτο
650 4335 939 4404 ὑπηρετεῖν
993 4333 1240 4404 ἔμελλον,
1268 4335 1372 4397 ἓως
1409 4335 1508 4404 μὲν
1545 4335 1682 4404 πρὸς
1718 4334 1877 4404 μόνον

292 4428 484 4491 ἁπλῶς
514 4428 573 4482 τὸ
601 4427 804 4497 πλῆθος
860 4427 1071 4498 ἐώρων,
1137 4429 1495 4491 ἀπιστοῦντες
1523 4431 1686 4498 μόνον
1712 4424 1874 4499 ἦσαν,

287 4521 393 4590 οὑχ
431 4522 580 4589 ὅπως
605 4521 668 4592 δή
701 4539 756 4575 τι
785 4521 880 4574 καὶ
921 4521 1272 4594 ἐνεργοῦντες
1317 4523 1423 4593 ἰδίᾳ
1450 4505 1549 4592 τὴν
1571 4521 1878 4591 ὑπερϐολὴν

289 4614 389 4666 τοῦ
436 4614 827 4684 κελεύσματος.
865 4617 1018 4668 Ἐπεὶ
1038 4617 1095 4670 δὲ
1121 4617 1215 4669 καὶ
1247 4616 1382 4687 πρὸς
1411 4615 1512 4686 τὴν
1549 4615 1750 4685 ἀρετὴν
1782 4617 1876 4670 καὶ
1909 4655 1953 4714 D

291 4709 395 4773 τὴν
423 4708 587 4778 χάριν
617 4708 710 4761 τοῦ
748 4709 1115 4780 κελεύσματος
1151 4709 1307 4776 εἶδον,
1336 4709 1653 4780 ἀπέστησάν
1677 4726 1736 4762 τε
1765 4711 1873 4763 τῶν

295 4799 658 4868 ἀνθρωπίνων
705 4805 799 4855 καὶ
860 4803 1195 4875 ὑψηλότερον
1242 4803 1497 4874 ἔϐλεψαν.
1558 4802 1774 4872 ἣνοιγόν
1814 4821 1874 4857 τε

296 4893 401 4955 τὰς
466 4893 642 4958 πύλας
691 4895 896 4958 εὐθέως
925 4936 939 4959 ,
988 4898 1084 4950 καὶ
1131 4898 1382 4966 ἁσμένως
1432 4897 1560 4960 τοὺς
1607 4897 1877 4960 εἰσιόντας

293 4985 544 5055 ἐδέχοντο
571 5027 586 5051 ,
653 4982 774 5040 εἶτα
832 4989 926 5041 καὶ
975 4989 1114 5060 πρὸς
1184 4990 1464 5060 τραπέζας
1511 4989 1876 5056 διεπονοῦντο,

293 5081 394 5134 καὶ
439 5079 640 5150 ἱλαρῶς
691 5081 1018 5152 παρετίθουν
1068 5082 1208 5135 αὑτὰ
1242 5081 1417 5134 ταῦτα
1441 5083 1542 5134 ὅσα
1594 5085 1876 5152 παρεῖχον.

293 5176 363 5227 Τί
397 5170 491 5230 οὖν
509 5175 539 5229 ὀ
564 5175 673 5228 τῶν
699 5175 1022 5246 Θαυμασίων
1059 5176 1192 5240 Θεός
1216 5191 1232 5242 ;
1263 5177 1463 5246 ’Ἤρκει
1511 5177 1606 5230 καὶ
1627 5175 1782 5240 αὖθις
1810 5175 1881 5230 δι’

290 5267 493 5334 ὀλίγων
519 5267 743 5338 τρέφειν
795 5267 976 5339 πλήθη
1021 5268 1213 5336 πολλὰ,
1261 5267 1452 5340 ὥσπερ
1487 5267 1596 5337 ἄρα
1625 5268 1720 5321 καὶ
1765 5269 1879 5330 τοῖς

297 5358 458 5412 πέντε
482 5359 669 5430 ἄρτοις
706 5360 834 5425 τοὺς
881 5361 1357 5433 πεντακισχιλίους
1380 5359 1442 5414 τδ
1472 5360 1735 5432 πρότερον
1765 5358 1880 5430 ἅμα

292 5451 429 5520 γοῦν
452 5450 678 5504 αὑτοίτε
699 5453 798 5514 τὰς
827 5453 1100 5524 γαστέρας
1125 5450 1490 5522 ἐπίμπλαντο,
1510 5451 1605 5502 καὶ
1630 5450 1686 5502 al
1709 5450 1872 5520 ἀρτο-

294 5543 466 5613 οῆκαι
515 5541 810 5597 κατάπλεω
859 5543 969 5596 τῶν
992 5542 1173 5613 ἄρτων
1206 5540 1535 5602 ἐδείκνυντο,
1573 5537 1669 5592 καὶ
1691 5537 1742 5590 οἱ
1777 5537 1876 5608 μὲν

296 5636 480 5690 πάντα
509 5635 781 5689 ἐπιλιπεῖν
815 5635 1087 5704 ἐνόμιζον,
1108 5636 1157 5687 Ol
1184 5635 1242 5696 δὲ
1273 5633 1500 5704 πλήρεις
1531 5626 1674 5704 ἦσαν
1715 5629 1878 5688 πλέον

305 5728 643 5799 ῆπαρέσχον
695 5729 1123 5794 ἀντιλαϐοὖσαι,
1181 5729 1277 5782 καὶ
1335 5729 1402 5780 δι’
1464 5726 1630 5797 εὑχῆς
1688 5724 1878 5795 ὥσπερ

387 5889 424 5918 ¹⁹
459 5885 602 5942 Muli
663 5903 730 5951 τι,
791 5890 867 5943 15.
953 5892 1118 5946 "Job
1172 5905 1320 5952 xui,
1377 5891 1432 5942 I7
1482 5896 1530 5942 et
1579 5885 1660 5942 l8.

1977 3421 2034 3466 ut
2064 3411 2262 3466 dixerit
2295 3409 2564 3480 quispiam
2593 3416 2749 3461 utens
2775 3405 2959 3472 lingua
2989 3404 3378 3465 Romanorum,
3411 3397 3561 3452 redi-

1977 3503 2088 3558 bat.
2135 3501 2418 3564 Accedens
2449 3508 2630 3552 antem
2667 3510 2894 3567 magnus
2927 3493 3015 3548 ille
3045 3489 3404 3556 Theodosius,
3439 3502 3562 3542 cum

1975 3593 2029 3648 id
2075 3591 2218 3660 quod
2254 3589 2438 3656 ﬁebat,
2487 3588 2606 3652 visu
2669 3584 3141 3655 apprehendisset,
3185 3589 3239 3636 et
3293 3593 3324 3634 a
3369 3591 3564 3647 magna

1976 3678 2323 3744 multitudine
2365 3682 2476 3738 vim
2524 3678 2704 3736 allerri
2746 3677 2954 3749 januis,
2991 3687 3048 3732 et
3073 3675 3212 3730 idem
3270 3670 3414 3742 quod
3439 3669 3560 3735 Job,

1976 3779 2261 3840 didicisset
2289 3775 2496 3834 sentire
2525 3782 2582 3830 et
2610 3773 2790 3838 dicere
2822 3787 2836 3822 :
2865 3768 3022 3830 Foris
3059 3784 3160 3823 non
3195 3763 3566 3819 diversabatnr

1976 3874 2181 3943 hospes,
2211 3877 2261 3924 et
2287 3868 2494 3936 patebat
2520 3866 2714 3920 ostium
2743 3868 2885 3916 omni
2918 3857 3103 3914 viatori
3136 3856 3216 3922 ¹¹;
3254 3853 3410 3925 jubet
3438 3867 3566 3921 por-

1976 3977 2062 4024 tas
2089 3964 2312 4038 aperiri,
2346 3971 2402 4019 et
2431 3960 2782 4032 permittere,
2835 3963 2896 4008 ut
2930 3967 3128 4009 omnes
3165 3950 3405 4004 volentes
3441 3960 3566 4016 pos-

1978 4073 2095 4117 sent
2127 4057 2334 4130 ingredi
2370 4071 2386 4108 :
2413 4063 2470 4109 et
2497 4051 2807 4114 hominibus
2838 4060 3056 4102 mensas
3083 4047 3376 4114 consuetas
3402 4051 3568 4108 appo-

1980 4168 2128 4217 nere,
2157 4129 2293 4220 quos
2324 4145 2538 4204 dillicile
2579 4153 2701 4199 erat
2733 4140 2815 4195 vel
2856 4151 3168 4201 numerare,
3227 4147 3334 4202 non
3392 4129 3568 4186 solum

1979 4260 2072 4300 eos
2105 4219 2224 4296 cibo
2263 4241 2482 4295 satiare.
2520 4236 2845 4305 Quicunque
2896 4243 3026 4302 ergo
3059 4227 3108 4282 ei
3150 4233 3307 4281 erant
3341 4219 3568 4277 inservi-

1980 4337 2109 4399 tnri,
2158 4333 2374 4401 quando
2446 4331 2514 4385 ad
2569 4329 2742 4384 solam
2795 4319 3167 4379 tantummodo
3236 4314 3574 4387 aspiciebant

1981 4426 2402 4488 multitudinem,
2463 4437 2567 4476 non
2610 4418 2906 4474 credebant
2947 4431 2962 4468 :
3009 4419 3218 4466 tantum
3273 4410 3447 4472 abest,
3512 4415 3572 4458 ut

1980 4520 2181 4588 aliquid
2227 4519 2502 4580 lacerent,
2568 4512 2854 4581 propterea
2915 4505 3062 4577 quod
3127 4501 3343 4558 modum
3395 4497 3572 4567 iussio

1982 4613 2366 4685 exsuperabat.
2407 4610 2703 4678 Postquam
2738 4609 2918 4658 autem
2949 4604 3286 4670 aspexerunt
3308 4597 3374 4648 ad
3405 4593 3572 4646 virtu-

1985 4720 2094 4766 tem
2118 4718 2172 4764 et
2200 4705 2430 4777 gratiam
2464 4700 2602 4772 ejus,
2637 4698 2728 4769 qui
2756 4695 3003 4766 iubebat,
3045 4691 3113 4746 ab
3147 4686 3400 4754 humanis
3447 4685 3573 4739 des-

1980 4803 2228 4862 titerunt,
2270 4807 2327 4854 et
2371 4795 2537 4856 altius
2623 4795 2998 4866 aspergerunt,
3055 4792 3111 4840 et
3160 4788 3342 4850 portas
3389 4777 3573 4834 statim

1983 4898 2334 4965 aperuerunt,
2383 4898 2439 4945 et
2465 4886 2716 4944 lubenter
2769 4880 3108 4938 admiserunt
3139 4887 3234 4932 eos
3257 4872 3350 4945 qui
3393 4869 3576 4926 venie-

1985 4988 2119 5043 bant
2151 5001 2168 5039 :
2201 4995 2258 5041 et
2277 4981 2478 5040 deinde
2507 4979 2673 5037 etiam
2700 4973 2958 5045 parandis
2979 4969 3186 5026 mensis
3219 4967 3423 5023 dabant
3445 4977 3574 5034 ope-

1979 5096 2119 5146 ram,
2152 5087 2209 5134 et
2266 5075 2513 5132 hilariter
2559 5086 2625 5128 ea
2653 5070 2817 5128 etiam
2848 5065 3216 5136 apponebant,
3253 5073 3374 5130 quae
3405 5057 3572 5112 babe-

1979 5173 2127 5227 bant.
2160 5167 2300 5236 Quid
2325 5181 2456 5240 ergo
2488 5165 2628 5222 Deus
2647 5155 3090 5236 admirabilium?
3115 5155 3328 5236 Rursus
3355 5160 3574 5220 quoque

1977 5261 2193 5319 suﬂ‘ecit
2224 5260 2291 5316 ad
2349 5256 2535 5330 paucis
2563 5255 2811 5310 alendam
2844 5263 3096 5318 magnam
3133 5241 3569 5301 multitudinem,

1978 5357 2121 5412 sicut
2151 5355 2317 5410 etiam
2351 5351 2506 5420 prius
2563 5348 2804 5418 quinque
2834 5343 3072 5424 panibus
3099 5339 3344 5409 quinque
3381 5331 3572 5388 millia.

1985 5447 2160 5507 Simul
2189 5461 2320 5517 ergo
2345 5459 2534 5500 eorum
2555 5439 2759 5512 impleti
2791 5446 2921 5495 sunt
2963 5443 3202 5498 ventres,
3225 5438 3281 5484 et
3308 5439 3448 5517 arcae
3473 5436 3547 5517 pa

1988 5541 2153 5597 naria:
2183 5516 2613 5594 ostendebantur
2637 5533 2807 5604 plenae
2850 5529 3079 5600 panibus
3112 5541 3130 5579 :
3163 5530 3219 5577 et
3245 5520 3316 5574 illi
3353 5516 3571 5586 quidem

1987 5629 2376 5687 existimabant
2427 5625 2564 5691 fore,
2596 5632 2656 5679 ut
2703 5621 2885 5676 omnia
2948 5617 3288 5674 deﬁcerent:
3335 5622 3413 5663 ea:
3443 5619 3575 5660 vero

1990 5732 2149 5778 erant
2177 5718 2368 5790 plena,
2399 5728 2450 5774 ct
2475 5716 2628 5789 plura
2658 5713 2916 5771 tenebant
2943 5722 3106 5783 quam
3133 5703 3491 5776 praebuerant,
3523 5704 3580 5752 et
