3886 6464
229 441 390 515 199

1488 443 1770 506 MENSIS
1810 444 2266 508 IANUARIUS.

3429 450 3534 512 560

279 573 374 629 per
395 555 695 612 orationem
716 551 878 610 velutl
902 551 970 608 ad
991 550 1272 622 replendus
1305 558 1525 609 ventres
1559 566 1857 624 pauperum

1976 555 2046 618 ιις
2095 555 2196 620 τὰς
2259 553 2368 609 τῶν
2444 554 2690 626 πενήτων
2781 555 3056 626 γαστέρας
3121 555 3542 624 πολυγονῷτατα

277 647 572 719 plurimum
623 644 859 704 fructum
896 641 1289 715 produxerant.
1318 641 1410 698 Sic
1444 657 1544 714 pro
1569 642 1688 713 ejus
1727 657 1860 711 pro-

275 737 603 810 positoDeus
627 735 800 807 ipsum
822 745 907 790 est
937 742 1342 800 remuneratus,
1364 743 1419 790 et
1440 749 1540 805 pro
1555 733 1672 804 ejus
1698 734 1856 790 bene-

281 830 500 887 tlcentia
558 829 616 886 in
649 841 938 900 pauperes,
993 841 1100 882 non
1163 827 1338 883 solum
1388 826 1603 882 abunde
1633 828 1866 897 desuper

277 924 472 992 pluens
525 931 749 993 pr0pter
803 921 924 992 ejus
965 920 1282 992 muniﬁcam
1335 919 1724 986 voluntatem,‘
1768 921 1864 974 sed

275 1015 440 1069 etlam
458 1013 718 1081 etliciens,
749 1023 806 1068 ut
831 1013 911 1067 vir
953 1011 1043 1068 ille
1082 1011 1138 1066 in
1187 1011 1544 1068 admiratione
1571 1010 1865 1067 haberetur

277 1117 333 1162 et
359 1106 754 1176 celebraretur,
785 1115 1072 1178 propterea
1102 1104 1246 1176 quod
1287 1103 1360 1160 sit
1403 1103 1626 1158 minime
1665 1101 1862 1159 falsum

278 1178 630 1270 promissum.
661 1197 920 1257 Promisit
950 1197 1094 1252 enim
1120 1211 1216 1252 eos
1254 1195 1583 1268 gloriﬁcare,
1613 1197 1708 1266 qui
1738 1211 1863 1251 eum

277 1294 454 1345 sciunt
484 1289 790 1359 gloriﬁcare
823 1302 923 1360 per
955 1301 1119 1358 opera
1151 1288 1216 1341 ι’.

349 1381 439 1436 51.
470 1379 600 1437 Post
634 1382 740 1436 hoc
779 1389 958 1439 autem
992 1378 1138 1433 aliud
1188 1391 1405 1448 quoque
1437 1377 1671 1443 dicatur,
1709 1377 1856 1447 quod

281 1487 466 1541 parem
491 1472 737 1527 continet
761 1481 816 1526 et
860 1469 1153 1527 voluntatis
1191 1469 1643 1534 muniﬁcentiam,
1679 1477 1734 1524 et
1761 1483 1864 1538 pa-

281 1564 459 1620 trandi
487 1564 732 1621 miraculi
767 1564 1046 1621 virtutem.
1098 1561 1309 1620 Rursus
1338 1573 1456 1618 erat
1491 1563 1610 1619 dies
1665 1562 1858 1628 festus,

281 1664 338 1711 et
365 1655 538 1712 festus
571 1656 810 1726 Virginis
847 1656 941 1712 Dei
993 1655 1184 1713 Matris
1230 1673 1244 1712 :
1281 1657 1337 1713 in
1389 1670 1522 1726 quo,
1577 1666 1861 1726 propterea

279 1748 425 1818 quod
455 1760 575 1806 erat
616 1749 771 1806 valde
816 1749 1044 1821 insignis
1078 1764 1142 1806 ac
1195 1749 1477 1816 solemnis,
1524 1759 1631 1804 tam
1663 1763 1856 1820 magna

1965 648 2381 718 γεωργήσασαι.
2444 645 2632 712 Οὕτως
2681 648 2844 702 αὑτὸν
2893 649 2923 702 δ
2985 646 3118 712 Θεὸς
3158 649 3419 720 ὴμείσετο
3444 653 3544 722 τῆς

1964 739 2298 808 προθέσεως,
2355 738 2500 792 οὕτω
2525 739 2623 810 τῆς
2677 741 2809 812 περὶ
2833 741 2962 805 τοὺς
2994 739 3237 812 πένητας
3267 741 3541 808 εὐποιίας,

1961 832 2024 885 οὗ
2059 831 2223 902 μόνον
2244 833 2494 904 ἀφθόνως
2523 833 2732 889 ἄνωθεν
2767 835 2998 900 ὕετίζων
3031 834 3120 889 διὰ
3146 835 3246 907 τὴν
3271 836 3542 902 ἀφθονίαν

1961 924 2062 994 τῆς
2121 924 2515 995 προαιρέσεως,
2565 924 2702 980 ἀλλὰ
2731 926 3010 998 πανταχοῦ
3039 926 3456 998 θαυμαζόμενόν
3481 945 3541 982 τε

1963 1016 2059 1068 καὶ
2084 1016 2476 1088 περιᾳδόμενον
2503 1016 2594 1070 τδν
2626 1017 2795 1088 ἄνδρα
2821 1016 3104 1085 δεικνύων,
3124 1018 3225 1075 διὰ
3243 1019 3303 1073 τὸ
3361 1018 3542 1089 ἄψαυ-

1966 1124 2095 1162 στον
2135 1108 2234 1179 τῆς
2275 1109 2634 1178 ἐπαγγελίας.
2678 1109 2944 1177 Δοεάζειν
3008 1111 3121 1182 γὰρ
3176 1111 3545 1183 ἐπηγγείλατο

1963 1200 2092 1265 τοὺς
2119 1199 2208 1256 διὰ
2231 1201 2341 1256 τῶν
2368 1201 2551 1276 ἔργων
2585 1201 2748 1257 αὐτὸν
2768 1201 3015 1270 δοξάζειν
3046 1202 3467 1273 ἐπισταμένους.

2035 1374 2140 1433 λα’.
2171 1377 2429 1448 Λεγέσθω
2455 1379 2748 1451 τοιγαροῦν
2778 1381 2870 1435 ἐπὶ
2899 1381 3073 1451 τούτῳ
3097 1382 3192 1436 καὶ
3214 1381 3423 1452 ἕτερον,
3441 1382 3546 1452 τῆς

1964 1471 2157 1542 ὁμοίας
2209 1470 2272 1525 ὃν
2303 1471 2397 1526 καὶ
2429 1474 2562 1543 περὶ
2605 1474 2703 1541 τὴν
2743 1474 3064 1545 προαίρεσιν
3093 1473 3397 1544 δαψιλείας,
3449 1477 3547 1529 καὶ

1964 1564 2093 1634 πι-ιρῖ⁵
2115 1563 2213 1636 τὴν
2261 1564 2706 1637 θαυματουργίαν
2774 1566 3077 1637 δυνάμεως.
3152 1566 3344 1638 Ἐορτὴ
3379 1566 3546 1622 πάλιν

1961 1647 2052 1724 ἦν,
2099 1654 2192 1708 καὶ
2223 1657 2258 1726 ἡ
2285 1656 2447 1728 ἐορτη
2475 1659 2574 1728 τῆς
2606 1656 2882 1728 Παρθένου
2917 1659 3013 1713 καὶ
3064 1659 3428 1731 Θεομήτορος,
3485 1661 3548 1713 ἐν

1963 1739 2118 1818 ᾗδιὰ
2168 1746 2230 1800 τὸ
2259 1747 2380 1801 λίαν
2431 1749 2705 1820 ἐπίσημον
2751 1749 2894 1804 οὕτω
2935 1768 2988 1804 τι
3037 1750 3171 1806 πολὺ
3207 1750 3437 1821 συνῆλθε
3484 1752 3548 1806 τὸ

279 1852 609 1899 convenerat
639 1843 925 1900 multitudo
955 1843 1265 1916 (oportebat
1289 1843 1436 1899 enim
1458 1852 1514 1898 et
1544 1842 1663 1898 fcsti
1696 1857 1860 1898 causa

1976 1836 2170 1905 πλῆθος
2201 1837 2329 1906 (ἔδει
2349 1839 2459 1912 γὰρ
2505 1840 2602 1894 καὶ
2627 1841 2716 1894 διὰ
2735 1841 2833 1914 τὴν
2864 1841 2965 1913 τῆς
2995 1842 3187 1914 ἑορτῆς
3213 1843 3392 1897 αἰτίαν
3416 1842 3550 1896 πολ.

278 1949 401 1990 esse
431 1935 632 1993 multos
661 1912 1054 2003 celebraturos,
1108 1945 1165 1992 et
1191 1935 1312 2007 ejus
1343 1935 1434 2006 qui
1480 1933 1602 1991 festi
1636 1935 1866 1992 celebri.

1976 1927 2091 1992 toil;
2122 1925 2414 1993 εἶναιτοὺς
2442 1912 2937 2002 πανηγυρίζοντας,
2983 1912 3080 1985 καί
3103 1930 3202 2002 τὴν
3246 1931 3342 1985 τοῦ
3372 1949 3550 2002 πανηφ

279 2034 446 2082 tatem
498 2027 808 2098 peragebat.
836 2027 1140 2095 dexteram,
1176 2038 1295 2095 aut,
1329 2036 1388 2083 ut
1447 2027 1631 2098 pulius
1663 2027 1862 2092 dica,

281 2119 642 2187 propositum,
675 2120 874 2176 habere
909 2120 1074 2175 etiam
1128 2120 1510 2176 convenienter
1548 2099 1743 2175 multos
1773 2120 1864 2190 qui

284 2206 584 2278 alerentur)
614 2218 674 2262 ut
715 2222 782 2264 ne
812 2207 1126 2265 sufﬁcerent
1180 2209 1396 2281 quidem
1440 2211 1508 2266 ad
1558 2209 1864 2266 faciendum

280 2297 603 2355 accumbere
649 2312 744 2354 eos
791 2299 884 2370 qui
961 2299 1321 2368 accedebant,
1372 2299 1448 2356 illi
1507 2300 1703 2370 quibus
1762 2301 1866 2356 hoc

282 2389 637 2446 commissum
666 2389 882 2458 fuerat;
917 2400 1124 2446 tantum
1143 2392 1318 2459 abest,
1348 2401 1406 2447 ut
1435 2391 1700 2448 haberent
1721 2393 1864 2464 quod

283 2481 422 2548 satis
461 2493 610 2538 esset
646 2484 715 2540 ad
745 2498 843 2542 eos
887 2483 1136 2552 alendus,
1157 2484 1268 2540 nisi
1319 2484 1374 2540 in
1400 2485 1632 2558 singulis
1663 2485 1866 2542 mensis

282 2582 563 2644 oporteret
589 2589 756 2650 lpum
801 2589 996 2646 panem
1034 2591 1326 2648 apponere.
1363 2576 1466 2645 Qui
1494 2586 1676 2634 autem
1707 2592 1867 2635 arcas

294 2665 553 2734 panarias
575 2676 704 2723 ante
743 2667 1064 2738 impleverat
1093 2668 1354 2726 Dominus
1372 2668 1545 2743 (larga
1572 2679 1629 2726 et
1645 2670 1865 2742 copiosa

291 2756 539 2822 dextera,
567 2771 686 2826 quae
713 2759 978 2830 aperitur,
998 2759 1240 2816 etnutrit
1257 2759 1518 2832 quidquid
1549 2761 1618 2816 ah
1645 2760 1759 2832 ipsa
1783 2769 1866 2818 est

283 2847 576 2918 creatum),
616 2849 663 2905 is
703 2859 832 2906 tunc
859 2865 1076 2923 quoque
1107 2867 1323 2909 mensas
1361 2852 1622 2924 implevit,
1673 2851 1780 2918 vel,
1809 2861 1869 2908 ut

285 2938 467 3007 potius
494 2940 694 3010 dicam,
719 2951 940 2999 ventres
995 2959 1011 2996 :
1048 2944 1186 3000 adeo
1214 2953 1274 3000 ut
1301 2960 1424 3005 cum
1451 2943 1868 3000 innumerabilis

285 3029 378 3086 lllc
398 3029 681 3087 hominum
699 3042 1003 3108 cpnventus
1029 3033 1224 3091 fuisset
1241 3035 1432 3104 plenus
1448 3034 1516 3090 ad
1533 3034 1864 3094 satietatem.

291 3131 372 3176 tot
425 3133 614 3178 essent
663 3135 863 3194 sporta:
926 3124 1322 3196 reliquiarum,
1383 3133 1442 3180 ut
1500 3125 1602 3198 ipsi
1651 3140 1868 3197 quoque

290 3212 382 3282 qui
439 3215 829 3282 accubueram,
856 3216 1023 3271 multa
1057 3217 1276 3273 domum
1325 3217 1566 3286 tulerint,
1595 3228 1651 3274 et
1683 3219 1750 3274 iis
1774 3217 1865 3288 qui
1897 3252 1941 3313 ο

291 3308 629 3381 serviebant,
655 3325 724 3366 ex
753 3311 821 3368 iis
843 3311 954 3369 sint
980 3310 1216 3385 opipara:
1249 3321 1433 3384 postea
1463 3327 1665 3369 mensa:
1698 3325 1867 3382 appo-

290 3402 432 3456 sitan.

363 3494 454 3549 52.
487 3492 748 3553 Vldentur
785 3509 963 3556 autem
996 3503 1111 3558 haec
1132 3515 1253 3560 esse
1277 3503 1516 3560 difﬁcilia
1561 3519 1669 3560 non
1700 3505 1871 3562 solum

295 3585 361 3640 ad
387 3585 728 3659 imitandum,
761 3593 856 3650 sed
884 3595 1050 3652 etiam
1082 3595 1148 3652 ad
1171 3596 1524 3662 laudandum,
1554 3607 1608 3652 ct
1629 3598 1694 3652 ad
1728 3607 1874 3654 recte

292 3677 671 3749 explicandum
739 3686 1006 3744 oratione.
1076 3688 1210 3756 Quis
1261 3689 1404 3746 enim
1448 3689 1628 3745 adhuc
1685 3691 1874 3746 videns

293 3769 575 3845 JEgyptios
626 3778 958 3850 cpuﬁuentes
1003 3781 1072 3838 ad
1126 3784 1307 3853 magni
1340 3782 1634 3842 Theodosii
1683 3801 1875 3842 mona-

296 3867 522 3922 sterium
549 3906 565 3933 ,
596 3884 702 3925 non
757 3873 1148 3930 existimaverit
1191 3875 1273 3929 vel
1317 3885 1508 3944 puteos
1555 3889 1674 3932 esse
1714 3886 1876 3933 tanta:

296 3957 624 4018 multitudini
686 3962 995 4020 defecturos
1040 3965 1108 4020 ad
1156 3965 1328 4023 solum
1370 3970 1598 4038 potum?
1645 3969 1724 4025 Illi
1764 3986 1876 4025 au-

299 4062 408 4104 tem
475 4052 550 4107 ita
631 4053 700 4110 ad
758 4057 1064 4120 satietatem
1154 4059 1408 4117 fruuntur
1461 4063 1762 4134 appositis,
1820 4074 1879 4118 ut

297 4143 364 4198 ils
383 4143 571 4213 etiam,
615 4147 708 4216 qui
744 4158 866 4219 post
892 4149 1041 4221 ipsos
1069 4153 1380 4221 veniebant,
1410 4155 1718 4211 sufﬁcerent
1757 4169 1880 4225 quae

299 4248 693 4305 remanserant,
747 4241 815 4295 ad
846 4243 1144 4298 secundum
1187 4245 1518 4300 convivium.
1576 4245 1712 4313 Quis
1747 4261 1879 4318 ergo

303 4327 510 4396 videns,
541 4345 661 4400 qua:
689 4333 740 4388 in
770 4333 1090 4391 hodiernum
1123 4353 1302 4408 usque
1321 4338 1461 4394 diem
1495 4339 1630 4395 [iuuit
1659 4341 1712 4396 in
1744 4341 1878 4396 soli-

301 4419 510 4490 tudine,
545 4437 650 4478 non
683 4425 869 4483 statim
900 4437 982 4482 est
1025 4427 1312 4485 habiturus
1339 4429 1443 4485 ﬁde
1470 4431 1690 4501 dignum
1718 4431 1878 4486 testi-

299 4512 564 4583 monium,
594 4515 738 4586 quod
765 4517 857 4588 qui
887 4533 984 4589 per
1020 4517 1259 4592 Moysem
1298 4521 1350 4576 in
1378 4521 1673 4578 solitudine
1715 4525 1880 4578 mira-

1965 2020 2227 2101 γυριστοῦ
2258 2018 2460 2088 δεξιὰν,
2487 2021 2520 2094 ἢ
2550 2022 2649 2094 τὴν
2679 2023 2938 2096 πρόθεσιν
2973 2024 3174 2094 μᾶλλον
3206 2025 3382 2078 είπεῖν
3410 2025 3548 2080 ἁνα-

1965 2111 2139 2182 λόγως
2164 2113 2334 2184 αὐτῆς
2359 2113 2503 2184 ἐχειν
2527 2115 2621 2169 καὶ
2643 2114 2777 2180 τοὺς
2806 2117 3283 2188 τραφησομένους)
3305 2117 3383 2181 ῶς
3407 2117 3548 2190 μηδὲ

1965 2203 2093 2267 τοὺς
2125 2203 2212 2257 ἐπ’
2241 2203 2393 2276 αὕτῷ
2425 2205 2792 2275 τεταγμένους
2818 2204 3169 2260 κατακλίνειν
3193 2207 3321 2270 τοὺς
3346 2207 3548 2260 είσιόνο

1965 2283 2309 2370 ταςᾟιρκείν,
2366 2299 2443 2370 μή
2473 2315 2527 2353 τι
2556 2315 2621 2369 γε
2651 2299 2750 2354 καὶ
2781 2299 2841 2354 τὺ
2895 2300 3170 2372 αὔταρκες
3224 2304 3305 2366 είς
3336 2301 3552 2372 τροφὴν

1967 2391 2246 2460 χορηγεῖν,
2277 2387 2418 2460 πλὴν
2441 2389 2491 2442 εί
2519 2389 2664 2444 κατὰ
2692 2389 2820 2460 μίαν
2854 2390 2964 2445 τῶν
2992 2390 3285 2463 τραπεζῶν
3312 2391 3410 2446 ἕνα
3439 2391 3552 2445 ἔδει

1966 2482 2058 2536 τὸν
2085 2483 2249 2554 ἄρτον
2271 2481 2658 2554 παρατιθέναι.
2697 2481 2758 2536 '0
2812 2482 2870 2537 δέ
2895 2483 3002 2554 πρὸ
3032 2469 3239 2537 τούτων
3263 2484 3362 2546 τὰς
3383 2485 3553 2554 ἀρτο-

1969 2573 2144 2644 θήκας
2203 2572 2429 2645 πληρῶν
2481 2573 2687 2644 Κύριος
2745 2575 2803 2644 (ἡ
2837 2573 3152 2645 πολυαρκὴς
3182 2575 3279 2628 καὶ
3318 2574 3555 2644 ἄφθονος

1967 2667 2120 2736 δεξιὰ
2147 2668 2182 2738 ἠ
2226 2667 2557 2738 ἀνοιγομένη
2609 2669 2702 2722 καὶ
2728 2669 2838 2722 πᾶν
2865 2667 2926 2721 τὸ
2976 2668 3071 2722 ὑπ’
3107 2668 3277 2740 αὐτῆς
3328 2669 3555 2721 κτισθὲν

1967 2759 2294 2833 τρέφουσα),
2317 2755 2472 2825 οὗτος
2501 2761 2567 2832 δὴ
2591 2761 2686 2814 καὶ
2703 2759 2824 2813 τότε
2850 2760 2948 2823 τὰς
2984 2758 3263 2832 τραπέζας
3281 2759 3552 2832 ἐπλήρου,

1971 2854 2005 2924 ἢ
2042 2853 2140 2908 καὶ
2187 2853 2286 2917 τὰς
2311 2851 2590 2925 γαστέρας
2636 2851 2836 2922 μᾶλλον
2879 2851 3088 2907 εἰπεῖν’
3124 2850 3266 2906 ῶστε
3316 2852 3412 2904 καὶ
3445 2853 3553 2918 τῆς

1973 2945 2202 3016 μυριανθ
2211 2944 2394 3018 ρώπου
2414 2944 2738 3014 συναγωγῆς
2768 2943 2983 3014 ἐκείνης
3003 2944 3084 3008 είς
3105 2944 3268 3015 κόρον
3285 2943 3554 3013 πλησθείη

1971 3055 2095 3109 σης,
2126 3037 2386 3096 τοσαῦται
2415 3037 2524 3090 τῶν
2569 3035 2838 3105 λειψάνων
2889 3036 2946 3089 al
2977 3034 3232 3106 σπυρίδες
3263 3031 3426 3107 ἦσαν,
3476 3035 3555 3098 ὡς

1971 3130 2172 3194 αὐτούς
2217 3147 2276 3184 τε
2326 3131 2454 3196 τοὺς
2507 3129 2938 3192 κατακλιθέντας
2992 3129 3163 3183 πολλὰ
3221 3129 3315 3183 καὶ
3366 3128 3553 3182 οἴκαδε

1973 3221 2420 3290 ἀπενέγκασθαι,
2483 3221 2574 3275 καὶ
2627 3221 2754 3282 τοὺς
2817 3220 3270 3291 διακονουμένους
3323 3219 3559 3291 ὕστερον

1978 3314 2175 3385 συχνὰς
2199 3316 2263 3368 ἐκ
2295 3315 2506 3370 τούτων
2534 3312 2862 3387 παραθεῖναι
2892 3313 3195 3386 τραπέζας.

2048 3497 2149 3570 λβ¹.
2186 3499 2369 3553 Ἕοικε
2393 3497 2450 3552 δέ
2481 3497 2655 3553 ταῦτα
2676 3497 2740 3551 οὐ
2778 3501 3125 3570 μιμησασθαι
3159 3498 3323 3570 μόνον
3340 3497 3558 3570 χαλεπὰ

1976 3591 2136 3657 εἶναι,
2188 3592 2325 3646 ἀλλὰ
2353 3593 2448 3646 καὶ
2487 3592 2796 3656 ἐπαινέσαι,
2835 3592 2932 3646 καὶ
2959 3591 3140 3656 καλῶς
3166 3591 3244 3664 τῷ
3297 3592 3441 3664 λόγῳ
3477 3595 3559 3648 δι-

1977 3686 2234 3754 εξελθεῖν.
2289 3685 2386 3749 Τίς
2429 3683 2538 3756 γὰρ
2566 3685 2661 3738 καὶ
2689 3683 3019 3755 Αίγυπτίους
3041 3684 3183 3755 δρῶν
3211 3687 3289 3749 εἰς
3324 3685 3406 3738 ἔτι
3444 3689 3558 3749 τοῖς

1977 3781 2273 3850 ἐγκαινίοις
2302 3780 2440 3852 πρὸς
2467 3781 2565 3849 τὴν
2592 3779 2687 3835 τοῦ
2721 3782 2962 3852 μεγάλου
2991 3781 3160 3853 μονὴν
3197 3781 3557 3856 συρρέοντας,

1977 3874 2080 3928 οὐκ
2105 3873 2406 3944 ἐπιλείψειν
2431 3871 2498 3927 ἂν
2549 3875 2608 3928 ἐν
2639 3873 2878 3944 τοσούτῳ
2909 3873 3107 3942 πλήθει
3140 3873 3277 3946 πρὸς
3305 3875 3470 3928 ποτόν
3495 3892 3558 3942 γε

1981 3966 2144 4037 μόνον
2173 3965 2442 4036 ἡγήσαιτο
2468 3965 2652 4020 καὶτὰ
2678 3965 2888 4037 φρέατα
2910 3983 2925 4034 ;
2950 3965 3014 4018 Οί
3042 3965 3100 4020 δέ
3145 3964 3320 4031 οὕτως
3352 3968 3434 4031 είς
3462 3969 3559 4021 κό-

1983 4073 2075 4125 ρον
2103 4052 2439 4119 ἀπολαϐοὗσι
2467 4053 2578 4106 τῶν
2633 4053 3080 4126 παρακειμένων,
3132 4051 3273 4106 ὥστε
3323 4053 3418 4106 καὶ
3446 4056 3560 4118 τοῖς

1983 4145 2103 4218 μετ’
2128 4145 2326 4209 αὐτοὺς
2352 4143 2567 4200 ἐπιοῦσι
2583 4145 2651 4198 τὰ
2677 4145 3112 4215 ὑπολελειμμένα
3137 4145 3272 4214 πρὸς
3297 4143 3562 4214 δευτέραν

1981 4239 2170 4310 ἀρκεῖν
2212 4238 2474 4293 ἑστίασιν.
2533 4236 2630 4300 Τίς
2661 4234 2756 4291 οὖν
2803 4237 2978 4291 ταῦτα
3029 4237 3190 4307 μέχρι
3239 4237 3333 4296 καὶ
3372 4237 3468 4290 νῦν
3503 4237 3563 4288 ἐν

1981 4333 2174 4403 ἐρήμῳ
2201 4329 2644 4401 διαπραττόμενα
2673 4329 2942 4400 καθορῶν,
2980 4329 3080 4383 οὐκ
3109 4329 3270 4392 εὐθὺς
3298 4328 3566 4400 ἐχέγγυον

1981 4421 2095 4486 ἐξει
2141 4421 2242 4493 τὴν
2295 4419 2624 4491 μαρτυρίαν,
2677 4417 2752 4482 ὡς
2782 4419 2811 4472 ὁ
2834 4418 2922 4472 διὰ
2951 4418 3198 4483 Μωσέως
3241 4418 3328 4473 ἐπ’
3355 4419 3566 4489 ἐρημία⁵

1983 4511 2249 4584 πρότερον
2301 4509 2606 4584 παράδοξον
2672 4510 2948 4581 Ἑϐραίοις
2995 4509 3278 4582 ὀμϐρήσας
3330 4511 3564 4581 τροφὴν,

296 4608 402 4662 bile
440 4609 589 4680 prius
609 4610 746 4682 pluit
771 4611 1012 4668 Hebraeis
1039 4613 1452 4680 nutrimentum,
1473 4612 1560 4669 hic
1591 4612 1710 4684 ipse
1737 4630 1879 4671 nunc

1984 4602 2149 4668 αὐτὸς
2193 4596 2349 4666 οὗτος
2393 4603 2488 4656 καί
2517 4601 2607 4655 διὰ
2634 4601 2914 4655 Θεοδοσίου
2965 4601 3034 4655 τὰ
3085 4601 3182 4656 νῦν
3210 4601 3328 4672 (καὶ
3365 4600 3476 4671 γὰρ
3507 4603 3566 4654 ἐν

297 4714 514 4770 quoque
537 4715 634 4771 per
664 4700 1028 4760 Theodosium
1065 4704 1290 4776 (etenim
1321 4703 1376 4760 in
1429 4703 1649 4760 Christo
1699 4704 1879 4761 vivere

296 4792 561 4863 creditur)
615 4793 720 4850 hoc
751 4809 969 4866 quoque
1013 4809 1266 4866 maguum
1316 4803 1373 4852 et
1400 4795 1641 4851 divinum
1689 4795 1877 4861 efﬁcit,

297 4889 354 4935 et
389 4888 467 4936 tot
491 4881 624 4938 viris
653 4884 1046 4942 nutrimentum
1075 4886 1296 4958 copiose
1340 4887 1691 4958 suppeditat?
1745 4887 1882 4942 Pro-

300 4982 488 5042 pterea
527 4988 659 5046 ergo
686 4976 886 5034 multos
907 4993 1124 5052 quoque
1157 4979 1355 5036 videtis
1389 4981 1456 5035 ad
1503 4981 1646 5035 hunc
1702 4980 1879 5034 locum

299 5062 648 5135 festinantes,
692 5069 837 5127 hunc
895 5072 1071 5143 ipsum
1105 5087 1296 5130 revera
1326 5088 1450 5131 esse
1508 5073 1656 5129 illum
1690 5071 1882 5128 existi-

1977 4695 2202 4767 Χριστῴ
2225 4696 2326 4766 ζῇν
2357 4694 2690 4764 πιστεύεται)
2708 4693 2771 4747 τὸ
2803 4693 2948 4764 μέγα
2977 4691 3136 4746 τοῦτο
3155 4694 3250 4747 καὶ
3273 4693 3564 4746 θεσπέσιον

1979 4787 2225 4854 ἐκτελεί,
2257 4786 2350 4839 καὶ
2398 4784 2604 4856 τροφὴν
2635 4784 2866 4854 ἀνδράσι
2912 4783 3192 4847 τοσούτοις
3220 4785 3364 4838 κατὰ
3391 4783 3454 4836 τὸ
3472 4783 3567 4834 δα-

1978 4879 2132 4948 ψιλὲς
2161 4879 2430 4950 χορηγεῖς
2489 4876 2591 4929 Διά
2642 4875 2812 4930 ταῦτα
2847 4876 2942 4930 καὶ
2975 4876 3206 4941 πολλοὺς
3241 4875 3374 4948 πρὸς
3413 4873 3564 4927 τόνδε

1979 4972 2072 5024 τὸν
2093 4971 2257 5024 τόπον
2287 4969 2414 5032 ῐδοις
2443 4968 2860 5040 ἐπειγομένους,
2892 4970 3057 5024 αὑτὸν
3078 4967 3321 5037 ἀτεχνῶς
3355 4969 3565 5022 ἐκεῖνον

1979 5059 2119 5118 εἶναι
2147 5062 2487 5134 νομίζοντας,
2520 5062 2604 5132 ἐφ’
2632 5061 2692 5116 ὃν
2719 5063 2828 5132 ἄρα
2852 5063 2947 5116 καὶ
2966 5063 2995 5116 ὁ
3026 5061 3218 5130 Σωτὴρ
3240 5060 3366 5122 τοὺς
3400 5059 3567 5114 πέντε

301 5167 536 5224 mantcs,
572 5169 798 5232 propter
822 5179 982 5235 quem
1041 5165 1301 5222 Servatur
1355 5176 1412 5222 et
1458 5167 1697 5238 quinque
1730 5166 1882 5236 prius

1983 5160 2248 5232 πρότερον
2275 5161 2472 5230 ἄρτους
2501 5159 2785 5230 sum“,
2821 5156 2916 5211 καὶ
2934 5157 3200 5220 τοσαύτας
3237 5153 3448 5224 ἀνδρῶν
3478 5171 3568 5224 χι-

302 5259 472 5314 panes
493 5247 790 5318 benedixit,
831 5261 886 5308 et
911 5263 991 5309 tot
1016 5255 1293 5312 hominum
1328 5257 1495 5312 millia
1524 5257 1661 5312 aluit
1694 5257 1760 5311 ad
1789 5270 1884 5314 52-.

1983 5253 2170 5316 λιᾶδας
2201 5255 2280 5315 είς
2321 5251 2484 5325 κόρον
2512 5251 2762 5322 ἔθρεψεν.
2809 5249 2971 5304 mm
3005 5251 3099 5303 καὶ
3139 5248 3315 5304 ταῦτα
3346 5247 3447 5318 μέν
3475 5245 3569 5313 οὓς

304 5339 571 5398 tietatem.
602 5341 710 5398 Sed
743 5344 858 5401 hac
888 5347 1106 5418 quidem
1135 5349 1210 5405 ita
1236 5365 1296 5406 se
1322 5350 1546 5407 habent.
1595 5350 1760 5405 Nobis
1787 5364 1885 5404 au-

1985 5359 2125 5408 τως·
2161 5344 2296 5414 ἡμῖν
2329 5343 2386 5396 δέ
2421 5342 2521 5413 ήδη
2554 5341 2690 5412 πρὸς
2717 5341 2784 5394 τὰ
2812 5341 2938 5410 ἑξῆς
2973 5339 3137 5393 πάλιν
3163 5341 3325 5394 ίτέον.

304 5441 414 5493 tem
445 5434 776 5490 redeundum
801 5448 886 5494 est
916 5440 983 5496 ad
1009 5454 1094 5508 ea,
1121 5459 1240 5514 quze
1267 5453 1700 5516 consequuntur.

1784 5553 2012 5613 CAPUT
2050 5555 2182 5611 VIII.

1133 5657 1296 5716 Varia
1327 5657 1719 5712 ualetudinaria
1747 5664 2037 5711 eulrucla.
2073 5651 2425 5722 Energumeni
2466 5651 2698 5705 liberati.

384 5769 472 5823 23.5.
504 5769 766 5835 Quoniam
791 5775 932 5828 cnim
951 5776 1278 5846 praecipuum
1305 5776 1563 5830 iudicium
1600 5774 1878 5830 cltaritutis

389 5881 428 5920 "
458 5880 501 5947 II
552 5881 685 5958 893.
742 5901 799 5952 ιι,
845 5889 932 5943 ⁸50.
1015 5892 1054 5924 ¹³
1093 5892 1111 5946 1
1147 5891 1257 5964 lic;
1321 5908 1353 5946 ιι

2060 5772 2160 5846 λγ’.
2200 5771 2351 5833 Ἐπεὶ
2373 5767 2481 5846 γὰρ
2506 5769 2704 5838 δεῖγμα
2740 5766 2798 5820 τὸ
2819 5763 3151 5839 κυριώτατον
3183 5764 3278 5837 τῆς
3317 5765 3450 5836 πρὸς
3483 5764 3572 5825 τὴν
