  <div class='ocr_page' id='page_1' title='image "/cluster/home/n/w/nwhite01/storage/ocr_20150623/114/hvd.32044019208123/265.png"; bbox 0 0 3886 6518; ppageno 0'>
   <div class='ocr_carea' id='block_1_1' title="bbox 226 383 336 453">
    <p class='ocr_par' dir='ltr' id='par_1_1' title="bbox 226 383 336 453">
     <span class='ocr_line' id='line_1_1' title="bbox 226 383 336 453; baseline -0.082 0"><span class='ocrx_word' id='word_1_1' title='bbox 226 383 336 453; x_wconf 79' lang='lat'><strong>503</strong></span> 
     </span>
    </p>
   </div>
   <div class='ocr_carea' id='block_1_2' title="bbox 1477 375 2261 443">
    <p class='ocr_par' dir='ltr' id='par_1_2' title="bbox 1477 375 2261 443">
     <span class='ocr_line' id='line_1_2' title="bbox 1477 375 2261 443; baseline -0.005 0"><span class='ocrx_word' id='word_1_2' title='bbox 1477 379 1764 443; x_wconf 80' lang='lat' dir='ltr'><strong>MENSIS</strong></span> <span class='ocrx_word' id='word_1_3' title='bbox 1799 375 2261 442; x_wconf 79' lang='lat' dir='ltr'><strong>JANUARIUS.</strong></span> 
     </span>
    </p>
   </div>
   <div class='ocr_carea' id='block_1_3' title="bbox 3383 365 3492 431">
    <p class='ocr_par' dir='ltr' id='par_1_3' title="bbox 3383 365 3492 431">
     <span class='ocr_line' id='line_1_3' title="bbox 3383 365 3492 431; baseline 0.028 -3"><span class='ocrx_word' id='word_1_4' title='bbox 3383 365 3492 431; x_wconf 71' lang='grc'><strong>504</strong></span> 
     </span>
    </p>
   </div>
   <div class='ocr_carea' id='block_1_4' title="bbox 225 474 1820 563">
    <p class='ocr_par' dir='ltr' id='par_1_4' title="bbox 225 490 1802 563">
     <span class='ocr_line' id='line_1_4' title="bbox 225 490 1802 563; baseline -0.003 -13"><span class='ocrx_word' id='word_1_5' title='bbox 225 490 458 550; x_wconf 87' lang='lat' dir='ltr'><strong>rationis</strong></span> <span class='ocrx_word' id='word_1_6' title='bbox 487 498 785 563; x_wconf 89' lang='lat' dir='ltr'><strong>compotes,</strong></span> <span class='ocrx_word' id='word_1_7' title='bbox 812 490 1112 563; x_wconf 90' lang='lat' dir='ltr'><strong>intelligere</strong></span> <span class='ocrx_word' id='word_1_8' title='bbox 1132 504 1196 545; x_wconf 91' lang='lat' dir='ltr'><strong>ac</strong></span> <span class='ocrx_word' id='word_1_9' title='bbox 1216 502 1441 546; x_wconf 87' lang='lat' dir='ltr'><strong>noscere</strong></span> <span class='ocrx_word' id='word_1_10' title='bbox 1472 490 1720 561; x_wconf 90' lang='lat' dir='ltr'><strong>opilicem</strong></span> <span class='ocrx_word' id='word_1_11' title='bbox 1747 498 1802 545; x_wconf 90' lang='lat' dir='ltr'><strong>et</strong></span> 
     </span>
    </p>
   </div>
   <div class='ocr_carea' id='block_1_5' title="bbox 1924 474 3494 563">
    <p class='ocr_par' dir='ltr' id='par_1_5' title="bbox 1924 474 3494 560">
     <span class='ocr_line' id='line_1_5' title="bbox 1924 474 3494 560; baseline -0.01 -18"><span class='ocrx_word' id='word_1_12' title='bbox 1924 488 2034 560; x_wconf 73' lang='grc' dir='ltr'>περὶ</span> <span class='ocrx_word' id='word_1_13' title='bbox 2070 488 2207 541; x_wconf 74' lang='grc' dir='ltr'>αὐτὸ</span> <span class='ocrx_word' id='word_1_14' title='bbox 2242 485 2304 539; x_wconf 87' lang='grc' dir='ltr'>τὸ</span> <span class='ocrx_word' id='word_1_15' title='bbox 2342 482 2745 556; x_wconf 81' lang='grc' dir='ltr'>πλημμελῆσαν</span> <span class='ocrx_word' id='word_1_16' title='bbox 2791 476 3128 550; x_wconf 77' lang='grc' dir='ltr'><strong>ὑποσχόντες</strong></span> <span class='ocrx_word' id='word_1_17' title='bbox 3164 474 3265 548; x_wconf 73' lang='grc' dir='ltr'>τὴν</span> <span class='ocrx_word' id='word_1_18' title='bbox 3314 492 3494 547; x_wconf 87' lang='grc' dir='ltr'>τιμω-</span> 
     </span>
    </p>
   </div>
   <div class='ocr_carea' id='block_1_6' title="bbox 224 580 1804 653">
    <p class='ocr_par' dir='ltr' id='par_1_6' title="bbox 224 580 1804 653">
     <span class='ocr_line' id='line_1_6' title="bbox 224 580 1804 653; baseline -0.003 -13"><span class='ocrx_word' id='word_1_19' title='bbox 224 582 622 646; x_wconf 80' lang='lat' dir='ltr'><strong>auxiliatorem,</strong></span> <span class='ocrx_word' id='word_1_20' title='bbox 656 592 711 637; x_wconf 91' lang='lat' dir='ltr'><strong>et</strong></span> <span class='ocrx_word' id='word_1_21' title='bbox 758 596 869 639; x_wconf 88' lang='lat' dir='ltr'><strong>non</strong></span> <span class='ocrx_word' id='word_1_22' title='bbox 919 597 1040 638; x_wconf 88' lang='lat' dir='ltr'><strong>esse</strong></span> <span class='ocrx_word' id='word_1_23' title='bbox 1075 583 1269 653; x_wconf 83' lang='lat' dir='ltr'><strong>ingrati</strong></span> <span class='ocrx_word' id='word_1_24' title='bbox 1323 582 1375 637; x_wconf 93' lang='lat' dir='ltr'><strong>in</strong></span> <span class='ocrx_word' id='word_1_25' title='bbox 1404 596 1548 642; x_wconf 88' lang='lat' dir='ltr'><strong>eum,</strong></span> <span class='ocrx_word' id='word_1_26' title='bbox 1600 582 1690 651; x_wconf 86' lang='lat' dir='ltr'><strong>qui</strong></span> <span class='ocrx_word' id='word_1_27' title='bbox 1724 580 1804 635; x_wconf 88' lang='lat' dir='ltr'><strong>eis</strong></span> 
     </span>
    </p>
   </div>
   <div class='ocr_carea' id='block_1_7' title="bbox 224 666 1805 745">
    <p class='ocr_par' dir='ltr' id='par_1_7' title="bbox 224 666 1805 745">
     <span class='ocr_line' id='line_1_7' title="bbox 224 666 1805 745; baseline -0.006 -14"><span class='ocrx_word' id='word_1_28' title='bbox 224 674 448 731; x_wconf 92' lang='lat' dir='ltr'><strong>dederat</strong></span> <span class='ocrx_word' id='word_1_29' title='bbox 475 674 745 745; x_wconf 76' lang='lat' dir='ltr'><strong>gratiam;</strong></span> <span class='ocrx_word' id='word_1_30' title='bbox 793 673 828 728; x_wconf 89' lang='lat' dir='ltr'><strong>ii</strong></span> <span class='ocrx_word' id='word_1_31' title='bbox 876 676 1086 743; x_wconf 79' lang='lat' dir='ltr'><strong>experti</strong></span> <span class='ocrx_word' id='word_1_32' title='bbox 1126 682 1255 728; x_wconf 84' lang='lat' dir='ltr'><strong>sunt</strong></span> <span class='ocrx_word' id='word_1_33' title='bbox 1281 687 1404 728; x_wconf 90' lang='lat' dir='ltr'><strong>eum</strong></span> <span class='ocrx_word' id='word_1_34' title='bbox 1448 666 1603 727; x_wconf 92' lang='lat' dir='ltr'><strong>valde</strong></span> <span class='ocrx_word' id='word_1_35' title='bbox 1652 670 1805 726; x_wconf 87' lang='lat' dir='ltr'><strong>beni-</strong></span> 
     </span>
    </p>
   </div>
   <div class='ocr_carea' id='block_1_8' title="bbox 224 760 1807 836">
    <p class='ocr_par' dir='ltr' id='par_1_8' title="bbox 224 760 1807 836">
     <span class='ocr_line' id='line_1_8' title="bbox 224 760 1807 836; baseline -0.003 -16"><span class='ocrx_word' id='word_1_36' title='bbox 224 782 412 836; x_wconf 85' lang='lat' dir='ltr'><strong>gnum,</strong></span> <span class='ocrx_word' id='word_1_37' title='bbox 449 774 502 820; x_wconf 90' lang='lat' dir='ltr'><strong>et</strong></span> <span class='ocrx_word' id='word_1_38' title='bbox 534 760 758 835; x_wconf 76' lang='lat' dir='ltr'><strong>paterae</strong></span> <span class='ocrx_word' id='word_1_39' title='bbox 807 765 859 819; x_wconf 89' lang='lat' dir='ltr'><strong>in</strong></span> <span class='ocrx_word' id='word_1_40' title='bbox 926 764 1071 833; x_wconf 85' lang='lat' dir='ltr'><strong>ipsos</strong></span> <span class='ocrx_word' id='word_1_41' title='bbox 1111 779 1170 820; x_wconf 92' lang='lat' dir='ltr'><strong>se</strong></span> <span class='ocrx_word' id='word_1_42' title='bbox 1223 771 1522 835; x_wconf 76' lang='lat' dir='ltr'><strong>gerentem.</strong></span> <span class='ocrx_word' id='word_1_43' title='bbox 1574 761 1681 818; x_wconf 91' lang='lat' dir='ltr'><strong>Pro</strong></span> <span class='ocrx_word' id='word_1_44' title='bbox 1726 762 1807 816; x_wconf 89' lang='lat' dir='ltr'><strong>eis</strong></span> 
     </span>
    </p>
   </div>
   <div class='ocr_carea' id='block_1_9' title="bbox 228 853 1808 927">
    <p class='ocr_par' dir='ltr' id='par_1_9' title="bbox 228 853 1808 927">
     <span class='ocr_line' id='line_1_9' title="bbox 228 853 1808 927; baseline -0.001 -16"><span class='ocrx_word' id='word_1_45' title='bbox 228 859 373 913; x_wconf 86' lang='lat' dir='ltr'><strong>cuitu</strong></span> <span class='ocrx_word' id='word_1_46' title='bbox 398 854 820 922; x_wconf 79' lang='lat' dir='ltr'><strong>accendebatur,</strong></span> <span class='ocrx_word' id='word_1_47' title='bbox 867 866 1122 926; x_wconf 82' lang='lat' dir='ltr'><strong>tanquam</strong></span> <span class='ocrx_word' id='word_1_48' title='bbox 1157 871 1256 927; x_wconf 88' lang='lat' dir='ltr'><strong>pro</strong></span> <span class='ocrx_word' id='word_1_49' title='bbox 1288 856 1414 910; x_wconf 88' lang='lat' dir='ltr'><strong>liliis</strong></span> <span class='ocrx_word' id='word_1_50' title='bbox 1443 853 1697 926; x_wconf 84' lang='lat' dir='ltr'><strong>propriis,</strong></span> <span class='ocrx_word' id='word_1_51' title='bbox 1753 861 1808 909; x_wconf 90' lang='lat' dir='ltr'><strong>et</strong></span> 
     </span>
    </p>
   </div>
   <div class='ocr_carea' id='block_1_10' title="bbox 226 934 1807 1021">
    <p class='ocr_par' dir='ltr' id='par_1_10' title="bbox 226 934 1807 1021">
     <span class='ocr_line' id='line_1_10' title="bbox 226 934 1807 1021; baseline -0.003 -17"><span class='ocrx_word' id='word_1_52' title='bbox 226 949 429 1021; x_wconf 76' lang='lat' dir='ltr'><strong>alioqui</strong></span> <span class='ocrx_word' id='word_1_53' title='bbox 492 949 754 1007; x_wconf 85' lang='lat' dir='ltr'><strong>benevole</strong></span> <span class='ocrx_word' id='word_1_54' title='bbox 802 949 858 1005; x_wconf 88' lang='lat' dir='ltr'><strong>in</strong></span> <span class='ocrx_word' id='word_1_55' title='bbox 910 963 1007 1005; x_wconf 89' lang='lat' dir='ltr'><strong>eos</strong></span> <span class='ocrx_word' id='word_1_56' title='bbox 1040 934 1394 1011; x_wconf 64' lang='lat' dir='ltr'><strong>afficiebatur.</strong></span> <span class='ocrx_word' id='word_1_57' title='bbox 1447 940 1693 1017; x_wconf 81' lang='lat' dir='ltr'><strong>Cumque</strong></span> <span class='ocrx_word' id='word_1_58' title='bbox 1729 946 1807 1001; x_wconf 88' lang='lat' dir='ltr'><strong>eis</strong></span> 
     </span>
    </p>
   </div>
   <div class='ocr_carea' id='block_1_11' title="bbox 224 1040 1807 1112">
    <p class='ocr_par' dir='ltr' id='par_1_11' title="bbox 224 1040 1807 1112">
     <span class='ocr_line' id='line_1_11' title="bbox 224 1040 1807 1112; baseline -0.004 -15"><span class='ocrx_word' id='word_1_59' title='bbox 224 1043 607 1101; x_wconf 83' lang='lat' dir='ltr'><strong>constituisset</strong></span> <span class='ocrx_word' id='word_1_60' title='bbox 653 1042 833 1097; x_wconf 79' lang='lat' dir='ltr'><strong>idcum</strong></span> <span class='ocrx_word' id='word_1_61' title='bbox 885 1041 1129 1112; x_wconf 82' lang='lat' dir='ltr'><strong>quietum</strong></span> <span class='ocrx_word' id='word_1_62' title='bbox 1187 1048 1241 1095; x_wconf 87' lang='lat' dir='ltr'><strong>et</strong></span> <span class='ocrx_word' id='word_1_63' title='bbox 1276 1040 1649 1111; x_wconf 87' lang='lat' dir='ltr'><strong>tranquillum,</strong></span> <span class='ocrx_word' id='word_1_64' title='bbox 1683 1052 1807 1109; x_wconf 83' lang='lat' dir='ltr'><strong>per-</strong></span> 
     </span>
    </p>
   </div>
   <div class='ocr_carea' id='block_1_12' title="bbox 227 1111 1808 1201">
    <p class='ocr_par' dir='ltr' id='par_1_12' title="bbox 227 1111 1808 1201">
     <span class='ocr_line' id='line_1_12' title="bbox 227 1111 1808 1201; baseline -0.003 -14"><span class='ocrx_word' id='word_1_65' title='bbox 227 1132 378 1188; x_wconf 89' lang='lat' dir='ltr'><strong>misit</strong></span> <span class='ocrx_word' id='word_1_66' title='bbox 429 1132 573 1187; x_wconf 84' lang='lat' dir='ltr'><strong>utin</strong></span> <span class='ocrx_word' id='word_1_67' title='bbox 624 1146 689 1187; x_wconf 89' lang='lat' dir='ltr'><strong>eo</strong></span> <span class='ocrx_word' id='word_1_68' title='bbox 715 1111 977 1201; x_wconf 81' lang='lat' dir='ltr'><strong>agerent:</strong></span> <span class='ocrx_word' id='word_1_69' title='bbox 1029 1140 1088 1185; x_wconf 93' lang='lat' dir='ltr'><strong>ut</strong></span> <span class='ocrx_word' id='word_1_70' title='bbox 1121 1111 1266 1187; x_wconf 75' lang='lat' dir='ltr'><strong>esset</strong></span> <span class='ocrx_word' id='word_1_71' title='bbox 1318 1128 1367 1184; x_wconf 91' lang='lat' dir='ltr'><strong>ei</strong></span> <span class='ocrx_word' id='word_1_72' title='bbox 1414 1128 1808 1199; x_wconf 85' lang='lat' dir='ltr'><strong>quodammodo</strong></span> 
     </span>
    </p>
   </div>
   <div class='ocr_carea' id='block_1_13' title="bbox 228 1216 1806 1292">
    <p class='ocr_par' dir='ltr' id='par_1_13' title="bbox 228 1216 1806 1292">
     <span class='ocr_line' id='line_1_13' title="bbox 228 1216 1806 1292; baseline -0.003 -15"><span class='ocrx_word' id='word_1_73' title='bbox 228 1222 458 1279; x_wconf 88' lang='lat' dir='ltr'><strong>alterum</strong></span> <span class='ocrx_word' id='word_1_74' title='bbox 491 1216 909 1292; x_wconf 73' lang='lat' dir='ltr'><strong>monasterium,</strong></span> <span class='ocrx_word' id='word_1_75' title='bbox 950 1231 1004 1278; x_wconf 88' lang='lat' dir='ltr'><strong>et</strong></span> <span class='ocrx_word' id='word_1_76' title='bbox 1026 1222 1095 1278; x_wconf 89' lang='lat' dir='ltr'><strong>ob</strong></span> <span class='ocrx_word' id='word_1_77' title='bbox 1146 1219 1549 1277; x_wconf 82' lang='lat' dir='ltr'><strong>multitudinem</strong></span> <span class='ocrx_word' id='word_1_78' title='bbox 1595 1234 1806 1283; x_wconf 88' lang='lat' dir='ltr'><strong>eorum,</strong></span> 
     </span>
    </p>
   </div>
   <div class='ocr_carea' id='block_1_14' title="bbox 229 1310 1811 1386">
    <p class='ocr_par' dir='ltr' id='par_1_14' title="bbox 229 1310 1811 1386">
     <span class='ocr_line' id='line_1_14' title="bbox 229 1310 1811 1386; baseline -0.006 -13"><span class='ocrx_word' id='word_1_79' title='bbox 229 1316 321 1384; x_wconf 79' lang='lat' dir='ltr'><strong>qui</strong></span> <span class='ocrx_word' id='word_1_80' title='bbox 356 1324 516 1371; x_wconf 87' lang='lat' dir='ltr'><strong>erant</strong></span> <span class='ocrx_word' id='word_1_81' title='bbox 541 1313 883 1386; x_wconf 78' lang='lat' dir='ltr'><strong>congregati,</strong></span> <span class='ocrx_word' id='word_1_82' title='bbox 912 1324 965 1370; x_wconf 90' lang='lat' dir='ltr'><strong>ct</strong></span> <span class='ocrx_word' id='word_1_83' title='bbox 1000 1313 1070 1370; x_wconf 92' lang='lat' dir='ltr'><strong>ob</strong></span> <span class='ocrx_word' id='word_1_84' title='bbox 1120 1310 1372 1370; x_wconf 81' lang='lat' dir='ltr'><strong>ordinem</strong></span> <span class='ocrx_word' id='word_1_85' title='bbox 1400 1311 1716 1378; x_wconf 85' lang='lat' dir='ltr'><strong>ministerii,</strong></span> <span class='ocrx_word' id='word_1_86' title='bbox 1756 1318 1811 1365; x_wconf 89' lang='lat' dir='ltr'><strong>et</strong></span> 
     </span>
    </p>
   </div>
   <div class='ocr_carea' id='block_1_15' title="bbox 229 1402 1806 1478">
    <p class='ocr_par' dir='ltr' id='par_1_15' title="bbox 229 1402 1806 1478">
     <span class='ocr_line' id='line_1_15' title="bbox 229 1402 1806 1478; baseline -0.004 -17"><span class='ocrx_word' id='word_1_87' title='bbox 229 1410 300 1463; x_wconf 86' lang='lat' dir='ltr'><strong>oh</strong></span> <span class='ocrx_word' id='word_1_88' title='bbox 331 1417 534 1464; x_wconf 87' lang='lat' dir='ltr'><strong>statum</strong></span> <span class='ocrx_word' id='word_1_89' title='bbox 568 1402 756 1464; x_wconf 89' lang='lat' dir='ltr'><strong>eorum</strong></span> <span class='ocrx_word' id='word_1_90' title='bbox 786 1406 875 1478; x_wconf 90' lang='lat' dir='ltr'><strong>qui</strong></span> <span class='ocrx_word' id='word_1_91' title='bbox 910 1406 1316 1475; x_wconf 81' lang='lat' dir='ltr'><strong>ministrabant,</strong></span> <span class='ocrx_word' id='word_1_92' title='bbox 1357 1414 1412 1462; x_wconf 94' lang='lat' dir='ltr'><strong>et</strong></span> <span class='ocrx_word' id='word_1_93' title='bbox 1439 1407 1510 1461; x_wconf 89' lang='lat' dir='ltr'><strong>ob</strong></span> <span class='ocrx_word' id='word_1_94' title='bbox 1536 1414 1806 1475; x_wconf 85' lang='lat' dir='ltr'><strong>sumptum</strong></span> 
     </span>
    </p>
   </div>
   <div class='ocr_carea' id='block_1_16' title="bbox 231 1492 1125 1570">
    <p class='ocr_par' dir='ltr' id='par_1_16' title="bbox 231 1492 1125 1570">
     <span class='ocr_line' id='line_1_16' title="bbox 231 1492 1125 1570; baseline 0.002 -18"><span class='ocrx_word' id='word_1_95' title='bbox 231 1514 445 1567; x_wconf 82' lang='lat' dir='ltr'><strong>eorum,</strong></span> <span class='ocrx_word' id='word_1_96' title='bbox 473 1492 597 1570; x_wconf 57' lang='lat' dir='ltr'><strong>quas</strong></span> <span class='ocrx_word' id='word_1_97' title='bbox 616 1500 1125 1570; x_wconf 86' lang='lat' dir='ltr'><strong>suppeditabantur.</strong></span> 
     </span>
    </p>
   </div>
   <div class='ocr_carea' id='block_1_17' title="bbox 303 1680 1813 1756">
    <p class='ocr_par' dir='ltr' id='par_1_17' title="bbox 303 1680 1813 1756">
     <span class='ocr_line' id='line_1_17' title="bbox 303 1680 1813 1756; baseline -0.003 -15"><span class='ocrx_word' id='word_1_98' title='bbox 303 1686 394 1742; x_wconf 81' lang='lat'><strong>&#39;55.</strong></span> <span class='ocrx_word' id='word_1_99' title='bbox 430 1683 602 1756; x_wconf 82' lang='lat' dir='ltr'><strong>Magis</strong></span> <span class='ocrx_word' id='word_1_100' title='bbox 635 1699 763 1755; x_wconf 89' lang='lat' dir='ltr'><strong>ergo</strong></span> <span class='ocrx_word' id='word_1_101' title='bbox 785 1698 949 1756; x_wconf 85' lang='lat' dir='ltr'><strong>quam</strong></span> <span class='ocrx_word' id='word_1_102' title='bbox 981 1683 1234 1749; x_wconf 89' lang='lat' dir='ltr'><strong>aliorum,</strong></span> <span class='ocrx_word' id='word_1_103' title='bbox 1279 1682 1441 1738; x_wconf 82' lang='lat' dir='ltr'><strong>homo</strong></span> <span class='ocrx_word' id='word_1_104' title='bbox 1489 1680 1607 1750; x_wconf 88' lang='lat' dir='ltr'><strong>Dei,</strong></span> <span class='ocrx_word' id='word_1_105' title='bbox 1669 1682 1813 1737; x_wconf 87' lang='lat' dir='ltr'><strong>sicut</strong></span> 
     </span>
    </p>
   </div>
   <div class='ocr_carea' id='block_1_18' title="bbox 233 1773 1807 1848">
    <p class='ocr_par' dir='ltr' id='par_1_18' title="bbox 233 1773 1807 1848">
     <span class='ocr_line' id='line_1_18' title="bbox 233 1773 1807 1848; baseline -0.003 -17"><span class='ocrx_word' id='word_1_106' title='bbox 233 1779 489 1845; x_wconf 77' lang='lat' dir='ltr'><strong>diximus,</strong></span> <span class='ocrx_word' id='word_1_107' title='bbox 511 1775 825 1833; x_wconf 83' lang='lat' dir='ltr'><strong>vincebatur</strong></span> <span class='ocrx_word' id='word_1_108' title='bbox 870 1777 1111 1848; x_wconf 89' lang='lat' dir='ltr'><strong>ipsorum</strong></span> <span class='ocrx_word' id='word_1_109' title='bbox 1145 1773 1645 1840; x_wconf 86' lang='lat' dir='ltr'><strong>commiseratione,</strong></span> <span class='ocrx_word' id='word_1_110' title='bbox 1673 1781 1729 1829; x_wconf 86' lang='lat' dir='ltr'><strong>et</strong></span> <span class='ocrx_word' id='word_1_111' title='bbox 1754 1774 1807 1828; x_wconf 89' lang='lat' dir='ltr'><strong>itt</strong></span> 
     </span>
    </p>
   </div>
   <div class='ocr_carea' id='block_1_19' title="bbox 233 1844 1883 1939">
    <p class='ocr_par' dir='ltr' id='par_1_19' title="bbox 233 1844 1883 1939">
     <span class='ocr_line' id='line_1_19' title="bbox 233 1844 1883 1939; baseline -0.002 -18"><span class='ocrx_word' id='word_1_112' title='bbox 233 1870 314 1924; x_wconf 76' lang='lat' dir='ltr'><strong>eis</strong></span> <span class='ocrx_word' id='word_1_113' title='bbox 342 1844 653 1924; x_wconf 85' lang='lat' dir='ltr'><strong>recreandis</strong></span> <span class='ocrx_word' id='word_1_114' title='bbox 678 1844 930 1939; x_wconf 83' lang='lat' dir='ltr'><strong>magnam</strong></span> <span class='ocrx_word' id='word_1_115' title='bbox 964 1858 1256 1922; x_wconf 70' lang='lat' dir='ltr'><strong>adhibebat</strong></span> <span class='ocrx_word' id='word_1_116' title='bbox 1284 1870 1471 1921; x_wconf 85' lang='lat' dir='ltr'><strong>curam</strong></span> <span class='ocrx_word' id='word_1_117' title='bbox 1502 1876 1556 1921; x_wconf 89' lang='lat' dir='ltr'><strong>et</strong></span> <span class='ocrx_word' id='word_1_118' title='bbox 1587 1862 1812 1935; x_wconf 85' lang='lat' dir='ltr'><strong>diligen-</strong></span> <span class='ocrx_word' id='word_1_119' title='bbox 1842 1844 1883 1898; x_wconf 64' lang='grc' dir='ltr'><strong>η</strong></span> 
     </span>
    </p>
   </div>
   <div class='ocr_carea' id='block_1_20' title="bbox 235 1958 1816 2029">
    <p class='ocr_par' dir='ltr' id='par_1_20' title="bbox 235 1958 1816 2029">
     <span class='ocr_line' id='line_1_20' title="bbox 235 1958 1816 2029; baseline -0.001 -15"><span class='ocrx_word' id='word_1_120' title='bbox 235 1961 388 2028; x_wconf 89' lang='lat' dir='ltr'><strong>tiam,</strong></span> <span class='ocrx_word' id='word_1_121' title='bbox 416 1967 472 2015; x_wconf 92' lang='lat' dir='ltr'><strong>et</strong></span> <span class='ocrx_word' id='word_1_122' title='bbox 522 1968 619 2015; x_wconf 86' lang='lat' dir='ltr'><strong>eos</strong></span> <span class='ocrx_word' id='word_1_123' title='bbox 643 1958 1027 2016; x_wconf 85' lang='lat' dir='ltr'><strong>consolabatur</strong></span> <span class='ocrx_word' id='word_1_124' title='bbox 1053 1960 1238 2016; x_wconf 82' lang='lat' dir='ltr'><strong>verbis</strong></span> <span class='ocrx_word' id='word_1_125' title='bbox 1277 1959 1419 2029; x_wconf 89' lang='lat' dir='ltr'><strong>aptis</strong></span> <span class='ocrx_word' id='word_1_126' title='bbox 1478 1959 1545 2013; x_wconf 90' lang='lat' dir='ltr'><strong>ad</strong></span> <span class='ocrx_word' id='word_1_127' title='bbox 1592 1971 1816 2027; x_wconf 87' lang='lat' dir='ltr'><strong>persua-</strong></span> 
     </span>
    </p>
   </div>
   <div class='ocr_carea' id='block_1_21' title="bbox 233 2044 1816 2120">
    <p class='ocr_par' dir='ltr' id='par_1_21' title="bbox 233 2044 1816 2120">
     <span class='ocr_line' id='line_1_21' title="bbox 233 2044 1816 2120; baseline 0.001 -18"><span class='ocrx_word' id='word_1_128' title='bbox 233 2048 463 2105; x_wconf 86' lang='lat' dir='ltr'><strong>deudam</strong></span> <span class='ocrx_word' id='word_1_129' title='bbox 482 2047 852 2106; x_wconf 86' lang='lat' dir='ltr'><strong>tolerantiam.</strong></span> <span class='ocrx_word' id='word_1_130' title='bbox 873 2047 1256 2120; x_wconf 82' lang='lat' dir='ltr'><strong>Nequaquam,</strong></span> <span class='ocrx_word' id='word_1_131' title='bbox 1283 2064 1316 2105; x_wconf 89' lang='grc' dir='ltr'><strong>ο</strong></span> <span class='ocrx_word' id='word_1_132' title='bbox 1352 2044 1697 2120; x_wconf 45' lang='grc' dir='ltr'>ἢιίῖκᾱὶοειιε,</span> <span class='ocrx_word' id='word_1_133' title='bbox 1723 2046 1816 2103; x_wconf 89' lang='lat' dir='ltr'><strong>ne-</strong></span> 
     </span>
    </p>
   </div>
   <div class='ocr_carea' id='block_1_22' title="bbox 233 2132 1813 2211">
    <p class='ocr_par' dir='ltr' id='par_1_22' title="bbox 233 2132 1813 2211">
     <span class='ocr_line' id='line_1_22' title="bbox 233 2132 1813 2211; baseline -0.001 -18"><span class='ocrx_word' id='word_1_134' title='bbox 233 2153 508 2211; x_wconf 73' lang='lat' dir='ltr'><strong>quaquam</strong></span> <span class='ocrx_word' id='word_1_135' title='bbox 538 2140 911 2206; x_wconf 62' lang='lat' dir='ltr'><strong>re&#39;sohiamini,</strong></span> <span class='ocrx_word' id='word_1_136' title='bbox 937 2150 991 2197; x_wconf 92' lang='lat' dir='ltr'><strong>et</strong></span> <span class='ocrx_word' id='word_1_137' title='bbox 1032 2139 1367 2195; x_wconf 86' lang='lat' dir='ltr'><strong>enervemini</strong></span> <span class='ocrx_word' id='word_1_138' title='bbox 1399 2132 1500 2194; x_wconf 83' lang='lat' dir='ltr'><strong>hac</strong></span> <span class='ocrx_word' id='word_1_139' title='bbox 1533 2136 1813 2208; x_wconf 87' lang='lat' dir='ltr'><strong>temporali</strong></span> 
     </span>
    </p>
   </div>
   <div class='ocr_carea' id='block_1_23' title="bbox 237 2228 1816 2301">
    <p class='ocr_par' dir='ltr' id='par_1_23' title="bbox 237 2228 1816 2301">
     <span class='ocr_line' id='line_1_23' title="bbox 237 2228 1816 2301; baseline -0.001 -17"><span class='ocrx_word' id='word_1_140' title='bbox 237 2229 549 2287; x_wconf 73' lang='lat' dir='ltr'><strong>aiﬁictione.</strong></span> <span class='ocrx_word' id='word_1_141' title='bbox 580 2228 769 2301; x_wconf 87' lang='lat' dir='ltr'><strong>Neque</strong></span> <span class='ocrx_word' id='word_1_142' title='bbox 826 2231 930 2286; x_wconf 87' lang='lat' dir='ltr'><strong>hoc</strong></span> <span class='ocrx_word' id='word_1_143' title='bbox 963 2230 1118 2286; x_wconf 87' lang='lat' dir='ltr'><strong>vobis</strong></span> <span class='ocrx_word' id='word_1_144' title='bbox 1160 2229 1410 2287; x_wconf 86' lang='lat' dir='ltr'><strong>videatur</strong></span> <span class='ocrx_word' id='word_1_145' title='bbox 1438 2231 1754 2301; x_wconf 86' lang='lat' dir='ltr'><strong>optandum,</strong></span> <span class='ocrx_word' id='word_1_146' title='bbox 1787 2244 1816 2283; x_wconf 90' lang='lat' dir='ltr'><strong>a</strong></span> 
     </span>
    </p>
   </div>
   <div class='ocr_carea' id='block_1_24' title="bbox 238 2318 1814 2395">
    <p class='ocr_par' dir='ltr' id='par_1_24' title="bbox 238 2318 1814 2395">
     <span class='ocr_line' id='line_1_24' title="bbox 238 2318 1814 2395; baseline 0.002 -21"><span class='ocrx_word' id='word_1_147' title='bbox 238 2323 349 2378; x_wconf 84' lang='lat' dir='ltr'><strong>Deo</strong></span> <span class='ocrx_word' id='word_1_148' title='bbox 377 2321 598 2378; x_wconf 87' lang='lat' dir='ltr'><strong>omnino</strong></span> <span class='ocrx_word' id='word_1_149' title='bbox 623 2337 729 2380; x_wconf 89' lang='lat' dir='ltr'><strong>non</strong></span> <span class='ocrx_word' id='word_1_150' title='bbox 786 2323 1007 2395; x_wconf 81' lang='lat' dir='ltr'><strong>corrigi.</strong></span> <span class='ocrx_word' id='word_1_151' title='bbox 1042 2321 1099 2378; x_wconf 83' lang='lat' dir='ltr'><strong>In</strong></span> <span class='ocrx_word' id='word_1_152' title='bbox 1125 2323 1401 2379; x_wconf 87' lang='lat' dir='ltr'><strong>laboribus</strong></span> <span class='ocrx_word' id='word_1_153' title='bbox 1421 2322 1590 2387; x_wconf 89' lang='lat' dir='ltr'><strong>enim,</strong></span> <span class='ocrx_word' id='word_1_154' title='bbox 1620 2318 1814 2394; x_wconf 85' lang='lat' dir='ltr'><strong>inquit,</strong></span> 
     </span>
    </p>
   </div>
   <div class='ocr_carea' id='block_1_25' title="bbox 238 2412 1819 2485">
    <p class='ocr_par' dir='ltr' id='par_1_25' title="bbox 238 2412 1819 2485">
     <span class='ocr_line' id='line_1_25' title="bbox 238 2412 1819 2485; baseline 0.001 -17"><span class='ocrx_word' id='word_1_155' title='bbox 238 2422 297 2468; x_wconf 80' lang='lat' dir='ltr'><strong>et</strong></span> <span class='ocrx_word' id='word_1_156' title='bbox 338 2413 392 2469; x_wconf 92' lang='lat' dir='ltr'><strong>in</strong></span> <span class='ocrx_word' id='word_1_157' title='bbox 440 2412 667 2485; x_wconf 82' lang='lat' dir='ltr'><strong>ﬂagellis</strong></span> <span class='ocrx_word' id='word_1_158' title='bbox 707 2414 977 2485; x_wconf 88' lang='lat' dir='ltr'><strong>castigare</strong></span> <span class='ocrx_word' id='word_1_159' title='bbox 1012 2414 1336 2471; x_wconf 80' lang='lat' dir='ltr'><strong>Jerusalem.</strong></span> <span class='ocrx_word' id='word_1_160' title='bbox 1372 2413 1462 2470; x_wconf 89' lang='lat' dir='ltr'><strong>Sic</strong></span> <span class='ocrx_word' id='word_1_161' title='bbox 1502 2415 1632 2469; x_wconf 89' lang='lat' dir='ltr'><strong>dicit</strong></span> <span class='ocrx_word' id='word_1_162' title='bbox 1679 2415 1819 2470; x_wconf 88' lang='lat' dir='ltr'><strong>Deus</strong></span> 
     </span>
    </p>
   </div>
   <div class='ocr_carea' id='block_1_26' title="bbox 237 2503 1813 2588">
    <p class='ocr_par' dir='ltr' id='par_1_26' title="bbox 237 2503 1813 2588">
     <span class='ocr_line' id='line_1_26' title="bbox 237 2503 1813 2588; baseline 0 -29"><span class='ocrx_word' id='word_1_163' title='bbox 237 2519 336 2588; x_wconf 59' lang='lat' dir='ltr'><strong>per</strong></span> <span class='ocrx_word' id='word_1_164' title='bbox 358 2503 647 2560; x_wconf 78' lang='lat' dir='ltr'><strong>Jeremiaut</strong></span> <span class='ocrx_word' id='word_1_165' title='bbox 686 2525 700 2561; x_wconf 88' lang='lat'><strong>:</strong></span> <span class='ocrx_word' id='word_1_166' title='bbox 730 2506 922 2560; x_wconf 75' lang='lat' dir='ltr'><strong>Anima</strong></span> <span class='ocrx_word' id='word_1_167' title='bbox 950 2508 1065 2560; x_wconf 76' lang='lat' dir='ltr'><strong>mea</strong></span> <span class='ocrx_word' id='word_1_168' title='bbox 1096 2508 1365 2586; x_wconf 75' lang='lat' dir='ltr'><strong>nunquam</strong></span> <span class='ocrx_word' id='word_1_169' title='bbox 1390 2521 1421 2559; x_wconf 89' lang='lat' dir='ltr'><strong>a</strong></span> <span class='ocrx_word' id='word_1_170' title='bbox 1451 2513 1499 2559; x_wconf 87' lang='lat' dir='ltr'><strong>te</strong></span> <span class='ocrx_word' id='word_1_171' title='bbox 1518 2503 1725 2573; x_wconf 73' lang='lat' dir='ltr'><strong>deﬁciat</strong></span> <span class='ocrx_word' id='word_1_172' title='bbox 1748 2506 1813 2559; x_wconf 75' lang='lat'><strong>“.</strong></span> 
     </span>
    </p>
   </div>
   <div class='ocr_carea' id='block_1_27' title="bbox 239 2580 1815 2668">
    <p class='ocr_par' dir='ltr' id='par_1_27' title="bbox 239 2580 1815 2668">
     <span class='ocr_line' id='line_1_27' title="bbox 239 2580 1815 2668; baseline -0.001 -18"><span class='ocrx_word' id='word_1_173' title='bbox 239 2580 478 2664; x_wconf 71' lang='lat' dir='ltr'><strong>Castigat</strong></span> <span class='ocrx_word' id='word_1_174' title='bbox 532 2594 700 2661; x_wconf 89' lang='lat' dir='ltr'><strong>enim,</strong></span> <span class='ocrx_word' id='word_1_175' title='bbox 756 2599 852 2651; x_wconf 86' lang='lat' dir='ltr'><strong>sed</strong></span> <span class='ocrx_word' id='word_1_176' title='bbox 904 2596 1134 2668; x_wconf 79' lang='lat' dir='ltr'><strong>benigne</strong></span> <span class='ocrx_word' id='word_1_177' title='bbox 1169 2610 1184 2648; x_wconf 91' lang='lat'><strong>:</strong></span> <span class='ocrx_word' id='word_1_178' title='bbox 1226 2580 1298 2649; x_wconf 76' lang='lat' dir='ltr'><strong>Et</strong></span> <span class='ocrx_word' id='word_1_179' title='bbox 1336 2597 1565 2666; x_wconf 80' lang='lat' dir='ltr'><strong>castigat</strong></span> <span class='ocrx_word' id='word_1_180' title='bbox 1610 2613 1815 2651; x_wconf 85' lang='lat' dir='ltr'><strong>omnem</strong></span> 
     </span>
    </p>
   </div>
   <div class='ocr_carea' id='block_1_28' title="bbox 238 2685 1821 2759">
    <p class='ocr_par' dir='ltr' id='par_1_28' title="bbox 238 2685 1821 2759">
     <span class='ocr_line' id='line_1_28' title="bbox 238 2685 1821 2759; baseline 0.005 -22"><span class='ocrx_word' id='word_1_181' title='bbox 238 2685 434 2754; x_wconf 73' lang='lat' dir='ltr'><strong>ﬁlium,</strong></span> <span class='ocrx_word' id='word_1_182' title='bbox 457 2700 606 2756; x_wconf 85' lang='lat' dir='ltr'><strong>quem</strong></span> <span class='ocrx_word' id='word_1_183' title='bbox 628 2687 830 2757; x_wconf 76' lang='lat' dir='ltr'><strong>recipit,</strong></span> <span class='ocrx_word' id='word_1_184' title='bbox 865 2702 1082 2759; x_wconf 90' lang='lat' dir='ltr'><strong>possum</strong></span> <span class='ocrx_word' id='word_1_185' title='bbox 1109 2689 1319 2744; x_wconf 90' lang='lat' dir='ltr'><strong>discere</strong></span> <span class='ocrx_word' id='word_1_186' title='bbox 1358 2702 1423 2743; x_wconf 84' lang='lat' dir='ltr'><strong>ex</strong></span> <span class='ocrx_word' id='word_1_187' title='bbox 1464 2690 1642 2744; x_wconf 89' lang='lat' dir='ltr'><strong>divina</strong></span> <span class='ocrx_word' id='word_1_188' title='bbox 1671 2688 1821 2745; x_wconf 76' lang='lat' dir='ltr'><strong>Scri-</strong></span> 
     </span>
    </p>
   </div>
   <div class='ocr_carea' id='block_1_29' title="bbox 242 2777 1817 2852">
    <p class='ocr_par' dir='ltr' id='par_1_29' title="bbox 242 2777 1817 2852">
     <span class='ocr_line' id='line_1_29' title="bbox 242 2777 1817 2852; baseline 0.004 -23"><span class='ocrx_word' id='word_1_189' title='bbox 242 2788 398 2847; x_wconf 84' lang='lat' dir='ltr'><strong>ptura</strong></span> <span class='ocrx_word' id='word_1_190' title='bbox 428 2777 493 2846; x_wconf 80' lang='lat'><strong>“,</strong></span> <span class='ocrx_word' id='word_1_191' title='bbox 543 2778 679 2833; x_wconf 90' lang='lat' dir='ltr'><strong>adeo</strong></span> <span class='ocrx_word' id='word_1_192' title='bbox 715 2788 773 2833; x_wconf 95' lang='lat' dir='ltr'><strong>ut</strong></span> <span class='ocrx_word' id='word_1_193' title='bbox 821 2780 1109 2852; x_wconf 87' lang='lat' dir='ltr'><strong>disciplina</strong></span> <span class='ocrx_word' id='word_1_194' title='bbox 1149 2781 1269 2851; x_wconf 78' lang='lat' dir='ltr'><strong>ejus</strong></span> <span class='ocrx_word' id='word_1_195' title='bbox 1303 2789 1360 2837; x_wconf 85' lang='lat' dir='ltr'><strong>et</strong></span> <span class='ocrx_word' id='word_1_196' title='bbox 1400 2782 1682 2851; x_wconf 78' lang='lat' dir='ltr'><strong>castigatio</strong></span> <span class='ocrx_word' id='word_1_197' title='bbox 1713 2796 1817 2836; x_wconf 91' lang='lat' dir='ltr'><strong>non</strong></span> 
     </span>
    </p>
   </div>
   <div class='ocr_carea' id='block_1_30' title="bbox 240 2870 1821 2944">
    <p class='ocr_par' dir='ltr' id='par_1_30' title="bbox 240 2870 1821 2944">
     <span class='ocr_line' id='line_1_30' title="bbox 240 2870 1821 2944; baseline 0.003 -19"><span class='ocrx_word' id='word_1_198' title='bbox 240 2871 312 2925; x_wconf 82' lang='lat' dir='ltr'><strong>sit</strong></span> <span class='ocrx_word' id='word_1_199' title='bbox 346 2870 459 2938; x_wconf 73' lang='lat' dir='ltr'><strong>irae,</strong></span> <span class='ocrx_word' id='word_1_200' title='bbox 491 2870 584 2925; x_wconf 91' lang='lat' dir='ltr'><strong>sed</strong></span> <span class='ocrx_word' id='word_1_201' title='bbox 617 2870 952 2939; x_wconf 82' lang='lat' dir='ltr'><strong>dilectionis,</strong></span> <span class='ocrx_word' id='word_1_202' title='bbox 1004 2874 1071 2928; x_wconf 89' lang='lat' dir='ltr'><strong>ad</strong></span> <span class='ocrx_word' id='word_1_203' title='bbox 1112 2873 1509 2929; x_wconf 88' lang='lat' dir='ltr'><strong>correctionem</strong></span> <span class='ocrx_word' id='word_1_204' title='bbox 1569 2882 1821 2944; x_wconf 83' lang='lat' dir='ltr'><strong>peceato-</strong></span> 
     </span>
    </p>
   </div>
   <div class='ocr_carea' id='block_1_31' title="bbox 243 2960 1823 3035">
    <p class='ocr_par' dir='ltr' id='par_1_31' title="bbox 243 2960 1823 3035">
     <span class='ocr_line' id='line_1_31' title="bbox 243 2960 1823 3035; baseline 0.004 -21"><span class='ocrx_word' id='word_1_205' title='bbox 243 2964 385 3028; x_wconf 65' lang='grc' dir='ltr'>των,</span> <span class='ocrx_word' id='word_1_206' title='bbox 426 2960 643 3018; x_wconf 85' lang='lat' dir='ltr'><strong>inducta</strong></span> <span class='ocrx_word' id='word_1_207' title='bbox 707 2973 929 3035; x_wconf 86' lang='lat' dir='ltr'><strong>propter</strong></span> <span class='ocrx_word' id='word_1_208' title='bbox 995 2963 1412 3035; x_wconf 81' lang='lat' dir='ltr'><strong>benignitatem.</strong></span> <span class='ocrx_word' id='word_1_209' title='bbox 1473 2966 1683 3020; x_wconf 88' lang='lat' dir='ltr'><strong>Bonum</strong></span> <span class='ocrx_word' id='word_1_210' title='bbox 1739 2974 1823 3021; x_wconf 88' lang='lat' dir='ltr'><strong>est</strong></span> 
     </span>
    </p>
   </div>
   <div class='ocr_carea' id='block_1_32' title="bbox 240 3052 1822 3128">
    <p class='ocr_par' dir='ltr' id='par_1_32' title="bbox 240 3052 1822 3128">
     <span class='ocr_line' id='line_1_32' title="bbox 240 3052 1822 3128; baseline 0.001 -20"><span class='ocrx_word' id='word_1_211' title='bbox 240 3065 396 3124; x_wconf 88' lang='lat' dir='ltr'><strong>ergo,</strong></span> <span class='ocrx_word' id='word_1_212' title='bbox 433 3067 465 3109; x_wconf 92' lang='grc' dir='ltr'><strong>ο</strong></span> <span class='ocrx_word' id='word_1_213' title='bbox 494 3052 717 3121; x_wconf 81' lang='lat' dir='ltr'><strong>fratres,</strong></span> <span class='ocrx_word' id='word_1_214' title='bbox 766 3064 823 3111; x_wconf 91' lang='lat' dir='ltr'><strong>et</strong></span> <span class='ocrx_word' id='word_1_215' title='bbox 853 3057 1006 3112; x_wconf 82' lang='lat' dir='ltr'><strong>valde</strong></span> <span class='ocrx_word' id='word_1_216' title='bbox 1038 3058 1263 3125; x_wconf 88' lang='lat' dir='ltr'><strong>bonum,</strong></span> <span class='ocrx_word' id='word_1_217' title='bbox 1289 3073 1412 3113; x_wconf 85' lang='lat' dir='ltr'><strong>cum</strong></span> <span class='ocrx_word' id='word_1_218' title='bbox 1445 3058 1533 3113; x_wconf 85' lang='lat' dir='ltr'><strong>hic</strong></span> <span class='ocrx_word' id='word_1_219' title='bbox 1563 3056 1822 3128; x_wconf 71' lang='lat' dir='ltr'><strong>Spiritua~</strong></span> 
     </span>
    </p>
   </div>
   <div class='ocr_carea' id='block_1_33' title="bbox 242 3145 1819 3221">
    <p class='ocr_par' dir='ltr' id='par_1_33' title="bbox 242 3145 1819 3221">
     <span class='ocr_line' id='line_1_33' title="bbox 242 3145 1819 3221; baseline 0.003 -23"><span class='ocrx_word' id='word_1_220' title='bbox 242 3145 367 3200; x_wconf 89' lang='lat' dir='ltr'><strong>liter</strong></span> <span class='ocrx_word' id='word_1_221' title='bbox 404 3147 655 3219; x_wconf 79' lang='lat' dir='ltr'><strong>castigati</strong></span> <span class='ocrx_word' id='word_1_222' title='bbox 690 3148 979 3215; x_wconf 79' lang='lat' dir='ltr'><strong>fuerimus,</strong></span> <span class='ocrx_word' id='word_1_223' title='bbox 1029 3149 1138 3205; x_wconf 89' lang='lat' dir='ltr'><strong>illic</strong></span> <span class='ocrx_word' id='word_1_224' title='bbox 1160 3151 1467 3205; x_wconf 83' lang='lat' dir='ltr'><strong>Detninicas</strong></span> <span class='ocrx_word' id='word_1_225' title='bbox 1500 3150 1684 3221; x_wconf 81' lang='lat' dir='ltr'><strong>plagas</strong></span> <span class='ocrx_word' id='word_1_226' title='bbox 1716 3165 1819 3206; x_wconf 91' lang='lat' dir='ltr'><strong>non</strong></span> 
     </span>
    </p>
   </div>
   <div class='ocr_carea' id='block_1_34' title="bbox 242 3236 1817 3311">
    <p class='ocr_par' dir='ltr' id='par_1_34' title="bbox 242 3236 1817 3311">
     <span class='ocr_line' id='line_1_34' title="bbox 242 3236 1817 3311; baseline 0.004 -22"><span class='ocrx_word' id='word_1_227' title='bbox 242 3236 480 3306; x_wconf 83' lang='lat' dir='ltr'><strong>experiri</strong></span> <span class='ocrx_word' id='word_1_228' title='bbox 529 3246 633 3294; x_wconf 87' lang='lat' dir='ltr'><strong>:et</strong></span> <span class='ocrx_word' id='word_1_229' title='bbox 660 3252 781 3293; x_wconf 90' lang='lat' dir='ltr'><strong>cum</strong></span> <span class='ocrx_word' id='word_1_230' title='bbox 814 3239 903 3294; x_wconf 88' lang='lat' dir='ltr'><strong>hic</strong></span> <span class='ocrx_word' id='word_1_231' title='bbox 946 3240 1013 3295; x_wconf 85' lang='lat' dir='ltr'><strong>ad</strong></span> <span class='ocrx_word' id='word_1_232' title='bbox 1050 3248 1259 3311; x_wconf 88' lang='lat' dir='ltr'><strong>tempus</strong></span> <span class='ocrx_word' id='word_1_233' title='bbox 1305 3240 1487 3295; x_wconf 80' lang='lat' dir='ltr'><strong>amicti</strong></span> <span class='ocrx_word' id='word_1_234' title='bbox 1537 3242 1817 3307; x_wconf 81' lang='lat' dir='ltr'><strong>fuerimus,</strong></span> 
     </span>
    </p>
   </div>
   <div class='ocr_carea' id='block_1_35' title="bbox 242 3325 1818 3403">
    <p class='ocr_par' dir='ltr' id='par_1_35' title="bbox 242 3325 1818 3403">
     <span class='ocr_line' id='line_1_35' title="bbox 242 3325 1818 3403; baseline 0.003 -22"><span class='ocrx_word' id='word_1_235' title='bbox 242 3341 365 3395; x_wconf 83' lang='lat' dir='ltr'><strong>quae</strong></span> <span class='ocrx_word' id='word_1_236' title='bbox 396 3325 557 3383; x_wconf 84' lang='lat' dir='ltr'><strong>linem</strong></span> <span class='ocrx_word' id='word_1_237' title='bbox 588 3335 695 3385; x_wconf 82' lang='lat' dir='ltr'><strong>non</strong></span> <span class='ocrx_word' id='word_1_238' title='bbox 724 3330 924 3386; x_wconf 86' lang='lat' dir='ltr'><strong>habent</strong></span> <span class='ocrx_word' id='word_1_239' title='bbox 958 3341 1227 3388; x_wconf 90' lang='lat' dir='ltr'><strong>tormenta</strong></span> <span class='ocrx_word' id='word_1_240' title='bbox 1253 3333 1510 3403; x_wconf 80' lang='lat' dir='ltr'><strong>effugere.</strong></span> <span class='ocrx_word' id='word_1_241' title='bbox 1545 3332 1643 3388; x_wconf 87' lang='lat' dir='ltr'><strong>llic</strong></span> <span class='ocrx_word' id='word_1_242' title='bbox 1674 3335 1818 3388; x_wconf 87' lang='lat' dir='ltr'><strong>enim</strong></span> 
     </span>
    </p>
   </div>
   <div class='ocr_carea' id='block_1_36' title="bbox 244 3418 1823 3494">
    <p class='ocr_par' dir='ltr' id='par_1_36' title="bbox 244 3418 1823 3494">
     <span class='ocr_line' id='line_1_36' title="bbox 244 3418 1823 3494; baseline 0.004 -21"><span class='ocrx_word' id='word_1_243' title='bbox 244 3418 383 3474; x_wconf 81' lang='lat' dir='ltr'><strong>nihil</strong></span> <span class='ocrx_word' id='word_1_244' title='bbox 413 3420 545 3490; x_wconf 85' lang='lat' dir='ltr'><strong>pati,</strong></span> <span class='ocrx_word' id='word_1_245' title='bbox 574 3419 732 3494; x_wconf 84' lang='lat' dir='ltr'><strong>longe</strong></span> <span class='ocrx_word' id='word_1_246' title='bbox 760 3433 843 3479; x_wconf 86' lang='lat' dir='ltr'><strong>est</strong></span> <span class='ocrx_word' id='word_1_247' title='bbox 867 3425 1084 3493; x_wconf 83' lang='lat' dir='ltr'><strong>gravius</strong></span> <span class='ocrx_word' id='word_1_248' title='bbox 1106 3436 1266 3493; x_wconf 86' lang='lat' dir='ltr'><strong>quam</strong></span> <span class='ocrx_word' id='word_1_249' title='bbox 1297 3426 1406 3494; x_wconf 82' lang='lat' dir='ltr'><strong>pati</strong></span> <span class='ocrx_word' id='word_1_250' title='bbox 1435 3442 1449 3480; x_wconf 90' lang='lat'><strong>:</strong></span> <span class='ocrx_word' id='word_1_251' title='bbox 1481 3434 1535 3480; x_wconf 93' lang='lat' dir='ltr'><strong>et</strong></span> <span class='ocrx_word' id='word_1_252' title='bbox 1556 3427 1823 3479; x_wconf 81' lang='lat' dir='ltr'><strong>excedere</strong></span> 
     </span>
    </p>
   </div>
   <div class='ocr_carea' id='block_1_37' title="bbox 243 3511 1825 3588">
    <p class='ocr_par' dir='ltr' id='par_1_37' title="bbox 243 3511 1825 3588">
     <span class='ocr_line' id='line_1_37' title="bbox 243 3511 1825 3588; baseline 0.004 -24"><span class='ocrx_word' id='word_1_253' title='bbox 243 3524 277 3564; x_wconf 88' lang='lat' dir='ltr'><strong>e</strong></span> <span class='ocrx_word' id='word_1_254' title='bbox 323 3511 432 3566; x_wconf 87' lang='lat' dir='ltr'><strong>vita</strong></span> <span class='ocrx_word' id='word_1_255' title='bbox 467 3513 673 3583; x_wconf 87' lang='lat' dir='ltr'><strong>absque</strong></span> <span class='ocrx_word' id='word_1_256' title='bbox 724 3515 1132 3582; x_wconf 83' lang='lat' dir='ltr'><strong>tentationibus,</strong></span> <span class='ocrx_word' id='word_1_257' title='bbox 1192 3527 1249 3571; x_wconf 91' lang='lat' dir='ltr'><strong>ut</strong></span> <span class='ocrx_word' id='word_1_258' title='bbox 1306 3517 1462 3588; x_wconf 82' lang='lat' dir='ltr'><strong>cujus</strong></span> <span class='ocrx_word' id='word_1_259' title='bbox 1514 3534 1617 3570; x_wconf 88' lang='lat' dir='ltr'><strong>non</strong></span> <span class='ocrx_word' id='word_1_260' title='bbox 1660 3516 1825 3572; x_wconf 80' lang='lat' dir='ltr'><strong>fuerit</strong></span> 
     </span>
    </p>
   </div>
   <div class='ocr_carea' id='block_1_38' title="bbox 244 3607 1821 3678">
    <p class='ocr_par' dir='ltr' id='par_1_38' title="bbox 244 3607 1821 3678">
     <span class='ocr_line' id='line_1_38' title="bbox 244 3607 1821 3678; baseline 0.005 -22"><span class='ocrx_word' id='word_1_261' title='bbox 244 3614 477 3676; x_wconf 84' lang='lat' dir='ltr'><strong>purgata</strong></span> <span class='ocrx_word' id='word_1_262' title='bbox 536 3607 766 3662; x_wconf 88' lang='lat' dir='ltr'><strong>materia</strong></span> <span class='ocrx_word' id='word_1_263' title='bbox 814 3616 1165 3678; x_wconf 89' lang='lat' dir='ltr'><strong>peccatorum</strong></span> <span class='ocrx_word' id='word_1_264' title='bbox 1194 3610 1378 3665; x_wconf 82' lang='lat' dir='ltr'><strong>multis</strong></span> <span class='ocrx_word' id='word_1_265' title='bbox 1418 3608 1821 3676; x_wconf 82' lang='lat' dir='ltr'><strong>amictionibus,</strong></span> 
     </span>
    </p>
   </div>
   <div class='ocr_carea' id='block_1_39' title="bbox 244 3700 1821 3769">
    <p class='ocr_par' dir='ltr' id='par_1_39' title="bbox 244 3700 1821 3769">
     <span class='ocr_line' id='line_1_39' title="bbox 244 3700 1821 3769; baseline 0.004 -19"><span class='ocrx_word' id='word_1_266' title='bbox 244 3702 389 3766; x_wconf 90' lang='lat' dir='ltr'><strong>quod</strong></span> <span class='ocrx_word' id='word_1_267' title='bbox 419 3708 503 3754; x_wconf 89' lang='lat' dir='ltr'><strong>est</strong></span> <span class='ocrx_word' id='word_1_268' title='bbox 527 3709 774 3769; x_wconf 87' lang='lat' dir='ltr'><strong>apertum</strong></span> <span class='ocrx_word' id='word_1_269' title='bbox 812 3700 1070 3757; x_wconf 91' lang='lat' dir='ltr'><strong>indicium</strong></span> <span class='ocrx_word' id='word_1_270' title='bbox 1098 3701 1422 3757; x_wconf 86' lang='lat' dir='ltr'><strong>terribilium</strong></span> <span class='ocrx_word' id='word_1_271' title='bbox 1449 3701 1821 3768; x_wconf 78' lang='lat' dir='ltr'><strong>alﬂictionum,</strong></span> 
     </span>
    </p>
   </div>
   <div class='ocr_carea' id='block_1_40' title="bbox 252 3791 1825 3863">
    <p class='ocr_par' dir='ltr' id='par_1_40' title="bbox 252 3791 1825 3863">
     <span class='ocr_line' id='line_1_40' title="bbox 252 3791 1825 3863; baseline 0.004 -22"><span class='ocrx_word' id='word_1_272' title='bbox 252 3798 306 3842; x_wconf 84' lang='lat' dir='ltr'><strong>et</strong></span> <span class='ocrx_word' id='word_1_273' title='bbox 363 3791 656 3845; x_wconf 86' lang='lat' dir='ltr'><strong>notltorum</strong></span> <span class='ocrx_word' id='word_1_274' title='bbox 695 3793 897 3860; x_wconf 90' lang='lat' dir='ltr'><strong>potius,</strong></span> <span class='ocrx_word' id='word_1_275' title='bbox 942 3807 1105 3863; x_wconf 85' lang='lat' dir='ltr'><strong>quam</strong></span> <span class='ocrx_word' id='word_1_276' title='bbox 1160 3807 1538 3862; x_wconf 84' lang='lat' dir='ltr'><strong>germanorum</strong></span> <span class='ocrx_word' id='word_1_277' title='bbox 1589 3793 1825 3848; x_wconf 83' lang='lat' dir='ltr'><strong>ﬁliorum</strong></span> 
     </span>
    </p>
   </div>
   <div class='ocr_carea' id='block_1_41' title="bbox 245 3881 1827 3955">
    <p class='ocr_par' dir='ltr' id='par_1_41' title="bbox 245 3881 1827 3955">
     <span class='ocr_line' id='line_1_41' title="bbox 245 3881 1827 3955; baseline 0.002 -19"><span class='ocrx_word' id='word_1_278' title='bbox 245 3881 458 3952; x_wconf 79' lang='lat' dir='ltr'><strong>signum</strong></span> <span class='ocrx_word' id='word_1_279' title='bbox 484 3883 731 3939; x_wconf 75' lang='lat' dir='ltr'><strong>evidens.</strong></span> <span class='ocrx_word' id='word_1_280' title='bbox 764 3884 1086 3955; x_wconf 84' lang='lat' dir='ltr'><strong>Quanquam</strong></span> <span class='ocrx_word' id='word_1_281' title='bbox 1113 3900 1179 3940; x_wconf 83' lang='lat' dir='ltr'><strong>ne</strong></span> <span class='ocrx_word' id='word_1_282' title='bbox 1211 3886 1342 3939; x_wconf 88' lang='lat' dir='ltr'><strong>illttd</strong></span> <span class='ocrx_word' id='word_1_283' title='bbox 1363 3886 1579 3955; x_wconf 88' lang='lat' dir='ltr'><strong>quidem</strong></span> <span class='ocrx_word' id='word_1_284' title='bbox 1607 3885 1827 3940; x_wconf 81' lang='lat' dir='ltr'><strong>omnino</strong></span> 
     </span>
    </p>
   </div>
   <div class='ocr_carea' id='block_1_42' title="bbox 247 3980 1825 4054">
    <p class='ocr_par' dir='ltr' id='par_1_42' title="bbox 247 3980 1825 4054">
     <span class='ocr_line' id='line_1_42' title="bbox 247 3980 1825 4054; baseline 0.003 -21"><span class='ocrx_word' id='word_1_285' title='bbox 247 3980 594 4036; x_wconf 84' lang='lat' dir='ltr'><strong>conturbabit</strong></span> <span class='ocrx_word' id='word_1_286' title='bbox 618 3983 857 4037; x_wconf 87' lang='lat' dir='ltr'><strong>animum</strong></span> <span class='ocrx_word' id='word_1_287' title='bbox 886 3994 1073 4037; x_wconf 88' lang='lat' dir='ltr'><strong>eorum</strong></span> <span class='ocrx_word' id='word_1_288' title='bbox 1118 3983 1207 4051; x_wconf 88' lang='lat' dir='ltr'><strong>qui</strong></span> <span class='ocrx_word' id='word_1_289' title='bbox 1240 3983 1477 4053; x_wconf 87' lang='lat' dir='ltr'><strong>sapiunt,</strong></span> <span class='ocrx_word' id='word_1_290' title='bbox 1509 3983 1551 4039; x_wconf 85' lang='lat' dir='ltr'><strong>si</strong></span> <span class='ocrx_word' id='word_1_291' title='bbox 1585 3983 1825 4054; x_wconf 80' lang='lat' dir='ltr'><strong>ﬁgmenti</strong></span> 
     </span>
    </p>
   </div>
   <div class='ocr_carea' id='block_1_43' title="bbox 246 4071 1828 4146">
    <p class='ocr_par' dir='ltr' id='par_1_43' title="bbox 246 4071 1828 4146">
     <span class='ocr_line' id='line_1_43' title="bbox 246 4071 1828 4146; baseline 0.005 -22"><span class='ocrx_word' id='word_1_292' title='bbox 246 4071 415 4126; x_wconf 86' lang='lat' dir='ltr'><strong>divini</strong></span> <span class='ocrx_word' id='word_1_293' title='bbox 463 4074 668 4129; x_wconf 74' lang='lat' dir='ltr'><strong>dmmon</strong></span> <span class='ocrx_word' id='word_1_294' title='bbox 696 4072 877 4129; x_wconf 78' lang='lat' dir='ltr'><strong>evadit</strong></span> <span class='ocrx_word' id='word_1_295' title='bbox 911 4075 1203 4141; x_wconf 61' lang='lat' dir='ltr'><strong>dominus.)</strong></span> <span class='ocrx_word' id='word_1_296' title='bbox 1224 4074 1375 4146; x_wconf 75' lang='lat' dir='ltr'><strong>[Nam</strong></span> <span class='ocrx_word' id='word_1_297' title='bbox 1409 4078 1566 4131; x_wconf 87' lang='lat' dir='ltr'><strong>datur</strong></span> <span class='ocrx_word' id='word_1_298' title='bbox 1610 4077 1828 4146; x_wconf 83' lang='lat' dir='ltr'><strong>quidem</strong></span> 
     </span>
    </p>
   </div>
   <div class='ocr_carea' id='block_1_44' title="bbox 247 4162 1827 4237">
    <p class='ocr_par' dir='ltr' id='par_1_44' title="bbox 247 4162 1827 4237">
     <span class='ocr_line' id='line_1_44' title="bbox 247 4162 1827 4237; baseline 0.004 -22"><span class='ocrx_word' id='word_1_299' title='bbox 247 4162 330 4218; x_wconf 85' lang='lat' dir='ltr'><strong>eis</strong></span> <span class='ocrx_word' id='word_1_300' title='bbox 361 4172 601 4233; x_wconf 78' lang='lat' dir='ltr'><strong>potcsms</strong></span> <span class='ocrx_word' id='word_1_301' title='bbox 638 4173 705 4218; x_wconf 87' lang='lat' dir='ltr'><strong>at)</strong></span> <span class='ocrx_word' id='word_1_302' title='bbox 733 4176 820 4229; x_wconf 89' lang='lat' dir='ltr'><strong>eo,</strong></span> <span class='ocrx_word' id='word_1_303' title='bbox 854 4165 947 4235; x_wconf 89' lang='lat' dir='ltr'><strong>qui</strong></span> <span class='ocrx_word' id='word_1_304' title='bbox 1005 4166 1232 4232; x_wconf 85' lang='lat' dir='ltr'><strong>creavit,</strong></span> <span class='ocrx_word' id='word_1_305' title='bbox 1289 4177 1548 4236; x_wconf 85' lang='lat' dir='ltr'><strong>tanquam</strong></span> <span class='ocrx_word' id='word_1_306' title='bbox 1600 4167 1827 4237; x_wconf 77' lang='lat' dir='ltr'><strong>quibus-</strong></span> 
     </span>
    </p>
   </div>
   <div class='ocr_carea' id='block_1_45' title="bbox 246 4252 1827 4332">
    <p class='ocr_par' dir='ltr' id='par_1_45' title="bbox 246 4252 1827 4332">
     <span class='ocr_line' id='line_1_45' title="bbox 246 4252 1827 4332; baseline 0.004 -24"><span class='ocrx_word' id='word_1_307' title='bbox 246 4252 372 4308; x_wconf 85' lang='lat' dir='ltr'><strong>dam</strong></span> <span class='ocrx_word' id='word_1_308' title='bbox 422 4255 775 4323; x_wconf 90' lang='lat' dir='ltr'><strong>punitoribus</strong></span> <span class='ocrx_word' id='word_1_309' title='bbox 820 4257 929 4330; x_wconf 89' lang='lat' dir='ltr'><strong>(hei</strong></span> <span class='ocrx_word' id='word_1_310' title='bbox 992 4256 1217 4329; x_wconf 83' lang='lat' dir='ltr'><strong>tnibil),</strong></span> <span class='ocrx_word' id='word_1_311' title='bbox 1297 4259 1363 4313; x_wconf 87' lang='lat' dir='ltr'><strong>ad</strong></span> <span class='ocrx_word' id='word_1_312' title='bbox 1415 4260 1827 4332; x_wconf 84' lang='lat' dir='ltr'><strong>castigationem</strong></span> 
     </span>
    </p>
   </div>
   <div class='ocr_carea' id='block_1_46' title="bbox 249 4340 1830 4423">
    <p class='ocr_par' dir='ltr' id='par_1_46' title="bbox 249 4340 1830 4423">
     <span class='ocr_line' id='line_1_46' title="bbox 249 4340 1830 4423; baseline 0.006 -24"><span class='ocrx_word' id='word_1_313' title='bbox 249 4340 484 4400; x_wconf 77' lang='lat' dir='ltr'><strong>ﬁliorum</strong></span> <span class='ocrx_word' id='word_1_314' title='bbox 516 4346 607 4415; x_wconf 75' lang='lat' dir='ltr'><strong>Qui</strong></span> <span class='ocrx_word' id='word_1_315' title='bbox 631 4347 995 4403; x_wconf 85' lang='lat' dir='ltr'><strong>declinarunt.</strong></span> <span class='ocrx_word' id='word_1_316' title='bbox 1030 4349 1199 4404; x_wconf 89' lang='lat' dir='ltr'><strong>Datur</strong></span> <span class='ocrx_word' id='word_1_317' title='bbox 1228 4360 1434 4417; x_wconf 84' lang='lat' dir='ltr'><strong>autent,</strong></span> <span class='ocrx_word' id='word_1_318' title='bbox 1457 4358 1717 4423; x_wconf 83' lang='lat' dir='ltr'><strong>quantum</strong></span> <span class='ocrx_word' id='word_1_319' title='bbox 1742 4354 1830 4408; x_wconf 82' lang='lat' dir='ltr'><strong>ille</strong></span> 
     </span>
    </p>
   </div>
   <div class='ocr_carea' id='block_1_47' title="bbox 251 4433 1826 4515">
    <p class='ocr_par' dir='ltr' id='par_1_47' title="bbox 251 4433 1826 4515">
     <span class='ocr_line' id='line_1_47' title="bbox 251 4433 1826 4515; baseline 0.008 -29"><span class='ocrx_word' id='word_1_320' title='bbox 251 4436 400 4489; x_wconf 82' lang='lat' dir='ltr'><strong>novit</strong></span> <span class='ocrx_word' id='word_1_321' title='bbox 442 4433 693 4492; x_wconf 76' lang='lat' dir='ltr'><strong>sulﬁcere</strong></span> <span class='ocrx_word' id='word_1_322' title='bbox 724 4442 790 4493; x_wconf 85' lang='lat' dir='ltr'><strong>ad</strong></span> <span class='ocrx_word' id='word_1_323' title='bbox 833 4440 1270 4510; x_wconf 80' lang='lat' dir='ltr'><strong>castigationem,</strong></span> <span class='ocrx_word' id='word_1_324' title='bbox 1303 4454 1409 4495; x_wconf 78' lang='lat' dir='ltr'><strong>non</strong></span> <span class='ocrx_word' id='word_1_325' title='bbox 1440 4453 1699 4511; x_wconf 81' lang='lat' dir='ltr'><strong>quantum</strong></span> <span class='ocrx_word' id='word_1_326' title='bbox 1727 4443 1826 4515; x_wconf 75' lang='lat' dir='ltr'><strong>ipsi</strong></span> 
     </span>
    </p>
   </div>
   <div class='ocr_carea' id='block_1_48' title="bbox 1844 3200 1893 3265">
    <p class='ocr_par' dir='ltr' id='par_1_48' title="bbox 1844 3200 1893 3265">
     <span class='ocr_line' id='line_1_48' title="bbox 1844 3200 1893 3265; baseline 0 0"><span class='ocrx_word' id='word_1_327' title='bbox 1844 3200 1893 3265; x_wconf 86' lang='lat' dir='ltr'>C</span> 
     </span>
    </p>
   </div>
   <div class='ocr_carea' id='block_1_49' title="bbox 1909 568 3493 652">
    <p class='ocr_par' dir='ltr' id='par_1_49' title="bbox 1909 568 3493 652">
     <span class='ocr_line' id='line_1_49' title="bbox 1909 568 3493 652; baseline -0.007 -19"><span class='ocrx_word' id='word_1_328' title='bbox 1909 580 2053 652; x_wconf 83' lang='grc' dir='ltr'>ρίαν,</span> <span class='ocrx_word' id='word_1_329' title='bbox 2086 579 2174 632; x_wconf 76' lang='grc' dir='ltr'>ἵνα</span> <span class='ocrx_word' id='word_1_330' title='bbox 2210 574 2452 649; x_wconf 62' lang='grc' dir='ltr'>μάθωσιν</span> <span class='ocrx_word' id='word_1_331' title='bbox 2480 577 2538 629; x_wconf 82' lang='grc' dir='ltr'>ὲν</span> <span class='ocrx_word' id='word_1_332' title='bbox 2570 577 2705 646; x_wconf 77' lang='grc' dir='ltr'>τιμῇ</span> <span class='ocrx_word' id='word_1_333' title='bbox 2728 570 2879 637; x_wconf 72' lang='grc' dir='ltr'>ὄντες</span> <span class='ocrx_word' id='word_1_334' title='bbox 2905 570 3011 652; x_wconf 69' lang='grc' dir='ltr'><strong>καῖ</strong></span> <span class='ocrx_word' id='word_1_335' title='bbox 3029 569 3240 639; x_wconf 78' lang='grc' dir='ltr'>λογικοὶ</span> <span class='ocrx_word' id='word_1_336' title='bbox 3258 568 3493 639; x_wconf 74' lang='grc' dir='ltr'>γενόμε-</span> 
     </span>
    </p>
   </div>
   <div class='ocr_carea' id='block_1_50' title="bbox 1906 650 3489 742">
    <p class='ocr_par' dir='ltr' id='par_1_50' title="bbox 1906 650 3489 742">
     <span class='ocr_line' id='line_1_50' title="bbox 1906 650 3489 742; baseline -0.006 -16"><span class='ocrx_word' id='word_1_337' title='bbox 1906 650 1989 727; x_wconf 78' lang='grc' dir='ltr'><strong>νοι</strong></span> <span class='ocrx_word' id='word_1_338' title='bbox 2020 671 2263 725; x_wconf 82' lang='grc' dir='ltr'>συνιέναι</span> <span class='ocrx_word' id='word_1_339' title='bbox 2290 667 2500 723; x_wconf 80' lang='grc' dir='ltr'>καὶτὸν</span> <span class='ocrx_word' id='word_1_340' title='bbox 2532 664 2879 742; x_wconf 78' lang='grc' dir='ltr'>Δημιουργδν</span> <span class='ocrx_word' id='word_1_341' title='bbox 2922 650 3120 719; x_wconf 78' lang='grc' dir='ltr'>εἰδέναι</span> <span class='ocrx_word' id='word_1_342' title='bbox 3148 663 3242 717; x_wconf 75' lang='grc' dir='ltr'>καὶ</span> <span class='ocrx_word' id='word_1_343' title='bbox 3270 660 3489 734; x_wconf 77' lang='grc' dir='ltr'>βοηθδν,</span> 
     </span>
    </p>
   </div>
   <div class='ocr_carea' id='block_1_51' title="bbox 1908 750 3497 835">
    <p class='ocr_par' dir='ltr' id='par_1_51' title="bbox 1908 750 3497 835">
     <span class='ocr_line' id='line_1_51' title="bbox 1908 750 3497 835; baseline -0.008 -17"><span class='ocrx_word' id='word_1_344' title='bbox 1908 765 2003 819; x_wconf 69' lang='grc' dir='ltr'>καὶ</span> <span class='ocrx_word' id='word_1_345' title='bbox 2030 762 2106 835; x_wconf 82' lang='grc' dir='ltr'>μὴ</span> <span class='ocrx_word' id='word_1_346' title='bbox 2135 761 2272 831; x_wconf 59' lang='lat' dir='ltr'><strong>apo;</strong></span> <span class='ocrx_word' id='word_1_347' title='bbox 2319 761 2483 815; x_wconf 77' lang='grc' dir='ltr'>αὑτὸν</span> <span class='ocrx_word' id='word_1_348' title='bbox 2528 760 2621 813; x_wconf 89' lang='grc' dir='ltr'><strong>τόν</strong></span> <span class='ocrx_word' id='word_1_349' title='bbox 2676 764 2827 827; x_wconf 78' lang='grc' dir='ltr'>σφισι</span> <span class='ocrx_word' id='word_1_350' title='bbox 2880 750 3148 810; x_wconf 68' lang='grc' dir='ltr'>δεδωκότα</span> <span class='ocrx_word' id='word_1_351' title='bbox 3176 753 3276 826; x_wconf 77' lang='grc' dir='ltr'>τὴν</span> <span class='ocrx_word' id='word_1_352' title='bbox 3327 754 3497 826; x_wconf 79' lang='grc' dir='ltr'>χάριν</span> 
     </span>
    </p>
   </div>
   <div class='ocr_carea' id='block_1_52' title="bbox 1910 840 3494 928">
    <p class='ocr_par' dir='ltr' id='par_1_52' title="bbox 1910 840 3494 928">
     <span class='ocr_line' id='line_1_52' title="bbox 1910 840 3494 928; baseline -0.007 -18"><span class='ocrx_word' id='word_1_353' title='bbox 1910 840 2247 928; x_wconf 79' lang='grc' dir='ltr'>ἀγνωμονεῖν</span> <span class='ocrx_word' id='word_1_354' title='bbox 2266 871 2278 885; x_wconf 92' lang='grc'><strong>·</strong></span> <span class='ocrx_word' id='word_1_355' title='bbox 2309 846 2458 907; x_wconf 68' lang='grc' dir='ltr'>οὗτοι</span> <span class='ocrx_word' id='word_1_356' title='bbox 2494 851 2730 924; x_wconf 80' lang='grc' dir='ltr'>μάλιστα</span> <span class='ocrx_word' id='word_1_357' title='bbox 2769 848 3152 920; x_wconf 76' lang='grc' dir='ltr'><strong>φιλανθρώπου</strong></span> <span class='ocrx_word' id='word_1_358' title='bbox 3178 846 3368 899; x_wconf 86' lang='grc' dir='ltr'>τούτου</span> <span class='ocrx_word' id='word_1_359' title='bbox 3396 848 3494 901; x_wconf 76' lang='grc' dir='ltr'>καὶ</span> 
     </span>
    </p>
   </div>
   <div class='ocr_carea' id='block_1_53' title="bbox 1911 937 3493 1020">
    <p class='ocr_par' dir='ltr' id='par_1_53' title="bbox 1911 937 3493 1020">
     <span class='ocr_line' id='line_1_53' title="bbox 1911 937 3493 1020; baseline -0.007 -17"><span class='ocrx_word' id='word_1_360' title='bbox 1911 945 2194 1020; x_wconf 76' lang='grc' dir='ltr'>πατρικῶς</span> <span class='ocrx_word' id='word_1_361' title='bbox 2223 945 2438 1018; x_wconf 81' lang='grc' dir='ltr'>ἔχοντος</span> <span class='ocrx_word' id='word_1_362' title='bbox 2460 944 2587 1017; x_wconf 70' lang='grc' dir='ltr'>περὶ</span> <span class='ocrx_word' id='word_1_363' title='bbox 2609 944 2802 1004; x_wconf 79' lang='grc' dir='ltr'>αὐτοὺς</span> <span class='ocrx_word' id='word_1_364' title='bbox 2826 940 3215 1012; x_wconf 65' lang='grc' dir='ltr'><strong>ἐπειράθησαν.</strong></span> <span class='ocrx_word' id='word_1_365' title='bbox 3246 939 3358 994; x_wconf 74' lang='grc' dir='ltr'><strong>Καὶ</strong></span> <span class='ocrx_word' id='word_1_366' title='bbox 3380 937 3493 1011; x_wconf 78' lang='grc' dir='ltr'><strong>γὰρ</strong></span> 
     </span>
    </p>
   </div>
   <div class='ocr_carea' id='block_1_54' title="bbox 1906 1039 3497 1114">
    <p class='ocr_par' dir='ltr' id='par_1_54' title="bbox 1906 1039 3497 1114">
     <span class='ocr_line' id='line_1_54' title="bbox 1906 1039 3497 1114; baseline -0.004 -16"><span class='ocrx_word' id='word_1_367' title='bbox 1906 1045 1981 1110; x_wconf 82' lang='grc' dir='ltr'><strong>ὡς</strong></span> <span class='ocrx_word' id='word_1_368' title='bbox 2015 1044 2222 1098; x_wconf 86' lang='grc' dir='ltr'>τέκνων</span> <span class='ocrx_word' id='word_1_369' title='bbox 2255 1042 2434 1097; x_wconf 80' lang='grc' dir='ltr'>αὐτῶν</span> <span class='ocrx_word' id='word_1_370' title='bbox 2461 1043 2609 1098; x_wconf 74' lang='grc' dir='ltr'>ἰδίων</span> <span class='ocrx_word' id='word_1_371' title='bbox 2639 1043 3007 1114; x_wconf 85' lang='grc' dir='ltr'>περιεκαίετο,</span> <span class='ocrx_word' id='word_1_372' title='bbox 3047 1042 3115 1094; x_wconf 80' lang='grc' dir='ltr'>τά</span> <span class='ocrx_word' id='word_1_373' title='bbox 3144 1057 3204 1092; x_wconf 86' lang='grc' dir='ltr'><strong>τε</strong></span> <span class='ocrx_word' id='word_1_374' title='bbox 3234 1039 3371 1094; x_wconf 86' lang='grc' dir='ltr'>ἄλλα</span> <span class='ocrx_word' id='word_1_375' title='bbox 3402 1055 3497 1107; x_wconf 82' lang='grc' dir='ltr'>φι-</span> 
     </span>
    </p>
   </div>
   <div class='ocr_carea' id='block_1_55' title="bbox 1908 1128 3496 1208">
    <p class='ocr_par' dir='ltr' id='par_1_55' title="bbox 1908 1128 3496 1208">
     <span class='ocr_line' id='line_1_55' title="bbox 1908 1128 3496 1208; baseline -0.005 -19"><span class='ocrx_word' id='word_1_376' title='bbox 1908 1134 2217 1208; x_wconf 82' lang='grc' dir='ltr'>λοστόργως</span> <span class='ocrx_word' id='word_1_377' title='bbox 2244 1132 2500 1189; x_wconf 85' lang='grc' dir='ltr'>διέκειτο.</span> <span class='ocrx_word' id='word_1_378' title='bbox 2526 1134 2638 1188; x_wconf 74' lang='grc' dir='ltr'><strong>Καὶ</strong></span> <span class='ocrx_word' id='word_1_379' title='bbox 2665 1134 2830 1188; x_wconf 86' lang='grc' dir='ltr'>τόπον</span> <span class='ocrx_word' id='word_1_380' title='bbox 2849 1133 3032 1196; x_wconf 81' lang='grc' dir='ltr'>αὐτοῖς</span> <span class='ocrx_word' id='word_1_381' title='bbox 3052 1130 3327 1194; x_wconf 81' lang='grc' dir='ltr'><strong>ἀποτάξας</strong></span> <span class='ocrx_word' id='word_1_382' title='bbox 3350 1128 3496 1200; x_wconf 74' lang='grc' dir='ltr'>ησύ-</span> 
     </span>
    </p>
   </div>
   <div class='ocr_carea' id='block_1_56' title="bbox 1910 1221 3496 1301">
    <p class='ocr_par' dir='ltr' id='par_1_56' title="bbox 1910 1221 3496 1301">
     <span class='ocr_line' id='line_1_56' title="bbox 1910 1221 3496 1301; baseline -0.004 -19"><span class='ocrx_word' id='word_1_383' title='bbox 1910 1228 2026 1301; x_wconf 81' lang='grc' dir='ltr'>χιόν</span> <span class='ocrx_word' id='word_1_384' title='bbox 2059 1242 2118 1282; x_wconf 86' lang='grc' dir='ltr'><strong>τε</strong></span> <span class='ocrx_word' id='word_1_385' title='bbox 2152 1227 2245 1280; x_wconf 82' lang='grc' dir='ltr'>καὶ</span> <span class='ocrx_word' id='word_1_386' title='bbox 2270 1225 2528 1295; x_wconf 81' lang='grc' dir='ltr'>γαληνὸν,</span> <span class='ocrx_word' id='word_1_387' title='bbox 2561 1226 2619 1279; x_wconf 81' lang='grc' dir='ltr'>ὲν</span> <span class='ocrx_word' id='word_1_388' title='bbox 2648 1223 2797 1296; x_wconf 82' lang='grc' dir='ltr'>αὐτῷ</span> <span class='ocrx_word' id='word_1_389' title='bbox 2835 1224 3044 1293; x_wconf 80' lang='grc' dir='ltr'>διάγειν</span> <span class='ocrx_word' id='word_1_390' title='bbox 3072 1221 3372 1293; x_wconf 79' lang='grc' dir='ltr'><strong>ἐπέτρεπεν</strong></span> <span class='ocrx_word' id='word_1_391' title='bbox 3415 1221 3496 1286; x_wconf 80' lang='grc' dir='ltr'><strong>ὡς</strong></span> 
     </span>
    </p>
   </div>
   <div class='ocr_carea' id='block_1_57' title="bbox 1910 1308 3491 1390">
    <p class='ocr_par' dir='ltr' id='par_1_57' title="bbox 1910 1308 3491 1390">
     <span class='ocr_line' id='line_1_57' title="bbox 1910 1308 3491 1390; baseline -0.005 -17"><span class='ocrx_word' id='word_1_392' title='bbox 1910 1319 2109 1390; x_wconf 79' lang='grc' dir='ltr'>τρόπον</span> <span class='ocrx_word' id='word_1_393' title='bbox 2131 1316 2251 1371; x_wconf 76' lang='grc' dir='ltr'>τινὰ</span> <span class='ocrx_word' id='word_1_394' title='bbox 2279 1333 2411 1388; x_wconf 88' lang='grc' dir='ltr'>μονα</span> <span class='ocrx_word' id='word_1_395' title='bbox 2422 1315 2643 1386; x_wconf 71' lang='grc' dir='ltr'>στηριον</span> <span class='ocrx_word' id='word_1_396' title='bbox 2661 1315 2746 1368; x_wconf 75' lang='grc' dir='ltr'>ἒτε</span> <span class='ocrx_word' id='word_1_397' title='bbox 2761 1332 2850 1386; x_wconf 87' lang='grc' dir='ltr'><strong>ρον</strong></span> <span class='ocrx_word' id='word_1_398' title='bbox 2873 1312 3019 1384; x_wconf 79' lang='grc' dir='ltr'>αὐτῷ</span> <span class='ocrx_word' id='word_1_399' title='bbox 3050 1308 3211 1380; x_wconf 77' lang='grc' dir='ltr'>εῖναι,</span> <span class='ocrx_word' id='word_1_400' title='bbox 3242 1312 3320 1385; x_wconf 82' lang='grc' dir='ltr'>τῷ</span> <span class='ocrx_word' id='word_1_401' title='bbox 3348 1313 3491 1383; x_wconf 76' lang='grc' dir='ltr'>πλή-</span> 
     </span>
    </p>
   </div>
   <div class='ocr_carea' id='block_1_58' title="bbox 1912 1396 3492 1476">
    <p class='ocr_par' dir='ltr' id='par_1_58' title="bbox 1912 1396 3492 1476">
     <span class='ocr_line' id='line_1_58' title="bbox 1912 1396 3492 1476; baseline -0.003 -16"><span class='ocrx_word' id='word_1_402' title='bbox 1912 1409 1992 1461; x_wconf 90' lang='grc' dir='ltr'><strong>θει</strong></span> <span class='ocrx_word' id='word_1_403' title='bbox 2023 1423 2082 1460; x_wconf 88' lang='grc' dir='ltr'><strong>τε</strong></span> <span class='ocrx_word' id='word_1_404' title='bbox 2111 1407 2221 1460; x_wconf 85' lang='grc' dir='ltr'><strong>τῶν</strong></span> <span class='ocrx_word' id='word_1_405' title='bbox 2251 1403 2698 1476; x_wconf 82' lang='grc' dir='ltr'><strong>συνειλεγμένων,</strong></span> <span class='ocrx_word' id='word_1_406' title='bbox 2726 1404 2820 1457; x_wconf 71' lang='grc' dir='ltr'>καὶ</span> <span class='ocrx_word' id='word_1_407' title='bbox 2843 1405 2912 1474; x_wconf 78' lang='grc' dir='ltr'><strong>τῇ</strong></span> <span class='ocrx_word' id='word_1_408' title='bbox 2941 1396 3209 1473; x_wconf 73' lang='grc' dir='ltr'>τάξειτῆς</span> <span class='ocrx_word' id='word_1_409' title='bbox 3238 1402 3492 1474; x_wconf 78' lang='grc' dir='ltr'>λειτουρ-</span> 
     </span>
    </p>
   </div>
   <div class='ocr_carea' id='block_1_59' title="bbox 1912 1496 3492 1571">
    <p class='ocr_par' dir='ltr' id='par_1_59' title="bbox 1912 1496 3492 1571">
     <span class='ocr_line' id='line_1_59' title="bbox 1912 1496 3492 1571; baseline -0.001 -20"><span class='ocrx_word' id='word_1_410' title='bbox 1912 1500 2057 1567; x_wconf 68' lang='grc' dir='ltr'>γίας,</span> <span class='ocrx_word' id='word_1_411' title='bbox 2090 1501 2155 1571; x_wconf 80' lang='grc' dir='ltr'>τῇ</span> <span class='ocrx_word' id='word_1_412' title='bbox 2185 1516 2243 1551; x_wconf 90' lang='grc' dir='ltr'><strong>τε</strong></span> <span class='ocrx_word' id='word_1_413' title='bbox 2272 1497 2606 1552; x_wconf 76' lang='grc' dir='ltr'>καταστάσει</span> <span class='ocrx_word' id='word_1_414' title='bbox 2654 1497 2763 1551; x_wconf 86' lang='grc' dir='ltr'><strong>τῶν</strong></span> <span class='ocrx_word' id='word_1_415' title='bbox 2786 1496 3244 1568; x_wconf 79' lang='grc' dir='ltr'>διακονουμένων,</span> <span class='ocrx_word' id='word_1_416' title='bbox 3280 1496 3393 1550; x_wconf 77' lang='grc' dir='ltr'>καὶ·</span> <span class='ocrx_word' id='word_1_417' title='bbox 3422 1498 3492 1569; x_wconf 76' lang='grc' dir='ltr'>τῇ</span> 
     </span>
    </p>
   </div>
   <div class='ocr_carea' id='block_1_60' title="bbox 1909 1587 2731 1661">
    <p class='ocr_par' dir='ltr' id='par_1_60' title="bbox 1909 1587 2731 1661">
     <span class='ocr_line' id='line_1_60' title="bbox 1909 1587 2731 1661; baseline -0.004 -18"><span class='ocrx_word' id='word_1_418' title='bbox 1909 1589 2017 1643; x_wconf 86' lang='grc' dir='ltr'><strong>τῶν</strong></span> <span class='ocrx_word' id='word_1_419' title='bbox 2044 1590 2464 1661; x_wconf 74' lang='grc' dir='ltr'>χορηγουμένων</span> <span class='ocrx_word' id='word_1_420' title='bbox 2496 1587 2731 1659; x_wconf 71' lang='grc' dir='ltr'>δαπάνῃ.</span> 
     </span>
    </p>
   </div>
   <div class='ocr_carea' id='block_1_61' title="bbox 1987 1668 3494 1751">
    <p class='ocr_par' dir='ltr' id='par_1_61' title="bbox 1987 1668 3494 1751">
     <span class='ocr_line' id='line_1_61' title="bbox 1987 1668 3494 1751; baseline -0.001 -18"><span class='ocrx_word' id='word_1_421' title='bbox 1987 1682 2081 1737; x_wconf 79' lang='grc' dir='ltr'>λε’.</span> <span class='ocrx_word' id='word_1_422' title='bbox 2116 1682 2334 1736; x_wconf 77' lang='grc' dir='ltr'>Μᾶλλον</span> <span class='ocrx_word' id='word_1_423' title='bbox 2363 1676 2457 1735; x_wconf 74' lang='grc' dir='ltr'>οὖν</span> <span class='ocrx_word' id='word_1_424' title='bbox 2507 1681 2616 1734; x_wconf 86' lang='grc' dir='ltr'><strong>τῶν</strong></span> <span class='ocrx_word' id='word_1_425' title='bbox 2643 1681 2819 1734; x_wconf 78' lang='grc' dir='ltr'>ἄλλων</span> <span class='ocrx_word' id='word_1_426' title='bbox 2850 1682 2878 1734; x_wconf 81' lang='grc' dir='ltr'>ὁ</span> <span class='ocrx_word' id='word_1_427' title='bbox 2904 1668 3001 1735; x_wconf 73' lang='grc' dir='ltr'><strong>τοῦ</strong></span> <span class='ocrx_word' id='word_1_428' title='bbox 3023 1679 3159 1734; x_wconf 80' lang='grc' dir='ltr'>Θεοῦ</span> <span class='ocrx_word' id='word_1_429' title='bbox 3184 1677 3494 1751; x_wconf 82' lang='grc' dir='ltr'>ἄνθρωπος,</span> 
     </span>
    </p>
   </div>
   <div class='ocr_carea' id='block_1_62' title="bbox 1912 1760 3494 1844">
    <p class='ocr_par' dir='ltr' id='par_1_62' title="bbox 1912 1760 3494 1844">
     <span class='ocr_line' id='line_1_62' title="bbox 1912 1760 3494 1844; baseline -0.002 -17"><span class='ocrx_word' id='word_1_430' title='bbox 1912 1773 2101 1843; x_wconf 79' lang='grc' dir='ltr'>ὥσπερ</span> <span class='ocrx_word' id='word_1_431' title='bbox 2136 1771 2372 1843; x_wconf 77' lang='grc' dir='ltr'><strong>ἔφημεν,</strong></span> <span class='ocrx_word' id='word_1_432' title='bbox 2407 1775 2472 1844; x_wconf 81' lang='grc' dir='ltr'>τῇ</span> <span class='ocrx_word' id='word_1_433' title='bbox 2503 1772 2632 1843; x_wconf 68' lang='grc' dir='ltr'>περὶ</span> <span class='ocrx_word' id='word_1_434' title='bbox 2680 1770 2877 1835; x_wconf 76' lang='grc' dir='ltr'>αὐτοὺς</span> <span class='ocrx_word' id='word_1_435' title='bbox 2927 1771 3130 1842; x_wconf 72' lang='grc' dir='ltr'>ἥττητο</span> <span class='ocrx_word' id='word_1_436' title='bbox 3155 1760 3494 1841; x_wconf 66' lang='grc' dir='ltr'>συμπαθείᾳ,</span> 
     </span>
    </p>
   </div>
   <div class='ocr_carea' id='block_1_63' title="bbox 1912 1860 3498 1937">
    <p class='ocr_par' dir='ltr' id='par_1_63' title="bbox 1912 1860 3498 1937">
     <span class='ocr_line' id='line_1_63' title="bbox 1912 1860 3498 1937; baseline -0.002 -17"><span class='ocrx_word' id='word_1_437' title='bbox 1912 1868 2007 1920; x_wconf 69' lang='grc' dir='ltr'>καὶ</span> <span class='ocrx_word' id='word_1_438' title='bbox 2038 1865 2200 1920; x_wconf 74' lang='grc' dir='ltr'>ὁπότε</span> <span class='ocrx_word' id='word_1_439' title='bbox 2234 1865 2365 1934; x_wconf 81' lang='grc' dir='ltr'>γοῦν</span> <span class='ocrx_word' id='word_1_440' title='bbox 2394 1867 2489 1919; x_wconf 77' lang='grc' dir='ltr'><strong>καὶ</strong></span> <span class='ocrx_word' id='word_1_441' title='bbox 2520 1866 2784 1937; x_wconf 70' lang='grc' dir='ltr'>νήφοντας</span> <span class='ocrx_word' id='word_1_442' title='bbox 2812 1860 3134 1928; x_wconf 74' lang='grc' dir='ltr'>καταλάϐοι,</span> <span class='ocrx_word' id='word_1_443' title='bbox 3186 1863 3498 1933; x_wconf 79' lang='grc' dir='ltr'><strong>θερμότατα</strong></span> 
     </span>
    </p>
   </div>
   <div class='ocr_carea' id='block_1_64' title="bbox 1916 1952 3500 2029">
    <p class='ocr_par' dir='ltr' id='par_1_64' title="bbox 1916 1952 3500 2029">
     <span class='ocr_line' id='line_1_64' title="bbox 1916 1952 3500 2029; baseline -0.003 -17"><span class='ocrx_word' id='word_1_444' title='bbox 1916 1958 2054 2029; x_wconf 83' lang='grc' dir='ltr'>πρὸς</span> <span class='ocrx_word' id='word_1_445' title='bbox 2086 1958 2284 2022; x_wconf 76' lang='grc' dir='ltr'>αὐτοὺς</span> <span class='ocrx_word' id='word_1_446' title='bbox 2328 1957 2538 2021; x_wconf 68' lang='grc' dir='ltr'>ἐδείκνυ</span> <span class='ocrx_word' id='word_1_447' title='bbox 2572 1957 2642 2011; x_wconf 83' lang='grc' dir='ltr'>τὰ</span> <span class='ocrx_word' id='word_1_448' title='bbox 2678 1956 2982 2026; x_wconf 81' lang='grc' dir='ltr'>σπλάγχνα,</span> <span class='ocrx_word' id='word_1_449' title='bbox 3027 1954 3147 2009; x_wconf 70' lang='grc' dir='ltr'>λίαν</span> <span class='ocrx_word' id='word_1_450' title='bbox 3169 1968 3229 2009; x_wconf 81' lang='grc' dir='ltr'><strong>τε</strong></span> <span class='ocrx_word' id='word_1_451' title='bbox 3256 1952 3500 2025; x_wconf 87' lang='grc' dir='ltr'>κηδεμο-</span> 
     </span>
    </p>
   </div>
   <div class='ocr_carea' id='block_1_65' title="bbox 1913 2046 3501 2119">
    <p class='ocr_par' dir='ltr' id='par_1_65' title="bbox 1913 2046 3501 2119">
     <span class='ocr_line' id='line_1_65' title="bbox 1913 2046 3501 2119; baseline -0.003 -15"><span class='ocrx_word' id='word_1_452' title='bbox 1913 2048 2082 2112; x_wconf 85' lang='grc' dir='ltr'>νικῶς</span> <span class='ocrx_word' id='word_1_453' title='bbox 2112 2050 2399 2111; x_wconf 76' lang='grc' dir='ltr'>ἀνεκτᾶτο.</span> <span class='ocrx_word' id='word_1_454' title='bbox 2427 2051 2523 2103; x_wconf 71' lang='grc' dir='ltr'>καὶ</span> <span class='ocrx_word' id='word_1_455' title='bbox 2547 2048 2729 2117; x_wconf 82' lang='grc' dir='ltr'>λόγοις</span> <span class='ocrx_word' id='word_1_456' title='bbox 2754 2047 3082 2119; x_wconf 75' lang='grc' dir='ltr'><strong>ἐπιτηδείοις</strong></span> <span class='ocrx_word' id='word_1_457' title='bbox 3117 2046 3253 2118; x_wconf 77' lang='grc' dir='ltr'>πρὸς</span> <span class='ocrx_word' id='word_1_458' title='bbox 3285 2047 3501 2116; x_wconf 82' lang='grc' dir='ltr'>ὑπομο-</span> 
     </span>
    </p>
   </div>
   <div class='ocr_carea' id='block_1_66' title="bbox 1915 2132 3499 2211">
    <p class='ocr_par' dir='ltr' id='par_1_66' title="bbox 1915 2132 3499 2211">
     <span class='ocr_line' id='line_1_66' title="bbox 1915 2132 3499 2211; baseline -0.003 -17"><span class='ocrx_word' id='word_1_459' title='bbox 1915 2140 2014 2209; x_wconf 77' lang='grc' dir='ltr'>νὴν</span> <span class='ocrx_word' id='word_1_460' title='bbox 2043 2139 2288 2211; x_wconf 72' lang='grc' dir='ltr'>ἤλειφεν.</span> <span class='ocrx_word' id='word_1_461' title='bbox 2320 2137 2412 2211; x_wconf 82' lang='grc' dir='ltr'><strong>Μὴ</strong></span> <span class='ocrx_word' id='word_1_462' title='bbox 2441 2140 2529 2210; x_wconf 82' lang='grc' dir='ltr'>δὴ,</span> <span class='ocrx_word' id='word_1_463' title='bbox 2568 2138 2761 2208; x_wconf 83' lang='grc' dir='ltr'>λέγων,</span> <span class='ocrx_word' id='word_1_464' title='bbox 2809 2132 2855 2192; x_wconf 76' lang='grc' dir='ltr'><strong>ὦ</strong></span> <span class='ocrx_word' id='word_1_465' title='bbox 2881 2138 3067 2202; x_wconf 86' lang='grc' dir='ltr'>τέκνα,</span> <span class='ocrx_word' id='word_1_466' title='bbox 3104 2135 3374 2209; x_wconf 74' lang='grc' dir='ltr'>μηδαμῶς</span> <span class='ocrx_word' id='word_1_467' title='bbox 3398 2137 3499 2190; x_wconf 76' lang='grc' dir='ltr'><strong>ὲκ-</strong></span> 
     </span>
    </p>
   </div>
   <div class='ocr_carea' id='block_1_67' title="bbox 1915 2223 3504 2305">
    <p class='ocr_par' dir='ltr' id='par_1_67' title="bbox 1915 2223 3504 2305">
     <span class='ocr_line' id='line_1_67' title="bbox 1915 2223 3504 2305; baseline -0.003 -19"><span class='ocrx_word' id='word_1_468' title='bbox 1915 2232 2111 2287; x_wconf 82' lang='grc' dir='ltr'>λύεσθε</span> <span class='ocrx_word' id='word_1_469' title='bbox 2133 2235 2198 2305; x_wconf 83' lang='grc' dir='ltr'><strong>τῇ</strong></span> <span class='ocrx_word' id='word_1_470' title='bbox 2229 2233 2555 2304; x_wconf 74' lang='grc' dir='ltr'>προσκαίρῳ</span> <span class='ocrx_word' id='word_1_471' title='bbox 2586 2230 2761 2304; x_wconf 82' lang='grc' dir='ltr'>ταύτῃ</span> <span class='ocrx_word' id='word_1_472' title='bbox 2791 2230 3153 2301; x_wconf 78' lang='grc' dir='ltr'>κακοπαθείᾳ,</span> <span class='ocrx_word' id='word_1_473' title='bbox 3188 2223 3311 2300; x_wconf 80' lang='grc' dir='ltr'>μηδ’</span> <span class='ocrx_word' id='word_1_474' title='bbox 3360 2227 3504 2298; x_wconf 85' lang='grc' dir='ltr'>ἀγα-</span> 
     </span>
    </p>
   </div>
   <div class='ocr_carea' id='block_1_68' title="bbox 1917 2316 3503 2398">
    <p class='ocr_par' dir='ltr' id='par_1_68' title="bbox 1917 2316 3503 2398">
     <span class='ocr_line' id='line_1_68' title="bbox 1917 2316 3503 2398; baseline -0.005 -16"><span class='ocrx_word' id='word_1_475' title='bbox 1917 2327 2092 2397; x_wconf 77' lang='grc' dir='ltr'>πητὸν</span> <span class='ocrx_word' id='word_1_476' title='bbox 2124 2327 2253 2398; x_wconf 77' lang='grc' dir='ltr'>ὑμῖν</span> <span class='ocrx_word' id='word_1_477' title='bbox 2282 2325 2439 2379; x_wconf 79' lang='grc' dir='ltr'>τοῦτο</span> <span class='ocrx_word' id='word_1_478' title='bbox 2469 2323 2693 2377; x_wconf 78' lang='grc' dir='ltr'>δοκείτω</span> <span class='ocrx_word' id='word_1_479' title='bbox 2719 2323 2779 2378; x_wconf 80' lang='grc' dir='ltr'>τὸ</span> <span class='ocrx_word' id='word_1_480' title='bbox 2808 2323 3157 2377; x_wconf 74' lang='grc' dir='ltr'>παντάπασιν</span> <span class='ocrx_word' id='word_1_481' title='bbox 3180 2316 3321 2375; x_wconf 79' lang='grc' dir='ltr'>εἶναι</span> <span class='ocrx_word' id='word_1_482' title='bbox 3348 2321 3503 2392; x_wconf 83' lang='grc' dir='ltr'><strong>παρά</strong></span> 
     </span>
    </p>
   </div>
   <div class='ocr_carea' id='block_1_69' title="bbox 1917 2406 3505 2488">
    <p class='ocr_par' dir='ltr' id='par_1_69' title="bbox 1917 2406 3505 2488">
     <span class='ocr_line' id='line_1_69' title="bbox 1917 2406 3505 2488; baseline -0.006 -15"><span class='ocrx_word' id='word_1_483' title='bbox 1917 2418 2052 2473; x_wconf 78' lang='grc' dir='ltr'>Θεοῦ</span> <span class='ocrx_word' id='word_1_484' title='bbox 2082 2416 2475 2488; x_wconf 61' lang='grc' dir='ltr'>ἀνουθέτητον</span> <span class='ocrx_word' id='word_1_485' title='bbox 2524 2417 2582 2469; x_wconf 78' lang='grc' dir='ltr'>ὲν</span> <span class='ocrx_word' id='word_1_486' title='bbox 2603 2406 2788 2478; x_wconf 84' lang='grc' dir='ltr'>πόνοις</span> <span class='ocrx_word' id='word_1_487' title='bbox 2818 2414 2948 2485; x_wconf 79' lang='grc' dir='ltr'>γὰρ,</span> <span class='ocrx_word' id='word_1_488' title='bbox 2995 2412 3149 2485; x_wconf 71' lang='grc' dir='ltr'>φησὶ,</span> <span class='ocrx_word' id='word_1_489' title='bbox 3182 2415 3278 2465; x_wconf 76' lang='grc' dir='ltr'>καὶ</span> <span class='ocrx_word' id='word_1_490' title='bbox 3307 2414 3365 2465; x_wconf 81' lang='grc' dir='ltr'>ὲν</span> <span class='ocrx_word' id='word_1_491' title='bbox 3384 2410 3505 2482; x_wconf 80' lang='grc' dir='ltr'>μά-</span> 
     </span>
    </p>
   </div>
   <div class='ocr_carea' id='block_1_70' title="bbox 1919 2504 3501 2581">
    <p class='ocr_par' dir='ltr' id='par_1_70' title="bbox 1919 2504 3501 2581">
     <span class='ocr_line' id='line_1_70' title="bbox 1919 2504 3501 2581; baseline -0.006 -15"><span class='ocrx_word' id='word_1_492' title='bbox 1919 2528 2063 2581; x_wconf 88' lang='grc' dir='ltr'>στιγι</span> <span class='ocrx_word' id='word_1_493' title='bbox 2117 2509 2439 2579; x_wconf 81' lang='grc' dir='ltr'>παιδεύθητι</span> <span class='ocrx_word' id='word_1_494' title='bbox 2489 2507 2867 2579; x_wconf 79' lang='grc' dir='ltr'>Ἰερουσαλήμ.</span> <span class='ocrx_word' id='word_1_495' title='bbox 2921 2505 3076 2560; x_wconf 73' lang='grc' dir='ltr'>Οὕτω</span> <span class='ocrx_word' id='word_1_496' title='bbox 3124 2506 3191 2558; x_wconf 81' lang='grc' dir='ltr'><strong>δι’</strong></span> <span class='ocrx_word' id='word_1_497' title='bbox 3228 2504 3501 2576; x_wconf 84' lang='grc' dir='ltr'>Ἰερεμίου</span> 
     </span>
    </p>
   </div>
   <div class='ocr_carea' id='block_1_71' title="bbox 1920 2595 3501 2675">
    <p class='ocr_par' dir='ltr' id='par_1_71' title="bbox 1920 2595 3501 2675">
     <span class='ocr_line' id='line_1_71' title="bbox 1920 2595 3501 2675; baseline -0.006 -18"><span class='ocrx_word' id='word_1_498' title='bbox 1920 2604 2085 2675; x_wconf 83' lang='grc' dir='ltr'>φησὶν</span> <span class='ocrx_word' id='word_1_499' title='bbox 2115 2605 2142 2657; x_wconf 86' lang='grc' dir='ltr'>ὁ</span> <span class='ocrx_word' id='word_1_500' title='bbox 2166 2602 2322 2666; x_wconf 86' lang='grc' dir='ltr'>Θεός·</span> <span class='ocrx_word' id='word_1_501' title='bbox 2350 2603 2580 2672; x_wconf 80' lang='grc' dir='ltr'>Μήποτε</span> <span class='ocrx_word' id='word_1_502' title='bbox 2607 2602 2817 2672; x_wconf 80' lang='grc' dir='ltr'>ἀποστῇ</span> <span class='ocrx_word' id='word_1_503' title='bbox 2848 2601 2880 2670; x_wconf 81' lang='grc' dir='ltr'>ἠ</span> <span class='ocrx_word' id='word_1_504' title='bbox 2915 2598 3062 2670; x_wconf 62' lang='grc' dir='ltr'>ψυχή</span> <span class='ocrx_word' id='word_1_505' title='bbox 3098 2614 3201 2669; x_wconf 85' lang='grc' dir='ltr'><strong>μου</strong></span> <span class='ocrx_word' id='word_1_506' title='bbox 3229 2598 3338 2652; x_wconf 81' lang='grc' dir='ltr'>ἀπὸ</span> <span class='ocrx_word' id='word_1_507' title='bbox 3364 2595 3461 2650; x_wconf 80' lang='grc' dir='ltr'>σοῦ</span> <span class='ocrx_word' id='word_1_508' title='bbox 3479 2608 3501 2628; x_wconf 82' lang='grc'>⁶</span> 
     </span>
    </p>
   </div>
   <div class='ocr_carea' id='block_1_72' title="bbox 1920 2689 3506 2767">
    <p class='ocr_par' dir='ltr' id='par_1_72' title="bbox 1920 2689 3506 2767">
     <span class='ocr_line' id='line_1_72' title="bbox 1920 2689 3506 2767; baseline -0.005 -15"><span class='ocrx_word' id='word_1_509' title='bbox 1920 2697 2167 2752; x_wconf 73' lang='grc' dir='ltr'>παιδεύει</span> <span class='ocrx_word' id='word_1_510' title='bbox 2186 2698 2316 2767; x_wconf 78' lang='grc' dir='ltr'>γὰρ,</span> <span class='ocrx_word' id='word_1_511' title='bbox 2346 2696 2482 2750; x_wconf 87' lang='grc' dir='ltr'><strong>ἀλλά</strong></span> <span class='ocrx_word' id='word_1_512' title='bbox 2508 2693 2935 2765; x_wconf 77' lang='grc' dir='ltr'>φιλανθρώπως,</span> <span class='ocrx_word' id='word_1_513' title='bbox 2953 2693 3047 2746; x_wconf 79' lang='grc' dir='ltr'>καὶ</span> <span class='ocrx_word' id='word_1_514' title='bbox 3084 2692 3339 2762; x_wconf 84' lang='grc' dir='ltr'>μαστιγοῖ</span> <span class='ocrx_word' id='word_1_515' title='bbox 3362 2689 3506 2744; x_wconf 79' lang='grc' dir='ltr'>πάν-</span> 
     </span>
    </p>
   </div>
   <div class='ocr_carea' id='block_1_73' title="bbox 1914 2780 3506 2861">
    <p class='ocr_par' dir='ltr' id='par_1_73' title="bbox 1914 2780 3506 2861">
     <span class='ocr_line' id='line_1_73' title="bbox 1914 2780 3506 2861; baseline -0.006 -17"><span class='ocrx_word' id='word_1_516' title='bbox 1914 2806 1985 2844; x_wconf 90' lang='grc' dir='ltr'><strong>τα</strong></span> <span class='ocrx_word' id='word_1_517' title='bbox 2005 2790 2141 2854; x_wconf 76' lang='grc' dir='ltr'>υἱὸν,</span> <span class='ocrx_word' id='word_1_518' title='bbox 2176 2790 2327 2861; x_wconf 68' lang='grc' dir='ltr'>παρὰ</span> <span class='ocrx_word' id='word_1_519' title='bbox 2356 2789 2455 2860; x_wconf 81' lang='grc' dir='ltr'>τῆς</span> <span class='ocrx_word' id='word_1_520' title='bbox 2485 2786 2636 2851; x_wconf 88' lang='grc' dir='ltr'>θείας</span> <span class='ocrx_word' id='word_1_521' title='bbox 2686 2785 2795 2857; x_wconf 77' lang='grc' dir='ltr'>ἔχω</span> <span class='ocrx_word' id='word_1_522' title='bbox 2830 2784 3134 2857; x_wconf 70' lang='grc' dir='ltr'>μανθάνειν</span> <span class='ocrx_word' id='word_1_523' title='bbox 3158 2782 3405 2854; x_wconf 81' lang='grc' dir='ltr'>Γραφῆς,</span> <span class='ocrx_word' id='word_1_524' title='bbox 3438 2780 3506 2834; x_wconf 84' lang='grc' dir='ltr'><strong>δν</strong></span> 
     </span>
    </p>
   </div>
   <div class='ocr_carea' id='block_1_74' title="bbox 1923 2873 3506 2954">
    <p class='ocr_par' dir='ltr' id='par_1_74' title="bbox 1923 2873 3506 2954">
     <span class='ocr_line' id='line_1_74' title="bbox 1923 2873 3506 2954; baseline -0.007 -17"><span class='ocrx_word' id='word_1_525' title='bbox 1923 2883 2322 2954; x_wconf 77' lang='grc' dir='ltr'>παραδέχεται·</span> <span class='ocrx_word' id='word_1_526' title='bbox 2368 2880 2509 2934; x_wconf 75' lang='grc' dir='ltr'>ὥστε</span> <span class='ocrx_word' id='word_1_527' title='bbox 2545 2879 2771 2951; x_wconf 45' lang='grc' dir='ltr'>καὶοτὴν</span> <span class='ocrx_word' id='word_1_528' title='bbox 2825 2877 3093 2941; x_wconf 78' lang='grc' dir='ltr'>παιδείαν,</span> <span class='ocrx_word' id='word_1_529' title='bbox 3148 2877 3253 2928; x_wconf 81' lang='grc' dir='ltr'>οὐκ</span> <span class='ocrx_word' id='word_1_530' title='bbox 3302 2873 3506 2945; x_wconf 79' lang='grc' dir='ltr'>ὀργῆς,</span> 
     </span>
    </p>
   </div>
   <div class='ocr_carea' id='block_1_75' title="bbox 1921 2965 3505 3046">
    <p class='ocr_par' dir='ltr' id='par_1_75' title="bbox 1921 2965 3505 3046">
     <span class='ocr_line' id='line_1_75' title="bbox 1921 2965 3505 3046; baseline -0.007 -17"><span class='ocrx_word' id='word_1_531' title='bbox 1921 2975 2057 3031; x_wconf 84' lang='grc' dir='ltr'><strong>ἀλλά</strong></span> <span class='ocrx_word' id='word_1_532' title='bbox 2093 2974 2327 3046; x_wconf 81' lang='grc' dir='ltr'>στοργῆς</span> <span class='ocrx_word' id='word_1_533' title='bbox 2354 2968 2495 3026; x_wconf 78' lang='grc' dir='ltr'>εἶναι</span> <span class='ocrx_word' id='word_1_534' title='bbox 2518 2972 2738 3043; x_wconf 79' lang='grc' dir='ltr'>μᾶλλον,</span> <span class='ocrx_word' id='word_1_535' title='bbox 2770 2973 2850 3035; x_wconf 79' lang='grc' dir='ltr'><strong>είς</strong></span> <span class='ocrx_word' id='word_1_536' title='bbox 2872 2969 3156 3041; x_wconf 87' lang='grc' dir='ltr'>διόρθωσιν</span> <span class='ocrx_word' id='word_1_537' title='bbox 3183 2965 3291 3021; x_wconf 84' lang='grc' dir='ltr'><strong>τῶν</strong></span> <span class='ocrx_word' id='word_1_538' title='bbox 3320 2967 3505 3037; x_wconf 77' lang='grc' dir='ltr'>ἡμαρ-</span> 
     </span>
    </p>
   </div>
   <div class='ocr_carea' id='block_1_76' title="bbox 1921 3055 3503 3137">
    <p class='ocr_par' dir='ltr' id='par_1_76' title="bbox 1921 3055 3503 3137">
     <span class='ocr_line' id='line_1_76' title="bbox 1921 3055 3503 3137; baseline -0.006 -18"><span class='ocrx_word' id='word_1_539' title='bbox 1921 3063 2176 3137; x_wconf 85' lang='grc' dir='ltr'>τημένων</span> <span class='ocrx_word' id='word_1_540' title='bbox 2210 3064 2560 3134; x_wconf 77' lang='grc' dir='ltr'>ἐπαγομένην</span> <span class='ocrx_word' id='word_1_541' title='bbox 2609 3063 2696 3116; x_wconf 83' lang='grc' dir='ltr'><strong>διὰ</strong></span> <span class='ocrx_word' id='word_1_542' title='bbox 2739 3063 3109 3134; x_wconf 86' lang='grc' dir='ltr'>χρηστότητα.</span> <span class='ocrx_word' id='word_1_543' title='bbox 3170 3058 3353 3112; x_wconf 75' lang='grc' dir='ltr'>Καλὲν</span> <span class='ocrx_word' id='word_1_544' title='bbox 3385 3055 3503 3124; x_wconf 79' lang='grc' dir='ltr'>οὖν,</span> 
     </span>
    </p>
   </div>
   <div class='ocr_carea' id='block_1_77' title="bbox 1923 3150 3505 3228">
    <p class='ocr_par' dir='ltr' id='par_1_77' title="bbox 1923 3150 3505 3228">
     <span class='ocr_line' id='line_1_77' title="bbox 1923 3150 3505 3228; baseline -0.006 -15"><span class='ocrx_word' id='word_1_545' title='bbox 1923 3158 2165 3228; x_wconf 74' lang='grc' dir='ltr'>ἀδελφοὶ,</span> <span class='ocrx_word' id='word_1_546' title='bbox 2190 3158 2285 3212; x_wconf 74' lang='grc' dir='ltr'>καὶ</span> <span class='ocrx_word' id='word_1_547' title='bbox 2310 3157 2517 3227; x_wconf 85' lang='grc' dir='ltr'>σφόδρα</span> <span class='ocrx_word' id='word_1_548' title='bbox 2533 3155 2698 3210; x_wconf 81' lang='grc' dir='ltr'>καλὸν</span> <span class='ocrx_word' id='word_1_549' title='bbox 2719 3154 2998 3225; x_wconf 80' lang='grc' dir='ltr'>πατρικῶς</span> <span class='ocrx_word' id='word_1_550' title='bbox 3019 3150 3253 3206; x_wconf 71' lang='grc' dir='ltr'>ἐνταῦθα</span> <span class='ocrx_word' id='word_1_551' title='bbox 3280 3151 3505 3204; x_wconf 75' lang='grc' dir='ltr'>παιδευ-</span> 
     </span>
    </p>
   </div>
   <div class='ocr_carea' id='block_1_78' title="bbox 1927 3245 3508 3322">
    <p class='ocr_par' dir='ltr' id='par_1_78' title="bbox 1927 3245 3508 3322">
     <span class='ocr_line' id='line_1_78' title="bbox 1927 3245 3508 3322; baseline -0.005 -16"><span class='ocrx_word' id='word_1_552' title='bbox 1927 3253 2117 3315; x_wconf 82' lang='grc' dir='ltr'>θέντας</span> <span class='ocrx_word' id='word_1_553' title='bbox 2179 3253 2330 3322; x_wconf 73' lang='grc' dir='ltr'>ἡμᾶς</span> <span class='ocrx_word' id='word_1_554' title='bbox 2361 3248 2711 3303; x_wconf 82' lang='grc' dir='ltr'>Δεσποτικῶν</span> <span class='ocrx_word' id='word_1_555' title='bbox 2768 3246 2980 3300; x_wconf 78' lang='grc' dir='ltr'>ἐκεῖθεν</span> <span class='ocrx_word' id='word_1_556' title='bbox 3036 3245 3112 3316; x_wconf 82' lang='grc' dir='ltr'>μὴ</span> <span class='ocrx_word' id='word_1_557' title='bbox 3170 3245 3508 3316; x_wconf 79' lang='grc' dir='ltr'>πειραθῆναι</span> 
     </span>
    </p>
   </div>
   <div class='ocr_carea' id='block_1_79' title="bbox 1925 3330 3511 3415">
    <p class='ocr_par' dir='ltr' id='par_1_79' title="bbox 1925 3330 3511 3415">
     <span class='ocr_line' id='line_1_79' title="bbox 1925 3330 3511 3415; baseline -0.008 -18"><span class='ocrx_word' id='word_1_558' title='bbox 1925 3343 2171 3415; x_wconf 82' lang='grc' dir='ltr'>πληγῶν,</span> <span class='ocrx_word' id='word_1_559' title='bbox 2198 3343 2294 3394; x_wconf 72' lang='grc' dir='ltr'>καὶ</span> <span class='ocrx_word' id='word_1_560' title='bbox 2322 3340 2462 3411; x_wconf 81' lang='grc' dir='ltr'>πρὸς</span> <span class='ocrx_word' id='word_1_561' title='bbox 2481 3338 2674 3410; x_wconf 84' lang='grc' dir='ltr'>καιρὸν</span> <span class='ocrx_word' id='word_1_562' title='bbox 2705 3330 2807 3390; x_wconf 76' lang='grc' dir='ltr'>ὧδε</span> <span class='ocrx_word' id='word_1_563' title='bbox 2845 3333 3374 3405; x_wconf 80' lang='grc' dir='ltr'>ταλαιπωρήσαντας</span> <span class='ocrx_word' id='word_1_564' title='bbox 3406 3331 3511 3402; x_wconf 81' lang='grc' dir='ltr'>βα-</span> 
     </span>
    </p>
   </div>
   <div class='ocr_carea' id='block_1_80' title="bbox 1928 3424 3509 3503">
    <p class='ocr_par' dir='ltr' id='par_1_80' title="bbox 1928 3424 3509 3503">
     <span class='ocr_line' id='line_1_80' title="bbox 1928 3424 3509 3503; baseline -0.008 -14"><span class='ocrx_word' id='word_1_565' title='bbox 1928 3438 2120 3498; x_wconf 76' lang='grc' dir='ltr'>σάνους</span> <span class='ocrx_word' id='word_1_566' title='bbox 2151 3436 2252 3488; x_wconf 74' lang='grc' dir='ltr'>οὐκ</span> <span class='ocrx_word' id='word_1_567' title='bbox 2289 3432 2521 3503; x_wconf 73' lang='grc' dir='ltr'>ἐχούσας</span> <span class='ocrx_word' id='word_1_568' title='bbox 2544 3430 2719 3499; x_wconf 80' lang='grc' dir='ltr'>πέρας</span> <span class='ocrx_word' id='word_1_569' title='bbox 2747 3429 3049 3497; x_wconf 73' lang='grc' dir='ltr'>διαφυγεῖν.</span> <span class='ocrx_word' id='word_1_570' title='bbox 3081 3424 3155 3480; x_wconf 83' lang='grc' dir='ltr'><strong>Τὸ</strong></span> <span class='ocrx_word' id='word_1_571' title='bbox 3186 3425 3301 3495; x_wconf 85' lang='grc' dir='ltr'><strong>γάρ</strong></span> <span class='ocrx_word' id='word_1_572' title='bbox 3337 3424 3509 3496; x_wconf 77' lang='grc' dir='ltr'>μηδὲν</span> 
     </span>
    </p>
   </div>
   <div class='ocr_carea' id='block_1_81' title="bbox 1928 3516 3509 3591">
    <p class='ocr_par' dir='ltr' id='par_1_81' title="bbox 1928 3516 3509 3591">
     <span class='ocr_line' id='line_1_81' title="bbox 1928 3516 3509 3591; baseline -0.007 -14"><span class='ocrx_word' id='word_1_573' title='bbox 1928 3522 2163 3577; x_wconf 75' lang='grc' dir='ltr'>ἐνταῦθα</span> <span class='ocrx_word' id='word_1_574' title='bbox 2193 3521 2381 3574; x_wconf 84' lang='grc' dir='ltr'>παθεῖν</span> <span class='ocrx_word' id='word_1_575' title='bbox 2408 3518 2816 3591; x_wconf 80' lang='grc' dir='ltr'>χαλεπώτερον,</span> <span class='ocrx_word' id='word_1_576' title='bbox 2843 3519 3014 3570; x_wconf 76' lang='grc' dir='ltr'>καὶτὸ</span> <span class='ocrx_word' id='word_1_577' title='bbox 3033 3516 3355 3585; x_wconf 82' lang='grc' dir='ltr'>πειρασμῶν</span> <span class='ocrx_word' id='word_1_578' title='bbox 3376 3516 3509 3568; x_wconf 74' lang='grc' dir='ltr'>ἄνευ</span> 
     </span>
    </p>
   </div>
   <div class='ocr_carea' id='block_1_82' title="bbox 1927 3606 3510 3683">
    <p class='ocr_par' dir='ltr' id='par_1_82' title="bbox 1927 3606 3510 3683">
     <span class='ocr_line' id='line_1_82' title="bbox 1927 3606 3510 3683; baseline -0.006 -15"><span class='ocrx_word' id='word_1_579' title='bbox 1927 3615 2016 3669; x_wconf 79' lang='grc' dir='ltr'>τὸν</span> <span class='ocrx_word' id='word_1_580' title='bbox 2045 3613 2160 3683; x_wconf 85' lang='grc' dir='ltr'>βίον</span> <span class='ocrx_word' id='word_1_581' title='bbox 2190 3612 2526 3677; x_wconf 78' lang='grc' dir='ltr'>ὑπεξελθεῖν,</span> <span class='ocrx_word' id='word_1_582' title='bbox 2563 3614 2637 3681; x_wconf 84' lang='grc' dir='ltr'>μὴ</span> <span class='ocrx_word' id='word_1_583' title='bbox 2666 3611 2763 3682; x_wconf 87' lang='grc' dir='ltr'>τὴν</span> <span class='ocrx_word' id='word_1_584' title='bbox 2791 3609 2923 3682; x_wconf 81' lang='grc' dir='ltr'>ὓλην</span> <span class='ocrx_word' id='word_1_585' title='bbox 2951 3609 3060 3663; x_wconf 89' lang='grc' dir='ltr'><strong>τῶν</strong></span> <span class='ocrx_word' id='word_1_586' title='bbox 3091 3606 3510 3679; x_wconf 76' lang='grc' dir='ltr'>ἁμαρτημάτων</span> 
     </span>
    </p>
   </div>
   <div class='ocr_carea' id='block_1_83' title="bbox 1928 3698 3510 3776">
    <p class='ocr_par' dir='ltr' id='par_1_83' title="bbox 1928 3698 3510 3776">
     <span class='ocr_line' id='line_1_83' title="bbox 1928 3698 3510 3776; baseline -0.005 -18"><span class='ocrx_word' id='word_1_587' title='bbox 1928 3705 2141 3768; x_wconf 82' lang='grc' dir='ltr'>πολλοῖς</span> <span class='ocrx_word' id='word_1_588' title='bbox 2171 3703 2606 3776; x_wconf 84' lang='grc' dir='ltr'>διακαθαρθέντα</span> <span class='ocrx_word' id='word_1_589' title='bbox 2631 3702 2863 3773; x_wconf 69' lang='grc' dir='ltr'>θλίψεσι,</span> <span class='ocrx_word' id='word_1_590' title='bbox 2896 3701 3183 3772; x_wconf 82' lang='grc' dir='ltr'>γνώρισμα</span> <span class='ocrx_word' id='word_1_591' title='bbox 3208 3699 3376 3768; x_wconf 75' lang='grc' dir='ltr'>σαφὲς</span> <span class='ocrx_word' id='word_1_592' title='bbox 3398 3698 3510 3751; x_wconf 90' lang='grc' dir='ltr'><strong>τῶν</strong></span> 
     </span>
    </p>
   </div>
   <div class='ocr_carea' id='block_1_84' title="bbox 1927 3792 3512 3868">
    <p class='ocr_par' dir='ltr' id='par_1_84' title="bbox 1927 3792 3512 3868">
     <span class='ocr_line' id='line_1_84' title="bbox 1927 3792 3512 3868; baseline -0.002 -19"><span class='ocrx_word' id='word_1_593' title='bbox 1927 3799 2047 3851; x_wconf 71' lang='grc' dir='ltr'>ἐκεῖ</span> <span class='ocrx_word' id='word_1_594' title='bbox 2111 3798 2557 3868; x_wconf 82' lang='grc' dir='ltr'>τεταμιευμένων</span> <span class='ocrx_word' id='word_1_595' title='bbox 2619 3796 2870 3867; x_wconf 78' lang='grc' dir='ltr'>φοϐερῶν</span> <span class='ocrx_word' id='word_1_596' title='bbox 2911 3794 3165 3864; x_wconf 71' lang='grc' dir='ltr'>θλίψεων,</span> <span class='ocrx_word' id='word_1_597' title='bbox 3209 3793 3305 3846; x_wconf 79' lang='grc' dir='ltr'>καὶ</span> <span class='ocrx_word' id='word_1_598' title='bbox 3336 3792 3512 3846; x_wconf 85' lang='grc' dir='ltr'>νόθων</span> 
     </span>
    </p>
   </div>
   <div class='ocr_carea' id='block_1_85' title="bbox 1932 3885 3513 3962">
    <p class='ocr_par' dir='ltr' id='par_1_85' title="bbox 1932 3885 3513 3962">
     <span class='ocr_line' id='line_1_85' title="bbox 1932 3885 3513 3962; baseline -0.004 -18"><span class='ocrx_word' id='word_1_599' title='bbox 1932 3890 2133 3962; x_wconf 80' lang='grc' dir='ltr'>μᾶλλον</span> <span class='ocrx_word' id='word_1_600' title='bbox 2161 3889 2194 3962; x_wconf 79' lang='grc' dir='ltr'>ἦ</span> <span class='ocrx_word' id='word_1_601' title='bbox 2218 3888 2358 3961; x_wconf 84' lang='grc' dir='ltr'>ὑπὲρ</span> <span class='ocrx_word' id='word_1_602' title='bbox 2380 3887 2510 3942; x_wconf 85' lang='grc' dir='ltr'>υίῶν</span> <span class='ocrx_word' id='word_1_603' title='bbox 2545 3888 2785 3959; x_wconf 80' lang='grc' dir='ltr'>γνησίων</span> <span class='ocrx_word' id='word_1_604' title='bbox 2813 3888 3042 3958; x_wconf 73' lang='grc' dir='ltr'>ἐναργὲς</span> <span class='ocrx_word' id='word_1_605' title='bbox 3081 3885 3371 3956; x_wconf 75' lang='grc' dir='ltr'>σύμϐολον.</span> <span class='ocrx_word' id='word_1_606' title='bbox 3396 3885 3513 3940; x_wconf 71' lang='grc' dir='ltr'><strong>Καὶ</strong></span> 
     </span>
    </p>
   </div>
   <div class='ocr_carea' id='block_1_86' title="bbox 1934 3978 3513 4054">
    <p class='ocr_par' dir='ltr' id='par_1_86' title="bbox 1934 3978 3513 4054">
     <span class='ocr_line' id='line_1_86' title="bbox 1934 3978 3513 4054; baseline -0.004 -18"><span class='ocrx_word' id='word_1_607' title='bbox 1934 3984 2043 4054; x_wconf 82' lang='grc' dir='ltr'>μὴν</span> <span class='ocrx_word' id='word_1_608' title='bbox 2070 3982 2194 4036; x_wconf 79' lang='grc' dir='ltr'>οὐδὲ</span> <span class='ocrx_word' id='word_1_609' title='bbox 2233 3984 2408 4036; x_wconf 80' lang='grc' dir='ltr'>έκεῖνο</span> <span class='ocrx_word' id='word_1_610' title='bbox 2442 3981 2659 4045; x_wconf 74' lang='grc' dir='ltr'>πάντως</span> <span class='ocrx_word' id='word_1_611' title='bbox 2686 3980 2795 4033; x_wconf 86' lang='grc' dir='ltr'><strong>τῶν</strong></span> <span class='ocrx_word' id='word_1_612' title='bbox 2842 3978 3250 4050; x_wconf 71' lang='grc' dir='ltr'>εὐφρανούντων</span> <span class='ocrx_word' id='word_1_613' title='bbox 3278 3979 3513 4031; x_wconf 81' lang='grc' dir='ltr'>διασείει</span> 
     </span>
    </p>
   </div>
   <div class='ocr_carea' id='block_1_87' title="bbox 1928 4072 3517 4149">
    <p class='ocr_par' dir='ltr' id='par_1_87' title="bbox 1928 4072 3517 4149">
     <span class='ocr_line' id='line_1_87' title="bbox 1928 4072 3517 4149; baseline -0.006 -16"><span class='ocrx_word' id='word_1_614' title='bbox 1928 4083 2022 4133; x_wconf 81' lang='grc' dir='ltr'>τὸν</span> <span class='ocrx_word' id='word_1_615' title='bbox 2050 4078 2333 4149; x_wconf 78' lang='grc' dir='ltr'>λογισμὸν,</span> <span class='ocrx_word' id='word_1_616' title='bbox 2361 4077 2410 4131; x_wconf 87' lang='grc' dir='ltr'><strong>εί</strong></span> <span class='ocrx_word' id='word_1_617' title='bbox 2430 4076 2641 4148; x_wconf 86' lang='grc' dir='ltr'>δαίμων</span> <span class='ocrx_word' id='word_1_618' title='bbox 2671 4074 2915 4146; x_wconf 84' lang='grc' dir='ltr'>κυριεύει</span> <span class='ocrx_word' id='word_1_619' title='bbox 2935 4073 3029 4128; x_wconf 70' lang='grc' dir='ltr'>τοῦ</span> <span class='ocrx_word' id='word_1_620' title='bbox 3049 4072 3231 4127; x_wconf 85' lang='grc' dir='ltr'>θεῖκοῦ</span> <span class='ocrx_word' id='word_1_621' title='bbox 3260 4073 3517 4142; x_wconf 72' lang='grc' dir='ltr'>πλάσμα-</span> 
     </span>
    </p>
   </div>
   <div class='ocr_carea' id='block_1_88' title="bbox 1930 4164 3515 4239">
    <p class='ocr_par' dir='ltr' id='par_1_88' title="bbox 1930 4164 3515 4239">
     <span class='ocr_line' id='line_1_88' title="bbox 1930 4164 3515 4239; baseline -0.005 -14"><span class='ocrx_word' id='word_1_622' title='bbox 1930 4189 2044 4236; x_wconf 89' lang='grc' dir='ltr'>τος.</span> <span class='ocrx_word' id='word_1_623' title='bbox 2068 4168 2281 4224; x_wconf 84' lang='grc' dir='ltr'>Δίδοται</span> <span class='ocrx_word' id='word_1_624' title='bbox 2312 4169 2411 4239; x_wconf 81' lang='grc' dir='ltr'>μὲν</span> <span class='ocrx_word' id='word_1_625' title='bbox 2450 4169 2562 4237; x_wconf 83' lang='grc' dir='ltr'>γὰρ</span> <span class='ocrx_word' id='word_1_626' title='bbox 2591 4166 2775 4231; x_wconf 82' lang='grc' dir='ltr'>αὐτοῖς</span> <span class='ocrx_word' id='word_1_627' title='bbox 2813 4165 3033 4232; x_wconf 78' lang='grc' dir='ltr'>ἐξουσία</span> <span class='ocrx_word' id='word_1_628' title='bbox 3087 4166 3236 4235; x_wconf 87' lang='grc' dir='ltr'><strong>παρά</strong></span> <span class='ocrx_word' id='word_1_629' title='bbox 3266 4164 3358 4219; x_wconf 79' lang='grc' dir='ltr'>τοῦ</span> <span class='ocrx_word' id='word_1_630' title='bbox 3389 4164 3515 4218; x_wconf 82' lang='grc' dir='ltr'>κτί-</span> 
     </span>
    </p>
   </div>
   <div class='ocr_carea' id='block_1_89' title="bbox 1935 4256 3516 4332">
    <p class='ocr_par' dir='ltr' id='par_1_89' title="bbox 1935 4256 3516 4332">
     <span class='ocr_line' id='line_1_89' title="bbox 1935 4256 3516 4332; baseline -0.004 -14"><span class='ocrx_word' id='word_1_631' title='bbox 1935 4280 2147 4328; x_wconf 85' lang='grc' dir='ltr'>σαντος,</span> <span class='ocrx_word' id='word_1_632' title='bbox 2182 4262 2433 4332; x_wconf 81' lang='grc' dir='ltr'>καθάπερ</span> <span class='ocrx_word' id='word_1_633' title='bbox 2460 4260 2573 4315; x_wconf 77' lang='grc' dir='ltr'>τισὶ</span> <span class='ocrx_word' id='word_1_634' title='bbox 2633 4259 2921 4320; x_wconf 71' lang='grc' dir='ltr'>κολασταῖς</span> <span class='ocrx_word' id='word_1_635' title='bbox 2951 4261 3031 4321; x_wconf 79' lang='grc' dir='ltr'>εἰς</span> <span class='ocrx_word' id='word_1_636' title='bbox 3054 4257 3186 4311; x_wconf 85' lang='grc' dir='ltr'>υἱῶν</span> <span class='ocrx_word' id='word_1_637' title='bbox 3206 4256 3516 4329; x_wconf 70' lang='grc' dir='ltr'>ἐκτραπέν-</span> 
     </span>
    </p>
   </div>
   <div class='ocr_carea' id='block_1_90' title="bbox 1930 4349 3518 4425">
    <p class='ocr_par' dir='ltr' id='par_1_90' title="bbox 1930 4349 3518 4425">
     <span class='ocr_line' id='line_1_90' title="bbox 1930 4349 3518 4425; baseline -0.004 -15"><span class='ocrx_word' id='word_1_638' title='bbox 1930 4374 2064 4421; x_wconf 85' lang='grc' dir='ltr'>των,</span> <span class='ocrx_word' id='word_1_639' title='bbox 2100 4355 2276 4425; x_wconf 84' lang='grc' dir='ltr'>οἴμοι,</span> <span class='ocrx_word' id='word_1_640' title='bbox 2335 4349 2736 4422; x_wconf 78' lang='grc' dir='ltr'>σωφρονισμόν.</span> <span class='ocrx_word' id='word_1_641' title='bbox 2770 4350 2985 4403; x_wconf 81' lang='grc' dir='ltr'>Δίδοται</span> <span class='ocrx_word' id='word_1_642' title='bbox 3036 4350 3093 4403; x_wconf 81' lang='grc' dir='ltr'>δὲ</span> <span class='ocrx_word' id='word_1_643' title='bbox 3126 4350 3250 4404; x_wconf 75' lang='grc' dir='ltr'>καθ’</span> <span class='ocrx_word' id='word_1_644' title='bbox 3294 4352 3420 4404; x_wconf 78' lang='grc' dir='ltr'>ὅσον</span> <span class='ocrx_word' id='word_1_645' title='bbox 3447 4352 3518 4404; x_wconf 81' lang='grc' dir='ltr'>ἂν</span> 
     </span>
    </p>
   </div>
   <div class='ocr_carea' id='block_1_91' title="bbox 1933 4441 3519 4516">
    <p class='ocr_par' dir='ltr' id='par_1_91' title="bbox 1933 4441 3519 4516">
     <span class='ocr_line' id='line_1_91' title="bbox 1933 4441 3519 4516; baseline -0.003 -15"><span class='ocrx_word' id='word_1_646' title='bbox 1933 4449 2138 4510; x_wconf 78' lang='grc' dir='ltr'>ἐκεῖνος</span> <span class='ocrx_word' id='word_1_647' title='bbox 2165 4441 2275 4498; x_wconf 81' lang='grc' dir='ltr'>οἶδε</span> <span class='ocrx_word' id='word_1_648' title='bbox 2299 4446 2399 4516; x_wconf 77' lang='grc' dir='ltr'>τὴν</span> <span class='ocrx_word' id='word_1_649' title='bbox 2430 4444 2680 4498; x_wconf 83' lang='grc' dir='ltr'>παιδείαν</span> <span class='ocrx_word' id='word_1_650' title='bbox 2702 4444 2916 4514; x_wconf 85' lang='grc' dir='ltr'>ἀρκεῖν,</span> <span class='ocrx_word' id='word_1_651' title='bbox 2967 4442 3028 4494; x_wconf 83' lang='grc' dir='ltr'>οὑ</span> <span class='ocrx_word' id='word_1_652' title='bbox 3063 4441 3327 4495; x_wconf 80' lang='grc' dir='ltr'>καθ’ὅσον</span> <span class='ocrx_word' id='word_1_653' title='bbox 3357 4442 3519 4497; x_wconf 69' lang='grc' dir='ltr'>αὐτοὶ</span> 
     </span>
    </p>
   </div>
   <div class='ocr_carea' id='block_1_92' title="bbox 249 4525 1820 4610">
    <p class='ocr_par' dir='ltr' id='par_1_92' title="bbox 249 4525 1820 4606">
     <span class='ocr_line' id='line_1_92' title="bbox 249 4525 1820 4606; baseline 0.006 -25"><span class='ocrx_word' id='word_1_654' title='bbox 249 4525 459 4599; x_wconf 79' lang='lat' dir='ltr'><strong>volunt.</strong></span> <span class='ocrx_word' id='word_1_655' title='bbox 496 4528 597 4587; x_wconf 83' lang='lat' dir='ltr'><strong>Vix</strong></span> <span class='ocrx_word' id='word_1_656' title='bbox 623 4534 767 4589; x_wconf 87' lang='lat' dir='ltr'><strong>enim</strong></span> <span class='ocrx_word' id='word_1_657' title='bbox 810 4544 1097 4605; x_wconf 87' lang='lat' dir='ltr'><strong>parcerent</strong></span> <span class='ocrx_word' id='word_1_658' title='bbox 1125 4535 1453 4601; x_wconf 85' lang='lat' dir='ltr'><strong>hominibus,</strong></span> <span class='ocrx_word' id='word_1_659' title='bbox 1486 4536 1575 4606; x_wconf 90' lang='lat' dir='ltr'><strong>qui</strong></span> <span class='ocrx_word' id='word_1_660' title='bbox 1612 4550 1678 4591; x_wconf 91' lang='lat' dir='ltr'><strong>ne</strong></span> <span class='ocrx_word' id='word_1_661' title='bbox 1703 4537 1820 4591; x_wconf 87' lang='lat' dir='ltr'><strong>bru-</strong></span> 
     </span>
    </p>
   </div>
   <div class='ocr_carea' id='block_1_93' title="bbox 1924 4525 3520 4610">
    <p class='ocr_par' dir='ltr' id='par_1_93' title="bbox 1940 4533 3520 4610">
     <span class='ocr_line' id='line_1_93' title="bbox 1940 4533 3520 4610; baseline -0.004 -17"><span class='ocrx_word' id='word_1_662' title='bbox 1940 4538 2242 4610; x_wconf 80' lang='grc' dir='ltr'>βούλονται.</span> <span class='ocrx_word' id='word_1_663' title='bbox 2297 4537 2455 4591; x_wconf 74' lang='grc' dir='ltr'>Ἐπεὶ</span> <span class='ocrx_word' id='word_1_664' title='bbox 2490 4536 2655 4607; x_wconf 76' lang='grc' dir='ltr'>σχολῇ</span> <span class='ocrx_word' id='word_1_665' title='bbox 2688 4552 2750 4605; x_wconf 85' lang='grc' dir='ltr'><strong>γε</strong></span> <span class='ocrx_word' id='word_1_666' title='bbox 2778 4534 2846 4589; x_wconf 86' lang='grc' dir='ltr'>ἂν</span> <span class='ocrx_word' id='word_1_667' title='bbox 2892 4535 3002 4589; x_wconf 84' lang='grc' dir='ltr'><strong>τῶν</strong></span> <span class='ocrx_word' id='word_1_668' title='bbox 3029 4533 3336 4605; x_wconf 75' lang='grc' dir='ltr'>ἀνθρώπων</span> <span class='ocrx_word' id='word_1_669' title='bbox 3366 4534 3520 4604; x_wconf 65' lang='grc' dir='ltr'>ἐφείη</span> 
     </span>
    </p>
   </div>
   <div class='ocr_carea' id='block_1_94' title="bbox 246 4624 1839 4700">
    <p class='ocr_par' dir='ltr' id='par_1_94' title="bbox 246 4624 1839 4700">
     <span class='ocr_line' id='line_1_94' title="bbox 246 4624 1839 4700; baseline 0.004 -23"><span class='ocrx_word' id='word_1_670' title='bbox 246 4624 320 4677; x_wconf 65' lang='grc' dir='ltr'><strong>ιιι</strong></span> <span class='ocrx_word' id='word_1_671' title='bbox 352 4626 568 4695; x_wconf 85' lang='lat' dir='ltr'><strong>quidem</strong></span> <span class='ocrx_word' id='word_1_672' title='bbox 625 4639 1008 4699; x_wconf 82' lang='lat' dir='ltr'><strong>pepercerunt,</strong></span> <span class='ocrx_word' id='word_1_673' title='bbox 1048 4637 1109 4682; x_wconf 81' lang='lat' dir='ltr'><strong>ut</strong></span> <span class='ocrx_word' id='word_1_674' title='bbox 1160 4636 1319 4683; x_wconf 74' lang='lat' dir='ltr'><strong>Sacra</strong></span> <span class='ocrx_word' id='word_1_675' title='bbox 1348 4629 1543 4683; x_wconf 84' lang='lat' dir='ltr'><strong>docent</strong></span> <span class='ocrx_word' id='word_1_676' title='bbox 1590 4626 1839 4700; x_wconf 78' lang='lat' dir='ltr'><strong>Evange-</strong></span> 
     </span>
    </p>
   </div>
   <div class='ocr_carea' id='block_1_95' title="bbox 250 4719 1834 4793">
    <p class='ocr_par' dir='ltr' id='par_1_95' title="bbox 250 4719 1834 4793">
     <span class='ocr_line' id='line_1_95' title="bbox 250 4719 1834 4793; baseline 0 -17"><span class='ocrx_word' id='word_1_677' title='bbox 250 4722 321 4776; x_wconf 78' lang='lat' dir='ltr'><strong>lia</strong></span> <span class='ocrx_word' id='word_1_678' title='bbox 374 4719 438 4778; x_wconf 85' lang='grc'><strong>¹¹’.</strong></span> <span class='ocrx_word' id='word_1_679' title='bbox 490 4721 903 4792; x_wconf 85' lang='lat' dir='ltr'><strong>Couspiciatuttr</strong></span> <span class='ocrx_word' id='word_1_680' title='bbox 960 4736 1091 4790; x_wconf 86' lang='lat' dir='ltr'><strong>ergo</strong></span> <span class='ocrx_word' id='word_1_681' title='bbox 1148 4738 1245 4792; x_wconf 87' lang='lat' dir='ltr'><strong>per</strong></span> <span class='ocrx_word' id='word_1_682' title='bbox 1297 4723 1435 4778; x_wconf 88' lang='lat' dir='ltr'><strong>banc</strong></span> <span class='ocrx_word' id='word_1_683' title='bbox 1495 4722 1834 4793; x_wconf 77' lang='lat' dir='ltr'><strong>disciplinain</strong></span> 
     </span>
    </p>
   </div>
   <div class='ocr_carea' id='block_1_96' title="bbox 250 4817 1834 4888">
    <p class='ocr_par' dir='ltr' id='par_1_96' title="bbox 250 4817 1834 4888">
     <span class='ocr_line' id='line_1_96' title="bbox 250 4817 1834 4888; baseline -0.003 -14"><span class='ocrx_word' id='word_1_684' title='bbox 250 4834 473 4874; x_wconf 81' lang='lat' dir='ltr'><strong>sensum</strong></span> <span class='ocrx_word' id='word_1_685' title='bbox 526 4819 778 4888; x_wconf 88' lang='lat' dir='ltr'><strong>accipere</strong></span> <span class='ocrx_word' id='word_1_686' title='bbox 809 4833 998 4873; x_wconf 86' lang='lat' dir='ltr'><strong>eorum</strong></span> <span class='ocrx_word' id='word_1_687' title='bbox 1056 4832 1178 4888; x_wconf 74' lang='lat' dir='ltr'><strong>quae</strong></span> <span class='ocrx_word' id='word_1_688' title='bbox 1209 4817 1581 4886; x_wconf 80' lang='lat' dir='ltr'><strong>peccavimus,</strong></span> <span class='ocrx_word' id='word_1_689' title='bbox 1638 4829 1692 4872; x_wconf 92' lang='lat' dir='ltr'><strong>et</strong></span> <span class='ocrx_word' id='word_1_690' title='bbox 1730 4832 1834 4871; x_wconf 88' lang='lat' dir='ltr'><strong>non</strong></span> 
     </span>
    </p>
   </div>
   <div class='ocr_carea' id='block_1_97' title="bbox 250 4908 1833 4983">
    <p class='ocr_par' dir='ltr' id='par_1_97' title="bbox 250 4908 1833 4983">
     <span class='ocr_line' id='line_1_97' title="bbox 250 4908 1833 4983; baseline -0.003 -17"><span class='ocrx_word' id='word_1_691' title='bbox 250 4925 412 4983; x_wconf 81' lang='lat' dir='ltr'><strong>egere</strong></span> <span class='ocrx_word' id='word_1_692' title='bbox 439 4908 564 4964; x_wconf 86' lang='lat' dir='ltr'><strong>aliis</strong></span> <span class='ocrx_word' id='word_1_693' title='bbox 597 4910 769 4979; x_wconf 85' lang='lat' dir='ltr'><strong>plagis</strong></span> <span class='ocrx_word' id='word_1_694' title='bbox 800 4908 1167 4979; x_wconf 86' lang='lat' dir='ltr'><strong>gravioribus,</strong></span> <span class='ocrx_word' id='word_1_695' title='bbox 1200 4910 1343 4981; x_wconf 90' lang='lat' dir='ltr'><strong>quod</strong></span> <span class='ocrx_word' id='word_1_696' title='bbox 1378 4911 1668 4965; x_wconf 87' lang='lat' dir='ltr'><strong>iucorrecti</strong></span> <span class='ocrx_word' id='word_1_697' title='bbox 1715 4927 1833 4963; x_wconf 84' lang='lat' dir='ltr'><strong>tua-</strong></span> 
     </span>
    </p>
   </div>
   <div class='ocr_carea' id='block_1_98' title="bbox 253 5001 1835 5074">
    <p class='ocr_par' dir='ltr' id='par_1_98' title="bbox 253 5001 1835 5074">
     <span class='ocr_line' id='line_1_98' title="bbox 253 5001 1835 5074; baseline -0.002 -15"><span class='ocrx_word' id='word_1_698' title='bbox 253 5019 479 5061; x_wconf 85' lang='lat' dir='ltr'><strong>neannts</strong></span> <span class='ocrx_word' id='word_1_699' title='bbox 508 5006 631 5071; x_wconf 78' lang='lat' dir='ltr'><strong>post</strong></span> <span class='ocrx_word' id='word_1_700' title='bbox 666 5002 902 5072; x_wconf 80' lang='lat' dir='ltr'><strong>plagam.</strong></span> <span class='ocrx_word' id='word_1_701' title='bbox 959 5001 1267 5058; x_wconf 69' lang='lat' dir='ltr'><strong>[iniciantur</strong></span> <span class='ocrx_word' id='word_1_702' title='bbox 1296 5003 1510 5074; x_wconf 87' lang='lat' dir='ltr'><strong>probati</strong></span> <span class='ocrx_word' id='word_1_703' title='bbox 1572 5018 1669 5074; x_wconf 82' lang='lat' dir='ltr'><strong>per</strong></span> <span class='ocrx_word' id='word_1_704' title='bbox 1699 5003 1835 5057; x_wconf 74' lang='lat' dir='ltr'><strong>allii-</strong></span> 
     </span>
    </p>
   </div>
   <div class='ocr_carea' id='block_1_99' title="bbox 251 5092 1832 5160">
    <p class='ocr_par' dir='ltr' id='par_1_99' title="bbox 251 5092 1832 5160">
     <span class='ocr_line' id='line_1_99' title="bbox 251 5092 1832 5160; baseline -0.001 -11"><span class='ocrx_word' id='word_1_705' title='bbox 251 5096 512 5150; x_wconf 89' lang='lat' dir='ltr'><strong>ctionem.</strong></span> <span class='ocrx_word' id='word_1_706' title='bbox 544 5092 697 5160; x_wconf 84' lang='lat' dir='ltr'><strong>Quod</strong></span> <span class='ocrx_word' id='word_1_707' title='bbox 732 5105 919 5149; x_wconf 79' lang='lat' dir='ltr'><strong>contra</strong></span> <span class='ocrx_word' id='word_1_708' title='bbox 958 5102 1199 5150; x_wconf 84' lang='lat' dir='ltr'><strong>nostram</strong></span> <span class='ocrx_word' id='word_1_709' title='bbox 1223 5097 1560 5150; x_wconf 81' lang='lat' dir='ltr'><strong>voluntatem</strong></span> <span class='ocrx_word' id='word_1_710' title='bbox 1588 5104 1669 5150; x_wconf 88' lang='lat' dir='ltr'><strong>est</strong></span> <span class='ocrx_word' id='word_1_711' title='bbox 1711 5095 1832 5150; x_wconf 85' lang='lat' dir='ltr'><strong>illa-</strong></span> 
     </span>
    </p>
   </div>
   <div class='ocr_carea' id='block_1_100' title="bbox 255 5184 1831 5257">
    <p class='ocr_par' dir='ltr' id='par_1_100' title="bbox 255 5184 1831 5257">
     <span class='ocr_line' id='line_1_100' title="bbox 255 5184 1831 5257; baseline 0.001 -16"><span class='ocrx_word' id='word_1_712' title='bbox 255 5200 391 5251; x_wconf 84' lang='lat' dir='ltr'><strong>tum,</strong></span> <span class='ocrx_word' id='word_1_713' title='bbox 436 5184 528 5240; x_wconf 79' lang='lat' dir='ltr'><strong>ﬂat</strong></span> <span class='ocrx_word' id='word_1_714' title='bbox 567 5186 728 5240; x_wconf 67' lang='lat' dir='ltr'><strong>etia‘tn</strong></span> <span class='ocrx_word' id='word_1_715' title='bbox 772 5187 1048 5257; x_wconf 82' lang='lat' dir='ltr'><strong>proprium</strong></span> <span class='ocrx_word' id='word_1_716' title='bbox 1106 5186 1426 5251; x_wconf 87' lang='lat' dir='ltr'><strong>voluntatis,</strong></span> <span class='ocrx_word' id='word_1_717' title='bbox 1482 5186 1536 5241; x_wconf 89' lang='lat' dir='ltr'><strong>in</strong></span> <span class='ocrx_word' id='word_1_718' title='bbox 1577 5200 1643 5243; x_wconf 84' lang='lat' dir='ltr'><strong>eo</strong></span> <span class='ocrx_word' id='word_1_719' title='bbox 1687 5186 1831 5257; x_wconf 85' lang='lat' dir='ltr'><strong>quod</strong></span> 
     </span>
    </p>
   </div>
   <div class='ocr_carea' id='block_1_101' title="bbox 254 5276 1831 5350">
    <p class='ocr_par' dir='ltr' id='par_1_101' title="bbox 254 5276 1831 5350">
     <span class='ocr_line' id='line_1_101' title="bbox 254 5276 1831 5350; baseline 0.001 -16"><span class='ocrx_word' id='word_1_720' title='bbox 254 5278 534 5335; x_wconf 81' lang='lat' dir='ltr'><strong>moderate</strong></span> <span class='ocrx_word' id='word_1_721' title='bbox 581 5276 828 5333; x_wconf 78' lang='lat' dir='ltr'><strong>feramus</strong></span> <span class='ocrx_word' id='word_1_722' title='bbox 880 5295 941 5334; x_wconf 88' lang='lat' dir='ltr'><strong>ea</strong></span> <span class='ocrx_word' id='word_1_723' title='bbox 966 5284 1087 5349; x_wconf 67' lang='lat' dir='ltr'><strong>quae</strong></span> <span class='ocrx_word' id='word_1_724' title='bbox 1115 5280 1501 5350; x_wconf 78' lang='lat' dir='ltr'><strong>contigerunt:</strong></span> <span class='ocrx_word' id='word_1_725' title='bbox 1540 5286 1593 5336; x_wconf 90' lang='lat' dir='ltr'><strong>et</strong></span> <span class='ocrx_word' id='word_1_726' title='bbox 1626 5284 1831 5350; x_wconf 81' lang='lat' dir='ltr'><strong>gratias</strong></span> 
     </span>
    </p>
   </div>
   <div class='ocr_carea' id='block_1_102' title="bbox 253 5370 1831 5443">
    <p class='ocr_par' dir='ltr' id='par_1_102' title="bbox 253 5370 1831 5443">
     <span class='ocr_line' id='line_1_102' title="bbox 253 5370 1831 5443; baseline 0.001 -17"><span class='ocrx_word' id='word_1_727' title='bbox 253 5380 481 5443; x_wconf 79' lang='lat' dir='ltr'><strong>agamus</strong></span> <span class='ocrx_word' id='word_1_728' title='bbox 526 5371 600 5437; x_wconf 72' lang='lat' dir='ltr'><strong>ei,</strong></span> <span class='ocrx_word' id='word_1_729' title='bbox 639 5371 731 5441; x_wconf 85' lang='lat' dir='ltr'><strong>qui</strong></span> <span class='ocrx_word' id='word_1_730' title='bbox 792 5371 973 5425; x_wconf 87' lang='lat' dir='ltr'><strong>itttttlil</strong></span> <span class='ocrx_word' id='word_1_731' title='bbox 1025 5371 1368 5439; x_wconf 77' lang='lat' dir='ltr'><strong>disciplinam</strong></span> <span class='ocrx_word' id='word_1_732' title='bbox 1423 5370 1636 5442; x_wconf 78' lang='lat' dir='ltr'><strong>legibus</strong></span> <span class='ocrx_word' id='word_1_733' title='bbox 1675 5373 1831 5428; x_wconf 88' lang='lat' dir='ltr'><strong>beni-</strong></span> 
     </span>
    </p>
   </div>
   <div class='ocr_carea' id='block_1_103' title="bbox 252 5460 1833 5535">
    <p class='ocr_par' dir='ltr' id='par_1_103' title="bbox 252 5460 1833 5535">
     <span class='ocr_line' id='line_1_103' title="bbox 252 5460 1833 5535; baseline 0 -15"><span class='ocrx_word' id='word_1_734' title='bbox 252 5465 500 5533; x_wconf 63' lang='lat' dir='ltr'><strong>gnitatis.</strong></span> <span class='ocrx_word' id='word_1_735' title='bbox 536 5460 658 5535; x_wconf 81' lang='lat' dir='ltr'><strong>IpSe</strong></span> <span class='ocrx_word' id='word_1_736' title='bbox 680 5464 974 5534; x_wconf 80' lang='lat' dir='ltr'><strong>pereussit,</strong></span> <span class='ocrx_word' id='word_1_737' title='bbox 1009 5477 1063 5519; x_wconf 87' lang='lat' dir='ltr'><strong>et</strong></span> <span class='ocrx_word' id='word_1_738' title='bbox 1088 5464 1202 5533; x_wconf 87' lang='lat' dir='ltr'><strong>ipse</strong></span> <span class='ocrx_word' id='word_1_739' title='bbox 1238 5478 1341 5518; x_wconf 80' lang='lat' dir='ltr'><strong>nos</strong></span> <span class='ocrx_word' id='word_1_740' title='bbox 1361 5464 1593 5519; x_wconf 86' lang='lat' dir='ltr'><strong>sanabit.</strong></span> <span class='ocrx_word' id='word_1_741' title='bbox 1631 5464 1694 5518; x_wconf 85' lang='lat' dir='ltr'><strong>Et</strong></span> <span class='ocrx_word' id='word_1_742' title='bbox 1728 5464 1833 5520; x_wconf 85' lang='lat' dir='ltr'><strong>hoc</strong></span> 
     </span>
    </p>
   </div>
   <div class='ocr_carea' id='block_1_104' title="bbox 250 5553 1834 5628">
    <p class='ocr_par' dir='ltr' id='par_1_104' title="bbox 250 5553 1834 5628">
     <span class='ocr_line' id='line_1_104' title="bbox 250 5553 1834 5628; baseline -0.003 -12"><span class='ocrx_word' id='word_1_743' title='bbox 250 5558 423 5616; x_wconf 72' lang='lat' dir='ltr'><strong>izabco</strong></span> <span class='ocrx_word' id='word_1_744' title='bbox 454 5572 484 5612; x_wconf 88' lang='lat' dir='ltr'><strong>a</strong></span> <span class='ocrx_word' id='word_1_745' title='bbox 523 5557 802 5628; x_wconf 80' lang='lat' dir='ltr'><strong>prophetis</strong></span> <span class='ocrx_word' id='word_1_746' title='bbox 854 5576 870 5613; x_wconf 89' lang='lat'><strong>:</strong></span> <span class='ocrx_word' id='word_1_747' title='bbox 909 5553 1177 5612; x_wconf 76' lang='lat' dir='ltr'><strong>Perculiet</strong></span> <span class='ocrx_word' id='word_1_748' title='bbox 1221 5565 1268 5611; x_wconf 82' lang='lat' dir='ltr'><strong>et</strong></span> <span class='ocrx_word' id='word_1_749' title='bbox 1316 5554 1577 5625; x_wconf 80' lang='lat' dir='ltr'><strong>alligabit,</strong></span> <span class='ocrx_word' id='word_1_750' title='bbox 1629 5569 1675 5613; x_wconf 78' lang='lat' dir='ltr'><strong>et</strong></span> <span class='ocrx_word' id='word_1_751' title='bbox 1730 5575 1834 5612; x_wconf 79' lang='lat' dir='ltr'><strong>non</strong></span> 
     </span>
    </p>
   </div>
   <div class='ocr_carea' id='block_1_105' title="bbox 250 5635 1032 5707">
    <p class='ocr_par' dir='ltr' id='par_1_105' title="bbox 250 5635 1032 5707">
     <span class='ocr_line' id='line_1_105' title="bbox 250 5635 1032 5707; baseline -0.004 0"><span class='ocrx_word' id='word_1_752' title='bbox 250 5642 488 5707; x_wconf 67' lang='lat' dir='ltr'><strong>tardabit</strong></span> <span class='ocrx_word' id='word_1_753' title='bbox 520 5648 590 5702; x_wconf 66' lang='grc' dir='ltr'>σά</span> <span class='ocrx_word' id='word_1_754' title='bbox 610 5635 937 5705; x_wconf 65' lang='lat' dir='ltr'><strong>curationem</strong></span> <span class='ocrx_word' id='word_1_755' title='bbox 967 5650 1032 5704; x_wconf 72' lang='lat'><strong>”.</strong></span> 
     </span>
    </p>
   </div>
   <div class='ocr_carea' id='block_1_106' title="bbox 1935 4627 3520 4700">
    <p class='ocr_par' dir='ltr' id='par_1_106' title="bbox 1935 4627 3520 4700">
     <span class='ocr_line' id='line_1_106' title="bbox 1935 4627 3520 4700; baseline -0.003 -13"><span class='ocrx_word' id='word_1_756' title='bbox 1935 4648 2122 4697; x_wconf 85' lang='grc' dir='ltr'>σαντο,</span> <span class='ocrx_word' id='word_1_757' title='bbox 2156 4630 2206 4684; x_wconf 78' lang='grc' dir='ltr'>οἳ</span> <span class='ocrx_word' id='word_1_758' title='bbox 2237 4631 2332 4684; x_wconf 75' lang='grc' dir='ltr'>καὶ</span> <span class='ocrx_word' id='word_1_759' title='bbox 2384 4629 2495 4683; x_wconf 87' lang='grc' dir='ltr'><strong>τῶν</strong></span> <span class='ocrx_word' id='word_1_760' title='bbox 2521 4628 2754 4698; x_wconf 85' lang='grc' dir='ltr'>ἀλόγων,</span> <span class='ocrx_word' id='word_1_761' title='bbox 2810 4628 2886 4693; x_wconf 81' lang='grc' dir='ltr'><strong>ὡς</strong></span> <span class='ocrx_word' id='word_1_762' title='bbox 2922 4628 2991 4683; x_wconf 87' lang='grc' dir='ltr'><strong>τά</strong></span> <span class='ocrx_word' id='word_1_763' title='bbox 3024 4628 3145 4700; x_wconf 86' lang='grc' dir='ltr'><strong>ἱερά</strong></span> <span class='ocrx_word' id='word_1_764' title='bbox 3171 4627 3520 4683; x_wconf 76' lang='grc' dir='ltr'>διδάσκουσιν</span> 
     </span>
    </p>
   </div>
   <div class='ocr_carea' id='block_1_107' title="bbox 1941 4720 3522 4796">
    <p class='ocr_par' dir='ltr' id='par_1_107' title="bbox 1941 4720 3522 4796">
     <span class='ocr_line' id='line_1_107' title="bbox 1941 4720 3522 4796; baseline -0.001 -17"><span class='ocrx_word' id='word_1_765' title='bbox 1941 4724 2275 4795; x_wconf 78' lang='grc' dir='ltr'>Εὐαγγέλια,</span> <span class='ocrx_word' id='word_1_766' title='bbox 2320 4723 2395 4796; x_wconf 84' lang='grc' dir='ltr'>μὴ</span> <span class='ocrx_word' id='word_1_767' title='bbox 2425 4724 2769 4794; x_wconf 77' lang='grc' dir='ltr'>φεισάμενοι.</span> <span class='ocrx_word' id='word_1_768' title='bbox 2802 4723 3063 4794; x_wconf 77' lang='grc' dir='ltr'>Φανῶμεν</span> <span class='ocrx_word' id='word_1_769' title='bbox 3109 4720 3396 4793; x_wconf 70' lang='grc' dir='ltr'>τοιγαροῦν</span> <span class='ocrx_word' id='word_1_770' title='bbox 3426 4721 3522 4777; x_wconf 82' lang='grc' dir='ltr'>διὰ</span> 
     </span>
    </p>
   </div>
   <div class='ocr_carea' id='block_1_108' title="bbox 1933 4808 3523 4892">
    <p class='ocr_par' dir='ltr' id='par_1_108' title="bbox 1933 4808 3523 4892">
     <span class='ocr_line' id='line_1_108' title="bbox 1933 4808 3523 4892; baseline -0.004 -19"><span class='ocrx_word' id='word_1_771' title='bbox 1933 4820 2029 4892; x_wconf 82' lang='grc' dir='ltr'>τῆς</span> <span class='ocrx_word' id='word_1_772' title='bbox 2063 4818 2313 4882; x_wconf 87' lang='grc' dir='ltr'>παιδείας</span> <span class='ocrx_word' id='word_1_773' title='bbox 2345 4816 2551 4886; x_wconf 87' lang='grc' dir='ltr'>ταύτης</span> <span class='ocrx_word' id='word_1_774' title='bbox 2584 4808 2839 4887; x_wconf 74' lang='grc' dir='ltr'>αἴσθησιν</span> <span class='ocrx_word' id='word_1_775' title='bbox 2869 4815 3157 4887; x_wconf 77' lang='grc' dir='ltr'>δεξάμενοι</span> <span class='ocrx_word' id='word_1_776' title='bbox 3192 4814 3304 4868; x_wconf 89' lang='grc' dir='ltr'><strong>τῶν</strong></span> <span class='ocrx_word' id='word_1_777' title='bbox 3338 4815 3523 4885; x_wconf 72' lang='grc' dir='ltr'>ἡμαρ-</span> 
     </span>
    </p>
   </div>
   <div class='ocr_carea' id='block_1_109' title="bbox 1935 4905 3520 4981">
    <p class='ocr_par' dir='ltr' id='par_1_109' title="bbox 1935 4905 3520 4981">
     <span class='ocr_line' id='line_1_109' title="bbox 1935 4905 3520 4981; baseline -0.003 -18"><span class='ocrx_word' id='word_1_778' title='bbox 1935 4909 2210 4981; x_wconf 81' lang='grc' dir='ltr'>τημένων,</span> <span class='ocrx_word' id='word_1_779' title='bbox 2240 4908 2336 4962; x_wconf 74' lang='grc' dir='ltr'><strong>καὶ</strong></span> <span class='ocrx_word' id='word_1_780' title='bbox 2366 4907 2442 4979; x_wconf 80' lang='grc' dir='ltr'>μὴ</span> <span class='ocrx_word' id='word_1_781' title='bbox 2468 4907 2783 4978; x_wconf 77' lang='grc' dir='ltr'>βαρυτέρων</span> <span class='ocrx_word' id='word_1_782' title='bbox 2801 4907 2976 4962; x_wconf 78' lang='grc' dir='ltr'>ἄλλων</span> <span class='ocrx_word' id='word_1_783' title='bbox 3006 4905 3230 4978; x_wconf 83' lang='grc' dir='ltr'>πληγῶν</span> <span class='ocrx_word' id='word_1_784' title='bbox 3244 4905 3520 4978; x_wconf 84' lang='grc' dir='ltr'>δεόμενοι,</span> 
     </span>
    </p>
   </div>
   <div class='ocr_carea' id='block_1_110' title="bbox 1936 4996 3525 5073">
    <p class='ocr_par' dir='ltr' id='par_1_110' title="bbox 1936 4996 3525 5073">
     <span class='ocr_line' id='line_1_110' title="bbox 1936 4996 3525 5073; baseline -0.002 -18"><span class='ocrx_word' id='word_1_785' title='bbox 1936 5002 2000 5056; x_wconf 85' lang='grc' dir='ltr'>τὸ</span> <span class='ocrx_word' id='word_1_786' title='bbox 2029 5003 2212 5073; x_wconf 86' lang='grc' dir='ltr'>μεῖναι</span> <span class='ocrx_word' id='word_1_787' title='bbox 2248 5000 2388 5072; x_wconf 87' lang='grc' dir='ltr'><strong>μετά</strong></span> <span class='ocrx_word' id='word_1_788' title='bbox 2425 5001 2527 5072; x_wconf 77' lang='grc' dir='ltr'>τὴν</span> <span class='ocrx_word' id='word_1_789' title='bbox 2577 4996 2793 5071; x_wconf 78' lang='grc' dir='ltr'>πληγὴν</span> <span class='ocrx_word' id='word_1_790' title='bbox 2827 4997 3168 5071; x_wconf 87' lang='grc' dir='ltr'>ἀδιόρθωτοι.</span> <span class='ocrx_word' id='word_1_791' title='bbox 3220 4998 3525 5068; x_wconf 81' lang='grc' dir='ltr'>Γενώμεθα</span> 
     </span>
    </p>
   </div>
   <div class='ocr_carea' id='block_1_111' title="bbox 1937 5092 3524 5166">
    <p class='ocr_par' dir='ltr' id='par_1_111' title="bbox 1937 5092 3524 5166">
     <span class='ocr_line' id='line_1_111' title="bbox 1937 5092 3524 5166; baseline -0.002 -17"><span class='ocrx_word' id='word_1_792' title='bbox 1937 5095 2151 5166; x_wconf 85' lang='grc' dir='ltr'>δόκιμοι</span> <span class='ocrx_word' id='word_1_793' title='bbox 2190 5094 2283 5149; x_wconf 71' lang='grc' dir='ltr'>διὰ</span> <span class='ocrx_word' id='word_1_794' title='bbox 2333 5096 2431 5165; x_wconf 85' lang='grc' dir='ltr'>τῆς</span> <span class='ocrx_word' id='word_1_795' title='bbox 2459 5093 2728 5164; x_wconf 72' lang='grc' dir='ltr'>θλίψεως·</span> <span class='ocrx_word' id='word_1_796' title='bbox 2757 5093 2817 5147; x_wconf 84' lang='grc' dir='ltr'>τὸ</span> <span class='ocrx_word' id='word_1_797' title='bbox 2860 5093 3175 5165; x_wconf 76' lang='grc' dir='ltr'>ἀϐουλήτως</span> <span class='ocrx_word' id='word_1_798' title='bbox 3226 5092 3524 5165; x_wconf 74' lang='grc' dir='ltr'>ἑπενεχθὲν</span> 
     </span>
    </p>
   </div>
   <div class='ocr_carea' id='block_1_112' title="bbox 1937 5186 3526 5259">
    <p class='ocr_par' dir='ltr' id='par_1_112' title="bbox 1937 5186 3526 5259">
     <span class='ocr_line' id='line_1_112' title="bbox 1937 5186 3526 5259; baseline -0.001 -19"><span class='ocrx_word' id='word_1_799' title='bbox 1937 5189 2178 5259; x_wconf 77' lang='grc' dir='ltr'>γενέσθω</span> <span class='ocrx_word' id='word_1_800' title='bbox 2235 5187 2328 5240; x_wconf 76' lang='grc' dir='ltr'>καὶ</span> <span class='ocrx_word' id='word_1_801' title='bbox 2360 5187 2733 5259; x_wconf 81' lang='grc' dir='ltr'>προαιρέσεως</span> <span class='ocrx_word' id='word_1_802' title='bbox 2785 5186 2940 5253; x_wconf 79' lang='grc' dir='ltr'>ἴδιον,</span> <span class='ocrx_word' id='word_1_803' title='bbox 2989 5187 3049 5242; x_wconf 79' lang='grc' dir='ltr'>ὲν</span> <span class='ocrx_word' id='word_1_804' title='bbox 3098 5187 3176 5252; x_wconf 85' lang='grc' dir='ltr'><strong>τῷ</strong></span> <span class='ocrx_word' id='word_1_805' title='bbox 3205 5187 3274 5240; x_wconf 87' lang='grc' dir='ltr'><strong>τά</strong></span> <span class='ocrx_word' id='word_1_806' title='bbox 3309 5203 3526 5258; x_wconf 83' lang='grc' dir='ltr'>συμπε-</span> 
     </span>
    </p>
   </div>
   <div class='ocr_carea' id='block_1_113' title="bbox 1941 5274 3525 5350">
    <p class='ocr_par' dir='ltr' id='par_1_113' title="bbox 1941 5274 3525 5350">
     <span class='ocr_line' id='line_1_113' title="bbox 1941 5274 3525 5350; baseline -0.001 -18"><span class='ocrx_word' id='word_1_807' title='bbox 1941 5278 2101 5334; x_wconf 73' lang='grc' dir='ltr'>σόντα</span> <span class='ocrx_word' id='word_1_808' title='bbox 2116 5278 2304 5350; x_wconf 68' lang='grc' dir='ltr'>πρᾴως</span> <span class='ocrx_word' id='word_1_809' title='bbox 2328 5277 2646 5346; x_wconf 84' lang='grc' dir='ltr'>διενεγκεῖν,</span> <span class='ocrx_word' id='word_1_810' title='bbox 2670 5278 2762 5331; x_wconf 64' lang='grc' dir='ltr'>καὶ</span> <span class='ocrx_word' id='word_1_811' title='bbox 2778 5276 2937 5347; x_wconf 78' lang='grc' dir='ltr'>χᾶριν</span> <span class='ocrx_word' id='word_1_812' title='bbox 2960 5276 3293 5348; x_wconf 77' lang='grc' dir='ltr'>ὁμολογῆσαι</span> <span class='ocrx_word' id='word_1_813' title='bbox 3313 5275 3391 5347; x_wconf 81' lang='grc' dir='ltr'><strong>τῷ</strong></span> <span class='ocrx_word' id='word_1_814' title='bbox 3421 5274 3525 5347; x_wconf 81' lang='grc' dir='ltr'>τὴν</span> 
     </span>
    </p>
   </div>
   <div class='ocr_carea' id='block_1_114' title="bbox 1939 5368 3526 5440">
    <p class='ocr_par' dir='ltr' id='par_1_114' title="bbox 1939 5368 3526 5440">
     <span class='ocr_line' id='line_1_114' title="bbox 1939 5368 3526 5440; baseline -0.001 -16"><span class='ocrx_word' id='word_1_815' title='bbox 1939 5370 2190 5425; x_wconf 81' lang='grc' dir='ltr'>παιδείαν</span> <span class='ocrx_word' id='word_1_816' title='bbox 2222 5370 2409 5440; x_wconf 87' lang='grc' dir='ltr'>νόμοις</span> <span class='ocrx_word' id='word_1_817' title='bbox 2455 5368 2795 5437; x_wconf 79' lang='grc' dir='ltr'>ὲπαγαγόντι</span> <span class='ocrx_word' id='word_1_818' title='bbox 2853 5368 3291 5440; x_wconf 84' lang='grc' dir='ltr'>φιλανθρωπίας.</span> <span class='ocrx_word' id='word_1_819' title='bbox 3340 5368 3526 5433; x_wconf 69' lang='grc' dir='ltr'>Αὐτὸς</span> 
     </span>
    </p>
   </div>
   <div class='ocr_carea' id='block_1_115' title="bbox 1942 5460 3528 5533">
    <p class='ocr_par' dir='ltr' id='par_1_115' title="bbox 1942 5460 3528 5533">
     <span class='ocr_line' id='line_1_115' title="bbox 1942 5460 3528 5533; baseline 0.002 -17"><span class='ocrx_word' id='word_1_820' title='bbox 1942 5463 2298 5527; x_wconf 76' lang='grc' dir='ltr'>πεπαίδευκε,</span> <span class='ocrx_word' id='word_1_821' title='bbox 2327 5462 2424 5515; x_wconf 76' lang='grc' dir='ltr'>καὶ</span> <span class='ocrx_word' id='word_1_822' title='bbox 2454 5462 2617 5525; x_wconf 77' lang='grc' dir='ltr'>αὐτὸς</span> <span class='ocrx_word' id='word_1_823' title='bbox 2653 5463 2844 5515; x_wconf 70' lang='grc' dir='ltr'>ἰάσατο</span> <span class='ocrx_word' id='word_1_824' title='bbox 2883 5462 3031 5533; x_wconf 78' lang='grc' dir='ltr'>ἡμᾶς</span> <span class='ocrx_word' id='word_1_825' title='bbox 3050 5477 3065 5493; x_wconf 79' lang='grc'><strong><em>⁸</em></strong></span> <span class='ocrx_word' id='word_1_826' title='bbox 3098 5463 3194 5518; x_wconf 72' lang='grc' dir='ltr'>καὶ</span> <span class='ocrx_word' id='word_1_827' title='bbox 3224 5462 3382 5518; x_wconf 78' lang='grc' dir='ltr'>τοῦτο</span> <span class='ocrx_word' id='word_1_828' title='bbox 3409 5460 3528 5533; x_wconf 81' lang='grc' dir='ltr'>ἔχω</span> 
     </span>
    </p>
   </div>
   <div class='ocr_carea' id='block_1_116' title="bbox 1945 5545 3519 5629">
    <p class='ocr_par' dir='ltr' id='par_1_116' title="bbox 1945 5545 3519 5629">
     <span class='ocr_line' id='line_1_116' title="bbox 1945 5545 3519 5629; baseline 0.001 -19"><span class='ocrx_word' id='word_1_829' title='bbox 1945 5559 2095 5629; x_wconf 79' lang='grc' dir='ltr'><strong>παρά</strong></span> <span class='ocrx_word' id='word_1_830' title='bbox 2115 5557 2227 5610; x_wconf 89' lang='grc' dir='ltr'><strong>τῶν</strong></span> <span class='ocrx_word' id='word_1_831' title='bbox 2258 5553 2554 5629; x_wconf 77' lang='grc' dir='ltr'>προφητῶν</span> <span class='ocrx_word' id='word_1_832' title='bbox 2574 5572 2585 5582; x_wconf 63' lang='grc'><strong>⁸</strong></span> <span class='ocrx_word' id='word_1_833' title='bbox 2618 5554 2849 5621; x_wconf 79' lang='grc' dir='ltr'>πατάξει</span> <span class='ocrx_word' id='word_1_834' title='bbox 2885 5557 2979 5611; x_wconf 77' lang='grc' dir='ltr'>καὶ</span> <span class='ocrx_word' id='word_1_835' title='bbox 3007 5553 3268 5627; x_wconf 82' lang='grc' dir='ltr'>μοτὼσει,</span> <span class='ocrx_word' id='word_1_836' title='bbox 3307 5545 3405 5611; x_wconf 71' lang='grc' dir='ltr'>καὶ</span> <span class='ocrx_word' id='word_1_837' title='bbox 3452 5555 3519 5611; x_wconf 68' lang='grc' dir='ltr'>οὔ</span> 
     </span>
    </p>
   </div>
   <div class='ocr_carea' id='block_1_117' title="bbox 1944 5640 2695 5722">
    <p class='ocr_par' dir='ltr' id='par_1_117' title="bbox 1944 5640 2695 5722">
     <span class='ocr_line' id='line_1_117' title="bbox 1944 5640 2695 5722; baseline -0.005 -19"><span class='ocrx_word' id='word_1_838' title='bbox 1944 5640 2200 5722; x_wconf 71' lang='grc' dir='ltr'>’βραδυνεῖ</span> <span class='ocrx_word' id='word_1_839' title='bbox 2227 5644 2361 5717; x_wconf 75' lang='grc' dir='ltr'>πρὸς</span> <span class='ocrx_word' id='word_1_840' title='bbox 2397 5647 2495 5716; x_wconf 80' lang='grc' dir='ltr'>τὴν</span> <span class='ocrx_word' id='word_1_841' title='bbox 2531 5645 2695 5719; x_wconf 61' lang='grc' dir='ltr'>ίαοξιν.</span> 
     </span>
    </p>
   </div>
   <div class='ocr_carea' id='block_1_118' title="bbox 337 5843 2842 5919">
    <p class='ocr_par' dir='ltr' id='par_1_118' title="bbox 337 5843 2842 5919">
     <span class='ocr_line' id='line_1_118' title="bbox 337 5843 2842 5919; baseline -0.001 -17"><span class='ocrx_word' id='word_1_842' title='bbox 337 5844 379 5878; x_wconf 77' lang='grc'>⁸⁸</span> <span class='ocrx_word' id='word_1_843' title='bbox 410 5843 614 5905; x_wconf 75' lang='lat' dir='ltr'><strong>Jerem.</strong></span> <span class='ocrx_word' id='word_1_844' title='bbox 657 5863 731 5916; x_wconf 82' lang='lat' dir='ltr'><strong>vt,</strong></span> <span class='ocrx_word' id='word_1_845' title='bbox 769 5848 800 5903; x_wconf 89' lang='lat'>8</span> <span class='ocrx_word' id='word_1_846' title='bbox 826 5846 977 5919; x_wconf 83' lang='lat' dir='ltr'><strong>juxta</strong></span> <span class='ocrx_word' id='word_1_847' title='bbox 1014 5846 1175 5904; x_wconf 70' lang='lat' dir='ltr'><strong>LXX.</strong></span> <span class='ocrx_word' id='word_1_848' title='bbox 1262 5846 1495 5903; x_wconf 76' lang='lat' dir='ltr'><strong>“llebr.</strong></span> <span class='ocrx_word' id='word_1_849' title='bbox 1533 5862 1628 5912; x_wconf 76' lang='lat' dir='ltr'><strong>Mt,</strong></span> <span class='ocrx_word' id='word_1_850' title='bbox 1679 5846 1731 5898; x_wconf 84' lang='lat'><strong>6.</strong></span> <span class='ocrx_word' id='word_1_851' title='bbox 1814 5846 1854 5877; x_wconf 79' lang='lat'><strong>‘7</strong></span> <span class='ocrx_word' id='word_1_852' title='bbox 1887 5844 2079 5899; x_wconf 74' lang='lat' dir='ltr'><strong>Matth.</strong></span> <span class='ocrx_word' id='word_1_853' title='bbox 2124 5859 2241 5909; x_wconf 88' lang='lat' dir='ltr'><strong>\‘lll,</strong></span> <span class='ocrx_word' id='word_1_854' title='bbox 2280 5843 2366 5898; x_wconf 76' lang='lat'><strong>52.</strong></span> <span class='ocrx_word' id='word_1_855' title='bbox 2450 5844 2491 5876; x_wconf 78' lang='lat'><strong>&quot;‘</strong></span> <span class='ocrx_word' id='word_1_856' title='bbox 2521 5845 2648 5901; x_wconf 76' lang='lat' dir='ltr'><strong>Ose.</strong></span> <span class='ocrx_word' id='word_1_857' title='bbox 2685 5862 2755 5912; x_wconf 72' lang='grc' dir='ltr'><strong>ιι,</strong></span> <span class='ocrx_word' id='word_1_858' title='bbox 2789 5847 2842 5900; x_wconf 71' lang='lat'><strong>2.</strong></span> 
     </span>
    </p>
   </div>
  </div>
