3886 6496
317 409 422 477 ευτ

1569 406 1856 470 MENSIS
1891 404 2357 474 JANUARIUS’.

3462 420 3576 484 ἱλθὸ

317 539 472 587 cem;
520 531 706 594 postea
747 531 928 579 autem
957 535 1148 579 omnes
1171 529 1637 591 congregarentur
1681 518 1735 575 in
1765 535 1881 584 una:

1999 538 2098 575 ταν
2121 524 2218 595 τῆς
2245 523 2394 589 θείας
2434 523 2656 579 ἀκούειν
2688 526 2895 596 φωνῆς,
2931 523 2992 578 τὸ
3019 522 3073 578 δὲ
3097 525 3192 578 ἐπὶ
3240 525 3456 590 τούτοις
3493 531 3578 590 εἰς

309 616 552 683 exceptis
581 615 960 680 demouiacis;
1023 615 1078 668 in
1110 628 1304 684 magna
1336 611 1549 669 scilicet
1575 612 1892 670 Graecorum

307 710 564 766 ecclesia.
596 708 746 776 Quod
797 709 1014 778 quidem
1067 708 1122 760 in
1171 704 1492 762 hodiernum
1549 719 1722 776 usque
1750 703 1893 759 diem

309 802 553 856 faciunt:
584 811 638 856 et
669 800 780 855 illic
802 809 930 856 sunt
963 799 1255 869 participes
1295 795 1786 852 sanctiﬁcatorum.

379 987 471 1041 '59.
505 985 568 1041 Et
600 987 730 1056 quid
757 1001 892 1054 opus
928 992 1012 1040 est
1051 983 1234 1040 omnia
1273 996 1582 1050 recensere,
1616 981 1784 1047 illius,
1810 979 1897 1034 in-

309 1091 493 1146 quam,
545 1076 685 1131 sacri
743 1077 977 1142 pastoris
1035 1083 1091 1128 et
1141 1073 1352 1144 gregis;
1405 1084 1460 1128 et
1487 1085 1668 1127 utrum
1707 1087 1894 1127 eorum

307 1168 484 1238 magis
517 1168 818 1221 admiretur
859 1167 982 1237 quis
1011 1167 1290 1230 virtutem,
1325 1182 1394 1220 an
1457 1163 1898 1219 multitudinem?

308 1261 444 1315 Nam
469 1275 605 1330 quos
633 1268 743 1315 tota
777 1275 875 1314 sua
934 1261 1040 1312 vita
1077 1258 1332 1328 parturiit
1387 1256 1764 1326 spiritualiter,
1799 1271 1892 1326 pa-

308 1361 462 1409 terne
481 1359 660 1406 autent
703 1350 914 1414 nutriit,
955 1360 1010 1405 et
1037 1349 1232 1404 deinde
1266 1350 1430 1402 etiam
1461 1347 1529 1400 ad
1559 1347 1724 1401 Deum
1755 1346 1894 1400 emi-

305 1447 402 1514 sit,
459 1460 582 1501 cum
629 1443 856 1515 pulchre
911 1456 1065 1497 suam
1119 1441 1286 1494 vitam
1340 1437 1630 1502 liniissenl,
1679 1435 1896 1490 fuerunt

305 1553 537 1596 numero
585 1535 826 1593 sexcenti
871 1547 927 1590 et
995 1533 1287 1602 nonaginta
1337 1540 1470 1586 tres.
1520 1530 1667 1597 Quos
1711 1540 1893 1585 autem

308 1631 600 1703 praefectus
637 1626 775 1700 (21),
805 1627 898 1698 qui
927 1636 1048 1697 post
1069 1625 1223 1679 illum
1252 1622 1890 1686 successitmonasterio,

307 1723 530 1779 fuerunt
582 1722 871 1792 plusquam
917 1717 1324 1790 quadringenti,
1375 1726 1616 1785 paterna:
1669 1714 1892 1770 virtutis

308 1828 554 1888 apertum
576 1826 858 1871 servantes
889 1815 1295 1877 characterem,
1334 1811 1429 1866 lilii
1472 1820 1678 1881 patrem
1699 1824 1891 1863 aman-

308 1921 411 1978 tes,
439 1921 494 1964 et
523 1909 615 1964 lilii
635 1909 727 1978 qui
757 1907 1046 1978 insigniter
1089 1907 1416 1960 amabantur
1445 1919 1477 1960 ι
1506 1913 1679 1975 patre.
1716 1902 1890 1960 Causa
1928 1888 1968 1943 Β

303 2014 486 2058 autem
505 2002 729 2067 amoris,
757 2002 986 2070 quierat
1016 2000 1068 2054 in
1090 2000 1358 2069 utrisque,
1386 2006 1506 2052 erat
1531 2012 1636 2051 non
1671 2004 1887 2062 natura,

302 2112 424 2166 qua:
453 2105 538 2150 est
580 2110 669 2150 res
714 2093 871 2148 laude
925 2107 1119 2148 carens
1169 2101 1226 2146 et
1264 2089 1548 2156 mercede;
1587 2089 1684 2144 sed
1745 2087 1891 2143 bona

305 2191 554 2244 voluntas
583 2198 638 2244 et
665 2189 864 2243 bonum
888 2186 1052 2241 animi
1081 2185 1410 2247 institutum,
1447 2197 1638 2236 amans
1659 2181 1713 2236 id
1745 2182 1888 2252 quod

305 2284 507 2338 bonum
528 2291 615 2337 est
637 2292 696 2337 et
732 2281 1042 2344 honestum,
1065 2287 1120 2333 et
1141 2278 1262 2332 ideo
1295 2276 1506 2331 laudem
1533 2275 1758 2330 omnino
1779 2288 1891 2328 me-

305 2385 474 2429 retur.
506 2375 586 2428 Et
613 2387 829 2444 possem
860 2372 1077 2442 quidem
1116 2371 1298 2426 dicere
1320 2385 1442 2424 cmn
1477 2382 1674 2438 magna
1728 2366 1887 2422 volu-

305 2473 472 2536 ptate,
501 2476 632 2535 quot
676 2474 940 2534 pastores,
970 2470 1102 2533 quot
1127 2462 1412 2532 episcopos
1441 2459 1555 2532 (22)
1600 2458 1891 2530 protulerit

301 2562 422 2630 ejus
453 2559 723 2625 educatio,
754 2565 810 2613 et
836 2566 968 2628 quot
982 2573 1044 2611 ex
1078 2557 1196 2627 ejus
1233 2557 1424 2611 ovibus
1444 2555 1677 2622 luerunt
1702 2562 1889 2622 pasto-

304 2666 394 2707 res
415 2650 664 2716 aliorum,
693 2657 748 2704 et
779 2649 1108 2720 pra-luerunt
1157 2649 1330 2704 sacris
1377 2646 1726 2702 monasteriis
1750 2645 1884 2718 (25),

303 2761 409 2799 non
439 2745 542 2814 ipsi
569 2753 817 2799 amantes
848 2745 1156 2812 imperium,
1189 2743 1281 2798 sed
1301 2741 1716 2811 potiusjudicati
1742 2739 1885 2808 digni

301 2838 395 2908 qui
439 2838 795 2906 imperarent,
821 2843 879 2891 et
911 2837 1054 2907 digni
1103 2837 1302 2904 quibus
1356 2834 1670 2889 crederetur
1701 2831 1888 2903 praele-

300 2941 456 2985 ctura
495 2931 800 2984 animarum
839 2944 854 2980 :
891 2939 944 2983 et
977 2937 1110 2997 quot
1162 2927 1405 2982 solitarie
1456 2928 1706 2980 vixerunt
1761 2939 1887 2995 pro-

301 3032 422 3090 pter
449 3023 646 3092 quietis
673 3037 737 3075 ac
783 3020 987 3074 silentii
1041 3019 1394 3082 desiderium,
1446 3027 1503 3073 et
1531 3017 1882 3087 cupiditatem

302 3114 567 3180 majorum
597 3112 953 3165 certaminum
1005 3127 1019 3163 :
1053 3125 1284 3180 quorum
1318 3109 1593 3165 nonnullis
1622 3109 1883 3178 producta

1989 615 2136 685 ιμίαν
2167 617 2375 680 πάντας
2400 614 2539 688 πλὴν
2566 615 2675 670 τῶν
2713 617 3096 688 δαιμονῶντων
3119 618 3218 690 την
3246 620 3494 689 μεγάλην
3514 621 3579 690 δὴ

1999 709 2108 760 τῶν
2154 707 2512 777 Ἑλληνιστῶν
2533 707 2829 781 ἐκκλησίαν
2862 709 3252 781 ἀθροίζεσθαι·
3293 711 3320 763 δ
3371 715 3460 763 καὶ
3496 715 3579 776 εἰς

1997 795 2160 868 δεῦρο
2191 797 2473 863 ποιοῦντές
2503 799 2611 853 είσι
2654 799 2749 853 καὶ
2776 800 2883 853 τῶν
2915 802 3278 872 άγιασμάτων
3303 803 3422 854 ἐκεῖ
3473 819 3577 871 με-

1996 887 2217 960 τέχουσι

2071 982 2168 1038 λοι.
2206 985 2316 1037 Καὶ
2343 984 2396 1038 τί
2426 986 2506 1038 δεῖ
2537 985 2716 1039 πάντα
2755 984 3101 1055 καταλέγειν,
3138 987 3207 1040 τὰ
3265 984 3360 1040 τοῦ
3419 985 3576 1056 ίεροῦ

1997 1074 2153 1128 τοῦδε
2181 1079 2460 1147 ποιμένος,
2491 1078 2768 1148 φημὶ,καὶ
2800 1080 3090 1150 ποιμνίου;
3125 1079 3219 1132 καὶ
3245 1079 3475 1150 πότερον
3507 1079 3579 1135 ἄν

1997 1183 2082 1230 τις
2110 1167 2290 1220 αὐτῶν
2315 1167 2606 1236 ἁγιάσαιτο
2641 1170 2741 1240 τὴν
2772 1169 2971 1242 ἀρετὴν
3010 1169 3043 1241 ἢ
3075 1169 3136 1222 τὺ
3166 1169 3404 1238 πλῆθο;;
3436 1165 3581 1240 Παρ⁹

1995 1261 2125 1330 ὃλην
2157 1260 2256 1330 μὲν
2286 1260 2395 1332 γὰρ
2424 1260 2590 1315 αὐτοῦ
2616 1262 2718 1333 τῆν
2753 1261 2900 1334 ζωὴν
2930 1261 3023 1327 οὓς
3052 1262 3208 1316 ώδινε
3251 1261 3353 1333 μὲν
3411 1278 3583 1316 πνευ-

1999 1353 2268 1423 ματικῶς,
2303 1353 2646 1424 ἀνεθρέψατο
2691 1354 2749 1407 δὲ
2781 1354 3088 1426 πατρικῶς,
3143 1349 3264 1407 εἶτα
3313 1356 3407 1407 καὶ
3437 1352 3581 1423 πρὸς

1995 1446 2128 1498 Θεὸν
2179 1445 2602 1517 παρεπέμψατο,
2651 1447 2833 1510 καλῶς
2869 1448 2958 1500 τὸν
2993 1447 3202 1501 ἑαυτῶν
3249 1446 3362 1516 βῖον
3391 1447 3580 1500 διατε-

1997 1537 2292 1601 λέσαντας,
2327 1539 2474 1609 τρεῖς
2501 1538 2597 1591 κα)⁵
2627 1539 2988 1610 ἐννενήκοντα
3017 1537 3115 1592 καὶ
3149 1536 3433 1600 ἑξακόσιοι
3481 1537 3584 1589 τὸν

1995 1632 2230 1703 ἀριθμὸν
2263 1628 2404 1704 ἦσαν
2427 1651 2440 1664 ·
2476 1631 2568 1698 οὓς
2590 1632 2646 1686 δὲ
2679 1633 2800 1703 μετ’
2827 1634 3042 1686 ἐκεῖνον
3071 1631 3456 1703 ἀφηγούμενος
3475 1629 3581 1698 τῆς

1997 1726 2168 1797 μονῆς
2196 1727 2464 1796 διεδέχετο
2493 1726 2714 1790 πλείους
2737 1727 2845 1780 τῶν
2875 1724 3241 1797 τετρακοσίων
3277 1725 3582 1794 ἐτύγχανον

1995 1819 2168 1885 ὅντες,
2201 1820 2349 1889 σαφῆ
2377 1819 2467 1872 τὸν
2516 1819 2840 1891 χαρακτῆρα
2865 1819 2963 1891 τῆς
2999 1817 3273 1889 πατρικῆς
3307 1816 3584 1881 σώζοντες

1996 1912 2220 1981 ἀρετῆς,
2256 1912 2365 1964 υίοὶ
2415 1910 2801 1983 φιλοπάτορες,
2833 1910 2929 1964 καὶ
2976 1910 3146 1962 τέκνα
3200 1908 3583 1978 διαφερόντως

1998 2008 2166 2075 πατρὶ
2205 2004 2569 2074 στεργόμενον..
2599 2004 2760 2057 Αἰτία
2785 2003 2842 2056 δὲ
2874 2003 2971 2071 τῆς
3001 2003 3060 2054 ἐν
3087 1999 3371 2071 ἑκατέροις
3405 2017 3582 2069 στορ-

1994 2094 2096 2162 γῆς
2120 2094 2183 2147 οὗ
2215 2093 2374 2163 φύσις
2403 2089 2494 2164 ἦν,
2535 2096 2768 2164 πρᾶγμα
2820 2093 3062 2146 ἐπαίνων
3095 2092 3304 2163 ἔρημον
3347 2093 3441 2146 καὶ
3481 2109 3579 2161 pr-

1996 2182 2159 2246 σθῶν,
2190 2184 2325 2238 άλλὰ
2362 2185 2689 2257 προαίρεσις
2721 2184 2904 2257 ἀγαθὴ
2949 2185 3008 2238 τὸ
3048 2185 3213 2240 καλὸν
3244 2186 3579 2256 στέργουσα,

1994 2277 2088 2328 καὶ
2113 2276 2203 2330 διὰ
2233 2276 2391 2330 τοῦτο
2419 2279 2634 2342 πάντως
2669 2279 2763 2332 καὶ
2805 2279 3088 2349 στεφάνων
3111 2279 3258 2346 ἀξία.
3294 2280 3404 2333 Καὶ
3425 2272 3581 2350 εἶχον

1993 2368 2063 2422 ἂν
2086 2371 2225 2440 μετὰ
2243 2370 2446 2440 πολλῆς
2477 2371 2658 2440 λέγειν
2684 2372 2785 2442 τῆς
2827 2371 3043 2443 ἡδονῆς,
3098 2372 3256 2436 ὅσους
3285 2374 3580 2442 ποιμένας,

1991 2461 2150 2526 ὅσους
2183 2463 2515 2526 ἐπισκόπους
2541 2464 2574 2532 ἠ
2607 2463 2775 2516 αὑτοῦ
2805 2465 3148 2534 προήνεγκεν
3205 2463 3397 2533 ἀγωγή
3425 2476 3438 2491 ·
3470 2461 3582 2515 ὅσα

1990 2569 2050 2605 τε
2104 2552 2212 2606 τῶν
2241 2552 2406 2606 αὑτοῦ
2445 2555 2734 2624 προϐάτων
2767 2555 3024 2624 ποιμένες
3080 2553 3257 2618 ἄλλως
3309 2553 3580 2622 γεγόνασι

1993 2646 2086 2700 καὶ
2125 2647 2561 2718 φροντιστηρίων
2595 2647 2756 2717 ίερῶν
2778 2646 3138 2718 ἐξηγήσαντο,
3175 2647 3276 2700 οὐκ
3300 2646 3454 2700 αὑτοὶ
3471 2648 3580 2716 τῆς

1989 2739 2166 2810 ἀρχῆς
2205 2738 2553 2810 ἐρασθέντες,
2589 2737 2729 2793 ἀλλὰ
2779 2737 2969 2809 ἄρχειν
3021 2736 3226 2808 μᾶλλον
3287 2736 3581 2806 κριθέντες

1988 2833 2151 2900 ἄξιοι,
2177 2832 2516 2903 προστασίαν
2538 2848 2601 2884 τε
2624 2830 2982 2900 πιστευθῆναι
3018 2830 3209 2901 ψυχῶν
3231 2828 3528 2899 ἐπιτήδειοι
3557 2845 3576 2860 ο

1989 2925 2104 2978 ὅσοι
2133 2941 2192 2977 τε
2223 2925 2342 2978 καθ’
2384 2924 2612 2988 ἑαυτοὺς
2666 2922 2996 2994 βεϐιώκασιν
3027 2921 3256 2994 ἡσυχίας
3287 2920 3439 2990 πόθῳ
3474 2922 3577 2974 καὶ

1987 3016 2216 3086 ἀγώνων
2241 3015 2506 3087 μειζόνων
2539 3014 2828 3088 ἐπιθυμίᾳ,
2850 3008 2927 3068 ὧν
2952 3014 3117 3079 ἐνίοις
3155 3015 3252 3068 καὶ
3275 3016 3354 3078 είς
3380 3013 3558 3083 ὀγδοή-

1985 3123 2151 3160 κοντα
2183 3108 2451 3178 χρόνουςή
2478 3106 2710 3176 ἄσκησις
2727 3105 3013 3176 παρετάθη
3032 3149 3048 3172 ,
3084 3106 3181 3159 καὶ
3205 3103 3269 3158 τὸ
3295 3104 3403 3158 τῶν
3427 3104 3576 3158 ἑτῶν

301 3204 403 3257 fuit
447 3203 769 3256 exercitatio
823 3218 996 3272 usque
1029 3205 1095 3256 ad
1130 3203 1407 3271 octoginta
1458 3217 1655 3267 annos,
1708 3210 1764 3256 et
1800 3202 1880 3255 eis

1994 3197 2190 3270 πλῆθος
2226 3199 2414 3262 αὐτοῖς
2463 3197 2683 3269 πρῶθος
2719 3197 2949 3251 πλούτου
2983 3194 3355 3268 πνευματικοῦ
3402 3196 3573 3263 συνή-

299 3316 568 3355 annorum
615 3300 900 3355 multitudo
926 3296 1276 3367 congregavit
1305 3293 1701 3349 multitudinem
1737 3293 1878 3350 divi-

302 3393 501 3446 tiarum
555 3392 904 3463 Spiritalium.
936 3387 1040 3444 Per
1075 3405 1196 3460 qua:
1241 3389 1423 3443 omnia
1451 3388 1879 3458 cognoscebatur

299 3497 355 3543 et
387 3487 784 3558 praedicabatur
829 3483 1190 3548 Theodosius,
1232 3491 1286 3537 et
1315 3481 1364 3535 ei
1391 3493 1614 3535 aureum
1648 3495 1877 3535 conscr-

300 3581 530 3633 vabatur
564 3593 756 3649 genus,
806 3577 947 3648 quod
992 3578 1234 3642 honore,
1281 3574 1528 3644 inquam,
1561 3572 1874 3627 antecellit:

297 3687 396 3741 per
423 3685 543 3740 quae
564 3669 618 3723 ei
651 3669 1011 3738 implebantur
1037 3666 1249 3720 fructus
1271 3674 1325 3719 et
1354 3662 1630 3732 manipuli,
1663 3671 1876 3716 etmer-

298 3777 392 3817 ces
423 3761 740 3831 augebatur.
767 3759 840 3813 De
876 3772 1203 3828 unoquoque
1235 3771 1367 3826 ergo
1421 3769 1610 3809 eorum
1646 3753 1879 3807 libenter

298 3855 639 3907 meminisset
667 3851 867 3914 oratio,
900 3851 1002 3904 nisi
1044 3851 1436 3920 produceretur
1457 3847 1523 3900 ad
1555 3845 1879 3900 immodera-

299 3939 766 4010 tioncm.0portet
797 3954 928 4008 ergo
973 3940 1156 4008 paucis
1191 3939 1395 4004 dicere,
1447 3937 1652 3990 nullum
1709 3935 1879 3990 fuisse

298 4033 546 4087 relictum
585 4035 782 4097 locum,
814 4033 906 4102 qui
939 4046 1043 4086 non
1095 4031 1366 4086 commodi
1399 4039 1454 4086 et
1498 4028 1749 4084 utilitatis
1778 4029 1878 4083 ali-

296 4127 426 4196 quid
453 4141 519 4180 ex
539 4141 605 4180 eo
630 4126 702 4181 sit
733 4135 1084 4181 consecutus.
1829 4114 1836 4120 ’

366 4217 458 4272 40.
520 4216 814 4288 Postquam
871 4231 1002 4286 ergo
1042 4215 1203 4285 hujus
1249 4215 1354 4270 viri
1398 4213 1567 4270 divini
1602 4213 1744 4268 l'atna
1780 4228 1877 4284 per

295 4315 609 4369 universum
631 4314 821 4367 orbem
857 4321 1018 4366 terra!
1041 4309 1154 4381 jam
1188 4310 1534 4381 pervasisset,
1577 4321 1633 4364 et
1660 4309 1876 4365 virtutis

292 4406 568 4462 studiosas
600 4406 666 4458 ad
701 4403 1102 4459 seattraxisset
1155 4401 1405 4467 animas;
1444 4401 1598 4456 multi
1655 4399 1874 4470 quidem

291 4515 359 4554 ex
399 4497 680 4561 militibus,
713 4496 851 4552 bella
885 4496 1111 4552 multum
1143 4495 1324 4551 valere
1367 4494 1640 4564 jubentes,
1668 4493 1875 4549 refere-

1987 3296 2189 3368 θροισε.
2223 3295 2302 3348 Δι’
2329 3289 2404 3349 ὧν
2439 3295 2658 3348 πάντων
2697 3293 2975 3358 Θεοδόσιος
3003 3291 3332 3364 ἐγνωρίξετό
3383 3308 3444 3345 τε
3474 3293 3580 3346 καὶ

1987 3387 2338 3460 ἐκηρύττετο,
2381 3387 2477 3441 καὶ
2523 3387 2582 3441 τὸ
2610 3386 2845 3458 χρυσοῦν
2893 3385 3041 3457 αὑτῴ
3071 3384 3360 3448 διεσώζετο
3389 3384 3571 3453 γένος,

1984 3485 2118 3553 τιμῇ
2153 3481 2297 3551 λέγω
2322 3479 2384 3534 τὸ
2415 3483 2696 3550 κρεῖττον;
2720 3480 2787 3533 δι’
2812 3473 2888 3536 ὧν
2917 3477 3065 3548 αὐτῷ
3086 3480 3135 3532 οί
3154 3477 3358 3547 καρποὶ
3380 3477 3471 3529 καὶ
3501 3479 3579 3532 τὰ

1984 3576 2272 3648 δράγματα
2299 3575 2663 3645 ἐπληθύνοντο
2713 3574 2810 3627 καὶ
2845 3575 2872 3626 ό
2921 3572 3109 3643 μισθὸς
3166 3570 3386 3643 ηὔξανε.
3428 3571 3577 3640 Περὶ

1986 3670 2218 3722 ἑκάστου
2264 3666 2556 3737 τιιγαροῦν
2609 3667 2789 3720 αὐτῶν
2821 3666 2990 3736 ἡδέως
3037 3664 3339 3733 ἇνὸλόγος
3389 3664 3576 3735 ἐμνή-

1989 3763 2111 3833 σθη,
2131 3763 2181 3814 εί
2217 3760 2294 3831 μὴ
2315 3760 2449 3831 πρὸς
2470 3761 2735 3829 ἀμετρίαν
2768 3761 2931 3824 αὐτὸς
2963 3759 3332 3830 παρετείνετο.
3352 3760 3444 3811 Δεῖ
3472 3757 3575 3811 οὖν

1987 3851 2308 3914 συνελόντας
2338 3853 2534 3918 εἰπεῖν,
2567 3850 2649 3904 ὅτι
2701 3851 2836 3922 μηδέ
2893 3852 2992 3920 μία
3044 3849 3228 3920 σχεδὸν
3265 3847 3583 3923 ὑπελείφθη

1985 3945 2164 4015 χώρα,
2201 3945 2236 4016 ἢ
2265 3943 2340 4014 μὴ
2379 3943 2655 3998 ἀπέλαυσε
2683 3941 2783 4012 τῆς
2835 3941 3046 3996 ἐκεῖθεν
3093 3938 3415 4003 ἐπιστασίας
3445 3937 3576 4008 ἅμα

1985 4037 2081 4092 καὶ
2119 4037 2420 4108 ὠφελείας.

2058 4223 2133 4297 μ’.
2166 4223 2324 4278 Ἐπεὶ
2359 4222 2501 4276 οὖνὸ
2543 4222 2688 4287 θεῖος
2731 4221 2890 4286 οὗτος
2942 4220 3083 4293 ἀνὴρ
3119 4219 3210 4274 διὰ
3248 4219 3428 4288 πάσης
3460 4218 3570 4292 seu;

1983 4316 2082 4386 τῆς
2109 4316 2434 4385 οἰκουμένης
2481 4316 2549 4385 τῇ
2580 4316 2736 4385 φήμῃ
2767 4312 3030 4384 διέτρεχε,
3077 4313 3173 4365 καὶ
3198 4310 3297 4375 τὰς
3334 4309 3575 4380 etlaps-

1981 4425 2106 4472 τους
2137 4409 2418 4462 ἐπεσπᾶτο
2459 4405 2664 4478 ψυχάς,
2706 4407 2894 4460 πολλοὶ
2928 4407 3028 4476 μὲν
3069 4405 3178 4461 τῶν
3213 4405 3577 4474 στρατιωτῶν.

1984 4503 2155 4557 πολλὰ
2179 4503 2391 4575 χαίρειν
2422 4501 2696 4572 πολέμους
2735 4500 2985 4564 εἰπόντες
3027 4501 3107 4562 εἰς
3143 4497 3240 4568 τὴν
3269 4498 3420 4551 τοῦδε
3453 4497 3568 4565 φάο

293 4592 492 4646 hantur
514 4592 568 4645 in
600 4604 889 4644 numerum
911 4589 1032 4658 ejus
1060 4589 1341 4658 phalangis
1367 4606 1381 4644 :
1420 4587 1577 4642 multi
1609 4595 1790 4642 autem
1809 4601 1872 4642 el

1994 4598 2162 4664 λαγγα
2192 4593 2582 4664 μετετάττοντο
2608 4607 2623 4624 ⁸
2648 4590 2836 4644 πολλοὶ
2858 4590 2914 4644 δὲ
2937 4590 3032 4645 καὶ
3065 4588 3176 4644 τῶν
3203 4591 3262 4642 ἐν
3283 4587 3567 4658 ἀξιώμασι

293 4685 608 4754 iisquoque,
656 4683 749 4752 qui
799 4681 1052 4737 valebant
1081 4681 1366 4752 dignitate,
1393 4689 1452 4735 et
1495 4681 1731 4735 honores
1751 4679 1874 4734 fue-

1994 4685 2079 4739 καὶ
2102 4687 2290 4754 τιμαῖς
2325 4681 2707 4751 περιϐλέπτων
2743 4682 2803 4736 ἐν
2841 4680 2941 4750 ἴσῳ
2972 4679 3070 4733 καὶ
3102 4678 3338 4750 ὀνείροις
3381 4677 3567 4732 ταῦτα

292 4785 416 4830 rant
439 4778 741 4839 consecuti,
777 4774 892 4828 haec
923 4788 1030 4827 non
1066 4787 1227 4827 secus
1259 4782 1426 4841 atque
1451 4770 1660 4824 somnia
1691 4769 1874 4839 despi-

1994 4778 2506 4848 περιφρονήσαντες,
2554 4773 2588 4845 ἢ
2627 4771 2830 4843 μᾶλλον
2862 4771 2937 4836 ώς
2968 4771 3134 4837 ἄλλας
3177 4772 3431 4842 σειρῆνας
3463 4769 3576 4829 ἐπὶ,

288 4868 518 4932 cientes,
547 4877 641 4920 aut
663 4865 841 4934 potius
866 4874 926 4919 ut
963 4865 1098 4920 alias
1135 4865 1366 4927 sirenes,
1413 4878 1534 4932 qua:
1563 4862 1872 4917 demulcent

1994 4867 2136 4936 ιακῷ
2165 4865 2273 4919 τῶν
2297 4862 2677 4934 προσεχόντων
2699 4861 2999 4931 θελγούσας
3021 4861 3273 4930 ἀφέντες,
3295 4861 3401 4932 ὅλῳ
3432 4860 3570 4920 ποδὶ

287 4963 354 5014 ad
384 4973 595 5024 eorum,
614 4959 706 5028 qui
735 4972 828 5012 eas
860 4959 1162 5023 attendunt,
1215 4955 1466 5020 exitium,
1513 4955 1871 5019 dimittentes,

1994 4961 2115 5031 πρὸς
2143 4959 2307 5014 αὑτὸν
2338 4957 2600 5028 ἐχώρουν,
2642 4957 2741 5028 τὴν
2768 4956 2856 5010 διὰ
2881 4955 3118 5026 Χριστὸν
3147 4954 3364 5020 ἀδοξίαν
3379 4953 3563 5026 άληθῆ

290 5064 406 5107 ιοιο
433 5052 567 5123 pede
584 5053 650 5105 ad
679 5051 854 5121 ipsum
881 5050 1296 5116 contendebant,
1327 5057 1548 5120 propter
1572 5045 1870 5110 Christum,

1994 5051 2130 5118 ἱόξαν
2159 5053 2253 5106 καὶ
2275 5051 2509 5123 κρείττω
2527 5051 2622 5103 καὶ
2649 5048 2818 5121 αὐτῆς
2848 5043 2991 5103 εἶναι
3015 5050 3292 5121 βασιλείας
3337 5049 3566 5103 πιστεύ-

287 5144 644 5217 ignominiam
698 5157 880 5199 veram
922 5157 1044 5199 esse
1081 5143 1311 5214 gloriam
1345 5149 1402 5200 et
1439 5143 1556 5212 ipso
1591 5138 1752 5194 etiam
1787 5156 1873 5196 rc-

1994 5163 2168 5211 παντες
2183 5159 2199 5175 ⁶
2223 5143 2407 5199 πολλοὶ
2431 5142 2603 5197 δὲκαὶ
2625 5143 2734 5198 τῶν
2763 5147 2823 5198 ἐν
2851 5143 3069 5220 παιδεία
3083 5143 3295 5216 μεγάλα
3311 5142 3567 5214 λαμψὰν-

356 5375 609 5460 (Qiillic
641 5385 727 5433 est
749 5377 1089 5460 Sopltrottius
1115 5379 1224 5460 ille.
1247 5379 1401 5449 cujus
1427 5381 1640 5460 legatus
1685 5380 1856 5460 Ilesy_-
1967 5384 2052 5460 nis
2086 5379 2303 5460 Moschi
2355 5379 2695 5460 Theodosius
2749 5378 2970 5460 quidam
3015 5377 3564 5460 creatusepiscnpus

284 5446 637 5522 chiusjlmjus
685 5446 999 5522 monasterii
1043 5446 1338 5522 presbyter,
1380 5446 1572 5522 pro-eo
1616 5446 1861 5508 interfuit
1969 5452 2342 5518 Capitoliadis,
2399 5452 2466 5506 de
2504 5451 2711 5522 quoin
2748 5446 2936 5522 ⁸Ριῃιο
2984 5446 3371 5522 spirituali,_c.
3431 5446 3559 5499 ltt9.

286 5515 1131 5593 synodo_Constantinopolita'uat
1159 5515 1510 5593 su'b‘Meima.
1539 5521 1863 5591 Deutroque
1972 5515 2109 5593 Tres
2181 5523 2423 5592 episcopi
2505 5515 2762 5576 morienti
2840 5517 3146 5575 Theodosio
3220 5515 3557 5583 adfuerunt,

282 5585 465 5662 actum
511 5590 564 5643 in
597 5585 899 5662 Prolegom.
939 5588 1054 5645 Sub
1091 5590 1194 5662 hgc
1247 5591 1554 5662 SOphronio
1606 5602 1700 5644 aut
1752 5585 1856 5644 non
1968 5608 2022 5644 ιι.
2057 5590 2146 5662 84.

283 5661 457 5739 multo
474 5669 624 5739 post,
651 5656 1101 5739 hanchistoriam
1121 5660 1180 5717 S.
1207 5656 1497 5718 Theodosii
1528 5662 1854 5731 descriptam
1999 5661 2159 5739 __(25)_
2182 5662 2562 5739 l’rmeratrum
2682 5657 2846 5739 Saba,
2869 5673 2932 5713 ex
2962 5656 3346 5739 criminissione
3373 5656 3564 5736 Salus-

282 5725 650 5809 ex‘snn‘bjuncta
685 5730 842 5809 laude
871 5730 1208 5809 subditorum
1243 5742 1552 5809 pqtamus._
1677 5725 1725 5809 ι’
1972 5725 2313 5809 tii'episcopi
2368 5725 2842 5809 [liernsntymitani
2875 5769 2889 5793 ,
2934 5725 3165 5809 reliquis
3189 5727 3556 5789 circumcirca

284 5867 298 5879 _
345 5799 466 5879 βε)
497 5797 941 5879 E_x_hislulianu_s
967 5797 1256 5879 cpiscopus
1279 5797 1606 5879 Bostrensis,
1660 5801 1731 5879 de
1755 5817 1862 5869 quo
1971 5797 2333 5858 monasteriis.
2377 5803 2504 5857 Vide
2535 5797 2944 5872 Prolcgomcna,
2968 5799 2996 5872 §
3020 5799 3079 5857 5ο

355 5818 466 5867 μα)
497 5818 572 5850 ω
597 5818 941 5856 ιιιειυιιειιιιε
967 5819 993 5853 ει
1041 5818 1252 5873 iscopus
1279 5818 1606 5863 nostrensis,
1660 5818 1726 5855 ac
1755 5818 1861 5869 quo

251 5867 423 5925 -infra
451 5886 502 5925 tt.
529 5868 589 5923 Ἠ
627 5879 679 5926 ct
723 5885 882 5939 supra
913 5873 966 5927 ιιι
997 5818 1302 5946 ΒιοΙι-εθιιι.
1337 5875 1410 5930 Ita
1444 5885 1683 5947 tempore
1703 5869 1861 5928 Joan-

3399 5997 3454 6006 ες,
3465 6001 3530 6012 -N
