3886 6488
260 443 370 510 50')

1225 445 1402 505 VITA
1441 444 1507 507 S.
1546 441 1961 506 THEODOSII
1996 440 2598 505 (ἶίΕΝΟΒῙΛΡιΟΗίΕ.

3417 433 3523 500 510

257 573 372 611 των
400 553 617 626 βίϐλους
650 545 726 608 ὧν
759 551 1049 624 ἐξείχοντο,
1087 553 1337 624 καθάπερ
1393 553 1558 608 τινῶν
1590 554 1837 624 μαζῶνῆ
1871 601 1877 614 η

1981 568 2048 609 no
2072 553 2345 608 meliorem
2368 544 2674 606 credentes.
2705 548 2852 604 Multi
2898 558 3080 605 autem
3132 562 3197 603 ex
3223 546 3290 603 iis
3309 561 3528 618 quoque

262 646 486 722 πηγῶν,
519 646 554 718 ἢ
589 644 666 710 ὡς
698 645 1096 716 ἰντρυφήματα
1115 644 1235 698 λίαν
1264 645 1480 716 ἣδιστα,
1517 647 1552 718 ἢ
1583 644 1658 708 ὡς
1712 644 1840 697 θεά·

266 757 419 809 ματα
443 737 632 793 κάλλει
674 737 939 792 κάλλιστα
976 737 1321 808 παριδόντες,
1374 738 1672 808 ἠγάπησαν
1705 736 1845 807 μᾶλ-

263 833 359 888 λον
386 832 496 886 τῶν
525 831 908 901 εἰσαγωγικῶν
939 831 1226 903 στοιχείων
1270 831 1372 899 τῆς
1415 832 1558 885 κατά
1609 829 1845 902 Χριστὸν

265 925 502 994 ἀγωγῆς
534 923 799 994 ἀῲασθαι,
827 923 1057 996 κρότους
1085 939 1145 976 τε
1175 923 1270 977 καὶ
1327 921 1640 986 πολιτικοὺς
1689 921 1848 975 ἐπαί-

266 1034 396 1079 νους
433 1016 795 1080 ἀπολιπόντες
849 1013 1202 1089 ἀνθρωπίνης
1241 1014 1424 1086 πάσης
1480 1015 1694 1083 σοφίας,
1745 1013 1847 1082 τὴν

265 1108 359 1161 διὰ
389 1106 627 1177 Χριστὸν
643 1106 855 1178 μωρίαν
880 1105 1375 1178 προτετιμήκασιν·
1405 1101 1487 1168 οἷς
1516 1089 1638 1159 λίαν
1660 1108 1851 1178 ἐπιτη-

264 1198 425 1260 δείως
447 1199 475 1250 ὁ
503 1196 705 1266 ἀγαθὸς
735 1190 897 1261 αὖτος
924 1197 1123 1266 εχρῆτο
1154 1195 1378 1267 ποιμὴν,
1395 1198 1509 1259 τοῖς
1560 1196 1659 1266 μὲν
1692 1197 1852 1250 ἀσθε-

267 1290 560 1361 νεστέροις
621 1288 901 1359 κουφίζων
962 1290 1089 1351 τοὺς
1151 1288 1373 1354 πόνους,
1400 1291 1512 1352 τοῖς
1565 1289 1853 1358 ἀκμαιοτέ-

272 1401 388 1456 ροις
415 1385 472 1438 δὲ
503 1384 596 1437 τὸν
637 1383 882 1452 κάματον
910 1381 1346 1447 πλεονάζων,ὠς
1373 1383 1512 1452 μήτε
1545 1381 1606 1434 τὸ
1627 1381 1852 1446 ἀσθενὲς

272 1477 646 1546 ἀπαγορεύειν
677 1479 743 1547 τῇ
773 1475 1033 1548 ἀμετρίᾳ,
1070 1477 1208 1546 μήτε
1243 1474 1303 1527 τὸ
1350 1473 1573 1544 ἰσχυρὸν
1611 1471 1856 1543 ὑϐρίζειν

270 1570 333 1622 οὐ
363 1567 712 1636 πιεζόμενον,
763 1567 901 1638 πρὸς
931 1568 1144 1630 πάντας
1180 1565 1476 1618 ποικίλλων
1515 1563 1710 1617 ἑαυτὸν
1757 1562 1857 1618 καὶ

272 1660 622 1729 πνευματικῇ
658 1658 820 1729 σοφίᾳ
875 1656 1370 1727 μεταϐαλλόμενος,
1418 1655 1478 1707 οὐ
1525 1652 1705 1723 ῥάϐδῳ
1735 1667 1857 1704 παι-

271 1754 467 1818 δεύων,
522 1752 660 1806 ἀλλὰ
716 1751 860 1821 λόγῳ
892 1749 1283 1818 παιδαγωγῶν,
1315 1747 1460 1818 λόγῳ
1496 1747 1652 1800 ἀλατι
1688 1747 1858 1817 ὴρτυο

277 1845 424 1916 μένῳ
447 1843 740 1913 ἁπτομένῳ
765 1858 827 1894 τε
854 1840 954 1910 τῆς
987 1840 1186 1911 ψυχῆς,
1244 1840 1338 1892 καὶ
1365 1836 1724 1907 διικνουμένῳ
1761 1834 1860 1904 μέ-

275 1909 368 2009 ᾇρι
395 1909 492 1990 καὶ
523 1909 723 2006 βάθους
744 1933 854 1987 τῶν
877 1909 974 1986 τοῦ
1004 1909 1098 1986 voti
1124 1909 1475 2002 κινημάτων,
1502 1929 1578 1991 ὡς
1628 1929 1695 1982 ἂν
1745 1927 1855 1981 ἀπὸ
1889 1909 1930 1963 Β

275 2030 379 2100 τῆς
407 2029 516 2084 τῶν
561 2028 740 2100 ἔργων
771 2026 1092 2098 παρρησίας
1128 2025 1229 2096 τὴν
1282 2023 1434 2093 ἰσχὺν
1477 2021 1638 2092 ἔχων.
1671 2020 1861 2090 Ταύτῃ

275 2140 362 2176 τοι
396 2124 491 2177 καὶ
527 2119 862 2193 παρακαλῶν
895 2117 1112 2181 πολλοῖς
1157 2115 1391 2188 φοϐερὸς
1419 2110 1510 2187 ἧν,
1541 2115 1637 2169 καὶ
1687 2114 1837 2168 ἑπιτι

283 2213 404 2285 μῶν
432 2214 529 2269 καὶ
560 2212 808 2277 ποθεινὸς
832 2212 928 2266 καὶ
955 2210 1084 2282 ἡδὺς
1115 2210 1175 2262 ὲν
1209 2207 1402 2270 ἅπασι,

1943 647 2036 717 qui
2061 653 2221 700 erant
2266 643 2506 711 insignes
2544 642 2874 708 eruditione,
2917 643 3083 697 libros
3106 642 3307 712 quibus
3339 641 3528 695 adlim-

1948 738 2160 801 rebant,
2197 746 2450 806 tanquam
2511 735 2784 805 aliquibus
2827 734 3088 789 uberibus
3126 745 3219 789 aut
3261 732 3530 799 fontibus,

1950 827 2034 882 vel
2070 837 2328 896 tanquam
2372 825 2803 896 iucundissimas
2863 826 3206 895 voluptates,
3265 825 3348 878 vel
3409 835 3532 878 tan-

1948 932 2114 988 quam
2151 914 2516 986 pulcherrima
2563 913 2871 982 spectacula
2913 913 3278 982 despicantes,
3318 911 3533 964 malue-

1952 1017 2076 1062 runt
2103 1006 2370 1078 attingere
2409 1003 2787 1060 institutiones
2809 1001 3200 1057 elementorum
3225 1002 3371 1064 vitae,
3414 1014 3536 1068 qme

1951 1114 2017 1156 es
2035 1099 2251 1156 Christo
2278 1099 2458 1168 agitur
2489 1115 2505 1166 ;
2547 1096 2866 1165 relictisque
2900 1096 3178 1163 plausibus
3204 1105 3256 1150 et
3287 1092 3537 1148 laudibus

1953 1192 2222 1259 civilibus,
2250 1192 2498 1246 humanae
2521 1190 2802 1262 sapientia:
2836 1189 3188 1258 praetulerunt
3225 1202 3369 1253 eam,
3416 1200 3536 1254 qua

1953 1295 2037 1340 est
2060 1296 2280 1356 propter
2299 1285 2599 1348 Christum,
2649 1283 2956 1338 stultitiam.
2999 1281 3206 1348 Quibus
3247 1280 3537 1335 admodum

1957 1389 2081 1450 apte
2099 1393 2229 1434 usus
2252 1375 2354 1430 fuit
2387 1377 2474 1431 hic
2494 1376 2669 1431 bonus
2701 1384 2906 1444 pastor,
2943 1371 3388 1427 imbecillioribus
3419 1370 3539 1438 qui-

1956 1471 2078 1525 dem
2117 1469 2330 1524 labores
2361 1468 2620 1530 allevans,
2652 1480 2858 1535 augens
2888 1475 3067 1520 autem
3115 1463 3541 1528 robustioribus;

1958 1563 2095 1617 adeo
2129 1569 2188 1616 ut
2216 1575 2390 1630 neque
2420 1558 2768 1614 imbecillitas
2794 1557 3194 1627 opprimeretur
3216 1554 3545 1610 immodera-

1960 1651 2126 1715 tione,
2167 1667 2346 1721 neque
2378 1651 2521 1705 vires
2562 1648 2954 1705 insolescerent
2982 1651 3028 1700 si
3068 1662 3176 1700 non
3220 1644 3547 1713 comprime-

1959 1755 2148 1800 rentur
2169 1761 2184 1812 ;
2204 1758 2330 1813 erga
2359 1757 2550 1798 omnes
2591 1743 2831 1812 seipsum
2861 1740 3078 1794 varians
3108 1749 3160 1794 et
3198 1746 3412 1792 mutans
3441 1736 3547 1806 spi-

1963 1836 2103 1891 ritali
2145 1835 2412 1904 sapientia
2446 1852 2458 1890 :
2490 1849 2596 1889 non
2631 1834 2780 1904 virga
2823 1833 3122 1900 castigans,
3151 1831 3243 1884 sed
3293 1842 3546 1884 sermOne

1962 1927 2274 1985 instituens.
2309 1939 2562 1983 sermone
2620 1925 2735 1980 sale
2787 1923 3037 1988 condito,
3075 1931 3128 1977 et
3164 1920 3258 1990 qui
3308 1920 3546 1974 animam

1967 2019 2306 2090 penetrabat,
2335 2033 2401 2074 ac
2445 2017 2778 2088 pervadebat
2803 2014 3052 2086 usquead
3082 2011 3406 2083 profundum
3427 2027 3547 2065 mo-

1966 2122 2120 2168 tuum
2158 2110 2378 2176 mentis,
2409 2119 2470 2165 ut
2509 2110 2602 2180 qui
2647 2109 2756 2164 vim
2799 2109 3025 2164 haberet
3073 2122 3138 2161 ex
3187 2107 3300 2175 ipsa
3327 2120 3549 2174 operum

1969 2204 2186 2259 fiducia.
2219 2203 2291 2258 Ea
2313 2203 2521 2258 ratione
2549 2209 2605 2255 et
2631 2200 2942 2266 consolans,
2971 2207 3092 2256 erat
3122 2214 3172 2253 ιιι
3191 2197 3519 2252 ultisterribi

1967 2297 2071 2363 lis;
2105 2306 2160 2352 et
2212 2297 2523 2367 increpans,
2559 2293 2939 2352 desiderabilis
2976 2303 3032 2350 et
3055 2291 3328 2365 iucundus
3359 2291 3410 2346 in
3438 2305 3554 2347 om-

1969 2390 2149 2446 uibus.

1740 2526 1972 2584 CAPUT
2002 2528 2070 2586 Χ.

1337 2621 1520 2682 Sacra:
1543 2621 1658 2691 ejus
1686 2619 1934 2677 lectiones
1953 2631 2001 2676 et
2026 2619 2445 2679 exhortationes.

361 2754 472 2820 μα’.
508 2747 606 2813 Τίς
635 2745 780 2802 οὕτω
809 2745 906 2801 καὶ
934 2745 1049 2808 τοῖς
1083 2741 1299 2805 πολλοῖς
1323 2739 1532 2811 ὁμιλῶν
1575 2735 1872 2810 ὠφελιμώ-

2044 2740 2137 2796 sl.
2166 2739 2301 2808 Quis
2347 2741 2420 2796 ita
2457 2739 2583 2804 fuit,
2632 2747 2833 2794 etcum
2863 2737 3049 2793 multis
3078 2749 3428 2801 conversaris,
3454 2733 3561 2790 uti-

283 2859 470 2907 τατος,
505 2839 720 2905 καὶτὰς
743 2839 1028 2909 αἰσθήσεις
1051 2836 1410 2904 συναγαγεῖν,
1457 2832 1552 2888 καὶ
1609 2833 1741 2888 εἵσω
1770 2848 1874 2884 παο

1981 2832 2237 2899 Iissimus,
2272 2841 2329 2890 et
2364 2833 2434 2888 ad
2461 2847 2657 2888 sensus
2702 2830 3058 2900 colligendos,
3112 2840 3167 2883 et
3207 2830 3274 2883 ad
3322 2829 3560 2884 efﬁcien-

291 2934 632 3006 ρασκευάσαι
664 2932 840 2987 νεύειν
903 2932 1276 2998 ίκανὼτατοςς
1305 2929 1383 2994 ὡς
1417 2931 1476 2983 ὲν
1534 2927 1740 2982 πλείονι
1769 2944 1874 2995 γα-

1981 2926 2104 2981 dum
2142 2934 2202 2979 ut
2242 2925 2388 2980 intro
2415 2933 2886 2988 converterentur,
2922 2921 3274 2991 aptissimus?
3309 2922 3446 2976 adeo
3500 2929 3560 2974 ut

289 3026 428 3099 λήνη
446 3025 636 3080 τοῦτον
661 3026 720 3079 ὲν
751 3024 899 3096 μέσῳ
930 3022 1204 3094 θορύϐων,
1234 3022 1268 3094 ἢ
1294 3023 1422 3085 τοὺς
1449 3024 1506 3076 ὲν
1536 3021 1732 3094 ἰρήμῳ
1755 3020 1874 3074 δια-

1981 3017 2024 3074 is
2061 3021 2116 3072 in
2147 3015 2342 3087 majori
2373 3025 2519 3074 esset
2553 3016 2954 3087 tranquillitate
2997 3014 3048 3068 in
3095 3012 3287 3068 mediis
3323 3013 3566 3068 tumulti-

290 3117 490 3184 τελεῖν,
526 3118 621 3172 καί
653 3117 770 3187 ἃμα
805 3117 897 3177 τὸν
925 3115 1088 3169 αὐτὸν
1143 3115 1282 3186 μετά
1334 3113 1576 3182 πλήθους
1623 3128 1685 3170 τε
1727 3105 1872 3169 εἶναι

1981 3111 2104 3179 bus,
2126 3123 2292 3179 quam
2327 3107 2366 3164 ii
2435 3111 2525 3178 qui
2551 3116 2678 3162 sunt
2715 3108 2768 3162 in
2792 3107 3118 3173 solitudine;
3143 3117 3196 3160 et
3227 3107 3367 3160 idem
3401 3107 3564 3161 simul

293 3211 392 3265 καὶ
415 3209 654 3276 ίδιάζειν,
687 3210 783 3264 καὶ
828 3209 890 3262 τὸ
921 3208 1020 3278 μὲν
1053 3206 1324 3260 ποιεῖσθαι
1353 3204 1464 3259 τῶν
1495 3205 1692 3269 ἄλλων,
1717 3202 1781 3258 τὸ
1819 3201 1876 3257 δὲ

1981 3215 2130 3260 esset
2162 3211 2218 3260 et
2249 3218 2375 3259 cum
2407 3201 2775 3268 multitudine,
2830 3210 2885 3256 et
2949 3211 3272 3270 separatus;
3325 3209 3381 3256 et
3432 3201 3563 3256 illud

294 3303 504 3359 οἰκείαν
534 3303 825 3372 ὠφέλειαν,
852 3301 1054 3371 μᾶλλον
1089 3300 1148 3354 δὲ
1175 3299 1386 3353 οἰκείαν
1424 3298 1495 3353 δι’
1525 3297 1876 3369 ἀμφοτέρων,

1981 3295 2204 3368 quidem
2233 3294 2376 3362 aliis,
2430 3296 2534 3350 hoc
2573 3308 2703 3348 vero
2729 3293 2830 3350 sibi
2865 3293 3084 3347 atl‘erret
3133 3293 3448 3361 utilitatem,
3480 3295 3566 3348 vel

296 3397 459 3468 εἰπερ
494 3397 601 3468 ἄρα
631 3396 692 3450 τὸ
736 3395 846 3449 τῶν
896 3394 1125 3465 πλησίον
1168 3392 1423 3461 ὠφελεῖν,
1476 3391 1668 3445 ἑαυτὸν
1725 3391 1876 3443 ἐστὶν

1982 3404 2139 3444 suam
2170 3389 2351 3458 patius
2381 3403 2478 3458 per
2510 3397 2840 3456 utrumque;
2869 3387 3137 3455 siquidem
3169 3385 3362 3454 jnvare
3383 3385 3568 3454 proxi-

294 3491 531 3559 ὠφελεῖν
564 3489 842 3560 ἄντικρυς.
883 3491 949 3542 Ὃ
978 3487 1036 3543 δὲ
1087 3485 1181 3540 καὶ
1230 3485 1526 3556 σύγχρονον
1576 3483 1726 3552 αὑτῷ
1782 3483 1877 3553 τῆς

1987 3497 2156 3546 mum,
2187 3491 2271 3538 est
2298 3490 2487 3551 aperte
2518 3479 2713 3549 juvare
2762 3481 3017 3550 seipsum.
3077 3478 3230 3544 Quod
3279 3490 3459 3532 autem
3514 3487 3570 3532 et

297 3584 469 3654 ζωῆς,
500 3583 596 3638 καὶ
623 3575 733 3636 οἷον
764 3580 1062 3650 ἀναγκαῖόν
1098 3596 1151 3633 τι
1182 3579 1278 3633 καὶ
1327 3576 1414 3630 ἀεὶ
1468 3575 1877 3645 παρεπόμενον,

1987 3574 2287 3642 permansit
2329 3587 2454 3628 cum
2484 3587 2550 3627 eo
2599 3581 2711 3626 toto
2746 3570 2873 3624 vitae
2901 3586 3014 3625 sum
3064 3581 3328 3639 tempore,
3381 3580 3436 3625 et
3487 3582 3571 3627 est

298 3679 334 3746 ἡ
360 3675 473 3730 τῶν
517 3675 678 3729 θείων
715 3673 915 3742 λογίων
948 3672 1255 3738 ἀνάγνωσις
1284 3663 1371 3738 ἦν,
1394 3666 1461 3738 ἣν
1485 3668 1545 3719 οὐ
1572 3667 1784 3737 χρόνος,
1818 3665 1877 3718 οὺ

1991 3665 2154 3721 veluti
2193 3665 2562 3721 necessarium
2593 3664 2799 3733 aliquid
2849 3673 2904 3719 et
2960 3677 3176 3732 smnper
3203 3676 3567 3734 consequens,

297 3770 479 3832 νόσος,
532 3768 594 3821 οὐ
632 3767 832 3836 γῆρας,
882 3765 986 3824 οὐκ
1027 3763 1156 3818 ἀλλο
1220 3780 1272 3816 τι
1308 3761 1418 3814 τῶν
1472 3759 1877 3830 συμϐαινόντων

1989 3766 2112 3812 erat
2133 3755 2439 3811 divinorum
2467 3755 2628 3810 lectio
2653 3753 2993 3823 eloquiorum
3027 3773 3040 3807 :
3082 3770 3242 3822 quam
3292 3769 3398 3807 non
3426 3765 3571 3808 tem-

299 3864 586 3916 διέκοπτεν
607 3877 620 3891 ⁸
657 3859 792 3914 ἀλλά
823 3859 918 3913 καί
944 3858 1187 3919 ἀσθενῶς
1226 3855 1426 3925 ἔχοντι,
1485 3854 1580 3908 καὶ
1612 3852 1714 3924 ήδη
1746 3850 1877 3922 πρὸς

1992 3861 2112 3916 pus,
2168 3861 2273 3900 non
2321 3846 2563 3911 morbus,
2597 3860 2704 3899 non
2737 3844 2971 3905 senimn,
3006 3859 3111 3896 non
3160 3842 3362 3911 aliquid
3425 3843 3570 3896 aliud

301 3956 483 4026 γῆρας
506 3954 736 4024 ἔσχατον
763 3953 975 4022 ἥκοντι,
1007 3950 1100 4005 καὶ
1131 3949 1264 4020 μηδὲ
1298 3948 1549 4019 προιέναι
1575 3945 1669 4001 τοῦ
1694 3944 1877 3998 λοιποῦ

1992 3953 2062 3994 ex
2109 3938 2200 4004 iis,
2239 3953 2360 4008 qua:
2407 3938 2686 4000 accidunt,
2728 3937 3038 4006 interrupit.
3067 3934 3206 4001 Quin
3242 3936 3405 3989 etiam
3447 3949 3570 3989 cum

303 4025 518 4116 δυνατῷ
545 4045 680 4110 ὄντι,
716 4045 751 4114 ἡ
783 4042 960 4113 βίϐλος
983 4043 1040 4094 ὲν
1069 4039 1256 4110 χερσὶν
1275 4035 1366 4109 ἦν,
1393 4039 1487 4096 καὶ
1509 4039 1661 4091 πόνοι
1688 4037 1877 4098 πόνους

1987 4028 2100 4098 iam
2127 4035 2275 4084 esset
2312 4027 2620 4094 imbecillis,
2666 4035 2720 4081 et
2749 4025 2860 4095 jam
2893 4027 2960 4081 ad
3007 4038 3304 4080 extremam
3337 4025 3574 4079 venisset

307 4137 507 4192 ἐνίκων
535 4137 661 4199 τοὺς
693 4133 788 4188 τοῦ
811 4135 1038 4204 γήρους,
1061 4133 1226 4202 φημὶ,
1255 4131 1350 4188 καί
1376 4131 1474 4201 τῆς
1497 4128 1805 4202 ἀρρωστίας
1837 4127 1877 4180 οι

1995 4130 2360 4184 senectutem,
2392 4133 2493 4176 nec
2519 4120 2587 4174 de
2609 4126 2806 4175 cauere
2827 4129 3011 4189 posset
3036 4116 3268 4186 amplius
3299 4117 3576 4188 progredi,

307 4231 413 4300 τῆς
446 4229 676 4301 μελέτης
702 4245 718 4260 -
762 4225 845 4296 ἐφ’
885 4225 978 4288 οὓς
1003 4224 1105 4293 τῆς
1159 4223 1374 4295 ἡμέρας
1424 4222 1500 4293 μὴ
1530 4218 1887 4293 ἐξαρκούσης,
1948 4285 1950 4288 ,

308 4320 378 4375 το
403 4320 618 4391 ἐκείνης
649 4318 766 4389 φῶς
791 4320 820 4374 ὁ
847 4317 1041 4385 λύχνος
1071 4318 1129 4369 ὲν
1159 4315 1312 4380 νυξὶν
1340 4315 1678 4386 ἀνεπλήρου.

1998 4213 2135 4268 liber
2169 4222 2294 4268 erat
2321 4213 2375 4268 in
2411 4211 2684 4278 manibus,
2709 4220 2766 4267 el.
2813 4211 3166 4266 vincebantur
3194 4209 3406 4262 labores
3433 4223 3462 4263 a
3500 4207 3578 4261 Ia-

2000 4309 2260 4375 boribus;
2299 4325 2328 4364 a
2359 4307 2753 4370 meditationis,
2787 4307 3033 4377 inquam,
3066 4305 3340 4359 laboribus
3363 4303 3578 4357 labores

314 4417 616 4472 senectutis
645 4424 701 4469 et
750 4410 1163 4468 imbecillitatis.
1194 4409 1274 4462 Ad
1314 4423 1450 4478 quos
1471 4421 1596 4462 cum
1631 4407 1747 4462 dies
1794 4417 1902 4459 non
1941 4401 2238 4470 sufﬁceret,
2276 4400 2420 4458 illius
2450 4398 2627 4456 lucem
2687 4398 2910 4454 lucerna
2939 4395 3226 4466 supplebat
3287 4395 3342 4450 in
3403 4392 3578 4447 nocti-

315 4516 439 4570 bus.

394 4606 502 4677 μβθ.
548 4604 703 4659 Ἑπεί
727 4602 786 4656 δὲ
821 4602 916 4654 καλ⁸
948 4601 1236 4673 ἄνθρωπον
1267 4597 1398 4652 ὄντα
1427 4595 1533 4655 ἔδει
1573 4595 1774 4665 δήποτε
1801 4591 1877 4646 κα¹

2070 4586 2161 4642 42.
2195 4582 2462 4652 Quoniam
2492 4588 2673 4635 autem
2701 4593 2845 4647 cum
2875 4585 3020 4633 esset
3069 4575 3256 4640 homo,
3287 4574 3581 4641 oportebat

314 4701 520 4768 καμεῖν
552 4697 647 4750 καὶ
704 4695 840 4765 πρὸς
889 4695 1016 4756 τοὺς
1056 4691 1286 4753 πολλοὺς
1337 4688 1446 4742 τῶν
1476 4687 1655 4741 πόνων
1685 4687 1897 4750 ἀπαγο-

321 4790 539 4863 ρεῦσαι,
568 4787 670 4858 οὐχ
707 4783 822 4856 εἶχε
854 4787 952 4856 μὲν
974 4784 1116 4838 ὥστε
1150 4784 1244 4836 καὶ
1273 4781 1462 4853 ᾅδουσι
1500 4780 1613 4841 τοῖς
1647 4775 1899 4845 ἀδελφοῖς

319 4883 520 4946 νυκτὸς
575 4882 943 4951 συμπαρεῖναι
974 4878 1069 4931 καὶ
1119 4877 1221 4929 ὅσα
1271 4874 1354 4927 δεῖ
1396 4871 1718 4941 παραινεῖν·
1759 4869 1788 4921 ὁ
1840 4865 1898 4920 δὲ

322 4979 401 5049 τῷ
431 4977 684 5047 ὑπηρέτῃ
731 4974 834 5026 ὅσα
871 4970 968 5024 καὶ
1029 4968 1245 5038 γλώττῃ
1301 4964 1605 5036 χρώμενος,
1637 4960 1710 5028 ,ὃς
1753 4956 1902 5027 αὐτῷ

323 5074 467 5126 κατὰ
495 5072 686 5142 χεῖρας
743 5068 806 5120 τὸ
835 5065 980 5136 ὕδωρ
1027 5061 1263 5132 ἐπιχέων
1307 5055 1397 5130 ἦν,
1427 5055 1494 5110 δι’
1531 5055 1738 5109 ἐκείνου
1769 5050 1904 5122 δῆλα

321 5167 439 5228 τοῖς
489 5162 744 5230 ἀδελφοῖς
793 5158 1048 5226 καθίστη,
1098 5155 1183 5218 τίς
1235 5169 1296 5206 τε
1345 5153 1376 5205 ό
1423 5149 1523 5218 τῆς
1552 5145 1696 5217 ᾠδῆς
1722 5142 1904 5214 ἄρξων

325 5259 504 5322 ἔσται,
536 5255 631 5309 καί
645 5253 729 5318 τίς
767 5254 796 5306 ὁ
821 5251 922 5320 τὴν
946 5248 1254 5315 ἀνάγνωσιν
1281 5242 1611 5313 καθημένοις
1643 5236 1904 5306 ποιήσων,

327 5353 423 5410 καὶ
446 5351 532 5414 τίς
551 5351 579 5406 ό
598 5347 690 5403 τοῦ
717 5345 880 5419 χοροῦ
910 5343 1274 5415 ἡγησόμενος.
1299 5335 1483 5390 Ταῦτα
1506 5334 1564 5386 δὲ
1589 5331 1684 5386 δύο
1700 5329 1909 5384 τούτων

327 5448 492 5520 χάριν
523 5445 719 5511 ἐποίει,
743 5441 841 5496 καὶ
854 5439 1004 5510 αὐτῷ
1028 5437 1127 5508 μὲν
1153 5430 1294 5488 εἶναι
1324 5431 1426 5500 τὴν
1448 5427 1757 5520 ἀγρυπνίαν
1781 5441 1909 5479 συν-

329 5518 432 5612 Axi;
462 5535 856 5610 μηχανώμενος
874 5573 890 5598 ,
916 5530 1145 5593 ἐκείνοις
1190 5527 1249 5580 δὲ
1281 5522 1373 5578 τὸν
1392 5521 1595 5576 κανόνα
1610 5518 1724 5612 τῆς
1747 5535 1914 5571 πνευ-

338 5609 579 5707 deﬁxa;
602 5623 946 5697 λειτουργίας
987 5619 1296 5692 ἀμέμπτως
1324 5611 1713 5670 ἐπιτελεῖσθαι.
1750 5609 1916 5663 Ἀλλά

333 5701 534 5790 νυκτὸς
578 5723 680 5795 μὶν
725 5716 929 5774 οὑτωσὶ
991 5713 1070 5786 τῷ
1107 5709 1334 5785 μεγάλῳ
1379 5708 1450 5761 τὰ
1481 5701 1918 5774 ἐκκλησιαστικά

338 5816 804 5890 παραγγέλματα,
839 5809 1054 5881 ἡμέρας
1083 5806 1142 5860 δὲ
1181 5799 1497 5873 προσιόντες
1527 5795 1675 5867 αὐτῷ
1698 5797 1748 5848 οἰ
1775 5796 1917 5850 κατά

346 5913 561 5986 πνεῦμα
583 5907 931 5990 γεννηθέντες
955 5903 1058 5962 viai
1081 5899 1177 5964 τὰς
1207 5895 1504 5972 ἐρωτήσεις
1531 5890 1635 5960 ἰδία
1655 5886 1914 5957 λογισμοῦ

2003 4692 2127 4733 eum
2149 4689 2272 4730 esse
2295 4671 2480 4728 multis
2516 4669 2788 4724 defessum
2814 4676 2870 4722 et
2910 4666 3237 4722 exhaustum
3278 4661 3582 4727 laboribus,

2004 4782 2112 4824 non
2147 4771 2359 4836 poterat
2385 4763 2605 4834 quidem
2633 4770 2795 4816 noctu
2832 4773 2940 4814 una
2987 4771 3108 4812 esse
3146 4769 3272 4809 cum
3326 4753 3584 4808 fratribus

2003 4846 2350 4924 canentibus,
2375 4865 2431 4910 et
2465 4855 2761 4910 admonere
2794 4866 2916 4921 quae
2941 4847 3222 4919 oportebat
3261 4862 3276 4900 :
3332 4844 3585 4898 ministro

2007 4963 2187 5008 autem
2214 4960 2469 5020 tanquam
2502 4948 2684 5015 lingua
2713 4954 2893 5009 utens,
2915 4941 3005 5012 qui
3032 4939 3080 4994 ei
3111 4937 3368 4993 fundebat
3389 4951 3586 5006 aquam

2008 5046 2282 5108 manibus,
2314 5058 2410 5112 per
2435 5056 2558 5095 eum
2587 5035 2930 5108 significabat
2953 5033 3230 5095 fratribus,
3258 5042 3314 5086 et
3335 5029 3584 5099 quisnam

2012 5145 2160 5193 esset
2217 5124 2494 5192 canticum
2553 5131 2893 5201 incepturus,
2928 5136 2984 5182 et
3038 5125 3289 5197 quisnam
3345 5120 3588 5177 facturus

2012 5230 2301 5285 lectionem
2357 5225 2694 5289 sedentibus,
2745 5231 2800 5278 et
2835 5221 2958 5293 quis
3019 5220 3248 5275 chorum
3299 5215 3584 5270 ducturus.

2014 5323 2140 5378 llaec
2164 5331 2364 5376 autem
2400 5317 2638 5372 faciebat
2668 5315 2753 5371 bis
2804 5313 3016 5369 duabus
3048 5313 3115 5366 de
3153 5307 3356 5374 causis,
3399 5314 3458 5359 et
3483 5302 3589 5360 sibi

2013 5415 2230 5484 quidem
2263 5409 2577 5482 providens,
2608 5419 2667 5462 ut
2710 5407 2929 5463 assidue
2961 5402 3235 5473 vigilaret,
3267 5410 3322 5453 et
3371 5397 3498 5459 illis,
3529 5405 3590 5448 ut

2017 5505 2257 5576 regulam
2307 5499 2571 5571 spiritalis
2602 5497 2763 5554 oliicii
2793 5502 3081 5552 servarent
3124 5491 3261 5545 citra
3303 5488 3464 5541 ullam
3512 5498 3593 5537 re-

2019 5597 2465 5669 prehensionem.
2516 5591 2624 5648 Sed
2683 5597 2844 5646 noctu
2876 5589 2993 5643 haec
3031 5583 3251 5654 quidem
3280 5578 3354 5634 illi
3397 5589 3593 5646 magno

2019 5705 2176 5752 erant
2221 5695 2490 5765 praecepta
2538 5683 2948 5747 ecclesiastica;
3019 5677 3256 5733 interdiu
3296 5682 3474 5728 autem
3522 5669 3596 5724 ad

2021 5807 2141 5846 cum
2173 5762 2520 5844 accedentes,
2547 5780 2637 5848 qui
2670 5785 2826 5833 erant
2854 5790 2919 5830 es
2956 5770 3152 5842 spiritu
3176 5767 3227 5823 ei
3257 5764 3422 5836 geniti
3471 5762 3592 5830 lilii,

2023 5897 2142 5936 eunt
2173 5891 2417 5934 seorsum
2472 5870 2875 5940 intetrngabanl
2927 5872 3148 5935 promer
3190 5855 3591 5931 cogitationem,
