3886 6500
404 355 512 422 515

1621 354 1903 417 MENSIS
1939 353 2396 418 JANUARIUS.

3539 351 3647 417 516

401 485 491 525 tuo
527 467 640 540 (Ξῖ)
674 475 851 524 autem
888 468 1052 525 rebus
1084 467 1186 525 luit
1220 470 1471 540 cognitus
1501 485 1724 540 campus
1767 471 1958 526 destru

2078 469 2270 540 νισμοῦ
2304 472 2416 534 τοῖς
2440 468 2731 541 πράγμασι
2759 464 3184 538 γνωριζόμενον.
3202 463 3295 519 καὶ
3326 465 3530 520 τούτων
3547 467 3650 522 ἱνα

401 559 618 625 ctionls,
649 567 704 612 et
733 574 874 614 unus
919 560 1125 614 scilicet
1161 575 1230 616 ex
1288 561 1355 616 iis
1405 561 1709 630 pastoribus
1749 562 1838 629 qni
1889 564 1971 616 sui

404 649 582 717 gregis
607 664 738 704 oves
790 650 1110 718 dispergunt
1143 662 1199 706 et
1253 653 1506 721 perdunt.
1547 661 1601 705 et
1634 667 1729 707 eos
1759 653 1971 706 turbida

403 749 591 808 putant
625 741 998 797 subversione.
1031 743 1098 797 Et
1148 752 1205 797 ut
1247 744 1452 815 reliqua
1485 745 1630 800 illius
1652 745 1974 814 practermit-

404 842 533 896 tam,
565 832 669 887 hoc
705 835 921 903 quidem
962 835 1214 905 accipiet,
1245 838 1386 904 quod
1419 847 1540 904 post
1568 851 1664 892 nos
1692 848 1971 906 sequetur,

407 933 639 992 tempus.
685 924 871 996 Neque
912 927 1056 980 enim
1088 941 1184 995 par
1233 939 1316 982 est
1351 937 1410 982 ut
1441 928 1490 983 id
1531 930 1814 982 mandetur
1840 928 1974 982 obli~

407 1014 546 1069 vioni
577 1026 796 1085 propter
821 1031 938 1080 eos,
962 1030 1190 1087 quorum
1217 1029 1300 1073 est
1349 1019 1528 1074 scelus
1586 1019 1828 1091 insigne:
1857 1019 1970 1088 qui,

404 1115 460 1157 ttt
495 1106 838 1170 dicitlsaias,
901 1109 1201 1174 concipiunt
1261 1109 1515 1177 laborem,
1558 1111 1606 1165 ἐι
1663 1112 1876 1180 pariunt
1927 1113 1968 1144 ¹¹

403 1196 731 1266 iniquitatem
764 1201 832 1254 ”.
891 1199 1093 1270 Impius
1133 1203 1284 1273 (heu)
1337 1203 1452 1256 sive
1489 1203 1558 1257 ab
1590 1203 1709 1257 aliis
1747 1203 1814 1258 ad
1871 1204 1971 1258 hoc

405 1298 605 1353 motus,
638 1291 752 1345 sive
769 1291 913 1347 hunc
945 1294 1266 1348 sceleratum
1316 1297 1483 1350 fetum
1519 1311 1585 1350 ex
1625 1310 1684 1351 se
1709 1296 1972 1365 produxe-

403 1381 475 1435 rit
503 1379 728 1450 (Stultus
756 1386 915 1448 enim,
943 1385 1137 1456 inquit,
1178 1388 1342 1441 stulta
1367 1388 1626 1459 loquetur,
1656 1397 1705 1442 et
1737 1404 1826 1441 cor
1855 1389 1968 1457 ejus

405 1487 537 1526 vana
577 1474 868 1546 cogitabit),
922 1475 1164 1544 Patrum,
1206 1479 1293 1548 qui
1329 1477 1507 1534 Nioea:
1568 1479 1679 1550 (28)
1730 1478 1966 1542 fuerunt,

405 1577 556 1616 sacra
590 1566 861 1633 dttgmata,
912 1575 1165 1635 tanquam
1216 1579 1450 1624 montem
1488 1567 1616 1624 Sion
1670 1578 1725 1625 et
1774 1569 1966 1623 turrim

405 1651 758 1718 fortitudinis,
806 1655 1014 1710 scilicet
1076 1660 1421 1728 aggreditur;
1473 1660 1557 1713 illa
1599 1661 1815 1728 quidem
1865 1676 1967 1715 vo-

2074 561 2275 631 δηλαδὴ
2299 562 2407 614 τῶν
2445 561 2722 632 ποιμένων
2763 561 2869 614 τῶν
2895 559 3392 629 διασκορπιζόντων
3420 557 3516 612 καὶ
3539 561 3651 613 ἀπ-

2073 650 2340 704 ολλύντων
2384 650 2452 704 τὰ
2479 651 2725 721 πρόϐατα
2759 651 2856 720 τῆς
2907 648 3118 703 ἑαυτῶν
3143 641 3335 718 νομῆς,
3393 647 3486 701 καὶ
3517 651 3652 701 ἀνα-

2073 741 2282 812 τροπὴν
2325 742 2550 812 θολερὰν
2590 744 2728 795 αύτά
2760 741 3109 805 ποτιζόντων,
3156 741 3252 793 καὶ
3286 740 3373 792 ἵνα
3398 739 3479 806 ζτά
3507 738 3646 792 ἄλλα

2073 834 2182 886 τῶν
2211 834 2418 887 ἐκείνου
2467 834 2646 905 παρῶ,
2677 834 2811 887 ἀλλὰ
2839 832 2995 886 τοῦτό
3023 849 3089 901 γι
3141 830 3236 884 καὶ
3286 833 3314 884 ὁ
3351 823 3468 902 μεθ⁴
3495 832 3646 899 ἡμᾶς

2074 923 2349 988 ἐκδέξεται
2378 924 2589 996 χρόνος.
2607 924 2763 978 Ἐπεὶ
2795 924 2931 995 μηδὲ
2960 923 3133 994 λήθης
3157 922 3293 985 ὅλως
3306 922 3455 974 ἐστὶν
3478 921 3633 986 ἀξιον

2071 1015 2160 1069 διὰ
2206 1017 2333 1079 τοὺς
2362 1019 2650 1088 περιττοὺς
2678 1017 2776 1088 τὴν
2809 1017 3030 1081 κακίαν,
3061 1017 3133 1081 οῖ,
3174 1016 3237 1069 τὺ
3264 1015 3359 1068 τοῦ
3393 1013 3643 1080 Ἠσαίου,

2075 1108 2292 1162 κύουσι
2308 1108 2498 1163 πόνον
2520 1109 2616 1164 καί
2641 1125 2950 1165 τικτθυσιν
2960 1111 3241 1178 ἀνομίαν.
3274 1109 3332 1162 Ὀ
3352 1108 3645 1178 δυσσεϐὴς.

2075 1199 2199 1267 φεῦ,
2226 1199 2335 1254 εἴτε
2368 1199 2498 1268 παρ’
2550 1199 2725 1254 ἀλλων
2776 1202 2853 1266 εἰς
2888 1199 3046 1254 τοῦτο
3095 1198 3356 1268 κινηθεὶς,
3391 1198 3502 1250 εἴτε
3552 1195 3648 1249 καὶ

2075 1291 2205 1362 παρ’
2233 1292 2426 1346 ἑαυτοῦ
2479 1291 2541 1346 τὸ
2591 1293 2828 1362 πονηρὸν
2861 1293 3008 1346 τουτὶ
3044 1288 3388 1362 προενεγκὼν
3429 1287 3647 1358 κύημα,

2074 1383 2172 1454 (Ὃ
2196 1385 2302 1455 γὰρ
2321 1384 2534 1454 μωρὸς,
2565 1385 2717 1455 φησὶ,
2732 1386 2899 1454 μωρὰ
2921 1383 3205 1454 λαλήσει.
3231 1383 3333 1438 καί
3362 1382 3399 1450 ἡ
3427 1380 3648 1448 καρδία

2074 1473 2263 1526 αὐτοῦ
2291 1473 2512 1542 μάταια
2536 1473 2794 1540 νοήσει),
2831 1477 2946 1538 τοῖς
2990 1475 3154 1545 ἱεροῖς
3180 1472 3290 1526 τῶν
3343 1473 3402 1525 ὲν
3437 1470 3648 1542 Nasci»;

2073 1565 2354 1636 Πατὲρων,
2404 1565 2481 1629 ῶς
2506 1565 2584 1636 τῷ
2611 1565 2748 1619 Σιὼν
2788 1554 2907 1634 ὄρει
2933 1564 3031 1618 καὶ
3061 1563 3140 1634 τῷ
3192 1563 3386 1634 πύργῳ
3437 1561 3646 1632 δηλαδή

2068 1657 2175 1726 τῆς·
2194 1656 2376 1725 ἰσχύος
2405 1656 2706 1710 ἐπιτίθεται
2727 1655 2991 1724 δόγμασιν
3011 1669 3026 1683 ⁸
3055 1655 3237 1707 ἐκεῖνα
3283 1653 3381 1722 μὶν
3428 1647 3647 1704 ἀθετεῖ-

402 1739 518 1796 lens
581 1745 870 1812 abrogari,
936 1746 1116 1801 valere
1195 1759 1375 1804 autem
1449 1753 1774 1806 sententiam
1852 1753 1958 1821 (29}

2073 1746 2214 1811 σθαι,
2240 1749 2460 1816 κρατεῖν
2487 1746 2544 1800 δὲ
2569 1747 2669 1818 τὴν
2707 1745 2817 1799 τῶν
2855 1745 3191 1814 Ἀκεφάλων,
3220 1736 3410 1812 ἄλογον
3445 1737 3512 1798 ἄν
3546 1760 3636 1806 τις

399 1832 820 1904 Acephalorum,
844 1853 1003 1907 quam
1035 1853 1065 1892 a
1098 1840 1306 1894 ratione
1335 1841 1586 1907 alienam,
1612 1852 1666 1895 et
1693 1858 1820 1897 vere
1845 1843 1958 1896 ἀκέ-

2069 1841 2233 1905 είποι,
2282 1840 2379 1895 καὶ
2411 1816 2682 1908 ἀκέφαλον
2728 1840 2886 1905 δόξαν
2942 1837 3343 1911 προῃρημένος.
3402 1838 3646 1922 Μίγνυσι

399 1927 588 1994 φαλον,
625 1927 728 1983 hoc
758 1940 860 1998 est,
891 1941 1167 1987 carentem
1199 1933 1395 2003 capite,
1431 1935 1555 2004 jure
1585 1935 1704 2005 quis
1743 1935 1962 1991 dixerit.

396 2016 655 2074 Potentia:
708 2030 885 2075 autem
942 2024 1208 2079 admiscet
1274 2027 1699 2094 improbitatem,
1761 2037 1818 2081 ut
1867 2027 1968 2083 hac

397 2111 610 2177 quidem
633 2113 924 2180 deciperet,
955 2115 1042 2168 illa
1069 2131 1198 2171 vero
1226 2115 1476 2171 ell'ectum
1516 2119 1764 2173 redderet
1822 2118 1964 2189 quod

396 2203 801 2259 contendebat:
856 2215 914 2259 ut
961 2221 1138 2278 neque
1190 2209 1293 2272 vis,
1349 2208 1395 2263 si
1447 2219 1593 2264 esset
1639 2211 1876 2265 immista
1911 2218 1966 2265 et

395 2291 746 2356 persuasione
802 2293 1025 2350 minime
1078 2305 1501 2366 contemperata,
1533 2298 1757 2354 molesta
1788 2301 1961 2354 videri

395 2382 586 2448 possit,
618 2391 672 2438 et
718 2384 876 2453 plane
917 2387 1172 2453 violenta,
1211 2399 1270 2442 ut
1300 2405 1420 2460 qua:
1465 2392 1634 2446 robur
1665 2393 1965 2462 accepisset

395 2487 459 2525 cx
486 2474 596 2527 sola
639 2477 957 2544 occasione;
993 2495 1166 2548 neque
1193 2497 1377 2537 rursus
1406 2484 1752 2553 persuadere.
1784 2485 1830 2540 si
1859 2485 1964 2539 im-

396 2575 584 2633 potens
619 2568 707 2633 sit,
763 2569 808 2623 si
863 2571 1153 2639 imbecilla,
1185 2576 1413 2644 etquod
1472 2580 1640 2632 possit
1680 2592 1850 2647 pauca
1909 2587 1987 2635 ct-

393 2662 533 2729 apud
567 2677 762 2731 paucos
793 2662 1020 2719 edicere.

459 2752 548 2806 47.
585 2751 722 2808 illnc
781 2755 916 2811 alios
940 2758 1156 2824 quidem
1198 2773 1284 2835 ex.
1310 2761 1579 2832 episcopis
1610 2763 1960 2820 adoriebatur

391 2843 551 2898 minis
581 2856 634 2899 ct
673 2847 878 2902 exsiliis
905 2848 1039 2922 (50).
1070 2851 1207 2906 alios
1242 2863 1421 2907 autent
1449 2855 1746 2914 honoribus
1769 2865 1822 2910 et
1871 2872 1961 2912 as-

388 2938 783 2993 sentationibus
814 2956 828 2993 :
863 2951 917 2995 et
971 2957 1360 3010 nonnunquam
1420 2947 1586 3001 etiam
1617 2961 1959 3018 corrumpere

387 3031 638 3098 pecunia,
688 3041 740 3087 et
771 3049 926 3088 suum
959 3037 1160 3090 malum
1199 3038 1429 3093 aliorum
1460 3054 1674 3110 quoque
1717 3041 1955 3109 efficere,

387 3133 442 3176 et
505 3125 749 3178 morbum
791 3128 1194 3183 communicare
1239 3131 1632 3195 contendebat;
1683 3133 2028 3224 mutabilisc

388 3228 493 3269 non
529 3215 707 3270 minus
729 3231 887 3287 quam
922 3218 1172 3284 Proteus,
1198 3231 1258 3276 ut
1288 3221 1597 3278 Graecorum
1657 3223 1851 3279 fabulze
1877 3225 1955 3282 ιι)-

386 3319 644 3376 quuntur,
671 3321 722 3366 et
771 3328 876 3368 non
912 3315 1092 3370 minus
1139 3325 1342 3380 mente,
1373 3333 1534 3388 quam
1579 3317 1666 3374 ille
1729 3328 1950 3389 aspectu

383 3401 593 3456 varius.
629 3400 906 3461 Postremo
937 3415 1116 3461 autem
1147 3407 1289 3463 hanc
1319 3425 1536 3480 quoque
1567 3425 1812 3481 magnam
1840 3421 1955 3466 tur-

385 3492 484 3545 rim
517 3495 850 3564 aggreditur.
903 3496 1163 3555 Machinae
1194 3511 1374 3556 autem
1408 3511 1569 3558 erant
1613 3519 1840 3572 aurum;
1877 3505 1954 3560 id-

380 3599 486 3656 que
514 3603 618 3643 non
647 3603 899 3659 paucum,
929 3602 984 3648 ut
1011 3603 1194 3664 posset
1221 3597 1518 3664 contemni,
1544 3596 1637 3653 sed
1663 3602 1807 3668 quod
1834 3598 1956 3654 red-

384 3676 497 3732 ibat
527 3677 595 3733 ad
647 3695 913 3736 summam
969 3683 1187 3755 triginta
1244 3685 1504 3742 librarum
1555 3697 1824 3759 :eratque
1866 3691 1956 3746 do-

382 3784 510 3823 num
531 3786 635 3825 non
666 3773 808 3828 nude
841 3782 893 3827 et
912 3785 1096 3843 aperte
1124 3775 1345 3845 donum,
1367 3793 1433 3834 ne
1464 3794 1568 3833 non
1591 3781 1951 3851 acciperetur,

382 3863 600 3930 utquod
630 3864 987 3934 suspicionem
1024 3879 1239 3937 pareret
1265 3871 1506 3926 avaritia;
1535 3889 1551 3926 :
1585 3873 1679 3928 sed
1734 3875 1787 3928 id
1817 3889 1954 3944 quo-

381 3969 487 4023 que
513 3956 817 4011 occultabat
845 3967 1133 4026 pra-textus
1183 3962 1459 4030 speciosus
1477 3971 1532 4018 et
1572 3964 1730 4020 valde
1759 3967 1955 4034 proba-

381 4045 524 4110 bilis,
556 4061 749 4117 nempe
779 4063 1062 4120 pauperes,
1102 4061 1151 4107 et
1188 4068 1308 4122 qua:
1337 4063 1495 4108 erant
1541 4058 1849 4111 necessaria
1881 4058 1952 4112 ad

381 4150 513 4190 usus
534 4137 782 4193 Fratrum
809 4143 1309 4211 a'grotantiumJiis
1339 4146 1514 4200 virum
1543 4148 1840 4203 conabatur
1867 4149 1952 4204 in-

377 4241 608 4294 genuum
650 4229 893 4300 redigere
928 4232 982 4286 in
1005 4235 1342 4290 servitutem.
1376 4236 1442 4290 Et
1466 4237 1510 4292 si
1542 4238 1738 4294 bonum
1763 4242 1950 4298 existi-

379 4320 576 4371 mas'et
605 4325 814 4388 gratum
857 4321 1064 4390 piorum
1107 4325 1302 4380 animis
1334 4327 1417 4390 id,
1437 4328 1580 4398 quod
1629 4345 1658 4384 a
1707 4339 1778 4398 te,
1809 4348 1841 4387 o
1871 4335 1952 4389 v.ir

375 4408 608 4477 egregie,
649 4409 955 4479 innovatur,
977 4429 1077 4484 ego
1123 4415 1198 4471 illi
1227 4417 1480 4483 dixerim,
1513 4436 1612 4475 cur
1650 4437 1754 4478 non
1786 4425 1854 4480 ab
1883 4441 1948 4480 eo

2066 1931 2356 2003 τοιγαροῦν
2410 1934 2477 2004 τῇ
2505 1931 2792 2003 δυναστείᾳ
2843 1931 2941 2001 τὴν
2992 1929 3352 1999 κακουργίαν,
3398 1923 3540 1981 ῶστε
3572 1933 3642 2000 τῇ

2080 2021 2177 2091 μὲν
2234 2021 2467 2092 ἀπατᾷν,
2528 2023 2593 2090 τῇ
2648 2021 2705 2074 δὲ
2779 2021 2963 2074 ἀνύειν
3035 2021 3096 2073 ea
3157 2019 3597 2088 σπουδαζόμενον
3626 2051 3644 2082 ,

2069 2115 2154 2168 ἵνα
2208 2116 2346 2185 μήτε
2393 2113 2453 2167 τὺ
2534 2115 2758 2184 ἰσχυρὸν
2821 2113 3051 2184 ἄμικτον
3093 2113 3152 2167 ὃν
3221 2113 3317 2167 καὶ
3378 2113 3451 2183 μὴ
3521 2129 3647 2165 πει-

2066 2206 2148 2260 θοῖ
2196 2208 2551 2277 κεκραμένον,
2597 2205 2839 2278 λυπηρὸν
2870 2202 2996 2280 δόξῃ
3030 2207 3122 2260 καὶ
3155 2205 3412 2275 καθαρῶς
3441 2205 3641 2276 βίαιον,

2062 2297 2128 2350 ὲκ
2189 2297 2281 2350 τοῦ
2326 2297 2519 2368 καιροῦ
2585 2298 2746 2368 μόνου
2800 2296 2900 2368 τὴν
2967 2297 3121 2368 ίσχὺν
3166 2295 3386 2364 εἰληφὸς
3419 2334 3436 2359 ,
3507 2295 3643 2364 μήτ’

2063 2385 2130 2443 αὖ
2169 2389 2328 2443 πάλιν
2351 2388 2412 2444 τὸ
2445 2388 2656 2442 πείθειν
2680 2388 2884 2460 ἔρημον
2925 2387 3245 2451 δυναστείας
3280 2387 3642 2457 ὑπολειφθὲν,

2062 2481 2286 2544 ἀσθενὲς
2314 2481 2422 2553 εἴη,
2453 2481 2550 2535 καὶ
2574 2479 2748 2552 μικρά
2776 2480 2870 2534 καὶ
2903 2479 3053 2550 παρὰ
3086 2481 3301 2552 μικροῖς
3328 2477 3514 2535 ἀνύειν
3544 2473 3645 2533 δυ-

2063 2572 2317 2643 νὰμενον.

2133 2751 2243 2823 μζ.
2290 2747 2568 2808 Ἐντεῦθεν
2594 2753 2720 2817 τοὺς
2752 2753 2852 2824 μὲν
2887 2751 3136 2817 ἀπειλαῖς
3165 2756 3259 2808 καὶ
3289 2751 3640 2825 ὑπερορίαις,

2059 2845 2184 2908 τοὺς
2205 2844 2261 2898 δὲ
2282 2847 2471 2915 τιμαῖς
2493 2847 2583 2899 καὶ
2617 2844 2926 2909 κολακείαις
2952 2846 3060 2898 τῶν
3097 2847 3414 2900 ἐπισκόπων
3445 2847 3643 2919 ὑπῄει,

2058 2938 2139 2993 ἔτι
2161 2938 2219 2992 δὲ
2251 2933 2346 3003 οὓς
2391 2939 2484 2994 καὶ
2509 2940 2788 3012 χρήμασιν
2838 2941 3218 3003 ὑποκλέπτειν,
3252 2941 3348 2994 καὶ
3375 2941 3435 2994 τὸ
3465 2933 3641 2996 αὐτοῦ

2058 3030 2226 3086 κακὸν
2249 3031 2344 3085 καὶ
2369 3031 2548 3085 ἄλλων
2571 3027 2747 3085 ποιεῖν
2777 3025 3029 3097 ἔσπευδε,
3062 3035 3155 3086 καὶ
3183 3034 3281 3103 τῆς
3331 3035 3486 3089 νόσου
3528 3053 3640 3106 μεο

2056 3121 2348 3187 ταδιδόναι,
2383 3115 2470 3176 οἷά
2499 3139 2581 3185 τις
2613 3123 2890 3194 Πρωτεὺς,
2916 3121 2991 3184 ὡς
3017 3123 3083 3176 τὰ
3127 3122 3394 3192 Ἑλλήνων
3443 3127 3640 3192 φασὶν,

2057 3219 2418 3285 ἐξαλλάττων,
2453 3218 2550 3272 καὶ
2600 3218 2840 3281 ποικίλος
2879 3218 2980 3288 τὴν
3037 3214 3262 3286 γνώμην
3307 3215 3496 3287 ῶσπερ
3531 3207 3642 3289 τὴν

2054 3309 2177 3381 ὄψιν
2207 3309 2412 3373 ἐκεῖνος
2435 3307 2738 3378 γινόμενος.
2786 3307 2908 3360 Ἐπὶ
2931 3308 3065 3360 πᾶσι
3092 3307 3272 3360 τοίνυν
3301 3307 3396 3361 καὶ
3428 3307 3506 3378 τῷ
3536 3325 3642 3376 με-

2053 3403 2206 3473 γάλῳ
2258 3400 2433 3472 τούτῳ
2479 3400 2674 3471 πύργῳ
2729 3399 3213 3470 προσϐάλλει.,Καὶ
3245 3399 3306 3452 τὸ
3330 3394 3641 3469 μηχάνημα

2055 3493 2255 3566 χρυσὸς
2280 3490 2371 3566 ἦν,
2396 3493 2598 3565 χρυσὸς
2626 3493 2727 3547 οὐκ
2750 3492 2953 3560 ὀλίγος,
2979 3490 3118 3545 ῶστε
3145 3489 3239 3545 καὶ
3262 3491 3636 3562 παροφθῆναι.

2054 3586 2191 3641 ἀλλά
2211 3586 2306 3639 καὶ
2326 3587 2403 3650 είς
2420 3585 2730 3656 τριάκοντα,
2748 3602 2821 3656 φη
2829 3584 2910 3654 μὶ,
2931 3583 3120 3655 λίτρας
3135 3583 3599 3654 παρατεινόμενος
3624 3601 3639 3615 ο

2057 3681 2152 3736 καὶ
2181 3680 2214 3750 ἡ
2248 3679 2426 3750 δωρεά
2454 3679 2516 3733 οὐ
2568 3678 2748 3748 δωρεά
2796 3667 3016 3748 γυμνῶς
3041 3688 3100 3731 τε
3135 3668 3228 3731 xei.
3279 3674 3637 3741 ἀκαλύπτως,

2055 3771 2144 3827 ἵνα
2173 3771 2248 3843 μὴ
2274 3771 2339 3826 δι’
2367 3773 2621 3836 ὑπονοίας
2666 3771 2865 3842 ἔχουσα
2902 3771 2964 3824 τδ
3011 3771 3330 3842 φιλόχρυσον
3362 3759 3638 3842 ἀπρόσδεδ

2055 3880 2182 3928 κτος
2218 3863 2400 3936 μείνῃ,
2435 3863 2569 3917 ἀλλά
2619 3863 2712 3918 καὶ
2765 3863 3038 3934 πρόφασις
3075 3864 3381 3934 ἐπέκρυπτε
3425 3862 3636 3932 ταύτην

2055 3956 2410 4028 εὐπρόσωπος
2435 3955 2528 4008 καὶ
2553 3955 2754 4024 πιθανὴ
2785 3954 2926 4017 λίαν,
2957 3955 3006 4008 οἱ
3036 3955 3264 4025 πένητες
3314 3954 3408 4009 καὶ
3435 3955 3468 4025 ἡ
3497 3947 3634 4024 περὶ

2052 4050 2180 4113 τοὺς
2217 4047 2508 4111 νοσοῦντας
2537 4047 2643 4099 τῶν
2669 4047 2913 4116 ἀδελφῶν
2939 4047 3242 4111 εὐδάπανος
3276 4048 3453 4118 χρεία.
3496 4039 3633 4101 Τοι-

2054 4141 2231 4205 ούτοις
2254 4142 2511 4212 ἐπειρᾶτο
2542 4133 2762 4194 δουλοῦν
2792 4131 2882 4193 τὸν
2911 4137 3217 4210 ἐλεύθερον.
3243 4141 3352 4194 Καὶ
3381 4135 3429 4194 εί
3463 4139 3635 4194 καλὸν

2053 4231 2140 4302 εἴη
2172 4231 2266 4285 καὶ
2290 4230 2524 4302 ἀρέσκον
2583 4231 2849 4300 φιλοθέων
2881 4231 3080 4302 ψυχαῖς
3108 4225 3168 4285 τὸ
3198 4229 3301 4286 ύπδ
3333 4231 3450 4298 σοῦ,
3497 4247 3633 4301 γεν-

2052 4326 2189 4390 ναῖε,
2230 4323 2738 4394 καινοτομούμενον,
2775 4323 2942 4394 φαίην
2971 4324 3039 4378 ἂν
3068 4326 3206 4395 πρὸς
3241 4325 3424 4391 αὑτὸν,
3454 4325 3506 4378 τί
3549 4327 3632 4399 μὴ

2053 4416 2149 4488 ἐᾷς
2185 4415 2410 4470 αὐτόθεν
2457 4415 2634 4470 ἕλκειν
2671 4417 2797 4479 τοὺς
2835 4417 3098 4486 ἐραστὰς,
3139 4419 3234 4473 καὶ
3285 4418 3402 4488 ίδίῳ
3434 4419 3630 4473 κάλλει

374 4500 492 4568 ipso
515 4501 648 4557 sinis
680 4503 817 4559 trahi
847 4516 1137 4572 amatores,
1165 4518 1219 4564 et
1253 4513 1468 4580 propria
1520 4514 1660 4571 vinci
1709 4500 1950 4586 pulchri-

2061 4506 2370 4577 χειροῦσθαι
2421 4508 2550 4570 τοὺς
2581 4507 2922 4576 φιλοκάλους,
2967 4508 3104 4563 ἀλλά
3166 4509 3439 4581 χρήμασιν
3487 4509 3629 4565 αὐτὸ

375 4593 556 4650 tudine
571 4609 666 4651 eos
695 4597 784 4667 qui
812 4607 939 4654 sunt
971 4599 1185 4669 pulchri
1214 4613 1482 4660 amatores
1506 4608 1650 4672 {sed
1692 4608 1744 4664 id
1783 4624 1949 4678 pecu-

372 4685 478 4739 niis
505 4701 669 4772 ornas
697 4699 752 4744 et
784 4692 1121 4760 muneribus,
1185 4694 1326 4764 quod
1362 4696 1497 4752 solet
1549 4696 1664 4754 fieri
1700 4701 1949 4772 turpibus

370 4779 424 4824 et
448 4771 795 4845 deformibus,
841 4786 898 4833 ut
926 4793 1046 4848 qua:
1076 4780 1186 4836 sint
1223 4783 1398 4838 aliena
1429 4795 1746 4842 ornamenta
1773 4771 1828 4844 et
1855 4804 1944 4844 ar-

373 4861 534 4918 tificia
557 4864 581 4918 i

439 5001 486 5034 “
514 5002 751 5072 Isa,t.tx,
783 5007 836 5063 4.
914 5011 960 5044 ³³
986 5008 1281 5081 lamus",
1311 5011 1368 5070 6.

440 5160 553 5244 (ἓἹ)
581 5163 749 5244 _Anno
781 5165 1006 5244 imperii
1030 5172 1101 5244 _2,
1123 5170 1326 5244 Christi
1363 5171 1497 5240 492,
1528 5173 1940 5244 chirographum

363 5233 723 5315 εξέοεεεεξιοιιίε
777 5235 997 5315 ﬁde-lat)
1030 5233 1330 5315 Ettphetpio
1376 5233 1721 5315 είδῑςτεειῑιιῖί
1754 5233 1942 5315 jussit.

361 5302 437 5370 ita
466 5303 742 5360 Cedrenus
775 5315 830 5361 et
871 5302 1190 5366 Theodorus
1233 5311 1428 5368 Lector
1461 5302 1773 5370 Cometen:
1805 5314 1838 5365 l.
1875 5329 1934 5368 tt.

366 5368 497 5455 Dein
557 5373 780 5455 liberum
819 5378 1013 5455 cuique
1035 5380 1164 5455 fecit
1185 5397 1343 5452 quam
1376 5368 1539 5441 vellet
1571 5368 1828 5455 amplecti
1847 5399 1939 5440 se-

365 5449 530 5513 ctam.
565 5445 820 5513 Evagrius
853 5445 986 5511 Lill,
1018 5466 1066 5506 c.
1102 5451 1194 5506 '50.

441 5511 554 5593 (28)
585 5511 1036 5593 ροὴιτρηίίιι-ηιε.
1089 5520 1496 5593 (ἶιςεεοιιωέτοῖς
1545 5523 1712 5593 ἱεροῖς
1739 5523 1846 5578 τῶν
1878 5523 1938 5577 ὲν

365 5581 572 5663 Νίκαια
596 5585 737 5638 Πατέ
746 5585 1003 5663 ρῳνλ-δοά
1023 5590 1309 5663 utrobique
1325 5581 1576 5648 mendum
1598 5581 1617 5646 Ξ
1643 5581 1952 5663 legendum,

369 5671 400 5776 (ei
423 5651 647 5774 Pptr'un't
700 5651 790 5724 qui
838 5655 1177 5717 Chalcedone
1224 5651 1472 5730 'fuerunt,
1527 5681 1545 5716 ι
1585 5673 1646 5718 ut
1671 5651 1954 5734 s‘équentia

405 5738 450 5776 eu
487 5739 614 5776 aran
649 5761 662 5776 .

405 5738 450 5776 et
472 5733 662 5778 larattl.

448 5793 557 5860 (99)
623 5794 694 5850 Dc
739 5795 1020 5866 Aeephalis
1052 5811 1231 5857 actum
1283 5803 1345 5858 ιο
1387 5801 1609 5860 Januar.
1648 5803 1700 5859 itt
1737 5800 1860 5857 Vita
1891 5801 1952 5856 S.

2057 4601 2151 4654 καὶ
2178 4599 2404 4670 δωρεαῖς
2438 4599 2808 4670 περιστέλλεις
2828 4638 2844 4664 ,
2867 4597 2897 4653 ὃ
2932 4599 3060 4669 περὶ
3083 4601 3180 4665 τὰς
3219 4601 3498 4672 ἀμόρφους
3524 4603 3630 4656 καὶ

2053 4700 2304 4764 ἀκαλλεῖς
2335 4699 2597 4766 ποιοῦσιν,
2654 4698 2956 4770 ἀλλοτρίοις
2986 4697 3305 4768 κοσμήμασι
3355 4693 3448 4748 καὶ
3491 4709 3626 4764 τεχο

2049 4792 2292 4864 νάσμασι
2315 4809 2329 4858 ;

2042 5171 2268 5248 {oannis
2320 5172 2530 5248 Camilli
2569 5173 2701 5248 Boni
2733 5173 2849 5248 n._2
2871 5181 2924 5228 et
2944 5172 3012 5248 _in_
3050 5169 3166 5248 Vita
3197 5165 3256 5248 8:
3293 5162 3616 5248 Agathonis.

2041 5244 2320 5320 Cedrenns
2347 5243 2897 5320 scribit_Anastasium
2938 5242 3107 5320 fuisse
3133 5240 3185 5293 in
3226 5237 3432 5320 haesi

2040 5313 2345 5386 pltalorum,
2385 5326 2481 5368 seu
2529 5312 2947 5386 Synchytarum.
3008 5312 3142 5386 {tcta
3185 5309 3348 5386 etiam
3391 5309 3610 5386 conci‘ji

2037 5377 2490 5438 Chalcedonensis
2519 5377 2825 5437 autlten'tica
2884 5391 2938 5436 et
2985 5379 3144 5434 altari
3173 5377 3348 5432 ablata
3391 5377 3614 5430 consci-

2037 5453 2182 5523 disse
2223 5461 2384 5522 atque
2409 5451 2517 5523 igni
2542 5452 2830 5508 tradidisse
2854 5453 3013 5508 docet
3039 5444 3373 5518 Nicephorus
3401 5443 3436 5498 Ι.
3485 5457 3607 5510 xvr,

2037 5537 2085 5578 ο.
2263 5590 2347 5660 Ita,
2367 5591 2500 5659 pulsi
2531 5593 2584 5646 in
2606 5591 2853 5660 exsilium
2877 5589 3198 5660 patriarchre
3222 5583 3612 5642 Constantiam

2055 5661 2276 5730 politani
2313 5658 2636 5737 Euphemius
2676 5671 2730 5737 et
2763 5658 3132 5737 Macedonius;
3166 5672 3394 5737 quot-unt
3422 5664 3609 5734 secta.

2059 5729 2226 5793 tores,
2274 5731 2488 5796 exsilio,
2511 5730 2858 5798 relegatione,
2889 5729 3320 5784 accttsationibus
3382 5729 3612 5794 iniquis,

2056 5809 2146 5857 aut
2167 5801 2426 5856 bonorum
2451 5799 2809 5867 publicatione
2827 5798 3005 5855 alllicti
3037 5805 3182 5854 sunt.
