3886 6480
325 347 430 415 517

1311 341 1484 402 νιτΑ
1524 341 1584 402 S.
1626 339 2040 400 THEODOSII
2082 339 2680 401 C(ENOBIARCIIE.

3477 341 3584 407 518

396 459 509 534 μη⁹.
546 458 710 520 Γνούς
733 456 826 512 οὖν
855 456 885 511 δ
911 454 1088 528 μέγας
1107 452 1170 509 τὸ
1199 453 1306 508 ύπδ
1335 456 1434 525 τῆς
1459 457 1662 528 μικρᾶς
1685 455 1901 524 ἐκείνης

2076 457 2168 511 48.
2227 457 2360 511 (lum
2389 471 2520 526 ergo
2569 453 2910 526 cognovisset
2956 454 3047 511 ille
3079 469 3306 528 magnus
3343 455 3395 512 id
3437 460 3580 529 quod

322 558 418 610 καὶ
440 551 614 626 μικρὰ
637 549 942 621 φρονούσης
967 548 1148 620 ψυχῆς
1179 549 1426 619 ματαίως
1451 548 1573 603 κατ’
1603 547 1767 603 αὐτοῦ
1808 566 1905 618 μευ

322 642 656 709 λετώμενον,
684 639 844 694 τοῦτο
876 639 941 711 δὴ
969 639 1032 693 τὸ
1060 637 1156 693 τοῦ
1179 638 1342 707 λόγου
1372 638 1530 702 ἀετὸς
1555 633 1625 710 ἦν
1652 639 1712 692 ἐν
1741 641 1902 708 νεφέ-

322 737 441 798 λαις
463 734 705 804 ἄληπτος
738 731 834 785 καὶ
861 730 1183 802 ἀχείρωτος,
1207 729 1408 801 μᾶλλον
1438 729 1496 784 δὲ
1519 731 1613 783 καὶ
1641 730 1902 801 αἱροῦντα

319 829 490 900 αἱρεῖ,
528 827 619 879 τὸν
645 825 866 896 δοκήσει
907 826 1046 896 μόνῃ
1076 826 1199 887 ταῖς
1227 822 1529 894 ἀληθείαις.
1563 822 1636 876 Τὸ
1666 821 1766 892 μὲν
1794 821 1904 892 γὰρ

319 919 546 992 χρυσίον
603 918 704 971 οὐκ
753 915 1077 980 ἀπωθεῖται,
1137 915 1350 986 μήποτε
1405 915 1502 968 καὶ
1540 913 1668 985 δόξῃ
1719 915 1901 983 μάτην

323 1011 595 1073 ὑπονοεῖν,
629 1009 727 1061 καὶ
781 1006 1080 1060 σκανδάλου
1117 1005 1397 1077 παράσχοι
1427 1007 1550 1058 τινά
1605 1005 1900 1076 πρόφασιν,

319 1102 478 1172 διπλῆ
509 1101 566 1153 δὲ
603 1101 799 1170 ζημιοῖ
836 1099 928 1152 τὸν
979 1098 1257 1168 πολέμιον,
1291 1095 1409 1168 ἃμα
1455 1098 1554 1168 μὲν
1605 1098 1904 1168 χρημάτων

317 1190 639 1263 ἀποστερῶν
665 1192 760 1244 καὶ
801 1189 980 1253 άλλως
1030 1189 1439 1259 φιλοχρήματον
1493 1186 1647 1254 ὄντα,
1683 1187 1799 1258 ἅμα
1845 1187 1902 1241 δὲ

319 1285 415 1338 καὶ
452 1284 554 1348 τὰς
617 1283 842 1347 ἐλπίδας
876 1279 964 1346 αἷς
1007 1283 1274 1353 ἐπωχεῖτο
1329 1278 1566 1351 ματαίας
1605 1282 1698 1334 καὶ
1740 1279 1902 1343 κενὰς

317 1375 648 1442 ἀποδείξεις,
686 1375 781 1430 καὶ
805 1376 960 1428 οὐδὲν
999 1376 1134 1446 πρὸς
1160 1377 1250 1428 τδν
1281 1374 1486 1426 σκοπὸν
1513 1369 1743 1444 ἐχούσας
1774 1373 1903 1426 ἀκό-

318 1467 543 1522 λουθονο
583 1465 699 1520 ἀλλ’
733 1467 792 1520 ὃν
833 1467 980 1536 ἔχειν
1006 1467 1063 1519 ἐν
1112 1466 1302 1530 πέδαις
1342 1464 1446 1537 ἤδη
1499 1465 1691 1519 λέοντα
1740 1462 1898 1536 ᾤετο,

301 1559 510 1614 ε’τοῦτον
540 1557 660 1614 κατ’
684 1557 851 1613 αὑτοῦ
877 1557 1186 1629 θερμότατα
1217 1557 1514 1628 διεγείρας,
1539 1557 1632 1611 καὶ
1649 1556 1900 1627 λαμπρὸς

319 1654 512 1724 φανεὶς
558 1653 620 1706 τὸ
657 1651 757 1722 τῆς
789 1649 1116 1721 παροιμίας,
1165 1651 1248 1704 ὃτι
1284 1651 1422 1720 πρὸς
1467 1649 1657 1704 λέοντα
1703 1647 1902 1720 δορκάς

321 1747 504 1817 μάχης
551 1743 776 1816 ἥπτετο.
819 1741 907 1807 Ὦς
942 1743 1061 1814 γὰρ’
1098 1743 1202 1813 ἤδη
1241 1744 1335 1796 καὶ
1392 1743 1420 1795 ό
1464 1741 1655 1814 καιρὸς
1686 1741 1898 1812 ἐνέστη.

320 1841 572 1901 κακεῖνος
593 1837 792 1909 ἀπῄτει
818 1836 912 1890 καὶ
939 1833 1070 1906 παρ’
1112 1833 1278 1888 αὑτοῦ
1313 1835 1414 1905 τὴν
1462 1831 1776 1905 ὁμολογίαν,
1811 1835 1903 1888 καὶ

320 1929 677 2000 παρέστησαν
703 1929 752 1981 ot
793 1929 887 1981 snt
916 1928 1090 1998 τούτῳ
1141 1927 1509 1997 πεμφθέντες,
1537 1925 1778 1980 ἐνταῦθά
1811 1943 1903 1997 μοι

323 2023 516 2075 σκόπει
549 2021 610 2074 τὸ
667 2021 922 2092 ἀνδρικὸν
953 2018 1120 2073 αὐτοῦ
1177 2021 1277 2091 τῆς
1305 2018 1481 2090 ψυχῆς
1509 2018 1604 2072 καὶ
1633 2021 1901 2087 γενναῖον.

322 2111 654 2182 Συναγαγὼν
686 2111 797 2182 γὰρ
825 2109 963 2181 ἐμοῦ
992 2111 1201 2174 πάντας
1231 2110 1357 2173 τοὺς
1417 2110 1516 2179 τῆς
1544 2109 1757 2180 ἐρήμου
1810 2127 1907 2162 πο-

322 2205 500 2270 λίτας,
524 2205 620 2259 καὶ
650 2205 844 2278 καιρὸν
873 2200 1012 2256 εἶναι
1047 2202 1218 2256 εἰπὼν
1249 2204 1308 2256 τὸ
1348 2203 1686 2273 προφητικὸν
1731 2201 1907 2256 ἐκεῖνο

324 2299 500 2369 πέρας
525 2297 670 2368 ἐχειν
698 2294 1090 2368 παράγγελμα,
1115 2294 1144 2348 δ
1177 2295 1264 2348 τὸν
1304 2295 1480 2364 πρᾶον
1502 2293 1714 2348 κελεύει
1754 2295 1910 2362 γενέ-

327 2389 452 2444 σθαι
484 2389 757 2460 μαχητὴν,
801 2389 897 2441 καὶ
923 2386 1062 2458 πρὸς
1088 2387 1216 2450 τοὺς
1248 2387 1349 2457 τῆς
1371 2385 1655 2449 εὐσεϐείας
1679 2385 1904 2455 ἀλείψας

324 2481 568 2550 ἀγῶνας,
596 2479 758 2542 αὐτὸς
786 2477 1118 2550 στρατηγὸς,
1154 2476 1317 2540 αὐτὸς
1354 2475 1713 2550 στρατιώτης,
1741 2476 1906 2538 αὐτὸς

327 2571 586 2642 ἀριστεὺς
613 2571 672 2622 ἐν
700 2570 836 2622 πᾶσι
860 2567 1076 2639 πρῶτος
1104 2566 1398 2634 ἐδείκνυτο,
1423 2567 1520 2621 καὶ
1541 2567 1629 2622 διά
1650 2553 1910 2639 γραμμάτ

328 2681 440 2716 των
468 2662 546 2732 τῷ
581 2661 790 2734 βασιλεῖ
815 2659 1201 2714 συνεπλέκετο.
1228 2661 1338 2714 Καὶ
1361 2661 1553 2731 ἥδιστα
1588 2662 1685 2732 μέν
1717 2662 1781 2715 ἂν
1815 2662 1911 2715 καὶ

329 2755 440 2807 τῶν
464 2753 794 2819 ἀποδείξεων
816 2753 994 2807 αὐτῶν
1030 2753 1259 2806 ἐκείνων
1279 2752 1793 2824 ἐμνημονεύσαμεν,
1821 2749 1910 2819 αἷς

328 2845 612 2908 Θεοδόσιος
644 2843 790 2913 σαφῆ
827 2843 1098 2914 φλυαρίαν
1127 2842 1196 2896 τά
1251 2843 1586 2915 ἰσχυρότατα
1618 2845 1696 2916 τῷ
1733 2845 1912 2900 δοκεῖν

328 2937 442 2992 τῶν
491 2936 912 3010 προϐληθέντων
951 2934 1234 3001 άπέδειξε’
1267 2935 1361 2989 τοῦ
1433 2935 1643 3008 μήκους
1675 2937 1730 2990 δὲ
1751 2937 1913 3010 χάριν

333 3032 430 3084 καὶ
458 3031 525 3085 τά
548 3031 643 3084 νῦν
683 3029 1072 3101 στοχαζόμενοι
1125 3029 1361 3098 (πολλῶν
1384 3029 1491 3100 γάρ
1510 3030 1578 3084 ἂν
1606 3030 1792 3102 ἐδέησε
1821 3032 1916 3086 καὶ

2011 548 2171 603 ﬁebat
2198 550 2266 603 ab
2287 549 2374 604 illa
2401 549 2595 619 pusilla
2624 558 2675 603 et
2702 549 3127 616 abjectaanima,
3159 559 3361 606 temere
3389 555 3583 608 adver-

2009 657 2102 697 sus
2129 656 2188 696 se
2218 643 2522 711 comparari
2551 681 2568 705 ,
2597 651 2736 708 erat,
2770 651 2830 698 ut
2871 642 3030 714 vulgo
3071 643 3292 707 dicitur,
3325 645 3502 713 aquila
3527 645 3584 698 in

2007 733 2260 800 nubibus,
2289 743 2346 789 ut
2372 733 2464 804 qui
2499 749 2598 790 nec
2625 744 2807 805 posset
2839 734 2957 804 capi
2981 751 3078 790 nec
3104 737 3243 792 vinei
3267 753 3283 802 ;
3310 736 3406 792 sed
3429 750 3582 791 τοτο-

2006 840 2066 879 ra
2117 826 2298 894 potius
2346 839 2470 880 eum
2500 827 2668 892 capit,
2719 825 2810 894 qni
2863 825 3174 880 simulabat.
3221 824 3355 880 Nam
3389 843 3581 881 aurum

2005 917 2219 987 quidem
2253 933 2355 972 non
2400 917 2633 986 repellit,
2659 931 2722 970 ne
2751 918 2892 970 forte
2933 917 3205 971 videretur
3241 927 3442 974 temere
3466 936 3583 972 sus-

2006 1008 2197 1077 pii-ari,
2229 1018 2283 1062 et
2315 1008 2637 1064 oll'ensionis
2657 1008 2892 1078 aliquam
2915 1007 3180 1078 praeberet
3203 1009 3544 1064 occasionem
3581 1027 3594 1063 ;

2003 1100 2098 1154 sed
2129 1099 2323 1168 duplici
2357 1099 2726 1155 damnoaﬂicit
2746 1101 3146 1166 adversarium,
3173 1101 3333 1156 simul
3363 1103 3582 1171 quidem

2007 1192 2225 1259 privans
2283 1189 2553 1256 pecuniis,
2605 1205 2726 1246 cum
2751 1198 2895 1247 esset
2927 1191 3124 1262 alioqui
3160 1206 3377 1257 avarus,
3423 1202 3477 1246 et
3513 1191 3589 1244 si-

2005 1280 2112 1333 mul
2155 1281 2314 1336 etiam
2344 1294 2496 1351 spem
2529 1298 2721 1338 vanam
2765 1293 2820 1338 et
2849 1285 3064 1340 inanem
3119 1285 3433 1354 ostendens,
3452 1286 3579 1355 'qua

2005 1372 2326 1440 ducebatur,
2353 1385 2406 1430 et
2433 1391 2554 1445 quae
2584 1376 2718 1430 nihil
2763 1377 2995 1432 habebat
3025 1377 3088 1430 ad
3120 1392 3342 1445 seoputtt
3377 1378 3584 1445 pertin-

2005 1479 2158 1535 gens.
2194 1464 2299 1519 Sed
2329 1480 2486 1534 quem
2515 1466 2727 1521 leonem
2751 1466 3101 1521 existimabat
3130 1481 3188 1522 se
3227 1464 3343 1534 jam
3386 1466 3588 1520 habere

2006 1555 2058 1610 in
2091 1556 2316 1626 pedicis,
2349 1571 2471 1611 eum
2505 1572 2626 1610 cum
2650 1557 2701 1610 in
2742 1571 2802 1612 se
2823 1558 3153 1614 concitasset
3174 1556 3592 1612 vehementissi-

2005 1667 2114 1715 me,
2165 1649 2425 1718 praeclare
2479 1651 2737 1716 ostendit,
2796 1662 2855 1706 ut
2911 1662 2995 1706 est
3043 1653 3096 1706 in
3159 1652 3465 1723 proverbio,
3505 1657 3592 1707 ca"

2009 1758 2192 1812 pream
2231 1742 2419 1798 iniisse
2459 1759 2689 1815 pugnam
2734 1747 2996 1799 adversus
3047 1745 3279 1800 leonem.
3303 1743 3436 1798 Nam
3463 1760 3588 1800 cum

2005 1836 2120 1906 jam
2149 1845 2360 1906 tempus
2399 1837 2732 1902 advenisset,
2759 1845 2816 1891 et
2867 1835 2958 1891 ille
2982 1837 3050 1892 ab
3093 1852 3158 1892 eo
3190 1836 3431 1906 petiisset
3458 1851 3592 1892 con-

2009 1927 2323 1992 fessionem,
2363 1936 2418 1981 et
2457 1927 2708 1981 adessent
2737 1927 2830 1997 qui
2877 1941 2940 1982 ea
2977 1929 3044 1982 de
3074 1942 3234 1982 causa
3280 1926 3429 1982 missi
3478 1927 3593 1982 fue-

2009 2027 2151 2086 rant,
2181 2018 2269 2076 bic
2305 2019 2436 2074 mibi
2471 2018 2752 2074 considera
2769 2017 2885 2086 ejus
2908 2019 3072 2074 animi
3105 2021 3357 2074 virtutem
3396 2032 3449 2074 et
3482 2017 3592 2073 for-

2015 2110 2322 2166 titudinem.
2390 2110 2521 2166 Nam
2571 2127 2692 2167 cum
2740 2125 2932 2166 omnes
2981 2110 3143 2166 simul
3205 2120 3590 2182 congregasset

2009 2206 2156 2262 cives
2190 2204 2517 2268 solitudinis,
2555 2215 2608 2260 et
2644 2203 2870 2258 dixisset
2899 2217 3019 2258 esse
3079 2215 3289 2273 tempus
3320 2213 3378 2257 ut
3426 2202 3588 2256 tinem

2013 2299 2285 2368 acciperet
2336 2297 2538 2352 dictum
2595 2297 2725 2352 illud
2779 2297 3178 2366 propheticum,
3236 2298 3378 2366 quod
3438 2297 3595 2366 jubet

2015 2388 2201 2441 mitem
2225 2385 2342 2440 ﬁeri
2375 2397 2749 2456 pugnatorem,
2791 2398 2849 2443 et
2874 2403 2967 2443 eos
2998 2387 3342 2441 instruxisset
3385 2389 3450 2440 ad
3479 2403 3596 2441 sus-

2013 2478 2263 2548 cipienda
2316 2493 2414 2548 pro
2453 2478 2652 2548 pietate
2697 2481 2996 2554 certamina
3022 2520 3036 2543 ,
3095 2495 3154 2534 se
3197 2478 3436 2534 05tendit
3474 2492 3596 2532 csse

2016 2576 2230 2640 ducem,
2254 2588 2312 2628 se
2333 2575 2578 2640 militem,
2615 2589 2672 2630 se
2706 2575 2876 2629 virum
2903 2584 3179 2628 strenuum
3219 2584 3269 2626 et
3291 2571 3506 2632 fortem,
3540 2579 3598 2623 et

2015 2665 2256 2736 primum
2300 2665 2711 2728 inomnibus,et
2743 2680 2862 2720 cum
2893 2664 3215 2734 imperatore
3250 2677 3346 2731 per
3385 2661 3598 2717 litteras

2014 2765 2100 2812 est
2122 2771 2466 2828 congressus.
2495 2756 2932 2812 Etlibentissime
2965 2756 3181 2824 quidem
3222 2755 3594 2808 meminissent

2017 2846 2235 2902 illarum
2287 2847 2526 2917 ipsarum
2583 2849 2986 2918 probationum,
3030 2845 3226 2914 quibus
3259 2842 3597 2898 Theodosius

2016 2951 2230 3010 apertas
2288 2956 2460 3011 nugas
2517 2956 2634 2996 esse
2663 2941 2900 2995 ostendit
2927 2957 3013 3007 ea,
3059 2955 3178 3010 quae
3207 2952 3270 2991 ex
3307 2936 3596 3006 propositis

2020 3032 2338 3089 videbantur
2357 3048 2476 3088 esse
2492 3033 2843 3096 validissima;
2859 3032 2952 3086 sed
2970 3041 3189 3101 propter
3206 3027 3592 3097 prolixitatem,

331 3123 536 3194 χειρῶν
565 3123 660 3176 καὶ
699 3121 943 3192 βίϐλων),
979 3121 1079 3192 τῆς
1111 3119 1204 3174 ἐπὶ
1231 3120 1372 3174 τέλει
1409 3121 1580 3192 μόνης
1603 3123 1913 3195 παρῤησίας

2020 3133 2074 3179 et
2097 3139 2159 3179 ea
2195 3134 2470 3196 spectans,
2503 3126 2568 3180 de
2597 3125 2792 3195 quibus
2819 3122 2994 3194 agitur
3040 3123 3091 3176 in
3119 3120 3404 3190 praesentia
3431 3115 3597 3189 (mul-

333 3213 841 3284 ἐπιμνησθήσομαι,
879 3212 1050 3280 Δῆλον
1114 3211 1225 3282 γὰρ
1276 3211 1374 3265 καλ¹
1424 3211 1597 3276 οὕτως
1645 3212 1799 3266 ἔσται
1845 3213 1915 3266 δι’

330 3307 516 3374 ὀλίγου
545 3305 606 3358 τὸ
636 3303 731 3358 τοῦ
755 3304 949 3374 ἀνδρὸς
970 3303 1256 3375 ἐλεύθερόν
1285 3321 1344 3358 τε
1371 3305 1469 3359 καὶ
1515 3304 1910 3364 ἀταπείνωτον.

335 3396 460 3470 Εἶχε
496 3398 554 3452 δὲ
582 3392 688 3453 ὧδε
713 3397 782 3452 τά
809 3395 1191 3468 γεγραμμένα.

2019 3217 2089 3272 tis
2114 3217 2265 3272 enim
2297 3218 2545 3272 manibus
2590 3232 2724 3286 opus
2753 3225 2895 3270 esset
2922 3223 2975 3270 et
3007 3213 3179 3281 libris)
3207 3211 3381 3266 solum
3407 3208 3601 3263 merui-

2016 3325 2148 3365 nero
2181 3308 2298 3377 ejus
2329 3309 2541 3364 dicendi
2594 3309 2883 3371 libertatis,
2911 3322 3015 3377 qua
3075 3319 3206 3359 usus
3241 3311 3324 3356 est
3363 3302 3418 3356 in
3465 3303 3594 3356 line.

2017 3395 2110 3454 Sic
2131 3396 2275 3450 enim
2296 3397 2481 3465 paucis
2503 3397 2838 3463 ostendetur,
2876 3395 3047 3465 quam'
3078 3402 3224 3449 esset
3256 3391 3420 3446 homo
3441 3391 3598 3460 liber,

2016 3494 2070 3538 et
2091 3485 2180 3555 qui
2219 3499 2557 3556 nequaquam
2591 3485 2747 3554 dejiei
2795 3485 3092 3554 deprimive
3123 3491 3356 3556 poterat.
3387 3481 3472 3535 Sle
3503 3493 3622 3534 au-'

2019 3586 2124 3632 tem
2153 3578 2352 3634 habent
2381 3591 2467 3645 ea,
2494 3592 2614 3648 qute
2643 3578 2850 3648 scripta
2882 3584 3028 3632 sunt.

1767 3729 2024 3786 ‘CAPUT
2053 3729 2168 3787 Xll.

1036 3851 1276 3922 Epistola
1297 3850 1354 3908 S.
1397 3848 1678 3918 Theodosii
1708 3853 1777 3907 ad
1810 3853 2199 3922 imperatorem,
2237 3865 2288 3910 at
2326 3856 2485 3927 Imjus
2524 3871 2846 3924 responsum.

412 3965 520 4038 μθ’.
544 3968 647 4021 Δύο
667 3967 1190 4039 τῶν-προκειμένων
1217 3967 1371 4037 ἡμῖν,
1402 3961 1447 4020 ὧ
1477 3965 1723 4036 βασιλεῦ,
1753 3967 1787 4038 ἢ
1819 3967 1920 4038 ζῇν

341 4061 589 4133 αἰσχρῶς
617 4061 713 4114 καὶ
755 4060 1128 4132 ἀνελευθέρως
1159 4063 1270 4124 τοῖς
1313 4058 1629 4128 Ἀκεφάλοις
1677 4076 1921 4114 συναπα-

337 4154 596 4222 χθέντας,
629 4152 661 4223 ἢ
695 4151 876 4204 θανεῖν
913 4151 1094 4214 καλῶς
1142 4154 1256 4214 τοῖς
1301 4151 1481 4222 ὀρθοῖς
1525 4151 1632 4203 τῶν
1662 4147 1922 4222 Πατέρων

337 4245 770 4308 ἀκολουθοῦντας
799 4245 1088 4314 δόγμασιν,
1113 4243 1222 4297 ῐσθι
1250 4242 1342 4296 τδν
1374 4242 1606 4296 θάνατον
1630 4245 1763 4312 ἡμῖν
1780 4236 1920 4296 εἶναι.

340 4339 732 4410 προτιμητέον.
769 4337 1035 4390 Τοσοῦτον
1065 4336 1174 4406 γάρ
1198 4337 1394 4406 δέομεν
1420 4339 1534 4399 τοῖς
1557 4338 1763 4397 καινοῖς
1793 4333 1920 4388 τού-

338 4448 454 4493 τοις
491 4429 722 4482 ἒπεσθαι
747 4428 1030 4498 δόγμασιν,
1068 4429 1192 4481 ὅσον
1225 4430 1324 4498 οὐχ
1378 4429 1538 4496 ἡμεῖς
1575 4427 1726 4496 μόνοι
1778 4425 1920 4479 κατὰ

338 4522 525 4594 χώραν
559 4522 827 4592 μενοῦμεν
855 4523 966 4582 τοῖς
1000 4519 1335 4590 προλαϐοῦσι
1375 4518 1562 4588 νόμοις
1607 4515 1715 4568 τῶν
1743 4516 1920 4568 Πατέ-

343 4633 453 4684 ρων
480 4613 822 4683 στοιχοῦντες
844 4629 858 4642 ο
893 4611 1030 4667 ἀλλὰ
1061 4613 1154 4666 καὶ
1179 4613 1303 4674 τοὺς
1329 4611 1504 4672 ἄλλως
1537 4609 1690 4679 παρὰ
1746 4607 1923 4661 ταῦτα

343 4707 672 4776 πρεσϐεύειν
727 4704 1158 4776 ἀνασχομένους,
1215 4701 1636 4773 ἀποκηρύξομεν
1685 4699 1922 4763 εὐσεϐῶς

344 4805 439 4852 καὶ
478 4797 780 4867 ἀναθέματι
833 4793 1350 4865 καθυποϐολοῦμεν·
1403 4794 1463 4846 οὐ
1521 4791 1628 4864 μὴν
1659 4790 1798 4844 ἀλλά
1831 4791 1924 4842 καὶ

343 4888 822 4961 χειροτονούμενόν
879 4904 1003 4940 τινα
1053 4887 1163 4940 τῶν
1221 4883 1541 4953 Ἀκεφάλων
1602 4883 1737 4954 πρὸς
1805 4880 1928 4952 βίαν

345 4987 505 5054 ἡμεῖς
533 4982 595 5035 ού
632 4978 1073 5050 παραδεξόμεθα.
1107 4977 1260 5048 Μηδὲ
1283 4973 1497 5046 γένοιτό
1535 4993 1690 5041 ποτε,
1721 4974 1928 5046 Χριστὲ

355 5075 609 5140 Βασιλεῦ,
633 5073 737 5128 κάν
761 5071 1074 5146 τιγτοιοῦτον
1107 5070 1311 5142 συμϐῇ,
1334 5069 1425 5122 τὸν
1455 5067 1650 5141 ἔφορον
1677 5068 1776 5137 τῆς
1797 5067 1929 5134 άλη-

349 5171 498 5234 θείας
537 5169 671 5222 Θεὸν
705 5167 959 5237 μάρτυρα
1019 5166 1404 5237 ποιησάμενοι,
1443 5161 1644 5231 μᾶλλον
1679 5156 1736 5213 δὲ
1766 5159 1929 5213 αὐτὸν

348 5267 557 5318 ἐκεῖνον
581 5263 757 5315 εἰπεῖν
783 5260 874 5313 τὸν
901 5257 998 5312 νῦν
1028 5257 1120 5312 ὑπ’
1171 5255 1352 5309 αὐτῶν
1412 5250 1930 5325 βλασφημούμενον,

352 5357 550 5429 μέχρις
614 5356 846 5427 αἵματος
905 5351 1372 5420 ἀντικαταστῆναι
1431 5347 1780 5418 θελήσομεν·
1837 5346 1933 5400 καὶ

351 5451 542 5521 ὥσπερ
565 5450 663 5503 ύπέ
673 5466 706 5520 ρ
736 5447 1014 5520 πατρίδος,
1039 5443 1211 5508 οὕτως
1247 5440 1449 5514 μᾶλλον
1471 5441 1612 5512 ὑπὲρ
1630 5441 1728 5510 τῆς
1759 5439 1932 5511 ὀρθῆς

425 5635 538 5704 (3|)
574 5635 826 5704 Epistttlte
861 5636 943 5691 bre
1004 5631 1313 5688 referuntur
1343 5646 1372 5686 a
1409 5629 1660 5704 _Baronio
1711 5626 1784 5704 ad.
1834 5642 1926 5704 an.

354 5697 456 5758 (Αἱ.
499 5697 632 5760 διιζ
681 5707 930 5775 Ejusdem
960 5706 1184 5772 spiritus
1240 5713 1294 5758 et
1341 5702 1440 5756 zeli
1474 5710 1653 5775 exstat
1703 5697 1933 5775 epistola

358 5776 414 5830 S.
453 5779 607 5830 Salia:
644 5766 738 5831 ad'
777 5766 1157 5846 irnpi-raiorem
1188 5790 1306 5843 quae
1346 5788 1434 5826 an.
1465 5771 1668 5826 Christ.
1701 5766 1806 5824 513
1859 5781 1936 5824 rev

2098 3971 2188 4026 49.
2226 3970 2356 4025 Cum
2410 3966 2520 4042 (δι)
2560 3972 2673 4026 lucc
2710 3971 2818 4025 duo
2853 3971 2963 4024 sint
3019 3965 3172 4023 nobis
3227 3964 3523 4037 proposita,
3569 3978 3605 4018 ο

2029 4061 2342 4134 imperator,
2374 4063 2456 4117 vel
2502 4063 2732 4132 turpiter
2783 4071 2837 4117 et
2865 4061 3200 4116 illiberaliter
3260 4059 3442 4114 vivere
3472 4073 3605 4112 con-

2028 4155 2310 4210 sentiendo
2359 4153 2670 4221 Acophalis,
2725 4154 2808 4208 vel
2865 4153 3086 4208 boneSte
3131 4150 3268 4206 mori
3327 4151 3607 4217 sequendo

2033 4254 2179 4301 recta
2202 4241 2420 4299 Patrum
2449 4246 2732 4316 dogmata;
2764 4245 2904 4299 scito
2959 4252 3188 4298 mortem
3230 4257 3258 4294 a
3303 4242 3456 4294 nobis
3485 4254 3607 4294 esse

2024 4337 2434 4408 praeferendam.
2476 4337 2709 4392 Tantum
2769 4335 2913 4390 enim
2969 4335 3150 4399 abest,
3188 4342 3248 4386 ut
3298 4332 3413 4385 inec
3470 4343 3606 4382 nova

2022 4445 2316 4498 sequamur
2343 4429 2616 4499 dogmata,
2653 4436 2708 4482 ut
2763 4441 2870 4481 non
2905 4427 3081 4481 solum
3118 4425 3170 4478 in
3197 4423 3317 4478 loco
3355 4422 3603 4474 mansuri

2022 4521 2217 4582 simus,
2251 4521 2617 4587 praecedentes
2673 4517 2898 4572 Patrum
2932 4518 3078 4586 leges
3117 4526 3407 4582 sequentes
3442 4527 3458 4575 ;
3514 4511 3608 4562 sed

2023 4625 2118 4666 eos
2150 4611 2335 4673 etiam,
2369 4609 2458 4678 qui
2489 4619 2686 4678 praeter
2715 4607 2829 4661 haec
2858 4596 3610 4666 aliatuerisustinuerint,pie

2025 4701 2418 4767 abdicabimus,
2463 4709 2517 4756 et
2555 4700 2906 4769 subjiciemus
2955 4693 3332 4751 anathemati:
3365 4692 3459 4746 sed
3509 4705 3610 4743 nec

2027 4795 2196 4850 ullum
2231 4809 2311 4863 _ex
2350 4793 2644 4864 Acepbalis
2669 4791 3002 4856 ordinatum,
3045 4802 3140 4858 per
3184 4785 3292 4840 vim
3347 4781 3612 4848 suscipie-

2029 4903 2168 4943 mus.
2190 4887 2345 4942 Absit
2376 4887 2547 4940 uthoc
2576 4886 2690 4952 ﬁat,
2718 4899 2750 4938 ο
2777 4881 2891 4938 Rex
2916 4879 3168 4937 Christe!
3194 4887 3248 4934 et
3271 4878 3312 4932 si
3335 4875 3440 4929 tale
3478 4873 3608 4942 quid

2029 4981 2340 5050 contigerit,
2399 4980 2649 5034 veritatis
2680 4979 2846 5033 Deum
2899 4977 3184 5048 praesidem
3221 4981 3508 5037 testantes,
3531 4967 3614 5022 vel

2034 5075 2211 5143 potius
2231 5072 2381 5126 illum
2413 5071 2584 5139 ipsum
2611 5110 2625 5133 ,
2655 5071 2748 5142 qui
2789 5085 2936 5124 nunc
2968 5069 3036 5123 ab
3067 5068 3202 5136 ipsis
3237 5063 3540 5119 maledictis
3562 5069 3617 5114 et

2035 5163 2370 5236 blaSphemis
2397 5163 2690 5233 appetitur,
2722 5175 2895 5231 usque
2925 5159 2988 5214 ad
3041 5156 3362 5227 sanguinem
3393 5153 3617 5208 resiste-

2038 5271 2160 5310 mus
2196 5273 2209 5308 :
2251 5265 2305 5309 et
2333 5253 2606 5324 quomodo
2639 5267 2737 5323 pro
2775 5251 2981 5322 patria,
3011 5249 3082 5304 ita
3113 5247 3283 5303 multo
3312 5247 3485 5315 magis
3521 5259 3620 5312 pro

2039 5356 2184 5402 recta
2227 5346 2330 5401 [ide
2373 5345 2603 5400 libenter
2649 5344 2856 5399 animas
2914 5340 3342 5414 profundemus,
3399 5334 3618 5390 etiamsi

2040 5437 2158 5509 ipsa
2185 5445 2374 5495 sancta
2410 5436 2528 5494 loca
2577 5437 2686 5510 igni
2723 5435 2996 5508 perdenda
3043 5434 3209 5491 visuri
3241 5444 3448 5487 sumus.
3482 5424 3623 5494 Quid

2047 5626 2219 5684 fertur
2266 5643 2297 5683 a
2329 5627 2564 5686 Baronio
2612 5645 2627 5684 :
2672 5629 2802 5686 licet
2831 5642 2939 5686 non
2963 5633 3196 5693 e0nstet,
3241 5634 3353 5696 quo
3398 5630 3625 5691 quaeque

2048 5708 2291 5770 tempore
2324 5701 2486 5757 fuerit
2524 5701 2748 5772 scripta.
