3886 6460
368 348 475 416 519

1568 336 1853 408 MENSIS
1891 344 2349 409 JANUABIUS.
2799 394 2846 425 ,

3527 351 3639 418 520

360 472 507 530 enim
536 484 674 542 opus
701 481 822 526 esse
855 467 971 523 solo
1006 464 1245 528 nomine,
1275 462 1494 535 quando
1525 464 1638 535 ipsa
1662 478 1821 520 sacra
1856 480 1946 520 re-

2056 466 2288 528 πίστεως
2312 462 2489 535 ἡδέως
2509 462 2608 528 τὰς
2657 462 2836 533 ψυχὰς
2866 461 3243 533 προησόμεθα,
3282 461 3387 519 κᾶν
3434 466 3641 530 αὐτοὺς

360 581 488 621 τίετο
515 563 821 620 alliciuntur
844 560 1218 617 contumelia?
1269 557 1376 614 Nos
1403 572 1534 631 ergo
1577 559 1692 630 (52)
1740 574 1945 629 nequa-

359 674 522 730 quam
552 656 900 711 admittemus
938 652 1141 724 aliquid
1172 654 1400 719 sentire,
1463 660 1671 705 tantum
1705 650 1858 705 abest
1889 661 1947 706 ut

358 752 564 812 dicere,
600 753 741 819 quod
762 748 1031 816 discrepet
1055 762 1085 801 a
1116 745 1325 799 sanctis
1344 754 1395 797 ct
1420 744 1775 799 mcnmenicis
1806 758 1942 799 con-

359 844 521 901 cihis.
546 841 624 897 Ex
660 841 854 910 quibus
902 842 1136 910 primum
1171 839 1383 910 quidem
1418 847 1649 893 ornatur
1685 836 1945 892 trecentis

360 937 546 992 decem
580 944 635 988 et
661 946 786 988 octo
829 931 1107 998 Patribus,
1162 933 1255 1004 qui
1298 947 1422 986 cum
1455 930 1715 985 adversus
1753 928 1945 983 Arium

361 1028 413 1083 in
461 1037 649 1081 sancto
699 1023 907 1093 Spiritu
959 1023 1140 1079 Niccze
1170 1024 1575 1088 convenissent,
1609 1020 1944 1077 anathemati

364 1119 622 1174 miserum
653 1116 977 1185 subjiciunt,
1004 1124 1059 1171 et
1093 1130 1122 1171 a
1150 1129 1380 1186 corpore
1406 1113 1736 1169 abscindunt
1766 1113 1946 1169 eccle-

362 1208 607 1273 siastico,
639 1208 962 1261 alien-antem
1001 1222 1030 1260 a
1088 1206 1266 1262 Patris
1293 1206 1528 1261 essentia
1568 1220 1713 1268 eum,
1743 1205 1834 1274 qui
1864 1212 1949 1260 est

364 1313 556 1354 natura
597 1299 788 1363 Filius,
828 1308 883 1355 et
941 1298 1373 1353 introduccntem
1416 1299 1666 1370 dogmata
1707 1298 1879 1352 aliena
1913 1312 1944 1351 ι

364 1403 509 1448 τοι-ιο
540 1392 665 1447 fide.
699 1393 1005 1447 Secundum
1033 1399 1211 1446 autem
1238 1390 1473 1459 impulsu
1507 1392 1690 1446 divino
1717 1404 1945 1459 congre-

365 1494 546 1556 gatum
575 1487 861 1540 adversum
896 1485 1302 1549 Macedonium,
1333 1484 1424 1554 qui
1454 1485 1567 1551 ipse
1596 1497 1810 1553 quoque
1831 1497 1947 1537 sce-

364 1579 535 1633 lerate
571 1578 894 1647 loquebatur
941 1578 1203 1633 adversus
1247 1577 1444 1630 honmn
1507 1575 1793 1646 Spiritum,
1822 1591 1944 1629 eum

366 1674 597 1729 abdicat.
628 1671 869 1726 Tertium
910 1683 1091 1726 autem
1123 1672 1380 1726 adversus
1412 1669 1691 1742 profanam
1716 1680 1947 1726 etexse-

364 1767 619 1823 crandam
651 1766 889 1835 linguam
918 1763 1177 1829 Nestorii,
1203 1765 1291 1834 qui
1322 1765 1434 1833 ipse
1465 1780 1681 1834 quoque
1709 1764 1942 1817 absurda

363 1871 481 1915 erat
528 1858 742 1912 locutus
775 1858 1039 1911 adversus
1068 1855 1270 1911 Christi
1312 1856 1489 1910 carnis
1524 1865 1791 1924 suscepta:
1818 1869 1948 1908 con-
1981 1829 2022 1887 Β

363 1954 565 2016 silium,
611 1950 833 2021 pulchre
880 1948 1076 2019 Ephesi
1132 1950 1407 2003 convenit.
1466 1945 1595 2002 Post
1632 1948 1767 2013 hzec,
1804 1946 1945 2015 quod

363 2047 465 2101 fuit
489 2046 653 2101 etiam
682 2043 1021 2099 Chalcedone
1055 2051 1435 2096 sexcentarum
1459 2049 1513 2095 et
1545 2040 1761 2109 triginta
1812 2039 1948 2094 divi-

365 2156 555 2196 norum
590 2139 806 2193 Patrum
856 2153 871 2190 :
905 2135 996 2205 qui
1054 2149 1175 2188 cum
1217 2136 1381 2189 etiam
1409 2149 1473 2187 ea
1508 2133 1796 2201 dixissent,
1828 2149 1947 2204 qua:

370 2232 761 2288 conveniebant
802 2228 1099 2300 prioribus,
1137 2236 1190 2282 et
1220 2243 1339 2294 quae
1378 2226 1453 2281 illi
1481 2225 1949 2290 dixerant,adhuc

366 2326 679 2380 accuratius
707 2323 1103 2392 exposuissent,
1153 2319 1425 2376 infelicem
1451 2328 1504 2374 et
1550 2318 1945 2375 eXSccraudnm

366 2417 664 2488 Eutychem
712 2431 817 2468 una
861 2429 983 2467 cum
1030 2412 1279 2468 Nestorio
1307 2411 1687 2467 abscindunta
1721 2425 1948 2481 corpore

365 2506 649 2575 Ecclesiae,
691 2514 746 2562 et
795 2507 952 2560 fidem
973 2507 1295 2562 conlirmant
1324 2502 1674 2575 apostolicam
1708 2513 1797 2556 :et
1825 2502 1949 2572 qui-

366 2616 581 2672 cunque
612 2615 724 2654 non
784 2598 855 2654 ita
904 2598 1193 2664 sentiebat,
1234 2598 1533 2651 decernunt
1562 2609 1683 2650 esse
1712 2594 1947 2649 alienum

367 2696 434 2750 ab
463 2692 729 2750 Ecclesia.
784 2690 1061 2747 Adversus
1093 2691 1207 2745 hrec
1239 2699 1295 2745 et
1336 2688 1472 2760 ignis
1520 2688 1869 2751 accendatur,
1894 2696 1950 2743 et

365 2783 514 2841 ensis
546 2792 794 2848 acuatur,
833 2792 889 2837 et
922 2795 1070 2837 mors
1095 2795 1311 2852 quoque
1347 2779 1506 2835 nobis
1538 2779 1733 2834 acerba
1753 2777 1950 2834 all‘era-

368 2886 477 2945 tur,
508 2876 619 2931 imo
654 2890 804 2941 vero,
836 2874 880 2929 si
912 2873 1026 2929 lieri
1086 2872 1280 2944 possit,
1316 2886 1414 2941 pro
1439 2886 1546 2925 una
1578 2871 1952 2927 innumerabi-

364 2968 474 3034 les;
504 2984 602 3023 nos
629 2982 757 3023 vero
790 2981 1062 3036 nunquam
1079 2964 1371 3035 prodemus
1397 2977 1583 3018 veram
1611 2963 1947 3034 religionem,

365 3077 545 3130 neque
573 3076 660 3126 ea,
692 3076 811 3131 qua:
847 3066 995 3114 recte
1024 3057 1345 3129 placuerunt
1379 3054 1655 3123 Patribns,
1688 3072 1752 3111 ea
1784 3058 1948 3111 abro-

366 3154 544 3225 gando
560 3153 759 3224 probro
773 3150 1096 3206 afliciemus.
1124 3149 1316 3205 Testes
1342 3149 1451 3205 sint
1478 3148 1941 3245 eorum-sudores,
1979 3187 2023 3245 α

369 3261 506 3316 quos
536 3261 632 3315 pro
666 3244 769 3301 litle
817 3253 1194 3314 susceperunt,
1238 3249 1292 3297 et
1320 3242 1502 3297 multae
1552 3240 1949 3297 dimicationes.

371 3338 477 3393 Sed
502 3354 565 3391 ea
608 3338 905 3392 manebunt
946 3335 1100 3389 ﬁrma
1124 3344 1179 3390 et
1210 3333 1530 3399 immobilia,
1562 3342 1616 3388 et
1662 3330 1803 3404 apud
1831 3346 1952 3399 nos,

368 3438 423 3484 et
444 3429 584 3498 apud
612 3442 732 3494 eas,
765 3442 901 3497 quos
932 3426 1013 3482 fas
1051 3433 1138 3484 est
1159 3436 1213 3481 et
1246 3423 1411 3480 Deum
1442 3434 1497 3481 et
1525 3438 1623 3480 nos
1645 3422 1820 3494 sequi.
1842 3421 1953 3478 Pax

368 3528 548 3576 autem
583 3520 698 3586 Dei,
730 3536 851 3590 quac
879 3528 1104 3590 superat
1130 3534 1348 3576 omnem
1375 3526 1639 3585 mentem,
1671 3516 1746 3573 sit
1768 3525 1953 3572 custos

367 3624 424 3670 et
453 3614 558 3669 dux
593 3622 700 3669 tum
729 3615 1009 3685 potentire.

440 3882 531 3940 50.
587 3884 724 3940 Cum
773 3884 916 3941 hanc
961 3885 1256 3957 imperator
1304 3883 1604 3956 accepisset
1641 3883 1951 3956 epistolam,

368 3978 591 4045 mittens
615 3987 669 4034 et
689 3978 793 4034 vim
825 3978 1044 4046 all'erre,
1076 3987 1130 4034 et
1165 3980 1349 4034 conari
1377 3978 1727 4051 persuadere,
1761 3990 1820 4033 se
1848 3993 1952 4047 po-

371 4070 487 4125 tius
552 4070 897 4134 submittens,
925 4085 1217 4141 aggressus
1248 4081 1333 4124 est
1376 4084 1435 4126 se
1480 4070 1545 4125 de
1573 4068 1639 4123 iis
1667 4082 1951 4136 excusare,

368 4172 601 4227 quorum
649 4156 1024 4223 accusabatur,
1058 4166 1114 4213 et
1163 4158 1241 4214 sic
1275 4158 1581 4228 composuit
1624 4157 1951 4228 epistolam:

369 4248 541 4321 Hujus
582 4249 983 4317 innovatiouis,
1040 4264 1074 4306 ο
1121 4251 1282 4306 homo
1316 4249 1450 4317 Del,
1483 4265 1582 4307 nos
1617 4264 1721 4305 non
1765 4266 1955 4308 sumus

369 4353 641 4399 auctores.
677 4342 914 4401 "restem
945 4342 1284 4401 conﬁdenter
1334 4345 1672 4409 invocamus,
1714 4345 1804 4415 qui
1836 4358 1955 4400 om-

368 4434 459 4489 nia
516 4435 714 4503 cernit,
783 4434 880 4490 Dei
940 4432 1159 4492 oculum
1211 4434 1360 4489 :sed
1413 4433 1482 4489 ab
1522 4431 1630 4487 illis
1664 4433 1840 4488 oritur
1865 4432 1955 4488 hic

2052 555 2117 626 δὴ
2148 557 2275 617 τοὺς
2326 555 2516 624 ἁγίους
2545 556 2747 619 τόπους
2780 555 2916 627 πυρὶ
2970 552 3301 625 θεασώμεθα
3341 554 3644 628 φθειρομέο

2052 664 2194 711 νους.
2252 647 2316 700 Τί
2350 647 2458 719 γὰρ
2499 647 2563 719 δὴ
2619 650 2713 701 καὶ
2748 647 2944 715 ὄφελος
2995 647 3261 717 ὀνόματος
3288 649 3474 719 μόνου,
3505 651 3640 703 ὅταν

2053 739 2193 795 αὐτὰ
2229 738 2360 809 γοῦν
2389 742 2455 794 τὰ
2487 740 2609 814 ἱερὰ
2641 742 2943 811 πράγματα
2959 740 3395 813 καθυϐρίζηταις
3425 742 3503 795 Οὐ
3539 743 3640 813 μὲν

2051 827 2146 888 οῦν
2171 834 2331 905 ἡμεῖς
2367 832 2577 904 ἀπᾷδον
2600 851 2653 886 τι
2685 832 2795 885 τῶν
2827 834 3109 904 τεσσάρων
3141 833 3312 903 ἁγίων
3341 835 3434 888 καὶ
3455 836 3643 888 οίκου-

2056 926 2296 998 μενικῶν
2326 928 2561 981 συνόδων
2589 924 2883 998 φρονῆσαι,
2914 926 3046 996 μήτι
3072 941 3135 995 γε
3167 926 3263 979 καὶ
3292 927 3470 980 εἰπεῖν
3501 924 3642 991 ὅλως

2053 1020 2505 1094 παραδεξόμεθα·
2553 1013 2685 1091 ὦνὴ
2724 1020 2823 1092 μὲν
2884 1020 3076 1092 πρώτη
3128 1023 3240 1084 τοῖς
3300 1021 3642 1092 τριακοσίοις

2050 1115 2184 1168 δέκα
2222 1114 2315 1167 καὶ
2334 1111 2479 1167 ὀκτὼ
2496 1117 2787 1183 κοσμεῖται
2824 1113 3125 1185 Πατρὰσιν,
3161 1113 3209 1166 οἳ
3251 1114 3391 1166 κατὰ
3423 1114 3638 1187 Ἀρείου

2054 1209 2113 1262 ὲν
2149 1206 2289 1278 ἁγίῳ
2320 1205 2605 1279 Πνεῦματι
2666 1206 2794 1277 περὶ
2833 1206 2932 1277 τὴν
2981 1207 3220 1261 Νικαιαν
3265 1190 3639 1275 συνελθόντες,

2052 1300 2357 1370 ἀναθέματι
2381 1299 2472 1353 τὸν
2493 1296 2676 1353 ἄθλιον
2709 1300 3076 1354 ὑποϐάλλουσί
3104 1318 3163 1355 τε
3192 1303 3287 1355 καὶ
3318 1303 3409 1356 τοῐ
3433 1303 3640 1371 ἐκκλη-

2054 1393 2335 1448 σιαστικοῦ
2361 1392 2607 1462 σώματος
2633 1393 3051 1461 ἀποτέμνουσιν,
3088 1393 3476 1465 ἀλλοτριοῦντα
3537 1398 3642 1463 τῆς

2051 1485 2146 1540 τοῦ
2180 1486 2392 1558 [ἰατρὸς
2417 1484 2605 1548 οὐσίας
2631 1484 2723 1539 τὸν
2742 1486 2903 1555 φύσει
2936 1485 3086 1550 Υίδν,
3119 1486 3212 1540 καὶ
3250 1487 3509 1558 ἀλλότρια
3534 1488 3642 1555 τῆς

2055 1575 2244 1645 ὑγιοῦς
2279 1576 2516 1639 πίστεως
2546 1577 2969 1646 δογματίζοντα.
3009 1577 3074 1632 Ἦ
3131 1578 3360 1651 δευτέρα
3410 1580 3465 1632 δὲ
3495 1583 3644 1633 κατὰ

2061 1666 2405 1721 Μακεδονίω
2433 1667 2763 1740 θεοκινὴτως
2794 1669 3263 1742 συναθροισθεῖσα,
3299 1672 3511 1744 πονηρὰ
3541 1674 3643 1726 καὶ

2058 1759 2220 1813 αὑτὸν
2255 1760 2397 1814 κατᾶ
2420 1760 2512 1813 τοῦ
2549 1759 2759 1829 ἀγαθοῦ
2792 1760 3168 1832 φθεγγόμενον
3198 1761 3510 1833 πνεύματος
3540 1765 3643 1817 ὲκ-

2052 1851 2336 1921 κηρῦττει.
2374 1852 2484 1905 Καὶ
2510 1852 2543 1924 ἡ
2574 1852 2733 1923 τρίτη
2774 1852 2829 1905 δὲ
2862 1854 3003 1907 κατὰ
3050 1853 3350 1926 Νεστορίου
3406 1857 3504 1925 τῆς
3539 1854 3642 1927 βε-

2053 1944 2219 2013 ϐήλου
2278 1944 2526 2015 γλώττης
2560 1947 2652 1998 καὶ
2716 1946 2917 2016 μιαρᾶς
2950 1945 3127 1999 ἄτοπα
3164 1949 3258 1999 καὶ
3292 1947 3458 2001 αὑτοῦ
3496 1948 3646 2001 κατὰ

2050 2039 2150 2108 τῆς
2203 2037 2516 2107 οἰκονομίας
2568 2036 2808 2109 Χριστοῦ
2870 2037 3249 2110 φθεγξαμένου
3310 2040 3366 2092 ἒν
3421 2040 3646 2111 Ἐφέσῳ

2051 2131 2232 2196 καλῶς
2264 2131 2643 2203 συνελήλυθεν.
2691 2131 2814 2185 Ἐπὶ
2855 2130 3061 2196 τούτοις
3098 2134 3191 2185 καὶ
3222 2135 3254 2204 ἡ
3292 2135 3349 2187 ὲν
3409 2134 3643 2205 Καλκη·

2050 2225 2161 2279 δόνι
2218 2225 2327 2278 τῶν
2370 2223 2669 2291 ἑξακοσίων
2699 2225 2995 2296 τριάκοντα
3029 2225 3304 2298 θεοφὸρων
3350 2227 3647 2299 Πατέρων,

2050 2312 2099 2366 οἳ
2123 2311 2216 2366 καὶ
2253 2312 2405 2365 αὐτοὶ
2457 2312 2667 2383 συνῳδᾶ
2696 2316 2808 2377 τοῖς
2839 2314 3207 2387 προλαϐοῦσιν
3231 2317 3506 2384 εἰπόντες,
3539 2320 3648 2371 καὶ

2050 2404 2120 2459 τὰ
2156 2402 2379 2459 ἐκείνων
2414 2404 2493 2457 ἔτι
2527 2404 3024 2476 ἐξακριϐὡσαντες,
3067 2409 3282 2481 Εὐτυχῆ
3323 2410 3414 2462 τὸν
3464 2410 3649 2481 ἀτυχῆ

2052 2494 2148 2548 καὶ
2160 2495 2539 2550 κατάπτυστον
2565 2497 2679 2566 Ξμα
2701 2496 2983 2569 Νεστορίῳ
2999 2496 3094 2551 τοῦ
3119 2499 3266 2571 ἱεροῦ
3290 2500 3384 2572 τῆς
3405 2501 3653 2574 Ἐκκλη-

2054 2585 2174 2652 σίας
2203 2586 2529 2641 ἐκκόπτουσι
2563 2586 2837 2659 σώματος,
2864 2588 2963 2662 τὴν
3002 2593 3370 2665 ἁποστολικὴν
3407 2612 3467 2647 τε
3515 2595 3649 2649 δια-

2052 2679 2379 2751 κρατύνουσι
2410 2679 2729 2746 πίστιν,καὶ
2752 2682 2929 2737 πάντα
2958 2684 3052 2737 τὸν
3096 2686 3170 2757 μὴ
3202 2687 3342 2740 οὕτω
3376 2686 3651 2758 φρονοῦν·

2052 2788 2122 2825 τα
2160 2772 2308 2837 ξένον
2342 2768 2479 2827 εἶναι
2502 2772 2599 2844 τῆς
2619 2773 2949 2846 Ἐκκλησίας
2964 2776 3201 2848 Χριστοῦ
3229 2778 3650 2847 δογματίζουσι.

2053 2864 2198 2935 Πρὸς
2239 2864 2413 2919 ταῦτα
2444 2866 2538 2919 καί⁵
2572 2866 2684 2939 πῦρ
2717 2868 2997 2934 ἁπτέσθω,
3035 2870 3127 2923 καὶ
3158 2869 3310 2940 ξίφος
3362 2870 3649 2942 θηγέσθω,

2052 2957 2347 3027 ἐπειγέσθω
2382 2957 2457 3028 {es
2497 2959 2593 3012 καὶ
2651 2962 2677 3013 ὁ
2734 2962 2931 3032 πικρὸς
2987 2961 3113 3016 καθ’
3169 2963 3328 3032 ἡμῶν
3387 2964 3650 3032 Θάνατος,

2059 3051 2264 3123 μᾶλλον
2292 3050 2350 3104 δὲ
2379 3049 2496 3104 ἀνθ’
2556 3051 2694 3118 ἑνὸς,
2747 3051 2812 3107 ἂν
2886 3054 3161 3125 ἐγχωροῦν
3193 3049 3251 3128 ᾗ.
3311 3056 3529 3127 μυρίον
3565 3057 3653 3119 ὡς

2053 3141 2237 3197 οὔποτ’
2274 3143 2341 3198 ἂν
2378 3142 2664 3216 προδῶμεν
2718 3145 2883 3215 ἡμεῖς
2935 3145 3035 3216 τὴν
3086 3148 3391 3213 εὐσέϐειαν,
3420 3148 3539 3202 οὐδὲ
3575 3150 3649 3203 τὰ

2056 3236 2238 3301 καλῶς
2275 3237 2506 3303 δόξαντα
2546 3240 2657 3302 τοῖς
2701 3237 2949 3309 Πατράσι
2987 3237 3085 3310 ,τῷ
3127 3240 3339 3294 ἀθετεῖν
3370 3242 3649 3313 ἁτιμάσοο

2060 3349 2181 3402 μεν.
2211 3331 2285 3386 Οῦ
2320 3331 2398 3403 μὰ
2430 3331 2556 3395 τοῦς
2582 3332 2724 3404 ὑπὲρ
2753 3334 2852 3404 τῆς
2884 3333 3119 3399 πίστεως
3146 3336 3327 3389 αὐτῶν
3383 3337 3647 3404 ίδρῶτας,

2057 3421 2153 3476 καὶ
2222 3423 2292 3475 τὰ
2347 3421 2518 3475 πολλὰ
2561 3423 2883 3493 σκάμματα,
2926 3424 3066 3478 ἀλλὰ
3118 3429 3272 3497 μενεῖ
3310 3427 3481 3481 ταῦτα
3542 3429 3649 3483 καὶ

2058 3515 2190 3588 παρ’
2223 3516 2354 3586 ἡμῖν
2377 3515 2471 3568 καὶ
2505 3518 2637 3587 παρ’
2671 3511 2752 3579 οἷς
2785 3517 2930 3571 ὅσιον
2967 3518 3282 3574 ἀκολουθεῖν
3312 3521 3432 3591 Θεῷ
3461 3538 3516 3573 τε
3543 3524 3652 3574 καὶ

2056 3609 2188 3679 ἡμῖν
2216 3607 2471 3678 ἀκίνητα.
2520 3607 2587 3661 Ἦ
2617 3608 2674 3661 δὲ
2701 3610 2890 3682 εἰρήνη
2944 3610 3037 3664 τοῦ
3072 3611 3207 3666 Θεοῦ
3236 3614 3268 3683 ἡ
3297 3613 3651 3683 ὑπερέχουσι

2057 3699 2237 3754 πάντα
2284 3697 2409 3755 νοῦν
2471 3697 2647 3769 φύλαξ
2710 3700 2797 3771 εἴη
2855 3701 2950 3755 καὶ
3005 3701 3198 3773 ὁδηγὺς
3248 3704 3343 3757 τοῦ
3404 3706 3651 3772 κράτους

2058 3809 2173 3849 σου.

2129 3892 2192 3941 ν’.
2227 3885 2443 3959 Ταύτην
2493 3886 2787 3959 δεξάμενος
2817 3891 2845 3944 ὁ
2899 3889 3150 3961 βασιλεὺς
3183 3890 3284 3962 τὴν
3326 3891 3647 3962 ἐπιστολὴν,

2057 3977 2219 4043 εὐθὺς
2248 3978 2379 4047 γοῦν
2415 3979 2475 4032 τὸ
2511 3980 2795 4050 βιάζεσθαι
2853 3983 2949 4036 καὶ
2990 3986 3050 4038 τδ
3089 3986 3384 4057 πειρᾶσθαι
3430 3988 3651 4043 πείθειν

2058 4071 2237 4140 ἀφεὶς,
2290 4073 2371 4134 είς
2404 4073 2701 4140 ἀπολογίαν
2739 4074 2942 4146 μᾶλλον
3002 4078 3090 4131 διὰ
3134 4080 3358 4150 Γραφῆς
3395 4081 3534 4151 ὑπὲρ
3562 4076 3649 4135 ὧν

2056 4165 2245 4238 ᾐτιᾶτο
2273 4165 2537 4235 πρότερον
2583 4166 2897 4237 ὑφειμένως
2927 4166 3147 4240 ἐχώρει,
3188 4173 3281 4225 καὶ
3334 4171 3475 4227 οὕτω
3520 4189 3650 4239 πως

2059 4254 2350 4309 συνέταττε
2382 4254 2479 4326 τὴν
2514 4257 2828 4328 ἐπιστολήν.
2858 4258 2973 4328 Τῆς
3009 4260 3361 4332 καινοτομίας
3410 4261 3647 4334 ταύτης,

2054 4340 2102 4401 ὦ
2132 4344 2387 4416 ἄνθρωπε
2415 4345 2511 4400 τοῦ
2562 4346 2722 4412 Θεοῦ,
2756 4348 2855 4420 οὐχ
2898 4351 3062 4420 ἡμεῖς
3116 4351 3328 4407 αῖτιον·
3386 4353 3650 4425 μάρτυρα

2058 4436 2389 4511 θαρροῦντες
2439 4439 2849 4510 ὲπικαλούμεθα
2881 4441 2974 4495 τὸν
3014 4441 3190 4498 πάντα
3224 4443 3491 4515 βλέποντα
3543 4446 3648 4499 τοῦ

367 4536 567 4592 ιηοιιιε,
597 4542 758 4598 quos,
806 4528 927 4601 plus
956 4541 1123 4600 quam
1177 4527 1290 4595 alii,
1328 4527 1616 4601 Oportebat
1639 4528 1757 4584 haec
1781 4527 1948 4583 hono-

2058 4527 2195 4583 Θεοῦ
2223 4529 2501 4600 ὀφθαλμόν
2525 4545 2539 4562 ο
2578 4530 2716 4585 ἀλλὰ
2745 4532 2877 4604 παρ’
2899 4534 3124 4589 ἐκείνων
3154 4536 3187 4607 ἡ
3218 4534 3423 4590 τούτων
3477 4536 3645 4607 κίνη-

364 4631 490 4673 rare
562 4618 801 4675 silentio.
885 4617 1041 4676 Nunc
1125 4629 1306 4676 autem
1392 4621 1675 4691 cupientes
1752 4618 1950 4689 singuli

363 4711 527 4781 primi
585 4712 761 4769 videri
814 4720 871 4769 et
919 4714 1135 4772 dicendi
1199 4714 1459 4771 facultate
1521 4723 1576 4770 et
1637 4713 1948 4784 dignitate,

363 4805 575 4874 seipsos
617 4803 868 4871 feriunt,
926 4815 983 4862 et
1031 4822 1130 4863 nos
1167 4808 1232 4862 ad
1277 4821 1338 4863 se
1385 4806 1615 4863 invicem
1647 4807 1949 4861 attrahunt.

362 4894 503 4963 Quid
549 4911 648 4951 nos
676 4912 805 4968 ergo
860 4897 1006 4952 aliud
1053 4909 1266 4969 oportet
1310 4900 1509 4969 facere,
1547 4915 1734 4971 quam,
1766 4903 1891 4956 dum
1917 4901 1955 4958 ii

364 4996 675 5054 moventur,
733 5002 835 5043 nos
892 5003 998 5043 non
1047 4990 1209 5045 simul
1264 4991 1502 5057 moveri,
1554 4992 1649 5047 sed
1714 4995 1950 5061 quietem

362 5079 616 5150 amplecti
650 5095 670 5136 :
717 5087 778 5135 ut
807 5080 887 5136 sic
916 5084 1244 5153 persuadere
1295 5084 1565 5154 possimus
1611 5085 1713 5150 eis,
1743 5086 1832 5155 qui
1866 5085 1955 5140 hic

362 5187 585 5227 movere
639 5174 956 5242 statuerint,
1006 5174 1231 5232 dimissa
1286 5177 1378 5232 tali
1431 5177 1803 5243 contentione,
1840 5193 1945 5235 una

362 5259 651 5318 nobiscum
683 5261 964 5332 quiescere
979 5262 1277 5321 l"0mnino
1310 5265 1453 5321 enim
1494 5273 1642 5321 tuam
1670 5282 1779 5322 non
1818 5266 1947 5323 latet

360 5351 798 5425 pictatem,quod
812 5353 1034 5427 quidam
1063 5355 1311 5412 monachi
1330 5356 1600 5423 etclerici,
1621 5359 1713 5430 qui
1742 5366 1946 5415 rectam

362 5442 491 5499 ltdei
518 5441 623 5500 sibi
678 5444 957 5503 vindicant
983 5449 1326 5516 sententiam,
1378 5450 1492 5505 haec
1534 5466 1750 5508 movere
1796 5467 1946 5509 scan-

398 5602 639 5677 ’ῒοῆιδέ
667 5606 839 5686 Satias
866 5608 923 5664 in
944 5612 1162 5686 sua__ad_
1191 5610 1431 5686 irruperat
1460 5611 1689 5686 epistola
1734 5626 1748 5668 :
1790 5631 1810 5665 ι
1838 5610 1957 5667 Nos

422 5624 639 5677 turb;
667 5624 839 5665 uanas
867 5624 923 5664 tn
944 5624 1039 5665 sua
1089 5624 1156 5665 au
1196 5624 1431 5737 ιιιιρθηιιΔ
1460 5624 1689 5686 epistola
1734 5626 1748 5668 ε
1790 5631 1810 5665 ι
1838 5624 1944 5667 μοι

361 5689 489 5747 ergo
535 5693 640 5752 nec
685 5680 955 5750 patiemur
1001 5681 1203 5751 aliquid
1234 5697 1263 5737 a
1290 5684 1381 5737 iud
1410 5685 1619 5740 addere
1655 5693 1853 5752 praeter
1881 5699 1944 5737 ea

359 5762 480 5814 qua:
514 5748 730 5805 decreta
758 5760 886 5805 sunt
914 5767 941 5805 a
990 5748 1252 5809 trecentis
1299 5754 1485 5809 decem
1509 5764 1567 5808 et
1614 5748 1738 5809 octo
1767 5752 1946 5807 Patri-

360 5818 463 5871 Lus
499 5820 591 5889 qui
642 5818 861 5878 fuerunt
921 5822 1149 5891 Νίσαια),
1209 5835 1265 5879 et
1314 5824 1524 5890 tribus,
1581 5838 1701 5894 quae
1756 5830 1948 5896 postea

2061 4639 2145 4687 σις
2170 4621 2265 4686 οὓς
2314 4622 2424 4677 ἔδει
2462 4623 2664 4694 μᾶλλον
2696 4624 2806 4679 τῶν
2827 4624 3004 4680 ἄλλων
3044 4630 3225 4698 σιωπῇ
3248 4628 3421 4682 ταῦτα
3448 4624 3649 4701 τιμᾷν.

2059 4715 2176 4770 Νῦν
2210 4717 2267 4770 δὲ
2324 4717 2647 4789 ὀρεγόμενοι
2676 4716 2773 4772 τοῦ
2809 4718 3025 4787 πρῶτος
3059 4718 3242 4773 αὐτῶν
3291 4720 3521 4784 ἕκαστος
3547 4722 3653 4777 δυ-

2061 4811 2222 4882 νάμει
2247 4828 2306 4864 τε
2337 4811 2497 4879 λόγου
2528 4812 2625 4865 καὶ
2653 4810 2925 4882 ἀξιώματι
2958 4812 3265 4882 φαίνεσθαι,
3300 4814 3566 4885 ἀλλήλους
3584 4834 3651 4869 τε

2062 4901 2337 4974 βάλλουσι,
2369 4902 2464 4958 καὶ
2489 4903 2639 4976 ἡμᾶς
2665 4905 2803 4970 πρὸς
2832 4904 3056 4967 ἑαυτοὺς
3084 4905 3426 4962 ἀνθέλκουσι.
3452 4906 3519 4959 Τί
3548 4908 3652 4962 οὖν

2060 4994 2247 5067 ἕτερον
2278 4997 2426 5067 ἡμᾶς
2469 4998 2574 5070 χρὴ
2610 4997 2806 5062 ποιεῖν,
2844 4995 2877 5067 ἢ
2928 4995 3138 5061 τούτοις
3191 4999 3533 5070 κινουμένοις
3567 5002 3652 5074 μὴ

2063 5087 2469 5155 συγκινεῖσθαι,
2519 5089 2657 5143 ἀλλὰ
2702 5088 2801 5161 τὴν
2851 5087 3079 5159 ἡσυχίαν
3133 5089 3514 5158 ἀσπάζεσθαι;
3576 5094 3651 5146 ἶν’

2059 5178 2203 5234 οὕτω
2234 5181 2419 5233 πεῖσαι
2452 5180 2777 5252 δυνηθῶμεν
2803 5182 2896 5235 καὶ
2934 5182 3060 5246 τοὺς
3089 5183 3263 5236 ταῦτα
3299 5187 3650 5256 προειρημέ-

2054 5290 2175 5336 νους
2205 5275 2396 5337 κινεῖν,
2428 5273 2734 5343 ἀφεμένους
2780 5274 3036 5346 τοιαύτης
3074 5276 3388 5350 ἔρεσχελίας
3416 5276 3544 5332 νοῦν
3568 5280 3645 5349 ἡ·

2058 5364 2312 5434 συχάζειν
2344 5367 2497 5438 ἡμῖν.
2521 5368 2751 5433 Πάντως
2779 5369 2887 5441 γὰρ
2915 5371 3017 5424 οὐκ
3066 5370 3263 5444 ἄδηλον
3289 5371 3449 5426 τοῦτο
3477 5374 3540 5446 τῇ
3570 5376 3647 5448 σῇ

2059 5454 2361 5531 θεοσεϐείᾳ,
2392 5458 2467 5524 ὡς
2509 5462 2734 5532 μοναχοί
2760 5480 2904 5529 τινες
2922 5465 3017 5519 καὶ
3045 5464 3300 5538 κληρικοὶ
3327 5466 3648 5537 ὀρθοδοξίας

2050 5624 2372 5695 consecutae
2433 5629 2603 5695 sunt,
2664 5622 2915 5693 synodis,
2972 5639 3070 5679 nec
3127 5626 3422 5695 quidquam
3480 5626 3652 5683 aliter

2056 5685 2324 5766 innovare
2341 5705 2362 5766 ςΔ
2389 5691 2486 5766 sed
2523 5685 2729 5766 procis
2759 5685 2924 5748 etiam
2961 5685 3170 5750 animas
3201 5685 3551 5766 profundere,
3587 5711 3652 5756 et

2057 5755 2583 5882 iugumerahilesfsi
2614 5764 2947 5834 licripossit,
2998 5755 3401 5838 mortcs'parati
3450 5755 3653 5827 sumus

2089 5842 2118 5881 υ
2153 5842 2352 5882 cinere.
2382 5848 2401 5882 ι
2660 5856 2665 5859 >

2089 5842 2352 5897 usctpere.
2382 5848 2401 5882 ι
2660 5856 2665 5859 >
