3886 6466
247 378 354 445 521

1255 377 1438 440 νισι
1475 377 1535 439 s.
1576 376 1993 438 THEODOSII
2034 362 2636 441 C(ENOBIARClle.

3410 378 3514 441 52:2

241 488 407 557 δῆθεν
436 483 899 555 ἀντιποιούμενοι,
921 482 990 538 τὰ
1014 482 1235 539 τοιαῦτα
1282 484 1557 540 σκάνδαλα
1588 502 1825 554 κεκινη-

1951 485 2315 557 lala,seipsos,
2344 485 2972 551 utdiximus,studentes
2996 489 3283 545 ostendere
3313 490 3520 560 primas

245 599 430 647 κασιν,
456 581 685 644 ἑαυτοὺς
716 580 887 648 δεῖξαι
916 580 1328 655 σπουδάζοντες,
1359 580 1547 652 ῶσπερ
1598 583 1831 654 ἔφημεν,

246 674 575 744 ὲπειλῆλιθαι
604 672 713 727 τῶν
760 674 1045 743 πρωτείων
1070 674 1129 727 ὲν
1155 672 1233 743 τῷ
1268 673 1442 728 ταῦτα
1475 674 1699 738 εἰδέναι,
1742 677 1836 728 καὶ

245 766 306 819 τὸ
333 764 635 837 μυστήριον
666 763 767 817 καὶ
810 762 909 835 τὴν
952 763 1139 818 πίστιν
1189 765 1303 826 τοῖς
1358 763 1623 834 στόμασιν
1652 765 1834 820 αὐτῶν

246 859 591 929 περιφέρειν.
643 858 824 928 Ἀπερ
882 856 1196 930 ἀνθρώποις
1249 857 1619 928 ἀκατάληπτα
1680 857 1833 920 ὄντα,

246 951 404 1005 οὐδὲν
438 949 627 1020 ἕτερον
662 948 697 1020 ἢ
746 947 986 1019 ψεύστας
1032 948 1275 1013 ἐκείνους
1328 952 1424 1002 καὶ
1491 950 1834 1017 συκοφάντας

247 1040 733 1097 ἀποδεικνύουσιν·
782 1041 906 1096 ὃθεν
935 1044 1029 1096 καὶ
1085 1042 1295 1114 μεγάλη
1349 1044 1482 1115 ἡμῖν
1533 1042 1643 1096 ἀπὸ
1698 1040 1834 1095 Θεοῦ

244 1135 650 1207 ἀγανάκτησις,
693 1134 812 1190 ἀνθ’
866 1127 941 1190 ὧν
972 1134 1269 1206 νομίζομεν
1308 1134 1369 1189 τὸ
1417 1136 1739 1206 μυστήριον,
1774 1134 1836 1189 οὗ

249 1227 554 1297 μυστήριον
596 1222 760 1293 εἶναι,
802 1225 923 1280 οὐδὲ
960 1228 1052 1280 καὶ
1108 1228 1173 1281 ὲκ
1221 1226 1462 1292 πίστεως
1505 1230 1837 1283 συνεστάναι

250 1319 446 1390 μόνης,
479 1318 594 1372 ἀλλ’
631 1319 691 1386 ἐξ
721 1318 942 1374 ἀτόπων
972 1319 1274 1393 φλυαριῶν,
1305 1320 1399 1375 καὶ
1422 1320 1838 1392 κατηγοροῦμεν

246 1410 361 1464 τῶν
380 1410 707 1476 διδαξάντων
759 1412 908 1482 ἡμᾶς
940 1410 1122 1466 πίστει
1153 1412 1250 1468 καὶ¹
1282 1412 1571 1484 μυστηρίῳ
1604 1412 1675 1466 τά
1718 1411 1837 1466 θεῖα

252 1504 531 1558 σέὸεσθαι.
570 1502 1006 1575 Ὑπερεύξασθαι
1034 1504 1127 1560 οὖν
1168 1505 1270 1576 τῆς
1315 1503 1648 1577 Ἐκκλησίας
1676 1503 1838 1577 εἴπερ

252 1594 384 1649 ποτὲ
419 1596 515 1648 καὶ
559 1594 657 1648 νῦν
701 1598 849 1668 ἡμᾶς
878 1599 1007 1669 χρὴ,
1062 1595 1470 1669 φιλανθρώποις
1498 1597 1712 1669 ὄμμασι
1747 1595 1839 1651 τὸν

248 1685 388 1739 θεὸν
419 1684 733 1758 ἐπιϐλέψαι,
765 1690 860 1743 καὶ
883 1690 1106 1760 εἰρήνην
1131 1692 1250 1753 ταῖς
1284 1688 1641 1761 Ἐκκλησὶαις
1674 1689 1839 1743 αὑτοῦ

251 1777 557 1848 βραϐεῦσαι
607 1778 797 1845 κακῶς
846 1779 992 1834 οὕτω
1037 1780 1394 1852 διῃρημέναις
1440 1779 1529 1835 διὰ
1596 1783 1695 1853 τὴν
1729 1782 1839 1836 τῶν

252 1871 539 1942 προέδρων
581 1872 763 1927 αὐτῶν
814 1875 1153 1945 προαίρεσιν.
1178 1876 1245 1928 Αἱ
1272 1875 1330 1928 δὲ
1374 1875 1653 1930 σταλεῖσαι
1704 1876 1837 1948 παρ’

253 1964 408 2033 ὑμῶν
444 1964 685 2035 εὐλογίαι
711 1966 882 2038 ἡδέως
917 1966 1058 2034 άγαν
1086 1968 1219 2037 ἡμῖν
1247 1965 1570 2039 ἐδέχθησαν,
1611 1970 1705 2024 καὶ
1735 1971 1835 2040 τὴν

253 2056 530 2129 ἡμετέραν
562 2057 887 2130 προαίρεσιν
930 2058 1079 2122 ὅπως
1129 2058 1239 2130 ἔχει
1298 2060 1721 2130 ἀναγγέλλουσιν
1777 2062 1827 2114 οἱ

255 2151 388 2218 παρ’
434 2149 591 2220 ύμων
653 2150 1056 2221 ἀπεσταλμένοι
1109 2150 1358 2215 εὐλαϐεῖς
1386 2151 1634 2223 μοναχοί.
1676 2172 1693 2205 ι
1722 2153 1836 2207 Καὶ

250 2237 400 2292 οὕτω
432 2239 588 2312 μὲνὴ
623 2240 905 2313 ἐπιστολή.
1336 2244 1339 2247 ’
1440 2232 1445 2237 ’

324 2329 427 2386 να’.
466 2332 628 2387 Ἀλλά
644 2333 736 2388 τὸν
749 2335 922 2388 ταῦτα
950 2334 1237 2407 γράψαντα
1260 2334 1487 2408 βασιλέα
1512 2336 1607 2391 καὶ
1631 2338 1829 2409 μικρὸν

253 2424 381 2479 τότε
412 2428 512 2497 τῆς
541 2426 740 2496 μανίας
795 2427 1150 2494 ἐνδεδωκότα,
1196 2430 1473 2501 στήσαντα
1522 2430 1579 2484 δὲ
1613 2430 1709 2483 καὶ
1744 2430 1837 2483 τὸν

256 2516 401 2571 κατά
431 2518 530 2588 τῆς
559 2517 725 2590 ὀρθῆς
754 2519 935 2591 δόξης,
971 2520 1176 2592 μᾶλλον
1224 2522 1281 2575 δὲ
1315 2523 1455 2576 κατά
1500 2521 1602 2593 τῆς
1639 2523 1833 2576 ἑαυτοῦ
1873 2554 1880 2562 ·

257 2609 503 2680 κεφαλῆς
530 2609 788 2683 πόλεμον,
814 2613 875 2666 οὐ
907 2612 1044 2667 πολὺ
1069 2612 1131 2667 τὸ
1159 2614 1219 2666 ὲν
1260 2613 1413 2685 μέσῳ
1453 2616 1547 2667 καὶ
1577 2614 1838 2686 μετάνοια

256 2700 530 2774 λαμϐάνει
577 2703 758 2776 δεινήο
836 2706 931 2761 καὶ
990 2705 1299 2779 καθαπερεὶ
1365 2706 1835 2780 μεταμεληθέντα,

258 2793 309 2846 εί
340 2794 435 2847 καὶ¹
461 2795 658 2866 μικρὸν
707 2795 846 2861 ὅλως
896 2796 1144 2851 εὐσεϐεῖν
1176 2796 1478 2868 προείλετο,
1524 2798 1727 2871 πολλήν
1775 2817 1836 2854 τε

234 2885 518 2973 1εὐκολίαν
540 2887 736 2942 ἑαυτοῦ
769 2889 1161 2973 κατεγίνωσκε,
1196 2888 1294 2943 καὶ
1327 2891 1465 2963 πρὸς
1489 2891 1556 2946 τὰ
1573 2892 1838 2965 πρότερον

260 2978 513 3051 ἐπανῄει.
562 2979 766 3053 Ἔργον
800 2982 910 3053 γάρ
943 2972 1180 3054 ἀληθῶς,
1206 2981 1283 3047 ὡς
1306 2984 1335 3037 ό
1354 2982 1533 3053 λόγος,
1560 2983 1681 3039 ὄνον
1706 2985 1839 3039 ἀπο-

262 3070 465 3142 τρέψαι
524 3072 824 3144 κνώμενον.
862 3073 1032 3128 Πάλιν
1078 3070 1172 3129 οὖν
1227 3075 1372 3130 κατὰ
1414 3074 1515 3146 τῆς
1555 3077 1839 3141 εὐσεϐείας

265 3165 703 3237 προγράμματα,
733 3167 828 3222 καὶ
859 3167 1022 3221 πάλιν
1062 3169 1091 3221 ό
1121 3168 1385 3238 γεννάδας
1428 3163 1583 3233 οὗτος
1627 3169 1840 3242 μάρτυς

577 3224 747 3330 χωρὶς
772 3298 788 3324 ,
816 3256 933 3329 εἴγε
990 3257 1089 3323 τὰς
1132 3224 1518 3331 ’προαιρέσειῇ
1550 3224 1687 3314 άλλά
1707 3224 1720 3242 ⁸
1768 3224 1844 3332 μθ
1872 3224 1916 3283 c

261 3347 366 3410 τὰς
428 3347 540 3401 τῶν
612 3348 956 3422 πραγμάτων
1038 3350 1296 3417 ἒκὸάσεις
1373 3353 1644 3425 προσήκει
1714 3368 1841 3407 σκο-

265 3442 412 3495 πεῖν.

1936 576 2182 632 obtinere
2198 585 2381 647 partes
2412 578 2465 632 in
2495 576 2689 631 barqu
2715 592 2896 633 rerum
2926 579 3265 652 cognitione;
3299 586 3512 652 etquod

1938 669 2257 738 mysterium
2289 679 2343 723 et
2374 668 2532 724 ﬁdem
2577 670 2631 724 in
2662 685 2760 727 ore
2788 686 2886 727 suo
2919 671 3331 729 circumferant.
3387 674 3520 743 Quae

1936 760 2153 831 quidem
2183 774 2309 815 cum
2369 774 2475 815 non
2516 756 3138 834 possintcomprehendi
3173 764 3242 820 ab
3287 765 3522 821 homini-

1939 853 2060 921 bus,
2104 852 2239 908 nihil
2275 853 2421 907 aliud
2482 867 2644 924 quam
2672 854 2795 912 illos
2825 856 3116 912 mendaces
3145 857 3441 915 ostendunt
3466 869 3518 914 ct

1939 946 2323 1017 sycophantas.
2395 944 2474 1001 Ex
2538 961 2648 1018 quo
2704 946 2868 1003 etiam
2923 948 3293 1019 proﬁciscitur
3323 965 3519 1021 magna

1938 1033 2033 1088 Dei
2065 1035 2117 1089 in
2146 1050 2247 1092 nos
2278 1036 2603 1108 indignatio,
2623 1050 2688 1092 eo
2714 1038 2859 1106 quod
2903 1038 3280 1095 existimamus
3313 1048 3518 1111 myste-

1941 1127 2079 1182 rium
2112 1142 2217 1183 nou
2263 1142 2385 1184 esse
2430 1130 2777 1200 mysterium,
2811 1144 2911 1185 nec
2935 1145 3001 1185 ex
3036 1130 3152 1186 sola
3210 1132 3317 1188 ﬁde
3345 1133 3523 1188 consi-

1940 1228 2106 1284 stere,
2138 1218 2232 1275 sed
2257 1234 2323 1276 ex
2353 1220 2789 1290 absurdisnugis
2825 1230 2919 1276 :et
2955 1224 3380 1280 condemnamus
3405 1238 3520 1291 eos,

1940 1310 2033 1380 qui
2062 1325 2159 1366 nos
2190 1310 2493 1367 docuerunt
2527 1311 2631 1367 ﬁde
2655 1321 2710 1367 et
2740 1312 3001 1385 mysterio
3035 1312 3219 1369 divina
3251 1296 3521 1370 venerari.

1942 1401 2051 1459 Vos
2078 1418 2210 1475 ergo
2237 1418 2381 1460 nunc
2428 1418 2644 1475 quoque
2698 1416 2939 1475 oportet,
2983 1406 3029 1461 si
3060 1422 3322 1478 unquam,
3365 1422 3524 1463 orare

1942 1512 2040 1568 pro
2070 1495 2334 1563 Ecclesia,
2368 1505 2427 1551 ut
2465 1512 2564 1552 nos
2593 1497 2840 1569 benignis
2875 1497 3049 1554 oculis
3079 1499 3327 1570 aspiciat,
3352 1510 3405 1556 et
3428 1516 3521 1571 pa-

1942 1603 2059 1644 cem
2104 1588 2219 1646 suis
2255 1589 2511 1646 conciliet
2570 1588 2851 1658 Ecclesiis,
2900 1605 3021 1661 quae
3074 1601 3183 1648 tam
3224 1593 3364 1651 male
3402 1604 3528 1649 sum

1942 1681 2129 1738 divisae
2157 1691 2380 1753 prepter
2406 1681 2581 1738 studia
2622 1682 2864 1752 ipsorum
2910 1684 3224 1754 praesulum.
3268 1685 3398 1753 Quae
3425 1701 3524 1741 au-

1946 1783 2052 1832 tem
2108 1791 2137 1830 a
2199 1776 2354 1832 vobis
2412 1776 2591 1830 missa:
2631 1784 2757 1831 sunt
2805 1775 3052 1848 eulogite,
3085 1791 3180 1832 eas
3233 1775 3523 1832 admodum

1870 1856 1913 1912 Β
1943 1870 2181 1926 libenter
2205 1869 2544 1940 suscepimus
2583 1886 2599 1924 :
2652 1878 2901 1924 nostrum
2932 1877 3111 1925 autem
3151 1868 3314 1941 quale
3345 1869 3418 1926 sit
3446 1868 3535 1923 in;

1945 1963 2217 2029 stitutum,
2284 1964 2684 2018 annuntiabuut
2745 1963 2820 2033 pii
2890 1964 3164 2028 monachi,
3215 1965 3307 2035 qui
3349 1979 3382 2020 a
3426 1968 3520 2020 νὸ-

1944 2057 2027 2112 bis
2059 2057 2209 2113 missi
2227 2065 2377 2113 sunt.
2406 2076 2424 2109 ι
2463 2057 2529 2113 Et
2548 2056 2653 2114 hoc
2680 2058 2900 2129 quidem
2928 2059 3086 2116 modo
3117 2073 3178 2114 se
3198 2058 3389 2115 habuit
3412 2051 3524 2127 epi-

1944 2151 2101 2208 stola.

2015 2334 2105 2391 5|.
2135 2330 2339 2399 Yerum
2401 2335 2811 2408 imperatorem,
2865 2335 2961 2409 qui
2995 2337 3112 2393 haec
3142 2336 3358 2406 quidem
3390 2335 3530 2392 seri-

1946 2437 2167 2499 pserat,
2199 2440 2254 2488 et
2309 2438 2439 2486 tunc
2486 2432 2555 2488 de
2617 2431 2803 2488 furore
2865 2431 3141 2503 paululum
3189 2428 3527 2495 remiserat,

1946 2528 2009 2576 et
2058 2519 2259 2576 bellum
2305 2521 2455 2593 quod
2506 2521 2772 2579 adversus
2822 2531 3026 2579 rectam
3075 2521 3388 2594 opinionem
3443 2520 3530 2577 Vel

1945 2627 2104 2669 suum
2131 2613 2311 2685 potius
2331 2621 2496 2685 caput
2522 2615 2770 2686 gerebat,
2797 2623 3167 2686 represserat;
3218 2629 3323 2670 non
3357 2612 3528 2668 multo

1945 2706 2238 2777 interiecto
2276 2710 2474 2779 spatio,
2511 2709 2695 2779 gravis
2724 2710 2870 2766 subit
2903 2708 3229 2781 pteuitentia
3259 2725 3276 2765 :
3312 2718 3369 2763 et
3411 2722 3530 2778 per-

1947 2798 2073 2854 inde
2094 2813 2157 2854 ac
2180 2798 2224 2854 si
2252 2813 2374 2854 eum
2407 2800 2718 2870 paeniteret,
2760 2801 2905 2869 quod
2939 2801 3164 2856 omnino
3190 2813 3381 2870 parum
3407 2813 3530 2854 esse

1948 2891 2069 2962 pius
2099 2891 2403 2956 statuisset,
2429 2901 2481 2946 et
2506 2906 2565 2947 se
2591 2890 2872 2947 facilitatis
2902 2890 3082 2946 nimiae
3118 2889 3526 2953 condemnaret,

1947 2984 2017 3038 ad
2044 2983 2228 3054 priora
2252 2992 2338 3040 est
2367 2999 2640 3041 reversus.
2672 2981 2902 3039 Difﬁcile
2939 2982 3085 3038 enim
3130 2990 3237 3047 eat,
3278 2990 3338 3036 ut
3360 2990 3445 3037 est
3472 2980 3525 3035 iu

1947 3075 2260 3147 proverbio,
2282 3076 2523 3133 "asinum
2575 3075 2967 3132 confricautem
3008 3084 3276 3131 avertere.
3315 3072 3528 3129 Rursus

1948 3182 2079 3239 ergo
2108 3166 2286 3223 edicta
2317 3167 2578 3223 adversus
2612 3167 2903 3238 pietatem;
2937 3179 3237 3237 rursusque
3280 3164 3528 3235 egregius

1952 3269 2158 3332 martyr
2206 3259 2343 3316 citra
2405 3262 2767 3330 sanguinem;
2819 3260 3085 3330 siquidem
3135 3256 3527 3316 consideranda

1952 3326 2037 3409 est
2064 3326 2336 3420 voluntas,
2371 3364 2427 3409 et
2466 3326 2572 3410 non
2609 3326 2789 3409 rerum
2830 3326 3027 3409 exitus.

1682 3605 1913 3666 CAPUT
1943 3605 2085 3663 XIII.
2184 3598 2192 3606 ’

1471 3718 1653 3788 Zelus,
1674 3731 1721 3776 et
1746 3722 1990 3777 exsilium
2008 3720 2138 3791 ﬁdei
2168 3735 2351 3775 causa.

337 3841 445 3914 νβ’.
479 3844 702 3899 Πάντων
728 3844 837 3918 γὰρ
866 3843 1297 3917 ἀμηχανούντων
1349 3844 1445 3896 καὶ
1471 3842 1843 3915 ἀπορούντων,

268 3938 369 3990 καὶ
398 3936 507 3989 τῶν
540 3937 640 4007 μὲν
662 3940 730 4010 τῇ
765 3938 1083 4009 βλασφημία
1129 3936 1595 4008 συνηγορούντων,
1630 3936 1739 3990 τῶν
1789 3936 1847 3990 δὲ

267 4029 370 4081 καὶ
389 4028 629 4094 δαψιλῶς
654 4030 957 4101 ἀντιλέγειν
996 4029 1321 4095 ὀκνούντων,
1352 4030 1482 4092 ίσως
1518 4026 1578 4081 δὲ
1628 4026 1847 4099 καὶτῆς

265 4121 328 4173 ὲν
357 4120 531 4193 τούτῳ
566 4122 881 4195 παρρησίας
922 4122 1001 4194 τῷ
1034 4122 1197 4193 κοινῷ
1237 4120 1411 4193 ΙῙατρὶ
1449 4119 1845 4192 παραχωρούν-

264 4232 407 4278 των,
441 4214 533 4268 καὶ
559 4212 747 4287 ῶσπερ
801 4212 1111 4286 στρατηγοῦ
1158 4210 1566 4283 περιμενόντων
1606 4209 1667 4262 τὸ
1716 4207 1847 4261 σύν-

265 4311 448 4380 θημα,
480 4308 602 4362 τότε
627 4308 714 4375 δὴ,
760 4309 884 4362 τότε
937 4307 1095 4379 δῆλον
1142 4305 1489 4368 καθίσταται,
1539 4303 1698 4357 ὁποῖα
1755 4299 1849 4354 οὖν

265 4401 369 4456 καὶ
391 4400 452 4454 τὸ
475 4401 673 4472 γῆρας,
714 4402 844 4455 ὅταν
901 4399 980 4471 τῷ
1003 4398 1150 4470 ζήλῳ
1201 4396 1528 4470 ῥωννύηται,
1559 4393 1695 4463 πρὸς
1720 4392 1848 4454 τοὺς

266 4491 415 4562 ὑπὲρ
447 4491 541 4545 τοῦ
574 4491 741 4545 καλοῦ
768 4489 1052 4555 κινδύνους
1104 4486 1437 4543 νεανιεύεται
1461 4500 1475 4514 ·
1501 4483 1849 4555 γραμμάτων

2026 3843 2118 3899 52.
2151 3843 2286 3899 Cum
2341 3855 2532 3899 omnes
2565 3849 2749 3898 essent
2777 3838 2936 3913 plane
2981 3840 3192 3898 consilii
3225 3841 3413 3912 inopes
3472 3854 3529 3901 et

1952 3932 2101 3989 dubii
2118 3934 2248 4004 quid
2268 3940 2528 4003 agerent;
2559 3941 2615 3988 et
2641 3932 2731 3987 alii
2756 3931 2973 4003 quidem
2993 3931 3383 4003 blasphemiam
3414 3936 3529 4008 ('53)

1952 4026 2326 4094 defenderent,
2368 4024 2458 4081 alii
2491 4034 2673 4081 autem
2701 4032 3022 4081 vererentur
3076 4022 3159 4081 vel
3190 4025 3530 4083 solummodo

1953 4116 2360 4186 contradicere;
2394 4117 2622 4174 fortasse
2671 4128 2851 4172 autem
2891 4116 3055 4172 etiam
3081 4116 3184 4173 hac
3209 4118 3262 4173 iu
3294 4132 3354 4174 re
3386 4133 3535 4173 com-

1957 4210 2105 4266 muni
2147 4209 2317 4278 Patri,
2367 4210 2580 4267 dicendi
2629 4210 2881 4266 libertate
2932 4209 3207 4278 cederent,
3270 4219 3326 4266 et
3367 4211 3530 4267 veluti

1955 4302 2112 4359 ducis
2140 4302 2766 4375 signumexspecta’rent
2796 4322 2812 4359 :
2855 4311 2983 4360 tunc
3006 4312 3133 4359 tunc
3151 4304 3332 4359 evadit
3366 4306 3536 4359 mani-

1958 4395 2182 4461 festum,
2208 4395 2389 4466 qualis
2434 4396 2600 4451 etiam
2630 4406 2904 4465 senectus,
2930 4398 3149 4467 quando
3193 4397 3309 4453 zelo
3335 4398 3535 4453 conﬁr-

1959 4494 2160 4555 matur,
2209 4501 2270 4542 se
2306 4485 2522 4543 fortiter
2552 4496 2606 4543 et
2636 4486 2953 4557 iuveniliter
2974 4487 3114 4558 gerit
3147 4487 3408 4543 adversus
3443 4503 3531 4554 ca,

268 4583 504 4636 ἐκείνων
530 4582 626 4637 καὶ
656 4582 1046 4654 θεσπισμάτων
1085 4581 1449 4652 ὀλιγωρήσας,
1503 4574 1743 4631 ἀπειλῶν
1788 4590 1841 4627 τε

1956 4597 2077 4651 qute
2132 4594 2233 4650 pro
2276 4579 2420 4635 bono
2474 4587 2530 4635 et
2585 4580 2814 4637 honesto
2848 4580 3223 4652 suscipiuntur
3269 4580 3530 4652 pericula.

269 4674 510 4745 μυρίων,
556 4673 731 4745 ὄχλων
757 4690 818 4728 τε
845 4676 914 4728 τά
947 4672 1215 4744 βασιλέως
1246 4673 1305 4725 ἐν
1348 4671 1448 4741 ῐσῳ
1472 4669 1568 4723 καὶ
1626 4666 1697 4721 τά
1729 4666 1852 4719 θεῖα

262 4768 739 4837 δυσωπουμένων,
792 4765 886 4819 καὶ
937 4764 1293 4837 στρατιωτῶν
1347 4763 1477 4825 τοὺς
1521 4759 1765 4815 τοιοῦτόν
1797 4774 1851 4812 τι

264 4856 688 4930 φθεγξαμένους
739 4858 1168 4930 ἐπιτηρούντων,
1225 4855 1445 4910 πάντων
1488 4854 1698 4915 ἐκεῖνος
1728 4848 1853 4904 τού-

264 4969 390 5006 των
412 4948 501 5005 οἷα
538 4951 714 5007 κενῶν
740 4950 930 5021 ψόφων
963 4950 1408 5020 καταφρονήσας,
1438 4946 1532 5001 καὶ
1558 4946 1660 5000 οὐκ
1682 4942 1851 4998 αὑτοῦ

268 5045 502 5118 μᾶλλον,
529 5046 669 5101 ἀλλά
697 5044 904 5101 παίδων
935 5041 1074 5099 εἶναι
1094 5043 1265 5097 εἰπὼν
1292 5041 1550 5105 τοιαύτας
1579 5040 1852 5111 ὑποφρίτ-

263 5157 394 5193 τειν
449 5138 698 5210 βροντὰς,
729 5138 947 5201 λέοντος
996 5136 1195 5200 ὑποδὺς
1261 5137 1511 5207 ὅρμημα,
1559 5135 1655 5189 καὶ
1685 5135 1765 5196 είς
1794 5130 1856 5185 τὸ

262 5228 376 5284 ’τοῦ
402 5228 535 5283 Θεοῦ
570 5230 717 5302 ἱερὸν
745 5226 1032 5293 εἰσελθὼν,
1062 5228 1150 5281 ἐπ’
1174 5228 1497 5299 ὀκρίϐαντός
1529 5244 1588 5280 τε
1619 5224 1851 5291 ἀναϐὰς,

264 5318 336 5378 οὗ
363 5322 466 5385 τὰς
494 5321 828 5390 ἀναγνώσεις
874 5320 1002 5384 τοὺς
1058 5321 1224 5391 ἱερεῖς
1269 5322 1445 5373 ποιεῖν
1500 5318 1755 5390 σύνηθες,
1790 5321 1856 5389 τῇ

1959 4671 2296 4742 Contemptis
2328 4670 2474 4727 enim
2508 4670 2613 4726 illis
2638 4671 2854 4741 scriptis
2882 4679 2937 4726 et
2965 4671 3217 4740 decretis,
3258 4671 3533 4745 minisque

1960 4764 2480 4832 innumerabilibus,
2543 4764 2809 4832 turbaque
2871 4778 2991 4835 quae
3058 4764 3439 4832 imperatorem
3480 4777 3535 4822 et

1947 4857 2129 4912 'Deum
2159 4871 2226 4912 ex
2271 4872 2426 4926 aequo
2459 4854 2829 4922 reverebatur,
2884 4855 3254 4927 militibusque
3294 4856 3385 4927 qui
3438 4872 3534 4915 eos

1961 4951 2334 5014 observarent,
2367 4950 2667 5020 quiessent
2710 4949 2817 5005 tale
2842 4949 2973 5020 quid
3009 4950 3242 5018 dicturi;
3282 4950 3386 5007 illis
3411 4966 3533 5007 om-

1960 5042 2121 5098 nibus
2182 5043 2526 5114 contemptis,
2562 5052 2818 5111 tanquam
2875 5042 3031 5098 vanis
3081 5043 3419 5113 strepitibus,
3478 5054 3536 5099 et

1957 5134 2146 5191 dicens
2169 5150 2278 5190 non
2319 5149 2441 5191 esse
2471 5148 2652 5202 suum,
2683 5136 2778 5191 sed
2811 5148 3102 5206 puerorum
3147 5136 3275 5191 talia
3309 5137 3537 5192 horrere

1958 5227 2217 5294 tonitrua,
2250 5226 2424 5283 leonis
2461 5227 2766 5297 suscipiens
2797 5228 3085 5298 impetum,
3124 5245 3246 5286 cum
3282 5229 3376 5285 Dei
3400 5238 3539 5287 tem-

1959 5316 2107 5387 plum
2137 5325 2282 5372 esset
2306 5316 2604 5388 ingressus,
2635 5327 2691 5372 et
2743 5328 3057 5388 suggestum
3108 5319 3539 5383 conscendisset,

265 5415 426 5486 χειρὶ
464 5416 623 5484 σιγὴν
671 5413 751 5485 τῷ
820 5414 1015 5487 πλήθει
1072 5413 1319 5486 σημήνας
1371 5413 1466 5468 καὶ
1517 5414 1620 5485 τὴν
1672 5415 1841 5485 φωνὴγ

1968 5412 2022 5466 in
2050 5425 2156 5479 quo
2186 5410 2365 5467 solent
2414 5410 2597 5479 legere
2626 5412 2960 5476 sacerdotes,
3014 5425 3177 5466 manu
3215 5410 3413 5481 populo
3467 5410 3543 5464 si-

267 5508 528 5580 ἐπάραςν
564 5507 630 5562 Εἰ
663 5526 769 5577 τις,
828 5508 956 5581 ἔφη,
1013 5507 1113 5572 τὰς
1165 5508 1440 5579 τέσσαρας
1495 5507 1658 5578 ἁγίας
1728 5524 1841 5561 συν-

1966 5502 2232 5574 gniﬁcans
2266 5501 2564 5569 silentium,
2613 5515 2909 5571 vocemque
2947 5500 3201 5556 attollens
3233 5518 3247 5555 :
3303 5499 3359 5555 Si
3395 5500 3541 5569 quis,

265 5601 434 5666 ὁδους
475 5601 552 5672 μὴ
575 5601 772 5672 ιπίσης
794 5604 907 5665 τοῖς
933 5600 1232 5671 τέσσαρσιν
1261 5599 1619 5669 Εὐαγγελίοις
1643 5601 1853 5672 ἡγοῖτο,

1969 5595 2174 5667 inquit,
2198 5606 2432 5665 quatuor
2465 5602 2686 5651 sanctas
2711 5593 2945 5666 synodos
2976 5608 3084 5650 non
3117 5594 3252 5649 tanti
3281 5608 3404 5649 esse
3425 5590 3544 5647 exi-

351 5756 469 5828 (33)
501 5756 779 5813 Cedreuus
852 5754 1047 5812 scribit
1088 5753 1288 5810 multos
1335 5754 1641 5827 episcopos,
1712 5754 1765 5811 in
1828 5753 2057 5826 gratiam
2130 5724 2498 5825 imperatoris,
2533 5750 2976 5810 Cbalcedonense
3026 5749 3317 5808 concilium
3372 5748 3549 5821 impua

271 5843 503 5898 gnasse.

605 5922 877 5984 Panos.
906 5923 1022 5983 Gn.
1060 5920 1284 5983 CXIV.

3164 5913 3230 5976 17
