3886 6462
340 315 445 377 £23

1573 310 1855 373 MENSIS
1893 305 2348 369 JANUARIUS.

3500 308 3610 375 524

345 429 548 493 stimat,
607 427 792 498 quanti
840 435 1072 496 quatuor
1130 424 1447 497 Evangelia,
1490 425 1565 480 sit
1621 429 1925 480 anathema.

2050 424 2299 492 ανάθεμα
2326 421 2465 474 εστι.)
2543 419 2726 475 Ταῦτα
2764 419 2954 487 εἰπὼν,
3016 426 3109 476 καί
3160 422 3349 497 ὥσπερ
3383 425 3618 497 ἄγγελος

348 520 471 573 Ilaec
510 533 635 577 eum
689 517 940 583 dixisset,
997 527 1049 572 et
1104 525 1360 588 tanquam
1402 517 1628 590 angelus
1676 515 1929 588 populum

344 616 664 670 aidiixisset
712 616 762 668 in
820 613 1264 681 admirationem,
1317 622 1374 670 et
1435 629 1625 670 vocem
1679 614 1931 668 omnibus

348 708 640 762 ademisset
676 720 785 775 prae
817 705 1064 760 miiaculi
1113 705 1506 776 magnitudine,
1554 705 1771 760 silentio
1802 719 1929 773 pro-

342 800 484 852 cedit
545 814 643 867 per
700 799 936 853 medium
991 813 1178 851 eorum
1235 796 1527 852 iacentium
1564 806 1618 852 et
1675 806 1930 864 tanquam

342 891 757 957 dormientium,
792 901 844 944 ct
876 889 1305 944 existimantium
1343 904 1402 943 se
1422 890 1689 943 somnium
1726 888 1929 949 videre,

343 994 447 1032 nun
481 992 663 1033 autem
699 995 827 1035 vere
858 980 910 1033 id
943 979 1085 1048 quod
1119 975 1301 1034 ﬁebat.
1342 976 1407 1031 Et
1434 975 1533 1033 fuit
1567 979 1667 1033 hoc
1711 976 1928 1046 quidem

342 1070 440 1123 viri
504 1081 835 1142 stratageina
882 1087 894 1123 :
958 1084 1022 1123 ex
1071 1084 1178 1139 quo
1225 1069 1400 1125 dictas
1444 1084 1661 1138 quoque
1717 1076 1931 1122 sanctas

339 1164 579 1231 synodos
656 1164 709 1218 in
786 1159 959 1218 sacris
1029 1160 1303 1233 diptycliis
1380 1160 1649 1221 collocare
1721 1167 1930 1213 statue-

344 1264 491 1309 i'nnt.

415 1346 504 1400 5'5.
531 1345 663 1401 Cum
720 1356 841 1417 post
899 1347 1013 1403 haec
1040 1355 1224 1402 autem
1262 1345 1397 1401 nihil
1438 1356 1585 1401 esset
1615 1353 1928 1407 cunctatus,

341 1447 397 1492 et
420 1454 518 1492 nec
547 1453 737 1508 parum
770 1439 987 1509 quidem
1022 1438 1513 1503 substitisset,ohiit
1541 1438 1789 1493 civitates
1811 1452 1932 1506 quae

340 1540 498 1586 erant
558 1531 941 1595 circumcirca,
1003 1530 1300 1601 discipulos
1329 1540 1384 1584 et
1429 1529 1565 1586 alios
1624 1530 1829 1583 zelotas
1864 1543 1928 1582 ex

341 1625 657 1688 solitudine,
686 1624 853 1679 veluti
894 1624 1114 1693 quidam
1176 1625 1287 1679 dux
1332 1623 1446 1696 (54)
1484 1624 1779 1687 exercitus,
1836 1636 1931 1676 eos

340 1717 429 1783 qui
464 1717 567 1772 sub
607 1728 666 1770 se
709 1725 886 1782 erant,
921 1716 1200 1781 inducens,
1243 1716 1451 1786 primus
1480 1729 1666 1783 canos,
1716 1714 1927 1784 primus

337 1808 503 1861 ctiam
537 1806 826 1861 ostendens
858 1812 1168 1876 promptum
1211 1805 1376 1859 animi
1408 1803 1649 1859 studium
1687 1819 1702 1858 :
1737 1816 1927 1857 omnes

336 1899 547 1962 obiens,
597 1897 776 1952 factus
812 1897 1002 1969 omnia.
1053 1897 1330 1962 omnibus,
1398 1895 1662 1951 certiores
1694 1895 1927 1949 reddens

335 2007 430 2046 eos
458 1992 548 2059 qui
584 1990 925 2055 dubitabant,
950 1990 1129 2045 adhuc
1149 1988 1481 2045 coiiﬁrinans
1502 2002 1620 2055 eos,
1652 1988 1741 2057 qui
1767 1995 1925 2043 erant

337 2083 711 2149 stabiles;eos
743 2084 1118 2154 excitans,qui
1151 2081 1698 2145 erantsocordiores,
1735 2094 1924 2136 eorum

338 2177 428 2243 qui
465 2182 623 2232 erant
648 2186 902 2245 prompto
945 2185 1001 2228 et
1039 2174 1210 2229 alacri
1271 2173 1438 2228 animi
1478 2173 1679 2239 studio,
1724 2187 1925 2243 augens

339 2270 716 2339 diligentiam;
753 2268 957 2323 addens
995 2267 1237 2321 animum
1305 2268 1396 2333 iis,
1446 2267 1537 2337 qui
1594 2266 1921 2322 extimesce-

242 2430 255 2441 γ
344 2368 503 2431 bant;
541 2364 841 2418 adhortans
867 2376 981 2427 eos,
1035 2360 1125 2431 qui
1160 2360 1544 2425 decertabant;
1588 2366 1802 2413 terrens
1825 2359 1923 2413 ad-

340 2457 632 2520 versarios,
683 2456 827 2525 quod
878 2463 985 2507 tam
1021 2460 1165 2508 esset
1199 2465 1395 2523 magno
1424 2465 1488 2506 ac
1515 2465 1781 2523 generoso
1809 2450 1925 2505 ani-

340 2565 450 2615 mo,
480 2560 533 2603 iit
576 2550 640 2602 ad
666 2564 793 2604 eum
827 2562 929 2601 non
978 2555 1189 2616 pateret
1220 2545 1437 2611 aditus;
1476 2543 1758 2599 medicinae
1782 2544 1923 2597 cele-

335 2643 497 2698 ritate
560 2656 776 2699 omnem
852 2640 1169 2695 hacreticum
1234 2638 1483 2692 morbum
1548 2636 1883 2707 praeveniens
1902 2652 1921 2701 ;

335 2736 538 2789 docens
564 2748 775 2797 omnes,
806 2732 950 2802 quod
980 2728 1075 2785 Dei
1102 2727 1341 2784 Verbum
1367 2736 1515 2783 esset
1534 2727 1750 2796 quidem
1780 2726 1921 2781 idem

336 2827 494 2881 simul
550 2825 691 2880 Deus
721 2833 774 2878 et
831 2824 1016 2888 homo,
1077 2821 1180 2876 uii'a
1237 2831 1417 2876 autem
1466 2818 1775 2892 hypostasis
1808 2819 1924 2873 sive

334 2932 588 2986 persona,
619 2928 917 2986 utrumque
945 2929 1137 2969 eorum
1171 2914 1378 2969 habens
1409 2921 1623 2981 natura,
1663 2910 1923 2966 divinita-

338 3022 443 3066 tem
480 3012 693 3067 scilicet
725 3021 776 3065 et
801 3008 1219 3063 humanitatem.

407 3103 496 3157 54.
532 3103 611 3156 Ad
654 3116 719 3158 ea
749 3110 954 3167 autem,
1005 3116 1128 3170 qua:
1162 3100 1303 3155 dicta
1341 3107 1491 3164 sunt,
1526 3096 1801 3168 probanda
1829 3098 1922 3151 ad—
1948 3136 1993 3196 α

336 3197 491 3249 duxit
542 3195 689 3249 illam
746 3204 987 3248 sanctam
1039 3193 1302 3264 synodum
1346 3192 1738 3248 meumenicam
1772 3189 1919 3263 KS5),

337 3303 442 3355 qua
486 3288 602 3356 ipsa
635 3301 850 3356 quoque
881 3285 947 3339 de
987 3283 1210 3339 Christo
1237 3283 1319 3340 sic
1352 3284 1482 3355 agit,
1512 3293 1565 3339 et
1597 3297 1661 3338 ea
1714 3283 1930 3365 rationq

334 3377 522 3448 effugit
570 3379 964 3433 declinationes
1021 3376 1423 3441 biereticorum,
1482 3389 1604 3446 quae
1666 3374 1805 3429 .liiint
1868 3375 1923 3430 in

336 3481 627 3539 utramque
680 3478 912 3539 partem.
972 3466 1109 3521 Nam
1173 3482 1261 3534 eo,
1313 3468 1510 3538 inquit,
1561 3466 1702 3535 quod
1758 3481 1921 3521 unam

336 3562 661 3617 conﬁteatur
689 3575 1004 3632 personam,
1026 3559 1240 3630 repellit
1266 3560 1489 3631 impiam
1539 3558 1778 3615 Nestorii
1819 3561 1928 3617 ἤδη

340 3655 502 3709 resim
539 3673 552 3709 :
588 3669 653 3709 eo
678 3663 880 3718 autem,
930 3654 1074 3723 quod
1129 3668 1234 3707 non
1281 3662 1443 3723 neget
1492 3653 1628 3708 duas
1676 3663 1922 3721 naturas,

338 3744 654 3815 Eutychetis
681 3750 737 3797 et
772 3741 1017 3797 Dioscuri
1049 3742 1223 3812 magis
1253 3741 1473 3811 impiam
1516 3742 1773 3797 exturbat
1814 3742 1925 3797 hm~

338 3839 545 3892 resim:
610 3850 790 3905 neque
840 3832 1114 3900 similiter,
1168 3844 1229 3888 ut.
1285 3833 1591 3899 Nestorius,
1637 3835 1918 3891 Christum

334 3944 499 3983 unum
526 3928 773 3984 dividens
817 3928 870 3981 in
902 3927 1039 3982 duos
1064 3926 1204 3982 ﬁlios
1234 3936 1290 3981 et
1321 3925 1714 3998 hyposthases;
1748 3943 1925 3998 neque

334 4018 583 4073 similiter
634 4032 699 4073 ac
743 4016 1035 4088 Eutyches,
1085 4026 1140 4071 et
1188 4015 1502 4083 Dioscorus,
1538 4028 1591 4072 et
1623 4019 1789 4074 etiam
1822 4019 1926 4073 Se»

338 4126 498 4165 veriis
550 4109 686 4180 (56),
741 4110 795 4163 in
844 4124 1004 4164 unam
1054 4108 1394 4165 confundens
1437 4120 1710 4178 naturam,
1763 4111 1925 4168 unius

336 4202 543 4257 scilicet
582 4202 787 4257 Christi
825 4202 1169 4257 divinitatem
1208 4210 1263 4257 et
1321 4201 1736 4257 humanitatem.
1785 4202 1922 4258 Nam

338 4295 459 4365 plus
486 4312 646 4365 quam
683 4311 780 4365 par
808 4295 882 4353 sit
908 4296 1069 4351 habet
1099 4294 1472 4366 unusquisque
1521 4312 1707 4352 eorum
1738 4315 1753 4352 :
1784 4313 1924 4354 unus

336 4382 553 4451 quidem
584 4383 797 4455 fugiens
848 4385 1191 4453 divisionem,
1229 4386 1367 4440 alter
1421 4400 1551 4441 vero
1582 4386 1925 4458 conjunctio-

2038 512 2393 582 καταπλήξας
2422 512 2482 565 τὸ
2507 512 2731 581 πλῆθος,
2769 513 2986 567 πάντων
3018 531 3077 567 τε
3126 514 3223 585 τὴν
3273 517 3459 589 φωνὴν
3508 521 3619 588 ἀφ-

2037 604 2175 657 ελὼν
2201 604 2278 675 τῷ
2313 604 2532 673 μεγέθει
2564 604 2659 657 τοῦ
2693 603 2991 676 θαύματος,
3023 608 3148 677 σιγῇ
3181 607 3267 660 διὰ
3300 608 3483 678 μέσων
3514 611 3619 662 αὑ-

2035 698 2145 750 τῶν
2172 697 2448 764 σιγώντων
2488 695 2705 767 ἐχώρει,
2759 696 3066 768 καθαπερεὶ
3119 696 3495 753 καθευδόντων
3525 701 3623 754 καὶ

2028 787 2167 860 δναρ
2195 786 2415 857 βλέπειν
2449 788 2734 859 οἰομένων,
2765 790 2863 859 οὑχ
2879 788 2955 853 ὡς
2977 788 3194 861 ἀληθῶς
3212 790 3272 843 τὸ
3296 791 3617 862 γενόμενον.

2033 881 2147 934 Καὶ
2172 878 2456 951 τοῦτοομὲν
2482 880 2694 933 τοιοῦτο
2723 880 2817 934 τοῦ
2868 881 3059 952 ἀνδρὸς
3095 882 3488 954 στρατήγημα,
3522 885 3621 951 ἀφ’

2036 966 2099 1025 οῦ
2127 972 2190 1044 δη
2217 974 2308 1025 καὶ
2338 973 2435 1036 τὰς
2465 973 2769 1043 εἰρημένας
2823 973 2986 1041 ἁγίας
3024 974 3275 1039 συνόδους
3311 977 3368 1029 ἐν
3402 977 3515 1040 τοῖς
3543 977 3620 1029 ἰε-

2037 1066 2148 1136 ροῖς
2177 1062 2461 1135 διπτύχοις
2500 1063 2558 1129 ἐξ
2588 1065 2796 1119 ἐκείνου
2822 1067 3036 1120 τάττειν
3082 1067 3364 1138 ἐνόμισαν.

2102 1340 2201 1410 νγ’.
2233 1340 2389 1396 Μετά
2420 1336 2669 1395 δὲταῦτα
2698 1342 2866 1413 μηδὲν
2900 1342 3199 1414 μελλήσας,
3231 1343 3368 1415 μηδὲ
3414 1345 3620 1415 μικρὸν

2033 1432 2273 1505 ἐπισχὼν
2300 1435 2401 1498 τὰς
2432 1433 2592 1505 πέριξ
2635 1434 2775 1505 διῄει
2818 1435 3028 1500 πόλεις,
3071 1436 3199 1498 τοὺς
3221 1437 3485 1507 φοιτητὰς
3517 1437 3621 1490 καὶ

2031 1525 2224 1590 ἄλλους
2244 1525 2491 1595 ζηλωτὰς
2520 1528 2584 1579 ἐκ
2619 1526 2715 1598 τῆς
2738 1526 2994 1598 ἐρημίας,
3015 1527 3266 1600 καθάπερ
3291 1546 3374 1591 τις
3406 1545 3621 1599 στρατο

2034 1618 2190 1687 ηγδς,
2239 1619 2365 1682 τοὺς
2410 1618 2502 1672 ὑπ’
2547 1618 2709 1672 αὑτὸν
2765 1619 3126 1690 ἐπαγόμενος,
3175 1622 3204 1672 ὁ
3262 1628 3478 1691 πρῶτος
3515 1620 3623 1690 τὴν

2036 1711 2249 1778 πολιὰν,
2294 1712 2511 1783 πρῶτός
2547 1729 2607 1766 τε
2641 1713 2740 1784 τὴν
2774 1712 3085 1784 προθυμίαν
3125 1713 3618 1779 ἐπιδεικνύμενος·

1957 1782 2003 1842 Β
2034 1806 2241 1868 πάντας
2292 1808 2542 1878 περιϊὼν,
2574 1808 2709 1859 πᾶσι
2767 1806 2836 1859 τὰ
2899 1807 3427 1876 πάντα·γινόμενος,
3486 1809 3623 1870 τοὺς

2029 1898 2369 1970 ἀμφιϐόλους
2394 1898 2779 1971 πληροφορῶν,
2798 1900 2924 1964 τοὺς
2951 1898 3203 1969 βεϐαίους
3219 1899 3620 1970 ἐπιστηρίζων,

2028 1992 2316 2045 διανιστῶν
2355 1992 2483 2054 τοὺς
2514 1991 2950 2063 ρᾳθυμοτέρους,
2998 1991 3109 2045 τῶν
3136 1990 3441 2063 προθύμων
3489 1993 3624 2044 ἐπι-

2027 2084 2220 2139 τείνων
2245 2083 2343 2156 τὴν
2408 2083 2751 2154 ἐπιμέλειαν,
2780 2085 2907 2147 τοὺς
2949 2084 3265 2148 δειλιῶντας
3312 2084 3625 2157 έπιθαρῤύο

2029 2194 2158 2242 νων,
2194 2179 2308 2241 τοῖς
2340 2175 2771 2247 ἀγωνιζομένοις
2800 2177 3250 2249 ἐγκελευόμενος,
3275 2178 3457 2247 φοῦὦν
3487 2179 3625 2240 τοὺς

2027 2268 2357 2332 ἀντιπάλους
2384 2266 2461 2338 τῷ
2486 2267 2771 2339 ἀπροσίτῳ
2824 2268 2924 2339 τῆς
2976 2270 3379 2337 γενναιότητος,
3428 2272 3622 2324 πᾶσαν

2027 2358 2312 2429 αἰρετικὴν
2348 2357 2900 2429 προκαταλαμϐάνων
2955 2360 3111 2414 νόσον
3166 2360 3245 2431 τῷ
3302 2363 3461 2431 τάχει
3509 2360 3623 2429 τῆς

2031 2450 2292 2520 ἰατρείας,
2323 2450 2593 2505 διδάσκων
2628 2450 2902 2516 ἅπαντας,
2936 2452 3009 2516 ὡς
3060 2454 3087 2506 δ
3126 2454 3222 2507 τοῦ
3261 2453 3398 2507 Θεοῦ
3429 2456 3615 2522 Λόγος

2027 2543 2113 2614 εἴη
2148 2543 2246 2612 μὲν
2272 2542 2438 2605 αὐτὸς
2467 2540 2606 2612 ὁμοῦ
2635 2542 2767 2606 Θεὸς
2800 2544 2895 2596 καὶ
2925 2544 3235 2615 ἄνθρωπος,
3278 2546 3375 2615 μία
3403 2545 3463 2598 δὲ
3486 2546 3625 2598 τού-

2025 2653 2120 2689 του
2150 2636 2469 2700 ὑπόστασις,
2498 2635 2704 2689 εἰτόῦν
2729 2636 3039 2707 πρόςωπον,
3066 2638 3229 2707 φύσει
3250 2638 3455 2692 τούτων
3477 2639 3623 2693 ἑκά·

2025 2745 2184 2800 τερον
2222 2728 2420 2799 ἔχουσα
2462 2727 2561 2798 τὴν
2589 2726 2816 2799 θεότητα
2854 2729 3055 2801 δηλαδὴ
3100 2730 3201 2809 και)ξ
3239 2731 3338 2801 τὴν
3396 2730 3622 2803 ἀνθρω-

2029 2822 2259 2893 πότητα.

2096 3089 2191 3143 νδν.
2230 3088 2456 3163 ’Ῑκανὴν
2479 3090 2536 3144 δὲ
2573 3088 2949 3146 πιστώσασθαι
2979 3092 3049 3146 τὰ
3082 3093 3349 3166 εἰρημένα
3380 3094 3475 3149 καὶ
3509 3096 3623 3165 τὴν

2027 3181 2189 3250 ἁγίαν
2213 3183 2429 3256 ἐκείνην
2455 3184 2549 3240 καὶ
2571 3184 2959 3255 οίκουμενικὴν
3002 3188 3302 3258 παρήγαγε
3362 3187 3621 3256 σύνοδον,

2024 3272 2167 3328 οὑτω
2196 3276 2608 3349 πρεσϐεύουσαν
2637 3278 2779 3353 ὑπὲρ
2836 3278 3075 3350 Χριστοῦ
3134 3281 3227 3333 καὶ
3279 3281 3470 3352 αὑτὴν,
3506 3284 3618 3335 καὶ

2025 3369 2194 3440 ταύτῃ
2226 3370 2326 3434 τὰς
2352 3370 2440 3424 ἐπ’
2476 3372 2767 3442 ἀμφότερα
2828 3371 2938 3423 τῶν
2991 3371 3288 3443 αἰρετικῶν
3335 3392 3627 3446 παρατρε-

2026 3462 2133 3524 πάς
2163 3461 2591 3531 διαφεύγουσαν.
2622 3461 2712 3533 Τῷ
2744 3464 2845 3533 μὲν
2873 3463 2982 3534 γὰρ
3010 3464 3085 3524 ἓν,
3135 3466 3291 3534 φησὶ,
3320 3466 3622 3535 πρόσωπον

2028 3556 2333 3624 ὁμολογεῖν,
2356 3556 2455 3625 τὴν
2487 3555 2728 3626 δυσσεϐῆ
2796 3555 2892 3609 τοῦ
2932 3556 3229 3628 Νεστορίου
3270 3559 3482 3627 αἵρεσιν
3529 3560 3627 3613 δι-

2029 3648 2248 3702 ωθεῖται
2272 3664 2285 3677 ο
2314 3647 2391 3719 τῷ
2420 3647 2476 3700 δὲ
2512 3648 2611 3711 τὰς
2644 3647 2737 3702 δύο
2767 3648 2959 3718 φύσεις
3010 3650 3084 3721 μὴ
3117 3650 3478 3722 ἐξαρνείσθαι,
3512 3651 3623 3723 τὴν

2027 3740 2108 3793 ἔτι
2140 3740 2575 3813 δυσσεϐεστέραν
2600 3740 2878 3813 Εὑτυχοῦς
2911 3759 2969 3796 τε
3008 3743 3104 3795 καὶ
3156 3743 3447 3813 Διοσκόρου
3484 3760 3624 3796 συνο

2028 3836 2238 3906 αἰρεσιν
2309 3835 2720 3902 ἀποκρούεταιο
2772 3833 2910 3904 μ’ήτε
2989 3832 3131 3887 κατά
3183 3834 3477 3906 Νεστὸριον
3530 3836 3625 3898 εἰς

2029 3928 2177 3989 υἱοὺς
2208 3926 2301 3978 δύο
2330 3926 2425 3977 καί
2450 3925 2780 3988 ὑποστάσεις
2828 3925 3031 3993 ὁμοίως
3062 3927 3154 3978 τὸν
3185 3926 3277 3978 ἕνα
3324 3926 3626 3997 διαιροῦσα

2027 4020 2284 4089 Χριστὸν,
2328 4022 2463 4089 μήτε
2506 4018 2614 4089 μὴν
2647 4019 2861 4090 Εὑτυχῇ
2905 4021 2997 4072 καὶ
3047 4021 3344 4091 Διοσκόρῳ,
3378 4021 3513 4091 πρὸς
3554 4021 3624 4074 δὲ

2027 4114 2121 4165 καὶ
2146 4113 2374 4183 Σευήρῳ
2406 4110 2828 4182 παραπλησίως,
2866 4113 2946 4172 εἰς
3000 4110 3131 4181 μίαν
3168 4112 3473 4182 συγχέουσα
3506 4113 3624 4178 φύε

2030 4220 2133 4267 σιν,
2162 4202 2260 4273 τὴν
2291 4202 2387 4255 τοῦ
2421 4202 2537 4263 ἐνὸς
2566 4200 2804 4271 Χριστοῦ
2837 4200 3068 4271 θεότητά
3094 4218 3153 4253 τε
3188 4205 3284 4254 καί
3323 4202 3624 4271 ἀνθρωπό-

2026 4312 2184 4365 τητα.
2221 4293 2388 4348 Πλέον
2437 4293 2609 4365 γὰρῆ
2650 4293 2830 4356 καλῶς
2879 4293 2990 4363 έχει
3046 4292 3252 4346 τούτων
3298 4293 3550 4356 ἕκαστος,
3592 4297 3627 4347 ὁ

2032 4386 2131 4457 μὲν
2156 4389 2255 4458 τὴν
2284 4386 2570 4460 διαίρεσιν,
2602 4387 2629 4439 ὁ
2675 4384 2731 4438 δὲ
2767 4385 2864 4454 τὴν
2903 4384 3216 4455 συναίρεσιν
3260 4383 3621 4453 ἀποφεύγων

339 4487 460 4528 ncm
498 4491 511 4528 :
550 4474 639 4530 ille
675 4474 893 4546 quidem
928 4477 994 4530 ad
1039 4476 1160 4543 hoc,
1209 4484 1269 4531 ut
1315 4477 1451 4532 duos
1499 4478 1702 4534 diceret
1744 4479 1921 4548 ﬁlios;

2032 4482 2056 4532 ὁ
2092 4478 2191 4550 μὲν
2254 4478 2334 4539 εἰς
2384 4478 2443 4529 τὸ
2489 4477 2581 4529 δύο
2622 4476 2804 4544 λέγειν
2856 4475 3029 4541 υἱοὺς,
3068 4476 3117 4527 οἰ
3167 4475 3223 4528 δὲ
3268 4477 3347 4537 εἰς
3378 4475 3438 4529 τὸ
3475 4476 3625 4546 μηδὲ

338 4565 429 4619 alii
454 4579 604 4631 vero,
645 4576 702 4621 ut
751 4582 818 4621 ne
844 4582 1011 4621 unum
1043 4568 1260 4635 quidem
1296 4568 1514 4639 proprie
1568 4568 1736 4625 filium
1785 4572 1921 4627 lateo

336 4668 545 4722 rentur,
575 4657 776 4713 misere
825 4660 1172 4714 exciderunt.
1207 4658 1342 4713 Nam
1398 4659 1651 4715 Nestorio
1679 4662 1921 4732 quidem,

334 4750 593 4817 quoniam
619 4752 803 4819 utique
828 4750 1466 4814 timebatconfusionem,
1502 4752 1650 4805 venit
1684 4753 1734 4805 in
1769 4769 1922 4808 men-

335 4852 466 4907 tem,
504 4850 562 4895 iit
598 4842 807 4903 diceret
860 4843 1176 4899 habitudine
1212 4845 1384 4896 solum
1432 4858 1485 4899 et
1517 4844 1777 4915 dignitate
1828 4862 1920 4901 seu

340 4934 670 4989 auctoritate
716 4933 917 4991 factam
973 4949 1095 4990 esse
1148 4936 1452 4990 divinitatis
1476 4936 1919 5006 coniunctionem

403 5132 517 5203 (54)
540 5131 665 5186 llaec
695 5131 859 5187 refert
896 5132 1162 5191 Baroniiis
1189 5136 1253 5189 ad
1300 5152 1389 5189 an.
1418 5134 1519 5189 Cli.
1568 5133 1698 5197 5H,
1731 5134 1818 5185 ulii
1856 5150 1911 5188 η.

332 5204 421 5268 56,
481 5216 554 5257 ita
587 5203 855 5257 exclamat
908 5221 921 5257 :
969 5222 986 5255 ι
1030 5203 1139 5259 lloc
1185 5217 1459 5259 certamen
1521 5206 1698 5273 magni
1742 5203 1918 5258 Theo-

332 5274 493 5338 dosii,
524 5288 684 5342 quem
715 5273 823 5326 vita
861 5275 1075 5343 angelis
1099 5277 1240 5329 haud
1289 5279 1483 5344 impar.
1509 5287 1564 5330 et
1600 5278 1652 5328 in
1676 5277 1918 5328 editione

332 5346 612 5413 signorum
676 5358 740 5397 ac
791 5346 1225 5413 propugnatione
1285 5346 1565 5399 catholica:
1617 5345 1866 5398 veritatis
1902 5385 1917 5408 ,

333 5414 594 5482 apostolis
656 5418 1016 5482 comparanda
1065 5456 1080 5480 ,
1142 5415 1371 5470 miriﬁce
1441 5415 1768 5468 nobilitavit.
1842 5414 1917 5466 lia

337 5481 711 5551 plaiie‘deciiit
755 5481 1056 5552 p’rieconeui
1095 5486 1342 5538 veritatis
1392 5484 1764 5553 hujuscemodi
1787 5500 1923 5537 cun-

335 5554 587 5608 fessionis
618 5554 921 5622 insignibus
940 5556 1212 5621 decorari,
1254 5572 1275 5605 ι
1319 5564 1424 5608 etc.

406 5623 521 5691 (55)
558 5622 1051 5679 Clialccdmiensein
1086 5625 1360 5692 intelligit.
1391 5690 1427 5692 Δ
1566 5690 1590 5692 Α
1786 5662 1790 5666 .

403 5695 518 5765 {56)
552 5692 649 5765 Hic
695 5694 905 5765 plenius
938 5690 1274 5749 describitur
1301 5699 1351 5746 in
1386 5690 1525 5765 Vita
1559 5690 1616 5745 S.
1652 5692 1830 5765 Sabar,
1867 5693 1921 5744 in

338 5762 506 5833 eijns
536 5762 696 5831 epist.
751 5764 911 5820 citata
963 5766 1272 5838 appellatur
1329 5781 1346 5811 ι
1383 5762 1621 5815 omnium
1657 5763 1919 5816 maturum

2028 4570 2121 4623 τὸν
2164 4569 2262 4622 ’ἐνα
2296 4569 2501 4638 κυρίως
2526 4566 2812 4637 ὁμολογεῖν
2849 4567 3047 4629 ἀθλίως
3091 4565 3369 4630 ἐξέπεσον.
3409 4568 3629 4619 Nesco-

2036 4664 2135 4735 ρὶῳ
2169 4662 2267 4732 μὲν
2296 4661 2405 4731 γὰρ
2429 4658 2505 4729 τῷ
2526 4658 2757 4711 δεδιέναι
2780 4658 2939 4728 δῆθεν
2982 4658 3079 4728 τὴν
3112 4657 3396 4727 σύγχυσιν,
3432 4661 3624 4729 σχέσει

2036 4757 2198 4827 μόνον
2225 4754 2459 4824 ἐπῆλθεν
2491 4754 2666 4805 εἰπεῖν
2699 4753 2790 4806 καὶ
2826 4753 2952 4822 ἀξίᾳ
2987 4751 3085 4805 εἴτ’
3107 4751 3200 4805 οῦν
3232 4752 3488 4823 αὐθεντίᾳ
3515 4752 3624 4822 τὴν

2034 4850 2133 4919 τῆς
2195 4847 2450 4915 θεότητος
2502 4845 2703 4898 ἕνωσιν
2771 4843 3027 4913 γενέσθαι
3084 4846 3151 4913 τῇ
3210 4842 3625 4913 ἀνθρωπόττβι,

2032 4939 2175 4993 ὥστε
2229 4937 2367 5009 μετά
2421 4938 2530 4991 τῶν
2561 4936 2778 5005 φύσεων
2817 4938 2913 4989 καὶ
2948 4936 3277 4999 ὑποστάσεις
3315 4935 3459 4989 πάνυ
3487 4935 3629 4988 δυσ·
3682 4936 3689 4940 ’

2026 5148 2217 5192 auctor
2235 5146 2398 5207 atque
2433 5138 2606 5207 origo.
2648 5156 2667 5189 ι
2704 5136 2871 5207 Idem,
2923 5153 2942 5207 ι
2973 5134 3316 5189 Clementino
3350 5145 3405 5189 et
3438 5137 3630 5193 Probo

2028 5223 2173 5262 coss.
2225 5205 2321 5259 an.
2365 5209 2494 5261 Chr.
2527 5205 2693 5268 ‘5l5,
2750 5205 3096 5276 Eutychen:
3121 5207 3359 5267 perlidite
3418 5209 3630 5271 cultor,

2028 5280 2321 5332 Anastasio
2353 5279 2568 5331 Caesare
2591 5276 2828 5338 volente,
2856 5273 3039 5330 sedem
3061 5273 3301 5327 Flaviani
3330 5280 3630 5343 aiitismis,

2027 5362 2091 5401 ex
2119 5349 2387 5401 monacho
2423 5346 2601 5401 factus
2625 5350 2933 5414 episcopus,
2975 5351 3278 5413 occupavit.
3313 5364 3342 5414 γι
3365 5344 3442 5398 lta
3471 5348 3631 5399 Mai-

2031 5416 2257 5471 ('c|linus
2295 5419 2345 5471 in
2392 5416 2596 5473 Chron.
2635 5413 2823 5485 Hujus,
2855 5417 2907 5468 in
2947 5415 3241 5469 niOiiacltus
3297 5413 3471 5484 Syiia-
3498 5419 3628 5470 dira

2034 5488 2338 5555 persecutio
2363 5484 2747 5541 etcarnil‘iciiia
2774 5486 3008 5538 refertur
3035 5486 3086 5537 in
3120 5488 3349 5551 epistola
3378 5490 3442 5537 ad
3475 5484 3631 5539 Hor-

2038 5558 2262 5609 niisdam
2284 5573 2472 5624 papam
2508 5560 2712 5625 scripta
2746 5559 2812 5610 ab
2849 5557 3298 5610 archiiiianuritis
3336 5569 3390 5608 ct
3430 5555 3632 5612 mena;

2032 5628 2150 5679 cliis
2206 5631 2453 5680 secunda:
2511 5628 2723 5695 Syria};
2776 5636 2949 5698 exstat
3009 5641 3070 5678 ea
3112 5641 3234 5678 cuin
3298 5630 3635 5698 subscriptis

2033 5697 2344 5751 nominibus
2369 5698 2509 5752 inter
2537 5694 2796 5767 epistolas
2842 5694 3166 5752 Hiiriiilsdze.
