3886 6462
374 383 476 447 {21

1585 380 1870 443 MENSIS
1908 359 2369 444 JANUARIUS’.

3532 380 3647 444 5°28

372 496 582 558 csnulsi
625 495 839 550 fuerant
873 508 903 549 e
930 492 1043 548 suis
1075 491 1324 554 sedibus,
1361 491 1412 545 itt
1445 505 1538 547 eas
1571 492 1804 562 gloriose
1828 502 1956 549 sunt

2070 492 2130 547 Ui
2159 493 2216 548 δέ
2250 511 2315 562 γε
2348 494 2457 548 τῶν
2484 494 2698 548 οἰκείων
2750 492 3136 558 ἀπελαθέντες,
3167 493 3253 547 ἐπ’
3282 494 3486 559 αὐτοὺς
3531 494 3645 548 πά-

372 588 648 652 restituti,
695 596 749 644 et
794 587 944 657 gregi
1007 600 1105 641 suo
1161 585 1535 655 unusquisque
1580 586 1822 641 redditus
1874 596 1959 642 est

374 681 718 737 mirabiliter.

438 773 526 825 57.
560 774 650 829 Sic
692 772 780 826 ille
809 782 1185 836 conservatus,
1236 785 1340 825 non
1375 770 1441 823 iis
1494 768 1691 834 solum,
1727 768 1815 837 qui
1859 767 1958 822 atl-

370 874 524 920 erant
560 874 614 920 et
664 864 983 935 spectabant
1012 862 1339 930 certamina,
1391 861 1484 917 sed
1545 860 1614 918 iis
1644 860 1832 925 etiam,
1866 862 1956 929 qui

371 959 592 1013 omnino
621 958 780 1028 longe
808 966 962 1012 erant
991 956 1207 1024 remoti,
1265 954 1367 1009 fuit
1391 955 1689 1010 admonitio
1723 963 1777 1009 et
1811 952 1960 1008 zelus

368 1048 435 1101 ad
467 1048 747 1103 virtutem.
789 1045 924 1101 Nam
970 1062 1095 1102 cum
1124 1046 1192 1102 de
1217 1060 1283 1102 eo
1335 1044 1759 1111 intellexissent,
1793 1051 1848 1099 et
1866 1043 1957 1112 qui

372 1141 570 1197 veteris
604 1140 790 1197 Romae
821 1139 1003 1195 sedem
1028 1139 1252 1209 pulchre
1278 1138 1511 1204 tenebat,
1541 1138 1610 1207 (is
1629 1146 1810 1193 autem
1842 1144 1960 1191 erat

370 1233 634 1304 Agapitus
664 1232 778 1304 (38)
807 1240 861 1287 et
915 1231 1007 1303 qui
1044 1229 1440 1286 Antiochenam
1504 1229 1689 1284 sedem
1738 1228 1959 1298 regebat

372 1327 631 1398 Ephraim
686 1326 832 1399 (39);
887 1326 986 1396 ipsi
1043 1340 1258 1395 quoque
1305 1324 1502 1380 litteris
1537 1332 1741 1378 rectam
1790 1321 1953 1378 fidem

374 1421 741 1492 praedicabant
768 1434 782 1473 :
815 1419 865 1474 in
892 1419 1088 1489 quibus
1119 1417 1284 1487 multa
1317 1432 1533 1489 quoque
1574 1428 1702 1473 sunt
1737 1416 1805 1472 ad
1843 1415 1960 1475 latt-

372 1513 496 1569 dem
532 1513 695 1582 hujus
730 1512 876 1568 beati
894 1512 1216 1582 composita,
1254 1527 1373 1582 qua:
1404 1526 1508 1566 non
1537 1510 1798 1565 minorem
1829 1507 1960 1564 alie-

373 1605 565 1660 rebant
606 1602 835 1674 gloriam
885 1602 987 1667 iis,
1034 1602 1125 1671 qui
1178 1602 1533 1672 scripserant,
1584 1615 1746 1670 quam
1780 1600 1831 1656 ei
1860 1599 1954 1669 qui

371 1694 722 1762 laudabatur;
785 1693 928 1764 quod
985 1693 1089 1748 u'on
1140 1694 1206 1748 ad
1245 1693 1498 1762 gratiam,
1552 1690 1646 1747 sed
1698 1690 1857 1762 plane
1890 1692 1959 1745 ad

372 1787 658 1843 veritatem
719 1784 874 1839 ﬁeret
929 1783 1188 1838 laudatio.
1225 1782 1490 1851 Quoniam
1519 1792 1697 1837 autem
1738 1781 1959 1838 difﬁcile

2059 585 2143 639 λιν
2170 586 2410 650 εὐκλεῶς
2433 586 2790 653 ἀνεσώζοντο,
2818 585 2912 640 καὶ
2939 588 3006 656 τῇ
3036 587 3240 658 ποίμνῃ
3269 586 3475 641 τούτων
3502 587 3642 641 ἐκα-

2064 693 2190 740 στος
2215 680 2281 749 τῇ
2315 678 2420 751 ἰδίᾳ
2454 680 2786 753 θαυμαστῶς
2809 683 3145 740 ἀπεδίδοντο.

2133 765 2230 831 νζ’.
2265 767 2453 834 Οὕτως
2474 772 2687 836 ἐκεῖνος
2715 772 3003 839 διασωθεὶς
3048 776 3110 828 οὐ
3135 777 3250 840 τοῖς
3282 775 3517 847 παροῦσι
3541 775 3646 847 p.6-

2060 874 2149 911 νον
2174 859 2271 912 καὶ
2321 860 2542 925 θεαταῖς
2592 862 2704 917 τῶν
2751 863 3003 933 ἀγώνων,
3037 866 3174 920 ἀλλὰ
3197 866 3427 931 καὶτοῖς
3451 867 3650 940 πόρρω

2061 948 2323 1019 πάμπολυ
2363 949 2709 1021 διεστηκόσιν
2764 953 3069 1024 ὑπόμνησις
3130 955 3267 1026 πρὸς
3310 955 3513 1027 ἀρετὴν
3548 955 3649 1008 καὶ

2061 1036 2224 1109 ζῆλον
2245 1038 2508 1109 κατέστη.
2562 1040 2716 1093 Ἐπεὶ
2755 1042 2864 1112 γὰρ
2898 1043 2999 1114 ηδη
3026 1043 3095 1097 τά
3117 1044 3240 1097 κατ’
3260 1044 3422 1098 αὐτὴν
3439 1044 3649 1115 ἔμαθον

2062 1128 2090 1182 ὅ
2118 1144 2177 1180 τε
2210 1128 2310 1199 τῆς
2344 1130 2725 1201 πρεσϐυτέρας
2774 1131 2991 1204 Ῥώμης
3024 1136 3137 1198 τοῖς
3172 1134 3383 1204 θρόνοις
3432 1134 3650 1206 ἐμπρέ-

2063 1237 2204 1283 πων,
2248 1220 2512 1290 ’Δγάπιος
2565 1218 2720 1287 οὗτος
2754 1219 2843 1296 ἦν,
2891 1226 2919 1279 ὅ
2956 1242 3015 1278 τε
3047 1225 3158 1278 τῶν
3184 1226 3283 1297 τῆς
3322 1228 3649 1299 Ἀντιοχέων

2064 1313 2473 1386 ἐπειλημμένος
2518 1316 2717 1386 Ἐφραῖ
2735 1334 2794 1388 μ,
2820 1317 3115 1389 γράμμασι
3132 1320 3392 1374 καλαῦτοὶ
3426 1322 3524 1392 τὴν
3547 1321 3650 1392 ὁρ-

2063 1406 2164 1476 θὴν
2195 1407 2562 1475 ἁνεκὴρυττον
2583 1405 2763 1471 δόξαν,
2789 1407 2847 1458 ἐν
2887 1402 2970 1471 οἷς
3008 1408 3101 1460 καὶ
3150 1407 3321 1462 πολλά
3348 1409 3427 1479 τῷ
3464 1426 3653 1481 μακα-

2063 1498 2165 1569 ρίῳ
2201 1498 2338 1568 πρὸς
2387 1497 2611 1552 ἔπαινον
2661 1498 2924 1568 συνετέθη
2991 1503 3104 1563 τοῖς
3160 1501 3435 1572 γράψασιν
3488 1502 3650 1556 οὐδὲν

2060 1583 2224 1661 ἦττον
2258 1588 2291 1659 ἢ
2319 1588 2397 1660 τῷ
2423 1589 2804 1660 ἐπαινουμένῳ
2831 1590 2891 1642 τὸ
2927 1589 3083 1653 κλέος
3128 1592 3538 1661 περιποιοῦντα,
3567 1592 3651 1663 τῷ

2067 1680 2141 1750 μὴ
2177 1679 2313 1749 πρδς
2337 1678 2519 1749 χάριν,
2548 1676 2695 1732 ἀλλὰ
2718 1677 2905 1748 σαφῶς
2942 1679 3081 1749 πρὸς
3110 1680 3367 1752 ἀλήθειαν
3386 1682 3651 1751 γενέσθαι

2062 1769 2161 1842 τὴν
2190 1770 2489 1843 εὐφημίαν.
2537 1770 2691 1824 Ἐπεὶ
2720 1770 2776 1825 δέ
2800 1771 3033 1842 χαλεπὸν
3067 1774 3160 1827 καὶ
3199 1775 3340 1828 κατὶ
3373 1776 3541 1845 μέρος
3574 1775 3654 1829 τὰ

370 1890 455 1936 est
499 1893 788 1934 recensere
817 1878 999 1934 omnia
1026 1876 1144 1947 ejus
1173 1876 1467 1931 certamina
1504 1890 1601 1946 pro
1650 1874 1754 1930 title
1769 1876 1956 1931 ortho-

2070 1862 2204 1933 ὑπὲρ
2234 1862 2338 1933 τῆς
2366 1861 2677 1935 ὀρθοδοξίας
2712 1861 2879 1918 αὐτοῦ
2908 1865 3270 1937 παλαίσματα
3294 1868 3647 1937 καταλέγειν,

369 1971 531 2038 doxa,
567 1979 782 2041 oportet
841 1969 980 2030 illud,
1013 1970 1069 2023 in
1121 1982 1333 2022 summa
1378 1966 1585 2030 dicere,
1640 1964 1784 2034 qubd
1851 1964 1953 2036 ipsi

369 2079 590 2135 quoque
622 2078 748 2120 cum
795 2063 1066 2132 Propheta
1119 2061 1168 2093 ”
1223 2060 1472 2115 inimicos
1526 2058 1731 2114 Christi
1775 2058 1957 2114 odisse

372 2155 691 2210 mirabiliter
750 2153 973 2209 inerat:
1014 2152 1249 2207 maxime
1304 2156 1485 2205 autem
1525 2148 1847 2205 ostendebat
1897 2162 1958 2204 se

371 2246 614 2302 aversari
662 2243 954 2316 Origenem
1007 2242 1144 2315 (ίοί,
1182 2241 1275 2313 qui
1326 2240 1657 2297 existimavit
1712 2254 1870 2295 suum
1900 2239 1954 2295 in

372 2338 478 2393 hoc
519 2335 827 2408 ponendum
885 2334 1121 2390 studium
1150 2373 1165 2400 ,
1210 2340 1267 2388 ut
1323 2331 1520 2388 divinae
1584 2330 1953 2400 apostolorum

371 2428 743 2498 praedicationi
779 2441 948 2499 nugas
985 2434 1301 2483 contexeret
1342 2422 1722 2497 geutilium,et
1748 2422 1958 2480 luderet

373 2524 425 2578 in
459 2520 622 2578 rebus
650 2519 875 2575 minime
902 2517 1150 2573 ludicris.

2062 1957 2247 2010 ἐκεῖνο
2277 1954 2361 2009 δεῖ
2397 1954 2717 2021 συνελόντας
2744 1957 2940 2021 εἰπεῖν,
2977 1959 3058 2011 ὅτι
3079 1960 3172 2013 καὶ
3202 1959 3351 2029 αὐτῷ
3380 1961 3519 2029 μετὰ
3548 1961 3652 2015 τοῦ

2064 2049 2354 2121 Προφήτου
2375 2048 2500 2111 τοὺς
2527 2048 2755 2121 ἐχθροὺς
2785 2052 2966 2119 μισεῖν
2985 2051 3081 2105 τοῦ
3099 2052 3337 2124 Χριστοῦ
3353 2054 3654 2126 διαφερόνσι

2063 2158 2171 2204 τως
2232 2141 2411 2211 ἐπῆν·
2442 2141 2677 2210 μάλιστα
2721 2140 2879 2213 δῆλος
2929 2138 2997 2213 ἦν
3055 2143 3123 2196 τά
3150 2143 3480 2215 ’Ὦριγένους
3539 2147 3656 2199 ἀπ-

2063 2232 2462 2305 εστραμμένος,
2489 2233 2548 2298 ὃς
2580 2233 2658 2304 τῷ
2683 2232 2812 2304 θείῳ
2855 2233 2964 2287 τῶν
2998 2235 3311 2291 ἀποστόλων
3328 2239 3654 2309 κηρύγματι

2064 2325 2265 2397 λήρους
2290 2326 2561 2394 συνείρειν
2596 2327 2884 2399 Ἑλλήνων,
2930 2330 3022 2383 καὶ
3050 2329 3184 2383 αὐτὸ
3227 2329 3385 2385 τοῦτο
3426 2331 3656 2397 παίζειν

2066 2417 2125 2471 ἐν
2142 2417 2204 2473 οὐ
2235 2423 2488 2484 παικτοίς
2522 2421 2759 2493 σπουδῆς
2792 2421 2940 2488 ἄξιον
2964 2421 3269 2487 ἐλογίσατο.

1779 2633 2010 2693 CAPUT
2039 2633 2182 2689 XIV.

1186 2753 1388 2812 Cancer
1417 2754 1676 2813 miraculo
1710 2762 1929 2810 curatus
1971 2769 1991 2809 :
2021 2753 2345 2825 frumentum
2376 2751 2806 2821 multiplicatum.

444 2869 533 2926 58.
566 2868 675 2925 Sed
716 2877 931 2938 tempus
977 2877 1061 2925 est
1106 2870 1422 2925 transeundi
1454 2869 1523 2925 ad
1550 2885 1635 2934 ea,
1660 2884 1781 2941 qua:
1806 2868 1958 2925 dein-

2139 2863 2242 2939 νη’.
2270 2866 2417 2938 Πλὴν
2451 2864 2591 2921 ἀλλά
2626 2864 2748 2937 ὥρα
2770 2866 2866 2921 καὶ
2895 2865 3031 2938 πρὸς
3047 2867 3114 2923 τά
3158 2868 3284 2939 ἑξῆς
3315 2867 3648 2939 μεταϐῆναι,

374 2980 501 3033 ceps
516 2972 841 3032 sequuntur,
880 2970 936 3017 et
991 2958 1152 3032 hujus
1189 2962 1291 3018 viri
1322 2963 1601 3018 miraculis
1648 2962 1860 3032 piorum
1892 2976 1957 3016 ac

376 3056 752 3126 religiosorum
800 3054 1025 3110 auribus
1051 3053 1417 3124 gratiﬁcandi.
1452 3054 1588 3110 Nam
1628 3069 1751 3110 cum
1785 3054 1958 3124 impe-

378 3160 525 3205 ratur
550 3148 745 3217 impius
792 3146 970 3203 edicta
1020 3146 1073 3201 in
1115 3161 1307 3202 omnes
1357 3154 1539 3217 partes
1580 3146 1841 3213 misisset,
1899 3154 1962 3201 ut

375 3254 592 3303 omnes,
631 3253 728 3308 per
787 3237 1021 3294 familias
1048 3277 1064 3305 ,
1124 3237 1370 3308 inquam,
1406 3246 1465 3295 et
1515 3237 1858 3306 sodalitates,
1904 3238 1959 3293 in

378 3333 625 3389 eumdem
665 3332 840 3387 locum
903 3332 1292 3399 convenirent;
1330 3341 1693 3404 congregatus
1741 3332 1959 3403 quidem

375 3433 460 3481 est
487 3424 578 3481 hic
621 3438 837 3496 quoque
874 3439 1031 3481 sacer
1071 3435 1248 3481 cintus
1274 3465 1290 3490 ,
1335 3440 1524 3481 senum
1580 3425 1675 3497 qui
1703 3432 1861 3481 erant
1905 3423 1961 3480 in

376 3515 671 3572 solitudine
698 3516 925 3589 insignis
945 3516 1202 3584 canities,
1242 3518 1390 3575 circa
1443 3519 1618 3575 locum
1651 3518 1742 3589 qui
1766 3518 1964 3573 dicitur

376 3608 668 3667 llierateon
723 3608 863 3681 (Η),
906 3625 1028 3667 ευιη
1096 3613 1372 3667 communi
1427 3621 1580 3684 patre
1635 3621 1691 3669 et
1727 3612 1959 3667 filiorum

378 3703 734 3759 amante.Est
767 3713 948 3759 autem
974 3703 1101 3769 hoc,
1134 3703 1284 3760 locus
1314 3705 1588 3760 cathedrae
1651 3705 1794 3775 quod
1818 3702 1962 3758 fama

378 3806 462 3850 est
504 3796 779 3853 excitasse
821 3796 1260 3860 Constantinum,
1295 3811 1553 3868 magnum
1610 3796 1755 3852 inter
1786 3797 1964 3866 impe-
1988 3852 2011 3862 ,

382 3898 594 3944 ratores
622 3906 637 3943 :
673 3887 726 3941 in
747 3901 855 3957 quo
889 3900 1008 3943 mos
1044 3896 1151 3955 est,
1178 3888 1270 3958 qui
1321 3901 1582 3959 perpetuo
1614 3899 1963 3954 servatur,ut

379 3994 513 4034 crux
543 3978 853 4034 veneranda
877 3978 1171 4048 quotannis
1197 3978 1483 4035 exaltetur.

380 4124 409 4153 .
450 4070 541 4127 59.
572 4068 827 4136 Quadam
851 4076 1031 4123 autem
1067 4068 1280 4135 mulier,
1310 4084 1431 4139 qua
1460 4069 1649 4125 morbo
1678 4068 1965 4125 laborabat

2062 2959 2158 3012 καὶ
2189 2961 2304 3022 τοῖς
2329 2957 2424 3012 τοῦ
2451 2958 2646 3028 ἀνδρὸς
2697 2958 2976 3031 θαύμασιν
3026 2960 3269 3015 εὐσεϐῶν
3302 2963 3492 3025 ἀκοαῖς
3547 2960 3652 3015 καὶ

2061 3047 2332 3117 φιλοθέων
2364 3047 2718 3119 χαρίσασθαι.
2745 3048 2854 3103 Τοῦ
2888 3049 2996 3121 γὰρ
3048 3049 3114 3123 δὴ
3158 3048 3458 3114 δυσσεϐοῦς
3489 3049 3650 3120 βασι-

2062 3140 2200 3204 λέως
2245 3140 2646 3212 προστάγματα
2699 3142 2981 3213 πανταχοῦ
3028 3142 3466 3214 διαπέμψαντος,
3499 3143 3647 3198 ὥστε

2063 3233 2273 3297 πάντας
2301 3232 2429 3287 καθ’
2448 3232 2749 3303 ἑταιρείαν,
2769 3234 2932 3305 φημὶ,
2958 3233 3052 3288 ἐπὶ
3089 3233 3152 3287 τὸ
3179 3232 3313 3287 αὐτὸ
3343 3231 3650 3297 συνελθεῖν,

2034 3340 2037 3341 ⁷
2065 3322 2307 3395 συνήχθη
2337 3324 2435 3395 μὲν
2464 3323 2559 3377 καὶ
2586 3324 2647 3377 τδ
2702 3324 2847 3396 ἰερδν
2876 3324 3028 3378 τουτὶ
3068 3323 3341 3395 σύστημα,
3383 3325 3417 3396 ή
3449 3324 3561 3377 τῶν
3584 3324 3653 3376 ἐν

2063 3415 2260 3487 ἐρήμῳ
2293 3415 2571 3488 γερόντων.
2603 3415 2876 3486 ἐπίσημος
2903 3415 3085 3482 πολιὶ,
3125 3416 3254 3486 περὶ
3283 3415 3345 3467 τὸ
3367 3413 3648 3485 καλούμε-

2064 3524 2156 3560 νον
2182 3506 2358 3570 οὕτως
2398 3506 2717 3577 Ἰερατεϊον,
2756 3507 2895 3577 μετά
2934 3506 3029 3560 τοῦ
3072 3505 3254 3560 κοινοῦ
3306 3505 3518 3577 Πατρδς
3552 3506 3651 3559 καὶ

2065 3597 2402 3668 φιλόπαιδος.
2438 3597 2615 3661 Τόπος
2674 3598 2731 3652 δέ
2764 3598 2925 3651 τοῦτο
2954 3598 3052 3669 τῆς
3103 3596 3376 3669 καθέδρας
3416 3599 3587 3661 ἐστὶν,
3617 3598 3651 3650 ὁ

2065 3692 2485 3746 Κωνσταντῖνον
2541 3689 2631 3742 τὸν
2681 3689 2873 3758 Μέγαν
2929 3690 2988 3742 ἐν
3030 3687 3344 3762 βασιλεῦσιν
3403 3684 3652 3757 ἀναστῆ-

2067 3800 2156 3838 σαι
2187 3783 2348 3852 λόγος
2372 3798 2386 3811 ’
2414 3782 2536 3837 καθ’
2569 3782 2628 3835 ὃν
2650 3781 2715 3853 δὴ
2755 3782 2849 3835 καὶ
2906 3782 3061 3845 ἔτους
3114 3781 3347 3835 ἑκάστου
3413 3782 3504 3834 τὸν
3564 3780 3651 3832 τί-

2069 3895 2194 3948 μιον
2231 3875 2499 3947 ὕψοῦσθαι
2539 3876 2774 3948 σταυρὸν
2810 3873 2932 3940 ἔθος
2984 3877 3050 3930 ἐκ
3103 3873 3305 3938 παντὸς
3352 3872 3654 3944 συντηροῦ-

2071 3987 2256 4040 μενον.

2137 4062 2233 4117 νο’.
2272 4063 2413 4134 Γυνὴ
2439 4062 2496 4116 δέ
2554 4080 2638 4127 τις
2696 4061 2868 4125 πάθος
2899 4060 3099 4132 ἔχουσα
3144 4059 3272 4131 περὶ
3299 4057 3391 4112 τὸν
3424 4057 3639 4129 μασθὸν

381 4142 432 4215 in
458 4158 691 4214 mamilla
714 4159 994 4230 (cancrum
1017 4173 1139 4214 eum
1186 4158 1363 4214 solent
1392 4156 1675 4215 nominare
1706 4159 1958 4230 medici):

2070 4155 2351 4227 (καρκῖνον
2383 4153 2446 4207 τὸ
2471 4153 2641 4218 πάθος
2664 4152 2866 4225 ἰατρῶν
2889 4152 3079 4215 παῖδες
3103 4151 3309 4205 οἴδασιν
3332 4146 3647 4220 ὀνομάζειν)
3726 4142 3729 4143 ⁷

379 4255 559 4324 ctjam
585 4251 745 4320 longo
776 4261 1021 4320 tempore
1052 4251 1119 4306 ab
1139 4266 1204 4307 eo
1224 4250 1607 4320 premebatur;
1652 4260 1705 4307 et
1735 4265 1767 4306 a
1809 4251 1954 4306 nulla

2070 4226 2165 4300 atati.
2200 4244 2374 4313 τούτῳ
2412 4244 2609 4314 συχνὸν
2650 4244 2749 4315 ἥδη
2774 4243 2968 4315 χρόνον
3014 4239 3334 4312 πιεζομένη,
3365 4238 3562 4309 τέχνης
3588 4238 3653 4292 δὲ

380 4343 601 4414 quidem
628 4341 969 4397 abstinuerat
997 4338 1288 4407 medicina,
1331 4354 1398 4397 ex
1441 4354 1506 4395 ea
1533 4350 1715 4396 autem
1751 4340 1957 4396 nullum

2071 4338 2346 4411 μηδεμιᾶς
2368 4338 2470 4410 μὲν
2503 4338 2759 4411 ἰατρικῆς
2779 4336 3157 4407 ἀποσχομένη,
3172 4332 3283 4388 οὐδ’
3304 4332 3483 4387 ὁτιοῦν
3507 4330 3653 4395 ὅλως

378 4437 750 4502 adjumentum
776 4443 1013 4503 ceperat,
1048 4432 1150 4487 nisi
1172 4432 1316 4502 quod
1350 4432 1406 4488 in
1437 4430 1547 4487 Deo
1574 4432 1744 4503 magis
1776 4447 1958 4504 spera-

2070 4434 2132 4486 ἐκ
2158 4431 2365 4487 τούτων
2405 4430 2749 4503 ἀποναμένη,
2780 4431 2862 4485 ὅτι
2896 4430 2972 4501 μὴ
3002 4429 3063 4483 τὸ
3099 4428 3237 4500 πρδς
3267 4427 3400 4481 Θεὸν
3430 4425 3653 4478 ἐλπίσαι

379 4526 489 4588 bat,
554 4523 696 4593 quod
756 4522 989 4579 humana
1034 4523 1352 4592 desperaret
1407 4523 1672 4578 remedia.
1736 4522 1810 4579 Ea
1843 4540 1965 4580 cum

379 4614 627 4687 ingressa
668 4621 816 4673 esset
842 4628 938 4685 per
964 4612 1288 4684 angelicam,
1331 4629 1450 4684 qua:
1482 4614 1705 4679 dicitur,
1731 4627 1969 4683 portam,

449 4776 498 4807 “
525 4774 670 4830 Psal.
696 4789 931 4829 cxxxnt.

448 4930 563 5002 (ἦε)
598 4929 846 5002 Grtrcutn
881 4929 1191 5002 ms.7Vatic.
1228 4929 1512 5001 ’Λγάπιος.
1546 4929 1691 4985 luter
1734 4931 1878 4987 hunc
1908 4941 1963 4985 ct

376 5000 871 5064 salici-misiliam,
918 5001 1077 5071 cujus
1134 5000 1380 5071 tempero
1438 5003 1758 5057 Anastasius
1800 5004 1958 5066 ohiit,

379 5076 811 5143 intercesserunt
845 5081 1074 5143 quatuor
1104 5072 1411 5143 pontifices.
1440 5072 1651 5129 Colitur
1674 5072 1749 5143 _in
1814 5071 1958 5143 Mar-

304 5196 311 5201 ,
381 5142 548 5214 tyrol.
575 5139 919 5214 Bouiano_20
946 5139 1443 5214 Septe'tuhrisLdie,
1474 5153 1533 5214 ιιι
1563 5143 1640 5196 ait
1668 5141 1957 5214 Barouius,

380 5209 777 5267 translationis.
815 5209 989 5282 Supra
1021 5209 1148 5269 vero
1198 5212 1261 5267 Β.
1300 5210 1667 5269 Theodosium
1713 5212 1824 5281 jam
1864 5215 1960 5268 de-

379 5285 624 5338 functum
690 5282 896 5353 aliquot
963 5284 1159 5350 annis,
1227 5284 1297 5338 ab
1357 5297 1424 5339 eo
1486 5284 1760 5339 laudatum
1815 5284 1957 5338 dixi-

379 5369 522 5410 mus.
896 5374 907 5389 ⁸

449 5423 564 5497 (39)
596 5422 848 5497 Ephrem
870 5422 1010 5497 aliis,
1043 5423 1138 5497 qui
1175 5440 1296 5481 cum
1326 5439 1507 5497 comes
1526 5424 1766 5481 Orientis
1793 5432 1955 5490 esset,

378 5492 757 5551 de'vo'luntate
807 5492 1004 5549 Justini
1042 5492 1386 5566 imperatoris
1442 5496 1616 5552 factus
1650 5506 1729 5551 est
1761 5497 1956 5566 Antio-

378 5568 590 5623 chenus
648 5564 1245 5635 patriarchaiau.‘Ch.
1300 5566 1428 5632 526,
1468 5577 1587 5635 post
1641 5565 1957 5625 convulsam

378 5646 539 5692 teme
563 5634 711 5690 motu
737 5636 946 5690 urbem.
969 5634 1253 5705 Evagrius,
1282 5636 1317 5694 Ι.
1357 5652 1430 5704 tv,
1459 5634 1509 5693 ε.
1536 5637 1591 5693 5.
1635 5636 1713 5690 Eo
1734 5650 1959 5690 munere

378 5724 500 5763 cum
542 5707 698 5762 laude
726 5706 798 5762 20
827 5707 984 5760 annis
1022 5706 1358 5775 perfunctus,
1389 5709 1524 5764 obiit
1547 5721 1637 5761 an.
1680 5706 1806 5761 546.
1827 5705 1957 5775 Ejus

377 5781 543 5831 vitam
584 5786 638 5832 et
671 5786 858 5832 contra
898 5776 1184 5832 hazreticos
1207 5778 1383 5833 zelum
1437 5775 1954 5837 describitJOauues

380 5847 633 5904 Moschus
653 5848 706 5901 itt
744 5846 907 5902 Prata
939 5848 1300 5918 spirituali,c.
1325 5848 1415 5905 36.

2069 4525 2233 4579 πλέον
2279 4525 2370 4579 διὰ
2417 4525 2518 4595 τὴν
2577 4523 2686 4578 τῶν
2740 4522 3101 4594 ἀνθρωπίνων
3127 4521 3478 4590 ἀπόγνωσιν·
3505 4516 3655 4586 αὕτη

2071 4614 2160 4668 διά
2184 4615 2288 4687 τῆς
2314 4612 2621 4685 ἀγγελικῆς
2650 4611 2796 4667 οὕτω
2830 4611 3171 4684 καλουμένης
3200 4608 3518 4664 εἰσελθοῦσα
3548 4606 3659 4660 πύ-

2133 4932 2247 5006 (40)
2304 4933 2555 5006 Origenis
2590 4949 2809 4991 errores
2854 4950 2918 4989 ex
2950 4932 3139 5006 _va_riis
3172 4931 3414 4988 breviter
3447 4929 3659 5006 colligit

2059 5001 2298 5061 Jacob'us
2328 5001 2638 5061 Gualterius
2662 5017 2854 5060 uoster
2882 5007 2933 5059 in
2950 5002 3155 5073 Tabula
3178 5001 3651 5073 chronographica

2062 5074 2268 5131 sincqu
2289 5092 2350 5131 ιιι
2382 5091 2433 5130 c.
2471 5075 2525 5130 6.
2551 5074 2896 5130 Palaestinam
2930 5075 2998 5129 ab
3026 5072 3483 5143 Origenstishoe
3510 5082 3655 5143 tem-

2062 5160 2194 5214 pore
2226 5147 2480 5203 infectam
2519 5146 2691 5202 fuisse
2730 5145 2972 5201 ostendit
3018 5141 3267 5213 pluribus
3318 5141 3557 5214 Cyrillus
3597 5142 3657 5193 iu

2070 5215 2187 5271 Vita
2210 5214 2309 5271 SS.
2333 5216 2491 5272 Salue
2516 5225 2572 5271 et
2603 5214 2827 5271 Joannis
2847 5214 3165 5273 Silentiarii.
3186 5214 3256 5269 At
3287 5213 3503 5268 tandem
3526 5226 3656 5266 cum

2066 5284 2272 5341 Severo
2298 5288 2530 5409 aliisque
2550 5287 2822 5341 haereticis
2842 5286 3191 5342 condemnati
3207 5283 3406 5339 suntin
3438 5283 3657 5353 synodo

2068 5370 2405 5409 mcutnemca
2476 5397 2491 5409 .

2029 5366 2036 5371 '
2068 5358 2405 5412 mcumeuica

2140 5425 2253 5499 (Η)
2280 5429 2525 5484 Andreas
2547 5426 2828 5484 Cretensis
2860 5436 3017 5483 vocat
3035 5424 3303 5499 speculam
3345 5422 3657 5499 Δ(ειυιτίήιίιε-

2068 5491 2441 5570 monstrantia
2487 5510 2541 5553 et
2589 5500 2803 5570 publice
2857 5491 3190 5570 honoranda:
3237 5497 3303 5570 ab
3344 5494 3463 5570 ipso
3501 5491 3656 5570 Cou-

2067 5568 2306 5622 stantino
2343 5568 2539 5640 Magno
2564 5564 2900 5640 deputatam,
2953 5568 3129 5621 locum
3178 5564 3423 5640 ecclesia;
3464 5564 3657 5640 excel-

2066 5653 2211 5698 sum.
2255 5648 2391 5706 etc.,
2432 5632 2513 5693 'ut
2560 5632 2748 5695 scribit
2789 5637 3077 5693 Gretserus
3128 5648 3312 5692 uoster
3364 5635 3461 5689 lib.
3499 5649 3514 5687 ι
3575 5632 3659 5685 De

2064 5717 2250 5831 santl'ta
2275 5726 2451 5776 cruce,
2502 5725 2625 5782 cap.
2675 5709 2765 5775 75,
2797 5709 2886 5764 ubi
2916 5710 3061 5764 hunc
3086 5708 3154 5763 de
3186 5706 3437 5763 Hieraleo
3469 5706 3653 5760 locutu

2064 5795 2170 5831 BXD
2194 5791 2320 5831 tcat.

2063 5791 2320 5849 cxpltcat.
