3886 6466
267 391 372 456 529

1235 385 1416 448 VlTA
1453 384 1516 444 S.
1554 378 1974 442 THEODOSII
2011 374 2610 439 C(ENOBIARCH/E.
3427 363 3533 425 530

267 503 370 570 λης
398 497 629 571 πλησίον
659 496 752 552 τοῦ
784 496 912 568 περὶ
939 495 1110 566 αὐτῆς
1132 494 1296 566 χοροῦ
1331 493 1657 565 σκυθρωπὸς
1687 492 1844 562 ἔστη,

1961 489 2120 544 tristis
2140 488 2292 545 stetit
2323 501 2488 558 prope
2514 486 2765 552 chorum,
2803 484 2894 555 qui
2929 489 3048 537 erat
3077 479 3220 536 circa
3252 479 3397 549 ipsos
3431 495 3443 530 :
3479 491 3534 533 ct

270 596 365 648 καὶ
392 593 527 664 πρὸς
551 593 648 646 ἕνα
679 590 908 655 τούτων,
959 588 1226 659 Ἰσίδωρος
1252 584 1319 660 ἦν
1352 587 1381 640 ὁ
1411 585 1848 655 θεοφιλέστατος,

270 685 563 749 ἀπιδοῦσα,
598 685 658 747 ὃς
687 683 786 753 τῆς
819 681 1055 750 εὐαγοῦς
1079 680 1174 734 τοῦ
1226 682 1404 734 Σουκᾶ
1451 679 1654 748 λαύρας
1692 672 1848 747 ἦρξε,

273 773 518 845 σχήματί
546 773 728 827 τεκαὶ
763 771 1036 842 βλέμματι
1078 771 1172 824 καὶ
1208 769 1461 841 δακρύων
1506 769 1646 838 φορᾷ
1674 767 1734 819 τὸ
1760 781 1852 816 πι-

269 868 392 932 εζον
420 865 660 936 ἰσχυρῶς
685 865 781 936 τῆς
802 863 992 936 ὀδύνης
1009 864 1431 934 ύποσημήνασα,
1458 857 1575 915 εἶτα
1598 858 1692 914 καὶ
1714 857 1851 930 μᾶλ-

269 954 361 1008 λον
385 955 535 1026 αὐτῷ
553 954 927 1025 πλησιάσασα,
953 954 1098 1026 (οὐδὲ
1137 954 1246 1025 γάρ
1286 954 1439 1023 ἠφίει
1467 952 1639 1023 αὐτὴν
1661 952 1720 1006 τὸ
1753 950 1850 1006 ἄλ-

268 1064 365 1116 γος
410 1049 511 1118 τὴν
567 1047 887 1119 πρέπουσαν
932 1047 1084 1113 αἰδῶ,
1139 1047 1387 1117 γυναιξὶν
1440 1047 1516 1110 ὡς
1570 1047 1848 1117 προσῆκόν

269 1143 388 1196 ἐστι
426 1141 735 1213 φυλάττειν)
781 1143 1002 1214 ἡρώτα’
1035 1145 1084 1197 εἰ
1129 1143 1266 1214 μετὰ
1314 1144 1414 1209 τῆς
1451 1144 1601 1214 ἱερᾶς
1642 1142 1850 1214 ταύτης

269 1233 514 1304 πληθύος
544 1235 691 1289 καὶὸ
717 1236 891 1306 μέγας
941 1236 1139 1308 δηλαδὴ
1179 1237 1482 1300 Θεοδόσιος,
1527 1237 1621 1290 καὶ
1666 1236 1849 1300 ὁποῖος

270 1320 426 1387 οὗτος
479 1326 582 1397 τὴν
640 1326 771 1381 θέαν
817 1329 1005 1382 ἐστίν·
1037 1328 1238 1392 ἱκανῶς
1283 1328 1393 1398 γάρ
1447 1328 1480 1398 ἡ
1517 1327 1612 1381 τοῦ
1656 1327 1849 1398 ἀνδρὸς

272 1418 430 1488 φήμη
456 1421 551 1472 καὶ
589 1420 763 1490 αὐτὴν
787 1421 886 1492 ἤδη
934 1421 1195 1492 κατέσχε.
1231 1421 1342 1474 Καὶ
1398 1420 1458 1483 ὃς
1511 1419 1612 1491 τὴν
1669 1419 1848 1474 αἰτίαν

272 1509 463 1580 μαθὼν
497 1506 564 1584 ἦς
597 1511 784 1565 ἕνεκεν
817 1515 848 1583 ή
883 1513 1114 1584 ζήτησις
1148 1509 1237 1586 ἦν,
1292 1513 1386 1567 καὶ
1436 1514 1554 1585 ἅμα
1600 1513 1736 1584 πρὸς
1786 1514 1849 1568 τὸ

271 1601 441 1666 πάθος
479 1601 626 1668 ἰδὼν,
658 1605 753 1658 καὶ
782 1605 932 1669 ὅπως
963 1605 1212 1676 ἀλγεινὸν
1234 1601 1303 1677 ἦν
1352 1605 1448 1659 καὶ
1496 1606 1655 1678 μόνον
1697 1606 1844 1674 ἰδεῖν,

271 1695 366 1746 καὶ
387 1694 752 1765 ἀποστρέφων
775 1695 898 1765 ὄψιν
919 1697 994 1768 τῷ
1013 1698 1194 1769 πικρῷ
1215 1699 1309 1766 τοᾷ
1334 1698 1626 1770 θεάματος,
1656 1699 1848 1754 ἔπειτα

271 1783 366 1836 καὶ
402 1783 561 1848 εἰδὼς
591 1785 666 1850 ὡς
698 1787 910 1858 ἐκείνου
948 1789 1032 1859 εἴη
1067 1791 1162 1844 καὶ¹
1199 1789 1294 1843 τοῦ
1327 1793 1385 1844 ἐν
1415 1791 1565 1863 αὐτῷ
1599 1791 1846 1864 πνεύμα-

270 1894 359 1941 τος
385 1877 535 1932 λύειν
565 1879 634 1933 τά
669 1881 896 1934 τοιαῦτα
921 1882 999 1954 τῷ
1027 1884 1232 1956 ἰσχυρῷ
1263 1887 1541 1957 φαρμάκῳ
1571 1890 1670 1960 τῆς
1694 1887 1851 1959 χάρι-

269 1987 381 2037 τος,
412 1973 536 2024 ἐπεὶ
569 1974 704 2044 μηδὲ
732 1975 825 2027 καὶ
851 1975 1013 2038 αὐτὸς
1066 1976 1295 2050 ἄπειρος
1341 1975 1408 2052 ἦν
1466 1981 1563 2051 τῆς
1620 1983 1678 2034 ὲν
1713 1982 1853 2053 Χρι-

270 2065 382 2136 στῷ
410 2068 504 2121 τοῦ
529 2069 721 2141 ἀνδρὸς
752 2070 1057 2142 δυνάμεως,
1081 2074 1332 2147 δακτύλῳ
1357 2080 1422 2148 τῇ
1470 2078 1691 2147 γυναικὶ
1744 2079 1856 2133 δει-

272 2161 421 2213 κνύει
455 2162 545 2216 τὸν
574 2163 757 2233 ἰατρὸν
808 2167 904 2220 καὶ
947 2167 1236 2238 συμϐόλοις
1259 2170 1424 2224 αὐτὸν
1455 2171 1695 2243 ἀκριϐῶς
1725 2173 1856 2228 ὑπο-

273 2254 502 2323 γράφεμ

342 2342 406 2408 ξ’.
433 2346 944 2419 Κάκεῐνηξὰψοφητὶ
965 2351 1238 2422 πρόσεισι,
1264 2354 1405 2408 πάνυ
1429 2355 1594 2411 αὐτὸν
1615 2357 1851 2428 διψῶσα,

271 2436 367 2488 καὶ⁹
395 2437 495 2509 τὴν
517 2439 822 2512 αἱμόῤῥουν
861 2445 1082 2516 ἐκείνην
1130 2446 1224 2501 ἐπὶ
1269 2449 1394 2502 νοῦν
1436 2448 1654 2522 ἔχουσα.
1703 2452 1856 2506 Ἐπεὶ

267 2528 329 2581 δὲ
352 2529 444 2582 κα)⁸
473 2531 644 2602 ἐγγὺς
673 2529 762 2604 ἦν,
799 2533 899 2606 τὴν
925 2536 1092 2609 θηλὴν
1123 2541 1308 2610 ἡρέμα
1334 2543 1854 2614 παραγυμνῶσασα,

269 2624 368 2675 καὶ
420 2622 545 2677 τοῦ·
575 2629 893 2684 κουκουλιου
929 2630 1138 2700 ψαῦσαι
1184 2635 1563 2706 παρασχοῦσα,
1630 2638 1854 2692 κλέπτει
1903 2652 1905 2654 ·

271 2714 437 2771 πάλιν
473 2717 549 2782 ὡς
570 2718 754 2794 ἐκείνη
785 2723 884 2793 τὴν
916 2723 1237 2793 θεραπείαν,
1268 2728 1366 2780 καὶ
1407 2727 1560 2782 λύσιν
1602 2730 1854 2799 μεγάλων

271 2805 457 2860 πόνων
480 2809 716 2882 ἀπονητὶ
745 2812 864 2866 λίαν
897 2815 1142 2885 εὑρίσκει
1167 2833 1182 2848 ο
1217 2819 1332 2889 ἅμα
1377 2837 1436 2872 τε
1473 2819 1585 2893 γὰρ
1631 2823 1726 2875 τοῦ
1759 2823 1856 2893 ῥά-

267 2919 402 2968 κους
431 2905 656 2975 ἔψαυσε,
683 2908 779 2962 καὶ
815 2910 908 2964 τοῦ
936 2911 1134 2983 ἄλγους
1157 2915 1394 2986 ἀπέστη,
1420 2911 1532 2970 οἷόν
1555 2934 1702 2983 τινος
1733 2920 1856 2973 σκό-

268 3012 400 3060 τους
420 3001 694 3074 παρουσία
718 3003 915 3073 φωτὸς,
943 3005 970 3077 ἢ
997 3006 1191 3078 χόρτου
1217 3008 1471 3074 λυθέντος
1493 3011 1665 3083 πυρὸς
1684 3029 1856 3084 προσ-

268 3087 424 3159 ϐολῇ.
472 3089 532 3144 Ὀ
570 3092 627 3145 δὲ
658 3094 914 3167 (καὶγὰρ
958 3099 1059 3151 οὐκ
1105 3096 1250 3171 εἶχεν
1289 3103 1438 3166 ὅπως
1480 3102 1546 3158 ἂν
1587 3106 1846 3177 ἀγνοήσοι

1954 581 2021 636 ad
2076 595 2242 634 unum
2290 592 2357 634 ex
2401 578 2467 632 iis
2497 577 2566 648 (is
2612 583 2730 633 erat
2779 574 3222 647 religiosissimus
3274 573 3534 646 lsidorus)

1955 671 2247 740 aspiciens,
2274 669 2366 740 qui
2397 677 2672 740 postremo
2711 667 2930 740 przefuit
2972 676 3174 723 sanctae
3203 666 3394 722 Laurze
3421 666 3537 722 sive

1955 764 2287 820 monasterio
2311 761 2452 834 Syca
2485 762 2598 834 (42)
2627 763 2796 830 dicto,
2841 778 2962 817 cum
2994 771 3048 817 et
3093 762 3275 830 specie
3315 760 3451 830 ipsa,
3479 769 3536 814 et

1958 864 2180 927 aspectu
2212 865 2269 911 et
2318 856 2685 928 lacrymarum
2714 855 2861 910 fluxu
2895 852 3534 926 signiﬁcassetdolorem,

1953 950 2046 1020 qui
2095 963 2215 1003 eam
2261 937 2614 1004 vehementer
2661 948 2962 1014 cruciabat,
3011 957 3067 1004 et
3103 948 3295 1004 deinde
3319 949 3538 1020 propius

1954 1052 2075 1092 cum
2094 1038 2438 1105 accessisset,
2467 1037 2664 1112 (neque
2685 1039 2830 1094 enim
2859 1038 3074 1094 sinebat
3101 1039 3256 1094 dolor
3279 1054 3398 1094 eam
3429 1055 3538 1095 scr-

1953 1145 2083 1186 vare
2113 1131 2262 1188 illum
2295 1132 2578 1202 pudorem,
2608 1132 2698 1201 qui
2723 1131 2880 1188 decet
2908 1131 3209 1199 mulieres,)
3233 1135 3442 1202 rogavit
3470 1142 3537 1189 an

1952 1240 2076 1282 cum
2133 1239 2292 1285 sacra
2332 1224 2437 1280 hac
2473 1224 2820 1280 multitudine
2873 1240 3104 1294 magnus
3136 1239 3354 1297 quoque
3397 1235 3540 1282 esset

1953 1317 2318 1383 Theodosius,
2358 1325 2415 1373 et
2448 1315 2624 1386 qualis
2670 1316 2717 1372 is
2762 1323 2905 1371 esset
2933 1323 3155 1386 aspectu
3213 1316 3360 1371 :viri
3392 1316 3538 1371 enim

1957 1413 2100 1468 fama
2123 1411 2190 1466 ad
2218 1425 2338 1466 eam
2387 1409 2526 1465 satis
2566 1415 2907 1478 pervenerat.
2947 1407 2998 1462 ls
3023 1415 3204 1463 autem
3233 1421 3354 1462 cum
3387 1406 3542 1462 didi-

1952 1505 2124 1560 cisset
2157 1517 2401 1568 causam,
2426 1509 2828 1572 propterquam
2856 1514 2978 1555 eum
2999 1502 3280 1570 querebat,
3303 1507 3358 1555 et
3379 1499 3540 1555 simul

1953 1594 2202 1650 morbum
2229 1593 2478 1660 vidisset,
2516 1601 2570 1648 et
2591 1607 2755 1663 quam
2804 1591 2891 1647 vel
2937 1591 3054 1646 solo
3122 1599 3349 1662 aspectu
3394 1603 3542 1649 esset

1950 1689 2235 1755 molestus,
2258 1689 2461 1760 quique
2480 1688 2665 1746 oculos
2705 1687 2773 1743 ab
2790 1688 2987 1744 acerbo
3023 1686 3331 1758 spectaculo
3355 1700 3540 1758 posset

1955 1792 2226 1848 avertere,
2269 1783 2452 1839 sciens
2492 1781 2640 1838 illius
2665 1795 2805 1849 esse,
2838 1791 2892 1838 et
2921 1782 3040 1852 ejus
3077 1782 3173 1854 qui
3204 1792 3352 1840 esset
3393 1785 3447 1839 in
3475 1799 3542 1841 eo

1888 1853 1927 1908 Β
1958 1877 2202 1946 spiritus,
2247 1877 2361 1931 haec
2402 1875 2608 1945 potenti
2649 1874 2859 1930 solvere
2897 1853 3294 1932 medicamento
3320 1876 3537 1946 gratiae;

1958 1970 2212 2040 quoniam
2248 1984 2348 2025 nec
2375 1969 2492 2040 ipse
2530 1976 2650 2040 erat
2679 1969 2897 2041 ignarus
2919 1964 3065 2025 illius
3095 1970 3149 2025 in
3189 1970 3406 2026 Christo
3432 1971 3542 2024 vir-

1959 2063 2110 2128 tutis,
2142 2061 2355 2118 mulieri
2379 2062 2650 2118 medicum
2677 2061 2912 2118 ostendit
2939 2062 3196 2132 digito,et
3217 2063 3387 2133 signis
3415 2077 3537 2116 cum

1957 2165 2212 2214 accurate
2256 2155 2536 2212 describit.

2030 2339 2118 2395 60.
2153 2338 2248 2394 llla
2283 2353 2415 2396 vero
2453 2341 2658 2397 sensim
2691 2348 2746 2395 et
2768 2340 2884 2397 sine
2913 2339 3020 2397 ullo
3049 2340 3280 2411 strepitu
3310 2342 3540 2405 accedit,

1957 2445 2082 2486 eum
2116 2431 2268 2486 valde
2297 2432 2510 2498 sitiens,
2545 2441 2600 2488 et
2653 2433 2704 2487 iu
2765 2433 2946 2490 animo
2971 2433 3178 2490 habens
3221 2432 3385 2500 illam,
3423 2449 3544 2504 qua:

1957 2520 2240 2577 laborabat
2287 2523 2401 2594 (45)
2446 2523 2709 2593 proﬂuvio
2761 2525 3042 2597 sanguinis
3074 2525 3140 2580 ".
3187 2526 3391 2582 Deinde
3421 2543 3541 2580 cum

1956 2629 2123 2685 prope
2149 2625 2312 2682 esset,
2366 2618 2658 2672 mamillam
2703 2621 2906 2674 sensim
2947 2620 3182 2690 aperuit,
3217 2619 3452 2689 fecitque
3488 2627 3546 2674 ut

1956 2705 2221 2761 cucullam
2245 2707 2536 2778 attingeret
2583 2727 2599 2762 :
2651 2717 2708 2763 et
2734 2724 2927 2764 rursus
2958 2711 3097 2763 sicut
3126 2709 3210 2763 illa
3251 2707 3549 2764 summitu-

1956 2799 2314 2863 curationem,
2345 2809 2399 2854 et
2456 2815 2487 2853 a
2535 2800 2747 2869 magnis
2789 2799 3064 2856 doloribus
3113 2801 3242 2855 citra
3303 2799 3546 2855 laborcm

1956 2889 2160 2946 invenit
2187 2891 2533 2946 solutionem.
2569 2891 2747 2947 Simul
2773 2893 2919 2948 enim
2957 2908 3022 2948 ac
3057 2908 3297 2962 pannum
3339 2893 3542 2962 attigit,

1957 2983 2074 3053 ejus
2105 2983 2256 3039 dolor
2296 2985 2522 3041 recessit
2567 3001 2590 3038 ιΔ
2635 2984 2859 3054 perinde
2892 3000 2956 3040 ac
2989 2985 3034 3041 si
3069 2984 3306 3041 tenebrae
3353 2983 3550 3055 aliqua;

1956 3077 2144 3133 sol-uta:
2187 3087 2371 3134 essent
2413 3081 2647 3135 adventu
2700 3078 2960 3146 luminis,
3023 3086 3115 3134 aut
3176 3078 3362 3134 fenum
3409 3077 3549 3150 ignis

272 3181 458 3241 καλῶς
486 3182 630 3237 οὕτω
662 3187 756 3239 καὶ
796 3188 938 3241 κατὰ
970 3190 1152 3244 πίστιν
1185 3194 1435 3264 κλαπεὶς)
1470 3197 1852 3271 ὲπεστράφητο

1961 3172 2280 3242 irruptione.
2339 3171 2435 3227 llle
2486 3181 2666 3228 autem
2721 3170 2894 3244 (nullo
2937 3172 3082 3228 enim
3137 3173 3299 3228 modo
3337 3179 3551 3240 poterat

271 3274 501 3342 εὐθέως,
539 3277 636 3333 καὶ
667 3279 764 3350 τὴν
807 3285 1041 3350 γυναῖκα
1099 3283 1222 3338 ἰδὼν
1252 3285 1368 3339 λύει
1425 3288 1519 3341 τὸν
1558 3290 1854 3348 ἐπελθόντα

268 3365 439 3433 φόϐον
469 3368 527 3419 ἐν
555 3369 715 3442 ἡδονῇ
765 3374 976 3446 μεγάλῃ
1006 3375 1104 3446 τῆς
1137 3375 1433 3449 θεραπείας
1453 3397 1466 3412 ·
1505 3380 1732 3452 Θάρσει,
1763 3383 1855 3437 θύ-

267 3475 465 3528 γατερ,
495 3461 683 3528 εἰπὼν,
715 3466 744 3517 ὀ
778 3466 888 3536 γὰρ
909 3467 1039 3538 ὲμὺς
1061 3468 1164 3540 ἔφη
1203 3472 1502 3543 Δεσπότης,
1543 3475 1612 3530 'H
1646 3477 1855 3544 πίστις

266 3565 392 3605 σου
425 3552 662 3610 σέσωκέ
685 3572 780 3613 σε.
831 3559 888 3612 Ὀ
926 3559 1111 3630 μέντοι
1161 3561 1309 3628 θεῖος
1350 3565 1620 3638 Ἰσίδωρος
1669 3572 1737 3641 τῇ
1759 3587 1857 3639 γυ-

271 3645 432 3735 ναικλἶ
459 3646 536 3735 ὡς
566 3644 710 3718 εἶχεν
755 3651 956 3717 εὐθέως
1003 3653 1325 3726 ἐπιδραμὼν
1365 3660 1572 3728 (ἐπόθει
1608 3661 1716 3735 γὰρ
1761 3665 1858 3717 καὶ

264 3730 577 3802 ὀφθαλμοῖς
615 3735 799 3800 αὐτοῖς
823 3737 902 3809 τῷ
953 3739 1195 3811 θαύματι
1245 3730 1638 3819 ἐντρυφῆσαι),
1665 3730 1856 3803 έπειτα

271 3823 492 3892 φθάσας
519 3826 615 3879 καὶ
649 3831 1000 3901 προσϐλέψας
1035 3837 1461 3908 περιεργότερον
1483 3840 1586 3912 όρᾷ
1617 3841 1709 3895 τὸν
1749 3861 1856 3914 μα-

270 3916 403 3969 στὸν
444 3917 613 3986 ὑγιῶς
643 3919 786 3975 οὕτω
821 3925 914 3977 καὶ
949 3925 1174 3991 ἀπαθῶς
1212 3930 1429 3999 ἔχοντα,
1474 3932 1550 3996 ὡς
1597 3934 1735 4005 μηδὲ
1766 3937 1857 3988 ού-

266 4009 376 4080 λὴν
404 4011 552 4082 αὐτῷ
581 4013 718 4082 μηδὲ
748 4015 892 4084 ῐχνος
913 4019 1328 4078 ἐντετυπῶσθαι
1353 4025 1448 4080 τοῦ
1477 4028 1584 4098 πρὸ
1609 4027 1857 4100 βραχέως

265 4103 396 4157 λίαν
447 4105 683 4176 χαλεποῦ
714 4110 1053 4182 τραύματος.
1096 4114 1284 4179 Οὕτως
1335 4118 1363 4169 ό
1405 4118 1538 4183 Θεὸς
1587 4121 1685 4192 τὴν
1719 4139 1856 4192 κρυ-

265 4199 552 4270 πτομένην
587 4201 788 4272 ἀρετὴν
809 4209 1055 4276 φανεροῖ,
1093 4209 1186 4262 καὶ
1230 4211 1355 4274 τοὺς
1377 4214 1490 4277 τοῖς
1515 4213 1726 4268 ἐκείνου
1763 4216 1857 4287 μό-

163 4347 170 4351 ,
265 4308 364 4343 νον
400 4293 696 4365 ὀφθαλμοῖς
717 4297 853 4367 δῆλα
880 4300 1094 4354 κεῖσθαι
1119 4302 1209 4355 ὑπ’
1234 4303 1414 4358 αὐτῶν
1438 4307 1854 4378 κατορθούμενα

266 4383 634 4455 βουλομένους
696 4392 799 4443 οὐκ
857 4393 927 4463 ea;
968 4392 1332 4464 κρύπτεσθαι,
1386 4399 1508 4453 οὐδὲ
1565 4403 1631 4472 τῇ
1682 4401 1856 4474 γωνία

267 4483 623 4552 παραχωρεῖ,
659 4483 782 4536 οὐδὲ
813 4485 870 4537 ἐν
922 4485 995 4557 τῷ
1039 4487 1286 4558 μέλλοντι
1343 4491 1504 4560 μόνον
1557 4492 1740 4556 αὐτοῖς
1764 4512 1857 4548 τα-

1959 3265 2229 3336 ignorare,
2256 3266 2398 3336 quod
2432 3279 2495 3321 ea
2521 3275 2626 3322 tam
2654 3265 2882 3335 pulchre
2903 3274 2956 3320 et
2985 3281 3052 3322 ex
3099 3263 3204 3322 fido
3228 3263 3407 3321 fuerat
3433 3266 3550 3321 sul-

1960 3356 2158 3428 furata)
2200 3359 2445 3428 protinus
2500 3368 2585 3415 est
2633 3373 2970 3427 conversus,
3031 3366 3086 3414 et
3146 3372 3268 3414 cum
3325 3357 3551 3414 vidisset

1961 3450 2264 3518 mulierem,
2305 3449 2466 3506 solvit
2499 3451 2775 3518 timorem,
2831 3451 2925 3521 qui
2975 3463 3098 3506 eam
3131 3451 3433 3515 invaserat,
3492 3449 3546 3504 iu

1961 3555 2216 3611 magnum
2267 3541 2522 3612 gaudium
2573 3541 2890 3598 curationis.
2955 3539 3106 3606 Esto,
3166 3539 3374 3605 dicens,
3405 3541 3548 3595 bono

1960 3635 2161 3700 animo,
2195 3648 2228 3689 o
2261 3633 2390 3690 tilia.
2415 3633 2566 3691 Meus
2587 3633 2733 3691 enim
2757 3633 2895 3689 dixit
2923 3632 3182 3689 Dominus
3224 3653 3237 3691 :
3268 3630 3431 3687 Fides
3453 3640 3548 3688 tua

1961 3739 2010 3785 te
2034 3730 2232 3785 salvam
2258 3731 2378 3800 fecit
2397 3730 2465 3785 ’⁸.
2494 3729 2720 3786 Divinus
2748 3727 2988 3785 Isidorus
3008 3727 3298 3784 confestim
3316 3743 3546 3783 currens

1960 3823 2028 3878 ad
2073 3823 2376 3886 mulierem,
2423 3822 2696 3894 (cupiebat
2738 3822 2881 3878 enim
2925 3821 3112 3878 oculos
3155 3837 3370 3893 quoque
3420 3837 3548 3877 suos

1961 3929 2188 3986 pascere
2219 3923 2441 3986 aspectu
2473 3915 2744 3988 miraculi)
2771 3931 2893 3972 cum
2932 3917 2998 3972 ad
3027 3931 3146 3972 eam
3181 3916 3544 3986 pervenisset.

1960 4017 2015 4063 et
2055 4008 2325 4065 curiosius
2371 4009 2693 4081 aspexisset,
2739 4010 2888 4066 videt
2912 4009 3208 4065 mamillam
3259 4009 3418 4078 plane
3453 4024 3547 4066 sa-

1961 4117 2106 4167 nam,
2141 4103 2395 4158 etomnis
2430 4104 2604 4159 morbi
2651 4104 2787 4160 adeo
2814 4112 3126 4173 expertem,
3169 4111 3229 4157 ut
3265 4102 3546 4157 neccica~

1963 4195 2090 4260 trix,
2147 4209 2245 4250 nec
2279 4195 2443 4264 ullum
2490 4196 2542 4250 in
2581 4210 2646 4251 eo
2677 4207 2821 4252 esset
2880 4196 3206 4268 impressum
3257 4195 3543 4264 vestigium

1960 4288 2163 4359 gravis,
2206 4289 2349 4359 quod
2388 4288 2547 4358 paulo
2582 4300 2710 4345 ante
2761 4289 2957 4356 fuerat,
3013 4289 3231 4344 ulceris.
3271 4287 3348 4343 lla
3405 4286 3548 4344 Deus

1961 4381 2135 4450 aperit
2169 4381 2340 4448 illam,
2396 4396 2519 4452 quae
2549 4381 2700 4450 latet,
2732 4382 3011 4447 virtutem,
3043 4391 3097 4437 et
3127 4395 3244 4446 eos,
3278 4381 3371 4452 qui
3404 4381 3548 4436 illius

1962 4471 2136 4527 solum
2172 4474 2342 4528 oculis
2371 4473 2561 4529 volunt
2583 4473 2872 4529 manifesta
2895 4473 3036 4538 ﬁeri,
3063 4487 3183 4542 quae
3203 4473 3270 4526 ab
3287 4471 3367 4526 eis
3400 4480 3548 4525 recte

267 4568 458 4638 μιεύει
518 4572 619 4644 τὴν
646 4574 1008 4646 ἀνακήρυξιν,
1053 4579 1190 4632 ἀλλὰ
1232 4558 1515 4636 κάνταῦθα
1552 4587 1852 4656 κρυπτομέ-

1965 4573 2250 4634 geruntur,
2288 4579 2394 4619 non
2447 4565 2580 4621 sinit
2618 4564 2901 4630 abscondi,
2949 4578 3048 4619 nec
3089 4562 3346 4631 relinquit
3371 4562 3422 4616 iu
3450 4578 3549 4617 an-

261 4677 395 4724 νους
446 4663 527 4726 εἰς
590 4664 706 4733 φῶς
759 4666 905 4736 ἄγει,
947 4670 1343 4742 ἀνακηρύττει,
1395 4675 1648 4746 ἀσήμους
1699 4677 1860 4744 ὄντας

263 4754 535 4820 πολλάκις
565 4758 660 4811 καὶ
711 4760 941 4828 ἀφανεῖς
993 4764 1240 4830 ἐνδόξους
1306 4768 1400 4822 καὶ
1455 4769 1855 4841 περιϐλέπτους

265 4850 439 4913 ποιεῖ,
477 4849 570 4903 καὶ
598 4851 737 4919 μετὰ
779 4852 909 4905 λαοῦ
955 4853 1239 4912 δυναστῶν
1279 4860 1515 4926 καθίζει.
1545 4863 1690 4937 Πλὴν
1714 4867 1848 4921 ἀλλά

261 4938 431 4992 τοῦτο
473 4940 656 5011 μέντοι
718 4943 896 4998 τοῦτο.
936 4948 1026 5000 Δεῖ
1074 4949 1129 5002 δὲ
1179 4951 1269 5006 καὶ
1309 4956 1435 5025 περὶ
1494 4955 1601 5008 τῶν
1667 4958 1843 5014 ἄλλων

263 5031 592 5107 διεξελθεῖν.

343 5283 446 5350 ga'.
493 5286 648 5340 Ἐπεὶ
677 5290 786 5362 γὰρ
839 5293 930 5346 τὸν
961 5296 1061 5364 μὲν
1081 5299 1345 5370 τύραννον
1375 5304 1406 5366 ἡ
1463 5303 1557 5354 τοῦ
1611 5303 1842 5358 θανάτου

265 5379 516 5449 περιεῖλε
538 5383 703 5455 τομὴ,
724 5388 1066 5460 κατωρθὼθη
1094 5393 1150 5445 δὲ
1175 5397 1286 5457 τοῖς
1311 5396 1560 5466 Πατράσι
1588 5397 1648 5450 τὸ
1681 5415 1857 5451 σπου-

344 5557 388 5588 ²⁸
421 5556 614 5612 Matth.
656 5572 732 5625 rx,
780 5557 875 5612 22.

342 5711 456 5780 (42)
490 5711 876 5786 LauraASyczc,
927 5731 1022 5771 seu
1061 5713 1236 5777 Sucar,
1272 5714 1336 5768 ad
1379 5715 1595 5770 fluvium
1635 5715 1854 5784 Sucam,

264 5781 336 5835 de
362 5786 544 5854 quoin
575 5781 779 5854 prolcg'.
807 5800 956 5838 nunt.
991 5787 1077 5839 18.

343 5853 453 5918 (43)
482 5853 607 5911 [lare
630 5853 846 5912 occasio
870 5855 1076 5911 auctori
1101 5855 1424 5912 Mcuazurntn
1462 5857 1552 5912 fuit
1580 5857 1854 5914 scribendi

1968 4654 2093 4725 gulo
2135 4672 2150 4711 :
2207 4670 2308 4712 nec
2332 4665 2390 4712 ut
2416 4656 2803 4727 praedicentur,
2831 4656 2911 4711 eis
2938 4655 3276 4711 solumume
3303 4665 3551 4710 reservat

1961 4746 2312 4814 iu_futurum;
2370 4751 2464 4804 sed
2496 4763 2590 4804 eos
2632 4761 2870 4819 quoque,
2920 4747 3013 4818 qui
3064 4749 3150 4803 hic
3182 4755 3308 4802 sunt
3357 4746 3547 4813 abditi,

1955 4841 2207 4911 producit
2251 4842 2303 4896 in
2359 4841 2556 4909 lucem,
2593 4849 2647 4897 et
2675 4839 2936 4911 praedicat
2978 4844 3084 4909 :jet
3131 4854 3248 4907 eos,
3279 4841 3370 4910 qui
3425 4848 3548 4896 sunt

1953 4948 2098 5003 saepe
2133 4934 2352 4989 obscuri
2393 4943 2447 4989 et
2496 4933 2733 5005 iuglorii,
2758 4932 2934 5000 claros
2956 4932 3089 4989 facit
3117 4945 3172 4988 et
3201 4933 3463 5000 illustres,
3490 4942 3545 4988 et

1959 5027 2150 5081 sedere
2202 5025 2333 5080 facit
2383 5041 2503 5080 cum
2562 5025 2896 5096 principibus
2950 5026 3154 5096 populi.
3196 5025 3546 5081 Verumenim

1964 5133 2094 5173 vero
2145 5118 2246 5172 hoc
2289 5118 2507 5186 quidem
2540 5126 2624 5172 est
2651 5117 2943 5188 ejusmodi.
2975 5118 3206 5188 Oportet
3234 5127 3412 5173 autem
3444 5119 3547 5172 alii

1964 5226 2180 5281 quoque
2204 5211 2479 5279 persequi.

2035 5303 2126 5358 61.
2162 5301 2453 5370 Postquam
2489 5302 2633 5358 enim
2678 5312 2968 5375 tyrannum
3000 5305 3217 5374 quidem
3273 5303 3378 5358 falx
3413 5317 3551 5354 mor-

1969 5396 2036 5451 tis
2068 5391 2313 5458 abstulit,
2343 5392 2593 5450 Patribus
2624 5404 2806 5450 autem
2837 5406 2986 5454 certe
3019 5394 3281 5453 successit
3306 5395 3377 5458 id,
3397 5394 3547 5459 cujus

1971 5720 2112 5791 hanc
2135 5716 2398 5791 feminam
2457 5719 2739 5775 liberatam
2770 5736 2799 5776 a
2841 5719 3101 5791 profluvio
3131 5713 3446 5788 sanguinis;
3489 5724 3546 5769 ιιι

1968 5807 2024 5845 n.
2049 5790 2103 5858 5,
2131 5790 2182 5846 in
2217 5791 2616 5862 prolegomcnis
2645 5790 2869 5848 dictum.
