3886 6462
286 380 381 445 53!
1091 376 1107 400 ⁸
1514 376 1796 440 ΜΕΝ818
1834 379 1862 442 J

1980 380 2165 443 UARl
2178 382 2270 445 US

3440 379 3551 443 532

289 478 471 535 studio
496 481 837 549 tenebantur,
884 491 939 537 et
995 485 1368 556 unusquisque
1424 489 1491 543 ad
1526 506 1683 547 suum
1712 494 1862 549 rediit

1975 494 2297 563 δαζόμενον,
2342 494 2439 548 καὶ
2476 493 2537 547 τὸ
2570 494 2769 547 οἰκεῖον
2804 492 3033 556 ἕκαστος
3070 488 3343 560 ἀπείληφε
3373 506 3547 560 φρον-

289 573 679 628 monasterium
709 590 723 638 ;
756 574 916 629 modo
937 574 1154 644 quidem
1183 577 1295 633 ibat
1330 577 1607 636 Bethleem
1666 584 1866 640 oratio.

288 664 375 719 nis
402 678 566 719 causa
623 665 711 721 hic
759 665 844 719 vir
892 667 1223 737 przeclarus;
1279 671 1438 725 modo
1476 686 1596 725 cum
1632 682 1863 741 orasset,

290 752 690 808 revertebatur.
737 754 986 826 Magnum
1020 767 1202 813 autem
1244 758 1489 815 laborem
1533 762 1746 818 itineris
1776 780 1865 820 re-

283 857 499 912 creans,
525 845 745 902 divertit
767 847 833 903 ad
881 847 1235 906 Marcianum.
1268 851 1365 908 Vir
1403 854 1490 911 hic
1520 857 1864 927 erat‘plenus

282 936 647 1017 spiritualium
698 940 1018 1010 gratiarum.
1071 942 1206 997 Cum
1255 956 1434 999 autem
1486 948 1764 1003 venissent
1797 950 1865 1004 ad

284 1029 605 1099 amplexus,
660 1041 714 1086 et
768 1047 827 1088 se
888 1032 1119 1089 invicem
1179 1037 1445 1106 spirituali
1503 1038 1865 1110 itnpetiissent

286 1121 492 1188 osculo,
518 1137 642 1177 cum
665 1138 731 1179 eo
759 1124 939 1179 anima
958 1140 1172 1195 quoque
1201 1129 1604 1199 congrediente,
1628 1132 1862 1200 primum

283 1214 501 1283 quidem
540 1214 641 1269 fuit
666 1216 747 1271 eis
795 1218 1037 1287 apposita
1071 1232 1255 1274 mensa
1296 1235 1636 1289 sermonum,
1669 1223 1865 1294 quibus

286 1305 546 1373 praeclare
590 1321 720 1363 suos
774 1310 1070 1378 pascebant
1132 1311 1367 1377 animos,
1423 1328 1483 1369 se
1532 1313 1863 1373 oblectantes

284 1407 598 1453 sanctorum
629 1399 882 1471 eloquiis,
917 1409 973 1456 et
1002 1415 1192 1457 senum
1253 1405 1683 1471 narrationibus,
1738 1424 1860 1463 cum

285 1490 482 1558 quibus
504 1492 874 1549 intercedebat
892 1494 974 1549 eis
1000 1504 1209 1550 morum
1232 1498 1506 1566 cognatio.
1525 1498 1656 1554 Cum
1680 1509 1859 1557 autem

287 1597 503 1651 tempus
553 1584 832 1652 invitaret,
884 1595 942 1642 ut
1000 1588 1381 1645 meminissent
1421 1592 1586 1646 etiam
1621 1593 1861 1648 alimenti

286 1675 556 1744 corporis,
597 1691 703 1731 non
747 1678 940 1733 aderat
993 1679 1210 1749 quidem
1240 1678 1597 1748 frumentum,
1622 1694 1679 1738 ut
1707 1686 1865 1755 panis

285 1776 647 1835 apponeretur
685 1784 698 1821 :
737 1766 933 1822 lentem
1000 1778 1180 1824 autem
1224 1769 1505 1840 discipulis
1555 1769 1718 1840 jussit
1767 1786 1864 1827 co-

1966 588 2268 658 τιστήριον,
2302 586 2397 640 νῦν
2435 586 2534 656 μὲν
2584 589 2667 650 εἰς
2709 584 2958 657 Βηθλεὲμ
3015 584 3044 637 ό
3089 584 3335 652 γενναῖος
3384 584 3552 651 εὐχῆς

1968 681 2129 751 χάριν
2158 680 2379 749 ἐχώρει,
2411 677 2505 732 νῦν
2536 678 2594 731 δὲ
2627 676 3066 748 προσευξάμενος
3104 675 3399 745 άνήρχετο.
3442 674 3551 726 Τὸν

1968 770 2131 824 πόνον
2161 769 2219 823 δὲ
2250 770 2341 824 τὸν
2361 772 2426 824 ὲκ
2451 771 2549 841 τῆς
2571 769 2692 823 ὀδοῦ
2714 769 2884 823 πολὺν
2909 769 3039 822 δντα
3071 766 3376 830 διαπαύων,
3395 767 3552 836 παρὰ

1968 862 2272 934 Μαρκιανῷ
2334 862 2617 917 καταλύει.
2655 860 2828 933 Ἀνὴρ
2857 852 3016 924 οὗτος
3078 857 3279 930 μεστὸς
3307 857 3554 927 χαρίτων

1966 954 2376 1025 πνευματικῶν.
2420 955 2510 1017 Ὦς
2535 953 2630 1007 οὖν
2663 954 2744 1016 είς
2768 950 3065 1022 ἀσπασμὸν
3113 949 3401 1019 συνῆλθον,
3452 946 3551 1001 καὶ

1969 1046 2278 1118 φιλήματος
2314 1046 2610 1119 μετέδοσαν
2648 1044 2903 1115 ἀλλήλοις
2938 1040 3338 1111 πνευματικοῦ,
3366 1038 3447 1109 τῷ
3466 1056 3554 1105 φι-

1964 1137 2173 1209 λήματι
2197 1138 2404 1192 τούτων
2436 1136 2845 1208 συνερχομένης
2876 1133 2973 1188 καὶ⁵
3009 1136 3108 1203 τῆς
3126 1132 3326 1202 ψυχῆς,
3352 1131 3551 1201 πρῶτα

1968 1230 2068 1300 μὲν
2096 1230 2280 1294 αὐτοῖς
2317 1233 2350 1302 ή
2384 1230 2496 1283 τῶν
2529 1228 2706 1298 λόγων
2753 1225 3007 1298 τράπεζα
3069 1224 3421 1294 παρετίθετο,
3464 1217 3551 1285 οἷς

1965 1324 2059 1376 καὶ
2091 1321 2234 1376 πάνυ
2282 1321 2551 1392 λαμπρῶς
2591 1320 2693 1383 τὰς
2754 1318 2932 1389 ψυχὰς
2981 1316 3288 1379 εἱστιῶντο,
3342 1314 3549 1383 λογίοις

1966 1412 2140 1482 ἁγίων
2165 1413 2259 1467 καὶ
2293 1413 2629 1483 διηγήμασιν
2657 1408 3033 1481 ἐντρυφῶντες
3085 1404 3380 1477 γερόντων,
3410 1420 3549 1470 συγο

1965 1504 2137 1574 γενῶς
2170 1504 2355 1568 αὐτοῖς
2383 1504 2474 1559 τὸν
2522 1503 2722 1574 τρόπον
2777 1498 3172 1569 διακειμένων.
3217 1495 3374 1550 Ἐπεὶ
3407 1496 3466 1549 δὲ
3513 1496 3546 1547 ὁ

1966 1592 2161 1663 καιρὸς
2187 1591 2373 1647 ἐκάλει
2397 1594 2493 1646 καὶ
2516 1592 2724 1665 τροφῆς
2757 1589 3066 1662 μνησθῆναι
3098 1589 3418 1657 σωματικῆς
3452 1588 3543 1637 σί-

1964 1702 2057 1749 τος
2085 1685 2184 1754 μὲν
2215 1684 2277 1738 οὐ
2310 1685 2493 1756 παρῆν
2517 1685 2607 1738 ἵνα
2635 1683 2730 1743 καὶ
2781 1683 2946 1754 ἄρτος
2989 1679 3274 1752 παρατεθῇ
3304 1696 3317 1709 ·
3355 1679 3551 1748 φακῆν

1966 1776 2049 1830 δὲ,
2081 1778 2196 1840 τοῖς
2242 1775 2514 1847 μαθηταῖς
2564 1779 2592 1829 ό
2636 1776 2873 1847 χρηστὸς
2940 1772 3262 1845 Μαρκιανὸς
3291 1771 3555 1825 ἐκέλευεν

282 1872 452 1927 quere
472 1859 646 1914 bonus
671 1857 1000 1917 Marcianus.
1035 1860 1103 1916 Et
1132 1861 1223 1917 illa
1248 1835 1466 1933 quidem
1490 1835 1587 1918 fuit
1615 1866 1860 1933 apposita

1970 1868 2134 1940 ἕψειν.
2165 1835 2274 1923 1ξαί
2320 1872 2354 1942 ἡ
2374 1835 2506 1940 ’μὲνν
2528 1835 2709 1939 ἄρτων
2730 1835 2743 1847 ⁹
2762 1835 2933 1940 χωρὶς
2986 1835 3058 1921 πα
3069 1865 3335 1939 ρετίθετο·
3370 1864 3545 1934 γνοὺς

282 1951 400 2004 sine
433 1964 592 2019 pane.
612 1950 750 2005 Cum
783 1960 964 2007 autem
995 1953 1340 2024 cognovisset
1368 1969 1596 2024 magnus
1618 1955 1862 2012 Theodo-

1970 1962 2018 2016 δὲ
2045 1965 2073 2016 ό
2106 1963 2280 2033 μέγας
2301 1962 2401 2033 τὴν
2440 1960 2648 2015 ἔνδειαν
2676 1959 2820 2014 οὕτω
2864 1958 3177 2028 καταφανῆ,
3203 1956 3457 2019 πλούσιος
3486 1959 3550 2009 ἐν

284 2041 395 2093 sius
420 2050 525 2094 tam
555 2050 798 2110 apertam
823 2043 1083 2114 inopiam,
1105 2046 1199 2113 qui
1223 2059 1388 2116 egens
1416 2057 1553 2114 erat,
1588 2048 1692 2102 fuit
1714 2049 1862 2106 dives

1970 2056 2197 2125 ἀπόροις
2226 2058 2256 2111 ὁ
2304 2053 2493 2125 ἐνδεὴς
2535 2050 2627 2125 ἦν,
2653 2053 2750 2109 καὶ
2779 2053 2942 2116 αὐτὸς
2975 2052 3163 2123 ἑστιᾷν
3185 2049 3391 2121 μᾶλλον
3413 2049 3550 2109 τοὺς

286 2132 338 2186 in
373 2133 578 2203 inopia,
623 2134 848 2205 ipseque
876 2151 1204 2206 magnopere
1240 2139 1515 2206 studebat,
1550 2150 1608 2195 ut
1648 2142 1862 2198 lautiori

1970 2150 2281 2217 ξενίσαντας
2344 2147 2736 2217 ἐφιλοτιμεῖτο.
2803 2144 3155 2213 Ἐπέσκηπτε
3218 2140 3401 2194 τοίνυν
3467 2140 3554 2210 τῷ

284 2225 539 2279 convivio
595 2227 981 2297 exciperentur
1008 2228 1271 2299 hospites.
1322 2228 1497 2287 Jussit
1539 2247 1671 2303 ergo
1701 2233 1866 2289 disci-

282 2317 429 2385 pulo,
460 2327 519 2372 ut
549 2334 579 2374 e
601 2335 731 2390 pera
770 2319 1041 2390 proferret
1074 2337 1263 2392 panes,
1305 2338 1440 2393 quos
1480 2334 1767 2395 paraverat
1794 2325 1862 2380 ad

282 2411 565 2466 viaticum.
627 2412 695 2468 Et
743 2413 817 2468 illi
851 2412 1070 2484 quidem
1102 2415 1349 2485 producti
1409 2426 1536 2472 sunt
1590 2428 1646 2472 et
1691 2432 1862 2489 appo-

282 2503 394 2558 siti.
463 2504 503 2559 li
557 2521 689 2562 vero
737 2516 956 2578 propter
1025 2508 1374 2577 charitatem,
1428 2524 1550 2579 quae
1602 2512 1860 2579 lxtilicat,

1969 2244 2190 2315 μαθητῇ
2228 2242 2338 2296 τῶν
2368 2241 2588 2296 ἐνοδίων
2621 2242 2805 2312 ἄρτων
2835 2239 2935 2308 τῆς
2981 2239 3164 2308 πήρας
3214 2236 3548 2303 ἐξενεγκεῖν,

1969 2334 2063 2388 καὶ
2091 2336 2141 2387 οἱ
2171 2334 2269 2404 μὲν
2302 2332 2561 2403 ἐξήγοντό
2585 2348 2645 2385 τε
2687 2331 2782 2385 καὶ
2828 2328 3182 2397 παρετίθεντο
3205 2342 3221 2357 ο
3268 2326 3319 2377 οἱ
3359 2324 3415 2377 δὲ
3462 2324 3551 2377 είο

1973 2424 2206 2479 στιῶντο
2238 2424 2329 2481 διὰ
2363 2424 2425 2478 τδ
2458 2423 2680 2495 φαιδρὸν
2701 2424 2801 2491 τῆς
2830 2420 3053 2490 ἀγάπης
3081 2420 3194 2482 τοῖς
3222 2413 3547 2478 ἀναγκαίοις

1969 2516 2045 2580 ὡς
2083 2520 2383 2589 περιττοῖς.

283 2607 391 2647 non
445 2594 624 2652 minus
652 2595 860 2652 lautum
905 2597 1254 2657 celebrarunt
1299 2601 1605 2658 convivium
1655 2618 1723 2659 ex
1774 2603 1866 2671 iis,
1900 2619 2024 2677 qua:
2056 2615 2216 2668 erant
2246 2610 2577 2677 necessaria,
2618 2622 2781 2679 quam
2838 2606 2886 2663 si
2951 2605 3146 2679 prolati
3207 2608 3390 2660 essent
3437 2592 3552 2653 cibi

283 2685 568 2756 supet'flui.

354 2780 443 2836 62.
486 2782 560 2840 Ut
582 2783 723 2841 solet
750 2798 928 2843 autem
959 2789 1099 2857 fieri,
1123 2805 1407 2849 sermones
1450 2808 1664 2865 quoque
1695 2794 1865 2850 admi-

283 2884 506 2930 scentur
552 2877 823 2944 convivio,
853 2890 911 2937 et
941 2883 1253 2952 complures
1285 2900 1353 2940 ex
1386 2885 1454 2941 iis
1507 2885 1669 2956 lepidi
1698 2896 1750 2943 et
1774 2886 1862 2957 ju-

285 2967 466 3022 cundi.
493 2964 754 3025 Hilariter
784 2980 966 3028 autem
1020 2973 1238 3030 divinus
1289 2991 1411 3031 eum
1454 2977 1681 3047 rogabat
1715 2978 1861 3033 Mar-

282 3062 489 3128 cianus,
529 3061 718 3119 dicens
769 3081 786 3119 :
825 3063 946 3120 Noli
979 3079 1123 3137 aegre
1169 3066 1315 3124 ferre
1349 3078 1494 3124 tanta
1535 3070 1676 3126 fame
1714 3072 1861 3128 labo-

2041 2795 2140 2866 ξβν.
2169 2793 2270 2850 Οἷα
2292 2796 2349 2850 δὲ
2371 2797 2428 2850 ὲν
2449 2797 2562 2859 τοῖς
2590 2794 2855 2858 τοιούτοις
2888 2792 3052 2862 φιλεῖ,
3094 2785 3539 2860 προσμίγνυνται

1967 2888 2062 2941 καὶ
2090 2888 2243 2956 λόγοι
2266 2891 2332 2959 τῇ
2369 2887 2634 2954 ἑστιάσει,
2669 2887 2761 2940 καὶ
2785 2887 2834 2939 oi
2859 2883 3081 2945 πλείους
3115 2879 3293 2934 αὐτῶν
3319 2876 3548 2948 χαρίενς

1965 2997 2078 3043 τες.
2118 2980 2299 3043 Ἠξίου
2327 2980 2421 3033 καὶ
2466 2979 2612 3033 νῦνό
2666 2978 2817 3041 θεῖος
2868 2973 3187 3047 Μαρκιανὸς
3228 2972 3288 3025 έν
3323 2966 3555 3039 φαιδρόη

1964 3089 2119 3143 τητι’
2154 3073 2245 3142 Μὴ
2285 3072 2687 3144 δυσχεραίνειν,
2716 3071 2913 3139 λέγων,
2955 3068 3097 3125 οὔτω
3125 3064 3305 3131 ξενίαν
3335 3058 3553 3131 λιμώτε

282 3168 414 3208 rans
448 3153 769 3225 hospitium,
816 3172 919 3214 nec
953 3162 1212 3229 conqueri
1259 3163 1402 3231 quod
1454 3178 1647 3232 panem
1707 3165 1861 3222 vobis

1970 3182 2186 3229 τουσαν,
2229 3166 2363 3237 μηδὲ
2388 3164 2704 3236 μέμφεσθαι
2738 3166 2786 3217 εί
2813 3163 2888 3233 μὴ
2920 3162 3123 3233 ἄρτους
3150 3159 3280 3229 ὑμῖν
3310 3153 3551 3225 παρέθε-

284 3262 392 3300 non
428 3249 862 3318 apposuerimus,
889 3266 1013 3307 cum
1037 3252 1365 3310 frumentum
1390 3257 1545 3315 nobis
1570 3258 1860 3313 admodum

289 3340 519 3410 turpiter
578 3342 857 3400 defecerit.
910 3345 1046 3401 Cum
1084 3347 1190 3404 hoc
1247 3349 1495 3416 dixisset,
1528 3351 1864 3407 admirabilis

283 3431 621 3489 Theodosius
641 3434 833 3491 deﬁxis
870 3437 1041 3494 oculis
1066 3438 1120 3493 in
1153 3440 1379 3496 barbam
1414 3440 1694 3507 Marciani,
1729 3442 1862 3497 vidit

280 3538 509 3590 granum
542 3522 823 3593 frumenti,
854 3527 999 3597 quod
1052 3530 1239 3585 nescio
1286 3532 1428 3586 unde
1459 3532 1766 3597 ceciderat;
1808 3541 1863 3585 et
1896 3560 1909 3573 υ

287 3614 434 3672 illinc
468 3617 691 3672 sustulit
719 3619 878 3676 hilari
905 3630 961 3676 et
986 3631 1144 3677 cauta
1172 3623 1413 3690 dextera,
1445 3625 1654 3682 etdixit
1684 3645 1696 3681 :
1728 3625 1865 3680 Ecce

287 3708 638 3764 frumentum.
684 3709 965 3777 Quomodo
1012 3727 1144 3784 ergo
1193 3712 1379 3771 dicitis
1425 3731 1521 3771 vos
1558 3730 1719 3786 egere
1753 3717 1866 3771 fru-

284 3801 506 3856 mento?
533 3801 599 3855 Et
626 3802 729 3857 hoc
761 3803 981 3873 quidem
1011 3803 1080 3859 ab
1105 3820 1170 3860 eo
1191 3805 1425 3872 dictum,
1458 3809 1542 3863 vel
1567 3810 1731 3864 etiam
1779 3812 1864 3864 tau

283 3901 431 3945 etum
478 3890 657 3947 fuerat
692 3892 869 3961 lepide
898 3905 951 3949 et
971 3893 1227 3962 jucunde.
1260 3897 1356 3952 Ille
1388 3906 1567 3953 autem
1599 3915 1719 3954 cum
1744 3914 1866 3970 gra-

287 3996 434 4046 num,
494 3990 749 4055 tanquam
803 3987 1078 4056 egregiam
1113 3987 1348 4058 aliquam
1402 3998 1457 4045 et
1507 4001 1862 4060 praestantem

282 4082 606 4138 sementem,
636 4075 848 4145 supinis
878 4078 1129 4135 manibus
1172 4082 1492 4149 accepisset,
1526 4081 1577 4135 id
1614 4083 1767 4152 ponit
1809 4082 1862 4136 in

288 4164 485 4219 horreo
538 4166 820 4232 frumenti,
853 4171 1079 4234 credens
1108 4186 1226 4226 cam
1255 4172 1373 4228 sine
1421 4173 1605 4229 labore
1634 4173 1863 4230 multum

287 4258 496 4311 tractus
526 4258 837 4325 allatttram,
858 4268 914 4316 et
945 4276 1068 4318 esse
1097 4275 1473 4334 superaturam
1503 4268 1863 4339 agricolarum

284 4348 630 4406 industriam.
669 4351 726 4406 Id
777 4366 959 4410 autem
1008 4356 1057 4410 ei
1105 4358 1304 4413 accidit
1356 4360 1515 4432 longe
1545 4362 1778 4433 amplius
1812 4373 1867 4418 et

283 4439 576 4508 copiosius,
624 4456 784 4511 quam
834 4446 1107 4512 sperabat.
1153 4447 1287 4504 Nam
1340 4466 1463 4506 cum
1493 4455 1738 4524 sequenti
1776 4455 1864 4511 die

1970 3276 2091 3329 μεν,
2126 3258 2223 3311 τοῦ
2285 3259 2432 3313 σίτου
2500 3256 2745 3325 ἀγεννῶς
2805 3255 2928 3309 λίαν
2975 3251 3334 3311 ἀπολιπόντος
3369 3245 3545 3316 ἡμᾶς.

1966 3350 2136 3404 Τοῦτο
2166 3350 2437 3417 εἰπόντος,
2468 3352 2496 3404 ὁ
2520 3348 2833 3420 θαυμαστὸς
2862 3344 3144 3407 Θεοδόσιος
3177 3341 3254 3413 τῷ
3284 3341 3546 3410 Μαρκια-

1966 3442 2059 3496 νοῦ
2111 3442 2335 3511 πώγωνι
2385 3442 2665 3505 ἀτενίσας,
2690 3441 2785 3495 καὶ
2848 3439 2998 3492 σίτου
3048 3437 3249 3489 κόκκον
3296 3430 3419 3487 ἰδὼν
3443 3432 3553 3487 οὐκ

1965 3531 2084 3590 οῖδα
2113 3536 2279 3589 πόθεν
2304 3535 2728 3599 ὲπεισπεσόντα,
2760 3532 2973 3587 ἐκεῖθέν
3015 3547 3075 3584 τε
3103 3529 3241 3602 ᾅρας
3272 3526 3432 3597 ιλαρᾷ
3450 3526 3551 3577 καὶ

1968 3628 2369 3700 πεφυλαγμένης]
2415 3631 2486 3699 τῇ
2518 3627 2671 3698 δεξιᾷ
2692 3643 2706 3657 ο
2751 3626 2907 3689 Ἰδοὺ,
2938 3624 3067 3694 ἔφη.
3100 3622 3195 3675 καὶ
3223 3623 3367 3682 σῖτος
3387 3632 3400 3648 ⁸
3428 3615 3551 3678 πῶς

1967 3715 2060 3774 οὖν
2092 3721 2251 3790 ὑμεῖς
2300 3736 2439 3789 φατε
2473 3719 2623 3772 σίτου
2672 3715 3084 3788 διαπορεῖσθαι;
3129 3713 3222 3766 καὶ
3258 3710 3418 3764 τοῦτο
3448 3708 3549 3778 μὲν

1969 3813 2034 3884 δὴ
2085 3812 2386 3884 χαριέντως
2421 3814 2561 3880 ἄγαν
2616 3810 2768 3882 αύτῷ
2799 3809 2894 3864 καὶ
2930 3808 3049 3879 μεθ’
3083 3806 3277 3877 ἡδονῆς
3306 3800 3549 3873 εἴρητοῆ

1969 3909 2063 3961 καὶ
2121 3905 2432 3976 πέπρακτο.
2477 3903 2717 3966 Ἐκεῖνος
2776 3900 2834 3955 δὲ
2881 3900 3131 3970 καθάπερ
3180 3896 3303 3950 τινὰ
3344 3891 3550 3962 σπόρον

1969 4000 2166 4069 εὐγενῆ
2213 4015 2271 4051 τε
2328 4000 2422 4050 καὶ
2456 3996 2659 4065 ἀγαθὸν
2688 3995 2950 4062 ὑπογίαις
3007 3992 3100 4045 τὸν
3158 3989 3355 4043 κόκκον
3384 3983 3581 4060 χερσὶ,

1969 4088 2264 4158 δεξάμενος
2297 4088 2375 4159 τῷ
2402 4087 2496 4142 τοῦ
2527 4086 2676 4140 σίτου
2702 4086 2942 4155 ἐντίθησι
2975 4082 3230 4153 ταμιείῳ,
3274 4076 3551 4133 πιστεύων

1969 4183 2100 4238 ἄνευ
2132 4182 2310 4236 πόνων
2346 4181 2516 4237 πολὺν
2560 4180 2718 4250 αὐτῷ’
2744 4181 2835 4232 τὸν
2877 4178 3096 4249 καρπὸν
3142 4177 3312 4229 οἴσειν
3348 4171 3444 4225 καὶ
3476 4170 3554 4223 τὰ

1969 4276 2236 4347 γεωργῶν
2263 4276 2530 4344 νικήσειν.
2566 4273 2697 4326 Τόδε
2747 4274 2856 4343 ἄρα
2884 4273 3135 4338 κρεῖττον
3168 4266 3315 4337 αὐτῷ
3364 4280 3552 4334 παρα-

1970 4366 2104 4425 πολὺ
2128 4367 2222 4419 καὶ
2245 4364 2356 4418 τῶν
2389 4363 2618 4419 ἐλπίδων
2665 4363 2917 4432 ἀπήνταο
2951 4361 3026 4423 ὼς
3060 4359 3167 4431 γὰρ
3202 4357 3299 4430 τὴν
3330 4353 3425 4409 τοῦ
3461 4371 3550 4408 σι-

1967 4457 2139 4518 τῶνος
2175 4457 2347 4527 θύραν
2393 4455 2496 4524 τῆς
2544 4455 2806 4524 ἐπιούσης
2834 4452 3024 4523 ἔμελλε
3078 4450 3369 4516 διανοίγειν
3414 4445 3551 4516 (τῶν

281 4532 621 4588 essethorrei
649 4537 846 4591 ostium
861 4549 1148 4608 aperturos
1170 4543 1224 4612 (ο
1247 4559 1442 4598 arcana
1475 4556 1586 4613 tua,
1615 4546 1857 4613 Domine,

1970 4551 2297 4621 ἀπορρήτων
2326 4566 2441 4613 σου,
2471 4549 2736 4610 Δέσποτα,
2763 4543 3147 4616 θαυμασίωνο),
3177 4542 3277 4613 δρᾷ
3304 4539 3372 4592 τὰ
3400 4538 3554 4592 ἔνδον

282 4622 606 4698 miracula!)
663 4628 812 4682 videt
853 4645 975 4699 quae
1032 4633 1178 4688 intus
1202 4636 1541 4706 erantplcna
1573 4637 1856 4701 fructibus,

282 4716 376 4781 qni
409 4734 594 4774 revera
626 4735 990 4791 provenerant
1018 4726 1226 4795 absque
1264 4727 1614 4796 agricultura,
1655 4740 1745 4782 aut
1772 4746 1862 4798 po-

281 4812 391 4863 tius
431 4826 553 4865 cum
609 4814 939 4883 agricultura
1004 4815 1170 4870 solius
1234 4818 1517 4872 orationis.
1559 4817 1695 4874 Cum
1731 4837 1863 4889 ergo

281 4900 419 4956 nihil
444 4912 591 4959 esset
620 4904 672 4958 in
703 4920 768 4960 eo
800 4915 1087 4962 cunctatus
1115 4907 1445 4977 Marcianus,
1480 4912 1660 4965 statim
1696 4913 1862 4967 mittit

280 5010 446 5049 unum
471 5010 537 5050 ex
570 4995 683 5050 suis
715 4997 993 5066 discipulis
1015 5001 1081 5053 ad
1109 5016 1360 5069 magnum
1393 5004 1776 5068 Theodosium,
1810 5009 1858 5062 ei

280 5086 593 5155 significans
652 5086 849 5142 tuirum
886 5098 942 5147 et
992 5089 1320 5148 ineffabilem
1376 5095 1464 5148 rei-
1487 5106 1760 5161 eventum,
1807 5107 1861 5152 et

280 5178 439 5231 simul
471 5182 537 5233 ad
569 5179 907 5236 admirabilis
952 5185 1250 5252 spectaculi
1284 5187 1598 5243 societatem
1624 5203 1746 5243 eum
1774 5205 1865 5243 vo-

281 5284 437 5323 cans.
466 5269 757 5341 Postquam
806 5287 937 5342 ergo
992 5274 1038 5329 is
1063 5290 1284 5346 quoque
1316 5278 1481 5344 venit,
1510 5280 1708 5334 ostium
1743 5283 1857 5351 qni-

281 5363 404 5414 dem
430 5370 548 5415 erat
576 5378 768 5431 parum
793 5375 1062 5435 apertum,
1089 5367 1417 5425 frumentum
1439 5381 1615 5427 autem
1634 5389 1663 5427 a
1686 5362 1861 5440 séipso

280 5453 691 5521 extrttdebatur,
728 5473 850 5512 cum
880 5473 984 5513 non
1022 5469 1206 5529 posset
1227 5459 1479 5515 horreum
1499 5478 1693 5532 capere
1726 5466 1862 5516 mul-

283 5546 590 5614 titudinem,
628 5558 683 5606 et
715 5550 794 5606 sic
821 5567 887 5608 ex
917 5567 983 5609 eo
1015 5553 1343 5623 permultum
1373 5553 1517 5610 foras
1546 5556 1860 5612 clienti...-

281 5648 394 5695 tnr.
428 5639 539 5694 lloc
561 5650 644 5697 est
678 5643 952 5712 prioribus
973 5661 1190 5717 quoque
1209 5645 1409 5712 simile,
1434 5656 1486 5700 et
1510 5647 1772 5702 misz
1794 5650 1860 5704 de

282 5731 514 5798 panibus
545 5734 676 5786 nihil
706 5736 987 5803 dissimile,
1016 5739 1159 5808 quod
1189 5738 1316 5792 olim
1343 5754 1493 5793 tncns
1512 5738 1861 5794 echcitChri-

285 5831 401 5885 ilus
430 5825 571 5878 ""7.
601 5827 731 5882 Nam
757 5847 859 5884 una
905 5833 1128 5889 omnino
1159 5842 1237 5890 est
1277 5832 1558 5903 utriusque
1582 5834 1857 5903 operatio:

356 5942 474 5974 τευ
501 5943 692 6003 Matth.
733 5962 820 6015 x‘tv
848 5958 901 6004 et
938 5967 1025 6009 xv.

1973 4642 2122 4695 σίτου
2148 4640 2561 4710 πεπληρωμένα
2607 4636 2838 4709 καρπῶν
2875 4636 3048 4699 οὕτως
3092 4634 3488 4703 ἁγεωργήτων,
3514 4632 3549 4700 ἣ

1975 4734 2179 4804 μᾶλλον
2216 4732 2502 4802 γεωργίων
2557 4732 2729 4800 μόνης
2777 4730 2963 4800 εὐχῆς.
2996 4728 3179 4799 Μηδὲν
3207 4723 3302 4781 οὖν
3336 4726 3364 4776 ὁ
3387 4726 3555 4793 Μαρ-

1974 4827 2161 4889 κιανὸς
2222 4827 2280 4879 ἐν
2312 4825 2485 4893 τούτῳ
2513 4822 2787 4894 μελλήσας
2832 4822 2926 4875 ἕνα
2957 4820 3064 4872 τῶν
3088 4820 3253 4873 αὑτοῦ
3289 4816 3555 4887 μαθητῶν

1971 4920 2065 4974 ἐπὶ
2093 4919 2186 4971 τὸν
2249 4918 2424 4988 μέγαν
2461 4915 2740 4969 Θεοδόσιον
2767 4916 2842 4977 ὡς
2870 4914 3034 4984 τάχος
3070 4906 3370 4982 ἐκπέμπει,
3400 4926 3553 4977 γνω-

1975 5012 2139 5084 ρίζων
2162 5010 2311 5080 αὐτῷ
2338 5009 2431 5064 τοῦ
2463 5008 2793 5078 πράγματος
2825 5008 2888 5059 τι
2914 5007 3249 5076 ἀπόρρητον,
3282 5005 3378 5057 καὶ
3418 5002 3540 5070 ἅμα

1971 5107 2107 5176 πρὸς
2127 5105 2412 5159 κοινωνίαν
2441 5104 2537 5173 τῆς
2560 5101 2863 5173 παραδόξου
2883 5100 3012 5163 θέας
3035 5100 3125 5154 τὸν
3143 5099 3311 5169 ἄνδρα
3339 5096 3552 5151 καλῶν.

1981 5194 2069 5259 Ὠς
2099 5192 2192 5250 οὖν
2219 5191 2351 5267 ἦλθε
2393 5193 2488 5249 καὶ
2527 5187 2706 5257 οὗτος,
2740 5195 2796 5246 αἱ
2833 5193 2931 5264 μὲν
2964 5190 3125 5262 θύραι
3160 5190 3337 5263 βραχύ
3383 5208 3437 5243 τι
3465 5191 3543 5242 δι.

1970 5287 2271 5360 ηνοίγοντο,
2303 5289 2332 5341 ὁ
2361 5289 2509 5350 σῖτος
2536 5285 2593 5338 δὲ
2641 5287 2730 5354 ὑφ’
2768 5284 2964 5340 ἑαυτοῦ
3009 5284 3288 5350 ἐξωθεῖτο,
3331 5283 3554 5351 στέγειν

1970 5382 2069 5451 τῆς
2106 5378 2394 5449 άποθήκης
2420 5380 2482 5431 τδ
2513 5378 2722 5449 πλῆθος
2778 5380 2839 5430 οὺ
2881 5377 3215 5448 δυναμένης,
3267 5376 3362 5429 καὶ
3409 5374 3557 5428 οὕτω

1973 5471 2140 5533 πολὺς
2171 5466 2241 5541 ἦν
2268 5469 2374 5534 ἔξω
2393 5471 2816 5542 καταχεόμενος.
2847 5470 3019 5523 Τοῦτο
3059 5470 3156 5523 καὶ
3183 5471 3296 5533 τοῖς
3337 5467 3551 5539 προλα-

1971 5559 2157 5613 ϐοῦσιν
2185 5561 2394 5629 ὅμοιον,
2427 5560 2524 5613 καὶ
2560 5562 2655 5615 τοῦ
2694 5564 2823 5632 περὶ
2854 5562 2981 5626 τοὺς
3026 5561 3226 5631 ἄρτους
3270 5559 3556 5629 θαύματος

1972 5653 2093 5707 κατ’
2126 5654 2281 5708 οὐδὲν
2328 5654 2607 5725 ἀνόμοιον,
2664 5656 2851 5726 ὃπερδ
2901 5654 3036 5724 ὲμδς
3096 5653 3333 5721 Χριστὸς
3379 5651 3556 5717 πάλαι

1974 5745 2403 5818 θαυματουργεί.
2459 5746 2611 5800 Ἐπεὶ
2646 5748 2742 5800 καὶ
2791 5747 2890 5817 μία
2948 5747 3169 5800 πάντων
3227 5748 3311 5799 ἐπ
3346 5744 3558 5814 ἀμφοῖν

1974 5842 2004 5909 ἡ
2034 5839 2302 5911 ἐνέργεια,
2340 5840 2479 5911 πλὴν
2513 5841 2634 5893 ὅσον
2677 5841 2791 5893 ἐκεῖ
2828 5841 3106 5911 μὲναῦτδς
3141 5836 3204 5911 ἦν
3239 5837 3430 5908 main
3489 5853 3555 5893 τε
