3886 6466
275 486 381 551 533i

1200 490 1376 554 VlTA
1415 494 1475 551 S.
1517 489 1934 550 THEODOSII
1979 484 2577 549 ΟίΕΝΟΒιΙΑΒΟΗίΕ.

3430 482 3537 547 53L

284 601 379 651 καὶ
405 600 872 670 θαυματουργῶν,
903 604 1141 658 ἐνταῦθα
1175 605 1232 658 δὲ
1257 596 1335 675 τῷ
1363 606 1548 676 οἰκείῳ
1569 606 1862 673 θεράποντι

1978 603 2073 657 nisi
2108 602 2251 672 quod
2308 601 2418 655 illic
2448 601 2667 670 quidem
2701 600 2818 668 ipse
2843 609 2960 653 erat
2995 613 3234 668 praesens
3264 609 3319 652 et
3369 598 3545 651 adrni-

278 689 374 744 τοῦ
424 692 705 762 θαύματος
766 694 1017 769 ὑπηρέτῃ
1040 695 1347 767 χρώμενος,
1380 696 1571 767 ὥσπερ
1624 697 1734 765 ἄρα
1766 696 1859 749 καὶ

282 787 394 847 τοῖς
420 785 751 850 ἀποστόλοις
783 787 1071 860 πρότερον.
1108 789 1265 844 Μετὰ
1307 788 1438 858 γοῦν
1463 787 1622 843 τοῦτο
1652 789 1731 842 δεῖ
1764 789 1860 843 καὶ

280 877 498 933 ἐκείνου
534 879 964 951 ἐπιμνησθῆναι.

1971 695 2244 760 nistrans;
2305 692 2397 747 hic
2447 702 2631 746 autem
2690 706 2791 746 suo
2840 689 3041 745 famqu
3100 700 3258 746 utens
3296 688 3546 743 ministro

1972 785 2239 849 miraculi,
2287 785 2427 839 sicut
2482 783 2636 853 prius
2685 796 2900 852 quoque
2933 781 3215 852 apostolis.
3265 778 3395 837 Post
3443 780 3557 834 hoe

1969 889 2147 934 autem
2178 886 2393 948 oportet
2415 876 2558 932 illius
2580 889 2797 946 quoque
2818 875 3152 932 meminisse.

1731 1048 1961 1107 CAPUT
1991 1047 2104 1102 XV.

1098 1197 1487 1254 Submersionis
1551 1198 1980 1264 abortionumque
2030 1192 2299 1263 depulsum
2350 1189 2664 1258 periculum.

353 1337 437 1405 ξγθ
499 1336 646 1407 Γυνή
679 1352 764 1397 τις
803 1334 1040 1406 πατρίδα
1072 1335 1173 1407 μὲν
1202 1335 1448 1407 αύχοῦσα
1484 1335 1583 1406 τὴν
1609 1333 1861 1401 Ἀλεξάν-

2039 1330 2128 1385 65.
2156 1329 2351 1386 Mulier
2374 1332 2645 1401 quaedam,
2686 1331 2781 1384 eui-
2805 1330 3038 1401 insignis
3073 1332 3245 1400 patria
3275 1338 3393 1384 erat
3420 1330 3549 1385 Ale-

279 1430 489 1502 δρειαν,
533 1430 750 1501 πλούτῳ
774 1428 832 1484 δὲ
868 1429 1102 1500 κομῶσα
1156 1429 1328 1499 βαθεῖ,
1361 1427 1614 1497 λεγέσθω
1661 1425 1755 1480 καὶ
1786 1424 1866 1496 τῷ

1978 1422 2218 1487 randria,
2256 1422 2564 1492 ingentibus
2594 1431 2778 1477 autem
2827 1421 3142 1477 abundabat
3171 1421 3366 1491 opibus
3396 1438 3411 1475 :
3467 1422 3553 1476 di-

284 1519 468 1591 πολλῷ
505 1523 757 1590 κρεῖττον
787 1518 960 1587 αὐτῆς
988 1517 1083 1572 καὶ
1104 1517 1326 1587 δοθῆναι
1357 1515 1561 1586 μᾶλλον
1590 1515 1672 1576 εἰς
1695 1511 1866 1583 ἀκοὴν

1978 1523 2120 1567 :atur
2175 1512 2246 1566 id.
2284 1512 2449 1567 etiam
2507 1512 2649 1582 quod
2693 1521 2815 1568 erat
2861 1513 2916 1568 in
2978 1526 3042 1568 ea
3072 1512 3245 1575 multo
3276 1512 3471 1568 melius
3496 1522 3555 1566 et

282 1606 459 1674 ἄξιον,
484 1611 570 1663 ὅτι
600 1610 694 1663 καὶ
726 1607 1038 1663 πλουτοῦσα
1094 1608 1281 1681 τρόπῳ
1322 1605 1567 1679 χρηστῷ,
1597 1606 1693 1660 καὶ
1749 1603 1865 1675 βίου

1978 1602 2181 1674 lignius
2234 1604 2377 1673 quod
2417 1605 2776 1691 commita}ur
2802 1603 3048 1670 auribus,
3084 1618 3277 1672 nempe
3321 1604 3464 1673 quod
3494 1612 3550 1659 et

279 1700 542 1771 πρόνοιαν
575 1699 855 1769 θεοφιλοῦς
883 1699 1102 1771 ἔχουσα.
1142 1698 1316 1770 Αὕτη,
1346 1699 1439 1754 τὸν
1471 1697 1587 1752 υίὺν
1619 1695 1860 1750 λαϐοῦσα

281 1794 606 1865 (μονογενὴς
661 1792 720 1847 δὲ
767 1786 925 1857 οὗτος
967 1792 1128 1863 αὐτῇ,
1167 1792 1263 1845 καὶ
1322 1791 1485 1862 μόνος
1513 1789 1760 1862 ἀκριϐῶς
1792 1788 1861 1843 τὰ

277 1883 374 1937 τοῦ
406 1885 601 1954 γένους
631 1886 927 1954 σπέρματα
948 1882 1161 1950 σώζων,
1184 1885 1242 1938 ὲν
1270 1881 1495 1953 έαύτῷ),
1515 1882 1706 1950 ἐφοίτα
1723 1881 1860 1950 πρὸς

284 1975 387 2046 τὴν
412 1975 605 2046 μονὴν,
640 1976 739 2029 καὶ
768 1978 880 2039 τοῖς
909 1977 1067 2028 ποσὶν
1099 1975 1267 2030 αὑτὸν
1286 1973 1381 2028 τοῦ
1409 1973 1653 2044 μεγάλου
1671 1972 1864 2027 Θεοδο-

1971 1697 2124 1751 dives
2151 1706 2268 1751 erat
2298 1697 2456 1753 bonis
2486 1697 2748 1763 moribus,
2812 1707 2866 1753 et
2922 1712 3106 1752 curam
3162 1696 3385 1767 gerebat
3427 1695 3550 1751 vitm

1970 1790 2070 1859 pia:
2097 1804 2161 1844 ac
2200 1788 2488 1860 religiosae.
2538 1790 2613 1844 Ea
2666 1805 2787 1844 cum
2828 1788 3131 1858 accepisset
3186 1789 3354 1844 lilium
3409 1790 3552 1858 (erat

1969 1894 2150 1938 autem
2181 1882 2270 1938 hic
2299 1883 2346 1937 ei
2378 1884 2711 1954 unigenitus,
2739 1890 2796 1937 et
2821 1882 2970 1937 solus
2991 1881 3045 1937 in
3076 1896 3137 1937 se
3161 1891 3308 1937 recte
3325 1896 3552 1937 servans

1969 1975 2181 2031 semina
2210 1974 2473 2045 generis),
2507 1973 2805 2029 ventitabat
2843 1973 2910 2027 ad
2939 1973 3350 2039 monasterium,
3380 1982 3435 2027 et
3458 1975 3551 2027 ad-

282 2070 402 2122 σίου
459 2070 763 2140 προσῆγεν.
809 2068 869 2122 '0
900 2071 1031 2132 παῖς
1083 2069 1268 2138 μέντοι
1322 2068 1419 2121 καὶ⁸
1474 2068 1605 2137 πρὶν
1640 2066 1673 2138 ἢ
1707 2068 1859 2136 παρὰ

1978 2068 2204 2124 ducebat
2231 2082 2354 2123 eum
2384 2068 2452 2122 ad
2480 2066 2646 2138 pedes
2679 2066 2861 2136 magni
2893 2066 3207 2123 Theodosii.
3237 2065 3382 2130 Puer
3424 2083 3552 2122 vero

280 2161 381 2230 τῆς
404 2161 615 2232 μητρὸς
646 2160 1053 2232 προσαχθῆναι,
1083 2160 1157 2222 ὡς
1185 2160 1470 2232 πόρρωθεν
1494 2160 1700 2214 ῐδοιτὸν
1729 2160 1858 2215 Θεο-

279 2252 481 2316 δόσιον,
516 2250 682 2314 εὐθὺς
712 2251 906 2307 τοῦτον
962 2254 1171 2305 ἐκεῖνον
1222 2247 1367 2304 εἶναι
1422 2251 1750 2322 ἀνέκραγεν,
1800 2252 1860 2316 ὃς

279 2343 448 2395 αὐτὸν
478 2344 570 2396 ἐπὶ
601 2343 697 2396 τοῦ
730 2343 967 2415 φρέατος
999 2344 1207 2415 ἀνέχων
1261 2347 1325 2414 τῇ
1353 2344 1501 2414 χειρὶ
1531 2345 1856 2399 διεσώσατο.

295 2433 657 2506 Ἐρωτωμένη
681 2437 739 2490 δὲ
766 2438 955 2509 ἡγυνὴ
1002 2439 1030 2491 ὃ
1065 2455 1118 2490 τι
1143 2438 1274 2492 ποτὲ
1318 2438 1426 2508 ἄρα
1455 2437 1532 2508 τῷ
1556 2437 1705 2492 παιδὶ
1734 2438 1861 2510 βού-

280 2528 438 2580 λεται
468 2527 538 2581 τά
565 2528 849 2598 λεχθέντα,
886 2530 1218 2600 συμπαίζειν
1249 2530 1349 2600 μὲν
1381 2531 1543 2585 αὑτὸν
1566 2530 1719 2600 ἔλεγε
1750 2533 1861 2596 τοῖς

283 2620 605 2689 ἡλικιώταις
631 2624 695 2692 τῇ
728 2622 948 2693 παιδείᾳ
986 2622 1343 2693 προσέχοντα,
1394 2623 1488 2676 καὶ
1533 2624 1861 2695 ἀπροόπτως

282 2713 396 2765 τῶν
426 2715 485 2766 ἐν
507 2712 665 2765 ποσὶν
696 2713 891 2782 ἔχοντα
919 2714 1000 2776 εἰς
1038 2714 1216 2785 φρέαρ
1256 2712 1668 2784 κατενεχθῆναι,
1687 2714 1866 2785 φρέαρ

282 2807 369 2859 ὃτι
403 2805 725 2875 βαθύτατον.
763 2806 824 2859 Οἱ
855 2805 954 2875 μὲν
996 2801 1089 2857 οὖν
1136 2806 1401 2875 παρόντες
1430 2803 1523 2857 τοῦ
1553 2803 1736 2876 ἀώρου
1768 2806 1866 2860 καὶ

285 2897 492 2969 πικροῦ
542 2898 704 2968 δῆθεν
734 2898 969 2952 θανάτου
999 2897 1092 2951 τὸν
1155 2898 1321 2952 παῖδα
1366 2896 1667 2970 ὠδύροντο·
1690 2898 1865 2960 οὐδεὶς

287 2989 402 3059 γὰρ
434 2985 501 3059 ἦν
522 2983 566 3057 ᾧ
598 2990 673 3060 μὴ
695 2989 819 3056 δόξα
844 2987 912 3062 ἦν
959 2990 1050 3044 τὸν
1089 2990 1253 3043 παῖδα
1301 2990 1464 3055 εὐθὺς
1495 2991 1867 3062 ἀποπνιγῆναι

285 3081 403 3141 τοῖς
434 3079 609 3136 ὕδασι.
647 3080 712 3134 Τί
751 3082 859 3154 γὰρ
910 3083 1003 3135 καὶ
1038 3082 1169 3137 ἄλλο
1224 3080 1450 3153 ἔμελλον
1481 3083 1606 3137 ὅσον
1635 3083 1745 3137 ἀπὸ
1771 3084 1865 3136 τοῦ

283 3174 614 3243 πράγματος
653 3174 1021 3239 ὑποπτεύεινς
1063 3176 1297 3229 Ἔπειτα
1349 3176 1445 3229 καὶ
1486 3176 1870 3247 φιλάνθρωπόν

288 3283 349 3319 τι
387 3266 667 3331 ποιοῦντες
704 3267 961 3321 καθίασιν
990 3269 1220 3332 ἑαυτοὺς
1272 3269 1435 3332 εὐθὺς
1479 3269 1627 3333 είςτὸ
1666 3270 1865 3341 φρέαρ,

278 3359 386 3428 οὐχ
421 3359 509 3413 ἵνα
533 3363 741 3414 ἐκεῖνον
776 3362 1041 3432 πρότερον
1096 3361 1126 3431 ἢ
1157 3362 1250 3414 καὶ
1287 3361 1579 3415 ἀποθανεῖν
1612 3362 1870 3427 λάϐωσιν,

284 3451 417 3513 (ποῦ
456 3454 564 3523 γὰρ
589 3449 658 3524 ἦν
687 3454 878 3507 τούτου
905 3455 1002 3508 καὶ
1050 3454 1227 3524 μικρά
1257 3472 1343 3518 τις
1381 3455 1534 3516 ἐλπίς
1560 3457 1599 3522 ;)
1631 3456 1748 3510 ἀλλ’
1781 3455 1868 3509 ἴνα

281 3541 455 3596 αὐτοῦ
484 3545 545 3596 τὸ
576 3545 733 3615 σῶμα
758 3546 864 3616 πρὸ
882 3547 977 3617 τῆς
999 3546 1297 3618 διαφθορᾶς
1338 3549 1640 3602 ἀνελύσωσι
1698 3548 1871 3621 δῶρον

284 3638 583 3706 συμφορᾶς
647 3640 849 3709 μητρὶ,
904 3638 1001 3693 καὶ
1043 3638 1226 3710 θέαμα
1293 3641 1489 3711 πικρὸν
1545 3641 1867 3713 ὀφθαλμοῖς,

284 3725 390 3781 καὶ
422 3727 643 3798 κέντρον
692 3728 906 3800 ὀδύνης,
944 3729 1199 3802 καθάπερ
1233 3749 1283 3783 τι
1314 3733 1379 3785 ὲκ
1440 3733 1704 3802 ναυαγίου
1743 3733 1865 3788 διασ

285 3818 491 3885 σωθὲν,
528 3820 762 3888 φευκτόν
792 3836 852 3874 τε
895 3819 1014 3891 ἅμα
1044 3820 1140 3876 καὶ
1184 3821 1436 3877 ποθεινὸν
1470 3822 1746 3896 μητρῴοις
1770 3824 1871 3897 ὔμ-

288 3927 481 3982 μασιν.

368 4003 461 4070 ξδ’.
508 4005 660 4058 Ἐπεὶ
689 4006 746 4059 δὲ
782 4007 1081 4077 κατῆλθον,
1113 4011 1523 4081 ἐπικαθήμενον
1576 4013 1739 4067 αὐτὸν
1783 4015 1869 4066 εύο

288 4097 482 4167 ροντες
510 4101 621 4159 τοῖς
652 4097 828 4161 ὕδασι,
862 4101 955 4153 καὶ
982 4101 1101 4154 οὐδὲ
1139 4103 1312 4173 βραχύ
1362 4120 1415 4155 τι
1446 4104 1871 4175 καταδυόμενον,

285 4188 399 4244 ἀλλ
442 4188 763 4261 Ξθεχόμενον
797 4192 987 4265 ὥσπερ
1038 4195 1142 4248 ὑπό
1169 4212 1315 4257 τινος
1381 4196 1627 4268 στερεοῦ,
1653 4200 1873 4269 ἀχανεῖς

288 4278 510 4348 ἔμενον,
527 4280 856 4353 ἐθαύμαζον,
882 4284 1207 4356 ἠποροῦντο,
1239 4286 1339 4340 οὐκ
1364 4282 1509 4359 εἶχον
1537 4289 1566 4342 ὃ
1597 4308 1650 4343 τι
1677 4288 1742 4343 ἂν
1764 4289 1873 4361 ἄρα

285 4373 392 4424 ἐπὶ
418 4372 497 4444 τῷ
523 4373 782 4446 θεωμένῳ
819 4376 1182 4448 διενοήσαντο.
1218 4379 1363 4449 Πλὴν
1420 4380 1564 4434 ἀλλὰ
1616 4381 1709 4435 τοῦ
1743 4380 1877 4436 ὓδα-

287 4480 390 4527 τος
428 4464 843 4533 ἀνελκύσαντες,
878 4469 971 4521 καὶ
999 4469 1074 4531 ώς
1105 4469 1166 4520 ού
1200 4467 1352 4532 θείας
1385 4470 1693 4541 ἐπισκοπῆς
1741 4472 1873 4526 ἄνευ

287 4557 360 4611 τδ
390 4561 622 4630 πρᾶγμα
652 4561 909 4629 γενέσθαι
937 4560 1120 4625 καλῶς
1144 4562 1435 4631 κρίναντες
1477 4565 1778 4635 ἀνηρώτων
1800 4584 1812 4597 ο
1845 4568 1874 4620 ὁ

287 4651 355 4708 δὲ
395 4654 627 4722 μοναχόν
651 4670 772 4707 τινα
800 4652 902 4724 ἔφη
936 4655 1288 4723 παραστῆναί
1314 4672 1426 4724 μοι,
1456 4656 1516 4709 τὸ
1542 4658 1748 4727 σχῆμα.
1772 4660 1874 4729 τὴν

286 4743 583 4816 ἁναδολὴν,
611 4744 711 4817 τὴν
741 4748 956 4816 μορφὴν
982 4748 1212 4811 τοιάνδε,
1245 4748 1313 4800 τὰ
1341 4748 1649 4819 παράσημα
1691 4751 1872 4805 πάντα
1903 4776 1949 4832 ι,

286 4833 389 4889 τοῦ
432 4836 642 4907 [ἰατρὸς
672 4837 846 4906 λέγων
886 4841 1101 4892 ἐοικότα
1124 4839 1256 4908 πρὸς
1289 4841 1349 4894 τὸ
1382 4841 1705 4912 ἀκρότατον.
1744 4844 1793 4895 Κ
1813 4843 1871 4896 αὶ

285 4928 486 4982 τούτου
520 4946 615 4993 μοι
643 4932 699 4983 αἱ
730 4933 935 5000 χεῖρες,
971 4933 1127 5003 φησὶ,
1158 4931 1253 4986 τοῦ
1302 4933 1377 5003 μὴ
1408 4934 1572 4997 εὐθὺς
1605 4936 1718 4997 τοῖς
1748 4934 1876 4989 ὕδα-

293 5036 385 5073 σιν
423 5021 770 5093 ἐναποθανεῖν
819 5022 1005 5086 αἴτιοι,
1057 5023 1342 5095 ἀνέχουσαί
1391 5043 1459 5095 με
1537 5006 1742 5092 καλῶς,
1784 5028 1876 5082 καὶ

292 5112 604 5184 ὑπέρτερον
659 5109 799 5168 εἶναι
848 5115 960 5168 τῶν
990 5116 1199 5170 ὑδάτων
1230 5118 1775 5182 παρασκευάζουσαι.

366 5280 459 5348 ξέ.
487 5284 674 5338 Ταῦτα
714 5287 748 5357 ἡ
814 5287 1001 5356 μήτηρ
1057 5286 1360 5356 διεξηγείτο
1408 5290 1502 5344 καὶ
1570 5290 1873 5362 προστίθει,

286 5377 513 5446 ὅτιπερ,
534 5376 626 5442 Ἐξ
643 5378 852 5431 ἐκείνου
878 5378 989 5447 ἐγὼ
1006 5380 1096 5433 τὸν
1125 5380 1292 5443 παῖδα
1308 5380 1574 5446 λαϐοῦσα,
1600 5383 1785 5447 πόλεις
1816 5401 1875 5436 τε

290 5466 396 5520 καὶ
423 5466 616 5536 κώμας
646 5468 740 5520 καὶ
790 5467 890 5538 ὅρη
932 5469 1027 5521 καὶ
1070 5470 1353 5540 κρημνοὺς
1407 5470 1654 5540 περίειμι
1680 5470 1879 5533 πόνους

294 5558 673 5628 ὑφισταμένη,
704 5559 935 5623 πολλοὺς
987 5560 1112 5631 μὲν,
1137 5561 1239 5614 οὐκ
1287 5560 1473 5630 ἀηδεῖς
1509 5561 1588 5627 δὲ,
1622 5562 1770 5625 ὅπως
1812 5564 1878 5616 ἄν

298 5669 397 5720 μοι
422 5642 502 5722 τῷ
535 5652 743 5725 σωτῆρι
801 5657 1118 5725 περιτυχεῖν
1169 5653 1336 5707 αὑτοῦ
1398 5654 1627 5723 γένοιτο.
1659 5655 1775 5710 Νῦν
1819 5655 1878 5708 δὲ

296 5744 593 5815 πόρρωθεν
616 5745 780 5800 αὑτὸν
808 5749 837 5800 ὁ
867 5748 997 5811 παῖς
1024 5747 1302 5815 ἐπιγνοὺς,
1329 5747 1425 5800 καὶ
1457 5726 1584 5817 ἐμοὶ
1612 5750 1679 5818 τῇ
1705 5750 1879 5820 μητρὶ

304 5836 502 5904 μαθεῖν
536 5835 728 5907 ἔδωκε,
752 5839 847 5892 καὶ
903 5838 1167 5911 κηρύττει
1216 5837 1409 5892 τοῦτον
1430 5839 1713 5908 ἐπιφανῶς
1732 5839 1883 5894 ἐλευ-

302 5930 442 6006 θέρα
474 5930 697 6005 γλώττῃ
717 5933 809 5986 καὶ
831 5931 1088 5999 ὑπονοίας
1111 5931 1290 6005 πάσης
1332 5931 1426 5988 καὶ
1455 5930 1686 6003 ψεύδους
1708 5932 1884 6005 κρείτ·

1965 2155 2130 2212 etiam
2192 2166 2487 2227 antequam
2532 2158 2894 2212 adduceretur
2941 2173 2969 2211 a
3016 2166 3211 2223 matre,
3247 2157 3336 2212 ubi
3368 2158 3555 2226 procul

1969 2249 2102 2303 vidit
2129 2246 2524 2313 Theodosium,
2559 2247 2809 2321 protinus
2869 2246 3018 2303 illum
3047 2261 3171 2304 esse
3197 2234 3549 2312 exclamavit,

1966 2340 2059 2409 qui
2094 2353 2217 2394 eum
2249 2353 2413 2409 super
2447 2348 2668 2408 puteum
2721 2338 2997 2394 sustinens
3042 2338 3406 2394 conservavit.
3444 2337 3554 2394 Ro-

1969 2441 2091 2500 gata
2128 2439 2309 2486 autem
2360 2430 2575 2494 mulier,
2628 2430 2884 2499 quidnam
2927 2430 3033 2486 sibi
3074 2430 3276 2486 vellent
3326 2446 3554 2500 ea,qna:

1971 2524 2290 2579 dicebantur
2316 2539 2349 2578 a
2378 2537 2568 2593 puero,
2596 2523 2810 2579 diccbat
2833 2534 2958 2579 eum
2983 2524 3201 2593 quidem
3230 2523 3424 2579 lusisse
3451 2540 3554 2578 una

1971 2630 2092 2670 cum
2120 2615 2457 2685 aequalibus;
2492 2630 2620 2671 cum
2649 2625 2830 2671 autem
2863 2615 2988 2671 ludo
3012 2624 3158 2672 esset
3183 2615 3445 2680 intentus,
3501 2625 3557 2670 et

1942 2722 2080 2762 -non
2121 2708 2445 2777 praevideret
2495 2724 2616 2779 quae
2658 2718 2815 2764 erant
2878 2709 2932 2763 in
2978 2710 3223 2780 pedibus,
3277 2709 3551 2779 deiectum

1972 2800 2141 2856 fuisse
2171 2801 2224 2855 in
2252 2810 2498 2870 puteum,
2540 2817 2774 2873 eumque
2800 2800 3309 2872 profundissimnm.
3344 2804 3411 2857 Et
3463 2807 3553 2872 qui

1971 2890 2198 2946 aderant
2229 2890 2470 2960 quidem,
2526 2892 2873 2948 immaturam
2911 2903 2968 2949 et
3026 2894 3279 2950 acerbam
3324 2906 3554 2949 mortem

1975 2985 2123 3054 pueri
2154 2981 2442 3040 deﬂebant.
2469 2983 2641 3040 Nemo
2666 2986 2811 3042 enim
2845 2995 2984 3050 erat,
3015 2986 3109 3055 qui
3144 3000 3249 3041 non
3277 2987 3556 3041 existima-

1975 3082 2059 3130 ret
2082 3089 2310 3145 puerum
2345 3075 2517 3132 fuisse
2547 3078 2731 3132 statim
2775 3077 2842 3132 ab
2870 3092 3011 3147 aqua
3042 3076 3385 3133 sulfoeaturn.
3418 3078 3557 3145 Quid

1974 3167 2120 3223 enim
2172 3181 2242 3223 ex
2289 3182 2355 3223 ea
2406 3183 2466 3223 re
2508 3178 2760 3245 poterant
2805 3169 2954 3227 aliud
2999 3170 3308 3240 suspicari?
3357 3169 3559 3225 Deinde

1976 3260 2143 3317 etiam
2172 3274 2232 3316 se
2259 3260 2496 3318 humane
2518 3272 2791 3332 gerentes,
2817 3262 3028 3332 seipsos
3053 3261 3352 3319 demittunt
3380 3262 3434 3316 in
3471 3276 3561 3331 pu-

1981 3362 2144 3418 teum,
2184 3367 2292 3408 non
2327 3364 2384 3408 ut
2415 3368 2538 3420 eum
2581 3354 2893 3424 acciperent
2925 3363 3221 3425 antequam
3256 3362 3562 3410 moreretur

1979 3445 2270 3514 (quomodo
2305 3446 2451 3502 enim
2480 3446 2600 3517 ejus
2623 3461 2745 3503 esse
2766 3455 2953 3518 posset
2977 3447 3062 3503 vel
3092 3461 3218 3517 spes
3250 3446 3474 3501 minima
3489 3445 3558 3514 ‘2),

1976 3537 2071 3594 sed
2103 3546 2162 3593 ut
2190 3546 2482 3608 antequam
2522 3547 2986 3610 corrumperetur,
3017 3537 3135 3608 ejus
3157 3553 3357 3608 corpus
3391 3546 3560 3592 attra-

1978 3628 2195 3694 herent,
2226 3628 2391 3683 matri
2412 3628 2613 3685 donum
2634 3629 2984 3697 calamitatis,
3011 3639 3068 3685 et
3097 3629 3354 3685 acerbum
3388 3629 3561 3684 oculis

1977 3719 2370 3791 spectaculum,
2396 3730 2453 3778 et
2473 3719 2765 3778 stimulum
2788 3720 3011 3785 doloris,
3050 3731 3308 3792 tanquam
3329 3734 3394 3774 ex
3425 3735 3563 3773 nau-

1977 3811 2151 3883 fragio
2172 3821 2607 3880 conservatum,
2629 3812 2884 3868 simulet
2918 3811 3230 3884 fugiendum
3265 3820 3322 3866 et
3349 3810 3561 3867 deside-

1978 3904 2206 3959 rantium
2236 3888 2431 3960 matris
2475 3905 2672 3961 oculis.

2047 3995 2138 4054 64.
2168 3996 2468 4068 Postquam
2496 4007 2680 4055 autem
2710 4000 3132 4065 descenderunt,
3179 4006 3233 4053 et
3267 4011 3391 4053 eum
3414 3996 3564 4050 inve—

1979 4099 2177 4145 nerunt
2227 4091 2508 4146 sedentem
2547 4106 2712 4162 super
2765 4106 2960 4163 aquas,
3030 4099 3093 4145 et
3138 4104 3238 4145 nec
3290 4087 3562 4144 tantillum

1978 4183 2196 4251 quidem
2259 4184 2651 4251 madefactum,
2704 4185 2800 4240 sed
2839 4184 2930 4254 qui
2980 4183 3352 4241 sustinebatur
3398 4180 3561 4235 veluti

1979 4273 2046 4328 ab
2075 4273 2261 4343 aliquo
2295 4275 2490 4341 solido,
2524 4290 2619 4331 ore
2638 4285 2828 4346 aperto
2858 4274 3173 4341 manebant,
3200 4272 3562 4335 mirabantur,

1981 4363 2324 4426 dubitabant,
2360 4366 2981 4435 nesciebantquidnam
3032 4366 3338 4434 cogitarent
3371 4365 3437 4418 de
3474 4376 3560 4424 eo,

1978 4457 2121 4525 ψιοά
2169 4458 2487 4513 cernebant.
2532 4457 2637 4513 Sed
2671 4473 2795 4512 cum
2831 4472 2961 4514 eum
2986 4473 3053 4513 ex
3103 4457 3261 4525 aquis
3290 4453 3564 4510 extraxis-

1981 4555 2124 4612 sent,
2158 4556 2214 4602 et
2248 4562 2352 4601 non
2376 4549 2582 4618 absque
2612 4549 2790 4605 divina
2832 4548 3173 4620 providentia
3205 4561 3320 4601 rem
3360 4545 3562 4599 laetam

1980 4638 2146 4694 fuisse
2173 4638 2535 4710 iudicassent,
2567 4655 2691 4696 eum
2728 4643 3039 4711 rogabant:
3103 4639 3149 4694 is
3183 4638 3319 4693 dixit
3369 4651 3563 4706 quem-

1983 4734 2105 4786 dam
2150 4732 2395 4788 astitisse
2446 4733 2820 4799 monachum,,
2851 4732 2944 4787 tali
2997 4731 3207 4795 habitu,
3260 4728 3462 4784 amictu
3509 4740 3566 4784 et

1981 4825 2155 4881 forma
2184 4827 2492 4897 praeditum,
2527 4826 2714 4882 dicens
2736 4825 2919 4881 omnia
2947 4825 3204 4896 insignia,
3247 4838 3368 4894 quae
3407 4831 3567 4899 erant

1982 4918 2158 4975 Patris
2186 4919 2481 4976 Theodosii
2516 4920 2676 4991 longe
2705 4918 3004 4974 simillima.
3042 4918 3108 4972 Et
3149 4917 3331 4988 hujus,
3364 4917 3562 4985 inquit,

1982 5011 2112 5065 mihi
2145 5027 2338 5068 manus
2389 5026 2567 5068 causae
2608 5022 2759 5076 sunt,
2814 5027 2882 5066 ne
2930 5011 2984 5065 in
3034 5013 3192 5081 aquis
3238 5009 3561 5074 interierim,

1980 5116 2101 5171 quae
2144 5117 2229 5157 me
2270 5113 2416 5158 recte
2466 5101 2829 5168 sustinebant,
2860 5111 2915 5158 et
2947 5101 3258 5158 adiciebant
3293 5113 3351 5155 ut
3389 5115 3569 5158 essent

1983 5193 2140 5261 aquis
2169 5193 2440 5264 superior.

2049 5285 2138 5339 65.
2179 5285 2306 5340 llaec
2340 5296 2517 5341 mater
2571 5297 2626 5343 et
2668 5289 2928 5344 narrabat
2955 5299 3010 5343 et
3056 5288 3349 5357 adjiciebat
3383 5305 3397 5342 :
3431 5286 3561 5356 Ego,

1981 5378 2178 5447 inquit,
2239 5392 2366 5433 curn
2417 5395 2484 5435 ex
2539 5380 2632 5435 ille
2693 5391 2935 5451 tempore
2997 5381 3166 5434 lilium
3206 5379 3562 5448 accepissem,

1982 5473 2143 5525 urbes
2164 5471 2301 5526 obeo
2326 5482 2381 5525 et
2404 5472 2556 5527 vicos
2597 5483 2646 5527 et
2675 5483 2886 5528 montes
2918 5481 2973 5527 et
2998 5472 3318 5542 praecipitia,
3349 5469 3563 5523 labores

1980 5562 2231 5627 subiens,
2282 5561 2482 5618 multos
2535 5563 2777 5633 quidem,
2837 5564 2930 5617 sed
2986 5578 3090 5617 non
3130 5560 3471 5630 iujucundos,
3504 5569 3564 5612 ut

1980 5654 2173 5708 liceret
2221 5653 2349 5706 mihi
2383 5654 2620 5711 incidere
2652 5654 2707 5708 in
2747 5653 2865 5722 ejus
2900 5664 3256 5710 servatorem.
3284 5651 3440 5709 Nunc
3466 5667 3563 5704 au-

1984 5756 2090 5800 tem
2117 5761 2239 5800 cum
2266 5746 2487 5800 eminus
2528 5760 2652 5800 eum
2705 5740 2925 5816 agnovit
2960 5745 3122 5811 ﬁlius,
3159 5746 3289 5800 mihi
3344 5746 3563 5814 quoque

1986 5838 2145 5893 matri
2176 5837 2323 5892 dedit
2358 5844 2797 5907 utagnoscerem
2827 5856 2842 5892 :
2869 5846 2925 5892 et
2951 5852 3076 5892 eum
3095 5845 3281 5907 aperte
3307 5836 3564 5906 praedicat

1984 5932 2158 5990 libera
2210 5928 2415 6002 lingua,
2442 5938 2495 5985 et
2528 5944 2648 6001 qua:
2695 5929 3059 6000 suspicionem
3092 5944 3306 5987 omnem
3342 5940 3567 6000 supcrat
