3886 6458
287 363 385 421 335

376 363 390 418 i
1245 387 1264 404 -
1519 361 1802 423 MENSIS
1851 362 2316 428 JANUARIUS.

3451 369 3559 432 533

287 480 340 522 et
375 466 739 531 mendacium,
781 479 972 536 meque
997 467 1194 536 gaudio
1231 465 1490 536 repletam
1525 453 1869 523 et'admira-

1992 490 2110 537 τονι,
2143 473 2288 544 κάμὲ
2319 471 2375 526 δὲ
2402 473 2576 543 χαρᾶς
2601 473 2694 527 καὶ⁸
2723 473 3004 544 θαύματος
3047 475 3435 547 πληρωθεῖσαν
3465 482 3561 535 καὶ

289 562 470 622 tione,
505 571 556 616 et
614 560 776 614 Veluti
837 561 1070 629 quodam
1113 560 1299 615 divino
1353 560 1537 616 furore
1583 563 1869 630 percitam,

289 668 394 706 non
435 653 562 706 sinit
593 654 896 720 quiescere.
938 650 1060 706 lltec
1118 667 1241 708 cum
1297 651 1552 719 dixisset,
1609 653 1676 706 ad
1734 667 1872 722 opus

288 759 506 814 quoque
533 741 783 807 accessit,
819 751 877 797 ut
926 758 1048 812 qua:
1079 743 1328 812 protinus
1369 746 1437 799 ad
1470 759 1645 814 genua
1701 745 1872 814 patris

289 835 692 902 advolveretur,
745 845 801 890 et
845 836 991 891 illius
1032 837 1263 907 vestigia
1295 837 1560 892 ambabus
1591 847 1872 908 prensaret

293 927 564 991 manibus,
603 936 654 982 et
683 929 1175 998 complecterentur
1202 929 1367 986 labris
1401 930 1561 986 simul
1592 939 1644 986 et
1669 931 1868 995 animo,

291 1019 496 1074 Calidas
541 1020 592 1073 in
621 1035 684 1074 ea
717 1021 986 1090 lacrymas
1008 1020 1290 1078 etlundcus
1323 1039 1337 1076 :
1371 1030 1425 1077 et
1446 1030 1873 1089 servatorem,ct

291 1112 414 1167 vita:
449 1123 746 1179 auctorem,
782 1130 888 1169 nou
916 1116 1086 1170 solum
1115 1115 1232 1182 lilii,
1259 1116 1352 1172 sed
1376 1131 1488 1171 sua:
1513 1131 1729 1187 quoque
1757 1131 1873 1170 ma-

293 1222 455 1274 gnum
489 1222 692 1264 vocans
728 1208 1091 1264 Theodosium
1135 1227 1149 1263 :
1186 1224 1376 1265 revera
1422 1211 1564 1264 enim
1599 1210 1646 1263 ei
1704 1209 1873 1265 fuisse

294 1296 532 1353 futuram
574 1300 829 1371 deinceps
859 1302 1026 1356 vitam
1072 1317 1176 1357 non
1211 1303 1455 1369 vitalem,
1487 1311 1582 1357 aut
1623 1302 1705 1356 vel
1761 1303 1873 1371 ipsa

293 1400 472 1448 morte
504 1392 662 1463 longe
715 1396 1067 1459 amariorem,
1117 1397 1160 1450 si
1222 1405 1331 1450 tam
1367 1396 1768 1463 intempestive,
1802 1397 1877 1450 in.

294 1483 432 1554 quit,
457 1493 515 1539 et
539 1486 739 1541 misere
766 1485 816 1541 ei
855 1485 994 1542 (ilius
1017 1487 1334 1542 interiisset.

367 1576 459 1634 66.
515 1577 704 1634 Potest
750 1588 932 1634 autem
976 1581 1153 1634 oratio
1209 1593 1424 1648 quoque
1472 1578 1680 1648 aliquid
1727 1577 1874 1633 aliud

294 1670 498 1737 dicere,
521 1671 698 1727 simile
733 1670 1225 1742 prtecedenti.Nam
1257 1673 1502 1742 qurcdam
1524 1671 1627 1726 alia
1659 1670 1873 1738 mulier,

298 1777 418 1832 quae
444 1761 498 1816 in
526 1771 681 1832 partu
717 1763 1010 1833 quotannis
1048 1764 1286 1836 graviter
1335 1763 1638 1827 laborabat,
1682 1773 1738 1816 et
1778 1775 1877 1817 nec

1972 558 2083 616 οἷον
2137 562 2506 616 ἐνθουσιῶσαν
2565 564 2796 633 ἠρεμεῖν
2857 564 2959 618 οὑκ
2980 566 3068 635 ἐᾷ.
3105 565 3293 620 Ταῦτα
3328 569 3562 621 εἰποῦσα

1973 656 2066 708 καὶ
2089 654 2250 724 ἔργου
2281 655 2480 726 εἴχετο,
2511 657 2627 717 τοῖς
2649 655 2746 708 τοῦ
2767 657 2971 728 πατρὸς
2993 657 3154 721 εὐθὺς
3177 657 3365 726 γόνασι
3392 677 3564 731 προσ-

1972 749 2290 818 κυλιομένη,
2347 747 2507 818 ἰχνῶν
2556 765 2614 801 τε
2647 749 2862 802 ἐκείνου
2915 750 3261 820 ἀμφοτέραις
3313 753 3563 820 ἐφαπτο-

1975 840 2136 910 μένη,
2181 841 2667 911 περιπτυσσομένη
2722 841 2814 894 καὶ
2869 841 3107 910 χείλεσιν
3173 841 3291 914 ἅμα
3341 844 3434 898 καὶ
3490 847 3560 915 τῇ

1971 933 2145 1004 ψυχῇ,
2181 934 2396 1004 δάκρυα
2447 933 2656 987 τούτων
2707 933 2888 1006 θερμά
2927 937 3294 1006 καταχέουσα,
3329 938 3423 989 καὶ
3449 950 3564 990 ’σω-

1972 1027 2116 1096 τῆρα
2138 1027 2232 1080 καὶ
2254 1025 2402 1096 ζωῆς
2451 1028 2646 1092 αἴτιον,
2706 1027 2768 1080 οὑ
2805 1026 2900 1080 τοῦ
2942 1028 3132 1091 παιδὸς
3189 1029 3371 1097 μόνον,
3421 1029 3562 1082 ἀλλὰ

1975 1122 2067 1172 καὶ
2097 1120 2296 1189 ἑαυτῆς
2322 1121 2414 1172 τὸν
2443 1121 2618 1190 μέγαν
2646 1117 3036 1174 ἀποκαλοῦσαο
3073 1119 3105 1190 ἢ
3134 1123 3245 1190 γὰρ
3291 1120 3356 1173 ἂν
3390 1121 3564 1174 ἀϐίω-

1973 1229 2063 1265 τον
2093 1213 2232 1283 αὑτῇ
2264 1212 2450 1266 λοιπὸν
2473 1210 2696 1265 ἔσεσθαι
2725 1211 2814 1264 τὸν
2839 1212 2976 1282 βίον,
3002 1212 3034 1282 ἢ
3065 1213 3200 1266 πολὺ
3233 1213 3440 1284 μᾶλλον
3465 1213 3566 1267 καὶ

1975 1303 2139 1356 αὑτοῦ
2171 1304 2406 1357 Θανάτου
2450 1303 2806 1374 πικρότερον,
2843 1305 2892 1357 εἰ
2927 1303 3095 1369 οὑτω,
3141 1305 3327 1376 φησὶν,
3362 1305 3563 1378 ἀώρως

1976 1395 2100 1462 ἐμοὶ
2130 1394 2223 1446 καὶ⁵
2248 1393 2450 1458 ἀθλίως
2475 1395 2502 1447 ὁ
2535 1397 2665 1458 παῖς
2705 1393 3002 1449 ἀπολώλει.

2046 1573 2155 1640 ξς.
2190 1575 2344 1645 Ἔχει
2393 1592 2446 1628 τι
2500 1577 2594 1630 καὶ
2627 1575 2756 1631 ἀλλο
2813 1576 2908 1632 τοῦ
2949 1577 3317 1650 προλαϐόντος
3351 1581 3380 1633 ό
3404 1579 3567 1647 λόγος

1977 1667 2153 1719 εἰπεῖν
2183 1667 2589 1739 παραπλήσιον.
2623 1668 2766 1740 Γυνὴ
2795 1670 2904 1742 γάρ
2931 1688 3016 1734 τις
3050 1672 3213 1744 ἑτέρα
3247 1673 3441 1738 τόκους
3463 1674 3568 1743 μὲν

1981 1759 2072 1813 καὶ
2126 1761 2332 1831 πικρὰς
2378 1761 2555 1816 τόκων
2635 1761 2831 1826 ὠδῖνας
2890 1764 3125 1836 ὲτησέως
3191 1766 3566 1837 ὑφισταμένη,

293 1827 359 1910 ex
396 1871 460 1912 eo
495 1827 1010 1928 aliquam-capiebat
1033 1827 1343 1912 utilitatem.
1377 1857 1695 1928 Priusquam
1731 1860 1874 1912 enim

1992 1851 2106 1906 οὐδὲ
2139 1827 2299 1922 ὀλίγα
2349 1853 2407 1906 δὲ
2437 1855 2642 1908 τούτων
2682 1827 3002 1927 άποναμένη
3024 1873 3039 1886 ’
3068 1827 3162 1911 καὶ
3199 1827 3309 1930 γάρ
3365 1827 3499 1930 πρὶν

295 1947 476 2005 infans
505 1951 687 2007 editus
742 1959 889 2008 esset
941 1953 991 2006 in
1024 1952 1224 2019 lucem,
1248 1966 1278 2007 e
1306 1951 1416 2007 vita
1458 1959 1790 2013 excesserat,
1824 1959 1880 2005 et

295 2043 513 2100 labores
565 2043 765 2108 luctus,
799 2053 854 2099 et
909 2060 1058 2100 mors
1097 2054 1312 2114 partum
1369 2044 1696 2115 excipiebat.
1753 2043 1880 2099 lla-c

295 2152 426 2206 ergo
455 2153 575 2208 qua:
608 2138 687 2193 sic.
707 2147 761 2192 et
783 2138 982 2194 multos
998 2138 1246 2209 pariebat
1275 2138 1435 2202 ﬁlios,
1461 2145 1515 2194 et
1534 2146 1654 2194 erat
1681 2137 1874 2192 orbata

299 2229 447 2294 ﬁliis,
471 2245 592 2284 cum
617 2228 730 2296 jam
759 2228 919 2300 longo
951 2239 1194 2299 tempore
1215 2243 1282 2284 eo
1323 2229 1464 2285 malo
1491 2226 1874 2294 esset'vcxata,

297 2322 388 2375 vix
417 2321 631 2375 tandem
668 2321 873 2377 invenit
901 2321 1028 2376 mali
1053 2321 1507 2378 medicamentum
1539 2337 1552 2375 :
1583 2327 1778 2375 etcum
1812 2319 1878 2373 ad

298 2423 547 2470 sanctum
581 2413 938 2485 confugisset,
974 2415 1130 2485 eique
1153 2415 1495 2470 affectionem
1527 2429 1679 2470 suam
1711 2413 1882 2483 dixis-

296 2517 382 2564 set
417 2515 471 2561 et
518 2508 906 2573 calamitatem,
958 2508 1218 2579 lacrymis
1246 2508 1429 2580 potius
1482 2522 1645 2578 quam
1700 2506 1882 2562 verbis

300 2598 477 2654 virum
509 2608 630 2655 orat
664 2600 1036 2666 vehementer,
1078 2608 1138 2655 ut
1170 2601 1370 2654 malum
1421 2599 1472 2655 ei
1522 2599 1764 2662 sisteret,
1814 2610 1882 2651 ne

299 2692 534 2762 amplius
568 2693 1009 2764 progrederetur.
1043 2691 1281 2749 Sistetur
1309 2701 1514 2756 autem,
1548 2691 1744 2761 inquit,
1770 2705 1880 2745 non
1929 2701 1944 2714 °

304 2787 480 2853 aliter,
505 2803 666 2858 quam
693 2788 808 2843 solo
832 2796 922 2842 tuo
954 2788 1193 2852 nomine,
1228 2787 1274 2842 si
1303 2787 1622 2857 permiseris
1659 2786 1710 2840 id
1737 2785 1883 2856 quod

303 2887 579 2944 nascetur,
611 2879 690 2934 sic
732 2878 937 2934 vocari.
972 2877 1039 2932 Et
1102 2878 1204 2933 hoc
1253 2878 1380 2940 erit.
1417 2877 1615 2948 inquit,
1651 2876 1787 2930 mihi
1831 2885 1886 2932 et

300 2971 505 3027 solutio
533 2970 884 3037 calamitatis,
909 2980 961 3026 et
987 2970 1096 3026 (ilio
1124 2985 1292 3026 causa
1320 2969 1466 3026 vitae.

374 3155 462 3210 67.
522 3154 648 3210 llaec
699 3168 821 3209 cum
875 3153 1148 3223 petiisset,
1181 3160 1236 3209 et
1262 3161 1592 3208 annuentem
1622 3167 1880 3224 magnum
1913 3188 1954 3242 ο

306 3256 464 3303 nacta
501 3258 648 3304 esset
671 3246 1064 3312 Theodosium,
1093 3254 1146 3302 et
1169 3250 1314 3317 quod
1343 3246 1538 3302 deinde
1562 3258 1750 3301 natum
1779 3257 1884 3314 est,

302 3338 672 3396 Theodosium
734 3342 1091 3404 nominasset,
1149 3339 1456 3396 vehementi
1511 3353 1727 3410 quoque
1782 3337 1888 3394 nde

304 3433 520 3500 dignam
552 3431 762 3486 invenit
789 3429 1114 3486 mercedem.
1141 3427 1259 3486 Non
1290 3429 1528 3500 amplius
1571 3430 1718 3485 enim
1759 3443 1892 3500 par-

305 3530 394 3577 tus
433 3522 649 3578 labores
674 3521 721 3577 ei
748 3535 1008 3592 peperere
1034 3520 1327 3592 lacrymas,
1355 3521 1449 3577 sed
1484 3530 1672 3591 aperte
1690 3519 1890 3575 laetitiae

307 3614 674 3682 occasionem,
705 3629 831 3668 cum
862 3629 1012 3679 eum,
1057 3614 1148 3684 qui
1186 3615 1328 3670 inter
1350 3615 1502 3669 vivos
1539 3621 1659 3666 erat
1685 3613 1890 3682 primo-

307 3708 544 3777 genitus,
587 3705 954 3763 Theodosium
989 3708 1171 3763 adhuc
1201 3707 1412 3762 videret
1433 3705 1808 3777 superstitem,
1836 3715 1892 3760 et

306 3800 667 3870 t-omplentem
711 3799 940 3855 chorum
997 3799 1392 3856 monachorum
1441 3799 1587 3868 ejus,
1615 3798 1706 3868 qui
1738 3798 1888 3852 illum

307 3900 570 3961 genuerat
597 3893 895 3948 secundum
939 3892 1228 3963 spiritum;
1269 3900 1324 3948 et
1355 3891 1621 3947 orationis
1649 3891 1890 3944 fructum

307 3989 508 4058 potius,
543 4003 706 4059 quam
761 3988 891 4056 alvi,
952 3987 1194 4056 conspici
1240 4001 1305 4042 ex
1340 3986 1630 4057 operibus;
1677 3983 1892 4056 quando

307 4083 524 4152 quidem
557 4081 672 4136 haec
697 4079 918 4151 quidem
948 4080 1320 4146 morientium,
1356 4079 1446 4134 illa
1479 4093 1611 4134 vero
1657 4079 1892 4133 viventis

310 4183 483 4230 mater
514 4173 614 4228 fuit
652 4191 667 4228 :
700 4182 754 4228 et
813 4173 933 4228 ideo
985 4173 1250 4228 adductus
1277 4172 1454 4228 estad
1495 4173 1888 4226 monasterium

306 4269 374 4321 ab
405 4281 491 4333 ea,
525 4280 646 4335 quae
669 4265 877 4335 genuit,
905 4273 960 4320 ct
988 4264 1231 4321 vicissim
1271 4264 1382 4319 Deo
1408 4273 1490 4319 est
1522 4264 1767 4320 redditus
1795 4273 1892 4318 :ut

306 4361 450 4413 sicut
480 4367 826 4428 praesentem,
853 4357 924 4412 ita
953 4356 1119 4413 etiam
1147 4366 1460 4412 manentem
1495 4356 1662 4410 vitam
1691 4369 1890 4410 conse-

306 4462 586 4519 queretur.
637 4451 801 4506 Multa
886 4449 991 4504 alia
1052 4448 1317 4521 ejusmodi
1373 4458 1558 4519 posset
1619 4449 1886 4520 quispiam

307 4545 451 4600 illius
484 4560 789 4600 recensere.
1013 4547 1022 4556 ’

379 4638 467 4692 68.
500 4638 754 4706 Quasdam
781 4638 965 4707 itaque
1003 4637 1108 4692 alia
1135 4637 1352 4700 mulier,
1392 4636 1634 4706 profecta
1667 4636 1888 4706 quidem

311 4747 376 4785 ex
405 4732 624 4785 civitate
653 4729 953 4795 Bethleem,
987 4744 1106 4798 qnze
1133 4728 1384 4783 similiter
1412 4727 1466 4780 in
1496 4736 1650 4797 partu
1679 4727 1892 4782 labora-

310 4825 423 4886 bat,
480 4837 634 4891 aeque
679 4832 860 4875 autem
903 4820 1089 4874 infelix
1123 4830 1241 4874 erat
1291 4820 1371 4876 eis
1415 4829 1677 4885 eventus,
1729 4829 1784 4873 et
1843 4820 1896 4873 in

311 4916 571 4983 pariendo
598 4912 835 4984 graviter
863 4911 1223 4982 afﬂigebatur,
1256 4923 1312 4966 et
1342 4916 1394 4966 in
1429 4927 1680 4982 magnum
1731 4927 1897 4967 voca-

313 5012 468 5061 batur
505 5006 827 5075 periculum,
849 5008 1093 5060 eamdem
1119 5017 1333 5074 quoque
1359 5005 1618 5073 impetrat
1645 5021 1672 5057 a
1701 5021 1897 5076 magno

313 5097 642 5161 Theodosio,
689 5097 880 5151 eodem
937 5094 1336 5149 medicamento
1369 5109 1491 5158 usa,
1535 5095 1894 5158 curationem,

311 5203 365 5248 et
396 5192 504 5246 [ilio
538 5206 638 5246 suo
663 5189 876 5250 eodem,
913 5203 1021 5259 quo
1071 5188 1182 5253 ille,
1214 5196 1406 5242 vocato
1433 5187 1672 5242 nomine.
1723 5187 1895 5252 Quem

312 5299 417 5337 non
473 5281 646 5336 solum
693 5279 826 5334 vidit
879 5281 1159 5350 grandem,
1190 5288 1244 5334 et
1292 5278 1382 5350 qui
1419 5279 1533 5350 jam
1578 5278 1644 5332 ad
1676 5277 1889 5332 virilem

309 5383 524 5428 aetatem
559 5381 914 5443 pervenerat;
956 5373 1050 5428 sed
1106 5385 1363 5426 manuum
1409 5384 1626 5441 quoque
1666 5369 1896 5424 artiﬁcio

308 5473 680 5534 prmstantem,
714 5472 768 5518 et
799 5465 888 5533 qui
925 5463 1024 5517 fuit
1054 5462 1352 5518 aediﬁcator
1388 5464 1624 5533 optimus
1650 5463 1733 5517 sui
1760 5471 1897 5514 tem-

310 5555 478 5625 poris.
507 5554 644 5609 Sunt
692 5553 1058 5621 admirabilia,
1086 5569 1208 5624 quae
1235 5553 1378 5608 dicta
1433 5561 1561 5608 sunt
1590 5568 1604 5605 :
1644 5552 1739 5609 sed
1775 5567 1895 5621 qum

306 5655 540 5714 restant,
575 5654 704 5703 sunt
731 5647 796 5704 iis
822 5647 1440 5722 longe.admirahiliora.

1979 1944 2170 2015 τεχθὲν
2194 1948 2274 2008 εἰς
2298 1945 2390 1999 τὸν
2444 1945 2560 2017 βίον
2603 1948 2912 2018 προκῦψαι,
2944 1949 3039 2002 τοῦ
3071 1949 3189 2018 βίου
3232 1952 3570 2022 μετὴρχετο,

1981 2037 2194 2102 καὶτὰς
2222 2039 2418 2103 ὠδῖνας
2449 2039 2511 2092 τὸ
2544 2039 2760 2106 πένθος,
2786 2043 2880 2096 καὶ
2935 2041 3027 2095 τὸν
3057 2042 3220 2098 τόκον
3251 2045 3285 2115 ἡ
3335 2044 3571 2117 τελευτὴ

1980 2130 2264 2203 διεδέχετο.
2323 2131 2473 2204 Αὕτη
2533 2131 2625 2187 οὑν
2657 2135 2690 2204 ἡ
2729 2133 2873 2188 οὑτω
2933 2133 3208 2198 πολύπαις
3236 2153 3296 2188 τε
3321 2136 3434 2206 ἅμα
3473 2153 3577 2190 και

1981 2223 2150 2288 ἄπαις
2185 2225 2352 2279 πολὺν
2380 2227 2480 2298 ἥδη
2506 2224 3088 2300 προσκακοπαθήσασα
3136 2227 3214 2299 τῷ
3245 2228 3404 2300 κακῴ
3441 2228 3575 2300 χρό-

1927 2391 1934 2399 _
1982 2334 2091 2374 νον,
2122 2315 2222 2386 ὀψὲ
2253 2318 2348 2370 καὶ
2387 2318 2541 2389 μόλις
2570 2318 2817 2388 εὑρίσκει
2877 2319 2972 2373 τοῦ
3023 2319 3195 2373 κακοῦ
3251 2320 3570 2391 φάρμακον.

1985 2413 2094 2464 Καὶ
2122 2411 2261 2481 πρὸς
2289 2411 2380 2465 τὸν
2411 2412 2556 2464 ὅσιον
2591 2412 2988 2480 καταφυγοῦσα
3022 2413 3116 2466 καὶ
3144 2412 3205 2465 τὺ
3229 2411 3399 2475 πάθος
3419 2411 3580 2481 αὑτῷ

1985 2506 2080 2558 καὶ
2106 2505 2206 2577 τὴν
2243 2507 2532 2576 συμφορὰν
2591 2505 2847 2571 εἰποῦσα,
2883 2508 2998 2569 τοῖς
3044 2507 3275 2576 δάκρυσι
3307 2506 3510 2575 μᾶλλον
3536 2505 3578 2576 ἦ

1985 2602 2096 2661 τοῖς
2122 2599 2355 2669 ῥήμασι,
2388 2598 2560 2652 δεῖται
2591 2597 2812 2668 θερμῶς
2844 2597 2939 2651 τοῦ
2974 2599 3170 2668 ἀνδρὸς
3209 2599 3404 2668 στῆσαι
3432 2598 3580 2670 αὐτῇ

1983 2693 2045 2746 τὸ
2075 2692 2262 2747 λοιπὸν
2287 2693 2386 2763 τὴν
2418 2691 2512 2744 ἐπὶ
2539 2691 2704 2745 πλέον
2752 2692 2845 2744 τοῦ
2877 2690 3054 2745 κακοῦ
3095 2689 3338 2762 πρόοδον.
3369 2690 3580 2759 Στήσεο

1986 2803 2073 2838 ται
2108 2784 2165 2838 δὲ
2197 2783 2296 2837 οῦκ
2331 2782 2528 2846 ἄλλως,
2567 2785 2753 2854 φησὶν,
2791 2784 2824 2855 ἢ
2860 2781 3083 2852 ὀνόματι
3135 2781 3283 2851 μόνῳ
3330 2779 3406 2849 τῷ
3457 2777 3568 2849 σῷ,

1987 2877 2036 2929 εἰ
2065 2875 2381 2948 ἐπιτρέψεις
2413 2873 2556 2928 οὑτω
2587 2872 2872 2928 καλεῖσθαι
2903 2873 2964 2926 τὸ
3008 2872 3431 2943 τεχθησόμενον.
3462 2870 3583 2924 Καὶ

1986 2969 2147 3024 τοῦτο
2175 2970 2328 3023 ἔσται
2360 2970 2454 3022 καὶ
2497 2971 2598 3039 τῆς
2645 2969 2935 3040 συμφορᾶς
2970 2967 3096 3037 ἐμοὶ
3145 2965 3321 3030 λύσις,
3352 2963 3584 3036 καὶτῆς

1988 3062 2066 3134 τῷ
2102 3063 2256 3116 παιδὶ
2285 3063 2431 3133 ζωῆς
2465 3063 2662 3118 αἴτιον.

2061 3155 2158 3220 ξζν.
2183 3155 2365 3209 Ταῦτα
2393 3155 2736 3227 αἰτησαμένη
2769 3156 2862 3209 καὶ
2899 3149 3247 3216 ἐπινεὺοντος
3267 3152 3363 3206 τοῦ
3403 3152 3586 3224 μεγά-

1993 3252 2086 3306 λου
2121 3251 2386 3323 τυχοῦσα,
2423 3252 2520 3308 καὶ
2563 3251 2847 3307 Θεοδόσιον
2893 3251 2954 3305 τὸ
2987 3251 3126 3322 μετὰ
3173 3249 3348 3303 ταῦτα
3383 3247 3592 3318 τεχθὲν

1993 3347 2332 3418 ὀνομάσασα,
2363 3345 2464 3416 τῆς
2518 3345 2730 3417 θερμῆς
2770 3346 3008 3408 πίστεως
3059 3341 3246 3408 ἀξίους
3304 3334 3430 3412 εὗρε
3479 3338 3586 3393 καὶ

1991 3442 2121 3505 τοὺς
2154 3439 2402 3511 μισθούς.
2441 3439 2558 3493 Οὑκ
2583 3439 2664 3494 ἔτι
2696 3439 2804 3509 γὰρ
2846 3435 3100 3508 δακρύων
3135 3431 3250 3506 εἶχε
3285 3435 3448 3502 γονὰς
3475 3432 3589 3496 τὰς

1994 3535 2212 3599 ὠδῖνας,
2245 3534 2360 3586 ἀλλ’
2395 3532 2736 3604 εὐφροσύνης
2767 3533 3026 3599 ἄντικρυς
3071 3528 3352 3600 ἀφορμὰς,
3399 3525 3491 3578 τὸν
3521 3527 3587 3579 ὲν

1996 3628 2130 3693 ζῶσι
2192 3627 2542 3699 πρωτότοκον
2595 3623 2878 3679 Θεοδόσιον
2929 3623 3010 3676 ἔτι
3059 3623 3320 3695 περιόντα
3372 3618 3586 3690 δρῶσα,

1994 3723 2090 3774 καὶ
2125 3719 2215 3773 τὸν
2239 3718 2490 3790 μοναχῶν
2507 3718 2668 3788 χορὸν
2691 3717 2784 3770 τοῦ
2810 3717 2951 3770 κατά
2982 3714 3201 3784 πνεῦμα
3217 3717 3588 3782 γεννήσαντος

1997 3809 2425 3880 συμπληροῦντα
2447 3810 2542 3862 καὶ
2575 3809 2741 3878 εὐχῆς
2785 3807 2998 3878 καρπὸν
3033 3805 3234 3876 μᾶλλον
3277 3804 3310 3872 ἢ
3338 3800 3591 3870 γαστρὸς

1995 3902 2104 3956 ἀπὸ
2131 3901 2241 3955 τῶν
2273 3901 2451 3972 ἔργων
2485 3901 2842 3970 φαινόμενονο
2882 3900 3062 3969 ὅσονὴ
3101 3898 3200 3968 μὲν
3234 3896 3592 3966 θνησκόντων

1999 3997 2203 4067 μήτηρ,
2248 3996 2358 4066 ἡδὲ
2389 3995 2592 4060 ζῶντος
2615 3993 2853 4064 ἐδείχθη,
2886 3993 2979 4046 καὶ
3016 3994 3083 4061 τῇ
3125 3992 3258 4060 μονῇ
3296 3985 3586 4058 προσήχθη

1996 4088 2149 4156 παρὰ
2185 4087 2283 4156 τῆς
2316 4085 2648 4156 γειναμένης
2683 4086 2778 4138 καὶ
2801 4083 3058 4152 ἀντεδόθη
3093 4080 3234 4151 Θεῷ,
3275 4080 3362 4133 ῐνα
3388 4079 3462 4141 ὡς
3483 4079 3590 4147 τῆς

1996 4177 2302 4249 παρούσης,
2343 4176 2487 4229 οὕτω
2511 4177 2573 4246 δὴ
2622 4177 2716 4230 καὶ
2759 4176 2857 4246 τῆς
2905 4173 3174 4246 μενούσης
3225 4173 3364 4244 τύχῃ
3411 4171 3586 4240 ζωῆς·

1995 4271 2168 4324 πολλά
2190 4288 2273 4334 τις
2305 4271 2371 4324 ἂν
2405 4271 2518 4341 ἔχοι
2559 4269 2666 4323 τῶν
2693 4268 2927 4337 ἐκείνου,
2960 4269 3055 4322 καὶ
3083 4267 3220 4322 ἄλλα
3260 4263 3593 4332 καταλέγειν

1996 4382 2245 4420 τοιαυτα.
2323 4396 2329 4403 ·

1913 4541 1998 4617 Ι).

2067 4635 2168 4709 ξη’.
2201 4638 2343 4707 Γυνὴ
2368 4631 2462 4691 οὖν
2490 4637 2650 4705 ἑτέρα
2682 4652 2766 4700 τις
2812 4635 3021 4698 πόλεως
3056 4634 3157 4704 μὲν
3203 4633 3304 4703 τῆς
3331 4631 3596 4702 Βηθλεὲμ

2001 4732 2325 4803 ὁρμωμένη.
2361 4730 2485 4800 ἴσας
2502 4729 2558 4783 δὲ
2581 4729 2790 4782 ὠδίνων
2812 4729 3077 4795 ἀνάγκας,
3109 4726 3228 4790 ἴσας
3257 4743 3316 4778 τε
3334 4724 3433 4789 τὰς
3452 4724 3594 4777 ἀπο-

2000 4821 2194 4892 τυχίας
2240 4821 2609 4890 ὑφισταμένη,
2645 4819 2737 4873 καὶ
2769 4818 2912 4873 οὑτω
2947 4819 3232 4891 δυσφόρως
3265 4818 3406 4886 ἄγαν
3456 4818 3597 4887 περὶ

2003 4915 2133 4978 τοῦς
2165 4913 2360 4977 τόκους
2382 4913 2478 4966 καὶ
2514 4913 2904 4983 φιλοκινδύνως
2937 4913 3160 4983 ἔχουσα,
3197 4911 3307 4964 τῶν
3333 4910 3462 4963 ἴσων
3491 4911 3598 4963 καὶ

2005 5005 2144 5075 αὑτὴ
2197 5003 2350 5074 παρὰ
2399 5001 2495 5055 τοῦ
2556 5003 2795 5073 μεγάλου
2845 5002 3101 5073 τυγχάνει
3145 5000 3452 5066 Θεοδοσίου,
3488 5000 3601 5069 ἴσῳ

2003 5095 2324 5168 χρησαμένη
2367 5093 2647 5164 φαρμάκῳ
2685 5093 2822 5164 πρὸς
2849 5091 3167 5162 θεραπεέαν,
3195 5092 3290 5144 καὶ
3311 5087 3600 5159 ὁμωνύμῳ

2003 5187 2202 5258 ἐκείνῳ
2229 5189 2321 5240 τὸν
2352 5188 2521 5240 παῖδα
2555 5185 2854 5238 καλέσασα.
2887 5185 2987 5238 Ὃν
3014 5185 3114 5237 οὑκ
3152 5181 3459 5253 αὐξηθέντα
3492 5179 3597 5246 μό-

2002 5298 2092 5335 νον
2119 5275 2228 5334 εἶδε
2268 5281 2365 5334 καὶ
2425 5279 2620 5350 ἀνδρὸς
2648 5279 2866 5350 ἡλικίαν
2913 5275 3278 5339 ἀπολαϐόντα,
3327 5274 3464 5328 ἀλλὰ
3493 5272 3600 5326 καὶ

2001 5372 2203 5444 χειρῶν
2232 5372 2396 5443 σοφία
2420 5372 2792 5442 διενεγκόντα,
2821 5371 2916 5425 καὶ
2957 5371 3180 5441 ἄριστον
3221 5367 3508 5438 οἰκοδόμον
3531 5367 3600 5419 ὲν

2001 5467 2116 5528 τοῖς
2143 5464 2264 5518 τότε
2295 5464 2610 5535 γενόμενον.
2646 5461 2932 5535 Παράδοξα
2968 5461 3036 5516 τὰ
3083 5460 3374 5533 εἰρημένα,
3403 5457 3599 5530 πολλῷ

2002 5558 2206 5613 τούτων
2238 5558 2318 5612 ἔτι
2353 5557 2759 5628 παραδοξότερα
2791 5559 2858 5611 τὰ
2882 5556 3201 5627 λειπόμενα.
