3886 6458
1243 389 1420 450 VITA
1460 387 1519 447 S.
1562 383 2613 450 THEODOSII'CGNOBIARCHzE.
2704 430 2707 433 ι

3474 384 3576 447 538

1662 538 1667 543 ’
1718 542 1946 598 CAPUT
1980 541 2125 597 XVI.

1106 657 1284 712 Noxia
1319 658 1611 711 animantia
1656 656 1905 710 cohibita.
1940 654 2193 711 Homines
2226 655 2467 711 malevoli
2531 655 2725 724 puniti.

393 798 491 866 ξθ’.
519 796 766 871 Βρούχου
803 795 934 851 ποτέ
956 797 1050 851 καὶ
1077 797 1294 866 ἀκρίδος
1325 773 1425 860 ea}:
1444 797 1681 869 ἀρούρας
1707 796 1893 851 διαλυ-

2068 795 2158 861 69,
2198 795 2335 851 Cum
2360 796 2598 851 bruchus
2626 795 2917 865 aliquando
2938 803 2991 851 et
3022 795 3234 850 locusta
3265 802 3438 849 terras
3481 794 3570 849 dc-

326 893 693 963 μαινομὲνων,
727 890 947 961 δεσμοῖς
994 889 1088 944 τοῦ
1131 892 1321 961 γήρως
1370 890 1634 961 ἀφύκτοις
1667 891 1696 943 ό
1722 891 1893 962 μέγας

322 983 722 1053 πεπεδημένος,
754 982 848 1039 καὶ
878 982 1012 1054 μηδὲ
1045 984 1204 1037 ποσὶν
1225 983 1530 1054 ἐλευθέροις
1554 983 1788 1055 χρῆσθαι
1806 983 1897 1037 δυ-

320 1078 572 1147 νάμενος,
599 1075 828 1146 δεύτερα
862 1075 907 1129 δ’
938 1070 1031 1129 οὖν
1061 1076 1212 1146 ὅμως
1241 1076 1421 1130 πάντα
1449 1079 1548 1147 τῆς
1597 1076 1707 1129 τῶν
1762 1075 1894 1128 πολ·
1938 1133 1946 1141 ,

320 1169 430 1221 λῶν
466 1167 746 1237 τιθέμενος
777 1167 1073 1239 σωτηρίας,
1111 1165 1285 1230 οὕτως
1311 1163 1656 1238 εἶχεποδῶν,
1687 1166 1769 1221 ἔτι
1799 1168 1895 1221 καὶ

324 1259 507 1330 ῥάϐδῳ
539 1261 654 1322 τοῖς
682 1260 792 1313 τῶν
833 1259 1225 1331 πρεσϐυτέρων
1254 1261 1440 1332 νόμοις
1481 1260 1811 1333 ἀναπληρῶν
1834 1262 1896 1314 τὸ

325 1351 635 1422 ὑστέρημα,
665 1351 764 1421 τὴν
791 1352 917 1409 ὁδὸν,
965 1352 1194 1417 διανύει,
1233 1352 1321 1407 ῖνα
1369 1353 1513 1409 οὕτω
1548 1354 1750 1425 μᾶλλον
1801 1355 1894 1408 καὶ

321 1444 455 1498 θεὸν
484 1442 689 1518 ἐλκύσῃ
719 1444 855 1514 πρὸς
884 1444 1054 1510 ἔλεον,
1085 1445 1147 1499 τὸ
1179 1448 1476 1515 ἀναγκαῖον
1509 1448 1609 1518 τῆς
1659 1448 1893 1519 πορείας

320 1533 731 1605 δυσωπηθέντα.
766 1535 887 1590 Τῶν
928 1537 1200 1608 φοιτητῶν
1222 1532 1413 1592 ’τοίνυν
1448 1539 1541 1593 καὶ
1569 1542 1759 1609 χεῖρας
1787 1541 1894 1595 ὑπε-

320 1626 573 1694 εχόντων,
591 1627 683 1679 καὶ
710 1628 843 1680 πᾶσι
866 1630 1089 1700 τρόποις
1115 1628 1529 1709 θεραπευόντων
1547 1632 1606 1686 τὸ
1631 1632 1892 1704 βάδισμα,

322 1716 734 1788 καταλαμϐάνει
791 1719 884 1772 τὸν
939 1720 1107 1774 τόπον
1151 1722 1335 1786 αὐτοῖς
1360 1723 1729 1794 ἐπικεκυφὼς,
1759 1726 1893 1779 ὃπου

320 1808 433 1864 τῶν
467 1811 706 1881 ἀκρίδων
737 1812 946 1882 πληθὺς
977 1812 1160 1886 ἔκειρε
1185 1815 1286 1878 τὰς
1312 1815 1552 1887 ἀρούρας
1577 1816 1664 1872 ίσα
1683 1821 1775 1873 καὶ
1800 1838 1896 1874 πο-

317 1901 561 1970 λεμίους,
588 1903 680 1956 καὶ
704 1902 832 1968 τοὺς
860 1905 1063 1975 ἀγροὺς
1102 1906 1366 1975 ἐληίζετο.
1394 1908 1626 1971 Στᾶντος
1666 1909 1758 1963 οῦν
1779 1912 1898 1964 ἐκεῖ

318 1990 416 2045 τοῦ
445 1991 598 2045 ὁσίου
639 1993 735 2046 καὶ
768 1996 956 2065 χεῖρας
991 1995 1321 2066 ἀνασχόντος
1367 1998 1445 2069 τῷ
1483 1998 1600 2071 Θεῷ
1633 2001 1891 2067 ἱκεσίους,

317 2079 441 2138 εἶτα
473 2084 691 2145 καὶτοῦ
724 2086 953 2158 βρούχου
1003 2087 1068 2161 δὴ
1121 2089 1313 2144 τούτου
1361 2093 1456 2144 καὶ
1502 2092 1612 2148 τῶν
1654 2095 1894 2166 ἀκρίδων

317 2175 417 2229 ἕνα
456 2176 595 2247 μετά
618 2155 808 2250 χεῖράς
842 2155 1120 2246 λαϐόντος,
1155 2183 1250 2236 καὶ
1276 2183 1338 2236 τὸ
1363 2184 1461 2253 μὲν
1487 2185 1563 2249 ώς
1585 2155 1894 2255 ὁμοδούλοις
1928 2155 1966 2212 Β

314 2270 432 2331 τοῖς
471 2269 873 2343 εὐτελεστέροις
922 2272 1133 2337 τούτοις
1186 2274 1280 2328 καὶ
1329 2275 1689 2347 βραχυτάτοις
1735 2278 1896 2345 ζώοις

315 2361 706 2434 διαλεχθέντος,
745 2364 883 2420 τὸδὲ
922 2368 1017 2421 καὶ
1052 2367 1327 2436 φείδεσθαι
1383 2371 1592 2426 τούτων
1643 2375 1896 2445 πενήτων

318 2454 486 2508 πόνου
516 2458 612 2510 καὶ
657 2457 755 2527 τῆς
802 2459 1080 2529 γεωργίας
1157 2465 1686 2535 παρεγγυήσαντοςσ
1737 2467 1896 2521 τοῦτο

319 2547 429 2619 γὰρ
465 2548 596 2617 ύμῖν
618 2552 710 2603 καὶ
736 2550 767 2602 ό
797 2551 995 2619 κοινὸς,
1027 2554 1216 2622 φησὶν,
1258 2555 1539 2611 ἐπιτάττει
1574 2560 1855 2631 Δεσπότης
1876 2577 1891 2591 ·

319 2641 417 2693 καὶ
442 2639 616 2705 οὕτως
639 2643 864 2715 ἡμέρως
901 2643 977 2709 ὡς
1022 2645 1284 2717 ἐμψύχοις
1333 2648 1686 2720 λαλήσαντος,
1713 2650 1896 2722 θαῦμα

317 2731 607 2802 ἠκολούθει
645 2738 759 2800 τοῖς
787 2737 1123 2808 εἰρημένοις.
1158 2740 1231 2793 Τὸ
1259 2740 1369 2812 γὰρ
1399 2742 1656 2798 τοσοῦτον
1691 2745 1894 2816 σμῆνος

316 2824 483 2894 ἔμενε
519 2826 613 2880 τοῦ
647 2827 840 2882 λοιποῦ
880 2829 1019 2883 κατά
1062 2831 1262 2904 χῶρον,
1294 2835 1392 2888 καὶ
1420 2833 1546 2889 οὔτε
1574 2836 1895 2906 μετέϐαινεν

314 2916 584 2989 ἀλλαχοῦ,
638 2918 763 2972 οὔτε
805 2917 887 2986 οἷς
937 2922 1172 2993 διέτριϐε
1222 2925 1386 2980 πάλιν
1422 2928 1851 2999 κατελυμαίνετο
1876 2947 1891 2963 ⁸

316 3007 436 3061 ἀλλ’
468 3004 579 3064 οῖον
601 3013 978 3083 σπευσάμενον
1010 3018 1130 3080 ταῖς
1159 3017 1423 3089 ἀρούραις
1453 3019 1549 3074 τοῦ
1582 3020 1775 3076 λοιποῦ
1796 3022 1896 3087 τὰς

319 3100 424 3170 μὲν
452 3102 696 3168 ἀκάνθας
759 3111 1123 3178 περιεπετᾶτο
1169 3111 1262 3164 καὶ
1310 3111 1603 3185 κατέκειρε
1628 3130 1644 3146 ο
1676 3115 1806 3185 φίλα
1837 3114 1895 3169 δέ

252 3277 262 3285 ς
313 3187 386 3262 ἦν
413 3192 563 3285 αύτῷ
587 3195 683 3249 καὶ
714 3195 966 3267 εἰρηναῖα
993 3199 1130 3270 πρὸς
1153 3201 1281 3265 τοὺς
1322 3204 1585 3270 καρποὺς,
1609 3205 1705 3258 καὶ
1743 3204 1889 3271 ὅλως

315 3283 551 3338 ἐκείνων
580 3286 889 3357 ἀπείχοντο.

387 3445 451 3494 0'.
493 3439 656 3496 ’Δλλά
695 3443 869 3498 ταῦτα
919 3445 1019 3514 μὲν
1046 3445 1112 3500 δι’
1136 3446 1355 3515 ἑαυτοῦ,
1390 3449 1554 3522 ἕτερα
1610 3451 1668 3505 δὲ
1700 3453 1795 3507 καὶ
1829 3453 1895 3508 δι’

320 3531 528 3605 ἐτέρων
553 3533 855 3619 κατώρθου.
891 3537 1054 3592 Ἄλλο
1080 3557 1140 3593 τε
1190 3540 1300 3612 γὰρ
1347 3543 1450 3613 τῆς
1480 3543 1673 3614 ὁμοίας
1702 3547 1898 3627 μάστι-

316 3640 413 3692 γος
439 3626 538 3696 τὴν
564 3627 670 3697 γῆν
696 3628 1011 3700 πιεζούσης,
1045 3632 1346 3704 ἐπισκῆψαι
1379 3635 1435 3688 δὲ
1462 3636 1587 3691 ὅσον
1615 3636 1770 3692 οὔπω
1803 3641 1896 3695 καὶ

315 3718 385 3788 τῇ
410 3717 577 3792 κώμῃ
632 3720 804 3792 ταύτῃ
865 3722 1183 3795 μελλούσης,
1215 3725 1306 3794 ἀφ’
1339 3720 1407 3799 ἧς
1453 3729 1508 3782 οῖ
1550 3746 1610 3783 τε
1659 3730 1888 3802 πλησίον

316 3808 522 3872 πάντες
551 3810 949 3880 ἀπεσιτίζοντο,
980 3815 1073 3869 καὶ
1104 3814 1317 3880 πολλοῖς
1338 3817 1446 3872 τῶν
1464 3819 1658 3874 ἐνδεῶν
1685 3820 1896 3892 ὑπῆρχε

318 3900 573 3963 κοινωνὸς
599 3900 776 3971 ἀγαθὴ
799 3942 814 3967 ,
850 3902 1025 3972 ἄγγος
1049 3921 1121 3971 τι,
1155 3905 1368 3977 πλήσας
1415 3908 1621 3975 ἐλαίου,
1653 3909 1749 3963 καὶ⁸
1778 3908 1899 3978 θείᾳ

317 3990 481 4045 τοῦτο
510 3993 795 4064 ἐπικλήσει
820 3995 1184 4066 καθαγιάσας,
1213 3998 1421 4070 πέμπει
1453 4001 1590 4072 πρὸς
1645 4000 1743 4074 τὴν
1791 4002 1899 4055 κώ·

324 4100 457 4153 μην,
480 4085 614 4138 αὐτὸ
645 4089 857 4150 πιστοῖς
879 4090 973 4142 καὶ
1012 4089 1284 4159 φιλοθέοις
1304 4092 1620 4163 ἐγχειρίσας
1643 4093 1894 4164 ἀνδράσι,

320 4176 417 4228 καὶ
441 4176 644 4244 ἢρκεσε
669 4176 830 4229 τοῦτο
858 4178 1017 4248 μόνον
1046 4178 1204 4240 λύσις
1226 4180 1489 4234 τοσούτου
1515 4179 1771 4250 γενέσθαι
1798 4197 1900 4235 κα-

320 4266 440 4321 κοῦ.
464 4265 599 4322 Τότε
619 4267 728 4340 γὰρ
764 4268 997 4339 βλάπτον
1027 4272 1092 4323 ἐκ
1115 4273 1284 4342 μέσου
1317 4278 1655 4346 παραχρῆμα
1682 4271 1771 4345 ἦν,
1802 4274 1900 4328 καὶ

317 4359 355 4428 ἡ
386 4358 547 4432 κώμη
575 4361 794 4433 ἀπιθὴς
825 4363 1098 4434 ἐτηρεῖτο.

393 4543 496 4591 οα¹.
544 4538 898 4611 Ἐσθημάτων
950 4541 1059 4596 ἔδει
1107 4541 1243 4596 ποτὲ
1286 4545 1399 4607 τοῖς
1421 4541 1693 4613 ἀδελφοῖς,
1731 4546 1827 4598 καλ¹
1846 4546 1896 4598 oi

326 4630 425 4698 μὲν
457 4630 776 4701 προσιόντες
816 4635 1121 4706 ἠνώχλουν,
1150 4634 1228 4707 τῷ
1274 4635 1333 4690 δέ
1384 4636 1646 4709 παρέχειν
1679 4655 1732 4690 τι
1760 4640 1898 4705 πρὸς

323 4720 548 4792 ὣνησιν,
577 4724 661 4776 ὅτι
695 4725 770 4795 μὴ
799 4727 859 4780 τὸ
909 4727 1193 4798 βούλεσθαι
1231 4729 1395 4800 μόνον
1453 4731 1552 4785 καὶ
1614 4731 1897 4798 συναλγεῖν

318 4813 472 4916 οὐδὲν
496 4810 583 4885 ἦν·
606 4816 745 4916 πλην
773 4819 909 4916 ἀλλά
927 4820 1021 4874 τοῦ
1047 4822 1324 4876 Δεσπότου
1353 4826 1421 4896 τῇ
1450 4822 1673 4894 ἀψευδεῖ
1700 4822 1899 4896 θαρῤή-
1933 4860 1976 4916 D

322 4921 421 4969 σας
450 4907 777 4980 ἐπαγγελίᾳ,
805 4910 976 4984 ταύτῃ
1007 4915 1143 4982 πρὸς
1164 4913 1363 4978 αὐτοὺς
1390 4917 1591 4987 ἐχρῆτο
1613 4915 1709 4969 καὶ
1737 4915 1861 4969 τότε
1881 4930 1899 4949 ο

319 4998 420 5067 Μὴ
439 5002 869 5072 μεριμνήσητε,
900 5004 1094 5073 λέγων,
1121 5008 1255 5076 περὶ
1285 5007 1392 5075 τῆς
1420 5010 1661 5077 αὔριον,
1682 5010 1778 5062 καὶ
1802 5010 1900 5079 τῆς

320 5090 587 5160 ἐπιούσης
612 5095 693 5156 εἰς
726 5093 788 5162 ἕρ
802 5111 886 5163 γον
914 5094 1158 5159 ἐξέϐαινε
1191 5096 1259 5149 τά
1285 5096 1692 5167 ἐπηγγελμένα.
1719 5095 1901 5158 Εὐθὺς

323 5183 432 5255 γάρ
456 5202 539 5248 τις
562 5186 725 5239 ποθὲν
757 5187 1125 5258 ἐπιδημήσας,
1151 5190 1388 5260 χρυσοῦς
1414 5190 1608 5244 ἐκατὸν
1628 5190 1899 5260 ἐδωρεῖτο,

323 5275 374 5329 οῖ
405 5277 499 5330 καὶ
531 5278 780 5343 δοθέντες
817 5281 899 5346 είς
942 5281 1041 5353 τὴν
1093 5283 1201 5336 τῶν
1230 5281 1553 5354 ἐσθημάτων
1580 5284 1767 5354 χρείαν
1799 5283 1903 5336 ύπ-

325 5366 558 5437 ηρέτουν
590 5371 704 5433 τοῖς
733 5369 1005 5441 ἀδελφοῖς.

394 5538 499 5594 06'.
539 5540 824 5607 Ἰουλιανός
853 5561 936 5607 τις
988 5546 1044 5598 ἐν
1082 5549 1223 5619 ἀρχῇ
1263 5546 1361 5619 μὲν
1412 5547 1511 5618 ἤδη
1538 5548 1639 5618 τῆς
1684 5547 1901 5618 ἡλικίας

322 5629 407 5702 τῷ
448 5634 675 5705 μεγάλῳ
701 5637 991 5708 φοιτήσας,
1023 5640 1249 5712 ὕστερον
1277 5640 1343 5711 ,δὲ
1376 5641 1579 5714 ποιμὴν
1612 5641 1708 5696 καὶ
1739 5641 1901 5704 αὐτὸς

396 5788 444 5822 ³³
506 5786 693 5850 Matth.
744 5809 818 5862 vt,
864 5795 951 5850 54.

1998 889 2428 959 popularentur,
2496 886 2899 941 inevitabilibus
2970 885 3268 941 senectutis
3348 886 3577 941 vinculis

1997 984 2210 1037 vinctus
2241 995 2468 1050 magnus
2491 978 2827 1035 Theodosius
2848 1018 2862 1044 ,
2907 986 2961 1032 et
2993 978 3082 1046 qui
3118 992 3215 1031 nec
3245 976 3431 1031 liberis
3462 975 3576 1046 qui-

1998 1074 2120 1129 dem
2169 1073 2394 1144 pedibus
2440 1073 2516 1127 uti
2559 1080 2805 1141 poterat,
2866 1070 3024 1126 saluti
3074 1071 3365 1124 multorum
3427 1076 3574 1140 post-
3636 1058 3640 1061 Α

1997 1180 2204 1239 ponens
2223 1167 2424 1232 omnia,
2458 1166 2530 1221 ita
2550 1173 2612 1220 ut
2628 1173 2745 1220 erat
2774 1162 3002 1218 affectus
3022 1162 3274 1232 pedibus,
3303 1169 3359 1216 et
3387 1160 3576 1217 baculo

1998 1275 2150 1316 more
2190 1275 2377 1316 senum
2414 1259 2671 1327 suppleas
2705 1257 2847 1327 quod
2896 1255 2996 1311 sibi
3030 1255 3239 1317 deerat,
3273 1253 3414 1307 viam
3451 1266 3576 1315 per-

1997 1354 2109 1424 agit
2138 1368 2153 1405 :
2185 1362 2245 1408 ut
2276 1352 2357 1408 sic
2382 1351 2555 1423 magis
2590 1349 2758 1406 Deum
2796 1363 3012 1420 quoque
3046 1347 3290 1402 traheret
3315 1345 3381 1398 ad
3414 1344 3578 1398 mise-

1999 1444 2310 1509 ricordiam,
2359 1451 2416 1497 ut
2484 1441 2575 1513 qui
2629 1450 2952 1512 aspecturus
3002 1448 3148 1495 esset
3196 1436 3574 1493 necessitatem

1997 1535 2113 1604 ejus
2154 1533 2528 1605 profectionis.
2563 1531 2858 1601 Discipulis
2905 1545 3035 1600 ergo
3067 1543 3259 1583 manus
3305 1527 3577 1581 sustinen-

2000 1629 2161 1694 tibus,
2197 1637 2251 1681 et
2275 1626 2529 1682 omnibus
2569 1624 2744 1679 modis
2774 1624 2891 1693 ejus
2924 1624 3226 1690 ingressum
3272 1617 3578 1686 adjuvantio

1998 1723 2117 1783 bus,
2142 1717 2392 1788 pervenit
2426 1716 2495 1772 iis
2522 1715 2741 1770 innixus
2795 1714 2862 1769 ad
2891 1713 3093 1778 locum,
3122 1711 3213 1767 ubi
3245 1711 3574 1765 bruchorum

1995 1825 2049 1870 et
2097 1814 2428 1870 locustarum
2460 1809 2747 1865 multitudo
2775 1808 2985 1878 ingens,
3042 1820 3201 1876 agros
3255 1818 3362 1859 non
3393 1801 3573 1858 minus

1995 1923 2154 1978 quam
2189 1906 2391 1970 hostes,
2419 1901 2772 1973 populabatur
2804 1910 2856 1953 et
2902 1896 3234 1953 devastabat.
3271 1894 3406 1950 Cum
3445 1906 3578 1963 ergo

1997 2008 2217 2056 sanctus
2250 1997 2363 2053 illic
2406 2003 2600 2059 staret,
2629 2002 2686 2048 et
2716 2007 2906 2046 manus
2952 1989 3264 2045 sustulisset
3306 1987 3417 2042 Deo
3447 2001 3579 2055 sup-

1998 2090 2183 2159 plices,
2216 2094 2272 2141 et
2304 2084 2500 2140 deinde
2546 2084 2740 2138 horum
2779 2079 3107 2133 bruchorum
3149 2085 3204 2131 et
3245 2074 3576 2129 locustarum

1999 2195 2162 2234 unum
2194 2179 2246 2232 in
2271 2190 2462 2231 manus
2486 2173 2843 2243 sumpsisset;
2883 2179 2938 2223 et
2984 2168 3184 2239 partim
3216 2165 3437 2236 quidem
3455 2178 3576 2218 cum

1998 2266 2278 2324 vilissimis
2305 2274 2362 2320 et
2409 2261 2746 2319 brevissimis
2777 2258 3120 2321 animalibus,
3156 2265 3427 2324 tamquam
3453 2267 3578 2307 cum

1997 2354 2296 2420 conservis,
2327 2352 2718 2417 disseruisset;
2751 2348 2949 2420 partim
3001 2355 3183 2401 autem
3214 2343 3488 2414 iussisset,
3519 2351 3582 2396 ut

1997 2449 2169 2504 labori
2238 2461 2535 2517 pauperum
2611 2454 2665 2500 et
2694 2443 3038 2513 agricultura:
3083 2446 3410 2512 parcerent;
3451 2437 3581 2505 (hoc

1996 2542 2141 2599 enim
2206 2539 2394 2607 vobis,
2448 2536 2643 2607 inquit,
2707 2536 3013 2591 conununis
3079 2546 3293 2602 quoque
3336 2527 3583 2600 praecipit

1999 2630 2305 2699 Dominus,)
2337 2642 2570 2698 cumque
2585 2641 2709 2682 cum
2726 2626 2806 2679 eis
2833 2626 2911 2678 ita
2933 2623 3144 2694 placide
3170 2622 3384 2677 locutus
3406 2625 3575 2679 esset,

1948 2728 2253 2787 'tauquam
2324 2732 2446 2772 cum
2501 2714 2792 2780 animatis;
2855 2726 2917 2768 ea
2975 2727 3096 2781 qua:
3143 2711 3286 2766 dicta
3343 2708 3581 2770 fuerant,

1996 2814 2348 2867 consecutum
2380 2816 2467 2865 est
2508 2803 2856 2861 miraculum.
2893 2802 3126 2857 Tantum
3174 2801 3318 2857 enim
3351 2813 3579 2855 examen

1998 2901 2248 2969 deinceps
2290 2896 2488 2954 mansit
2520 2898 2574 2953 in
2626 2896 2870 2966 regione,
2920 2899 2977 2949 et
3015 2907 3116 2948 nec
3149 2889 3403 2945 transivit
3445 2888 3579 2952 alio,

1997 3008 2098 3049 nec
2123 2993 2381 3048 damnum
2420 2990 2570 3046 dedit
2598 2989 2666 3044 iis
2703 2987 2861 3053 locis,
2906 2987 2962 3042 in
3001 2985 3201 3056 quibus
3220 2983 3536 3039 versabatur
3561 2996 3581 3035 ε

1997 3084 2093 3143 sed
2120 3084 2279 3142 veluti
2317 3083 2520 3140 [crdere
2555 3082 2690 3137 inito
2709 3095 2832 3137 cum
2858 3079 3004 3151 agris
3032 3078 3098 3134 de
3120 3086 3321 3132 caetero
3346 3073 3584 3129 circum-

1998 3176 2216 3236 volabat
2239 3175 2479 3247 quidem,
2510 3182 2566 3229 et
2592 3168 2888 3226 arrodebat
2937 3168 3122 3238 spinas
3151 3184 3166 3221 :
3197 3164 3436 3220 amicitia
3486 3177 3584 3216 au-

1998 3276 2104 3327 tem
2136 3277 2191 3324 et
2213 3282 2314 3338 pax
2346 3267 2398 3323 ei
2443 3264 2813 3321 intercedebat
2841 3276 2968 3318 cum
3010 3258 3295 3322 fructibus,
3326 3266 3384 3312 et
3410 3256 3478 3311 ab
3501 3254 3583 3311 eis

1996 3358 2220 3414 omnino
2256 3355 2587 3413 abstinebat.

2071 3447 2161 3504 70.
2225 3448 2331 3504 Sed
2381 3446 2498 3502 haec
2525 3444 2745 3516 quidem
2801 3456 2897 3513 per
2931 3456 3011 3508 se,
3068 3439 3174 3494 alia
3213 3446 3392 3493 autem
3432 3444 3582 3491 recte

1997 3555 2214 3613 quoque
2245 3539 2413 3611 gessit
2461 3553 2558 3609 per
2599 3536 2753 3592 alios.
2805 3532 2941 3589 Nam
2995 3547 3117 3588 cum
3149 3532 3285 3587 alias
3308 3528 3585 3600 ﬂagellum

1999 3630 2178 3686 simile
2228 3640 2428 3684 terram
2466 3633 2757 3697 premeret,
2784 3632 2840 3679 et
2882 3622 3163 3693 videbatur
3206 3619 3344 3684 fore,
3371 3627 3430 3672 ut
3457 3632 3581 3671 mox

1998 3724 2046 3779 ei
2077 3723 2194 3776 vico
2221 3721 2583 3783 incumberet,
2602 3732 2669 3772 ex
2695 3732 2803 3785 quo
2825 3725 2880 3770 et
2905 3713 3071 3769 vicini
3101 3726 3292 3768 omnes
3310 3711 3578 3780 parabant

1998 3822 2383 3878 commeatum,
2417 3820 2472 3867 et
2513 3809 2602 3880 qui
2660 3808 2845 3863 multis
2890 3805 3121 3877 benigne
3147 3801 3583 3859 communicabat

1998 3921 2084 3973 ea,
2114 3907 2312 3977 quibus
2341 3919 2475 3974 opus
2519 3902 2832 3966 habebant;
2869 3912 2991 3953 cum
3019 3881 3116 3951 v'as
3149 3893 3418 3964 quoddam
3478 3891 3583 3944 im-

1999 3999 2200 4070 plesset
2226 3999 2435 4062 oleo,et
2458 3997 2561 4052 hoc
2579 3993 2921 4050 invocatione
2949 3990 3131 4044 divina
3164 3985 3583 4047 sauetil‘teasset,

2000 4093 2052 4149 id
2085 4093 2249 4146 mittit
2281 4092 2332 4146 in
2353 4092 2528 4145 victim
2564 4107 2579 4145 :
2607 4098 2662 4144 et
2686 4103 2807 4142 cum
2827 4084 2959 4139 viris
2999 4080 3311 4139 tradidisset
3336 4077 3584 4132 tidclibus

1998 4192 2053 4240 et
2096 4186 2232 4255 piis,
2287 4185 2391 4238 hoc
2446 4181 2620 4237 solum
2663 4178 2896 4244 sull‘ecit,
2940 4185 2998 4231 ut
3048 4183 3195 4230 esset
3263 4170 3398 4226 tanti
3458 4166 3583 4221 mali

1999 4278 2219 4333 solutio.
2274 4274 2428 4330 Tunc
2482 4273 2627 4328 enim
2683 4279 2906 4341 repente
2951 4268 3019 4323 de
3068 4265 3244 4320 medio
3312 4260 3582 4315 sublatum

1998 4378 2084 4427 est
2129 4370 2181 4424 id
2232 4368 2379 4438 quod
2443 4363 2713 4433 laedebat,
2776 4374 2826 4419 et
2899 4362 3052 4417 vicus
3109 4364 3459 4413 conservatus
3503 4362 3587 4409 est

1999 4462 2216 4519 illaesus.

2069 4550 2532 4609 7LVestimeutis
2557 4548 2847 4620 aliquando
2875 4545 2978 4601 fuit
3006 4559 3142 4614 opus
3189 4539 3450 4596 fratribus
3481 4553 3496 4591 :
3531 4547 3587 4593 et

1999 4646 2074 4711 illi
2117 4645 2333 4714 quidem
2366 4643 2415 4698 ei
2459 4640 2790 4697 exhibebant
2850 4635 3189 4696 molestiam,
3247 4639 3304 4684 ut
3360 4627 3565 4697 aliquid

2000 4738 2264 4805 praeberet
2288 4734 2355 4787 ad
2381 4732 2664 4788 emendum
2698 4748 2710 4782 :
2736 4728 2991 4799 quoniam
3033 4725 3077 4778 si
3105 4722 3238 4776 velle
3272 4728 3326 4774 et
3350 4718 3585 4774 commi-

2006 4829 2175 4885 serari
2212 4826 2514 4887 tolleretur,
2573 4822 2707 4878 nihil
2746 4830 2883 4877 erat.
2935 4818 3040 4872 Sed
3073 4829 3251 4871 tamen
3305 4812 3588 4869 conlidens

2006 4920 2261 4976 veridica:
2295 4916 2504 4972 Domini
2537 4912 2906 4984 promissioni,
2936 4925 2999 4964 ea
3051 4918 3180 4963 tunc
3211 4905 3352 4978 apud
3383 4918 3476 4958 eos
3503 4911 3591 4958 est

2010 5025 2164 5077 tuus,
2220 5009 2449 5063 dicens:
2486 5003 2668 5059 Nolite
2721 5018 2831 5057 esse
2873 5001 3087 5055 solliciti
3136 5000 3200 5054 de
3252 4996 3485 5051 crastino
3516 4994 3584 5049 ⁸⁸.

2009 5097 2266 5168 Sequenti
2297 5098 2476 5149 autent
2499 5091 2587 5147 die
2609 5090 2861 5146 ell‘ectum
2892 5098 3017 5143 sunt
3049 5093 3343 5142 consecuta
3360 5099 3444 5150 ea,
3470 5096 3592 5152 quae

2009 5186 2273 5257 promissa
2327 5183 2561 5238 fuerant.
2610 5181 2866 5236 Protinus
2898 5180 3044 5237 enim
3077 5178 3296 5250 quidam
3329 5175 3583 5230 alicunde

2007 5276 2344 5340 adveniens,
2394 5282 2616 5328 centum
2678 5271 2826 5326 dedit
2877 5285 3070 5325 aureos
3116 5287 3131 5325 :
3193 5268 3284 5338 qui
3365 5263 3584 5335 quidem

1970 5356 2166 5422 dati:
2200 5367 2264 5421 ad
2320 5380 2479 5421 usum
2533 5365 2980 5423 vestimentorum
3028 5363 3337 5419 servierunt
3397 5356 3589 5411 fratri-

2007 5457 2127 5512 bus.

2078 5549 2167 5604 72.
2196 5546 2446 5603 Julianus
2474 5546 2818 5616 quidam,qui
2844 5545 2910 5599 ab
2940 5544 3161 5599 ineunte
3188 5539 3405 5610 quidem
3427 5545 3587 5591 relate

2012 5637 2669 5712 rqntitavitadanaguum
2726 5632 3112 5698 Theodosium,
3169 5638 3355 5700 poett-a
3399 5636 3580 5680 autem
