3886 6482
316 395 417 464 ΞΗ

1246 407 1415 471 νιΤΑ
1454 407 1514 468 S.
1554 402 1966 470 THEODOSII
2008 404 2603 511 C(ElYOBIABCHIE-

3465 409 3583 476 5L2

317 512 596 587 ῥομφαίαν
618 513 825 569 τιθέναι
856 515 955 587 τὴν
982 519 1278 590 σωτηρίαν,
1315 522 1449 592 μήτε
1484 521 1589 594 μὴν
1641 524 1752 586 τοῖς
1786 521 1870 575 τῶί

2009 537 2173 577 unum
2219 535 2400 582 autem
2467 527 2637 583 sciret
2661 526 2988 598 adiutorem,
3024 525 3131 581 vim
3186 525 3583 596 inexpugnabi-

317 603 532 658 πολλῶν
569 604 827 677 μυριάσιν
878 606 1221 681 ἐπιθαῤῥεῖν,
1256 611 1357 665 ἕνα
1388 612 1446 665 δέ
1490 611 1779 683 σύμμαχον
1817 613 1895 664 εῖ-

318 696 465 749 δέναι
495 695 596 768 τὴν
628 697 782 768 ἰσχὺν
830 697 1068 770 ἄμαχον,
1108 694 1151 769 ᾧ
1191 703 1373 773 ῥᾴδιον
1417 703 1558 757 πάνυ
1598 707 1771 758 ποιεῖν
1804 705 1878 774 ὑφ

311 786 431 850 ἐνὸς
458 786 664 857 χιλίους
684 787 1000 854 διώκεσθαι,
1041 793 1134 846 καὶ
1168 794 1272 847 ὑπὸ
1304 794 1400 849 δύο
1435 778 1699 867 μυριάδας
1730 813 1894 868 μετα-

311 878 598 932 κινείσθαι.
626 879 865 935 Τοιαῦτα
884 881 963 955 τῷ
991 884 1189 955 κόμητι
1211 885 1303 938 τοῦ
1329 886 1475 941 ὁσίου
1499 888 1893 958 διαλεχθέντος,

308 968 483 1032 οὕτως
515 971 721 1035 ἐκεῖνος
744 973 889 1027 ἐὰλω
920 974 1029 1029 τῶν
1063 977 1231 1033 αὐτοῦ
1261 979 1655 1049 παραινέσεων,
1686 981 1781 1033 καὶ
1798 980 1893 1035 τοῦ

308 1061 447 1131 πρὸς
462 1062 626 1116 αὑτὸν
650 1064 932 1137 ἀνηρτήθη
959 1067 1125 1122 πόθον
1155 1069 1251 1123 καὶ
1276 1072 1376 1137 τῆς
1397 1070 1607 1143 θερμῆς
1634 1072 1889 1139 πίστεως,

305 1151 383 1216 ὼς
417 1155 510 1207 καὶ
538 1155 670 1208 αὐτὸ
700 1155 872 1225 δήπου
912 1159 972 1212 τὸ
992 1160 1243 1230 τρύχινον
1276 1162 1461 1234 ῥάκος,
1493 1165 1631 1236 ὅπερ
1657 1167 1686 1218 ὁ
1719 1165 1894 1235 μέγας

308 1242 442 1298 εἴσω
472 1247 883 1322 περιεόἐΰλητο,
908 1251 1024 1304 ἀντ’
1063 1252 1225 1306 ἄλλου
1256 1255 1403 1319 τινὸς
1429 1256 1498 1310 τά
1531 1273 1594 1326 γε
1626 1257 1762 1329 πρὸς
1793 1256 1887 1312 τὸν

307 1336 546 1409 πόλεμον
576 1341 799 1411 αἰτῆσαι
831 1343 1202 1416 φυλακτηρίου
1226 1365 1242 1379 ο
1291 1349 1388 1401 καὶ
1415 1350 1575 1402 τοῦτο
1597 1349 1662 1421 δὴ
1706 1349 1891 1405 λαϐὼν

308 1428 404 1481 καὶ
438 1429 612 1497 ἐνδὺς,
643 1432 868 1500 ἀγώνων
891 1452 951 1488 τε
1000 1437 1111 1490 τῶν
1140 1438 1393 1508 συνήθων
1431 1440 1731 1510 ἁψάμενος,
1767 1441 1888 1512 μετ’

305 1520 368 1573 οὐ
404 1522 539 1576 πολὺ
574 1524 899 1592 Καλλίνικος
950 1528 1206 1600 ἐπανῄει,
1241 1531 1410 1586 πολλὰ
1455 1532 1550 1586 καὶ
1575 1533 1700 1599 ἄξια
1727 1534 1887 1604 λόγου

301 1611 485 1679 ψυχῆς
504 1629 563 1665 τε
590 1615 687 1668 καὶ
707 1616 891 1698 χειρὸς
920 1617 1057 1689 ἔργα
1087 1619 1524 1693 ἐπιδειξάμενος.

373 1707 468 1756 οε’.
498 1703 769 1776 Λαμπρδς
822 1709 1114 1781 τοιγαροῦν
1146 1712 1291 1766 οὕτω
1324 1717 1445 1781 ,τοῖς
1470 1716 1612 1770 κατά
1652 1718 1888 1789 πόλεμον

300 1794 601 1884 ἀριστείοις
628 1798 962 1863 ἐπανελθὼν,
994 1804 1093 1856 οὐκ
1121 1804 1400 1877 ἀγνώμων
1439 1808 1614 1880 ἐφάνη
1645 1812 1777 1884 περὶ
1792 1813 1887 1868 τὸν

300 1883 620 1957 εὐεργέτην,
651 1889 761 1942 οὐδ’
792 1889 981 1960 ὥσπερ
1009 1895 1060 1947 oi
1091 1896 1277 1950 πολλοὶ
1309 1900 1451 1968 μετὰ
1485 1900 1547 1954 τὸ
1568 1906 1753 1973 τυχεῖν
1782 1904 1883 1975 τῆς

298 1978 525 2050 χάριτος
575 1981 1089 2053 ἐπιλανθανόμενος,
1152 1989 1269 2042 ἀλλ’
1336 1991 1519 2062 ὅμοιον
1571 1995 1667 2050 ἕνα
1715 1999 1883 2052 πᾶσιν

298 2072 491 2125 ἑαυτὸν
516 2074 820 2143 φυλάττων,
856 2079 993 2149 πρὸς
1012 2080 1105 2135 τὸν
1143 2083 1291 2137 ὅσιον
1337 2085 1495 2151 αὖθις
1525 2088 1714 2159 ἐφοίτα
1742 2091 1884 2162 μετὰ

296 2163 502 2233 θερμοῦ
534 2166 630 2220 τοῦ
662 2169 761 2237 τῆς
794 2170 1022 2240 καρδίας
1075 2177 1474 2246 σκιρτήματος,
1540 2182 1766 2252 χάριτός
1817 2202 1879 2238 τε

295 2255 601 2323 ὁμολογῶν,
636 2261 730 2313 καὶ
765 2261 827 2314 τὸ
883 2264 991 2317 πᾶν
1026 2264 1184 2336 αὐτῷ
1222 2268 1324 2337 τῆς
1371 2270 1527 2341 νίκης
1572 2274 1878 2346 ἐπιγραφό-

296 2363 480 2417 μενος.
512 2349 703 2418 Ἔλεγε
731 2354 859 2421 γὰρ,
887 2353 1151 2420 ὡς,ΚατΞι
1195 2358 1287 2412 τὸν
1320 2361 1419 2431 τῆς
1463 2362 1643 2433 μάχης
1665 2366 1874 2437 καιρὸν,

292 2438 423 2508 ἐμοὶ
457 2440 558 2509 μὲν
586 2443 707 2496 ἀντὶ
741 2442 989 2511 θώρακος
1020 2449 1369 2521 ἐνδυσαμένῳ
1403 2453 1465 2506 τὸ
1498 2455 1664 2526 ῥάκος
1702 2457 1764 2511 τὸ
1787 2458 1879 2515 σὺν

291 2529 468 2583 ἐποίει
500 2529 722 2601 θαρρεῖν
743 2534 911 2603 ὁμόσε
945 2553 1005 2588 τε
1040 2540 1155 2602 τοῖς
1182 2539 1465 2610 πολεμίοις
1485 2545 1704 2614 χωρεῖν.
1722 2545 1876 2601 Ἐπεὶ

290 2620 351 2674 δὲ
381 2622 477 2674 καὶ
505 2625 587 2686 είς
626 2628 818 2697 χεῖρας
864 2628 1113 2700 ἀλλήλοις
1168 2632 1428 2702 ἧλθομεν,
1456 2635 1629 2699 πολὺς
1657 2638 1877 2706 ἐγένετο

291 2714 485 2777 σκότος
507 2713 696 2787 ὥσπερ
730 2720 790 2771 ἐν
816 2718 1018 2794 ὁμίχλῃ
1054 2721 1271 2793 βαθείᾳ.
1300 2727 1395 2778 καὶ
1414 2729 1528 2790 τοῖς
1562 2728 1661 2799 μὲν
1691 2729 1874 2795 ἄλλοις

288 2806 431 2858 πᾶσι
459 2805 553 2860 καὶ
577 2809 643 2861 τὰ
684 2811 827 2865 πάνυ
859 2812 1087 2884 πλησίον
1114 2815 1319 2869 ἀθέατα
1341 2813 1432 2890 ἦν,
1464 2819 1575 2889 ἐγὼ
1593 2820 1650 2873 δέ
1677 2838 1737 2874 σε
1774 2821 1874 2892 μό-

286 2914 381 2949 νον
407 2898 624 2952 ἐδόκουν
643 2903 774 2973 ὁρᾷν
810 2905 1222 2977 προηγούμενόν
1253 2926 1354 2978 μου
1380 2912 1476 2964 καὶ
1506 2914 1571 2983 τῇ
1598 2914 1745 2984 χειρὶ
1772 2931 1871 2987 σηο

288 2991 554 3062 μαίνοντα
584 2997 677 3048 καὶ
709 2997 1120 3065 ὑποτιθέμενον,
1161 3004 1288 3056 τάδε
1330 3005 1428 3073 μὲν
1465 3004 1560 3059 τοῦ
1620 3005 1863 3079 πολέμου

288 3083 437 3156 μέρη
465 3085 677 3154 χαίρειν
706 3088 822 3159 ἐᾷν,
857 3092 949 3143 ἐπὶ
982 3090 1155 3146 ταῦτα
1185 3093 1243 3146 δέ
1289 3095 1433 3148 ἰόντα
1468 3097 1757 3167 μάχεσθαι,
1777 3099 1871 3153 καὶ

2000 614 2127 681 lem,
2155 617 2240 671 cui
2293 628 2379 672 est
2423 616 2605 687 facile,
2632 627 2692 674 ut
2730 634 2867 675 unus
2916 619 3062 674 mille
3090 629 3472 690 persequatur,
3530 630 3585 675 et

2000 708 2187 763 decem
2212 709 2376 764 millia
2418 709 2775 782 proﬂigentur
2799 725 2829 766 a
2852 711 3083 768 duobus.
3114 710 3239 768 Haec
3260 726 3381 767 cum
3400 714 3583 770 comiti

1999 800 2232 861 Sanctus
2261 802 2633 872 disseruisset,
2687 805 2761 861 ita
2804 805 2904 860 fuit
2929 805 3021 860 ille
3056 816 3245 876 captus
3283 805 3403 876 ejus
3430 805 3581 860 desi—

1998 893 2149 948 derio
2186 903 2244 949 et
2272 896 2481 950 ardenti
2519 896 2643 965 fide,
2667 898 2921 969 utipsam
2957 898 3342 968 cilicium,quo
3357 914 3584 969 magnus

1998 985 2091 1041 ille
2121 985 2353 1043 interius
2396 989 2748 1057 luduebatur,
2780 990 2899 1060 loco
2942 989 3182 1058 cujusvis
3213 991 3436 1046 alterius
3475 993 3580 1059 rei,

1996 1093 2145 1133 arma
2181 1089 2407 1151 peteret,
2456 1082 2654 1152 quibus
2683 1096 2744 1137 se
2767 1093 3139 1139 conservaret.
3163 1082 3315 1150 Quod
3356 1084 3576 1153 quidem

1995 1187 2119 1228 cum
2155 1175 2453 1244 accepisset
2484 1184 2542 1230 et
2575 1175 2880 1241 induisset,
2908 1183 2961 1229 et
2994 1184 3261 1231 consueta
3293 1191 3579 1245 aggressus

1993 1275 2137 1321 esset
2160 1269 2484 1333 certamina,
2533 1267 2692 1338 paulo
2742 1276 2863 1337 post
2894 1268 3068 1322 victor
3126 1267 3306 1329 rediit,
3364 1282 3485 1321 cum
3523 1278 3578 1321 et

1992 1355 2158 1411 animi
2186 1364 2242 1411 et
2286 1372 2476 1413 manus
2514 1357 2774 1427 praeclara
2830 1356 3162 1413 ostendisset
3198 1356 3467 1424 facinora,
3523 1365 3582 1411 et

1992 1448 2154 1520 digna
2181 1463 2303 1516 qua:
2332 1460 2853 1506 commemorentur.
2919 1452 2925 1458 ’

2060 1722 2151 1780 75.
2187 1722 2321 1780 Cum
2343 1723 2507 1780 rebus
2528 1741 2656 1796 ergo
2679 1725 2966 1783 fortiteriu
2986 1726 3125 1783 bello
3151 1727 3318 1797 gestis
3341 1727 3569 1799 insignis

1989 1826 2043 1872 et
2064 1817 2243 1873 clarus
2263 1828 2407 1873 esset
2440 1833 2711 1887 reversus,
2735 1835 3076 1889 nequaquam
3097 1821 3342 1890 ingratus
3372 1821 3476 1876 fuit
3516 1824 3566 1876 in

1989 1909 2423 1979 benefactorem;
2461 1927 2634 1981 neque
2685 1924 2740 1966 ut
2776 1914 2951 1980 tnulti,
2979 1914 3071 1984 qui
3106 1923 3393 1984 postquam
3443 1926 3570 1969 sunt

1984 2006 2285 2070 consecuti,
2338 2007 2734 2063 obliviscuntur
2761 2009 3008 2065 beneficii
3052 2012 3187 2066 :sed
3232 2025 3291 2066 se
3331 2011 3565 2067 similem

1982 2109 2313 2152 conservans
2331 2096 2385 2150 in
2403 2098 2678 2163 omnibus,
2701 2113 2887 2153 rursus
2905 2100 3050 2154 venit
3072 2101 3138 2154 ad
3160 2100 3420 2155 Sanctum
3438 2116 3569 2155 cum

1983 2186 2285 2241 vehementi
2318 2187 2499 2243 cordis
2527 2188 2917 2256 exsultatione,
2950 2200 3006 2245 et
3057 2191 3259 2261 gratias
3289 2206 3476 2261 agens,
3511 2199 3567 2245 et

1981 2277 2033 2331 ei
2086 2278 2398 2332 universam
2454 2280 2739 2335 ascribens
2780 2280 3084 2336 victoriam.
3118 2280 3347 2336 Dicebat
3381 2282 3562 2337 enim:

1980 2367 2074 2422 Illo
2105 2370 2223 2438 ipso
2254 2377 2499 2439 tempore
2523 2386 2739 2441 pugna},
2769 2370 2901 2426 mibi
2924 2372 3140 2442 quidem
3165 2387 3283 2428 cum
3306 2388 3402 2442 pro
3435 2372 3560 2427 tbo-

1978 2475 2104 2515 race
2129 2472 2277 2514 luum
2318 2461 2613 2516 induissent
2647 2463 2884 2517 cilicium
2910 2504 2926 2532 ,
2953 2465 3202 2518 veniebat
3240 2465 3290 2517 in
3327 2472 3559 2519 mentem

1976 2554 2267 2617 confidere,
2302 2564 2355 2610 et
2412 2555 2466 2609 in
2501 2556 2684 2611 hostes
2735 2557 3117 2612 irruere.Cutn
3155 2571 3333 2613 autem
3363 2574 3557 2612 manus

1976 2647 2483 2714 conseruissemus,
2553 2663 2758 2717 magna:
2821 2651 3209 2705 exoriebantur
3290 2650 3556 2713 tenebrae,

1975 2745 2231 2806 tanquam
2312 2740 2362 2792 in
2435 2739 2599 2793 densa
2663 2739 2892 2810 caligine
2943 2759 2957 2793 :
3016 2752 3068 2796 et
3137 2742 3206 2795 ab
3268 2742 3388 2796 aliis
3439 2742 3558 2810 qui-

1974 2831 2095 2885 dem
2144 2830 2397 2886 omnibus
2427 2845 2489 2885 ea
2519 2832 2704 2897 etiam,
2734 2847 2851 2901 quae
2874 2847 3040 2902 prope
3069 2842 3246 2895 enini,
3273 2834 3419 2887 cerni
3449 2850 3554 2885 nou

1972 2913 2225 2991 poterant
2264 2938 2278 2975 :
2312 2937 2409 2994 εει)
2436 2933 2616 2978 autem
2649 2934 2699 2977 le
2730 2923 2902 2977 solum
2952 2923 3083 2978 tnilti
3113 2924 3335 2978 videbar
3369 2924 3553 2978 videre

1968 3021 2060 3069 "me
2087 3018 2508 3086 prwcedentem,
2546 3025 2601 3071 et
2653 3031 2814 3070 manu
2848 3017 3243 3087 significantem
3276 3027 3332 3071 et
3366 3018 3556 3070 admo-

1977 3117 2220 3172 nentem,
2248 3111 2303 3162 u't
2334 3110 2428 3163 bas
2453 3109 2673 3180 quidem
2706 3110 2873 3180 praelii
2899 3119 3080 3180 partes
3108 3108 3461 3172 dimitterem,
3498 3108 3552 3161 in

281 3174 395 3227 ὑπὸ
424 3176 509 3227 σοὶ
533 3177 711 3248 ὁδηγῷ
737 3196 798 3231 τε
836 3182 932 3234 καὶ
957 3183 1188 3253 ἡγεμόνι
1221 3184 1311 3237 τὸν
1354 3186 1518 3240 ἵππον
1569 3190 1721 3259 ἡμᾶς
1773 3188 1863 3256 ἐξ·

1978 3200 2069 3255 bas
2101 3209 2287 3255 autem
2318 3174 2612 3270 pugnarem
2655 3220 2669 3256 :
2701 3211 2757 3257 et
2788 3210 2840 3258 te
2876 3203 3066 3257 ducem
3114 3218 3313 3273 equum
3370 3216 3553 3271 agere,

282 3266 419 3347 ι).ᾳύ
431 3285 559 3334 νειν,
586 3270 690 3335 ἕως
709 3272 837 3341 φο6ε
848 3273 938 3344 ρός
960 3292 1043 3338 τις
1063 3278 1158 3329 καὶ
1176 3277 1547 3343 ἀνυπόστατος
1566 3283 1681 3345 τοῖς
1712 3283 1866 3336 ἐναν-

282 3363 425 3424 τίοις
462 3362 670 3431 ὀφθεὶς,
702 3367 796 3419 καὶ
831 3368 950 3431 δέος
975 3371 1142 3423 πᾶσιν
1169 3371 1429 3426 ἄπεκτον
1460 3374 1735 3443 ἐμϐαλὼν,
1776 3374 1865 3429 τέ-

279 3450 375 3515 λος
400 3456 479 3515 είς
504 3457 670 3519 πόδας
695 3458 892 3523 αὐτοὺς
937 3458 1153 3531 βλέψαι,
1213 3462 1309 3517 καὶ
1339 3465 1438 3533 τὴν
1469 3465 1656 3530 ἄδοξον
1694 3466 1871 3538 φυγὴν

278 3545 537 3614 ἁτμένως
585 3549 816 3619 ⁵ἑλέσθαι
874 3555 1317 3623 παρασκευάσαι.
1379 3557 1490 3611 Καὶ
1537 3559 1715 3615 ταῦτα
1772 3563 1869 3633 μὲν

278 3635 518 3702 ἐκεῖνος,
546 3640 574 3690 ὁ
630 3639 726 3694 καὶ
760 3641 855 3711 τῆς
892 3641 1043 3709 θείας
1075 3646 1282 3718 ταύτης
1325 3648 1646 3719 ἐπιφανείας
1698 3651 1865 3718 ἀξιω-

277 3727 420 3791 θείς.

359 3832 468 3886 οῖ’.
501 3826 613 3878 Οὔκ
644 3826 792 3896 αὖτῴ
823 3828 878 3881 δέ
901 3831 1080 3900 μόνον,
1114 3834 1247 3888 ἀλλὰ
1282 3837 1373 3888 καὶ
1413 3836 1592 3904 ἄλλοις
1613 3840 1640 3893 ὁ
1669 3840 1862 3911 μέγας,

275 3915 497 3979 πολλοῖς
530 3918 629 3987 μὲν
656 3923 712 3973 ἐν
751 3922 890 3990 πλῷ,
927 3926 1141 3990 πολλοῖς
1166 3928 1221 3980 δὲ
1260 3930 1317 3982 ἐν
1351 3931 1475 4002 ὁδῷ,
1508 3935 1602 3986 καὶ
1624 3939 1736 3998 τοῖς
1765 3937 1864 4004 μὲν

270 4013 658 4083 τραχυνομένῃ
692 4014 934 4088 θαλάσσῃ
955 4020 1049 4072 καὶ
1083 4022 1513 4096 πνευμάτωνβίᾳ
1543 4026 1854 4089 παλαίουσι.

272 4106 391 4167 ταῖς
423 4103 477 4156 δὲ
506 4106 601 4158 καὶ
626 4107 890 4176 στόμασιν
919 4110 1125 4181 ἀγρίων
1157 4111 1457 4184 ἐμπεσιῦσι
1503 4118 1709 4188 θηρῶν,
1747 4125 1861 4186 τοῖς

274 4200 387 4263 μὲν
417 4197 473 4247 ἐν
499 4196 670 4266 ὕπνῳ,
693 4202 806 4261 τοῖς
832 4201 888 4254 δέ
917 4203 1010 4255 καὶ
1044 4203 1136 4256 ὑπ’
1155 4204 1454 4275 ὀφθαλμοῖς
1481 4210 1729 4279 ἐπιστὰς,
1751 4214 1860 4267 τῶν

268 4286 540 4339 κινδύνων
560 4288 817 4351 ἐξῖίλετο.
841 4292 954 4344 Οὐκ
975 4292 1284 4363 ἀνθρώποις
1306 4296 1360 4349 δέ
1386 4300 1547 4367 μόνον
1568 4301 1691 4368 ὀξὺς
1719 4304 1861 4358 οὕτω

268 4375 581 4446 παρίςταιο
603 4378 814 4448 βοηθὸς,
831 4380 965 4435 ἀλλὰ
985 4383 1118 4438 πολὺ
1139 4385 1235 4438 καὶ
1250 4388 1308 4438 ἐν
1323 4391 1435 4452 τοῖς
1468 4389 1682 4459 ἀλόγοις
1700 4394 1861 4461 ζώοις

265 4469 377 4538 τῆς
407 4469 705 4538 φιλαγάθου
735 4473 939 4545 ταύτης
968 4475 1147 4552 ψυχῆς
1179 4479 1239 4531 τὸ
1275 4481 1576 4549 φιλάγαθον
1634 4486 1855 4556 ἕτοιμον

264 4562 553 4628 ὑποδεῖξαι
588 4564 665 4634 τῷ
718 4564 884 4635 λόγῳ.
921 4565 1218 4641 Ὁδοιπόρῳ
1252 4572 1360 4642 γάρ
1393 4588 1522 4626 ποτε
1564 4576 1684 4629 ὄνον
1757 4583 1852 4632 ἐπ-
1888 4559 1927 4609 υ

262 4644 528 4727 αγομένῲ
580 4656 717 4710 λέων
775 4661 1007 4730 συνήντα
1062 4666 1278 4734 πικρὸς.
1320 4665 1379 4729 ὃς
1413 4669 1506 4720 τοῦ
1542 4670 1644 4739 μὲν
1678 4672 1854 4726 έδίτου

261 4745 485 4821 ἡμέλει,
520 4747 652 4819 πρὸς
686 4749 742 4802 δέ
767 4751 857 4803 τὸν
880 4752 1000 4805 ὄνον
1031 4756 1209 4826 ὁρμῆς
1242 4757 1571 4827 ἐπίμπλατο.
1600 4761 1703 4815 Τὸν
1721 4765 1854 4833 γοῦν

258 4839 573 4911 ὁδοιπόρον,
596 4838 684 4895 οἷα
719 4842 872 4910 φίλον
896 4846 953 4898 ἐν
980 4849 1092 4910 τοῖς
1120 4852 1250 4920 παρ’
1292 4850 1481 4905 ἐλπίδα
1506 4853 1721 4934 δεινοῖς,
1767 4875 1856 4911 κα·

258 4929 538 4999 τάπληξις
559 4935 757 5006 ἐπέσχε
791 4937 884 4989 καὶ
910 4937 1028 5001 δέος
1048 4955 1062 4969 ·
1104 4940 1136 5009 ἡ
1161 4941 1256 4993 τοῦ
1292 4945 1485 5012 καιροῦ
1538 4946 1594 4999 δὲ
1647 4929 1774 5013 όξὺτ
1793 4967 1859 5021 ης

258 5023 333 5076 ἓν
362 5024 649 5117 φάρμακον
679 5031 757 5092 εἰς
782 5030 1058 5101 βοήθειαν,
1093 5033 1153 5086 τὸ
1182 5034 1274 5087 τοῦ
1313 5037 1469 5105 ἁγίου
1495 5039 1665 5109 ὀνόμα
1716 5061 1855 5115 παρ-

258 5121 432 5205 έσχεν
480 5119 687 5190 εὑρεῖν’
723 5122 861 5195 ὅπερ
918 5126 1185 5191 εἰπόντος,
1228 5132 1616 5201 παραχρῆμαό
1660 5152 1719 5187 τε
1761 5139 1857 5192 τοῦ

252 5210 460 5279 θηρίου
497 5211 662 5284 θυμλς
718 5215 880 5292 ἔληγε
939 5217 1034 5272 καὶ
1094 5219 1156 5273 τὸ
1206 5222 1460 5299 ῥαγδαῖον
1517 5224 1701 5282 ἵστατο
1759 5232 1858 5300 τῆς

250 5303 484 5373 ὁρμῆς’

1978 3294 2148 3349 donec
2184 3303 2514 3364 conspectus
2542 3295 2806 3349 terribilis
2833 3305 2886 3350 et
2913 3296 3268 3350 intolerabilis
3290 3294 3550 3357 inimicis,

1977 3382 2281 3438 vehementi
2313 3390 2520 3437 terrore
2559 3384 2811 3440 omnibus
2848 3383 3045 3451 injecto
3088 3382 3380 3448 efﬁcerem,
3409 3397 3465 3437 ut
3492 3401 3552 3438 se

1973 3475 2311 3545 conjicerent
2347 3472 2400 3526 in
2427 3473 2610 3543 pedes,
2635 3482 2689 3527 et
2719 3483 2928 3544 turpem
2964 3475 3144 3543 fugam
3179 3475 3431 3530 lubenter
3451 3476 3556 3530 cli-

1975 3574 2185 3633 gc-renl.
2217 3565 2281 3619 Et
2333 3565 2447 3619 lure
2470 3566 2687 3634 quidem
2725 3566 2834 3631 ille,
2867 3567 2960 3634 qui
3009 3568 3175 3622 etiam
3222 3569 3421 3638 dignus
3469 3576 3555 3622 cst

1969 3661 2187 3715 habitus
2221 3659 2405 3714 divina
2442 3664 2544 3715 bac
2578 3659 2945 3731 apparitione.

2040 3846 2128 3901 76.
2161 3844 2273 3900 Non
2296 3847 2361 3900 ad
2396 3846 2540 3900 illam
2567 3854 2746 3900 autem
2783 3847 2978 3913 solum,
3012 3849 3106 3902 sed
3135 3846 3298 3902 etiam
3330 3849 3394 3902 ad
3416 3849 3551 3904 alios

1969 3955 2194 4009 magnus
2224 3936 2588 4006 Theodosius,
2621 3939 2686 3993 ad
2723 3939 2921 3994 multos
2949 3939 3167 4010 quidem
3218 3941 3357 3995 inter
3392 3943 3548 3996 navi-

1964 4034 2219 4103 galtdtttn,
2250 4033 2316 4086 ad
2355 4031 2550 4087 multos
2574 4042 2750 4086 autem
2782 4032 2835 4085 in
2871 4032 3117 4087 faciendo
3149 4032 3364 4098 itinere,
3401 4043 3452 4089 et
3479 4039 3547 4089 ad

1963 4126 2100 4179 alios
2124 4123 2366 4196 quidem,
2389 4125 2481 4195 qui
2515 4140 2636 4179 cum
2665 4124 2862 4178 furenti
2897 4126 3032 4179 mari
3065 4137 3121 4181 et
3159 4126 3211 4180 vi
3258 4137 3545 4182 ventorum

1963 4216 2416 4280 colluetabantur,
2449 4215 2513 4269 ad
2562 4214 2698 4269 alios
2731 4227 2909 4269 autem
2940 4215 3030 4286 qui
3076 4216 3128 4271 in
3162 4231 3256 4271 ora
3304 4217 3545 4272 ferarum

1964 4310 2291 4375 inciderant,
2320 4318 2373 4364 et
2396 4310 2461 4363 ad
2498 4309 2632 4365 alios
2667 4309 2883 4377 quidem
2916 4311 2971 4364 in
3026 4312 3257 4375 somnis,
3295 4312 3361 4365 ad
3410 4312 3547 4366 alios

1961 4415 2141 4459 autem
2193 4404 2502 4459 videntibus
2553 4418 2740 4457 revera
2798 4420 2984 4458 eorum
3018 4403 3195 4458 oculis
3253 4404 3542 4469 accedens,

1959 4496 2213 4550 liberavit
2247 4510 2275 4548 a
2310 4494 2592 4565 periculis.
2622 4493 2740 4550 Non
2782 4496 3094 4551 hominibus
3128 4506 3309 4550 autem
3360 4496 3538 4550 solum

1959 4591 2094 4643 adeo
2129 4596 2412 4659 promptus
2448 4586 2550 4641 fuit
2614 4588 2847 4656 adjutor,
2881 4590 2975 4643 sed
3010 4589 3163 4642 bona:
3224 4588 3379 4658 hujus
3409 4604 3544 4658 quo-

1960 4676 2066 4751 que
2122 4683 2319 4736 anima:
2374 4670 2763 4749 benignitatem
2800 4681 2885 4735 vel
2936 4684 2991 4736 in
3034 4682 3191 4736 bruta
3220 4683 3541 4750 animantia,

1961 4775 2146 4835 parata
2185 4778 2270 4824 est
2292 4768 2583 4823 ostendere
2605 4768 2801 4824 oratio.
2829 4768 3033 4825 Viatori
3070 4772 3214 4824 enim
3249 4770 3542 4842 aliquando

1961 4860 2174 4915 asinum
2201 4860 2490 4916 deducenti
2531 4876 2707 4915 sagvus
2737 4861 2823 4916 leo
2850 4863 3115 4928 occurrit,
3158 4864 3248 4931 qui
3276 4866 3539 4919 viatorem

1958 4951 2177 5021 quidem
2237 4953 2492 5022 neglexit,
2534 4952 2585 5006 iu
2646 4952 2856 5007 asinum
2916 4962 3093 5009 autem
3146 4955 3324 5010 irruit.
3362 4958 3542 5026 Atque

1958 5046 2222 5100 viatorem
2250 5046 2492 5113 quidem,
2538 5054 2596 5098 ut
2632 5046 2829 5099 accidit
2869 5045 2937 5102 iis
2981 5047 3138 5102 malis
3194 5063 3313 5118 qua:
3346 5059 3539 5117 pra-ter

1956 5153 2106 5206 spem
2146 5137 2429 5202 eveniunt,
2482 5148 2673 5206 stupor
2702 5139 2902 5193 invasit
2940 5149 2995 5193 et
3025 5152 3245 5207 metus;
3279 5141 3540 5210 temporis

1958 5243 2137 5285 autem
2183 5230 2445 5285 velocitas
2503 5231 2702 5295 effecit,
2753 5241 2810 5285 ut
2861 5248 3027 5287 unum
3057 5233 3231 5289 solum
3267 5234 3539 5289 inveniret

1963 5324 2415 5379 medicamentum
2451 5323 2517 5377 ad
2559 5323 2836 5378 ferendam
2865 5339 3045 5394 Opem,
3100 5340 3292 5394 nempe
3333 5339 3531 5378 nomen

249 5399 439 5452 satu-ti
477 5398 794 5455 Theodosii.
836 5399 989 5467 Quod
1023 5404 1242 5472 quidem
1292 5420 1412 5459 eum
1452 5407 1700 5477 dixisset,
1762 5419 1949 5472 statim
2016 5417 2250 5474 cessavit
2283 5426 2337 5471 et
2397 5415 2475 5471 ira
2515 5416 2663 5482 ferae,
2692 5428 2746 5472 et
2780 5434 3066 5489 repressus
3124 5427 3203 5473 est
3237 5417 3530 5474 vehemens

248 5494 381 5560 ejus
416 5492 667 5558 impetus.

330 5582 429 5647 οζ’.
456 5577 580 5646 Ofe;
601 5586 658 5638 δέ
695 5585 945 5651 καὶπερὶ
975 5585 1073 5654 τὴν
1103 5586 1213 5641 τῶν
1259 5589 1565 5658 μελλόντων
1600 5595 1846 5664 πρόγνωο

249 5694 346 5729 σιν
366 5672 455 5746 ἦν.
479 5678 574 5729 Δεῖ
599 5677 708 5746 γὰρ
734 5676 803 5730 δι’
832 5678 1030 5741 ὀλίγων
1048 5677 1117 5730 τὰ
1141 5679 1350 5733 ἐκεῖνον
1383 5682 1558 5737 πάντα
1574 5684 1843 5742 δεικνύειν

245 5770 449 5839 ὥσπερ
488 5771 546 5823 ἐν
597 5770 888 5840 γεύμασιν,
933 5771 1019 5824 ἵνα
1055 5774 1148 5823 καὶ
1200 5773 1361 5842 δῆλον
1396 5775 1601 5830 ἅπασιν
1656 5775 1713 5853 ᾗ,
1757 5782 1837 5833 ὅτι

249 5862 450 5941 ὥπερ
473 5862 684 5929 οὐδενὸς
709 5864 816 5919 τῶν
852 5864 1315 5938 κατορθωμάτων,
1349 5865 1491 5921 οὕτω
1515 5869 1576 5941 δὴ
1603 5873 1696 5924 καὶ
1727 5872 1834 5926 τῶν

2025 5599 2113 5652 77.
2148 5593 2266 5649 .lam
2297 5610 2425 5650 vero
2462 5597 2643 5665 qualis
2679 5596 2778 5651 fuit
2827 5598 2879 5653 in
2913 5597 3214 5652 futurorum
3241 5597 3532 5667 praescion-

1952 5688 2064 5741 tia?
2120 5687 2345 5757 Oportet
2409 5688 2553 5741 enim
2607 5688 2793 5756 paucis
2823 5704 3159 5758 quaecunque
3208 5696 3335 5743 sunt
3390 5689 3531 5743 illius

1946 5781 2259 5843 ostendere,
2291 5789 2345 5832 et
2387 5778 2551 5833 veluti
2586 5794 2775 5834 eorum
2831 5792 3043 5850 gustum
3082 5779 3342 5850 praebere,
3373 5791 3430 5836 nt
3457 5783 3532 5838 sit

1943 5874 2105 5931 etiam
2140 5869 2486 5931 manifestum
2513 5873 2785 5943 ontnibus,
2813 5872 2956 5945 quod
3001 5871 3272 5945 quomodo
3322 5873 3527 5931 nullius
