3886 6462
308 370 416 435 543

1535 364 1822 450 MENSIS
1857 365 2318 427 JANUARIUS.

3461 358 3569 424 544

303 498 371 537 ex
413 481 503 545 iis,
542 493 663 549 qum
686 491 751 533 ex
778 477 979 532 virtute
1013 482 1300 547 geruntur,
1357 473 1431 529 ita
1463 489 1565 531 nec
1587 475 1887 530 charisma-

2006 476 2342 547 ίαρισμάτων
2360 472 2587 545 ἄμοιρος
2606 465 2697 543 ἦν,
2720 468 3053 542 Προστάττει
3071 468 3204 537 ποτὲ
3226 469 3378 539 παρά
3407 469 3470 523 τὸ
3487 472 3568 524 εἰ·

298 588 416 632 mm
461 587 557 629 seu
616 571 975 643 gratuitorum
1025 568 1290 624 donorum
1340 565 1445 623 fuit
1473 581 1687 639 expers.
1715 565 1882 623 Jussit

302 664 619 736 aliquando,
667 671 726 718 ut
780 670 981 733 praeter
1039 659 1256 716 solitam
1319 658 1505 714 horam
1577 657 1884 729 pulsaretur

300 761 539 829 lignum;
586 757 821 812 nondum
866 755 1012 810 enim
1046 762 1166 809 erat
1211 753 1340 808 hora
1372 752 1609 808 secunda
1639 752 1741 806 diei
1788 761 1887 806 :et

301 850 597 923 praecepit,
667 858 727 902 ut
779 845 1046 901 fratribus
1097 844 1433 915 signiﬁcaret
1478 842 1750 913 synaxim.
1804 841 1882 896 illi

303 953 484 1000 autem
528 947 905 997 convenerunt
963 937 1180 1007 quidem
1212 937 1410 1008 (neque
1459 936 1603 991 enim
1632 943 1885 1006 poterant

302 1033 701 1098 contradicere,
748 1038 807 1085 ut
857 1030 950 1101 qui
999 1030 1203 1099 optime
1254 1028 1575 1082 didicissent
1627 1027 1886 1082 obedien-

304 1125 484 1197 tiam),
530 1140 653 1181 cum
705 1132 885 1179 autem
935 1122 1167 1177 fuissent
1215 1120 1551 1190 congregati,
1618 1120 1885 1189 rogabant

305 1234 531 1278 curnam
564 1215 952 1274 convenissent
978 1223 1104 1269 ante
1127 1222 1363 1282 tempus.
1403 1210 1495 1266 Ille
1523 1226 1651 1267 vero
1680 1211 1736 1282 (ο
1783 1226 1885 1281 pn-

303 1329 423 1370 ram
472 1311 739 1367 animam!
796 1323 829 1364 ο
879 1306 1067 1364 oculos
1133 1304 1319 1375 procul
1355 1304 1537 1360 omnia
1576 1303 1883 1374 cernentes)

306 1406 561 1462 ﬂebiliter
615 1403 802 1472 lugens
858 1412 914 1454 et
964 1398 1394 1454 miserabiliter:
1449 1396 1723 1453 Orandum
1781 1404 1885 1463 est,

307 1498 507 1567 inquit,
536 1510 570 1550 o
602 1494 811 1558 Patres,
864 1491 1128 1547 orandum
1177 1499 1282 1547 est.
1316 1487 1484 1545 Video
1538 1488 1683 1544 enim
1747 1487 1882 1541 iram

308 1586 540 1651 Domini,
569 1600 689 1654 quae
716 1584 825 1654 jam
862 1589 1110 1637 movetur
1138 1580 1400 1635 adversus
1440 1577 1737 1634 Orientem.
1763 1575 1885 1631 llaec

309 1679 401 1735 ille
428 1678 648 1748 quidem
699 1674 859 1730 dixit.
913 1674 993 1729 llli
1043 1683 1229 1728 autem
1270 1683 1398 1727 tunc
1448 1670 1666 1742 quidem
1713 1683 1887 1740 neque

310 1772 569 1826 videbant
621 1768 847 1838 aliquid,
889 1782 1065 1835 neque
1103 1782 1208 1820 una
1234 1781 1354 1818 cum
1387 1779 1452 1819 eo
1474 1764 1713 1817 dolorem
1746 1761 1887 1817 acci-

1988 568 2242 640 θισμένον
2261 565 2324 638 δὴ
2344 563 2440 620 τοῦ
2466 562 2658 636 καιροῦ
2676 564 2736 617 τὸ
2757 561 2912 629 ξύλον
2932 559 3226 633 κρούεσθαι
3246 577 3259 589 ο
3280 558 3429 631 ὥρας
3455 562 3568 632 γὰρ

1986 658 2141 712 οὔπω
2180 657 2441 727 δευτέρας
2487 654 2691 726 ἔψαυεν
2730 656 2764 726 ἡ
2800 652 3004 724 ἡμέρα,
3038 652 3132 705 καὶ
3164 652 3277 714 τοῖς
3309 650 3572 721 ἀδελφοῖς

1986 748 2274 818 σημαίνειν
2292 745 2589 815 παρηγγύα
2605 744 2703 815 τὴν
2723 743 2962 809 σύναξιν.
2982 742 3047 796 Οί
3066 741 3121 795 δὲ
3138 739 3453 813 ἡθροίζοντο
3466 743 3570 813 μὲν

1986 839 2127 910 (οὐδὲ
2158 840 2267 909 γὰρ
2289 834 2434 908 εἶχον
2472 837 2795 905 ἀντιλέγειν,
2820 836 3019 906 ἄριστα
3057 833 3437 898 παιδευθέντες
3460 834 3571 887 61r—

1986 930 2176 1000 ἀκοὴν)
2197 926 2579 1001 ἀθροισθέντας
2596 928 2650 981 δὲ
2670 928 2767 999 τὴν
2781 927 2959 980 αἰτίαν
2978 924 3339 979 ἐπυνθάνοντο
3351 925 3449 995 τῆς
3463 925 3573 998 πρὸ

1984 1024 2077 1078 τού
2099 1024 2292 1096 καιροῦ
2326 1023 2690 1086 συνελεύσεως
2707 1036 2721 1051 ⁸
2746 1023 2842 1076 καὶ
2870 1023 3075 1084 ἐκεῖνος
3101 1019 3168 1091 (ὦ
3201 1019 3382 1089 ψυχῆς
3400 1020 3574 1074 καθα-

1989 1118 2106 1189 ρᾶς,
2131 1115 2176 1169 ὣ
2204 1116 2379 1169 πάντα
2407 1116 2712 1187 βλεπόντων
2736 1113 3017 1188 πόρρωθεν
3037 1111 3376 1183 ὀφθαλμῶν)
3397 1129 3571 1184 περι-

1986 1210 2156 1273 παθές
2173 1226 2225 1260 τι
2241 1210 2334 1262 καὶ
2348 1210 2619 1262 οἴκτιστον
2639 1206 2971 1278 ἀνοιμώξας
2998 1204 3570 1275 Εὖξασθαι,ῐ]ατέρες,

1985 1300 2109 1370 ἔφη,
2143 1299 2401 1366 εὔξασθαι
2460 1302 2598 1369 χρή·
2647 1298 2784 1369 ὀργὴ
2843 1299 2950 1370 γὰρ
2989 1299 3188 1370 Κυρίου
3242 1298 3573 1368 κινουμένην

1985 1391 2085 1461 ήδη
2113 1390 2254 1444 κατά
2288 1390 2387 1460 τῆς
2427 1389 2597 1461 Ἐῴας
2637 1389 2767 1461 ὁρῶ.
2799 1388 2985 1443 Ταῦτα
3027 1392 3053 1442 6
3113 1389 3213 1459 μὲν
3242 1388 3376 1461 ἔφη·
3408 1391 3458 1442 οί
3512 1388 3572 1442 δὲ

1985 1484 2104 1537 τότε
2147 1482 2247 1552 μὲν
2288 1481 2399 1535 οὒτ’
2435 1482 2515 1535 ἔτι.
2559 1482 2747 1554 ἐώρων
2773 1481 2895 1535 οὔτε
2940 1482 3275 1551 συνήλγουν*
3336 1483 3458 1535 ἐπεὶ
3494 1478 3578 1551 μὴ

1987 1577 2097 1638 τοῖς
2139 1573 2275 1638 ἴσοις
2304 1573 2603 1644 ὀφθαλμοῖς
2634 1573 2883 1626 ἔϐλεπον.
2917 1571 3124 1641 Ἐκτην
3159 1572 3216 1625 δὲ
3260 1571 3293 1643 ἦ
3331 1572 3580 1642 ἑϐδόμην

1987 1664 2204 1735 ἡμέραν
2237 1665 2375 1733 μετὰ
2402 1663 2501 1736 τὴν
2556 1663 2883 1735 πρόρρησιν,
2916 1662 3327 1733 κατεστράφθαι
3359 1660 3573 1731 δεισμῷ

1994 1758 2213 1829 μεγαλῳ
2244 1758 2345 1829 τὴν
2378 1757 2722 1827 ’Λντιοχείων
2745 1757 2975 1827 ἠκούετο
3013 1756 3165 1809 πόλιν
3215 1754 3337 1809 κατ’
3364 1756 3579 1807 ἐκεῖνον

307 1864 527 1932 piebant
572 1860 872 1930 :qnoniam
919 1874 1024 1912 non
1077 1858 1292 1922 iisdem,
1324 1856 1521 1927 quibus
1552 1854 1661 1921 ille,
1709 1854 1884 1909 intue-

2006 1852 2056 1920 ἰὴ
2116 1851 2208 1904 τὸν
2247 1849 2439 1921 καιρὸν
2484 1850 2605 1904 καθ’
2643 1850 2704 1903 ὃν
2735 1850 2837 1921 ἢδη
2889 1850 2983 1902 καὶ
3036 1849 3297 1915 προεῖπεν
3324 1847 3352 1899 6
3400 1845 3579 1917 μέγας

308 1955 510 2011 bantur
534 1950 731 2009 oculis.
788 1949 953 2005 Sexto
996 1958 1176 2003 autem
1206 1958 1300 2002 ant
1325 1946 1556 2016 septimo
1600 1945 1707 2010 die,
1738 1932 1887 2015 post-

305 2059 470 2116 quam
527 2043 874 2113 praedixerat,
935 2038 1179 2093 auditum
1233 2047 1316 2092 est
1382 2036 1728 2092 Antiochiam
1770 2034 1884 2109 (46)

304 2138 476 2192 fuisse
517 2150 713 2206 magno
761 2144 921 2188 terra:
974 2140 1122 2185 motu
1174 2145 1443 2195 eversam,
1482 2128 1573 2184 illo
1622 2137 1883 2198 tempore,

307 2241 415 2296 quo
442 2224 552 2294 jam
582 2223 908 2293 praedixerat
934 2222 1024 2277 ille
1042 2236 1302 2292 magnus;
1337 2230 1523 2289 totque
1542 2220 1882 2290 ornamenta,

308 2326 630 2388 tantamque
662 2315 928 2372 cecidisse
959 2314 1197 2384 speciem
1248 2323 1297 2368 et
1327 2312 1809 2382 pulchritudinem,
1834 2323 1890 2369 et

307 2409 363 2463 iu
401 2409 564 2463 vilem
607 2408 880 2477 pulverem
907 2407 1182 2461 redactam
1213 2404 1395 2475 jacere
1425 2399 1704 2460 Civitatem
1736 2420 1893 2474 :quae

309 2516 485 2570 neque
526 2510 679 2555 tanto
720 2514 849 2555 casu
903 2499 1094 2569 dignas
1139 2507 1428 2553 consecuta
1461 2507 1544 2553 est
1595 2496 1888 2569 lacrymas,

309 2607 486 2662 neque
552 2592 778 2659 luctum,
845 2591 934 2661 qui
979 2600 1358 2660 exmquarctur
1416 2590 1739 2645 calamitati.
1793 2590 1888 2645 Λι-

1996 1943 2092 1997 καὶ
2123 1941 2348 2013 κόσμον,
2380 1941 2476 1997 καὶ⁵
2514 1942 2686 2012 ὥραν,
2714 1942 2807 1994 καὶ
2835 1940 3006 2009 κάλλη
3048 1937 3290 1991 τοσαῦτα
3330 1952 3579 1991 καταπε-

1997 2037 2130 2102 σεῖν,
2155 2038 2252 2088 καὶ
2281 2033 2432 2088 κόνιν
2464 2034 2660 2105 ἄτιμον
2689 2031 2904 2087 κεῖσθαι
2936 2033 3034 2102 τὴν
3068 2031 3242 2091 πόλιν,
3298 2028 3430 2100 μηδὲ
3476 2027 3577 2082 δα-

1994 2125 2175 2197 κρύων
2196 2124 2535 2195 εὐποροῦσαν
2583 2122 2677 2177 τοῦ
2711 2123 2916 2185 πάθους
2949 2120 3138 2188 ἀξίων,
3174 2120 3305 2191 μηδὲ
3343 2119 3577 2182 πένθους

1997 2217 2280 2288 ίσουμένου
2305 2220 2369 2289 τῇ
2404 2235 2465 2270 συ
2476 2217 2677 2288 μφορᾷ,
2717 2217 2823 2269 Καὶ
2851 2217 2918 2268 τὰ
2946 2214 3043 2286 μὲν
3071 2217 3169 2285 τῆς
3199 2210 3572 2283 προγνώσεως

1993 2309 2071 2382 τῷ
2132 2310 2286 2382 ἀνδρὶ
2330 2310 2503 2373 οὕτως
2555 2309 2706 2380 ἔχει·
2761 2308 2830 2363 τὰ
2879 2308 2937 2361 δὲ
2963 2307 3072 2360 τῶν
3129 2303 3589 2374 κατορθωμάτων

1996 2400 2165 2453 πολλὰ
2223 2399 2320 2472 μὲν
2372 2400 2463 2453 καὶ
2501 2400 2629 2472 περὶ
2663 2397 2874 2452 πολλῶν
2920 2399 2948 2451 6
2977 2396 3134 2466 λόγος
3180 2394 3395 2465 φθάσας
3448 2393 3578 2463 ἐδή-

1992 2493 2157 2548 λωσε.

307 2701 416 2755 que
468 2686 586 2742 talis
628 2686 847 2755 quidem
896 2684 995 2739 fuit
1037 2684 1158 2755 ejus
1188 2684 1544 2755 pra'scicntia.
1576 2682 1680 2737 [les
1711 2694 1890 2737 autem
1928 2683 2130 2737 inultas
2163 2683 2422 2753 [κακίαι-ιι
2456 2681 2526 2737 ab
2586 2696 2651 2735 eo
2710 2688 2924 2755 gestas,
2991 2676 3299 2747 ptazcedeus
3341 2669 3585 2727 ostendit

309 2780 510 2837 oratio.

1733 2897 1962 2954 CAPUT
2000 2896 2184 2953 XVI“.

1301 3025 1436 3097 Ejus
1470 3024 1525 3078 in
1554 3029 1818 3099 senectute
1840 3019 1909 3088 ζει
1964 3019 2153 3073 ultimo
2194 3018 2374 3072 morbo
2405 3019 2592 3072 uirtus.

388 3148 478 3205 78.
501 3146 728 3217 Oportet
761 3151 942 3198 autem
967 3141 1071 3196 hoc
1099 3153 1318 3211 quoque
1343 3136 1544 3195 addere
1602 3143 1655 3191 ct
1684 3133 1890 3205 perspi-
1924 3139 1970 3199 (ζ

314 3261 416 3305 cue
444 3256 738 3315 exponere,
775 3239 841 3294 ad
885 3247 1146 3308 quantam
1197 3234 1527 3291 humilitatis
1551 3220 1907 3288 altitudinem.

315 3337 650 3411 pervenerit.
703 3332 1115 3390 Contendebaut
1153 3337 1207 3383 et
1235 3327 1618 3398 depugnabant
1662 3325 1804 3380 inter
1840 3337 1899 3379 se

318 3428 611 3501 aliquando
654 3427 760 3481 duo
807 3438 871 3479 ex
923 3421 1207 3477 fratribus.
1232 3420 1281 3476 Is
1314 3427 1495 3474 autem
1524 3417 1806 3483 suadebat,
1842 3424 1899 3470 ut

316 3524 709 3588 componerent
766 3514 1105 3580 inimicitias,
1164 3521 1219 3567 et
1262 3512 1447 3566 odium
1498 3519 1901 3567 commutarent

317 3611 582 3675 amicitia,
618 3625 737 3680 qum
766 3610 920 3662 decet
943 3621 1158 3660 onmem
1185 3605 1576 3668 Christianum,
1606 3602 1775 3657 multo
1806 3616 1903 3655 au-

322 3715 426 3759 tem
461 3702 632 3771 magis
664 3698 978 3754 monachus.
1021 3697 1286 3763 Quoniam
1329 3704 1511 3749 antem
1566 3693 1753 3748 dicens
1794 3708 1899 3746 non

324 3796 707 3867 persuadebat,
751 3792 971 3845 videbat
1020 3800 1198 3842 autem
1233 3788 1449 3840 illorum
1498 3794 1625 3841 esse
1674 3786 1904 3853 majores

320 3886 666 3951 inimicitias,
687 3899 847 3953 quam
881 3891 939 3935 ut
975 3881 1093 3935 suis
1123 3879 1302 3934 verbis
1338 3878 1534 3948 placari
1560 3886 1777 3947 possent
1805 3918 1819 3943 ,
1848 3880 1907 3932 tit

321 3980 545 4050 supplex
582 3977 831 4047 protinus
858 3983 1042 4044 pastor
1073 3972 1293 4036 ovium,
1325 3969 1584 4038 magister
1611 3965 1900 4037 discipulu-

323 4088 446 4127 rum
468 4110 484 4138 ,
509 4081 663 4141 pater
704 4068 985 4132 ﬁliorum;
1030 4073 1087 4118 ct
1129 4064 1341 4119 illorum
1369 4062 1570 4115 bonum
1602 4055 1910 4128 postulabat

326 4166 466 4235 ipse,
525 4173 782 4233 tauquam
838 4160 1115 4229 proprium
1175 4152 1501 4209 beneﬁcium
1551 4169 1568 4207 :
1614 4162 1911 4218 eorumque

331 4258 580 4311 morbum
639 4264 693 4309 et
734 4252 930 4308 vulnus
974 4249 1224 4316 medicus
1291 4247 1517 4316 rogabat
1559 4252 1618 4298 ut
1671 4249 1908 4297 sanaret.

325 4351 571 4421 Bugabat
601 4361 779 4404 autem
822 4361 930 4400 non
980 4343 1190 4406 leviter,
1229 4354 1331 4395 nec
1393 4335 1775 4406 contemptim,
1815 4333 1909 4389 sed

328 4457 657 4516 magnopere
684 4451 739 4497 et
761 4440 1136 4502 vehementer,
1181 4434 1275 4489 sed
1303 4446 1554 4503 magnam
1584 4427 1913 4485 moderatio-

2073 3130 2176 3204 o'q'.
2211 3133 2305 3184 Δεῖ
2360 3130 2417 3184 δὲ
2453 3130 2549 3184 καὶ
2604 3126 2779 3181 ταῦτα
2808 3123 3130 3196 προσθεῖναι
3172 3123 3267 3177 καὶ
3314 3127 3587 3196 γνωρίσαι

2001 3225 2213 3294 σαφῶς,
2247 3222 2328 3286 είς
2357 3218 2468 3276 οἷον
2520 3220 2652 3291 ὕφος
2680 3222 2885 3282 ἐκεῖνος
2924 3217 3129 3287 ἔφθασε
3175 3217 3583 3281 ταπεινώσεως.

1998 3318 2390 3387 Διεπλήκτιζον
2416 3316 2533 3366 τότε
2563 3314 2659 3366 καὶ
2711 3311 2978 3380 ἐμάχοντο
3026 3307 3159 3373 πρὸς
3189 3307 3451 3380 ἀλλήλους
3490 3310 3595 3363 δίδ

2000 3411 2107 3464 τῶν
2136 3407 2408 3477 ἀδελφῶψ
2434 3409 2462 3460 ὁ
2501 3404 2556 3458 δὲ
2582 3403 2815 3474 παρῄνει
2870 3400 3175 3455 καταλῦσαι
3230 3400 3329 3470 τὴν
3358 3399 3586 3472 ἔχθραν,

2003 3506 2098 3558 καὶ
2158 3501 2343 3573 φιλίαν
2398 3496 2732 3565 ἀλλάξασθαι
2781 3492 2992 3567 μίσους,
3053 3492 3216 3548 παντὶ
3271 3493 3590 3565 Χριστιανῷ

2004 3597 2338 3668 πρέπουσαν,
2369 3589 2551 3662 πολλῷ
2574 3589 2629 3643 δὲ
2667 3585 2874 3660 μᾶλλον
2902 3586 2998 3640 καὶ
3047 3587 3321 3656 μοναχοῖς.
3355 3584 3511 3639 Ἐπεὶ
3531 3586 3596 3639 δὲ

2004 3687 2177 3754 λέγων
2205 3684 2305 3738 οὐκ
2336 3680 2574 3747 ἔπειθεν,
2601 3677 2738 3734 ἀλλά
2766 3675 2874 3730 τῶν
2899 3673 3067 3730 αὐτοῦ
3092 3674 3274 3744 λόγων
3302 3674 3588 3745 ἰσχυροτέ-

2007 3775 2237 3847 ραν,τὴν
2292 3770 2517 3827 ἐκείνων
2547 3769 2864 3839 ἀπέχθειαν,
2924 3765 3108 3836 ἱκέτης
3167 3765 3331 3829 εὐθὺς
3370 3764 3594 3835 γίνεται

2007 3872 2034 3923 ὁ
2065 3867 2272 3939 ποιμὴν
2312 3864 2422 3919 τῶν
2455 3861 2809 3933 θρεμμάτων,
2847 3861 2875 3913 6
2928 3858 3252 3920 διδάσκαλος
3275 3856 3382 3909 τῶν
3412 3857 3593 3928 μαθη-

2006 3960 2135 4023 τῶν,
2194 3959 2222 4011 ὁ
2260 3956 2441 4027 πατὴρ
2474 3955 2582 4008 τῶν
2634 3953 2866 4017 τέκνων,
2900 3951 2995 4004 καὶ
3055 3950 3113 4003 τὸ
3170 3950 3395 4003 ἐκείνων
3426 3942 3597 4003 καλδν

2010 4051 2168 4114 αὐτὸς
2209 4048 2285 4113 ὼς
2349 4047 2485 4101 ἰδίαν
2512 4044 2837 4117 εὐεργεσίαν
2884 4044 3086 4116 ᾐτεῖτο,
3132 4042 3225 4107 καὶ
3284 4041 3382 4112 τὴν
3436 4041 3602 4095 νόσον

2011 4142 2192 4197 αὐτῶν
2227 4139 2319 4194 καὶ
2379 4139 2441 4193 τὸ
2492 4137 2714 4210 τραῦμα
2744 4137 2773 4190 6
2809 4134 2993 4201 ἰατρὸς
3037 4132 3359 4203 θεραπεύειν
3403 4132 3595 4186 ἐδεῖτο.

2024 4236 2225 4289 Ἐδεῖτο
2251 4235 2308 4288 δὲ
2342 4234 2441 4304 οὐχ
2494 4230 2680 4293 ἁπλῶς
2724 4229 2834 4284 οὐδ’
2879 4228 3265 4300 ἠμελημένως.
3319 4224 3456 4278 ἀλλά
3500 4226 3601 4278 καὶ

2012 4329 2132 4382 λίαν
2162 4326 2417 4397 ἐκθύμως
2443 4323 2538 4377 καὶ
2565 4320 2701 4376 πολὺ
2735 4321 2797 4375 τὸ
2829 4319 3043 4392 μέτρων
3072 4319 3342 4389 εἰσφέρων
3368 4315 3465 4369 καὶ
3502 4333 3603 4368 τα-

2015 4417 2232 4471 πεινόν”
2289 4412 2609 4469 καταϐαλὼν
2653 4411 2763 4481 γὰρ
2793 4410 2985 4463 ἑαυτὸν
3041 4408 3121 4471 εἰς
3164 4407 3358 4474 ἔδαφος
3395 4405 3603 4469 ἔκειτο,

330 4495 648 4516 --πτητη
694 4495 734 4497 η
1122 4495 1134 4502 ,
1393 4495 1420 4503 _

329 4553 451 4592 nem
505 4535 740 4591 atl'erens
785 4542 841 4588 et
876 4531 1261 4588 humilitatem.
1295 4525 1367 4581 Se
1405 4525 1550 4580 enim
1591 4522 1737 4579 humi
1774 4520 1900 4590 deji-

2016 4512 2094 4582 τῴ
2129 4511 2292 4579 σαφεῖ
2344 4509 2444 4577 τῆς
2481 4502 2864 4566 ταπεινώσεως
2912 4499 3177 4573 σχήματι,
3209 4497 3445 4569 μαλάξκι
3504 4514 3605 4549 πι-

327 4630 478 4685 ciens
518 4629 762 4699 iacebat,
807 4631 996 4695 aperta
1048 4621 1217 4691 ligura
1245 4616 1570 4673 humilitatis
1609 4612 1820 4669 mollire
1852 4628 1911 4669 se

327 4722 557 4776 credens
600 4719 854 4774 duritiem
902 4714 1314 4770 inimicitiarum
1351 4727 1365 4764 :
1395 4722 1497 4763 nec
1519 4706 1668 4777 prius
1703 4704 1913 4760 destitit

226 4826 231 4829 ’
329 4827 542 4881 rogare,
575 4828 736 4883 quam
768 4826 954 4865 eorum
984 4809 1168 4863 odium
1202 4804 1477 4868 tuollieril,
1514 4809 1571 4855 et
1598 4814 1715 4865 eos,
1751 4798 1841 4869 qui
1877 4813 1907 4851 a

332 4922 391 4960 sc
427 4907 659 4960 invicem
701 4904 838 4958 male
863 4899 1226 4965 erantdivisi,
1269 4895 1524 4952 amicitia:
1554 4891 1783 4948 vinculis
1802 4890 1913 4947 col-

224 5020 243 5031 ο
334 4998 537 5065 ligarit.

410 5088 499 5145 79.
531 5086 848 5158 Segregavit
876 5085 1111 5155 aliquem
1142 5097 1210 5138 ex
1243 5079 1526 5145 fratribus,
1557 5076 1704 5148 juste
1726 5088 1786 5130 se
1825 5088 1917 5145 ge-

337 5197 489 5248 rens,
520 5195 642 5236 cum
675 5179 825 5250 justo
853 5177 1059 5233 scilicet
1083 5175 1371 5243 conjuncta
1407 5168 1696 5227 clementia
1723 5186 1736 5223 :
1769 5166 1920 5221 vide-

339 5276 431 5329 bat
453 5274 598 5330 enim
640 5273 886 5326 morbum
917 5284 1079 5340 egere
1112 5266 1206 5323 tali
1230 5265 1646 5321 medicamento.
1677 5258 1771 5314 ille
1794 5273 1923 5311 vero

340 5370 483 5422 bona
521 5364 678 5419 malis
709 5370 1081 5423 commutans,
1103 5357 1265 5413 simul
1288 5366 1344 5411 et
1368 5355 1617 5411 ordinent
1647 5350 1919 5415 trausiliit,

338 5471 388 5512 et
422 5458 664 5511 eamdem
692 5467 884 5515 rursus
909 5449 1090 5506 intulit
1119 5463 1334 5520 pmnam
1367 5448 1440 5510 ei,
1461 5447 1551 5516 qui
1584 5442 1722 5499 nihil
1749 5441 1917 5499 habe-
1968 5502 1975 5509 ,

2020 4601 2223 4655 στεύων
2254 4599 2454 4671 ἔχθρας
2486 4593 2830 4658 ἀντιτυπίαν,
2863 4592 2957 4645 καὶ¹
3000 4581 3061 4644 οὐ
3116 4588 3385 4660 πρότερον
3426 4586 3604 4656 ἀνῆκε

2015 4698 2283 4767 δεόμενος,
2344 4695 2448 4756 ἕως
2480 4688 2717 4762 ὲμάλαξέ
2753 4703 2813 4741 τε
2840 4685 2936 4740 καὶ
2965 4684 3026 4737 τὸ
3087 4682 3245 4753 μίσος
3280 4680 3458 4734 αύτῶν
3515 4681 3603 4734 δι-

2016 4791 2265 4850 ελύσατο,
2291 4786 2385 4841 καὶ
2409 4786 2536 4848 τοὺς
2550 4781 2733 4846 κακῶς
2764 4780 3007 4853 ἀλλήλων
3029 4776 3392 4849 διῃρημένους
3415 4773 3606 4844 φιλίας

2017 4885 2237 4955 δεσμοῖς
2272 4877 2588 4948 συνέδησεν.

2092 5064 2188 5118 οϐ’.
2232 5056 2499 5131 Ἀφώρισέ
2533 5073 2657 5109 τινα
2701 5051 2810 5106 τῶν
2854 5047 3119 5117 ἀδελφῶν,
3149 5045 3333 5099 δίκαια
3372 5041 3536 5115 δρῶν,
3570 5042 3605 5110 ἢ

2028 5157 2165 5231 μετά
2190 5154 2281 5209 τοῦ
2312 5152 2521 5207 δικαίου
2549 5146 2752 5220 δηλαδὴ
2776 5146 2871 5199 καὶ⁹
2897 5141 3289 5211 φιλανθρωπαο
3317 5135 3464 5207 ἐώρα
3494 5135 3611 5202 γὰρ

2023 5227 2265 5306 τοιούτου
2316 5245 2609 5316 φαρμάκου
2665 5243 2766 5308 τὴν
2827 5236 2983 5290 νόσον
3043 5232 3373 5304 χρῄζουσαν.
3434 5229 3493 5280 ’0
3551 5227 3610 5281 δὲ

2023 5339 2205 5409 ἀγαθὰ
2238 5338 2429 5398 κακοῖς
2468 5331 2851 5404 ἀμειϐόμενος,
2885 5326 2983 5396 τήν
3011 5340 3065 5377 τε
3104 5321 3257 5386 τάξιν
3289 5317 3425 5391 ὁμοῦ
3458 5332 3612 5386 παρ-

2025 5407 2234 5497 έϐαινε,
2286 5428 2382 5483 καὶ
2414 5426 2516 5497 τὴν
2569 5424 2740 5495 αὐτὴν
2792 5417 3112 5490 ἐπιτίμησιν
3177 5415 3270 5468 ἐπὶ
3304 5410 3381 5484 τῷ
3441 5407 3615 5482 μηδὲν

2032 5595 2083 5647 in
2110 5604 2311 5645 annum
2332 5586 2462 5642 Chr.
2483 5582 2591 5638 59.6
2614 5580 2879 5641 incidunt,
2901 5585 2962 5647 ut
2994 5574 3190 5647 mirum
3215 5571 3347 5647 sita
3377 5567 3615 5647 Barouio

2031 5638 2094 5715 51':
2111 5638 2323 5714 ’έιῖιῖιῖιῖίι
2344 5638 2774 5726 'praecedentem
2827 5638 3069 5726 referri:
3098 5644 3191 5700 sed
3222 5643 3437 5726 videtur
3475 5638 3612 5726 finiti

2031 5708 2521 5798 ζέξρῖίίίίιιίὶειῖέςὶιὶ
2555 5708 2821 5798 decimum
2858 5717 3157 5786 accepisse,
3194 5728 3315 5768 cum
3363 5710 3436 5767 sit
3461 5708 3618 5765 deci-

2030 5823 2058 5855 η
2084 5791 2145 5858 us
2182 5811 2299 5870 post
2324 5797 2609 5868 septimum
2633 5791 2925 5864 expletum.

420 5616 531 5679 {66)
568 5612 807 5679 Contigit
839 5611 926 5665 hic
972 5602 1656 5679 terrmmotus,indictione
1684 5616 1757 5663 tv,
1799 5597 1927 5679 ριχ-

348 5668 636 5743 ἱιιίοίευιο
685 5668 927 5745 (ιὰιιςιιὶιε,
979 5689 1032 5735 ιιι
1096 5678 1257 5732 habet
1317 5673 1659 5728 Marcellinus
1702 5685 1753 5724 tv
1802 5668 1923 5745 Kal.

349 5741 519 5814 .lnnii.
551 5760 638 5808 die
663 5755 887 5807 Vvtn-r's
916 5741 1070 5804 anno
1114 5748 1345 5817 septimo
1371 5753 1427 5799 et
1475 5757 1666 5817 incuso
1715 5741 1925 5817 decium

352 5810 747 5892 I‘cunivlustini,
780 5834 850 5891 put
901 5810 1231 5891 Evagtius'l.
1266 5833 1336 5883 Iv,
1379 5831 1429 5869 (ι.
1472 5812 1524 5876 Ei,
1578 5826 1696 5882 qua:
1736 5810 1916 5864 omnia
