3886 6478
337 383 450 450 545

1263 385 1443 447 VlTA
1484 384 1542 443 S.
1586 382 1966 444 THEODOSI
1979 386 2004 444 Ι
2042 385 2638 449 C(ENOBIARClI/E.

3494 391 3603 457 546

339 494 523 564 ἔχοντι
548 492 849 566 παρόμοιον
883 494 1216 566 ἀντεπῆγεν,
1251 495 1440 568 ῶσπερ
1481 495 1535 550 εί
1587 513 1674 560 τις
1723 497 1789 550 τὰ
1819 497 1923 549 τῶν

2033 498 2121 553 bat
2145 499 2344 564 simile,
2377 499 2601 569 perinde
2622 516 2686 556 ac
2728 502 2772 555 .~i
2805 503 2927 572 quis
2952 502 3166 571 juberct
3189 523 3349 564 sano:
3377 523 3437 564 ca
3467 513 3604 565 loic—

338 578 641 634 νοσούντων
665 581 905 652 ἀνοήτως
937 583 1233 652 ὑπομένειν
1286 585 1572 657 ἐπιτρέπει
1590 588 1717 648 τοὺς
1744 587 1919 653 ὑγιαί-

337 690 566 737 νοντας·
601 674 741 727 ῶστε
794 673 954 741 δῆλον
1004 670 1140 728 εἶναι
1180 677 1270 731 τον
1311 676 1539 747 ἀδελφὸν
1588 676 1682 731 καὶ
1725 677 1921 745 ἑτέραν

339 765 496 817 νίσον
536 764 932 835 χαλεπωτάτην
995 768 1192 833 νοσεῖν,
1245 767 1344 837 τὴν
1400 768 1808 837 ἀναισχυντίαν.
1853 766 1919 819 Τί

338 855 432 909 οῦν
466 854 690 927 όμὲγας
742 859 808 926 τῇ
849 858 1160 929 μετριότητι
1212 860 1306 912 καὶ
1365 858 1443 928 τῷ
1494 858 1741 929 ταπεινῷ
1799 858 1920 911 λίαν

339 947 546 1019 ὑψηλὸς
594 951 690 1002 καὶ
754 949 1043 1021 οὐράνιοςς
1103 949 1318 1019 δέχεται
1365 950 1464 1019 τὴν
1517 950 1803 1021 ἐπιτιμίαν
1846 951 1922 1014 ὡς

338 1041 523 1105 καλῶς
549 1040 874 1112 γενομένην,
914 1042 1011 1095 καὶ
1032 1041 1107 1106 ὡς
1128 1043 1312 1113 χώραν
1343 1043 1432 1095 ἐπ’
1467 1041 1614 1112 αὐτῷ
1665 1041 1918 1112 ἔχουσαν,

340 1134 437 1187 καὶ
458 1136 518 1188 οὐ
543 1135 809 1206 πρότερον
839 1134 948 1189 τῶν
981 1135 1141 1188 θείων
1168 1138 1530 1206 ἐκοινώνησεν
1582 1134 1918 1205 μυστηρίων,

339 1227 446 1292 ἕως
479 1228 643 1292 αὐτος
662 1229 689 1281 ό
712 1227 903 1300 δήσας,
937 1229 1100 1293 αὐτὸς
1135 1227 1246 1299 ἄρα
1275 1230 1368 1282 καὶ
1392 1229 1490 1301 τὴν
1532 1228 1684 1283 λύσιν
1713 1229 1924 1297 ἐπήγα-

338 1314 600 1386 γεν.ιἾΙν
633 1320 740 1391 γὰρ
778 1320 1020 1382 Μωσέως
1074 1318 1335 1390 ἄντικρυς
1369 1318 1637 1390 ζηλωτὴς,
1694 1318 1924 1389 φοϐερὸς

342 1410 442 1478 μὲν
477 1410 571 1463 καὶ
609 1410 988 1482 ἀπαραίτητος
1027 1412 1138 1473 τοῖς
1163 1408 1540 1481 ἁμαρτάνουσι
1576 1408 1713 1479 πρὸς
1766 1406 1921 1473 Θεὸν,

338 1502 593 1574 ἐπιεικὴς
615 1503 674 1556 δὲ
696 1503 816 1557 λίαν
840 1504 933 1557 καὶ
962 1503 1169 1575 ἥμερος
1201 1505 1314 1565 τοῖς
1343 1502 1476 1573 πρὸς
1506 1502 1670 1555 αὑτὸν
1701 1501 1923 1555 πταίου·

342 1612 396 1648 σι
441 1596 876 1668 γνωριζόμενος·
908 1596 985 1660 ὡς
1035 1597 1171 1666 μήτε
1206 1594 1295 1648 διὰ
1335 1594 1399 1649 τὸ
1446 1596 1620 1667 πρᾶον
1680 1595 1921 1648 εὐκατα-

340 1686 631 1758 φρόνητον,
666 1689 805 1759 μήτε
850 1686 930 1757 τῷ
963 1690 1312 1742 παντάπασιν
1369 1685 1629 1757 αὐστηρῷ
1663 1688 1922 1757 φορτικὸν

339 1779 502 1848 εἶναι,
533 1782 628 1834 καὶ
654 1782 923 1851 σωμάτων
953 1781 1135 1853 μόνον,
1166 1781 1226 1833 οὐ
1250 1780 1443 1852 ψυχῶν
1471 1780 1729 1852 ἄρχοντα.
1756 1779 1923 1836 Καλῖ)

2026 604 2168 656 rare,
2198 605 2319 659 qua:
2346 590 2575 644 tolerant
2608 593 2794 662 εῖδει-οιί
2829 612 2844 648 :
2876 595 3013 650 adeo
3044 606 3103 652 ut
3132 598 3204 652 sit
3234 599 3600 665 manifestum,

2027 683 2250 737 fratrem
2275 698 2492 753 quoque
2519 684 2623 740 alio
2642 687 2831 742 morbo
2858 688 3109 747 laborare
3130 695 3389 765 graviori.
3412 709 3605 764 nempe

2026 774 2378 843 impudentia.
2415 774 2553 841 Quid
2582 789 2712 844 ergo
2737 794 2961 848 magnus
2993 782 3331 840 Theodosius
3354 788 3605 840 modera-

2026 867 2171 922 tione
2203 876 2256 922 ct
2281 869 2591 923 humilitate
2613 870 2768 925 Valde
2795 873 3045 928 excelsus
3092 887 3147 930 et
3178 876 3458 933 cmiestis?
3484 878 3607 933 Pte-

2027 977 2149 1014 nam
2192 962 2407 1029 quidem
2431 963 2679 1030 suscipit,
2716 971 2973 1034 tanquam
2996 982 3114 1034 qua:
3146 981 3292 1024 recte
3319 969 3477 1024 fuerit
3504 971 3607 1023 im-

2027 1054 2224 1123 posita,
2245 1064 2297 1109 et
2326 1064 2380 1109 ut
2405 1070 2525 1125 quae
2549 1056 2601 1109 in
2639 1058 2755 1124 ipso
2785 1057 2959 1112 locum
2986 1058 3221 1115 habeat:
3259 1077 3431 1131 neque
3454 1064 3607 1132 prius

2024 1147 2223 1202 divinis
2254 1149 2676 1203 communicavit
2720 1151 3104 1218 sacramentis,
3140 1153 3309 1207 donec
3347 1155 3483 1222 ipse,
3515 1156 3606 1221 qui

2025 1238 2231 1309 ligavit,
2259 1238 2478 1295 induxit
2507 1240 2622 1311 ipse
2652 1256 2870 1311 quoque
2894 1240 3247 1296 solutionem.
3290 1243 3420 1298 Erat
3459 1245 3613 1297 enini

2026 1329 2227 1401 Moysi:
2276 1330 2559 1387 evidenter
2615 1332 2907 1387 imitator:
2948 1333 3211 1388 terribilis
3281 1336 3498 1403 quidem
3565 1346 3619 1388 et

2028 1422 2379 1479 inexorabilis
2409 1424 2498 1489 iis,
2524 1425 2619 1495 qui
2648 1425 2701 1479 in
2740 1426 2911 1479 Deum
2945 1427 3281 1493 peccabant;
3325 1426 3481 1480 valde
3511 1441 3618 1479 au-

2031 1524 2135 1568 tem
2166 1515 2311 1570 mitis
2340 1524 2398 1570 et
2430 1496 2878 1579 inansuetusdis,
2898 1518 2988 1587 qui
3027 1519 3200 1588 ipsum
3226 1516 3569 1573 ollendeliant
3598 1535 3615 1571 :

2029 1606 2167 1661 adeo
2202 1617 2259 1661 ut
2286 1622 2385 1662 nec
2416 1608 2627 1663 veniret
2648 1609 2701 1663 in
2727 1617 3097 1680 contemptum
3128 1619 3437 1680 propterea,
3467 1611 3611 1678 quod

2027 1710 2173 1754 essrt
2205 1701 2355 1756 mitis
2395 1709 2448 1755 et
2498 1711 2852 1770 mansuetus;
2886 1718 2987 1756 nec
3030 1701 3214 1771 gravis
3259 1718 3322 1756 ac
3352 1701 3612 1756 molestus

2029 1798 2168 1843 esset
2194 1798 2416 1859 propter
2445 1792 2667 1844 nimiam
2694 1792 3093 1858 austeritatem,
3123 1802 3180 1847 et
3209 1801 3263 1846 ut
3303 1793 3392 1861 qui
3426 1792 3601 1847 solum

342 1874 574 1946 μὲνγὰρ
607 1874 705 1947 τὴν
737 1849 835 1947 μὲν
889 1849 965 1930 ἐκ*
998 1875 1166 1946 φόϐου
1198 1849 1363 1946 μόνον
1415 1849 1616 1947 ἀρχήν,
1654 1875 1923 1945 σωμάτων

2030 1883 2348 1960 corporibus
2386 1884 2701 1954 imperaret,
2732 1901 2841 1940 non
2861 1886 3079 1942 animis.
3112 1884 3261 1941 Voeo
3279 1886 3447 1952 enim,
3469 1886 3612 1955 quod

339 1968 539 2040 ἀρχὴν,
571 1968 670 2039 τὴν
698 1968 753 2021 δέ
778 1984 840 2038 γε
866 1968 961 2022 καὶ¹
992 1968 1153 2023 πόθον
1195 1962 1644 2039 συγκεκραμένον
1692 1965 1922 2037 ἔχουσαν

339 2059 439 2114 καὶ
467 2058 678 2130 ψυχῶν.
836 2060 841 2065 ’
1574 2062 1583 2070 ’

413 2233 489 2291 π’.
522 2237 597 2289 Ού
630 2237 875 2300 Μωσέως
905 2236 962 2289 δὲ
996 2234 1178 2307 μόνον,
1209 2234 1346 2291 ἀλλὰ
1394 2235 1490 2289 καὶ
1521 2234 1724 2298 παντὸς
1756 2233 1921 2288 ἄλλου

339 2331 401 2383 ’τὸ
430 2330 691 2402 διαφέρον
721 2333 801 2393 εἰς
839 2329 1040 2401 ἀρετὴν
1075 2330 1364 2400 ἐμιμεῖτο·
1410 2323 1523 2381 οἷον
1556 2328 1812 2399 Ἀϐραὰμ
1863 2327 1925 2380 τὸ

340 2423 481 2495 πρὸς
510 2424 687 2478 πάντα
716 2423 837 2495 Θεῷ
860 2422 1198 2494 πειθαρχεῖν,
1230 2423 1325 2476 καὶ
1374 2421 1442 2476 δι’
1470 2423 1679 2476 ἐκεῖνον
1705 2423 1924 2477 πάντων

336 2516 651 2588 ὀλιγωρεῖν,
679 2517 741 2570 οὐ
769 2517 1069 2589 χρημάτων
1097 2515 1304 2581 ἁπλῶς,
1342 2514 1376 2586 ἢ
1409 2515 1691 2587 πατρίδος,
1729 2516 1764 2587 ἢ
1797 2532 1926 2568 συν-

341 2607 494 2681 ήθων
540 2610 632 2663 καὶ
686 2608 990 2678 συγγενῶν,
1044 2607 1179 2662 ἀλλὰ
1215 2608 1310 2661 καὶ
1349 2606 1565 2676 φύσεως
1596 2607 1767 2677 αὐτῆς
1831 2609 1925 2662 καὶ

341 2702 512 2774 ζωῆς.
541 2702 662 2756 Τῶν
691 2702 800 2774 γὰρ
820 2701 884 2775 δὴ
913 2702 1302 2774 προσηκόντων
1331 2702 1393 2755 οὐ
1419 2699 1556 2755 Θεοῦ
1585 2701 1769 2772 μόνον,
1789 2699 1927 2755 ἀλλὰ

342 2794 593 2858 καὶτοὺς
628 2795 771 2847 κατὰ
818 2794 951 2847 Θεὸν
1004 2791 1217 2860 ζῶντας
1263 2794 1450 2864 ἡγεῖτο
1501 2792 1923 2864 προτιμητέους,

262 2901 269 2906 ·
340 2887 439 2942 καὶ
464 2887 697 2956 τούτους,
744 2886 946 2959 μᾶλλον
993 2889 1072 2952 είς
1117 2886 1440 2956 συγγένειαν
1490 2881 1645 2939 εἷλκε
1689 2885 1768 2957 τῷ
1826 2885 1926 2956 τῆς

341 2981 549 3053 ἀρετῆς
579 2980 747 3054 λόγῳ,
785 2982 879 3034 καὶ
913 2981 1011 3053 τῆς
1042 2979 1175 3053 περὶ
1211 2979 1343 3034 αὐτὸ
1385 2978 1625 3048 σπουδῆς
1676 2978 1771 3031 καὶ
1797 2995 1924 3031 συν-

342 3073 602 3138 νεύσεως.
641 3074 835 3128 Ἰσαὰκ
861 3074 960 3145 τὴν
996 3073 1133 3147 πρὸς
1164 3074 1293 3137 τοὺς
1322 3074 1729 3144 πνευματικοὺς
1757 3070 1928 3125 πατέο

344 3186 446 3240 ρας
478 3170 640 3240 μέχρι
686 3170 781 3223 καὶ
816 3168 1050 3223 θανάτου
1081 3166 1349 3239 ὑπακοὴν,
1373 3166 1470 3221 καὶ
1499 3166 1601 3237 τὴν
1631 3163 1926 3236 εύαρεστδν

342 3262 534 3316 θυσίαν
588 3261 754 3315 αὐτοῦ
814 3261 910 3315 τοῦ
972 3259 1247 3332 σώματος.
1313 3258 1511 3314 Ἰακὼϐ
1549 3257 1611 3312 τδ
1651 3257 1925 3313 ἄπλαστον

339 3353 586 3426 ἀκριϐῶς
614 3354 709 3407 καὶ
734 3351 1000 3425 πονηρίας
1030 3352 1214 3424 πάσης
1245 3350 1555 3422 ἐλεύθερον,
1595 3348 1711 3421 (καὶ
1733 3349 1925 3402 τούτου

345 3449 624 3518 μάρτυρες
676 3445 950 3517 ἀξιόχρεοι
989 3445 1106 3498 ὅσοι
1154 3446 1351 3516 πεῖραν
1393 3442 1562 3499 αὐτοῦ
1594 3442 1704 3497 τῶν
1737 3459 1927 3497 συνου-

342 3540 473 3592 σιῶν
492 3541 588 3593 καὶ
621 3540 721 3611 τῆς
750 3538 971 3610 ὁμιλίας
998 3537 1332 3610 εἰλήφασιν).
1372 3536 1620 3591 Ἰωάννου
1659 3536 1760 3608 τὴν
1794 3537 1925 3607 ἐρη-

344 3631 474 3702 μίαν
526 3634 622 3687 καὶ
677 3631 974 3703 ἀτροφίανο
1018 3631 1225 3701 Πέτρου
1258 3630 1321 3683 τὸ
1366 3628 1592 3702 θερμὸν,
1625 3628 1768 3701 μετὰ
1825 3628 1925 3699 τῆς

339 3724 604 3798 ἀκριϐοῦς
652 3724 925 3788 πίστεως’
979 3723 1194 3778 Παύλου
1233 3723 1296 3777 τὸ
1353 3723 1577 3793 ἐνεργὸν
1626 3719 1926 3785 διαπαντὸς

343 3818 484 3885 ὑπὲρ
518 3817 609 3871 τοῦ
658 3816 827 3872 καλοῦ
874 3815 971 3870 καὶ
1006 3814 1426 3887 -ταλαιπωρικὸν
1469 3813 1562 3869 καλ⁹
1604 3813 1924 3885 φερέπονον,

342 3911 439 3964 καὶ
467 3910 529 3963 τὸ
555 3910 734 3963 πᾶσαν
768 3909 967 3981 μικροῦ
996 3911 1095 3979 τὴν
1117 3907 1446 3980 οἰκουμένην
1473 3906 1666 3980 ῶσπερ
1694 3907 1923 3972 ἐκεῖνος,

340 4006 440 4078 τὴν
471 4006 573 4077 μὲν
600 4008 750 4073 ποσὶ,
781 4004 880 4077 τὴν
904 4004 962 4058 δὲ
991 4004 1193 4073 λόγοις,
1228 4003 1330 4075 τὴν
1374 4003 1435 4057 δὲ
1488 4004 1648 4076 φήμῃ
1707 4003 1928 4074 διαδρα-

343 4100 490 4171 μεῖν*
522 4098 620 4151 καὶ
653 4097 940 4150 συνελόντα
969 4097 1160 4166 φάναι,
1193 4091 1284 4152 οἷά
1305 4113 1390 4160 τις
1418 4097 1679 4169 γραφέων
1706 4096 1926 4167 ἄριστος

339 4194 409 4245 τὰ
444 4192 709 4249 κάλλιστα
741 4190 1080 4261 πανταχόθεν
1126 4189 1227 4260 τῆς
1265 4191 1467 4261 ἀρετῆς
1499 4187 1769 4262 χρώματα
1801 4188 1927 4242 συλ-

340 4284 660 4356 λεξάμενος,
684 4285 779 4339 καὶ
816 4283 1058 4355 κεράσας
1085 4280 1169 4350 εὖ,
1197 4282 1507 4354 ἀρχέτυπον
1537 4277 1649 4337 οἷον
1668 4283 1762 4337 τὸν
1796 4283 1927 4336 ἑαυ-

338 4380 435 4436 τοῦ
497 4380 612 4452 βίον
646 4377 932 4432 ἐπαινέσαι
968 4376 1191 4448 μᾶλλον,
1237 4376 1272 4448 ἢ
1337 4376 1685 4448 μιμήσασθαι
1720 4376 1924 4449 ῥᾴδιον,

338 4475 452 4536 τοῖς
480 4472 790 4547 φιλαρὲτοις
820 4470 1178 4542 προέστησεν.

412 4663 529 4712 ποί.
560 4655 697 4710 Οὐδὲ
749 4656 778 4708 ό
805 4653 1122 4726 θαυμαστὸς
1166 4651 1287 4707 Ἰὼϐ
1334 4651 1440 4718 ἔξω
1495 4650 1590 4707 τοῦ
1622 4652 1785 4725 χοροῦ
1813 4652 1923 4707 τῶν

339 4748 489 4821 αὐτῷ
533 4747 853 4819 ληφθέντων
892 4751 974 4810 εἰς
1011 4746 1266 4818 μίμησιν,
1310 4743 1448 4799 ἀλλὰ
1484 4745 1576 4798 καὶ
1604 4744 1773 4798 αὐτοῦ
1823 4743 1922 4815 τὴν

294 4846 299 4850 ’
341 4843 644 4913 ὑπομονὴν,
676 4842 773 4895 καὶ
801 4840 1034 4894 πάντοτε
1091 4839 1212 4909 μὲν,
1248 4837 1385 4907 πρὸς
1425 4836 1506 4910 τῷ
1545 4836 1692 4911 τέλει
1723 4836 1782 4890 δὲ
1828 4838 1924 4891 καὶ

338 4940 672 5009 τρανότερον
723 4934 1053 5006 ἐμιμήσατο.
1103 4932 1259 4986 Ἐπεὶ
1304 4931 1414 5004 γὰρ
1440 4930 1666 5003 ἔμελλεν
1696 4931 1796 5001 ήδη
1830 4929 1923 4984 τὸν

338 5027 682 5100 ἀνθρώπινον
709 5023 1110 5097 ύπεξὲρχεσθαι
1142 5022 1278 5094 βίον,
1340 5023 1436 5077 καὶ
1464 5023 1588 5077 ἀντὶ
1621 5022 1808 5076 κόπων
1848 5013 1924 5075 ὧν

339 5118 500 5188 εἶδεν,
528 5119 766 5191 ἀμοιϐὰς
794 5117 858 5182 ἃς
890 5119 1088 5189 ἡλπισε
1118 5116 1215 5170 καὶ
1266 5115 1571 5181 ἀντιδόσεις
1601 5112 1919 5180 ἀπολαϐεῖν,

339 5215 522 5270 ἔπεισί
574 5231 660 5277 τις
691 5212 842 5283 αὐτῷ
896 5210 1187 5264 τελευταία
1220 5209 1375 5273 νόσος
1428 5209 1526 5264 καὶ
1579 5208 1793 5281 χρονία,
1827 5207 1924 5262 καὶ

337 5309 524 5379 ὀλίγου
552 5308 665 5362 δεῖν
697 5306 820 5361 οὐδὲ
861 5305 965 5376 νέῳ
995 5306 1092 5358 καὶ
1119 5304 1424 5375 ἀκμάζοντι
1446 5304 1659 5375 σώματι
1688 5300 1921 5373 φορητὴ,

337 5405 440 5474 οιχ
467 5403 619 5464 ὅπως
648 5402 891 5471 γήρατος
930 5396 1076 5452 οῦτω
1098 5399 1195 5453 καὶ
1248 5396 1526 5469 φιλαρέτῳ
1578 5394 1923 5464 κακοπαθείᾳ

337 5492 818 5566 κατειργασμένῳ.
853 5489 1041 5562 Ταύτῃ
1081 5506 1164 5544 τοι
1190 5490 1285 5542 καὶ
1311 5488 1435 5543 ὅλον
1469 5486 1719 5542 ὲνιαυτδν
1747 5486 1925 5540 κλινο-

337 5586 509 5659 πετὴς
529 5582 623 5658 ἦν,
671 5586 769 5640 καὶ
798 5583 1013 5646 ὀδύναις
1066 5584 1304 5655 ἀμάχοις
1330 5581 1601 5646 παλαίων,
1654 5580 1750 5635 καὶ
1803 5583 1923 5644 ταῖς

335 5679 619 5742 τοιαύταις
654 5677 867 5749 θλίψεσι
921 5676 1344 5747 πλατυνόμενος.
1409 5675 1543 5727 Τότε
1588 5674 1698 5745 γὰρ
1746 5674 1924 5745 δέρμα

333 5771 432 5825 τοῦ
447 5771 675 5840 λαγόνος
721 5770 811 5824 διὰ
851 5771 950 5842 τὴν
980 5770 1045 5823 ὲκ
1079 5767 1181 5838 τῆς
1213 5766 1370 5821 νόσου
1389 5765 1563 5837 ’τῆξιν
1601 5766 1920 5838 ὑποσυρεὶς,

336 5865 434 5918 καὶ
462 5866 524 5915 τὸ
568 5860 665 5915 τοῦ
699 5861 858 5931 λόγου
893 5861 1051 5924 σκιᾶς
1089 5857 1308 5913 είδωλον
1343 5856 1605 5927 γεγονὼς,
1641 5856 1717 5921 ὡς
1771 5854 1922 5927 αὐτῷ

2027 1988 2091 2028 ex
2120 1984 2263 2031 metu
2287 1978 2506 2045 quidem
2534 1976 2706 2032 solum
2742 1988 2823 2033 est
2849 1978 3162 2047 imperium,
3184 1977 3472 2048 imperium
3491 1993 3616 2032 cor-

2027 2082 2254 2136 porum;
2291 2067 2341 2121 id
2395 2079 2577 2125 autem
2611 2070 2755 2138 quod
2798 2069 3128 2124 desiderium
3180 2084 3396 2141 quoque
3451 2070 3613 2126 habet

2031 2167 2522 2227 contemperatum,
2553 2159 2714 2215 etiam
2754 2159 3083 2214 animorum.

2099 2246 2190 2305 80.
2214 2246 2331 2304 Non
2364 2249 2538 2304 solum
2575 2258 2756 2305 autem
2790 2249 3011 2322 Moysis,
3060 2251 3156 2307 sed
3180 2250 3344 2306 etiam
3377 2251 3613 2321 cujusvis

2027 2340 2256 2396 alterius
2288 2341 2343 2396 in
2374 2340 2576 2397 virtute
2616 2341 2994 2397 excellentiam
3031 2343 3348 2400 imitabatur
3378 2363 3394 2401 :
3424 2354 3614 2416 utpote

2025 2433 2279 2495 Abrahte,
2303 2433 2446 2502 quod
2496 2432 2605 2488 Deo
2637 2444 2858 2501 pareret
2907 2434 2961 2490 in
2993 2435 3268 2503 omnibus,
3326 2447 3380 2492 et
3427 2439 3610 2495 omnia

2028 2534 2251 2593 propter
2279 2524 2434 2579 illum
2467 2532 2869 2591 contemneret,
2924 2543 3029 2583 non
3066 2529 3407 2586 solummodo
3448 2546 3613 2602 pecu-

2030 2614 2172 2669 niam
2212 2625 2305 2669 aut
2334 2615 2590 2685 patriam,
2626 2625 2723 2671 aut
2758 2616 3058 2675 lainiliares
3114 2629 3165 2675 et
3203 2632 3487 2692 cognatos,
3513 2624 3610 2680 sed

2027 2708 2201 2778 ipsam
2251 2723 2470 2780 quoque
2526 2719 2774 2764 naturam
2832 2721 2887 2766 et
2935 2712 3124 2768 vitam.
3153 2713 3412 2784 Cognatis
3441 2717 3609 2784 enim,

2027 2815 2135 2854 non
2184 2798 2355 2855 Deum
2389 2801 2585 2866 solum,
2631 2802 2724 2857 sed
2754 2816 2851 2858 eos
2884 2803 3071 2868 etiam,
3104 2806 3194 2875 qui
3222 2822 3292 2862 ex
3326 2807 3434 2863 Deo
3461 2807 3613 2864 vive-

2028 2891 2179 2960 bant,
2213 2894 2432 2962 putabat
2472 2909 2592 2949 esse
2618 2894 3008 2964 praeferendos,
3039 2906 3093 2950 et
3113 2913 3206 2954 eos
3238 2899 3409 2967 magis
3436 2911 3612 2954 attra-

2030 2986 2188 3057 hebat
2222 2985 2286 3040 ad
2313 2986 2718 3056 cognationem,
2748 2998 2972 3059 propter
3002 2978 3224 3046 virtutis
3260 2991 3526 3050 rationem
3558 3002 3615 3047 et

2030 3076 2192 3131 studii
2221 3084 2277 3131 ct
2307 3076 2621 3140 voluntatis.
2680 3093 2801 3146 quce
2843 3078 2896 3133 in
2955 3078 3095 3134 idem
3129 3079 3431 3136 confertur.
3465 3081 3614 3140 lsaac
3665 3129 3671 3135 .

1950 3203 1996 3267 Ο
2031 3171 2083 3222 in
2115 3169 2428 3239 spiritualcs
2456 3167 2649 3226 Patres
2673 3185 2843 3241 usque
2866 3170 2936 3227 ad
2965 3183 3221 3237 mortem,
3244 3172 3612 3229 obedientiam

2029 3271 2082 3316 et
2134 3262 2249 3332 ejus
2299 3263 2543 3332 corporis
2576 3273 2790 3334 gratum
2842 3272 2897 3320 et
2943 3275 3226 3335 acceptum
3279 3266 3610 3321 sacriﬁcium

2031 3354 2345 3410 imitabatur
2377 3373 2390 3409 :
2418 3354 2590 3411 Jacob
2620 3355 2916 3426 perfectam
2945 3356 3315 3411 sinceritatem
3352 3366 3407 3411 et
3437 3357 3605 3412 liber-

2033 3455 2195 3501 tatem
2223 3447 2292 3502 ab
2319 3447 2469 3502 omni
2496 3447 2850 3519 improbitate
2883 3448 3065 3519 (hujus
3095 3460 3276 3503 autem
3312 3458 3436 3504 sunt
3485 3448 3615 3505 (ἰ.ιεὶ

2030 3538 2174 3608 digni
2212 3546 2400 3605 testes,
2425 3539 2516 3609 qui
2541 3554 2663 3594 cum
2686 3553 2751 3594 eo
2778 3539 3193 3596 consuetudinis
3216 3549 3270 3596 et
3320 3539 3614 3596 familiari-

2030 3631 2159 3687 tatis
2188 3630 2366 3688 fecere
2395 3630 2747 3703 perieulum),
2776 3631 3003 3688 Joannis
3031 3631 3381 3689 solitudinem
3415 3643 3472 3689 et
3493 3633 3613 3690 ine-

2028 3724 2174 3779 diam
2206 3740 2221 3779 :
2270 3723 2441 3793 Petri,
2497 3738 2619 3780 cum
2658 3734 2849 3780 exacta
2878 3724 2982 3781 [ide
3010 3725 3404 3781 vehementiam
3441 3734 3497 3782 et
3521 3741 3613 3782 ar-

2029 3817 2216 3873 dorem
2245 3836 2259 3874 :
2287 3818 2462 3885 Pauli,
2486 3834 2584 3890 pro
2609 3835 2672 3875 eo
2688 3820 2831 3889 quod
2853 3827 2938 3875 est
2957 3820 3268 3887 honestum,
3293 3830 3611 3892 perpetuam

2030 3910 2331 3975 actionem,
2359 3908 2702 3966 alllictionem
2728 3921 2782 3966 et
2811 3912 3185 3983 diligentiam;
3217 3923 3271 3969 et
3314 3916 3457 3985 quod
3486 3930 3613 3984 pro-

2029 4000 2317 4070 pemodum
2343 4001 2659 4057 universum
2689 4002 2876 4058 orbem
2912 4012 3071 4058 terrae
3095 4003 3246 4059 sicut
3267 4003 3384 4071 ille,
3411 4005 3609 4075 partim

2029 4093 2245 4163 quidem
2279 4093 2553 4163 pedibus,‘
2586 4096 2781 4166 partim
2818 4111 2951 4152 vero
2987 4097 3354 4164 sermonibus,
3415 4099 3608 4167 partim

2031 4195 2160 4241 vero
2190 4185 2332 4240 tanta
2356 4188 2658 4258 pervaserit
2684 4205 2699 4244 :
2727 4198 2802 4256 et,
2823 4198 2884 4244 ιιι
2903 4189 3072 4245 semel
3107 4191 3306 4257 dicam,
3339 4191 3613 4262 quomodo

2028 4281 2150 4348 quis
2206 4280 2384 4348 pictor
2431 4281 2946 4351 prastantissimus,
3000 4282 3092 4352 qui
3128 4283 3611 4354 praestantissimos

2029 4370 2247 4425 virtutis
2274 4370 2487 4428 colores
2541 4374 2783 4443 undique
2820 4373 3031 4440 collegit
3090 4382 3146 4428 et
3189 4381 3336 4429 recte
3369 4359 3607 4439 miscuit,

2030 4463 2078 4518 is
2106 4463 2266 4519 veluti
2318 4465 2585 4532 quoddam
2635 4465 2918 4536 exemplar
2970 4480 3123 4520 suam
3166 4465 3356 4531 vitam,
3388 4465 3609 4520 laudatu

1957 4563 2002 4617 Ῑ)
2032 4569 2193 4625 quam
2214 4554 2423 4608 imitatu
2453 4554 2768 4621 faciliorem,
2789 4556 3068 4625 proposuit
3086 4555 3305 4611 virtutis
3327 4557 3607 4611 studiosis.

2095 4644 2185 4701 8|.
2218 4644 2406 4715 Neque
2450 4660 2582 4701 vero
2617 4643 2724 4701 Job
2757 4645 3093 4702 admirabilis
3120 4655 3239 4700 erat
3288 4657 3438 4701 extra
3475 4648 3609 4702 cho-

2027 4754 2147 4793 rum
2175 4754 2387 4805 corum,
2411 4737 2526 4809 "qui
2560 4739 2760 4809 sumpti
2810 4745 2938 4794 sunt
2979 4739 3047 4794 ad
3099 4738 3423 4796 imitandum
3460 4757 3476 4794 :
3514 4740 3608 4796 sed

2026 4833 2145 4903 ejus
2188 4831 2352 4887 etiam
2422 4831 2791 4899 tolerantiam,
2844 4844 3060 4901 semper
3105 4832 3351 4903 quidem,
3398 4833 3451 4887 in
3505 4832 3611 4889 line

2027 4933 2211 4978 autem
2241 4923 2486 4994 apertius
2535 4904 2618 4979 est
2653 4923 2917 4978 imitatus.
2953 4921 3088 4977 Nam
3121 4938 3244 4978 eum
3269 4922 3381 4994 jam
3404 4932 3549 4979 esset
3583 4941 3614 4981 e

2028 5018 2136 5071 vita
2151 5019 2386 5072 humana
2418 5032 2769 5085 excessurus,
2795 5024 2851 5072 et
2880 5031 2980 5088 pro
3012 5016 3101 5083 iis,
3128 5031 3265 5087 quos
3291 5016 3436 5083 tulit,
3462 5016 3615 5073 labo-

2027 5111 2178 5166 ribus
2205 5111 2486 5166 merced'tas
2540 5119 2596 5166 et
2632 5110 3118 5176 remunerationes,
3165 5124 3303 5179 quas
3346 5110 3611 5179 speravit,

2026 5212 2380 5276 accepturus,
2409 5215 2684 5274 postremo
2732 5218 2854 5260 eum
2889 5203 3095 5263 invadit
3126 5201 3350 5259 morbus
3396 5202 3614 5259 diutur-

2027 5312 2152 5364 nus,
2184 5308 2238 5353 et
2270 5297 2661 5367 propemodum
2697 5313 2764 5353 ne
2802 5297 2989 5370 juveni
3040 5295 3259 5367 quidem
3290 5303 3355 5350 ‘et
3392 5294 3565 5350 ﬂoreo
3589 5305 3623 5347 ιι

2025 5390 2239 5460 corpori
2265 5388 2589 5458 tolerabilis,
2616 5390 2814 5446 nedum
2849 5397 2995 5445 tanta
3023 5395 3308 5446 senectute
3335 5389 3607 5452 confecto,

2025 5490 2080 5535 et
2105 5495 2268 5551 quam
2299 5481 2518 5538 virtutis
2578 5498 2743 5539 causa
2792 5489 3131 5554 susceperat,
3165 5480 3477 5538 amictione.
3530 5479 3605 5535 Ea

2027 5575 2095 5633 de
2123 5592 2285 5633 causa
2321 5585 2376 5633 et
2411 5586 2522 5633 toto
2540 5567 2905 5653 annojacebat
2936 5580 2992 5636 in
3027 5578 3191 5644 lecto,
3217 5592 3343 5634 cum
3374 5577 3604 5656 inexpu-

2026 5671 2333 5741 gnabilibus
2358 5671 2658 5747 colluctans
2685 5673 2986 5741 doloribus,
3021 5682 3077 5729 et
3099 5670 3310 5752 talibpsm
3348 5666 3605 5752 dilatatur.

2025 5762 2428 5821 afﬂictionibus.
2466 5765 2623 5822 Tune
2661 5766 2806 5823 enim
2839 5766 2967 5823 tabe
3003 5746 3606 5834 exbaustbsfpelleque

2025 5872 2209 5927 exesa,
2250 5866 2414 5929 atque
2457 5859 2684 5927 umbra},
2723 5867 2781 5914 ut
2831 5858 3051 5928 dicitur,
3078 5854 3434 5916 simulacrum
3475 5851 3606 5912 etre-
