3886 6460
325 346 427 412 hi7

1554 345 1834 405 MENSIS
1873 328 2336 405 immanius.

3493 338 3603 404 E48

323 476 468 521 eius.
506 460 643 514 adeo
673 468 729 512 ut
781 457 912 513 nihil
945 459 993 511 ei
1032 467 1225 526 prm'er
1281 470 1405 510 ossa
1468 456 1906 529 relinqueretur;

2022 455 2183 525 μηδὲν
2216 452 2379 506 πλέον
2414 451 2521 504 τῶν
2552 450 2726 504 ὀστῶν
2776 448 3193 513 ὑπολείπεσθαι,
3251 452 3399 521 ὁμῶς
3448 455 3605 507 οὐδὲν

330 550 467 604 nihil
506 558 683 603 tamen
719 547 900 613 molle,
929 547 1064 602 nihil
1110 543 1397 612 illiberale,
1441 545 1576 600 nihil
1629 546 1909 614 indignum

325 652 421 694 aut
471 641 619 705 fecit,
681 650 775 694 aut
820 649 907 695 est
945 640 1158 694 locutus
1194 652 1259 691 eo
1285 636 1503 707 spiritu,
1534 636 1623 706 qui
1670 638 1763 691 tali
1793 637 1914 690 vita:

326 731 603 786 convenit.
635 729 775 798 Quin
816 730 981 785 etiam
1031 744 1154 784 cum
1184 728 1406 799 quidam
1437 742 1604 783 senex
1639 728 1912 784 intensam

328 838 392 877 ac
435 822 810 877 vehementem
834 821 940 874 vim
962 821 1135 876 morbi
1156 821 1480 889 aspexisset,
1501 828 1556 874 et
1583 834 1631 874 et
1655 821 1912 875 dixisset:

328 918 481 985 Roga
527 916 730 979 Deum;
768 914 907 970 forte
944 914 1089 971 enim
1150 914 1349 968 malum
1404 914 1486 968 sic
1528 914 1781 981 sistetur;
1811 930 1915 968 non

328 1010 507 1061 amico
540 1022 641 1061 nec
668 1008 923 1076 benigno,
947 1015 1007 1058 ut
1033 1004 1262 1070 solebat,
1285 1019 1408 1059 eum
1438 1005 1916 1074 aspectuintuens.

330 1101 407 1155 Ne
429 1112 482 1155 tt:
512 1100 675 1167 milti,
701 1100 897 1169 inquit,
931 1112 963 1152 o
989 1098 1169 1163 Pater,
1195 1098 1490 1167 quidquam
1510 1098 1575 1153 de
1604 1112 1671 1152 eo
1690 1097 1913 1153 dixeris.

327 1192 464 1247 Nam
508 1208 631 1246 cum
683 1208 771 1246 me
815 1205 959 1259 saepe
1006 1190 1142 1245 tales
1191 1189 1487 1245 subiisseot
1536 1191 1916 1260 cogitationes,

328 1285 628 1339 arbitratus
684 1284 783 1337 has
830 1298 951 1338 esse
980 1283 1160 1352 patius
1196 1281 1415 1350 maligni
1465 1283 1715 1348 insidias,
1753 1298 1916 1353 quam

332 1378 643 1440 consilium,
675 1391 772 1430 eas
807 1386 920 1431 toto
955 1376 1138 1430 studio
1189 1376 1384 1445 repuli,
1416 1384 1473 1430 ut
1493 1377 1585 1446 qui
1621 1376 1751 1430 illud
1776 1377 1917 1445 apud

333 1485 419 1525 me
448 1468 839 1538 reputaverim,
896 1468 1039 1538 quod
1093 1469 1377 1537 praesentis
1421 1469 1636 1538 quidem
1666 1469 1790 1524 vitae
1828 1470 1922 1524 bo-

332 1576 526 1615 norum
576 1561 710 1615 satis
762 1560 1292 1629 magnunyfructum
1343 1562 1673 1630 ceperimus,
1734 1571 1792 1617 ut
1821 1562 1915 1630 qui

332 1650 560 1719 gloriam
601 1646 808 1705 scilicet
836 1660 886 1704 et
938 1666 1134 1705 nomen
1166 1652 1335 1706 simus
1364 1654 1663 1708 consecuti.
1695 1651 1922 1723 Oportet

333 1758 465 1811 ergo
523 1744 747 1797 munitio
803 1734 968 1813 afﬂigi
1012 1751 1069 1797 et
1120 1743 1260 1797 mala
1326 1745 1530 1814 perpeti
1595 1752 1650 1799 et
1682 1744 1917 1815 aliquam

2019 547 2284 618 μαλακὸν,
2318 544 2472 599 οὐδὲν
2511 541 2755 611 ἀγεννὲς,
2784 542 2937 596 οὐδὲν
2967 542 3188 608 ἀνάξιον
3245 544 3275 615 ἡ
3310 544 3537 614 ἔδρασεν
3568 546 3603 616 ἢ

2017 639 2318 709 ἐφθέγξατο
2334 636 2429 691 τοῦ
2450 637 2823 709 προσήκοντος
2850 634 2951 707 βίῳ
2967 635 3195 706 τοιούτῳ
3220 638 3574 708 φρονήματος
3589 652 3603 666 °

2016 728 2155 783 ἀλλά
2178 728 2272 781 καί
2302 744 2448 787 τινος
2471 725 2728 795 γέροντος
2758 723 2896 795 πρὸς
2941 724 3004 777 τδ
3038 724 3270 795 σφοδρὸν
3315 728 3415 795 τῆς
3444 726 3607 778 νόσου

2018 818 2111 871 καὶ
2136 816 2521 887 διατεταμένον
2552 812 2870 885 βλέψαντος,
2904 814 3023 878 καὶ,
3052 812 3276 884 δεήθητι
3312 812 3407 866 τοῦ
3442 814 3606 875 Θεοῦ,

2019 910 2157 980 πρὸς
2210 909 2374 962 αὑτὸν
2426 906 2732 979 εἰρηκότος,
2775 909 2916 977 τάχα
2967 907 3077 979 γὰρ
3122 906 3184 960 τὸ
3237 906 3413 961 δεινὸν
3466 906 3611 959 οὕτω

2021 1002 2300 1070 στήσεται,
2343 999 2420 1072 μὴ
2465 1000 2619 1068 φίλον
2649 1000 2856 1062 ἐκεῖνος
2887 998 3022 1070 μηδὲ
3072 996 3214 1051 κατά
3245 998 3305 1050 τὸ
3347 997 3610 1066 σύνηθες.

2019 1092 2245 1163 εὐμενὲς
2278 1091 2581 1161 ἐπιϐλέψας
2609 1106 2623 1120 ⁸
2667 1082 2761 1161 Μὴ
2793 1090 2875 1143 σοί
2928 1107 3012 1159 γε,
3048 1091 3258 1160 Πάτερ,
3282 1090 3411 1158 ἔφη,
3443 1089 3614 1159 μηδὲν

2021 1187 2150 1256 περὶ
2170 1185 2362 1239 τούτου
2385 1200 2398 1214 ⁶
2433 1187 2533 1257 ἐμὲ
2558 1184 2669 1255 γὰρ
2721 1183 2983 1246 πολλάκις
3025 1182 3285 1236 τοιούτων
3322 1182 3612 1251 λογισμῶν

2020 1276 2307 1339 ἐλθόντων,
2341 1276 2635 1345 ἐπιϐουλὴν
2664 1274 2760 1327 τοῦ
2795 1272 3035 1344 πονηροῦ
3067 1276 3128 1326 τὸ
3162 1275 3419 1345 πρᾶγμα,
3470 1274 3614 1343 μᾶλ-

2018 1369 2109 1422 λον
2142 1367 2456 1439 συμϐουλὴν
2489 1362 2975 1436 εἷναιδοκιμάσας,
3010 1365 3108 1437 ὅλῃ
3148 1366 3352 1436 σπουδῇ
3381 1366 3612 1425 τούτους

2018 1461 2445 1533 διεκρουσάμην,
2477 1463 2652 1514 ἐκεῖνο
2689 1456 2975 1513 ὑπολαϐὼν
2997 1450 3072 1520 ὡς
3091 1458 3199 1509 τῶν
3225 1458 3325 1527 μὲν
3348 1456 3443 1509 τοῦ
3470 1466 3616 1527 παρέ-

2025 1556 2177 1621 ὁντος
2237 1555 2351 1626 βίου
2407 1554 2592 1608 καλῶν
2665 1552 2868 1615 ἱκανῶς
2944 1550 3373 1619 ἀπελαύσαμεν,
3446 1549 3612 1617 δόξης

2019 1649 2255 1705 ἐνταῦθα.
2280 1648 2533 1718 τυχόντες
2568 1646 2772 1717 δηλαδὴ
2794 1647 2891 1701 καὶ
2921 1645 3184 1715 ὀνόματος
3208 1659 3227 1713 ζ
3260 1642 3342 1695 δεῖ
3360 1641 3490 1711 γοῦν
3512 1641 3611 1693 καὶ

2024 1742 2413 1812 κακοπαθῆσαι
2448 1741 2692 1806 πάντως,
2738 1741 2830 1793 καί
2861 1757 2981 1794 τινα
3006 1741 3205 1809 μοῖραν
3246 1736 3391 1805 ἔχειν
3447 1734 3610 1798 ἀξίαν

336 1835 539 1888 habere
564 1844 794 1903 partem,
827 1850 946 1904 qua!
988 1834 1142 1903 digna
1166 1836 1237 1889 sit
1266 1853 1351 1899 ea,
1384 1850 1502 1905 quae
1528 1836 1757 1901 estillie,
1790 1853 1914 1892 con-

2022 1833 2118 1899 τῆς
2143 1833 2259 1885 ἐκεῖ
2282 1811 2703 1902 παρακλήσεως,
2733 1830 2807 1902 μὴ
2837 1831 2931 1884 καὶ
2963 1830 3100 1900 πρὸς
3128 1829 3276 1901 ἡμᾶς
3309 1828 3489 1880 έκεῖνο
3517 1826 3611 1879 1s-

331 1927 632 1995 solatione;
702 1943 769 1982 ne
826 1926 980 1982 nobis
1011 1941 1226 1996 quaque
1263 1930 1455 1983 merito
1521 1929 1650 1983 illud
1684 1930 1917 1995 dicatur,

331 2021 472 2088 quod
506 2021 657 2071 diviti
688 2019 893 2072 dictum
923 2028 1045 2072 est:
1089 2017 1380 2084 Perrepisti
1422 2020 1557 2073 bona
1600 2028 1690 2073 tua
1731 2020 1783 2073 in
1815 2021 1920 2073 vita

332 2121 423 2162 tua
475 2112 543 2166 ”.
605 2110 698 2165 llis
750 2112 990 2176 auditis,
1062 2128 1121 2167 se
1167 2112 1454 2165 abscondit
1501 2127 1689 2180 senex,
1730 2122 1922 2167 etnec

332 2201 560 2253 habebat
617 2200 836 2271 quidem
906 2200 1129 2255 omnino
1171 2203 1311 2271 quod
1380 2211 1567 2257 saneto
1624 2205 1920 2275 responde-

334 2297 434 2341 ret.

404 2376 493 2433 8:2.
528 2381 778 2435 Ceterum
803 2378 946 2435 illius
995 2381 1275 2452 patientia:
1308 2391 1361 2435 et
1392 2383 1701 2437 tolerantia:
1751 2382 1916 2437 multa

334 2469 553 2540 quidem
589 2482 717 2525 sunt
759 2472 860 2526 alia
890 2488 1105 2543 quoque
1132 2474 1324 2543 signa;
1356 2483 1521 2527 testes
1552 2485 1733 2528 autem
1792 2487 1920 2530 sunt.

333 2561 635 2632 ii‘quoque,
667 2563 758 2633 qui
802 2564 853 2617 in
893 2574 1134 2633 tempore
1159 2564 1491 2619 infirmitatis
1520 2567 1567 2619 ei
1596 2567 1917 2631 inserviere,

332 2654 474 2720 quod
529 2654 662 2709 niltil
702 2671 765 2711 cx
795 2657 990 2710 animae
1026 2655 1435 2724 operationibus
1464 2671 1492 2711 a
1530 2661 1719 2713 morbo
1755 2659 1920 2714 fuerit

331 2744 380 2796 ei
413 2759 743 2816 surreptum,
771 2763 868 2801 nec
919 2748 970 2801 in
1010 2763 1195 2802 amore
1233 2748 1537 2804 divinorum
1577 2751 1917 2821 eloquiorum

332 2834 449 2904 ipse
502 2840 723 2893 omnino
765 2840 943 2908 seipso
972 2842 1119 2894 visus
1151 2842 1222 2893 sit
1246 2832 1496 2903 inferior,
1530 2854 1620 2896 aut
1650 2843 1915 2912 frigidior.

330 2930 427 2984 Est
471 2939 647 2984 autem
693 2933 795 2985 hoc
840 2947 1056 3000 quoque
1115 2933 1327 3002 signum
1382 2934 1722 2990 vehementis
1779 2936 1920 2991 illius

329 3037 510 3075 rerum
549 3017 853 3075 divinarum
910 3023 1294 3078 meditationis.
1338 3022 1469 3076 Nam
1494 3025 1592 3077 etsi
1616 3025 1754 3078 illius
1784 3041 1920 3079 ocu-

328 3111 414 3166 lus
447 3128 698 3166 somnum
755 3129 894 3182 szepe
954 3116 1210 3183 gustavit,
1263 3124 1446 3183 utpote
1488 3114 1656 3169 flexus
1715 3117 1783 3170 ah
1830 3132 1915 3180 ea,

335 3219 456 3273 qua:
487 3207 669 3257 omnia
716 3207 904 3268 vincit,
947 3215 1177 3269 natura;
1230 3218 1284 3259 at
1336 3205 1453 3275 ejus
1500 3208 1716 3276 quidem
1773 3221 1919 3265 certe

338 3295 486 3350 labra
507 3295 799 3363 faciebant,
830 3300 972 3367 quod
1005 3310 1422 3353 consueverant.
1459 3300 1724 3365 Quocirca
1755 3305 1914 3355 etiam

329 3387 567 3451 interim,
601 3390 728 3442 dum
762 3406 788 3442 a
818 3406 1010 3445 somno
1038 3400 1307 3460 surgeret,
1339 3394 1611 3445 canticum
1642 3393 1707 3445 ad
1753 3395 1915 3448 lteum

330 3485 825 3548 coinpi-eltemlebat
851 3484 1019 3539 labris
1050 3503 1063 3539 :
1098 3490 1232 3539 adeo
1274 3496 1332 3538 ut
1362 3486 1506 3556 quod
1543 3487 1673 3539 dicit
1701 3488 1917 3542 divinus

330 3572 519 3636 David,
555 3576 607 3628 in
643 3591 707 3629 eo
738 3576 1055 3646 impleretur
1093 3592 1106 3628 :
1156 3576 1223 3629 Et
1255 3588 1410 3631 noctu
1471 3578 1738 3631 canticum
1798 3580 1912 3648 ejus

327 3676 402 3718 est
427 3665 566 3734 apud
595 3682 674 3721 me
700 3660 767 3718 '°.

2021 1923 2176 1996 χθείη
2197 1923 2447 1986 δικαίως,
2474 1920 2504 1976 ὃ
2526 1922 2620 1975 καὶ
2660 1922 2795 1990 πρὸς
2826 1921 2916 1974 τὸν
2960 1919 3216 1974 πλούσιον
3258 1919 3474 1989 εἴρηται
3522 1916 3608 1999 τὸ,

2032 2016 2361 2081 Ἀπέλαόες
2410 2014 2483 2069 τὰ
2516 2012 2708 2083 ἀγαθά
2744 2029 2862 2068 σου
2899 2014 2970 2067 ὲν
3014 2011 3089 2081 τῇ
3125 2010 3236 2080 ζωῇ
3274 2027 3413 2064 σου.
3461 2010 3611 2079 Πρὸς

2020 2111 2193 2163 ταῦτα
2231 2112 2321 2163 τὸν
2357 2108 2589 2179 γέροντα
2624 2106 3044 2176 ἐγκαλύψασθαι
3095 2107 3189 2159 καὶ
3253 2104 3420 2175 μηδὲν
3461 2104 3611 2174 ἔχειν

2020 2202 2156 2265 ὅλως
2188 2200 2379 2271 ἥντινα
2409 2200 2549 2271 πρὸς
2582 2200 2673 2253 τὸν
2707 2201 2853 2253 ὅσιον
2901 2200 3184 2270 ποιήσεται
3224 2197 3323 2268 τὴν
3373 2197 3614 2268 ἀπόκρυ-

2021 2310 2129 2347 σιν.

2091 2386 2201 2457 πβ⁹.
2239 2384 2387 2454 Πλὴν
2412 2384 2548 2439 ἀλλὰ
2581 2384 2680 2454 τῆς
2713 2384 2990 2456 ὑπομονῆς
3020 2383 3231 2438 ἐκείνου
3274 2383 3369 2436 καὶ
3408 2400 3613 2453 καρτεο

2023 2477 2164 2549 ρίας,
2205 2475 2376 2529 πολλὰ
2408 2476 2506 2546 μὲν
2559 2475 2655 2529 καὶ¹
2682 2474 2816 2528 ἄλλα
2857 2474 3135 2545 τεκμήρια
3160 2490 3177 2506 ’
3220 2475 3500 2546 μάρτυρες
3525 2473 3611 2539 δὲ,

2020 2571 2115 2621 καὶ
2151 2568 2200 2619 οἱ
2234 2567 2375 2622 κατά
2400 2567 2492 2621 τὸν
2521 2566 2622 2636 τῆς
2657 2566 2968 2638 ἀρρωστίας
3001 2566 3193 2636 καιρὸν
3231 2568 3420 2637 χεῖρας
3455 2565 3614 2636 αὐτῷ

2023 2659 2405 2733 ὑπηρετούσας
2438 2658 2876 2728 εἰσενεγκόντες,
2898 2659 2982 2711 ὅτι
3020 2659 3187 2729 μηδὲν
3211 2660 3351 2731 μήτε
3379 2659 3482 2723 τὰς
3507 2658 3613 2729 τῆς

2020 2752 2300 2823 ἐνεργείας
2336 2752 2443 2805 ὑπὸ
2500 2752 2602 2821 τῆς
2649 2751 2807 2804 νόσου
2867 2752 3273 2823 παραϐλαϐείη,
3319 2753 3459 2823 μήτε
3517 2749 3613 2805 τὸν

2021 2843 2200 2916 ἔρωτα
2218 2843 2325 2896 τῶν
2336 2842 2497 2897 θείων
2512 2841 2714 2911 λογίων
2731 2843 2893 2907 αὐτὸς
2908 2844 3086 2913 ἦττων
3100 2844 3227 2912 ὀφθε
3240 2845 3314 2915 ξη,
3334 2843 3457 2914 μηδ’
3472 2845 3614 2907 ὅλως

2022 2935 2217 2990 ἑαυτοῦ
2248 2938 2341 2989 καὶ
2380 2935 2737 3006 ψυχρότερος.
2774 2936 3010 3005 Σημεῖον
3052 2935 3110 2987 δὲ
3162 2936 3255 2988 καὶ
3307 2934 3465 2988 τοῦτο
3510 2937 3613 3004 τῆς

2023 3029 2225 3096 πολλῆς
2259 3028 2469 3080 ἐκείνου
2512 3028 2642 3096 περὶ
2672 3030 2740 3078 τὰ
2771 3025 2892 3079 θεῖα
2926 3025 3281 3097 θερμότητοέ,
3317 3028 3413 3080 καὶ
3445 3029 3611 3095 μελέ-

2022 3139 2143 3193 της.
2178 3122 2240 3174 Et
2280 3123 2387 3193 γὰρ
2431 3122 2527 3175 καὶ
2574 3119 2851 3189 ὀφθαλμὸς
2915 3120 3065 3190 αὐτῷ
3118 3122 3287 3174 ὕπνου
3345 3120 3613 3184 πολλάκις

2023 3214 2302 3283 γεύσαιτο,
2337 3213 2610 3284 καμφθεὶς
2635 3213 2740 3266 ὑπὸ
2768 3212 2865 3282 τῆς
2895 3214 3072 3266 πάντα
3105 3213 3342 3284 νικώσης
3369 3212 3611 3283 φύσεως,

2023 3301 2162 3372 πλὴν
2214 3301 2352 3355 ἀλλά
2405 3304 2473 3353 τι
2531 3300 2686 3371 χείλη
2746 3300 2876 3369 γοῦν
2929 3303 2997 3353 τὰ
3036 3301 3232 3354 ἑαυτοῦ
3278 3303 3345 3355 τὰ.
3402 3303 3612 3375 συνήθη

2024 3396 2199 3446 ποιεῖν
2229 3388 2327 3465 ἦν·
2360 3392 2442 3445 διδ
2476 3396 2571 3445 καὶ
2611 3392 2814 3462 μεταξὺ
2853 3394 3142 3464 ἀναφέρων
3166 3395 3275 3447 ἀπὸ
3313 3392 3407 3447 τοῦ
3436 3394 3612 3448 ῦπνου

2020 3486 2120 3555 τὴν
2153 3487 2287 3558 πρὸς
2318 3486 2450 3537 Θεὶν
2483 3486 2627 3556 ᾠδὴν
2670 3488 2727 3538 ὲν
2757 3488 2867 3549 τοῖς
2921 3488 3126 3557 χείλεσι
3159 3488 3610 3558 κατελάμϐανεν,

2021 3581 2162 3634 ῶστε
2186 3580 2246 3632 τὸ
2268 3579 2359 3632 τοῦ
2390 3578 2536 3633 θείου
2576 3578 2760 3649 Δαϐὶδ,
2789 3580 2969 3643 καλῶς
3013 3585 3108 3634 καὶ
3156 3582 3243 3635 ἐπ’
3270 3582 3419 3654 αὐτῷ
3468 3581 3614 3653 πλη-

2023 3672 2267 3744 ροῦσθαι,
2299 3670 2380 3736 τὸ,
2412 3670 2517 3725 Kal
2549 3672 2770 3737 νυκτὸς
2807 3670 2931 3740 ᾠδὴ
2959 3672 3146 3727 αὐτοῦ
3175 3674 3314 3742 παρ’
3341 3674 3498 3744 ἐμοί.

1796 3844 2023 3902 CAPUT
2066 3842 2207 3898 XlX.

1573 3958 1742 4027 Mors,
1777 3962 2071 4028 sepultura,
2096 3960 2378 4015 miracula.

402 4069 493 4124 85.
532 4066 704 4125 Porro
753 4079 935 4124 autem
985 4070 1158 4125 multa
1200 4088 1416 4144 quoque
1456 4076 1640 4130 dicunt
1688 4093 1810 4131 eum
1859 4078 1910 4132 in

325 4173 500 4217 morte
530 4165 827 4231 divinasse,
858 4166 1026 4220 multa
1066 4175 1245 4221 autem
1287 4171 1452 4222 etiam
1496 4172 1915 4238 praedixisse'de

323 4251 545 4317 futuris,
578 4268 674 4322 per
725 4252 987 4324 Spiritum
1015 4255 1107 4324 qui
1142 4255 1192 4308 in
1226 4256 1341 4322 ipso
1370 4258 1736 4311 coltahitabat.
1777 4257 1911 4312 Nam

324 4359 446 4397 cum
483 4359 606 4398 eum
655 4346 1067 4401 circumsistens
1117 4356 1261 4402 totus
1293 4359 1466 4403 cattus
1530 4349 1911 4415 fraternitatis,

323 4433 504 4501 specie
557 4438 778 4504 quidem
812 4436 982 4504 illmn,
1016 4453 1206 4492 revera
1246 4448 1424 4493 autem
1475 4441 1711 4511 seipsum
1747 4458 1914 4496 unus-

2093 4081 2208 4145 πγ’.
2242 4075 2422 4129 Πολλὰ
2457 4076 2558 4149 μὲν
2587 4076 2680 4132 οὖν
2724 4078 2819 4132 καὶ
2858 4080 2917 4131 ἐν
2970 4080 3037 4151 τῇ
3086 4080 3312 4153 τελευτῇ
3349 4100 3483 4151 φασι
3518 4086 3615 4139 τὸν

2018 4169 2188 4239 ἄνδρα
2217 4169 2553 4233 ὲπιθειὰσαι,
2583 4170 2753 4223 πολλὰ
2783 4171 2840 4223 δὲ
2866 4171 2961 4225 καὶ
2985 4174 3243 4244 περὶτῶν
3277 4173 3613 4245 μελλόντων,

2017 4258 2107 4310 διὰ
2140 4258 2232 4310 τοῦ
2290 4258 2665 4324 συνοικοῦντος
2717 4260 2867 4331 αὑτῴ
2930 4262 3248 4333 Πνεύματος
3298 4271 3615 4335 προειπεῖν.

2033 4349 2265 4418 Ἐπειδὴ
2291 4351 2400 4421 γὰρ
2425 4353 2783 4422 περιστάντες
2810 4354 2972 4408 αὑτὸν
3018 4358 3128 4409 πᾶν
3158 4357 3215 4410 τὸ
3253 4358 3352 4430 τῆς
3382 4360 3621 4430 ἀδελφό-

2018 4459 2181 4512 τητος
2209 4443 2509 4515 πλήρωμα,
2538 4445 2616 4516 τῷ
2653 4447 2750 4517 μὲν
2784 4447 2962 4501 δοκεῖν
2989 4450 3220 4516 ἐκεῖνον,
3269 4453 3336 4522 τῇ
3369 4452 3426 4504 δὲ
3475 4454 3619 4524 ἀλη-

323 4523 557 4592 quisque
581 4524 834 4589 deflebat,
865 4535 921 4579 ut
952 4526 1042 4594 qui
1072 4527 1230 4580 talem
1258 4528 1469 4582 Patrem
1502 4531 1799 4596 amitteret,
1820 4533 1911 4602 qui

2022 4533 2140 4605 θεία
2174 4535 2404 4600 ἕκαστος
2434 4539 2628 4592 ἑαυτὸν
2677 4540 3001 4606 ἀπεδύρετο,
3064 4543 3285 4614 Πατέρα
3340 4546 3614 4612 τοιοῦτον,

317 4629 412 4670 eos
450 4616 502 4669 in
550 4616 767 4671 Christo
817 4618 1006 4687 genuit
1053 4633 1122 4672 ex
1174 4617 1322 4672 Pauli
1366 4623 1667 4689 sententia,
1709 4627 1912 4692 quique

319 4710 621 4764 carnalium
654 4723 868 4781 patrum
894 4713 1105 4766 viscera
1128 4713 1283 4781 longe
1307 4715 1671 4771 vincebatsua
1706 4719 1756 4771 in
1788 4720 1911 4775 illos

321 4800 628 4866 affectione,
655 4811 709 4858 et
738 4819 864 4857 cum
897 4819 1003 4871 quo
1060 4818 1169 4857 una
1223 4805 1545 4859 titaluissent
1574 4808 1825 4874 deficere,
1862 4812 1905 4864 si

324 4889 439 4944 fieri
495 4894 783 4960 potuisset,
842 4907 1005 4963 quam
1051 4907 1174 4948 eum
1221 4894 1406 4948 videre
1458 4897 1831 4953 excedentem.
1861 4899 1910 4954 Is

319 4992 503 5036 autem
539 4999 661 5036 cum
710 4997 807 5037 eos
841 4985 975 5038 satis
1023 4993 1169 5038 esset
1201 4983 1543 5051 adhortatus,
1587 4996 1644 5042 ut
1697 4988 1749 5042 in
1789 4990 1907 5046 loco

317 5083 721 5140 permanerent,
750 5084 803 5129 et
833 5086 889 5130 ut
937 5076 1258 5144 ingruentes
1294 5082 1622 5135 tentationes
1648 5082 1714 5137 ad
1752 5082 1911 5139 linem

319 5178 495 5231 usque
529 5165 745 5220 fortiter
777 5167 1008 5235 ferrent,
1057 5177 1112 5222 et
1136 5180 1196 5223 ut
1230 5168 1311 5223 eis
1336 5170 1751 5241 obedirent,qui
1795 5184 1915 5244 post

321 5254 496 5321 ipsum
531 5254 812 5324 praefuturi
846 5268 1030 5312 essent.
1083 5262 1452 5328 monasterio;
1490 5272 1544 5317 et
1572 5264 1915 5333 praedixisset

314 5350 518 5428 omnia,
580 5364 701 5417 quae
744 5362 904 5405 erant
940 5364 1224 5420 eventura,
1255 5358 1349 5411 dat
1393 5358 1474 5411 eis
1504 5358 1634 5412 illud
1660 5360 1903 5430 signum,

315 5440 459 5507 quod
496 5441 659 5494 finem
681 5452 869 5496 essent
900 5454 1187 5511 acceptura
1212 5461 1297 5513 ea,
1333 5463 1453 5518 quae
1485 5449 1627 5505 dicta
1660 5459 1808 5506 sunt.
1847 5452 1905 5508 Si

314 5527 459 5580 enim
500 5538 622 5598 post
662 5543 866 5598 meum,
904 5532 1099 5602 inquit,
1151 5535 1438 5593 decessum
1494 5540 1739 5597 videritis
1773 5543 1906 5599 mibi

313 5629 531 5685 gregem
604 5619 812 5688 augeri,
847 5630 903 5675 et
933 5637 1041 5692 quo
1083 5624 1257 5696 magis
1316 5636 1529 5699 tempus
1553 5636 1904 5703 processerit,

390 5768 436 5803 ³⁸
471 5769 607 5826 Luc.
668 5788 785 5840 xvi,
813 5775 906 5831 ‘25.
1020 5779 1067 5812 “
1088 5779 1224 5837 Psal.
1251 5798 1324 5847 LI,
1356 5782 1408 5839 9.

2016 4628 2141 4696 φεῦ,
2178 4629 2596 4695 ἀποϐάλλοντες,
2648 4632 2704 4696 ὃς
2737 4635 2795 4686 ἐν
2824 4636 3047 4707 Χριστῷ
3100 4640 3244 4691 κατὰ
3273 4639 3482 4692 Παῦλον
3512 4642 3620 4693 αὑ-

2013 4718 2139 4779 τοὺς
2159 4719 2441 4788 ἐγέννησε,
2470 4721 2648 4791 πολλῴ
2693 4725 2969 4794 σαρκικῶν
3003 4726 3253 4796 πατέρων
3321 4726 3617 4797 σπλάγχνα

2012 4814 2079 4881 τῇ
2124 4813 2260 4883 πρὸς
2287 4814 2533 4897 ἐκείνους
2563 4816 2799 4869 νικῶντα
2826 4816 3206 4889 φιλοστοργία,
3230 4820 3323 4873 καὶ
3354 4821 3611 4873 συνεκλισ

2013 4903 2134 4953 πεῖν
2162 4903 2313 4972 αὐτῷ
2339 4904 2563 4973 μᾶλλον,
2606 4907 2766 4977 εἴπερ
2798 4904 2908 4961 οἶόν
2953 4925 3014 4961 τε
3038 4906 3128 4981 ἦν,
3170 4912 3202 4981 ἦ
3257 4911 3615 4981 ἐπιδημοῦντα

2028 4996 2156 5049 ἰδεῖν
2208 4997 2517 5053 ἰϐούλοντο.
2565 5001 2623 5053 ’0
2676 5001 2733 5054 δὲ
2768 5002 2968 5063 ἱκανῶς
3022 5004 3204 5067 αὐτοῖς
3259 5008 3615 5076 παραινέσας

2022 5088 2287 5160 ἐπιμονὴν
2322 5091 2422 5161 τὴν
2447 5093 2508 5143 ἐν
2539 5091 2616 5163 τῷ
2646 5094 2817 5163 τόπῳ,
2850 5094 3174 5164 πειρασμῶν
3196 5112 3258 5147 τε
3288 5096 3395 5149 τῶν
3434 5098 3617 5166 ἐπερ-

2020 5180 2267 5248 χομένων
2308 5182 2436 5251 ἄχρι
2465 5183 2561 5236 καὶ
2586 5184 2738 5246 τέλος
2770 5185 3075 5254 ὑπομονὴν,
3116 5186 3201 5239 ἔτι
3226 5204 3287 5254 γε
3328 5188 3437 5257 μὴν
3464 5189 3612 5258 πρὸς

2020 5272 2147 5334 τοὺς
2182 5274 2299 5341 μετ’
2328 5274 2493 5327 αὐτὸν
2526 5275 2624 5341 τῆς
2656 5277 2825 5346 μονῆς
2851 5262 3294 5348 ἐξηγησομένους
3328 5278 3607 5351 ὑπακοὴν,

2013 5362 2194 5416 πάντα
2231 5380 2290 5416 τε
2320 5364 2390 5416 τὰ
2418 5366 2853 5437 καταληψόμενα
2893 5370 3196 5440 προειπὼν,
3247 5373 3476 5441 σημεῖον
3508 5374 3611 5427 αὖ.

2014 5457 2126 5517 τοῖς
2154 5455 2247 5508 τοῦ
2288 5460 2382 5509 καὶ
2415 5458 2590 5528 πέρας
2624 5462 2694 5513 τὰ
2740 5461 3012 5531 εἰρημένα
3058 5461 3246 5517 λαϐεῖν
3294 5464 3483 5518 ἐκεῖνο
3526 5465 3612 5518 δί-

2014 5544 2202 5598 δωσιν.
2234 5546 2297 5599 ΕΞ
2336 5548 2435 5618 μὲν
2481 5551 2591 5621 γὰρ
2622 5552 2761 5622 μετὰ
2812 5553 2910 5623 τὴν
2948 5552 3110 5624 ἐμὴν,
3166 5552 3294 5624 ἔφη.
3339 5554 3610 5628 τελευτὴν

2014 5639 2383 5711 αὐξανόμενόν
2411 5659 2503 5713 μοι
2532 5645 2595 5697 τὸ
2629 5643 2884 5717 ποίμνιον
2920 5645 3091 5716 ῑδητε,
3124 5648 3218 5702 καὶ
3250 5649 3363 5720 ὅσῳ
3397 5653 3606 5706 πᾶλλον
