3886 6488
264 343 375 409 ἓυὶθ

1223 333 1399 394 νηὶλ
1445 333 1503 391 S.
1541 325 1870 390 TIIEODOS

1999 325 2344 390 C(ENOBIA
2357 331 2599 391 RCIHE.
3420 330 3528 394 550

268 465 296 513 ό
331 456 521 528 χρόνος
564 451 763 523 προῖοι,
796 446 1037 517 τοσούτῳ
1075 444 1259 516 μεῖζον
1294 444 1489 497 ἑαυτοῦ
1517 441 1610 495 καὶ
1667 440 1845 508 κρεῖτ-

1979 452 2108 495 anto
2160 459 2218 497 se
2251 442 2509 512 majorem
2557 443 2787 528 evadere
2821 452 2873 497 et
2925 441 3223 510 meliorem,
3271 453 3397 499 tunc
3425 445 3548 498 dico

266 567 361 604 τον
388 547 693 618 γινόμενον,
732 541 935 613 χρῆναι
966 537 1271 608 τηνικαῦτα
1297 537 1438 607 φημὶ
1461 534 1557 588 καὶ
1592 534 1719 602 περὶ
1745 532 1853 585 τῶν

268 643 448 697 ἄλλων
476 635 764 697 εὐέλπιδας
790 633 932 704 ὑμᾶς
970 627 1140 685 εἶναι.
1174 629 1235 683 Εἰ
1262 627 1319 680 δέ
1353 626 1425 698 μὴ
1466 625 1637 680 ταῦτα
1664 624 1853 678 τοῦτον

271 734 385 800 ἕξει
430 730 521 784 τὶν
548 728 769 798 τρόπον,
823 722 1047 795 εὔδηλον
1078 723 1159 775 ὅτι
1194 721 1368 791 πέρας
1392 716 1514 773 οὐδὲ
1566 718 1634 770 τά
1665 715 1852 769 λειπό-

275 845 413 901 μενα
431 825 685 895 λήψεται.

228 913 237 920 ’
344 916 449 971 πδ’.
484 918 667 986 "Amp
695 916 744 969 ει
785 914 928 969 κατὰ
957 912 1057 976 τὰς
1086 908 1253 965 αὐτοῦ
1306 905 1646 978 προρρήσεις
1686 901 1848 971 ἐξέϐη

274 1012 369 1066 και
397 1011 551 1074 τέλος
580 1008 824 1079 εἴληφεν,
876 1004 1014 1059 αὐτά
1060 1002 1166 1073 πρὸ
1223 1000 1332 1054 τῶν
1367 997 1544 1052 ἄλλων
1579 996 1853 1067 μαρτυρεῖ

273 1103 340 1157 τά
359 1100 613 1174 δρώμενα
635 1116 649 1130 ο
686 1097 916 1169 μέγεθός
971 1113 1030 1149 τε
1062 1093 1170 1148 τῶν
1199 1091 1302 1161 τῆς
1343 1088 1514 1160 μονῆς
1567 1086 1850 1155 οίκοδομηυ

279 1197 485 1265 μάτων,
531 1192 629 1247 καὶ
668 1191 872 1264 πλῆθος
908 1188 1016 1243 τῶν
1071 1184 1448 1248 ἐνοικούντων,
1510 1176 1605 1233 και
1654 1174 1717 1232 τὸ
1756 1177 1857 1246 τῆς

274 1286 474 1356 ἀρετῆς
495 1284 677 1338 αὐτῶν
705 1279 1110 1353 άπαράμιλλον.
1145 1276 1257 1347 Τὴν
1295 1274 1352 1327 δὲ
1379 1273 1443 1342 δὴ
1474 1269 1657 1336 ζῶσαν
1708 1267 1856 1321 ἐκεί-

275 1396 368 1430 νου
407 1377 565 1443 δόξαν
595 1375 686 1429 καὶ
720 1374 859 1445 μετὰ
890 1372 979 1426 τὸν
1011 1371 1265 1434 θάνατον,
1300 1366 1395 1419 καὶ
1429 1366 1531 1434 ὅση
1567 1361 1644 1431 τῷ
1701 1359 1860 1429 ἀνδρὶ

275 1468 411 1537 πρὸς
442 1467 576 1519 Θεὸν
598 1464 904 1537 παρρησία,
941 1463 1090 1526 τίνες
1132 1460 1198 1535 ἂχ
1250 1459 1400 1513 ἄλλοι
1452 1455 1638 1524 σαφῶς
1677 1470 1859 1522 παρα-

277 1557 558 1626 στήσαιεν,
585 1555 618 1625 ἢ
644 1552 915 1623 ὀφθαλμοὶ
944 1551 1043 1622 μὲν
1093 1548 1334 1618 τυφλῶν,
1372 1547 1532 1609 πόδες
1560 1546 1616 1599 δὲ
1646 1543 1858 1614 χωλῶν,

275 1648 376 1700 καὶ
410 1649 596 1718 χεῖρες
635 1647 745 1699 τῶν
788 1644 993 1707 ταύτας
1021 1643 1129 1715 πρὸ
1163 1642 1271 1694 τῶν
1297 1640 1474 1711 εὐχῶν
1501 1637 1714 1691 ἐκείνου
1752 1653 1857 1705 πη-

281 1739 414 1811 ρῶν,
443 1741 498 1792 αι
529 1739 628 1809 μὲν
667 1738 724 1792 τὸ
755 1738 1043 1800 κινεῖσθαι,
1066 1736 1116 1789 oi
1162 1734 1218 1787 δέ
1247 1734 1308 1787 τὸ
1345 1731 1584 1804 τρέχειν,
1629 1731 1677 1783 οἱ
1705 1729 1860 1789 δὲ,δι’

277 1832 492 1885 ἐκείνου
522 1830 584 1883 τὸ
608 1829 825 1901 βλέπειν
855 1827 1357 1898 ἀπολαμϐάνοντες,
1379 1826 1474 1877 καὶ
1494 1824 1600 1893 πρὸ
1628 1822 1855 1890 τούτων,
1888 1811 1930 1867 Β

278 1923 420 1992 αὐτὴ
441 1922 550 1975 τῶν
575 1921 845 1992 λειψάνων
871 1921 904 1993 ἡ
932 1920 1109 1992 σορὸς,
1137 1918 1290 1991 πηγὴ
1322 1917 1495 1988 μύρου
1524 1916 1862 1988 γνωριζομέ-

278 2034 378 2087 νη;

355 2197 461 2252 πε⁷.
518 2195 659 2250 Ἀλλ’
710 2194 943 2249 ἐνταῦθα
980 2193 1078 2265 μὲν
1130 2189 1159 2245 ό
1194 2191 1351 2260 λόγος
1400 2190 1548 2262 ἡμᾶς
1581 2187 1772 2260 ὥσπερ
1811 2205 1863 2241 τι

287 2290 471 2362 ῥεῦμα
512 2288 693 2361 φέρων
723 2288 1074 2359 παρήνεγκε·
1115 2284 1196 2339 δεῖ
1233 2283 1408 2338 δὲκαὶ
1452 2283 1614 2336 πλέον
1649 2276 1867 2352 ἐπιμεῖ-

279 2401 372 2435 ναι
406 2385 471 2452 τῇ
498 2379 748 2451 τελευτῇ,
782 2380 877 2432 καὶ
906 2378 996 2431 τὸν
1028 2377 1229 2450 τρόπον
1255 2377 1401 2440 ὅπως
1433 2375 1637 2445 ἐπῆλθε
1672 2375 1865 2429 διαλα-

278 2476 418 2542 ϐεῖν,
456 2475 551 2529 καὶ
583 2474 764 2542 μέντοι
793 2472 861 2526 τὰ
885 2471 972 2526 ἐπ’
998 2470 1136 2543 αὐτῇ
1168 2467 1721 2542 παρακολουθήσαντα
1733 2485 1864 2540 τρα-

277 2568 501 2638 νότερον
537 2565 798 2630 ἐξειπεῖν.
839 2564 992 2617 Ἐπεὶ
1036 2562 1146 2633 γὰρ
1193 2560 1601 2634 πλησιάζουσαν
1634 2561 1805 2633 αὐτὴν
1838 2563 1867 2616 ὁ

283 2661 461 2729 μέγας
496 2657 663 2728 ἐώρα,
700 2657 792 2710 καὶ
822 2655 938 2727 ᾔδει
964 2653 1149 2708 λοιπὸν
1175 2654 1258 2707 ὅτι
1292 2654 1430 2724 μετὰ
1462 2652 1655 2724 τρίτην
1685 2651 1866 2723 αὐτὴν

278 2753 501 2822 ἡμέραν
529 2750 605 2819 τῷ
655 2748 820 2820 κοινῷ
848 2752 940 2801 καὶ
989 2747 1228 2819 οὐρανίῳ
1261 2745 1438 2818 Πατρὶ
1482 2744 1866 2817 παραπέμψει,

278 2846 433 2913 τρεῖς
488 2841 679 2912 μόνους
726 2840 835 2894 τῶν
867 2839 1184 2892 ἐπισκόπων
1214 2838 1308 2890 ἐπὶ
1359 2836 1633 2908 προφάσει
1680 2834 1869 2906 κοινῆς

279 2936 478 3006 χρείας
513 2933 1026 3004 μεταστειλάμενος,
1067 2932 1180 2998 (τὸν
1204 2930 1361 3002 ὄχλον
1383 2929 1493 3001 γὰρ
1537 2931 1745 2992 ἐκεῖνος
1774 2927 1870 2982 καὶ

282 3045 349 3080 το
389 3045 415 3090 ς
446 3026 706 3097 θορύϐους
745 3017 981 3096 μάλιστα
1042 3024 1386 3096 περιίστατο)
1436 3025 1531 3077 καὶ
1588 3024 1727 3093 ἅμα,
1781 3023 1868 3076 ἴνα

1964 550 2061 591 vos
2093 537 2157 590 de
2177 536 2298 590 aliis
2323 518 2758 605 quoque’bonam
2789 550 2938 605 spem
2969 547 3219 603 oportere
3240 537 3548 604 concipere.

1963 625 2115 692 Quod
2171 625 2215 679 si
2285 641 2391 678 non
2441 630 2551 680 sint
2604 620 2719 679 base
2775 626 2876 679 hoc
2944 625 3100 680 modo
3172 639 3231 679 se
3278 625 3549 690 habitura,

1963 717 2167 771 clarum
2241 726 2325 772 est
2411 716 2528 772 fore
2577 726 2634 772 nt
2671 734 2770 773 nec
2821 719 3030 790 reliqua
3084 718 3243 773 finem
3297 719 3404 774 sint
3462 734 3555 775 ac.

1966 819 2210 879 cepttlra.

2034 899 2123 953 84.
2161 900 2290 968 Qum
2313 897 2526 971 quidem
2553 917 2620 954 au
2649 901 2948 968 evenerint,
2973 902 3112 958 sicut
3144 903 3232 960 ille
3277 906 3552 975 prmdixit,

1964 1001 2018 1045 et
2048 991 2208 1046 finem
2252 992 2588 1062 acceperint,
2633 993 2746 1062 ipsa
2781 1005 2907 1048 ante
2959 993 3061 1048 alia
3116 1004 3388 1051 testantur
3433 1013 3554 1068 qua:

1963 1084 2241 1151 videntur,
2262 1086 2577 1157 magnitudo
2594 1086 2809 1157 quidem
2837 1087 3189 1141 aediﬁciorum
3210 1093 3551 1156 monasterii,

1966 1187 2021 1233 et
2056 1178 2344 1233 multitudo
2368 1193 2555 1232 eorum
2582 1178 2673 1247 qui
2704 1177 3032 1243 inhabitant,
3071 1168 3127 1233 et
3158 1195 3345 1235 eorum
3379 1182 3554 1236 virtus

1965 1270 2258 1341 ejusmodi,
2313 1279 2370 1324 ul.
2419 1287 2540 1325 rum
2593 1273 2675 1326 eis
2728 1285 2888 1326 nemo
2952 1270 3126 1342 possit
3201 1273 3550 1327 contendere.

1970 1364 2155 1419 Vivam
2176 1373 2358 1419 autem
2393 1362 2535 1417 illius
2557 1372 2674 1434 post
2708 1373 2935 1418 mortem
2968 1378 3185 1433 quoque
3209 1364 3459 1430 gloriam,
3500 1375 3556 1419 et

1965 1466 2168 1527 quanta
2205 1458 2253 1512 ei
2287 1454 2453 1511 fuerit
2506 1457 2646 1523 apud
2701 1448 2870 1511 Deum
2926 1456 3157 1522 ﬁducia;
3194 1457 3414 1526 quinam
3464 1457 3555 1511 alii

1969 1547 2211 1618 apertius
2237 1547 2601 1610 ostenderint,
2650 1563 2810 1617 quam
2847 1548 2988 1604 oeuli
3022 1544 3241 1619 quidem
3266 1565 3555 1615 caecorum,

1968 1641 2133 1712 pedes
2167 1655 2295 1694 vero
2346 1638 2689 1706 claudorum,
2719 1650 2774 1694 et
2806 1656 2997 1695 manus
3025 1655 3213 1696 eorum
3268 1642 3360 1710 qui
3400 1649 3557 1696 erant

1972 1734 2148 1790 manci
2181 1741 2308 1787 ante
2341 1732 2482 1787 illius
2506 1748 2694 1803 preces
2727 1751 2741 1789 :
2773 1749 2835 1788 ex
2869 1733 3065 1802 quibus
3099 1734 3203 1789 illa:
3235 1734 3452 1802 quidem
3498 1749 3557 1793 ιιι

1962 1834 2349 1891 moverentur,
2405 1825 2460 1880 hi
2516 1840 2642 1882 vero
2697 1835 2755 1880 ut
2807 1833 3128 1889 currerent,
3186 1827 3330 1880 oculi
3373 1835 3555 1879 autem

1963 1930 2020 1975 ut
2044 1920 2309 1985 viderent,
2343 1935 2438 1989 per
2474 1934 2596 1973 eum
2644 1926 2973 1988 arccperunt
3014 1934 3029 1973 :
3076 1927 3130 1973 et
3170 1932 3279 1988 prae
3313 1918 3397 1972 his
3431 1917 3551 1985 ipse

1962 2013 2173 2071 loculus
2194 2012 2570 2083 reliquiarum,
2645 2014 2737 2082 qui
2769 2013 3029 2083 unguenti
3058 2010 3180 2067 fons
3204 2025 3323 2067 esse
3354 2024 3556 2080 regno-

1963 2107 2136 2163 scitur
2163 2107 2186 2162 ?

2034 2200 2127 2256 85.
2160 2198 2267 2254 Sed
2312 2198 2418 2254 huc
2471 2213 2570 2253 nos
2602 2198 2818 2268 quidem
2851 2197 3046 2263 oratio,
3089 2205 3341 2267 tanquam
3382 2194 3556 2249 ﬂuen-

1968 2303 2080 2348 tum
2104 2293 2326 2363 aliquod
2357 2290 2555 2347 detulit
2592 2308 2605 2345 :
2633 2299 2847 2360 oportet
2872 2302 3001 2343 vero
3025 2288 3077 2343 in
3106 2288 3225 2358 ejus
3250 2297 3423 2341 morte
3440 2303 3558 2341 am-

1967 2388 2110 2459 plius
2135 2385 2442 2446 immorari,
2487 2392 2543 2439 et
2568 2392 2803 2438 tractare
2828 2381 3281 2451 quemadmodum
3307 2394 3558 2435 excesse-

1965 2478 2060 2545 rit,
2091 2488 2147 2532 et
2184 2491 2247 2530 ea
2300 2474 2497 2539 etiam,.
2520 2490 2640 2544 quae
2692 2483 2815 2544 post
2852 2475 3021 2541 ipsam
3081 2482 3208 2526 sunt
3238 2482 3556 2535 consecnta,

1966 2570 2212 2641 apertius
2234 2568 2436 2639 eloqui.
2472 2566 2765 2636 Postquam
2795 2567 2938 2620 enim
2978 2565 3110 2618 vidit
3148 2579 3374 2633 magnus
3412 2562 3557 2616 illam

1967 2663 2427 2732 appropinquare,
2462 2668 2517 2713 et
2557 2659 2713 2714 scivit
2740 2657 3011 2724 futurum,
3045 2667 3103 2710 ut
3147 2644 3267 2726 post
3297 2667 3409 2711 tres
3443 2657 3560 2711 dies

1967 2752 2035 2806 ad
2062 2765 2409 2807 communem
2444 2749 2662 2803 Patrem
2700 2756 2755 2803 et
2800 2747 3080 2803 cmlestcm
3108 2748 3507 2802 transmitteret
3540 2762 3559 2802 :

1968 2859 2090 2899 cum
2115 2852 2225 2897 tres
2242 2842 2389 2916 solos
2435 2843 2721 2913 episcopos
2763 2841 3106 2904 accersisset,
3138 2840 3361 2909 perinde
3391 2855 3456 2894 ac
3492 2840 3561 2893 de

1970 2950 2031 2990 re
2080 2934 2261 3003 aliqua
2314 2934 2593 2989 communi
2649 2948 2770 2987 cum
2816 2934 2896 2988 eis
2933 2943 3296 2998 tractaturus,
3319 2933 3558 3001 (turbam

1969 3029 2184 3083 enimet
2203 3027 2464 3081 tumultus
2482 3025 2683 3080 vitabat
2701 3023 2791 3078 illo
2809 3025 3092 3095 numine.)
3116 3035 3170 3079 et
3197 3024 3559 3088 simuletiam,

283 3122 519 3174 καὶτῶν
553 3119 777 3191 ἡμερῶν
816 3118 1048 3191 ἀριθμὸν
1111 3119 1177 3171 δι’
1232 3117 1414 3171 αὐτῶν
1467 3116 1744 3195 ὐποφήνῃ,
1792 3115 1866 3179 ὡς

1979 3132 2035 3177 ιιι
2054 3121 2576 3176 dierum‘numeruzn
2614 3134 2708 3188 per
2735 3118 2881 3187 ipsos
2896 3119 3230 3181 esu-tuleret,
3257 3116 3399 3184 quod
3416 3116 3562 3170 scili-

281 3213 402 3265 τῶν
431 3214 599 3283 τριῶν
632 3214 692 3265 οὐ
722 3212 940 3275 πλείους
994 3209 1225 3281 ἐπιϐιῴη
1252 3224 1266 3238 ⁸
1311 3209 1538 3273 τούτους
1570 3208 1663 3262 οὖν
1698 3224 1867 3279 μετα-

284 3306 641 3376 στειλάμενος
667 3304 971 3368 ἀσπάζεται
1019 3306 1226 3374 χαίρων
1259 3303 1617 3374 ἀνιωμένους,
1665 3301 1869 3371 δακρύ-

282 3413 454 3459 οντας
483 3396 545 3448 οὐ
576 3395 850 3465 δακρύων,
875 3395 1217 3466 ἀθυμοῦντας
1244 3394 1403 3456 αὐτὸς
1420 3393 1866 3463 εὐφραινόμενος,

284 3488 486 3560 ὥσπερ
515 3489 622 3559 ἄρα
674 3488 767 3541 καὶ
800 3485 1092 3541 ἀκόλουθον
1119 3482 1207 3559 ἦν.
1252 3488 1313 3539 Οἱ
1351 3486 1450 3557 μὲν
1489 3486 1597 3556 γάρ
1650 3486 1741 3539 τὶν
1776 3502 1872 3537 πο·

287 3580 560 3649 θούμενον
595 3580 925 3654 ἀφῃροῦντο,
969 3581 998 3633 ὁ
1035 3579 1092 3634 δέ
1137 3581 1270 3651 πρὸς
1329 3579 1387 3633 ὃν
1438 3578 1622 3631 ἐπόθει
1672 3577 1872 3648 μᾶλλον

287 3675 552 3743 ἀνήγετο’
590 3673 686 3726 καὶ
707 3675 755 3726 οἱ
782 3674 880 3743 μὲν
910 3672 1117 3743 πατρὸς
1144 3672 1418 3742 ὑπέμενον
1451 3671 1733 3741 στέρησιν,
1766 3671 1793 3723 ὁ
1814 3669 1871 3724 δὲ

287 3766 435 3836 πρὸς
469 3765 670 3836 πατρὸς
731 3764 933 3835 μᾶλλον
984 3763 1181 3834 ἐχώρει
1219 3763 1445 3833 σκηνάς.
1489 3763 1548 3816 'O
1591 3764 1690 3834 μὲν
1721 3764 1876 3829 τέλος

289 3858 447 3925 ἐώρα
476 3857 581 3908 τῶν
604 3856 883 3921 ἀνιόντων,
904 3857 954 3908 οἱ
975 3857 1032 3908 δὲ
1059 3856 1322 3927 λυπηρῶν
1344 3855 1517 3927 ἀρχὴν
1547 3855 1635 3908 τὸν
1665 3855 1875 3910 ἐκείνου

291 3946 531 4000 θάνατον
580 3946 883 3999 ἐποιοῦντο.
918 3942 1146 3997 Ἔπειτα
1196 3948 1385 4015 χεῖρας
1436 3945 1516 4005 είς
1566 3940 1876 4013 προσευχὴν

292 4036 570 4105 ἀνασχὼν,
605 4039 670 4090 τὰ
700 4037 850 4107 χείλη
907 4054 966 4089 τε
1016 4038 1201 4107 ἡρέμα
1247 4036 1605 4105 ὐποκινήσας,
1639 4034 1715 4096 ὡς
1761 4037 1879 4097 τοῖς

294 4130 628 4200 παραστῶσι
672 4129 935 4201 παρέχειν
966 4132 1236 4196 ὑπονοεῖν,
1270 4129 1352 4181 ὅτι
1396 4127 1461 4180 τὰ
1489 4128 1587 4197 τῆς
1643 4125 1879 4195 ἐσχάτης

298 4220 606 4290 φθέγγεται
645 4223 779 4293 πρὸς
811 4222 942 4275 Θεὸν
976 4222 1266 4292 ἐκδημίας,
1306 4222 1400 4274 καὶ
1454 4220 1593 4291 μετὰ
1634 4219 1733 4288 τὴν
1789 4220 1883 4273 εύ-

300 4315 418 4386 χὴν
451 4318 592 4369 κατὰ
624 4317 702 4391 ’τὸ
749 4314 1026 4386 εὔσχημον
1061 4312 1230 4378 αὐτὰς
1281 4312 1491 4375 ἐπιθεὶς
1529 4311 1607 4381 τῷ
1672 4311 1879 4382 στήθει,
1902 4319 1914 4332 ·

293 4410 405 4478 τὴν
430 4407 685 4476 γενναίαν
716 4406 935 4485 ἐκείνην
969 4404 1148 4475 ψυχὴν
1173 4405 1267 4457 καὶ
1297 4403 1548 4471 δαίμοσιν
1600 4401 1769 4464 ὅντως
1793 4416 1884 4469 φο-

1975 3226 2060 3269 cet
2078 3213 2198 3284 plus
2224 3228 2384 3282 quam
2408 3222 2639 3267 trcsuon
2660 3213 3016 3276 viveret;cnm
3048 3209 3563 3278 cosctgoacccrsis-

1974 3319 2081 3372 set,
2098 3306 2266 3361 saluta
2280 3306 2461 3360 tlzetus
2492 3305 2699 3369 tristes,
2718 3302 3084 3373 lacrymontes
3099 3318 3206 3355 non
3226 3302 3554 3372 lacrymans,

1976 3398 2159 3453 animo
2197 3398 2389 3453 anxios
2421 3396 2534 3465 ipse
2569 3394 2775 3460 hilaris,
2805 3400 2946 3450 sicut
2977 3395 3141 3448 etiam
3176 3403 3293 3448 erat
3330 3408 3565 3448 consen-

1976 3500 2216 3546 taneum.
2256 3487 2389 3541 Nam
2422 3486 2496 3540 illi
2531 3487 2745 3555 quidem
2779 3486 3131 3555 privabantur
3163 3500 3249 3550 eo,
3283 3485 3371 3552 qui
3414 3484 3564 3537 desi-

1978 3580 2307 3645 derabatur;
2365 3578 2451 3631 hic
2493 3592 2621 3631 vero
2658 3576 3025 3631 deducebatur
3076 3576 3142 3630 ad
3197 3592 3343 3642 eum,
3399 3593 3562 3647 quem

1979 3674 2153 3744 magis
2183 3670 2556 3736 desiderabat;
2594 3680 2647 3725 et
2683 3670 2755 3723 illi
2791 3670 3007 3739 quidem
3053 3686 3111 3725 se
3172 3681 3323 3738 patre
3357 3672 3560 3740 privari

1981 3781 2125 3836 aegre
2156 3764 2425 3825 ferebant.
2482 3764 2571 3818 hic
2603 3778 2733 3817 vero
2786 3762 3238 3832 proficiscebatur
3267 3764 3333 3819 ad
3384 3763 3562 3817 Patris

1982 3845 2358 3913 tabernacula.
2385 3854 2481 3909 llic
2511 3854 2728 3923 quidem
2756 3855 2975 3925 videbat
3006 3855 3167 3909 ﬁnem
3199 3870 3412 3923 eorum,
3442 3870 3562 3923 qua:

1984 3951 2034 4007 ei
2066 3949 2364 4008 aﬂ‘ercbant
2417 3947 2758 4013 molestiam;
2799 3947 2871 4000 illi
2926 3962 3056 4003 vero
3105 3948 3378 4003 ducebant
3415 3948 3560 4003 illius

1988 4051 2218 4097 mortem
2252 4054 2374 4096 esse
2399 4055 2577 4095 rerum
2611 4039 2958 4094 molestarum
2986 4039 3334 4110 principium.
3365 4039 3564 4096 Deinde

1986 4150 2110 4192 cum
2155 4148 2347 4189 manus
2380 4132 2692 4189 sustulisset
2733 4132 2799 4186 ad
2826 4133 3116 4196 oramlum,
3170 4142 3221 4186 et
3258 4132 3403 4186 labra
3437 4149 3565 4187 seu-

1986 4228 2088 4284 sim
2129 4227 2410 4292 movisset,
2452 4227 2523 4280 ita
2559 4236 2618 4279 ut
2677 4225 2768 4292 iis,
2815 4225 2904 4293 qui
2939 4224 3210 4288 astabant,
3240 4226 3581 4300 relinqueret.

1988 4318 2364 4390 cogitandam,
2393 4319 2536 4388 quod
2560 4317 2792 4372 extremi
2816 4318 2881 4369 ad
2921 4316 3087 4370 Deum
3121 4332 3377 4371 excessus
3401 4318 3564 4371 verba

1988 4411 2326 4481 loqueretur,
2392 4419 2447 4464 et
2511 4420 2633 4480 post
2669 4409 2972 4464 oralionem
3005 4424 3098 4463 cas
3132 4409 3327 4463 decore
3360 4409 3566 4478 pectori

298 4498 496 4566 ϐερὰν,
528 4500 622 4551 καὶ
658 4498 946 4568 ἀήττητον,
973 4499 1048 4558 εἰς
1085 4498 1272 4566 χεῖρας
1317 4492 1452 4546 Θεοῦ
1500 4492 1870 4564 παρατίθεται,

1992 4503 2361 4569 imposuisset,
2386 4514 2707 4571 generosam
2753 4501 2896 4554 illam
2947 4509 3002 4554 et
3052 4515 3182 4554 vere
3228 4501 3566 4555 daemonibus

296 4588 401 4657 ἔτη
432 4588 589 4642 πέντε
629 4590 762 4659 πρὸς
797 4592 909 4650 τοῖς
953 4588 1148 4641 ἑκατὸν
1197 4589 1266 4639 τά
1324 4587 1503 4638 πάντα
1558 4584 1729 4654 βιοὺς,
1784 4583 1880 4637 καὶ

295 4681 473 4749 ὀλίγῳ
507 4681 667 4734 πλέον
701 4683 734 4752 ἦ
764 4680 1004 4736 ἔλαττον.
1035 4680 1184 4751 Τιμᾷ
1208 4680 1262 4731 δὲ
1314 4681 1341 4730 ὁ
1367 4679 1495 4741 Θεὸς
1542 4676 1741 4730 αὐτίκα
1778 4676 1880 4748 τὴν

294 4771 560 4843 τελευτὴν
583 4773 820 4843 θαύματι
845 4772 1139 4843 θεσπεσίῳ.
1177 4771 1308 4824 Τόδε
1340 4766 1427 4842 ἦν’

382 5062 464 5108 πς
487 5086 500 5100 .
527 5045 694 5117 Ἀνήρ
718 5064 824 5113 τις,
858 5044 1097 5117 τοῦνομα
1118 5048 1408 5118 Στέφανος,
1436 5049 1591 5118 γένος
1628 5048 1883 5117 Ἀλεξαν-

300 5138 489 5207 δρεὺς,
524 5137 709 5191 ἱκανὸν
748 5138 850 5209 ἤδη
877 5139 1070 5209 χρόνον
1098 5138 1369 5207 πνεύματι
1396 5139 1615 5211 πονηρῷ
1656 5141 1885 5211 κάτοχος

301 5226 401 5301 ἦν,
436 5231 530 5282 καὶ
576 5232 764 5300 τυχεῖν
795 5229 897 5299 μὲν
940 5232 1036 5284 καὶ
1094 5232 1359 5303 πρότερον
1403 5232 1739 5302 Θεραπευτοῦ
1791 5231 1884 5285 τοῦ

308 5321 553 5392 μεγάλου
601 5321 877 5391 δεόμενος,
911 5324 1006 5376 καὶ
1057 5322 1143 5377 διὰ
1174 5323 1331 5376 τοῦτο
1381 5324 1542 5395 μέχρι
1581 5324 1675 5377 καὶ
1705 5324 1888 5377 τελευ-

304 5413 468 5475 ταίας
509 5413 661 5483 αὐτῷ
708 5414 1052 5484 παραμείνας
1095 5414 1409 5486 ἀναπνοῆςο
1449 5416 1511 5468 ού
1574 5414 1754 5485 τυχὼν
1806 5414 1886 5480 δὲ,

308 5507 568 5577 θειοτέρα
591 5507 701 5559 τινὶ
747 5507 967 5570 πάντως
1001 5508 1304 5579 οἰκονομίᾳ,
1342 5506 1483 5561 ὥστε
1513 5508 1650 5580 μετὰ
1670 5508 1769 5580 τὴν
1794 5506 1889 5561 τοῦ

308 5601 618 5671 συνδέσμου
651 5600 807 5654 λύσιν
837 5598 933 5654 καὶ
963 5602 1159 5670 ἄφεσιν
1184 5599 1279 5655 τοῦ
1311 5603 1581 5672 μακαρίου
1616 5602 1760 5672 φημὶ
1784 5621 1892 5657 πα-

305 5694 441 5765 τρὸς
470 5695 565 5748 καὶ⁵
588 5695 688 5765 τῆς
715 5693 810 5747 τοῦ
859 5694 1099 5766 πονηροῦ
1156 5692 1468 5765 πνεύματος
1498 5694 1746 5765 ἀφέσεως
1796 5712 1892 5749 τα-

310 5789 671 5859 ιιιευομένης.
698 5780 870 5851 Οὗτος
899 5783 994 5842 οὖν
1021 5789 1086 5858 τῇ
1121 5790 1362 5859 φερούσῃ
1393 5787 1550 5863 κλίνῃ
1582 5789 1773 5860 νεκρὸν
1788 5790 1888 5860 ἤδη

1992 4591 2291 4648 terribilem
2354 4601 2410 4645 et
2446 4590 2921 4661 inexpugnabilem
2964 4589 3196 4643 animam
3225 4592 3568 4646 commendat

1987 4687 2043 4741 in
2077 4684 2266 4739 manus
2296 4683 2412 4748 Dei,
2456 4697 2581 4738 cum
2611 4698 2801 4737 omnes
2847 4698 3017 4737 annos
3075 4684 3300 4738 vixisset
3349 4692 3565 4737 centum

1985 4786 2040 4833 et
2095 4776 2357 4847 quinque,
2413 4786 2468 4830 et
2516 4775 2674 4845 paulo
2726 4774 2977 4843 amplius.
3032 4773 3173 4829 Deus
3220 4784 3400 4829 autem
3452 4771 3568 4841 ejus

1986 4878 2219 4924 mortem
2242 4866 2427 4924 statim
2460 4868 2690 4921 honorat
2719 4867 2900 4921 divino
2928 4866 3210 4921 miraculo.
3236 4864 3350 4922 Hoc
3380 4875 3565 4920 autem

1984 4960 2086 5017 fuit
2121 4976 2135 5012 :

2060 5053 2152 5109 86.
2184 5052 2277 5108 Vir
2302 5053 2546 5124 quidam,
2579 5054 2801 5109 nomine
2853 5051 3186 5123 Stephanus,
3222 5067 3419 5126 genere
3440 5054 3569 5108 Alco

1990 5144 2312 5210 xandrinus,
2349 5144 2438 5213 qui
2466 5141 2579 5211 jam
2612 5142 2772 5213 longo
2802 5154 3046 5213 tempore
3068 5146 3372 5201 vexabatur
3398 5159 3428 5199 a
3455 5160 3569 5198 ma-

1992 5233 2137 5305 ligno
2193 5234 2421 5303 spiritu,
2467 5244 2523 5289 et
2581 5250 2833 5305 magnum
2874 5235 3094 5303 quidem
3149 5236 3300 5305 prius
3356 5246 3571 5306 rogarat

1995 5327 2386 5393 Theodosium,
2416 5335 2473 5381 ut
2499 5341 2621 5382 eum
2655 5336 2896 5393 curaret,
2930 5338 2983 5383 et
3012 5328 3134 5384 ideo
3175 5342 3346 5400 usque
3368 5329 3433 5380 ad
3472 5342 3570 5379 ex-

1993 5430 2222 5475 tremum
2252 5419 2369 5490 ejus
2406 5418 2651 5488 spiritum
2680 5429 3079 5488 permanserat,
3113 5433 3218 5473 non
3254 5429 3431 5481 autem
3468 5416 3571 5470 im-

1991 5522 2321 5586 petraverat,
2378 5512 2613 5582 quodam
2654 5512 2910 5567 diviniori
2941 5512 3164 5566 omnino
3199 5510 3453 5574 consilio,
3482 5504 3571 5560 ut;
3657 5525 3662 5531 ·

1991 5614 2117 5676 pote
2141 5603 2304 5674 quod‘
2335 5613 2462 5675 post
2487 5604 2685 5659 vinculi
2716 5604 3063 5669 solutionem,
3095 5613 3150 5657 et
3194 5600 3337 5656 beati
3395 5599 3569 5669 patris

1995 5695 2390 5761 dimissionem,
2432 5694 2655 5766 maligni
2685 5709 2904 5765 quoque
2940 5693 3165 5763 spiritus
3193 5698 3569 5747 reservaretur

1996 5786 2266 5844 dimissio.
2299 5786 2398 5842 Hic
2440 5802 2572 5858 ergo
2626 5801 2748 5842 cum
2777 5784 2971 5840 fuisset
3012 5795 3179 5854 prope
3227 5780 3447 5847 lectum,
3477 5777 3569 5848 qui
