3886 6462
346 344 444 426 551

1573 339 1858 401 MENSIS
1897 332 2358 398 IANUARIUS.

3512 327 3621 395 εἷνῖ

344 476 544 534 corpus
568 460 775 517 ferebat
798 456 909 529 jam
937 468 1213 514 mortuum
1254 477 1267 514 :
1299 466 1423 513 tunc
1449 463 1589 510 enim
1636 468 1754 513 erat
1784 472 1929 513 sanae

2043 451 2095 506 ιδ
2132 450 2291 521 σῶμα
2320 445 2705 520 παρεστηκὼς,
2744 446 3004 516 ἐτύγχανε
3033 445 3139 517 γὰρ
3172 446 3289 500 τότε
3314 446 3501 517 νήφων
3526 449 3622 502 καὶ

346 566 403 611 et
433 553 752 624 composita:
781 551 998 615 mentis,
1024 549 1169 621 quod
1205 548 1467 616 majorem
1492 564 1707 620 quoque
1747 549 1795 603 ci
1830 547 1926 605 du-

345 645 514 700 lorem
546 642 826 708 afferebat,
870 650 925 694 ut
955 639 1047 710 qui
1094 650 1276 709 posset
1301 639 1672 704 considerare.
1715 640 1767 695 in
1795 655 1930 708 qua-

344 739 449 792 lem
510 736 789 791 incidisset
844 732 1029 788 infelix
1072 732 1459 799 calamitatem,
1493 742 1548 787 et
1586 731 1727 801 quod
1765 746 1924 801 quam

346 832 515 886 solam
571 831 806 885 habebat
861 842 1013 898 spem
1064 826 1424 888 liberatiouis,
1480 842 1542 882 ea
1582 841 1798 897 quoque
1855 825 1929 879 sil.

348 924 609 989 privatus,
640 935 927 973 mansurus
963 920 1033 972 sit
1065 927 1244 973 autem
1275 925 1531 989 perpetuo
1549 918 1687 972 hanc
1710 933 1925 988 gravem

282 1081 286 1084 γ
347 1016 622 1068 sustinens
657 1011 1021 1082 tyrannidem,
1072 1021 1126 1063 et
1183 1010 1364 1065 ferens
1399 1020 1603 1065 motum
1643 1008 1927 1074 tltetnonis,

347 1116 592 1161 secretos
626 1105 747 1159 illos
787 1104 1045 1174 impetus,
1079 1102 1317 1158 furorem
1357 1102 1696 1167 horribilem,
1727 1112 1781 1156 et
1809 1117 1929 1171 quae

348 1197 451 1252 dici
497 1196 708 1264 nequit,
739 1193 1109 1264 agitationem,
1139 1206 1407 1259 casusiluc
1444 1191 1804 1256 miserabiles,
1838 1191 1927 1259 qui

344 1302 414 1342 ex
453 1289 533 1341 eis
572 1287 861 1348 oriuntur,
918 1293 974 1337 et
1024 1282 1440 1337 inenarrabilem
1500 1281 1640 1350 apud
1683 1280 1929 1334 homines

350 1380 726 1451 ignominiam.
767 1377 890 1431 llaec
921 1391 1042 1429 eum
1072 1374 1254 1428 animo
1282 1380 1521 1426 versaret
1570 1381 1627 1428 et
1657 1379 1802 1425 recte
1849 1370 1929 1423 i'n-

351 1473 640 1540 telligeret,
678 1468 820 1538 quod
880 1467 1025 1521 nulla
1074 1480 1198 1535 spes
1232 1465 1296 1518 de
1326 1472 1530 1527 cetero,
1567 1472 1621 1517 et
1685 1461 1832 1514 nulla
1864 1461 1930 1514 ab

343 1566 426 1618 eis
459 1564 645 1618 relicta
685 1568 829 1616 esset
862 1559 1140 1623 liberatio,
1168 1556 1318 1627 gravi
1356 1555 1542 1610 dolore
1570 1568 1667 1608 cor
1693 1553 1740 1607 ei
1771 1552 1932 1607 ferie-

350 1659 532 1722 hatur,
568 1655 693 1725 igne
724 1655 932 1708 viscera
960 1651 1408 1713 incendebantur,
1434 1647 1754 1718 gravissimo
1784 1646 1928 1701 luetu

347 1750 527 1803 anima
564 1745 879 1811 tenebatur;
911 1744 1038 1812 quid
1065 1758 1171 1797 non
1209 1741 1448 1796 dicebat?
1471 1741 1598 1811 quid
1631 1756 1737 1794 non
1764 1737 1931 1793 faeie-

2031 545 2128 610 τὰς
2155 545 2357 617 φρένας
2391 540 2768 611 καθεστηκὼς,
2799 541 2827 593 ὃ
2858 542 2953 594 καὶ
2978 540 3178 612 μᾶλλον
3206 539 3357 612 αὐτῷ
3393 541 3625 613 σφοδρό-

2031 654 2190 709 τερον
2226 637 2431 705 ἀνῆπτε
2489 632 2550 687 τδ
2586 631 2781 696 πένθος
2845 630 3157 700 λογίζεσθαι
3205 630 3507 704 δυναμένῳ
3541 636 3621 699 είς

2029 729 2147 783 οἵαν
2198 730 2226 781 6
2258 726 2443 790 ἄθλιος
2486 724 2775 796 συμφορὰν
2816 724 3126 795 περιπέσοι,
3169 725 3265 777 καὶ
3312 723 3489 788 ὅπως,
3539 725 3610 795 ἢν

2030 812 2146 889 εἶχε
2177 815 2271 870 καὶ
2315 815 2487 886 μόνην
2520 813 2840 883 ἀπαλλαγῆς
2867 813 3080 878 ἐλπίδα,
3123 812 3219 865 καὶ
3256 811 3463 884 ταύτην
3515 814 3623 881 ἀφ-

2030 908 2253 981 ῄρηται,
2293 907 2522 979 μενεῖ
2545 905 2606 959 τὸ
2631 904 2816 959 λοιπὸν
2844 904 2974 976 ἄχρι
3007 903 3199 969 τέλους
3234 904 3333 977 τὴν
3370 904 3618 976 χαλεπὴν

2031 1004 2242 1073 ταύτην
2272 1001 2642 1072 ὑφιστάμενος
2669 999 2985 1070 τυραννίδα,
3035 999 3129 1051 καὶ
3161 997 3262 1062 τὰς
3298 999 3361 1051 ἐκ
3390 997 3487 1051 τοῦ
3517 997 3628 1051 δαί-

2035 1109 2198 1164 μονος
2233 1092 2522 1162 ὑπομένων
2568 1090 2839 1162 κινήσεις,
2899 1090 2998 1154 τὰς
3041 1089 3350 1163 προσϐολὰς
3401 1090 3625 1153 ἐκείνας

2028 1182 2127 1245 τὰς
2146 1183 2518 1254 ἀπορρήτους,
2544 1180 2645 1252 τὴν
2672 1179 2891 1250 μανίαν,
2916 1179 3005 1233 τὸν
3031 1177 3280 1249 φρικώδη
3309 1175 3499 1232 κλόνον
3525 1174 3623 1229 καὶ

2031 1272 2364 1344 ἀπόρρητον,
2386 1271 2480 1324 καὶ
2498 1271 2565 1322 τά
2582 1269 2793 1322 ἐκεῖθεν
2827 1269 3038 1321 ἐλεεινὰ
3066 1266 3334 1337 πτώματα
3370 1269 3469 1320 καὶ
3491 1283 3554 1318 συ
3565 1283 3629 1336 μ-

2032 1364 2303 1437 πτώματα
2337 1365 2430 1419 καὶ
2457 1364 2553 1434 τὴν
2586 1363 2875 1435 ἀδιήγητον
2904 1361 2964 1427 ἐξ
2993 1361 3295 1433 ἀνθρώπων
3331 1360 3620 1432 αἰσχύνην.

2031 1458 2217 1511 Ταῦτα
2243 1458 2337 1511 ἐπὶ
2366 1458 2493 1511 νοῦν
2514 1458 2808 1527 λαμϐάνων
2825 1457 2920 1510 καὶ
2942 1454 3123 1518 καλῶς
3144 1453 3363 1518 συνιὼν,
3384 1453 3458 1517 ὡς
3475 1453 3618 1506 οὐδε-

2034 1548 2132 1621 μία
2163 1550 2224 1603 τὸ
2261 1549 2448 1603 λοιπον
2475 1548 2653 1612 ἐλπὶς,
2676 1547 2904 1619 οὐδεμία
2925 1546 3029 1600 τῶν
3052 1545 3310 1600 τοιούτων
3330 1543 3626 1613 ἀπαλλαγὴ

2030 1641 2445 1706 καταλείπεται,
2470 1641 2687 1704 ὀδύναις
2712 1641 2811 1712 τὴν
2836 1639 3061 1711 καρδίαν
3107 1637 3311 1704 ὀξείαις
3336 1636 3619 1698 ἐϐάλλετο,

2032 1734 2101 1789 τὰ
2137 1734 2421 1805 σπλάγχνα
2451 1736 2585 1803 πυρὶ
2622 1733 3015 1804 διεπίμπρατο,
3058 1730 3349 1803 βαρυτάτῳ
3372 1730 3472 1800 τὴν
3518 1727 3628 1800 ψυ-

349 1839 439 1893 bat
473 1834 823 1894 miserabile?
842 1835 1067 1905 capillos
1089 1835 1283 1890 acerbe
1305 1834 1532 1899 vellens,
1565 1842 1752 1902 peetus
1774 1832 1928 1887 valde

2043 1829 2134 1898 χὴν
2166 1827 2351 1881 πέ-.θει
2418 1828 2723 1897 κατείχετο.
2770 1826 2835 1879 Τί
2890 1826 2987 1896 μὲν
3023 1826 3083 1878 οὑ
3115 1825 3314 1893 λέγων,
3345 1823 3399 1877 τί
3440 1823 3498 1875 δέ
3544 1821 3624 1893 μὴ

349 1926 571 1993 feriens,
627 1925 804 1980 fronte
839 1925 1038 1979 misere
1098 1924 1274 1978 solum
1332 1923 1573 1992 pulsans,
1628 1921 1844 1993 longum
1878 1931 1932 1975 ct

349 2030 568 2073 acutum
622 2017 856 2087 eiulans,
917 2016 1081 2086 pedes
1115 2016 1298 2083 rigans
1351 2014 1631 2086 lacrymis,
1665 2029 1790 2068 cum
1840 2012 1933 2083 qui

345 2112 585 2180 jacehat,
616 2118 870 2178 tanquam
911 2109 1094 2180 vivmn
1150 2107 1469 2176 alloquens:
1502 2107 1601 2171 Qui
1634 2106 1782 2159 solus
1814 2111 1933 2158 erat

352 2215 496 2271 Spes,
538 2199 732 2269 inquit,
772 2199 920 2255 solus
949 2207 1218 2262 servator,
1281 2199 1509 2260 recedit,
1570 2197 1789 2265 reliquit
1835 2210 1934 2251 nos

354 2290 570 2345 deditos
640 2290 890 2344 dtemoui.
941 2289 1224 2356 Quodnam
1260 2290 1439 2345 adhuc
1492 2297 1576 2342 est
1633 2287 1935 2357 refugium?

352 2396 600 2452 quaenam
632 2390 718 2436 est
764 2380 943 2435 adhuc
982 2379 1369 2450 exspectatio?
1400 2378 1556 2434 Nunc
1588 2378 1705 2433 ensi
1740 2378 1931 2433 melius

351 2479 439 2525 est
493 2485 590 2526 sua
652 2481 845 2541 sponte
900 2470 1215 2527 incumbere
1259 2489 1272 2527 :
1327 2487 1470 2527 nunc
1535 2472 1735 2543 ignem,
1789 2487 1935 2527 nunc

354 2575 508 2617 mare
546 2560 782 2633 ingredi,
819 2569 877 2616 et
904 2560 985 2618 sic
1016 2561 1276 2617 daemonis
1308 2562 1542 2619 insultus
1568 2563 1826 2635 elfugere.

2033 1920 2293 1991 πράττων
2350 1919 2628 1986 ἐλεεινόνς
2703 1917 2899 1970 τίλλων
2967 1918 3067 1980 τὰς
3126 1916 3318 1987 τρίχας
3378 1914 3621 1985 πικρῶς,

2034 2015 2284 2085 πλήττων
2310 2014 2377 2066 τὰ
2427 2014 2625 2085 στέρνα
2684 2013 2952 2084 σφοδρῶς,
2995 2011 3076 2083 τῷ
3130 2011 3369 2083 μετώπῳ
3400 2010 3624 2064 κόπτων

2032 2106 2224 2171 δεινῶς
2252 2107 2314 2160 τὸ
2339 2106 2556 2177 ἔδαφος,
2591 2104 2685 2170 ὀξὺ
2740 2106 2836 2159 καὶ
2889 2104 3097 2177 μακρὸν
3145 2103 3490 2173 ἀνοιμώξων,
3526 2103 3622 2155 δά-

2034 2215 2197 2270 κρυσι
2244 2197 2603 2270 κατακλύζων
2662 2197 2786 2260 τοὺς
2818 2196 3007 2261 πόδας,
3059 2195 3135 2260 ὼς
3186 2196 3350 2261 ζῶντι
3389 2194 3467 2265 τῷ
3498 2210 3622 2246 κει-

2038 2266 2187 2363 μένῳ
2214 2266 2615 2361 διαλεγόμενος
2648 2288 2713 2343 'll
2752 2290 2909 2361 μόνη,
2945 2289 3137 2358 λέγων,
3171 2288 3346 2353 ἐλπὶς,
3379 2288 3407 2339 6
3457 2287 3624 2357 μόνος

2038 2383 2219 2455 σωτὴρ
2252 2382 2481 2454 οἴχεται,
2509 2382 2925 2446 καταλέλοιπεν,
2960 2382 3210 2444 ἐκδότους
3241 2381 3392 2453 ἡμᾶς
3437 2381 3622 2451 ἀφῆκε

2034 2478 2112 2549 τῷ
2146 2477 2382 2545 δαίμονι.
2413 2476 2506 2540 Τίς
2535 2475 2614 2528 ἔτι
2660 2475 2987 2544 καταφυγῆς
3023 2474 3105 2537 τίς
3159 2474 3239 2528 ἔτι
3282 2473 3621 2545 προσδοκίιη

2036 2569 2131 2622 νῦν
2160 2570 2253 2621 ἐπὶ
2287 2567 2443 2637 ξίφος
2484 2566 2681 2621 ἐκόντά
2712 2568 2963 2637 κρεῖττον
2997 2565 3195 2629 ἐλθεῖν,
3230 2564 3326 2619 νῦν
3355 2565 3450 2618 ἐπὶ
3481 2563 3619 2636 πῦρ,

1929 2680 1935 2686 ’
2036 2661 2133 2715 νῦν
2163 2662 2256 2715 ἐπὶ
2279 2659 2571 2726 θάλατταν,
2608 2660 2702 2713 καὶ
2725 2657 2868 2711 οὕτω
2897 2660 3089 2727 φυγεῖν
3121 2656 3374 2728 δαίμονος
3431 2656 3624 2710 ἐπιθέ-

371 2830 374 2834 ’
427 2839 521 2896 87.
556 2838 682 2896 Haec
737 2839 938 2896 deﬂens
967 2839 1178 2908 infelix,
1224 2856 1283 2896 se
1317 2841 1372 2897 in
1416 2841 1615 2897 lectum
1645 2842 1934 2911 dejeeerat,

355 2930 795 3002 amplectebatur
822 2929 1103 3000 reliquias,
1141 2930 1379 2986 malebat
1408 2946 1512 2985 una
1543 2946 1664 2986 cum
1694 2946 1759 2986 eo
1784 2947 1938 3000 sepe-

356 3025 469 3089 liri,
526 3039 688 3096 quam
718 3006 922 3076 ‘lncem
978 3022 1242 3092 aspicere,
1292 3022 1383 3076 tali
1414 3031 1644 3093 tyranno
1676 3024 1935 3079 serviens.

354 3114 498 3191 Quid
517 3129 648 3183 ergo
675 3113 816 3167 Deus
852 3127 1032 3167 rerum
1056 3112 1456 3167 admirabilium
1473 3114 1497 3167 τ
1517 3112 1693 3169 Movet
1721 3116 1934 3184 quidem
1965 3150 2008 3209 α

356 3207 568 3259 daemon
608 3204 849 3270 interim,
881 3203 1010 3258 dum
1059 3203 1169 3271 llet,
1229 3203 1533 3271 hominem,
1576 3215 1630 3260 et
1658 3220 1779 3260 eum
1810 3220 1932 3261 eum

358 3296 512 3351 humi
552 3295 858 3365 deiecisset,
891 3303 944 3351 et
973 3304 1147 3351 totum
1203 3296 1381 3368 ipsum
1414 3297 1467 3351 in
1500 3298 1670 3353 oculis
1693 3299 1935 3354 omnium

362 3388 738 3453 dilacerasset,
793 3396 854 3442 ut
898 3386 981 3443 vel
1012 3389 1092 3444 sic
1140 3388 1565 3445 involuntarium
1608 3389 1941 3463 signiﬁcaret

367 3494 666 3547 recessum,
693 3495 966 3552 quamque
1013 3480 1320 3538 heminibus
1370 3482 1620 3548 infestus,
1655 3492 1709 3537 et
1737 3490 1941 3553 quanto

358 3574 412 3628 in
439 3587 536 3628 eos
563 3574 773 3628 cieatur
798 3573 1001 3639 furore,
1031 3589 1153 3629 eum
1181 3573 1461 3644 relinquit,
1487 3585 1579 3631 aut
1613 3575 1793 3645 potius
1823 3577 1940 3646 ipse

355 3666 698 3733 exturbatur,
727 3674 904 3721 motus
930 3665 1139 3736 ﬂagello
1163 3668 1448 3723 diviniore.
1486 3667 1578 3723 Sic
1617 3683 1746 3739 ergo
1781 3668 1830 3724 ei
1876 3678 1934 3723 et

356 3757 501 3824 vivo,
533 3765 740 3827 etpost
800 3767 1030 3812 mortem
1084 3759 1253 3814 cessit
1300 3768 1468 3824 terra,
1523 3770 1579 3816 et
1616 3760 1838 3826 coelum,
1888 3769 1945 3816 et

358 3865 533 3918 mare,
564 3859 618 3906 et
644 3865 760 3915 aer,
790 3859 846 3906 et
890 3851 1200 3919 daemones;
1253 3862 1400 3907 terra
1448 3854 1668 3923 quidem
1704 3870 1733 3908 a
1786 3853 1938 3919 feris,

357 3943 557 3999 caelum
601 3957 730 3997 vero
786 3957 819 3997 a
860 3942 1132 4006 siccitate,
1170 3959 1320 3999 mare
1376 3955 1557 4001 autern
1603 3962 1632 4000 a
1665 3947 1939 4016 periculis,

357 4051 453 4093 aer
499 4051 628 4091 vero
656 4051 685 4089 a
742 4036 949 4090 locusta
1001 4045 1055 4090 et
1120 4036 1352 4101 brucbo,
1395 4037 1668 4094 (Imittones
1699 4046 1878 4093 autem
1911 4052 1941 4093 a

358 4129 530 4198 plagis
587 4128 839 4183 homines
875 4127 1073 4183 liberos
1102 4127 1475 4198 relinquentes
1512 4148 1526 4185 :
1560 4140 1615 4184 et
1660 4130 1794 4184 nihil
1823 4131 1942 4198 fuit,

359 4223 502 4289 quod
553 4234 663 4273 non
696 4220 953 4289 deinceps
994 4220 1110 4289 ejus
1144 4230 1443 4277 testaretur
1493 4223 1747 4277 virtutem
1805 4223 1945 4275 mul-

361 4319 583 4382 tamque
610 4311 749 4381 apud
790 4311 956 4365 Deum
987 4312 1259 4367 ﬁduciam.

429 4404 522 4459 88.
554 4402 692 4458 Cum
735 4412 917 4461 autem
960 4403 1101 4458 fama
1154 4414 1377 4474 repente
1428 4403 1480 4457 in
1516 4419 1732 4460 omnem
1769 4403 1943 4461 locum

2042 2771 2178 2818 σεις.

2113 2840 2223 2905 πζ’.
2264 2839 2506 2895 Τοιαῦτα
2567 2839 2595 2892 6
2647 2839 2918 2910 δυστυχὴς
2965 2839 3291 2911 ὀδυρόμενος
3344 2842 3412 2911 τῇ
3463 2840 3626 2911 κλίνη

2041 2937 2433 3007 προσὲρῤιπτο,
2464 2933 2542 3008 τῷ
2571 2935 2809 3005 λειψάνῳ
2837 2936 3249 3007 περιεπλέκετο,
3279 2926 3653 3005 συνταφῆναιν

2049 3027 2253 3097 μᾶλλον
2301 3026 2490 3099 ᾑρεῖτο
2526 3028 2559 3098 ἢ
2596 3028 2714 3097 φῶς
2758 3029 2890 3100 ὁρᾷν
2936 3025 3161 3099 τοιούτῳ
3218 3030 3469 3099 τυράννῳ
3502 3029 3629 3081 δου-

2041 3120 2235 3174 λεύων.
2273 3120 2338 3172 Τί
2371 3120 2466 3174 οὖν
2494 3122 2522 3174 ὀ
2555 3120 2663 3174 τῶν
2697 3121 3016 3191 θαυμασίων
3058 3121 3223 3187 Θεός;
3257 3122 3413 3175 Κινεί
3461 3123 3565 3192 μὲν
3599 3124 3628 3175 6

2040 3212 2249 3282 δαίμων
2289 3214 2494 3283 μεταξὺ
2531 3211 2626 3265 τοῦ
2662 3213 2861 3287 θρήνου
2906 3214 2998 3267 τὸν
3032 3212 3340 3286 ἄνθρωπον,
3373 3216 3627 3267 καταδα-

2040 3302 2147 3356 λὼν
2184 3303 2243 3356 δὲ
2274 3304 2356 3367 είς
2390 3306 2518 3375 γῆν,
2569 3305 2665 3358 καὶ
2693 3304 2813 3359 ὅλον
2856 3304 3020 3359 αὐτὸν
3050 3307 3108 3359 ἐν
3154 3305 3455 3376 ὀφθαλμοῖς
3487 3306 3630 3360 πάν-

2039 3413 2149 3450 των
2190 3396 2590 3468 διασπαράξας,
2642 3396 2730 3450 ῖνα
2785 3397 3043 3452 ἀκούσιον
3081 3397 3226 3452 οὕτω
3262 3398 3483 3471 δηλώσῃ
3526 3398 3630 3470 τὴν

2042 3491 2415 3560 ἀναχώρησιν,
2447 3489 2543 3542 καὶ
2577 3490 2701 3542 ὅσον
2728 3489 2789 3542 τὸ
2832 3491 2970 3561 πρὸς
3015 3489 3341 3562 ἀνθρώπους
3379 3491 3627 3561 ἀπεχθὲς

2042 3582 2237 3651 ἐκείνῳ
2288 3582 2383 3635 καὶ
2446 3581 2696 3653 μανικὸν,
2745 3581 3061 3655 ἀπολείπει,
3117 3582 3151 3654 ἢ
3203 3582 3404 3652 μᾶλλον
3458 3582 3631 3647 αὐτὸς

2044 3675 2335 3742 ἐξωθεῖται
2403 3675 2634 3745 μάστιγι
2709 3674 2961 3747 θειοτέρα
3031 3673 3373 3746 κινούμενος.
3432 3673 3627 3739 Οὕτως

2045 3767 2193 3837 αὐτῷ
2234 3766 2329 3820 καὶ
2364 3766 2531 3832 ζῶντι
2573 3766 2667 3820 καὶ
2716 3767 2855 3838 μετά
2890 3767 3121 3821 θάνατον
3155 3769 3226 3839 γῆ
3255 3786 3314 3820 τε
3358 3763 3496 3839 εἶχε,
3531 3770 3632 3823 καὶ

2046 3848 2296 3929 οὐρανὸς,
2331 3857 2428 3911 καὶ
2460 3857 2724 3926 θάλασσα,
2774 3858 2870 3912 καὶ
2915 3859 3046 3930 ἀὴρ,
3083 3862 3178 3914 καὶ
3221 3860 3475 3932 δαίμονες
3500 3877 3514 3892 .
3554 3864 3629 3933 γῆ

2053 3950 2153 4021 μὲν
2184 3949 2414 4019 θηρίων,
2450 3950 2676 4021 οὐρανὸς
2702 3950 2762 4004 δὲ
2793 3953 3031 4022 αὐχμοῦ,
3069 3953 3315 4007 θάλασσα
3351 3954 3409 4008 δὲ
3438 3956 3633 4010 κινδύ-

2046 4054 2173 4105 νων,
2199 4042 2307 4111 ἀὴρ
2337 4042 2393 4095 δὲ
2419 4041 2661 4114 ἀκρίδος,
2687 4045 2851 4114 φημὶ,
2883 4039 2974 4096 καὶ
3005 4044 3257 4116 βρούχου,
3285 4046 3541 4117 δαίμονες
3571 4048 3633 4102 δὲ

2047 4132 2274 4204 ’πληγῶν
2327 4133 2452 4197 τοὺς
2478 4133 2804 4204 ἀνθρώπους
2852 4135 3305 4209 ἐλευθεροῦντες·
3347 4142 3444 4193 καὶ
3472 4140 3634 4197 οὐδὲν

2046 4222 2211 4277 αὐτοῦ
2255 4223 2442 4279 λοιπὸν
2474 4225 2578 4297 τῆς
2628 4227 2829 4299 ἀρετῆς
2871 4228 2969 4283 καὶ
3017 4229 3115 4300 τῆς
3155 4230 3358 4303 πολλῆς
3410 4233 3634 4305 ἐκείνης

2051 4314 2184 4384 πρὸς
2216 4314 2351 4369 Θεὸν
2378 4317 2695 4389 παρρησίας
2724 4319 3065 4390 ἀμάρτυρον.

2120 4413 2234 4478 πη..
2277 4408 2387 4477 Τῆς
2406 4404 2506 4463 οὖν
2532 4410 2722 4480 φήμης
2771 4410 2968 4480 ἀθρόον
3011 4413 3192 4469 πάντα
3240 4415 3631 4491 διαλαὸούσης,

360 4492 717 4562 pervasisset,
774 4494 918 4565 quod
942 4500 999 4548 et
1037 4508 1265 4565 magnus
1294 4490 1635 4561 Theodosius
1684 4495 1752 4549 ad
1780 4511 1934 4551 suum

2044 4500 2127 4553 δτι
2158 4516 2217 4552 τε
2242 4500 2270 4552 6
2309 4499 2487 4570 μέγας
2517 4500 2620 4572 ήδη
2653 4504 2742 4556 τὸν
2769 4504 2967 4558 οἰκεῖον
3015 4507 3295 4572 Θεοδόσιος
3324 4485 3633 4581 ἐκδημήσοι

364 4585 652 4641 Dominum
701 4584 815 4655 jam
864 4585 1221 4650 excessisset,
1273 4595 1328 4640 et
1360 4600 1612 4655 magnum
1642 4591 1708 4644 de
1740 4589 1943 4644 daemo-

361 4678 519 4734 niaco
554 4677 880 4734 miraculum
930 4685 1077 4733 esset
1122 4690 1153 4729 a
1195 4690 1299 4730 non
1331 4677 1523 4745 paucis
1552 4678 1827 4733 auditione
1854 4693 1947 4732 ac-

359 4779 600 4839 ceptum,
648 4767 845 4825 Petrus
878 4769 971 4823 ille
1005 4782 1257 4839 magnus,
1301 4768 1404 4837 'qui
1434 4777 1560 4825 tunc
1593 4770 1942 4840 apostolicam

357 4862 543 4918 sedent
575 4860 795 4916 tenebat
849 4855 1268 4931 Hierosolymis,
1301 4859 1414 4925 ille,
1452 4860 1696 4931 inquam,
1726 4859 1942 4929 Petrus,

360 4952 518 5024 cujus
540 4967 736 5023 magna
771 4951 990 5022 quidem
1026 4951 1127 5008 fuit
1156 4949 1327 5020 fama,
1354 4950 1555 5006 famam
1579 4964 1760 5009 autem
1789 4968 1947 5027 supe-

358 5047 518 5102 rabat
545 5046 755 5113 virtus;
781 5044 996 5099 accedit
1040 5058 1165 5099 cum
1197 5043 1385 5100 multis
1414 5045 1536 5100 aliis
1583 5046 1852 5117 episcopis
1877 5050 1944 5103 ad

360 5136 704 5208 sepeliendas
736 5134 1019 5206 reliquias.
1076 5135 1334 5208 Undique
1376 5146 1557 5193 autem
1579 5140 1946 5195 concurrebat

361 5240 421 5287 et
449 5229 736 5285 multitudo
756 5229 1149 5286 monachorum
1175 5228 1338 5286 simul
1386 5240 1441 5286 et
1466 5232 1756 5301 promiscui
1779 5232 1944 5304 vulgi.

363 5323 568 5381 Omnes
594 5331 776 5379 autem
802 5323 1031 5379 multum
1054 5322 1330 5395 ponebant
1360 5324 1547 5391 studii,
1568 5333 1630 5380 ut
1655 5333 1710 5381 et
1737 5334 1947 5395 partem

357 5416 602 5488 aliquam
641 5414 996 5486 attingerent,
1032 5422 1127 5471 aut
1175 5424 1493 5472 sanctorum
1527 5415 1671 5471 illius
1717 5418 1945 5487 capillo.

357 5526 506 5577 rum,
549 5518 643 5563 aut
675 5522 850 5564 sacrm
888 5508 1076 5573 vestis,
1109 5518 1205 5563 aut
1239 5517 1388 5564 certe
1417 5518 1476 5563 ut
1524 5508 1605 5563 vel
1641 5508 1816 5564 solum
1849 5527 1945 5581 ap-

363 5602 818 5674 pr0pinquarent,
868 5610 924 5658 et
954 5601 1171 5658 beatum
1202 5600 1355 5656 illum
1386 5599 1595 5655 vultum
1646 5600 1890 5657 viderent
1927 5621 1941 5657 :

362 5703 420 5750 et
462 5695 529 5750 de
580 5707 646 5752 eo
695 5702 842 5752 tanta
893 5695 1212 5752 certabatur
1251 5696 1625 5757 contentione,
1679 5704 1827 5749 utne
1855 5698 1943 5749 diu

361 5782 580 5857 quidem
626 5784 1031 5857 permitteretur
1055 5784 1288 5858 sepelire
1319 5782 1598 5855 reliquias,
1633 5784 1725 5839 sed
1755 5785 1947 5841 melius

2048 4590 2347 4660 Δεσπότην,
2374 4591 2468 4643 καὶ
2500 4591 2564 4661 δὴ
2600 4591 2695 4646 καὶ
2723 4592 2819 4646 τοῦ
2844 4595 2984 4648 κατά
3011 4596 3101 4650 τὸν
3129 4599 3474 4670 δαιμονῶντα
3494 4602 3636 4657 θαύ-

2049 4703 2219 4757 ματος
2245 4686 2439 4751 ἀκοαῖς
2469 4688 2572 4741 οὐκ
2602 4687 2812 4758 ὀλίγαις
2840 4690 3197 4762 διαδοθέντος,
3227 4697 3430 4770 Πέτρος
3454 4701 3486 4753 6
3537 4702 3640 4771 μέ-

2047 4796 2172 4848 γας,
2233 4781 2262 4832 6
2310 4780 2398 4833 τὸν
2447 4780 2807 4837 ἁποστολικὸν
2851 4785 2911 4840 ἐν
2974 4785 3375 4860 Ἱεροσολύμοις
3438 4792 3636 4863 θρόνον

2047 4871 2354 4944 τηνικαῦτα
2386 4871 2610 4939 διέπων,
2658 4875 2865 4948 Πέτρος
2890 4877 3095 4944 ἐκεῖνος
3126 4883 3155 4935 6
3184 4882 3349 4947 πολὺς
3393 4888 3493 4956 μὲν
3531 4886 3637 4960 τὴν

2051 4968 2266 5035 φήμην,
2324 4963 2531 5035 μείζων
2570 4967 2626 5020 δέ
2673 4968 2772 5038 τῆς
2815 4972 3004 5042 φήμης
3055 4976 3153 5043 τὴν
3204 4976 3429 5048 ἀρετὴν,
3490 4983 3637 5050 μετὰ

2052 5054 2265 5108 πολλῶν
2291 5056 2385 5109 καὶ
2418 5056 2593 5110 ἄλλων
2622 5059 2939 5114 ἐπισκόπων
2961 5062 3097 5131 πρὸς
3125 5064 3222 5136 τὴν
3248 5066 3343 5121 τοῦ
3374 5067 3636 5139 λειψάνου

2050 5146 2231 5216 ταφὴν
2263 5149 2648 5217 παραγίνεται.
2695 5150 2991 5224 Συντρέχει
3033 5155 3088 5208 δὲ
3137 5159 3478 5230 πανταχόθεν
3536 5165 3638 5218 καὶ

2050 5238 2259 5312 πλῆθος
2313 5240 2598 5312 μοναστῶν
2648 5242 2765 5313 ἅμα
2799 5244 2895 5297 καὶ
2952 5247 3216 5315 μιγάδων.
3265 5250 3377 5304 Καὶ
3428 5255 3639 5321 πάντες

2051 5331 2221 5400 ἐγγὺς
2243 5332 2500 5401 γενέσθαι
2531 5335 2623 5388 καὶ
2665 5335 2809 5400 τινὸς
2850 5337 3090 5408 scaeam
3119 5343 3343 5414 μέρους,
3369 5346 3484 5401 εἴτε
3523 5349 3637 5404 τῶν

2053 5422 2224 5491 ἁγίων
2252 5424 2462 5477 ἐκείνου
2487 5424 2712 5496 τριχῶν,
2734 5428 2845 5481 εἴτε
2870 5430 2969 5499 τῆς
3004 5430 3157 5504 ἱερᾶς
3184 5435 3434 5507 ἐσθῆτος,
3458 5439 3638 5509 ὴγοῦν

2052 5514 2148 5568 καὶ
2178 5515 2477 5586 πλησιάσαι
2530 5518 2693 5587 μόνον
2737 5519 2834 5572 καὶ
2876 5524 2976 5592 τὴν
3005 5527 3285 5599 μακαρίαν
3316 5529 3441 5601 ὄψιν
3475 5533 3633 5602 ἰδεῖν,

2055 5606 2289 5677 σπουδῆς
2324 5608 2475 5699 ἄξιον
2503 5609 2784 5665 ἐποιοῦντο
2805 5626 2821 5642 ·
2864 5616 2957 5667 καὶ
2991 5617 3186 5689 χρῆμα
3230 5623 3426 5697 κομιδῇ
3471 5644 3638 5699 περι-

2055 5699 2321 5769 μάχητον,
2368 5698 2509 5753 ὥστε
2546 5702 2682 5773 μηδέ
2718 5701 2798 5773 τῷ
2840 5704 3076 5779 λειψάνῳ
3106 5711 3270 5785 μέχρι
3294 5716 3493 5771 πολλοῦ
3533 5698 3639 5791 τὴν

2052 5791 2234 5862 ταφὴν
2258 5794 2684 5866 συγχωρεῖσθαι,
2710 5795 2849 5853 ἀλλά
2865 5801 3115 5871 κρεῖττον
3132 5805 3266 5862 αὐτὸ
3288 5810 3637 5878 νομίζεσθαι.
